4084 6446
340 445 445 513 269

1235 461 1336 522 AD
1373 462 1970 526 AMPHILOCHIUM
2003 459 2351 534 QUAESTIO
2402 463 2732 528 XXXVIII.
3505 459 3614 523 270

335 568 426 631 ἂν,
456 567 561 623 κᾶν
594 569 669 643 μὴ
707 569 946 643 φεύγων,
983 573 1089 640 ἕως
1113 575 1180 631 ἂν
1215 578 1328 633 τῶν
1369 582 1573 652 νοερῶν
1599 582 1740 636 κατά
1767 581 1919 650 κίνη-

2028 579 2211 632 animo
2239 577 2441 649 fingere
2463 578 2727 633 abborres
2750 577 2968 650 (quippe
2985 575 3142 633 malis
3162 576 3303 632 nolis
3317 575 3622 632 abhorrere

339 681 425 716 σιν
455 666 772 737 ἐνεργειῶν,
793 671 842 722 εἰ
867 669 1047 740 βούλει
1085 672 1165 739 δὲ,
1189 674 1286 727 καὶ
1327 675 1438 729 τῶν
1480 695 1677 732 κοινων
1704 679 1928 734 ἐννοιῶν

339 755 368 806 6
396 754 520 818 νοῦς
549 756 650 810 οὐκ
681 760 764 830 εῐη
797 762 1257 835 ἀπεληλαμένος),
1288 769 1382 822 ἐπὶ
1417 770 1680 838 μεγάλοις
1701 772 1927 836 ἀτόποις

340 848 611 921 αἰσχύνην
651 851 870 922 δφλοις,
901 858 1032 926 ῥᾷον
1062 856 1129 910 ἂν
1173 859 1428 930 αἴσθησιν
1472 862 1677 924 λάϐοις.
1711 865 1926 936 ἀπορη-

345 939 533 1008 μάτων
573 942 830 998 τοιούτων
875 948 1176 1016 προϐολεὺς
1221 953 1642 1024 καθιστάμενος.
1680 956 1842 1010 Ὥστε
1866 959 1928 1012 τὸ

338 1029 539 1083 οἰκεῖον
572 1032 762 1098 πάθος,
805 1035 901 1089 καὶ
936 1037 1193 1110 ἀγνόημα
1244 1044 1554 1112 προσάπτει
1604 1046 1682 1118 τῷ
1725 1047 1870 1122 λόγῳ
1899 1053 1928 1105 6

340 1125 703 1218 μεγαφρονῶν
761 1129 819 1183 ἐν
859 1131 940 1203 τῷ
997 1132 1212 1202 λέγειν’
1249 1138 1311 1192 Ei
1351 1139 1557 1210 ἥνωται
1601 1145 1633 1214 ἡ
1679 1144 1817 1216 σὰρξ
1848 1145 1926 1218 τῷ

507 1214 538 1283 ἡ
570 1219 873 1288 πανταχοῦ,
905 1222 1001 1276 καὶ
1028 1224 1168 1295 πρὸς
1215 1227 1276 1281 τὸ
1308 1210 1730 1305 ἀπερίγραπτον
1752 1210 1928 1307 ’μεταί-

339 1303 602 1410 ϐἐόὶηται
629 1324 644 1337 ·
676 1309 706 1380 ἢ
732 1312 1066 1384 κεχώρισται
1090 1319 1192 1390 τῆς
1236 1303 1616 1400 Θεότητος-μὴ
1649 1303 1924 1404 δυναμένη

339 1408 513 1471 ταύτῃ
545 1408 1138 1474 συμπαρεκτείνεσθαι.

406 1578 602 1633 Καίτοι
653 1599 718 1650 γε
772 1585 924 1657 τόπῳ
971 1589 1172 1658 μᾶλλον
1223 1594 1520 1651 ἀκόλουθον
1575 1599 1798 1668 ἐννοεῖν,
1849 1605 1926 1670 ὡς

335 1668 498 1768 εἴπερ
524 1673 592 1724 τά
609 1674 736 1768 *τῆς*
756 1675 937 1750 ψυχῆς
965 1681 1234 1752 ἰδιώματα
1255 1685 1332 1758 τῷ
1379 1689 1596 1760 σώματι
1632 1668 1923 1768 πάρεστιν,

330 1757 369 1828 ἦ
398 1761 510 1825 τοῖς
541 1761 636 1815 τοῦ
673 1764 924 1835 σώματος
953 1770 1148 1844 ἡψυχὴ
1187 1757 1658 1850 χαρακτηρίζεται
1686 1801 1698 1813 ·
1717 1757 1823 1840 οὐκ
1859 1757 1926 1842 ἂν

333 1850 522 1942 αὐτοῖς
555 1855 776 1928 ποθενὴ
810 1859 1011 1926 ἓνωσις
1039 1867 1404 1936 περιγένοιτο,
1440 1873 1556 1926 ἀλλ’
1589 1876 1732 1942 οὐδὲ,
1770 1880 1890 1933 εἴτι

329 1939 475 2038 δοίη,
524 1946 636 1998 τῶν
667 1950 964 2020 ήνωμένων
1003 1957 1036 2025 ἡ
1080 1958 1296 2024 σύνοδος
1340 1962 1696 2034 διασώζοντος
1728 1939 1915 2038 Mssa:

497 2036 606 2134 γάρ
627 2039 741 2134 at;
753 2041 806 2112 ἴη
840 2045 998 2134 τοῦτο
1031 2047 1264 2121 θατέρου
1291 2055 1431 2125 πρὸς
1454 2025 1917 2134 θάτερονιοιμετα-

333 2121 486 2224 ϐολὴ*
519 2125 575 2178 δὲ
598 2129 785 2224 Δπρὸςῗ
811 2133 910 2204 τὴν
958 2138 1163 2208 κυρίως
1188 2121 1404 2210 ἕνωσιν,
1437 2145 1498 2199 τὺ
1549 2121 1919 2224 παροιμιῶδες

334 2215 534 2314 εἰπεῖν,
559 2219 711 2314 ούῗδὲν
747 2223 986 2292 ἔλαττον,
1017 2230 1048 2300 ἢ
1091 2232 1158 2284 τά
1180 2235 1405 2302 Μυσῶν,
1436 2241 1531 2293 καὶ
1572 2215 1804 2314 Φρυγῶν
1839 2215 1919 2304 δι;

334 2303 568 2406 ἕστηκεν
599 2310 741 2382 ὅρια.
779 2317 887 2370 Καὶ
915 2321 942 2372 6
964 2320 1062 2389 τὴν
1082 2321 1276 2378 ἕνωσιν
1301 2303 1794 2406 πολυπραγμονών,
1823 2303 1919 2396 καὶ

332 2401 866 2490 μορμολυττόμενος,
885 2413 978 2465 καὶ
997 2414 1326 2482 ἀκολούθους
1342 2422 1585 2490 ἐπινοίας
1596 2401 1920 2489 ήάποσθιευα-

327 2488 584 2593 ζόμενος,
619 2495 842 2593 λέληθεν
872 2503 1066 2559 ἐαυτδν
1111 2511 1414 2579 μετάϐασιν
1447 2488 1587 2587 πρὸς
1612 2521 1712 2592 τὴν
1737 2525 1918 2593 σάρκα

328 2583 887 2684 καταψηφιζόμενος
922 2599 1016 2650 καὶ
1066 2601 1146 2665 είς
1194 2603 1285 2656 τὸν
1333 2583 1527 2662 ἐνύλοήυ
1574 2583 1919 2684 σαῷιδςίκαὶ

330 2677 702 2780 παρατάσεως
745 2685 839 2738 καὶ
880 2689 1085 2754 παντὸς
1149 2693 1379 2761 πάθους,
1441 2701 1534 2754 καὶ
1597 2677 1919 2780 προσθήκης

326 2764 734 2930 ἀπαρῇεῶτον,
760 2779 850 2831 καὶ
870 2781 1198 2840 Δεσποτικδν
1212 2764 1656 2864 ὑποπτευόμενος
1671 2797 1768 2871 τὴν
1791 2764 1919 2857 ἀνά-

329 2871 398 2924 χυ
408 2873 490 2910 σιν
637 2903 650 2916 .

329 2871 490 2924 χύσιν
512 2871 650 2924 (15).

403 3034 516 3090 Καὶ
543 3035 696 3093 οὔπω
723 3036 878 3098 εἷπον
903 3047 964 3100 τὸ
991 3051 1244 3120 παρεῖναι
1266 3055 1366 3127 τὴν
1383 3057 1630 3132 Θεότητα
1654 3069 1796 3122 κατά
1818 3069 1919 3141 τὴν

331 3125 530 3226 ἕνωσιν
553 3135 616 3203 τῇ
646 3137 833 3206 σαρκὶ,
867 3139 961 3193 καὶ
1009 3141 1070 3195 τὸ
1109 3147 1363 3216 παρεῖναι
1410 3157 1712 3226 πανταχοῦ,
1743 3162 1791 3213 εί
1823 3125 1917 3216 κᾶι

1895 1900 1997 1980 ‘B

2034 669 2138 725 hoc
2153 669 2342 734 debes,
2361 670 2407 726 si
2433 679 2612 725 tamen
2631 678 2724 725 tua
2753 670 2909 724 mens'
2925 669 2991 724 ab
3014 669 3445 740 intelligibilibus
3469 668 3616 722 circa

2031 773 2243 818 motum
2271 763 2706 833 operationibus,
2735 763 2848 817 imo
2873 763 3036 817 etiam
3073 777 3103 816 a
3127 762 3441 816 nationibus
3465 776 3618 816 com-

2031 851 2291 906 munibus
2323 867 2431 906 non
2463 851 2536 907 sit
2564 855 2820 916 remota),
2855 851 3166 921 seposuisse
3188 861 3240 906 te
3269 850 3322 904 iu
3354 850 3620 904 immani-

2029 942 2134 998 bus
2185 943 2625 998 absurditatibus
2670 943 2933 1012 pudorem
2997 941 3212 996 facilius
3267 942 3454 1012 utique
3500 942 3616 1012 ipse

2031 1037 2235 1093 sentire
2264 1036 2486 1106 poteris,
2534 1035 2628 1106 qui
2677 1034 2989 1106 Irujusmodi
3043 1033 3392 1090 difficultates
3421 1043 3620 1102 protu-

2029 1127 2181 1182 leris.
2214 1126 2396 1193 Quare
2439 1127 2676 1198 propriae
2723 1125 2924 1180 mentis
2975 1125 3166 1179 vitium
3203 1135 3368 1194 atque
3394 1124 3619 1192 imperi-

2030 1221 2161 1275 tiam
2193 1237 2448 1276 sermone
2473 1237 2574 1274 suo
2603 1221 2798 1291 prodet-
2831 1221 2992 1275 homo
3016 1220 3104 1274 ille
3145 1220 3491 1283 temerarius,
3518 1221 3613 1289 qui

2030 1313 2109 1368 ait
2140 1331 2154 1367 :
2187 1313 2243 1367 Si
2271 1329 2398 1368 caro
2438 1312 2579 1368 Filio
2605 1314 2897 1383 conjuncta
2927 1322 3030 1378 est,
3072 1322 3166 1366 aut
3190 1320 3275 1367 est
3301 1312 3520 1381 ubique,
3551 1327 3618 1368 ac

2029 1406 2258 1476 proinde
2287 1407 2496 1461 infinita
2531 1408 2706 1462 erasit
2726 1425 2740 1475 ;
2763 1416 2855 1462 aut
2881 1422 2912 1461 a
2938 1406 3232 1460 Divinitate
3258 1406 3471 1461 divulsa
3505 1415 3610 1472 est,

2027 1496 2074 1551 si
2107 1497 2173 1552 ad
2206 1506 2413 1551 tantam
2447 1513 2566 1552 non.
2585 1497 2833 1569 pervenit
2857 1497 3298 1552 immensitatem.

2098 1587 2264 1656 Atqui
2314 1582 2523 1656 q'uanto
2561 1588 2734 1657 magis
2767 1597 3200 1642 consentaneum
3233 1594 3316 1641 est
3349 1585 3622 1656 cogitare,

2027 1677 2174 1747 quod
2203 1677 2248 1731 si
2281 1676 2478 1732 animae
2504 1677 2876 1746 proprietates
2927 1677 3146 1748 corpori
3178 1677 3449 1740 adessent,
3481 1693 3543 1731 ac
3567 1678 3611 1732 si

2025 1769 2476 1824 attributionibus
2498 1769 2778 1839 corporeis
2807 1769 2986 1823 anima
3010 1767 3348 1831 afﬁceretur;
3368 1767 3612 1837 profecto

2028 1858 2177 1914 ltisce
2198 1859 2414 1915 duabus
2453 1859 2777 1915 substantiis
2807 1859 3124 1930 coniunctio
3168 1873 3274 1912 non
3307 1858 3609 1920 obvenirct,

2025 1961 2140 2017 aut,
2167 1952 2214 2007 si
2253 1968 2314 2006 ea
2347 1952 2586 2017 daretur,
2637 1963 2786 2008 certe
2838 1952 3060 2023 quidem
3111 1953 3254 2006 inter
3296 1951 3444 2022 ipsas
3476 1966 3611 2006 con-

2019 2041 2246 2112 junctas
2275 2059 2585 2099 consensus
2617 2044 2915 2113 perdurare
2943 2057 3053 2097 non
3080 2042 3294 2112 posset?
3327 2043 3434 2097 Ista
3463 2041 3608 2095 enim

2020 2135 2245 2189 alterius
2261 2135 2581 2190 substantiae
2605 2135 2657 2189 in
2681 2135 2906 2190 alteram
2926 2135 3154 2189 mutatio
3178 2133 3316 2188 foret
3343 2151 3356 2188 :
3380 2133 3610 2188 mutatio

2020 2235 2200 2280 autem
2231 2234 2442 2280 tantum
2465 2242 2494 2281 a
2530 2243 2654 2282 vera
2679 2227 3092 2296 conjunctione,
3118 2233 3385 2296 quantum
3406 2225 3602 2297 Mysia.

2021 2327 2082 2372 ut
2117 2316 2223 2372 fert
2256 2320 2630 2388 proverlg;ium,
2663 2335 2691 2372 a
2717 2320 2949 2391 Phrygia
2980 2319 3170 2374 distat.
3208 2319 3388 2388 Atque
3419 2319 3488 2382 is,
3513 2317 3610 2388 qui

2020 2409 2421 2480 hypostaticam
2468 2410 2916 2480 conjunctionem
2970 2409 3197 2463 nimium
3230 2415 3527 2472 scrutatur,
3555 2417 3625 2463 et.

2021 2514 2418 2560 consentaneas
2451 2504 2706 2558 notiones
2725 2502 2959 2572 repellit,
2981 2501 3369 2569 amoliturque,
3390 2500 3608 2568 ignorat

2021 2597 2214 2665 utique
2262 2611 2322 2650 se
2374 2595 2479 2650 ista
2524 2592 2801 2659 cogitandi
2841 2593 3052 2646 ratione
3086 2591 3284 2645 Filium
3317 2591 3371 2644 in
3421 2589 3607 2645 carnis

2021 2687 2397 2743 substantiam
2419 2685 2740 2740 vertendum
2771 2698 3029 2748 censere;
3063 2699 3126 2736 ac
3157 2681 3224 2735 de
3252 2696 3338 2747 eo,
3370 2681 3464 2751 qui
3493 2696 3612 2734 nta-

2021 2779 2230 2835 terialis
2254 2777 2439 2834 carnis
2466 2777 2843 2833 extensionern
2867 2815 2882 2837 ,
2923 2775 3235 2845 passionem
3283 2773 3610 2842 quamlibet.

2021 2877 2076 2923 ct
2102 2868 2536 2924 additamentum
2570 2867 2762 2936 nequit
2799 2865 3087 2932 excipere,
3121 2865 3476 2934 divinamque
3507 2863 3610 2918 ha-

2020 2962 2111 3016 bet
2139 2971 2411 3025 uaturam,
2440 2958 2822 3014 confusionem
2853 2956 3146 3026 suspicari.

2093 3050 2346 3106 Nondum
2370 3064 2499 3106 vero
2529 3050 2641 3104 dixi
2693 3049 3047 3103 Divinitatem
3095 3047 3244 3102 carni
3275 3046 3467 3101 adesse
3510 3061 3619 3116 per

2024 3144 2424 3215 ltypostaticam
2493 3142 2976 3210 coniunctionem,
3027 3147 3082 3194 et
3131 3139 3324 3194 adesse
3381 3139 3606 3208 ubique,

333 3220 475 3316 πρὸς
525 3223 780 3298 διάφορον
839 3232 1176 3307 ἀναφέρεται
1222 3242 1316 3295 καὶ
1361 3244 1506 3312 νοῦν,
1554 3220 1649 3303 xit
1680 3220 1918 3310 διάνοιαν

2024 3233 2240 3287 tametsi
2266 3232 2332 3286 ad
2351 3231 2623 3285 diversum
2660 3243 2883 3284 sensum
2918 3227 3303 3294 diversamque
3327 3226 3624 3279 notionem.

335 3313 453 3418 ριαὶ
483 3317 591 3418 γάρ
609 3322 649 3418 ’ό
679 3322 778 3418 μεν
804 3324 864 3378 τὸ
898 3331 1179 3402 πανταχοῦ
1210 3335 1517 3407 γινώσκων,
1547 3344 1642 3397 καὶ
1665 3345 1918 3418 διορίζων

330 3405 510 3504 λόγος,
538 3411 660 3465 οὐδὲ
684 3413 788 3485 τῆς
837 3422 1025 3492 κοινῆς
1061 3424 1465 3499 ἐπιφοιτήσεως
1495 3405 1593 3504 τὴν
1625 3405 1920 3496 ἐνωθεῖσαν

331 3499 650 3575 ύπερορίζει
681 3507 847 3578 φύσιν
868 3527 883 3540 ⁸
920 3515 1097 3569 πάντα
1114 3517 1244 3590 γὰρ,
1271 3515 1347 3575 ὧν
1368 3525 1396 3576 6
1427 3499 1559 3590 Θεὸς
1582 3527 1781 3598 ἠξίωσε
1805 3533 1922 3586 κτί-

328 3609 466 3692 στης
495 3598 777 3692 γενέσθαι,
834 3603 956 3658 οὐδὲ
1001 3606 1104 3677 τῆς
1143 3611 1289 3664 κατά
1330 3616 1588 3686 πρόνοιαν
1615 3624 1922 3692 παρουσίας

325 3685 632 3744 ἀπολαύειν
659 3693 833 3749 ταῦτα
880 3697 1197 3772 διατειχίζει
1223 3721 1237 3735 ·
1270 3707 1298 3758 6
1324 3685 1381 3761 δὲ
1423 3709 1525 3779 τὴν
1565 3685 1922 3771 καθ”ἒνωσιν

326 3779 658 3880 πρεσόεύων
688 3790 992 3880 παρουσίαν
1015 3792 1126 3863 (l6)
1149 3795 1225 3867 τῷ
1260 3798 1510 3855 ἐνωθέντι
1544 3804 1691 3876 μόνῳ
1716 3807 1922 3880 ταύτην

325 3869 612 3944 ἀφορίζει)
639 3893 653 3907 ·
702 3879 840 3934 ἀλλά
867 3880 960 3936 οὖν
987 3887 1036 3938 εί
1096 3887 1190 3940 καὶ
1222 3885 1378 3943 κατά
1419 3869 1677 3963 διάφορον
1713 3869 1921 3951 ἔννοιάν

324 3965 593 4040 ἑκάτερον
617 3965 755 4035 εἶδος
776 3974 1027 4046 ἀφορίζει
1047 3978 1147 4048 τῆς
1169 3982 1492 4049 παρουσίας,
1531 3986 1672 4058 πλὴν
1708 3990 1736 4041 ὁ
1761 3989 1922 4043 Θατέ-

329 4073 436 4128 ραν
465 4058 868 4134 θρασυνόμενος
893 4067 1392 4141 πολυπραγμονεῖν,
1441 4076 1536 4129 καὶ
1584 4077 1917 4147 διαϐάλλειν,

327 4147 453 4204 οὐδὲ
479 4149 720 4225 θατέρας
771 4155 1085 4229 φειδόμενος
1116 4159 1446 4233 ἐξελέγχοιτ’
1476 4163 1543 4217 ἄν
1571 4165 1706 4237 (Π).

401 4414 532 4479 Τοῖς
574 4415 685 4488 γὰρ
728 4418 914 4484 αὐτοῖς
958 4407 1282 4486 διαϐουλίοις
1321 4423 1624 4494 χρώμενος,
1683 4426 1821 4491 πῶς,
1856 4425 1922 4481 ἂν

329 4508 493 4580 φαίη,
538 4509 836 4581 παρέσοιτο
887 4515 1161 4585 πανταχοῦ
1199 4516 1261 4570 τὸ
1309 4515 1464 4570 Θεῖον
1504 4518 1734 4589 μηδενὸς
1771 4521 1922 4593 αύτῷ

328 4599 461 4667 τῶν,
515 4596 598 4666 οἷς
654 4603 912 4675 πάρεστι,
957 4607 1261 4676 πεφυκότος
1304 4611 1916 4681 συμπαρεκτείνεσθαι;

330 4687 430 4758 Οἷς
481 4693 592 4764 γάρ
640 4697 912 4767 παρόντος
961 4698 1170 4752 ἐκείνου
1215 4699 1328 4752 τῶν
1362 4699 1534 4753 ὄντων
1563 4701 1802 4773 ἑκάστῳ,
1839 4705 1916 4776 μὴ

330 4787 718 4858 συμπάρεστιν
765 4789 1018 4856 ἕκαστον,
1053 4790 1172 4844 ἀλλ’
1205 4791 1300 4845 ἐπὶ
1342 4791 1445 4861 τῆς
1475 4792 1612 4855 ἰδίας
1643 4810 1919 4865 περιγρα-

330 4878 438 4946 φῆς
481 4879 656 4948 μένει,
707 4880 804 4933 καὶ
847 4879 1066 4948 φύσεως
1104 4880 1205 4952 τῆς
1242 4880 1381 4952 πρὸς
1411 4884 1588 4936 ἐκεῖνο
1620 4886 1920 4952 συναφείας

328 4969 711 5042 ἀποτέτμηται
737 4989 750 5002 ·
785 4972 880 5025 καὶ
925 4972 988 5026 τὸ
1042 4972 1320 5044 πανταχοῦ
1363 4977 1620 5046 παρεῖναι
1658 4977 1795 5030 πᾶσι
1843 4979 1920 5048 μὴ

331 5062 583 5133 πέφυκε,
634 5065 772 5136 μηδὲ
821 5064 883 5118 τὸ
930 5065 1320 5136 δημιούργημα
1384 5065 1608 5120 δύναται
1659 5084 1919 5140 συμπαρ-

333 5157 674 5211 εκτείνεσθαι
698 5158 776 5226 τῷ
805 5159 1304 5230 Δημιουργήσαντι.
1343 5160 1633 5231 Ἐπιφοιτᾷ
1675 5164 1788 5225 τοῖς
1815 5165 1920 5233 ὲμ-

330 5251 531 5324 ψύχοις
555 5252 616 5305 τὸ
645 5253 821 5317 Θεῖον,
872 5253 932 5305 ού
977 5252 1228 5305 σύνεστιν
1258 5253 1444 5315 αὐτοις
1483 5254 1578 5306 καλ⁴
1611 5253 1680 5308 τά
1709 5253 1916 5324 ἀψυχα.

330 5342 546 5397 Οὐκοῦν
608 5343 888 5414 ἀφέστηκε
950 5343 1052 5412 τῆς
1097 5344 1191 5397 ἐπὶ
1246 5343 1420 5397 ταῦτα
1467 5345 1910 5416 ὲπιφοιτήσεωςς

343 5435 509 5488 ’Λλλά
533 5436 642 5508 γὰρ
673 5437 913 5508 πάρεστι
940 5438 1054 5500 τοῖς
1079 5436 1332 5507 ἀψύχοις,
1363 5436 1488 5491 οὐδὲ
1519 5435 1731 5502 τούτοις
1749 5437 1916 5494 πάλιν

2028 3323 2340 3379 referantur
2381 3321 2532 3393 (dum
2568 3320 2718 3375 enim
2763 3319 3061 3389 cogitatur,
3103 3328 3156 3371 et
3182 3318 3362 3387 agitur
3413 3318 3479 3371 de
3513 3314 3610 3371 Dei

2023 3413 2313 3484 praesentia
2380 3413 2613 3482 ubique,
2668 3419 2796 3465 tunc
2841 3424 2943 3464 uec
2980 3417 3263 3478 assumpta
3304 3416 3500 3462 natura
3568 3423 3605 3464 a-

2024 3505 2305 3561 comrnuni
2337 3503 2431 3559 Dei
2484 3502 2776 3572 praesentia
2822 3500 3164 3567 excluditur;
3197 3510 3392 3555 cuncta
3433 3499 3605 3566 enim,

2024 3612 2257 3666 quorum
2297 3594 2440 3650 Deus
2486 3609 2611 3649 esse
2664 3592 2837 3647 voluit
2890 3592 3167 3658 conditor,
3227 3607 3256 3646 a
3317 3591 3608 3662 praesentia

2021 3689 2185 3744 etiam
2209 3687 2565 3757 providentiae
2602 3700 2716 3741 suae
2749 3684 2973 3740 minime
3003 3685 3247 3755 seponit:
3269 3687 3395 3738 dum
3421 3693 3605 3738 autem

2024 3782 2208 3853 agitur
2239 3782 2307 3836 de
2339 3781 2428 3834 illa
2466 3779 2753 3850 praesentia
2780 3816 2796 3841 ,
2837 3793 2960 3848 quae
2999 3793 3066 3832 ex
3104 3778 3444 3849 hypostatica
3473 3793 3606 3831 con-

2019 3871 2306 3942 junctione
2335 3870 2532 3935 oritur,
2565 3878 2694 3923 tunc
2740 3869 3036 3938 peculiaris
3075 3869 3378 3939 praesentiae
3410 3869 3621 3930 modus

2024 3970 2321 4031 assumpta:
2384 3959 2765 4015 tantummodo
2829 3968 3038 4014 naturae
3088 3961 3470 4030 assignatur):
3523 3968 3612 4014 ta-

2024 4055 2205 4118 metsi,
2224 4055 2586 4124 inquam,duo
2610 4052 2723 4105 haec
2743 4050 2810 4104 ad
2831 4051 3044 4106 diversa
3076 4052 3380 4121 praesentiae
3405 4067 3617 4120 genera.

2025 4147 2351 4217 pertineant,
2383 4155 2564 4201 tamen
2592 4148 2685 4216 qui
2715 4146 2942 4201 alteram
2969 4144 3205 4198 scrutari
3226 4183 3242 4207 ,
3275 4155 3327 4197 et
3359 4144 3607 4198 cavillari

2024 4238 2288 4304 auderet,
2331 4239 2378 4293 is
2412 4240 2598 4308 utique
2627 4253 2696 4293 ne
2724 4238 2793 4294 ab
2827 4237 3002 4292 altera
3051 4236 3271 4304 quidem
3331 4235 3619 4292 abstinere.

2025 4339 2370 4399 argueretur.

2097 4424 2198 4491 Qui
2239 4425 2386 4478 enim
2411 4423 2526 4493 ipsa
2551 4421 2824 4492 cogitandi
2851 4419 3060 4475 ratione
3082 4419 3276 4484 utitur,
3303 4419 3606 4489 quomodo.

2029 4518 2254 4588 inquiet,
2296 4517 2488 4572 adesse
2539 4518 2737 4586 poterit
2795 4515 2996 4584 ubique
3051 4513 3230 4580 Deus,
3278 4527 3403 4568 cum
3455 4513 3606 4568 nulla

1952 4591 1998 4647 θ
2028 4625 2233 4674 rerum,
2264 4607 2466 4678 quibus
2491 4607 2664 4670 adest,
2691 4606 2863 4675 possit
2899 4620 3022 4660 cum
3057 4619 3122 4658 eo
3157 4604 3423 4659 immensa
3455 4603 3616 4658 fieri?

2026 4699 2162 4753 Dum
2194 4699 2339 4755 enim
2371 4698 2461 4753 ille
2488 4699 2716 4769 singulis
2746 4699 2910 4753 rebus
2939 4697 3115 4762 adest,
3149 4696 3378 4762 singulae
3413 4711 3501 4751 res
3531 4696 3612 4751 si-

2026 4792 2140 4845 mul
2161 4806 2284 4844 cum
2309 4789 2428 4860 ipso
2446 4791 2658 4845 czeteris
2683 4805 2788 4844 non
2814 4790 3044 4856 adsunt;
3067 4790 3160 4844 sed
3190 4793 3331 4844 inter
3354 4790 3616 4860 proprios

2026 4882 2378 4938 continentur
2408 4881 2629 4944 limites,
2668 4896 2733 4935 ac
2771 4889 2962 4950 suapte
2997 4889 3215 4942 natura,
3264 4896 3332 4934 ne
3379 4880 3607 4936 ulterius

2023 4974 2353 5046 pertingant,
2382 4973 2743 5044 prohibentur
2772 4991 2786 5027 :
2814 4983 2981 5043 atque
3011 4973 3084 5027 ita
3124 4973 3375 5026 omnium
3421 4988 3611 5026 rerum

2028 5083 2137 5122 non
2181 5076 2265 5121 est
2299 5066 2502 5138 ubique
2530 5067 2746 5130 adesse,
2787 5080 2966 5136 neque
3011 5073 3189 5136 potest
3237 5075 3486 5120 creatura
3519 5081 3612 5129 eo,

2025 5176 2134 5231 quo
2164 5158 2408 5225 Creator,
2437 5159 2738 5229 pervenire.
2768 5158 2993 5214 Assistit
3028 5157 3172 5214 Deus
3218 5157 3382 5213 rebus
3423 5158 3612 5212 anima

2025 5253 2289 5323 praditis,
2321 5253 2416 5308 sed
2450 5268 2535 5307 res
2563 5267 2628 5306 ea
2651 5260 2899 5307 carentes
2924 5265 3031 5305 una
3064 5266 3188 5306 cum
3219 5251 3340 5321 ipso
3366 5250 3474 5305 illis
3501 5266 3608 5304 non

2024 5345 2312 5401 assistunt.
2367 5342 2508 5398 Num
2575 5343 2778 5400 idcirco
2840 5343 2954 5397 lucc
3002 5342 3375 5397 destituuntur
3421 5340 3606 5396 divina

2023 5436 2355 5509 prmscntia?
2376 5440 2448 5492 At
2476 5436 2622 5492 enim
2648 5437 2814 5493 rebus
2837 5436 2926 5491 ille
2947 5435 3208 5490 inanimis
3233 5435 3407 5502 adest,
3432 5450 3608 5503 neque

1837 5591 2072 5653 NOTAE.

405 5690 522 5762 (l5)
573 5688 673 5747 Hic
718 5692 948 5746 resumit
1000 5690 1368 5748 Combcfisius
1413 5693 1616 5748 laudati
1669 5692 1915 5762 excerpti

336 5763 640 5818 versionem
670 5775 686 5817 :
717 5771 986 5832 quantum
1036 5772 1220 5818 autem
1251 5762 1368 5818 haec
1388 5778 1420 5818 a
1450 5766 1566 5819 veri
1599 5777 1797 5819 sensus
1829 5779 1918 5819 as-

339 5832 617 5887 secutione
642 5833 826 5896 distet,
849 5833 1054 5901 judicet
1085 5835 1275 5896 lector,

411 5903 524 5974 HG)
550 5903 645 5973 Τὸ,
674 5903 983 5976 παρουσίαν
1005 5920 1071 5961 ex
1100 5902 1434 5961 Conrbctisio
1469 5904 1665 5975 adjeei.

2129 5689 2216 5759 17)
2236 5686 2396 5755 Quod
2433 5687 2702 5759 reliquum
2752 5694 2834 5741 est
2869 5685 3040 5759 ltujus
3079 5686 3419 5759 quaestionis,
3447 5687 3610 5759 plane

2022 5764 2076 5819 in
2101 5754 2438 5818 Combefisio
2463 5754 2824 5812 desideratur.
2867 5754 2984 5812 Huc
3035 5754 3208 5819 usque
3246 5754 3462 5816 Monac,
3509 5757 3609 5812 1οι

2019 5850 2154 5958 saec;
2211 5845 2341 5900 ενι,
2381 5829 2418 5884 f.
2451 5825 2671 5884 281V.
2724 5828 2786 5884 υ.
2845 5827 3059 5896 llardt.,
3111 5825 3278 5884 Beitr.
3336 5827 3472 5899 fasc.
3512 5843 3617 5893 vn,

2021 5922 2078 5958 ιι.
2150 5942 2172 5958 ..

2021 5922 2078 5975 p.
2104 5922 2172 5958 α..
