4084 6458
385 428 489 492 279

387 541 585 611 Aquila
639 555 769 597 vero
796 556 860 596 ac
890 539 1193 596 Theodotio
1217 536 1564 593 reddiderunt
1593 553 1605 589 :
1635 532 1964 587 Fluvialium
1994 531 2039 588 A

387 647 651 699 aquarum
683 646 714 685 a
754 630 902 687 Mose
958 631 1244 687 etAarone
1270 628 1411 684 facta
1431 626 1623 682 eratin
1649 624 1969 694 sanguinem

390 722 702 777 conversio.
729 741 749 776 ι

464 904 588 957 Haec
619 904 765 958 enim
794 903 1043 975 apposita
1078 900 1486 955 animadversio
1518 898 1787 967 adjicitur,
1826 897 1973 967 quod

393 996 602 1050 scilicet
643 996 981 1055 immundus,
1014 1002 1325 1067 corruptus,
1374 1008 1438 1046 ac
1468 992 1613 1060 potui
1660 991 1875 1058 ineptus
1906 990 1977 1043 sit

395 1084 573 1139 factus
607 1086 693 1138 ille
730 1087 965 1149 lluvius,
1002 1100 1164 1153 quem
1202 1084 1581 1154 Aigyptiorum
1630 1098 1760 1151 gens
1810 1081 1975 1134 Ileum

397 1178 781 1246 nuncupabat,
821 1186 985 1245 atque
1018 1177 1091 1228 uti
1117 1175 1417 1239 fructuum,
1456 1174 1683 1241 vitmque
1731 1172 1976 1224 datorem

399 1272 633 1335 colebat,
661 1280 712 1323 et
742 1271 793 1323 in
828 1285 988 1339 quem
1014 1268 1363 1322 Hebraeorum
1393 1266 1699 1320 enecandos
1726 1264 1979 1334 projicie-

402 1362 493 1415 bat
524 1360 781 1414 infantes.
814 1360 1096 1413 Clamabat
1124 1360 1267 1413 enim
1318 1359 1479 1411 etiam
1521 1372 1707 1410 eorum
1756 1354 1979 1425 sanguis

402 1452 468 1504 de
502 1450 678 1519 aquis,
711 1459 769 1503 ut
797 1450 1020 1519 sanguis
1034 1450 1165 1503 Abel
1187 1451 1252 1502 de
1276 1459 1419 1502 terra
1442 1451 1506 1501 ".
1531 1446 1827 1516 Oportebat
1851 1460 1981 1513 ergo

402 1544 691 1615 IEgypIios
718 1545 897 1612 impiae
930 1546 1356 1614 superstitionis,
1379 1559 1482 1613 qua
1508 1557 1647 1612 aqua
1676 1540 1983 1594 innumeris

406 1646 517 1691 ιιιηι
558 1638 1077 1704 perturlmtionibus,
1125 1647 1237 1689 tum
1274 1633 1713 1703 corruptionibus
1746 1631 1983 1685 obnoxia

403 1731 721 1799 dignitatem
756 1741 1006 1793 aeternae,
1040 1727 1480 1798 imperturbalte,
1522 1734 1576 1780 et
1628 1722 1984 1777 immutabilis

405 1830 615 1874 naturae
654 1820 754 1873 sibi
783 1820 1111 1883 vindicabat,
1142 1823 1271 1873 dare
1311 1834 1522 1887 ptenas,
1542 1816 1830 1885 etquidem
1853 1813 1981 1876 illis,

405 1911 608 1980 quibus
646 1928 737 1980 per
766 1912 1081 1965 coruuulent
1123 1914 1482 1965 innocuorunt
1531 1908 1817 1963 infantium
1842 1918 1984 1961 stra-

407 2019 526 2074 gem
562 2004 858 2057 intulerant
889 2005 1143 2073 injuriatn
1178 2024 1190 2058 :
1219 2005 1418 2074 quippe
1459 2002 1512 2057 hi
1542 2002 1593 2055 in
1632 2003 1803 2055 lucem
1855 2001 1986 2054 editi

408 2106 572 2159 sunt,
637 2098 764 2150 dum
806 2108 994 2153 contra
1040 2107 1245 2152 natura?
1287 2099 1457 2165 legem
1509 2096 1645 2150 lucis
1682 2095 1987 2163 privatione

408 2186 801 2243 multabantur.
836 2187 1041 2242 Interea
1074 2186 1409 2256 pientissitna
1460 2184 1549 2237 Dei
1600 2193 1792 2237 natura
1829 2182 1989 2250 puni-

410 2273 613 2327 tioncm
644 2273 917 2343 Aigyptiis
951 2274 1299 2343 inﬂigendam
1334 2271 1512 2326 dillert
1547 2289 1559 2324 :
1594 2272 1700 2325 alia
1730 2285 1869 2327 vero.
1894 2285 1989 2323 ra-

409 2368 553 2419 t?one
578 2367 828 2437 castigat,
854 2377 903 2421 et
925 2367 1173 2436 corripit,
1210 2367 1339 2419 dum
1373 2380 1484 2417 rem
1521 2363 1818 2416 inanimem
1858 2360 1989 2430 (sci-

406 2458 532 2511 licet
577 2458 799 2528 Nilnm)
862 2460 1212 2528 corrumpit,
1272 2472 1335 2511 ac
1382 2457 1656 2525 percutit:
1689 2468 1783 2521 per
1824 2466 1989 2521 quam

404 2548 625 2618 quidem
661 2548 736 2603 illi
783 2560 837 2603 et
879 2551 1043 2605 caedis
1094 2560 1148 2603 et
1198 2546 1491 2618 impietatis
1525 2547 1577 2598 in
1612 2542 1781 2598 Deum
1813 2544 1991 2598 scelus

407 2651 812 2709 perpetrarunt.

483 2733 540 2786 Si
579 2734 705 2803 quis
740 2743 919 2787 autem
957 2748 1125 2802 aquas
1162 2748 1257 2802 per
1289 2731 1597 2785 universam
1627 2728 1846 2799 Egypti
1884 2737 1993 2781 ter-

413 2838 529 2876 ram
564 2825 615 2875 in
641 2824 924 2892 sanguinis
944 2824 1305 2877 substantiam
1333 2836 1624 2875 conversas
1646 2819 1991 2881 concederet,

410 2930 480 2969 ne
520 2916 623 2968 hoc
660 2916 879 2985 quidem
929 2925 1089 2986 pacto
1138 2914 1352 2968 dillicile
1394 2912 1565 2967 fuisse
1597 2912 1878 2982 arguitur.
1937 2917 1996 2963 ut

410 3005 790 3079 Aigyptiorum
826 3011 1253 3078 prmstigiatores
1304 3023 1400 3077 per
1453 3021 1614 3061 suum
1669 3005 1993 3059 malelicium

409 3103 727 3156 viderentur
750 3102 987 3155 divinam
1022 3101 1392 3171 operationem
1421 3100 1687 3155 aemulari.
1721 3098 1992 3165 Quoniam

406 3194 553 3249 enim
592 3194 896 3263 prodigium
925 3194 1320 3264 prmnunliarat
1342 3191 1537 3255 Moses,
1564 3190 1775 3245 Pharao
1805 3201 1987 3244 autem
2018 3211 2060 3269 ο

408 3296 664 3357 expertus
705 3286 920 3351 fuerat,
969 3294 1022 3340 et
1064 3283 1442 3356 Egyptiornm
1504 3284 1873 3337 ineantatores
1923 3296 1991 3335 ex

409 3381 575 3451 virgae
612 3378 663 3432 in
692 3390 1001 3448 serpentem
1024 3380 1327 3432 mutatione
1352 3378 1396 3407 "
1428 3388 1817 3447 cognoverant,
1848 3375 1993 3443 quod

409 3473 764 3526 comminatio
810 3472 875 3525 ad
923 3480 1180 3526 eventum
1217 3481 1362 3525 esset
1387 3471 1619 3524 omnino
1652 3469 1995 3535 provehenda

412 3563 581 3633 (quod
611 3565 755 3617 enim
784 3565 895 3633 jam
926 3566 1131 3617 factum
1170 3573 1305 3629 erat,
1339 3564 1413 3617 rei
1457 3562 1718 3616 faciendae
1753 3563 1999 3615 testiino-

412 3656 504 3709 niu
530 3674 559 3707 n
596 3656 911 3722 perhibebat
940 3673 953 3709 :
986 3654 1274 3710 studebant
1305 3664 1483 3709 autem
1511 3656 1543 3707 ii
1576 3670 1683 3707 non
1709 3655 1876 3707 videri
1904 3668 2000 3722 per

413 3762 542 3801 suas
577 3747 1010 3799 machinationes
1062 3743 1351 3815 minores)
1383 3764 1397 3799 ε
1436 3760 1561 3798 cum
1642 3745 1999 3813 probabiliter

414 3846 657 3899 nossent,
693 3838 838 3905 quod
875 3838 964 3890 ille
989 3852 1162 3904 aquas
1195 3838 1297 3891 sub
1326 3836 1443 3899 dio,
1494 3837 1822 3905 ubicumque
1853 3836 2001 3891 exsi-

415 3936 656 3984 sterent.
688 3936 835 3981 esset
888 3938 1335 3997 permutaturus;
1379 3927 1541 3981 simul
1574 3943 1636 3981 ae
1673 3928 1997 3981 miraculum

414 4020 631 4090 quidem
666 4023 1087 4090 prmnuntiatnin
1117 4030 1254 4084 erat,
1308 4020 1401 4075 sed
1451 4018 1541 4072 Dei
1578 4021 1823 4089 operatio
1858 4036 1999 4074 non-

416 4115 541 4166 dum
574 4113 885 4183 prodierat;
930 4124 1133 4168 tantam
1168 4129 1324 4183 aqtne
1349 4112 1707 4183 quantitatem
1744 4112 2000 4168 haurien-

418 4217 518 4270 tes,
549 4209 1060 4276 qnnntaetliciendae
1094 4206 1335 4261 illusioni
1370 4206 1505 4261 satis
1524 4218 1662 4271 erat,
1685 4221 1805 4260 eam
1828 4215 2000 4275 etap-

416 4308 699 4369 pararunt,
726 4308 781 4353 et
810 4308 1175 4369 seposucrunt
1204 4317 1217 4353 :
1247 4308 1302 4353 ut
1333 4315 1455 4353 cum
1481 4314 1620 4368 opus
1648 4309 1813 4361 esset,
1843 4300 2002 4369 aquis

416 4388 699 4443 abundare
754 4389 1107 4449 viderentur,
1164 4388 1367 4456 quibus
1419 4389 1656 4443 colorem
1715 4390 2001 4458 sanguinis

417 4481 751 4534 asciscentes
780 4522 793 4545 ,
839 4480 1212 4535 incredibilem
1273 4480 1471 4535 divinze
1513 4480 1849 4549 operationis
1878 4481 1998 4551 glo-

418 4575 555 4626 riam
588 4589 685 4642 per
719 4572 865 4627 falsa?
896 4574 1203 4628 illusionem
1246 4572 1651 4628 imminuerent.

489 4664 745 4719 Nonnulli
780 4675 959 4719 autem
994 4665 1369 4729 allirmarunt,
1419 4666 1563 4733 quod
1600 4681 1709 4735 quo
1755 4676 2001 4735 tempore

419 4757 596 4812 Moses
636 4757 878 4811 ﬂuviales
930 4772 1101 4827 aquas
1158 4757 1210 4810 in
1251 4756 1573 4818 sanguinem
1623 4761 1997 4825 convertebat,

420 4849 583 4902 simul
610 4850 935 4903 adessentet
966 4849 1069 4918 ipsi
1110 4848 1370 4903 falsitatis
1402 4848 1685 4904 molitores
1713 4865 1812 4905 sua
1841 4849 2001 4904 adhi—

422 4940 612 4995 bentes
643 4939 940 5003 maleﬁcia;
992 4949 1049 4993 et
1102 4940 1247 5010 quod
1297 4940 1533 4994 maxima
1573 4941 1792 5011 quidem
1850 4956 2004 5009 aquae

424 5049 548 5101 pars
580 5032 744 5088 lllosis
776 5034 1026 5103 prodigio
1054 5032 1345 5088 inserviret
1370 5072 1384 5096 ,
1433 5048 1543 5087 non
1596 5048 1758 5103 parva
1820 5042 2001 5089 autem

423 5124 489 5177 ad
523 5139 803 5191 magorum
840 5140 993 5178 usum
1020 5133 1166 5179 esset
1200 5135 1503 5195 segregata.
1529 5124 1597 5179 At
1626 5140 1754 5179 vero
1793 5126 1895 5180 hoc
1920 5134 2005 5181 est

423 5223 477 5265 et
514 5213 754 5266 historia:
785 5215 1144 5280 cootrarium,
1178 5222 1231 5268 et
1284 5216 1512 5269 mirilica
1570 5216 2005 5286 sapientissima-

425 5318 530 5371 que
556 5301 723 5357 Mos-is
755 5303 1041 5372 prudentia
1084 5304 1412 5373 indignum;
1449 5306 1576 5375 quia
1615 5316 1668 5361 et
1701 5307 2007 5364 inl‘ensissi-

427 5411 577 5449 mum
609 5397 983 5451 adversarium
1016 5397 1343 5451 reddidisset
1375 5399 1591 5453 virtutis
1625 5415 1739 5454 suae
1773 5416 2006 5455 consor-

430 5496 560 5550 tem,
603 5504 665 5542 ac
692 5489 1050 5559 participem,
1106 5499 1157 5544 et
1215 5505 1340 5544 cum
1395 5492 1836 5549 irreconciliabili
1882 5509 2006 5550 sese

501 5622 545 5651 “
580 5622 715 5675 Gen.
742 5639 816 5688 vr,
853 5623 942 5678 10.

2017 1876 2056 1930 Β

2031 4554 2075 4609 D

1550 418 1812 481 PHOTII
1852 412 2358 477 PATlllARClI/E
2391 411 2500 469 (ΣΡ.

2068 525 2261 587 ὓδατος
2286 524 2380 577 τοῦ
2409 516 2695 589 ποταμοῖν
2736 536 2753 568 ι
2807 518 2901 570 καὶ
2951 514 3180 579 ’Λκύλας
3217 514 3295 578 δὲ.
3345 511 3468 567 καὶ
3520 509 3750 563 Θεοδο-

2069 618 2201 668 τίων
2246 613 2610 667 ἐκδεδὼκασι·
2655 630 2672 663 ‹
2708 611 2830 665 ’ῑῶν
2860 608 3149 679 ποταμίων
3198 608 3439 661 ὑδάτων
3486 605 3529 673 ἠ
3588 603 3751 668 πρὸς

2072 702 2213 777 αἷμα
2276 707 2427 775 παρὰ
2477 706 2722 767 Μωσέως
2794 704 2887 757 καὶ
2939 701 3152 773 Ἀαρὼν
3197 699 3485 769 ἐγεγόνει
3556 712 3756 766 μεταο

2078 800 2233 870 ϐολή.
2269 818 2288 851 ι

2146 906 2319 959 Τοῦτο
2361 904 2467 975 γὰρ
2504 904 2566 957 τὸ
2607 902 2830 971 εὔλογον
2875 902 3262 970 συνεπάγεται,
3292 900 3407 953 τὸν
3450 896 3752 967 ποταμὸν

2080 997 2367 1069 βδελυκτὸν
2399 996 2674 1065 γενέσθαι,
2703 997 2795 1048 καὶ
2818 994 3246 1064 λελυμασμένον,
3275 995 3382 1046 καὶ
3414 994 3755 1061 ἄχρηστον

2078 1093 2307 1151 ἐκεῖνον,
2344 1090 2404 1142 ὃν
2443 1089 2505 1142 τὸ
2548 1089 2865 1156 Αἰγυπτίων
2913 1087 3064 1149 ἔθνος
3107 1087 3239 1140 Θεὸν
3288 1083 3753 1154 ὲττωνόμαζον,

2084 1182 2447 1252 καρποδότην,
2486 1181 2582 1234 καὶ
2632 1179 2896 1249 ζωοδότην
2936 1179 3267 1243 θειάζοντες,
3305 1180 3422 1231 κατ’⁸
3459 1180 3534 1227 ἐν
3568 1168 3625 1241 ᾧ
3673 1174 3757 1227 τὰ

2079 1275 2189 1328 τῶν
2243 1273 2596 1344 Ἰσραηλιτῶν
2647 1272 2822 1342 βρέφη
2889 1273 3291 1343 ὲναπέῥριπτον
3343 1268 3759 1323 ἀποκτίννυ-

2085 1366 2231 1421 σθαι.
2279 1366 2437 1420 Ἐϐόα
2469 1366 2577 1434 γάρ
2610 1366 2885 1417 κάκείνων
2914 1364 2974 1417 τὸ
3007 1360 3145 1433 αἷμα
3169 1364 3277 1416 ἀπὸ
3306 1363 3438 1415 τῶν
3473 1362 3758 1425 ὑδάτων,

2082 1457 2273 1529 ὥσπερ
2304 1460 2398 1511 καὶ
2426 1455 2520 1510 τοῦ
2553 1455 2719 1509 Ἀϐελ
2756 1455 2864 1507 άπὸ
2903 1454 3005 1523 τῆς
3048 1456 3174 1523 γῆς.
3212 1455 3362 1505 Ἔδει
3410 1452 3555 1521 γὰρ
3603 1450 3757 1512 τοὺς

2082 1548 2420 1616 Αἰγυπτίους
2450 1548 2641 1609 ποινὰς
2671 1546 2851 1599 δοῦναι
2891 1545 2991 1613 τῆς
3026 1562 3084 1597 τε
3123 1543 3540 1611 δυσσεϐούσης
3606 1541 3754 1594 6:0-

2087 1641 2376 1703 πλαστίας.
2410 1640 2477 1692 δι’
2511 1635 2578 1710 ἦς
2627 1638 2688 1691 τὸ
2748 1636 2891 1707 ὕδωρ
2934 1637 3029 1688 καὶ
3071 1636 3288 1706 μυρίοις
3333 1634 3584 1687 πάθεσι
3641 1632 3754 1687 καὶ

2086 1734 2317 1804 φθοραῖς
2371 1732 2753 1801 ὑποκείμενον,
2785 1731 2881 1799 τῆς
2926 1730 3097 1784 ἀϊδίου
3138 1732 3233 1781 καὶ
3295 1726 3593 1790 ἀπαθοῦς
3643 1727 3754 1780 καὶ

2088 1824 2391 1895 ἀρῤεύστου
2431 1821 2647 1890 φύσεως
2683 1819 3004 1889 παρετίθετο
3030 1819 3141 1888 (51)
3180 1818 3435 1889 ἀξίωμα,
3485 1819 3602 1870 καὶ
3658 1814 3754 1880 οἷς

2087 1917 2153 1969 δι’
2189 1915 2369 1968 αὐτῶν
2414 1914 2523 1965 τῶν
2567 1912 2877 1965 άνευθὺνων
2919 1910 3138 1981 βρεφῶν
3166 1910 3579 1979 ὲπαλαμῶντο
3634 1911 3754 1978 τὴν

2090 2006 2440 2076 μιαιφονίανο
2490 2005 2573 2056 ὅτι
2617 2002 2884 2074 προῆλθον
2916 2005 2996 2065 εἰς
3036 2002 3173 2071 φῶς,
3205 2002 3349 2055 κατὰ
3382 2002 3504 2054 τοῦ
3549 2002 3750 2071 νόμου

2086 2099 2186 2167 τῆς
2219 2096 2435 2166 φύσεως
2465 2096 2630 2149 αὑτοῦ
2670 2094 2765 2148 τοῦ
2799 2095 2978 2164 φωτὸς
3018 2096 3119 2167 τὴν
3150 2096 3557 2167 ἀποστέρησιν
3614 2098 3750 2148 εἱσ-

2089 2190 2457 2260 πραττόμενοι
2503 2188 2683 2258 δίκην.
2730 2189 2793 2240 Ἠ
2834 2187 2889 2240 δὲ
2926 2188 3305 2258 φιλάνθρωπος
3345 2190 3541 2257 φύσις
3586 2188 3753 2251 τέως

2092 2283 2191 2353 μὲν
2225 2282 2586 2336 ἀναϐάλλεται
2612 2280 2710 2351 τὴν
2735 2282 2811 2342 είς
2846 2278 3169 2350 ἀνθρώπους
3192 2281 3513 2350 τιμωρίανο
3555 2279 3748 2333 κολα-

2091 2378 2172 2441 ζει
2200 2376 2277 2435 δὲ.
2314 2377 2408 2429 καὶ
2436 2373 2682 2427 παιδεύει
2708 2373 2908 2442 τρόπον
2935 2372 3112 2435 ἄλλον,
3142 2372 3602 2441 λυμαινόμενος,
3633 2371 3744 2422 καὶ

2094 2468 2371 2539 μαστίζων
2401 2467 2463 2521 τὸ
2512 2466 2719 2536 ἄψυχον
2751 2482 2764 2496 ο
2795 2464 2863 2518 δι’
2885 2460 3055 2533 οὗπερ
3084 2466 3333 2527 ἐκείνοις,
3367 2465 3477 2517 καὶ
3515 2466 3589 2517 τὸ
3623 2464 3743 2532 τῆς

2094 2562 2409 2631 μιαιφονίας
2438 2561 2591 2627 ἄγος,
2623 2561 2717 2612 καὶ
2749 2558 2849 2629 τῆς
2889 2559 2970 2623 είς
3003 2558 3137 2612 Θεὸν
3170 2557 3517 2621 δυσσεϐείας
3558 2556 3744 2609 ἐτολ-

2096 2653 2243 2725 μήθη
2276 2654 2338 2707 τὸ
2358 2652 2794 2723 άνοσιούργημα.

2165 2747 2227 2798 El
2273 2745 2330 2799 δὲ
2379 2748 2652 2815 συγχωροῖ
2694 2761 2781 2807 τις
2817 2744 2886 2797 τά
2917 2742 3021 2799 ἀνά
3050 2745 3231 2796 πᾶσαν
3269 2741 3375 2811 γῆν
3401 2739 3736 2809 Αἰγύπτου

2096 2837 2267 2891 ὕδατα
2312 2839 2390 2901 εἰς
2436 2837 2627 2890 οὐσίαν
2676 2836 2910 2905 αἵματος
2953 2835 3558 2905 μεταστοιχειωθῆναι,
3604 2830 3732 2884 οὐδ’

2094 2930 2238 2985 οὕτω
2264 2931 2542 2985 δείκνυται
2574 2930 2779 3001 ἄπορον
2801 2930 2861 2983 τὸ
2886 2931 3125 2992 καὶτοὺς
3153 2930 3357 2999 γόητας
3384 2928 3507 2980 τῶν
3534 2928 3734 2994 Αἰγυ-

2096 3024 2269 3076 πτίων
2312 3022 2410 3094 τὴν
2459 3022 2749 3091 θεουργίαν
2798 3020 3214 3093 ἐκμιμήσασθαι
3254 3019 3401 3083 δόξαι
3446 3019 3554 3072 διὰ
3613 3018 3727 3085 τῆς

2097 3116 2456 3185 κακουργίας.
2500 3114 2651 3167 Ἐπεὶ
2679 3116 2787 3186 γὰρ
2818 3115 3113 3185 προείρητο
3163 3114 3262 3184 μὲν
3293 3112 3371 3183 τῷ
3402 3114 3627 3166 Μωσεῖ
3657 3110 3731 3163 τὸ

2096 3207 2302 3277 θαῦμα,
2340 3207 2607 3278 ᾐσθάνετο
2644 3208 2702 3261 δὲ
2743 3208 2770 3261 ὃ
2810 3225 2868 3261 τε
2898 3206 3119 3277 Φαραὼ,
3149 3206 3243 3260 καὶ
3281 3206 3331 3258 oi
3370 3206 3487 3258 τῶν
3526 3206 3724 3273 Αἰγυ-

2096 3300 2269 3352 πτίων
2325 3300 2568 3352 ἐπαοιδοὶ
2622 3300 2685 3352 ἐκ
2725 3300 2823 3371 τῆς
2867 3299 3010 3353 κατὰ
3054 3299 3152 3369 τὴν
3194 3298 3389 3369 ῥάϐδον
3437 3299 3531 3359 είς
3582 3298 3725 3365 ὅφιν

2099 3390 2403 3463 μεταϐολῆς
2431 3391 2673 3461 ᾔδεισαν.
2712 3392 2788 3455 ὡς
2834 3393 2915 3455 είς
2958 3394 3120 3463 ἔργον
3153 3393 3185 3461 ἡ
3222 3390 3423 3461 ἀπειλὴ
3468 3391 3722 3453 πάντως

2096 3490 2447 3559 προχωρήσει
2480 3486 2562 3555 (τὸ
2590 3485 2699 3557 γάρ
2742 3486 2841 3557 ἤδη
2877 3484 3213 3555 προγεγονὸς
3254 3483 3347 3537 τοῦ
3379 3481 3721 3553 γενησομέ-

2096 3598 2187 3633 νου
2236 3579 2513 3650 μαρτυρία
2544 3574 2613 3649 ἦν
2636 3596 2649 3610 ·
2686 3578 2945 3631 ἔσπευδον
2983 3578 3039 3630 δὲ
3068 3578 3311 3630 κάκεῖνοι
3345 3575 3418 3647 μὴ
3450 3575 3717 3644 φανῆναι

2096 3674 2215 3733 ταῖς
2253 3670 2681 3740 μηχανουργίαις
2728 3670 3029 3737 ἐλάττους),
3076 3669 3304 3732 εἰκότως
3338 3670 3574 3732 εἰδότες,
3633 3667 3720 3729 ὡς

2096 3764 2164 3814 τά
2202 3762 2480 3831 πανταχοῦ
2510 3763 2612 3832 τῆς
2640 3764 2742 3832 γῆς
2775 3762 2942 3816 ὕδατα
2966 3762 3212 3833 ὕπαιθρα
3239 3764 3318 3824 εἰς
3350 3756 3492 3833 αἷμα
3532 3778 3718 3832 μετα-

2098 3854 2284 3907 ϐάλλει
2309 3871 2321 3884 ·
2356 3852 2449 3907 τοῦ
2500 3852 2779 3915 θαύματος
2818 3854 2914 3923 μὲν
2940 3853 3039 3923 ἤδη
3071 3852 3389 3922 λεγομένου,
3441 3852 3612 3905 οὔπω
3652 3850 3715 3901 δὲ

2097 3945 2196 4013 τῆς
2228 3944 2520 4014 θεουργίας
2551 3942 2938 4013 προελθούσης,
2964 3943 3269 4013 τηνικαῦτα
3291 3942 3458 3997 ὕδατα
3487 3940 3715 4015 ἀρυσάο

2103 4052 2275 4105 μενοι,
2306 4036 2407 4088 ὅσα
2437 4034 2639 4089 δυνατά
2666 4035 2988 4107 παραδεῖξαι
3017 4035 3115 4106 τὴν
3145 4034 3445 4105 φαντασίαν
3476 4033 3581 4087 τοῦ
3615 4049 3714 4085 σο-

2101 4128 2392 4197 φίσματος,
2429 4126 2968 4198 προπαρασκεύασάν
2990 4145 3069 4191 τε,
3100 4129 3195 4180 καὶ
3227 4126 3591 4180 ἐναπέθεντο’
3628 4123 3711 4185 ὡς

2103 4220 2169 4275 ἂν
2197 4223 2255 4274 ὲν
2280 4219 2358 4289 τῷ
2383 4219 2561 4291 καιρῷ
2587 4220 2686 4289 τῆς
2713 4222 2902 4292 χρείας
2931 4220 3293 4291 εὐποροῦντες
3324 4221 3548 4290 ὀφθεῖεν
3578 4218 3713 4271 ὑδά-

2102 4328 2234 4375 των,
2287 4307 2368 4375 οἶς
2421 4311 2482 4365 τὸ
2530 4314 2727 4383 χρῶμα
2776 4312 2868 4366 τοῦ
2919 4313 3152 4382 αἳματος
3202 4313 3585 4383 περιθέμενοι,
3642 4308 3711 4360 τὸ

2106 4404 2412 4474 παράδοξον
2457 4404 2554 4473 τῆς
2584 4403 2873 4473 θεουργίας
2910 4407 2976 4476 τῇ
3023 4404 3295 4477 φαντασίᾳ
3338 4405 3433 4458 τοῦ
3466 4402 3709 4474 ψεύδους

2107 4493 2412 4547 ὲλαττῶσου
2422 4511 2494 4547 σι.

2172 4670 2297 4723 Τισὶ
2324 4670 2380 4723 δὲ
2410 4672 2647 4741 εἴρηται,
2686 4671 2761 4734 ὡς
2787 4671 2881 4725 τοῦ
2922 4672 3171 4734 Μωσέως
3200 4668 3708 4741 παραδοξοποιοῦν-

2101 4776 2194 4823 τος
2216 4760 2276 4812 τὸ
2307 4760 2575 4829 ποτάμιον
2608 4759 2754 4829 ὕδωρ
2786 4762 2862 4824 είς
2903 4756 3043 4831 αἷμα
3077 4762 3219 4815 κατὰ
3259 4762 3349 4815 τὸν
3380 4761 3546 4815 αὑτὸν
3575 4776 3673 4813 και

2106 4850 2197 4921 ρὸν
2235 4852 2607 4921 συμπαρῆσαν
2653 4854 2747 4905 καὶ
2792 4854 2842 4905 οἱ
2881 4852 2975 4905 τοῦ
3004 4852 3236 4921 ψεύδους
3288 4855 3543 4922 σοφισταὶ
3580 4852 3703 4910 ταῖς

2102 4942 2332 5006 οἰκείαις
2358 4942 2632 5013 χρώμενοι
2664 4944 3075 5013 κακοτεχνίαις·
3109 4944 3203 4997 καὶ
3229 4943 3290 4997 τὸ
3323 4944 3421 5013 μὲν
3448 4944 3701 4997 πλεῖστον

2108 5034 2202 5087 τοῦ
2241 5033 2433 5099 ὓδατος
2458 5035 2552 5088 τοῦ
2577 5035 2821 5100 Μωσέως
2846 5037 3174 5105 ὑπηρετεῖτο
3197 5036 3275 5106 τῷ
3305 5036 3567 5105 θαύματι,
3602 5034 3701 5085 οὐκ

2109 5126 2289 5196 ὀλίγον
2318 5127 2376 5179 δὲ
2414 5127 2607 5181 τούτου
2650 5128 2743 5181 καὶ
2776 5131 2840 5199 τῇ
2886 5128 2994 5181 τῶν
3033 5129 3225 5199 μάγων
3264 5130 3425 5199 χρείᾳ
3462 5139 3697 5196 συγκατ-

2103 5221 2412 5291 εμερίζετο.
2456 5222 2614 5275 Ἀλλά
2663 5222 2773 5293 γάρ
2818 5221 2976 5275 τοῦτο
3021 5222 3153 5294 παρ’
3189 5222 3431 5290 ἱστορίαν
3472 5222 3542 5276 τέ’
3578 5221 3696 5271 ἐστι

2104 5313 2304 5381 λέγειν,
2337 5311 2434 5366 καὶ
2461 5314 2561 5383 τῆς
2590 5314 2648 5365 ὲν
2680 5313 2757 5383 τῷ
2785 5314 2975 5368 Μωσεῖ
3000 5312 3402 5385 μεγαλουργοῦ,
3435 5314 3531 5368 καὶ
3557 5328 3693 5363 παν-

2107 5403 2274 5473 σόφου
2306 5404 2559 5475 προνοίας
2586 5403 2827 5468 ἀνάξιον,
2860 5405 2955 5457 καὶ
2983 5405 3267 5475 δυνάμεως
3293 5405 3572 5467 κοινωνὸν,
3604 5399 3696 5455 καὶ

2110 5496 2340 5568 μεσίτην
2376 5499 2549 5552 ποιεῖν
2604 5495 2696 5549 τὸν
2745 5495 3178 5569 πολεμιώτατον,
3232 5500 3327 5552 καὶ
3369 5495 3694 5569 ὁμόσπονδον

1935 5722 1984 5779 Ν
1992 5722 2175 5781 ΟΤᾸΕ.

516 5866 629 5937 (51)
666 5866 1037 5936 Παρατίθεντο
1083 5868 1339 5943 legeram,
1376 5875 1465 5930 sed
1509 5874 1727 5946 patebat
1766 5890 1937 5931 error.
