4084 6436
490 309 599 374 933

1658 305 1919 365 PHUTll
1964 305 2187 365 PA'l‘m
2199 307 2238 361 .'\
2249 305 2395 364 ttCll
2408 307 2471 367 EE
2500 306 2613 367 (ΞΡ.

3702 312 3814 378 εει

492 418 801 477 Pharaonis
827 433 928 474 cor
963 416 1248 482 indurare,
1309 412 1457 487 quod
1489 454 1503 479 ,
1546 413 1677 470 dum
1722 414 2085 471 contumacia:

2193 414 2418 483 καρδίαν
2447 412 2671 487 Φαραὼ,
2704 413 2787 468 ὅτι
2816 415 3191 488 μακροθυμῶν
3226 417 3313 472 ἐπ’
3342 418 3508 492 αὐτῷ
3530 422 3693 475 κατά
3720 429 3814 475 τον

496 522 745 583 tempore
774 525 897 565 eum
936 509 1208 579 patienter
1237 506 1624 577 exspectabat,
1658 516 1713 560 et
1747 521 1848 561 nec
1879 506 2079 575 ipsum,

495 621 600 660 nec
648 604 821 673 ipsius
864 610 1082 673 gentem
1115 616 1270 669 aeque
1296 600 1637 669 pervicacem
1684 598 1930 653 funditus
1959 614 2082 667 per-

495 697 696 759 debat,
754 710 945 764 pugnas
985 702 1168 746 autem
1214 693 1493 761 irrogabat
1543 691 1815 756 leniores;
1872 698 2081 745 tantam

494 790 545 842 ei
585 804 774 841 ansam
810 784 1164 855 superbiendi
1198 784 1521 853 praebuerit,
1552 794 1612 837 ut
1642 784 1896 838 mandata
1947 800 2085 839 con-

496 888 785 934 temneret.
806 878 944 932 Cum
968 876 1112 930 enim
1138 875 1229 929 ille
1256 886 1309 929 et
1331 874 1425 929 Dei
1449 876 1709 945 patientia
1736 875 2085 930 occasionem

496 971 764 1036 augendae
804 984 917 1022 sua:
944 967 1339 1020 obstinationis
1394 976 1447 1021 et
1476 967 1747 1022 vecordia:
1796 968 2084 1037 arriperet,

495 1079 529 1114 a
560 1063 670 1115 Deo
692 1062 895 1114 dicitur
923 1058 1099 1112 fuisse
1129 1060 1457 1125 obdurattts;
1490 1061 1715 1129 perinde
1743 1075 1806 1115 ac
1832 1063 1877 1115 si
1900 1061 2085 1115 divina

499 1154 791 1209 clementia
817 1154 1152 1222 pertinacem
1192 1152 1289 1220 ipsi
1314 1154 1583 1218 animum,
1616 1164 1667 1207 et
1697 1153 1972 1207 crudelem
2005 1153 2090 1206 itt-

498 1251 656 1303 deret
677 1288 691 1307 ,
725 1260 777 1301 et
807 1245 1225 1316 quodammodo
1256 1261 1411 1299 suam
1441 1246 1507 1300 ad
1540 1248 1641 1301 hoc
1676 1261 1899 1317 operam
1954 1260 2091 1301 con-

500 1340 692 1394 ferret.

571 1436 640 1485 At
679 1432 824 1485 enim
857 1433 1017 1485 istaut
1049 1432 1152 1487 loci
1196 1430 1357 1494 hujus
1387 1429 1893 1499 interpretationem
1927 1428 2086 1483 multi

500 1525 721 1588 quidem
759 1524 1038 1579 innﬂ‘ensis
1070 1525 1295 1577 auribus
1322 1524 1645 1592 excipiunt,
1696 1538 1927 1593 eamque
1964 1538 2089 1577 vcr-

501 1618 619 1671 ltor.
647 1632 697 1669 m
729 1618 1149 1685 explicationem
1196 1617 1270 1669 uti
1310 1617 1456 1684 piam
1486 1618 1892 1683 amplectuntur
1923 1634 1937 1669 :
1970 1614 2089 1669 for-

500 1721 645 1764 tasse
676 1726 803 1763 veru
836 1711 887 1762 in
926 1711 1067 1763 hanc
1115 1725 1219 1761 nun
1275 1709 1489 1778 planam
1538 1708 1690 1761 dubii
1746 1708 2080 1764 solutionem

2187 507 2377 575 καιρὸν
2403 507 2503 577 τῆς
2530 507 2835 572 ἀπειθείας,
2870 508 2965 562 καὶ
2988 511 3128 581 μήτ’
3148 512 3333 577 αὐτὸν,
3368 516 3525 585 μήτε
3559 516 3626 566 τὸ
3655 515 3817 582 ἔθνος

2187 600 2613 664 συναπείθοντας
2654 601 3007 673 πανωλεθρίᾳ
3055 604 3403 674 παραδιδοὺς,
3472 606 3814 678 φιλανθρω-
3880 592 3883 593 ν

2185 693 2416 764 πότερον
2457 694 2515 746 δέ
2557 692 2658 757 τὰς
2690 692 2961 764 τιμωρίας
3010 696 3256 763 ἐπάγων,
3305 700 3620 769 παρέσχεν
3655 700 3813 771 αὐτῷ

2186 786 2373 841 ἄδειαν
2398 786 2703 857 ὑπεροψίας
2722 827 2736 853 ,
2770 787 2915 841 ὥστε
2943 789 3055 842 τῶν
3085 793 3608 863 προσταττομένων
3659 796 3818 863 ὀλιγ-

2186 882 2371 951 ωρεῖν.
2396 881 2507 951 Τὴν
2534 882 2643 953 γὰρ
2662 880 2756 934 τοῦ
2780 880 2918 935 Θεοῦ
2947 884 3333 955 μακροθυμίαν
3360 886 3652 957 ἀφορμὴν
3676 888 3820 940 ἐκεῖ·

2186 989 2277 1035 νος
2311 971 2637 1043 ποιούμενος
2666 973 2914 1041 μείζονος
2934 976 3218 1039 ἀπειθείας
3246 993 3327 1039 τε,
3367 979 3468 1030 καὶ
3500 979 3816 1045 ἀπονοίας,

2189 1063 2595 1133 σκληρυνθῆναι
2625 1065 2844 1133 λέγεται
2876 1068 3026 1138 παρά
3054 1066 3192 1120 Θεοῦ
3228 1082 3243 1099 ο
3270 1063 3361 1121 οἷα
3392 1069 3455 1121 δὲ
3496 1070 3613 1139 τῆς
3652 1070 3818 1134 θείας

2188 1155 2600 1227 φιλανθρωπίας
2648 1159 2709 1211 τὸ
2754 1159 2980 1223 ἀπειθὲς
3018 1158 3192 1231 αὐτῷ,
3248 1160 3343 1215 καὶ⁵
3389 1161 3820 1232 μισάνθρωπον

2191 1250 2622 1321 συνενδιδούσης,
2649 1253 2744 1306 καὶ
2770 1254 2976 1307 τοόπον
3002 1253 3126 1307 τινά
3155 1254 3816 1326 συγκατεργαζομένης.

2258 1432 2420 1485 Ἀλλά
2453 1433 2561 1504 γὰρ
2608 1434 2813 1504 ταύτην
2847 1435 2945 1505 τὴν
2990 1436 3215 1509 ἐκδοχὴν
3254 1436 3351 1492 τοῦ
3386 1437 3577 1507 λόγου
3613 1438 3818 1492 πολλοὶ

2191 1525 2290 1596 μὲν
2324 1526 2459 1595 ἀκοῇ
2495 1525 2688 1595 ἀλύπῳ
2728 1526 3139 1596 προσδέχονται,
3194 1529 3287 1581 καὶ
3327 1528 3403 1592 ώς
3442 1529 3817 1582 εὐσεϐοὖσαν

2190 1618 2663 1688 περιπτύσσονται
2704 1620 2805 1689 τὴν
2855 1620 2963 1671 τῶν
2994 1621 3259 1689 ῥημάτων
3292 1620 3625 1685 ἀνάπτυξιν
3650 1637 3667 1651 ·
3715 1623 3820 1675 οὐκ

2189 1708 2423 1780 εθπορον
2450 1707 2493 1762 δ’
2512 1710 2576 1763 ἄν
2601 1725 2685 1772 τις
2711 1709 2841 1770 ἴσως
2858 1709 3258 1781 ἀνθυποφέρειν
3281 1710 3603 1780 παρέχεται
3626 1710 3815 1765 λύσιν.

497 1800 770 1867 quispiam
805 1808 984 1867 potest
1014 1774 1318 1869 insurgere.
1349 1799 1417 1853 Et
1466 1799 1685 1869 quidem
1722 1797 1864 1853 Deus
1896 1800 2083 1869 plagas

2193 1803 2301 1854 Καὶ
2330 1774 2465 1871 *μὴν
2492 1803 2519 1855 ὁ
2558 1801 2690 1865 Θεὸς
2737 1803 2831 1865 τὰς
2859 1774 3381 1873 τιμωρίαςέπῆγεν
3405 1774 3580 1872 ,Ποὺχ
3622 1804 3723 1856 ἵνα
3756 1803 3820 1855 τὸ

498 1889 735 1961 Aigypto
765 1908 879 1946 suze
910 1891 1212 1961 ittﬂigelml,
1254 1908 1359 1946 non
1409 1903 1465 1946 ut
1499 1893 1773 1961 patientize
1817 1908 1931 1946 smn
1964 1908 2081 1962 spe-

498 1987 675 2038 cimen
719 1985 1010 2054 praeberet,
1042 1984 1134 2039 sed
1172 1994 1230 2037 ut
1260 1984 1592 2051 Pharaonis,
1642 1985 1873 2055 ejusque
1914 1985 2082 2038 mini-

495 2086 742 2129 strorum
786 2076 1107 2132 retunderet
1147 2076 1412 2143 furorem,
1451 2085 1617 2146 atque
1668 2089 1729 2130 ut
1789 2078 2084 2132 intoleran-

496 2172 622 2224 dam
656 2172 958 2241 duramque
992 2170 1361 2226 lsraelitarum
1382 2172 1720 2227 vexationem
1741 2173 2080 2242 reprimeret.

494 2261 683 2332 Neque
732 2263 876 2319 Deus
924 2263 1029 2317 sibi
1077 2272 1443 2333 proposuerat
1490 2262 1804 2335 Egyptian)
1863 2275 2080 2341 gentem

493 2361 762 2418 evertere,
802 2353 894 2407 sed
918 2370 1317 2417 :erumnarttm,
1348 2362 1401 2409 et
1425 2357 1849 2425 castigationum
1885 2358 2083 2413 timore

493 2442 725 2507 efficere,
767 2453 824 2497 ut
864 2444 954 2497 illa
976 2460 1101 2514 erga
1135 2443 1394 2501 Hebraeos
1422 2446 1831 2501 misericordior
1889 2448 2087 2501 Imma.

494 2537 731 2605 niorque
774 2538 946 2601 tieret,
975 2547 1138 2607 atque
1163 2538 1228 2591 ad
1255 2553 1351 2592 eos
1384 2554 1413 2591 a
1441 2540 1700 2593 servitute
1722 2577 1737 2603 ,
1770 2547 1823 2594 et
1855 2541 2086 2595 calauti-

496 2636 607 2680 tate
634 2628 947 2682 Iibcrandos
982 2628 1221 2692 facilius,
1252 2629 2083 2699 clementiusqueinduceretur.

495 2714 615 2770 Non
655 2734 787 2786 ergo
817 2718 935 2771 haec
964 2723 1014 2771 in
1045 2720 1273 2773 exordio
1306 2720 1575 2775 orationis
1610 2721 1776 2774 allata
1814 2722 2084 2792 interpre-

497 2808 634 2863 tatio
662 2809 784 2862 loco
812 2812 1097 2879 pret-esito
1132 2811 1393 2879 quadrat,
1425 2828 1604 2882 neque
1632 2813 1921 2868 verborum
1961 2830 2085 2869 sen-

499 2917 623 2956 sum
679 2918 781 2955 acu
830 2911 1061 2972 tangens
1117 2903 1499 2959 inconcussam
1552 2905 1768 2962 obtinet
1809 2909 2085 2963 stabilita-

498 3004 607 3050 tem
639 2993 773 3065 (20).

568 3089 639 3141 At
670 3087 779 3141 dici
815 3088 1022 3157 nequit,
1051 3088 1195 3157 quod
1226 3088 1688 3158 rectiorejudieio
1712 3092 2077 3163 indigeamus,

2190 1898 2546 1967 μακρόῆυμον
2566 1894 2730 1947 αὑτοῦ
2756 1897 3035 1964 παραστῇ,
3063 1893 3179 1947 ἀλλ’
3207 1894 3293 1947 ἵνα
3314 1896 3413 1963 τὴν
3435 1893 3551 1947 τοῦ
3600 1894 3817 1965 Φαραὼ

2187 1989 2281 2041 καὶ
2309 1988 2417 2040 τῶν
2460 1987 2811 2058 θεραπόντων
2842 1986 3009 2040 αὑτοῦ
3040 1986 3259 2060 θραύσῃ
3296 1987 3533 2057 μανίαν,
3571 1989 3679 2041 καὶ
3710 1990 3815 2058 τὴν

2186 2079 2414 2149 ἄσχετον
2440 2081 2583 2131 κατά
2603 2079 2712 2131 τῶν
2734 2077 3112 2147 Ἰσραηλιτῶν,
3136 2079 3230 2131 καὶ
3253 2078 3465 2148 πικρὰν
3490 2078 3813 2148 άναστείλῃ

2187 2168 2502 2240 κακουχίαν.
2538 2169 2671 2222 Οὐδὲ
2698 2168 3113 2240 προηγούμενον
3142 2164 3211 2240 ἦν
3254 2168 3332 2239 τῷ
3381 2168 3513 2239 Θεῷ
3545 2168 3614 2221 τὸ
3637 2167 3817 2236 Αἰγύ-

2188 2277 2343 2313 πτιον
2382 2260 2764 2313 καταναλῶσαι
2796 2260 2971 2327 γένος,
3009 2259 3143 2313 ἀλλά
3168 2259 3245 2329 τῷ
3276 2260 3428 2329 φόϐῳ
3459 2259 3587 2311 τῶν
3621 2276 3811 2329 τιμω-

2188 2351 2344 2421 ριῶν,
2380 2350 2475 2402 καὶ
2510 2350 2786 2413 κολάσεως
2825 2350 3299 2421 συμπαθέστερον,
3333 2351 3429 2402 καὶ
3464 2349 3813 2419 φιλανθρω-

2188 2443 2418 2512 πότερον
2449 2442 2873 2513 παρασκευάσαι
2897 2442 3231 2495 διατίθεσθαι
3261 2441 3399 2512 πρὸς
3420 2442 3523 2495 τὸν
3547 2440 3804 2511 Ἰσραὴλ,

2187 2536 2281 2588 καὶ
2306 2536 2403 2604 τῆς
2424 2535 2803 2605 αἰχμαλωσίας
2833 2535 3020 2599 αὑτοῦ,
3055 2536 3150 2588 καὶ
3188 2534 3586 2606 ταλαιπωρίας
3616 2532 3807 2589 ἀπαλ-

2186 2627 2359 2698 λαγὴν
2408 2628 2827 2696 εὐπειθέστερον
2859 2628 3067 2691 αὐτοῖς,
3118 2627 3213 2681 καὶ
3262 2627 3806 2697 φιλανθρωπότερον

2186 2720 2464 2785 δέξασθαι.
2497 2721 2707 2773 Οὐκοῦν
2735 2724 2762 2773 ό
2797 2720 2855 2787 ἐξ
2890 2721 3066 2791 ἀρχῆς
3101 2721 3199 2790 τῆς
3226 2720 3607 2786 ἀναπτύξεως
3636 2720 3805 2787 λόγος

2184 2812 2284 2881 τὴν
2314 2812 2521 2863 οἰκείαν
2566 2810 2836 2881 λαμϐάνει
2870 2811 3047 2876 τάξιν,
3085 2812 3179 2864 καὶ
3208 2812 3268 2863 τὸ
3302 2812 3492 2875 καλῶς
3555 2811 3803 2881 ἐστοχάι-

2188 2902 2313 2956 σθαι
2356 2904 2453 2972 τῆς
2502 2902 2609 2955 τῶν
2635 2904 2817 2974 ῥητῶν
2865 2904 3102 2967 διανοίας
3146 2904 3535 2958 ἀναπόϐλητον
3573 2903 3695 2975 ἔχει
3740 2901 3803 2955 τὸ

2188 2995 2615 3066 ἀπερίτρεπτον.

2266 3088 2379 3141 Οὐκ
2409 3088 2473 3140 ἂν
2504 3087 2559 3139 δὲ
2588 3086 2765 3155 λέγειν
2794 3089 2877 3156 εἴη
2923 3086 3160 3158 κρίσεως
3191 3086 3360 3159 ὀρθῆς
3393 3088 3801 3157 ἐνδεέστερον,

496 3178 545 3233 si
578 3178 710 3233 illud
744 3195 756 3231 :
800 3197 818 3229 ι
855 3176 967 3249 Ego
1016 3178 1289 3234 indurabo
1321 3195 1418 3235 cor
1458 3180 1760 3239 Pharaonis
1811 3152 2083 3255 interpre-

2193 3181 2261 3245 ὡς
2288 3179 2370 3244 τὸ,
2405 3197 2423 3230 ι
2467 3178 2608 3245 Ἐγὼ
2640 3152 2927 3249 σκληρυνῶ
2955 3152 3052 3249 τὴν
3088 3152 3324 3249 καρδίαν
3349 3179 3583 3251 Φαραὼ,
3620 3200 3641 3232 ι
3668 3152 3800 3233 ⁷ἀντὶ

498 3280 679 3324 temur
717 3273 820 3326 hoc
852 3283 1013 3341 pacto
1048 3289 1061 3326 :
1092 3287 1187 3328 cor
1211 3272 1323 3340 jam
1362 3274 1581 3339 durum,
1634 3286 1795 3347 atque
1843 3278 2087 3334 indomi-

499 3371 617 3416 tum
671 3378 773 3431 ego
820 3364 992 3433 magis
1053 3364 1404 3434 patefaciant,
1476 3367 1582 3423 isto
1636 3369 1772 3423 allici
1824 3371 1981 3435 vitio,
2031 3380 2088 3424 et

498 3469 675 3523 neque
706 3463 904 3534 morte,
942 3472 1117 3527 neque
1142 3458 1430 3526 suppliciis
1461 3459 1881 3517 imminentibus
1915 3464 2090 3517 emol-

502 3544 613 3599 iiri.
650 3564 667 3596 ι
722 3547 1025 3602 Enimvero
1052 3548 1255 3603 duritia
1302 3552 1484 3605 cordis
1516 3553 1820 3609 Pharaonis
1859 3566 2089 3611 ca-tero-

504 3650 757 3705 rumque,
811 3637 902 3705 qui
954 3636 1075 3706 ejus
1116 3638 1361 3691 animum
1398 3639 1635 3692 temnlati
1695 3640 2089 3696 humanitatem

499 3741 631 3779 cum
693 3725 907 3781 feritate
961 3738 1388 3792 commutarunt,
1438 3731 1696 3786 omnibus
1765 3742 1986 3787 ostensa
2038 3742 2093 3788 et

500 3815 827 3871 denuntiata
870 3826 991 3883 est;
1041 3818 1172 3871 dum
1229 3832 1304 3872 ne
1353 3825 1517 3871 tanta:
1548 3817 1793 3888 quidem,
1844 3820 2092 3890 talesque

500 3908 847 3964 calamitates
908 3909 1168 3964 duritiam
1224 3925 1459 3975 eorum,
1529 3918 1581 3964 et
1643 3910 2089 3967 oblirmationem

502 4001 774 4065 emollire,
800 4010 966 4072 atque
989 4002 1377 4057 obcaecationis
1401 4006 1509 4056 vim
1535 4002 1747 4058 solvere
1771 4012 2089 4073 potuerunt.

503 4094 685 4162 Atque
731 4095 1049 4163 priusquam
1100 4095 1309 4150 szevitie
1384 4106 1438 4150 et
1477 4094 1880 4151 inhumanitate
1919 4111 2093 4150 excze-

500 4195 726 4240 caretur
759 4186 1063 4243 Pharaonis
1119 4189 1357 4254 animus,
1414 4188 1631 4258 patebat
1670 4188 1910 4259 quidem,
1944 4188 2091 4259 quod

500 4280 573 4334 ad
625 4279 957 4334 inducutlam
1011 4281 1357 4335 clementiam
1403 4298 1509 4335 non
1560 4282 1947 4348 induceretur;
1997 4282 2092 4337 sed

504 4380 690 4426 tamen
763 4388 869 4427 non
928 4374 1192 4443 patebat,
1264 4375 1410 4444 quod
1474 4373 1609 4429 adeo
1679 4374 1895 4441 durus,
1955 4376 2092 4430 adeo

2186 3272 2281 3327 τοῦ
2306 3288 2323 3305 ο
2352 3270 2603 3342 Σκληράν
2624 3267 2813 3335 οὖσαν,
2844 3271 2940 3323 καὶ
2964 3271 3303 3340 ἀτεράμονα,
3337 3271 3549 3342 μᾶλλον
3585 3269 3807 3323 ἐπιδείέ

2189 3362 2265 3429 ξω
2288 3361 2448 3415 τοῦτο
2476 3362 2794 3431 πάσχουσαν
2822 3400 2837 3424 ,
2862 3361 2957 3413 καὶ
2980 3362 3119 3431 μήτε
3145 3360 3400 3426 θανάτου,
3432 3362 3589 3432 μήτε
3622 3377 3801 3429 τιμω-

2192 3454 2323 3527 ριῶν
2379 3455 2658 3524 παρουσία
2706 3453 3154 3525 μαλασσομένην.
3210 3455 3322 3509 Καὶ
3360 3454 3473 3525 γὰρ
3530 3452 3796 3523 ἐπίδηλος

2192 3548 2393 3619 μᾶλλον
2430 3550 2463 3619 ἡ
2500 3548 2807 3618 σκληρότης
2837 3547 2935 3617 τῆς
2960 3548 3365 3619 Φαραωνίτιδος
3401 3549 3666 3619 καρδίας,
3701 3545 3795 3598 καὶ

2188 3641 2321 3705 τῶν,
2355 3641 2472 3694 ὅσοι
2518 3642 2656 3713 πρὶς
2695 3640 2793 3711 τὴν
2834 3640 3001 3694 αὑτοῦ
3044 3641 3273 3712 γνώμην
3312 3641 3698 3712 ἁμιλλώμενοι
3733 3638 3793 3689 τὸ

2189 3732 2535 3805 ἀνθρώπινον
2582 3734 3015 3805 ἀπεθηριοῦντο,
3068 3737 3237 3789 πᾶσιν
3295 3736 3638 3807 ἐπεδείχθη,
3698 3733 3794 3786 καὶ

2189 3826 2483 3899 διηγγέλθη
2516 3841 2531 3857 ·
2583 3826 2679 3880 ἆτε
2717 3827 2774 3880 δὲ
2816 3828 2957 3898 μήτε
3000 3826 3108 3881 τῶν
3151 3828 3461 3894 τοσούτων,
3500 3830 3600 3883 καὶ
3636 3826 3792 3898 τηλι-⁵

2191 3921 2403 3975 κούτων
2434 3920 2542 3974 τῶν
2565 3921 2791 3990 πληγῶν
2822 3921 2881 3974 τὸ
2907 3920 3145 3992 σκληρὸν
3181 3921 3361 3975 αὐτῶν
3382 3964 3397 3988 ,
3436 3925 3537 3978 καὶ
3588 3923 3793 3991 ἁτέρα·-

2195 4030 2327 4083 μνον
2388 4012 2897 4084 ὑπομαλαξάντων,
2964 4015 3103 4085 μήτε
3180 4015 3279 4085 τῆς
3340 4015 3661 4084 πωρώσεως
3730 4009 3791 4064 τὸ

2191 4110 2430 4180 ἀκμαῖον
2458 4108 2948 4177 ὑπεκλυσαμένων.
2993 4108 3103 4163 Καὶ
3136 4109 3267 4179 πρὶν
3289 4111 3355 4180 τῇ
3384 4109 3664 4179 ὠμότητι,
3696 4106 3793 4157 καὶ

2196 4200 2586 4273 μισανθρωπία
2621 4202 2978 4272 ἐπεπώρωτο,
3000 4200 3437 4271 μεταϐάλλεσθαι
3466 4201 3534 4254 οὐ
3567 4213 3790 4268 προσιε-

2197 4294 2338 4367 μένη
2371 4294 2506 4365 πρὸς
2537 4295 2875 4365 ἡμερότητα,
2903 4294 3044 4347 ἀλλὰ
3080 4290 3173 4346 οὖν
3203 4295 3302 4365 οὐχ
3345 4292 3525 4357 οὕτως
3557 4287 3789 4361 ἐγνωρί-

2196 4385 2321 4450 ζετο
2352 4385 2585 4457 σκληρὰ,
2616 4386 2711 4439 καὶ
2743 4385 3007 4454 αὐθάδης,
3035 4385 3131 4439 καὶ
3152 4385 3471 4457 ἀμείλικτος
3503 4389 3538 4456 ὴ
3558 4386 3785 4452 Φαραώ-

506 4465 802 4535 superbus,
848 4472 903 4518 et
932 4465 1068 4519 adeo
1121 4464 1434 4519 inﬂexibilis
1476 4475 1656 4520 esset:
1692 4482 1869 4537 neque
1899 4468 1945 4522 is
1980 4468 2086 4520 ullo

2196 4483 2332 4542 νίτις
2361 4478 2508 4551 ψυχή
2538 4494 2551 4509 ο
2597 4478 2719 4531 οὐδὲ
2767 4478 2877 4531 τῶν
2921 4477 3098 4532 ἄλλων
3135 4479 3311 4534 οὐδενὶ
3342 4477 3487 4533 οὕτω
3527 4480 3665 4532 πᾶσι
3711 4473 3787 4526 δι-

506 4558 814 4614 facinurunt
847 4573 1075 4613 suorum
1109 4559 1190 4613 sic
1218 4558 1470 4613 omnibus
1505 4558 1762 4624 innotuit,
1802 4568 1856 4614 et
1884 4560 2090 4613 indele-

508 4650 618 4705 bile
670 4651 773 4705 sibi
828 4658 1247 4704 monumentum
1315 4651 1693 4719 comparavit;
1747 4661 1809 4705 ut
1867 4652 2089 4722 quando

510 4758 607 4813 per
664 4741 1002 4797 incredibilia
1072 4741 1317 4812 prodigia
1375 4741 1719 4810 ﬂagellatus,
1787 4743 1842 4797 in
1899 4745 2088 4799 eadem

512 4846 694 4888 tamen
740 4833 1104 4896 immanitate,
1144 4846 1198 4886 et
1236 4832 1385 4886 rabie
1418 4832 1590 4886 ferina
1630 4836 1946 4903 permansit.

574 4926 637 4981 Si
682 4927 808 4997 quis
863 4934 1048 4980 autem
1092 4926 1316 4996 planius
1361 4941 1582 4996 quoque
1638 4927 1764 4981 velit
1814 4942 1879 4983 ea
1930 4928 2093 4984 verba

2195 4565 2476 4636 ἐϐεϐόητο,
2513 4567 2609 4621 καὶ
2650 4566 3013 4637 ἁνεστηλοῦτο
3040 4567 3177 4637 πρὸς
3206 4567 3485 4640 θρίαμϐον
3516 4565 3784 4632 ἀνεξάλειο

2200 4675 2332 4711 πτον
2367 4674 2381 4689 ο
2407 4657 2479 4721 ώς
2508 4660 2622 4722 τοῖς
2666 4659 2818 4730 παρά
2845 4659 3003 4727 δόξης
3026 4659 3210 4730 ἔργοις
3254 4659 3660 4731 μαστιζομένη,
3692 4653 3786 4708 καὶ

2196 4751 2290 4804 ἐπὶ
2320 4750 2419 4820 τῆς
2444 4751 2614 4821 αὐτῆς
2641 4751 2989 4822 ἀγριότητος,
3026 4754 3119 4805 καὶ
3145 4752 3445 4823 θηριώδους
3466 4754 3649 4824 ὁρμῆς
3668 4748 3782 4800 δια·

2200 4840 2364 4911 μένου
2374 4857 2461 4895 σα.

2271 4930 2415 4982 Είδέ
2450 4947 2533 4994 τις
2577 4930 2673 4984 καὶ
2722 4932 3099 5005 ἁπλούστερον
3140 4934 3316 4989 ἐθέλοι
3354 4933 3681 5006 μεταλαϐεῖν
3725 4926 3779 4980 τδ

511 5019 886 5089 interpretari,
958 5028 1014 5075 et
1051 5019 1183 5074 illud
1214 5036 1229 5072 :
1279 5039 1297 5071 ‹
1330 5018 1443 5090 Ego
1478 5019 1746 5074 indurabo
1774 5038 1791 5070 ι
1831 5020 2086 5088 intelligat

2194 5021 2400 5091 λόγιον,
2420 5026 2512 5077 καὶ
2535 5024 2597 5076 τό
2621 5038 2635 5053 ο
2660 5043 2679 5076 ι
2700 5024 2846 5093 Ἐγὼ
2876 5025 3189 5098 σκληρυνῶ,
3214 5046 3232 5078 ι
3264 5028 3387 5081 ἀντὶ
3408 5026 3527 5093 τοῦ,
3546 5046 3563 5077 ι
3589 5023 3777 5079 Ἐάσωο

510 5127 609 5182 pro
632 5129 650 5163 ι
678 5126 780 5182 ego
812 5112 987 5165 sinam
1036 5119 1090 5164 et
1134 5109 1443 5181 permittam
1480 5108 1676 5165 durum
1708 5111 1864 5179 ﬁeri;
1898 5129 1915 5162 ι
1950 5122 2096 5166 certe

511 5202 734 5271 quidem
771 5218 802 5257 a
841 5202 1097 5274 religiosa
1135 5200 1410 5271 cogitandi
1447 5201 1663 5257 ratione
1691 5216 1869 5272 neque
1902 5203 2093 5258 isthaec

512 5295 907 5351 commentatio
926 5294 1232 5351 aberrarit:
1259 5307 1366 5351 non
1398 5294 1713 5366 aggreditur
1744 5306 1925 5351 autem
1962 5312 2090 5367 pru-

2196 5117 2294 5171 καὶ
2328 5119 2721 5188 παραχωρήσω
2773 5120 3020 5189 σκληρὰν
3071 5121 3347 5189 γενέσθαι,
3405 5124 3592 5191 νοήσει
3628 5133 3642 5147 ⁸
3683 5117 3776 5180 τῆς

2201 5207 2302 5278 μὲν
2338 5208 2671 5280 εὐσεϐούσης
2710 5210 2871 5281 δόξης
2898 5211 3005 5264 οὐδ’
3033 5205 3189 5276 οὗτος
3219 5215 3247 5267 ὁ
3276 5213 3433 5282 λόγος
3460 5214 3739 5280 διέστηκεν
3762 5215 3776 5230 ⁸

2196 5300 2299 5370 τῆς
2331 5299 2638 5373 μεταϐολῆς
2673 5302 2731 5357 δὲ
2762 5302 2870 5356 τῶν
2904 5306 3173 5375 ῥημάτων
3199 5306 3300 5359 οὐκ
3338 5306 3643 5371 ιδιάζωσαν
3668 5296 3774 5367 εχει

2046 5480 2279 5538 NOTAE.

585 5623 697 5695 (⁸54)
728 5623 795 5678 At
826 5626 986 5680 istam
1017 5623 1640 5695 egojnterpretationem
1673 5622 1899 5679 minime
1931 5622 2088 5677 dam-

517 5694 717 5766 naritn,
746 5697 945 5766 quippe
971 5709 1093 5762 quae
1123 5694 1367 5766 fautor_es
1411 5697 1570 5750 habet
1600 5695 2084 5766 praeclarissimum

510 5761 799 5834 Origeneui
825 5761 1032 5818 Philae.
1070 5778 1121 5818 c.
1143 5766 1213 5819 20
1235 5803 1251 5831 ,
1278 5764 1321 5818 Τ
1329 5761 1705 5833 ιιοοιίυῐθιιὶω,
1731 5766 1785 5820 in
1816 5763 1988 5835 Epist.
2020 5770 2087 5818 ad

2197 5626 2376 5751 Rana.8
2390 5643 2469 5691 ix.
2507 5627 2607 5699 l7;
2637 5646 2702 5686 ac
2735 5628 3023 5697 Basilium,
3050 5628 3305 5685 SchoLiu
3329 5629 3505 5699 Epist.
3527 5627 3595 5685 ad
3627 5621 3769 5677 RW“

2197 5714 2272 5751 ιι.
2382 5737 2396 5751 .

2196 5714 2272 5765 Ix,
2305 5714 2396 5752 zu.
