4084 6482
377 358 485 421 285

1295 355 1396 415 ΑΙ)
1426 354 2028 415 AMPHIIQCHIUM
2060 357 2408 427 QU/‘ESTIU
2473 360 2625 419 XLI.

3544 370 3650 440 εδδ

370 476 471 549 τὴν
513 472 930 547 μεταχείρησιν,
969 472 1106 527 ἀλλά
1143 473 1221 537 εἰς
1254 472 1355 544 τὴν
1401 472 1592 543 κοινὴν
1624 472 1959 541 καταφεύγει

2067 474 2241 542 priam
2279 474 2381 529 loci
2417 473 2580 544 hujus
2610 478 3138 548 interpretationem,
3172 484 3264 540 sed
3303 487 3369 541 ad
3401 505 3649 547 tommu-

371 569 548 630 λύσιν,
582 567 652 622 δι’
685 564 754 639 ἧς
791 568 886 620 καλ.
922 567 1057 621 ἄλλα
1080 566 1255 619 πλείω
1293 566 1354 619 16
1390 569 1485 637 τῆς
1525 565 1749 635 μεθόδου
1785 565 1960 617 κοινὸν

371 660 662 714 ἒπιλύεται
694 675 708 689 ·
760 659 836 721 ὡς
869 660 932 712 16
957 699 970 721 ,
1016 678 1033 710 ι
1077 657 1408 730 Παρέδωκεν
1445 659 1643 721 αὐτοὺς
1682 659 1762 719 εἰς
1812 655 1960 725 πάθη

372 750 599 820 ἀτιμίας
627 766 642 780 ·
686 768 703 801 ι
736 751 853 814 καὶ,
886 767 904 800 ι
946 749 1274 819 Παρέδωκεν
1303 750 1332 802 6
1363 748 1496 812 Θεὸς
1526 749 1583 800 ὲν
1611 749 1731 809 ταῖς
1768 745 1961 798 ἐπιθυ-

378 842 533 911 μίαις
571 842 670 910 τῆς
703 842 932 911 καρδίας
963 840 1146 894 αὐτῶν
1166 858 1179 871 ·
1230 860 1249 894 ι
1280 841 1398 905 καὶ,
1436 860 1454 892 t
1491 839 1689 903 Καθὼς
1714 839 1815 891 οὐκ
1846 838 1962 891 ἐδο-

376 937 615 1006 κίμασαν
662 934 754 987 τὸν
792 934 923 987 Θεὸν
961 934 1107 1005 ἔχειν
1156 935 1214 987 ὲν
1264 932 1580 1002 ἐπιγνώσει,
1639 932 1961 1001 παρέδωκεν

374 1028 571 1089 αὐτοὺς
596 1029 624 1079 6
653 1027 785 1089 Θεὸς
813 1029 892 1090 είς
926 1027 1188 1096 ἀδόκιμον
1216 1026 1341 1079 νοῦν
1366 1043 1379 1058 ·
1412 1044 1430 1077 ›
1460 1028 1576 1088 καὶ,
1608 1044 1625 1076 ι
1649 1024 1959 1093 Ἐτύφλωσε

370 1118 441 1171 τὰ
476 1119 725 1187 νοήματα
758 1117 867 1170 τῶν
894 1117 1143 1170 ἀπίστων
1175 1119 1255 1181 εἰς
1288 1117 1349 1170 16
1386 1116 1460 1187 μὴ
1501 1116 1742 1183 αὐγάσαι
1774 1115 1960 1177 αὐτοῖς

370 1212 463 1263 τὶν
501 1210 783 1280 φωτισμὸν
814 1209 908 1263 τοῦ
941 1210 1299 1279 Εὑαγγελίουι
1338 1228 1356 1261 ›
1386 1211 1502 1275 καὶ,
1538 1226 1557 1260 ι
1587 1209 1830 1261 Ἔδωκεν
1862 1208 1961 1259 αὐ·-

368 1305 482 1364 τοίς
523 1304 551 1354 6
581 1301 715 1363 Θεὸς
752 1301 971 1371 πνεῦμα
1002 1299 1375 1363 κατανύξεως,
1406 1298 1724 1369 ὀφθαλμοὺς
1750 1296 1846 1350 τοῦ
1885 1296 1959 1367 μὴ

373 1392 620 1461 βλέπειν,
654 1392 746 1443 καὶ
774 1385 889 1444 ὦτα
916 1391 1008 1444 τοῦ
1040 1391 1114 1461 μὴ
1141 1388 1381 1442 ἀκούειν’
1417 1406 1436 1439 ι
1465 1389 1581 1451 καὶ,
1622 1408 1641 1440 ‹
1676 1387 1959 1455 Πεπώρω-

373 1497 467 1534 κεν
500 1480 683 1533 αὐτῶν
709 1481 736 1533 ὁ
767 1480 899 1542 Θεὸς
929 1478 1027 1549 τὴν
1058 1477 1286 1544 καρδίαν
1311 1495 1325 1510 ο
1370 1494 1387 1527 ι
1422 1475 1535 1537 καὶ,
1577 1494 1595 1526 ι
1649 1473 1959 1537 Ἐξέκλινας

370 1573 471 1636 τὰς
499 1573 721 1643 τρίϐους
745 1572 902 1644 ἡμῶν
925 1571 1034 1625 ἀπὸ
1052 1570 1153 1639 τῆς
1178 1568 1299 1622 ὁδοῦ
1326 1585 1420 1621 σου
1440 1567 1575 1639 (55),
1608 1585 1626 1618 ι
1663 1568 1757 1621 καὶ
1789 1566 1958 1637 μυρία

371 1666 528 1719 ἄλλα.
893 1706 898 1711 .

442 1758 505 1809 Εί
532 1756 640 1827 γὰρ
665 1756 759 1809 καλ⁹
789 1754 999 1826 ἑτέροις
1023 1754 1236 1821 ἐφόδοις
1261 1752 1492 1806 ἕκαστον
1514 1752 1624 1805 τῶν
1650 1752 1957 1823 εἰρημένων

372 1850 535 1921 ἱερῶν
593 1850 803 1918 Λογίων
835 1854 915 1912 εις
960 1847 1022 1901 16
1064 1846 1404 1916 σαφέστατόν
1458 1863 1518 1899 τε
1564 1847 1662 1899 καὶ
1690 1846 1959 1900 ἀστασία-

372 1957 497 1994 στον
534 1938 1048 2010 καταρρυθμίζεται
1075 1954 1088 1967 ·
1124 1937 1237 1990 ἀλλ’
1271 1936 1364 1991 οὖν
1394 1938 1531 2008 αὕτη
1580 1939 1614 2007 ὴ
1648 1929 1822 2006 κοινῆ,
1862 1937 1958 1990 καὶ

369 2032 514 2085 κατά
562 2031 781 2083 πάντων
828 2030 937 2083 τῶν
979 2030 1178 2100 ὁμοίων
1224 2029 1496 2100 μεταϐολὴ
1543 2030 1694 2082 οὐδὲν
1737 2029 1958 2081 ἔλαττον

370 2124 469 2176 καὶ
501 2122 597 2175 τοῦ
627 2122 1010 2182 ὲπιθολοῦντος
1059 2122 1188 2185 τοὺς
1235 2121 1534 2192 λογισμούς
1576 2122 1725 2173 ἐστιν
1755 2122 1959 2175 ἀνακά-

374 2214 588 2285 θαρσις,
614 2216 708 2269 καὶ
734 2216 795 2267 οὐ
836 2214 925 2267 διὰ
957 2215 1316 2285 μακροτέρων
1344 2215 1446 2285 τὴν
1489 2213 1796 2284 μεταϐολὴν
1835 2215 1957 2267 ὲπι-

371 2308 666 2362 δείκνυται.
693 2309 766 2362 Τὸ
794 2308 903 2380 γὰρ
934 2307 1238 2376 παρέδωκε
1261 2308 1352 2361 καὶ
1369 2306 1573 2372 ἔδωκε,
1604 2308 1696 2359 καὶ
1726 2307 1956 2359 ἕκαστον

371 2401 482 2454 τῶν
521 2400 828 2471 εἰρημένων
862 2402 981 2453 ἀντὶ
1009 2399 1105 2452 τοῦ
1146 2398 1601 2468 συνεχώρησεν,
1642 2398 1955 2463 ἐνέδωκεν,

367 2494 543 2545 εἴασε
569 2492 984 2563 λαμϐανόμενον
1022 2490 1085 2543 οὐ
1122 2490 1259 2561 πρὸς
1284 2489 1595 2544 τούναντίον
1632 2490 1733 2557 τῆς
1778 2489 1958 2559 ὁρμῆς

367 2583 693 2648 ἐξεϐιάσατο
722 2583 784 2636 16
833 2582 1195 2654 ἀπροαίρετον
1227 2581 1525 2650 κατάρχειν
1548 2580 1647 2649 τῆς
1683 2582 1957 2650 προαιρέ-

368 2692 513 2738 σεως
542 2676 843 2743 ἠνάγκασε,
868 2674 963 2727 καί
989 2672 1083 2725 τοῦ
1115 2672 1467 2736 αὐτεξουσίου
1507 2672 1635 2734 τοὺς
1657 2671 1956 2740 λογισμοὺς

365 2768 751 2837 ἀπεστέρησεν
793 2767 928 2837 (56),
978 2768 1035 2817 ὲν
1078 2766 1216 2827 ῐσοις
1261 2767 1406 2835 ὅροις
1452 2764 1718 2817 ἑκκλείων
1768 2765 1829 2817 τὸ
1870 2765 1955 2833 ἐφ’

367 2860 526 2928 ἡμῖν,
568 2861 663 2913 καὶ
697 2859 757 2911 τὸ
793 2858 868 2930 μὴ
899 2858 983 2926 ἐφ’
1006 2860 1158 2928 ἡμῖν,
1189 2856 1505 2927 διωρίσατο,
1529 2856 1638 2909 οὐδ’
1663 2856 1956 2918 ἀκουσίους

367 2952 509 3022 πρὸς
558 2951 621 3004 τὸ
646 2951 812 3004 καλὸν
856 2949 1272 3020 μεθειλκύσατο,
1320 2949 1441 3001 οὐδὲ
1491 2950 1564 3019 μὴ
1599 2948 1957 3019 βουλομένους

367 3042 473 3111 τῆς
503 3042 823 3114 προθέσεως
850 3043 1177 3112 ἀνεχαίτισε.
1216 3042 1288 3095 T6
1316 3040 1459 3093 οὕτω
1491 3042 1844 3110 μεταϐάλλειν
1874 3042 1953 3104 είς

369 3136 471 3197 τὰς
501 3135 874 3205 ὁμοδυνάμους
908 3174 922 3199 ,
968 3137 1061 3187 καλ⁵
1092 3134 1428 3204 ἀμφιϐόλους
1458 3134 1663 3201 φωνὰς,
1707 3134 1806 3196 τὰς
1832 3134 1952 3185 ὅσαι
1983 3165 2027 3222 C

372 3229 487 3290 τοῖς
527 3228 734 3291 πολλοῖς
767 3228 984 3282 ἐδόκουν
1013 3228 1248 3298 ἀπορίαν
1274 3228 1541 3299 παρέχειν
1572 3225 1650 3297 τῷ
1678 3226 1776 3296 τῆς
1809 3228 1952 3297 6pm-

372 3320 571 3389 νυμίας
612 3320 926 3391 ἀμερίστως
954 3320 1328 3390 συνεχόμεναι,
1348 3322 1445 3389 τῆς
1469 3335 1529 3370 τε
1562 3317 1837 3386 ἀσφαλοῦς
1871 3318 1956 3389 εἴη

373 3410 442 3464 ἂν
475 3411 814 3482 ὑπολήψεως,
850 3412 943 3464 καὶ
972 3414 1038 3482 τῇ
1084 3411 1184 3481 μιᾷ
1211 3410 1416 3482 θεωρία
1449 3409 1623 3462 πλείω
1665 3408 1951 3479 διαλυομέ-

368 3520 471 3572 νης
505 3502 802 3574 ζητήματα
837 3504 975 3572 (57).

2066 581 2188 617 nem
2226 566 2477 635 confugit
2506 569 2859 635 solutionem,
2902 590 2997 641 per
3022 592 3185 645 quam
3227 588 3281 631 et
3316 582 3497 647 plures
3528 586 3648 640 alite

2064 656 2408 712 difﬁcultates
2453 661 2636 729 regula
2686 666 2963 718 communi
3016 670 3375 724 euucleantur
3407 690 3421 727 :
3454 690 3647 743 quem-

2064 749 2358 803 admodum
2394 769 2406 803 :
2438 752 2565 805 illud
2598 773 2616 803 ι
2653 753 2902 810 Tradidit
2936 758 3055 811 illos
3093 764 3143 813 in
3180 765 3463 830 passimes
3490 783 3645 838 igno-

2062 840 2246 893 miniaa
2270 842 2348 905 ’9;
2388 860 2407 892 ι
2442 854 2493 895 et
2531 862 2551 893 ι
2584 841 2831 900 Tradidit
2878 850 3015 902 lreus
3052 850 3103 902 in
3139 852 3410 907 desideria
3458 859 3645 912 cordis

2061 947 2249 986 eorum
2274 934 2354 999 3°;
2393 953 2411 985 ι
2466 945 2725 1004 praeterea
2781 955 2793 991 :
2845 956 2864 989 ι
2902 940 3055 993 Sicut
3107 957 3210 996 n0n
3278 947 3646 1013 prolmverunt

2063 1023 2232 1079 Deum
2300 1027 2501 1081 habere
2562 1029 2615 1083 in
2669 1031 2894 1094 notitia,
2951 1035 3171 1087 tradidit
3223 1036 3343 1092 ills
3398 1041 3536 1097 Deus
3588 1044 3641 1096 in

2060 1122 2356 1187 reprohum
2404 1136 2625 1177 sensum
2651 1122 2729 1189 ³¹;
2762 1142 2781 1174 ι
2839 1124 2971 1189 imo,
3030 1144 3047 1178 ι
3082 1126 3388 1183 Exczecavit
3436 1145 3646 1190 tuentes

2062 1212 2387 1277 inlidelium,
2431 1222 2492 1268 ut
2539 1230 2647 1268 non
2688 1214 2893 1286 fulgeat
2941 1217 3047 1271 illis
3096 1219 3425 1275 illuminatio
3467 1224 3646 1279 Evan-

2061 1306 2285 1375 gelii“;
2320 1326 2338 1359 ι
2379 1315 2493 1361 tum
2530 1326 2543 1361 :
2581 1327 2599 1359 ι
2632 1307 2791 1363 Dedit
2835 1309 2941 1363 illis
2967 1310 3157 1380 (Deus)
3202 1314 3454 1382 spiritum
3492 1332 3646 1370 cont-

2062 1399 2393 1467 punetiouis,
2442 1400 2651 1467 oculos,
2694 1410 2753 1454 ut
2806 1416 2914 1455 non
2962 1403 3203 1468 videant,
3255 1414 3309 1459 et
3357 1421 3539 1472 aures,
3586 1416 3646 1461 ut

2062 1504 2169 1542 non
2201 1491 2425 1544 audiant
2450 1491 2526 1557 ³³;
2569 1510 2588 1542 ι
2662 1493 2943 1562 denique:
2987 1512 3005 1543 ι
3049 1492 3330 1549 luduravrt
3386 1512 3483 1551 cor
3549 1514 3645 1553 eo-

2060 1593 2178 1630 rum
2202 1578 2283 1643 ";
2314 1597 2332 1629 ι
2372 1590 2652 1648 postremo
2685 1598 2697 1633 :
2728 1601 2745 1632 ι
2780 1582 3072 1639 Declinasti
3106 1585 3330 1641 semitas
3357 1599 3578 1645 nostras
3612 1606 3644 1646 a

2061 1667 2149 1721 via
2185 1678 2276 1722 tua
2302 1668 2367 1734 ³⁸,
2403 1688 2421 1720 ι
2454 1678 2620 1739 atque
2660 1671 2763 1724 alia
2797 1682 3080 1727 sescenta.

2133 1758 2249 1814 Etsi
2295 1761 2438 1814 enim
2490 1762 2611 1816 aliis
2644 1764 2952 1833 explicandi
2987 1767 3163 1821 modis
3208 1771 3644 1842 unumquodque

2062 1867 2350 1906 sacrorum
2384 1854 2762 1918 oraculorum,
2794 1871 2917 1924 qua:
2954 1874 3129 1927 nuper
3160 1875 3459 1916 memorata
3489 1873 3640 1927 SUlll,

2062 1944 2560 2000 luculentissimum
2620 1955 2673 2001 et
2710 1950 3098 2004 inconcussum
3140 1953 3347 2006 obtinet
3379 1970 3638 2022 sensum;

2060 2046 2240 2093 tamen
2271 2038 2578 2093 communis
2616 2040 2822 2107 istlime,
2866 2050 2918 2094 et
2969 2045 3036 2095 ad
3084 2056 3275 2098 omnes
3322 2045 3640 2114 hujusmodi

2059 2128 2365 2183 locutiones
2399 2129 2683 2197 pertinens
2728 2129 2997 2198 expositio
3031 2132 3392 2189 nihilominus
3442 2136 3643 2191 sullicit

2058 2219 2124 2273 ad
2153 2216 2477 2271 refellendus
2507 2218 2745 2273 hominis
2780 2220 3061 2275 veritatem
3087 2224 3441 2281 obscurautis
3472 2227 3643 2281 cavil-

2060 2310 2314 2373 lationes,
2348 2325 2447 2363 nec
2482 2325 2578 2379 per
2608 2312 2885 2381 longiores
2914 2314 3171 2383 ambages
3208 2317 3430 2372 exhibet
3472 2320 3643 2374 inter-

2060 2400 2443 2468 pretationem.
2506 2398 2645 2453 Illud
2700 2403 2845 2454 enim
2900 2405 3167 2469 tradidit,
3228 2415 3283 2460 et
3339 2408 3526 2474 dedit,
3586 2419 3643 2464 et

2059 2491 2291 2559 quodvis
2335 2506 2402 2544 ex
2441 2492 2622 2545 verbis
2658 2492 2929 2556 adductis,
2980 2496 3026 2548 si
3076 2502 3177 2565 prb
3223 2500 3486 2566 permisit,
3536 2516 3638 2553 nor

2060 2581 2353 2647 impedivit,
2417 2582 2537 2632 sivit
2600 2582 2899 2649 accipitur;
2963 2598 3072 2637 non
3139 2586 3429 2655 signiﬁcat,
3494 2588 3641 2658 qu:-d

2057 2671 2204 2725 Deus
2223 2671 2329 2724 vim
2362 2673 2607 2725 intulerit
2627 2674 2913 2739 voluntati,
2941 2685 3205 2730 utcontra
3233 2678 3641 2733 inclinationem

2058 2765 2251 2833 egerit,
2296 2774 2390 2817 aut
2447 2766 2687 2834 coegerit
2737 2768 3074 2823 voluntarias
3122 2769 3441 2834 electiones,
3484 2773 3644 2828 invo-

2059 2857 2298 2910 luutario
2364 2858 2539 2909 motui
2610 2859 3034 2927 obtemperare,
3105 2867 3160 2913 et
3218 2862 3644 2919 deliberationes

2056 2949 2231 3004 libero
2258 2950 2466 3002 orbarit
2509 2950 2781 3015 arbitrio;
2827 2952 2921 3005 sed
2960 2953 3261 3022 signiﬁcat,
3292 2956 3437 3024 quod
3472 2956 3645 3025 :equis

2062 3041 2313 3094 terminis
2359 3040 2672 3104 secludens,
2723 3057 2845 3111 qua:
2898 3044 3208 3113 subjaeent,
3256 3054 3312 3098 et
3358 3061 3481 3115 qua:
3534 3062 3644 3100 non

2059 3132 2343 3200 subjuccut
2396 3143 2598 3186 nostra:
2644 3135 2929 3202 potestati,
2986 3151 3048 3189 ea
3099 3138 3403 3206 separarit,
3467 3154 3647 3209 neque

2060 3224 2261 3279 invitos
2312 3225 2379 3278 ad
2430 3224 2633 3278 bonum
2682 3228 3032 3294 pertraxerit,
3088 3244 3265 3298 neque
3314 3230 3557 3285 volentes
3613 3246 3645 3285 a

2060 3317 2340 3385 proposito
2400 3318 2759 3370 revocaverit.
2821 3317 2924 3383 Qui
2998 3318 3103 3373 hoc
3150 3331 3307 3390 pacto
3375 3322 3429 3375 in
3493 3337 3646 3392 aeque

2065 3409 2352 3477 pollentes,
2388 3419 2443 3464 et
2479 3410 2767 3479 ambiguas
2794 3425 2959 3465 voces
2991 3421 3321 3467 transmutat
3353 3414 3494 3479 illas,
3521 3428 3648 3485 qua

2062 3501 2249 3556 multis
2295 3501 2573 3571 negotium
2615 3499 2888 3557 lacessere
2925 3503 3254 3557 videbantur
3282 3506 3353 3559 ob
3402 3508 3645 3576 aequivo-

366 3595 639 3649 rationem
690 3593 795 3648 sibi
837 3592 1278 3664 inseparabiliter
1342 3591 1729 3661 conjunctam;
1796 3591 1843 3646 is
1882 3593 2208 3647 sententiam
2266 3608 2376 3647 non
2467 3592 2631 3648 modo
2681 3601 2875 3659 tutam,
2927 3594 3022 3649 sed
3088 3606 3144 3651 et
3206 3598 3369 3653 unica
3456 3599 3646 3670 regula

366 3689 673 3741 solventem
707 3689 894 3756 plures
926 3686 1335 3741 controversias
1365 3695 1554 3740 tenere
1593 3695 1790 3755 potest.

441 3783 567 3844 Πῶς
591 3776 684 3834 οὖν
714 3782 837 3833 ἀντὶ
878 3778 973 3832 τοῦ
1006 3778 1334 3847 παρέδωκε,
1364 3780 1458 3831 καὶ
1484 3777 1825 3847 πεπώρωκε,
1860 3779 1955 3832 καὶ

362 3874 480 3927 τῶν
511 3870 769 3925 τοιούτων
799 3871 861 3923 τὸ
888 3870 1349 3939 συνεχώρησεν,
1381 3872 1491 3923 οὐκ
1517 3870 1855 3934 ἐκώλυσεν,
1881 3871 1953 3923 οὐ

369 3966 674 4033 κατέσχεν
693 4006 707 4031 ,
740 3964 811 4017 οὐ
842 3962 993 4031 πρὸς
1026 3964 1179 4027 ,ϐίαν
1204 3961 1579 4033 μετέστησεν
1612 3961 1955 4032 ὲκληφθήσε-

366 4077 483 4122 ται,
541 4058 637 4111 καὶ
688 4056 757 4110 τὰ
794 4056 1051 4110 τοιαῦτα’
1101 4055 1184 4109 ὅτι
1226 4056 1319 4108 ἐπὶ
1369 4054 1478 4108 τῶν
1523 4054 1880 4124 ἀνθρωπίνων
1910 4044 1955 4119 ᾧ

373 4150 636 4222 πρόσεστι
691 4146 1062 4219 παρανομίαν,
1115 4148 1148 4215 ἡ
1192 4162 1314 4199 τινα
1354 4145 1523 4214 ἄλλην
1573 4142 1955 4213 πλημμέλειαν

371 4242 687 4305 ἐκκόπτειν,
716 4242 743 4293 6
771 4240 828 4292 δὲ
859 4240 950 4292 τὸν
992 4238 1221 4309 πλησίον
1248 4238 1588 4309 ἁμαρτάνειν
1616 4236 1715 4289 οὐκ
1746 4234 1954 4288 ζεκώλυ-

374 4350 465 4385 σεν
494 4348 508 4363 ⁸
544 4327 700 4394 οὗτος
735 4330 834 4401 τὴν
866 4328 1047 4383 αἰτίαν
1078 4330 1179 4382 οὐκ
1210 4328 1469 4397 ἐκφεύγει
1498 4327 1572 4397 μὴ
1618 4325 1955 4396 συνεργάσα-

2133 3776 2424 3843 Quomodo
2470 3776 2654 3843 itaque
2694 3792 2793 3846 pro
2819 3777 3005 3831 verbis
3043 3776 3149 3833 illis
3190 3780 3436 3847 tradidit,
3480 3796 3649 3835 exac-

2061 3873 2217 3936 cavit,
2272 3881 2436 3939 atque
2495 3870 2617 3925 aliis
2669 3870 3011 3940 hujusmodi,
3061 3874 3430 3943 intelligentur
3481 3876 3645 3928 verba

2062 3966 2178 4017 haec
2208 3963 2472 4031 permisit,
2504 3979 2606 4015 non
2646 3962 2937 4029 impedivit,
2982 3980 3084 4017 non
3127 3964 3373 4029 detinuit,
3417 3982 3522 4019 non
3551 3980 3651 4035 per

2060 4055 2166 4108 vim
2196 4056 2503 4119 transtulit,
2532 4064 2587 4109 et
2616 4065 2809 4109 uetera
2849 4054 2903 4108 id
2934 4072 3107 4124 genus
3138 4072 3151 4109 :
3180 4072 3306 4111 cum
3350 4056 3404 4111 in
3446 4060 3646 4112 huma-

2062 4148 2149 4200 nis
2177 4146 2341 4200 rebus
2372 4146 2418 4200 si
2446 4146 2570 4215 quis
2594 4146 2822 4215 llagitio,
2856 4148 2937 4200 vel
2968 4148 3208 4217 cuipiam
3239 4149 3411 4218 culpa:
3433 4158 3648 4219 poterat

2067 4254 2402 4306 occurrere,
2477 4249 2532 4291 et
2599 4248 2784 4292 tamen
2874 4239 3109 4307 proximi
3179 4249 3459 4309 peccatum
3535 4258 3646 4298 non

2062 4332 2414 4402 prmpedivit;
2450 4331 2495 4387 is
2512 4346 2816 4386 censuram
2852 4346 2957 4385 non
2991 4330 3200 4401 eﬂugit,
3247 4333 3392 4401 quod
3429 4334 3646 4405 culpam

371 4427 497 4478 σθαι
551 4429 631 4495 τῷ
676 4423 1025 4494 ἡμαρτηκότι
1058 4421 1120 4475 16
1170 4421 1454 4491 ἀτόπημα.
1490 4420 1585 4473 καὶ
1620 4418 1955 4491 παραδοῦναι

2064 4440 2187 4477 cum
2221 4424 2341 4494 ejus
2371 4433 2647 4493 patratore
2674 4423 3119 4491 communicarit,
3146 4434 3199 4479 et
3221 4425 3346 4495 jure
3370 4426 3647 4483 diceretur

367 4516 584 4585 λέγοιτ’
618 4515 683 4569 ἂν
715 4515 808 4568 τὸν
863 4515 1255 4585 παραπεσόντα
1294 4517 1405 4579 τοῖς
1442 4515 1679 4580 ﬁctilem;
1727 4515 1818 4567 Σοὶ
1852 4515 1961 4585 γὰρ

369 4611 492 4675 ἐξὸν
549 4607 949 4678 ἀσφαλίζεσθαι
1008 4608 1098 4661 τὸν
1151 4606 1360 4669 πέλας·
1416 4606 1479 4659 σὺ
1524 4606 1581 4660 δὲ
1628 4604 1819 4660 τοῦτον
1861 4606 1963 4660 οὐκ

367 4703 581 4773 ἀνέχων
640 4701 777 4771 πρὸς
828 4701 897 4753 τὰ
950 4699 1100 4770 πάοη
1160 4698 1486 4761 συνὼθισας.
1533 4699 1801 4765 Ἐξέτεινε
1861 4700 1963 4770 τὴν

368 4795 534 4864 χεῖρα
564 4791 751 4846 λαϐεῖν
777 4794 845 4846 τά
876 4790 1135 4861 ἀλλότρια
1169 4806 1183 4819 °
1211 4790 1373 4852 αὐτὸς
1398 4788 1610 4856 παρὼν,
1636 4790 1731 4842 καὶ
1762 4789 1962 4861 ἰσχύων

372 4883 728 4955 μεθέλκυσον.
765 4883 847 4935 Tit
884 4882 1107 4953 ὃμματα
1147 4883 1259 4945 τοῖς
1293 4882 1393 4952 τῆς
1427 4879 1723 4943 ἀκολασίας
1753 4897 1964 4951 προπυ-

977 5025 1021 5056 ³⁰
1044 5024 1175 5079 ibid.
1210 5023 1301 5078 ‘26.
1405 5023 1447 5055 ³¹
1473 5023 1602 5077 ibid.
1638 5024 1731 5077 28.

1002 5112 1103 5158 ιιι,
1147 5094 1234 5149 ιο.
1315 5095 1359 5126 ³⁸
1383 5093 1527 5149 Psal.
1559 5109 1712 5161 mn,
1744 5094 1830 5150 l9.

443 5029 488 5059 ’ν
515 5026 674 5081 Rom.
711 5042 746 5082 ι,
783 5024 876 5078 ‘26.

368 5113 494 5164 xm,
526 5098 617 5153 M.
691 5096 737 5128 “
753 5093 914 5150 Joau.

1840 5025 1885 5058 οι
1908 5025 1956 5080 ιι
1979 5024 2109 5080 Cor.
2142 5041 2216 5094 ιν,
2257 5025 2312 5080 t.

2062 4519 2342 4571 hominem
2398 4520 2714 4588 prolapsum
2762 4518 2924 4573 malis
2980 4519 3308 4574 tradidisse?
3361 4518 3445 4573 Tu
3499 4522 3647 4575 enim

2060 4616 2279 4675 poteras
2317 4610 2629 4677 proximum
2660 4610 2828 4663 tutari
2860 4625 2874 4662 :
2907 4618 2961 4663 tu
3000 4625 3127 4664 eum
3159 4626 3265 4663 non
3300 4626 3564 4665 coercens
3594 4610 3649 4663 in

2059 4714 2189 4753 suas
2222 4702 2555 4771 cupiditates
2597 4703 2935 4773 compulisti.
2978 4703 3237 4758 Extendit
3286 4704 3375 4757 ille
3424 4718 3649 4758 manum

2059 4791 2125 4844 ad
2174 4791 2353 4846 aliena
2389 4794 2748 4863 usurpanda;
2800 4803 2879 4859 tu,
2918 4794 2962 4849 si
3009 4795 3179 4859 adsis,
3213 4803 3268 4849 et
3316 4794 3523 4860 valeas,
3570 4801 3655 4847 Iac

2072 4884 2405 4939 retrahatur.
2460 4884 2662 4941 Oculos
2713 4888 2767 4939 in
2815 4886 3048 4941 luxuria:
3092 4886 3378 4941 illecebras
3426 4885 3652 4956 injecit;

2448 5025 2494 5057 ³³
2516 5024 2678 5082 Rom.
2710 5042 2789 5092 ιι,
2820 5026 2873 5081 8.
2935 5026 3044 5081 lsa.
3079 5042 3159 5089 vt,
3220 5024 3287 5090 9;
3338 5035 3393 5080 et
3456 5024 3654 5083 Matth.

1893 5215 2131 5272 NOTAE.

445 5306 558 5378 (35)
591 5305 791 5380 Pagina
851 5306 1197 5379 αὑτογράφου
1225 5307 1457 5375 inferne,
1488 5310 1569 5365 vel
1620 5325 1874 5380 superne,
1900 5318 1962 5363 ut

369 5381 634 5442 arbitror,
706 5379 953 5451 abscissa
1023 5381 1292 5439 duplicem
1354 5384 1612 5451 utrinque
1651 5379 1962 5450 patiebatur

370 5451 647 5503 lacunam.
712 5448 892 5514 Quare
949 5452 1254 5519 exscriptor
1316 5451 1397 5503 his
1458 5448 1744 5506 iu‘nos‘tro
1774 5455 1962 5506 codice

370 5520 666 5589 spatiolum
746 5519 1052 5587 iuterjecit,
1130 5520 1445 5590 addiditque
1489 5522 1551 5574 16
1594 5522 1793 5574 λείπει.
1849 5520 1961 5577 Nos

369 5601 555 5662 autem
593 5603 660 5643 ne
696 5591 1390 5662 mutilatngexhiheremus
1449 5593 1589 5646 hanc
1636 5592 1959 5662 quaestionis

370 5661 726 5731 solutionem,
760 5677 826 5715 ex
863 5658 1129 5715 Vaticano
1177 5662 1363 5715 codice
1414 5678 1534 5716 eam
1572 5658 1956 5731 complendum

372 5730 711 5802 curavimus.
754 5732 909 5797 Quod
943 5732 1108 5798 igitur
1135 5746 1200 5785 ex
1233 5732 1415 5787 verbis
1442 5734 1549 5786 ἀπδ
1582 5733 1682 5802 τῆς
1704 5730 1829 5787 ὁδοῦ
1865 5751 1957 5786 σου

374 5814 546 5870 usque
588 5799 655 5855 ad
684 5802 745 5854 τὸ
769 5802 1131 5873 ἀπροαίρετον
1162 5803 1480 5873 κατάρχειν,
1511 5813 1565 5859 et
1592 5799 1735 5875 quod
1768 5820 1962 5862 rursus

2069 5310 2137 5363 ab
2176 5306 2349 5370 οὕτως
2407 5308 2435 5361 6
2485 5305 2785 5376 δυνάμενος
2834 5320 3013 5376 usque
3068 5306 3133 5360 ad
3169 5305 3262 5359 καὶ
3295 5305 3393 5377 τὴν
3421 5304 3659 5377 δύναμιν

2070 5380 2160 5433 hie
2195 5378 2546 5448 intersertttm
2613 5375 2784 5437 vides,
2843 5375 3016 5431 totum
3071 5377 3121 5431 id
3152 5377 3232 5448 Cl.
3290 5375 3660 5448 Hieronymus

2067 5448 2316 5503 Amatius
2351 5447 2626 5501 Vaticana:
2681 5448 3022 5501 bibliothecae
3083 5447 3317 5517 scriptor
3367 5447 3656 5504 nobiScutn

2069 5519 2462 5587 benignissime
2494 5518 2943 5571 communicavit.

2143 5586 2255 5659 (56)
2291 5587 2621 5659 Particulam
2686 5588 3082 5641 advrrsalivam
3131 5586 3292 5659 ἀλλά
3323 5588 3389 5641 ad
3456 5603 3659 5645 sensus

2066 5660 2512 5730 perspicuitatem
2547 5658 2686 5712 adde
2722 5660 2923 5723 lector;
2961 5672 3083 5721 nos,
3122 5659 3199 5711 uti
3248 5658 3421 5721 vides,
3458 5660 3510 5714 in
3534 5674 3659 5714 ver-

2067 5730 2224 5787 sione
2250 5730 2572 5799 adjecimus.

2144 5801 2257 5871 (37)
2287 5798 2378 5856 Sic
2409 5800 2691 5872 legendum
2723 5814 2822 5872 pro
2848 5798 3188 5870 ζητήματος.
