4084 6478
521 347 626 412 287

1680 339 1942 401 PIIOTII
1970 341 2480 404 PATRIARCHE
2524 343 2634 404 ΟΡ.

3675 350 3776 416 288

521 457 686 512 modo
715 455 874 511 detur
907 453 1003 509 tibi
1048 450 1434 523 compescendi
1464 449 1648 520 copia,
1696 451 1875 521 ipsum
1913 464 2080 504 avoca

2208 450 2380 516 λαίοις
2415 452 2701 507 ἐπιϐάλλει
2731 468 2746 483 ·
2798 450 2918 520 ἐξόν
2953 469 3035 506 σοι
3082 451 3301 516 παύειν.
3333 453 3658 514 ἁνάστειλον.
3686 463 3775 518 “Av

519 548 675 615 Quod
723 548 767 603 si
813 562 938 600 eum
987 545 1040 598 in
1084 545 1216 599 vitia
1248 544 1605 614 prazcipitem,
1655 558 1832 611 neque
1880 557 2101 605 avoces,

520 656 697 711 neque
744 639 1016 701 retrahas,
1064 653 1243 706 neque
1291 651 1585 699 coerceas,
1636 649 1742 687 non
1789 633 1972 688 minus
2018 642 2104 688 est

519 748 658 800 opus
690 741 864 794 tuum,
913 745 1078 799 quam
1117 729 1287 791 illius,
1321 729 1415 797 qui
1462 727 1516 781 in
1552 734 1774 796 peccata
1812 725 2103 794 prolapsus

515 833 616 876 est.
669 821 743 874 Ita
775 824 867 892 qui
905 828 1089 890 potest
1122 819 1353 874 crimina
1402 819 1684 886 impedire,
1733 831 1840 871 non
1879 817 2104 886 impedit

516 923 736 980 autem,
792 914 838 968 is
888 913 1186 968 criminum
1244 910 1510 983 patratori
1565 907 1847 980 coeperari
1907 909 2102 962 merito

511 1006 806 1062 diceretur.

581 1115 693 1169 Illis
728 1122 910 1169 autem
941 1112 1195 1182 loquendi
1237 1111 1439 1178 modis,
1483 1123 1625 1180 quos
1656 1108 1917 1164 adhibere
1956 1109 2101 1164 sole-

515 1223 641 1261 mus
697 1207 764 1261 de
814 1206 972 1261 nobis
1029 1205 1192 1259 verba
1245 1203 1530 1269 facientes,
1596 1205 1664 1258 de
1718 1203 1830 1258 Deo
1875 1220 2100 1275 quoque

511 1298 800 1368 loquentes
847 1297 1101 1353 similiter
1139 1297 1240 1364 uti,
1292 1312 1636 1367 nequaquam
1689 1297 1890 1367 poterit
1942 1297 2100 1367 inop-

508 1400 807 1461 portunum
858 1406 1012 1454 esse,
1075 1399 1170 1444 aut
1229 1390 1414 1443 minus
1466 1399 1920 1447 consentaneum.
1983 1389 2096 1447 lmo

510 1496 656 1549 smpe
690 1481 909 1549 quidem
953 1480 1149 1544 Graeci,
1201 1496 1344 1549 smpe
1379 1491 1560 1534 autem
1608 1480 1768 1534 solita
1811 1496 2094 1536 sacrarum

508 1567 840 1621 Litterarum
871 1567 1111 1621 elocutio
1136 1567 1216 1621 sic
1255 1581 1416 1621 voces
1448 1576 1750 1637 usurpant;
1795 1578 1847 1623 et
1873 1569 2094 1638 quidem

509 1660 565 1713 in
612 1660 887 1715 sexcentis
933 1660 1087 1722 locis,
1135 1659 1227 1713 ubi
1279 1667 1428 1713 tanta
1478 1671 1561 1713 est
1607 1659 1906 1716 diversitas
1952 1662 2095 1716 divi-

508 1767 702 1804 narum
759 1767 942 1805 rerttm
999 1751 1068 1803 ab
1129 1751 1429 1816 humanis,
1490 1758 1552 1804 ut
1599 1766 1702 1804 nec
1749 1753 2092 1820 comparatio

507 1842 742 1903 institui,
774 1856 874 1895 nec
904 1841 1042 1894 intra
1075 1849 1286 1893 natura:
1330 1840 1595 1894 terminos
1625 1840 1877 1896 concludi
1905 1849 2092 1910 posset

506 1934 741 2005 (scilicet
779 1933 958 2002 quoad
991 1933 1233 1987 divinam
1279 1933 1636 1997 voluntatem,
1671 1942 1726 1987 et
1765 1933 2086 2002 potentiam,

505 2033 559 2080 ιι
589 2026 1020 2096 beneplacitum,
1057 2035 1114 2080 et
1155 2035 1349 2080 caetera
1381 2024 1756 2095 hujusmodi),
1789 2041 1896 2080 non
1926 2028 2089 2082 modo

507 2119 918 2189 propositorum
955 2119 1249 2171 verborum
1285 2117 1571 2187 metalepsi
1611 2132 1955 2186 nequaquam
1993 2117 2089 2172 ad-

506 2219 834 2276 versantur;
885 2225 1072 2262 verum
1109 2209 1272 2262 etiam
1318 2207 1490 2276 ipsam
1540 2217 1851 2277 susceptam
1900 2209 2088 2278 potius

504 2299 858 2354 conﬁrmant.
898 2301 956 2355 In
993 2301 1193 2370 quibus
1241 2299 1388 2354 enim
1419 2299 1697 2361 voluntas,
1733 2308 1788 2354 et
1821 2303 2083 2370 potentia,

504 2401 558 2446 ct
624 2394 1029 2464 beneplacitum
1089 2395 1367 2464 propriam
1428 2392 1804 2463 operationem
1858 2396 2085 2452 omnino

2205 542 2264 595 δὲ
2299 543 2375 611 μὴ
2410 543 2758 615 ἀναστείλῃς,
2794 543 2930 614 μηδὲ
2991 542 3286 615 μεθέλκῃς,
3307 546 3440 616 μηδὲ
3464 546 3664 620 ὲπέχῃς
3685 568 3777 618 φε-

2208 635 2456 705 ρόμενον,
2488 635 2641 688 οὐδὲν
2669 635 2890 688 ἔλαττον
2917 635 2978 688 τὸ
3015 634 3176 705 ἔργον
3212 636 3334 700 σὺν,
3359 637 3391 707 ἢ
3418 638 3511 691 τοῦ
3551 641 3778 714 ἐμϐεϐη-

2203 728 2362 789 κὸτος
2389 729 2503 790 τοῖς
2530 726 2961 798 παραπτώμασι.
2991 727 3176 791 Οὕτως
3204 731 3233 783 ὁ
3261 730 3555 800 δυνάμενος
3575 734 3778 806 ἐπέχειν

2203 817 2272 870 τὰ
2295 817 2494 884 ἄτοπα,
2547 817 2624 889 μὴ
2655 818 2869 888 ἐπέχων
2909 818 2988 881 δὲ,
3019 819 3220 887 λέγοιτ’
3259 821 3326 874 ἂν
3365 822 3528 885 αὐτὸς
3568 823 3645 895 τῷ
3676 827 3778 880 τῶν

2201 908 2423 962 ἀτόπων
2455 911 2664 981 ἐργάτῃ
2700 909 3271 982 συγκατεργάζεσθαι.

2283 1108 2416 1164 Ἀπὸ
2443 1110 2502 1164 δὲ
2534 1109 2644 1162 τῶν
2696 1111 2829 1182 παρ’
2881 1110 3016 1181 ⁴ἡμῖν
3053 1109 3299 1181 συνήθως
3340 1109 3668 1181 λεγομένων,
3692 1113 3780 1165 καὶ

2199 1202 2329 1274 περὶ
2373 1200 2510 1254 Θεοῦ
2547 1205 2612 1272 τῇ
2649 1203 2792 1269 λέξει
2823 1203 3223 1272 παραπλησίως
3251 1203 3572 1273 κεχρῆσθαι,
3594 1203 3690 1257 οὐκ
3719 1204 3779 1257 ἂν

2198 1294 2284 1363 εῖη
2333 1291 2616 1362 δυσχερὲς,
2669 1292 2778 1346 οὐδ’
2823 1292 3207 1348 ἀνακόλουθον.
3269 1292 3432 1345 Ἀλλὰ
3475 1296 3573 1347 καὶ
3618 1293 3778 1363 πολλὴ

2201 1383 2302 1452 μὶν
2331 1386 2363 1452 ἡ
2403 1382 2592 1445 Ἑλλὰς
2621 1383 2766 1436 οὕτω
2785 1387 2909 1446 ταῖς
2932 1387 3140 1452 φωναῖς
3164 1383 3544 1455 ἀποκέχρηται
3567 1399 3582 1415 ο
3615 1382 3775 1454 πολλὴ

2195 1471 2252 1525 δὲ
2290 1472 2398 1526 τῶν
2431 1472 2593 1543 ἱερῶν
2620 1474 2778 1545 ἡμῶν
2798 1474 3012 1542 Λογίων
3043 1475 3075 1545 ἡ
3109 1473 3368 1545 συνήθεια
3399 1491 3412 1505 ·
3441 1475 3538 1528 καὶ
3578 1473 3638 1528 τὲ
3671 1474 3776 1545 (58)

2199 1565 2416 1636 μυρίοις
2461 1565 2606 1630 ὅσοις
2654 1568 2713 1619 ἐν
2742 1565 2821 1637 τῷ
2859 1567 3176 1638 ἀσυγκρίτῳ
3207 1569 3303 1621 καὶ
3350 1567 3621 1639 ὑπερφυεῖ
3649 1567 3777 1637 πρὸς

2193 1657 2264 1710 τὰ
2284 1655 2608 1727 ἀνθρώπινα
2649 1659 2749 1730 τῆς
2782 1659 3047 1730 διαφορᾶς
3084 1661 3206 1732 (τήν
3239 1677 3298 1712 τε
3328 1659 3480 1713 θείαν
3511 1658 3775 1729 βούλησιν,

2195 1747 2292 1801 καὶ
2313 1749 2412 1820 τὴν
2441 1748 2675 1821 δύναμιν
2700 1792 2715 1816 ,
2747 1752 2841 1806 καὶ
2865 1752 2966 1824 τὴν
2996 1753 3247 1807 εὐδοκίαν
3271 1792 3286 1816 ,
3318 1753 3412 1805 καὶ
3438 1750 3509 1804 τὰ
3537 1752 3719 1821 ὃμοια)
3759 1765 3773 1778 ·

2195 1841 2256 1894 οὗ
2287 1841 2446 1910 μόνον
2494 1844 2647 1896 οὐδὲν
2689 1845 2826 1913 πρὸς
2862 1845 2960 1915 τὴν
2995 1844 3298 1915 μετάληψιν
3322 1845 3430 1897 τῶν
3472 1842 3776 1914 εἰρημένων

2199 1936 2464 2008 ῥημάτων
2492 1937 2943 2006 ἀντιφθέγγεται,
2966 1938 3102 1992 ἀλλὰ
3132 1937 3229 1991 καὶ
3261 1937 3464 2006 μᾶλλον
3505 1951 3776 2004 συγκατα·

2197 2027 2453 2092 σκευὲζει
2477 2029 2576 2101 τὴν
2609 2031 2991 2102 ἐπιχείρησιν.
3051 2031 3142 2084 Ἕν
3173 2027 3253 2093 οἷς
3291 2029 3399 2100 γὰρ
3426 2031 3458 2100 ἡ
3489 2028 3740 2099 βούλησις
3761 2067 3774 2088 ς

2195 2120 2346 2192 καὶὴ
2383 2120 2632 2191 δύναμις,
2664 2124 2757 2176 καὶ
2785 2124 2818 2194 ἡ
2852 2123 3072 2177 εὐδοκία
3111 2123 3559 2193 ἀπαραπόδιστον
3592 2136 3778 2172 παντε-

2195 2210 2304 2274 λῶς
2331 2214 2429 2283 τὴν
2454 2215 2660 2268 οἰκείαν
2690 2215 2978 2286 ἐνέργειαν
3007 2216 3400 2286 προϐάλλεται,
3431 2214 3604 2282 ἐγγὺς
3640 2214 3775 2282 ἱερο-

2193 2303 2385 2373 λογίας
2414 2301 2554 2360 εῖναι
2582 2308 2679 2379 τὴν
2700 2310 2998 2380 εἰρημένην
3017 2310 3126 2362 τῶν
3145 2307 3426 2378 ὀνομάτων
3449 2302 3778 2376 τεκμηριοῦ-

2191 2414 2284 2451 ται
2327 2400 2641 2469 μετάθεσιν.

499 2485 730 2541 liberam
795 2487 984 2554 elicit,
1052 2488 1354 2544 secundum
1405 2486 1766 2559 theologicam
1831 2486 2088 2559 loquendi
2131 2494 2400 2551 rationem
2443 2498 2701 2568 prmdicta
2760 2500 3045 2556 nominum
3106 2499 3438 2572 permutatio
3473 2511 3595 2554 esse
3632 2508 3778 2550 com-

541 2579 789 2633 robatur.

541 2595 789 2633 ronatur.

500 2595 536 2648 ρ
571 2671 639 2724 At
688 2670 836 2724 enim
886 2677 942 2725 et
999 2669 1105 2724 ista
1165 2668 1232 2723 ad
1283 2668 1652 2723 exhibendam
1703 2669 2091 2728 elementarem

500 2761 822 2831 quwstionis
843 2762 1242 2816 discussionem
1276 2762 1375 2816 tibi
1411 2763 1686 2817 suﬂlcinnt
1713 2763 1852 2832 (39).

497 2889 834 2960 QUESTIO
862 2891 1004 2947 XLII
1051 2890 1239 2964 [CoisL
1282 2890 1608 2954 Tcur.XLI,
1652 2889 1835 2946 Scotto
1881 2891 2092 2965 XLIII].

502 2985 785 3052 Quomodo
818 2984 1221 3053 intelligendum
1253 2992 1329 3037 est
1361 2982 1514 3048 illud,
1542 2984 1681 3052 quod
1709 2983 1886 3038 Isaias
1915 2985 2095 3040 divino

570 3054 777 3125 Spiritu
815 3056 1023 3127 amatus
1070 3055 1431 3127 pronuntiavit
1457 3070 1476 3108 :
1509 3073 1528 3106 ι
1562 3054 1640 3108 Τιι
1688 3056 1864 3109 iratus
1917 3073 1996 3121 es,
2039 3065 2089 3111 et

574 3128 718 3198 (nos)
746 3125 1076 3197 peccavimus
1099 3125 1181 3177 '6?
1215 3145 1232 3177 ι

2278 2677 2440 2731 Ἀλλὰ
2466 2677 2576 2749 γὰρ
2607 2677 2770 2731 ίκανά
2802 2695 2884 2732 σοι
2907 2678 3194 2733 καὶταῦτα
3222 2677 3319 2750 τὴν
3349 2678 3669 2750 στοιχειώδη
3689 2675 3772 2731 τοῦ

2194 2769 2513 2843 ζητήματος
2541 2771 2896 2841 παραστῆσαι
2915 2771 3230 2840 διάγνωσιν.

2733 2888 3065 2941 ΕΡΩΤΗΜΑ
3092 2889 3226 2942 ΜΒ’.

2195 2977 2328 3046 Πῶς
2380 2977 2636 3043 νοητέον
2681 2977 2769 3042 τὸ,
2822 2996 2840 3028 ι
2894 2980 2977 3032 Σὺ
3032 2979 3371 3048 ὠργίσθης,
3406 2996 3425 3030 ι
3465 2975 3776 3048 εῐρημένον

2264 3049 2346 3114 τῷ
2408 3048 2723 3115 θεολήπτῳ
2783 3048 2998 3116 Ἡσαΐᾳ
3018 3086 3034 3113 ,
3078 3047 3118 3101 ⁷(
3155 3050 3254 3104 καὶ
3308 3048 3486 3121 ἡμεῖς
3524 3047 3773 3120 ἡμάρτο-

2114 3135 2158 3192 C
2258 3137 2414 3191 per;
2443 3140 2462 3173 ι

1181 3239 1324 3291 Edita
1349 3237 1410 3288 ab
1432 3237 1551 3290 Ant.
1581 3240 1775 3303 Scotto,
1800 3242 1836 3290 l.
1861 3254 1928 3300 c.,
1962 3254 2010 3304 p.
2035 3239 2148 3290 155.
2173 3228 2562 3292 Commentarius
2590 3229 2640 3282 in
2672 3227 2880 3291 Isaiam,
2900 3244 3033 3292 mv,
3059 3230 3107 3280 5.

566 3365 808 3420 Verbum
840 3361 973 3418 illud
997 3363 1328 3434 peccavimus
1364 3363 1744 3432 accipiendum
1785 3373 1926 3431 erat,
1965 3379 2077 3419 non

493 3471 556 3514 ut
587 3460 804 3522 innuat,
844 3475 861 3508 ι
894 3455 1146 3512 facinora
1193 3457 1489 3511 virtutibus
1532 3457 1811 3511 contraria
1840 3455 2082 3528 aggressi

495 3567 722 3616 sumus;
757 3568 776 3602 ι
815 3549 910 3605 sed
947 3548 1294 3617 simpliciter,
1341 3566 1360 3599 ‹
1396 3563 1482 3610 ea,
1517 3563 1638 3616 quae
1680 3547 1842 3602 nobis
1885 3561 2087 3618 propo-

497 3655 815 3706 sueramus,
850 3648 906 3695 et
935 3638 1320 3701 studebamus,
1347 3652 1455 3691 non
1483 3638 1783 3707 attigimus.
1819 3657 1837 3690 ι
1871 3636 2084 3692 Etenim

499 3732 593 3805 ille
628 3731 799 3786 etiam
829 3745 1045 3800 peccare
1071 3727 1177 3782 dici
1205 3736 1406 3797 potest,
1437 3727 1532 3796 qui
1560 3727 1706 3781 aliud
1731 3725 1951 3796 quidem
1980 3725 2085 3782 sibi

500 3823 792 3879 (onstituit
837 3821 1263 3884 conﬁciendum,
1314 3817 1597 3887 animique
1641 3818 1728 3872 sui
1777 3827 1985 3872 motum
2017 3817 2087 3872 ad

500 3917 850 3986 propositum
898 3913 1165 3979 intendit;
1216 3912 1271 3966 in
1317 3909 1596 3966 contraria
1636 3919 1819 3964 autem
1868 3908 2084 3975 incidit,

495 4023 564 4082 ac
603 4009 879 4076 insperata
911 4015 1056 4061 tcnct
1088 4018 1191 4075 pro
1221 4002 1544 4073 praestitutis
1571 4000 1706 4072 (40).

571 4101 862 4154 Enimvero
913 4097 1075 4166 hujus
1106 4096 1322 4167 generis
1370 4096 1455 4167 (ut
1482 4105 1709 4150 caeteras
1747 4094 2074 4166 interpreta-

499 4192 680 4264 tiones
726 4201 854 4245 mox
888 4188 1240 4244 adducendas
1292 4187 1346 4242 in
1387 4187 1645 4257 praesenti
1687 4187 1961 4256 omittam)
2001 4195 2088 4242 est

501 4285 632 4338 illud
663 4303 677 4339 :
713 4303 730 4335 ι
761 4282 882 4338 Non
913 4284 966 4337 in
999 4283 1222 4338 homine
1260 4282 1345 4335 via
1382 4283 1502 4352 ejus
1526 4282 1675 4352 (4|);
1704 4301 1725 4335 ι
1773 4291 1829 4338 et
1858 4300 1872 4338 :
1912 4302 1930 4334 ι
1967 4284 2084 4339 Nisi

504 4371 769 4428 Dominus
798 4372 1149 4428 aediﬁcaverit
1179 4371 1424 4440 domum,
1462 4373 1516 4427 in
1551 4389 1753 4430 vanum
1798 4374 2087 4430 laborave-

570 4535 620 4566 “
641 4533 751 4588 Isa.
785 4545 934 4593 utr,
969 4529 1023 4584 5.

2270 3359 2430 3430 Ἐνῆν
2472 3357 2572 3430 μὲν
2620 3359 2683 3412 τὸ
2731 3357 3075 3428 ἡμάρτομεν
3122 3357 3393 3425 ἐκλαϐεῖν,
3443 3359 3546 3430 οὐχ
3574 3361 3655 3415 ὅτι
3683 3357 3774 3423 τὶς

2188 3452 2439 3524 πράξεις,
2477 3449 2534 3504 αἳ
2571 3450 2670 3514 τὰς
2712 3449 2913 3520 ἀρετὰς
2943 3449 3318 3520 λυμαίνονται,
3370 3451 3769 3523 προειλόμεθα·

2187 3545 2305 3599 ἀλλ’
2330 3545 2413 3598 ὅτι
2464 3543 2672 3607 ἁπλῶς,
2705 3535 2781 3597 ὧν
2839 3545 2872 3614 ή
2912 3543 3124 3614 αἵρεσις
3153 3545 3308 3614 ἡμῖν,
3351 3544 3448 3598 καὶ
3488 3546 3523 3617 ὴ
3557 3543 3772 3613 σπουδὴ,

2187 3637 2393 3690 τούτων
2428 3635 2794 3707 ἁπετύχομεν.
2823 3637 2934 3690 Καὶ
2959 3637 3068 3706 γὰρ
3089 3636 3494 3708 ζδιαμαρτάνειν
3534 3638 3773 3698 κάκεῖνος

2187 3729 2387 3798 λέγοιτ’
2417 3731 2504 3795 ἂν,
2552 3730 2610 3794 ὃς
2639 3730 2766 3786 ἄλλο
2800 3730 2897 3800 μὲν
2937 3730 3198 3797 ἐξανύσαι
3232 3730 3528 3802 προῦθετο,
3557 3730 3651 3785 καὶ
3679 3727 3770 3798 τὴν

2187 3821 2364 3891 ὁρμὴν
2389 3819 2525 3891 πρὸς
2571 3820 2632 3874 τὸ
2665 3819 3008 3889 καταθύμιον
3057 3820 3247 3883 ἔτεινε,
3283 3823 3394 3883 τοῖς
3427 3820 3691 3883 ἐναντίοις
3722 3817 3772 3869 δὲ

2191 3913 2614 3984 περιπέπτωκε,
2639 3912 2734 3966 καὶ
2765 3912 2886 3966 ἀντὶ
2905 3912 3014 3966 τῶν
3041 3911 3451 3984 προκριθέντων
3480 3914 3595 3976 τοῖς
3628 3908 3774 3965 ἀνελ-

2187 4007 2403 4070 πίστοις
2435 4005 2742 4076 συνέχεται.

2259 4098 2518 4154 Τοιοῦτον
2547 4098 2656 4170 γάρ
2695 4101 2844 4152 ἐστιν
2891 4097 3002 4168 (ἵνα
3030 4082 3128 4169 τὴν
3160 4096 3328 4170 ἄλλην
3367 4097 3507 4160 τέως
3534 4097 3770 4162 ἐξέτασιν

2187 4193 2298 4246 τῶν
2331 4191 2721 4263 ῥηθησομένων
2744 4191 2911 4261 ἐάσω)
2941 4190 3034 4244 καὶ
3077 4190 3158 4256 τὸ,
3185 4209 3204 4242 ι
3241 4191 3358 4244 Οὐκ
3381 4191 3438 4244 ἐν
3465 4190 3545 4261 τῷ
3569 4185 3770 4261 ἀνθρὼ-

2191 4305 2278 4356 πῳ
2297 4287 2331 4355 ὴ
2355 4285 2472 4348 ὁδὸς
2498 4284 2665 4339 αὐτοῦ
2689 4301 2704 4317 ⁸
2739 4303 2758 4336 ι
2787 4285 2904 4352 καὶ,
2939 4303 2956 4333 ‹
2980 4283 3108 4336 Ἐὰν
3137 4282 3212 4355 μὴ
3249 4283 3454 4353 Κύριος
3485 4281 3766 4351 οἰκοδομή-

2193 4391 2264 4451 an
2307 4372 2478 4442 οἷκον,
2509 4377 2589 4440 εἰς
2625 4375 2804 4447 μάτην
2842 4376 3146 4430 ἐκοπίασαν
3183 4376 3233 4430 οἰ
3257 4375 3702 4446 οἰκοδομοῦντες·
3742 4387 3760 4422 I

2015 4641 2252 4701 ΝΟΤλΕ.

569 4757 686 4827 ('58)
719 4757 846 4820 ἰὀῖς
874 4754 1063 4824 procul
1091 4753 1262 4809 dubio
1293 4755 1667 4826 reﬁngendum
1699 4766 1803 4813 est.

569 4830 682 4900 (59)
713 4827 994 4891 Calvinus,
1025 4837 1080 4879 ut
1107 4836 1294 4880 notum
1333 4833 1437 4890 est,
1481 4827 1776 4900 hociflxodi
1800 4828 2087 4894 loco,tan-

494 4896 673 4971 quam.
720 4903 1169 4971 argnmfntorum
1204 4911 1430 4951 suorum
1466 4896 1696 4971 Achille,
1727 4901 1963 4971 probare
1992 4916 2089 4954 co-

496 4966 679 5034 natur,
720 4969 862 5038 quod
902 4966 1046 5038 Deus
1071 4966 1296 5034 directe,
1340 4968 1680 5038 acpropric,
1729 4966 2082 5038 impcllcndo,

494 5050 548 5095 et
569 5036 812 5109 cogendo
842 5053 947 5109 cur
971 5036 1279 5109 Pharaonis
1318 5037 1620 5109 obdurarit.
1665 5036 1830 5108 Atqui
1887 5040 2083 5109 hujus-

498 5106 662 5165 modi'
680 5107 1076 5176 blasphemiam
1114 5109 1195 5162 vel
1238 5111 1354 5178 ipse
1399 5106 1630 5162 Photius
1679 5106 1984 5175 exhorruit,
2017 5127 2083 5167 ac

498 5181 674 5251 nigro,
708 5187 767 5232 ut
795 5180 971 5252 ai_u_nt,
1023 5178 1167 5231 theta
1201 5179 1427 5252 trajecit.
1479 5179 1815 5252 lmoicaetera
1863 5197 2084 5252 quoque

496 5246 776 5305 sacrarum
837 5246 1165 5302 Litterarum
1225 5246 1470 5310 oracula,
1499 5249 1700 5318 quibus
1725 5246 2078 5306 Calvinus—ad

498 5323 654 5374 "snam
685 5319 1110 5391 prmstruendam
1171 5319 1806 5391 doctrinamwabutitnr,
1873 5323 1924 5375 in
1978 5325 2076 5378 hac

497 5389 730 5446 diatriba
759 5389 1327 5460 Photius,7quomodo
1361 5389 1704 5460 intelligenda
1757 5393 1888 5453 sint,
1943 5395 2077 5448 satis

495 5475 770 5530 superque
801 5458 1084 5530 indicavit.
1117 5458 1174 5512 Si
1230 5461 1401 5530 plura,
1423 5458 1644 5529 quaeris,
1696 5465 1924 5516 consule
1958 5464 2077 5516 Mo-

495 5527 695 5592 tinam,
720 5531 982 5596 Vasqut-z,
1015 5527 1338 5592 Valentiam,
1378 5527 1602 5592 Suarez,
1638 5539 1693 5585 ct
1717 5534 1872 5586 alios.

570 5602 676 5672 (40)
705 5600 928 5659 Locum,
958 5601 1023 5652 de
1043 5615 1150 5668 quo
1170 5601 1412 5670 disputat
1445 5599 1693 5672 Photius,
1712 5604 1790 5656 sic
1812 5603 1938 5672 legit
1959 5602 2066 5658 lle-

497 5669 675 5725 brzeus
701 5688 715 5725 :
739 5678 1101 5742 RWIQSB'D
1131 5669 1271 5730 Tmer
1295 5671 1482 5724 ΙιαιιαΙι
1500 5669 1590 5724 kat
1623 5675 1834 5742 zaplztn,
1867 5669 2063 5728 canue-

497 5743 668 5811 cheta,
689 5743 831 5811 quod
866 5739 1006 5811 LXII
1031 5744 1279 5795 seniores
1300 5739 1702 5811 peropportune
1733 5754 2009 5805 verterunt
2043 5766 2057 5800 :

497 5808 884 5880 Σὺξώργίσθης,
898 5810 994 5862 καὶ
1011 5812 1172 5880 ἡμεῖς
1197 5808 1540 5881 ἡμάρτομεν,
1558 5821 1611 5866 et
1627 5813 1713 5868 cui
1733 5813 1798 5868 ad
1820 5829 2054 5887 unguem

2195 4762 2490 4837 respondet
2519 4762 2746 4837 Vulgata
2779 4763 2844 4837 D.
2873 4763 3189 4837 Ilier_¢mymi
3218 4767 3398 4822 versio
3429 4786 3444 4823 :
3489 4768 3566 4824 Tu
3604 4771 3765 4824 iram

2193 4848 2270 4912 es.
2301 4843 2347 4912 et
2397 4834 2539 4912 (nos)
2579 4834 3249 4912 peccavimus...Reienitn
3299 4854 3424 4893 vera
3465 4844 3635 4910 prima
3669 4839 3766 4894 lle-

2194 4900 2326 4980 b_r:ei_
2358 4905 2504 4959 verbi
2522 4900 2662 4980 ’διτξῃ
2695 4905 2886 4980 citata/1
2933 4905 3262 4980 signiﬁcatio
3313 4919 3416 4971 est,
3450 4900 3508 4964 ut
3537 4921 3765 4980 patetex

2192 4972 2346 5047 {{rcsi,
2368 4990 2547 5047 quam
2585 4973 2770 5044 Hipltil
2805 4972 3077 5045 appellant
3107 4981 3472 5047 grammatici,
3506 4972 3763 5035 aberrare.

2195 5040 2325 5116 Vide
2358 5040 2608 5099 Iudicum
2631 5040 2722 5105 x'x.
2753 5040 2852 5101 16.⁷
2877 5040 3048 5101 Crzeci
3081 5040 3283 5116 pariter
3305 5040 3498 5104 eodem
3527 5068 3684 5106 sensu
3708 5051 3766 5103 τὸ

2185 5113 2528 5188 ᾲῂμαρτάνειν
2589 5120 2791 5184 passim
2833 5113 3121 5186 usurpant,
3163 5130 3225 5174 ut
3272 5121 3497 5175 verbum
3536 5137 3761 5188 peccare.

2184 5182 2456 5262 Nimirum
2513 5182 2742 5262 quiais,
2784 5189 2877 5256 qui
2911 5182 3201 5262 delinquit,
3256 5191 3468 5244 δικαίου
3518 5182 3764 5262 ἆμαρτά-

2184 5271 2262 5306 νει
2330 5272 2362 5307 a
2411 5255 2559 5325 justo
2615 5255 2859 5323 aberrat;
2929 5255 3133 5314 idcirco
3183 5262 3442 5316 translate
3493 5255 3605 5316 tuin
3638 5255 3766 5320 Isim

2181 5327 2395 5400 chalah,
2435 5335 2550 5400 tum
2575 5327 2896 5400 ᾴμαρτάνω,
2932 5337 3045 5383 tum
3076 5331 3310 5400 denique
3333 5346 3487 5398 pecco
3513 5335 3765 5387 translate

2179 5395 2426 5474 delinguo
2454 5395 2783 5466 signiﬁcant.
2813 5397 2913 5474 Per
2939 5401 3176 5474 primum
3210 5395 3474 5474 i'gittir,ac
3491 5402 3762 5474 proprium

2180 5467 2328 5537 vorbi
2359 5483 2580 5521 sensum
2614 5467 2949 5537 propositam
2976 5468 3204 5526 Pbotius
3227 5467 3607 5529 ditiiculta'tent'
3633 5489 3766 5527 ent.-

2177 5536 2355 5590 cleare
2387 5546 2642 5592 conatur.
2723 5536 2729 5537 ⁷
3442 5571 3446 5575 ς

2246 5607 2357 5674 (tt)
2391 5609 2592 5683 Jerem.
2618 5623 2649 5683 κ
2670 5649 2683 5672 ,
2710 5608 2804 5664 ‘25.
2837 5607 2994 5675 Quod
3028 5610 3461 5681 hujusdintribm
3496 5614 3760 5683 reliquum

2171 5684 2273 5741 est,
2322 5694 2428 5731 non
2459 5680 2635 5733 codici
2667 5688 2880 5749 nostro,
2923 5684 3018 5738 sed
3047 5680 3254 5739 laudati
3287 5684 3492 5742 Amatii
3515 5680 3760 5742 humani-

2169 5749 2264 5802 tati
2295 5748 2578 5804 debemus.

2193 5755 2264 5802 uti
2295 5755 2578 5804 debemus.
