4084 6438
322 417 426 480 9.69

1314 416 1413 477 AD
1436 416 2032 479 AMPHILOCHIUM
2074 418 2418 490 QUIESTIO
2455 418 2645 479 XLII.

3489 423 3595 490 290

324 528 449 583 xai'
495 544 515 579 ι
566 525 695 579 Ἐάν
742 525 820 598 μὴ
867 526 1073 595 Κύριος
1125 524 1339 596 φυλάξῃ
1380 527 1560 592 πόλιν,
1614 529 1694 592 είς
1739 528 1913 599 μάτην

2024 538 2172 594 runt,
2203 530 2298 598 qui
2322 529 2593 584 aediﬁcant
2615 529 2695 596 ";
2729 548 2747 581 ι
2780 539 3041 600 praeterea
3075 548 3089 587 :
3133 548 3153 583 ι
3183 529 3301 586 Nisi
3330 529 3597 589 Dominus

318 617 673 690 ἠγρύπνησεν
731 620 762 672 ὁ
797 617 1091 686 φυλάσσων
1124 634 1201 689 ’,ο
1237 618 1331 672 καὶ
1384 618 1484 671 τό*
1543 636 1565 673 ί
1607 620 1722 674 Οὐκ
1751 623 1808 674 ὲν
1835 623 1903 692 τῇ

318 710 612 781 δυναστείᾳ
648 709 743 763 τοῦ
788 710 959 765 ἵππου
1009 708 1249 779 θελήσει,
1284 710 1402 763 οὐδὲ
1429 712 1488 764 ὲν
1507 713 1629 775 ταῖς
1666 712 1907 783 κνήμαις

319 803 419 856 τοῦ
446 804 640 873 ἀνδρὸς
690 802 942 856 εὐδοκεῖ·
988 821 1008 855 ι
1045 801 1179 856 καί·
1216 820 1234 853 ι
1288 803 1354 858 Οἱ
1395 803 1593 875 βουλὴν
1624 806 1907 869 ποιοῦντες

324 891 755 962 ὲμϐαθυνόμενοι
802 893 915 954 τοῖς
954 891 1324 960 διαλογισμοῖς
1363 892 1563 957 αὐτῶν,
1599 893 1692 946 καὶ
1730 893 1791 946 οὐ
1818 892 1907 946 διὰ

326 984 533 1054 Κυρίου
559 1000 574 1013 ·
612 1003 630 1035 ι
660 983 885 1053 καὶγὰρ
914 983 1010 1035 καὶ
1046 975 1212 1045 οὗτοι,
1250 984 1370 1036 ἀντὶ
1404 983 1497 1036 τοῦ
1530 984 1605 1054 μὴ
1628 984 1905 1038 διαπεσεῖν

323 1074 419 1126 τοῦ
452 1072 892 1141 σπουδάσματος,
926 1072 987 1125 οὐ
1015 1071 1174 1142 μόνον
1200 1073 1525 1144 διήμαρτον,
1562 1074 1699 1128 ἀλλὰ
1725 1077 1819 1129 καὶ
1847 1076 1909 1129 τὸ

320 1165 460 1219 οὐαί
489 1165 1005 1235 προεπεσπάσαντο.
1042 1166 1433 1235 Παραπλήσιον
1463 1168 1520 1220 δὲ
1550 1168 1648 1221 καὶ
1672 1168 1734 1221 τὸ
1767 1171 1910 1239 είρη-

323 1255 490 1324 μένον
526 1255 662 1325 πρὸς
688 1254 814 1317 τούς
841 1253 1168 1318 πεποιθότας
1190 1255 1276 1307 ἐπ’
1300 1256 1574 1324 Αἴγυπτον
1594 1274 1606 1286 ⁸
1641 1276 1659 1309 ι
1685 1258 1904 1328 Ἐποιή-

322 1364 457 1402 σατε
494 1347 691 1418 βουλὴν
725 1348 785 1400 οὐ
825 1347 895 1401 δι’
938 1346 1076 1417 ἐμοῦ
1101 1362 1116 1377 °
1158 1348 1253 1400 καὶ
1281 1347 1556 1420 συνθήκας
1600 1351 1661 1405 οὐ
1691 1350 1779 1404 διὰ
1810 1350 1904 1405 τοῦ

321 1440 640 1509 πνεύματός
672 1457 772 1510 μου
805 1440 1127 1511 προσθεῖναι
1175 1441 1453 1512 ἁμαρτίαν
1482 1441 1568 1512 ἐφ’
1599 1444 1905 1515 ἁμαρτίας,

318 1532 375 1585 oi
410 1532 765 1603 πορευόμενοι
811 1532 1122 1602 καταϐῆναι
1169 1528 1250 1597 είς
1291 1533 1567 1601 Αἴγυπτον
1592 1550 1606 1565 ’
1647 1555 1667 1587 ι
1704 1531 1786 1598 οἷς
1815 1536 1909 1588 καὶ

318 1626 358 1695 ἡ
386 1625 701 1695 καταφυγὴ,
730 1624 826 1677 καὶ
855 1624 956 1695 τῆς
979 1624 1230 1696 βοηθείας
1254 1627 1287 1695 ἠ
1313 1626 1469 1689 ἐλπὶς
1499 1628 1578 1690 είς
1603 1626 1867 1697 αἰσχύνην
1890 1666 1907 1692 ,

318 1718 423 1769 καὶ
468 1716 672 1780 ὄνειδος
720 1716 1140 1787 περιτρέπεται.
1198 1716 1312 1771 Καὶ
1373 1717 1482 1788 γάρ
1541 1718 1743 1787 ἑκάστη
1798 1716 1909 1770 τῶν

318 1810 447 1878 είρη
457 1808 655 1877 μένων,
678 1807 774 1861 καὶ
800 1807 1011 1861 πολλῶν
1022 1807 1197 1862 ἄλλων
1214 1808 1612 1880 παραπλησίων
1634 1808 1904 1875 πράξεων,

2014 620 2337 676 custodierit
2386 621 2690 684 civitatem,
2753 619 2957 677 frustra
3003 622 3194 693 vigilat
3252 624 3348 694 qui
3401 633 3593 680 custo-

2014 712 2092 767 dit
2114 713 2193 778 ⁸⁸;
2229 732 2248 766 ›
2292 723 2345 769 et
2384 730 2578 770 rursus
2611 733 2623 768 :
2656 733 2677 766 ι
2710 714 2826 769 Νοιι
2879 716 2934 769 in
2970 714 3291 772 fortitudine
3326 720 3456 788 equi
3503 734 3599 774 vo-

2013 806 2281 860 luntatem
2328 807 2567 870 habebit,
2618 823 2718 862 nec
2762 808 2816 862 in
2865 809 3011 864 tibiis
3052 810 3155 863 viri
3194 810 3593 881 beneplacitum

2013 898 2122 953 erit
2180 899 2231 954 ei
2255 900 2336 964 “;
2368 919 2388 952 ι
2450 916 2699 954 rursus:
2753 900 2909 965 «Qui
2973 902 3265 955 consilium
3331 902 3589 957 faciunn

2015 992 2269 1060 profundi
2341 992 2397 1046 in
2460 991 2882 1062 cogitationibus
2944 992 3100 1055 suis,
3165 1010 3183 1042 ι
3228 1000 3282 1046 et
3335 1008 3442 1046 non
3498 1009 3595 1062 per

2016 1084 2309 1139 Dominum
2343 1102 2357 1137 :
2394 1102 2413 1136 ι
2446 1092 2500 1139 et
2538 1084 2797 1138 nimirum
2823 1084 2876 1137 hi
2904 1098 3005 1153 pro
3042 1098 3107 1138 eo
3137 1098 3203 1137 ac
3246 1098 3275 1136 a
3314 1086 3594 1153 proposito

2015 1190 2125 1231 non
2167 1175 2513 1238 exciderent,
2544 1190 2655 1229 non
2702 1176 2879 1229 solum
2926 1173 3054 1229 inde
3102 1174 3449 1241 aberrarunt,
3498 1174 3593 1231 scd

2014 1265 2179 1320 etiam
2213 1264 2343 1319 illud
2376 1280 2454 1319 me
2504 1263 2608 1318 sibi
2641 1272 3085 1332 promeruerunt.
3136 1260 3468 1332 Huiusmodi
3510 1272 3597 1317 est

2013 1365 2068 1412 et
2118 1357 2277 1421 illud,
2322 1355 2471 1426 quod
2511 1355 2718 1410 dictum
2770 1365 2855 1408 est
2901 1352 3145 1409 Hebraeis
3195 1355 3254 1408 in
3299 1354 3595 1426 Egyptum

2015 1448 2237 1503 conﬁsis
2268 1465 2281 1501 :
2318 1465 2337 1498 ι
2368 1445 2598 1501 Fecistis
2639 1446 2956 1513 consilium,
2997 1455 3051 1500 et
3101 1460 3211 1500 non
3266 1462 3334 1502 ex
3378 1462 3492 1512 me,
3542 1456 3598 1501 et

2018 1540 2222 1594 fmdera
2259 1553 2369 1594 non
2407 1554 2505 1609 per
2540 1538 2796 1608 spiritum
2832 1552 3039 1601 meum,
3080 1546 3140 1592 ut
3170 1538 3445 1593 adderetis
3473 1552 3598 1607 pec-

2017 1639 2200 1685 catum
2236 1646 2399 1701 super
2440 1639 2743 1699 peccatum,
2780 1631 2874 1699 qui
2901 1630 3218 1697 ambulatis,
3264 1638 3324 1683 ut
3363 1631 3597 1684 descen-

2016 1722 2162 1776 datis
2194 1722 2250 1775 in
2291 1720 2585 1791 Egyptum
2619 1739 2632 1775 :
2670 1738 2689 1772 ι
2741 1702 2945 1789 quibus
2995 1719 3281 1789 eﬂugium,
3325 1728 3380 1774 et
3409 1718 3598 1773 auxilii

2016 1829 2141 1882 spes
2170 1832 2189 1864 ι
2221 1812 2274 1866 in
2316 1811 2718 1875 confusionem,
2772 1820 2827 1866 et
2866 1811 3221 1882 ignominiam
3256 1830 3274 1863 ι
3322 1810 3597 1866 converti-

317 1899 426 1969 τῆς
456 1897 567 1952 ἄνω
595 1898 959 1968 κεχωρημένη
992 1898 1185 1967 ῥοπῆς,
1220 1898 1320 1952 οὐκ
1345 1897 1411 1952 ἂν
1431 1898 1527 1953 τοῦ
1560 1898 1912 1970 προτεθέντος

2018 1914 2106 1960 tur
2135 1904 2369 1976 (42-28).
2404 1902 2627 1974 Singula
2644 1903 2787 1957 enim
2814 1904 2927 1972 jam
2962 1903 3105 1957 dicta
3132 1914 3387 1973 opera,et
3406 1902 3511 1958 alia
3542 1900 3597 1957 id

318 1992 513 2053 τέλους
544 1990 788 2060 ἐφίκοιτο
810 2006 823 2020 ·
853 1989 963 2043 οὐδ’
998 1991 1031 2061 ὴ
1057 1991 1253 2061 μελέτη
1284 1990 1421 2061 πρὸς
1456 1989 1615 2061 ἔργον
1644 1994 1910 2062 χωρήσει,

2019 2007 2190 2061 genus
2241 1992 2420 2061 plura,
2469 2004 2595 2043 cum
2634 2004 2873 2058 superna
2907 1984 3225 2045 directione
3273 1999 3461 2044 essent
3504 1990 3599 2044 de-

325 2081 409 2150 μὴ
459 2080 557 2151 τῆς
606 2079 814 2133 ἄνωθεν
868 2081 1461 2151 προκαταϐαλλομένης
1513 2082 1804 2152 εὐμενείας
1851 2082 1913 2136 τὺ

2019 2083 2230 2147 stituta,
2273 2081 2341 2137 ad
2374 2082 2717 2151 propositum
2752 2081 2857 2135 sibi
2896 2080 3058 2136 tinem
3093 2082 3282 2151 utique
3308 2083 3598 2152 pervenire

324 2172 585 2226 πλούσιον
620 2172 787 2235 ἔλεος.
820 2173 883 2225 El
920 2172 976 2226 δὲ
1009 2174 1101 2226 καὶ
1139 2172 1446 2244 ὀργίζοιτο,
1482 2168 1563 2236 οἷς
1586 2173 1651 2227 ἄν
1680 2189 1764 2236 τις
1802 2174 1913 2237 τοῖς

2018 2187 2129 2225 non
2182 2178 2465 2241 poterant;
2527 2186 2706 2239 neque
2750 2170 2816 2223 ad
2869 2185 3005 2239 Opus
3046 2172 3391 2243 designatum
3443 2173 3599 2228 indu-

324 2265 554 2330 οἰκείοις
630 2265 954 2329 διαϐουλίοις
1005 2266 1319 2335 ὲρείδηταιο
1374 2265 1490 2329 πῶς
1545 2266 1643 2319 οὐκ
1700 2266 1912 2336 ἀνάγκη

2022 2265 2154 2319 Stria
2190 2266 2489 2334 perveniet,
2530 2264 2637 2319 nisi
2679 2264 2863 2319 divina
2909 2266 3202 2321 clementia
3243 2282 3381 2336 Opus
3418 2267 3598 2337 ipsum

326 2358 550 2420 πάντως
594 2356 916 2427 διαμαρτεῖν
970 2356 1067 2409 τοῦ
1106 2356 1314 2422 τέλους,
1350 2355 1445 2408 καὶ
1482 2355 1709 2426 μηδενὸς
1732 2357 1913 2425 τυχεῖν

2023 2356 2345 2410 redundanti
2367 2356 2681 2425 auspicetur
2706 2356 3104 2412 misericordia.
3150 2356 3205 2411 Si
3234 2367 3415 2412 autem
3451 2356 3596 2412 Deus

322 2450 582 2503 ἑκάστων
640 2449 748 2502 τῶν
776 2450 855 2513 είς
885 2448 1042 2503 τοῦτο
1071 2447 1584 2521 παρενηνεγμένων,
1613 2438 1687 2501 ὧν
1711 2449 1745 2519 ὴ
1777 2446 1913 2515 γνώ-

2023 2446 2186 2500 etiam
2221 2447 2498 2510 irascitur,
2524 2462 2589 2501 eo
2621 2448 2765 2517 quod
2792 2448 3025 2517 propriis
3047 2449 3295 2503 consiliis
3318 2448 3596 2519 quispiam

327 2560 411 2613 μη
441 2540 739 2611 ἠγωνίζετο
764 2558 780 2609 ;

2026 2538 2322 2604 innitatur,
2365 2539 2646 2608 quomodo
2696 2539 3009 2593 necessario
3056 2554 3163 2594 nou
3221 2541 3490 2611 sequitur,
3538 2547 3601 2594 ut

328 2639 435 2693 iste
484 2652 514 2690 a
565 2636 673 2693 (ine
725 2637 977 2703 aberret,
1035 2645 1088 2691 et
1145 2634 1351 2691 nullam
1398 2649 1581 2690 rerum
1634 2634 1704 2689 ad
1746 2632 1911 2688 tinem
1950 2639 2416 2702 comparalarum,
2455 2634 2521 2689 ad
2592 2649 2733 2705 quas
2804 2633 3023 2687 animus
3061 2634 3439 2699 contendebat,
3472 2649 3602 2689 con-

331 2731 505 2789 titlitat
519 2729 542 2771 ν

417 2820 560 2873 Ἀλλ’
610 2819 750 2890 αὕτη
813 2820 912 2890 μὲν
960 2820 1059 2891 τῆς
1109 2819 1345 2891 θεωρίας
1399 2821 1433 2890 ἡ
1488 2818 1720 2893 ἐπιϐολὴ
1776 2819 1915 2891 πρὸς

331 2913 436 2981 μὲν
470 2912 539 2965 τά
568 2911 955 2983 παραταθέντα
982 2912 1143 2984 ῥητά,
1180 2911 1273 2966 καὶ
1296 2912 1423 2966 εἴτι
1454 2912 1665 2976 τούτοις
1692 2912 1916 2983 ἐνάμιλ-

332 3004 448 3072 λον,
464 3006 520 3058 τὸ
549 3005 918 3077 ἡρμοσμένον,
941 3008 1033 3059 καὶ
1058 3006 1393 3077 κατάλληλον
1417 3006 1789 3060 ἐπιδείκνυται
1822 3002 1923 3056 τοῦ

339 3100 608 3167 νοήματος
635 3110 649 3124 ·
683 3098 744 3151 οὐ
784 3098 891 3168 μήν
919 3114 981 3165 γε
1004 3097 1104 3167 τὴν
1128 3096 1298 3168 αὐτὴν
1338 3096 1634 3150 ἀποδίδωσι
1696 3094 1910 3165 χρείαν,

340 3191 438 3242 καὶ⁵
460 3189 555 3259 τὴν
609 3186 847 3259 ἐξαρχῆς
905 3188 1167 3266 ὑπόθεσιν
1199 3186 1621 3258 εὐμαράσασθαι
1663 3185 1776 3257 (29)
1806 3198 1819 3213 '
1848 3183 1916 3236 τά

341 3297 401 3332 τε
430 3280 534 3351 γάρ
558 3281 830 3347 τοῦλόγου
864 3280 1275 3351 προηγούμενα,
1313 3282 1406 3333 καὶ
1432 3280 1465 3349 ἡ
1493 3278 1626 3348 άλλη
1672 3276 1780 3329 τῶν
1820 3277 1917 3347 ῥη-

2087 2818 2153 2871 Αι
2190 2820 2303 2871 hacc
2336 2816 2571 2870 iudicata
2615 2816 2719 2869 loci
2758 2815 3024 2886 propositi
3058 2816 3333 2885 expositio
3368 2832 3595 2873 sensum

2013 2907 2133 2975 eius
2184 2906 2423 2961 ostendit
2468 2921 2592 2959 cum
2651 2905 2899 2960 adductis
2952 2920 3234 2959 sacrarum
3266 2904 3600 2961 Litterarum

2015 2998 2272 3061 oraculis,
2302 3009 2356 3051 et
2387 3013 2511 3052 cum
2542 2997 2758 3053 caeteris
2792 2998 3108 3067 huiusmodi
3136 3013 3258 3052 esse
3285 3013 3601 3068 congruen-

2015 3096 2148 3150 tem,
2181 3094 2235 3139 et
2263 3093 2734 3152 consentaneum;
2766 3101 2954 3139 verum
2989 3087 3121 3156 quid
3160 3085 3261 3141 sibi
3310 3088 3461 3150 velit,
3489 3102 3598 3142 non

2023 3178 2228 3243 deﬁnit,
2258 3193 2434 3247 neque
2481 3178 2853 3233 difficultatem
2885 3194 2915 3234 a
2947 3179 3215 3249 principio
3263 3180 3599 3248 propositam

2022 3271 2183 3339 plane
2216 3270 2423 3323 diluit;
2468 3270 2740 3339 siquidem
2791 3278 2907 3325 tum
2954 3287 3018 3325 ea
3073 3271 3260 3337 verba,
3302 3287 3425 3341 quae
3471 3281 3600 3327 sunt

346 3371 528 3440 μάτων
556 3371 815 3431 διασκευὴ
865 3370 1001 3440 πρὸς
1052 3370 1244 3440 ἑτέραν
1299 3369 1499 3440 μᾶλλον
1547 3366 1913 3439 προτρέπεται

2020 3361 2263 3415 diatribae
2284 3361 2446 3429 huius
2462 3369 2865 3430 argumentum,
2894 3371 3008 3415 tum
3032 3362 3315 3431 appositus
3345 3363 3595 3417 locorum

338 3462 575 3515 διάνοιαν
600 3462 1027 3516 άπευθύνεσθαι.
1063 3462 1129 3514 Τί
1161 3457 1253 3514 οὖν
1286 3461 1367 3513 δεῖ
1389 3458 1645 3530 λέγειν,ἣ
1678 3458 1758 3512 τόο
1796 3475 1814 3509 ι
1841 3458 1913 3509 Σὺ

2022 3466 2190 3505 sacrae
2222 3424 2846 3520 Scriptum'apparatus
2878 3452 2944 3505 ad
2967 3424 3131 3507 aliam
3163 3454 3343 3522 potius
3374 3462 3598 3509 senten-

341 3556 642 3625 ὠργίσθης,
674 3555 767 3608 καὶ
809 3556 971 3625 ἡμεῖς
1002 3554 1379 3624 ὴμάρτομεν,›
1415 3553 1535 3623 οὐχὶ
1551 3553 1708 3605 τοῦτο
1728 3549 1912 3619 φησίνο

344 3667 362 3699 ι
390 3648 587 3719 Ὠςτῇς
609 3650 706 3717 σῆς
733 3648 901 3717 ὀργῆς
922 3645 1288 3717 προελθούσης
1308 3643 1772 3716 ήὰμαρτίαημῶν
1788 3646 1917 3696 ἐκυ-

340 3741 526 3810 ρίευσε
554 3756 569 3803 ;
600 3758 616 3790 ι
654 3740 825 3792 Τοῦτο
845 3739 954 3807 γάρ
970 3738 1089 3790 οὐδὲ
1110 3742 1211 3807 τὴν
1234 3738 1387 3792 θείαν
1407 3738 1494 3807 εἴη
1515 3735 1916 3806 δικαιοκρισίαν

339 3830 718 3894 διασώζοντος,
754 3829 863 3883 οὐδ’
895 3830 1066 3882 αἴτιον
1100 3829 1313 3895 εἰσάγει
1338 3829 1430 3881 τὸν
1466 3828 1775 3897 ἄνθρωπον,
1807 3824 1916 3879 οὐδ’

341 3921 401 3972 ἐν
433 3914 514 3981 οἷς
537 3919 645 3972 ἀπὸ
698 3917 924 3988 γνώμης
952 3921 1344 3988 πονηρεύεται·
1383 3915 1523 3968 ἀλλὰ
1576 3916 1668 3967 τὸν
1735 3913 1915 3983 πάσης

342 4010 545 4073 κακίας
581 4011 844 4073 ἀναίτιον,
875 4009 1065 4063 τοῦτον
1095 4008 1459 4071 καταϐιϐάζει
1494 4010 1560 4079 τῇ
1593 4005 1916 4078 βλασφημία

342 4103 481 4171 πρὸς
502 4102 561 4153 τὺ
591 4101 870 4153 ὐπαίτιονο
905 4101 999 4152 καὶ
1022 4100 1087 4169 δὴ
1128 4101 1223 4153 καὶ
1252 4101 1313 4152 τὸ
1357 4098 1706 4163 αὐτεξούσιον
1762 4095 1916 4166 παρὰ

342 4194 442 4266 τὴν
476 4194 709 4263 ἐξαρχῆς
762 4192 979 4257 πλάσιν,
1011 4196 1107 4247 καὶ
1131 4192 1341 4264 δωρεάν
1375 4193 1454 4254 είς
1478 4191 1540 4243 τὸ
1564 4189 1770 4256 δοῦλον,
1824 4187 1919 4242 καὶ

344 4286 667 4352 ὐπεξούσιον
689 4282 1153 4357 μεταπλάττοντα.
1186 4287 1247 4339 Ei
1283 4285 1410 4356 γὰρ,
1432 4284 1564 4338 διότι
1604 4303 1623 4335 ι
1645 4281 1914 4353 ὠργίσθη,

345 4381 685 4451 ἡμάρτομεν,
710 4397 729 4431 ι
767 4381 801 4450 ἡ
830 4381 966 4451 ὀργὴ
997 4379 1094 4450 τὴν
1128 4377 1401 4449 ἁμαρτίαν
1426 4376 1610 4430 ἔτεκεν
1629 4391 1643 4405 ·
1672 4373 1844 4445 ὀργῆς
1871 4370 1918 4427 δ’

343 4473 563 4543 ἀμάχου
592 4472 935 4544 συνωθούσης
978 4475 1059 4536 είς
1115 4472 1493 4542 παράπτωμα,
1539 4468 1625 4533 τίς
1667 4466 1921 4536 ἀντιστή-

350 4581 501 4617 σεται
523 4580 540 4631 ;

420 4827 629 4899 Διόπερ
651 4829 730 4891 είς
757 4827 920 4882 τοῦτο
957 4829 1056 4899 μὲν
1082 4827 1453 4897 διαλογισμῶν
1486 4829 1811 4897 ἀπενεγκεῖν
1827 4825 1927 4890 τάς

350 4920 504 4990 ἱεράς
539 4919 744 4990 φωνάς,
792 4919 1019 4991 οὐδεμία
1050 4919 1427 4991 παρείσδυσις,
1454 4920 1689 4989 μάλιστα
1722 4916 1930 4971 πολλῶν

347 5010 526 5065 ἄλλων
560 5011 903 5081 διδαγμάτων
932 5013 1026 5065 καὶ
1062 5011 1337 5081 πανταχοῦ
1371 5010 1471 5081 τῆς
1507 5011 1657 5081 ίερᾶς
1684 5010 1723 5061 Γ
1731 5009 1928 5079 ραφῆςν

348 5102 445 5155 καὶ
471 5102 535 5170 δὴ
566 5103 659 5157 καὶ
688 5105 743 5154 ὲν
775 5102 925 5173 αὐτῷ
956 5101 1036 5173 τῷ
1073 5103 1331 5174 προφήτῃ
1361 5101 1622 5153 τάναντία
1659 5099 1755 5152 καὶ
1781 5114 1927 5168 μαρ-

346 5194 684 5265 τυρομένων,
736 5195 829 5247 καὶ
884 5195 1280 5264 κρατυνόντων.
1353 5213 1371 5245 ι
1400 5192 1491 5264 Μὴ
1537 5193 1680 5261 γάρ,
1738 5191 1925 5261 φησὶν,

348 5288 583 5358 ἐϐάρυνε
630 5286 833 5357 Κύριος
862 5285 924 5338 τὸ
971 5281 1064 5348 οὖς
1116 5283 1281 5337 αὐτοῦ
1320 5281 1414 5336 τοῦ
1472 5283 1548 5352 μὴ
1579 5281 1921 5334 εἰσακοῦσαιο

422 5438 466 5470 ³⁷
500 5436 645 5495 Psal.
674 5454 858 5505 cxxvt,
898 5442 949 5495 1.
1027 5439 1073 5471 ³⁸
1098 5439 1229 5525 ibid.
1264 5440 1319 5495 Ξ.
1396 5440 1441 5472 ³⁸
1463 5439 1610 5496 Psal.
1643 5454 1822 5503 chvt,
1859 5441 1944 5498 lO.

2016 3544 2145 3598 tiam
2175 3544 2337 3615 dirigi
2386 3545 2721 3601 desiderant.
2775 3544 2917 3610 Quid
2968 3560 3097 3615 ergo
3143 3546 3455 3609 dicendum,
3492 3546 3597 3602 nisi

2015 3636 2160 3703 quod
2191 3635 2318 3688 illo:
2345 3652 2363 3685 ι
2394 3634 2473 3689 Tu
2506 3634 2675 3690 iratus
2699 3649 2779 3697 es,
2798 3645 2853 3689 et
2876 3649 2975 3690 nos
2992 3636 3319 3702 erravimus,
3354 3655 3374 3689 ι
3404 3652 3600 3707 nequa.

2015 3742 2181 3796 quam
2210 3727 2313 3783 hoc
2344 3728 2607 3782 innuatur
2637 3745 2652 3783 :
2684 3745 2704 3779 ι
2742 3728 2824 3782 0h
2853 3728 2993 3783 iram
3025 3738 3173 3784 tuam
3201 3732 3595 3800 praecedentem

2016 3831 2296 3890 peccatum
2336 3820 2403 3879 in
2453 3821 2607 3878 nobis
2640 3821 2982 3877 dominatum
3031 3823 3154 3878 est?
3202 3841 3222 3875 ›
3261 3822 3314 3877 ld
3350 3823 3496 3877 enim
3542 3833 3599 3878 et

2016 3913 2256 3968 divinam
2293 3913 2829 3983 lmderetiustitiam,
2870 3924 2925 3969 ct
2971 3915 3271 3977 hominem,
3304 3931 3373 3969 ne
3402 3930 3593 3970 eorum

2016 4006 2235 4074 quidem
2286 4006 2340 4059 in
2379 4007 2578 4076 quibus
2608 4022 2671 4060 ex
2700 4008 2867 4061 animi
2899 4008 3170 4063 sententia
3212 4016 3436 4078 peccat,
3466 4024 3598 4063 cau-

2016 4112 2134 4153 sam
2197 4098 2483 4162 redderet;
2542 4100 2638 4154 sed
2692 4102 2748 4155 in
2795 4100 3003 4164 Deum,
3070 4100 3164 4169 qui
3220 4094 3600 4170 cujuscunque

2016 4191 2188 4259 Culpa:
2237 4206 2401 4245 causa
2445 4206 2567 4245 esse
2620 4207 2725 4245 non
2752 4202 2946 4261 potest,
2980 4192 3193 4259 culpam
3227 4207 3321 4261 per
3349 4191 3600 4260 blasphe-

2018 4282 2183 4335 miam
2210 4280 2574 4336 transferret:
2606 4286 2736 4353 quin
2770 4284 2933 4338 etiam
2963 4286 3128 4338 Deum
3156 4270 3437 4337 induceret
3458 4280 3601 4337 redi-

2018 4383 2233 4442 gentem
2264 4374 2504 4431 hominis
2536 4375 2840 4430 libertatem
2873 4384 3066 4431 contra
3097 4375 3428 4447 primitivam
3455 4389 3603 4431 crea-

2018 4464 2246 4529 tionem,
2280 4466 2620 4537 gratiamque
2650 4467 2705 4521 in
2738 4467 3080 4531 servitutem,
3106 4475 3161 4522 et
3183 4466 3597 4536 subiectionem.

2021 4555 2079 4611 Si
2111 4557 2278 4622 etaim,
2314 4559 2443 4627 quia
2471 4557 2615 4613 Deus
2645 4578 2667 4611 c
2694 4560 2867 4614 iratus
2891 4569 2992 4622 est.
3027 4575 3126 4615 nos
3159 4560 3539 4629 peccavimus;
3574 4577 3594 4612 ι

2020 4648 2105 4704 ira
2134 4658 2418 4716 peccatum
2446 4650 2659 4719 peperit
2692 4667 2704 4703 :
2734 4650 2862 4703 dum
2896 4659 3076 4703 autem
3120 4650 3199 4703 ira
3238 4648 3601 4703 ineluctabilis

1956 4771 2003 4827 Β
2032 4739 2097 4794 ad
2126 4750 2406 4809 peccatum
2438 4742 2731 4811 compellit,
2756 4743 3010 4812 quisnam
3039 4741 3294 4797 resistet?

2099 4830 2464 4897 Quamobrem
2500 4834 2647 4887 nulla
2678 4834 2761 4887 via
2805 4842 2914 4897 est,
2949 4849 3057 4903 qua
3087 4848 3246 4888 sacra
3278 4833 3500 4888 oracula
3535 4833 3603 4887 ad

2028 4920 2344 4991 huiusmodi
2394 4922 2585 4977 deliria
2643 4925 2857 4993 possint
2899 4924 3249 4993 detorqueri;
3299 4924 3600 4994 praesertim

2025 5027 2149 5067 cum
2187 5013 2293 5067 alia
2325 5021 2490 5083 atque
2517 5014 2622 5068 alia
2647 5015 2757 5070 sint
2785 5015 3113 5069 documenta
3159 5023 3271 5069 tum
3310 5015 3511 5084 ubique
3547 5015 3601 5068 in

2025 5104 2199 5160 sacris
2221 5101 2461 5169 Litteris,
2488 5112 2601 5158 tum
2628 5104 2793 5159 etiam
2818 5104 2962 5174 apud
2988 5105 3238 5159 eumdem
3256 5105 3600 5174 prOphetam.

2024 5211 2149 5267 qua:
2194 5196 2529 5250 contrarium
2582 5206 2639 5252 et
2677 5206 2945 5253 testantur
2995 5208 3051 5252 et
3102 5198 3378 5252 evincunt.
3424 5195 3605 5265 lnquit

2024 5286 2169 5341 enim
2208 5302 2223 5339 :
2255 5284 2375 5341 Non
2401 5297 2694 5358 aggravata
2729 5299 2814 5345 est
2848 5289 2998 5345 auris
3028 5288 3173 5359 ejus,
3206 5298 3402 5346 utnon
3425 5302 3595 5343 exau-

1853 5594 2085 5651 NOTE.

424 5704 635 5776 (ΑΞ-28)
668 5705 773 5761 lsa.
810 5722 938 5772 xxx,
969 5708 1024 5770 l,
1072 5709 1126 5770 2,
1157 5710 1208 5763 5.
1244 5709 1348 5763 Sed
1383 5710 1471 5763 hic
1523 5709 1749 5765 Photius
1783 5710 1935 5768 Isaia:

352 5785 532 5848 potius
564 5777 892 5848 sententiam
932 5794 1095 5845 quam
1131 5780 1290 5832 verba
1324 5780 1376 5832 in
1415 5780 1591 5834 medio
1626 5783 1795 5848 ponit.

422 5846 534 5915 (39)
576 5846 651 5899 Ex
684 5844 980 5901 Barberino
1021 5849 1431 5917 currrigendum
1481 5844 1704 5906 omnino
1756 5852 1923 5921 εὐμα-

712 5940 987 6001 Ριτιιοι..
1027 5940 1146 6001 Gn.
1232 5944 1327 6003 CI.

2044 5714 2319 5795 ρίειςιισθαιἷ
2359 5716 2559 5795 Supple
2594 5719 2836 5787 δύναται,
2878 5734 2970 5778 aut
2998 5726 3200 5795 aliquid
3234 5726 3452 5793 simile;
3499 5729 3601 5784 nisi

2039 5786 2198 5865 m_al_is
2231 5786 2551 5865 inﬁnitivum
2572 5830 2586 5853 ,
2617 5786 2864 5847 contorta
2910 5786 3301 5864 aliquantulum
3333 5786 3602 5865 συντάξει,

2039 5854 2105 5908 ad
2131 5856 2423 5910 ἀποδίδωσι
2467 5859 2688 5914 referre.

3289 5960 3363 6018 10
