4084 6450
504 432 593 494 291
1048 420 1056 425 ’
1649 415 1923 479 PHOTII
1958 416 2117 477 PAT]

2190 414 2462 476 ARCHE
2496 415 2604 476 CP.
3683 410 3801 471 992

497 549 607 602 diat
663 562 677 598 :
721 542 815 599 sed
852 541 1169 613 iniquitates
1213 548 1414 595 vestrae
1447 537 1753 592 diviserunt
1786 533 1933 585 inter
1970 546 2089 595 vos,

2195 529 2333 585 ἀλλὰ
2360 528 2429 582 τὰ
2465 530 2844 601 ἁμαρτήματα
2898 524 3053 597 ὑμῶν
3106 523 3384 580 διῖστῶσιν
3449 539 3554 576 ανα
3627 526 3804 592 μέσον

492 649 551 694 et
580 636 750 688 Deum
783 642 1061 699 vestrum;
1101 643 1153 688 et
1202 639 1425 701 peccata
1454 637 1637 682 vestra
1670 624 2082 679 absconderunt

2195 620 2368 693 ὑμῶν,
2399 623 2496 675 καὶ
2534 621 2641 674 ἀνά
2678 620 2844 690 μέσον
2877 618 2971 672 τοῦ
3002 618 3138 671 Θεοῦ
3170 634 3183 647 ·
3216 617 3312 670 καὶ
3350 616 3439 668 διὰ
3464 616 3571 678 τὰς
3609 616 3808 682 ἀμαρ-

491 725 684 781 faciem
713 724 833 793 ejus
863 740 893 777 a
921 724 1094 787 vobis,
1127 738 1194 776 ne
1223 721 1508 775 exaudiret
1536 718 1733 789 (50).»)
1759 715 1943 781 Quare
1970 731 2080 768 non

2194 715 2310 775 τίας
2353 714 2509 783 ὑμῶν
2572 711 2885 781 ἀπέστρεψε
2916 710 2978 763 τὸ
3011 711 3306 781 πρόσωπον
3341 705 3506 760 αὑτοῦ
3583 704 3690 757 τοῦ
3729 705 3807 777 μὴ

489 818 618 888 quia
654 818 797 870 Deus
849 831 907 870 se
938 815 1165 874 avertit.
1196 828 1298 867 nos
1328 824 1657 879 peccamus;
1688 821 1788 860 ncc
1830 804 1961 874 quia
1994 804 2085 857 ille

2196 807 2429 875 ἐλεῆσαι.
2465 824 2483 859 ι
2530 805 2693 857 Ὥστε
2739 804 2841 857 οὐκ
2873 807 2937 856 ὲκ
2964 803 3065 871 τῆς
3129 802 3277 864 θείας
3332 799 3711 871 ἀποστροφῆς
3745 798 3809 850 τὸ

493 908 753 979 praeterit,
780 916 835 961 et
866 921 974 961 non
1004 906 1249 969 exaudit,
1275 910 1497 973 peccata
1528 901 1581 955 in
1608 899 1769 952 nobis
1801 896 2086 950 dominan-

2195 897 2527 967 ἁμαρτάνειν
2587 898 2772 965 ἡμᾶς·
2825 895 2947 948 οὐδὲ
2977 896 3041 947 ὲκ
3066 894 3161 946 τοῦ
3222 894 3505 962 παρορᾷν,
3562 892 3670 942 καὶ
3730 891 3808 958 μὴ

495 977 581 1054 tur
610 1016 624 1051 :
660 998 757 1053 sed
787 998 917 1067 quia
954 1012 1265 1065 peccamus,
1298 1004 1353 1049 et
1382 991 1776 1061 delinquimus.
1833 987 1976 1042 Deus
2031 994 2086 1040 et

2197 989 2445 1055 ἀκούειν,
2499 988 2610 1041 τῶν
2661 987 3355 1058 ἀμαρτημάτωνήίσχύς·
3411 985 3527 1038 ἀλλ’
3596 983 3665 1048 ἐξ
3730 977 3810 1035 ὧν

495 1090 693 1148 avertit
719 1104 799 1156 se,
832 1098 886 1142 et
914 1090 1193 1150 irascitur,
1223 1097 1279 1142 et
1312 1101 1412 1140 nos
1454 1082 1806 1151 derelinquit.
1860 1079 1925 1133 Et
1964 1094 2087 1133 rur-

2194 1082 2601 1151 ἁμαρτάνομεν,
2637 1080 2733 1132 καὶ
2765 1078 3219 1149 πλημμελοῦμεν,
3250 1078 3396 1147 καὶὴ
3430 1074 3807 1145 ἀποστροφὴ,

497 1199 595 1239 sus
630 1201 644 1237 :
682 1180 1136 1251 Exspectavimus
1161 1178 1454 1248 judicium,
1482 1184 1537 1230 et
1556 1190 1661 1228 non
1689 1183 1805 1237 est;
1831 1171 2085 1235 salutem,

2192 1175 2331 1244 καὶὴ
2360 1174 2518 1245 ὀργὴ,
2542 1174 2636 1226 καὶ
2663 1175 2696 1243 ή
2728 1171 3116 1240 ὲγκατάλειψις
3140 1171 3236 1223 τοῦ
3262 1170 3421 1223 Θεοῦ.
3456 1170 3577 1224 Καὶ
3603 1170 3805 1223 πάλιν·

500 1282 555 1328 et
595 1272 849 1341 elongata
900 1278 983 1325 est
1020 1284 1050 1323 a
1081 1268 1262 1323 nobis.
1316 1285 1333 1318 ι
1381 1266 1521 1331 Quid
1558 1264 1676 1318 ita?
1716 1262 2089 1331 Multiplicatre

2199 1285 2217 1318 ι
2253 1266 2644 1336 Ἀνεμείναμεν
2691 1266 2896 1335 κρίσιν,
2934 1266 3029 1317 καὶ
3060 1265 3162 1317 οὐκ
3193 1264 3308 1316 ἔστι
3352 1264 3634 1332 σωτηρία,
3688 1280 3805 1331 μα-

500 1372 632 1421 sunt
666 1363 813 1418 enim
849 1362 1165 1432 iniquitates
1192 1367 1397 1414 nostrae
1438 1372 1623 1412 coram
1660 1363 1735 1419 te,
1776 1364 1831 1409 et
1863 1361 2089 1423 peccata

2198 1358 2331 1429 κρὰν
2395 1358 2707 1428 ἀφέστηκεν
2755 1359 2847 1426 ἀφ’
2881 1358 3058 1428 ήμῶν.
3088 1377 3105 1409 ι
3154 1358 3253 1411 Διά
3286 1356 3374 1421 τίς
3420 1377 3437 1408 ‹
3465 1356 3659 1424 Πολλὴ
3698 1358 3811 1427 γὰρ

502 1466 693 1512 nostra
723 1454 1127 1524 responderunt
1150 1452 1340 1518 nobis;
1369 1450 1496 1521 quia
1528 1448 1735 1503 scelera
1768 1456 1956 1501 nostra
1988 1459 2087 1499 no-

2201 1453 2351 1523 ὴμῶν
2377 1454 2410 1523 ἡ
2438 1453 2641 1523 ἀνομία
2671 1450 2916 1504 ἐναντίον
2948 1467 3066 1513 σου,
3097 1451 3193 1503 καῖ⁷
3225 1451 3283 1504 αί
3312 1450 3594 1520 ἁμαρτίαι
3646 1450 3814 1517 ἡμῶν

501 1550 741 1614 hiscum,
798 1556 852 1602 ct
888 1546 1205 1615 iniquitates
1254 1555 1475 1599 nostras
1529 1540 1929 1612 cognovimus:
1966 1554 2091 1608 pec.

2192 1546 2531 1616 ἀντέστησαν
2581 1547 2745 1613 ἡμῖν·
2776 1546 2828 1597 αἱ
2863 1543 2972 1612 γὰρ
3036 1543 3259 1613 ἀνομίαι
3316 1542 3475 1612 ήμῶν
3502 1544 3565 1594 ὲν
3638 1543 3805 1610 ἡμῖν,

502 1656 652 1707 care,
681 1648 736 1694 et
769 1639 989 1693 mentiri
1014 1646 1202 1692 contra
1225 1636 1558 1701 Dominum;
1591 1644 1645 1687 et
1667 1631 1844 1687 aversi
1876 1645 2087 1695 sumus,

2198 1638 2291 1691 καὶ
2342 1638 2413 1691 τά
2465 1638 2780 1707 ἀδικήματα
2841 1636 2997 1707 ἡμῶν
3059 1636 3343 1704 ἔγνωμεν
3400 1634 3811 1705 ὴσεὸήσαμεν.

504 1746 573 1786 ne
605 1731 811 1785 iremus
845 1737 965 1799 post
998 1736 1211 1795 tergum
1250 1724 1343 1781 Dei
1374 1724 1548 1781 nostri
1578 1724 1645 1776 ⁸ο.
1683 1742 1700 1775 ι

2199 1730 2292 1783 καὶ
2345 1730 2697 1800 ἐψευσάμεθα
2725 1746 2737 1760 ·
2774 1729 2872 1782 καὶ
2922 1728 3244 1799 ἀπέστημεν
3291 1729 3399 1781 ἀπὸ
3441 1727 3686 1780 δπισθεν
3714 1726 3812 1779 τοῦ

2196 1819 2335 1873 Θεοῦ
2363 1820 2541 1889 ἡμῶν.
2568 1840 2585 1872 ι

580 1909 755 1979 Atque
800 1906 1118 1978 huiusmodi
1178 1904 1438 1975 loquendi
1481 1904 1662 1959 modis
1719 1910 1929 1959 scatent
1974 1910 2090 1955 tum
2121 1910 2168 1969 Β

2265 1912 2375 1965 Καὶ
2424 1912 2607 1981 πλήρη
2633 1911 2741 1963 τῶν
2794 1911 3054 1964 τοιούτων
3106 1911 3359 1981 χρήσεων
3382 1911 3451 1964 τά
3477 1928 3539 1964 τε
3569 1911 3804 1965 Παλαιά

507 2000 721 2058 Veteris
770 1998 1111 2055 Testamenti
1161 1997 1445 2061 doctrinae,
1499 2004 1615 2049 tum
1669 2010 1767 2061 em,
1809 1994 1864 2047 in
1896 1992 2095 2062 quibus

2198 2004 2532 2074 Μαθήματα,
2585 2005 2676 2056 καὶ
2698 2005 2755 2057 ὲν
2783 1998 2864 2068 οἷς
2899 2004 2931 2074 ἡ
2968 2004 3127 2073 χάρις
3177 2004 3624 2068 ἀνακαινίζεται.
3695 2002 3811 2055 Ποῦ

510 2091 683 2160 gratia
725 2090 1043 2144 innovatur.
1075 2085 1178 2141 Ubi
1206 2101 1337 2156 ergo
1366 2092 1513 2141 esset
1544 2084 1834 2153 sapientia,
1861 2092 1915 2137 et
1938 2080 2095 2135 intelo

2197 2092 2377 2145 τοίνυν
2410 2093 2623 2160 σοφίας,
2686 2092 2781 2145 καὶ
2847 2092 3141 2155 συνέσεως,
3203 2096 3303 2155 τῆς
3345 2094 3512 2160 αὐτῆς
3547 2092 3654 2144 νῦν
3702 2092 3805 2161 μὲν

510 2181 766 2253 ligentia,
820 2181 866 2235 si
912 2180 1029 2249 ipsa
1060 2178 1222 2232 modo
1253 2178 1471 2247 quidem
1504 2178 1745 2239 doceret,
1780 2175 1926 2244 quod
1973 2188 2100 2242 pec-

2199 2182 2577 2253 διδασκούσης,
2621 2184 2696 2246 ὼς
2725 2182 2811 2253 εἴη
2837 2182 2938 2252 τῆς
2972 2181 3273 2253 ἁμαρτίας,
3312 2185 3406 2235 καὶ
3439 2184 3812 2252 ἀποστροφῆς

511 2274 618 2330 cati
649 2272 847 2335 nostri,
876 2284 928 2326 ct
956 2270 1278 2326 aversiones
1301 2269 1501 2324 divina:
1534 2283 1701 2323 causa
1746 2268 1817 2322 sit
1853 2266 1947 2321 Dei
1978 2267 2096 2330 ira;

2201 2277 2372 2329 αῖτιον
2394 2277 2427 2346 ἡ
2451 2275 2589 2345 ὀργή
2617 2290 2630 2303 ·
2674 2275 2768 2328 νῦν
2793 2275 2850 2328 δὲ
2884 2275 2982 2345 τὴν
3015 2275 3393 2347 ἀποστροφὴν,
3424 2276 3525 2329 καὶ
3560 2276 3669 2347 τὴν
3705 2276 3805 2346 όρ-

510 2366 676 2421 modo
702 2376 909 2431 autem,
944 2364 1086 2433 quod
1127 2370 1411 2434 peccatum
1457 2363 1633 2430 pariat
1663 2358 2009 2414 aversionem
2046 2364 2101 2410 et

1457 2363 1633 2430 pariat
1663 2358 2009 2414 aversionem
2046 2364 2101 2410 ει
2200 2368 2305 2437 γὴν
2331 2366 2432 2439 τὴν
2464 2368 2741 2439 ἁμαρτίαν
2766 2367 3069 2421 ἀποτελεῖν.

512 2453 700 2508 iram?

582 2544 655 2599 At
687 2543 880 2599 isthaec
900 2541 1314 2606 commentatio,
1338 2548 1392 2594 et
1405 2538 1913 2595 considerationum
1941 2537 2102 2591 indu-

2288 2548 2429 2601 Ἀλλ’
2479 2546 2622 2619 αὕτη
2687 2550 2784 2620 μὲν
2817 2551 2849 2620 ή
2877 2549 3243 2617 συνεξέτασις,
3296 2550 3393 2603 καὶ
3461 2550 3675 2621 μελέτη
3703 2550 3814 2603 τῶν

515 2636 649 2692 stria
680 2636 985 2689 luculenter
1018 2634 1238 2704 quidem
1269 2632 1525 2702 exposuit
1571 2630 1857 2686 oraculum
1902 2644 2105 2699 propo-

2204 2640 2506 2712 λογισμῶν,
2533 2642 2615 2695 ὅτι
2644 2642 2742 2712 μὲν
2776 2643 2837 2696 οὐ
2869 2642 3021 2712 δηλοῖ
3042 2643 3102 2695 τὸ
3129 2644 3326 2711 Λόγιον
3356 2644 3807 2714 κατάρχειν,τῆς

518 2729 683 2783 situm
712 2742 821 2781 non
849 2726 1162 2789 ostendere,
1196 2725 1342 2795 quod
1375 2724 1453 2778 ira
1482 2730 1767 2796 peccatum
1801 2722 2101 2791 producat;

2207 2732 2483 2802 ἁμαρτίας
2515 2734 2614 2802 τὴν
2640 2734 2832 2803 ὀργὴν,
2880 2736 3195 2804 παρέστησε
3230 2734 3545 2804 τηλαυγῶς
3579 2737 3636 2787 τί
3679 2752 3810 2788 ποτε

516 2820 653 2891 quid
697 2828 879 2874 autem
918 2818 1095 2888 ipsum
1130 2817 1419 2871 oraculum
1468 2818 1681 2879 innuat,
1714 2814 1956 2868 nonduin
1986 2828 2106 2881 per-

2205 2824 2261 2877 δέ
2284 2826 2401 2876 ἐστι
2426 2825 2487 2877 τὸ
2515 2825 2843 2897 δηλούμενον
2872 2828 2963 2879 ὑπ’
2995 2827 3185 2893 αὑτοῦ,
3236 2829 3420 2880 οὐκέτι
3466 2829 3679 2897 ὁμοίως
3711 2828 3811 2881 ύπ-

528 2914 710 2983 spicue
742 2912 1060 2966 declaravit.
1094 2910 1282 2965 Altero
1317 2911 1500 2978 itaque
1543 2906 1902 2976 expositionis
1944 2905 2106 2959 modo

2208 2915 2408 2980 έδειξεν
2454 2918 2732 2987 ἐμφανῶς.
2783 2919 2997 2972 Οὐκοῦν
3047 2919 3148 2988 τῆς
3210 2921 3405 2991 ἐτέρας
3451 2920 3812 2989 ἐπισκέψεως

525 3012 767 3066 utamur,
807 3009 1043 3070 oportet,
1080 3016 1143 3055 ac
1178 3000 1414 3054 fortasse
1441 3014 1505 3053 ea
1537 2998 1703 3052 verba
1733 2996 1836 3050 hoc
1867 2996 1973 3051 sibi
2008 3011 2101 3050 vo.

2209 3006 2408 3075 τρόπον
2441 3011 2472 3077 ή
2508 3009 2666 3079 χρεία
2715 3010 3046 3081 παρακαλεῖ,
3109 3011 3204 3063 καὶ
3262 3012 3391 3074 ῖσως
3425 3013 3491 3065 ἂν
3527 3012 3712 3065 ἐθέλοι
3743 3010 3810 3063 τά

523 3099 643 3151 Ιιιηι
679 3113 694 3150 :
736 3115 753 3146 ι
792 3094 908 3149 lras
962 3094 1185 3164 quidem
1232 3092 1451 3147 aliunde
1476 3092 1530 3145 in
1576 3107 1678 3145 nos
1722 3091 1987 3145 excitatas
2018 3100 2106 3143 tua

2210 3094 2364 3163 λόγια
2414 3096 2638 3165 δηλοῦν
2672 3118 2690 3150 ι
2714 3098 2802 3162 Ὠς
2834 3100 2933 3163 τὰς
2981 3102 3079 3169 μὲν
3136 3100 3431 3171 ἀλλαχόθεν
3471 3103 3810 3172 κινουμένας

520 3189 857 3260 propulsavit
885 3187 1173 3242 clementia
1215 3200 1279 3240 ac
1318 3183 1696 3239 misericordia
1731 3198 1945 3254 :qnare
1974 3180 2103 3235 dum

2211 3188 2380 3259 ὀργὰς
2410 3192 2443 3259 ἠ
2476 3190 2545 3261 σὴ
2603 3190 2865 3257 πολλάκις
2919 3193 3152 3263 ἀνέκοψε
3213 3194 3607 3266 φιλανθρωπία
3636 3240 3650 3262 ,
3717 3196 3811 3248 καὶ

521 3280 683 3335 nobis
734 3293 892 3333 error
933 3276 1301 3346 impendebat,
1335 3275 1576 3345 dumque
1612 3274 1961 3344 insurgentes
2010 3274 2109 3326 ho-

2216 3281 2567 3350 συμπάθεια·
2627 3284 2706 3338 διὸ
2743 3286 2838 3339 καὶ
2882 3286 3152 3357 ἁμαρτεῖν
3208 3288 3367 3357 ἡμῶν
3419 3264 3808 3359 προθεμένων,

522 3384 632 3428 stes
660 3372 942 3425 irruebant
971 3371 1025 3423 in
1060 3383 1183 3431 nos,
1217 3377 1277 3422 ut
1303 3367 1383 3422 eis
1418 3377 1607 3422 nostra
1638 3367 1775 3420 ultio
1799 3366 2109 3419 committe-

2216 3376 2306 3428 καὶ
2334 3375 2432 3445 τὴν
2477 3377 2690 3447 ἄμυναν
2746 3378 3067 3448 ἐπιτρέπειν
3127 3381 3363 3447 ἑαυτοῖς,
3417 3382 3474 3433 ὲν
3542 3382 3624 3452 τῷ
3681 3382 3808 3442 τοὺς

524 3473 703 3529 retur;
759 3463 1098 3531 prmeuiens
1133 3470 1226 3514 tua
1266 3459 1461 3528 gratia,
1500 3468 1663 3527 atque
1707 3457 2015 3525 benignitas
2058 3464 2113 3509 ct
2213 3468 3415 3543 gmwgzapévwgmyﬁmbwépeseahﬁ3.),
3434 3474 3811 3544 προφθάσασα

525 3558 745 3627 disiecit
780 3558 996 3611 illorum
1034 3554 1351 3618 consilium,
1386 3560 1439 3607 ct
1472 3567 1573 3607 nos
1620 3561 1729 3605 tam
1763 3551 1833 3604 ah
1864 3552 2109 3619 ipsorum

2214 3561 2395 3629 χάρις,
2449 3560 2543 3613 καὶ
2593 3561 2853 3630 εὐμένεια
2882 3563 2978 3614 καὶ
3011 3564 3111 3633 τὴν
3174 3562 3400 3616 ἐκείνων
3448 3565 3704 3616 ἐπίνοιαν
3735 3563 3811 3616 δι-

531 3651 757 3715 impetu,
785 3660 947 3713 quam
970 3660 999 3698 a
1029 3653 1222 3697 nostro
1253 3656 1442 3696 errore
1465 3641 1690 3711 eripuit.
1717 3639 1873 3694 Nunc
1903 3648 2111 3699 autem.

2215 3652 2497 3716 εσκέδασε,
2547 3654 2642 3707 καὶ
2663 3655 2812 3723 ἡμᾶς
2843 3655 3113 3725 ἑκατέρας
3142 3656 3342 3725 ὁρμῆς,
3394 3658 3491 3710 καὶ
3526 3655 3810 3728 ἁμαρτίας

535 3744 823 3806 postquam
857 3735 993 3788 nihil
1023 3732 1333 3803 huiusmodi
1363 3746 1393 3785 a
1430 3742 1521 3785 tua
1560 3730 1900 3799 providentia
1936 3730 2115 3799 dispo-

2214 3741 2512 3813 ἐξήρπασε.
2532 3742 2647 3795 Νῦν
2669 3742 2725 3796 δὲ
2752 3744 2942 3815 ἐπειδὴ
2984 3745 3151 3816 μηδὲν
3172 3747 3366 3816 ὁρᾶται
3382 3747 3631 3801 τοιοῦτον
3658 3746 3809 3815 παρά

536 3829 703 3882 situm
736 3826 1094 3893 conspicitur,
1137 3824 1232 3879 sed
1265 3838 1363 3892 pro
1406 3832 1498 3877 tua
1533 3823 1870 3892 benignitate
1919 3830 1973 3877 et
2004 3823 2116 3878 cle-

2213 3833 2313 3903 τῆς
2344 3836 2444 3903 σῆς
2479 3835 2737 3905 προνοίας
2767 3836 3243 3906 οίκονομούμενον·
3269 3838 3387 3891 ἀλλ’
3418 3839 3527 3892 ἀπὸ
3551 3839 3656 3908 τῆς
3709 3837 3806 3907 σῆς

532 3920 737 3975 mentia
769 3920 1001 3990 insurgit
1035 3919 1153 3984 ira;
1188 3916 1307 3971 sine
1348 3915 1761 3985 impedimento,
1797 3924 1987 3985 utpote
2020 3931 2114 3968 ne-

2214 3925 2569 3997 ἀγαθότητος,
2598 3928 2690 3980 καὶ
2716 3927 3178 3999 φιλανθρωπίαςή
3212 3931 3349 4001 ὀργή
3378 3946 3390 3960 ·
3416 3931 3511 3984 καὶ
3535 3931 3598 3983 τὸ
3624 3933 3807 3999 ἀμαρ-

532 4013 677 4067 mine
711 4011 1058 4081 prohibente,
1113 4010 1386 4077 sequitur,
1431 4015 1492 4061 ut
1548 4021 1650 4060 nos
1684 4021 1952 4061 erremus.
1998 4006 2116 4060 Illic

2212 4019 2328 4070 τεῖν
2370 4020 2540 4088 ἡμᾶς,
2586 4020 2660 4083 ὡς
2712 4021 2941 4091 μηδενὸς
2999 4021 3444 4088 ἀναστέλλοντος,
3506 4021 3806 4082 ἀκωλύτως

530 4104 675 4159 enim
708 4104 879 4157 multa
904 4115 1061 4156 erant
1089 4101 1284 4156 salutis
1315 4108 1519 4155 nostrae
1550 4097 1819 4168 perfugia,
1860 4099 1990 4167 quia
2021 4109 2114 4152 tua

2214 4106 2426 4163 ἕπεται.
2493 4110 2640 4162 Ἐκεῖ
2679 4111 2778 4181 μὲν
2804 4111 2913 4181 γὰρ
2949 4112 3143 4165 πολλαὶ
3182 4112 3281 4181 τῆς
3324 4114 3608 4183 ἡμετέρας
3634 4129 3809 4179 σωτη-

532 4197 812 4252 miseratio
854 4205 907 4249 et
945 4193 1286 4265 providentia
1332 4201 1575 4247 nostram
1618 4190 1840 4260 regebat
1869 4189 2116 4244 imbecil-

2217 4199 2339 4271 ρίας
2368 4202 2423 4253 αἱ
2456 4203 2725 4272 ἀφορμαὶ,
2761 4204 2859 4272 τῆς
2883 4203 2982 4272 σῆς
3014 4203 3376 4274 συμπαθείας,
3415 4204 3506 4256 καὶ
3547 4201 3806 4272 προνοίας

532 4292 736 4343 litatem
772 4305 785 4341 :
821 4286 909 4340 hic
959 4300 1163 4351 autem,
1224 4283 1353 4353 quia
1403 4284 1483 4337 ira
1529 4297 1626 4352 per
1683 4291 1933 4336 nostrum
1984 4296 2115 4351 erga

2216 4293 2549 4362 συνεχούσης
2570 4295 2727 4363 ἡμῶν
2757 4295 2818 4348 τὺ
2842 4294 3119 4349 εύόλισθον
3142 4310 3154 4323 ⁸
3175 4294 3412 4349 ἐνταῦθα
3426 4295 3483 4349 δὲ
3499 4299 3601 4366 τῆς
3637 4292 3806 4363 ὀργῆς

532 4381 662 4435 vitia
697 4379 947 4433 ardorem
981 4379 1205 4433 incensa
1236 4386 1340 4442 est,
1373 4385 1429 4431 et
1459 4390 1622 4430 nemo
1663 4375 1927 4443 impetum
1960 4389 2117 4428 coer-

2216 4384 2281 4437 ὲκ
2306 4383 2407 4452 τῆς
2436 4384 2594 4454 ἡμῶν
2627 4386 2764 4456 πρὸς
2786 4385 2855 4439 τὰ
2880 4385 3026 4457 πάθη
3058 4386 3361 4457 πυρώσεως
3393 4382 3809 4457 ἀναρριπισθεί-

472 4514 474 4518 _
533 4477 640 4533 cet,
690 4468 792 4537 ipsi
844 4469 1048 4523 nostris
1078 4466 1326 4523 consiliis
1358 4466 1415 4521 in
1456 4465 1630 4535 ipsam
1662 4465 1871 4537 peccati
1900 4463 2085 4519 [θῦσαι]

2219 4491 2339 4543 σης.
2407 4476 2502 4528 καὶ
2553 4475 2780 4546 μηδενὸς
2812 4478 2910 4548 τὴν
2938 4477 3112 4549 φορὰν
3147 4479 3456 4549 ἐπέχοντος,
3513 4479 3701 4538 αὐτοῖς
3724 4476 3806 4525 λο-

534 4559 777 4631 prolapsi
804 4574 1017 4616 sumus.
1064 4578 1083 4610 ι

2221 4567 2440 4633 γισμοῖς
2473 4567 2552 4630 εἰς
2588 4566 2749 4621 αὑτὸν
2769 4567 2861 4622 τὸν
2889 4569 2988 4639 τῆς
3018 4569 3295 4641 ἁμαρτίας
3323 4570 3545 4641 βόθυνον
3576 4565 3808 4633 ὠλισθήο

2226 4671 2421 4724 σαμεν.
2446 4675 2464 4707 ι

603 4741 876 4796 Caeterum
926 4747 1219 4811 postquam
1258 4736 1371 4805 ille,
1425 4737 1519 4807 qui
1554 4743 1773 4802 cuncta,
1804 4744 1859 4791 et
1901 4735 2121 4806 quidem

2297 4747 2509 4811 Ἄλλως
2559 4767 2620 4803 τε
2674 4750 2731 4804 δὲ
2784 4750 3006 4805 ἐπειδὰν
3051 4752 3084 4805 ὁ
3124 4752 3307 4807 πάντα
3362 4752 3652 4823 προειδὼς,
3715 4746 3804 4801 καὶ

536 4832 737 4889 melius
767 4842 893 4887 ante
940 4834 1301 4895 creationem,
1336 4845 1503 4899 quam
1540 4830 1583 4883 si
1632 4836 1815 4883 creata
1868 4828 2121 4890 fuissent,

2223 4842 2491 4910 κρεῖττον,
2525 4842 2558 4911 ἢ
2584 4842 2659 4905 ὼς
2686 4844 2969 4913 γεγονότα,
3004 4845 3111 4915 πρὸ
3144 4846 3434 4915 γενέσεως,
3459 4847 3519 4900 τὸ
3546 4845 3650 4914 τῆς
3677 4838 3807 4910 γνώ-

539 4926 808 4997 praevidit,
860 4925 1114 4998 animiet
1167 4923 1384 4980 consilii
1438 4922 1610 4977 nostri
1667 4922 1989 4992 pravitatem
2041 4926 2123 4976 in-

2225 4948 2333 5001 μης
2364 4931 2590 5000 φαῦλον,
2619 4935 2716 4988 καὶ
2742 4936 2840 5006 τῆς
2882 4936 3115 5008 μελέτης
3145 4940 3209 5008 τῇ
3233 4938 3515 5009 ἀδεκάστῳ
3536 4937 3802 5003 ζυγοστα-

536 5026 794 5087 corrupta
827 5017 1416 5088 expenderitiustitia,
1468 5016 1721 5084 iramque
1762 5030 1886 5068 cum
1913 5014 2121 5084 iudicio

2221 5022 2362 5093 τὴσῃ
2382 5022 2528 5095 δίκῃ,
2560 5025 2654 5078 καὶ
2678 5025 2777 5097 τὴν
2799 5026 2970 5098 ὀργὴν
3006 5028 3219 5099 συνάψῃ
3251 5031 3315 5100 τῇ
3352 5029 3553 5099 κρίσει,
3586 5026 3679 5079 καὶ
3709 5018 3803 5089 τὴν

538 5110 907 5181 conjunxerit,
960 5119 1016 5164 et
1064 5109 1274 5179 peccati
1312 5122 1531 5178 poenam
1572 5106 1952 5173 constituerit;
1989 5106 2119 5160 dum

2220 5111 2457 5181 ἀμοιϐὴν
2504 5115 2661 5186 ὁρίσῃ
2693 5116 2786 5170 τοῦ
2824 5119 3255 5189 ἁμαρτήματος*
3288 5120 3433 5173 οὕτω
3489 5121 3587 5188 τῆς
3622 5115 3804 5185 φιλαν-

539 5200 721 5255 divina
760 5202 1046 5258 clementia
1087 5217 1152 5256 ac
1182 5200 1490 5271 benignitas
1517 5200 1591 5253 ita
1625 5200 1679 5252 in
1711 5214 1810 5252 nos
1839 5214 1897 5254 se
1936 5199 2117 5265 habet,

2222 5201 2490 5272 θρωπίας,
2546 5211 2642 5260 καί
2701 5210 3042 5284 ἅγαθότητος
3087 5213 3220 5283 περ).
3255 5215 3398 5283 ἡμᾶς
3433 5208 3801 5277 διακειμένηςο

539 5291 663 5359 quis
717 5292 1000 5349 decretum
1050 5306 1330 5356 revocare,
1381 5290 1506 5359 quis
1556 5289 1847 5343 adversam
1902 5298 2121 5343 senten-

2219 5293 2302 5357 τίς
2334 5298 2432 5365 μὲν
2480 5300 2795 5355 ἀναστεῖλαι
2825 5303 2923 5375 τὴν
2953 5303 3154 5374 ψῆφον,
3192 5304 3277 5368 τίς
3299 5305 3356 5357 δὲ
3388 5305 3486 5377 τὴν
3533 5302 3800 5368 ἀπόφασιν

541 5385 670 5439 tiam
701 5394 944 5456 tempore
971 5386 1141 5441 lenire
1178 5382 1418 5455 poterit?
1443 5381 1587 5452 quod
1617 5380 1836 5451 quidem
1864 5379 1939 5435 ibi
1987 5396 2120 5435 con-

2221 5387 2401 5457 χρόνῳ
2428 5390 2669 5461 πραῧναι
2696 5394 3008 5450 δυνήσεταιο
3043 5398 3182 5465 ὅπερ
3208 5398 3399 5451 εἴωθεν
3422 5396 3693 5466 ἀπαντᾷν,
3718 5384 3797 5455 ἐφ’

605 5518 650 5549 ⁸⁸
689 5521 793 5575 Isa.
827 5537 938 5585 ιιι,
974 5522 1059 5586 ll,
1096 5523 1296 5585 12,15.

2056 5662 2288 5718 NOTAE.

576 5772 719 5849 _(30)
771 5772 876 5856 Isa.
921 5788 1031 5836 LIX,
1076 5773 1099 5825 i
1137 5786 1189 5827 ct
1218 5776 1273 5830 2.
1320 5776 1377 5829 lu
1416 5777 1520 5833 hoc
1560 5785 1738 5832 autem
1787 5788 1838 5831 et
1876 5778 2123 5843 sequenti
2168 5776 2322 5834 Isaiae
2362 5781 2482 5835 loco
2515 5782 2741 5837 Photius
2805 5783 3209 5853 LXXviralem,
3241 5800 3341 5855 ego
3382 5784 3655 5856 Vulg-alam
3680 5791 3792 5831 ver-

543 5844 752 5895 sionem
792 5844 856 5895 de
885 5857 1039 5899 more
1063 5859 1279 5912 sequar.
