4084 6440
332 416 437 479 293

1310 419 1408 478 AD
1446 416 2034 478 AMPHILOCHIUM
2074 416 2417 489 QUESTIO
2475 416 2661 477 XLII.

3471 417 3578 480 ΞΜ

328 519 404 575 ὧν
446 521 644 594 ἡόργὴ
674 522 1049 593 προλαμϐάνει
1103 523 1194 575 τὸν
1255 526 1443 594 χρόνον
1499 526 1599 594 τῆς
1632 525 1901 596 κρίσεως;

2013 525 2217 594 tingere
2263 526 2438 589 solet,
2497 525 2587 579 ubi
2625 522 2815 593 judicii
2877 531 3090 594 tempus
3142 524 3221 580 ira
3268 531 3577 583 antevertit.

330 615 541 669 Οὐκοῦν
568 615 668 686 τὴν
701 615 799 684 μὲν
832 616 1048 684 κίνησιν
1068 618 1165 686 τῆς
1185 616 1352 686 ὀργῆς
1389 619 1485 670 καὶ
1523 616 1664 670 κατά
1688 617 1901 687 σχολὴν,

331 710 424 760 καὶ
442 707 675 777 μελέτην
697 706 804 759 τῶν
838 708 1090 777 πονηρῶν
1118 708 1271 778 ἡμῶν
1299 708 1650 779 ἐνθυμήσεων
1678 709 1907 777 παροξύο

329 814 412 849 νει
468 796 696 866 πρόοδος
723 813 737 826 ·
772 797 805 867 ἡ
844 796 900 848 δὲ
928 797 1136 850 ἐκεῖθεν
1189 797 1522 868 τολμηθεῖσα
1574 798 1772 869 πρᾶξις
1806 800 1905 863 τὰς

331 891 396 942 ἐκ
435 890 533 958 τῆς
577 888 749 958 ὀργῆς
801 890 1181 959 τιμωρητικάς
1209 890 1423 959 ψήφους
1472 890 1901 961 προύκαλέσατο.

330 980 444 1031 Καὶ
498 979 677 1047 δῆλον,
708 978 780 1040 ὡς
808 979 868 1031 τὸ
891 980 1244 1050 ἀδυσώπητον
1282 982 1380 1049 τῆς
1424 983 1613 1052 ὀργῆς,
1647 983 1741 1036 καὶ¹
1772 984 1907 1052 ἀμε-

327 1070 653 1137 τάτρεπτον,
684 1068 777 1121 καὶ
803 1070 1077 1121 ἀκώλυτον
1105 1072 1133 1122 ὀ
1166 1070 1513 1139 Ἰεροφάντης
1549 1072 1904 1139 παραστῆσαι

330 1160 673 1228 βουλόμενος,
717 1160 791 1223 ὡς
822 1160 1139 1230 σύνδρομον,
1188 1162 1284 1214 καὶ
1320 1162 1629 1231 προφθάνον
1656 1162 1733 1233 τῷ
1762 1164 1907 1234 λόγῳ

326 1251 594 1305 διέλαϐεν.
641 1251 704 1303 Ἦ
732 1252 840 1321 γὰρ
897 1252 1006 1304 τῶν
1064 1252 1386 1321 φθασάντων
1450 1254 1750 1319 κολάσεων,
1811 1254 1908 1308 καὶ

327 1344 631 1414 τιμωριῶν,
658 1344 743 1412 ἐφ’
769 1340 850 1407 οἷς
882 1344 1226 1414 ἡμάρτομεν,
1276 1345 1481 1415 κρίσις,
1515 1346 1611 1398 καὶ
1664 1345 1801 1415 ὀργὴ
1830 1344 1907 1415 τῷ

328 1435 618 1507 ἀκωλύτῳ,
650 1437 742 1490 καὶ
772 1436 1049 1507 ἀτρέπτῳ,
1082 1438 1177 1490 καὶ
1201 1437 1546 1509 ἀδυσωπήτῳ
1571 1438 1905 1507 συναπαρτί-

332 1527 484 1592 ζεται
520 1528 618 1581 καὶ
648 1528 986 1599 περαίνεται.

399 1705 466 1760 Εἰ
491 1705 669 1776 βούλει
695 1705 772 1773 δὲ,
833 1706 929 1760 καὶ
980 1707 1116 1761 διότι
1147 1707 1208 1761 τὸ
1234 1709 1332 1779 τῆς
1374 1709 1546 1780 ὀργῆς
1604 1709 1821 1770 πάντως
1851 1711 1909 1762 ἐν

328 1799 511 1867 κρίσει
536 1797 630 1850 νῦν
661 1798 761 1867 μὲν
794 1797 1058 1869 ὁρίζεται,
1097 1799 1192 1852 νῦν
1216 1800 1273 1852 δὲ
1296 1801 1405 1853 τῶν
1451 1800 1646 1870 ψήφων
1702 1798 1910 1870 ἐξενεχ-

328 1865 533 1941 θέντων
574 1865 840 1957 είς-ἔργον
869 1888 1191 1957 προάγεται,
1224 1888 1284 1939 τὸ
1314 1888 1413 1958 μὲν
1459 1865 1805 1957 κινουμένης,
1936 1865 1979 1922 Β

325 1982 385 2035 δὲ
420 1982 817 2052 πεπραγμένης
835 1980 936 2049 τῆς
959 1980 1253 2051 ἁμαρτίας,
1280 1980 1445 2050 φησιν
1478 1994 1493 2009 ⁸
1529 1998 1546 2030 ί
1590 1977 1901 2048 Ὦργίσθης.

325 2074 425 2125 καί⁹
450 2074 612 2142 ἡμεῖς
665 2071 1007 2141 ἡμάρτομεν.
1042 2090 1060 2123 ›
1117 2070 1611 2140 Ἑπιμεριζομένης
1652 2070 1761 2140 γὰρ
1802 2070 1902 2138 τῆς

325 2164 517 2234 ὀργῆς,
571 2163 664 2215 καὶ
699 2162 835 2232 πρὸς
859 2163 917 2215 τὸ
941 2162 1119 2215 διττὸν
1174 2160 1637 2230 διατυπουμένης,
1688 2159 1907 2228 καὶτῆς

332 2256 433 2325 μὲν
454 2257 510 2307 ὲν
531 2254 609 2323 τῷ
638 2254 902 2307 κινεῖσθαι
924 2256 1021 2324 τὴν
1048 2254 1345 2325 ἁμαρτίαν,
1373 2254 1471 2323 τῆς
1499 2252 1555 2305 δὲ
1585 2254 1643 2305 ἐν
1676 2252 1754 2321 τῷ
1783 2250 1906 2304 τολ-

330 2344 536 2416 μᾶσθαι
592 2345 1047 2416 θεωρουμένης,ἡ
1084 2346 1181 2415 μὲν
1232 2344 1475 2415 προτέρα
1535 2342 1790 2413 φανερὸν,
1823 2343 1906 2395 ὅτι

323 2437 428 2508 τὴν
457 2436 723 2507 ἔκθεσμον
780 2436 1082 2507 προφθάνει
1120 2436 1319 2506 πρᾶξιν
1341 2451 1355 2465 ο
1385 2437 1418 2505 ἡ
1445 2436 1675 2505 δευτέρα
1696 2434 1753 2486 δὲ
1790 2451 1907 2485 συν-

324 2530 634 2593 ακολουθεῖ,
658 2531 750 2583 καὶ
778 2528 1301 2597 συγκαταϐάιλλεται.
1340 2529 1505 2581 Ὥστε
1535 2528 1635 2599 τὴν
1665 2544 1904 2597 κακουρ-

324 2622 455 2688 γίαν
503 2620 603 2689 μὲν
632 2622 665 2690 ἡ
694 2622 836 2672 κατὰ
883 2620 981 2689 τὴν
1029 2619 1257 2689 μελέτην
1288 2620 1425 2689 ὀργὴ
1477 2617 1853 2687 προλαμϐάνει
1891 2633 1903 2646 ⁸

324 2718 396 2785 ἢν
423 2714 468 2767 δ’
510 2715 715 2785 ἀνῆψεν
746 2717 777 2785 ἡ
806 2714 1002 2784 τόλμα,
1059 2716 1521 2786 συμπαρομαρτεϊ
1561 2714 1756 2785 ταύτῃ,
1812 2715 1909 2767 κα)⁹

328 2808 745 2877 συνεπιφύεται.
809 2808 901 2860 Διὸ
951 2809 1045 2862 καὶ
1073 2810 1214 2861 κατά
1244 2809 1341 2879 μὲν
1362 2809 1460 2878 τὴν
1491 2808 1765 2879 προτέραν
1790 2808 1907 2861 διά-

324 2917 479 2953 νοιαν
502 2897 677 2962 ἔξεστι
701 2899 880 2966 λέγειν
907 2898 1241 2961 ἀδιστάκτως
1256 2916 1337 2959 τε,
1361 2898 1455 2951 καὶ
1475 2897 1906 2968 εὐσεϐοφρὸνως,

327 2991 406 3055 ὡς
441 3011 458 3043 ι
496 2991 807 3061 Ὠργίσθης,
874 2994 969 3046 καὶ
1026 2992 1188 3060 ἡμεῖς
1243 2989 1659 3060 ἡμάρτομεν’›
1714 2990 1748 3058 ἡ
1800 2988 1908 3057 γάρ

332 3084 473 3135 κατά
505 3084 737 3153 μελέτην
764 3082 901 3153 ὀργὴ
945 3082 1287 3153 προΰπάρχει
1343 3081 1432 3133 τοῦ
1488 3079 1903 3151 ιίιμαρτὴματος⁸

2008 616 2397 685 ltaquedivinaa
2426 618 2516 670 irae
2558 624 2767 670 motum
2795 618 3034 671 incendit
3063 618 3435 686 improbarum
3474 635 3580 674 no-

2007 717 2244 762 stt-arum
2277 708 2639 778 cupiditatum
2686 711 2997 778 progressio
3038 709 3181 764 facta
3225 719 3277 765 et
3302 726 3397 781 per
3430 710 3583 766 dele-

2006 801 2296 855 ctationem
2343 815 2620 854 morosam
2672 809 2726 854 et
2766 816 2863 869 per
2903 800 3345 857 deliberationem
3390 821 3403 856 :
3442 818 3583 872 OpllS

2006 906 2185 947 autem
2235 893 2359 947 inde
2385 900 2753 962 perpetratum
2780 894 3054 946 decretum
3095 895 3396 962 punitionis
3425 896 3493 949 ab
3519 910 3583 948 ea

2007 983 2084 1035 ira
2118 983 2170 1035 in
2195 998 2294 1038 nos
2334 982 2650 1037 concitavit.
2687 984 2765 1036 Ac
2793 992 2937 1051 patet
2967 984 3134 1051 quod,
3179 993 3238 1037 ut
3280 984 3416 1037 iram
3446 984 3585 1037 divi-

2008 1086 2133 1125 nam
2185 1088 2297 1127 non
2346 1089 2509 1143 posse
2554 1075 2795 1138 exorari,
2827 1074 2991 1139 ﬂecti,
3026 1091 3089 1129 ac
3124 1075 3373 1144 impediri
3411 1077 3584 1145 signi-

2009 1165 2197 1218 ﬁcaret
2226 1166 2510 1233 prepheta,
2539 1165 2595 1218 in
2628 1166 2879 1219 adductis
2896 1166 3077 1221 verbis
3093 1181 3211 1220 eam
3243 1168 3398 1236 quasi
3432 1168 3583 1235 operi

2009 1265 2450 1319 concurrentem,
2503 1264 2558 1310 et
2605 1258 3022 1325 praavenientem
3080 1258 3371 1327 acceperit.
3416 1257 3589 1313 Casti-

2010 1346 2289 1417 gationum
2332 1346 2476 1400 enim
2522 1346 2923 1417 ultionumque,
2957 1363 3077 1417 qme
3105 1350 3175 1402 ob
3222 1360 3404 1403 nostra
3460 1364 3588 1419 pec-

2009 1447 2129 1492 cata
2162 1444 2565 1507 processerunt,
2591 1436 2859 1505 judicium
2899 1448 2951 1491 et
2993 1438 3071 1491 ira
3100 1439 3147 1491 vi
3179 1439 3438 1508 quadam,
3463 1454 3586 1508 quae

2011 1524 2282 1591 impediri,
2327 1523 2469 1581 ﬂecti
2512 1530 2567 1575 et
2599 1526 2813 1580 exorari
2842 1526 3050 1595 nequit,
3085 1529 3394 1597 explentur,
3424 1538 3587 1595 atque

2010 1616 2075 1669 ad
2104 1618 2308 1672 exitum
2336 1625 2727 1689 perducuntur.

2084 1708 2140 1761 Si
2165 1710 2248 1764 vis
2273 1722 2476 1777 autem,
2507 1714 2633 1783 quia
2668 1715 2747 1767 ira
2785 1714 2946 1769 modo
2974 1715 3195 1785 quidem
3226 1717 3345 1771 solo
3372 1716 3583 1785 judicio

2011 1800 2234 1853 omnino
2260 1803 2607 1869 terminatur,
2663 1803 2828 1858 modo
2875 1814 3056 1859 autem
3089 1808 3234 1860 edito
3262 1808 3481 1861 decreto
3518 1810 3585 1860 ad

2008 1892 2414 1945 exsecutionem
2452 1894 2835 1962 progreditur;
2877 1905 3040 1964 atque
3078 1896 3208 1950 illud
3236 1898 3454 1966 quidem
3502 1908 3587 1953 est

2006 1993 2108 2048 pro
2138 1980 2352 2036 interno
2377 1983 2589 2051 peccati
2618 1994 2792 2049 motu,
2820 1985 2923 2039 hoc
2942 2002 3073 2041 vero
3095 2002 3194 2056 pro
3217 1997 3437 2042 externa
3461 1993 3585 2058 ejus

2009 2072 2445 2139 perpetratione;
2502 2073 2707 2129 idcirco
2760 2077 3024 2145 propheta
3060 2096 3073 2131 :
3110 2096 3128 2128 ι
3165 2076 3341 2134 Iratus
3380 2094 3461 2143 es,
3511 2080 3587 2132 in-

2010 2160 2148 2227 quit,
2190 2172 2242 2214 et
2271 2177 2367 2214 nos
2411 2163 2776 2231 peccavimus.
2812 2182 2829 2214 ι
2865 2166 3001 2219 Cum
3034 2167 3178 2220 enim
3211 2167 3292 2220 ira
3326 2166 3415 2221 hic
3445 2167 3588 2222 divi-

2009 2250 2765 2324 datur,distinguaturque'in
2796 2256 2934 2311 duas
2966 2267 3187 2327 partes;
3222 2267 3387 2329 atque
3415 2262 3584 2312 altera

2010 2345 2228 2412 quidem
2261 2345 2537 2403 internum
2596 2349 2801 2416 peccati
2847 2358 3076 2414 motum,
3125 2350 3296 2404 altera
3330 2366 3457 2404 vero
3496 2367 3589 2404 ex-

2011 2444 2219 2489 ternam
2259 2437 2377 2505 ejus
2416 2440 2872 2508 perpetrationem
2911 2442 3204 2510 respiciat;
3250 2452 3397 2512 patet
3438 2444 3584 2512 quod

2009 2530 2159 2598 prior
2194 2529 2282 2583 illa
2314 2531 2621 2599 improbum
2658 2535 2954 2601 prrevcniat
2976 2549 3149 2602 opus;
3187 2536 3377 2589 ist-lucc
3401 2545 3584 2591 autem

2008 2621 2283 2689 posterior
2314 2637 2704 2692 consequatur,
2739 2626 3014 2695 simulque
3046 2627 3357 2681 descendat.
3404 2629 3588 2692 Quare

2009 2706 2272 2761 delictum
2305 2708 2522 2777 quidem
2558 2726 2621 2765 ea
2650 2711 2727 2765 ira
2758 2713 3054 2781 prawertit,
3085 2729 3206 2784 quae
3228 2716 3298 2769 ob
3324 2716 3589 2769 delibera-

2011 2800 2213 2855 tionem
2273 2810 2387 2868 est;
2439 2817 2502 2856 ea
2561 2818 2711 2865 vero,
2765 2820 2883 2873 qua:
2930 2807 2997 2859 ob
3042 2822 3180 2876 opus
3213 2817 3586 2876 perpetratum

2011 2890 2352 2953 incenditur,
2387 2892 2515 2945 illud
2553 2894 2844 2947 comitatur
2892 2906 3056 2965 atque
3090 2896 3348 2950 adhaeret.
3383 2896 3590 2962 Quam-

2009 2981 2196 3035 obrem
2230 2983 2275 3035 si
2319 2984 2466 3051 prior
2506 2985 2585 3040 ira
2619 2987 2965 3054 respiciatur,
3000 2987 3119 3042 sine
3146 2987 3338 3053 dubio,
3379 3003 3447 3043 ac
3483 2988 3587 3041 itu-

2007 3073 2230 3143 pietatis
2284 3088 2411 3128 n0ta
2462 3075 2647 3130 dicere
2694 3078 2777 3131 fas
2824 3086 2959 3132 est:
3013 3096 3032 3129 ι
3084 3080 3261 3135 Iratus
3289 3095 3369 3144 es,
3404 3093 3456 3134 et
3488 3094 3591 3135 nos

335 3177 428 3227 ἐπὶ
455 3176 509 3228 δὲ
541 3176 638 3245 τῆς
678 3176 959 3246 δευτέρας,
991 3174 1113 3227 οὔτε
1145 3173 1410 3244 θεοφιλὲς,
1442 3172 1566 3225 οὕτε
1592 3170 1904 3225 ἀκόλουθον·

2014 3168 2398 3236 peccavimus;
2445 3186 2463 3217 ι
2504 3169 2772 3237 siquidem
2804 3171 2881 3224 ira
2910 3171 2978 3225 ob
3006 3170 3455 3226 deliberationem
3498 3186 3591 3226 ex-

334 3268 397 3320 ού
422 3271 523 3339 γὰρ
553 3271 616 3323 ἐκ
644 3269 743 3338 τῆς
772 3270 941 3338 ὀργῆς
968 3267 1378 3337 ἁμαρτάνομεν,
1404 3265 1539 3321 ἀλλὰ
1565 3264 1697 3318 διότι
1728 3264 1908 3334 ἁμαρ-

334 3362 588 3431 τάνομεν,
608 3362 706 3432 τὴν
739 3360 909 3431 ὀργὴν
936 3358 1322 3430 ἐπισπώμεθα.

404 3625 793 3699 Παραπλήσιον
820 3627 864 3680 δ’
906 3626 971 3679 ἂν
1027 3626 1111 3697 εἴη
1172 3625 1286 3691 καὶ,
1312 3625 1363 3680 εί
1389 3644 1471 3688 τις
1515 3626 1777 3689 ἐντεῦθεν¹
1812 3627 1911 3696 τὴν

326 3721 511 3790 ὁρμὴν
564 3719 643 3789 τῷ
690 3720 834 3789 λόγῳ
888 3719 1236 3789 βαλλόμενος,
1301 3718 1392 3772 διὰ
1447 3718 1758 3789 λειοτέρου,
1817 3720 1912 3772 καὶ

332 3813 711 3881 οἰκτιζομένου
762 3814 1031 3881 νοήματος
1084 3812 1343 3876 ἐπιδείξει
1397 3813 1723 3882 φερόμενον·
1760 3813 1912 3865 «Οὐκ

330 3905 567 3973 ἐπέσχες
597 3906 697 3973 τὴν
740 3904 916 3974 ὁρμὴν
967 3904 1282 3974 κινηθείσης
1337 3904 1494 3974 ἡμῶν
1533 3904 1633 3973 τῆς
1686 3903 1913 3974 γνώμης

332 3996 430 4048 ἐπὶ
477 3996 576 4058 τὰς
642 3996 869 4065 πράξεις
918 3994 1017 4057 τὰς
1068 3996 1346 4063 πονηράς·
1380 3994 1514 4047 ἀλλά
1577 3992 1829 4063 προορῶν
1852 3992 1913 4043 τὸ

331 4088 724 4157 ἐκϐησόμενον,
748 4087 822 4147 ὡς
847 4085 1147 4155 ἐκϐεϐηκὸς
1184 4086 1296 4156 (καὶ
1326 4084 1435 4153 γὰρ
1470 4085 1561 4136 καὶ
1577 4084 1637 4136 τὸ
1669 4082 1839 4135 ἀκατέ
1851 4100 1911 4152 ρ-

334 4194 541 4247 γαστον
577 4178 736 4249 ἡμῶν
762 4177 822 4230 τὸ
851 4176 942 4230 σὺν
976 4178 1386 4229 πανεπίσκοπον
1425 4175 1578 4245 ὄμμα
1603 4176 1818 4244 ἐφορᾷ),
1845 4176 1909 4243 τῇ

338 4269 536 4339 μελέτῃ
558 4270 665 4321 τῶν
726 4267 944 4337 φαύλων
974 4268 1068 4320 καὶ
1117 4267 1214 4338 τὴν
1262 4269 1429 4337 ὀργὴν
1491 4267 1677 4318 λαϐεῖν
1738 4265 1913 4336 ἀρχὴν

334 4360 611 4428 παρέσχες
657 4358 947 4427 κινήσεως.
1004 4356 1221 4426 Ταύτης
1272 4356 1330 4409 δὲ
1386 4356 1506 4408 καθ’
1544 4355 1702 4425 ἡμῶν
1733 4357 1791 4407 ἐν
1835 4356 1913 4424 τῷ

338 4451 603 4521 μετεώρῳ
668 4450 1034 4518 φερομένηςὴ
1064 4447 1311 4517 ἁμαρτία
1365 4446 1703 4516 θρασύτερον
1754 4446 1912 4517 ἡμῶν

2012 3259 2182 3311 citata
2235 3259 2490 3327 praecedit
2528 3260 2986 3330 perpetratiouem
3024 3261 3234 3330 peccati
3277 3274 3291 3314 :
3329 3264 3374 3315 si
3419 3263 3590 3316 altera

2014 3356 2194 3399 autem
2234 3356 2529 3416 spectetur,
2563 3349 2668 3404 hoc
2697 3350 2876 3403 dicere
2919 3364 3097 3419 neque
3130 3350 3442 3419 religiosum
3482 3362 3587 3414 est,

2014 3453 2191 3508 neque
2219 3450 2669 3495 consentaneum.
2699 3440 2813 3494 Non
2838 3441 2986 3495 enim
3015 3442 3085 3495 ob
3106 3441 3243 3494 iram
3272 3457 3589 3511 peccamus,

2014 3530 2106 3583 sed
2142 3531 2267 3598 quia
2300 3546 2613 3601 peccamus,
2643 3532 2777 3584 iram
2809 3531 2863 3584 in
2891 3546 2993 3586 nos
3026 3531 3385 3586 concitamus.

2084 3622 2271 3692 Neque
2322 3640 2449 3677 vero
2480 3624 2638 3692 longe
2691 3623 3131 3687 abscederemus,
3165 3624 3206 3676 si
3262 3624 3407 3693 quis,
3463 3624 3593 3679 hinc

2014 3716 2346 3787 principium
2402 3716 2839 3784 interpretationi
2906 3716 3185 3783 praebens,
3260 3716 3464 3769 mitiori
3538 3727 3593 3771 et

2012 3807 2552 3861 commiserationem
2600 3806 2872 3859 excitante
2916 3820 3083 3859 sensu
3130 3806 3308 3861 locum
3340 3808 3591 3877 proposiv

2014 3908 2125 3952 tum
2153 3897 2452 3950 ostenderit
2491 3894 2787 3965 procedere
2814 3909 2828 3945 :
2869 3912 2887 3942 ι
2925 3892 3129 3962 Nempe
3159 3911 3265 3949 non
3295 3896 3592 3949 cohibuisti

2014 3992 2275 4060 impetum
2310 3989 2478 4042 animi
2505 3987 2675 4043 nostri
2717 3987 2782 4039 ad
2816 4002 2981 4055 prava
3011 4003 3175 4057 opera
3208 3990 3417 4043 incitati
3445 4009 3458 4043 :
3496 3996 3593 4044 sed

2015 4082 2317 4151 pr:evidens
2342 4082 2549 4140 lutura,
2577 4079 2654 4132 uti
2687 4080 2957 4147 praeterita
2990 4080 3211 4145 (etenim
3262 4080 3313 4133 id
3349 4096 3605 4150 quoque,

2016 4174 2162 4242 quod
2192 4174 2426 4226 necdum
2462 4172 2697 4240 egimus,
2726 4169 2920 4223 oculus
2956 4178 3083 4225 tuus
3118 4171 3366 4225 onmium
3408 4172 3591 4241 inspe-

2014 4276 2132 4319 ctor
2154 4264 2453 4333 observat),
2474 4264 2542 4316 ob
2581 4263 2751 4330 ipsam
2772 4263 3039 4315 malorum
3070 4276 3298 4330 operum
3320 4264 3587 4316 delibera-

2014 4359 2215 4411 tionem
2247 4354 2492 4417 effecisti,
2546 4360 2603 4405 ut
2631 4361 2685 4405 et
2731 4351 2811 4404 ira
2842 4359 3078 4405 sumeret
3105 4352 3449 4406 excitationis
3477 4368 3591 4407 sua:

2014 4449 2365 4518 principium.
2397 4445 2509 4500 Hac
2539 4454 2718 4499 autem
2762 4445 3025 4499 adversus
3050 4446 3171 4514 jnos
3203 4445 3309 4498 alte
3357 4448 3590 4501 ell‘erve-

336 4542 597 4612 ἐπιπηδᾷ,
640 4540 735 4593 καὶ
768 4541 956 4611 ῥᾳδίαν
991 4540 1231 4612 εὑρίσκει
1284 4540 1381 4608 τὴν
1412 4537 1661 4607 πάροδον.
1697 4538 1774 4606 Τῇ
1797 4539 1905 4609 γὰρ

2013 4548 2214 4603 scente,
2250 4546 2529 4607 peccatum
2569 4534 2766 4589 acriori
2816 4534 3046 4587 audacia
3077 4534 3128 4587 in
3181 4550 3281 4588 nos
3318 4535 3506 4597 insilit,
3537 4545 3592 4589 ct

340 4633 707 4705 μισοπονηρίᾳ
773 4632 875 4701 τῆς
929 4632 1025 4698 σῆς
1088 4630 1219 4700 περὶ
1288 4630 1435 4699 ἡμᾶς
1501 4628 1940 4698 φιλανθρωπίας,

337 4724 751 4792 ὑπενδιδούσης,
807 4723 901 4777 καὶ
926 4723 1008 4794 τῷ
1030 4722 1223 4792 δικαίῳ
1246 4721 1344 4791 τῆς
1371 4719 1715 4789 συμπαθείας
1776 4721 1912 4773 ὑπο-

336 4816 622 4886 χωρούσης
688 4815 956 4866 εὐάλωτον
981 4814 1055 4883 τῷ
1080 4811 1257 4883 ἐχθρῷ
1287 4812 1347 4864 τὸ
1401 4810 1624 4881 θήραμα
1680 4811 1911 4878 γίνεται.

351 4908 505 4961 Ἐπεὶ
519 4908 678 4979 εῐπερ
695 4903 763 4978 ἦν
784 4909 916 4976 ἡμῖν
948 4906 1112 4959 πόθεν
1142 4905 1241 4975 τὴν
1274 4904 1371 4974 σὴν
1394 4906 1563 4974 ὀργὴν
1586 4905 1915 4971 κινουμένην

338 5002 417 5064 είς
455 5000 740 5070 εὐμένειαν
766 4997 1035 5062 διαλῦσαι,
1064 4998 1157 5049 καὶ
1181 4999 1213 5067 ἡ
1244 4996 1488 5065 ἁμαρτία
1511 4994 1575 5047 ἂν
1607 4995 1686 5056 είς
1715 4994 1916 5046 δειλίαν

338 5094 402 5147 τὸ
434 5093 634 5163 θράσος
666 5090 1009 5149 συνέστελλε,
1037 5090 1130 5141 καὶ
1164 5089 1224 5141 τὸ
1252 5088 1520 5157 ἡμέτερον
1552 5086 1918 5156 βοηθούμενόν

336 5202 423 5249 τε,
448 5185 545 5237 καὶ
562 5180 1071 5253 ἀναρρωννύμενον,
1094 5179 1294 5247 μᾶλλον
1330 5178 1395 5231 ἂν
1425 5178 1591 5246 αὐτῆς
1624 5177 1723 5246 τὴν
1756 5193 1921 5245 προσ-

342 5278 509 5347 ϐολὴν
558 5274 915 5339 ἀπεσείσατο,
951 5274 985 5344 ἡ
1036 5276 1150 5335 τοῖς
1176 5272 1378 5343 ταύτης
1410 5272 1701 5342 θηράτροις
1735 5270 1922 5322 ἐνέπε-

342 5384 456 5419 σεν.
488 5383 508 5416 ι

418 5458 580 5519 Ἴσως
600 5456 645 5509 δ’
680 5455 748 5509 ἂν
774 5454 1073 5525 ἐγγύτερον
1107 5453 1192 5524 εἴη
1216 5450 1611 5523 θεωρούμενον,
1639 5451 1689 5502 εἰ
1712 5449 1805 5502 καλ⁹
1849 5448 1923 5518 μὴ

342 5552 465 5613 ταῖς
498 5547 861 5620 ὑψηλοτέραις
894 5545 1159 5608 ἐπινοίαις
1217 5543 1606 5613 συνεπαίρεται
1637 5541 1717 5605 τὺ,
1757 5558 1775 5591 ι
1800 5540 1922 5609 Ὡρ-

344 5642 559 5712 γίσθης,
617 5640 715 5693 καὶ
752 5641 917 5710 ἡμεῖς
950 5639 1295 5708 ἡμάρτομεν,
1323 5652 1341 5685 ι
1367 5636 1445 5697 είς
1494 5634 1574 5697 τὸ,
1614 5631 1923 5702 Ὠργίσθης,

344 5730 483 5784 διότι
540 5731 705 5800 ἡμεῖς
774 5728 1118 5798 ἡμάρτομεν,
1175 5722 1747 5794 μεταλαμϐανόμενον·
1807 5722 1922 5784 καὶ,

349 5819 495 5873 Διότι
535 5819 880 5890 ἡμάρτομεν,
940 5817 1037 5887 τὴν
1091 5815 1213 5869 καθ’
1250 5814 1407 5884 ἡμῶν
1442 5813 1543 5865 οὐκ
1577 5812 1806 5880 ἐπέσχες
1831 5810 1925 5881 ὀρ-

354 5911 483 5983 γὴνο

2017 4628 2231 4683 facilem
2255 4628 2460 4681 invenit
2482 4628 2712 4681 aditum.
2741 4625 2876 4679 Cum
2909 4625 3054 4678 enim
3085 4633 3175 4677 tua
3197 4640 3322 4691 erga
3349 4640 3447 4678 nos
3474 4627 3589 4679 cle-

2018 4724 2218 4775 mentia
2252 4720 2395 4774 cedit
2436 4720 2561 4773 odio
2604 4717 2834 4788 peccati,
2871 4731 2933 4771 ac
2966 4716 3339 4769 misericordia
3384 4717 3474 4769 dat
3501 4718 3593 4785 ju-

2018 4811 2183 4864 stitiae
2218 4810 2436 4875 locum;
2482 4808 2627 4861 facili
2662 4808 2877 4875 negotio
2926 4820 3027 4858 nos
3056 4813 3283 4859 venatur
3316 4806 3586 4861 inimicus.

2016 4902 2284 4967 Quoniam
2320 4901 2362 4953 si
2392 4901 2545 4953 nobis
2576 4900 2924 4969 contingebat
2948 4898 3081 4951 iram
3107 4906 3249 4951 tuam
3268 4901 3591 4954 concitatam

2021 4995 2086 5048 ad
2110 4994 2454 5048 clementiam
2486 4993 2739 5057 ﬂectere;
2774 4992 2963 5058 utique
2989 5006 3095 5043 non
3120 4993 3282 5045 modo
3313 5003 3593 5061 peccatum

2021 5082 2308 5136 audaciam
2340 5096 2493 5134 suam
2524 5080 2588 5132 ad
2640 5080 2890 5132 timorem
2930 5089 3261 5142 revocasset,
3303 5082 3395 5133 sed
3427 5082 3592 5135 etiam

2021 5173 2238 5223 animus
2270 5178 2456 5223 noster
2482 5168 2653 5238 gratia
2693 5168 2936 5234 adjutus,
2968 5183 3032 5219 ac
3068 5167 3382 5227 roboratus.
3418 5171 3598 5236 potius

2023 5262 2196 5329 ipsius
2222 5260 2428 5328 peccati
2472 5258 2828 5321 irruptionem
2878 5256 3071 5310 fuisset
3113 5256 3390 5321 amolitus,
3430 5274 3595 5327 quam

2026 5354 2078 5405 in
2111 5352 2231 5420 ejus
2264 5352 2397 5404 retia
2434 5350 2735 5403 incidisset.
2769 5367 2787 5399 ι

2094 5437 2351 5493 Fortasse
2366 5452 2496 5491 vero
2520 5436 2588 5489 ad
2614 5437 2896 5490 veritatem
2932 5435 3158 5506 propius
3188 5439 3600 5501 accederemus.

2027 5532 2239 5585 tametsi
2270 5528 2681 5584 sublimioribus
2727 5529 2925 5582 mentis
2959 5531 3315 5598 conccptibus
3362 5547 3470 5585 non
3515 5544 3599 5585 at-

2030 5626 2379 5686 tolleremur;
2436 5622 2479 5676 si
2524 5621 2655 5675 illud
2700 5640 2711 5675 :
2750 5640 2767 5672 ι
2806 5621 2983 5675 lratus
3022 5638 3100 5685 es,
3134 5633 3187 5675 et
3222 5638 3323 5677 nos
3356 5627 3603 5693 peccavi-

2028 5733 2186 5778 mus,
2225 5735 2242 5766 l
2284 5722 2625 5769 mutaremus
2684 5715 2736 5767 in
2796 5714 2920 5777 hoc,
2969 5711 3145 5768 Iratus
3193 5730 3272 5779 es,
3320 5716 3446 5783 quia
3508 5731 3605 5769 nos

2032 5808 2407 5879 peccavimus;
2432 5816 2483 5859 et
2512 5807 2638 5876 quia
2685 5804 3058 5875 peccavimus,
3093 5805 3225 5859 iram
3258 5816 3443 5861 contra
3505 5823 3604 5861 nos

2035 5898 2178 5952 haud
2212 5896 2523 5951 cohibuisti.
