4084 6458
569 425 681 486 295

1727 414 1985 473 PIIOTII
2026 413 2532 474 PATRIARCILE
2561 413 2649 472 (ΣΡ

3723 409 3821 473 296

634 524 967 582 Particulam
997 523 1141 577 enim
1173 522 1575 592 conjunctivam
1598 522 1911 585 verborum,
1936 530 1989 574 et
2017 536 2141 575 sen-

2325 522 2429 574 Τὸν
2457 522 2566 590 γὰρ
2588 519 2869 573 συνδέοντα
2890 518 2960 572 τά
2982 520 3041 573 ὲν
3074 518 3339 583 διανοίαις
3375 518 3598 590 ῥήματά
3623 536 3706 585 τε,
3737 524 3823 574 καὶ

564 614 880 676 tentiarum,
910 625 1031 678 qua:
1058 620 1187 663 sunt
1238 610 1291 662 in
1325 608 1575 677 pluribus
1604 608 1874 661 orationis
1910 622 2141 675 concep-

563 705 733 769 tibus,
767 703 883 757 sive
917 701 1239 770 particulam
1273 710 1343 761 et,
1386 709 1502 753 tum
1536 714 1708 753 sacra:
1754 698 1993 761 Litterze,
2027 706 2143 751 tum

561 794 727 849 Attici
756 793 1030 848 sermonis
1055 793 1324 861 elegantia
1358 807 1500 860 saepe
1530 790 1734 845 causali
1760 806 1921 845 sensu
1960 797 2147 844 amant

562 888 811 956 accipere
867 901 881 939 :
936 900 1001 939 ac
1047 884 1296 952 exempla
1353 884 1609 938 omnibus
1662 892 1938 951 comperta
1996 889 2144 937 sunt.

566 978 953 1030 Verumtamen
988 976 1052 1029 ad
1090 975 1422 1028 recensenda
1463 974 1765 1029 Atticorum
1816 974 2144 1041 scriptorum

561 1069 887 1123 documenta
915 1066 1084 1119 otium
1118 1066 1249 1119 mihi
1287 1064 1472 1129 deest,
1505 1064 1740 1118 duorum
1773 1074 1954 1118 autem
1986 1062 2138 1117 Scri-

563 1168 738 1229 plura:
766 1158 1010 1211 locorum
1041 1157 1380 1221 recordatus,
1412 1166 1756 1221 caeterorum,
1790 1156 1836 1210 si
1878 1154 2015 1209 forte
2045 1154 2145 1209 tibi

564 1249 717 1327 cprdi
777 1255 891 1313 est,
942 1247 1324 1301 collectionem
1373 1248 1673 1301 curandam
1730 1247 2001 1315 relinquo.
2056 1245 2148 1300 Ait

572 1342 765 1409 itaque
794 1354 950 1393 sacer
972 1337 1203 1403 Psalles,
1237 1347 1288 1392 et
1322 1347 1477 1407 pater
1509 1338 1601 1391 Dei
1631 1336 1897 1392 incarnati
1935 1334 2102 1389 David
2130 1353 2143 1390 :

571 1448 589 1482 ι
635 1429 713 1483 Da
743 1428 905 1483 nobis
934 1428 1197 1481 auxilium
1228 1428 1294 1481 de
1326 1428 1699 1491 tribulatione,
1733 1436 1788 1482 et
1816 1441 1951 1481 vana
1995 1426 2147 1480 salus

565 1519 803 1574 hominis
841 1518 973 1589 (51).
1012 1536 1031 1569 ι
1072 1516 1170 1571 llic
1220 1519 1364 1570 enim
1418 1519 1550 1572 illud
1593 1526 1666 1582 et,
1727 1532 1827 1587 pro
1872 1515 2147 1572 sexcentis

563 1610 687 1664 aliis
707 1609 991 1679 exemplis,
1040 1610 1173 1664 satis
1201 1610 1418 1675 evincit,
1454 1610 1598 1678 quod
1642 1610 1714 1664 sit
1744 1609 1950 1664 causali
1982 1623 2147 1664 sensu

568 1700 905 1755 reddendum
928 1741 942 1765 ,
973 1700 1141 1754 veluti
1178 1719 1192 1756 :
1231 1720 1249 1751 ι
1288 1698 1365 1753 Da
1399 1700 1557 1755 nobis
1595 1700 1860 1755 auxilium
1886 1699 1952 1753 de
1976 1700 2147 1754 tribu-

568 1787 793 1853 latione,
825 1786 953 1856 quia
983 1801 1121 1840 vana
1149 1787 1300 1841 salus
1329 1786 1591 1843 hominis.
1626 1806 1644 1839 ι
1682 1788 1858 1855 Atque
1876 1801 2007 1841 vero
2029 1786 2147 1856 ipse

2248 612 2519 681 νοήματα,
2554 611 2672 679 ἦτοι
2701 609 2791 661 τὸν
2825 609 2945 676 καί,
2976 610 3047 663 τά
3068 627 3127 663 τε
3160 610 3279 681 ιερὰ
3314 610 3473 681 ἡμῶν
3507 611 3704 678 Δὸγια,
3736 616 3825 665 καὶ

2246 703 2279 771 ἡ
2324 700 2702 765 Ἀττικίζουσα
2730 700 2934 767 σπουδὴ
2954 701 3330 769 αίτιολογικῶς
3359 701 3624 764 πολλάκις
3652 720 3821 771 παρα-

2246 789 2555 857 λαμϐάνειν
2611 788 2861 859 βούλεται
2910 804 2924 818 ⁶
2978 792 3074 843 καὶ
3100 790 3169 841 τὰ
3218 790 3644 860 παραδείγματα
3698 793 3824 845 πᾶσι

2246 880 2523 951 γνώριμα.
2563 880 2709 950 [Ιλήν
2739 897 2801 948 γε
2842 879 2938 941 τάς
2991 878 3094 951 μὲν
3133 878 3451 949 Ἑλληνικάς
3504 880 3737 950 χρήσεις
3766 879 3821 932 οὗ

2250 986 2339 1040 μοι
2365 968 2528 1039 σχολὴ
2578 969 2903 1037 καταλέγειν
2922 986 2936 1000 ο
2964 969 3109 1021 δυοῖν
3141 969 3197 1021 δὲ
3228 969 3335 1021 τῶν
3361 971 3652 1039 ἡμετέρων
3706 973 3823 1022 ἐπι-

2250 1059 2533 1130 μνησθεὶς,
2564 1060 2672 1114 τῶν
2728 1060 2927 1125 ἄλλων,
2963 1060 3029 1114 ἃν
3074 1060 3183 1127 ἄρα
3215 1077 3296 1113 σοι
3345 1062 3706 1131 καταθύμιον,
3736 1062 3826 1133 τὴν

2249 1150 2514 1221 συλλογὴν
2571 1150 2979 1221 φιλοτιμεῖσθαι
3025 1151 3246 1220 ἀφίημι.
3279 1151 3443 1219 Λέγει
3491 1152 3828 1221 τοιγαροῦνὸ

2259 1241 2625 1314 Ἱεροψάλτης,
2684 1244 2778 1297 καὶ
2803 1243 3101 1314 Θεοπάτωρ
3122 1243 3311 1296 Δαϐίδ·
3352 1262 3369 1293 ι
3395 1243 3494 1306 Δὸς
3538 1245 3674 1314 ἡμῖν
3707 1244 3827 1314 βοή-

2247 1336 2395 1389 θειαν
2417 1337 2481 1388 ὲκ
2510 1335 2761 1405 θλίψεως,
2788 1336 2884 1389 καὶ
2939 1336 3145 1405 ματαία
3184 1336 3427 1404 σωτηρία
3460 1336 3776 1406 ἀνθρώπου.
3802 1356 3819 1388 ι

2260 1426 2523 1480 Ἐνταῦθα
2570 1428 2679 1496 γάρ
2738 1427 2799 1480 τὸ
2842 1425 2962 1491 καί,
3014 1426 3135 1478 ἀντὶ
3182 1428 3389 1497 μυρίων
3425 1425 3601 1478 ἄλλων
3650 1443 3825 1497 παρα-

2245 1518 2599 1588 δειγμάτων,
2652 1521 2815 1588 ἀρκεῖ
2877 1519 3268 1589 παραστῆσαι,
3326 1518 3400 1580 ὡς
3452 1518 3826 1586 αίτιολογικῶς

2247 1609 2577 1663 ἀποδίδοται·
2617 1607 2747 1673 οἷον,
2784 1628 2803 1661 ‹
2829 1609 2925 1672 Δὸς
2978 1611 3109 1679 ημῖν
3152 1608 3404 1678 βοήθειαν
3465 1610 3531 1662 ὲκ
3575 1608 3826 1678 θλίψεως⁸

2251 1702 2460 1771 ματαία
2503 1701 2613 1772 γὰρ
2655 1702 2902 1771 σωτηρία
2954 1700 3265 1771 ἀνθρώπου.
3303 1721 3323 1753 ι
3358 1701 3468 1755 Καὶ
3524 1702 3692 1765 αὐτὸς
3723 1702 3778 1754 δὲ
3802 1703 3828 1753 ὁ

2261 1793 2486 1856 Ἡσαΐας
2518 1793 2867 1863 (οἰκειότερον
2887 1792 2931 1845 δ’
2955 1792 3020 1846 ἂν
3056 1794 3140 1863 είη
3172 1793 3259 1847 διά
3286 1796 3383 1864 τῆς
3414 1794 3585 1864 αὐτῆς
3620 1797 3828 1864 φωνῆς,

566 1878 737 1933 Isaias
784 1878 1173 1949 (opportunius
1220 1889 1400 1931 autem
1434 1894 1555 1933 esse
1588 1880 1777 1948 utique
1805 1880 2005 1949 poterit
2052 1893 2143 1948 per

2253 1885 2345 1937 καὶ
2380 1882 2473 1936 τοῦ
2505 1856 2671 1937 αὑτοῦ
2693 1856 2925 1951 ἐδάφους
2958 1884 3037 1947 είς
3072 1856 3518 1953 τὸυαὶτιολογικὸν
3539 1856 3683 1949 εἶδος

563 1969 811 2022 eamdem
832 1982 1043 2031 vocem,
1063 1970 1426 2034 eumdemque
1447 1967 1644 2021 librum
1674 1968 1987 2033 ostendere,
2004 1967 2151 2038 quod

566 2061 777 2114 causali
834 2061 997 2114 modo
1056 2060 1373 2128 conjunctio
1433 2069 1482 2112 et
1546 2060 1896 2130 accipiatur),
1953 2078 1972 2111 ι
2026 2057 2149 2125 Vae,

566 2151 763 2221 inquit,
791 2150 882 2219 qui
910 2155 962 2204 in
994 2150 1208 2204 occulto
1238 2150 1526 2204 Consilium
1558 2148 1788 2216 faciunt,
1818 2159 1873 2205 et
1893 2160 2055 2205 erunt
2094 2158 2149 2204 tn

573 2243 815 2296 tenebris
847 2256 1008 2309 Opera
1030 2256 1218 2296 eorum
1253 2241 1364 2311 (δὲ)
1392 2258 1407 2307 ;
1435 2260 1452 2292 ι
1492 2243 1595 2295 hoc
1617 2243 1760 2295 enim
1790 2259 1808 2294 ι
1837 2251 1891 2297 et
1908 2228 2096 2307 ierunt,
2122 2259 2143 2293 ι

566 2347 731 2386 nemo
764 2335 951 2402 utique
978 2333 1266 2396 dubitarit,
1309 2335 1441 2402 quin
1478 2334 1683 2388 causali
1720 2350 1883 2390 sensu
1921 2350 2152 2406 usurpa-

566 2435 681 2479 tum
708 2426 814 2493 sit;
851 2434 1139 2496 pr0pterea
1171 2427 1223 2478 in
1248 2440 1342 2480 eos
1371 2426 1500 2480 illud
1535 2442 1607 2480 vae
1638 2426 1918 2495 inﬂigitur.

630 2516 723 2573 Sic
751 2519 916 2589 igitur
940 2526 996 2571 et
1022 2517 1125 2572 hoc
1152 2517 1391 2572 :clratus
1411 2532 1493 2582 es,
1522 2525 1576 2571 et
1603 2532 1705 2572 nos
1738 2517 2099 2587 peccavimus,
2124 2535 2146 2569 ι

565 2610 712 2666 nullo
745 2611 930 2665 labore
962 2624 1027 2665 ac
1060 2610 1257 2664 mentis
1284 2609 1602 2663 incitatione
1625 2610 1957 2679 intelligetur
1984 2626 1999 2676 ;
2025 2624 2148 2663 cum

565 2716 847 2754 sacrarum
894 2698 1221 2753 Litterarum
1268 2696 1609 2751 coiisuetudo
1645 2698 1801 2751 nobis
1849 2699 1994 2750 viam
2025 2712 2152 2767 ερε-

567 2790 696 2851 riat,
731 2804 838 2858 qua
872 2788 938 2841 ad
963 2799 1173 2841 rectum
1202 2803 1422 2842 sensum
1461 2798 1729 2857 prompte,
1765 2802 1829 2842 ac
1868 2788 2151 2843 inoﬂ'eusis

566 2882 795 2936 auribus
819 2883 1224 2951 perveniamus,
1256 2892 1310 2935 et
1339 2881 1458 2937 loco
1493 2883 1785 2952 proposita:
1814 2882 2150 2937 dillicultatis

568 2972 968 3042 professionem
1000 2972 1353 3035 catholicam,
1388 2973 1611 3041 Deoque
1646 2982 1923 3041 acceptam
1960 2987 2147 3028 serve-

568 3080 693 3118 mus
728 3064 1081 3118 iucolumem.
1140 3063 1353 3121 Etenim
1388 3064 1698 3118 communis
1736 3065 2001 3118 sententia
2044 3073 2149 3132 est,

2250 1973 2423 2039 δεῖξαι
2455 1975 2549 2028 τὸν
2591 1975 2688 2029 καί
2734 1975 3033 2046 σύνδεσμον
3074 1976 3652 2047 μεταλαμϐανόμενον)
3686 1978 3789 2049 ἔφη
3814 1995 3829 2008 ·

2258 2083 2278 2117 ι
2300 2066 2432 2117 Οὐαὶ
2458 2066 2506 2117 oi
2539 2066 2598 2119 ἐν
2627 2068 2807 2136 κρυφῇ
2856 2064 3052 2136 βουλὴν
3109 2065 3410 2129 ποιοῦντες,
3467 2069 3561 2119 καὶ
3586 2067 3746 2121 ἔσται
3777 2069 3831 2120 ἐν

2253 2155 2444 2227 σκοτίᾳ
2466 2156 2534 2210 τά
2556 2156 2692 2228 ἔργα
2740 2156 2943 2209 αύτῶνι
2972 2175 2991 2208 ι
3023 2156 3083 2209 τὸ
3122 2156 3229 2226 γὰρ
3284 2158 3382 2211 καί
3440 2158 3616 2212 ἔσται
3658 2158 3830 2221 οὐδεὶς

2252 2249 2319 2301 ἂν
2344 2248 2785 2318 ἀμφισϐητήσειε
2840 2250 2915 2317 μὴ
2938 2248 3060 2317 οὐχὶ
3117 2248 3495 2316 αίτιολογικῶς
3552 2250 3828 2321 είρῆσθαι·

2250 2340 2340 2394 διὰ
2357 2341 2519 2395 τοῦτο
2544 2343 2727 2405 αὐτοῖς
2765 2342 2861 2394 καλ⁵
2882 2343 2943 2393 τὺ
2970 2340 3105 2394 οὐαί
3137 2341 3449 2409 ὲπαφίεται.

2334 2519 2524 2584 Οὕτως
2555 2515 2649 2574 οὖν
2675 2519 2770 2572 καὶ
2798 2519 2879 2583 τὸ,
2922 2538 2941 2572 ι
2965 2519 3276 2590 Ὦργίσθης,
3328 2522 3423 2574 καὶ
3460 2521 3627 2590 ἡμεῖς
3653 2523 3831 2592 ἠμάρι

2248 2627 2437 2681 τομεν,
2467 2628 2489 2662 ι
2528 2607 2948 2677 ἀταλαιπώρως,
3009 2611 3104 2662 καὶ
3150 2609 3319 2679 χωρίς
3351 2627 3496 2673 τινος
3537 2610 3833 2681 ἐπιδρομῆς

2251 2702 2671 2771 κατανοήσςται,
2701 2702 2799 2771 τῆς
2846 2702 3125 2773 Γραφικῆς
3156 2701 3445 2771 συνηθείας
3475 2702 3536 2755 τὸ
3596 2702 3831 2772 ἕτοιμον,

2251 2795 2347 2849 καὶ
2370 2795 2439 2848 δι’
2485 2796 2656 2863 ἀκοῆς
2706 2793 2913 2847 ἀλύπου
2956 2791 3329 2864 παραδύεσθαι
3364 2792 3500 2863 πρὸς
3534 2792 3638 2864 τὴν
3673 2794 3833 2865 ὀρθὴν

2250 2887 2491 2941 διάνοιαν
2522 2886 2927 2957 παρεχομένης,
2958 2886 3054 2936 καὶ
3080 2882 3141 2936 τὸ
3172 2883 3347 2936 κοινὸν
3371 2883 3720 2953 ὁμολόγημα.
3744 2884 3835 2936 καὶ⁵

2252 2976 2494 3044 θεοφιλὲς
2530 2977 2650 3030 ἀντὶ
2680 2976 2779 3046 τῆς
2809 2975 2869 3036 ἐξ
2889 2976 3061 3046 ἀρχῆς
3090 2974 3321 3045 ἀπορίας
3344 2975 3833 3045 συνδιασωζούσης.

2254 3071 2475 3125 Ἐννοια
2500 3069 2609 3139 γὰρ
2638 3072 2815 3138 κοινὴ,
2836 3067 2932 3120 καὶ
2954 3067 3189 3137 μάλιστά
3208 3083 3271 3135 γε
3289 3069 3402 3129 τοῖς
3432 3067 3741 3131 εύσεεέσιν,
3767 3068 3835 3129 ὼς

565 3155 860 3222 etquidem
894 3155 997 3223 piis
1043 3157 1342 3225 praesertim
1398 3157 1551 3221 viris,
1603 3156 1748 3224 quod
1792 3156 2143 3225 peccantibus

2256 3161 2684 3231 ἁμαρτανόντων
2714 3159 2869 3229 ήμῶν
2896 3158 2957 3210 τὸ
3000 3158 3156 3210 Θεῖον
3206 3156 3501 3227 ὀργίζεται,
3562 3158 3677 3210 Καὶ
3709 3158 3837 3228 ὸρᾷν

566 3245 727 3300 nobis
761 3243 898 3299 Deus
934 3245 1225 3300 irascatur.
1259 3248 1438 3317 Atque
1477 3246 2018 3301 animadvertendum
2062 3256 2143 3301 est

2251 3253 2421 3317 ἐστιν,
2455 3252 2528 3315 ὡς
2555 3255 2582 3305 ὁ
2608 3250 2800 3322 παρὼν
2826 3251 3006 3319 λόγος,
3034 3251 3157 3303 ὅσον
3184 3249 3551 3320 μετριώτερον
3596 3251 3693 3305 τοῦ
3747 3252 3831 3303 ἀν-

564 3335 712 3405 quod
768 3335 1081 3404 bujusmodi
1139 3337 1561 3400 commentatio,
1633 3346 1838 3406 quanto
1896 3335 2149 3390 adductis

565 3431 689 3485 aliis
722 3429 1056 3484 moderatius
1085 3428 1351 3496 procedit,
1384 3435 1536 3483 tanto
1568 3427 1750 3482 minus
1787 3427 1969 3481 verbis
2009 3427 2151 3480 indi-

568 3532 691 3594 geat
719 3522 926 3578 circulo
967 3520 1167 3573 vitioso
1208 3520 1610 3581 laborantibus,
1658 3518 2151 3587 torquentibusque

568 3621 802 3667 mentem
824 3627 921 3682 per
951 3609 1303 3672 subtilitates,
1336 3623 1513 3678 neque
1540 3608 1655 3677 ipsa
1684 3608 1954 3677 quispiam
1979 3609 2152 3676 possit

572 3707 747 3760 abuu.

639 3795 709 3847 At
733 3808 801 3846 ne
830 3794 1011 3863 pigeat
1044 3788 1274 3845 ulterius
1300 3804 1411 3844 rem
1440 3786 1771 3858 perpendere
1803 3804 1817 3840 :
1847 3786 1969 3840 fons
2002 3787 2148 3840 cnim

568 3898 835 3953 aquarum
886 3882 1084 3937 animae.
1116 3879 1328 3933 utilium
1361 3894 1426 3933 ae
1455 3877 1780 3931 salutarium
1830 3890 1983 3929 sacra
2033 3876 2152 3929 Elo-

567 3976 695 4045 quia
730 3986 895 4038 sunt;
934 3980 1212 4042 etquanto
1241 3971 1413 4039 magis
1437 3984 1501 4023 ea
1522 3956 1966 4023 meditationibus
2005 3966 2148 4021 fodi-

568 4080 712 4131 mus,
748 4074 901 4119 tauto
933 4063 1272 4129 copiosiores
1305 4064 1594 4116 veritatum
1639 4060 1826 4130 gratia:
1859 4059 1983 4113 inde
2026 4074 2149 4115 sca-

564 4161 795 4216 turiunt.
828 4156 1050 4213 Dillicile
1081 4159 1267 4227 itaque
1302 4156 1589 4211 videbatur
1615 4156 1745 4208 illud
1782 4172 1824 4207 ει
1856 4152 1931 4205 Tu
1971 4153 2146 4208 iratus

561 4266 642 4313 es,
681 4256 736 4303 et
778 4263 879 4302 nos
917 4248 1279 4315 peccavimus.
1330 4245 1457 4299 dum
1508 4244 1758 4299 absolute
1803 4242 1930 4305 diei,
1960 4256 2024 4296 ac
2078 4242 2145 4296 de

563 4341 822 4394 universo
844 4339 1128 4393 hominum
1152 4353 1349 4406 genere
1380 4336 1674 4406 putabatur
1714 4334 1960 4402 intelligi.
1996 4333 2144 4398 Quo-

562 4432 726 4485 modo
752 4430 898 4484 enim
943 4430 1215 4499 quispiam
1260 4439 1444 4497 posset
1484 4432 1660 4482 vitare
1711 4436 2016 4496 peccatum,
2051 4425 2142 4479 ubi

2252 3344 2496 3415 ηγμένου
2544 3343 2790 3414 φέρεται,
2847 3341 3100 3395 τοσοῦτον
3133 3340 3244 3394 τῶν
3302 3340 3489 3411 κύκλῳ
3536 3343 3836 3414 περιόντων

2253 3438 2538 3508 ῥημάτων,
2602 3437 2698 3489 καὶ
2743 3435 2863 3496 ταῖς
2940 3433 3243 3504 περινοίαις
3304 3430 3721 3486 ἀποθλιὸόντων
3780 3432 3836 3484 τὸ

2251 3529 2430 3598 νόημα
2453 3526 2708 3597 ἀνενδεὴς
2738 3524 2997 3597 ὑπάρχει,
3032 3524 3128 3577 καὶ
3189 3522 3479 3595 κρείττων,
3512 3523 3547 3594 ἢ
3585 3524 3831 3596 ἀποχρή-

2252 3619 2468 3676 σασθαι.

2334 3796 2683 3849 Ἐπισκοπεῖν
2708 3795 2753 3849 δ’
2777 3795 2878 3849 οὐκ
2910 3794 3247 3866 ἀποκνητέον
3270 3812 3284 3827 ·
3317 3794 3471 3867 πηγὴ
3515 3797 3629 3866 γὰρ
3660 3796 3834 3868 ὑπάρ-

2250 3899 2335 3953 χει
2365 3883 2726 3953 ψυχωφελῶν,
2780 3883 2875 3936 καὶ
2935 3883 3223 3953 σωτηρίων
3273 3885 3533 3954 ναμάτων
3597 3884 3670 3938 τὰ
3719 3886 3834 3958 ιερὰ

2250 3974 2408 4044 ἡμῶν
2436 3974 2607 4042 Λόγια
2630 3987 2643 4000 ⁸
2668 3974 2762 4027 καὶ
2782 3975 2906 4027 ὅσον
2924 3975 2989 4027 ἂν
3012 3975 3149 4027 αύτά
3172 3978 3281 4037 τοῖς
3300 3974 3584 4045 λογισμοῖς
3610 3977 3833 4049 ἀνορύτ·

2248 4083 2453 4137 τωμεν,
2484 4064 2738 4119 τοσοῦτον
2769 4066 2835 4119 ἂν
2866 4066 3132 4135 ἀφθόνους
3163 4068 3402 4136 πηγάξει
3451 4067 3564 4122 τῶν
3624 4070 3831 4139 νοημά-

2245 4174 2355 4211 των
2381 4155 2481 4220 τὰς
2515 4157 2763 4227 χάριτας.
2802 4158 3043 4225 Ἀπορον
3091 4154 3184 4211 οὖν
3213 4158 3388 4211 ὲδόκει
3424 4159 3486 4211 τό
3510 4178 3522 4191 ·
3564 4179 3583 4212 ι
3624 4162 3697 4213 Σὺ
3722 4161 3829 4232 ὼρ-

2246 4245 2463 4317 γίσθης,
2500 4247 2593 4299 καὶ
2626 4248 2787 4317 ἡμεῖς
2820 4248 3160 4318 ἡμάρτομεν,
3193 4266 3211 4298 ›
3239 4248 3426 4312 ἁπλῶς
3440 4265 3499 4300 τε
3514 4248 3825 4319 λεγόμενον,

2247 4338 2343 4391 καὶ
2373 4338 2457 4405 ἐφ’
2491 4337 2618 4403 ὅλης
2648 4339 2745 4407 τῆς
2768 4338 3119 4409 ἀνθρωπίνης
3162 4339 3559 4409 ὲξακουόμενον
3594 4341 3825 4410 φύσεως.

2247 4427 2358 4481 Ποῦ
2382 4428 2490 4497 γὰρ
2524 4427 2653 4496 ἐνῆν
2681 4445 2803 4480 τινα
2860 4431 3052 4497 φυγεῖν
3084 4430 3183 4497 τὴν
3214 4429 3518 4497 ἁμαρτίαν,
3549 4432 3649 4500 τῆς
3682 4430 3826 4492 Θείας

560 4519 741 4588 ipsum
806 4518 991 4574 divina
1038 4517 1267 4571 immisit
1305 4516 1423 4570 ira?
1467 4514 1724 4581 Quaenam
1767 4526 1945 4568 autem
1992 4518 2139 4583 justa

2246 4516 2417 4587 ὀργῆς
2451 4514 2656 4585 ταύτην
2688 4517 3050 4585 ὲπαφιείσης;
3079 4516 3175 4579 Τίς
3213 4516 3269 4568 δὲ
3302 4516 3488 4569 δικαία
3517 4517 3627 4570 τῶν
3646 4518 3824 4589 ἀμαρ-

561 4610 799 4679 peccatis
850 4623 1010 4678 poena
1054 4609 1408 4675 irmgaretur,
1460 4607 1507 4662 si
1558 4607 1622 4660 ad
1665 4606 1820 4660 nelas
1857 4606 2011 4659 inviti
2042 4621 2138 4675 per

2246 4607 2509 4677 τημάτων
2562 4606 2873 4678 εῖσπραξις,
2909 4608 3153 4660 ἀκόντων
3202 4607 3513 4677 ἑλκομένων
3561 4611 3643 4673 είς
3676 4609 3713 4663 ἃ
3754 4608 3823 4679 μὴ

559 4703 669 4755 vi‘m
719 4700 1102 4756 traheremur?
1157 4697 1261 4753 Ubi
1319 4698 1550 4753 liberum
1600 4698 1924 4753 consisteret
1990 4698 2137 4751 arbi-

558 4792 773 4848 trium?
808 4793 988 4863 Atque
1032 4792 1137 4846 alia
1178 4798 1439 4845 sexcenta
1488 4798 1840 4858 erumperent
1876 4789 2132 4855 absurda,

556 4899 791 4954 quorum
819 4899 983 4940 causa
1019 4898 1200 4937 tmune
1231 4884 1415 4952 potius
1463 4884 1803 4952 propositum
1844 4882 2131 4937 oraculum

2244 4699 2423 4769 θέμις,
2454 4699 2562 4751 τῶν
2588 4697 3086 4769 ὲπηρεαζομένων;
3121 4698 3194 4752 Τὸ
3215 4699 3273 4752 δὲ
3307 4700 3659 4765 αὐτεξούσιον
3686 4700 3819 4764 ποῦς

2243 4788 2354 4841 Καὶ
2387 4788 2556 4859 μυρία
2596 4788 2755 4855 ἄλλα,
2794 4782 2868 4842 ὧν
2918 4789 3040 4860 οὐχ).
3096 4790 3157 4843 τὸ
3209 4790 3373 4862 ῥητὸν
3405 4792 3607 4860 μᾶλλον
3655 4795 3820 4846 αίτιον

2240 4880 2463 4950 opimi;
2512 4875 2651 4934 ’Ἀλλ’
2698 4881 2753 4933 εἴ
2802 4896 2885 4942 τις
2922 4882 3056 4935 αὐτὸ
3104 4882 3238 4953 πρὸς
3284 4881 3345 4935 τὸ
3374 4883 3556 4938 κοινὸν
3603 4884 3819 4953 ἀξίωμα

2072 5039 2301 5097 ΝΟΤᾸΞ.

627 5198 741 5268 (51)
774 5197 915 5252 Psal.
966 5213 1096 5257 cru.
1139 5196 1224 5268 11⁷)τ
1274 5195 1428 5265 Legit
1470 5204 1653 5268 autem
1709 5193 1938 5268 Vulgata
1988 5213 2002 5247 :
2053 5193 2135 5268 _Da

556 5264 701 5321 nobis
725 5264 1002 5321 auxilium
1036 5269 1098 5320 de
1132 5264 1493 5327 tribulatione,
1530 5264 1818 5333 quiavana
1857 5266 2005 5317 salus
2043 5265 2135 5316 lia-

557 5337 1013 5392 minis.llebra:ns
1045 5346 1226 5391 autem
1292 5332 1868 5388 versioni’LXXvirali
1910 5335 2133 5402 propius

553 5426 820 5482 accedens
846 5426 1007 5479 habet
1035 5442 1048 5478 :
1082 5435 1200 5484 ιιι-εκ
1228 5434 1405 5488 ΠῖωΠ
1433 5433 1569 5481 NWJ‘I
1594 5430 1898 5496 ﬁRDJ‘l‘t‘tY
2024 5433 2132 5479 mn

554 5496 754 5550 hachab
783 5496 910 5547 [anu
932 5496 1175 5549 hbezrath
1202 5496 1450 5547 mitztzar
1480 5495 1689 5547 rescaub
1721 5494 1900 5546 Iulum.
1932 5488 2121 5543 Nemi-

558 5580 679 5619 nem
751 5578 929 5618 autem
988 5567 1067 5617 vel
1132 5567 1358 5618 tironem
1418 5566 1469 5616 in
1532 5563 1795 5617 llebraica
1875 5562 2122 5628 palaestra

560 5636 792 5697 praeterit
818 5634 1096 5704 prwﬁxum
1119 5644 1141 5693 1
1168 5636 1438 5688 interdum
1473 5649 1579 5686 non
1606 5634 1989 5704 conjunctivaa,
2029 5633 2123 5704 sed

556 5705 792 5758 causalis
819 5702 1110 5773 particulae
1143 5706 1313 5758 vicem
1358 5719 1563 5773 gerere.
1604 5703 1735 5757 Vide
1768 5718 1875 5771 pra:
1911 5702 2123 5756 czeteris

557 5770 1033 5827 Glassium'Gram.
1064 5775 1099 5825 l.
1139 5770 1394 5837 iv,tract'.
1426 5774 1475 5833 Ι,
1505 5775 1716 5826 observ.
1750 5770 1799 5826 7.

626 5841 736 5911 (32)
766 5842 867 5895 lsa.
909 5843 1174 5906 xxix,15.
1224 5846 1301 5896 ita
1347 5852 1475 5897 sunt
1540 5841 1912 5897 transferenda
1973 5856 2117 5894 um

2204 5218 2209 5221 -
2243 5196 2519 5270 seniorum
2562 5197 2760 5270 verba.
2792 5196 2906 5270 Sed;
2932 5196 2992 5251 Ι).
3028 5196 3560 5270 Ηᾷειουιιγιηίγνειεεὶο
3598 5199 3758 5254 habet
3788 5216 3802 5251 :

2254 5262 2363 5325 νω,
2395 5266 2485 5335 qui
2529 5267 2781 5335 profundi
2807 5268 2935 5323 estis
2963 5269 3138 5333 corde,
3180 5262 3301 5323 ut'a
3341 5269 3566 5322 Domino
3596 5270 3813 5322 abscon-

2239 5337 2381 5387 dalis
2434 5338 2743 5401 consilium,
2798 5355 3021 5403 quorum
3072 5351 3195 5391 sunt
3248 5344 3300 5394 in
3357 5341 3582 5392 tenebris
3637 5356 3810 5407 opera.

2236 5422 2307 5474 At
2337 5430 2556 5508 nemo:
2591 5431 2746 5487 nim
2772 5434 2921 5489 rm
2946 5411 3103 5484 ’πισὸ
3130 5434 3339 5487 rma:
3368 5436 3702 5507 πίστευε-ι
3736 5434 3815 5485 un

2234 5518 2511 5571 animm:
2574 5510 2661 5579 hoj
2711 5511 3222 5572 Itannnah/zamikim
3280 5514 3580 5567 meiehovalt
3637 5512 3810 5567 Lastir

2227 5581 2475 5653 [rhenum
2523 5582 2733 5653 veliaieh
2792 5584 3166 5653 bemaclzscach
3221 5585 3611 5653 ηιαΙιΙιαδεΙιριη,
3684 5584 3811 5653 legit

2225 5648 2484 5721 llebrmus
2504 5652 2645 5721 quod
2682 5652 2823 5703 κατα
2840 5650 2983 5716 λέξιν
3008 5651 3194 5705 Latine
3212 5649 3427 5707 s'onaret
3450 5671 3462 5705 :
3491 5648 3809 5721 Varprofu'n-

2224 5719 2478 5791 ditaiibns
2500 5738 2534 5791 να
2554 5720 2778 5774 Domino
2801 5722 2868 5772 ad
2917 5723 3311 5777 absconsioncm
3337 5723 3566 5791 consilii,
3591 5719 3642 5778 ot
3663 5719 3805 5776 (run.

2225 5789 2282 5840 in
2313 5790 2534 5841 tenebris
2563 5807 2719 5859 opera
2750 5808 2952 5847 eorwu.
