4084 6446
348 454 452 519 297

1310 467 1413 526 ΔΙ)
1441 468 2033 530 AMPHILOCHIUM
2094 471 2438 543 QUIESTIO
2470 474 2655 533 XLII.

3527 468 3631 530 998

350 568 592 636 επαίρει,
626 584 721 620 και
760 569 901 624 κατά
956 570 1139 642 πάσης
1190 574 1292 644 τῆς
1348 574 1696 645 ἀνθρωπίνης
1727 573 1975 643 φύσεως,

2051 578 2400 648 agnoscitur?
2424 581 2492 633 At
2527 579 2598 633 ita
2630 580 2754 646 erit,
2789 580 2833 633 si
2866 580 2991 648 quis
3021 579 3152 633 illud
3179 577 3246 633 ad
3279 591 3628 633 communem

352 658 607 731 εἰρῆσθαι
637 661 866 731 νομίζει·
899 662 1044 725 ἐπεὶ,
1073 663 1235 728 είοτις
1266 681 1329 732 γε
1347 665 1481 719 αὐτὸ
1509 667 1647 737 πρὸς
1667 667 1769 737 τὴν
1803 666 1940 720 καθα

352 752 542 823 ολικὴν
607 753 685 825 μὴ
714 752 1024 819 ἐκϐιάζοιτο
1044 754 1276 823 ἔννοιαν,
1306 757 1442 811 ἀλλά
1467 760 1579 821 τοῖς
1614 759 1768 823 ἰδίοις
1793 759 1942 831 ὅροις

357 846 572 916 συνέχει
593 846 1101 917 περιστελλόμενον,
1133 848 1243 902 τῶν
1272 850 1538 904 πλειόνων
1571 851 1944 921 ἀτοπημάτων

358 936 651 992 ἀνεύθυνον
695 940 1049 1011 όραθήσεται.

429 1116 495 1169 Τί
520 1117 615 1171 οὖν
640 1120 808 1180 ἐστιν,
851 1118 881 1172 δ
911 1119 1087 1188 λέγοις
1118 1119 1240 1171 ’Ὁτι
1272 1135 1379 1188 περ
1410 1118 1504 1173 τοῦ
1544 1118 1945 1191 Ἰσραηλιτικοῢ

356 1210 551 1275 ἔθνους
582 1212 980 1282 προενήνεκται
1010 1212 1090 1282 τῷ
1119 1212 1385 1284 Προφήτῃ
1430 1210 1492 1264 τὸ
1524 1214 1699 1282 ῥῆμα,
1743 1210 1858 1264 ἀλλ’
1885 1211 1947 1264 ού

357 1303 489 1372 περὶ
518 1303 738 1357 πάντων
774 1302 961 1365 ἁπλῶς
995 1301 1300 1373 ἀνθρώπων
1322 1318 1336 1331 ·
1375 1302 1471 1355 καὶ
1517 1301 1599 1355 ὅτι
1644 1302 1820 1355 οὐδενὶ
1849 1319 1949 1355 κα-

356 1396 609 1449 ταλείπει
639 1394 1077 1465 ἀμφισϐήτησιν,
1130 1394 1269 1464 αὐτή
1302 1410 1365 1462 γε
1393 1395 1428 1464 ή
1473 1395 1574 1463 τῆς
1610 1393 1950 1465 προφητείας

359 1487 646 1559 ἐπιγραφὴ
682 1488 971 1556 μαρτυρεῖ·
1011 1505 1031 1536 ι
1059 1487 1291 1556 Ὅρασις
1319 1486 1449 1557 γὰρ,
1474 1486 1659 1555 φησὶν,
1694 1486 1762 1555 ἢν
1810 1480 1950 1538 εἶδεν

374 1581 604 1642 Ἡσαΐας
627 1579 740 1641 υίὸς
782 1580 836 1632 Ἀ
848 1577 983 1648 μὼς,
1015 1578 1083 1647 ἢν
1110 1574 1216 1631 εἶδε
1244 1577 1385 1631 κατὰ
1413 1578 1513 1647 τῆς
1551 1576 1833 1639 Ἰουδαίας,
1857 1576 1952 1630 καὶ

360 1673 505 1728 κατά
546 1672 900 1743 Ἰερουσαλὴμ
928 1673 988 1725 ἐν
1039 1671 1283 1742 βασιλείᾳ
1329 1670 1529 1735 Ὀζίου,
1561 1671 1657 1723 καὶ
1692 1670 1950 1741 ’ῐωαθὰμ,

360 1767 464 1819 καὶ
496 1764 694 1834 Ἀχαζ,
725 1764 820 1818 καὶ
848 1764 1113 1828 Ἐζεκίου.
1146 1784 1164 1815 ι
1201 1764 1313 1817 Καὶ
1341 1765 1470 1834 γὰρ,
1504 1762 1681 1817 καὶέν
1721 1757 1804 1827 οἷς
1831 1762 1951 1817 ἐτέ-

362 1876 477 1929 ρων
493 1858 664 1911 ἐθνῶν
696 1859 918 1928 μνήμην
963 1859 1219 1922 ποιεῖται,
1257 1857 1353 1910 καὶ
1410 1856 1630 1927 ὁράσεις
1683 1855 1954 1910 ἀνακαλύ-

2046 670 2329 725 hominum
2368 671 2735 726 conditionem
2792 672 3003 736 evehat,
3052 681 3106 726 et
3137 671 3205 725 de
3237 680 3347 725 tota
3389 671 3630 723 humana

2046 771 2239 817 natura
2291 764 2496 818 dictum
2537 778 2660 818 esse
2699 763 3003 833 opinetur:
3062 762 3322 832 quoniam
3378 760 3630 830 pluribus

2047 854 2478 911 absurditatibus
2508 856 2753 909 immune
2773 854 3170 924 conspicietur,
3201 853 3246 907 si
3284 852 3411 922 quis
3450 852 3629 921 ipsum

2046 948 2114 1004 ad
2148 948 2515 1004 universalem
2553 962 2776 1003 sensum
2813 962 2919 1000 non
2963 945 3304 1013 detorqueat,
3351 943 3446 998 sed
3482 943 3629 997 intra

2048 1037 2298 1107 proprios
2329 1038 2591 1093 terminos
2617 1037 2935 1092 conclusum
2966 1034 3227 1089 detineat.

2120 1128 2263 1195 Quid
2298 1131 2463 1200 igitur
2504 1130 2723 1185 dicam?
2760 1116 2967 1196 Nempe
3017 1128 3162 1196 quod
3204 1125 3271 1181 de
3328 1126 3630 1182 Israelitica

2049 1231 2229 1293 gente,
2257 1238 2367 1277 non
2403 1230 2583 1276 autem
2611 1221 2678 1276 de
2704 1221 2960 1274 omnibus
2990 1219 3216 1273 omnino
3258 1219 3576 1273 hominibus
3600 1234 3630 1271 a

2050 1314 2310 1383 propheta
2333 1328 2394 1367 ea
2419 1313 2581 1368 verba
2612 1313 2819 1382 prolata
2853 1313 2964 1367 sint
2996 1327 3007 1360 :
3040 1311 3292 1380 quodque
3322 1310 3528 1367 nemini
3567 1308 3636 1362 de

2052 1406 2157 1459 hoc
2186 1405 2494 1475 ambigendi
2525 1404 2865 1470 relinquatur
2906 1403 3078 1465 locus,
3128 1402 3242 1471 ipsa
3282 1401 3475 1471 utique
3508 1415 3635 1467 pro-

2052 1492 2249 1561 phetiae
2300 1492 2582 1561 inscriptio
2644 1500 2896 1546 testatur.
2950 1490 3135 1559 Inquit
3186 1489 3333 1543 enim
3372 1505 3386 1541 :
3423 1507 3442 1539 ι
3479 1485 3633 1542 V'isio

2052 1581 2204 1638 Isaia:
2241 1583 2335 1637 ﬁlii
2357 1587 2546 1643 Amos.
2577 1599 2737 1653 quam
2767 1582 2902 1636 vidit
2944 1598 3109 1651 super
3147 1580 3342 1636 Judam
3379 1591 3432 1635 et
3479 1578 3638 1634 Jeru-

2054 1676 2225 1731 salem
2277 1675 2331 1729 in
2388 1675 2581 1730 diebus
2617 1674 2784 1741 Oziaa,
2834 1673 3110 1739 Joatham,
3151 1676 3356 1739 Achaz,
3394 1680 3449 1727 et
3498 1671 3638 1725 Eze-

2056 1764 2192 1819 chiae
2212 1764 2279 1819 "'.
2318 1785 2337 1817 ι
2364 1766 2569 1821 Revera
2602 1767 2685 1820 vel
2722 1766 2813 1821 ubi
2852 1766 3082 1820 aliarum
3128 1765 3368 1836 gentium
3405 1762 3636 1819 mentio-

2058 1870 2181 1909 nem
2210 1855 2360 1922 facit,
2400 1858 2711 1929 revelatque
2751 1858 3014 1924 visiones,
3063 1866 3211 1912 certe
3238 1857 3434 1910 horum
3467 1856 3635 1910 etiam

361 1962 514 2010 πτει,
554 1946 693 1999 ἀλλά
721 1946 829 2015 γὰρ
862 1946 958 1998 καὶ
989 1945 1194 1999 τούτων
1221 1948 1254 2016 ή
1305 1945 1581 2017 διήγησις,
1620 1946 1695 2010 ὡς
1719 1946 1946 2013 ἐπίπαν,

2052 1948 2325 2004 enarratio
2355 1948 2739 2011 Israeliticum,
2785 1959 2845 2004 ut
2892 1949 3211 2019 plurimum,
3250 1949 3512 2018 populum
3551 1962 3638 2001 re-

358 2035 446 2096 είς
469 2035 560 2088 τὸν
599 2034 939 2108 Ἰσραηλίτην
982 2034 1109 2089 λαὸν
1165 2037 1378 2107 ἀφορᾷ·
1411 2034 1507 2089 νῦν
1537 2037 1634 2105 μὲν
1681 2036 1947 2108 μάστιγος

358 2127 549 2189 αὐτοῖς
575 2126 1037 2199 ἀναπληρούντων
1061 2126 1251 2198 χρείαν
1287 2126 1393 2179 τῶν
1423 2126 1758 2197 ἀλλοφύλων,
1793 2126 1947 2199 παρὰ

359 2219 438 2273 τὰ
474 2217 566 2272 τοῦ
614 2220 819 2289 Κυρίου
868 2218 1215 2289 δικαιώματα
1267 2218 1682 2289 πορευομένοις·
1734 2216 1832 2272 νῦν
1891 2218 1950 2272 δὲ

364 2315 570 2377 κράτος
614 2312 795 2366 αὐτῶν
830 2312 929 2383 τῆς
963 2311 1113 2376 Θείας
1156 2313 1329 2382 ῥοπῆς
1383 2311 1821 2384 ἐγχειριζούσης,
1860 2312 1953 2366 καὶ

358 2402 543 2473 νίκην,
570 2402 676 2456 τῶν
715 2402 1062 2456 Δεσποτικῶν
1085 2403 1317 2457 ἐντολῶν
1345 2404 1835 2473 ἀντιποιουμένοις.

431 2494 540 2546 Ναὶ
562 2493 625 2563 δὴ
658 2492 753 2547 καὶ
803 2492 911 2562 πρό
947 2509 1010 2561 γε
1048 2492 1299 2563 βραχέως
1324 2490 1419 2545 τοῦ
1447 2494 1816 2564 προκειμένου
1853 2496 1953 2567 ρη-

354 2584 481 2650 τοῦ,
516 2585 601 2640 ἵνα
630 2585 700 2638 τὰ
729 2584 865 2639 ἄλλα
896 2585 1065 2651 ἐάσω,
1098 2586 1587 2658 ἀναμφισϐήτητον
1618 2589 1753 2641 πᾶσι
1777 2589 1950 2644 ποιῶν

356 2681 390 2732 ὀ
441 2680 750 2759 προφήτης,
810 2678 892 2731 ὅτι
950 2679 1079 2749 περὶ
1139 2677 1234 2732 τοῦ
1308 2678 1702 2751 Ἰσραηλιτικοῦ
1756 2679 1950 2749 γένους

355 2771 566 2842 ἐρῤέθη
600 2771 681 2837 τὸ,
721 2790 739 2823 ι
764 2772 836 2825 Σὺ
871 2771 1174 2843 ὠργίσθης,
1203 2772 1297 2825 καὶ
1327 2773 1490 2843 ἡμεῖς
1522 2772 1879 2844 ἡμάρτομεν·
1921 2794 1941 2828 ι

352 2863 505 2919 οὕτω
536 2882 653 2928 πως
690 2863 795 2934 ἔφη
824 2880 837 2895 ·
894 2883 912 2917 ι
941 2863 1051 2917 Ποῦ
1099 2865 1318 2918 ἐστιν...
1362 2863 1391 2915 ὁ
1441 2864 1666 2934 ἀγαγὼν
1707 2867 1774 2937 τῇ
1798 2865 1951 2936 δεξιᾷ

354 2960 686 3030 Μωῡσῆν,ιό
716 2956 958 3034 βραχίων
980 2957 1081 3025 τῆς
1112 2956 1271 3028 δόξης
1308 2956 1546 3012 αὐτοῦ...
1585 2957 1696 3012 Καὶ
1738 2959 1948 3030 ἤγαγεν

355 3053 556 3116 αὐτοὺς
583 3051 671 3105 διὰ
705 3051 806 3122 τῆς
838 3049 1098 3114 ἀϐύσσου,
1143 3049 1219 3114 ὡς
1269 3050 1437 3104 ἵππον
1467 3050 1535 3103 δι’
1567 3052 1802 3122 ἐρήμου,
1849 3052 1947 3105 καὶ

355 3144 461 3197 οὐκ
482 3143 847 3197 ἐκοπίασαν...
878 3140 1065 3206 Οὕτως
1091 3141 1299 3213 ἤγαγες
1318 3141 1409 3194 τὸν
1434 3141 1564 3195 λαόν
1598 3159 1691 3195 σου
1716 3141 1946 3211 ποιῆσαι

357 3236 572 3306 σεαυτῷ
620 3234 993 3305 δνομαδόξης.
1043 3233 1401 3305 Ἐπίστρεψον
1432 3234 1498 3287 ἐκ
1530 3232 1625 3287 τοῦ
1686 3234 1942 3306 οὐρανοῦ,

2061 2038 2277 2108 spicit:
2316 2040 2515 2109 quippe
2570 2040 2731 2095 modo
2783 2041 3005 2111 quidem
3061 2040 3384 2110 alienigenae
3440 2038 3636 2108 ﬂagelli

2059 2140 2241 2200 partes
2292 2133 2589 2201 implebant
2637 2133 2691 2186 in
2750 2147 2875 2187 eum
2951 2142 3143 2188 contra
3214 2128 3639 2201 justificationes

2056 2224 2271 2279 Domini
2319 2226 2722 2292 ambulantem;
2765 2226 2928 2281 modo
2972 2235 3152 2280 autem
3204 2224 3308 2295 ipsi
3354 2223 3638 2279 Douiinica

2055 2317 2312 2371 mandata
2359 2318 2665 2387 capessenti
2749 2317 3180 2389 alienigenarum
3232 2314 3529 2385 potentiam
3574 2328 3640 2368 ac

2055 2408 2337 2463 victoriam
2371 2409 2617 2464 divinum
2645 2410 2912 2465 auxilium
2946 2411 3000 2464 in
3039 2424 3234 2464 manus
3271 2407 3549 2462 tradebat.

2122 2498 2264 2565 Quin
2297 2502 2463 2554 etiam
2495 2506 2659 2571 paqu
2691 2510 2819 2555 ante
2855 2502 3196 2571 propositum
3233 2500 3547 2561 oraculum,
3580 2506 3641 2552 ut

2051 2598 2243 2645 caetera
2282 2601 2621 2659 prateream,
2674 2594 2962 2662 propheta,
3015 2606 3124 2662 quo
3171 2591 3431 2646 omnibus
3483 2598 3638 2643 extra

2049 2681 2407 2736 dubitationis
2455 2683 2629 2736 aleam
2664 2693 2913 2752 poneret.
2944 2699 3002 2738 se
3036 2684 3103 2738 de
3137 2682 3441 2737 Israelitica
3477 2692 3639 2751 gente

2050 2773 2254 2828 dixisse
2282 2773 2414 2828 illud
2445 2791 2458 2827 :
2489 2794 2508 2826 ι
2540 2771 2625 2828 Τιι
2666 2774 2843 2830 iratus
2871 2792 2952 2839 es,
2986 2784 3041 2829 et
3062 2788 3163 2829 nos
3197 2775 3580 2844 peccavimus;
3614 2790 3633 2823 ι

2049 2864 2129 2918 sic
2158 2862 2455 2933 aliquando
2504 2863 2684 2933 inquit
2716 2879 2729 2915 :
2762 2882 2782 2916 ‹
2827 2862 2928 2918 Ubi
2959 2873 3044 2919 est
3186 2864 3279 2933 qui
3329 2863 3522 2917 eduxit
3570 2860 3642 2916 ad

2048 2956 2329 3011 dexteram
2382 2955 2605 3027 Moysen
2651 2956 2878 3012 brachio
2940 2956 3245 3026 majestatis
3308 2971 3425 3011 sua:
3576 2954 3644 3009 Et

2047 3049 2236 3105 eduxit
2272 3063 2507 3118 eos~per
2549 3049 2799 3119 abyssos,
2852 3049 3012 3119 quasi
3062 3064 3263 3119 equum
3326 3048 3381 3102 in
3423 3048 3643 3104 deserto

2046 3155 2158 3196 non
2191 3140 2655 3213 impingentem...
2702 3140 2793 3196 Sic
2849 3141 3127 3197 adduxisti
3157 3143 3422 3211 populum
3459 3152 3640 3207 tuum,

2048 3239 2109 3284 ut
2140 3229 2353 3286 faceres
2390 3232 2482 3286 tibi
2514 3247 2714 3286 nomen
2762 3232 2969 3301 gloriae.
3021 3233 3256 3288 Attende
3285 3234 3352 3288 de
3384 3235 3550 3296 casio,
3588 3242 3645 3289 et

356 3331 456 3382 καὶ
492 3330 566 3383 ίδε
597 3331 661 3382 ὲκ
688 3328 784 3381 τοῦ
814 3328 966 3381 οἴκου
992 3324 1089 3380 τοῦ
1123 3325 1283 3394 ἁγίου
1317 3342 1434 3392 σου,
1470 3327 1567 3380 καὶ
1603 3325 1832 3399 δόξης...
1866 3327 1940 3379 Σὺ

2052 3322 2175 3377 vide
2198 3323 2265 3377 de
2291 3323 2600 3378 habitaculo
2626 3332 2817 3378 sancto
2851 3332 2965 3385 tuo,
2986 3332 3040 3377 et
3069 3325 3350 3392 gloria...
3385 3324 3466 3378 Tu
3496 3325 3641 3380 enim

354 3421 468 3492 γὰρ
498 3421 654 3493 ήμῶν
726 3419 776 3474 ei
820 3422 1023 3491 πατὴρ,
1045 3421 1127 3474 ὃτι
1158 3418 1418 3490 Ἀϐραὰμ
1440 3419 1541 3473 οὐκ
1582 3418 1725 3488 ἔγνω
1777 3422 1947 3491 ἡμᾶς,

351 3515 453 3567 καὶ
491 3511 707 3584 Ἰσραὴλ
733 3514 832 3566 οὐκ
862 3514 1078 3580 ἐπέγνω
1108 3511 1279 3582 ἡμᾶς.
1320 3529 1340 3563 ι
1396 3509 1508 3564 Καὶ
1533 3511 1766 3583 ὀχληρὸν
1813 3512 1947 3574 ἴσως

352 3602 537 3655 πάντα
560 3601 906 3668 καταλέγειν.

443 3693 595 3747 Ἐπεὶ
626 3689 720 3746 οὖν
766 3692 1241 3767 περιφανέστατον
1272 3692 1519 3760 γέγονεν,
1557 3693 1634 3756 ὡς
1660 3693 1791 3763 περὶ
1854 3694 1950 3747 τοῦ

365 3783 768 3855 Ἰσραηλιτικοῦ
825 3783 1015 3852 γένους
1042 3784 1130 3837 τό·
1202 3802 1220 3834 ι
1264 3784 1398 3836 Ἰδοὺ
1466 3783 1789 3854 ὠργίσθης,
1850 3784 1949 3837 καὶ

354 3880 522 3948 ἡμεῖς
535 3879 568 3949 ὴ
579 3880 879 3948 μάρτομεν,
894 3897 912 3929 ι
935 3878 1149 3948 εἴρηται
1170 3891 1184 3904 ·
1205 3876 1485 3948 ἐπιζητεῖν
1508 3879 1626 3930 ἐστι
1642 3876 1952 3941 λοιπὸν,καὶ

351 3970 494 4023 διότι
533 3972 769 4038 εἴρηται.
803 3968 1019 4021 Πολλῶν
1044 3966 1450 4029 ἀπολαύσαντες
1478 3966 1818 4037 παραδόξων,
1857 3968 1952 4020 καὶ

354 4061 657 4131 ὑπερφυῶν
698 4061 895 4132 ἔργων·
960 4059 1121 4113 τοῦτο
1159 4060 1256 4130 μὲν
1295 4058 1703 4129 μαστιζομένην
1725 4059 1826 4127 τὴν
1864 4058 1952 4109 Δία

356 4170 569 4223 γυπτον
597 4153 665 4207 δι’
698 4154 895 4216 αὐτοὺς
917 4152 1049 4206 δέκα
1076 4151 1312 4222 πληγαῖς
1336 4150 1643 4222 ἑωρακότες
1667 4166 1681 4180 ·
1712 4148 1868 4203 τοῦτο
1891 4149 1950 4203 δὲ

354 4245 488 4304 τοὺς
514 4242 809 4313 πολεμίους
857 4243 1249 4304 ἐπιδιώκοντας
1295 4240 1426 4294 ἄνευ
1472 4240 1679 4311 χειρὸς,
1708 4239 1805 4293 καὶ
1862 4240 1952 4293 66-

359 4351 526 4405 ρατος
557 4334 907 4406 πανωλεθρίᾳ
927 4333 1325 4404 διαφθαρέντας
1348 4349 1361 4362 ·
1391 4331 1552 4386 τοῦτο
1570 4332 1627 4385 δὲ
1658 4332 1757 4403 τὴν
1776 4331 1953 4403 ὑγρὰν

359 4428 526 4498 φύσιν
544 4427 684 4499 ξηρά
710 4428 778 4482 τὰ
804 4427 948 4481 νῶτα
979 4428 1309 4497 πεξοπορεῖν
1331 4426 1763 4497 παρασχομένην
1782 4443 1796 4456 ·
1821 4423 1953 4478 στύ-

356 4517 454 4568 λον
479 4518 651 4587 πυρὸς
690 4519 750 4570 ἐν
772 4517 930 4570 νυκτὶ
986 4516 1330 4589 πυρσεύοντα
1361 4520 1498 4586 πρὸς
1528 4516 1646 4570 ὁδὸν
1687 4516 1903 4572 εὐθεῖαν
1934 4530 1949 4545 ’

356 4610 456 4663 καὶ
475 4609 706 4679 νεφέλην
734 4610 909 4679 φωτὸς
964 4610 1064 4674 τὰς
1086 4610 1195 4664 ἀπὸ
1244 4610 1340 4663 τοῦ
1380 4608 1598 4673 Ἠλίου,
1650 4609 1953 4677 στέγουσαν

356 4702 607 4765 ἀκτῖνας,
640 4700 717 4763 ὡς
752 4702 1088 4773 ἀλυπότερον
1142 4702 1390 4769 γίνεσθαι
1417 4701 1517 4773 τὴν
1570 4700 1889 4772 ὁδοιπορίαν
1925 4716 1940 4731 ⁶

356 4794 526 4863 ἄρτον
572 4793 863 4864 οὐρανόθεν
911 4795 1183 4866 Μωσανκῇ
1222 4793 1448 4867 γλώσσῃ
1487 4793 1909 4865 γεωργούμενον
1933 4810 1947 4826 ·

361 4886 459 4938 καὶ
489 4885 768 4940 θάλασσαν
800 4888 897 4941 καὶ
933 4887 1037 4959 γῆν
1087 4887 1452 4959 αὐτοσχεδίων
1494 4886 1757 4957 θυμάτων
1806 4887 1950 4959 τρά-

357 4976 532 5042 πεζαν
559 4979 743 5043 αὐτοῖς
772 4981 1304 5051 παρασκευάζουσαν
1328 4981 1469 5051 (55)·
1509 4979 1652 5050 ὕδωρ
1690 4980 1750 5048 ἐξ
1780 4981 1950 5053 ἀκρο-

429 5157 477 5190 ⁴¹
511 5159 615 5229 lsa.
648 5175 685 5221 ι,
719 5158 770 5211 1.
850 5158 895 5229 ‘3
929 5157 1039 5229 lsa.
1062 5174 1217 5225 thu,
1254 5160 1311 5213 ll
1348 5175 1501 5229 seqq.

1577 5160 1623 5191 ⁸³
1652 5158 1823 5215 Exod.
1852 5175 1950 5219 vn,
1983 5174 2100 5222 vui,
2140 5173 2216 5224 Ix,
2250 5174 2302 5221 x,
2336 5172 2413 5212 ιι.
2488 5154 2537 5187 ⁴δ
2571 5153 2742 5211 Exod.
2776 5168 2888 5222 XIV,
2924 5154 2957 5208 6
2996 5168 3150 5223 seqq.

2051 3422 2205 3484 pater
2227 3423 2435 3480 noster,
2472 3424 2525 3469 et
2575 3415 2855 3470 Abraham
2918 3418 3154 3471 nescivit
3211 3432 3333 3483 nos,
3377 3426 3432 3472 et
3464 3416 3648 3473 'lsrael

2052 3504 2325 3575 ignoravit
2350 3506 2536 3562 nos".
2570 3524 2589 3559 ι
2613 3507 2691 3562 Ac
2720 3507 3013 3562 molesmm
3040 3507 3274 3563 fortasse
3302 3508 3645 3563 foretomnia

2053 3612 2400 3669 percensere.
2462 3656 2483 3665 η

2123 3692 2261 3749 Cum
2296 3693 2466 3763 igitur
2514 3693 2957 3749 luculentissime
2986 3704 3202 3752 constet
3234 3693 3300 3747 de
3339 3693 3647 3749 Israelitica

2053 3795 2212 3853 gente
2243 3785 2392 3841 hoc:
2430 3803 2451 3838 ι
2479 3783 2623 3841 Ecce
2659 3786 2837 3841 iratus
2866 3801 2945 3851 es,
2981 3797 3035 3839 et
3061 3801 3161 3840 nos
3200 3785 3572 3855 peccavimus,
3621 3805 3640 3837 ι

2018 3878 2021 3881 ⁷
2054 3873 2227 3929 fuisse
2254 3874 2458 3929 dictum
2476 3875 2813 3942 ;2reliquum
2838 3884 2923 3929 est
2967 3884 3046 3939 ut,
3082 3883 3135 3928 et
3166 3889 3267 3927 cur
3305 3874 3510 3928 dictum
3549 3875 3644 3939 sit,

2055 3967 2419 4037 inquiramus.
2451 3965 2637 4021 Multis
2668 3965 2878 4021 Hebraei
2909 3964 3346 4025 incredibilibus.
3377 3981 3443 4019 ac
3485 3977 3649 4018 natu-

2056 4075 2131 4114 ra:
2158 4059 2304 4113 vires
2332 4058 2726 4113 excedentibus
2756 4059 3020 4128 prodigiis
3048 4059 3237 4123 dilati;
3296 4073 3424 4111 cum
3476 4058 3647 4112 vidis-

2055 4159 2179 4207 sent
2241 4150 2405 4205 modo
2484 4148 2784 4221 Egyptum
2835 4149 3021 4204 decem
3082 4149 3259 4219 plagis
3314 4158 3539 4218 propter
3586 4165 3648 4204 se

2054 4238 2382 4309 ﬂagellatam
2446 4239 2526 4305 ‘3;
2585 4240 2749 4293 modo
2820 4247 3217 4309 persequentes
3273 4238 3461 4294 hostes
3523 4240 3646 4294 sine

2055 4348 2218 4387 manu
2252 4343 2307 4387 et
2364 4331 2524 4386 hasta
2576 4317 2820 4401 perditos
2864 4345 2930 4384 ac
2976 4328 3296 4401 profligatos
3337 4330 3423 4395 “;
3482 4330 3647 4385 modo

2056 4425 2339 4481 humidam
2376 4425 2660 4479 materiam
2693 4424 2773 4478 eis
2802 4422 3035 4485 siccum,
3065 4431 3123 4477 ut
3157 4423 3388 4491 pedibus
3424 4422 3648 4476 inceder-

2055 4528 2199 4582 rent,
2229 4519 2403 4573 solum
2445 4517 2775 4588 praebentem
2809 4514 2896 4579 “;
2938 4515 3250 4568 columnam
3288 4515 3429 4584 ignis
3488 4523 3649 4567 nocte

2057 4613 2464 4683 praelucentem,
2497 4619 2560 4665 ut
2589 4620 2791 4664 rectam
2832 4616 3091 4678 caperent
3122 4608 3302 4669 viam;
3341 4614 3396 4659 et
3438 4594 3643 4659 nubent

2056 4706 2195 4761 lucis
2217 4704 2403 4760 radios
2428 4719 2459 4757 a
2487 4702 2603 4759 sole
2648 4703 2882 4757 emissos
2919 4708 3211 4769 tegentem,
3248 4708 3307 4750 ut
3342 4696 3646 4765 jucundius

2057 4796 2161 4852 iter
2188 4795 2550 4851 conﬁceretur
2578 4792 2658 4859 ⁸⁶;
2694 4806 2887 4862 panem
2927 4790 3145 4845 caelitus
3192 4788 3430 4843 Mosaica
3461 4788 3647 4857 lingua

2058 4898 2308 4959 paratum
2336 4886 2414 4953 l"';
2463 4896 2574 4941 tum
2624 4898 2797 4948 mare,
2858 4891 2973 4937 tum
3016 4890 3216 4936 terram
3272 4878 3646 4934 tumultuariis

2056 4981 2252 5036 hostiis
2287 4995 2507 5035 mensas
2535 4992 2724 5033 eorum
2754 4982 3140 5032 exstruentem
3176 4973 3315 5041 (‘54);
3349 4987 3550 5042 aquam
3573 4985 3644 5027 ex

3228 5149 3274 5182 "
3297 5149 3429 5206 ibid.
3464 5165 3585 5216 xx.,
3612 5149 3641 5205 1

353 5245 542 5300 seqq.;
565 5217 755 5296 Josue,
782 5217 959 5295 ιιι,’15
986 5246 1140 5300 seqq.
1204 5217 1263 5262 ’⁸⁸
1316 5217 1488 5286 Εχιὶιί.
1523 5247 1638 5296 χιιι,
1664 5230 1727 5284 21
1762 5248 1880 5300 seq.
1938 5217 2002 5260 -δτ
2038 5217 2213 5284 Exod.
2251 5217 2365 5295 xvi,
2402 5226 2470 5281 15
2504 5241 2660 5297 seqq.

1884 5362 2095 5419 ΝΟΤᾸΞ
2106 5405 2119 5419 .

435 5505 553 5578 (33)
581 5507 1126 5581 ΔΠαρασκευαζούσας
1172 5525 1404 5564 numero
1462 5509 1826 5581 πληθυντικοῦ
1879 5512 1947 5566 ad

354 5578 748 5648 elegantiorem
791 5579 1025 5634 fortasse
1079 5581 1331 5645 σύνταξιν
1387 5578 1567 5635 habet
1595 5581 1946 5635 Barberinus.

434 5648 557 5721 (54),
588 5649 647 5721 Si
672 5650 923 5721 hoeloco
974 5651 1244 5721 intelligas
1272 5651 1430 5721 cibos
1456 5666 1484 5705 a
1528 5661 1670 5705 terra
1727 5662 1781 5707 et
1810 5651 1948 5705 mari

354 5720 739 5788 conquisitos;
773 5719 1013 5791 fortasse
1036 5724 1101 5776 ad
1130 5719 1218 5775 res
1255 5736 1323 5774 ex
1368 5720 1749 5791 IEgyptiorum
1805 5733 1947 5776 terra

359 5798 673 5860 asportatas
701 5800 755 5845 et
784 5790 852 5844 ad
879 5793 1191 5845 coturnices
1219 5801 1380 5845 vento
1401 5790 1580 5846 valido
1603 5808 1768 5860 supra
1799 5808 1949 5845 mare

359 5860 597 5921 delatas,
617 5858 788 5915 Exod.
812 5876 927 5924 xw,
960 5862 1028 5915 15
1050 5860 1280 5917 ethm.
1308 5876 1384 5928 xl,
1405 5863 1494 5923 51.
1530 5863 1579 5915 id
1602 5858 1945 5916 reibreiitluitt

362 5938 467 5983 est.
496 5930 552 5984 Si
583 5940 764 5986 autem
792 5932 965 6000 spolia
991 5947 1058 5988 ex
1100 5931 1398 5998 profligatis
1424 5932 1672 5988 hostibus
1706 5934 1946 5989 detracta

2050 5509 2140 5564 hic
2158 5507 2309 5561 inuni
2333 5505 2600 5575 Opinaris,
2622 5504 2791 5559 habes
2808 5518 2901 5557 eas
2913 5517 3036 5579 quae
3064 5516 3131 5579 ex
3149 5498 3621 5579 Egyptiorumea
3635 5526 3649 5536 -

2047 5580 2342 5634 daverihus
2368 5570 2565 5643 capere
2594 5583 2907 5643 potuerunt,
2934 5570 3112 5625 Exod.
3159 5570 3367 5643 n,_3|,
3408 5579 3463 5624 et
3488 5570 3646 5643 alias,

2048 5666 2169 5718 qua:
2227 5665 2292 5718 ex
2336 5639 2522 5703 multis
2566 5639 2742 5718 captis
2791 5644 3153 5718 direptisque
3185 5641 3421 5718 urbibus
3466 5639 3651 5693 relata:

2048 5709 2195 5775 sunt.
2227 5717 2383 5781 Vide,
2410 5709 2765 5787 prazgcaaieris
2797 5709 3155 5787 Pentatenchi
3184 5712 3343 5775 locis,
3386 5709 3650 5787 Dentero-

2048 5790 2317 5855 nomium,
2372 5778 2442 5847 ἰι’.
2476 5785 2576 5848 25,
2641 5796 2696 5839 et
2727 5799 2809 5855 ιιι,
2866 5782 2917 5840 7.
2974 5782 3187 5855 luioet
3219 5790 3409 5855 aperte
3442 5778 3648 5835 dicitur

2046 5862 2227 5930 capite
2275 5852 2367 5925 xx,
2426 5858 2513 5925 M,
2566 5854 2819 5912 Comeder
2876 5855 2941 5909 de
2994 5853 3181 5924 spoliis
3240 5852 3477 5907 hostium
3531 5856 3651 5902 ιιιο-

2051 5947 2188 5985 rum.
2684 5975 2715 6001 ς
