4084 6452
561 463 665 524 23$

1714 469 1974 528 PHOTII
2013 466 2515 528 ΡΑΤΒΙΑΗΟΗΕ
2542 467 2649 526 CP.

3696 460 3806 525 300

562 581 834 643 praerupta
857 586 989 641 rupe
1017 572 1373 630 inexhaustas
1400 576 1647 632 edentem
1685 579 1863 634 fontes
1890 580 1935 611 ⁸⁸
1960 596 1973 631 :
2007 593 2130 633 cum

2238 574 2404 644 τόμου
2447 578 2652 645 πέτρας
2709 575 2889 643 πηγὰς
2932 570 3240 635 ἀκενὼτους
3285 567 3583 633 ἀναϐλύζον
3610 584 3628 602 ο
3675 571 3805 625 τούο

564 665 650 720 bis
679 664 954 730 omnibus,
1002 680 1124 734 quae
1176 682 1275 721 nec
1315 669 1569 736 exprimi,
1616 685 1713 724 nec
1743 672 1965 740 intelligi
2004 685 2133 740 pos-

565 766 713 820 sunt,
761 756 1056 812 beneﬁciis-
1088 772 1151 812 ac
1194 758 1352 812 donis
1422 758 1732 816 fruerentur
1796 763 2136 831 llelirzeipet

563 849 965 919 quodammodo
1018 864 1359 919 quaecunque
1399 852 1463 905 ad
1503 869 1598 909 eos
1632 855 1996 922 pertinebant,
2046 870 2133 909 es-

562 948 684 991 sent
717 939 973 1004 peculiari
1007 949 1153 993 sorte
1178 942 1395 1002 selecta,
1425 957 1488 997 ac
1525 944 1626 997 sub
1665 934 2132 999 communicaue-

564 1029 639 1083 ris
691 1028 1003 1083 hominibus
1045 1032 1375 1096 providentia
1415 1045 1465 1087 et
1498 1036 1772 1105 vigilantia
1821 1053 1925 1090 non
1968 1038 2137 1091 conti-

564 1127 860 1185 nerentur;
917 1119 1290 1189 hujuscemodi
1354 1125 1515 1178 verba
1565 1125 1857 1180 emittunt:
1899 1146 1917 1177 ι
1968 1127 2129 1192 Dens,

562 1212 656 1277 qui
699 1216 809 1263 nam
856 1212 1036 1265 omnia
1090 1214 1276 1279 gratis,
1308 1222 1470 1281 atque
1520 1230 1581 1267 ex
1631 1216 1742 1268 snla
1804 1216 2133 1283 benignitate

562 1299 723 1353 nobis
750 1300 1178 1367 impertiebatur,
1207 1319 1311 1354 non
1341 1304 1676 1370 permisisset
1708 1322 1809 1357 nos
1844 1321 2130 1373 peccasse;

566 1391 669 1444 nisi
700 1392 924 1445 nimiam
969 1408 1124 1447 suam
1169 1410 1233 1449 ac
1260 1393 1584 1449 inrffabilem
1614 1411 1739 1465 erga
1776 1412 1875 1452 nos
1920 1412 2130 1464 curam,

563 1488 617 1531 et
649 1480 978 1548 vigilantiam
1010 1482 1061 1535 in
1090 1483 1223 1535 iram
1254 1484 1468 1537 sivisset
1507 1489 1825 1553 permutari.
1866 1505 1885 1537 ι

635 1573 810 1639 Atque
840 1573 952 1626 haec
984 1574 1165 1627 dicere
1200 1587 1253 1628 et
1283 1577 1523 1645 COgitare
1564 1587 1747 1645 posset
1780 1578 1942 1632 Israel
1976 1579 2133 1634 obse-

562 1662 789 1724 erando,
822 1678 927 1715 non
963 1662 1313 1731 aliirmando;
1351 1681 1525 1735 neque
1555 1666 1881 1735 proferendo
1912 1668 2129 1737 dogma,

562 1753 655 1807 sed
684 1754 1005 1809 concitando
1038 1755 1439 1811 miserationem
1464 1776 1477 1823 ;
1506 1773 1682 1827 neque
1711 1767 1769 1812 ut
1811 1775 1934 1813 sese
1964 1774 2130 1827 nega-

562 1848 648 1893 ret
697 1856 820 1894 esse
873 1842 1076 1908 peccati
1133 1858 1379 1908 causam,
1438 1844 1531 1898 sed
1578 1854 1634 1898 ut
1684 1845 2129 1899 lamentationem

2236 685 2343 720 των
2368 668 2621 720 ἁπάντων
2650 666 2757 719 τῶν
2783 664 2919 735 ὑπὲρ
2968 665 3145 732 λόγον,
3187 664 3283 717 καὶ
3330 662 3538 716 ἔννοιαν
3578 661 3808 731 εὐεργε-

2240 758 2392 821 σιῶν,
2456 758 2575 811 καὶρ
2597 757 2816 828 δωρεῶν
2871 754 3163 810 ἀπολαύων
3220 756 3249 808 ό
3280 755 3518 825 Ἰσραὴλ,
3580 756 3674 808 καὶ
3729 757 3812 819 ὡς

2238 851 2498 903 πάντατά
2531 850 2659 918 περὶ
2682 849 2878 911 αὐτοὺς
2904 848 2988 917 εἴη
3054 847 3189 917 πρὸς
3235 846 3298 898 τὸ
3346 844 3622 917 ἐξαίρετον
3671 847 3812 898 ἀποο

2237 940 2651 1009 κεκληρωμένα,
2680 938 2773 990 καὶ
2800 938 2860 989 ού
2888 938 3028 990 κατὰ
3057 938 3155 1007 τὴν
3181 936 3345 1005 ἄλλην
3369 936 3478 989 τῶν
3504 936 3814 1006 ἀνθρώπων

2236 1032 2493 1103 πρόνοιάν
2520 1048 2601 1095 τε,
2634 1033 2727 1083 καὶ
2768 1030 3118 1099 κηδεμονίαν,
3159 1028 3353 1099 ἀφίησι
3391 1030 3575 1097 φωνὴν
3624 1027 3809 1081 τοιαύο

2234 1139 2355 1192 την,
2395 1143 2411 1173 ι
2452 1123 2537 1183 Ὡς
2562 1124 2590 1173 ὁ
2626 1121 2799 1174 ταῦτα
2823 1122 3041 1190 προῖκα,
3070 1120 3164 1172 καὶ
3189 1119 3275 1172 διά
3309 1119 3475 1189 μόνην
3501 1118 3815 1186 ἀγαθότητα

2236 1212 2535 1283 παρασχὼν
2562 1214 2715 1281 ἡμῖν,
2739 1212 2846 1265 οὐδ’
2868 1213 2934 1265 ἂν
2968 1213 3234 1281 ἁμαρτεῖν
3268 1212 3448 1263 εἴασεν
3470 1226 3484 1239 ’
3527 1211 3575 1261 εί
3603 1210 3675 1279 μὴ
3711 1208 3816 1278 τὴν

2236 1307 2432 1376 πολλὴν
2462 1304 2647 1370 αὐτοῦ,
2680 1306 2775 1357 καὶ
2794 1305 3185 1373 ἀνεκδιήγητον
3232 1304 3361 1373 περὶ⁵
3396 1304 3545 1373 ἡμᾶς
3594 1301 3817 1371 φροντί-

2233 1401 2319 1463 δα,
2367 1400 2461 1452 καὶ
2516 1396 2847 1467 κηδεμονίαν
2888 1398 2967 1460 είς
2996 1396 3164 1468 ὀργὴν
3229 1395 3410 1465 ἀφῆκε
3466 1391 3818 1463 περιτραπῆο

2234 1508 2343 1546 ναι.
2386 1509 2403 1540 ι

2305 1582 2415 1634 Καὶ
2510 1578 2684 1632 ταῦτα
2773 1576 3140 1647 ποτνιώμενος
3230 1576 3318 1647 εἴη
3393 1576 3479 1638 ἂν,
3530 1574 3624 1627 καὶ
3712 1574 3817 1626 λέ-

2231 1688 2365 1737 γων,
2420 1669 2514 1721 καὶ
2554 1667 2932 1736 διανοούμενος
2993 1670 3021 1721 ό
3068 1666 3313 1737 Ἰσραὴλ,
3359 1665 3475 1719 ἀλλ’
3529 1667 3629 1718 οὐκ
3675 1667 3818 1718 ἀπο-

2234 1762 2560 1833 φαινόμενος
2593 1776 2607 1790 ·
2669 1760 2788 1813 ούδὲ
2838 1760 3201 1828 δογματίζων,
3256 1760 3371 1813 ἀλλ’
3419 1758 3817 1825 ὲλεεινολογού-

2238 1869 2414 1924 μενος·
2453 1853 2571 1905 οὐδὲ
2610 1853 2706 1923 τὴν
2728 1851 2905 1905 αἰτίαν
2923 1852 3016 1905 τοῦ
3036 1852 3369 1921 ἁμαρτάνειν
3418 1850 3813 1921 ἀπολυόμενος,

559 1929 784 1991 faceret,
828 1946 1092 1999 suamque
1143 1934 1490 1988 deliberatam
1534 1935 1936 2004 improbitatem
1985 1936 2130 1989 ineu-

2240 1941 2375 1993 ἀλλά
2397 1939 2761 2009 θρηνολογῶν,
2794 1941 2887 1992 καὶ
2910 1942 3011 2011 τὴν
3070 1939 3207 1991 ἰδίαν
3237 1937 3589 1990 ὲθελοκακίαν
3618 1955 3815 1990 καταιο

559 2031 723 2075 saret.
745 2020 923 2085 Quare
949 2038 1012 2075 ea
1041 2038 1257 2093 quoque
1284 2040 1405 2093 quae
1447 2035 1731 2094 paternum
1765 2026 1858 2080 Dei
1892 2042 2130 2080 amorem

558 2120 615 2165 et
641 2112 1072 2167 misericordiam
1108 2129 1322 2169 movere
1358 2126 1593 2185 possent,
1624 2116 1747 2171 aliis
1788 2118 1977 2171 attexit
2009 2132 2130 2171 ver-

559 2202 645 2256 bis
675 2218 719 2255 ει
748 2200 825 2255 Τυ
854 2211 1005 2271 pater
1032 2213 1236 2269 noster,
1260 2205 1535 2258 Abraham
1568 2206 1797 2259 nescivit
1823 2222 1924 2261 nos

558 2309 587 2346 θ
624 2294 821 2347 saeculo
851 2310 1045 2350 nomen
1087 2304 1237 2349 tuum
1272 2313 1433 2365 super
1458 2312 1556 2351 nos
1579 2297 1657 2361 δ’,
1703 2315 1722 2348 ι
1784 2306 1839 2351 et
1876 2314 2133 2367 qumcun-

559 2398 664 2450 que
703 2382 807 2437 alia
863 2384 929 2437 ad
987 2384 1382 2439 miserationem
1441 2393 1494 2440 et
1547 2386 1892 2440 clementiam
1948 2390 2131 2441 conci-

558 2473 793 2527 liandam
825 2474 1029 2542 adjecta
1056 2485 1219 2539 sunt;
1255 2486 1313 2529 ut
1341 2476 1736 2545 propemodum
1772 2478 1917 2531 dicat
1942 2496 1982 2531 ε(
2027 2478 2132 2532 Pro

557 2566 701 2633 quali
727 2566 833 2633 (hei
865 2566 1051 2632 mihi!)
1076 2567 1232 2635 cepia
1264 2566 1556 2631 donorum,
1589 2577 1643 2621 et
1673 2568 1858 2637 gloria:
1900 2585 1997 2637 per
2022 2571 2134 2623 uni-

556 2672 776 2710 versum
804 2657 989 2710 orbem
1027 2666 1349 2725 pervagata,
1386 2658 1638 2727 qualibus
1678 2660 1915 2727 peccatis
1953 2662 2131 2731 impli-

558 2755 741 2810 catus,
793 2754 847 2800 et
894 2747 1071 2801 factus
1116 2746 1503 2818 [opprobrium
1556 2755 1611 2803 et
1654 2750 2048 2823 subsannatio]
2085 2753 2131 2784 ⁸⁶

559 2838 935 2906 deprehendet
960 2842 971 2893 !
1011 2858 1029 2889 ι

627 2928 783 2996 Quod
815 2930 861 2985 si
898 2930 951 2983 in
982 2931 1115 2985 duas
1154 2944 1337 3000 partes
1390 2933 1591 3002 ubique
1636 2934 1872 3005 dispesci
1915 2938 2131 3006 conspi-

559 3024 782 3077 ciuntur
812 3018 1022 3075 Hebraei
1050 3036 1064 3073 :
1101 3023 1346 3075 nonnulli
1373 3024 1518 3077 enim
1545 3039 1734 3079 eorum
1770 3026 1998 3081 vitulum
2027 3028 2131 3083 sibi

556 3114 794 3169 conflant
829 3113 1269 3184 derelinqueutes
1300 3116 1466 3170 Deum
1496 3118 1572 3183 ⁸¹;
1609 3130 1773 3189 atque
1814 3122 1865 3174 bi
1904 3130 1958 3177 et
1986 3124 2133 3178 caede

556 3212 609 3254 et
634 3212 807 3255 morte
839 3216 1030 3270 poenas
1052 3201 1312 3258 facinoris
1339 3205 1520 3269 luunt,
1550 3205 1802 3263 Mosaica:
1827 3213 2127 3277 sententia},

555 3303 648 3346 aut
678 3294 858 3361 potius
885 3293 1034 3362 justo
1078 3293 1172 3348 Dei
1212 3294 1420 3363 judicio
1466 3298 1697 3367 subjecti
1734 3302 1779 3331 ⁵⁸
1822 3317 1835 3354 :
1884 3304 2130 3357 nonnulli

558 3393 813 3451 praeterea
868 3385 1147 3441 incensum
1183 3387 1417 3441 offerunt
1465 3388 1572 3443 Deo
1600 3431 1614 3454 ,
1648 3392 1731 3446 bis
1762 3400 1943 3446 autem
1975 3403 2133 3449 teme

561 3479 740 3532 hiatus
797 3486 1280 3548 extemporaneum
1332 3482 1465 3534 fiunt
1499 3483 1805 3551 sepulcrum
1849 3486 1923 3551 ⁸³;
1972 3502 2133 3555 porro

558 3569 851 3621 nonnullos
898 3568 1131 3624 ﬂamma!
1172 3586 1201 3625 a
1244 3571 1356 3627 Deo
1410 3574 1670 3629 immissae
1740 3576 2022 3644 devorant,
2074 3590 2134 3635 ut

557 3659 1002 3714 murmurationis
1047 3660 1253 3715 crimen
1302 3662 1639 3718 ulciscantur
1684 3664 1763 3729 ⁸δ;
1810 3666 1900 3719 alii
1943 3678 2132 3722 contra

559 3750 613 3802 in
650 3749 740 3804 Dei
774 3748 1205 3805 misericordiam
1245 3762 1300 3807 et
1331 3755 1385 3807 in
1426 3754 1622 3809 bonam
1655 3755 1865 3827 frugem
1896 3774 1955 3814 se
1996 3761 2133 3814 reci-

560 3838 792 3904 pientes,
830 3839 1166 3896 incredibilis
1212 3842 1359 3899 illius
1404 3847 1639 3914 portenti
1673 3857 2013 3915 ,spectalores
2069 3864 2132 3904 ac

562 3938 726 3982 testes
776 3927 912 3982 fiunt
967 3929 1049 3997 ³⁵;
1102 3945 1166 3987 ac
1205 3931 1420 3988 illorum
1482 3936 1699 4005 quidem
1778 3938 2016 3993 inernbra
2076 3940 2131 3994 in

558 4021 774 4075 deserto
807 4021 1026 4086 cadunt,
1062 4032 1322 4094 terraeque
1353 4028 1636 4096 promissa:
1683 4029 1995 4094 judicantur
2047 4032 2132 4085 in-

558 4113 704 4180 digni
732 4112 809 4180 ";
838 4113 891 4166 hi
920 4126 1102 4169 autem
1132 4117 1201 4171 ab
1244 4120 1733 4188 repromissionum
1786 4124 2132 4179 assecutione

561 4222 663 4259 non
696 4206 955 4261 excidunt
983 4209 1067 4273 ⁶⁷;
1119 4218 1281 4280 atque
1321 4212 1425 4267 alia
1474 4212 1762 4268 innumera
1797 4233 1809 4268 :
1844 4231 1968 4269 cum
2030 4217 2133 4271 ita-

556 4310 660 4363 que
714 4295 1009 4352 lsraelitica
1066 4302 1213 4355 natio
1271 4302 1342 4355 ita
1404 4300 1456 4356 in
1510 4303 1647 4359 duas
1704 4306 2131 4375 distingueretur

556 4398 760 4455 partes,
793 4405 1023 4458 quarum
1071 4392 1238 4447 altera
1274 4395 1677 4462 resipiscentes,
1714 4397 1884 4453 altera
1916 4415 2131 4468 perver-

556 4494 649 4533 sus
678 4480 1093 4549 complectitur;
1128 4482 1287 4539 nihil-5
1304 4484 1570 4552 prohibet,
1604 4488 1900 4554 quominus
1935 4491 2129 4558 resipi-

2234 2028 2513 2097 τιώμενος.
2545 2028 2635 2079 Διὸ
2679 2027 2793 2089 καὶ,
2826 2025 2861 2079 ἃ
2894 2025 3147 2096 στοργὴν,
3211 2028 3306 2079 καὶ
3332 2025 3478 2077 ἔλεον
3534 2026 3816 2077 ἀνακινεῖν

2232 2112 2361 2176 οἶδε,
2388 2116 2500 2176 τοῖς
2537 2114 2717 2176 ἄλλοις
2749 2114 3027 2166 διαπλέκει
3052 2114 3310 2183 ῥήμασιν·
3346 2130 3364 2163 ι
3408 2111 3595 2183 Πατὴρ
3652 2113 3816 2180 ἡμῶν

2234 2200 2282 2255 εἶ
2309 2202 2393 2255 σύ·
2436 2200 2685 2271 Ἀϐραὰμ
2743 2201 2844 2252 οὐκ
2899 2200 3043 2268 ἔγνω
3094 2200 3331 2268 ὴμᾶς....
3385 2198 3481 2251 ἀπ’
3520 2200 3697 2270 ἀρχῆς
3749 2198 3816 2251 τὸ

2233 2295 2402 2364 ὄνομά
2435 2310 2527 2346 σου
2561 2295 2646 2362 ἐφ’
2676 2294 2839 2362 ἡμᾶς·
2871 2310 2890 2342 ι
2922 2292 3013 2344 καὶ
3035 2292 3134 2343 ὅσα
3166 2291 3299 2344 ἄλλα
3331 2292 3644 2362 συνείρηται
3670 2309 3815 2360 συμ-

2234 2386 2485 2448 πάθειαν,
2510 2385 2604 2437 καὶ
2635 2384 2919 2452 εὐμένειαν
2976 2382 3154 2436 ἕλκειν
3182 2382 3472 2452 δυνάμενα,
3523 2384 3815 2452 μονονουχὶ

2216 2475 2425 2542 λέγων·
2466 2493 2485 2525 ι
2534 2474 2623 2536 Ὠς
2649 2472 2766 2525 ἀνθ’
2819 2473 2932 2525 οἴου
2964 2473 3194 2525 πλούτου
3224 2473 3463 2542 δωρεῶν,
3491 2474 3545 2525 οῐ
3570 2490 3679 2542 μοι,
3716 2474 3812 2525 καὶ

2233 2567 2390 2636 δόξης
2410 2568 2489 2628 είς
2516 2565 2612 2635 τὴν
2642 2565 2962 2634 οἰκουμένην
3008 2564 3411 2634 διαϐοηθείσης,
3452 2566 3585 2628 οἵοις
3628 2566 3815 2635 ἀμαρ-

2232 2662 2465 2730 τήμασιν
2490 2658 2764 2722 ἑαλωκὼς,
2802 2660 2895 2711 καὶ
2932 2658 3155 2725 ὄνειδος,
3186 2661 3279 2713 καὶ
3311 2659 3687 2731 μυκτηρισμὸς
3714 2675 3812 2727 γε-

2232 2748 2403 2819 γονὼς
2433 2747 2806 2818 ἐξελέγχομαι.
2838 2766 2858 2798 ι

2306 2930 2369 2984 Εἰ
2393 2930 2447 2984 δὲ
2476 2930 2567 2984 καὶ
2598 2928 2733 2999 πρὸς
2755 2927 2947 2999 διπλῆν
2969 2931 3163 2999 μοῖραν
3196 2925 3471 2997 πανταχοῦ
3505 2926 3811 2995 καθορᾶται

2236 3022 2590 3093 μεριζόμενος
2620 3024 2647 3074 ὁ
2688 3020 2923 3091 Ἰσραήλ·
2960 3021 3011 3072 oi
3039 3021 3133 3089 μὲν
3160 3020 3267 3089 γὰρ
3292 3019 3471 3073 αὐτῶν
3518 3035 3813 3089 μοσχοποι-

2232 3113 2383 3167 οὖσιν
2408 3111 2978 3181 ὲγκαταλιμπάνοντες
2998 3110 3129 3163 Θεόν
3158 3127 3170 3141 ·
3200 3112 3250 3163 οί
3277 3110 3332 3161 δὲ
3366 3110 3532 3179 φόνῳ,
3582 3108 3678 3162 καὶ
3720 3108 3816 3161 θα-

2234 3206 2377 3275 νάτῳ
2428 3205 2527 3275 τὴν
2585 3203 2787 3273 τόλμαν
2852 3202 3150 3266 δικάζουσι,
3202 3204 3268 3271 τῇ
3306 3202 3573 3269 Μωσαῖκῇ
3621 3200 3810 3269 ψήφῳ,

2239 3298 2439 3369 μᾶλλον
2467 3297 2525 3350 δὲ
2556 3299 2621 3367 τῇ
2644 3296 2738 3348 τοῦ
2761 3294 2896 3347 Θεοῦ
2921 3294 3288 3367 δικαιοκρισίᾳ
3333 3292 3769 3362 ύπηρετούμενοι
3795 3307 3811 3321 ⁸

2235 3391 2330 3444 καὶ
2362 3389 2410 3442 οἱ
2452 3388 2551 3458 μὲν
2608 3386 2947 3457 ἱερατεύουσι
2993 3386 3069 3455 τῷ
3135 3385 3278 3455 Θεῷ,
3304 3388 3415 3448 τοῖς
3459 3385 3513 3437 δὲ
3551 3386 3813 3455 χάσματα

2236 3482 2342 3550 γῆς
2374 3478 2718 3547 αὐτοσχέδιος
2744 3478 2915 3545 τάφος
2938 3477 3144 3545 γίνεται
3172 3491 3184 3504 ·
3222 3477 3313 3529 καὶ
3336 3477 3459 3537 τοὺς
3489 3476 3585 3544 μὲν
3613 3475 3812 3543 φλόγες

2237 3570 2486 3639 θεήλατοι
2535 3570 2933 3635 κατανέμονται
2976 3568 3070 3620 τοῦ
3115 3566 3431 3635 γογγυσμοῦ
3483 3565 3639 3627 δίκας
3697 3567 3810 3617 εἰσ-

2236 3660 2610 3733 πραττόμεναι
2633 3676 2647 3689 ·
2683 3660 2732 3711 οἱ
2755 3659 2811 3711 δὲ
2836 3659 2973 3728 πρὸς
3005 3658 3096 3710 τὸν
3126 3657 3297 3719 ἔλεον,
3343 3658 3436 3710 καὶ
3482 3657 3580 3725 τὴν
3606 3657 3813 3723 εὐγνω-

2238 3749 2477 3821 μοσύνην
2503 3748 2961 3817 καταφεύγοντες,
2995 3748 3204 3812 θεαταὶ,
3257 3749 3351 3799 καὶ⁵
3392 3747 3668 3817 μάρτυρες
3720 3746 3812 3799 τοῦ

2234 3856 2538 3926 παραδόξου
2571 3856 2842 3925 θεάματος
2868 3854 3108 3923 γίνονται
3138 3869 3153 3884 ·
3196 3853 3289 3905 καὶ
3325 3852 3431 3905 τῶν
3461 3852 3560 3922 μὲν
3602 3853 3672 3905 τὰ
3707 3851 3813 3904 κῶ-

2234 3948 2302 4002 λα
2350 3950 2407 4001 ὲν
2468 3948 2661 4017 ἐρήμῳ
2706 3946 2915 4011 πίπτει,
2948 3948 3041 3997 καὶ
3086 3945 3185 4013 τῆς
3237 3944 3656 4014 ἐπηγγελμένης
3710 3944 3814 4011 γῆς

2233 4038 2444 4103 ἀνάξιοι
2472 4036 2749 4106 κρίνονται
2782 4050 2797 4065 ’
2828 4037 2875 4088 οί
2903 4035 2959 4087 δὲ
2980 4035 3087 4087 τῶν
3112 4034 3452 4101 ἐπαγγελιῶν
3520 4034 3618 4085 οὐκ
3653 4032 3811 4086 ἐκπί-

2236 4145 2427 4181 πτουσι
2448 4144 2460 4156 ·
2496 4128 2590 4180 καὶ
2620 4126 2789 4196 μυρία
2818 4126 2953 4179 ἄλλα
2982 4142 2994 4156 ·
3027 4126 3201 4189 οὕτως
3236 4122 3327 4179 οὖν
3358 4129 3435 4187 είς
3464 4125 3557 4177 δύο
3591 4126 3808 4195 μοίρας,

2234 4220 2315 4283 εἷς
2353 4236 2409 4272 τε
2445 4219 2541 4288 τὴν
2575 4218 2917 4288 εὐγνώμονα,
2951 4219 3045 4271 καὶ
3094 4218 3404 4288 ἀγνώμονα,
3442 4217 3543 4286 τῆς
3598 4218 3810 4287 Ἰσραη-

2233 4311 2427 4374 λίτιδος
2450 4310 2623 4379 φυλῆς
2657 4310 3065 4381 διαιρουμένης,
3094 4312 3243 4364 οὐδὲν
3275 4311 3472 4363 κωλύει
3501 4310 3681 4377 λέγειν
3704 4309 3808 4361 τῶν

2238 4404 2336 4473 μὲν
2367 4403 2726 4472 εὐγνωμόνων
2776 4404 3138 4474 διανοήματα,
3173 4404 3266 4457 καὶ
3328 4405 3617 4474 ὁμολογίας
3672 4401 3807 4456 εἶναι

2233 4496 2326 4549 τόν
2368 4513 2385 4546 ι
2424 4495 2879 4565 Πώλὴὴάνομία
2923 4498 3079 4565 ἡμῶν
3132 4498 3372 4551 ἐναντίον
3407 4515 3501 4550 σου
3528 4512 3542 4528 ’
3594 4498 3689 4550 καὶ
3755 4495 3808 4547 αἱ

554 4569 820 4623 scentium
851 4572 1206 4640 cogitationes
1231 4574 1714 4645 confessionesque
1741 4577 1987 4633 dicamus
2004 4596 2124 4635 esse

2234 4588 2492 4657 ἁμαρτίαι
2521 4589 2676 4657 ήμῶν
2715 4590 3052 4659 ἀντέστησαν
3082 4592 3210 4659 ἡμῖν
3237 4607 3249 4620 ·
3279 4591 3374 4644 καὶ
3392 4592 3473 4643 ὅτι
3506 4592 3561 4644 αἱ
3588 4590 3806 4658 ἀνομίαι

553 4662 683 4716 illud
717 4681 730 4717 :
758 4682 776 4715 ι
814 4662 1184 4735 Multiplicata:
1212 4675 1339 4722 sunt
1370 4668 1685 4738 iniquitates
1715 4680 1915 4725 nostra:
1940 4688 2123 4729 coram

550 4763 622 4817 te,
676 4764 730 4808 et
784 4766 1003 4823 peccata
1062 4765 1250 4810 nostra
1302 4760 1698 4826 responderunt
1759 4762 1938 4827 nobis,
1998 4764 2127 4833 quia

549 4846 757 4899 scelera
812 4856 1003 4901 nostra
1054 4848 1379 4911 nobiseum,
1434 4860 1486 4901 ct
1538 4850 1857 4919 iniquitates
1911 4866 2127 4910 nostras

548 4935 930 5005 cognovimus;
991 4952 1239 5007 peccare,
1299 4946 1353 4991 et
1408 4940 1621 4992 mentiri
1838 4951 1892 4996 et
1950 4946 2125 5000 aversi

549 5042 761 5091 sumus,
810 5044 879 5083 ne
919 5029 1124 5084 iremus
1152 5037 1275 5098 p05t
1307 5038 1515 5100 tergum
1553 5030 1647 5085 Dei
1693 5035 1866 5088 nostri
1909 5036 1990 5101 ‘3;
2020 5056 2039 5088 ι
2075 5045 2129 5091 et

549 5134 889 5188 quaecunque
941 5120 1046 5175 alia
1101 5122 1167 5174 ad
1217 5122 1463 5176 eamdem
1491 5116 1927 5192 fconfessibnem,
1981 5143 2129 5182 com-

550 5211 1008 5281 punctiouemque
1059 5212 1333 5283 pertinent
1382 5230 1394 5265 :
1460 5216 1920 5272 murmurantium
1972 5235 2124 5284 vero,

618 5324 661 5355 ¹⁴⁸
696 5322 865 5377 Exod.
901 5342 1027 5386 xvn,
1054 5325 1123 5388 6;
1168 5325 1327 5380 Num.
1352 5343 1443 5391 xx,
1489 5329 1572 5382 Η.

556 5394 570 5441 l
605 5408 784 5467 scqq§_
823 5394 887 5467 β’
916 5395 1043 5467 ibid.
1080 5396 1150 5449 25
1178 5413 1336 5467 seqq.

552 5478 663 5529 svi].
739 5463 784 5493 ⁵⁷
822 5464 950 5521 ibid.
978 5466 1066 5519 50.
1144 5463 1194 5497 δέ
1220 5463 1320 5521 ts'u'.
1355 5484 1466 5534 ιιι,
1509 5469 1576 5521 12
1611 5484 1766 5541 seqq.

1649 5330 1695 5361 "
1730 5330 2021 5407 Eanum,
2076 5336 2141 5390 16
2172 5353 2285 5406 seq.
2364 5339 2409 5369 ⁵⁰
2444 5336 2589 5393 Psal.
2622 5354 2775 5402 mn,
2808 5340 2909 5406 l4;
2942 5356 3169 5404 Lxxvm,
3194 5340 3249 5394 4.
3323 5342 3365 5372 ⁸¹
3406 5341 3577 5395 Exod.
3636 5350 3751 5407 xxxi

1413 5399 1458 5429 ⁸³
1496 5397 1657 5483 trium.
1692 5416 1803 5466 xvr,
1834 5401 1867 5454 6
1896 5420 2048 5474 seqq.
2109 5408 2130 5436 "

2234 5397 2314 5462 id.
2341 5408 2411 5461 ’25
2449 5423 2605 5479 seqq.
2646 5411 2691 5442 ⁵⁸
2722 5397 2908 5466 [ζωαί
2933 5427 3009 5477 xi,
3048 5412 3105 5465 ll
3145 5397 3305 5483 seqq.
3342 5413 3388 5444 ⁸⁸
3414 5412 3577 5465 Num.
3608 5422 3717 5473 xw,
3739 5402 3803 5457 28

2233 4680 2393 4750 ήμῶν
2429 4681 2661 4750 ὲνήμῖν,
2695 4682 2789 4733 καὶ
2845 4682 2915 4734 τὰ
2957 4682 3270 4752 ἀδικήματα
3329 4684 3483 4752 ἡμῶν
3538 4684 3804 4751 ἔγνωμεν

2240 4770 2615 4841 ἡσεϐήσαμεν,
2645 4772 2740 4823 καὶ
2767 4771 3143 4842 ὲψευσάμσθα.
3173 4812 3188 4827 .
3232 4814 3244 4827 .
3283 4812 3297 4826 .
3356 4774 3451 4827 καὶ
3494 4774 3807 4842 ἀπέστημεν

2233 4862 2341 4915 ἀπὸ
2374 4861 2597 4915 ὄπισθεν
2636 4860 2730 4913 τοῦ
2780 4862 2915 4916 Θεοῦ
2949 4862 3110 4933 ἡμῶν
3148 4877 3162 4891 ⁸
3225 4882 3243 4914 ›
3278 4864 3373 4918 καὶ
3399 4864 3499 4917 ὅσα
3525 4862 3662 4918 ἄλλα
3714 4861 3806 4927 τῆς

2234 4952 2404 5021 αὐτῆς
2433 4951 2812 5021 ὁμολογήσεως
2851 4953 3108 5023 ὑπάρχει,
3141 4954 3235 5006 κα)⁸
3278 4950 3653 5016 κατανύξεως·
3702 4949 3805 5001 τῶν

2231 5042 2289 5095 δὲ
2313 5041 2653 5111 γογγυστῶν,
2684 5043 2780 5096 καί⁸
2807 5044 3137 5113 ἀχαρίστων,
3171 5046 3264 5096 καὶ
3319 5044 3654 5113 ἀγνωμόνων
3687 5042 3805 5094 δυσ-

2235 5132 2445 5202 φημίας
2478 5129 2618 5185 εῖναι
2656 5123 2735 5186 τό·
2774 5152 2793 5185 ι
2841 5136 2970 5188 Ἰδοὺ
2997 5134 3296 5204 ὠργίσθης,
3321 5136 3417 5187 καὶ
3448 5136 3607 5204 ἡμεῖς
3634 5131 3806 5202 ἡμάρ-

2232 5240 2398 5293 τομεν
2425 5239 2439 5255 ·
2481 5242 2500 5275 ι
2527 5226 2575 5276 εί
2599 5224 2777 5293 βούλει
2806 5224 2886 5290 δὲ,
2923 5226 3017 5280 καὶ
3049 5226 3109 5278 τό
3138 5243 3149 5257 ·
3182 5243 3200 5276 ι
3230 5212 3296 5277 Τί
3330 5225 3640 5295 ὲπλάνησας
3667 5220 3806 5292 ἡμᾶς

2364 5339 2409 5369 ⁵⁰
2444 5336 2589 5393 Psal.
2622 5354 2775 5402 mn,
2808 5340 2909 5406 l4;
2942 5356 3169 5404 Lxxvm,
3194 5340 3249 5394 4.
3323 5342 3365 5372 ⁸¹
3406 5341 3577 5395 Exod.
3636 5347 3799 5406 xxxii,

2089 5590 2322 5646 NOTAﬁ.

767 5708 1498 5797 lloc‘ad‘cosnrcferendum
1552 5733 1700 5797 puto,
1737 5724 1830 5793 qui
1878 5728 2120 5797 singulis

553 5781 734 5911 populi
785 5784 1230 5859 castigationibus
1268 5781 1586 5861 superstites
1637 5781 1706 5846 ob
1746 5781 2120 5862 pwniten‘t’iam

579 5858 791 5903 uerunt.
851 5849 1114 5907 Nimirum
1166 5856 1217 5909 ill
1289 5860 1462 5911 prima
1502 5876 1718 5911 quoque
1767 5863 2118 5911 Heitt'mnrnm

579 5858 791 5903 uerunt.
851 5849 1114 5907 Nimirum
1166 5856 1217 5909 in
1288 5849 1462 5926 prima
1502 5849 2120 5932 quoque'Hebrzeorrum

2225 5732 2382 5853 gliaga
2413 5732 2728 5804 bujusmodi
2760 5734 2906 5792 viros
2934 5735 3104 5792 fuisse
3136 5746 3374 5795 constat.
3423 5736 3593 5794 Exod.
3632 5749 3792 5801 xxxii,
