4084 6436
351 426 450 491 301

1313 438 1413 498 ΑΒ
1442 440 2041 509 AMPHILOCHIUM
2092 449 2439 517 QUIESTIO
2474 455 2696 522 XLIII.

3525 457 3632 525 302

349 543 458 594 ἀπὸ
494 543 595 612 τῆς
619 540 741 596 ὁδοῦ
768 558 885 610 σου,
911 541 1006 600 καὶ
1027 543 1194 616 ισκλή
1206 562 1370 617 ρυνας
1395 538 1496 612 τὰς
1519 551 1746 622 καρδίας
1767 553 1927 622 ήμῶν

2037 557 2524 632 ingratorumque,
2565 581 2631 621 ac
2690 568 3008 624 vecordium
3070 569 3442 641 blasphemias
3503 585 3628 628 esse

347 636 445 686 τοῦ
497 633 573 705 μὴ
625 634 909 704 φοϐεῖσθαί
994 652 1091 702 σε;
1151 653 1171 688 ι
1241 637 1337 700 καὶ
1415 639 1515 692 ὅσα
1589 642 1690 710 τῆς
1755 642 1929 713 αὐτῆς

351 724 792 795 ἀπονενοημένης
848 725 1074 797 γνώμης
1131 727 1251 781 ἐστὶ
1284 728 1511 784 τοιαῦτα
1550 729 1929 803 βλαστήματα.

357 817 488 871 rasti
565 832 661 871 cor
704 828 976 887 nostrum,
1023 833 1094 875 ne
1145 821 1466 878 timeremus
1521 830 1575 878 te
1626 825 1710 878 "1'
1743 845 1763 878 ι
1808 833 1972 897 atque

353 921 669 982 erumpunt.

420 1007 481 1058 Et
499 1007 607 1076 γὰρ
632 1008 724 1059 καὶ
740 1007 950 1077 ἑτέροις
970 1007 1150 1077 λόγοις
1165 1008 1232 1062 τὰ
1253 1008 1480 1080 ὕστερον
1498 1013 1767 1084 εἰρημένα
1790 1015 1932 1070 διαι-

350 1096 568 1156 τᾶσθαι,
596 1098 697 1150 ’καὶ
719 1098 1080 1152 καθίστασθαι
1107 1099 1332 1154 δύναται
1353 1103 1489 1172 πρὸς
1515 1104 1607 1156 τὸν
1627 1106 1817 1174 εἱρμὸν
1837 1108 1937 1178 τῆς

349 1187 789 1252 ἀκολουθίας,καὶ
820 1190 881 1244 τὸ
903 1191 1002 1260 τῆς
1033 1193 1520 1259 συγκατανεύσεως
1548 1197 1931 1252 ἀστασίαστον

2037 648 2162 714 hoc,
2196 665 2323 706 ecce
2363 672 2381 705 ι
2412 653 2587 713 Iratus
2618 672 2700 724 es,
2740 668 2794 715 et
2833 676 2934 716 nos
2973 663 3346 732 peccavimus;
3388 683 3407 716 ι
3436 663 3548 719 imo
3575 675 3630 720 et

2038 737 2142 792 hoc
2177 755 2191 791 :
2232 759 2250 791 ι
2283 741 2466 807 Quare
2495 761 2680 802 errare
2708 763 2808 803 nos
2852 747 3028 804 fecisti
3063 753 3128 806 de
3169 752 3271 808 viis
3302 753 3433 817 tuis,
3464 751 3626 808 indu-

2042 829 2147 886 alia
2209 833 2550 903 hujusmodi,
2597 855 2720 910 quae
2775 856 2843 896 ex
2891 843 3082 898 eadem
3153 845 3324 900 animi
3383 846 3629 903 cacitate

2106 1015 2223 1071 Etsi
2260 1018 2406 1073 enim
2459 1021 2624 1077 verba
2661 1023 2848 1081 isthaec
2889 1026 3010 1082 aliis
3040 1043 3257 1098 quoque
3299 1029 3628 1100 interpreta-

2036 1109 2279 1165 tionibus
2313 1113 2620 1180 conciliari,
2661 1125 2714 1169 et
2747 1118 2814 1172 ad
2861 1120 3216 1174 consentanei
3265 1136 3460 1177 sensus
3501 1136 3626 1176 COII-

2037 1202 2363 1270 nexionem,
2418 1209 2953 1281 consensionemque
3011 1212 3399 1267 inconcussam
3451 1215 3624 1280 redigi

348 1279 464 1332 ἀλλ’
497 1276 592 1334 οὖν
626 1284 720 1336 καὶ
758 1285 786 1336 ὁ
821 1282 1008 1352 ῥηθεὶς
1037 1284 1252 1354 τρόπος,
1281 1285 1464 1348 ἱκανός
1509 1289 1625 1342 ἐστι
1661 1290 1761 1359 τὴν
1823 1292 1933 1345 τῶν

2037 1306 2289 1360 possunt;
2319 1298 2609 1364 praedictus
2641 1309 2821 1356 tamen
2869 1304 3060 1357 modus
3095 1303 3292 1358 sutIicit
3344 1304 3409 1357 ad
3445 1303 3627 1356 discu-

349 1371 630 1440 λογισμῶν
680 1374 849 1442 ἀχλὺν
884 1373 1271 1440 ἀποσκεδάσαι,
1327 1376 1511 1430 καὶτὸ
1559 1379 1658 1448 τῆς
1693 1379 1933 1449 ἀμφιδο-

349 1461 472 1524 λίας
545 1463 705 1533 νέφος
763 1463 1140 1520 διαλύσασθαι.
1202 1466 1312 1519 Καὶ
1357 1467 1457 1521 οὐκ
1515 1467 1664 1521 ἔστιν
1723 1470 1932 1524 ἐνδοια-

348 1553 575 1623 ζόμενον
656 1556 753 1625 τῆς
831 1555 1147 1625 ἀγνώμονος
1228 1553 1368 1611 εἶναι
1456 1559 1756 1624 διαθέσεως
1837 1563 1935 1632 τῆς

348 1644 664 1715 δυσφημίας
710 1647 778 1700 τὰ
823 1649 1064 1717 ῥήματα.
1119 1649 1404 1703 Είωθότων
1453 1651 1562 1722 γὰρ
1607 1653 1751 1706 κατὰ
1773 1653 1932 1718 Θεοῦ,

348 1738 443 1787 καὶ
465 1737 605 1788 κατὰ
629 1735 912 1790 τῶναύτοῦ
943 1737 1292 1807 θεραπόντων
1326 1738 1642 1809 γογγύζειν,
1676 1743 1772 1796 καὶ
1794 1759 1934 1796 κατ-

2042 1383 2286 1437 tiendam
2354 1389 2836 1446 ratiocinationum
2917 1394 3242 1464 caliginem,
3309 1404 3363 1449 et
3426 1394 3626 1447 nubem

2036 1477 2419 1546 ambiguitatis
2451 1481 2880 1538 dissolvendam.
2913 1487 3097 1556 Neque
3135 1487 3186 1540 in
3223 1488 3447 1541 dubium
3481 1500 3629 1538 revo-

2035 1577 2214 1640 catur,
2277 1571 2408 1636 quin
2467 1573 2532 1626 ad
2591 1577 2875 1630 vecordem
2955 1577 3309 1632 I-Iebrzeorum
3376 1578 3622 1630 animum

2034 1657 2388 1728 blasphemiae
2434 1664 2595 1719 verba
2643 1668 2972 1734 pertineant.
3022 1670 3160 1724 Cum
3223 1670 3367 1722 enim
3429 1669 3486 1733 ii,
3530 1669 3624 1736 qui

2033 1751 2388 1818 vecordium,
2435 1754 2865 1824 obduratorum,
2922 1769 3085 1828 alque
3144 1759 3624 1813 inemendabilium

349 1825 736 1890 εξανίστασθαι
771 1826 878 1879 τῶν
931 1827 1400 1897 συμπληρούντων
1469 1829 1568 1901 τὴν
1616 1831 1930 1902 ἀγνώμονα,

2037 1839 2323 1894 hominum
2391 1855 2603 1911 partem
2661 1849 3099 1915 constituebant,
3149 1860 3339 1918 contra
3417 1849 3624 1915 Deum,

348 1917 448 1971 καὶ⁷
508 1919 948 1988 πεπωρωμένην,
980 1921 1074 1974 καὶ
1113 1920 1488 1990 ἀθεράπευτον
1515 1925 1712 1990 μοῖραν
1750 1941 1763 1954 ·
1799 1925 1934 1978 ἀκό-
1968 1991 1972 1995 _

348 2004 539 2065 λουθὸς
573 2006 720 2057 ἐστιν
741 2005 922 2066 αὐτοῖς
939 2006 1032 2058 καὶ
1063 2007 1287 2076 μελέτη,
1323 2006 1559 2077 μάλιστα
1593 2010 1804 2064 καὶτῶν
1833 2029 1936 2064 κα-

350 2093 466 2146 κῶν
497 2093 753 2146 ἁπάντων
783 2094 902 2146 ἀντὶ
924 2094 1020 2147 τοῦ
1041 2095 1269 2158 ἑαυτοὺς
1298 2095 1507 2160 αίτίους
1549 2098 1823 2169 νομίζειν,
1855 2103 1935 2164 εἰς

351 2186 454 2255 τὴν
478 2186 573 2256 τῆς
605 2186 882 2256 σωτηρίας
912 2188 1131 2256 ἁπάσης
1156 2189 1362 2260 πηγὴν,
1391 2190 1616 2245 καὶτῶν
1641 2191 1822 2248 καλῶν
1849 2193 1935 2248 αῖ-

352 2293 468 2329 τιον
491 2277 586 2340 τὰς
616 2277 792 2340 αἰτίας
817 2278 1131 2349 ἀναφέρειν.

440 2367 576 2419 Ἀλλ’
607 2368 823 2439 εἴρηται
857 2371 976 2441 μὲν,
1003 2372 1103 2425 ὅσα
1136 2373 1351 2446 εἴρηται
1377 2391 1393 2406 ·
1424 2378 1538 2440 τοῖς
1574 2376 1632 2430 δὲ
1659 2377 1758 2448 τὴν
1802 2395 1925 2447 κρι-

351 2459 512 2529 τικὴν
531 2459 642 2523 ἕξιν
669 2463 736 2532 τῇ
767 2461 860 2515 τοῦ
897 2463 1166 2532 παναγίου
1204 2466 1528 2536 Πνεύματος
1557 2467 1786 2538 δυνάμει
1831 2486 1933 2539 χα-

353 2550 661 2619 ριτωθεῖσιν
685 2553 1051 2624 ὑπεξίσταμαι
1073 2557 1410 2629 διαιτᾷν,καὶ
1437 2561 1506 2614 τὰ
1537 2561 1768 2630 κρείττω
1797 2562 1933 2631 μᾶλ-

351 2642 446 2695 λον
475 2643 581 2696 τῶν
643 2644 818 2699 ἄλλων
883 2648 1264 2719 ἀποδέχεσθαι.
1327 2652 1420 2704 καὶ
1468 2652 1750 2722 στέργειν.
1813 2654 1934 2706 Ἐπὶ

349 2735 500 2787 τέλει
529 2736 585 2788 δέ
623 2754 712 2806 μοι
737 2739 832 2792 τοῦ
867 2739 1027 2807 λόγου
1064 2743 1354 2812 περιῆλθεν
1385 2746 1418 2814 ἠ
1476 2746 1668 2814 μνήμη
1687 2746 1788 2816 τῆς
1838 2745 1933 2798 τοῦ

351 2829 651 2899 Συμμάχου
688 2831 1125 2903 ὲκδόσεως,,ἦτις
1153 2836 1201 2887 εἰ
1226 2834 1344 2887 κατ’
1369 2835 1545 2910 ἀρχὰς
1577 2837 1809 2906 ἐπέστη,
1833 2837 1933 2890 οὑκ

349 2918 423 2972 ἂν
445 2921 717 2974 τοσούτων
762 2922 1190 2993 ἐνθυμημάτων,
1252 2925 1373 2979 οὐδὲ
1449 2927 1933 2996 περινενοημένων

352 3006 732 3078 θεωρημάτων
786 3011 924 3080 πρὸς
951 3013 1048 3082 τὴν
1089 3011 1242 3065 λύσιν
1290 3012 1612 3084 ἐδεήθημεν.
1668 3015 1776 3067 Καὶ
1825 3014 1934 3086 γὰρ

353 3102 562 3162 ἐκεῖνος
613 3101 674 3153 τὸ
719 3103 884 3172 ῥητὸν
943 3103 1120 3166 οὕτως
1169 3104 1486 3168 ἐκδέδωκεν,
1555 3124 1574 3157 ι
1645 3107 1933 3177 Ὠργίσθης

355 3191 513 3260 ἡμῶν
534 3170 926 3263 ἁμαρτόντων·
985 3213 1005 3248 ο
1053 3196 1191 3266 ὅπερ
1243 3196 1395 3249 οὐδὲν
1445 3170 1765 3265 ἀμφίϐολον,
1810 3170 2001 3254 ooééC

359 3301 479 3337 τινα
508 3286 806 3356 παρέχεται
847 3286 1075 3358 ζήτησιν
1109 3303 1122 3315 ·
1155 3289 1396 3356 φανερὰν
1426 3289 1502 3354 δὲ,
1557 3290 1652 3342 καὶ
1701 3293 1935 3363 κρείττω

355 3379 760 3454 προτίθησιν,ἢ
806 3382 1209 3456 διαπορεῖσθαι,
1261 3389 1376 3456 ⁵τὴν
1429 3387 1690 3444 διάνοιαν.
1747 3389 1934 3457 ’Ίσμεν

355 3473 486 3542 γὰρ,
529 3473 686 3545 ἴσμεν
716 3477 904 3545 σαφῶς
938 3477 1052 3548 (57)
1075 3479 1316 3542 ἅπαντες
1355 3479 1418 3531 τὸ
1463 3479 1618 3532 Θεῖον
1677 3479 1772 3532 ἐπὶ
1816 3483 1937 3544 ταῖς

355 3565 654 3635 ἁμαρτίαις
708 3569 866 3638 ἡμῶν
917 3569 1290 3641 ὀργιζόμενον.
1342 3572 1463 3624 ,υύκ
1497 3570 1692 3640 ἄδηλον
1747 3572 1824 3636 δὲ,
1857 3573 1936 3625 ὅτι

357 3654 434 3724 μὴ
473 3658 631 3726 μόνον
664 3659 802 3730 αὑτὴ
823 3661 945 3715 καθ’
975 3663 1175 3732 ἑαυτὴν
1210 3666 1242 3732 ἡ
1277 3663 1504 3733 τοιαύτη
1549 3663 1795 3726 Ἐκδοσις
1825 3664 1938 3716 δια-

353 3743 501 3798 λύειν
525 3748 674 3800 ἐστὶν
699 3749 858 3820 ἱκανὴ
883 3753 944 3804 τὸ
965 3752 1230 3822 ἁπόρημα
1249 3769 1262 3783 '
1297 3751 1433 3805 ἀλλὰ
1459 3753 1555 3806 καὶ
1577 3753 1658 3806 ὅτι
1686 3754 1784 3806 οὐκ
1827 3753 1936 3806 ὀλί-

353 3853 456 3903 γας
479 3838 586 3891 τῶν
609 3843 1024 3913 προειρημένων
1050 3843 1351 3897 ὲπιλύσεων
1383 3843 1731 3915 βεϐαιοτέρας
1781 3846 1937 3914 μᾶλο-

353 3929 444 3981 λον
468 3930 760 3998 ἀποφαίνει
790 3951 802 3964 ·
844 3934 963 3988 οὐδὲ
990 3937 1128 4006 πρὸς
1173 3934 1272 3999 τὰς
1311 3935 1505 3998 λοιπὰς
1539 3936 1932 4008 διαφερομένη,

353 4019 470 4072 ἀλλ’
536 4022 633 4076 ἐπὶ
688 4023 788 4095 τῆς
876 4025 1011 4090 ἰδίας
1091 4027 1280 4098 χρείας
1351 4025 1631 4097 διαμένειν
1712 4027 1933 4081 ἀπολεί-

354 4126 555 4165 πουσα.

887 4208 1224 4261 ΕΡΩἸἨΣΙΣ
1247 4207 1380 4261 MI".

2037 1931 2265 1999 ejusque
2315 1933 2594 1990 ministros
2670 1953 3036 1998 murmurare.
3105 1949 3270 2008 atque
3341 1941 3626 2010 insurgere

2036 2017 2184 2071 soliti
2234 2018 2477 2087 fuerint;
2539 2035 2909 2078 consentanea
2964 2027 3131 2079 etiam
3181 2027 3314 2096 ipsis
3369 2041 3434 2082 ea
3491 2044 3625 2081 cura

2036 2119 2140 2174 est,
2171 2120 2300 2167 utet
2349 2118 2620 2186 praecipue
2673 2119 2940 2173 malorum
2973 2121 3244 2183 omnium,
3293 2137 3392 2188 pro
3444 2137 3508 2175 eo
3560 2137 3626 2176 ac

2036 2215 2157 2256 sese
2185 2217 2434 2261 auctores
2463 2210 2817 2276 arbitrentur,
2871 2226 3068 2266 causas
3131 2211 3182 2264 in
3233 2211 3398 2267 totius
3425 2213 3621 2275 salutis

2036 2290 2268 2360 fontem,
2295 2298 2673 2367 originemque
2705 2302 2974 2355 bonorum
3003 2302 3356 2356 transferant.

2103 2383 2170 2436 At
2198 2398 2299 2452 ego
2331 2388 2549 2455 quidem
2577 2390 2709 2451 dixi,
2759 2406 2880 2459 quae
2924 2390 3035 2444 dixi
3072 2409 3084 2444 :
3144 2389 3269 2446 Hmc
3303 2401 3483 2446 autem
3528 2391 3620 2456 iis,

2035 2473 2128 2548 qui
2158 2485 2276 2530 arte
2306 2479 2495 2534 critica
2527 2496 2619 2549 per
2647 2479 2882 2550 Spiritus
2912 2482 3087 2536 sancti
3121 2483 3375 2537 virtutem
3406 2483 3620 2552 praediti

2036 2581 2184 2637 sunt,
2236 2572 2412 2637 trado,
2460 2582 2517 2626 ut
2565 2574 2879 2638 concilient,
2929 2583 2982 2628 et
3031 2589 3152 2641 qua:
3205 2575 3429 2630 meliora
3469 2584 3620 2637 sunt,

2034 2679 2147 2734 pra:
2179 2665 2391 2719 caeteris
2436 2664 2832 2732 amplectantur
2875 2681 2939 2720 ac
2988 2667 3240 2734 probent.
3289 2665 3461 2720 Porro
3491 2669 3620 2720 dum

2037 2753 2285 2808 diatribae
2315 2754 2476 2808 tinem
2511 2753 2882 2823 imponebam,
2920 2757 3067 2810 venit
3119 2756 3250 2809 IIlIhI
3295 2756 3347 2809 in
3385 2766 3619 2810 mentem

2039 2844 2356 2914 Symmachi
2413 2847 2625 2912 versio;
2679 2861 2843 2915 quam
2908 2846 2954 2900 si
3003 2848 3190 2901 statim
3249 2863 3279 2900 a
3351 2847 3622 2917 principio

2037 2936 2473 3001 adduxissemus,
2511 2937 2700 3005 utique
2734 2952 2841 2990 non
2875 2935 3071 2992 fuisset
3101 2952 3240 3007 opus
3269 2946 3444 2992 tantas
3472 2953 3622 2993 com-

2037 3025 2440 3090 mentationes,
2496 3025 3060 3094 ratiocinationesque
3139 3027 3207 3080 ad
3285 3026 3621 3082 ditlicultatis

2037 3115 2366 3170 solutionem
2411 3116 2746 3183 exc03itare.
2809 3115 2857 3170 Is
2907 3119 3054 3171 enim
3104 3117 3307 3171 dictum
3366 3119 3498 3171 illud
3548 3118 3622 3172 ita

2033 3204 2308 3263 reddidit:
2358 3205 2595 3260 «Iratus
2658 3222 2717 3260 es
2774 3205 2933 3261 nobis
3001 3207 3354 3276 peccantibus
3407 3208 3556 3279 (56);
3595 3227 3615 3261 ι

2033 3303 2179 3374 quod
2230 3299 2448 3372 quidem
2509 3299 2712 3352 nullam
2764 3299 3221 3368 ambiguitatem,
3283 3315 3348 3355 ac
3415 3299 3619 3354 nullam

2034 3394 2352 3465 quaestionis
2395 3391 2678 3450 materiam
2720 3391 2968 3458 exhibet;
3008 3393 3361 3461 perspicuum
3413 3400 3620 3456 autent,

2033 3496 2087 3542 et
2109 3487 2175 3542 de
2204 3499 2314 3555 quc.
2349 3485 2624 3553 ambigere
2661 3497 2820 3538 nemo
2852 3491 3048 3552 potest.
3080 3498 3303 3538 sensum
3341 3484 3615 3552 proponit.

2032 3576 2293 3632 Novimus
2325 3577 2490 3640 enim,
2524 3576 2795 3641 novimus,
2829 3577 3072 3645 inquam,
3097 3573 3402 3628 luculenter
3427 3587 3623 3627 omnes

2045 3669 2215 3723 Deum
2243 3676 2462 3738 propter
2499 3677 2718 3736 peccata
2757 3679 2943 3723 nostra
2984 3666 3171 3721 irasci.
3231 3664 3386 3720 Patet
3433 3673 3619 3718 autem

2039 3758 2356 3826 hujusmodi
2395 3761 2704 3812 versionem
2737 3773 2843 3812 non
2892 3757 3053 3811 modo
3096 3757 3267 3824 ipsam
3302 3770 3400 3824 per
3440 3768 3500 3809 se
3549 3753 3620 3819 ad

2036 3849 2394 3917 qutestionem
2422 3847 2823 3902 dissolvendam
2857 3847 3128 3910 subicere,
3174 3845 3265 3900 sed
3311 3845 3474 3898 etiam
3512 3857 3618 3896 non
3683 3832 3690 3838 ’

2035 3955 2240 4010 paucas
2303 3955 2371 3995 ex
2424 3940 2605 3994 allatis
2665 3938 3031 3994 solutionibus
3093 3937 3267 4008 magis
3342 3937 3624 4004 magisque

2040 4030 2385 4094 confirmare,
2411 4031 2539 4083 dum
2583 4045 2652 4084 ne
2700 4031 2972 4100 discrepat
3013 4029 3234 4098 quidem
3275 4041 3305 4079 a
3360 4027 3620 4094 reliquis,

2039 4123 2134 4178 sed
2169 4123 2312 4191 ipsas
2341 4122 2393 4174 in
2432 4121 2667 4188 propriis
2699 4121 2884 4174 usibus
2908 4132 3231 4189 permanere
3260 4117 3391 4171 sinit
3412 4116 3546 4185 (58).

2377 4210 2705 4277 ΟυλίΕΞΤΙΟ
2742 4209 2906 4264 XLIII
2938 4205 3036 4282 [ἀί.
3073 4209 3261 4280 XLII].

358 4295 422 4350 Τί
452 4295 528 4363 δή
553 4313 698 4352 ποτε
721 4298 826 4353 τοῦ
859 4299 1076 4368 Κυρίου
1105 4298 1200 4351 καὶ
1231 4296 1500 4365 Σωτῆρος
1537 4297 1704 4365 ἡμῶν
1725 4299 1927 4362 Ἰησοῦ

2037 4303 2272 4359 Cumont
2316 4320 2436 4356 cum
2488 4305 2742 4356 Dominus
2803 4311 2850 4355 et
2921 4301 3174 4354 Servator
3228 4311 3409 4355 noster
3463 4299 3621 4354 Iesus

428 4368 686 4438 Χριστοῦ
711 4371 802 4433 εἰς
832 4369 1018 4436 ὄνομα
1042 4369 1289 4438 ,Πατρός
1315 4369 1413 4420 καὶ
1459 4368 1594 4438 Υίοῦ
1625 4368 1724 4420 καὶ
1755 4369 1927 4438 ἁγίου

425 4436 774 4505 Πνέυματος
833 4436 1145 4502 ,βαπτίζειν
1171 4436 1766 4505 μυσταγωγήσαντος
1792 4436 1809 4498 ,γ
1875 4441 1930 4492 οι

427 4505 756 4561 ἀπόστολοι
783 4511 879 4562 καὶ
903 4508 1158 4577 μαθηταὶ
1188 4507 1374 4577 αὑτοῦ
1403 4509 1515 4577 οὐχ
1551 4507 1759 4577 οὕτως,
1792 4508 1932 4562 ἀλλ’

427 4578 514 4642 είς
539 4578 606 4630 τὸ
635 4579 823 4648 ὄνομα
852 4576 957 4633 τοῦ
987 4578 1206 4643 Κυρίου
1238 4576 1443 4643 Ἰησοῦ
1472 4576 1783 4636 ἐϐάπτιζον
1807 4595 1828 4642 ;

2104 4375 2342 4428 Christus
2369 4375 2424 4427 in
2461 4375 2667 4427 nomine
2699 4372 2876 4426 Patris
2909 4383 2956 4425 et
2977 4371 3106 4424 Filii
3136 4374 3368 4425 etsancti
3392 4370 3623 4439 Spiritus

2105 4446 2377 4512 baptizare
2404 4444 2690 4508 docuisset,
2724 4443 2952 4512 apostoli
2975 4452 3129 4512 atque
3149 4443 3337 4512 horum
3370 4439 3620 4511 discipuli

2107 4508 2207 4568 non
2240 4517 2334 4580 sic,
2367 4514 2458 4568 sed
2505 4515 2556 4566 in
2582 4508 2789 4567 nomine
2820 4508 3052 4566 Domini
3077 4509 3208 4566 Jesu
3248 4508 3613 4582 baptizabant.

752 4691 896 4743 Edita
920 4692 982 4742 ab
1003 4693 1132 4754 Ang.
1172 4691 1314 4749 Maio,
1355 4690 1483 4740 Nov.
1523 4686 1665 4748 COIL,
1690 4688 1731 4747 Ῑ,
1751 4687 1949 4738 90-120.
1992 4687 2070 4739 De
2115 4697 2360 4766 baptismo
2397 4694 2447 4742 in
2472 4693 2673 4742 nomine
2694 4691 2815 4740 Jesu
2847 4689 3211 4740 administrato.

429 4781 497 4828 α’.
520 4775 682 4839 Τινὰς
707 4774 804 4846 μὲν
827 4777 921 4829 οὖν
938 4775 1046 4830 τῶν
1070 4777 1230 4847 ἱερῶν
1255 4775 1464 4847 ἀνδρῶν
1486 4775 1630 4828 ἔστιν
1649 4775 1776 4830 ἰδεῖν
1802 4776 1950 4830 ίστα-

361 4867 558 4938 μένους
590 4867 728 4937 πρὸς
755 4867 814 4920 τδ
837 4869 1061 4940 ἄπορον,
1087 4867 1148 4920 οὐ
1177 4867 1246 4921 δι’
1273 4861 1349 4922 ὧν
1370 4867 1432 4920 τὸ
1467 4865 1693 4938 ζήτημα
1733 4867 1944 4922 διαλύε-

427 4984 473 5016 ⁸⁶
528 4981 634 5040 lsa.
681 4999 836 5052 Lxm,
878 4984 967 5040 l7.

2126 4781 2176 4832 l.
2205 4781 2529 4835 Sanctorum
2558 4789 2772 4848 patrum
2812 4777 3103 4832 nonnullos
3144 4775 3299 4830 video
3329 4775 3402 4830 ita
3430 4775 3482 4828 in
3519 4774 3618 4832 hac

2048 4871 2243 4944 quaesti
2397 4879 2696 4936 versantes,
2737 4881 2799 4924 ut
2837 4883 2946 4922 non
3000 4877 3108 4920 tam
3163 4865 3255 4918 illa
3295 4875 3616 4936 argumenta

1824 5073 2056 5131 NOTAE.

432 5173 546 5257 (δεῖ)
577 5175 780 5256 Gratia
804 5172 1002 5257 Pacti?
1028 5168 1731 5257 habendetqroirfiast
1761 5168 1936 5257 sire:

358 5239 541 5300 maelii
572 5251 825 5299 versione.
878 5242 1133 5311 λείψανον
1181 5239 1940 5311 ηοὺίεξεετνιινετίι;(ίι;ετοι

355 5315 505 5370 enim
547 5315 600 5368 in
632 5316 710 5370 eis
749 5307 1111 5381 Her-aptorum
1155 5310 1554 5380 ἀποσπάσμασι
1583 5324 1707 5378 quae
1766 5307 1940 5363 Mont-

357 5385 650 5440 fauconius
679 5384 992 5446 collegerat.

434 5455 546 5523 ('57)
587 5455 663 5509 Ita
698 5456 748 5508 in
783 5452 1046 5506 Vaticano
1071 5450 1394 5523 ὲμφατικῶς
1424 5451 1658 5523 legitur;
1687 5447 1939 5502 Barberi-

359 5518 672 5597 nus_autem
705 5524 866 5597 habet
892 5518 1117 5597 tantum'
1145 5518 1303 5590 ίσμεν
1331 5521 1441 5597 γὰρ
1467 5518 1676 5597 σαφῶς.
1850 5586 1861 5597 _

434 5594 546 5664 ('58)
574 5594 926 5668 Calvinistas,
957 5593 1050 5661 qui
1085 5591 1253 5645 Deum
1290 5591 1359 5668 ad
1391 5596 1672 5659 peccatum
1716 5601 1817 5668 nos
1849 5591 1936 5668 in-

359 5663 644 5728 citantem,
677 5664 787 5716 imo
808 5675 1089 5732 cogentem
1125 5663 1494 5732 somniantur,
1525 5676 1634 5732 non
1667 5663 1848 5732 minus
1878 5663 1934 5708 in

362 5727 669 5801 hac.quam
693 5733 746 5787 in
775 5727 1094 5800 praecedenti
1121 5731 1500 5786 lucubratione
1525 5727 1754 5801 Pho‘tiu‘s
1782 5727 1938 5801 lucu-

362 5796 668 5858 lentissitne
720 5796 986 5866 refellere,
1039 5817 1102 5856 ac
1132 5817 1197 5856 ne
1225 5815 1289 5855 ex
1325 5799 1604 5868 proposito
1635 5797 1786 5851 Isaia:
1818 5796 1939 5848 loco

364 5887 562 5929 novam
621 5881 843 5929 sumant
908 5871 1198 5929 cavillandi
1242 5871 1545 5935 materiam,
1599 5873 1939 5922 antevertcre

2037 5169 2272 5224 videtur.
2327 5163 2712 5221 Adnot’andum
2768 5165 2911 5218 vero'
2964 5163 3107 5232 quod
3165 5160 3512 5232 Munsterus,
3555 5174 3620 5215 ac

2035 5239 2302 5304 Grotius,
2355 5235 2647 5304 caeteroqni
2695 5231 3104 5288 Catholicorum
3172 5231 3618 5304 Goypdrtov__nort

2038 5310 2201 5362 nimis
2222 5299 2403 5369 amici,
2444 5299 2586 5359 illud
2627 5313 2678 5358 et
2734 5306 3079 5366 peccavimus.
3125 5302 3213 5356 cui
3242 5299 3350 5354 tota
3381 5299 3613 5352 dillicul-

2038 5379 2166 5432 tatis
2197 5379 2368 5430 moles
2393 5376 2662 5440 innititur,
2698 5375 2822 5443 quia
2869 5374 3198 5442 peccavimus
3233 5369 3618 5443 exponendum

2039 5465 2144 5501 non
2180 5447 2516 5500 inficiantur.
2551 5441 2779 5499 Photi'us
2824 5455 3002 5497 autem
3037 5443 3267 5504 Cll'lt'I'IS,
3301 5441 3444 5510 quod
3481 5441 3618 5504 scio,

2043 5517 2220 5572 fusius
2257 5531 2321 5569 ac
2360 5515 2576 5584 planius
2620 5515 2898 5582 proposita
2943 5513 3221 5584 propheta:
3269 5512 3438 5563 verba
3467 5523 3616 5562 com-

2043 5581 2435 5658 mentaturifac
2461 5581 2827 5658 blasphemias
2855 5599 2919 5658 ex
2948 5581 3156 5658 Calvini
3175 5595 3361 5658 errore
3389 5587 3616 5658 eruptu-

2043 5674 2133 5712 ras
2195 5649 2598 5725 quodammodo
2655 5653 2948 5725 pragsentjt.
3019 5651 3101 5725 De
3153 5650 3354 5725 quibus
3416 5649 3618 5725 videsis

2043 5719 2355 5796 Dionysium
2407 5719 2690 5781 Petavith
2720 5721 2796 5777 De
2857 5721 2991 5791 Deo,
3046 5721 3142 5778 lib.
3176 5719 3210 5776 ξ
3239 5719 3314 5778 De
3337 5719 3612 5791 prmissa,

2041 5812 2161 5866 cap.
2185 5795 2224 5851 '6
2255 5803 2310 5851 et
2337 5809 2492 5866 seqq.
