4084 6436
530 432 641 495 303

1697 430 1958 489 PHOTII
1990 430 2499 490 PATRIARCHAi
2538 433 2645 491 GP.

3702 430 3805 494 304

530 537 832 609 proferant,
854 536 1055 607 quibus
1083 538 1462 593 controversia
1513 538 1767 602 solvitur,
1806 540 1898 594 sed
1930 554 1993 593 ea
2020 554 2115 608 p0-

2228 556 2329 602 :at,
2359 540 2497 594 ἀλλᾶ
2522 541 2590 594 δι’
2614 535 2689 596 ὧν
2714 538 3016 611 συγγνώμη
3041 541 3154 603 τοῖς
3187 538 3260 608 μὴ
3281 537 3600 608 δυναμένοις
3636 540 3807 607 φυλά-

526 631 636 687 titts
665 629 869 699 quibus
892 630 1108 684 veniam
1158 629 1449 700 impetrent
1496 630 1564 683 iis
1595 631 1692 700 qui
1733 631 1991 685 mandato
2014 631 2113 684 ob-

528 732 837 793 temperare
867 738 975 778 non
1018 732 1338 794 potuerunt,
1387 724 1723 795 eosdemque
1756 724 1991 779 crimine
2017 724 2114 777 ab-

2222 631 2312 697 ξαι
2336 632 2402 685 τά
2430 632 2885 703 προστεταγμένα
2908 631 3023 686 λύει
3060 632 3121 685 τὸ
3152 630 3407 700 ἔγκλημα
3433 648 3447 663 ο
3481 630 3806 701 ὁμολογοῦσι

2227 725 2325 796 μὲν
2347 724 2457 794 γὰρ
2486 727 2612 787 τοὺς
2647 724 2917 796 μαθητάς,
2953 723 3027 794 μὴ
3058 723 3183 776 καθ’
3210 723 3271 775 ὃν
3294 723 3658 793 ἐδιδάχθησαν
3694 725 3810 795 τρό-

526 817 764 872 solvant.
795 817 1008 887 Quippe
1050 816 1288 872 fatentur
1319 817 1619 887 discipulos
1667 832 1774 871 non
1823 817 1916 871 illo
1949 816 2115 870 modo

2228 837 2325 873 πον
2346 819 2649 890 βαπτίζειν·
2674 819 2957 889 βαπτίζειν
2976 818 3035 872 δέ
3066 820 3124 870 ἐν
3139 818 3218 888 τῷ
3234 819 3458 888 ὀνόματι
3486 817 3580 870 τοῦ
3604 818 3809 887 Κυρίου

523 924 634 978 quo
657 908 858 963 eruditi
896 908 1117 963 fuerant
1141 910 1524 978 baptizavissc,
1557 909 1650 964 sed
1678 910 1731 964 in
1762 910 1981 964 nomine
2007 909 2116 963 Do-

526 999 663 1052 mini
714 997 889 1052 nostri
931 996 1059 1053 Jesu
1095 998 1303 1054 Christi
1345 999 1680 1069 baptismum
1722 998 2113 1069 impertivisse,

527 1089 832 1145 secundum
870 1091 1237 1145 oeconomiam
1282 1092 1575 1161 quamdam
1606 1106 1671 1145 ac
1714 1091 2116 1161 providentiam

530 1184 633 1237 hac
667 1182 901 1238 formula
936 1193 1153 1240 utentes
1185 1203 1198 1237 :
1249 1185 1591 1255 lemporique
1620 1195 1672 1238 et
1707 1185 1761 1238 in
1800 1184 1991 1252 primis
2032 1184 2111 1237 in-

530 1277 697 1330 stanti
733 1276 1049 1332 necessitati
1082 1277 1407 1332 sententiam
1433 1276 1957 1340 accommodavisse,
1985 1276 2115 1329 dum

531 1386 598 1425 ex
622 1369 855 1425 utilitate
876 1378 931 1425 et
970 1370 1171 1439 placito
1210 1371 1609 1440 neophytorum
1637 1370 1930 1439 mysticum
1969 1368 2119 1421 hunc

532 1475 859 1534 sacrumque
910 1462 1074 1517 ritum
1114 1462 1593 1517 administrabant.
1640 1460 1776 1515 Nam
1818 1460 1965 1531 quod
2010 1474 2121 1529 pra:

535 1552 750 1607 caneris
803 1552 1101 1607 cernebant
1144 1554 1200 1607 in
1243 1552 1391 1623 vulgi
1437 1552 1637 1606 animis
1678 1560 1977 1615 antestare,
2022 1565 2119 1605 eo-

537 1658 771 1713 rumque
794 1644 1214 1715 cogitationibus
1232 1645 1697 1715 perturbationem
1727 1644 1974 1713 injicere,
2017 1642 2122 1697 hoc

537 1737 786 1807 apprime
840 1738 1247 1807 procurandum
1323 1738 1429 1793 sibi
1481 1736 1836 1806 studioseque
1886 1750 2121 1806 praemu-

537 1826 799 1882 niendum
830 1829 1114 1899 putabant.
1164 1828 1417 1883 Jamvero
1457 1828 1767 1884 antestabat
1810 1836 1975 1897 atque
2006 1843 2125 1881 um-

543 1919 694 1975 nium
721 1919 1041 1975 diliicillima
1070 1919 1359 1975 videbatur
1382 1920 1825 1983 baecaliirmatio,
1863 1922 2125 1975 Servato-
2152 1902 2200 1961 B

542 2028 657 2069 rem
690 2012 897 2069 scilicet
916 2028 1039 2069 esse
1062 2012 1363 2077 Christum,
1394 2014 1777 2084 praecipueque
1806 2012 1902 2068 Dei
1924 2011 2126 2067 Filium

546 2113 602 2157 et
644 2102 811 2159 Deum
838 2104 1067 2174 ejusque
1100 2105 1372 2160 mandatis
1401 2120 1522 2159 esse
1548 2103 1941 2159 obediendum.
1971 2101 2128 2169 Quod

542 2196 729 2266 itaque
750 2198 919 2265 magis
942 2198 1183 2265 indigum
1206 2198 1501 2267 magisterii
1527 2198 1805 2257 videbant,
1834 2197 1887 2251 id
1914 2197 2127 2251 cmteris

544 2286 958 2355 przevertebaut,
984 2294 1151 2356 atque
1177 2301 1242 2339 ex
1270 2286 1434 2354 hujus
1466 2300 1653 2339 norma
1685 2285 2007 2340 initiandam
2039 2301 2128 2340 sa-

541 2379 653 2433 cris
672 2378 1077 2433 multitudinem
1096 2379 1498 2448 proselytornm
1516 2377 1930 2431 existimabant.
1947 2376 2129 2443 Quare

544 2469 873 2539 baptismum
900 2469 1045 2524 haud
1076 2469 1128 2523 in
1160 2469 1340 2525 Patris
1366 2478 1419 2523 et
1440 2468 1561 2522 Filii
1592 2478 1646 2522 et
1686 2467 1925 2537 Spiritus
1950 2468 2127 2522 sancti

545 2561 765 2616 nomine
788 2560 1192 2630 impertiebant,
1228 2575 1416 2613 verum
1450 2555 1826 2611 DominoJesu
1852 2558 2125 2621 invocato,

545 2655 977 2724 regenerationis
1012 2654 1232 2707 lavacro
1278 2654 1416 2707 lotos
1442 2652 1623 2720 culpis
1642 2651 1952 2721 purgabant
1984 2668 1996 2703 :
2031 2652 2128 2704 ad-

548 2745 927 2799 ministrantcs
947 2744 1168 2814 quidem
1196 2760 1318 2800 cum
1353 2743 1568 2797 Domini
1592 2744 1939 2799 invocatione
1962 2753 2014 2797 et
2034 2759 2130 2812 ap-

548 2837 843 2903 pellatione
877 2852 1098 2892 sacrum
1144 2852 1369 2899 mrtuus,
1412 2836 1689 2906 simulque
1732 2837 1991 2891 docentes
2036 2836 2131 2903 qui

547 2928 702 2997 digni
738 2929 840 2984 hac
876 2929 1198 2998 purgatione
1241 2927 1494 2993 fuissent,
1532 2943 1630 2983 eos
1663 2943 1759 2997 per
1802 2928 1955 2982 illum
2000 2928 2131 2982 ado-

550 3020 793 3089 ptionem
813 3019 1072 3089 consequi
1094 3036 1107 3072 :
1130 3019 1331 3089 quippe
1348 3018 1489 3073 ﬁlios
1520 3017 1615 3072 Dei
1638 3033 1732 3087 per
1753 3018 1980 3086 gratiam
2005 3033 2130 3073 eum

550 3109 932 3164 tantummodo
962 3124 1123 3178 posse
1152 3123 1435 3178 arrogare,
1473 3108 1563 3162 cui
1597 3108 1922 3161 naturaliter
1968 3118 2133 3178 atque

2226 912 2384 983 ἡμῶν
2426 910 2600 981 Ἰησοῦ
2620 909 2879 981 Χριστοῦ,
2912 910 3230 981 οἰκονομίας
3259 910 3404 974 τινὸς
3438 911 3535 963 καὶ
3556 911 3813 980 προνοίας

2226 1006 2370 1077 λόγῳ
2400 1006 2718 1075 χρωμένους
2742 1022 2756 1035 ·
2791 1005 2885 1057 καὶ
2911 1003 2987 1074 τῷ
3007 1003 3189 1073 καιρῷ
3207 1004 3300 1056 καὶ
3324 1003 3403 1073 τῷ
3429 1003 3811 1070 κατεπείγοντι

2226 1098 2307 1151 ἔτι
2338 1098 2537 1167 μᾶλλον
2561 1097 2657 1167 τὴν
2689 1097 2914 1167 γνώμην
2943 1095 3229 1167 ἁρμόζειν,
3264 1094 3403 1164 πρὸς
3428 1094 3491 1147 τὸ
3533 1093 3813 1163 συμφέρον

2225 1191 2318 1245 καὶ
2351 1189 2759 1261 εύπαράδεκτον
2788 1192 2902 1253 τοῖς
2944 1188 3022 1259 τῷ
3052 1186 3370 1258 κηρύγματι
3399 1186 3693 1257 προσιοῦσι
3722 1185 3815 1254 τὴν

2229 1283 2499 1356 μυστικὴν
2525 1282 2731 1350 ταύτην
2776 1284 2868 1335 καὶ
2917 1280 3069 1352 ίεράν
3105 1280 3304 1349 πρᾶξιν
3333 1279 3730 1349 μεθοδεύοντας
3755 1295 3769 1309 ·
3788 1277 3817 1331 δ

2224 1378 2333 1445 γὰρ
2362 1376 2472 1429 τῶν
2501 1375 2675 1430 ἄλλων
2704 1374 2906 1444 μᾶλλον
2935 1372 3123 1445 ἐώρων
3153 1375 3266 1436 τοῖς
3300 1372 3534 1443 πλήθεσι
3558 1371 3818 1438 προϊστά-

2230 1482 2391 1536 μενον
2422 1464 2517 1518 καὶ
2544 1462 2769 1533 θόρυϐον
2802 1464 2914 1524 τοῖς
2959 1461 3244 1529 λογισμοῖς
3275 1459 3457 1514 αὐτῶν
3496 1457 3817 1528 παρεχόμεο

2227 1574 2337 1622 νον,
2366 1555 2524 1610 τοῦτο
2552 1556 2639 1626 δὴ,
2660 1554 2821 1608 τοῦτο
2837 1552 3276 1625 προθεραπεύειν
3301 1568 3362 1605 τε
3391 1553 3485 1605 καὶ
3506 1566 3820 1623 προκαταρ-

2225 1650 2399 1715 τίςειν
2428 1648 2704 1704 ποιεῖσθαι
2751 1648 3073 1718 σπούδασμα
3096 1663 3111 1678 ·
3137 1647 3437 1717 προΐστατο
3465 1644 3524 1696 δέ
3571 1644 3667 1696 καὶ
3694 1642 3819 1695 δυσ-

2228 1744 2569 1814 παράδεκτον
2593 1741 2875 1812 ἐνομιζετο
2895 1740 3180 1809 ὁμολογεῖν
3205 1755 3264 1791 τε
3286 1738 3518 1807 Σωτῆρα
3550 1736 3645 1789 τὸν
3689 1736 3821 1803 Χριο

2230 1837 2353 1891 στὸν
2382 1837 2474 1890 καὶ
2510 1836 2745 1907 μάλιστα
2772 1834 2899 1887 Υίδν
2932 1832 3070 1886 Θεοῦ
3097 1834 3191 1885 καί
3211 1830 3369 1893 Θεὸν,
3404 1830 3498 1883 καὶ
3526 1831 3644 1892 τοῖς
3677 1828 3821 1881 ἐκεί-

2226 1946 2319 1983 νου
2348 1927 2664 1998 πειθαρχεῖν
2699 1924 3157 1996 παραγγέλμασιν
3183 1938 3197 1953 '
3226 1922 3255 1975 δ
3291 1921 3473 1975 τοίνυν
3497 1922 3689 1991 ἐώρων
3722 1921 3819 1989 μά-

2228 2020 2385 2072 λιστα
2412 2017 2759 2079 διδασκαλίας
2788 2014 3065 2083 δεόμενον,
3094 2014 3272 2066 ἐκεῖνο
3296 2012 3407 2065 τῶν
3438 2008 3617 2065 ἄλλων
3649 2009 3820 2077 πρού-

2226 2112 2459 2175 τίθεντο,
2494 2110 2590 2163 καὶ
2634 2108 2768 2162 κατ’
2802 2109 2977 2160 ἐκεῖνο
3010 2106 3396 2177 μυσταγωγεῖν
3426 2102 3536 2154 τῶν
3564 2100 3818 2169 προσιόν-

2226 2222 2337 2257 των
2358 2202 2420 2255 τὸ
2452 2202 2656 2272 πλῆθος
2682 2197 3029 2267 ἐδοκίμαζον.
3075 2196 3169 2249 Διὸ
3198 2196 3295 2248 καὶ
3331 2192 3695 2265 βαπτίζοντες
3726 2191 3820 2242 οὐκ

2229 2297 2308 2357 είς
2336 2295 2577 2365 Πατέρα,
2616 2292 2711 2345 καὶ
2741 2291 2891 2354 Υίδν,
2924 2289 3021 2344 καὶ
3055 2288 3281 2357 Πνεῦμα
3313 2287 3472 2355 ἅγιον
3505 2283 3818 2348 ἐϐάπτιζον,

2229 2388 2365 2442 ἀλλὰ
2390 2387 2481 2439 τὸν
2509 2384 2712 2456 Κύριον
2752 2382 2958 2453 Ἰησοῦν
2998 2380 3451 2451 ἐπικαλούμενοι,
3480 2378 3557 2448 τῷ
3606 2374 3819 2447 λουτρῷ

2229 2480 2326 2551 τὴς
2350 2476 2768 2546 παλιγγενεσίας
2796 2474 2904 2555 τῷν
2928 2473 3292 2544 μολυσμάτων
3318 2472 3443 2533 τοὺς
3466 2470 3819 2539 λελουμένους

2230 2573 2565 2642 ἐκάθαιρον·
2618 2568 3031 2642 ἱερουργοῦντες
3076 2568 3176 2637 μὲν
3233 2570 3297 2637 τῇ
3340 2566 3435 2618 τοῦ
3488 2564 3817 2618 Διδασκάλου

2231 2663 2424 2734 κλήσει
2467 2662 2559 2714 καλ⁸
2582 2661 2852 2730 ὀνομασία
2884 2660 2945 2712 τὸ
2976 2659 3150 2729 δῶρον
3174 2674 3189 2689 ⁸
3215 2657 3282 2711 δι’
3313 2657 3479 2710 αὐτοῦ
3512 2656 3569 2709 δὲ
3604 2656 3687 2717 είς
3718 2656 3819 2706 υίο·

2231 2755 2420 2808 θεσίαν
2459 2754 2587 2817 τοὺς
2633 2752 2990 2821 ἀξιουμένους
3017 2752 3117 2821 τῆς
3167 2749 3489 2819 καθάρσεως
3540 2747 3819 2801 διδάσκον-

2231 2864 2322 2911 τες
2355 2843 2789 2913 καταλέγεσθαι·
2822 2844 2972 2906 υίοὺς
2998 2842 3054 2896 δὲ
3074 2842 3209 2895 Θεοῦ
3255 2842 3397 2895 κατὰ
3418 2841 3583 2913 χάριν
3615 2843 3818 2894 ἐκεῖνον

2236 2940 2396 3011 μόνον
2428 2936 2691 2993 δύνασθαι
2728 2937 2925 3001 ποιεῖν,
2958 2929 3002 3003 ᾧ
3035 2934 3178 2987 κατὰ
3206 2934 3370 3003 φύσιν
3422 2950 3485 2986 τε
3520 2933 3618 2987 καί
3649 2932 3708 2996 ἐξ
3742 2931 3819 2983 ἀί-

2232 3029 2343 3083 δίου
2368 3029 2428 3081 τὸ
2461 3028 2560 3099 τῆς
2588 3027 2837 3095 υίότητος
2876 3026 2971 3078 καὶ
3016 3024 3271 3092 θεότητος
3328 3023 3641 3092 ἐνυπῆρχεν
3663 3020 3820 3087 ἀξίω-

2238 3139 2315 3192 μα
2334 3137 2347 3151 ⁸
2379 3119 2445 3173 δι’
2470 3112 2531 3172 οῦ
2573 3119 2669 3171 καὶ
2692 3118 2752 3170 τὸ
2784 3115 3045 3186 ὁμογενὲς
3083 3116 3259 3186 Πατρὶ
3288 3117 3383 3167 καὶ
3406 3112 3524 3183 Υίῷ
3558 3114 3657 3166 καὶ
3686 3112 3819 3180 ἁγίῳ

547 3204 619 3259 ab
653 3210 857 3257 artemo
886 3201 1005 3255 Filii
1034 3212 1197 3272 atque
1220 3201 1314 3256 Dei
1336 3202 1573 3271 dignitas
1596 3202 1742 3255 inest
1779 3220 1792 3254 :
1825 3216 1932 3270 qua
1976 3217 2043 3255 ex
2075 3218 2126 3255 re

2235 3214 2515 3282 Πνεύματι
2561 3210 2949 3282 συνθεωρεῖται
2989 3209 3082 3261 καὶ
3114 3206 3592 3283 συναναφαίνεται.
3624 3208 3690 3259 Oi
3720 3205 3821 3259 τοί-

547 3304 759 3350 naturae
801 3310 1020 3363 quoque
1061 3259 1244 3348 unitas
1295 3259 1474 3349 Patris
1529 3301 1583 3347 et
1619 3291 1740 3346 Filii
1785 3307 1849 3345 ac
1896 3290 2126 3361 Spiritus

2237 3259 2515 3282 ""'r""
2565 3259 2947 3282 """'l"""'
2992 3259 3078 3261 “"'
3122 3259 3136 3261 '
3196 3259 3378 3283 "‘"J'
3464 3259 3501 3260 "

2240 3327 2334 3362 νυν
2360 3308 2462 3380 τὴν
2494 3306 2770 3361 υἱοθεσίαν
2806 3304 2897 3358 διὰ
2938 3303 3034 3357 τοῦ
3086 3302 3645 3374 Υίοῦδπιστεύσαντες
3681 3300 3825 3365 δέξα-

550 3387 727 3443 sancti
759 3387 1099 3457 conSpicitur
1136 3395 1300 3455 atque
1320 3386 1571 3456 patescit.
1603 3383 1723 3439 Jam
1755 3384 1848 3454 qui
1888 3383 2126 3455 adoptio-

2242 3401 2389 3466 σθαι,
2412 3400 2521 3454 οὐδ’
2541 3400 2623 3453 ὅτι
2649 3398 2780 3460 Θεός
2809 3400 2955 3451 ἐστιν
2976 3397 3003 3449 ό
3022 3395 3225 3466 ταύτην
3245 3395 3587 3466 δωρούμενος
3613 3393 3824 3465 βραδεῖς

552 3493 679 3533 nem
702 3492 760 3532 se
805 3493 900 3547 per
937 3477 1133 3531 Filium
1165 3484 1490 3533 consecutos
1541 3475 1856 3541 credebant,
1901 3490 1999 3529 eos
2042 3489 2126 3544 pat

2242 3494 2309 3547 ἂν
2361 3492 2576 3562 ὀφθεῖεν
2596 3488 3111 3561 συγκατατίθεσθαι.
3162 3486 3320 3542 Οὖτω
3370 3487 3468 3559 μὲν
3499 3482 3593 3541 οὖν
3622 3484 3822 3555 ἐπῆλθέ

553 3579 672 3625 erat
701 3570 767 3625 de
786 3571 906 3638 ejus
935 3583 1158 3640 quoque
1206 3569 1512 3635 divinitate,
1544 3570 1638 3637 qui
1678 3569 1732 3623 id
1768 3570 1973 3625 donum
2007 3583 2126 3622 con-

2241 3600 2350 3637 τισι
2377 3581 2472 3652 τὴν
2504 3581 2744 3653 ἀπορίαν
2762 3566 3116 3632 ἐπιλύεσθαι.

558 3663 778 3727 tulerat,
799 3661 943 3714 haud
974 3668 1194 3731 gravate
1215 3659 1494 3715 assentiri.
1516 3656 1611 3713 Sic
1638 3660 1825 3728 itaque
1856 3658 2138 3713 nonnullis

558 3754 735 3807 visum
771 3760 857 3823 est
874 3751 1303 3807 controversiam
1332 3750 1473 3805 hanc
1500 3751 1777 3806 dirimere.

629 3844 685 3900 2.
712 3844 826 3915 Ego
848 3858 976 3899 vero
993 3843 1139 3897 haud
1170 3842 1314 3912 petis
1343 3858 1465 3897 sum
1495 3842 1819 3913 intelligere,
1840 3843 2126 3915 quidquan

2317 3854 2369 3924 β.
2410 3852 2552 3920 Ἐγὼ
2580 3851 2636 3905 δέ
2662 3852 2762 3905 οὐκ
2802 3852 2920 3921 είμὶ
2962 3850 3188 3916 δυνατὸς
3218 3851 3450 3922 συνορᾷν
3494 3849 3612 3915 πῶς
3657 3850 3722 3905 ἄν
3748 3865 3825 3912 τις

562 3940 744 4008 aptius
777 3952 899 3994 esse
939 3936 1111 4003 aliud,
1140 3936 1287 4006 quod
1318 3936 1519 3991 nedum
1566 3936 1766 3991 nodum
1801 3936 1945 3991 haud
1980 3952 2126 4007 expet

2245 3945 2451 4018 μᾶλλον
2491 3944 2556 3997 δι’
2592 3943 2797 4013 ἐτέρων
2824 3943 2856 4013 ἢ
2886 3943 2976 3997 διὰ
3012 3941 3219 3995 τούτων
3248 3944 3371 3998 ἀντὶ
3425 3941 3520 3994 τοῦ
3551 3942 3724 4004 λύειν,
3754 3941 3826 3994 δε-

560 4032 699 4097 diat,
753 4030 847 4087 sed
893 4031 1075 4101 potius
1110 4030 1367 4099 laqueum
1418 4030 1651 4101 injiciat.
1691 4041 1745 4086 et
1774 4030 1993 4102 quidem
2035 4048 2125 4086 nor

2249 4036 2385 4107 σμδν
2408 4032 2725 4087 ἐπιϐάλλειν
2744 4033 3053 4104 πειραθείη,
3068 4035 3167 4086 ούκ
3184 4034 3573 4102 ἀσθενέστερον
3588 4033 3685 4085 τοῦ
3704 4048 3828 4100 προ-

564 4127 940 4188 infirmiorem,
975 4138 1041 4179 eo
1070 4124 1164 4195 qui
1196 4139 1359 4194 supra
1394 4133 1731 4180 memoratus
1761 4134 1863 4186 est,
1913 4126 1975 4179 a:l
2010 4141 2126 4179 cont

2246 4128 2411 4199 τέρου
2456 4126 2791 4197 συμπλέκειν
2818 4126 2877 4180 τὸ
2925 4125 3130 4196 ἄπορον
3165 4126 3301 4195 ('59).
3344 4124 3682 4196 Κατασκευὴ
3726 4124 3824 4192 γὰρ

565 4216 936 4287 stringendam
969 4216 1361 4269 controversia:
1402 4212 1801 4268 difﬁcultatem.
1851 4213 1967 4267 lmn
2015 4229 2126 4267 veri

2254 4221 2454 4292 μᾶλλον
2482 4219 2549 4273 ἂν
2576 4219 2663 4290 εἴη
2689 4218 2849 4273 τοῦτο
2872 4221 2967 4272 καὶ
2992 4219 3141 4273 αἰτία
3167 4220 3268 4287 τῆς
3289 4219 3398 4273 τῶν
3432 4217 3697 4288 μαθητῶν
3724 4218 3826 4269 δια-

564 4308 961 4364 demonstratio
995 4307 1111 4362 haec
1141 4307 1244 4361 erit
1264 4316 1429 4375 atque
1456 4308 1731 4361 accusatio
1760 4306 2125 4360 dissidentiun

2252 4311 2457 4380 φωνίας
2487 4310 2623 4380 πρὸς
2650 4308 2740 4363 τὸν
2766 4309 3104 4365 διδάσκαλον.
3152 4310 3215 4363 Ἦ
3253 4310 3363 4382 γὰρ
3402 4311 3553 4364 αἰτία
3594 4310 3689 4363 τοῦ
3720 4310 3824 4363 δια-

564 4416 628 4455 ac
670 4401 931 4470 magistro
970 4397 1387 4468 discipulorum.
1430 4396 1566 4450 Nam
1617 4414 1786 4452 causa
1837 4398 2119 4453 dissidend

2251 4404 2471 4474 φωνεῖν,
2496 4404 2556 4455 ού
2597 4403 2696 4471 μὲν
2724 4398 2817 4455 οῦν
2867 4403 2967 4455 ούκ
2998 4402 3115 4455 ἐστι
3146 4401 3247 4473 τῆς
3279 4402 3578 4471 διαφωνίας
3607 4403 3822 4472 ἀναίρε-

567 4492 713 4547 haud
747 4501 831 4545 est
860 4489 1114 4559 equidem
1141 4489 1500 4543 dissonantiae
1530 4488 1837 4558 abrogatio,
1880 4489 1972 4543 sed
2001 4488 2118 4557 judi

2253 4514 2357 4563 σις,
2383 4495 2519 4549 ἀλλὰ
2546 4495 2640 4548 καὶ
2672 4494 2853 4565 κρίσιν
2882 4493 3058 4567 ταύτῃ
3092 4495 3409 4554 συνάπτειν.
3443 4496 3538 4548 καὶ
3580 4494 3678 4547 τοῦ
3737 4498 3826 4546 Δε-

564 4583 711 4642 cium
736 4583 803 4637 de
820 4597 878 4637 re
900 4581 1303 4651 interpositum,
1322 4580 1593 4650 etproprii
1617 4581 1829 4635 arbitrii
1852 4580 2126 4636 Dominica

2252 4586 2515 4641 σποτικοῦ
2544 4588 2891 4657 φρονήματος
2920 4586 3007 4638 διὰ
3053 4586 3285 4657 μελέτης
3314 4587 3374 4639 τὸ
3418 4588 3617 4640 οίκεῖον
3650 4586 3825 4641 ἀνθαι-

566 4673 837 4730 voluntati
890 4661 1264 4743 praemeditata
1317 4671 1583 4742 praelatio.
1650 4671 1911 4737 Quaenam
1960 4682 2126 4727 auten

2248 4678 2486 4748 patefiat.
2520 4679 2585 4731 Τί
2605 4677 2650 4730 δ’
2684 4676 2750 4731 ἂν
2768 4676 2865 4731 καὶ
2894 4677 3082 4749 ἕτερον
3102 4677 3210 4731 τῶν
3228 4680 3671 4748 κατεπειγόντων
3699 4680 3821 4749 μᾶλ-

562 4768 784 4841 gravior
806 4766 1108 4821 necessitas
1128 4773 1234 4829 est,
1276 4779 1442 4835 quam
1468 4774 1529 4818 ut
1555 4780 1711 4819 sacra
1746 4766 1975 4821 scientia
2028 4782 2115 4820 ma

2253 4770 2343 4823 λον
2371 4769 2458 4839 εἴη
2497 4768 2599 4839 τῆς
2645 4770 3003 4842 θεολογούσης
3052 4772 3419 4843 ἐκφαντορίας
3475 4772 3572 4825 καὶ
3629 4774 3689 4826 τὸ
3734 4773 3822 4841 τῆς

566 4856 878 4921 nifestetur,
922 4865 1089 4924 atque
1138 4863 1198 4908 ut
1248 4853 1541 4907 Trinitatis
1585 4864 1781 4908 natura
1826 4869 1934 4908 ttna
1959 4856 2126 4925 visqui

2255 4862 2485 4934 Τριάδος
2532 4864 2772 4933 ὁμοφυές
2820 4866 2914 4917 καὶ
2968 4864 3311 4934 ὁμοδύναμον
3369 4867 3819 4937 συνεπτυγμένοις

570 4964 676 5003 una
726 4946 1040 5017 conjunctis
1084 4946 1403 5000 nominibus
1446 4944 1762 4999 reveletur?
1820 4943 1887 4998 Et
1928 4945 2126 5014 quiden

2258 4953 2745 5025 ἀνακαλυπτούσης
2769 4954 3027 5024 όνόμασι;
3061 4955 3174 5008 Καὶ
3203 4953 3321 5008 τότε
3360 4954 3821 5025 μυσταγωγουμέ-

567 5039 821 5109 discipuli
846 5037 989 5092 haud
1025 5049 1275 5091 recenter
1317 5035 1517 5090 initiati
1553 5035 1795 5101 fuerant,
1829 5052 2008 5107 neque
2050 5036 2123 5090 im

2249 5062 2361 5110 νοις
2383 5046 2483 5099 οὐκ
2511 5046 2568 5098 ἐν
2599 5047 2766 5117 ἀρχῇ,
2789 5048 2851 5098 ού
2881 5045 2989 5099 τῶν
3023 5046 3284 5115 μαθητῶν
3310 5050 3371 5100 ἐν
3400 5047 3476 5117 τῷ
3507 5049 3689 5101 ἀτελεῖ
3714 5046 3819 5099 δια-

574 5128 810 5198 perfecta
845 5128 1028 5183 adhuc
1062 5128 1375 5183 conditione
1404 5136 1581 5191 erant,
1632 5143 1809 5197 neque.
1840 5129 2126 5182 voluntari:

2250 5137 2523 5207 κειμένων
2549 5137 2652 5202 ἔτι,
2683 5138 2805 5191 οὐδὲ
2841 5138 2952 5191 τῶν
2994 5139 3259 5192 ἑκουσίων
3291 5141 3384 5192 καὶ
3416 5141 3701 5210 σωτηρίων
3726 5153 3821 5190 πα-

572 5219 882 5275 Serratoris
908 5220 1091 5290 passio
1147 5234 1255 5273 non
1317 5217 1490 5273 fuerat
1544 5230 1787 5289 peracta,
1836 5234 2011 5290 neque
2047 5228 2126 5290 teg

2251 5228 2360 5282 θῶν
2407 5228 2776 5281 ἐπιτελεῖσθαι
2821 5228 3146 5298 μελλόντων,
3199 5231 3295 5281 καὶ
3325 5230 3717 5293 συσκιάζεσθαι
3751 5224 3821 5295 τῷ

570 5324 751 5381 usque
786 5313 855 5367 ad
887 5323 1100 5383 tempus
1123 5314 1378 5367 idoneum
1405 5328 1617 5367 summa
1650 5321 2021 5369 controversa:
2057 5315 2126 5369 do

2260 5318 2439 5390 καιρῷ
2463 5319 2562 5389 τῆς
2588 5320 2876 5389 ἀκριϐείας
2898 5320 2994 5390 τῆς
3019 5322 3078 5374 ἐν
3098 5320 3277 5389 κρίσει
3304 5321 3655 5384 διδασκαλίας
3672 5324 3821 5374 ἀπαι-

577 5405 768 5484 ctrinae
810 5406 1002 5461 notitia
1054 5405 1166 5474 jam
1208 5404 1569 5475 postulabat:
1609 5406 1702 5460 sed
1737 5420 1863 5476 post
1906 5423 2123 5463 crucem

2258 5412 2484 5483 τούσης’
2538 5412 2675 5465 ἀλλὰ
2731 5413 2869 5482 μετὰ
2895 5414 2985 5466 τὸν
3019 5414 3272 5484 σταυρὸν,
3315 5414 3456 5484 μετὰ
3499 5414 3599 5484 τὴν
3632 5412 3816 5482 ταφὴν,

578 5501 697 5558 post
735 5509 948 5561 necem,
989 5505 1113 5565 post
1142 5496 1504 5566 sepulturam,
1535 5508 1661 5566 post
1690 5495 1995 5554 inferorum
2030 5516 2121 5571 reg

2265 5502 2407 5573 μετὰ
2437 5503 2498 5557 τὸ
2530 5502 2892 5576 σκυλευθῆναι
2934 5505 3004 5560 τὰ
3028 5505 3123 5559 τοῦ
3161 5505 3290 5578 ᾅδου
3323 5504 3594 5577 βασίλεια,
3629 5506 3722 5559 καὶ
3745 5502 3819 5555 δε·

2083 5676 2314 5733 NOTAE.

658 5850 768 5921 ('59)
800 5848 909 5909 Nos
930 5852 1049 5909 itali
1078 5851 1312 5907 dicimus
1341 5870 1495 5907 scuta
1530 5854 1766 5921 peggiore
1798 5854 1937 5908 delia
1971 5856 2145 5925 colpa.
