4084 6436
384 442 499 507 305

1369 451 1469 509 AD
1498 451 2087 514 AMPIIILOCHIUM
2118 453 2463 524 QUESTIO
2504 457 2721 518 XLIII.

3559 460 3666 523 306

393 559 557 627 σμοῖς
586 554 805 620 ἀλύτοις
860 556 1235 628 παραδοθῆναι
1262 558 1353 611 τὸν
1382 561 1642 631 πολέμιον
1659 562 1754 614 τοῦ
1788 564 1973 632 γένους

2081 578 2248 633 gnum
2270 566 2562 634 direptum,
2588 576 2711 636 post
2734 571 2944 638 generis
2966 568 3141 624 nostri
3166 568 3377 624 hostem
3400 570 3665 626 insoluhi-

387 648 572 718 ἡμῶν,
633 647 794 719 ἡνίκα
830 647 923 701 τοῦ
992 648 1166 718 τάφου
1216 649 1414 721 ἀνέστη
1466 652 1562 704 καὶ
1614 652 1712 722 τὴν
1794 654 1981 725 κοινὴν

392 738 693 793 ἀνάστασιν
739 738 1064 801 ὲνεκαίνισε,
1117 737 1237 792 τότε
1289 740 1353 812 δὴ
1409 742 1533 795 τότε
1570 743 1670 814 τὴν
1730 744 1983 810 ἐξουσίαν

396 829 656 884 ἁπάντων
684 830 791 882 τῶν
836 830 1098 898 ἐπιγείων
1150 831 1247 883 καὶ
1273 832 1383 886 τῶν
1437 835 1705 904 οὐρανίων
1751 838 1779 889 ό
1820 838 1980 907 φύσει

355 971 364 979 ,
397 916 602 987 ταύτην
632 916 769 985 ἔχων
798 920 862 987 τῇ
898 917 1050 988 θεῖκῇ
1093 919 1187 971 καὶ
1222 920 1364 973 κατά
1386 921 1446 974 τὸ
1477 924 1817 995 ἀνθρώπινον
1846 928 1981 981 ἀνα-

351 1042 361 1085 ι.
395 1007 684 1077 δεξάμενος
707 1051 721 1073 ,
748 1010 869 1061 τότε
904 1010 995 1062 τὸν
1035 1009 1315 1079 βασιλικὸν
1347 1013 1535 1069 τοῦτον
1577 1019 1671 1071 καὶ
1714 1022 1980 1091 σωτήριον

398 1100 585 1169 νόμον,
617 1102 720 1153 ούκ
751 1103 807 1152 ὲν
834 1100 995 1165 πλαξὶ
1019 1103 1268 1168 λιθίναις,
1306 1106 1419 1159 ἀλλ’
1454 1110 1514 1162 ὲν
1538 1110 1703 1174 πλαξὶ
1729 1113 1978 1182 κρείττο-

395 1205 482 1281 σιν
514 1191 543 1261 ἢ
582 1190 832 1281 μετέχειν
880 1191 1012 1263 ὕλης
1052 1194 1460 1263 ὲπιγείου,ταῖς
1507 1198 1617 1251 τῶν
1662 1201 1979 1261 ἀποστόλων

390 1280 654 1345 διανοίαις
686 1284 1015 1354 ἐνεχάραξεν
1041 1302 1056 1316 ο
1090 1287 1254 1340 οἱονεὶ
1288 1289 1610 1359 προθέματά
1632 1310 1756 1345 τινα
1775 1293 1843 1347 δι’
1876 1297 1978 1349 αύ-

390 1372 503 1425 τῶν
532 1375 625 1426 καὶ
655 1377 1067 1447 προγράμματα
1096 1378 1201 1432 ἀνά
1246 1381 1428 1433 πᾶσαν
1456 1381 1719 1448 ἀπλώσας
1746 1385 1845 1455 τὴν
1901 1389 1972 1440 ol-

392 1465 685 1536 κουμὲνην,
712 1468 835 1519 καθ’
857 1469 893 1521 ἀ
921 1470 1016 1523 καὶ
1049 1471 1303 1541 μυεῖσθαι
1336 1473 1430 1525 καὶ
1468 1474 1815 1531 τελειοῦσθαι
1846 1481 1974 1543 τοὺς

391 1557 718 1627 προσιόντας
744 1558 854 1612 ἔδει
880 1559 979 1631 τὴν
1012 1562 1317 1616 εύσέϐειαψ
1366 1581 1384 1614 ι
1431 1564 1804 1635 Πορευθέντες
1840 1571 1972 1640 γὰρ,

384 1649 543 1719 φησὶ,
585 1649 964 1718 μαθητεύσατε
999 1653 1177 1707 πάντα
1199 1654 1266 1707 τὰ
1296 1653 1446 1723 ἔθνη,
1482 1653 1847 1723 βαπτίσαντες
1869 1663 1971 1713 αύο

385 1740 517 1803 τοὺς
539 1743 618 1805 είς
642 1741 703 1794 τὸ
726 1742 896 1812 ὄνομα
924 1743 1019 1796 τοῦ
1067 1745 1280 1816 Πατρὸς
1320 1748 1414 1799 καὶ
1440 1745 1536 1799 τοῦ
1570 1747 1702 1801 Υίοῦ
1744 1752 1840 1803 καὶ
1876 1754 1971 1804 τοῦ

381 1831 548 1898 ἁγίου
584 1831 933 1901 Πνεύματος’
951 1832 1299 1896 διδάσκοντες
1326 1834 1524 1898 αὐτοὺς
1544 1838 1731 1907 τηρεῖν
1761 1836 1969 1907 (δηλον-

380 1919 471 1972 ότι
529 1920 625 1972 καὶ
651 1920 757 1989 πρὸ
782 1920 891 1973 τῶν
923 1921 1101 1975 ἀλλων
1126 1922 1189 1975 τὸ
1219 1922 1314 1976 νῦν
1336 1924 1756 1996 είσφερόμενον)
1791 1927 1971 1980 πάντα
2006 1908 2046 1965 Β

379 2012 489 2065 ὅσα
514 2012 869 2082 ἐνετειλάμην
905 2013 1060 2082 ὑμῖν.
1098 2032 1116 2065 ι

454 2100 523 2171 γ’.
559 2102 762 2156 Τούτου
789 2104 854 2175 δὴ
880 2104 974 2157 τοῦ
1006 2103 1153 2174 ἱεροῦ
1177 2105 1273 2159 καὶ
1298 2107 1572 2178 σωτηρίου
1603 2110 1964 2178 προστάγμα-

377 2210 499 2257 τος,
530 2194 582 2247 τί
632 2194 699 2247 ἂν
747 2194 832 2264 εῖη
891 2196 1221 2263 κατεπεῖγον
1288 2196 1523 2265 μᾶλλονς
1560 2199 1612 2252 τί
1641 2200 1699 2252 δὲ
1733 2200 1970 2271 κρίσεως

381 2284 737 2356 ἀνθρωπίνης
768 2285 1043 2356 δεόμενον,
1088 2286 1189 2357 τῆς
1234 2289 1572 2359 Δεσποτικῆς
1616 2291 1800 2358 φωνῆς
1833 2291 1970 2362 ίερο-

378 2377 652 2450 λογούσης
696 2378 757 2432 τὸ
796 2378 993 2448 δόγμα,
1029 2379 1126 2432 καὶ
1158 2381 1460 2450 σφραγῖδος
1508 2383 1690 2451 πάσης
1727 2385 1970 2453 ἀσφαλέ-

380 2486 580 2540 στερον
625 2472 722 2540 τὴν
762 2470 945 2541 ψῆφον
989 2470 1138 2541 αύτῷ
1168 2472 1627 2544 περιτιθεμένης;
1658 2476 1766 2528 Καί
1800 2493 1880 2529 τοι
1906 2494 1969 2545 γε

377 2562 436 2613 εί
463 2562 558 2613 καὶ
588 2561 756 2629 ἄμφω
783 2560 843 2613 τὸ
873 2562 1203 2629 κατεπεῖγον
1232 2562 1324 2613 ἐπὶ
1357 2565 1422 2633 τῇ
1455 2564 1547 2634 ῖσῃ
1580 2564 1676 2615 καὶ
1708 2565 1871 2636 ὁμοίᾳ
1894 2566 1969 2617 δι-

377 2652 643 2721 ενέμοντο
670 2651 849 2721 χρεία,
876 2654 902 2704 ὅ
930 2669 989 2705 τε
1042 2655 1309 2722 σωτήριος
1341 2654 1486 2723 φημὶ
1522 2654 1707 2725 νόμος,
1740 2658 1831 2708 καὶ
1861 2656 1969 2709 τῶν

381 2744 650 2815 μαθητῶν
668 2747 701 2815 ἡ
728 2744 947 2813 γνώμη,
974 2743 1083 2796 οὐδ’
1109 2744 1193 2796 ἓτε
1206 2761 1294 2813 ρον
1317 2744 1597 2814 διεφέρετο
1621 2746 1822 2815 νόημα,
1856 2747 1966 2799 οὐδ’

377 2837 561 2901 οὕτως
592 2833 661 2908 ἦν
684 2837 911 2891 ἀνεκτὸν
938 2838 1036 2903 τῆς
1074 2836 1406 2905 δεσποτικῆς
1451 2838 1844 2907 μυσταγωγίας
1872 2839 1969 2908 τὴν

381 2928 769 3000 ὑπηρετοῦσαν
815 2928 1071 2997 γλῶσσαν
1128 2928 1445 2999 ἔμπροσθεν
1490 2932 1686 2983 ποιεῖν.
1720 2931 1781 2984 El
1812 2931 1868 2984 δὲ
1902 2934 1967 3001 τῇ

385 3019 536 3073 Θέσει
594 3019 711 3073 τῶν
767 3018 1027 3090 μαθητῶν
1071 3020 1104 3089 ή
1158 3020 1251 3071 τοῦ
1306 3019 1629 3085 διδασκάλου
1689 3022 1971 3092 ἀναίρεσις

386 3111 594 3176 ἕπεται,
624 3111 743 3176 πῶς
772 3114 873 3165 οὐκ
897 3114 978 3175 είς
1008 3111 1213 3181 τόλμαν
1237 3112 1362 3181 ἥκει
1383 3111 1450 3165 δι’
1475 3107 1543 3184 ἦς
1567 3113 1848 3185 ὑϐρίζεται
1872 3114 1971 3183 τῆς

2086 654 2230 710 libus
2256 656 2491 711 vinculis
2516 658 2799 722 traditum,
2830 667 3116 727 postquam
3142 660 3395 715 Christus
3413 662 3667 731 sepulcro

2081 758 2367 811 evaserat,
2423 750 2844 818 communisque
2889 752 3307 807 resurrectionis
3358 754 3664 822 auspicium

2080 836 2332 903 dederat;
2388 846 2503 891 tum
2544 838 2765 891 demum
2818 840 3159 893 terrestrium
3210 842 3455 896 omnium
3504 852 3665 911 atque

2080 928 2383 982 cmlestium
2427 938 2787 997 potestatem,
2846 930 2893 983 is
2940 932 3032 999 qui
3081 930 3267 985 divina
3319 943 3511 986 natura
3544 935 3661 1001 jam

2080 1030 2201 1069 eam
2250 1016 2492 1081 tenebat,
2550 1017 2786 1069 lnnnana
2837 1032 3054 1085 quoque
3095 1025 3293 1072 natura
3350 1021 3662 1088 recipiens;

2080 1114 2231 1169 tunc,
2266 1105 2519 1174 inquam,
2564 1106 2805 1175 regalem
2858 1107 2999 1160 hanc
3051 1106 3459 1176 salutaremque
3491 1110 3662 1178 legem

2080 1198 2223 1251 haud
2260 1198 2314 1251 in
2348 1197 2550 1251 tabulis
2580 1195 2831 1266 lapideis,
2881 1200 2973 1253 sed
3012 1198 3065 1252 iu
3094 1198 3213 1251 aliis
3266 1208 3496 1253 terrente
3549 1216 3665 1253 ma-

2078 1287 2229 1341 teriae
2279 1287 2542 1340 vilitatem
2593 1286 3006 1351 excedentibus,
3056 1302 3251 1356 nempe
3295 1287 3349 1340 in
3390 1290 3665 1356 apostolo-

2077 1393 2198 1430 rum
2230 1378 2508 1431 meutibus
2542 1377 2803 1446 scripsit:
2836 1378 3014 1431 edicto
3048 1378 3216 1431 veluti
3239 1378 3473 1446 quodam
3499 1389 3662 1446 atque

2076 1482 2485 1539 programmate
2526 1470 2784 1524 universo
2806 1470 2925 1522 οι·ιή
2958 1470 3263 1539 proposito,
3294 1470 3453 1539 cujus
3480 1470 3662 1523 verbis

2076 1560 2280 1615 initiari
2310 1569 2367 1615 et
2394 1560 2707 1616 consecrari
2735 1560 3020 1629 oportebat
3052 1559 3373 1630 quicunque
3420 1559 3489 1613 ad
3524 1560 3661 1613 reli-

2074 1652 2291 1723 gionem
2324 1654 2695 1719 accederent;
2766 1668 2928 1717 nam;
2979 1671 2997 1704 ι
3047 1652 3274 1715 Euntcs,
3322 1653 3523 1722 inquit,
3560 1654 3662 1707 do-

2075 1753 2194 1796 cete
2245 1758 2439 1796 omnes
2498 1752 2709 1811 gentes,
2774 1743 3113 1811 baptizautes
3168 1758 3262 1797 eas
3320 1743 3374 1795 in
3437 1738 3662 1795 nomine

2074 1832 2254 1889 Patris
2283 1847 2335 1889 et
2363 1833 2487 1888 Filii
2514 1843 2569 1887 et
2602 1835 2776 1888 sancti
2810 1834 3049 1902 Spiritus
3075 1852 3087 1886 :
3111 1833 3424 1887 erudieutes
3454 1841 3515 1887 ut
3543 1847 3663 1887 om-

2078 1925 2167 1979 nia
2192 1925 2411 1997 (nempe
2440 1926 2493 1978 in
2522 1925 2715 1995 primis
2742 1926 2887 1995 quod
2921 1924 2972 1977 in
2999 1925 3254 1995 praesenti
3284 1922 3659 1993 mandaverat)

2070 2035 2411 2089 quacunque
2444 2019 2673 2088 praecepi
2712 2020 2869 2073 vobis
2898 2020 3193 2073 observent
3220 2017 3321 2070 “il.
3356 2036 3376 2069 ι

2142 2111 2196 2165 ὅ.
2237 2108 2381 2164 Sane
2411 2110 2513 2163 hoc
2546 2126 2705 2164 sacro
2742 2111 3051 2164 Servatoris
3090 2117 3366 2179 przecepto
3397 2108 3657 2177 quidnam

2071 2202 2359 2272 urgentius
2392 2216 2516 2256 esse
2567 2202 2785 2269 potest?
2820 2216 3059 2269 quonam
3092 2212 3273 2253 autem
3324 2200 3535 2268 judicio
3561 2200 3661 2253 ho-

2073 2294 2280 2344 minum
2306 2307 2445 2360 opus
2469 2302 2574 2355 εει,
2610 2291 3054 2359 quandoquidem
3087 2306 3188 2343 vox
3225 2289 3509 2345 Dominica
3559 2288 3661 2342 do-

2077 2383 2311 2436 ctrinam
2344 2384 2485 2437 hanc
2517 2383 2700 2446 tradit,
2731 2382 2990 2451 omnique
3028 2383 3209 2449 sigillo
3233 2383 3491 2435 tutiorem
3527 2396 3659 2435 seu-

2073 2471 2299 2525 tentiam
2352 2487 2507 2526 suam
2538 2472 2611 2526 illi
2651 2474 3060 2542 circnmponit?
3088 2474 3251 2542 Atqui
3302 2472 3349 2527 si
3398 2472 3537 2525 forte
3568 2472 3658 2525 lex

2074 2561 2382 2617 Servatoris
2417 2571 2469 2616 et
2507 2564 2901 2632 discipulorum
2954 2564 3139 2633 opinio
3190 2564 3422 2617 formula
3473 2564 3657 2633 aliqua

2073 2655 2386 2709 necessaria
2427 2654 2492 2708 ad
2527 2671 2625 2724 par
2652 2671 2717 2709 ac
2764 2656 2939 2709 simile
2969 2658 3205 2709 ollicium
3260 2665 3524 2719 uteretur,
3559 2669 3658 2707 ne-

2070 2761 2179 2815 que
2219 2746 2322 2798 illa:
2368 2745 2486 2799 duae
2534 2747 2817 2799 sententim
2850 2746 2991 2799 inter
3030 2761 3089 2799 se
3120 2745 3474 2807 dissiderent,
3521 2751 3659 2796 alta.-

2074 2852 2195 2890 men
2224 2851 2293 2889 ne
2325 2845 2438 2889 tum
2478 2837 2696 2905 quidem
2744 2836 3027 2890 ferendum
3060 2835 3363 2896 videretur,
3404 2834 3655 2887 servilem

2071 2929 2313 2998 linguam
2343 2928 2500 2982 herili
2535 2930 2600 2982 de
2625 2944 2683 2982 re
2707 2943 2864 2983 sacra
2900 2927 3163 2981 doctrina:
3192 2926 3473 2994 anteponi.
3500 2922 3658 2990 Quod

2074 3020 2121 3075 si
2163 3035 2356 3089 reapse
2395 3020 2791 3088 discipulorum
2838 3020 3060 3073 decreto
3105 3018 3420 3088 magistralc
3475 3017 3659 3083 ipsum

2072 3108 2410 3177 antiquatur,
2443 3124 2625 3162 nonne
2652 3108 2767 3162 haec
2799 3108 2981 3174 gravis
3017 3107 3250 3160 audacia
3281 3114 3383 3168 est,
3416 3119 3538 3173 quae
3560 3118 3657 3157 ve-

392 3204 730 3274 συγγνὼμης
760 3206 794 3274 ἡ
824 3206 1019 3274 χάρις;
1058 3202 1156 3273 τὴν
1194 3202 1295 3274 μὲν
1311 3205 1650 3274 Δεσποτικὴν
1686 3205 1867 3276 κρίσιν
1896 3206 1970 3276 μὴ

2076 3200 2181 3255 nia:
2221 3202 2445 3270 gratiam
2478 3202 2808 3255 contumelia
2850 3199 3063 3253 allicit?
3096 3213 3292 3268 nempe
3318 3197 3365 3251 ai
3391 3196 3655 3265 judicium

388 3296 498 3349 τῶν
523 3295 958 3363 κατεπειγόντων
1002 3290 1143 3349 εἶναι
1191 3296 1457 3367 νομίζειν,
1496 3298 1597 3367 τὴν
1631 3298 1688 3350 δὲ
1714 3298 1820 3350 τῶν
1850 3297 1973 3351 δούς

2075 3291 2418 3369 Dominicum
2448 3295 2501 3347 in
2534 3308 2717 3347 rerum
2744 3291 3181 3346 necessariarum
3203 3303 3437 3343 numero
3455 3300 3658 3356 nequa-

388 3390 497 3441 λων
520 3388 767 3440 ἐπίνοιαν
802 3385 911 3439 τῶν
953 3387 1394 3455 κατεπειγόντων
1420 3401 1433 3415 '
1467 3388 1562 3441 καὶ
1595 3388 1842 3457 παρορᾷν
1874 3388 1975 3456 μὲν

384 3471 452 3532 οὗ
484 3477 560 3547 μὴ
580 3476 695 3529 ἔστι
722 3475 893 3546 χωρὶς
923 3476 1183 3539 ἀπονοίας
1212 3476 1498 3546 ὁμολογεῖν
1518 3478 1618 3546 τὴν
1642 3478 1972 3551 παρόρασιν,

386 3571 647 3640 στέργειν
663 3568 719 3621 δὲ
740 3570 834 3621 καὶ
862 3567 1202 3639 προτιθέναι,
1221 3564 1333 3640 ἦςή
1365 3571 1546 3636 κρίσις
1576 3570 1699 3641 δίκη
1730 3571 1823 3624 τοῦ
1855 3572 1969 3640 κρί-

385 3681 602 3727 ναντος.
648 3662 811 3715 Ἀλλά
832 3662 941 3733 γὰρ
969 3662 1124 3716 αὐτοί
1154 3679 1218 3731 γε
1253 3664 1573 3733 περιφανῶς
1603 3662 1747 3716 οὕτω
1774 3667 1973 3716 τοσαύ-

384 3771 491 3825 της
522 3755 617 3807 καὶ
645 3753 982 3825 τηλικαύτης
1027 3754 1247 3824 ἐντολῆς
1285 3754 1439 3824 ίσχὺν
1484 3756 1833 3826 παρορῶντες
1878 3755 1974 3809 καὶ

386 3845 844 3915 παραϐαίνοντες,
879 3845 929 3897 εἰ
954 3846 1029 3908 ὡς
1050 3844 1269 3915 ἀληθῶς
1295 3840 1434 3915 ἦσαν
1452 3845 1553 3913 τῆς
1579 3846 1973 3915 παραϐάσεως,

386 3937 512 4001 πῶς
545 3938 611 3991 ἂν
641 3936 902 4007 ἠδύναντο
932 3938 1056 4000 τοὺς
1081 3936 1190 3989 τῶν
1219 3936 1382 4007 ίερῶν
1410 3935 1754 4007 μαθημάτων
1775 3937 1976 4009 ἀκροα-

385 4027 493 4091 τάς
527 4030 816 4098 παραινεῖν
847 4030 963 4091 ταῖς
1003 4031 1364 4091 Δεσποτικαῖς
1387 4028 1629 4092 ἐντολαῖς
1659 4028 1975 4101 πειθαρχεῖν

387 4120 488 4174 καὶ
537 4119 1105 4191 καθαρρυθμίζεσθαι,
1168 4120 1265 4173 καῖ⁵
1305 4120 1406 4191 τῆς
1455 4120 1664 4182 οἰκείας
1698 4120 1976 4186 πολιτείας

386 4206 752 4277 κατάςταύτας
776 4209 1050 4262 ποιεῖσθαι
1074 4209 1175 4280 τὴν
1199 4209 1521 4280 ἐπιμέλειαν
1543 4228 1557 4276 ;
1586 4212 1700 4264 ἴσον
1725 4212 1835 4284 γάρ
1858 4214 1975 4266 ἐστι

384 4302 479 4356 διὰ
502 4303 602 4372 τῆς
632 4304 743 4357 τῶν
786 4305 1019 4357 ἐντολῶν
1046 4306 1361 4377 ἀθετήσεως
1398 4306 1698 4377 πειρᾶσθαι
1728 4307 1975 4376 φύλακας

381 4394 499 4447 τῶν
524 4396 967 4466 προσταγμάτων
999 4399 1197 4463 ποιεῖν,
1227 4397 1320 4451 καὶ
1348 4397 1566 4452 ἀθετεῖν
1592 4399 1792 4463 αὐτοὺς
1819 4401 1975 4456 άπαι-

382 4486 499 4537 τεῖν
521 4485 580 4537 τὸ
602 4489 661 4539 ἐν
692 4487 1002 4558 παραϐάσει
1038 4489 1420 4558 ἀπαράϐατον.
1455 4483 1531 4545 Ub
1560 4490 1613 4543 τί
1636 4491 1701 4544 ἂν
1732 4491 1973 4562 ὁὲχθρὸς

2074 3403 2240 3459 quam
2290 3386 2590 3451 habeatur;
2651 3401 2939 3440 servorum
2987 3392 3169 3439 autem
3224 3381 3665 3450 excogitationes

2076 3480 2131 3534 in
2179 3477 2509 3532 necessariis
2559 3484 2881 3543 reputeutur
2920 3491 2934 3527 :
2983 3476 3139 3544 sique
3192 3472 3503 3542 negligatur
3556 3470 3609 3523 id
3638 3508 3655 3533 ,

2075 3570 2237 3640 cujus
2274 3570 2577 3637 neglectum
2609 3569 2728 3622 sine
2754 3565 2973 3621 vesania
3011 3565 3167 3621 fateri
3202 3581 3308 3619 non
3338 3576 3657 3633 possumus,

2076 3671 2291 3717 ametur
2321 3670 2504 3715 autem
2539 3670 2701 3728 atque
2731 3648 3095 3727 anteponattir
3140 3657 3214 3721 id,
3261 3657 3421 3725 cujus
3462 3653 3670 3708 electio-

2076 3754 2359 3809 damnatio
2392 3752 2645 3820 eligentis
2681 3760 2783 3805 est.
2830 3749 2950 3804 Jam
2996 3766 3126 3804 vero
3174 3749 3424 3817 discipuli
3458 3747 3502 3801 si
3535 3746 3673 3800 talis.

2077 3848 2327 3916 tantique
2358 3845 2609 3915 praecepti
2648 3845 2756 3897 vim
2796 3844 3165 3913 neglexissent
3192 3857 3256 3896 ac
3286 3841 3661 3905 violavissent,

2075 3952 2201 3991 cum
2230 3952 2289 3991 se
2323 3949 2512 4003 reapse
2541 3933 2903 3987 contumaciae
2950 3934 3070 3995 ejus
3101 3947 3220 3984 reos
3254 3930 3657 3999 praestitissent,

2075 4044 2207 4083 num
2240 4042 2409 4080 sacra:
2437 4026 2702 4078 doctrinae
2754 4024 2992 4078 asseclas
3042 4021 3252 4077 hortari
3304 4031 3553 4090 poterant
3601 4029 3663 4073 ut

2075 4118 2353 4174 mandatis
2384 4116 2685 4170 Dominicis
2716 4113 3023 4175 obedireut,
3054 4114 3119 4167 ad
3149 4128 3323 4182 eaque
3349 4128 3408 4166 se
3440 4110 3665 4166 confor-

2077 4221 2310 4273 marent,
2343 4224 2609 4277 suamque
2639 4209 2805 4261 vitam
2828 4224 2892 4260 ex
2920 4208 3116 4261 horum
3147 4206 3465 4275 praescripto
3502 4220 3660 4273 rege-

2074 4304 2252 4357 rent?
2310 4301 2443 4355 Nam
2504 4300 2596 4368 qui
2651 4315 2747 4368 per
2799 4300 2973 4367 ipsam
3034 4306 3432 4367 praeceptorum
3485 4296 3655 4349 viola-

2077 4396 2300 4457 tionem,
2326 4393 2644 4447 obedientes
2668 4392 2945 4445 mandatis
2972 4390 3219 4444 homines
3243 4388 3421 4443 facere
3444 4389 3656 4454 nititur,

2076 4487 2219 4541 idem
2260 4487 2365 4541 sibi
2421 4485 2694 4540 licentiam
2738 4482 2919 4538 aufert
2966 4482 3277 4553 postulandi
3329 4482 3399 4535 ah
3429 4481 3550 4535 aliis
3590 4496 3659 4533 ne

381 4577 613 4648 εὑρήσει
646 4578 872 4647 μᾶλλον,
904 4579 971 4634 δι’
995 4572 1057 4633 οὗ
1087 4581 1186 4634 καὶΙ
1212 4582 1312 4652 τὴν
1340 4581 1693 4636 διδασκαλίαν
1723 4584 1971 4657 ἐπαρθή-

2075 4579 2221 4649 quod
2265 4578 2379 4649 jam
2425 4586 2709 4648 peccatum
2757 4575 2923 4631 fuerit
2965 4586 3210 4645 peccent.
3247 4572 3364 4640 Quo
3395 4573 3655 4643 quidnam

382 4683 539 4721 σεται
572 4668 838 4737 νοθεύειν,
869 4672 961 4723 καὶ
991 4670 1091 4741 τὴν
1114 4672 1356 4747 ἐσχάτην
1394 4670 1554 4745 ὕϐριν
1582 4673 1971 4745 προσάψασθαι

378 4760 465 4829 τῷ
490 4760 809 4831 κηρύγματι
836 4778 851 4826 ;

455 4935 517 4988 δ’.
549 4935 735 4990 Ταῦτα
770 4937 949 4991 τοίνυν
980 4939 1076 4991 καὶ
1099 4939 1271 4993 πολλά
1310 4938 1518 4993 τοιαῦθ’
1544 4939 1709 5011 ἕτερα
1751 4940 1838 4995 διά
1860 4941 1969 4994 τῶν

379 5027 622 5081 εὐσεϐῶν
648 5031 745 5082 καὶ
779 5029 1091 5085 ἀδεκάστων
1118 5032 1378 5101 προϊόντα
1422 5031 1717 5103 λογισμῶν,
1749 5035 1845 5088 καὶ
1871 5034 1969 5105 τὴν

375 5122 731 5189 νομισθεῖσαν
783 5122 937 5176 λύσιν
995 5126 1301 5195 αίτιώμενα
1344 5124 1511 5196 ἄλλην
1555 5126 1678 5179 τινὰ
1736 5126 1970 5197 θεωρίαν

376 5213 476 5264 τοῦ
510 5213 825 5284 ζητήματος
870 5215 1178 5285 ἀνιχνεύειν
1228 5216 1564 5283 ὑποτίθεται,
1592 5217 1660 5271 δι’
1692 5212 1759 5288 ἧς
1789 5219 1884 5270 καὶ
1908 5218 1970 5271 τὸ

374 5304 479 5373 τῆς
528 5305 763 5376 ἀπορίας
816 5306 1179 5377 δυσπρόσοδον
1221 5309 1317 5362 ἐπὶ
1364 5310 1424 5362 τὸ
1459 5309 1601 5362 λεῖον
1637 5312 1733 5362 καὶ
1766 5310 1969 5378 ὁμαλὸν

378 5396 485 5465 τῆς
510 5398 870 5469 καταλήψεως
913 5400 1292 5472 ἀνευρύνεται,
1324 5401 1419 5455 καὶ
1448 5403 1476 5454 ὁ
1507 5401 1614 5456 τῶν
1644 5401 1969 5455 διαϐουλίων

375 5484 536 5555 ὄχλος
593 5487 1136 5560 διασκεδασθήσεται.
1184 5491 1307 5545 Ὅτι
1345 5493 1444 5562 μὲν
1486 5492 1595 5564 γὰρ
1648 5492 1758 5545 τῶν
1790 5492 1967 5562 είερῶν

378 5578 700 5633 ἀποστόλων
725 5580 780 5632 al
805 5584 1070 5649 παναγεῖς
1095 5584 1188 5637 καὶ
1212 5583 1523 5637 τελεστικαὶ
1545 5584 1646 5653 τῆς
1680 5583 1966 5646 εὐσεϐείας

379 5668 617 5740 Πράξεις
663 5672 1044 5743 ἱερουργοῦσαι
1089 5680 1150 5729 τδ
1188 5674 1473 5747 βάπτισμα
1513 5677 1737 5747 ὀνόματι
1790 5676 1964 5747 Ἰησοῦ

376 5761 619 5831 Χριστοῦ
664 5763 917 5831 λέγονται
968 5766 1125 5819 τοῦτο
1167 5768 1589 5839 τελεσιουργεῖν,
1633 5768 1808 5833 οὐδεὶς
1856 5767 1966 5821 τῶν

456 5875 538 5908 ⁸³⁸
564 5875 753 5934 Matth.
786 5896 980 5949 7mm,
1012 5882 1098 5951 19,
1128 5883 1220 5937 ‘20.

2076 4670 2438 4741 opportunius
2473 4669 2713 4723 inveniet
2756 4667 2954 4728 hostis,
2995 4667 3141 4721 unde
3188 4673 3241 4719 et
3284 4663 3654 4732 magisterium

2074 4764 2386 4819 adulterare
2426 4762 2591 4827 ausit,
2626 4770 2681 4815 et
2727 4769 3027 4815 extremam
3076 4758 3431 4829 ignominiam
3479 4754 3661 4809 Evan-

2076 4855 2216 4927 gelio
2247 4854 2580 4924 aspergere?
3315 4852 3321 4857 ’

2150 4948 2206 5002 4.
2251 4946 2340 4999 the
2398 4955 2563 5016 atque
2622 4945 2744 4999 alia:
2793 4941 3109 5013 hujusmodi
3158 4956 3187 4994 a
3241 4940 3345 5010 piis
3399 4938 3656 5009 profecta)

2078 5038 2519 5108 incorruptisque
2576 5035 2807 5105 ingeniis
2844 5032 3347 5097 contradictiones,
3394 5046 3517 5098 quae
3564 5029 3657 5098 ju-

2076 5138 2216 5185 stam
2268 5127 2548 5197 postulaut
2588 5124 2946 5185 solutionem,
2998 5120 3283 5189 impellunt
3327 5133 3428 5171 nos
3468 5115 3535 5169 ad
3567 5115 3655 5169 in.

2073 5220 2376 5290 dagandam
2441 5219 2604 5271 aliam
2660 5214 2981 5283 quaestionis
3037 5210 3499 5280 esplanationem,
3549 5220 3657 5276 qua

2073 5312 2224 5368 dubii
2251 5311 2522 5380 aSpcritas
2544 5308 2609 5362 ad
2636 5305 3007 5375 intelligentia:
3032 5302 3322 5370 laevitatem
3347 5310 3511 5369 atque
3541 5299 3657 5368 pla-

2072 5403 2257 5457 nitiem
2284 5401 2563 5463 dilatetur,
2611 5407 2667 5452 et
2695 5394 3113 5468 ambiguitatem
3162 5392 3413 5446 molestia
3458 5388 3657 5457 dispel»

2069 5497 2231 5552 latur.
2278 5495 2528 5549 Prolecto
2559 5491 2705 5560 quod
2742 5489 2919 5543 saneti
2955 5483 3346 5555 religionisque
3398 5494 3656 5536 suasorcs

2072 5589 2325 5643 divorum
2348 5584 2723 5655 apostolorum
2764 5581 2933 5633 Actus
2981 5577 3311 5646 baptismum
3367 5571 3419 5626 in
3448 5570 3651 5625 Christi

2074 5677 2293 5735 nomine
2325 5674 2765 5729 administratum
2796 5670 2980 5724 dicant
3034 5680 3196 5721 nemo
3229 5680 3361 5720 sana
3397 5659 3654 5717 audiendi

2072 5768 2122 5822 vi
2173 5767 2431 5838 praeditus
2452 5805 2465 5832 ,
2494 5778 2693 5834 negare
2727 5759 2981 5817 audebit'
3014 5765 3387 5815 verumtamen
3428 5754 3652 5824 quinam
