4084 6458
517 462 619 523 307

1669 465 1898 526 ΡΗΟΤΙ
1909 467 1932 524 Ι
1959 466 2465 526 ΡΑΤΠΙΑΒΟΗᾹΞ
2505 466 2612 524 CP.

3703 461 3751 518 3-.
3776 456 3812 518 8

521 572 711 624 horum
752 571 1044 624 verborum
1076 585 1141 625 ac
1181 570 1463 624 nominum
1515 585 1710 627 sensus
1761 573 2098 642 signiﬁcatus

2220 573 2368 641 ικοὴν
2398 571 2750 638 ὑγιαίνουσαν
2792 570 3024 640 ἐχόντων
3053 570 3352 638 ἀντιλέγειν
3385 567 3810 637 ὑποστήσεται·

519 665 612 722 sit.
637 662 778 715 baud
803 677 960 730 teque
981 676 1171 716 omnes
1205 661 1531 730 intelligunt.
1560 665 1647 718 Ait
1665 666 1830 734 igitur
1848 667 2097 733 princeps

521 753 894 823 apestolorum
927 750 1144 814 Petrus,
1179 752 1308 805 dum
1348 751 1568 806 Judzeos
1626 754 1690 806 ad
1720 755 2096 823 paenitentiam

526 848 857 906 hortaretur,
903 843 1229 911 veniamque
1262 845 1326 898 iis
1362 853 1586 912 patratae
1615 846 1795 899 caedis
1835 846 2053 900 offerret
2083 863 2095 898 :

527 956 545 988 ι
578 935 891 1004 Baptizatur
922 936 1302 1004 unusquisque
1329 947 1566 989 vestrum
1613 938 1666 990 in
1715 939 1936 991 nomine
1969 935 2098 991 Jcsu

522 1029 723 1080 Christi
742 1029 794 1080 in
815 1028 1188 1081 remissionem
1209 1039 1548 1096 peccatorum
1566 1030 1702 1083 ⁸⁹’²⁵.
1718 1048 1734 1080 ι
1757 1028 2102 1100 Rursumque

525 1116 714 1169 divino
746 1115 925 1168 alIlatu
968 1116 1032 1168 ad
1077 1117 1456 1185 baptizandum
1504 1123 1878 1174 centurionem
1904 1121 2102 1175 instin-

529 1216 671 1265 ctus,
691 1205 1004 1259 Cornelium
1026 1207 1202 1274 ipsum
1223 1218 1275 1261 et
1299 1209 1389 1278 qui
1413 1225 1535 1262 cum
1555 1225 1622 1263 eo
1645 1221 1802 1263 erant
1820 1227 2104 1280 regenera-

531 1294 678 1346 tione
711 1294 964 1361 dignatus
984 1302 1086 1357 est,
1112 1295 1313 1349 donum
1336 1298 1414 1350 eis
1437 1299 1773 1354 remissionis
1802 1301 1855 1353 in
1883 1302 2103 1355 nomine

529 1383 741 1436 Domini
785 1384 1126 1452 impertiens.
1159 1385 1424 1440 Praeterea
1452 1388 1645 1457 Ephesi
1676 1390 1899 1458 quidam
1948 1402 2105 1446 erant

527 1474 798 1542 discipuli,
832 1476 923 1544 qui
947 1474 1171 1531 Joannis
1197 1487 1403 1532 tantum
1430 1480 1700 1548 baptismo
1725 1483 1818 1535 loti
1851 1484 2100 1537 fuerant:

527 1573 688 1634 atque
729 1565 782 1618 hi
815 1569 956 1634 'post
985 1568 1225 1622 auditam
1277 1569 1428 1625 Pauli
1463 1573 1923 1641 praedicationem,
1977 1591 2103 1629 cum

529 1657 596 1711 iis
627 1657 928 1725 piaculares
957 1660 1026 1714 ab
1050 1661 1311 1728 Apostolo
1332 1678 1523 1718 manus
1551 1664 1604 1716 in
1637 1667 1856 1718 nomine
1889 1665 2104 1721 Domini

526 1747 653 1804 Jesu
684 1750 886 1804 Christi
920 1749 1152 1805 fuissent
1186 1754 1454 1821 impositae
1477 1795 1491 1817 ,
1535 1756 1760 1808 caeleste
1798 1757 2106 1825 adoptionis

527 1842 727 1894 donum
753 1853 1116 1912 exceperunt,
1148 1853 1201 1898 et
1223 1846 1555 1900 sanctissimi
1597 1846 1833 1915 Spiritus
1865 1849 2104 1902 afflatum

2204 663 2338 714 Τίνα
2383 663 2439 714 δέ
2485 661 2723 714 διάνοιαν
2767 663 2834 715 τὰ
2876 662 3102 715 τοιαῦτα
3142 664 3360 733 ῥήματα
3408 663 3506 714 καὶ
3552 660 3816 728 ὀνόματα

2205 754 2537 806 ἀναπτύσσει
2566 754 2659 806 καὶ
2688 754 3051 824 διερμηνεύει,
3080 754 3262 806 οὐκέτι
3284 753 3489 815 παντὸς
3513 756 3651 806 ἐστι
3692 769 3819 803 συν-

2209 843 2365 896 ιέναι.
2403 843 2564 910 Λέγει
2608 843 2704 912 μὲν
2743 843 2836 896 οῦν
2865 846 2915 912 ,ὁ
2955 847 3250 913 κορυφαῖος
3285 846 3489 912 Πέτρος
3518 846 3612 906 εἱς
3644 846 3792 912 μετά

2206 951 2354 986 νοιαν
2403 934 2529 997 τοὺς
2601 933 2880 997 Ἰουδαίους
2937 935 3247 1002 ἐπαλείφων
3308 936 3401 987 καὶ
3453 934 3809 1001 συγγνώμη.

2207 1025 2690 1094 εὐαγγελιζόμενος
2722 1027 2816 1094 τῆς
2847 1025 3183 1094 μιαιφονίας·
3218 1044 3236 1076 ι
3269 1027 3660 1095 Βαπτισθήτω
3687 1026 3816 1077 Exa-

2210 1135 2333 1181 στος
2359 1119 2511 1187 ὑμῶν
2542 1121 2600 1171 ἐν
2635 1119 2714 1188 τῷ
2738 1119 2962 1187 ὀνόματι
3009 1119 3187 1188 Ἰησοῦ
3218 1118 3452 1187 Χριστοῦ
3473 1120 3567 1180 εἱς
3612 1118 3814 1184 ἀφεσιτ

2208 1207 2514 1276 ἁμαρτιῶν.
2555 1227 2572 1258 ι
2605 1207 2716 1259 Καὶ
2737 1208 2898 1260 πάλιν
2932 1210 2996 1259 ἐκ
3030 1207 3181 1270 θείας
3219 1205 3654 1272 ἐπιπνοίαπτδν
3685 1207 3821 1256 ἐκα-

2208 1302 2502 1372 τόνταρχον
2527 1302 2890 1371 βαπτίσασθαι
2921 1302 3276 1373 προτραπεὶς,
3298 1301 3460 1354 αὐτόν
3483 1317 3554 1353 τε
3593 1301 3822 1369 Κορνή-

2210 1391 2322 1444 λιον
2353 1392 2446 1444 καὶ
2493 1394 2618 1454 τοὺς
2658 1393 2776 1460 μετ’
2810 1392 2975 1446 αὑτοῦ
3010 1393 3109 1460 τῆς
3157 1391 3593 1459 παλιγγενεσίας
3644 1389 3819 1453 ἀξιοῖ,

2211 1485 2271 1536 τὺ
2291 1483 2460 1551 δῶρον
2491 1485 2673 1547 αὐτοῖς
2698 1485 2798 1553 τῆς
2835 1484 3080 1552 ἀφέσεως
3114 1485 3171 1535 ἐν
3196 1482 3271 1552 τῷ
3300 1483 3527 1552 ὀνόματι
3555 1481 3664 1533 τοῦ
3700 1481 3819 1533 Κυ-

2212 1577 2329 1645 ρίου
2361 1574 2680 1644 ἱερουργῶν.
2714 1577 2821 1627 Καὶ
2847 1574 2990 1628 κατά
3009 1573 3108 1644 τὴν
3151 1575 3383 1641 Ἔφεσον
3410 1573 3468 1625 δέ
3505 1569 3668 1642 ἦσαν
3715 1589 3822 1639 μα-

2213 1665 2372 1734 θηταὶ
2395 1665 2444 1717 οἳ
2477 1665 2638 1734 μόνον
2670 1667 2747 1735 τῷ
2772 1665 2867 1718 τοῦ
2903 1667 3148 1719 Ἰωάννου
3185 1666 3525 1734 βαπτίσματι
3571 1663 3819 1717 ἐϐαπτί-

2213 1776 2401 1812 dav—ur
2421 1759 2513 1822 οὒς
2547 1761 2640 1813 καὶ
2671 1759 2965 1821 ἀκούοντας
2995 1759 3088 1812 τοῦ
3118 1759 3331 1812 Παύλου
3346 1759 3747 1821 διδάσκοντος,
3787 1758 3820 1825 ἡ

2220 1853 2429 1923 ἱστορία
2459 1855 2764 1924 ἀναγράφει
2795 1853 3076 1916 ἐπιθέντος
3101 1853 3286 1916 αὐτοῖς
3320 1853 3414 1905 τοῦ
3463 1851 3818 1904 Ἀποστόλου

527 1932 732 1997 experti
777 1941 904 1986 sunt
929 1933 994 1988 ’⁵.
1035 1931 1421 2002 Saepenumero
1461 1936 1598 1990 alias
1630 1938 1930 1991 secundum
1972 1939 2112 1992 hanc

2220 1945 2306 2007 τὰς
2345 1945 2686 2016 ἱλαστηρίους
2717 1947 2904 2015 χεῖρας
2929 1947 3008 2008 εἱς
3037 1945 3098 1997 τδ
3129 1944 3298 2013 ὄνομα
3319 1943 3412 1996 τοῦ
3444 1943 3666 2012 Κυρίου
3711 1942 3820 2012 Ἰηο

530 2022 817 2077 formulam
850 2024 1179 2094 baptismum
1211 2027 1650 2081 administratum
1688 2028 1832 2083 haud
1860 2045 2002 2099 aegre
2025 2029 2107 2084 in-

528 2115 735 2169 venies.
785 2112 1170 2172 Verumtamen
1202 2161 1217 2185 ,
1279 2119 1356 2172 uti
1379 2117 1492 2187 jam
1539 2120 1748 2174 dictum
1792 2130 1896 2184 est,
1965 2137 2108 2190 saepe

528 2204 706 2261 facilis
742 2206 1186 2277 interpretatioin
1210 2224 1376 2264 sacrae
1401 2210 1596 2263 mentis
1629 2211 1840 2264 sinibus
1869 2213 2105 2278 condita,

531 2297 636 2350 nisi
666 2300 939 2354 eruditum
971 2301 1239 2370 judicium
1273 2317 1336 2357 ac
1385 2302 1797 2356 meditationem
1827 2304 2111 2358 nancisca-

531 2397 641 2454 tur,
666 2406 844 2460 neque
867 2393 1205 2450 obscuritate
1231 2409 1406 2464 neque
1424 2404 1721 2464 apparente
1751 2396 2110 2464 repugnantia

529 2480 872 2538 liberabitur.
903 2481 1151 2553 Namque
1203 2485 1544 2540 inconsultus
1595 2485 1822 2540 vocibus
1856 2486 1990 2555 ipsis
2020 2502 2112 2540 as-

528 2585 744 2637 sensus,
772 2587 837 2627 ac
861 2573 1152 2628 verborum
1177 2583 1336 2644 prout
1365 2583 1563 2629 sonant
1591 2575 1872 2639 admissio,
1895 2585 1950 2629 et
1979 2576 2114 2631 alias

529 2661 729 2715 multas
754 2661 1034 2717 multoties
1054 2664 1419 2719 absurditates
1452 2667 1676 2734 peperit,
1700 2676 1752 2720 et
1783 2681 1927 2719 nunc
1952 2667 2114 2720 etiam

534 2766 643 2804 non
679 2751 734 2805 in
788 2755 927 2808 duos
970 2755 1120 2810 solos
1162 2757 1302 2810 ritus
1336 2757 1632 2810 verendum
1687 2757 2116 2826 regenerationis

533 2841 852 2909 mysterium
883 2843 1172 2908 divideret,
1222 2846 1315 2899 sed
1343 2847 1483 2900 alios
1529 2847 1730 2903 multos
1771 2863 1801 2902 e
1847 2848 2118 2904 divisione

535 2932 861 2998 pullulantes
890 2935 1174 2991 exhiberet
1199 2961 1211 2993 ;
1254 2938 1521 3006 siquidem
1548 2955 1616 2993 ex
1645 2941 1982 2995 incremento
2007 2942 2119 3010 pri-

538 3038 626 3076 m0
648 3024 918 3093 originem
947 3027 1053 3080 alia
1090 3029 1397 3094 traherent;
1433 3031 1505 3083 ita
1540 3041 1600 3085 ut
1630 3031 1684 3084 in
1714 3032 2117 3087 multitudinem

2207 2036 2301 2091 σοῦ
2329 2037 2588 2108 Χριστοῦ,
2623 2037 2685 2089 τὸ
2717 2037 2970 2107 οὐράνιον
2993 2036 3093 2103 τῆς
3138 2035 3409 2098 υἱοθεσίας
3437 2036 3626 2107 δῶρον
3655 2033 3818 2098 δέξα-

2209 2131 2351 2195 σθαι,
2376 2130 2471 2183 καὶ
2498 2129 2597 2198 τῆς
2620 2131 3017 2199 ἐπιφοιτήσεως
3047 2127 3352 2181 ἀπολαῦσαι
3390 2127 3486 2180 τοῦ
3528 2128 3818 2194 παναγίου

2208 2220 2549 2291 Πνεύματος.
2604 2221 2713 2274 Καὶ
2756 2220 2926 2290 μυρία
2961 2220 3020 2272 δέ
3069 2219 3203 2273 ἄλλα
3251 2217 3481 2271 τοιαῦτα
3525 2218 3684 2270 κατά
3727 2215 3821 2268 τὸν

2208 2315 2392 2382 ὅμοιον
2416 2313 2525 2366 τῶν
2561 2311 2822 2382 ῥημάτων
2860 2309 3028 2363 τύπον
3070 2309 3164 2363 τοῦ
3197 2309 3582 2380 βαπτίσματος
3620 2307 3817 2377 ἐξενηο

2208 2404 2445 2473 νεγμένα
2478 2401 2874 2472 ἀταλαιπώρως
2933 2402 3048 2453 ἐστὶ
3101 2400 3564 2469 καταλαμϐάνειν.
3632 2398 3809 2466 Πλὴν,

2211 2495 2286 2559 ὡς
2312 2496 2548 2565 εἴρηται,
2579 2493 2838 2559 πολλάκις
2867 2494 2927 2547 τὸ
2949 2493 3238 2564 πρόχειρον
3262 2491 3362 2562 τῆς
3388 2493 3707 2564 ἑρμηνείας
3739 2488 3816 2559 τῷ

2215 2587 2367 2656 βάθει
2395 2585 2794 2656 καταδυόμενον
2823 2588 2920 2656 τῆς
2942 2586 3095 2656 ἱερᾶς
3122 2584 3382 2650 διανοίας,
3415 2583 3482 2637 ἂν
3523 2581 3605 2654 μὴ
3639 2597 3814 2651 1:903-

2213 2677 2352 2748 λάϐῃ
2388 2676 2486 2746 τὴν
2532 2676 2919 2744 φιλολογοῦσαν
2979 2676 3218 2746 βάσανον
3261 2676 3358 2728 καὶ
3405 2674 3672 2745 μελέτην,
3714 2673 3813 2739 τῆς

2216 2767 2486 2837 ἀσαφείας
2529 2767 2625 2820 καὶ
2657 2767 2758 2836 τῆς
2788 2767 2929 2819 κατά
2971 2768 3072 2837 τὴν
3114 2749 3382 2836 ὑπόληψιν
3420 2767 3678 2826 στάσεως
3717 2763 3816 2814 οὐκ

2216 2857 2392 2910 ἐθέλει
2434 2857 2892 2912 ἀπαλλάττεσθαι.
2943 2858 3055 2910 Καὶ
3109 2857 3217 2927 γάρ
3249 2859 3280 2927 ἠ
3316 2856 3460 2910 κατά
3487 2857 3594 2918 τὰς
3630 2852 3812 2922 φωνάς

2217 2949 2529 3018 ἀδιάκριτος
2560 2950 2978 3019 συγκατάθεσις,
3009 2951 3102 3002 καὶ
3142 2951 3175 3018 ἡ
3205 2950 3344 3001 κατά
3389 2949 3491 3018 τὴν
3521 2947 3813 3016 ἀπήχησιν

2217 3038 2327 3092 τῶν
2359 3039 2620 3112 ῥημάτων
2655 3039 2960 3110 παραδοχὴ,
2994 3039 3130 3092 ἀλλα
3160 3055 3218 3091 τε
3253 3038 3422 3091 πολλά
3445 3039 3555 3091 τῶν
3590 3037 3813 3090 ἀτόπων

533 3115 882 3170 diduceretur
913 3118 1074 3172 unica
1113 3128 1275 3188 atque
1310 3121 1586 3176 individua
1623 3123 1848 3192 religio,
1894 3134 1950 3178 et
1989 3125 2115 3177 uni-

2220 3131 2276 3184 έν
2311 3129 2524 3194 πολλοῖς
2549 3131 2805 3194 πολλάκις
2828 3131 3062 3184 ἀπέτεκε
3089 3146 3102 3160 ·
3141 3133 3235 3184 καὶ
3259 3129 3353 3182 νῦν
3377 3129 3444 3182 ἂν
3477 3128 3580 3181 οὐκ
3605 3129 3689 3189 εἱς
3715 3125 3808 3178 δύο

534 3205 728 3261 formis
774 3217 936 3278 atque
993 3212 1254 3266 unimoda
1301 3229 1585 3268 sacrorum
1636 3215 1906 3270 institutio
1948 3231 2116 3284 :qua:

533 3299 738 3352 rituum
767 3305 1002 3357 varietas
1043 3306 1270 3359 minime
1307 3306 1514 3361 auferri
1546 3315 1756 3377 potest,
1796 3309 1901 3362 nisi
1940 3309 2114 3377 prima

523 3389 745 3444 invecta
781 3392 1109 3460 diversitas,
1161 3411 1284 3465 quae
1329 3397 1497 3451 divini
1545 3398 1797 3467 praecepti
1842 3392 2116 3470 praeroga-

535 3480 698 3534 tivam
731 3485 1117 3551 pessumdedit,
1156 3487 1319 3542 simul
1361 3487 1663 3542 auferatur.

2221 3221 2442 3285 τελετὰς
2470 3221 2637 3292 μόνας
2661 3222 2723 3275 τὸ
2761 3220 2986 3292 φρικτὸν
3013 3221 3112 3291 τῆς
3163 3219 3586 3288 παλιγγενεσίας
3632 3213 3814 3268 διακὸο

2221 3314 2395 3383 ψειεν,
2441 3313 2576 3367 ἀλλά
2603 3315 2698 3366 καὶ
2732 3314 2932 3384 μυρίας
2961 3312 3125 3376 ἄλλας
3150 3314 3216 3382 τῇ
3247 3313 3530 3381 κατατομῇ
3579 3307 3812 3380 προϐαι-

2222 3407 2419 3468 νούσας
2447 3405 2727 3472 ἐπιδείξει,
2773 3407 2873 3477 τὴν
2927 3405 3150 3476 πρώτην
3195 3404 3510 3475 προσθήκην
3556 3398 3813 3468 ἀφορμὴν

2223 3496 2461 3567 εὑροῦσα
2501 3498 2610 3550 τῶν
2643 3499 2780 3568 μετὰ
2819 3497 3055 3570 ταύτηνο
3111 3498 3205 3551 καὶ
3237 3498 3317 3560 είς
3369 3494 3580 3564 πλῆθος
3621 3490 3813 3546 ἀπολε-

534 3569 808 3626 πτύνουσα
835 3575 896 3628 τὸ
931 3577 1129 3631 ἐνιαῖον
1159 3578 1254 3630 καὶ
1283 3577 1526 3649 ἄτμητον
1555 3579 1654 3648 τῆς
1682 3579 1984 3645 εὐσεϐείας,
2049 3583 2147 3636 καὶ
2182 3585 2242 3638 τὸ
2309 3589 2406 3658 τῆς
2453 3591 2846 3660 μυσταγωγίας
2888 3569 3158 3662 μονοειδὲς
3190 3591 3281 3641 καὶ
3327 3588 3668 3658 μονότροπον
3699 3601 3712 3614 ο
3747 3581 3809 3642 ἂς

533 3662 716 3718 οὐκέτι
765 3667 1289 3738 παραγραφὸμενον,
1325 3669 1447 3722 οὐδὲ
1481 3670 1583 3740 τὴν
1623 3671 1848 3743 πρώτην
1874 3673 2318 3748 ἐπεισελθοῦσαν,
2352 3683 2446 3736 καὶ
2477 3683 2539 3736 τὸ
2597 3683 2892 3754 προνόμιον
2948 3682 3046 3753 τῆς
3083 3679 3420 3750 Δεσποτικῆς
3480 3677 3707 3745 ἐντολῆς
3733 3689 3816 3725 νο·

536 3755 827 3823 θεύσασαν,
859 3760 934 3830 μὴ
968 3760 1090 3831 οὑχὶ
1125 3763 1721 3834 συμπαραγράφεσθαι.

609 3888 662 3942 5.
687 3888 862 3942 Cerne
886 3900 1089 3957 autem,
1109 3890 1290 3957 sodes,
1306 3901 1439 3962 quot
1463 3893 1514 3946 in
1539 3901 1722 3963 partes
1739 3893 1944 3950 dividat
1965 3905 2130 3967 atque

538 3982 827 4051 dispertiat
853 3982 1094 4037 divinam
1127 3986 1514 4056 cmlestemque
1552 3987 1858 4058 adoptionis
1895 3991 2128 4061 gratiam

544 4072 950 4126 inconsiderata
979 4114 994 4139 ,
1033 4081 1092 4128 ut
1127 4075 1390 4139 diximus,
1424 4076 1714 4130 verborum
1756 4075 2125 4144 observantia,

540 4165 680 4232 apud
705 4180 800 4220 eos
820 4166 912 4235 qui
935 4167 1124 4220 nolunt
1151 4168 1216 4221 ad
1237 4168 1516 4238 penetrale
1541 4167 1789 4223 veritatis
1820 4183 2123 4237 permeare.

539 4256 750 4327 Quippe
773 4259 1073 4313 secundum
1099 4275 1289 4315 eorum
1321 4261 1658 4326 institutum,
1683 4262 1776 4331 qui
1808 4261 1971 4315 verba
1997 4261 2121 4331 plus

538 4368 698 4419 aequo
722 4352 1047 4420 suspiciunt,
1081 4353 1216 4406 alter
1243 4353 1462 4421 quidem
1490 4355 1627 4408 ritus
1660 4354 1714 4407 in
1740 4353 1962 4407 nomine
1991 4351 2122 4406 Jesu

540 4443 742 4498 Christi
779 4445 1038 4512 baptizat,
1075 4444 1210 4497 alter
1255 4445 1636 4499 tantummodo
1677 4444 1734 4497 in
1765 4443 1986 4497 nomine
2015 4442 2120 4496 Do-

544 4537 696 4590 mini.
732 4535 1038 4602 Quamnam
1072 4537 1239 4607 igitur
1268 4554 1333 4591 ex
1363 4537 1449 4591 his
1476 4536 1727 4591 formulis
1750 4536 1804 4590 in
1835 4537 1980 4590 sacri
2005 4551 2124 4589 mu-

543 4630 689 4686 neris
728 4630 1130 4685 ministratione
1174 4628 1602 4699 usurpabimus?
1631 4627 1820 4696 Neque
1863 4628 2008 4682 enim
2040 4627 2122 4681 al-

547 4724 714 4779 ternis
753 4733 807 4777 et
837 4739 934 4793 pro
965 4724 1120 4778 libito
1155 4724 1240 4776 his
1267 4722 1602 4777 dictionibus
1630 4721 1708 4774 uti
1741 4721 1908 4775 licet:
1945 4727 2000 4774 et
2029 4720 2123 4789 qui

545 4814 858 4867 alterutram
891 4813 1272 4882 praedictarum
1303 4812 1506 4872 abolet,
1553 4811 1600 4866 is
1644 4810 1789 4864 viam
1839 4809 2010 4864 munit
2057 4809 2126 4864 ad

544 4904 678 4959 alias
711 4919 929 4973 quoque
962 4904 1284 4958 abolitiones
1319 4901 1804 4958 constabiliendas.
1843 4904 2019 4970 Atque
2051 4901 2128 4956 ita

544 4999 682 5052 ritus
711 5006 938 5051 cunctos
963 4996 1103 5050 inter
1121 5010 1181 5050 se
1209 4997 1364 5065 quasi
1385 4995 1574 5065 praelio
1602 4993 1947 5048 committent
1970 4992 2004 5046 ii
2028 4993 2123 5062 qui

545 5090 875 5157 baptismum
896 5105 961 5143 ex
985 5087 1264 5145 Dominica
1282 5087 1627 5143 institutione
1651 5087 1948 5141 celebrant.
1970 5084 2126 5151 Quod

547 5180 593 5234 si
616 5180 671 5233 in
702 5180 942 5250 mysticte
967 5178 1274 5248 adoptionis
1308 5177 1554 5233 formulis
1582 5177 1755 5233 libera
1794 5177 1864 5232 sit
1895 5176 2129 5231 facultas

549 5274 654 5327 hoc
681 5271 984 5335 auferendi,
1021 5271 1151 5326 illud
1185 5270 1508 5340 adjiciendi;
1541 5270 1667 5340 quis
1695 5269 1807 5339 jam
1844 5269 2127 5338 impediat,

552 5367 846 5433 quominus
891 5365 981 5418 alii
1017 5365 1172 5428 alias,
1209 5374 1402 5434 przeter
1429 5364 1626 5427 dictas,
1669 5363 1981 5428 excogitent
2031 5362 2134 5414 ini-

555 5454 841 5510 tiationes?
873 5457 1088 5520 Quanto
1121 5457 1284 5528 igitur
1307 5457 1514 5526 justius
1545 5466 1708 5524 atque
1728 5464 1881 5510 extra
1913 5467 2132 5508 omnem

561 5547 987 5600 controversiam
1035 5558 1141 5612 est,
1180 5562 1298 5600 eam
1330 5547 1598 5602 stabiliter
1648 5561 1761 5614 pra:
1823 5545 2136 5600 arbitrariis

563 5631 848 5691 formulam
881 5640 1129 5704 retinere,
1154 5655 1316 5710 quam
1341 5639 1516 5710 ipsius
1537 5638 1782 5694 veritatis
1803 5637 1986 5708 lingua
2013 5650 2139 5707 pro-

640 5863 758 5896 “'“
794 5872 910 5929 Act.
946 5893 1006 5940 ιι,
1035 5880 1140 5942 58;
1180 5895 1206 5932 ιι
1236 5878 1324 5933 48.
1401 5878 1445 5910 ’⁸
1480 5879 1599 5932 Act.
1633 5892 1748 5942 nx,
1787 5877 1839 5932 5.

2305 3917 2332 3952 ε
2353 3936 2368 3952 .
2401 3898 2544 3968 Ὅρα
2572 3896 2629 3950 δὲ
2671 3896 2750 3958 εἱς
2783 3895 2926 3949 πόσα
2962 3895 3290 3962 κατατέμνει
3323 3893 3417 3946 καὶ
3455 3890 3812 3964 καταμερίζει

2231 3989 2295 4045 τὺ
2325 3989 2466 4043 θεῖον
2490 3988 2585 4041 καὶ
2631 3987 2878 4057 οὐράνιον
2905 3986 3154 4056 χάρισμα
3192 3984 3292 4054 τῆς
3332 3984 3610 4050 υἱοθεσίας
3647 3987 3680 4054 ἡ
3709 3983 3810 4036 τῶν

2235 4080 2497 4152 ῥημάτων
2515 4077 2591 4140 ὡς
2619 4077 2878 4140 πολλάκις
2903 4077 3116 4147 ἔφημεν
3139 4075 3501 4139 ἀϐασάνιστος
3533 4074 3778 4146 προσοχὴ
3794 4113 3811 4139 ,

2234 4171 2327 4223 καὶ
2378 4169 2440 4221 τὸ
2497 4167 2572 4238 μὴ
2629 4166 2916 4237 βούλεσθαι
2963 4167 3101 4236 πρὸς
3136 4165 3198 4218 τὸ
3227 4166 3387 4235 βάθος
3421 4166 3528 4234 ⁴τῆς
3558 4165 3811 4235 ἀληθείας

2229 4259 2613 4316 καταδύεσθαι.
2660 4258 2726 4312 Ἠ
2780 4260 2878 4329 μὲν
2917 4258 3026 4329 γάρ
3077 4259 3220 4312 κατά
3261 4258 3360 4325 τὴν
3407 4257 3668 4311 ὑπόθεσιν
3707 4254 3810 4308 τῶν

2228 4353 2367 4424 πρὸς
2415 4352 2513 4415 τὰς
2554 4350 2727 4415 λέξεις
2779 4353 3108 4421 κεχηνὸτων,
3143 4354 3201 4405 ἐν
3249 4352 3326 4420 τῷ
3368 4351 3592 4420 ὀνόματι
3642 4345 3806 4418 Ἰησοῦ

2228 4444 2468 4515 Χριστοῦ
2501 4441 2777 4514 βαπτίζει,
2825 4441 2958 4512 άλλη
3001 4442 3058 4495 δὲ
3097 4445 3156 4496 ἐν
3190 4432 3539 4512 τῷονόματι
3577 4440 3674 4494 τοῦ
3703 4439 3807 4490 Κυ-

2232 4537 2352 4606 ρίου
2385 4536 2566 4606 μόνον.
2601 4535 2720 4588 Τίνι
2764 4533 2857 4588 οῦν
2886 4534 2993 4588 τῶν
3039 4533 3347 4605 εἰρημένων
3383 4535 3438 4585 ἐν
3482 4537 3550 4604 τῇ
3585 4533 3680 4587 τοῦ
3714 4528 3807 4583 δώ-

2233 4645 2327 4701 ρου
2378 4627 2758 4698 τελεσιουργίᾳ
2811 4625 3163 4697 χρησόμεθα;
3222 4626 3335 4678 Οὐκ
3379 4626 3562 4694 ἔχουσι
3610 4625 3716 4695 γάρ
3754 4619 3807 4673 ab

2233 4721 2611 4792 παραλλάττον
2639 4719 2759 4772 οὑδέ
2785 4719 2846 4772 τὸ
2889 4717 3326 4788 προκεκριμένον
3356 4717 3656 4786 κεχρῆσθαι
3703 4713 3804 4772 τοῖς

2236 4811 2583 4884 βουλομένοις
2626 4810 2684 4863 αἱ
2731 4809 2906 4878 φωναί
2945 4824 2960 4839 ο
2988 4809 3084 4861 καὶ
3132 4810 3160 4861 ὁ
3199 4808 3329 4876 μίαν
3361 4810 3468 4860 τῶν
3511 4806 3804 4876 εἰρημένων

2237 4905 2757 4976 παραγραφόμενος,
2791 4901 2994 4955 ἔδωκεν
3025 4901 3144 4954 ὁδὸν
3181 4900 3246 4953 δι’
3273 4894 3341 4972 ἦς
3379 4899 3563 4964 ἕξουσι
3594 4900 3656 4952 τὸ
3685 4896 3804 4965 κρά-

2230 5013 2323 5058 τος
2347 4997 2440 5049 καὶ
2461 4995 2568 5047 τῶν
2594 4993 2771 5049 ἄλλων
2809 4995 2864 5047 αἱ
2914 4991 3299 5063 παραγραφαί.
3333 4991 3442 5043 Καὶ
3467 4989 3613 5044 οὕτω
3639 4988 3806 5044 πάσας

2237 5085 2380 5141 κατά
2405 5086 2593 5138 πασῶν
2625 5081 3066 5156 παρατάττεσθαι
3093 5082 3472 5136 συνελάσουσιν
3505 5076 3657 5150 οἶμαι
3683 5073 3808 5131 κατὰ

2227 5177 2326 5248 τὴν
2356 5174 2686 5243 δεσποτικὴν
2712 5172 3107 5244 μυσταγωγίαν
3124 5171 3409 5234 τελοῦντες
3431 5170 3494 5222 τὸ
3516 5169 3803 5240 βάπτισμα.

2230 5271 2340 5323 Καὶ
2371 5271 2420 5322 εἰ
2467 5268 2675 5321 δέδοται
2719 5265 2864 5320 κατὰ
2893 5266 2991 5329 τὰς
3032 5264 3376 5334 ἐκφωνήσεις
3415 5266 3516 5333 τῆς
3556 5257 3806 5333 μυστικῆς

2232 5360 2509 5424 υἱοθεσίας
2543 5360 2604 5412 τὸ
2637 5358 2735 5429 μὲν
2774 5357 2994 5427 ἀφελεῖν
3018 5397 3034 5422 ,
3061 5358 3122 5410 τὸ
3150 5357 3206 5408 δέ
3243 5356 3583 5425 προσθεῖναι,
3619 5355 3669 5408 τί
3712 5367 3806 5404 κω-

2231 5453 2348 5506 λύει
2396 5452 2560 5505 πάλιν
2591 5451 2718 5513 τοὺς
2769 5449 3130 5519 βουλομένους
3167 5448 3261 5500 καὶ
3297 5446 3450 5517 παρά
3473 5446 3572 5508 τάς
3598 5438 3804 5513 εἰρημέ-

2243 5562 2339 5608 νας
2371 5544 2565 5615 ἐτὲρας
2613 5544 2850 5594 ἐπινοεῖν
2879 5540 3138 5605 τελετάς;
3188 5538 3349 5608 Πόσῳ
3378 5538 3435 5590 δὲ
3474 5537 3674 5606 μᾶλλον
3697 5528 3802 5586 ἀντὶ

2242 5637 2350 5691 τῶν
2376 5636 2476 5689 οὐκ
2496 5635 2802 5705 εἰρημένων
2842 5632 2907 5702 ἢν
2936 5633 2970 5701 ἡ
3001 5631 3101 5702 τῆς
3129 5630 3390 5702 ἀληθείας
3417 5627 3589 5701 αὐτῆς
3625 5619 3803 5683 ἀπεθῶ
