4084 6440
339 450 442 519 309

1253 450 1354 508 AD
1411 447 2005 507 AMPHILOCHIUM
2062 447 2406 517 QU/ESTIO
2457 449 2669 514 XLIII.

3500 439 3607 505 320

339 566 502 620 σπισε
526 563 753 633 γλῶσσα
803 560 1008 632 ταύτην
1041 557 1354 630 κρατύνειν,
1396 559 1491 610 καὶ
1530 556 1673 610 κατά
1717 555 1920 624 ταύτην

2041 558 2339 620 iuntiavit,
2415 566 2581 628 atque
2655 558 2820 628 hujus
2893 555 3074 612 verbis
3140 552 3606 626 regenerationem

339 657 579 711 ἐκτελεῖν
601 655 697 726 τὴν
725 650 1146 724 παλιγγενεσίαν
1171 649 1316 704 ὅσιόν
1338 666 1400 703 τε
1421 649 1514 703 καί¹
1539 649 1716 712 αἰτίας
1738 647 1920 726 πάσης

340 745 784 820 ὑπερανεστηκός
805 763 820 812 ;
1896 723 1903 729 ’

414 837 487 906 ς’.
544 839 655 892 Καὶ
701 836 854 890 οὔπω
898 833 1050 889 εἷπον
1101 833 1208 888 τῶν
1243 831 1480 902 ἐλέγχων
1504 831 1575 898 τὸξ
1597 830 1807 901 ἄμαχον
1840 830 1919 883 ὅτι

341 931 569 984 δώσουσι
595 930 694 982 κᾶν
724 927 798 999 μὴ
829 926 1056 979 θέλωσιν
1084 926 1132 978 οἱ
1157 924 1256 994 τὴν
1279 921 1606 991 δεσποτικὴν
1632 937 1923 991 μυσταγω-

343 1023 468 1090 γίαν
528 1018 623 1073 ἀπ’
674 1019 850 1089 ἀρχῆς
878 1017 1146 1080 λιπόντες,
1192 1015 1455 1086 ἀπείρους
1493 1014 1592 1076 τάς
1642 1014 1756 1083 τῆς
1792 1013 1922 1083 μιᾶς

339 1111 610 1174 υἱοθεσίας
647 1110 892 1175 τελετὰς,
925 1108 1020 1161 καὶ
1051 1108 1130 1169 είς
1169 1105 1370 1177 χλεύην
1397 1105 1458 1158 τὸ
1487 1104 1733 1176 χάρισμα
1764 1121 1922 1174 περι-

341 1203 622 1274 στήσουσι.
657 1200 986 1254 Βαπτίσουσι
1029 1197 1086 1250 δὲ
1120 1199 1217 1250 καὶ
1245 1196 1429 1249 οὐκέτι
1461 1195 1554 1249 τοῦ
1597 1194 1788 1265 ἱερέως
1823 1193 1924 1258 τάς

340 1295 666 1364 Θεοπρεπεῖς
710 1289 1198 1361 μυσταγωγοῦντος
1228 1288 1473 1359 κλήσεις,
1507 1287 1624 1342 ἀλλ’
1659 1287 1824 1340 αὐτοῦ
1857 1303 1924 1355 γε

337 1385 432 1435 τοῦ
465 1381 772 1452 μυουμένου
811 1379 920 1450 πρὸ
963 1376 1058 1431 τοῦ
1105 1379 1378 1448 μυηθῆναι
1413 1375 1512 1447 τὴν
1557 1375 1924 1445 μυσταγωγὴν

338 1476 540 1546 πρᾶξιν
575 1472 934 1544 ἁρπάζοντος,
960 1471 1054 1523 καὶ
1080 1469 1203 1523 τότε
1230 1471 1328 1539 οὐχ
1355 1469 1574 1540 ἐτέρους
1596 1466 1712 1521 ἀλλ’
1734 1467 1925 1520 ἐαυτὸν

338 1569 700 1636 καθαίροντος
725 1567 803 1638 τῷ
830 1563 1040 1636 λουτρῷ
1074 1565 1174 1634 τῆς
1203 1560 1641 1630 παλιγγενεσίας.
1679 1559 1791 1613 Καὶ
1818 1560 1925 1630 γὰρ

337 1665 400 1714 ἐν
437 1663 626 1723 αὑταῖς
662 1661 777 1712 ἐστι
815 1658 923 1712 τῶν
954 1657 1266 1711 ἀποστόλων
1290 1655 1469 1726 εὑρεῖν
1513 1656 1632 1715 ταῖς
1661 1654 1924 1724 ἀγιοπρε-

339 1753 474 1806 πέσι
526 1750 821 1822 Πράξεσιν,
871 1749 948 1812 ὡς
991 1747 1100 1800 τῶν
1149 1745 1408 1818 μαθητῶν
1470 1741 1550 1808 εἷς
1601 1745 1859 1816 ὑπάρχων
1900 1747 1928 1796 6

358 1843 635 1907 Ἀνανίας,
695 1842 790 1895 καὶ
835 1839 985 1902 θείας
1025 1839 1202 1908 ὅψεως
1248 1835 1690 1908 προσταττούσης
1729 1837 1807 1898 εἰς
1836 1836 1926 1888 τὸν

2025 665 2281 723 peragere
2296 651 2320 703 ?

2101 835 2156 889 6.
2180 831 2436 887 Nondum
2473 841 2655 886 tamen
2694 830 2951 885 invictam
2978 828 3175 896 protuli
3197 827 3472 896 opinionis
3501 825 3608 880 hu-

2023 927 2116 997 jus
2150 924 2564 989 refutationem;
2603 937 2798 990 nempe
2825 919 2971 990 quod
3000 921 3089 988 qui
3123 919 3465 974 Dominicum
3498 917 3606 970 ini-

2031 1017 2274 1073 tiationis
2296 1017 2459 1070 ritum
2492 1015 2742 1069 deserere
2762 1015 3051 1081 cceperint,
3086 1012 3122 1064 ii
3148 1011 3232 1066 vel
3260 1011 3410 1064 inviti
3444 1010 3607 1062 innu-

2030 1108 2318 1164 merabiles
2341 1108 2505 1160 unius
2533 1105 2842 1173 adoptionis
2872 1105 3110 1157 rationes
3145 1102 3461 1170 procudent,
3487 1116 3612 1170 gra-

2033 1198 2272 1266 tiamque
2299 1197 2440 1250 hanc
2472 1194 2708 1248 ludibrio
2742 1193 3026 1258 objicient.
3080 1190 3440 1260 Baptizabunt
3466 1190 3607 1243 enim

2033 1289 2179 1344 haud
2222 1288 2335 1358 jam
2364 1286 2645 1342 sacerdote
2685 1285 2901 1338 divinas
2931 1293 3208 1351 praeeunte
3240 1281 3614 1334 invocationes

2032 1396 2220 1436 verum
2251 1380 2366 1448 ipso
2400 1377 2698 1447 neophyto,
2724 1384 3014 1444 antequam
3045 1372 3311 1436 initietur,
3341 1379 3615 1440 mystago-

2033 1473 2214 1544 gicum
2246 1481 2428 1524 actum
2460 1468 2564 1523 sibi
2597 1467 2910 1520 vindicante
2937 1483 2949 1518 :
2977 1465 3052 1519 ita
3077 1473 3134 1517 ut
3180 1464 3322 1517 haud
3355 1463 3491 1516 alios
3520 1463 3612 1514 sed

2033 1565 2151 1633 ipse
2190 1577 2250 1617 se
2303 1561 2523 1614 lavacro
2571 1556 2998 1627 regenerationis
3033 1554 3233 1623 expiet.
3295 1553 3503 1606 Etenim
3560 1550 3612 1603 in

2034 1654 2238 1710 sanctis
2285 1653 2415 1721 ipsis
2464 1651 2830 1720 apostolorum
2875 1648 3098 1702 Actibus
3123 1648 3189 1710 ’⁸,
3261 1645 3502 1699 Ananias
3549 1659 3617 1697 ex

2033 1744 2316 1814 discipulis
2347 1758 2510 1803 unus.
2543 1741 2754 1798 caelesti
2785 1741 2903 1795 viso
2933 1739 3123 1808 jussus
3156 1739 3210 1791 in
3243 1737 3612 1805 apostolorum

2036 1848 2236 1893 malum
2265 1837 2538 1891 ascribere
2570 1843 2976 1902 persecutorem
3017 1833 3164 1886 illum
3212 1844 3500 1898 acremque
3534 1843 3619 1882 re-

334 1937 504 2008 χορὸν
551 1936 661 1987 τῶν
701 1932 1028 1998 ἀποστόλωνλ
1062 1929 1390 1996 συναγαγεῖν
1421 1927 1523 1998 τὴν
1569 1925 1806 1996 διώκτην
1836 1926 1929 1978 καὶ

2040 1928 2249 1999 ligionis
2285 1929 2517 1987 hostem.
2553 1926 2794 1979 nondum
2832 1923 3060 1977 Paulum
3085 1922 3370 1985 effectum;
3404 1928 3620 1989 postea-

334 2026 514 2081 δεινὸν
542 2024 802 2094 πολέμιον
845 2021 946 2090 τῆς
972 2017 1254 2080 εὐσεϐείας
1289 2018 1380 2070 τὸν
1415 2014 1568 2070 οὔπω
1600 2015 1810 2068 Παῦλον
1837 2032 1930 2082 γε-

335 2118 560 2188 γονότα,
611 2115 775 2187 ήνίκα
813 2113 906 2167 καὶ
950 2112 1010 2165 τὸ
1053 2110 1362 2182 σωματικὸν
1399 2108 1586 2171 σκότος
1619 2106 1728 2160 τῶν
1755 2107 1930 2176 ὄψεων

337 2212 414 2280 τῇ
461 2211 559 2278 τῆς
598 2203 783 2277 χειρὸς
824 2204 936 2273 ἀφῇ
991 2204 1019 2256 6
1073 2200 1434 2272 μυσταγωγὸς
1482 2198 1577 2252 τοῦ
1627 2199 1930 2269 μυουμένου
1974 2191 1978 2196 ’

341 2301 609 2372 περιεῖλε,
633 2301 755 2352 τότε
782 2297 847 2368 δὴ
885 2296 1006 2349 τότε
1049 2296 1077 2347 6
1121 2294 1372 2357 Ἀνανίας
1403 2292 1540 2363 πρὸς
1577 2291 1670 2344 τὸν
1708 2294 1773 2345 ἐκ
1805 2293 1933 2344 σκό-

335 2411 468 2456 τους
503 2393 582 2455 εἰς
610 2391 671 2443 τὸ
701 2388 814 2458 φῶς
851 2389 945 2440 καὶ
979 2386 1069 2439 τὸν
1098 2383 1223 2438 νοῦν
1251 2383 1347 2437 καὶ
1373 2382 1471 2445 τὰς
1491 2381 1657 2460 ,ὄψεις
1697 2381 1933 2451 μεταϐε-

337 2485 641 2554 ϐλημένον,
695 2480 791 2534 καὶ
834 2479 950 2544 νῦν,
1001 2478 1156 2547 φησὶ,
1221 2475 1286 2528 Τί
1336 2473 1592 2546 μέλλεις;
1647 2472 1931 2538 ’Δναστάς,

340 2577 602 2647 βάπτισαι
624 2572 718 2624 καὶ
742 2569 1040 2624 ἀπόλουσαι
1058 2567 1157 2630 τὰς
1182 2565 1457 2636 ἁμαρτίας
1482 2582 1576 2618 σου
1605 2563 1935 2618 ἐπικαλεσά-

342 2683 508 2738 μενος
532 2665 592 2733 τδ
621 2665 792 2734 ὗνομα
815 2662 908 2715 τοῦ
934 2659 1139 2730 Κυρίου
1163 2675 1180 2691 ο
1213 2658 1278 2711 σὺ
1309 2655 1799 2726 ἐπικαλεσάμενος,
1819 2654 1934 2707 ἀλλ’

336 2764 464 2835 οὐχὶ
492 2762 634 2825 τινὸς
656 2759 842 2828 ἐτέρου
873 2755 1137 2828 μυοῦντος
1165 2754 1285 2806 οὐδὲ
1311 2753 1602 2824 ἐπᾴδοντος
1626 2752 1726 2814 τὰς
1754 2750 1934 2803 θεολό-

337 2872 475 2926 γους
505 2854 748 2923 κλήσεις.
786 2850 851 2904 Τί
896 2849 1097 2910 λέγεις.
1126 2849 1152 2900 ὁ
1196 2845 1498 2917 μυούμενος
1521 2848 1650 2915 πρὶν
1683 2842 1716 2911 ἦ
1751 2843 1935 2912 τυχεῖν

344 2948 448 3017 τῆς
509 2947 763 3017 μυήσεως
804 2939 1248 3024 ’ἐμυσταγὼγεη
1301 2937 1329 2988 6
1362 2935 1462 3005 τῆς
1509 2931 1936 3001 παλιγγενεσίας

341 3037 618 3108 δεόμενος,
657 3021 820 3096 αὐτὸς
863 3032 1086 3102 ἐνήργει
1122 3029 1221 3099 τὴν
1270 3025 1726 3094 παλιγγενεσίαν;
1764 3023 1792 3074 ό
1841 3021 1934 3075 τοῦ

350 3131 540 3202 ἱερέως
561 3129 716 3200 χερσί
746 3127 840 3179 καὶ
869 3123 1072 3194 χείλεσι
1095 3120 1213 3174 τελε
1224 3118 1301 3172 ιού
1313 3134 1494 3186 μενος,
1523 3115 1685 3178 αὐτὸς
1707 3115 1768 3167 τὸ
1787 3114 1933 3167 ὲκεί-

349 3241 444 3278 νου
485 3221 746 3294 ἁρπάζων
777 3218 994 3286 ἀξίωμα
1045 3213 1220 3284 ἐαυτῷ
1248 3213 1345 3282 τὴν
1372 3209 1686 3280 τελειότητα
1724 3207 1934 3279 περιτί-

351 3317 511 3386 θησι;
543 3315 614 3367 Τὸ
651 3315 762 3384 γὰρ
794 3309 888 3364 τοῦ
915 3309 1244 3380 γράμματος
1270 3303 1589 3358 ἐπιπόλαιον
1617 3341 1632 3368 ,
1664 3294 1708 3369 ᾧ
1743 3318 1936 3354 πεποι-

350 3410 507 3472 θότες
532 3408 630 3478 τὴν
661 3402 998 3473 Δεσποτικὴν
1025 3398 1242 3469 ἐντολὴν
1273 3399 1748 3467 παραγράφονται,
1780 3392 1941 3446 τοῦτο

359 3502 592 3572 ωμίζειν
629 3498 826 3560 αὐτοὺς
855 3498 946 3548 καὶ
972 3494 1046 3564 μὴ
1071 3489 1429 3562 βουλομένους
1456 3489 1696 3541 ἀπαιτεῖ.
1728 3485 1942 3557 Τρόπος

344 3589 445 3648 οῦν
475 3585 630 3652 οὗτος
664 3587 821 3649 ἄλλος
864 3585 1114 3656 μυήσεως
1148 3579 1338 3652 μηδενὶ
1380 3578 1489 3632 τῶν
1523 3576 1938 3648 προειρημένων

345 3681 786 3756 συμφερόμενος.
837 3678 1006 3730 Ὅταν
1040 3674 1096 3727 δέ
1119 3676 1148 3726 ὁ
1190 3674 1483 3744 κορυφαῖος
1511 3669 1608 3733 τὰς
1651 3667 1944 3729 καθολικὰς

348 3774 712 3846 παραινέσεις
734 3772 960 3843 γράφων
993 3769 1104 3830 τοῖς
1127 3764 1238 3818 τῶν
1254 3763 1525 3817 Ἰουδαίων
1557 3765 1616 3814 ἐν
1649 3759 1939 3829 διασπορᾷ,

344 3867 431 3938 τῷ
463 3867 647 3938 δρόμῳ
692 3866 792 3935 τῆς
849 3859 1094 3930 γλώττης
1142 3857 1237 3912 καὶ⁹
1284 3854 1362 3927 τῷ
1395 3855 1550 3924 τάχει
1590 3853 1690 3922 τῆς
1726 3850 1944 3922 γραφῆς

344 3958 540 4030 χερσὶν
574 3956 774 4026 ἀμφοῖν
805 3951 1152 4006 καθυπάτευε
1184 3948 1323 4020 (40),
1352 3945 1414 3998 τὸ
1447 3945 1728 4015 βάπτισμα
1762 3958 1941 3994 συνει-

342 4054 558 4122 δήσεως
574 4048 940 4102 ἀπεθέσπισεν
959 4041 1297 4112 ἀγαθῆς,ούκ
1320 4042 1384 4093 ἐκ
1400 4037 1648 4108 τρίποδος
1663 4033 1944 4106 χρώμενος

349 4141 642 4216 μαντικοῦ,
688 4141 803 4194 ἀλλ’
835 4139 900 4192 ἐκ
933 4136 1233 4206 θεολήπτου
1263 4131 1448 4202 ψυχῆς
1481 4126 1788 4200 ἱερολογῶνο
1829 4125 1944 4180 ἀλλ’

346 4237 460 4308 ἄρα
488 4233 610 4304 οὐχὶ
638 4234 700 4286 σὺ
729 4231 890 4284 πάλιν
920 4223 1316 4300 άρπάσαιςετὴν
1337 4221 1503 4287 λέξιν,
1536 4219 1628 4273 κα)⁵
1653 4233 1944 4290 μυσταγω-

346 4328 476 4398 γίας
497 4327 688 4396 ἐτέρας
723 4322 1009 4393 εἰσήγησιν
1031 4319 1132 4372 οὐκ
1161 4313 1556 4385 ἀνακηρύξαις,
1590 4310 1686 4365 καὶ
1713 4308 1942 4379 λουτρὸν

348 4416 683 4488 ὲγκαινίζειν
717 4413 1128 4485 ἁμαρτημάτων
1150 4405 1574 4478 καθάρσιον,ούκ
1595 4403 1682 4455 ἐπ’
1716 4402 1942 4471 ὀνόματι

348 4508 449 4562 τοῦ
480 4507 686 4579 Κυρίου
722 4503 908 4577 Ἰησοῦ
939 4501 1291 4571 τελούμενον,
1325 4495 1448 4550 οὐδὲ
1479 4493 1599 4549 κατ’
1629 4493 1788 4548 ἀλλον
1815 4492 1942 4544 τινὰ

348 4599 464 4653 τῶν
495 4597 801 4670 εἰρημένων
829 4595 987 4663 λόγον
1023 4588 1574 4664 μυσταγωγούμενον,
1600 4585 1736 4639 ἀλλά
1769 4601 1946 4637 συνει-
1977 4620 2024 4677 D

347 4693 562 4762 δήσεως
590 4688 800 4759 ἀγαθῆς
829 4688 909 4749 εἰς
933 4684 1067 4737 Θεὸν
1093 4682 1335 4753 ὑπάρχον
1365 4677 1734 4750 ἐπερώτημα;
1779 4676 1943 4748 Ὁρᾷς

348 4786 500 4847 ὅσοις
550 4781 773 4842 ἀτόποις
804 4776 1031 4840 ἑαυτοὺς
1071 4774 1393 4838 ἐκδιδόασιν,
1421 4767 1503 4834 οἷς
1544 4771 1578 4840 ή
1605 4769 1714 4821 τῶν
1743 4768 1946 4835 ὀνομά-

348 4890 463 4927 των
509 4870 872 4930 ἀῦασάνιστος
928 4862 1178 4936 προφορά
1222 4861 1326 4931 τῆς
1364 4861 1424 4912 ἐν
1467 4859 1580 4920 τοῖς
1625 4856 1946 4926 πράγμασιν

349 4961 612 5032 ἀληθείας
644 4957 1068 5032 προτετίμηται;
1117 4952 1280 5007 Ἀλλά
1305 4951 1357 5004 τί
1386 4967 1528 5021 φημι
1551 4950 1647 5002 καὶ
1677 4949 1864 5020 ἕτερόν
1893 4964 1946 5000 τι

360 5053 465 5108 τῶν
496 5053 803 5123 εἰρημένων
832 5048 1047 5111 οὐδενὸς
1075 5043 1566 5115 ἀνεπαχθέστερον,
1591 5041 1678 5094 ἵνα
1699 5043 1772 5112 μὴ
1801 5039 1945 5108 λέγω

324 5145 576 5215 ,πάντων
609 5142 946 5215 βαρύτερον;
990 5139 1055 5193 Ἠ
1095 5136 1188 5191 τοῦ
1218 5137 1528 5207 πνεύματος
1559 5134 1945 5205 μεγαλόφωνος

316 5227 329 5308 γ’
354 5236 594 5306 σάλπιγξ
643 5233 857 5298 Παῦλος
917 5235 945 5286 6
989 5232 1281 5302 μετάρσιος
1319 5228 1605 5298 ἄνθρωπος
1658 5225 1812 5294 μέγα
1851 5225 1948 5276 καὶ

308 5347 317 5402 ί
361 5329 658 5401 περιφανὲς
676 5327 1074 5387 ἀπεσάλπισεν,
1104 5323 1180 5386 ὡς
1211 5325 1294 5385 εἰς
1323 5322 1414 5375 τὸν
1438 5322 1669 5375 θάνατον
1701 5315 1940 5388 Χριστοῦ

358 5424 520 5493 ήμεῖς
549 5417 1260 5491 ἐϐαπτίσθημεν.’ᾼκούεις,
1289 5413 1564 5484 ἄνθρωπε,
1596 5410 1733 5465 ἀλλὰ
1759 5411 1942 5482 προεῖο

468 5583 515 5614 ’⁸
548 5582 668 5637 Act.
711 5595 787 5646 IX,
815 5579 882 5634 10
907 5593 1022 5648 seq.
1101 5575 1146 5608 ’⁷
1177 5573 1361 5630 lPetr.
1396 5587 1478 5639 Ill,
1508 5569 1600 5625 2i.

2033 2037 2196 2092 quam
2246 2033 2540 2088 corporeas
2585 2017 2840 2072 tenebras
2885 2030 3054 2070 manu
3089 2013 3343 2082 imposita
3376 2010 3622 2064 initiator

2033 2112 2246 2167 initiato
2275 2110 2500 2179 eripuit,
2537 2117 2668 2162 tunc
2694 2108 2912 2162 demum
2967 2105 3207 2160 Ananias
3259 2101 3490 2161 homini,
3524 2099 3620 2169 qui

2038 2204 2236 2258 mentis
2259 2202 2420 2256 simul
2454 2211 2508 2254 et
2552 2199 2838 2254 oculorum
2885 2197 3062 2252 visum
3116 2203 3398 2264 receperat
3431 2211 3443 2247 :
3476 2191 3621 2258 Quid

2036 2293 2288 2356 moraris,
2316 2291 2426 2344 ait?
2457 2290 2653 2358 Surge,
2681 2289 2982 2358 baptizare,
3003 2297 3058 2341 et
3104 2298 3226 2340 tuas
3258 2285 3444 2352 culpas
3475 2283 3618 2346 elue,

2035 2401 2235 2440 nomen
2268 2382 2483 2438 Domini
2537 2383 2838 2436 invocans:
2869 2391 2923 2435 tu
2955 2418 2971 2444 ,
3003 2381 3256 2450 inquam,
3297 2367 3418 2446 ipse
3471 2376 3624 2429 invo-

2037 2493 2193 2541 cans,
2233 2491 2339 2530 non
2377 2477 2520 2529 alius
2551 2475 2774 2529 initians
2801 2489 2977 2542 neque
3000 2473 3215 2526 divinas
3248 2468 3626 2524 invocationes

2037 2570 2366 2640 praecinctis.
2405 2567 2547 2634 Quid
2588 2567 2709 2621 ais?
2761 2567 2863 2621 tiro
2918 2566 3158 2619 nondum
3198 2565 3466 2626 initiatus.
3508 2561 3624 2631 jam

2039 2669 2222 2717 tamen
2273 2669 2626 2731 tnystagogus
2683 2657 2847 2711 erat?
2901 2655 3326 2726 regenerationis
3385 2652 3626 2719 indigus,

2038 2763 2231 2808 auctor
2265 2752 2429 2806 [iebat
2462 2746 2930 2820 regenerationis?
2961 2747 3054 2816 qui
3105 2743 3409 2800 sacerdotis
3450 2741 3627 2794 inani-

2040 2845 2142 2900 bus
2167 2842 2434 2911 labiisque
2466 2839 2768 2894 initiandus
2798 2849 2937 2898 erat,
2971 2837 3087 2905 ipse
3120 2833 3284 2902 hujus
3304 2831 3627 2902 dignitalom

2039 2933 2328 2999 invadens,
2381 2932 2851 2986 consecrationem
2883 2927 3103 2981 sibimet
3146 2919 3631 2990 circumponebat?

2040 3027 2176 3080 Nam
2199 3027 2393 3082 littera:
2420 3023 2774 3094 superﬁcies,
2809 3036 2916 3090 qua
2949 3018 3069 3072 freti
3107 3014 3448 3070 Dominicum
3490 3027 3632 3081 prm-

2042 3128 2257 3189 ceptum
2304 3119 2588 3185 abrogant,
2625 3114 2705 3168 sic
2729 3128 2824 3167 eos
2875 3121 3134 3172 statuere,
3175 3106 3275 3161 etsi
3307 3116 3506 3174 praeter
3533 3117 3630 3154 vo-

2042 3212 2329 3274 luntatem,
2365 3208 2532 3278 cogit.
2583 3204 2737 3259 Alius
2800 3203 2967 3273 igitur
3022 3200 3111 3253 hic
3173 3208 3257 3251 est
3307 3193 3631 3249 initiationis

1965 3282 2008 3338 c
2044 3303 2204 3365 ritus,
2233 3300 2475 3369 nullique
2508 3295 2855 3366 superiorum
2885 3291 3102 3346 similis.
3153 3286 3296 3354 Quid
3340 3300 3472 3340 vero
3504 3299 3630 3339 cum

2043 3394 2294 3464 princeps
2312 3390 2682 3459 apostolorum
2702 3384 2982 3456 generales
2997 3382 3410 3436 adhortationes
3424 3378 3633 3446 disper-

2043 3482 2121 3538 sis
2152 3480 2354 3536 Judaeis
2389 3477 2656 3540 scribens,
2690 3475 2888 3543 linguae
2921 3487 3086 3525 cursu
3129 3471 3521 3539 scriptun-aeque
3544 3480 3635 3519 ce-

2043 3572 2258 3627 leritate
2297 3568 2554 3623 manibus
2601 3565 2811 3620 scilicet
2849 3562 3115 3616 ambabus
3159 3559 3503 3629 gubernans,
3540 3555 3635 3609 ba-

2043 3665 2305 3734 ptismum
2341 3658 2693 3717 conscientia:
2737 3657 2894 3711 bona:
2921 3653 3192 3708 nuntiavit
3214 3653 3282 3715 "',
3318 3648 3462 3704 haud
3501 3662 3636 3702 sane

2045 3754 2270 3808 fatidico
2301 3752 2561 3805 insistens
2594 3747 2794 3817 tripodi
2821 3787 2837 3813 ,
2873 3747 2965 3800 sed
2998 3745 3178 3798 alllato
3219 3740 3484 3795 divinitus
3513 3738 3636 3792 ani-

2045 3862 2134 3901 mo
2162 3842 2428 3913 loquens?
2457 3856 2639 3894 nonne
2659 3848 2716 3893 tu
2738 3840 2838 3892 hac
2864 3840 3114 3909 protinus
3134 3835 3370 3889 dictione
3391 3833 3635 3899 abrepta,

2046 3933 2476 3992 consecrationis
2512 3931 2735 3984 alterius
2759 3929 3127 3982 inventionem
3163 3923 3507 3995 praedicabis,
3538 3937 3639 3975 no-

2047 4042 2175 4081 vum
2210 4039 2402 4094 nempe
2435 4023 2712 4077 lavacrum
2750 4027 2969 4088 peccata
3007 4017 3255 4086 expians,
3291 4031 3465 4084 neque
3495 4014 3546 4066 id
3582 4013 3636 4066 in

2047 4115 2265 4171 Domini
2303 4113 2432 4168 Jesu
2463 4112 2685 4166 nomine
2720 4109 3112 4180 peragendum,
3151 4121 3328 4176 neque
3361 4107 3468 4160 alio
3503 4118 3640 4174 quo-

2046 4209 2132 4263 vis
2177 4206 2562 4278 praedictorum
2613 4201 2901 4256 modorum
2954 4195 3481 4258 concelebrandum,
3540 4194 3637 4248 sed

2048 4301 2194 4372 quod
2225 4297 2574 4355 conscientiae
2607 4295 2765 4348 bona:
2810 4293 2864 4346 in
2907 4291 3073 4345 Deum
3127 4288 3481 4359 interrogatio
3530 4286 3640 4340 sit?

2048 4391 2185 4446 Hem
2217 4387 2434 4459 quantis
2458 4402 2516 4440 se
2539 4384 2976 4440 ahsurditatibus
3012 4381 3295 4451 implicant
3321 4380 3394 4444 hi,
3428 4379 3520 4448 qui
3551 4378 3639 4431 in-

2050 4480 2354 4537 consultam
2377 4460 2663 4530 rerborum
2691 4472 3186 4542 pronuntiationem
3210 4468 3424 4523 veritati
3453 4483 3638 4521 rerum

2051 4570 2425 4642 anteponunt!
2481 4566 2592 4622 Cur
2620 4579 2785 4635 porro
2829 4562 2942 4633 jam
2975 4576 3273 4616 memorem
3325 4558 3638 4627 exemplum

2052 4666 2200 4723 aliud
2227 4665 2411 4718 minus
2448 4660 2760 4723 molestum,
2786 4672 2853 4711 ne
2884 4656 3062 4710 dicam
3095 4653 3339 4708 omnium
3381 4649 3640 4719 gravissi-

2053 4759 2240 4816 mum?
2279 4754 2596 4811 Clarissima
2633 4751 2810 4808 sancti
2844 4749 3081 4819 Spiritus
3119 4749 3250 4800 tuba
3282 4743 3518 4807 Paulus,
3550 4741 3639 4795 ille

2054 4850 2300 4907 mortalis
2349 4848 2527 4902 adhuc
2574 4847 2629 4899 in
2659 4845 2858 4899 caelum
2909 4841 3179 4903 sublatus,
3213 4836 3390 4892 Valide
3425 4834 3640 4906 perSpi-

2052 4957 2262 5013 cueque
2291 4937 2597 5011 personuit,
2627 4953 2729 4991 nos
2754 4936 2807 4988 in
2832 4933 3036 4991 Christi
3063 4938 3234 4984 morte
3260 4928 3429 4982 fuisse
3461 4925 3642 4995 bapti-

2053 5046 2226 5091 zatos.
2259 5031 2455 5087 Audin’
2483 5027 2685 5084 homo?
2708 5025 2872 5096 Atqui
2904 5023 3046 5078 idem
3069 5021 3273 5076 Paulus
3298 5029 3458 5073 antea
3490 5019 3642 5071 dixe-

2055 5139 2159 5192 rat,
2193 5146 2212 5180 α
2240 5126 2517 5195 Quotquot
2538 5123 2590 5177 in
2609 5121 2830 5176 Christo
2860 5117 3118 5188 baptizati
3149 5130 3341 5171 sumus
3367 5113 3465 5165 ".l
3495 5109 3639 5180 Ergo

2056 5224 2177 5279 duae
2217 5220 2328 5290 jam
2362 5226 2491 5274 sunt
2519 5213 2767 5269 initiandi
2812 5210 3084 5277 formulae,
3117 5208 3417 5263 secundum
3447 5219 3638 5259 eorum

2051 5313 2364 5386 opinionem
2397 5308 2492 5380 qui
2531 5307 2651 5362 sine
2676 5302 2884 5374 judicio
2915 5301 3026 5356 ullo
3064 5298 3344 5355 vocabulis
3375 5295 3637 5351 utendum

2050 5423 2174 5464 esse
2203 5403 2577 5476 pronuntiant.

1677 5567 1722 5598 ⁸⁸
1752 5566 1911 5620 llom.
1951 5579 2024 5628 vr,
2055 5562 2110 5616 '5.

1879 5709 2086 5765 ΝΟΤᾹΞ
2097 5745 2111 5764 .

437 5841 546 5907 (40)
587 5839 872 5908 Eleganter
906 5839 1008 5892 hoc
1045 5835 1214 5890 utitur
1239 5834 1469 5908 Photius
1510 5835 1694 5908 ignoto
1732 5832 1936 5886 nostris

365 5903 594 5967 fortasse
627 5903 1026 5982 leiicographis
1059 5906 1336 5962 consulari
1365 5903 1557 5970 verbo;
1592 5903 1720 5974 quia
1755 5919 1935 5958 sermo

2045 5840 2128 5886 est
2155 5829 2224 5883 de
2251 5827 2506 5900 Ecclesia:
2555 5841 2816 5900 supremo
2847 5827 3210 5900 gubernatore
3240 5820 3424 5885 Petro,
3472 5813 3631 5888 quasi

2045 5901 2370 5956 Christianae
2400 5899 2530 5969 reip.
2558 5897 2806 5955 consule.
