4084 6446
298 391 406 458 313

1257 398 1359 457 AD
1390 398 1988 462 AMPHILOCHIUM
2017 404 2363 475 QUASSTIO
2408 412 2634 473 XLIII.

3479 418 3585 486 3H

296 505 484 558 εδύετο
508 519 522 534 ·
574 502 804 576 κάκείνη
855 503 1019 560 πάλιν
1068 505 1275 562 τούτων
1319 509 1575 563 ἁπάντων
1628 513 1889 581 είσηγεῖτι

2004 516 2184 581 potius
2242 519 2355 574 huzc
2409 522 2524 590 ipsa
2574 523 2957 592 praedictarum
3019 527 3266 583 omnium
3324 546 3425 601 pro
3480 551 3579 590 sua

298 596 441 666 μετά
461 597 849 668 λαμπροτέρας
875 598 975 669 τῆς
1001 598 1189 668 ίσχύος
1219 602 1313 653 καὶ
1331 600 1424 653 τοῦ
1453 600 1768 672 ἀξιώματος
1792 601 1893 673 τὴν

293 690 597 761 ἀναίρεσιν.
625 689 834 743 Οὐκοῦν
861 690 957 743 καὶ
981 690 1091 743 ἀπὸ
1127 692 1229 761 τῆς
1265 693 1471 764 ἄλληλα
1496 695 1604 748 τῶν
1633 694 1893 758 πολλάκις

298 783 607 853 εἰρημένων
652 784 910 855 ῥημάτων
939 783 1448 842 ἀποσκευάσασθαι.
1478 786 1643 840 Ἀλλά
1668 787 1722 839 τί
1758 804 1892 841 ποτε

299 874 368 950 ἦν
389 880 416 932 ὃ
439 880 608 948 λέγει,
642 882 672 952 ῆ
716 883 797 935 ὅτι
838 880 925 934 διὰ
974 879 1132 934 τοῦτο
1178 882 1254 953 μὴ
1289 883 1701 955 προηγούμενον
1730 884 1893 955 ἔργον

299 972 508 1042 ἐθέμην
550 973 610 1025 τὸ
647 973 963 1045 βάπτισμα;
998 996 1017 1028 ι
1069 975 1188 1029 Ἵνα
1218 975 1295 1045 μὴ
1321 974 1399 1045 τῷ
1430 976 1626 1046 πλήθει
1655 976 1763 1030 τῶν
1794 976 1892 1047 βα-

299 1064 643 1135 πτιζομένων
673 1067 831 1133 δόξαν
853 1068 1079 1138 ἐμαυτῷ
1101 1070 1432 1139 περιάπτειν
1459 1072 1569 1133 τοῖς
1598 1070 1894 1140 βασκάνοις

296 1158 517 1225 λέγειν,
565 1161 662 1212 καὶ
706 1159 776 1211 τὰ
836 1159 1101 1214 κάλλιστα
1146 1162 1227 1233 τῷ
1289 1161 1469 1232 φθόνῳ
1518 1160 1734 1232 βάλλειν
1777 1162 1892 1232 βίον

294 1249 665 1319 ποιουμένοις,
706 1249 981 1319 πρόφασιν
1008 1252 1102 1304 ἐπὶ
1146 1252 1367 1323 διαϐολῇ
1396 1251 1644 1323 παρέξω,
1669 1252 1763 1305 καὶ
1794 1254 1892 1323 τὴν

295 1339 575 1410 σωτηρίαν
614 1340 723 1393 τῶν
757 1341 1222 1412 ἀναγεννωμένων
1256 1342 1610 1413 καπηλεύειν,
1647 1344 1892 1406 ἐπαίνοις

294 1430 453 1495 ἰδίοις
488 1431 550 1484 τὸ
575 1431 748 1502 δῶρον
778 1433 873 1486 τοῦ
908 1432 1226 1504 Πνεύματος
1262 1434 1580 1504 ἐνυϐρίζων.
1622 1453 1640 1485 ι
1676 1434 1785 1487 Καὶ
1822 1433 1891 1487 δι’

290 1527 472 1580 ἄλλων
525 1527 581 1579 δὲ
643 1526 853 1597 μυρίων
908 1527 1025 1581 ἔστι
1085 1528 1337 1593 συνιδεῖν,
1395 1528 1471 1590 ὡς
1524 1530 1558 1599 ή
1614 1527 1741 1593 δόξα
1794 1529 1890 1582 καὶ

290 1620 322 1671 ό
352 1616 572 1680 ἔπαινος
601 1616 696 1670 καὶ
730 1619 763 1688 ή
796 1616 932 1688 τιμὴ
962 1618 1290 1688 σημαίνεται
1321 1619 1403 1690 τῷ
1424 1618 1673 1690 ὀνόματι.

1995 605 2360 664 luculentiore
2386 612 2435 665 vi
2458 628 2522 668 ac
2550 612 2815 683 dignitate
2844 617 3252 688 abrogationem
3279 622 3581 681 inveheret.

1996 693 2178 760 Quare
2207 696 2462 755 formulae
2493 701 2604 768 jam
2651 718 2796 775 saepe
2842 721 3153 765 memorata:
3197 712 3430 767 invicem
3478 730 3580 770 ex-

1995 799 2319 857 punget-ent.
2373 790 2514 857 Quid
2574 804 2756 849 autent
2814 795 2966 852 Pauli
3015 801 3149 856 illud
3210 804 3467 859 dictum?
3520 824 3581 862 se

1998 878 2258 934 nimirum
2296 884 2438 937 haud
2470 887 2798 956 praecipuam
2844 890 3059 946 dedisse
3090 908 3314 961 operam
3368 904 3427 950 ut
3476 898 3580 953 ba-

1994 970 2222 1039 ptizaret
2282 976 2335 1040 εξ(
2370 972 2467 1040 Ne,
2519 976 2732 1046 inquit,
2769 981 3116 1039 multitudine
3171 985 3571 1056 baptizatorum

1993 1062 2220 1132 gloriam
2257 1066 2511 1123 mihimet
2543 1086 2630 1124 me
2663 1087 2909 1141 quaerere
2934 1075 3176 1131 dicerent
3203 1078 3371 1133 invidi
3403 1100 3415 1134 :
3445 1098 3581 1136 neve

1994 1156 2061 1209 iis
2123 1157 2496 1215 calumniandi
2564 1178 2755 1217 ansam
2815 1168 3155 1234 praeberem,
3217 1171 3310 1240 qui
3369 1175 3577 1242 Optima

1993 1262 2222 1317 quaeque
2278 1249 2446 1304 livore
2497 1266 2601 1307 suo
2672 1255 2931 1311 insectari
2997 1259 3215 1327 solent;
3281 1271 3448 1332 atque
3507 1267 3580 1319 ita

1993 1340 2227 1394 Salutem
2271 1353 2589 1397 renatorum
2626 1346 2782 1401 lucro
2826 1348 3110 1415 haberem,
3152 1353 3281 1406 dum
3321 1355 3579 1412 laudibus

1996 1432 2233 1499 propriis
2301 1435 2566 1491 adversus
2628 1436 2866 1507 Spiritus
2922 1442 3128 1496 donum
3189 1445 3429 1514 injurius
3488 1449 3583 1502 lic-

1991 1537 2106 1575 rem
2121 1524 2187 1577 ’9.
2217 1544 2235 1575 ι
2269 1525 2490 1579 Demum
2514 1544 2580 1581 ex
2613 1529 2916 1587 innumeris
2940 1533 3063 1588 aliis
3086 1534 3579 1606 lociscognoscere

1991 1630 2286 1684 possumus
2337 1618 2565 1684 gloriam
2606 1632 2661 1676 et
2685 1622 2903 1678 laudem
2934 1636 2990 1680 et
3017 1626 3283 1682 honorem
3315 1630 3580 1685 vocabulo

1996 1723 2187 1762 nomen
2218 1710 2545 1781 signiﬁcari.

369 1796 433 1851 θ’.
458 1797 569 1851 Καὶ
587 1797 650 1868 δὴ
668 1798 753 1852 διὰ
773 1797 977 1853 τούτων
996 1801 1029 1871 ή
1054 1799 1278 1871 τοιαύτη
1306 1800 1629 1873 θεωρία,καὶ
1650 1799 1738 1853 ἐπ’
1762 1798 1889 1854 αὐτὸ

2073 1798 2126 1853 9.
2170 1798 2311 1866 Quin
2366 1804 2504 1858 adeo
2549 1805 2800 1861 doctrina
2854 1807 3169 1879 lmjusmodi
3218 1827 3315 1883 per
3364 1813 3580 1884 singula

291 1887 367 1941 τά
391 1889 702 1942 καθέκαστα
724 1888 834 1941 τῶν
852 1890 1131 1960 ὀνομάτων
1147 1891 1432 1947 διαϐαίνει.
1445 1893 1513 1945 Ἃ
1534 1891 1597 1962 δὴ
1609 1891 1700 1945 τὸν
1715 1891 1895 1961 διαφο-

297 1981 498 2051 ρισμὸν
525 1981 621 2033 καὶ
658 1982 756 2052 τὴν
784 1981 1073 2053 διαστολὴν
1105 1985 1341 2037 ποιεῖται
1386 1982 1498 2036 τῶν
1532 1982 1842 2053 προσώπων
1873 1999 1888 2015 ο

295 2072 394 2124 καὶ
424 2069 518 2125 νῦν
565 2074 665 2143 μὲν
702 2072 934 2143 μίμησιν
963 2090 1087 2127 τινα
1130 2077 1226 2129 καὶ
1270 2075 1531 2145 ὁμοίωσιν
1561 2075 1655 2129 τοῦ
1686 2076 1893 2146 κατάρ-

294 2160 487 2226 invto;
547 2162 841 2234 προσώπου
916 2164 1170 2235 πράξεώς
1225 2182 1373 2230 τινος
1431 2167 1890 2237 μεγαλοπρεποῦς

295 2253 632 2322 ἀπαγγέλλει
664 2270 679 2285 ο
725 2255 822 2308 νῦν
863 2255 922 2309 δὲ
972 2255 1221 2329 φυλακήν
1267 2258 1362 2311 καὶ
1404 2259 1735 2330 συντήρησιν
1784 2256 1891 2312 τῶν

295 2347 777 2419 παραγγελμάτων
820 2348 1149 2419 ὑπογράφει.
1182 2349 1365 2423 Ταύτῃ
1397 2351 1509 2421 γὰρ
1555 2353 1651 2406 καὶ
1678 2355 1759 2416 εἰς
1798 2351 1891 2406 τὸν

294 2437 507 2507 Μωσῆν
538 2439 587 2490 oi
644 2437 977 2509 Ἰσραηλῖται
1027 2440 1396 2509 βαπτίσασθαι
1435 2442 1546 2512 (41)
1594 2441 1888 2511 λέγονται·

292 2521 412 2581 οἷον
456 2530 664 2582 ἐκεῖνον
715 2528 1049 2601 μιμούμενοι
1095 2530 1193 2601 τὴν
1237 2532 1411 2601 ὑγράν
1441 2532 1606 2601 φύσιν
1649 2533 1890 2597 πεζοπο-

296 2620 526 2690 ροῢντες
558 2622 718 2675 ποσὶν
760 2623 1019 2694 ἀϐρόχοις
1047 2622 1306 2695 διέϐησαν
1330 2640 1344 2654 °
1379 2626 1473 2679 καὶ
1502 2625 1605 2695 τῆς
1634 2627 1891 2698 πράξεως

295 2713 547 2785 ἡγεμόνα
577 2714 962 2784 ποιησάμενοι,
1008 2717 1101 2768 καὶ
1126 2715 1266 2784 πρὸς
1293 2717 1459 2771 αὑτὸν
1482 2719 1615 2789 όρᾷν
1637 2719 1766 2789 ὃλην
1790 2719 1889 2791 τὴν

294 2806 492 2859 ἐλπίδα
533 2806 860 2877 ἀναθέμενοι
885 2845 900 2870 ,
928 2805 1036 2860 τῶν
1080 2809 1396 2875 Αίγυπτῖων
1437 2811 1536 2879 τῆς
1597 2810 1891 2881 ἐπιϐουλῆς

294 2899 566 2970 ὤφθησαν
603 2900 887 2971 κρείττους
918 2916 934 2932 ο
989 2901 1082 2954 καὶ
1124 2895 1205 2965 οἷς
1249 2904 1404 2956 αὐτοὶ
1466 2904 1705 2975 ῥείθροις
1767 2905 1888 2959 οὐδὲ

292 2995 425 3057 τοὺς
454 2993 624 3058 πόδας
666 2994 988 3061 ἐνοτίξοντο,
1019 2993 1231 3059 τούτοις
1260 2995 1625 3067 ὑποϐρυχίους
1664 2997 1887 3066 γινομέ-

295 3104 426 3150 νους
460 3086 587 3151 τοὺς
634 3084 870 3150 διώκτας
912 3086 1140 3140 ἔϐλεπον
1178 3103 1191 3119 ο
1235 3089 1330 3141 καὶ
1358 3087 1579 3151 διπλαῖς
1620 3087 1886 3158 εὐφροσύ-

1999 1889 2225 1945 nomina
2258 1892 2363 1947 hoc
2397 1906 2560 1963 pacto
2608 1897 2915 1952 deducitur.
2982 1900 3194 1955 Etenim
3230 1903 3453 1959 nomina
3482 1920 3581 1976 ap-

1997 1981 2172 2050 prime
2199 1982 2417 2052 quidem
2448 2001 2807 2053 personarum
2828 1989 3124 2055 discrimen
3142 1993 3584 2050 distinctionem-

1996 2084 2104 2138 que
2132 2069 2372 2126 efﬁciunt
2400 2088 2414 2125 :
2446 2085 2496 2127 et
2528 2074 2691 2129 modo
2719 2077 2937 2146 quidem
2984 2080 3343 2136 imitationem
3384 2100 3581 2153 quam-

1996 2160 2122 2213 dam
2160 2161 2686 2234 similitudinemque
2720 2167 2986 2223 denotant
3032 2185 3280 2239 persona:
3320 2174 3579 2242 alicujus.

1994 2268 2117 2322 quae
2152 2251 2366 2309 [acinus
2402 2254 2609 2310 illustre
2636 2258 2981 2327 aggreditur;
3018 2260 3179 2315 modo
3208 2272 3391 2318 autem
3424 2281 3579 2318 man—

1995 2345 2250 2398 datorum
2274 2360 2463 2399 euram
2498 2356 2663 2417 atque
2687 2349 3095 2405 observantiam
3124 2352 3456 2423 signiﬁcant.
3488 2355 3582 2411 Sic

1993 2436 2141 2490 enim
2191 2445 2246 2491 et
2281 2435 2538 2492 Israelita:
2596 2439 2648 2493 in
2701 2438 2853 2495 Mose
2901 2439 3165 2510 baptizati
3210 2444 3465 2499 dicuntur
3485 2446 3578 2500 “z

1994 2528 2195 2597 quippe
2239 2530 2333 2599 qui
2390 2529 2557 2600 hujus
2608 2531 2866 2600 exemplo
2916 2533 3203 2588 humidum
3250 2536 3579 2592 elementum

1993 2620 2154 2675 siccis
2184 2621 2413 2690 pedibus
2445 2623 2815 2691 'permearunt
2846 2640 2860 2678 :
2894 2639 3058 2693 quem
3092 2626 3223 2680 dum
3274 2635 3583 2696 sequuntur

1992 2712 2221 2779 ducem,
2275 2714 2517 2783 dumque
2575 2714 2631 2768 in
2679 2714 2800 2783 ejus
2852 2725 3105 2785 respectu
3158 2733 3311 2787 spem
3359 2735 3581 2774 omnem

1992 2805 2283 2869 collocant,
2329 2805 2709 2877 Egyptiorum
2745 2807 2957 2877 laqueis
2986 2822 3283 2864 evaserunt
3316 2828 3331 2865 :
3365 2820 3421 2866 et
3454 2813 3584 2882 qui-

1992 2897 2095 2951 bus
2141 2884 2542 2968 ipsi'ﬁuetibus
2592 2915 2658 2954 ne
2692 2901 2890 2971 pedum
2931 2902 3152 2971 quidem
3186 2913 3348 2957 tenus
3391 2904 3588 2958 hume-

1991 2991 2124 3046 Ctati
2190 3001 2359 3060 sunt,
2438 2992 2632 3047 iisdem
2709 2994 2940 3057 obrutos
2997 3002 3379 3062 persecutores
3449 3008 3585 3050 suos

1995 3083 2249 3138 viderunt
2283 3102 2296 3136 :
2330 3083 2647 3153 duplicique
2691 3085 2894 3154 gaudio
2929 3084 3059 3139 elati
3096 3096 3247 3152 sunt,
3285 3100 3482 3156 nempe
3525 3094 3582 3141 et

299 3146 779 3251 ναιςένετρύφων,
809 3146 911 3250 si];
940 3196 999 3233 τε
1033 3180 1142 3234 τῶν
1173 3180 1386 3251 ἐχθρῶν
1409 3146 1889 3252 παραδόξου-παν-

1995 3176 2236 3231 hostium
2268 3177 2548 3245 insperato
2596 3178 2786 3242 exitio,
2833 3186 2889 3232 et
2915 3192 3029 3231 sua:
3062 3178 3259 3233 salutis
3289 3178 3581 3233 miraculo.

300 3271 612 3342 ωλεθρίας,
670 3273 766 3328 καὶ
827 3274 927 3345 τῆς
984 3273 1120 3337 ἰδίας
1172 3274 1313 3343 ὑπὲρ
1372 3274 1530 3343 λόγον
1592 3275 1886 3346 σωτηρίας.

298 3363 570 3435 Τοιαύτης
600 3363 749 3426 τινὸς
774 3364 1095 3428 ἀκολουθίας
1135 3364 1348 3434 ἔχεται,
1381 3365 1475 3419 καὶ
1513 3364 1658 3436 ἅπερ
1684 3366 1782 3435 τῆς
1808 3367 1890 3419 ol—

301 3455 578 3526 κουμένης
628 3458 657 3509 ὁ
686 3455 1020 3519 Διδάσκαλος
1072 3456 1236 3527 φησίν
1264 3472 1279 3486 ο
1329 3456 1517 3510 «Ὅσοι
1544 3459 1623 3521 εἰς
1653 3457 1889 3527 Χριστὸν

296 3546 737 3617 ἐϐαπτίσθημεν,
766 3551 846 3612 είς
874 3547 965 3600 τὸν
989 3547 1218 3603 θάνατον
1246 3548 1412 3601 αὑτοῦ
1446 3549 1746 3617 ἐϐαπτίσθη
1758 3551 1887 3619 μενξ·

296 3642 391 3694 διὰ
429 3642 528 3711 μὲν
560 3641 670 3711 γὰρ
709 3641 805 3694 τοῦ
852 3660 870 3694 ι
907 3642 1001 3704 Εἰς
1037 3642 1271 3711 Χριστὸν
1301 3642 1733 3713 ἐϐαπτίσθημεν,
1772 3660 1789 3692 ι
1828 3641 1891 3694 τὸ

294 3734 442 3790 κατὰ
467 3735 569 3805 τὴν
595 3734 806 3788 ἐκείνου
844 3734 1231 3805 μυσταγωγίαν
1268 3734 1361 3788 καὶ
1386 3734 1485 3806 τὴν
1523 3734 1892 3805 παραδεδομέ-

295 3844 405 3900 νην
430 3827 656 3897 τελετὴν
702 3826 1036 3896 ἀπαγγέλλει
1076 3827 1173 3880 καὶ
1217 3828 1365 3898 ήμᾶς
1392 3826 1489 3896 τὴν
1533 3828 1889 3897 ἀναγέννησιν

291 3921 593 3975 ἐπιτελεῖνο
620 3922 709 3975 διά
737 3920 794 3975 δὲ
818 3920 912 3974 τοῦ
937 3942 955 3972 ι
982 3923 1060 3985 είς
1081 3923 1171 3975 τὸν
1188 3921 1420 3975 θάνατον
1438 3922 1658 3985 αύτοῠ,‹
1681 3921 1779 3990 οὐχ
1807 3920 1888 3973 ὅτι

221 4066 228 4071 ,
288 4013 360 4067 τὸ
380 4013 610 4085 λουτρὸν
643 4015 743 4084 τῆς
764 4013 1189 4084 παλιγγενεσίας
1215 4017 1281 4084 τῇ
1314 4013 1407 4066 τοῦ
1435 4011 1768 4066 Δεσποτικοῦ
1796 4013 1891 4065 θα-

286 4102 462 4159 νάτου
496 4104 786 4174 ἐπικλήσει
823 4103 1309 4175 τελεσιουργοῦμεν
1336 4116 1350 4133 ⁸
1392 4104 1466 4175 μὴ
1500 4105 1709 4172 γένοιτο
1739 4118 1752 4133 ⁸
1777 4103 1888 4157 Εὑ-

296 4198 479 4269 νομίῳ
500 4199 611 4269 γὰρ
643 4199 704 4251 τὸ
725 4198 967 4269 ἀνομοίῳ
996 4199 1057 4251 τὸ
1076 4198 1316 4250 τοιοῦτον
1346 4196 1619 4267 ἐτολμήθη
1658 4196 1891 4267 παρανό·

295 4306 464 4361 μημα
495 4289 631 4361 (4⁵2)
674 4306 686 4321 ·
730 4289 845 4343 ἀλλ’
881 4291 963 4343 ὅτι
1002 4291 1052 4342 οί
1097 4288 1486 4360 βαπτιζόμενοι
1516 4291 1597 4351 εἰς
1626 4288 1688 4341 τὸ
1720 4288 1888 4357 ὄνομα

297 4384 401 4436 τοῦ
430 4384 665 4455 Πατρὸς,
690 4385 787 4438 καὶ
806 4383 901 4437 τοῦ
931 4382 1086 4451 Υίοῦ,
1105 4383 1201 4437 καὶ
1230 4382 1323 4437 τοῦ
1352 4382 1507 4452 ἁγίου
1531 4381 1848 4452 Πνεύματος
1869 4420 1884 4445 ,

298 4478 383 4542 ὡς
410 4479 470 4531 ἐν
497 4478 663 4549 ἱεροῖς
690 4476 985 4547 συμϐόλοις
1012 4480 1106 4530 καὶ
1140 4475 1569 4548 κρυφιομύστοις
1602 4473 1888 4543 αἰνίγμασι

234 4634 241 4638 ,
286 4573 393 4627 τὸν
420 4571 517 4625 τοῦ
554 4572 807 4642 Σωτῆρος
836 4569 1204 4641 ἐκμιμοῦνται
1246 4569 1496 4635 θάνατον,
1526 4569 1619 4623 καὶ
1640 4568 1888 4639 ὑπογρά-

295 4682 464 4735 φουσι
493 4665 590 4719 καὶ
618 4662 971 4717 διατυποῦσιν
1000 4662 1143 4734 ἅπερ
1181 4660 1322 4716 ἑκὼν
1356 4664 1563 4725 ἐκεῖνος
1590 4661 1850 4731 ὑπέμεινε
1869 4674 1886 4691 °

293 4765 401 4835 τὴν
431 4762 531 4831 μὲν
550 4760 854 4830 τριήμερον
884 4758 942 4812 ἐν
968 4755 1045 4828 τῷ
1077 4755 1179 4829 ᾄδῃ
1209 4752 1492 4827 διατριϐὴν
1531 4750 1887 4836 ἐξεικονίζον-

290 4874 395 4920 τες
417 4858 485 4924 τῇ
513 4852 716 4926 τριπλῇ
747 4849 1043 4906 καταδύσει
1068 4864 1081 4878 ⁸
1110 4851 1178 4920 τῇ
1215 4846 1273 4901 δὲ
1302 4846 1394 4920 ἴσῃ
1423 4845 1585 4899 πάλιν
1610 4844 1886 4911 ἀναδύσει,

288 4952 398 5021 τὴν
427 4949 727 5020 τριήμερόν
751 4945 1072 5010 ἀνάστασιν,
1099 4942 1165 4996 δι’
1185 4942 1251 5013 ἣν
1275 4941 1367 4994 καὶ
1391 4943 1425 5010 ή
1447 4940 1891 5003 ἀποκατάστασις

292 5040 434 5111 ἡμῖν
470 5036 565 5091 τοῦ
601 5033 1005 5095 παλαιωθέντος
1065 5029 1237 5101 Ἀδὰμ
1276 5029 1370 5085 καὶ
1422 5030 1451 5083 ὁ
1496 5027 1892 5100 ἀνακαινισμδς

292 5127 812 5197 συνεξεικονίζεται.
859 5124 1015 5177 Ἐπεὶ
1044 5123 1139 5177 καὶ
1166 5122 1298 5176 αὐτὸ
1322 5120 1383 5175 τὸ
1413 5123 1493 5186 εἰς
1514 5119 1750 5192 Χριστὺν
1786 5119 1886 5190 βα-

293 5220 616 5287 πτίζεσθαι,
655 5219 754 5274 καὶ
778 5218 840 5271 τὸ
873 5218 953 5280 είς
978 5216 1069 5271 τὸν
1106 5215 1334 5269 θάνατον
1359 5213 1523 5282 αύτοῦ
1547 5254 1561 5279 ,
1605 5214 1699 5268 καὶ
1726 5216 1804 5276 είς
1831 5211 1891 5266 ἓν

394 5407 485 5463 ²⁹Ι
514 5405 644 5463 Cor.
683 5419 720 5471 ι,
760 5388 849 5457 η.
925 5399 1010 5456 ³⁰1
1039 5400 1167 5457 Cor.
1207 5414 1264 5464 ι,
1300 5399 1357 5454 2.

1993 3267 2051 3321 In
2098 3266 2241 3321 hanc
2273 3264 2444 3319 ferme
2490 3267 2822 3321 sententiam
2881 3267 3205 3337 conspirant
3248 3269 3416 3323 etiam
3455 3284 3579 3338 qua:

1991 3360 2180 3414 mundi
2221 3359 2411 3415 doctor
2437 3360 2513 3413 ait
2545 3378 2559 3414 :
2593 3378 2613 3411 ‹
2639 3359 2924 3431 Quotquot
2958 3362 3013 3415 in
3042 3360 3270 3416 Christo
3322 3364 3578 3433 haptizati

1992 3453 2218 3514 fuimus.
2249 3452 2302 3505 in
2332 3451 2453 3520 ejus
2473 3462 2647 3506 morte
2678 3468 2873 3507 sumus
2893 3453 3207 3522 baptizati.»
3234 3451 3367 3507 Nam
3395 3453 3581 3509 verbis

1997 3563 2015 3596 ε
2050 3544 2104 3598 in
2167 3544 2390 3598 Christo
2447 3544 2710 3612 baptizati
2782 3559 3004 3611 sumus,
3043 3563 3063 3596 ι
3127 3544 3317 3613 utique
3377 3543 3577 3610 docet,

1986 3638 2142 3708 juxta
2190 3636 2336 3689 illius
2373 3635 2541 3690 ritum
2594 3634 3030 3705 mandatamque
3074 3634 3329 3689 initiandi
3364 3634 3547 3688 formu

1992 3731 2122 3795 lam,
2168 3744 2197 3783 a
2244 3728 2406 3783 nobis
2448 3726 2570 3781 ﬁeri
2608 3728 3117 3797 regenerationem;
3151 3728 3338 3782 verbis
3389 3739 3579 3781 autem

1998 3843 2017 3876 c
2049 3823 2103 3876 in
2151 3824 2271 3892 ejus
2327 3831 2525 3887 morte,
2556 3839 2577 3873 ι
2642 3819 2791 3875 haud
2845 3834 2977 3876 sane
3030 3820 3110 3873 ait
3165 3834 3267 3874 nos
3318 3819 3575 3874 lotionem

1992 3912 2421 3983 regenerationis
2465 3926 2589 3966 cum
2629 3909 2931 3964 Dominicae
2983 3908 3177 3962 mortis
3230 3906 3584 3961 invocatione

1991 4020 2287 4077 peragere;
2312 4004 2456 4073 quod
2489 4003 2667 4068 absit;
2695 4017 2933 4071 namque
2959 4015 3250 4055 anommus
3272 3997 3577 4053 Eunomius

1993 4101 2098 4154 hoc
2144 4098 2354 4153 crimen
2396 4111 2561 4150 ausus
2596 4093 2701 4149 fuit
2732 4113 2744 4147 :
2775 4096 2869 4149 sed
2902 4095 2982 4148 ait
3021 4094 3325 4162 baptizatos
3377 4092 3433 4146 in
3476 4106 3581 4147 no-

1996 4192 2143 4246 mine
2170 4188 2354 4242 Patris
2382 4196 2438 4241 et
2458 4186 2582 4241 Filii
2615 4196 2669 4242 et
2696 4186 2939 4255 Spiritus
2971 4187 3169 4247 sancti.
3210 4184 3369 4254 quasi
3401 4186 3579 4239 sacris

1994 4284 2257 4356 symbolis
2288 4284 2618 4353 arcanisque
2659 4279 2939 4352 mysteriis
2976 4278 3319 4333 Dominicum
3362 4268 3601 4331 obitum°

1919 4359 1964 4416 θ
1997 4379 2237 4445 imitari;
2282 4388 2447 4445 atque
2496 4373 2676 4428 oculis
2722 4370 3001 4441 subjicere
3043 4379 3097 4424 et
3124 4368 3430 4423 deformare
3454 4380 3583 4436 qua!

1994 4471 2083 4525 ille
2128 4479 2319 4539 sponte
2352 4478 2646 4537 perpessus
2691 4471 2779 4518 est
2810 4460 3061 4517 :scilicct
3095 4459 3402 4515 triduanam
3431 4456 3579 4527 apud

1992 4559 2199 4616 inferos
2261 4571 2473 4612 moram
2525 4552 2730 4623 triplici
2792 4551 3066 4606 mersione
3118 4554 3512 4618 repraesentare
3554 4560 3577 4597 ι

1992 4661 2295 4718 rursusque
2354 4643 2581 4700 totidem
2651 4640 3057 4695 emersionibus
3116 4634 3580 4693 resurrectionem

1990 4741 2150 4798 tertia
2188 4740 2276 4795 die
2316 4746 2630 4807 peractam;
2670 4732 2832 4803 cujus
2870 4730 3139 4786 beneﬁcio
3182 4724 3580 4797 redintegratio

1988 4833 2146 4890 nobis
2190 4830 2392 4886 veteris
2432 4826 2633 4881 Adami
2670 4824 3063 4892 renovatioque
3119 4819 3431 4875 conﬁcitur.
3487 4815 3575 4871 Si-

1988 4927 2207 4995 quidem
2263 4932 2320 4980 et
2360 4923 2663 4978 locutiones
2714 4919 2768 4972 in
2813 4916 3035 4973 Christo
3083 4913 3369 4983 baptizari,
3419 4918 3474 4965 et
3518 4912 3579 4964 in

1991 5030 2167 5077 morte
2196 5017 2337 5087 ejus,
2372 5025 2424 5069 et
2458 5015 2511 5068 in
2549 5027 2659 5067 uno
2688 5024 2944 5080 corpore,
2973 5017 3029 5063 et
3069 5006 3122 5060 in
3167 5006 3385 5059 nomine
3413 5003 3577 5057 Chri-

1995 5111 2088 5175 sti,
2137 5121 2192 5164 et
2246 5109 2365 5161 aliae
2414 5102 2751 5174 hujusmodi,
2805 5099 2950 5169 quod
3000 5097 3217 5169 quidem
3264 5096 3456 5149 attinet
3506 5091 3582 5146 ad

1998 5203 2283 5261 nominum
2310 5197 2715 5264 verborumque
2766 5191 3021 5265 ﬁguram,
3053 5187 3200 5245 haud
3243 5198 3575 5255 magnopere

1829 5481 2061 5540 ΝΟΤΕ.

378 5608 494 5681 (Μ)
535 5607 590 5661 In
624 5605 860 5681 concilio
886 5600 1124 5681 generali
1171 5600 1363 5681 quinto
1391 5599 1479 5654 ed.
1518 5559 1697 5681 (Solet:
1726 5605 1765 5651 t.
1794 5594 1886 5681 IX,

378 5610 462 5681 (41
535 5610 590 5661 ln
624 5610 860 5661 concilio
886 5610 1124 5673 generali
1171 5610 1363 5668 quinto
1391 5610 1479 5654 ed.
1518 5610 1691 5655 nolet.
1726 5610 1765 5651 ι.
1796 5610 1886 5662 ut,
1997 5610 2268 5673 (‘l‘lm'lllls‘
2302 5610 2631 5670 nun-mntqu
2662 5610 2776 5652 μυδι

299 5699 364 5754 p.
395 5610 519 5742 "20g,
549 5677 773 5754 quidam
801 5669 1518 5754 reprehendit.Thcodprum
1552 5668 1892 5754 Mopslt‘t'este-g
1997 5664 2208 5754 cardiu.
2258 5675 2313 5754 t‘n
2356 5653 2710 5754 Busiride!

307 5737 443 5808 itum
470 5737 597 5820 quia
660 5737 989 5820 locutionem
1034 5741 1325 5820 baptisari_
1354 5741 1409 5820 in
1437 5737 1656 5820 nomine
1689 5737 1891 5794 Christi

315 5836 439 5877 com
483 5809 735 5873 araverat
762 5832 886 5871 cum
914 5815 1035 5877 hac,
1063 5809 1325 5880 baptizari
1351 5812 1405 5864 in
1438 5809 1603 5863 Mose.

391 5837 502 5943 (ig)
545 5888 800 5943 Veterum
853 5893 1137 5939 auctorum
1190 5882 1524 5943 testimonia,
1573 5895 1603 5943 q

391 5892 445 5961 (4

1997 5590 2246 5649 criminis
2301 5578 3353 5658 Eugnomiumpostulaverunt,profert
3402 5574 3578 5656 Ursus

2798 5654 2999 5720 ptisrno
3031 5653 3082 5704 in
3119 5650 3324 5720 Christi
3355 5650 3579 5720 nomine

1997 5715 2137 5804 part.
2168 5715 2229 5796 ll,
2262 5746 2313 5811 ρ.
2356 5729 2427 5808 64
2481 5715 2957 5811 εθιιξι.ιίλεβξιιυι·.
2984 5715 3579 5811 etiatnnlAlanrd't'tiLuusui-n

2001 5786 2383 5860 dissertatione
2410 5799 2535 5850 item
2561 5786 2631 5848 Ili:
2653 5786 2922 5861 baptismo
2944 5791 2998 5846 in
3020 5793 3119 5846 (λιι.
3154 5803 3303 5845 nom.
3324 5786 3575 5842 Thamar.

485 5863 1143 5960 i'véiéidtii"';u'éiéiuni
1171 5863 1524 5947 testimonia,
1573 5878 1666 5950 qui
1725 5877 1891 5948 hujus
1998 5873 2221 5941 tlteolog.
2259 5880 2390 5925 tom.
2420 5866 2487 5931 Χ,
2516 5874 2654 5936 part.
2687 5879 2723 5931 ι,
2759 5878 2812 5933 ρ.
2845 5863 2966 5917 104.
