4084 6434
557 406 657 469 315
1712 398 1907 459 ΡΗοΤ
1917 398 1975 458 ΙΙ
2014 398 2130 459 ΡΑἸ

2234 394 2516 460 ΪᾹΠΟΠΛΞ
2539 396 2645 459 CP.
3710 396 3814 460 316

557 527 865 583 discrepare
904 514 1044 566 inter
1078 525 1135 566 se
1168 511 1461 573 videnlur;
1500 522 1878 565 verumtamen
1908 492 2127 565 senten-

2234 510 2407 579 σῶμα,
2437 512 2532 563 καὶ
2564 512 2643 571 είς
2673 508 2733 561 τὸ
2767 508 2935 577 ὄνομα
2958 506 3049 559 τοῦ
3072 502 3331 576 Χριστοῦ,
3365 509 3457 560 καὶ
3476 508 3541 561 τὰ
3560 507 3812 563 τοιαῦτα.

555 609 644 662 tia;
700 605 774 670 vi,
840 612 894 658 et
956 604 1127 677 ipsius
1186 602 1263 655 rei
1330 602 1644 657 definitione
1700 619 1765 657 ac
1828 602 2126 666 notatione,

2234 602 2312 671 τῷ
2359 602 2457 672 μὲν
2489 604 2729 671 σχήματι
2765 601 2871 653 τῶν
2923 602 3201 667 ὀνομάτων
3243 601 3335 653 καὶ
3374 602 3632 671 ῥημάτων
3663 602 3818 653 οὐδὲν

556 697 753 751 mirum
791 704 1054 763 quantum
1084 694 1222 747 inter
1253 710 1311 747 se
1343 694 1622 747 ditl‘erunt.

2235 692 2604 745 ἐπιδείκνυται
2631 693 2773 762 μέγα
2804 692 3252 762 παραλλάττοντα
3271 709 3285 723 ο
3310 693 3366 743 ἐν
3393 691 3448 744 δὲ
3465 694 3528 760 τῇ
3563 708 3627 758 ar;
3640 690 3819 760 μασία

558 788 645 839 τοῦ
705 787 997 855 νοήματος,
1039 786 1132 835 καὶ
1182 785 1456 855 διακρίσει
1500 786 1592 837 καὶ
1636 784 1947 854 ἀπαγγελίᾳ
1973 784 2069 837 τοῦ
2106 784 2453 856 πράγματος,
2502 788 2766 858 μεγίστην
2791 788 2923 855 ὅσην
2953 785 3049 856 τὴν
3101 784 3366 853 διαφοράν
3398 783 3815 852 ἐμφανίζουσινο

626 877 712 931 10.
752 877 905 939 Quod
942 888 1119 927 autem
1150 876 1257 929 alio
1284 878 1444 930 etiam
1498 893 1661 930 sensu
1715 894 1908 930 nomen
1957 878 2127 946 signi-

554 969 677 1023 ticet
726 968 1128 1037 praedicationis
1180 970 1327 1032 vim,
1386 967 1537 1021 Pauli
1590 970 1831 1022 initiator
1885 971 2126 1023 Ananias

558 1060 842 1115 manifeste
874 1060 1080 1123 docuit,
1104 1076 1225 1114 cum
1255 1076 1315 1111 ea
1346 1076 1402 1113 se
1437 1075 1722 1127 passurum
1761 1062 1975 1113 timeret
2007 1075 2128 1128 quae

556 1171 663 1209 non
720 1164 921 1208 temere
968 1168 1032 1207 ex
1087 1154 1253 1206 Sanlo
1314 1154 1673 1220 exspectanda
1721 1163 1891 1208 erant.
1945 1152 2131 1207 Divino

556 1247 700 1299 enim
737 1255 955 1314 recepto
1000 1247 1221 1299 oraculo
1274 1255 1332 1299 ιιι
1380 1255 1778 1314 persecutorem
1829 1246 2129 1300 sacrisim-

558 1337 746 1389 bueret
778 1355 791 1389 ε
831 1354 851 1386 ί
895 1336 1111 1398 Audivi,
1141 1337 1336 1405 inquit,
1374 1336 1617 1401 Domine,
1651 1352 1679 1388 a
1712 1336 1897 1390 multis
1920 1336 1985 1389 de
2011 1336 2129 1389 viro

560 1430 680 1493 hoc,
717 1437 918 1497 quanta
960 1428 1006 1481 is
1038 1429 1174 1480 mala
1214 1429 1416 1480 sanctis
1463 1430 1569 1481 tuis
1616 1428 1858 1481 intulerit
1907 1428 1959 1481 in
1995 1430 2131 1481 urbe

560 1519 953 1589 Hierosolymis
995 1519 1059 1573 ³¹.
1104 1537 1121 1569 ι
1157 1518 1293 1570 Tum
1324 1519 1529 1571 addidit
1561 1536 1575 1576 :
1612 1536 1630 1569 ι
1670 1517 1734 1571 Ει
1767 1519 1984 1587 quidem
2018 1519 2127 1571 huc

558 1610 718 1661 etiam
752 1618 966 1677 accepta
1016 1624 1044 1661 a
1092 1609 1467 1663 sacerdotibus
1512 1616 1780 1678 potestate
1813 1611 1961 1663 venit
2009 1610 2129 1662 vin-

558 1698 733 1753 ciendi
766 1714 953 1752 omnes
986 1698 1077 1767 qui
1113 1699 1215 1751 hoc
1266 1715 1462 1752 nomen
1517 1700 1767 1752 invocant
1797 1700 1859 1752 “.
1894 1718 1911 1750 ο
1965 1699 2129 1767 Atqui

558 1790 797 1844 fidelium
830 1790 1035 1844 nemini
1066 1791 1341 1856 negotium
1377 1791 1722 1860 studiumque
1764 1802 1901 1857 erat,
1936 1800 1993 1845 ut
2023 1808 2129 1847 nu-

558 1884 685 1935 dum
713 1882 909 1936 Christi
957 1898 1150 1937 nomen
1203 1884 1541 1947 inclamaret,
1600 1900 1773 1952 neque
1819 1896 1878 1937 ut
1923 1887 2130 1955 absque

2308 886 2358 933 t'.
2393 881 2511 932 Ὂτι
2548 882 2727 949 μέντοι
2774 879 2835 930 τὸ
2859 879 3030 944 ὄνομα
3064 877 3158 929 καὶ
3188 877 3383 944 τρόπον
3406 875 3561 928 ἄλλον
3588 875 3695 943 τὴν
3725 872 3818 925 τοῦ

2234 970 2591 1040 κηρύγματος
2636 970 2867 1037 δύναμιν
2921 967 3252 1036 ἀπαγγέλλει
3290 968 3401 1037 (45)
3426 1007 3441 1031 ,
3473 967 3502 1018 6
3529 966 3643 1018 τοῦ
3668 965 3816 1017 Παύ-

2232 1063 2323 1116 λου
2376 1062 2734 1132 μυσταγωγὸς
2791 1061 3058 1125 Ἀνανίας,
3095 1060 3257 1129 ήνίκα
3298 1060 3448 1129 φόϐῳ
3476 1057 3569 1112 τοῦ
3619 1057 3820 1109 παθεῖν

2234 1154 2377 1223 άπερ
2428 1151 2496 1226 ἧν
2539 1155 2681 1218 είκδς
2731 1155 2978 1208 ὑπονοεῖν
3012 1153 3103 1205 τὸν
3147 1152 3349 1205 Σαῦλον
3386 1154 3577 1213 ποιεῖν,
3626 1149 3821 1216 σαφῶς

2232 1246 2496 1315 παριστᾷ.
2531 1246 2674 1315 Πρὸς
2712 1246 2821 1315 γὰρ
2853 1246 2946 1297 τὸν
2994 1242 3403 1313 χρηματίζοντα
3429 1241 3579 1311 αὐτῷ
3639 1257 3818 1309 μυστ-

2235 1336 2523 1404 αγωγῆσαι
2556 1336 2646 1389 τὸν
2668 1335 3190 1405 διώκονταοιΚύριε,
3220 1334 3454 1403 ἀκήκοα,
3485 1334 3679 1401 φησιν,
3713 1330 3815 1383 ἀπὶ

2233 1426 2443 1479 πολλῶν
2482 1426 2611 1495 περὶ
2649 1425 2743 1479 τοῦ
2791 1426 2982 1496 ἀνδρὸς
3020 1426 3210 1477 τούτου
3250 1426 3350 1478 ὅσα
3396 1423 3544 1477 κακά
3589 1422 3819 1489 ἐποίησε

2230 1518 2341 1578 τοῖς
2370 1516 2545 1581 ἁγίοις
2577 1533 2669 1568 σου
2698 1519 2753 1568 ἐν
2768 1516 3140 1586 Ἰερουσαλήμ.
3174 1535 3193 1567 ι
3228 1511 3409 1567 Εῐταοι
3431 1514 3539 1566 Καὶ
3570 1507 3676 1567 ὧδε
3707 1514 3819 1583 ἔχει

2232 1607 2479 1671 ἐξουσίαν
2534 1608 2687 1677 παρὰ
2736 1606 2844 1660 τῶν
2884 1605 3190 1678 ἀρχιερέων
3229 1606 3389 1675 δῆσαι
3438 1606 3651 1664 πάντας
3692 1605 3819 1665 τούς

2232 1698 2693 1766 ἐπικαλουμένους
2720 1697 2781 1749 τὸ
2810 1698 2981 1765 ὄνομά
3020 1714 3113 1749 σου
3152 1713 3165 1727 ·
3207 1716 3225 1749 ι
3262 1696 3439 1749 καίτοι
3469 1695 3577 1747 τῶν
3606 1693 3819 1747 πιστῶν

2230 1787 2331 1840 οὐκ
2373 1782 2441 1856 ἦν
2484 1786 2641 1855 ἔργον
2684 1786 2804 1839 οὐδέ
2846 1786 3166 1855 σπούδασμα
3211 1786 3383 1839 οὐδενὶ
3425 1785 3579 1852 ψιλὸν
3622 1784 3689 1836 τὸ
3723 1782 3819 1836 τοῦ

2232 1879 2469 1948 Χριστοῦ
2494 1879 2665 1947 δνομα
2688 1878 2922 1948 ἀναϐοᾷν
2954 1895 2968 1908 ·
2992 1878 3111 1931 οὐδέ
3140 1877 3310 1947 χωρὶς
3336 1877 3436 1945 τῆς
3469 1876 3814 1944 δογματικῆς

556 1975 872 2043 dogmatum
909 1974 1234 2028 rectitudine
1262 1974 1571 2042 traditaque
1598 1975 1666 2028 ab
1702 1975 1795 2028 illo
1828 1975 1953 2040 ﬁde,
1987 1977 2128 2031 hanc

2234 1970 2522 2039 ὀρθότητος
2546 1971 2755 2037 καὶτῆς
2777 1970 3010 2031 πίστεως
3038 1970 3101 2038 ἢν
3126 1970 3327 2031 ἐκεῖνος
3349 1967 3814 2037 ὲμυσταγώγησε,

560 2065 829 2117 labiorum
856 2073 1015 2117 tenus
1047 2066 1466 2127 invocationem,
1504 2064 1765 2117 salutiferi
1800 2066 1974 2119 nuntii
2008 2068 2128 2119 loco

561 2154 809 2207 haberet.
848 2152 951 2206 Sed
992 2168 1177 2221 reapse
1203 2168 1397 2207 nomen
1424 2152 1625 2207 Christi
1662 2154 1975 2209 invocantes
2000 2156 2131 2209 dicit

560 2246 709 2306 illos,
734 2260 873 2313 quos
903 2245 1037 2298 fides
1069 2245 1119 2297 in
1153 2260 1275 2297 eum
1306 2246 1557 2305 ornabat,
1588 2253 1639 2298 et
1669 2246 1760 2314 qui
1787 2246 2129 2313 evangelico-

561 2351 679 2387 rum
716 2350 996 2389 sacrorum
1028 2337 1264 2389 studium
1295 2352 1405 2406 pra:
1436 2352 1495 2391 se
1534 2336 1796 2399 ferebant,
1824 2340 2027 2409 quique
2062 2339 2129 2393 ad

560 2424 811 2492 pietatem
851 2440 1067 2478 summo
1114 2436 1314 2479 conatu
1369 2428 1736 2481 enitebantur.
1791 2427 1902 2483 Hoc
1949 2442 2129 2483 autem

558 2514 687 2580 quid
714 2512 860 2565 aliud
893 2521 1011 2565 erat
1040 2522 1232 2581 praeter
1266 2529 1429 2581 quam
1457 2515 1677 2567 credere
1724 2528 1787 2568 ac
1829 2514 2130 2583 praedicare

561 2600 905 2656 Servatorem
958 2612 1206 2655 nostrum
1260 2602 1349 2656 Dei
1401 2618 1521 2657 esse
1580 2602 1809 2669 Filium,
1875 2604 2133 2673 Patrique

558 2695 1130 2754 consubstantialem;
1188 2712 1206 2745 ι
1261 2695 1374 2764 Ego
1426 2696 1591 2759 enim,
1640 2697 1833 2764 inquit,
1880 2706 1934 2750 ct
1981 2706 2133 2764 pater

559 2802 727 2840 unum
778 2801 970 2840 sumus
1006 2786 1089 2838 "‘i
1123 2804 1140 2835 ι
1181 2802 1279 2840 nec
1328 2802 1435 2839 non
1488 2797 1735 2841 sanctum
1780 2786 2040 2857 Spiritum
2098 2803 2128 2841 a

560 2877 721 2931 Patre
746 2878 1153 2945 procedentem,
1184 2888 1346 2946 atque
1381 2879 1448 2931 ab
1478 2880 1596 2947 ejus
1625 2880 1794 2948 gloria
1826 2895 1887 2933 ac
1929 2874 2132 2933 divini-

561 2979 671 3021 tate
719 2968 942 3021 minime
989 2968 1269 3031 alienum?
1331 2967 1464 3022 Nam
1499 2970 1591 3037 qui
1639 2971 1975 3035 naturaliter,
2024 2971 2133 3025 imo

563 3074 690 3111 vero
724 3058 1127 3126 supernaturali
1160 3058 1395 3112 maxime
1433 3068 1485 3113 et
1529 3060 1878 3114 inenarrabili
1923 3060 2133 3114 ratione

558 3165 586 3201 a
626 3159 851 3218 paterna
876 3150 1183 3204 substantia
1220 3150 1487 3219 procedit.
1522 3150 1665 3205 hunc
1692 3160 1903 3221 oportet
1929 3151 2133 3221 produ-

556 3242 732 3295 contis
760 3240 991 3309 gloriam
1014 3252 1068 3295 et
1101 3250 1423 3312 potestatem
1455 3252 1507 3296 et
1539 3244 1644 3295 vim
1670 3258 1861 3297 secum
1894 3242 2126 3305 deferre,

2229 2060 2328 2127 τὴν
2388 2058 2582 2126 κλῆσιν
2634 2057 2976 2124 ἀπαγγελίαν
3026 2058 3114 2110 διὰ
3154 2057 3263 2109 τῶν
3315 2057 3535 2125 χειλέων
3592 2058 3814 2107 ποιεῖν’

2232 2148 2369 2200 ἀλλά
2400 2164 2463 2215 γε
2488 2148 2582 2200 νῦν
2609 2148 3072 2216 ἐπικαλουμένους
3108 2148 3352 2209 ἐκείνους
3373 2148 3434 2199 τὸ
3462 2147 3637 2215 ὄνομα
3666 2148 3817 2213 λέγει

2231 2239 2325 2291 τοῦ
2368 2239 2627 2308 Χριστοῦ,
2660 2240 2815 2301 ὅσους
2843 2240 2874 2308 ἠ
2907 2241 2985 2301 είς
3014 2239 3175 2292 αὐτὸν
3209 2239 3434 2307 ἐκόσμει
3471 2241 3679 2303 πίστις,
3725 2240 3816 2292 καὶ

2230 2330 2327 2398 τῆς
2361 2332 2482 2383 κατ’
2516 2331 2677 2383 αὐτὸν
2704 2332 3087 2400 μυσταγωγίας
3104 2330 3227 2399 ἐνῆν
3262 2332 3395 2401 όρᾷν
3425 2332 3688 2401 ἐραστὰς,
3725 2334 3817 2384 καὶ

2231 2418 2330 2487 τῆς
2363 2418 2641 2479 εὐσεϐείας
2680 2416 2829 2485 ἀγὼν
2871 2420 3053 2482 αὐτοῖς
3100 2419 3132 2488 ἡ
3164 2418 3435 2488 ἀκρίϐεια.
3471 2420 3536 2471 Τί
3570 2420 3628 2473 δὲ
3660 2420 3817 2472 τοῦτο

2232 2509 2361 2563 ἄλλο
2403 2505 2553 2579 ἧν,ἢ
2598 2510 2660 2561 τὸ
2703 2512 2920 2579 φρονεῖν
2953 2511 3047 2562 καὶ
3102 2510 3392 2581 κηρύττειν
3430 2510 3552 2563 Υἱὸν
3586 2511 3690 2579 μὲν
3720 2511 3814 2563 τοῦ

2234 2599 2369 2653 Θεοῦ
2422 2601 2513 2653 τὸν
2562 2602 2789 2671 Σωτῆρα
2835 2598 2995 2667 εἶναι,
3029 2603 3226 2673 καὶτῷ
3262 2606 3435 2671 ﬂat-pl.
3482 2606 3812 2675 όμοούσιονς

2241 2711 2259 2743 ‹
2282 2691 2421 2759 Ἐγὼ
2445 2693 2572 2762 γὰρ,
2597 2694 2751 2761 φησι,
2775 2696 2867 2747 καὶ
2905 2696 2933 2746 6
2964 2694 3149 2765 Πατὴρ
3179 2696 3236 2747 ’ἐν
3270 2699 3469 2765 ἐσμεν;
3509 2714 3527 2747 ι
3570 2698 3682 2749 Καὶ
3713 2695 3815 2765 μὴν

2232 2784 2293 2836 τὸ
2321 2786 2591 2851 πανάγιον
2629 2786 2855 2856 Πνεῦμα
2886 2787 2962 2851 ὡς
2992 2789 3056 2840 ἐκ
3088 2786 3179 2840 τοῦ
3200 2787 3411 2858 Πατρδς
3439 2788 3814 2859 ἐκπορευόμε-

2234 2892 2322 2927 νον
2360 2876 2496 2945 (44),
2540 2879 2635 2929 καὶ
2682 2878 2779 2946 τῆς
2823 2877 2987 2931 αὐτοῦ
3016 2878 3174 2948 δόξης
3209 2895 3269 2932 τε
3314 2880 3409 2933 καὶ
3438 2880 3696 2950 θεότητος
3718 2881 3812 2932 οὐκ

2233 2965 2677 3035 ἁλλοτριούμενον
2703 2984 2717 2998 ·
2749 2968 2810 3020 τὸ
2836 2968 2945 3039 γὰρ
2973 2968 3116 3021 κατά
3142 2969 3303 3038 φύσιν
3326 2970 3527 3041 μᾶλλον
3551 2970 3608 3022 δέ
3643 2971 3813 3039 ὑπερ-

2234 3056 2519 3125 φυεστάτῳ
2553 3058 2645 3111 καὶ
2696 3058 2959 3127 ἅφράστῳ
2992 3058 3134 3128 λόγῳ
3172 3061 3272 3125 τῆς
3302 3060 3577 3129 πατρικῆς
3624 3060 3814 3120 οὐσίας

2234 3146 2441 3216 προϊὸν,
2461 3145 2555 3198 τοῦ
2580 3147 3014 3217 προθαλλομένου
3040 3148 3138 3219 τὴν
3158 3150 3314 3214 δόξαν
3335 3152 3427 3204 καὶ
3450 3151 3545 3221 τὴν
3563 3150 3812 3214 ἐξουσίαν

2233 3235 2327 3288 καὶ
2352 3234 2580 3305 δύναμιν
2606 3238 2662 3289 ἐν
2686 3236 2863 3308 ἐαυτῷ
2885 3240 3074 3309 φέρειν
3099 3238 3226 3306 οἶδε,
3253 3242 3347 3294 καὶ
3371 3240 3463 3293 τὸν
3486 3243 3811 3312 χαρακτῆρα

556 3342 720 3400 atque
766 3332 1032 3386 illibatum
1080 3333 1459 3388 inenarrabilis
1506 3336 1826 3388 substantia-
1859 3337 2130 3391 characte-

2237 3326 2335 3393 τῆς
2384 3326 2524 3397 ὑπὲρ
2562 3327 2722 3395 λόγου
2763 3330 2952 3393 οὐσίας
2997 3332 3466 3401 ἀπαραχάρακτον
3502 3336 3808 3403 συντηρεῖν.

556 3439 672 3476 rem
726 3425 980 3477 retinere.
1015 3426 1240 3479 Constat
1282 3425 1507 3494 insuper
1555 3424 1775 3491 Filium,
1807 3428 1901 3495 qui
1952 3426 2131 3481 Patris

556 3516 813 3584 splendor
854 3524 958 3580 est,
1017 3516 1200 3571 omnia
1246 3533 1431 3571 secum
1488 3518 1629 3573 ferre
1661 3520 1860 3588 quibus
1903 3520 2132 3590 gignens

558 3606 717 3660 Pater
761 3620 855 3675 per
888 3606 1071 3660 radios
1104 3606 1406 3662 divinitatis
1448 3606 1680 3662 formam
1721 3609 1897 3663 Geniti
1937 3626 2133 3665 conve-

561 3696 839 3758 nustavit,
885 3697 1351 3767 coniunctamque
1398 3709 1650 3753 naturam
1699 3701 1970 3770 patefecit.
2025 3702 2136 3757 llac

562 3783 730 3852 igitur
774 3785 1077 3852 theologica
1125 3787 1430 3843 initiatione
1465 3789 1755 3845 multitudo
1795 3792 2131 3846 credentium

561 3875 928 3931 imbuebatur.
956 3876 1081 3932 Jure
1109 3887 1290 3932 autem
1319 3878 1626 3935 Servatoris
1651 3896 1849 3936 nomen
1878 3882 2135 3937 dicuntur

561 3967 919 4031 invocavisse,
961 3970 1087 4037 quia
1138 3970 1419 4034 doctrinae,
1456 3970 1616 4039 cujus
1664 3973 1777 4042 ipse
1816 3983 2130 4031 antecessor

557 4062 696 4121 erat,
729 4058 992 4111 rationem
1027 4072 1211 4111 veram
1237 4056 1292 4110 hi
1322 4058 1644 4113 retinebant.

630 4232 719 4287 11.
770 4232 876 4287 Sed
926 4238 1069 4289 enim
1110 4236 1459 4306 progrediens
1512 4252 1697 4293 sermo
1748 4239 1873 4293 aliis
1911 4254 2130 4310 quoque

557 4325 895 4393 argumentis
926 4328 1211 4381 sententia:
1246 4328 1407 4396 hujus
1436 4330 1868 4398 probabilitatem
1902 4340 2131 4386 astruet.

561 4415 775 4484 Quippe
804 4415 1005 4471 Christi
1036 4420 1339 4479 oraculum,
1366 4429 1426 4472 ut
1451 4435 1480 4472 a
1516 4428 1661 4475 metu
1697 4430 1858 4490 atque
1886 4433 2133 4477 conster-

564 4507 785 4559 natione
813 4507 1143 4562 initiatorem
1176 4508 1325 4563 Pauli
1360 4520 1605 4577 revocet;
1641 4528 1802 4581 quem
1832 4514 2131 4580 'exhorres,

2238 3418 2405 3485 Δῆλον
2436 3418 2492 3471 δὲ
2528 3420 2609 3471 ὄτι
2640 3420 2735 3472 καὶ
2760 3422 2789 3473 6
2817 3421 2943 3483 Υἱὸς
2971 3422 3315 3493 ἀπαύγασμα
3345 3424 3422 3475 ῶν
3449 3423 3543 3476 τοῦ
3573 3425 3807 3495 Πατρός,

2240 3507 2455 3560 ἅπαντα
2486 3510 2673 3579 φέρειν
2712 3512 2769 3565 ἐν
2821 3511 2998 3581 ἐαυτῷ
3035 3512 3135 3566 ὃσα
3167 3514 3371 3581 γεννῶν
3399 3516 3426 3567 6
3456 3515 3649 3585 Πατὴρ
3696 3516 3812 3575 ταῖς

2237 3600 2417 3651 ἀκτῖσι
2439 3599 2537 3669 τῆς
2578 3600 2831 3670 θεότητος
2874 3604 2975 3674 τὴν
3009 3606 3224 3675 μορφὴν
3266 3605 3472 3675 ὼράῑζε
3499 3606 3593 3659 τοῦ
3627 3608 3810 3673 γεννή-

2236 3704 2429 3757 ματος,
2489 3690 2583 3741 καὶ
2632 3690 2694 3742 τὸ
2738 3692 3001 3760 συγγενὲς
3059 3695 3417 3764 άνεκήρυττε.
3461 3686 3555 3765 Τῇ⁸
3584 3697 3809 3766 τοιαύτῃ

2231 3778 2410 3832 τοίνυν
2456 3779 2689 3852 θεολόγῳ
2734 3784 3091 3854 μυσταγωγίᾳ
3137 3785 3247 3839 τῶν
3287 3788 3653 3841 πιστευόντων
3703 3792 3813 3842 ἐτε-

2232 3867 2377 3921 λεῖτο
2415 3869 2485 3923 τά
2529 3870 2731 3941 πλήθη.
2768 3873 2879 3925 Καὶ
2916 3873 3141 3937 δικαίως
3173 3876 3239 3928 ἂν
3283 3876 3524 3944 λέγοιντο
3550 3878 3612 3930 τὸ
3646 3879 3811 3946 δνομα

2235 3964 2328 4015 τοῦ
2363 3962 2615 4034 Σωτῆρος
2648 3964 3049 4029 ἐπικαλεῖσθαι,
3078 3965 3212 4019 διότι
3239 3966 3334 4020 τοῦ
3363 3968 3629 4038 δόγματος
3654 3964 3716 4022 οῦ
3739 3969 3811 4021 δι-

2235 4053 2505 4117 δάσκαλος
2559 4055 2950 4125 ἐχρημάτιζεν,
3005 4057 3161 4111 αὐτοὶ
3212 4057 3464 4122 διέσωζον
3506 4057 3606 4128 τὴν
3664 4059 3810 4127 ὀρθό-

2232 4161 2394 4214 τητα.

2312 4244 2400 4289 ια’.
2432 4238 2599 4291 Οὐδὲν
2630 4239 2685 4292 δὲ
2716 4233 2878 4311 ἦττον
2906 4240 3109 4310 προῖὼν
3145 4244 3172 4294 6
3202 4241 3358 4310 λόγος
3390 4242 3486 4294 καὶ
3510 4242 3576 4294 δι’
3607 4242 3809 4312 ἐτέρων

2239 4330 2585 4399 παραστήσει
2618 4331 2715 4399 τῆς
2743 4331 2997 4400 τοιαύτης
3026 4332 3185 4402 δόξης
3214 4333 3272 4385 τὸ
3302 4332 3613 4386 ἀκόλουθον.
3647 4334 3808 4399 Λέγει

2242 4420 2354 4489 γὰρ
2384 4422 2412 4473 6
2452 4422 2808 4490 χρηματίζων
2837 4423 2935 4492 τῆς
2968 4423 3169 4491 πολλῆς
3194 4425 3432 4491 ἀγωνίας
3480 4425 3576 4478 καὶ
3608 4424 3702 4477 τοῦ
3730 4423 3809 4477 δέ·

2239 4530 2331 4575 ους
2377 4513 2815 4584 ἀνακαλούμενος
2873 4515 2963 4567 τὸν
3019 4517 3376 4585 μυσταγωγὸν
3435 4517 3529 4570 τοῦ
3572 4517 3804 4577 Παύλου,

564 4597 662 4663 ait,
688 4610 752 4648 ac
782 4597 946 4650 veluti
971 4598 1252 4651 inimicum
1286 4600 1543 4654 salutaris
1574 4601 1971 4670 praedicationis
1991 4604 2130 4657 exti-

2250 4604 2509 4677 (Ὄτιπερ
2538 4607 2597 4658 ὃν
2624 4608 2864 4677 τέθηπας
2907 4609 2999 4662 καὶ
3031 4609 3276 4672 δέδοικας
3319 4610 3394 4668 ὡς
3434 4609 3691 4679 πολέμιον
3720 4606 3805 4662 τοῦ
3878 4590 3886 4597 ’

561 4692 764 4745 mcscis
796 4709 809 4743 :
848 4710 866 4742 ‹
901 4694 951 4746 ls
978 4700 1064 4746 est
1105 4692 1238 4745 mihi
1276 4706 1369 4746 vas
1402 4692 1701 4747 electionis.
1740 4712 1758 4744 ι
1786 4695 1984 4749 Addit:
2010 4714 2028 4745 ε
2068 4693 2135 4748 Ut

558 4791 740 4852 portet
791 4798 989 4836 nomen
1038 4798 1219 4835 meum
1276 4798 1464 4837 coram
1516 4784 1769 4853 gentibus
1818 4795 1871 4839 et
1906 4787 2132 4855 regibus

556 4883 724 4942 atque
761 4874 973 4927 Israelis
1000 4874 1125 4927 filiis
1152 4874 1217 4929 “.
1260 4893 1279 4926 ι
1312 4874 1514 4943 Nempe
1545 4876 1677 4929 dicit
1705 4890 1830 4943 non,
1854 4877 2029 4931 solum
2063 4878 2132 4933 ab

560 4965 747 5018 hostili
781 4968 1022 5019 exercitu
1052 4982 1175 5020 eum
1219 4966 1605 5036 transfugisse,
1646 4982 1833 5021 verum
1875 4971 2039 5023 etiam
2075 4970 2129 5024 in

556 5057 733 5127 prima
781 5060 898 5113 acie
940 5069 1146 5114 vexata:
1197 5060 1321 5115 fidei
1388 5068 1848 5129 propugnatorem
1896 5062 2125 5117 versari.

2244 4699 2513 4768 σωτηρίου
2545 4701 2919 4770 κηρύγματος,
2946 4694 3101 4763 οὗτός
3135 4718 3223 4770 μοι
3258 4700 3451 4764 σκεῦός
3481 4702 3631 4754 ἐστιν
3667 4701 3808 4754 ἐκλο-

2220 4787 2345 4857 »γῆς
2370 4806 2382 4819 '
2430 4791 2511 4853 εἰς
2546 4791 2605 4843 τὸ
2643 4792 2909 4860 βαστάσαι
2957 4793 3017 4845 τὸ
3042 4793 3213 4861 ὄνομά
3242 4809 3343 4861 μου
3378 4794 3611 4845 ἐνώπιον
3646 4790 3805 4845 ἐθνῶν

2241 4897 2298 4933 τε
2350 4882 2442 4933 καὶ
2492 4882 2758 4952 βασιλέων
2799 4884 2929 4937 υίῶν
2980 4901 3039 4937 τε
3070 4885 3341 4955 Ἰσραήλου
3381 4885 3501 4938 ἀντὶ
3555 4884 3691 4947 τοῦ,
3736 4882 3804 4936 Οὐ

2242 4972 2404 5041 μόνον
2436 4974 2598 5036 αὐτὸς
2632 4974 2739 5027 τῶν
2763 4974 2971 5045 ἐχθρῶν
3000 4974 3101 5044 τῆς
3132 4975 3407 5044 φάλαγγος
3436 4975 3799 5044 ἀπεπήδησεν,

2239 5062 2375 5118 ἀλλὰ
2406 5066 2501 5117 καὶ
2532 5065 2911 5136 προασπιστὴς
2951 5065 3050 5137 τῆς
3078 5066 3489 5139 πολεμουμένης
3530 5064 3803 5130 εὐσεϐείας

636 5193 680 5224 ⁸⁸
712 5194 833 5249 Act.
866 5208 943 5259 ιι,
975 5193 1063 5248 15.
1143 5194 1186 5224 ³¹
1226 5193 1356 5248 ibid.
1393 5193 1478 5247 14.
1557 5194 1601 5226 ³⁸
1627 5192 1783 5249 Joan.
1814 5211 1869 5261 κ,
1915 5195 2004 5250 30.
2084 5198 2130 5229 ³⁵

2234 5209 2288 5253 :t.
2323 5214 2399 5262 ιχ,
2434 5199 2517 5253 15.

2073 5357 2309 5415 NOTAE.

628 5465 741 5548 (f3)
785 5466 877 5521 Sic
896 5483 947 5521 ν.
981 5484 1064 5537 gr.
1094 5469 1240 5548 apud
1271 5469 1485 5527 Livium
1522 5489 1708 5529 nomen
1738 5473 1990 5531 Latinum
2035 5490 2135 5548 pro

558 5534 750 5587 Latina
778 5553 885 5601 rep.
917 5534 1013 5591 seu
1044 5534 1298 5604 potentia.

777 5606 1210 5687 DurnSpiritum
1237 5627 1270 5661 a
1312 5609 1789 5687 f’atreprocedcre
1822 5617 1916 5679 ait,
1962 5633 2137 5687 neque

560 5688 592 5724 a
621 5674 964 5755 Filiamldit,
992 5674 1226 5755 oblique:
1255 5682 1444 5734 saltem
1480 5674 1565 5738 hic
1614 5703 1835 5755 quoque
1890 5674 2133 5741 errorem

558 5742 813 5826 sttumide
843 5742 1025 5826 Filii_a_
1047 5742 1349 5826 sol—0_Patre
1379 5742 1726 5826 processione
1748 5742 1980 5811 'Photins
2014 5772 2137 5826 pro-

559 5809 659 5879 dit,
713 5825 874 5880 quem
938 5816 1064 5868 alibi
1128 5809 1390 5884 plurimis'
1413 5822 1591 5877 verbis
1646 5824 1903 5891 inculcat,
1942 5809 2137 5895 ncinpe

2234 5478 2393 5547 epist.
2419 5478 2489 5553 2,
2516 5495 2611 5535 seu
2666 5479 2848 5553 libello
2879 5482 3177 5553 encyclico.
3230 5481 3479 5553 Legenda
3525 5497 3656 5537 vero
3686 5488 3801 5536 sunt

2234 5549 2786 5621 quaaublontacutins
2841 5549 3063 5621 copiose
3123 5549 3364 5620 disputat
3425 5563 3611 5607 contra
3663 5553 3797 5621 illam

2234 5619 2414 5691 i’ltotii
2433 5620 2739 5691 epistolam,
2761 5636 2862 5675 nec
2889 5619 2995 5675 non
3016 5624 3086 5676 cl.
3116 5624 3182 5675 A.
3212 5619 3469 5677 Schottns
3494 5624 3559 5677 ad
3586 5620 3794 5691 Amphi-

2235 5689 2582 5761 loc._quaast.
2616 5690 2708 5743 28.
2740 5691 2804 5743 Et
2837 5692 3055 5761 quidem
3090 5707 3176 5746 res
3230 5693 3365 5747 satis
3422 5689 3793 5745 ventilata‘fuit

2238 5759 2290 5831 in
2323 5757 2639 5831 Florentino
2662 5757 2915 5823 concilio,
2948 5770 3001 5815 et
3038 5777 3067 5814 a
3095 5762 3380 5815 catholicis
3418 5764 3619 5831 passim
3654 5762 3785 5814 theo-

2238 5830 2375 5896 logis
2400 5845 2412 5893 ;
2437 5845 2576 5897 quos
2615 5830 2755 5883 inter
2784 5831 2903 5885 vide
2935 5840 3081 5886 certe
3106 5832 3383 5887 Allatium.
