4084 6442
306 400 409 467 317

1246 414 1346 473 ΑΙ)
1385 416 1982 479 AMPHILOCHIUM
2017 418 2361 491 QUESTIO
2398 423 2617 485 XLIII.

3474 432 3581 497 31.".

301 514 775 585 ἀναδειχθήσεταιο
805 516 898 569 καὶ
932 516 1039 589 γάρ
1072 519 1178 571 ὑπὸ
1198 521 1304 573 τῶν
1333 522 1742 579 δυσσεϐούντων
1774 544 1872 580 πο-

1990 530 2248 597 Divinam,
2270 532 2469 602 inquit,
2495 532 2941 603 praedicationem
2972 538 3040 593 ah
3070 538 3252 610 impiis
3286 556 3575 615 Oppugna-

300 606 693 676 λιορκούμενόν
737 624 798 660 τε
858 610 952 662 καὶ
984 614 1435 683 κατασειόμενον,
1483 618 1647 681 αὐτὸς
1680 619 1888 672 ἀναϐα-

304 698 494 750 στάσει
521 699 616 751 καὶ
652 700 1004 770 ύποστηρίξει
1043 703 1135 754 καὶ
1168 706 1502 775 ἁκράδαντον
1538 711 1889 780 παραστήσει

302 790 366 842 τὸ
414 790 661 853 θεοσεϐὲς
720 796 1004 861 κήρυγμα.
1063 794 1233 848 Τοῦτο
1283 797 1391 868 γὰρ
1436 800 1670 853 ἐνταῦθα
1714 803 1747 871 ἡ
1792 803 1886 855 τοῦ

305 881 600 951 ὀνόματος
648 885 980 951 ἀπαγγέλλει
1024 886 1273 956 δύναμις,
1324 891 1423 957 τὴν
1466 893 1638 962 ἀληΟῆ
1683 894 1885 960 πίστιν,

303 973 370 1025 τὸ
400 977 497 1044 τῆς
531 975 809 1037 εὐσεϐείας
838 978 1114 1047 φρόνημα,
1146 981 1247 1047 τῆς
1272 982 1545 1050 θεολογίας
1589 986 1648 1036 τὸ
1681 986 1889 1055 κήρυγ-

308 1080 408 1132 μα,
452 1065 549 1131 τῆς
577 1064 670 1115 τοῦ
700 1067 876 1134 Λόγου
908 1069 1236 1140 σαρκώσεως
1274 1072 1335 1123 τὸ
1387 1077 1685 1146 μυστήριον
1711 1092 1724 1106 ·
1767 1077 1888 1130 ἐπεὶ

300 1154 359 1205 τί
410 1154 646 1222 χαλεπὸν
699 1153 809 1227 ἦν,
864 1159 1027 1213 τίνων
1062 1162 1117 1214 δὲ
1172 1167 1564 1234 στηριγμάτων
1606 1168 1881 1238 δεόμενον,

296 1245 490 1309 ἁπλῶς
519 1247 692 1310 οὕτως
725 1251 818 1302 καὶ
852 1252 953 1322 μιᾷ
980 1256 1131 1323 φωνῇ
1173 1257 1603 1326 προσαγορεύειν
1634 1261 1725 1312 τὸν
1771 1262 1886 1315 Κύ-

299 1354 463 1405 ριον;
519 1340 630 1391 Καὶ
670 1341 849 1393 αὐτῶν
892 1344 1063 1396 ἐνίοτε
1110 1344 1218 1398 τῶν
1243 1348 1536 1415 δαιμονίων
1566 1352 1888 1423 ἀναϐοωμέ-

296 1446 409 1480 νων
440 1430 532 1483 καὶ
571 1432 707 1499 μετὰ
732 1433 1056 1506 προσθήκης
1084 1437 1230 1500 τινὸς
1262 1439 1322 1491 τὸ
1342 1441 1669 1494 Δεσποτικὸν
1695 1418 1883 1513 ὄνομα.

296 1520 467 1573 Ἀλλὰ
497 1522 655 1590 δῆλον
689 1523 763 1586 ὡς
792 1524 886 1575 νῦν
912 1525 1120 1593 ὄνομα,
1156 1528 1214 1580 τὸ
1240 1529 1325 1581 διὰ
1348 1532 1560 1585 Παύλου
1586 1535 1889 1602 καταγγελ-

295 1611 530 1681 λόμενον
562 1615 826 1684 κήρυγμα
857 1616 1024 1682 λέγει,
1068 1619 1162 1670 καὶ
1193 1619 1252 1671 τὸ
1283 1622 1419 1690 πρὸς
1449 1622 1581 1675 Θεὸν
1616 1625 1885 1696 ἀναφερό-

298 1720 468 1771 μενον
505 1704 701 1767 σέϐας,
741 1706 883 1776 ὑπὲρ
917 1700 976 1760 οὗ
1015 1710 1245 1779 μυρίους
1274 1712 1408 1763 καθ’
1440 1714 1678 1784 ἑκάστην
1726 1717 1889 1771 θανά-

291 1811 429 1856 τους
478 1796 506 1847 ὁ
534 1796 663 1865 πρὶν
705 1796 939 1867 διώκτης
968 1801 1137 1870 ἡδέως
1171 1802 1355 1873 ἔφερε,
1400 1804 1689 1869 διδάσκων,
1741 1827 1884 1878 παρ-

1994 629 2103 675 tam
2129 631 2293 692 atque
2326 640 2649 679 concussam
2679 628 2971 683 sustinebit
2993 630 3109 700 ipse
3140 643 3301 703 atque
3337 636 3576 694 ﬁrmabit

1994 715 2393 784 immotamque
2422 727 2642 771 statuet.
2694 717 2775 771 Ita
2809 718 3061 775 videlicet
3107 723 3212 778 hoc
3249 726 3371 780 loco
3412 744 3576 782 voca-

1992 806 2179 861 bulum
2208 824 2391 861 nomen
2427 818 2586 863 sonat
2615 825 2797 863 veram
2833 812 3012 877 Iidem,
3045 815 3188 882 piam
3220 822 3571 881 sententiam,

1990 896 2190 951 divina:
2235 898 2499 953 doctrina:
2566 901 3003 967 praedicationem
3032 942 3047 967 ,
3092 904 3255 959 Verbi
3305 909 3574 964 incantati

1990 989 2333 1057 mysterium.
2362 989 2535 1044 Secus
2561 992 2707 1044 enim
2741 1007 2840 1045 cur
2870 995 3044 1047 ardua
3088 996 3301 1062 fuisset,
3338 1002 3420 1052 vel
3451 1002 3576 1068 qui-

1990 1077 2093 1132 bus
2123 1080 2474 1135 adminiculis
2508 1083 2834 1152 indiguisset
2865 1087 3095 1156 simplex
3141 1104 3240 1142 nec
3278 1093 3439 1146 unius
3471 1108 3573 1147 vo-

1991 1170 2171 1224 cabuli
2202 1174 2338 1226 lines
2364 1176 2637 1229 excedens
2666 1176 2881 1243 Domini
2906 1179 3196 1247 appellatio
3220 1181 3304 1233 ³⁵ἳ
3334 1182 3492 1235 Certe
3519 1192 3575 1237 et

1994 1262 2097 1329 ipsi
2128 1263 2427 1331 aliquando
2455 1267 2731 1321 daminncs
2762 1284 2885 1321 cum
2921 1270 3104 1339 aliquo
3139 1272 3302 1326 etiam
3332 1274 3574 1341 epitheto

1991 1350 2335 1407 Dnminicum
2374 1369 2571 1407 nomen
2619 1359 3133 1424 pronuntiaverunt.
3192 1359 3295 1414 Sed
3347 1376 3573 1431 prmsus

1989 1444 2328 1512 exploratum
2355 1456 2458 1509 est,
2483 1463 2627 1500 nunc
2655 1447 2921 1502 vocabulo
2943 1466 3149 1513 nomen,
3170 1452 3570 1519 praedicandam

1990 1549 2020 1586 a
2056 1532 2221 1588 Paulo
2248 1535 2554 1590 doctrinam
2589 1538 2719 1603 dici,
2762 1541 3128 1609 devotumque
3178 1541 3287 1596 Deo
3333 1545 3566 1607 cultum,

1990 1626 2146 1692 etijlis
2201 1628 2371 1695 gratia
2422 1628 2747 1684 innumeras
2800 1632 3044 1700 quntidie
3082 1640 3295 1687 mortes
3350 1635 3417 1701 is,
3476 1637 3571 1705 qui

1989 1726 2146 1771 antea
2188 1731 2508 1788 persecutor
2551 1722 2756 1787 fuerat,
2811 1724 3044 1778 libenter
3096 1727 3419 1795 perferebat,
3471 1731 3571 1783 do-

1991 1806 2186 1868 cendo,
2218 1806 2510 1871 hortando,
2548 1809 2839 1871 initiando,
2888 1812 3237 1881 praedicando
3272 1816 3454 1883 ﬁdem,
3488 1832 3572 1871 se-

293 1882 492 1949 αινῶν,
548 1886 964 1953 μυσταγωγῶν,
997 1889 1289 1959 κηρύσσων
1340 1894 1439 1963 τὴν
1484 1894 1704 1962 πίστιν,
1762 1900 1885 1952 καθ’

1990 1897 2227 1949 cundum
2257 1914 2421 1966 quam
2465 1897 2722 1954 Servator
2756 1918 2912 1956 sacra
2969 1919 3094 1958 eum
3152 1907 3414 1975 religione
3462 1910 3569 1963 im-

293 1975 372 2043 ἢν
401 1974 547 2045 αὐτῷ
581 1979 972 2046 μυσταγωγίαν
1006 1982 1032 2033 6
1066 1982 1255 2054 Σωτὴρ
1302 1985 1672 2056 ἀπεκάλυψεν·
1715 1990 1885 2057 «Ἐγὼ

293 2067 436 2136 γὰρ,
485 2069 671 2137 φησὶν,
708 2070 970 2136 ὑποδείξω
1002 2072 1148 2144 αὐτῷ
1177 2076 1278 2129 ὅσα
1307 2076 1389 2129 δεῖ
1417 2080 1580 2132 αὑτὸν
1612 2081 1752 2152 ὑπὲρ
1787 2084 1883 2137 τοῦ

294 2158 567 2227 ὀνόματός
602 2178 704 2229 μου
747 2162 959 2217 παθεῖν.
976 2183 994 2216 ι
1402 2161 1410 2166 ’

384 2250 468 2319 ιβ’.
501 2251 613 2303 Καὶ
639 2254 741 2322 ὅρα
770 2258 1000 2326 συνεχὴς
1033 2258 1065 2326 ἡ
1092 2258 1289 2327 χρῆσις
1314 2258 1409 2312 τοῦ
1442 2260 1756 2329 ὀνόματος.
1786 2262 1887 2315 Διὰ

294 2341 397 2408 τί;
448 2343 563 2397 Ἵνα
607 2346 639 2414 η
690 2346 925 2419 ἐπιμονὴ
982 2350 1081 2417 τῆς
1128 2350 1314 2419 φωνῆς
1355 2352 1415 2403 τὸ
1471 2352 1603 2405 αὐτὸ
1652 2355 1884 2424 πρᾶγμα

294 2434 565 2499 πολλάκις
607 2438 949 2507 σημαίνουσὰ
989 2457 1049 2492 τε
1086 2442 1179 2494 καὶ
1214 2444 1516 2514 κατάδηλον
1561 2447 1881 2517 ποιουμένη,

290 2524 493 2597 ὥσπερ
511 2527 597 2580 διὰ
613 2528 713 2597 τῆς
726 2529 898 2598 ἀκοῆς
922 2530 1045 2583 ὲντυ
1055 2532 1253 2585 πώσειε
1277 2537 1385 2597 τοῖς
1406 2534 1688 2606 λογισμοῖς
1705 2538 1763 2590 τὸ
1786 2540 1885 2607 τῆς

291 2619 589 2682 εὐσεϐείας
623 2623 922 2691 μυστήριον
943 2624 1037 2676 καὶ
1065 2620 1151 2676 οἷα
1182 2624 1461 2695 βασιλικὸν
1493 2630 1886 2701 ἐκσφράγισμα

287 2712 421 2771 ταῖς
433 2710 686 2772 διανοίαις
704 2710 861 2764 τοῦτο
878 2714 1133 2783 φέροντες
1148 2717 1241 2768 καὶ
1261 2717 1393 2786 πρὸς
1406 2718 1536 2770 αὐτὸ
1548 2721 1881 2789 ἀφορῶντες,

293 2798 381 2868 μὴ
396 2799 529 2869 πρὸς
559 2800 759 2863 πολλὰς
778 2802 971 2872 εἴημεν
989 2804 1141 2867 ὁδοὺς
1154 2805 1433 2877 διαφόροις
1453 2814 1658 2877 φωναῖς
1678 2830 1886 2883 σχημα-

288 2913 323 2945 τ
336 2895 617 2963 ιζομένους
632 2900 791 2967 ὲκτρε
801 2898 1048 2968 πόμενοι.
1067 2900 1237 2972 Ὑπὲρ
1255 2902 1348 2955 τοῦ
1371 2921 1548 2974 μυστη
1560 2907 1677 2975 ρίου
1693 2908 1882 2961 τούτου

256 3004 259 3007 ·
296 2993 513 3058 καὶτῆς
538 2991 665 3061 περὶ
687 2992 785 3060 τὴν
808 2992 990 3047 πίστιν
1002 2994 1289 3066 ἀκριϐείας
1310 2998 1337 3049 6
1355 2998 1564 3064 Παῦλος
1588 2999 1793 3071 ἔπασχε
1817 3002 1884 3055 τὰ

295 3083 599 3150 ἀνήκεστα·
617 3081 676 3133 οὐ
701 3081 808 3152 γὰρ
833 3084 959 3150 περὶ
982 3084 1244 3154 ὀνόματος
1266 3085 1445 3155 ψιλοῦ,
1468 3089 1586 3141 οὐδὲ
1605 3090 1884 3145 συλλαϐῶν

297 3172 535 3243 βραχείᾳ
570 3173 838 3239 συνθέσει,
873 3174 932 3227 τὸ
957 3176 1184 3245 φρικτὸν
1217 3177 1309 3229 καὶ
1344 3178 1488 3247 μέγα
1513 3179 1611 3248 τῆς
1644 3180 1878 3244 πίστεως

298 3267 760 3335 περιγράφοντος.
800 3266 889 3319 Διὸ
922 3269 1016 3321 καὶ
1045 3267 1267 3321 ἀκούειν
1299 3271 1415 3322 ἐστὶ
1441 3270 1548 3323 τῶν
1585 3272 1746 3342 ίερῶν
1777 3275 1883 3327 πά-

298 3359 392 3411 λιν
426 3360 847 3413 ὲκδιδασκόντων
878 3362 1158 3433 ῥημάτων·
1186 3364 1285 3434 οὐχ
1316 3357 1469 3427 οὗτος
1500 3366 1649 3418 ἐστὶν
1680 3369 1706 3418 6
1748 3384 1883 3438 πορ-

303 3452 477 3521 θήσας
530 3452 586 3504 ἐν
634 3450 993 3523 Ἰερουσαλὴμ
1039 3453 1100 3507 τὸ
1147 3454 1319 3525 ὄνομα
1363 3456 1554 3521 τοῦτο;
1602 3458 1726 3520 Πῶς
1779 3460 1887 3529 γὰρ

306 3542 595 3611 ἐπορθεῖτο
644 3542 791 3607 λέξις
835 3542 1019 3614 πληγῇ
1054 3544 1218 3614 ἀέρος
1272 3545 1503 3617 βραχείᾳ
1552 3564 1886 3619 περιγραφο-

306 3633 468 3701 ςλένη,
516 3634 775 3703 καὶπρὸς
809 3635 1013 3705 μηδένα
1044 3635 1169 3690 νοῦν
1198 3637 1261 3690 τό
1304 3655 1369 3706 γε
1415 3638 1502 3691 ἐπ’
1553 3640 1710 3710 αὐτῇ,
1753 3640 1887 3710 μηδὲ

299 3726 465 3788 δόξαν
500 3725 763 3793 θεολόγων
830 3727 1238 3798 ἀναπλουμένη,
1281 3729 1404 3801 μηδ’
1434 3730 1739 3802 ἀνθρώπων
1787 3730 1889 3801 ψυ-

315 3818 439 3884 χαῖς
466 3814 666 3867 ἐνιέναι
689 3816 975 3884 δογμάτων
1004 3817 1290 3887 ἀκρίϐειαν
1326 3818 1624 3888 δυναμένη,
1664 3819 1758 3871 καὶ
1786 3820 1887 3889 τὴν

300 3906 542 3978 ὓπαρξιν
598 3909 999 3978 χρονικωτέραν
1044 3908 1143 3961 οὐκ
1193 3909 1394 3979 ἔχουσα
1438 3911 1538 3980 τῆς
1578 3910 1885 3979 γενέσεως;

315 4003 481 4055 Ἀλλὰ
510 4002 618 4073 γὰρ
654 4001 813 4072 δῆλον
846 4002 921 4065 ὡς
954 4002 1049 4055 νῦν
1080 4004 1286 4071 ὄνομα,
1332 4003 1392 4057 οὐ
1434 4004 1495 4055 τὸ
1524 4003 1753 4074 σύνηθες
1796 4006 1888 4057 καὶ

301 4098 442 4148 πᾶσι
466 4095 899 4165 περιφερόμενον
936 4098 1136 4148 ἐννοεῖν
1165 4094 1284 4158 δεῖ,
1336 4095 1472 4149 ἀλλὰ
1504 4096 1562 4148 τὸ
1590 4097 1689 4166 τῆς
1730 4096 1885 4149 εύσε-

298 4187 461 4249 ϐείας
496 4188 625 4258 ὅλης
673 4186 1021 4257 ἀπαγγέλλον
1061 4204 1119 4239 τε
1149 4186 1241 4240 καὶ
1274 4187 1632 4258 διασημαῖνον
1676 4188 1885 4258 μυστὴ-

302 4297 443 4351 ριον,
484 4280 577 4331 καὶ
615 4278 713 4349 τὴν
742 4278 834 4331 τοῦ
864 4278 1218 4348 κηρύγματος
1246 4278 1333 4331 διὰ
1362 4279 1542 4349 πάσης
1577 4278 1732 4349 ἡμῶν
1776 4279 1875 4348 τῆς

297 4371 585 4438 θεολογίας
616 4369 912 4436 προϊοῦσαν
944 4370 1250 4439 ἀκρίϐειαν.
1282 4371 1394 4425 Καὶ
1422 4372 1530 4441 γάρ
1560 4371 1620 4423 τὸ
1646 4370 1887 4424 τοιοῦτον

295 4462 496 4531 ὄνομα,
527 4462 645 4531 ἤτοι
673 4461 773 4529 τῆς
804 4461 1038 4523 πίστεως
1068 4464 1101 4530 ὴ
1134 4461 1409 4524 τελείωσις
1437 4501 1450 4524 ,
1484 4462 1578 4515 καὶ
1624 4464 1744 4525 ταῖς
1773 4462 1887 4515 διας

1992 1987 2205 2043 buerat.
2250 2008 2267 2040 ι
2300 1988 2413 2059 Ego
2444 1992 2613 2057 enim,
2650 1993 2848 2062 inquit,
2884 1990 3169 2051 ostendam
3219 2000 3316 2065 illi,
3364 2013 3569 2070 quanta

1988 2078 2163 2149 ipsum
2193 2090 2443 2149 oporteat
2483 2083 2586 2137 mei
2616 2087 2853 2147 nominis
2887 2102 3052 2141 causa
3084 2090 3195 2157 pati
3226 2090 3287 2143 ³⁸.
3329 2109 3348 2141 ι

2060 2256 2147 2309 l2.
2228 2258 2406 2327 Atque
2465 2259 2600 2313 adeo
2659 2261 2859 2316 videsis
2919 2274 3239 2333 perpetuum
3320 2267 3565 2320 vocabuli

1987 2365 2174 2403 nomen
2233 2367 2416 2405 usum.
2462 2352 2574 2405 Cur
2623 2356 2845 2407 autem?
2887 2355 3091 2424 Nempe
3147 2367 3203 2410 ut
3256 2359 3565 2411 constantia

1986 2441 2262 2508 vocabuli,
2280 2446 2421 2511 quod
2445 2446 2688 2499 eamdem
2717 2461 2828 2498 rem
2853 2447 3129 2501 multoties
3161 2431 3381 2501 denotat
3403 2458 3567 2518 atque

1987 2535 2244 2597 ostendit,
2280 2537 2362 2589 vel
2394 2538 2510 2604 ipso
2550 2538 2740 2591 auditu
2779 2540 2949 2592 menti
2982 2539 3256 2608 insculpat
3288 2540 3566 2610 religionis

1988 2628 2341 2696 mysterium;
2385 2640 2550 2698 atque
2602 2641 2662 2684 ut
2713 2630 2763 2683 id
2808 2646 2905 2684 ceu
2961 2633 3169 2701 regium
3220 2633 3565 2701 signaculum

1987 2728 2208 2786 pectore
2243 2720 2566 2789 impressum
2605 2720 2861 2783 ferentes,
2894 2732 2947 2777 et
2975 2724 3039 2775 ad
3065 2723 3169 2776 hoc
3191 2726 3565 2793 respicientes,

1987 2808 2413 2879 haudquaquam
2444 2813 2497 2865 in
2531 2813 2646 2866 vias
2682 2814 3015 2884 multiplices
3046 2815 3304 2869 varietate
3333 2819 3568 2871 vocabu-

1988 2899 2165 2954 lorum
2196 2901 2497 2971 patelactas
2528 2904 2887 2959 divertamus.
2924 2905 3096 2973 llujus
3130 2922 3293 2960 causa
3322 2908 3567 2974 mysterii

1988 2999 2152 3059 atque
2176 3003 2448 3046 accurata:
2487 2992 2609 3047 ﬁdei
2638 2990 2842 3048 Paulus
2871 2995 3259 3048 acerbissimas
3286 2995 3567 3052 molestias

1986 3080 2228 3149 pertulit.
2278 3080 2395 3135 Non
2431 3083 2573 3136 enim
2623 3085 2771 3138 nudo
2805 3087 3028 3138 nomine
3062 3095 3238 3149 tenus,
3274 3101 3449 3155 neque
3482 3088 3567 3139 in-

1994 3176 2072 3222 tra
2100 3169 2315 3223 brevem
2341 3171 2673 3240 syllabarum
2698 3172 3172 3240 compositionem,
3197 3178 3565 3228 venerandum

1993 3277 2361 3330 magnumque
2428 3264 2745 3333 mysterium
2815 3264 3319 3325 circumscribebat.
3386 3267 3568 3332 Quare

1988 3359 2180 3409 ranus
2219 3355 2411 3409 audire
2443 3357 2660 3426 expedit
2706 3373 2989 3411 sacrorum
3038 3358 3407 3426 magisterium
3441 3376 3567 3413 ver.

1988 3447 2225 3501 borum:
2266 3447 2454 3502 Nonne
2500 3450 2546 3502 is
2600 3458 2705 3514 est,
2752 3450 2846 3518 qui
2887 3450 3138 3503 vastabat
3179 3448 3568 3520 Hierosolymis

1989 3553 2186 3593 nomen
2221 3538 2636 3605 hoc?Quonam
2680 3552 2861 3595 autem
2894 3550 3053 3610 pacto
3070 3541 3235 3595 dictio
3261 3558 3382 3610 qua:
3417 3542 3569 3595 brevi

1988 3629 2111 3683 aeris
2142 3631 2496 3699 percussione
2519 3631 3062 3696 ﬁnitur,vastitatem
3088 3632 3353 3687 fecisset?
3380 3634 3568 3700 dictio,

1990 3716 2234 3786 inquam,
2267 3735 2389 3789 quae
2420 3722 2629 3775 nullum
2672 3737 2767 3791 per
2799 3738 2857 3776 se
2897 3737 3120 3778 sensum
3165 3723 3430 3789 continet,
3470 3718 3567 3779 ne-

1988 3825 2097 3879 que
2137 3812 2496 3883 theologicam
2530 3815 2770 3884 aliquam
2805 3816 3133 3870 sententiam
3161 3818 3440 3886 exprimit,
3473 3834 3570 3872 ne-

1989 3918 2095 3971 que
2131 3904 2184 3957 in
2220 3905 2506 3960 hominum
2544 3907 2745 3963 animis
2775 3908 3055 3963 deﬁnitum
3104 3909 3324 3978 aliquod
3375 3911 3570 3979 dogma

1990 3994 2311 4064 imprimere
2350 4007 2565 4067 potest;
2596 4014 2717 4067 qua:
2746 4000 2984 4068 denique
3014 4000 3387 4054 exsistentiam
3423 4002 3569 4056 haud

1988 4086 2375 4156 longaeviorem
2430 4091 2713 4145 nativitate
2750 4091 2935 4145 habet.
2973 4090 3327 4159 Perspicuum
3357 4101 3439 4146 est
3466 4094 3571 4146 ita-

1988 4194 2112 4247 que,
2153 4195 2297 4233 nunc
2323 4179 2375 4232 in
2401 4181 2668 4235 vocabulo
2692 4198 2877 4234 nomen
2902 4182 3044 4235 haud
3067 4193 3385 4235 consuetam
3420 4183 3564 4235 illam

1988 4272 2472 4340 pervulgatainque
2509 4274 2936 4341 signiﬁcantiam
2978 4290 3100 4328 esse
3139 4275 3563 4344 intelligendam,

1987 4363 2081 4417 sed
2113 4364 2429 4434 mysterium
2468 4366 2650 4434 potius
2676 4379 2786 4433 quo
2814 4365 3003 4435 religio
3034 4366 3285 4420 universa
3320 4366 3564 4420 Lnnnitur

1988 4469 2052 4508 ac
2090 4456 2397 4520 denotatur,
2442 4471 2636 4525 nempe
2680 4456 3007 4525 exquisitam
3060 4456 3340 4527 Evangelii
3387 4458 3565 4512 scicn-

298 4554 453 4617 νοίας
481 4556 635 4624 ἡμῶν
660 4553 1046 4624 ἑμϐαθύνεται,
1068 4555 1161 4606 καὶ
1182 4554 1430 4623 θεμέλιον
1443 4554 1711 4624 λαμϐάνει
1730 4555 1885 4625 ἐδρα-

1991 4546 2121 4599 tiam
2182 4562 2304 4616 qua:
2353 4561 2419 4601 ex
2471 4548 2624 4601 omni
2677 4558 2863 4602 nostra
2922 4548 3225 4617 theologica
3276 4549 3563 4618 disciplina

300 4647 536 4716 ξόμενον
559 4649 624 4716 τῇ
649 4647 761 4699 τῶν
796 4647 1159 4700 πιστευόντων
1185 4645 1418 4717 φιλοθέῳ
1451 4646 1647 4719 γνώμῃ
1684 4647 1779 4701 καὶ
1820 4651 1885 4719 τῇ

300 4740 634 4810 στερρότητι
669 4737 763 4790 τοῦ
792 4739 1164 4807 φρονήματος.
1209 4736 1381 4789 Τοῦτο
1406 4738 1469 4789 τὸ
1493 4737 1665 4807 ὄνομα
1702 4739 1731 4789 6
1760 4740 1888 4808 πρὶν

306 4832 412 4901 μὲν
455 4829 657 4891 Σαῦλος
703 4830 1036 4899 ἐπολιόρκει,
1086 4830 1115 4881 6
1162 4829 1220 4882 δὲ
1269 4829 1405 4899 μετὰ
1452 4829 1630 4884 ταῦτα
1678 4830 1889 4894 Παῦλος

301 4920 539 4975 ἐνώπιον
566 4920 737 4974 ἐθνῶν
769 4922 862 4974 καὶ
913 4920 1179 4991 βασιλέων
1222 4918 1555 4985 ἐϐάσταζεν,
1595 4922 1889 4992 ἀπερίτρε-

301 5030 443 5067 πτον
464 5012 621 5065 τοῦ.το
649 5014 745 5065 καὶ
769 5010 1217 5080 ἀκαταγώνιστον
1260 5010 1409 5075 ἰδίοις
1444 5012 1887 5083 ἐπιδεικνύμενος

299 5105 651 5174 ἁγνίσμασι,
700 5105 795 5157 καὶ
846 5104 1019 5158 πολλὰ
1067 5105 1176 5157 τῶν
1205 5104 1377 5157 ἐθνῶν
1406 5104 1512 5157 ἀπὸ
1556 5107 1656 5174 τῆς
1692 5105 1887 5157 δυσσε-

300 5198 465 5260 ϐείας
497 5199 576 5260 είς
624 5195 830 5266 ταύτην
888 5196 1240 5267 μεθαρμόσας
1295 5197 1388 5248 καὶ
1441 5198 1885 5266 μυσταγωγήσας

301 5290 410 5358 τὴν
439 5289 744 5343 εὐσέϐειαν.
766 5291 858 5341 Δεῖ
890 5289 1089 5354 τοίνυν,
1116 5288 1338 5342 ἐπειδὰν
1360 5288 1426 5341 τὰ
1459 5288 1631 5353 Λόγια
1653 5288 1785 5359 λέγῃ
1813 5288 1889 5351 ὼς

302 5380 606 5444 ἐϐάπτιζον
638 5383 687 5434 οἱ
718 5381 962 5451 μαθηταὶ
993 5383 1050 5434 ὲν
1072 5381 1149 5450 τῷ
1180 5380 1407 5451 ὀνόματι
1429 5378 1604 5451 Ἰησοῦ
1627 5379 1889 5451 Χριστοῦ,

301 5472 345 5542 ἦ
380 5471 499 5523 κατ’
525 5470 691 5540 ἄλλην
719 5471 845 5525 τινὰ
864 5470 1138 5541 συνθήκην
1164 5470 1547 5542 παραπλησίου
1572 5470 1729 5538 λόγου
1755 5488 1891 5540 συμ-

310 5564 655 5635 φερομένην,
696 5563 775 5634 τῷ
816 5563 1165 5633 προκειμένῳ
1208 5562 1308 5632 τῆς
1347 5563 1711 5633 ἐκφωνήσεως
1737 5563 1891 5633 τύπῳ

307 5649 621 5715 ἀκολούθως
650 5668 707 5703 τε
748 5650 842 5705 καὶ
872 5650 1191 5720 θεοπρεπῶς
1239 5651 1459 5703 ἐννοεῖν
1497 5651 1591 5703 καὶ
1625 5650 1733 5703 τῶν
1784 5667 1890 5719 μα-

388 5829 434 5862 ³⁸
469 5828 658 5884 Matth.
694 5843 813 5895 vin,
843 5827 932 5881 29.
1014 5826 1058 5859 ”
1088 5829 1209 5882 Act.
1256 5843 1331 5889 ix,
1382 5827 1468 5879 16.

1988 4649 2195 4693 manat.
2234 4639 2346 4695 lloc
2392 4656 2616 4704 nomen,
2670 4656 2764 4696 seu
2816 4642 2998 4710 potius
3054 4641 3177 4694 ﬁdei
3222 4658 3459 4717 s‘unnua,
3510 4649 3563 4694 et

1990 4731 2264 4785 urentibus
2300 4733 2504 4786 nostris
2537 4731 2883 4800 insculpitur,
2917 4741 2969 4786 et
2997 4730 3366 4786 fundamentis
3395 4732 3564 4785 utitur

1988 4822 2075 4891 pia
2111 4823 2448 4876 credentium
2496 4832 2680 4877 mente
2715 4824 3130 4892 constantiaque
3162 4824 3443 4877 sententi-.9
3472 4824 3564 4877 lir-

1990 4916 2174 4968 matis.
2212 4915 2327 4969 Hoc
2379 4912 2581 4969 Saulus
2638 4930 2833 4969 nomen
2870 4917 3148 4979 vastabat;
3202 4925 3365 4984 atque
3422 4915 3562 4968 idem

1991 5017 2178 5076 postea
2209 5006 2415 5062 Paulus
2444 5022 2627 5062 coram
2655 5007 2907 5076 gentibus
2934 5008 3261 5077 regibusque
3283 5008 3562 5075 portabat;

1992 5098 2365 5167 insuperabile
2391 5098 2443 5152 id
2469 5108 2631 5167 atque
2662 5098 2921 5151 invictum
2955 5098 3072 5152 suis
3124 5099 3257 5167 ipsis
3304 5097 3565 5150 facinori-

1994 5190 2098 5244 bus
2134 5190 2425 5251 exhibens,
2478 5190 2785 5257 mnltasque
2814 5197 3005 5258 gentes
3058 5188 3129 5241 ab
3175 5189 3449 5256 impietate
3497 5185 3564 5240 ad

1994 5297 2179 5336 veram
2217 5281 2533 5349 religionem
2567 5281 2913 5349 pertrahens,
2960 5280 3241 5347 sacrisque
3295 5280 3566 5331 imbuens.

1995 5374 2169 5443 Igitur
2198 5374 2634 5443 quotiescunque
2680 5371 2821 5440 apud
2848 5385 3034 5425 sacras
3059 5369 3289 5423 Litteras
3314 5370 3569 5422 dicuntur

1999 5464 2251 5534 discipuli
2282 5463 2648 5533 baptizavisse
2678 5463 2730 5515 in
2753 5461 2955 5516 Christi
2998 5459 3215 5513 nomine
3243 5468 3337 5511 aut
3370 5474 3570 5513 secun-

1999 5557 2127 5611 dum
2162 5556 2323 5609 aliam
2352 5553 2645 5609 locutionis
2677 5552 2873 5606 similis
2912 5551 3223 5613 formulam,
3281 5549 3330 5602 id
3372 5548 3571 5601 intelli-

2000 5648 2237 5719 gendum
2269 5655 2353 5703 est
2390 5646 2553 5717 digne
2586 5661 2649 5701 ac
2684 5645 3073 5701 convenienter
3103 5651 3264 5711 prout
3298 5640 3400 5695 fert
3444 5653 3572 5709 pro-
