4084 6432
575 415 682 484 319

1722 397 1985 459 ΡῙῙΟἸἮ
2025 391 2528 458 PATRIARCILE
2558 391 2667 456 (ΞΡ.

3756 388 3862 452 32θ

577 532 791 604 positus
841 535 1062 580 tesserae
1116 526 1300 590 typus,
1359 525 1542 583 neque
1600 508 1885 580 indignum
1947 505 2154 574 aliquid

2273 504 2436 576 ἰητῶν
2465 503 2635 574 μηδὲν
2658 501 2876 566 ἀνάξιον
2907 500 3182 564 ὑπονοεῖν,
3208 499 3342 556 ἀλλὰ
3367 501 3528 556 κατὰ
3559 498 3634 554 τὸ
3664 503 3867 573 κήρυτ-

585 597 775 679 contra
801 612 1100 682 discipulos
1127 605 1560 677 suspicandum;
1601 601 1695 656 sed
1743 597 2022 653 fatendum
2055 611 2154 665 po-

580 719 709 776 tius,
755 710 909 779 juxta
947 701 1254 759 doctrinam
1305 695 1614 752 Servatoris
1648 709 1713 748 ac
1757 692 2153 760 magisterium,

579 805 854 876 apostolus
884 815 1094 855 sacram
1134 793 1600 863 regenerationem
1643 789 1905 857 perlicere
1939 783 2154 844 solitos,

579 899 826 962 aliosque
857 891 1064 961 pariter
1098 886 1168 941 ad
1201 887 1250 938 id
1289 881 1593 937 faciendum
1623 877 1960 939 erndivisse;
2004 874 2076 926 ita
2101 881 2159 925 nt

577 999 773 1059 praeter
809 982 1148 1038 Dominicum
1178 982 1507 1048 prmeeptum
1541 970 1866 1041 cogitarent,
1891 966 2156 1027 dicerent,

579 1081 890 1136 facerentve
915 1073 1076 1129 nihil.

652 1187 738 1244 t3.
781 1188 886 1243 Sed
937 1186 1168 1239 fortasse
1213 1177 1413 1248 aliquis
1451 1171 1765 1229 ratiocinari
1801 1184 2049 1240 pergens,
2093 1183 2160 1220 ne

580 1285 757 1339 dicam
794 1278 1065 1339 altercari,
1091 1275 1134 1331 si
1165 1275 1218 1328 in
1252 1270 1493 1333 nomine,
1523 1267 1721 1336 inquit,
1748 1262 1926 1317 Patris
1951 1270 2000 1316 et
2034 1259 2157 1313 Filii

580 1385 634 1430 et
675 1373 848 1430 sancti
909 1369 1148 1440 Spiritus
1195 1361 1546 1433 baptizabant
1584 1354 1879 1424 discipuli,
1932 1367 2156 1407 curnam

582 1468 636 1521 in
668 1464 887 1518 nomine
917 1458 1121 1515 Christi
1165 1466 1256 1510 aut
1305 1455 1426 1507 aliis
1460 1448 1726 1521 ejusmodi
1769 1445 2021 1500 formulis
2056 1443 2158 1497 ba-

582 1551 1102 1627 ptizaredit-nntur?
1128 1547 1284 1618 Atqui
1312 1544 1474 1611 hujus
1504 1542 1578 1595 rei
1608 1539 1759 1593 notio
1795 1539 1848 1590 in
1878 1550 2042 1604 supra
2079 1533 2153 1588 di-

583 1625 686 1704 ctis
705 1648 815 1714 jam
841 1645 973 1699 satis
993 1625 1236 1710 exposita
1254 1647 1356 1692 est.
1377 1633 1584 1689 Sullicit
1604 1632 1773 1695 enim,
1796 1627 2161 1698 complurium

585 1739 782 1801 instar,
814 1736 859 1790 si
898 1735 1011 1788 haec
1040 1728 1413 1786 controversia
1460 1724 1597 1779 mori
1656 1736 1940 1776 sacrarum
1994 1717 2165 1772 Litte-

583 1843 769 1884 rarum
807 1827 1138 1895 imputetur;
1169 1819 1284 1875 etsi
1318 1820 1364 1873 is
1386 1817 1477 1888 qui
1508 1816 1651 1870 hanc
1685 1812 1786 1868 sibi
1821 1808 2160 1865 tractandam

2262 616 2338 669 μα
2367 596 2461 650 τοῦ
2492 598 2744 667 Σωτῆρος
2767 593 2864 648 καὶ
2886 593 2986 662 τὴν
3004 593 3373 659 διδασκαλίαν,
3398 595 3720 664 ὁμολογεῖν
3745 596 3870 656 τοὺς

2257 689 2593 752 ἀποστόλους
2619 687 3018 755 τελεσιουργεῖν
3053 685 3153 756 τὴν
3179 688 3589 757 ἀναγέννησιν,
3621 687 3722 740 καὶ
3746 687 3869 746 τοὺς

2257 775 2447 832 ἄλλους
2471 776 2730 846 πράττειν
2751 774 2952 842 ὁμοίως
2976 775 3476 843 μυσταγωγοῦντας
3503 818 3520 838 ,
3577 776 3761 845 μηδὲν
3785 775 3870 842 ἔξ-

2257 869 2395 921 ωθεν
2419 868 2516 936 τῆς
2538 869 2601 919 Δε
2613 864 2874 934 σποτικῆς
2902 865 3121 934 ἐντολῆς
3146 867 3280 939 μήτε
3314 865 3690 931 ἐννοοῦντας,
3731 867 3867 936 μήτε

2258 953 2518 1022 λέγοντας
2552 955 2690 1024 μήτε
2721 953 3080 1023 πράττοντας.

2331 1137 2420 1198 ιγ’.
2453 1129 2616 1182 Ἀλλὰ
2649 1128 2757 1197 γάρ
2788 1129 2919 1192 ῐσως
2953 1129 3020 1182 ἄν
3057 1146 3200 1183 τισιν
3239 1128 3457 1182 ἐπέλθοι
3508 1127 3868 1196 λογοθετεῖν,

2261 1218 2346 1272 ἵνα
2385 1218 2460 1288 μὴ
2484 1217 2631 1284 λέγω
2676 1216 3024 1284 φιλονεικεῖν,
3052 1215 3129 1279 ὡς
3162 1215 3215 1268 εῐ
3241 1233 3303 1283 γε
3339 1218 3420 1278 εἰς
3443 1215 3516 1268 τὸ
3555 1214 3752 1283 ὄνομα
3779 1215 3869 1268 τοῦ

2261 1309 2470 1378 Πατρδς
2500 1309 2592 1362 καὶ
2615 1307 2710 1360 τοῦ
2743 1307 2873 1362 Υἰοῦ
2905 1307 3000 1361 καὶ
3034 1309 3128 1362 τοῦ
3157 1309 3313 1377 άγίου
3342 1307 3695 1377 Πνεύματος
3747 1308 3869 1362 ὲϐάο

2263 1398 2450 1461 πτιζον
2479 1397 2528 1450 οἰ
2558 1397 2822 1467 μαθηταὶ,
2849 1397 2900 1450 τί
2930 1398 2994 1466 δή
3024 1413 3156 1450 ποτε
3181 1399 3260 1459 εἰς
3283 1397 3342 1450 τὺ
3373 1397 3564 1466 ὄνομα
3604 1395 3713 1449 τοῦ
3743 1398 3872 1464 Χρι-

2264 1483 2389 1537 στοῦ
2437 1483 2686 1552 λέγονται
2735 1483 3018 1552 βαπτίζειν
3049 1483 3081 1554 ἢ
3118 1484 3196 1544 εἰς
3227 1483 3297 1536 τά
3329 1484 3538 1552 δμοιας
3609 1483 3712 1534 καὶ
3767 1482 3870 1552 γὰρ

2260 1574 2419 1627 τοῦτο
2451 1573 2553 1643 μὲν
2583 1573 2670 1628 διὰ
2696 1572 2805 1626 τῶν
2840 1573 3147 1642 εἰρημένων
3177 1573 3276 1643 ἤδη
3313 1572 3721 1642 ἀποχρώντως
3749 1572 3870 1624 ἑπι-

2261 1667 2556 1720 δείκνυται.
2581 1665 2779 1735 ’Ἤρκει
2809 1664 2919 1734 γάρ
2942 1665 3062 1717 ἀντὶ
3090 1663 3300 1716 πολλῶν
3325 1662 3508 1716 ἄλλων
3539 1662 3657 1729 τὴν
3686 1662 3871 1716 αἰτίαν

2263 1758 2471 1829 ταύτην
2501 1757 2579 1822 εἰς
2610 1758 2670 1811 τὸ
2696 1758 2797 1827 τῆς
2827 1757 2978 1827 ἰερᾶς
3005 1755 3165 1826 ἡμῶν
3193 1755 3416 1827 Γραφῆς
3451 1755 3590 1818 έθος
3614 1756 3870 1822 ἀνάγειν,

2265 1846 2358 1899 καὶ
2393 1846 2741 1916 παραστῆσαι
2774 1843 2980 1915 ταύτην
3009 1843 3400 1912 οἰκειούμενον,
3445 1843 3602 1912 μηδὲ
3665 1842 3871 1912 μᾶλλον

585 1921 775 1985 sumit,
815 1935 923 1973 non
958 1927 1068 1970 tam
1109 1915 1326 1968 curiose
1360 1923 1540 1980 agere,
1588 1921 1751 1974 quam
1782 1903 1997 1957 veritati
2047 1911 2160 1957 stu-

2273 1935 2354 1989 ιοῦ
2389 1903 2700 2006 φιλοσοφεῖν
2742 1935 2802 1988 τὸ
2827 1903 3308 2005 πολύπραγμονεῖν
3356 1903 3869 1988 άνταλλάττεσθαι.

581 2012 737 2079 dere,
770 2011 918 2064 velit.
953 2008 1087 2061 Nam
1132 2015 1185 2059 et
1219 2003 1324 2058 alia
1374 1999 1636 2070 singulari
1670 1995 1930 2051 orationis
1963 2007 2159 2064 genera

580 2119 684 2174 pro
715 2117 812 2159 sua
842 2101 1102 2171 quodque
1137 2097 1310 2151 l‘orma
1341 2092 1646 2148 idiOtismos
1679 2088 1879 2143 habere
1912 2099 2162 2154 comper-

579 2205 701 2250 tum
729 2203 812 2249 est
841 2210 854 2247 :
891 2205 1162 2261 nemoque
1196 2185 1462 2242 idiotismi
1492 2195 1717 2252 gnarus,
1745 2180 1798 2233 in
1832 2178 1966 2231 alias
1997 2174 2164 2229 vesti-

583 2287 830 2358 gationes
879 2281 1159 2354 pervagari
1203 2286 1438 2333 mentem
1471 2273 1644 2329 sinit:
1680 2285 1803 2340 quae
1833 2284 1923 2324 res
1957 2281 2067 2321 non
2103 2266 2160 2318 in

583 2378 784 2432 divinis
837 2375 1014 2430 solum
1063 2369 1412 2426 sermonibus
1457 2363 1733 2429 usuvenit,
1771 2375 1958 2416 verum
2006 2359 2062 2413 in
2094 2357 2164 2411 iis

582 2471 747 2526 etiam
793 2481 934 2538 quos
990 2464 1166 2519 Attica
1223 2463 1404 2531 lingua
1451 2457 1696 2514 studiose
1727 2462 1977 2509 exornat.
2018 2449 2165 2504 Nihil

579 2570 768 2617 tamen
801 2567 948 2613 vetat
981 2555 1274 2626 quominus
1322 2553 1472 2606 hunc
1505 2549 1842 2604 idiotismum
1873 2544 2034 2614 paulo
2079 2541 2167 2594 fu-

503 2693 508 2697 ς
587 2653 704 2708 sius
752 2663 1114 2720 exponamus.
1168 2645 1492 2714 Quanquam
1547 2640 1685 2694 hanc
1725 2645 1932 2706 partem
1987 2648 2055 2688 ne
2109 2632 2164 2685 in

589 2743 874 2813 superiore
907 2739 1129 2810 quidem
1165 2737 1414 2790 oratione
1447 2730 1809 2800 negleximus,
1842 2727 1896 2780 in
1926 2732 2031 2793 qua
2078 2737 2166 2777 re-

593 2851 714 2889 rum
755 2847 951 2888 causas
995 2828 1246 2883 evolvere
1295 2839 1406 2878 non
1453 2820 1761 2876 omisimus.
1796 2815 2062 2870 Nimirum
2111 2812 2165 2865 in

588 2926 868 2982 locutione
905 2943 923 2974 ‹
959 2920 1018 2974 ln
1049 2917 1266 2972 nomine
1294 2913 1510 2970 Domini
1544 2909 1671 2966 Iesu
1713 2908 1917 2964 Christi
1947 2924 1968 2958 ι
2005 2914 2169 2974 atque

592 3021 648 3074 in
683 3019 806 3072 aliis
842 3010 1156 3082 hujusmodi
1206 3011 1462 3080 (quarum
1515 3003 1615 3059 etsi
1666 3000 1948 3056 dissimilis
1977 3012 2166 3058 sonus,

592 3124 700 3164 non
732 3105 998 3161 absimilis
1029 3113 1208 3156 tamen
1243 3112 1421 3168 neque
1448 3094 1728 3163 multiplex
1763 3089 2030 3146 sententia
2062 3089 2167 3155 est)

585 3201 712 3270 jure
743 3196 1045 3264 meritoque
1074 3190 1301 3261 intelligi
1356 3188 1489 3243 ﬁdes
1540 3193 1718 3256 potest
1756 3197 1864 3254 qua
1918 3179 2170 3235 Christus

2263 2029 2372 2082 Καὶ
2423 2027 2532 2096 γάρ
2573 2027 2708 2083 ἄλλα
2754 2044 2815 2080 τε
2859 2025 3030 2080 πολλά
3073 2025 3196 2079 καθ’
3225 2025 3457 2079 ἕκαστον
3493 2019 3658 2090 εἶδος
3707 2025 3870 2093 λόγου

2266 2116 2334 2168 δι’
2360 2108 2434 2169 ὧν
2471 2113 2933 2187 χαρακτηρίζεται
2963 2113 3259 2181 καθορᾶται
3301 2112 3604 2180 ἰδιώματα·
3651 2114 3750 2166 καὶ
3779 2111 3871 2166 ού-

2264 2209 2376 2272 δεὶς
2410 2208 2665 2276 ἐπιγνοὺς
2691 2207 2750 2260 τὸ
2783 2206 2999 2274 ἰδίωμα,
3027 2203 3162 2276 πρὸς
3199 2204 3393 2276 ἑτέραν
3422 2203 3869 2259 ἀποπλανᾶσθαι

2273 2300 2366 2354 τὸν
2413 2299 2539 2353 νοῦν
2583 2298 2778 2368 ἀφίησι
2822 2298 3082 2368 ζήτησιν·
3118 2298 3212 2351 καὶ
3249 2298 3409 2352 τοῦτο
3453 2299 3516 2351 ού
3565 2299 3745 2366 μόνον
3778 2296 3869 2350 επὶ

2263 2390 2372 2442 τῶν
2402 2389 2678 2456 θεοσόφων
2721 2388 2896 2456 λόγων
2939 2388 3088 2442 ἐστὶν
3131 2389 3487 2459 ἀναθεωρεῖν,
3519 2389 3677 2443 ἀλλὰ
3712 2389 3807 2443 καὶ
3834 2389 3867 2442 ἃ

2266 2481 2492 2546 κοσμεῖν
2531 2476 2895 2548 φιλοτιμεῖται
2946 2476 3168 2544 γλῶσσα
3212 2477 3672 2546 ὴάττικίζουσα.
3721 2479 3865 2545 Πλὴν

2265 2568 2419 2623 οὖδὲν
2457 2567 2655 2622 κωλύει
2689 2570 2782 2622 καὶ
2817 2569 2878 2621 τὸ
2929 2569 3123 2638 ἰδίωμα
3159 2567 3498 2639 πλατύτερον
3538 2569 3867 2622 συνεκδιδὰ-

2269 2678 2423 2713 σκειν
2446 2676 2461 2691 ο
2500 2659 2676 2712 καίτοι
2728 2675 2792 2724 γε
2821 2658 3121 2712 οὐδὲτοῦτο
3167 2658 3422 2728 παρεῖδεν
3472 2659 3803 2729 ἔμπροσθεν
3838 2661 3864 2711 ὁ

2267 2749 2445 2816 λόγος,
2475 2748 2558 2801 ὅτι
2600 2747 2675 2818 μὴ
2702 2748 2993 2819 ἐστέρηται
3017 2747 3111 2801 τοῦ
3142 2748 3598 2817 αἰτιολογεῖσθαι·
3634 2750 3865 2817 καὶγὰρ

2277 2836 2400 2898 «Εἰς
2424 2836 2484 2888 τὸ
2511 2835 2684 2904 ὄνομα
2712 2834 2803 2886 τοῦ
2840 2835 3044 2904 Κυρίου
3075 2834 3249 2906 Ἰησοῦ
3277 2836 3540 2906 Χριστοῦ,
3580 2857 3601 2888 o
3658 2837 3756 2889 καὶ
3788 2837 3861 2896 εἰς

2269 2927 2338 2980 τὰ
2371 2927 2727 2998 παραπλήσια
2757 2918 2851 2996 (ὧν
2881 2928 2937 2978 ὲν
2972 2926 3048 2996 τῷ
3069 2927 3313 2998 διαφόρῳ
3340 2927 3451 2980 τῶν
3482 2929 3691 2996 φωνῶν
3716 2926 3864 2980 ἀδιά-

2272 3033 2436 3087 φορος
2467 3019 2500 3086 ἡ
2529 3016 2736 3070 διάνοια
2775 3016 2868 3069 καὶ
2896 3015 3040 3086 μία),
3073 3015 3300 3080 δικαίως
3348 3015 3414 3070 ἂν
3459 3016 3801 3087 ἀναφέροιτο
3827 3015 3858 3082 ἡ

2274 3106 2404 3178 παρ’
2441 3107 2606 3160 αὐτοῦ
2640 3105 3135 3178 μυσταγωγηθεῖσα
3165 3107 3280 3171 τοῖς
3313 3106 3616 3178 μαθηταῖς,
3656 3107 3754 3161 καὶ
3777 3104 3860 3158 διὰ

2273 3195 2382 3246 τῶν
2415 3194 2673 3264 μαθητῶν
2704 3193 2782 3264 τῷ
2813 3193 3024 3264 κόσμῳ,
3056 3194 3260 3256 πίστις,
3287 3193 3379 3246 τοῦ
3403 3194 3681 3263 ὀνόματος
3707 3193 3858 3245 τοῦτο

589 3291 912 3359 discipulos,
947 3296 1111 3354 atque
1140 3285 1192 3338 hi
1224 3281 1466 3337 vicissim
1499 3278 1764 3334 mundum
1803 3275 2118 3330 imbuerunt
2153 3288 2166 3323 :

2273 3285 2737 3357 παραδηλοῦντος,
2764 3286 2898 3338 διότι
2923 3285 3086 3349 αὐτὸς
3110 3285 3352 3357 ἀρχηγὸς
3375 3285 3625 3359 κατέστη
3656 3287 3757 3354 τῆς
3787 3284 3863 3346 είς

593 3398 718 3438 nam
750 3381 865 3434 litec
895 3395 924 3432 a
953 3376 1170 3433 nomine
1214 3373 1461 3427 denotari
1511 3377 1709 3440 potest,
1750 3367 1879 3436 quia
1915 3364 2169 3418 Christus

590 3474 712 3542 ipse
748 3469 966 3537 pietatis
989 3481 1118 3534 erga
1145 3462 1314 3516 Deum
1344 3469 1536 3514 auctor
1560 3465 1680 3521 est;
1711 3465 1765 3510 et
1788 3454 1916 3524 quia
1949 3453 2000 3508 in
2036 3449 2168 3505 Jesu

594 3559 926 3626 Dominique
956 3553 1232 3607 mentione
1260 3550 1522 3604 docemur
1551 3543 1820 3600 contineri
1852 3542 2169 3596 summatim

592 3647 951 3716 conspiciqne
979 3641 1137 3697 Verbi
1172 3655 1268 3709 pro
1320 3638 1478 3691 nobis
1531 3633 1798 3688 incarnati
1831 3631 2168 3701 mysterium.

596 3737 772 3795 Porro
800 3739 921 3806 pius
953 3735 1186 3802 quisque
1217 3731 1320 3783 hoc
1345 3728 1480 3782 duce
1514 3724 1772 3796 mysterio
1801 3723 2016 3776 tendere
2037 3719 2173 3774 diri-

600 3831 764 3902 gique
811 3833 987 3897 potest
1031 3823 1096 3877 ad
1136 3819 1426 3892 perfectam
1472 3816 1563 3869 Dei
1599 3815 1992 3882 cognitionem;
2029 3807 2173 3864 haud

598 3920 855 3992 equidem
906 3913 1279 3971 contrahendo
1313 3909 1842 3977 constringemloque
1873 3904 2027 3986 intra.
2047 3904 2174 3956 bre-

600 4028 725 4067 vem
752 4011 892 4063 hanc
925 4021 1114 4061 vocem
1146 3991 1460 4074 dogmatum
1491 4015 1657 4054 sensu
1704 3998 1778 4068 (id
1807 3997 1952 4052 enim
1999 3996 2172 4055 lieret,

599 4103 650 4161 si
700 4105 841 4157 nuda
883 4115 985 4155 vox
1019 4097 1400 4168 proferretur),
1439 4095 1548 4147 imo
1595 4092 1774 4163 potius
1805 4089 2085 4144 dilatando
2113 4103 2178 4143 ac

594 4194 929 4268 perﬁciendo
960 4207 1056 4260 per
1082 4190 1238 4243 {idem
1273 4203 1336 4241 ac
1371 4186 1588 4256 pietatis
1619 4181 2170 4238 consummationem.

593 4288 755 4354 Quod
781 4285 827 4339 si
848 4284 1081 4348 denique
1106 4289 1157 4333 et
1189 4280 1290 4332 hoc
1316 4278 1506 4331 audire
1553 4275 1701 4337 libet,
1734 4272 1982 4327 indivisis
2007 4282 2062 4325 et
2097 4271 2178 4323 in-

596 4375 924 4448 separabilis
952 4372 1121 4426 Filius
1146 4387 1175 4423 a
1203 4368 1361 4422 Patre
1404 4368 1718 4436 Spirituque
1761 4373 1866 4428 est,
1896 4362 2024 4432 quia
2066 4363 2178 4415 sci-

600 4469 730 4524 licet
751 4467 993 4534 ejusdem
1027 4459 1597 4530 incomprehensibilis
1626 4456 1950 4512 substantiae
1987 4463 2040 4508 et
2065 4454 2176 4507 vir-

603 4561 738 4616 tutis
771 4576 834 4612 ac
869 4556 1154 4626 potestatis
1210 4554 1482 4623 particeps
1528 4561 1632 4605 est.
1679 4549 1786 4602 Sed
1821 4558 2000 4602 tamen
2030 4547 2180 4600 visus

605 4654 717 4710 fuit
747 4662 914 4720 atque
942 4650 1192 4719 palpatus
1218 4654 1508 4716 postquam
1549 4657 1768 4698 carnem
1812 4650 2056 4695 nostram
2089 4655 2179 4693 as-

605 4743 846 4811 sumpsit
882 4741 1075 4804 Filius,
1110 4738 1286 4792 factus
1317 4735 1574 4789 nimirum
1601 4732 1777 4788 oculis
1822 4732 2026 4785 nostris
2051 4746 2183 4798 con-1

605 4833 884 4906 spicabilis
936 4839 1196 4898 tactuque
1229 4825 1511 4898 palpabilis
1551 4844 1564 4879 :
1603 4843 1624 4875 ιι
1663 4823 1820 4891 Quod
1851 4822 1998 4877 enim
2051 4822 2182 4876 vidi-

604 4940 748 4989 mus,
764 4925 839 4978 ait
862 4919 1172 4994 [Joannes],
1193 4929 1246 4973 et
1265 4932 1462 4971 manus
1484 4924 1684 4970 nostra;
1705 4921 2180 4968 contrectaverunt

605 5018 673 5071 de
723 5014 890 5069 verbo
936 5013 1092 5077 vitm;
1145 5019 1201 5064 et
1258 5009 1366 5062 vita
1406 5009 1677 5078 apparuit.
1711 5003 1848 5061 Cum
1905 5008 2068 5077 igitur
2119 5007 2186 5061 ab

605 5121 739 5171 uno,
771 5104 863 5173 qui
901 5102 1221 5157 nominatim
1252 5100 1408 5154 nobis
1438 5100 1506 5153 ob
1532 5114 1644 5153 suae
1685 5097 1968 5152 charitatis
1999 5097 2185 5152 inﬁni-

610 5206 725 5251 tutn
782 5197 1005 5265 pelagus
1058 5192 1498 5262 cognoscendum
1565 5207 1623 5245 se
1673 5191 1918 5255 obstulit,
1983 5191 2187 5260 quique

611 5284 903 5340 ineﬂabilia
946 5284 1105 5338 nobis
1142 5283 1398 5353 mysteria
1433 5284 1647 5352 aperuit
1676 5283 1744 5349 ",
1787 5302 1806 5335 ο
1859 5299 1891 5339 a
1943 5286 2186 5341 consub-

611 5379 876 5442 stantiali,
912 5378 1157 5446 inquam,
1192 5374 1352 5442 Filio,
1389 5377 1784 5444 omnipotentis
1805 5392 2024 5448 quoque
2061 5377 2184 5433 Tri-

612 5471 798 5525 nitatis
813 5467 1516 5538 incomprehensibilitatetn
1540 5477 1704 5539 atque
1720 5470 1980 5526 unitatem
2010 5471 2186 5527 edocti

616 5563 904 5628 fuerimus,
934 5570 1098 5630 atque
1130 5561 1198 5616 ad
1234 5561 1498 5630 reliquam
1535 5561 1780 5632 mysterii
1815 5563 2062 5618 notitiam
2092 5563 2189 5617 de-

613 5655 780 5718 ducti,
832 5654 1027 5706 merito
1077 5668 1176 5707 nos
1225 5668 1356 5707 sane
1399 5653 1834 5722 quotiescunque.
1875 5657 2078 5728 aliquid
2108 5673 2192 5712 se-

2271 3380 2330 3432 τὸ
2369 3379 2510 3432 θεῖον
2554 3365 2874 3441 εῦσεόείας·
2920 3378 3016 3432 καὶ
3047 3378 3180 3431 διότι
3213 3380 3271 3432 ὲν
3306 3381 3372 3449 τῇ
3419 3376 3512 3431 τοῦ
3539 3378 3730 3450 Ἰησοῦ
3774 3377 3862 3430 καὶ

2273 3471 2478 3541 Κυρίου
2541 3473 2729 3542 μνήμῃ
2763 3468 3126 3540 διδασκόμεθα
3189 3469 3736 3540 συγκεφαλαιοῦσθαι
3768 3469 3860 3523 καὶ⁵

2275 3561 2769 3632 συνεμφανίζεσθαι
2787 3563 2847 3614 τὸ
2871 3565 3168 3632 μυστήριον
3197 3561 3316 3615 ὅλον
3341 3563 3436 3631 τῆς
3464 3562 3561 3614 τοῦ
3590 3563 3774 3631 Λόγου
3799 3558 3861 3613 δι’

2276 3650 2424 3718 ἡμᾶς
2454 3650 2788 3718 οἰκονομίας.
2817 3648 3215 3706 Ἀναπλοῦσθαί
3238 3665 3295 3702 τε
3319 3649 3542 3704 δύναται
3570 3651 3688 3704 τῶν
3716 3651 3860 3701 εὐσε-

2275 3739 2513 3794 ϐούντων
2551 3740 2780 3803 ἕκαστος
2803 3779 2818 3802 ,
2851 3740 2947 3793 καί⁵
2993 3740 3396 3794 άπευθύνεσθαι
3427 3741 3495 3794 δι’
3519 3740 3696 3796 αὑτοῦ
3733 3738 3859 3809 πρὸς

2278 3827 2338 3879 τὸ
2369 3827 2572 3880 τέλειον
2617 3826 2716 3896 τῆς
2759 3827 3088 3894 θεογνωσίας
3114 3844 3128 3857 ⁸
3181 3828 3242 3880 ού
3305 3831 3372 3898 τῇ
3421 3829 3733 3900 βραχύτητι
3769 3826 3857 3893 τῆς

2278 3921 2475 3986 λέξεως
2518 3919 2926 3975 συναποθλίὸων
2973 3920 3066 3973 καὶ
3112 3919 3532 3990 συστενοχωρῶν
3593 3919 3692 3972 τὸν
3743 3916 3858 3971 νοῦν

2277 4011 2386 4064 τῶν
2417 4009 2701 4079 δογμάτων
2737 4007 2924 4076 (τοῦτο
2971 4007 3082 4079 γὰρ
3137 4008 3202 4062 ἂν
3237 4008 3323 4079 εἴη
3349 4007 3509 4080 ψιλὴν
3543 4007 3645 4080 τὴν
3681 4007 3858 4080 φωνὴν

2279 4073 2620 4174 προφέρειν),
2652 4073 2769 4155 ἀλλ’
2800 4073 3282 4172 ἐμπλατυνόμενος
3312 4073 3418 4154 ⁷καὶ
3455 4073 3857 4173 καταρτιξδμε-

2277 4211 2367 4257 νος
2404 4196 2469 4265 τῇ
2519 4194 2699 4246 πίστει
2724 4193 2820 4247 καὶ
2860 4197 2924 4264 τῇ
2955 4192 3252 4263 τελειότητι
3286 4196 3385 4263 τῆς
3411 4193 3715 4255 εύσεδείας.
3757 4212 3774 4241 ι
3799 4189 3855 4242 Εἰ

2265 4284 2462 4355 βούλει
2485 4285 2559 4346 δὲ,
2597 4283 2898 4354 άχὼριστός
2924 4284 3041 4335 ἐστι
3074 4283 3169 4336 καὶ
3203 4283 3530 4344 ἀδιάστατος
3576 4285 3606 4335 ὁ
3637 4283 3766 4345 Υἱὸς

2281 4373 2457 4444 Πατρὶ
2491 4374 2585 4426 καὶ
2633 4374 2708 4444 τῷ
2739 4372 3048 4443 Πνεύματι,
3081 4373 3157 4437 ὡς
3199 4373 3299 4441 τῆς
3326 4374 3497 4443 αὐτῆς
3528 4371 3852 4445 ὑπερουσίου

2280 4461 2469 4524 ούσίας
2495 4460 2896 4530 καὶδυνάμεως
2927 4460 3022 4513 καὶ
3056 4460 3304 4525 ἐξουσίας
3335 4460 3618 4531 ὑπάρχων.
3661 4458 3850 4528 Ὠράθη

2214 4589 2256 4644 D
2281 4550 2339 4604 δὲ
2385 4552 2480 4644 καὶ
2521 4551 2848 4622 ἐψηλαφήθη
2902 4553 3083 4622 σάρκα
3130 4550 3229 4622 τὴν
3269 4551 3544 4622 ἡμετέραν
3575 4547 3850 4606 άναλαΰὼν

2283 4645 2312 4696 δ
2346 4643 2496 4710 Υἱὸς,
2534 4644 2626 4698 καὶ
2656 4645 2882 4713 γέγονεν
2915 4647 3047 4714 ημῖν
3077 4643 3291 4714 δμμασί
3318 4661 3377 4696 τε
3404 4643 3630 4714 ληπτὸς,
3662 4645 3771 4712 ἁφῇ
3799 4653 3852 4693 τε

2283 4729 2623 4801 ψηλαφητός.
2655 4733 2755 4784 «Ὃ
2775 4731 2886 4802 γάρ
2915 4730 3260 4801 ἐθεασάμεθα
3284 4769 3303 4798 ,
3337 4734 3512 4800 φησὶ,
3543 4734 3640 4786 καὶ
3667 4732 3724 4784 αἰ
3747 4727 3850 4798 χεῖ-

2287 4844 2378 4898 ρες
2411 4827 2568 4897 ἡμῶν
2613 4827 2976 4901 ἐψηλάφησαν
3018 4831 3150 4902 περὶ
3197 4829 3294 4885 τοῦ
3341 4829 3504 4898 λόγου
3554 4832 3656 4902 τῆς
3693 4827 3848 4894 ζωῆς·

2285 4928 2378 4980 καὶ
2413 4929 2445 4996 ἡ
2475 4928 2586 4999 ζωὴ
2616 4929 2960 5000 ἐφανερώθη.
2997 4929 3088 4995 Ἐξ
3115 4930 3230 4993 ἑνὸς
3257 4926 3350 4983 οὖν
3379 4928 3475 4983 τοῦ
3509 4932 3709 5002 μᾶλλον
3731 4925 3850 4997 ἡμῖν

2287 5019 2376 5073 διὰ
2411 5021 2823 5092 φιλανθρωπίας
2871 5023 3078 5092 ἄφατον
3115 5025 3351 5089 πέλαγος
3399 5025 3457 5076 ὲν
3492 5025 3689 5092 γνώσει
3727 5017 3822 5074 καθ

2289 5113 2522 5177 εστῶτος
2547 5153 2561 5176 ,
2601 5116 2697 5169 ιιιαί⁷
2734 5115 2803 5169 τὰ
2837 5115 2977 5187 ὑπὲρ
3003 5115 3172 5185 ,λόγον
3205 5117 3736 5186 μυσταγωγήσαντος
3762 5105 3845 5163 τοῦ

2286 5205 2598 5272 δμοουσίου,
2629 5207 2724 5262 καὶ
2747 5209 3256 5280 παντοκρατορικῆς
3284 5209 3517 5278 Τριάδος
3545 5209 3605 5261 τὸ
3635 5199 3825 5272 ύπερού

2290 5297 2404 5350 σιόν
2430 5314 2490 5350 τε
2528 5300 2622 5352 καὶ
2645 5300 2846 5355 ἐνιαῖον
2886 5300 3314 5371 ὲλλαμφθέντες,
3349 5301 3488 5373 πρός
3536 5317 3597 5352 τε
3634 5299 3729 5368 τὴν
3761 5293 3844 5348 ἆλ-

2295 5388 2394 5458 λην
2438 5388 2534 5442 τοῦ
2586 5391 2886 5462 μυστηρίου
2932 5391 3164 5462 θεωρίαν
3198 5392 3280 5446 δι’
3320 5392 3492 5446 ἀὐτοῦ
3524 5398 3846 5463 χειραγωγη’

2295 5479 2515 5547 θέντες,
2557 5469 2806 5547 εἰκότωςέ
2830 5484 2940 5556 ἄρα
2984 5485 3078 5538 καὶ
3121 5484 3341 5538 ἐπειδάν
3378 5502 3500 5538 τινα
3540 5485 3844 5554 πράττωμεν

2298 5573 2439 5625 κατὰ
2475 5573 2536 5626 τὸ
2588 5575 3027 5647 παραδεδομένον
3071 5575 3250 5644 δόγμα
3294 5574 3609 5638 τελοῦντες,
3657 5575 3734 5634 εἰς
3767 5563 3842 5619 τὸν

2299 5665 2914 5735 παραδεδωκόταοταῦτα
2954 5667 3272 5738 δικαιοῦμεν
3300 5666 3690 5737 ἀναφέρεσθαι.

620 5744 858 5797 cundum
914 5743 1174 5799 traditum
1232 5746 1427 5815 dogma
1489 5745 1759 5824 facimus,
1816 5750 2050 5814 merito,
2115 5750 2356 5818 inquam,
2413 5757 2477 5810 ad
2534 5767 2814 5814 auctorem
2901 5760 3174 5831 dogmatis
3235 5774 3350 5816 rem
3428 5757 3622 5814 factam
3673 5747 3833 5811 referi-

625 5848 769 5889 ntus.

688 5928 728 5960 ³⁷
772 5926 791 5980 ι
825 5923 985 5981 Joan.
1011 5943 1048 5992 ι,
1078 5929 1126 5996 1,
1158 5928 1212 5982 2.
