  <div class='ocr_page' id='page_1' title='image "/cluster/home/n/w/nwhite01/storage/ocr_20150623/101:no.1/coo.31924054870054/184.png"; bbox 0 0 4084 6488; ppageno 0'>
   <div class='ocr_carea' id='block_1_1' title="bbox 317 413 424 482">
    <p class='ocr_par' dir='ltr' id='par_1_1' title="bbox 317 413 424 482">
     <span class='ocr_line' id='line_1_1' title="bbox 317 413 424 482; baseline -0.009 0"><span class='ocrx_word' id='word_1_1' title='bbox 317 413 424 482; x_wconf 72' lang='lat'><strong>321</strong></span> 
     </span>
    </p>
   </div>
   <div class='ocr_carea' id='block_1_2' title="bbox 1263 406 2674 481">
    <p class='ocr_par' dir='ltr' id='par_1_2' title="bbox 1263 406 2674 481">
     <span class='ocr_line' id='line_1_2' title="bbox 1263 406 2674 481; baseline -0.002 -12"><span class='ocrx_word' id='word_1_2' title='bbox 1263 412 1363 470; x_wconf 87' lang='lat' dir='ltr'><strong>AD</strong></span> <span class='ocrx_word' id='word_1_3' title='bbox 1402 406 2006 470; x_wconf 70' lang='lat' dir='ltr'><strong>AMPHIIDCI-IIUM</strong></span> <span class='ocrx_word' id='word_1_4' title='bbox 2047 407 2396 481; x_wconf 70' lang='lat' dir='ltr'><strong>QUASSTIO</strong></span> <span class='ocrx_word' id='word_1_5' title='bbox 2452 408 2674 469; x_wconf 81' lang='lat' dir='ltr'><strong>XLIII.</strong></span> 
     </span>
    </p>
   </div>
   <div class='ocr_carea' id='block_1_3' title="bbox 3499 395 3704 446">
    <p class='ocr_par' dir='ltr' id='par_1_3' title="bbox 3499 395 3704 446">
     <span class='ocr_line' id='line_1_3' title="bbox 3499 395 3704 446; baseline 0.02 -4"><span class='ocrx_word' id='word_1_6' title='bbox 3499 403 3609 446; x_wconf 60' lang='lat' dir='ltr'><strong>ea.)</strong></span> <span class='ocrx_word' id='word_1_7' title='bbox 3697 395 3704 397; x_wconf 78' lang='grc'><strong>’</strong></span> 
     </span>
    </p>
   </div>
   <div class='ocr_carea' id='block_1_4' title="bbox 3499 446 3609 467">
    <p class='ocr_par' dir='ltr' id='par_1_4' title="bbox 3499 446 3609 467">
     <span class='ocr_line' id='line_1_4' title="bbox 3499 446 3609 467; baseline 0.009 -1"><span class='ocrx_word' id='word_1_8' title='bbox 3499 446 3531 467; x_wconf 73' lang='grc' dir='ltr'><strong>(Ι</strong></span> <span class='ocrx_word' id='word_1_9' title='bbox 3540 449 3609 467; x_wconf 57' lang='lat' dir='ltr'><strong>tua</strong></span> 
     </span>
    </p>
   </div>
   <div class='ocr_carea' id='block_1_5' title="bbox 394 519 1931 596">
    <p class='ocr_par' dir='ltr' id='par_1_5' title="bbox 394 522 1920 596">
     <span class='ocr_line' id='line_1_5' title="bbox 394 522 1920 596; baseline -0.006 -12"><span class='ocrx_word' id='word_1_10' title='bbox 394 528 476 584; x_wconf 86' lang='grc' dir='ltr'>ιδ’.</span> <span class='ocrx_word' id='word_1_11' title='bbox 507 528 697 590; x_wconf 82' lang='grc' dir='ltr'><strong>Ὅπως</strong></span> <span class='ocrx_word' id='word_1_12' title='bbox 729 525 831 596; x_wconf 80' lang='grc' dir='ltr'>μέν</span> <span class='ocrx_word' id='word_1_13' title='bbox 862 543 946 579; x_wconf 90' lang='grc' dir='ltr'><strong>τοι</strong></span> <span class='ocrx_word' id='word_1_14' title='bbox 972 542 1035 593; x_wconf 85' lang='grc' dir='ltr'><strong>γε</strong></span> <span class='ocrx_word' id='word_1_15' title='bbox 1073 524 1169 578; x_wconf 74' lang='grc' dir='ltr'>καὶ</span> <span class='ocrx_word' id='word_1_16' title='bbox 1197 530 1224 576; x_wconf 84' lang='grc' dir='ltr'><strong>ο</strong></span> <span class='ocrx_word' id='word_1_17' title='bbox 1252 524 1464 586; x_wconf 79' lang='grc' dir='ltr'><strong>Παῦλος</strong></span> <span class='ocrx_word' id='word_1_18' title='bbox 1497 523 1837 594; x_wconf 81' lang='grc' dir='ltr'>κατήγγελλε</span> <span class='ocrx_word' id='word_1_19' title='bbox 1858 522 1920 575; x_wconf 83' lang='grc' dir='ltr'><strong>τὸ</strong></span> 
     </span>
    </p>
   </div>
   <div class='ocr_carea' id='block_1_6' title="bbox 2036 519 3610 596">
    <p class='ocr_par' dir='ltr' id='par_1_6' title="bbox 2095 519 3610 594">
     <span class='ocr_line' id='line_1_6' title="bbox 2095 519 3610 594; baseline 0 -18"><span class='ocrx_word' id='word_1_20' title='bbox 2095 523 2183 577; x_wconf 68' lang='grc'><strong>14.</strong></span> <span class='ocrx_word' id='word_1_21' title='bbox 2223 522 2472 589; x_wconf 85' lang='lat' dir='ltr'><strong>Quanam</strong></span> <span class='ocrx_word' id='word_1_22' title='bbox 2529 523 2695 594; x_wconf 76' lang='lat' dir='ltr'><strong>igitur</strong></span> <span class='ocrx_word' id='word_1_23' title='bbox 2741 522 2954 578; x_wconf 75' lang='lat' dir='ltr'><strong>ratione</strong></span> <span class='ocrx_word' id='word_1_24' title='bbox 2985 521 3189 578; x_wconf 88' lang='lat' dir='ltr'><strong>Paulus</strong></span> <span class='ocrx_word' id='word_1_25' title='bbox 3230 519 3358 578; x_wconf 80' lang='lat' dir='ltr'><strong>Jesu</strong></span> <span class='ocrx_word' id='word_1_26' title='bbox 3407 536 3610 578; x_wconf 88' lang='lat' dir='ltr'><strong>nomen</strong></span> 
     </span>
    </p>
   </div>
   <div class='ocr_carea' id='block_1_7' title="bbox 319 613 1914 694">
    <p class='ocr_par' dir='ltr' id='par_1_7' title="bbox 319 613 1914 694">
     <span class='ocr_line' id='line_1_7' title="bbox 319 613 1914 694; baseline -0.007 -18"><span class='ocrx_word' id='word_1_27' title='bbox 319 624 491 694; x_wconf 66' lang='grc' dir='ltr'>ὄνομα</span> <span class='ocrx_word' id='word_1_28' title='bbox 517 621 614 674; x_wconf 87' lang='grc' dir='ltr'><strong>τοῦ</strong></span> <span class='ocrx_word' id='word_1_29' title='bbox 652 616 850 690; x_wconf 80' lang='grc' dir='ltr'>Ἰησοῦ,</span> <span class='ocrx_word' id='word_1_30' title='bbox 891 617 988 671; x_wconf 75' lang='grc' dir='ltr'><strong>καὶ</strong></span> <span class='ocrx_word' id='word_1_31' title='bbox 1023 617 1168 670; x_wconf 83' lang='grc' dir='ltr'><strong>κατά</strong></span> <span class='ocrx_word' id='word_1_32' title='bbox 1205 619 1359 670; x_wconf 82' lang='grc' dir='ltr'>ποῖον</span> <span class='ocrx_word' id='word_1_33' title='bbox 1390 616 1794 687; x_wconf 73' lang='grc' dir='ltr'><strong>σημαινόμενον</strong></span> <span class='ocrx_word' id='word_1_34' title='bbox 1815 613 1914 666; x_wconf 90' lang='grc' dir='ltr'><strong>τοῦ</strong></span> 
     </span>
    </p>
   </div>
   <div class='ocr_carea' id='block_1_8' title="bbox 318 705 1917 785">
    <p class='ocr_par' dir='ltr' id='par_1_8' title="bbox 318 705 1917 785">
     <span class='ocr_line' id='line_1_8' title="bbox 318 705 1917 785; baseline -0.005 -17"><span class='ocrx_word' id='word_1_35' title='bbox 318 715 611 785; x_wconf 80' lang='grc' dir='ltr'>ὀνόματος,</span> <span class='ocrx_word' id='word_1_36' title='bbox 659 709 954 765; x_wconf 85' lang='grc' dir='ltr'>κάντεῦθεν</span> <span class='ocrx_word' id='word_1_37' title='bbox 998 709 1158 780; x_wconf 83' lang='grc' dir='ltr'>δῆλον</span> <span class='ocrx_word' id='word_1_38' title='bbox 1179 725 1192 740; x_wconf 88' lang='grc'><strong>·</strong></span> <span class='ocrx_word' id='word_1_39' title='bbox 1223 708 1424 777; x_wconf 82' lang='grc' dir='ltr'>μᾶλλον</span> <span class='ocrx_word' id='word_1_40' title='bbox 1457 707 1514 761; x_wconf 82' lang='grc' dir='ltr'>δὲ</span> <span class='ocrx_word' id='word_1_41' title='bbox 1561 705 1672 760; x_wconf 85' lang='grc' dir='ltr'><strong>τῶν</strong></span> <span class='ocrx_word' id='word_1_42' title='bbox 1702 705 1917 760; x_wconf 73' lang='grc' dir='ltr'>ἐκείνου</span> 
     </span>
    </p>
   </div>
   <div class='ocr_carea' id='block_1_9' title="bbox 320 795 1914 876">
    <p class='ocr_par' dir='ltr' id='par_1_9' title="bbox 320 795 1914 876">
     <span class='ocr_line' id='line_1_9' title="bbox 320 795 1914 876; baseline -0.007 -15"><span class='ocrx_word' id='word_1_43' title='bbox 320 807 498 876; x_wconf 86' lang='grc' dir='ltr'>λόγων</span> <span class='ocrx_word' id='word_1_44' title='bbox 526 807 561 876; x_wconf 83' lang='grc' dir='ltr'>ὴ</span> <span class='ocrx_word' id='word_1_45' title='bbox 590 804 752 875; x_wconf 81' lang='grc' dir='ltr'>χάρις</span> <span class='ocrx_word' id='word_1_46' title='bbox 775 795 850 858; x_wconf 87' lang='grc' dir='ltr'>ὧν</span> <span class='ocrx_word' id='word_1_47' title='bbox 879 801 1061 873; x_wconf 74' lang='grc' dir='ltr'>ἥψατο</span> <span class='ocrx_word' id='word_1_48' title='bbox 1087 801 1187 872; x_wconf 81' lang='grc' dir='ltr'>τῆς</span> <span class='ocrx_word' id='word_1_49' title='bbox 1204 801 1454 873; x_wconf 79' lang='grc' dir='ltr'><strong>καρδίας,</strong></span> <span class='ocrx_word' id='word_1_50' title='bbox 1475 798 1671 871; x_wconf 82' lang='grc' dir='ltr'>ἄδηλον</span> <span class='ocrx_word' id='word_1_51' title='bbox 1716 797 1914 856; x_wconf 78' lang='grc' dir='ltr'>οὐδενί.</span> 
     </span>
    </p>
   </div>
   <div class='ocr_carea' id='block_1_10' title="bbox 322 890 1920 968">
    <p class='ocr_par' dir='ltr' id='par_1_10' title="bbox 322 890 1920 968">
     <span class='ocr_line' id='line_1_10' title="bbox 322 890 1920 968; baseline -0.008 -14"><span class='ocrx_word' id='word_1_52' title='bbox 322 898 443 954; x_wconf 84' lang='grc' dir='ltr'>Νῦν</span> <span class='ocrx_word' id='word_1_53' title='bbox 474 897 574 968; x_wconf 84' lang='grc' dir='ltr'>μὲν</span> <span class='ocrx_word' id='word_1_54' title='bbox 607 897 716 968; x_wconf 91' lang='grc' dir='ltr'><strong>γάρ</strong></span> <span class='ocrx_word' id='word_1_55' title='bbox 746 896 806 950; x_wconf 87' lang='grc' dir='ltr'><strong>τὸ</strong></span> <span class='ocrx_word' id='word_1_56' title='bbox 841 893 1073 965; x_wconf 73' lang='grc' dir='ltr'>φρικτὸν</span> <span class='ocrx_word' id='word_1_57' title='bbox 1103 893 1196 946; x_wconf 73' lang='grc' dir='ltr'><strong>καὶ</strong></span> <span class='ocrx_word' id='word_1_58' title='bbox 1231 890 1618 963; x_wconf 78' lang='grc' dir='ltr'>φιλάνθρωπον</span> <span class='ocrx_word' id='word_1_59' title='bbox 1647 890 1746 960; x_wconf 79' lang='grc' dir='ltr'>τῆς</span> <span class='ocrx_word' id='word_1_60' title='bbox 1785 906 1920 960; x_wconf 87' lang='grc' dir='ltr'>σαρ-</span> 
     </span>
    </p>
   </div>
   <div class='ocr_carea' id='block_1_11' title="bbox 324 982 1914 1056">
    <p class='ocr_par' dir='ltr' id='par_1_11' title="bbox 324 982 1914 1056">
     <span class='ocr_line' id='line_1_11' title="bbox 324 982 1914 1056; baseline -0.006 -12"><span class='ocrx_word' id='word_1_61' title='bbox 324 990 571 1054; x_wconf 84' lang='grc' dir='ltr'>κώσεως,</span> <span class='ocrx_word' id='word_1_62' title='bbox 601 987 696 1041; x_wconf 79' lang='grc' dir='ltr'>καὶ</span> <span class='ocrx_word' id='word_1_63' title='bbox 740 985 1122 1056; x_wconf 79' lang='grc' dir='ltr'><strong>μυσταγωγῶν</strong></span> <span class='ocrx_word' id='word_1_64' title='bbox 1152 985 1245 1038; x_wconf 66' lang='grc' dir='ltr'><strong>καὶ¹</strong></span> <span class='ocrx_word' id='word_1_65' title='bbox 1280 983 1570 1055; x_wconf 82' lang='grc' dir='ltr'><strong>κηρύττων</strong></span> <span class='ocrx_word' id='word_1_66' title='bbox 1602 982 1880 1036; x_wconf 79' lang='grc' dir='ltr'>ἐδείκνυτο</span> <span class='ocrx_word' id='word_1_67' title='bbox 1899 997 1914 1012; x_wconf 91' lang='grc'><strong>·</strong></span> 
     </span>
    </p>
   </div>
   <div class='ocr_carea' id='block_1_12' title="bbox 324 1073 1920 1149">
    <p class='ocr_par' dir='ltr' id='par_1_12' title="bbox 324 1073 1920 1149">
     <span class='ocr_line' id='line_1_12' title="bbox 324 1073 1920 1149; baseline -0.008 -11"><span class='ocrx_word' id='word_1_68' title='bbox 324 1083 420 1138; x_wconf 91' lang='grc' dir='ltr'>νῦν</span> <span class='ocrx_word' id='word_1_69' title='bbox 448 1081 504 1134; x_wconf 81' lang='grc' dir='ltr'>δὲ</span> <span class='ocrx_word' id='word_1_70' title='bbox 534 1079 804 1147; x_wconf 82' lang='grc' dir='ltr'>θεολογῶν</span> <span class='ocrx_word' id='word_1_71' title='bbox 826 1077 926 1149; x_wconf 78' lang='grc' dir='ltr'><strong>τὴν</strong></span> <span class='ocrx_word' id='word_1_72' title='bbox 957 1076 1164 1148; x_wconf 86' lang='grc' dir='ltr'>Τριάδα</span> <span class='ocrx_word' id='word_1_73' title='bbox 1198 1073 1666 1148; x_wconf 77' lang='grc' dir='ltr'>ἐπαρρησιάζετο,</span> <span class='ocrx_word' id='word_1_74' title='bbox 1687 1090 1920 1127; x_wconf 87' lang='grc' dir='ltr'>συνανα-</span> 
     </span>
    </p>
   </div>
   <div class='ocr_carea' id='block_1_13' title="bbox 324 1168 1920 1248">
    <p class='ocr_par' dir='ltr' id='par_1_13' title="bbox 324 1168 1920 1248">
     <span class='ocr_line' id='line_1_13' title="bbox 324 1168 1920 1248; baseline -0.006 -18"><span class='ocrx_word' id='word_1_75' title='bbox 324 1174 613 1248; x_wconf 88' lang='grc' dir='ltr'>κηρύττων</span> <span class='ocrx_word' id='word_1_76' title='bbox 655 1172 752 1225; x_wconf 78' lang='grc' dir='ltr'>καὶ</span> <span class='ocrx_word' id='word_1_77' title='bbox 797 1170 897 1243; x_wconf 78' lang='grc' dir='ltr'>τὴν</span> <span class='ocrx_word' id='word_1_78' title='bbox 938 1171 1107 1240; x_wconf 73' lang='grc' dir='ltr'>ἀλλην</span> <span class='ocrx_word' id='word_1_79' title='bbox 1155 1169 1250 1223; x_wconf 91' lang='grc' dir='ltr'><strong>τοῦ</strong></span> <span class='ocrx_word' id='word_1_80' title='bbox 1314 1169 1620 1241; x_wconf 74' lang='grc' dir='ltr'>μυστηρίου</span> <span class='ocrx_word' id='word_1_81' title='bbox 1680 1168 1920 1238; x_wconf 90' lang='grc' dir='ltr'>δύναμιν</span> 
     </span>
    </p>
   </div>
   <div class='ocr_carea' id='block_1_14' title="bbox 321 1257 1916 1338">
    <p class='ocr_par' dir='ltr' id='par_1_14' title="bbox 321 1257 1916 1338">
     <span class='ocr_line' id='line_1_14' title="bbox 321 1257 1916 1338; baseline -0.004 -18"><span class='ocrx_word' id='word_1_82' title='bbox 321 1267 578 1338; x_wconf 84' lang='grc' dir='ltr'>θειότητα</span> <span class='ocrx_word' id='word_1_83' title='bbox 599 1281 614 1296; x_wconf 83' lang='grc'><strong><em>⁸</em></strong></span> <span class='ocrx_word' id='word_1_84' title='bbox 643 1264 782 1320; x_wconf 82' lang='grc' dir='ltr'>ἀλλὰ</span> <span class='ocrx_word' id='word_1_85' title='bbox 829 1264 937 1335; x_wconf 86' lang='grc' dir='ltr'>γὰρ</span> <span class='ocrx_word' id='word_1_86' title='bbox 983 1263 1137 1317; x_wconf 75' lang='grc' dir='ltr'>οὐδέν</span> <span class='ocrx_word' id='word_1_87' title='bbox 1173 1265 1291 1316; x_wconf 74' lang='grc' dir='ltr'>ἐστι</span> <span class='ocrx_word' id='word_1_88' title='bbox 1319 1257 1433 1316; x_wconf 79' lang='grc' dir='ltr'>οἷον</span> <span class='ocrx_word' id='word_1_89' title='bbox 1471 1260 1636 1316; x_wconf 70' lang='grc' dir='ltr'>αὑτοῦ</span> <span class='ocrx_word' id='word_1_90' title='bbox 1671 1261 1916 1328; x_wconf 75' lang='grc' dir='ltr'><strong>ἀκούειν,</strong></span> 
     </span>
    </p>
   </div>
   <div class='ocr_carea' id='block_1_15' title="bbox 327 1356 1916 1429">
    <p class='ocr_par' dir='ltr' id='par_1_15' title="bbox 327 1356 1916 1429">
     <span class='ocr_line' id='line_1_15' title="bbox 327 1356 1916 1429; baseline -0.004 -15"><span class='ocrx_word' id='word_1_91' title='bbox 327 1381 347 1414; x_wconf 72' lang='grc' dir='ltr'><strong>ι</strong></span> <span class='ocrx_word' id='word_1_92' title='bbox 375 1362 472 1425; x_wconf 88' lang='grc' dir='ltr'>Ὃς</span> <span class='ocrx_word' id='word_1_93' title='bbox 495 1359 570 1414; x_wconf 86' lang='grc' dir='ltr'><strong>ὣν</strong></span> <span class='ocrx_word' id='word_1_94' title='bbox 589 1360 938 1429; x_wconf 70' lang='grc' dir='ltr'><strong>ἀπαύγασμα</strong></span> <span class='ocrx_word' id='word_1_95' title='bbox 961 1359 1061 1428; x_wconf 78' lang='grc' dir='ltr'>τῆς</span> <span class='ocrx_word' id='word_1_96' title='bbox 1074 1358 1233 1427; x_wconf 79' lang='grc' dir='ltr'>δόξης</span> <span class='ocrx_word' id='word_1_97' title='bbox 1251 1358 1345 1412; x_wconf 68' lang='grc' dir='ltr'><strong>καὶ</strong></span> <span class='ocrx_word' id='word_1_98' title='bbox 1368 1358 1658 1429; x_wconf 82' lang='grc' dir='ltr'>χαρακτὴρ</span> <span class='ocrx_word' id='word_1_99' title='bbox 1670 1356 1770 1426; x_wconf 81' lang='grc' dir='ltr'>τῆς</span> <span class='ocrx_word' id='word_1_100' title='bbox 1789 1357 1916 1409; x_wconf 85' lang='grc' dir='ltr'>ὐπο-</span> 
     </span>
    </p>
   </div>
   <div class='ocr_carea' id='block_1_16' title="bbox 325 1451 1922 1525">
    <p class='ocr_par' dir='ltr' id='par_1_16' title="bbox 325 1451 1922 1525">
     <span class='ocr_line' id='line_1_16' title="bbox 325 1451 1922 1525; baseline -0.002 -17"><span class='ocrx_word' id='word_1_101' title='bbox 325 1454 569 1518; x_wconf 84' lang='grc' dir='ltr'>στάσεως</span> <span class='ocrx_word' id='word_1_102' title='bbox 599 1453 787 1520; x_wconf 89' lang='grc' dir='ltr'>αὑτοῦ,</span> <span class='ocrx_word' id='word_1_103' title='bbox 819 1452 1066 1525; x_wconf 80' lang='grc' dir='ltr'>δηλονότι</span> <span class='ocrx_word' id='word_1_104' title='bbox 1093 1451 1190 1505; x_wconf 90' lang='grc' dir='ltr'><strong>τοῦ</strong></span> <span class='ocrx_word' id='word_1_105' title='bbox 1220 1452 1432 1525; x_wconf 73' lang='grc' dir='ltr'>Πατρὸς</span> <span class='ocrx_word' id='word_1_106' title='bbox 1464 1455 1492 1505; x_wconf 85' lang='grc' dir='ltr'><strong>ό</strong></span> <span class='ocrx_word' id='word_1_107' title='bbox 1515 1452 1664 1516; x_wconf 77' lang='grc' dir='ltr'>Υἱὸς,</span> <span class='ocrx_word' id='word_1_108' title='bbox 1687 1452 1787 1522; x_wconf 78' lang='grc' dir='ltr'>οὐχ</span> <span class='ocrx_word' id='word_1_109' title='bbox 1820 1452 1922 1521; x_wconf 84' lang='grc' dir='ltr'>ἁρ-</span> 
     </span>
    </p>
   </div>
   <div class='ocr_carea' id='block_1_17' title="bbox 323 1541 1918 1619">
    <p class='ocr_par' dir='ltr' id='par_1_17' title="bbox 323 1541 1918 1619">
     <span class='ocr_line' id='line_1_17' title="bbox 323 1541 1918 1619; baseline -0.004 -18"><span class='ocrx_word' id='word_1_110' title='bbox 323 1548 542 1619; x_wconf 79' lang='grc' dir='ltr'>παγμὸν</span> <span class='ocrx_word' id='word_1_111' title='bbox 557 1548 806 1617; x_wconf 80' lang='grc' dir='ltr'>ἡγήσατο</span> <span class='ocrx_word' id='word_1_112' title='bbox 820 1546 880 1598; x_wconf 77' lang='grc' dir='ltr'><strong>τὸ</strong></span> <span class='ocrx_word' id='word_1_113' title='bbox 899 1541 1036 1600; x_wconf 79' lang='grc' dir='ltr'>εἶναι</span> <span class='ocrx_word' id='word_1_114' title='bbox 1059 1544 1148 1598; x_wconf 70' lang='grc' dir='ltr'>ἶσα</span> <span class='ocrx_word' id='word_1_115' title='bbox 1171 1543 1311 1615; x_wconf 83' lang='grc' dir='ltr'>Θεῷ.</span> <span class='ocrx_word' id='word_1_116' title='bbox 1340 1564 1358 1597; x_wconf 72' lang='grc' dir='ltr'><strong>ι</strong></span> <span class='ocrx_word' id='word_1_117' title='bbox 1387 1545 1523 1598; x_wconf 73' lang='grc' dir='ltr'>Οὐδὲ</span> <span class='ocrx_word' id='word_1_118' title='bbox 1550 1543 1658 1615; x_wconf 84' lang='grc' dir='ltr'>γὰρ</span> <span class='ocrx_word' id='word_1_119' title='bbox 1680 1543 1804 1614; x_wconf 78' lang='grc' dir='ltr'>ἔσχε</span> <span class='ocrx_word' id='word_1_120' title='bbox 1827 1542 1918 1596; x_wconf 83' lang='grc' dir='ltr'>τὸν</span> 
     </span>
    </p>
   </div>
   <div class='ocr_carea' id='block_1_18' title="bbox 321 1635 1919 1712">
    <p class='ocr_par' dir='ltr' id='par_1_18' title="bbox 321 1635 1919 1712">
     <span class='ocr_line' id='line_1_18' title="bbox 321 1635 1919 1712; baseline -0.005 -18"><span class='ocrx_word' id='word_1_121' title='bbox 321 1640 525 1712; x_wconf 83' lang='grc' dir='ltr'>κλῆρον</span> <span class='ocrx_word' id='word_1_122' title='bbox 555 1639 655 1710; x_wconf 75' lang='grc' dir='ltr'>τῆς</span> <span class='ocrx_word' id='word_1_123' title='bbox 685 1637 940 1708; x_wconf 79' lang='grc' dir='ltr'>θεότητος</span> <span class='ocrx_word' id='word_1_124' title='bbox 987 1641 1052 1691; x_wconf 79' lang='grc' dir='ltr'>ὲκ</span> <span class='ocrx_word' id='word_1_125' title='bbox 1094 1638 1369 1708; x_wconf 69' lang='grc' dir='ltr'>διαδοχῆς,</span> <span class='ocrx_word' id='word_1_126' title='bbox 1414 1637 1536 1690; x_wconf 79' lang='grc' dir='ltr'>οὐδὲ</span> <span class='ocrx_word' id='word_1_127' title='bbox 1595 1635 1919 1706; x_wconf 77' lang='grc' dir='ltr'>ἐπιθέμενος</span> 
     </span>
    </p>
   </div>
   <div class='ocr_carea' id='block_1_19' title="bbox 322 1725 1916 1805">
    <p class='ocr_par' dir='ltr' id='par_1_19' title="bbox 322 1725 1916 1805">
     <span class='ocr_line' id='line_1_19' title="bbox 322 1725 1916 1805; baseline -0.007 -16"><span class='ocrx_word' id='word_1_128' title='bbox 322 1735 418 1789; x_wconf 77' lang='grc' dir='ltr'><strong>καὶ</strong></span> <span class='ocrx_word' id='word_1_129' title='bbox 444 1734 704 1805; x_wconf 80' lang='grc' dir='ltr'>ἀρπάσας</span> <span class='ocrx_word' id='word_1_130' title='bbox 735 1731 792 1799; x_wconf 77' lang='grc' dir='ltr'>ἐξ</span> <span class='ocrx_word' id='word_1_131' title='bbox 817 1731 1030 1800; x_wconf 80' lang='grc' dir='ltr'>ἑτέρου,</span> <span class='ocrx_word' id='word_1_132' title='bbox 1063 1731 1349 1802; x_wconf 78' lang='grc' dir='ltr'>περιέθετο</span> <span class='ocrx_word' id='word_1_133' title='bbox 1385 1730 1447 1782; x_wconf 77' lang='grc' dir='ltr'>τὸ</span> <span class='ocrx_word' id='word_1_134' title='bbox 1481 1730 1682 1800; x_wconf 83' lang='grc' dir='ltr'>κράτος</span> <span class='ocrx_word' id='word_1_135' title='bbox 1707 1725 1916 1798; x_wconf 74' lang='grc' dir='ltr'>ἐαυτῷο</span> 
     </span>
    </p>
   </div>
   <div class='ocr_carea' id='block_1_20' title="bbox 319 1820 1916 1897">
    <p class='ocr_par' dir='ltr' id='par_1_20' title="bbox 319 1820 1916 1897">
     <span class='ocr_line' id='line_1_20' title="bbox 319 1820 1916 1897; baseline -0.006 -17"><span class='ocrx_word' id='word_1_136' title='bbox 319 1826 439 1880; x_wconf 80' lang='grc' dir='ltr'>ἀλλ’</span> <span class='ocrx_word' id='word_1_137' title='bbox 464 1828 560 1883; x_wconf 84' lang='grc' dir='ltr'>ἀπ’</span> <span class='ocrx_word' id='word_1_138' title='bbox 583 1825 785 1897; x_wconf 83' lang='grc' dir='ltr'>ἀρχῆς,</span> <span class='ocrx_word' id='word_1_139' title='bbox 807 1826 883 1889; x_wconf 84' lang='grc' dir='ltr'>ὡς</span> <span class='ocrx_word' id='word_1_140' title='bbox 912 1826 1013 1896; x_wconf 83' lang='grc' dir='ltr'><strong>τῆς</strong></span> <span class='ocrx_word' id='word_1_141' title='bbox 1048 1825 1219 1894; x_wconf 81' lang='grc' dir='ltr'>αὐτῆς</span> <span class='ocrx_word' id='word_1_142' title='bbox 1240 1823 1316 1877; x_wconf 85' lang='grc' dir='ltr'>ῶν</span> <span class='ocrx_word' id='word_1_143' title='bbox 1345 1823 1534 1886; x_wconf 78' lang='grc' dir='ltr'>οὐσίας</span> <span class='ocrx_word' id='word_1_144' title='bbox 1553 1822 1646 1876; x_wconf 85' lang='grc' dir='ltr'><strong>καὶ</strong></span> <span class='ocrx_word' id='word_1_145' title='bbox 1676 1820 1916 1891; x_wconf 82' lang='grc' dir='ltr'>φύσεως,</span> 
     </span>
    </p>
   </div>
   <div class='ocr_carea' id='block_1_21' title="bbox 319 1915 1921 1990">
    <p class='ocr_par' dir='ltr' id='par_1_21' title="bbox 319 1915 1921 1990">
     <span class='ocr_line' id='line_1_21' title="bbox 319 1915 1921 1990; baseline -0.004 -16"><span class='ocrx_word' id='word_1_146' title='bbox 319 1919 420 1974; x_wconf 69' lang='grc' dir='ltr'><strong>καὶ</strong></span> <span class='ocrx_word' id='word_1_147' title='bbox 469 1919 746 1990; x_wconf 86' lang='grc' dir='ltr'>μηδεμίαν</span> <span class='ocrx_word' id='word_1_148' title='bbox 799 1918 1006 1988; x_wconf 81' lang='grc' dir='ltr'>ταύτης</span> <span class='ocrx_word' id='word_1_149' title='bbox 1045 1917 1340 1988; x_wconf 70' lang='grc' dir='ltr'>ἀφαίρεσιν</span> <span class='ocrx_word' id='word_1_150' title='bbox 1383 1916 1650 1988; x_wconf 81' lang='grc' dir='ltr'>μηδαμῶς</span> <span class='ocrx_word' id='word_1_151' title='bbox 1681 1915 1921 1986; x_wconf 77' lang='grc' dir='ltr'>ὑποστῆ-</span> 
     </span>
    </p>
   </div>
   <div class='ocr_carea' id='block_1_22' title="bbox 321 2008 1916 2083">
    <p class='ocr_par' dir='ltr' id='par_1_22' title="bbox 321 2008 1916 2083">
     <span class='ocr_line' id='line_1_22' title="bbox 321 2008 1916 2083; baseline -0.006 -16"><span class='ocrx_word' id='word_1_152' title='bbox 321 2031 412 2067; x_wconf 90' lang='grc' dir='ltr'><strong>ναι</strong></span> <span class='ocrx_word' id='word_1_153' title='bbox 452 2009 745 2080; x_wconf 65' lang='grc' dir='ltr'>πεφυκώς.</span> <span class='ocrx_word' id='word_1_154' title='bbox 781 2011 881 2065; x_wconf 85' lang='grc' dir='ltr'><strong>Διὰ</strong></span> <span class='ocrx_word' id='word_1_155' title='bbox 936 2011 1100 2065; x_wconf 89' lang='grc' dir='ltr'>τοῦτο</span> <span class='ocrx_word' id='word_1_156' title='bbox 1143 2011 1311 2083; x_wconf 84' lang='grc' dir='ltr'>μηδὲν</span> <span class='ocrx_word' id='word_1_157' title='bbox 1343 2011 1480 2075; x_wconf 83' lang='grc' dir='ltr'>ὅλως</span> <span class='ocrx_word' id='word_1_158' title='bbox 1529 2008 1789 2080; x_wconf 75' lang='grc' dir='ltr'>δυσχερὲς</span> <span class='ocrx_word' id='word_1_159' title='bbox 1813 2008 1916 2075; x_wconf 75' lang='grc' dir='ltr'><strong>ὑφ-</strong></span> 
     </span>
    </p>
   </div>
   <div class='ocr_carea' id='block_1_23' title="bbox 319 2097 1912 2178">
    <p class='ocr_par' dir='ltr' id='par_1_23' title="bbox 319 2097 1912 2178">
     <span class='ocr_line' id='line_1_23' title="bbox 319 2097 1912 2178; baseline -0.006 -19"><span class='ocrx_word' id='word_1_160' title='bbox 319 2105 621 2178; x_wconf 84' lang='grc' dir='ltr'>ορώμενος,</span> <span class='ocrx_word' id='word_1_161' title='bbox 649 2123 668 2152; x_wconf 76' lang='grc' dir='ltr'>σ</span> <span class='ocrx_word' id='word_1_162' title='bbox 694 2102 996 2156; x_wconf 83' lang='grc' dir='ltr'>Ἐκένωσεν</span> <span class='ocrx_word' id='word_1_163' title='bbox 1017 2103 1212 2156; x_wconf 79' lang='grc' dir='ltr'>ἑαυτὸν</span> <span class='ocrx_word' id='word_1_164' title='bbox 1235 2100 1651 2174; x_wconf 38' lang='grc' dir='ltr'>μορφὴν-δούλου</span> <span class='ocrx_word' id='word_1_165' title='bbox 1669 2097 1869 2154; x_wconf 79' lang='grc' dir='ltr'>λαϐὼν·</span> <span class='ocrx_word' id='word_1_166' title='bbox 1895 2117 1912 2149; x_wconf 74' lang='grc' dir='ltr'><strong>ι</strong></span> 
     </span>
    </p>
   </div>
   <div class='ocr_carea' id='block_1_24' title="bbox 323 2189 1922 2267">
    <p class='ocr_par' dir='ltr' id='par_1_24' title="bbox 323 2189 1922 2267">
     <span class='ocr_line' id='line_1_24' title="bbox 323 2189 1922 2267; baseline -0.004 -15"><span class='ocrx_word' id='word_1_167' title='bbox 323 2202 422 2254; x_wconf 58' lang='grc' dir='ltr'><strong>καὶ¹</strong></span> <span class='ocrx_word' id='word_1_168' title='bbox 446 2199 632 2264; x_wconf 79' lang='grc' dir='ltr'>πάλιν,</span> <span class='ocrx_word' id='word_1_169' title='bbox 661 2217 680 2250; x_wconf 74' lang='grc' dir='ltr'><strong>ι</strong></span> <span class='ocrx_word' id='word_1_170' title='bbox 710 2193 806 2263; x_wconf 75' lang='grc' dir='ltr'><strong>Εἷς</strong></span> <span class='ocrx_word' id='word_1_171' title='bbox 831 2197 964 2262; x_wconf 72' lang='grc' dir='ltr'>Θεὸς</span> <span class='ocrx_word' id='word_1_172' title='bbox 995 2198 1088 2251; x_wconf 70' lang='grc' dir='ltr'><strong>καὶ</strong></span> <span class='ocrx_word' id='word_1_173' title='bbox 1115 2196 1306 2267; x_wconf 84' lang='grc' dir='ltr'>Πατὴρ</span> <span class='ocrx_word' id='word_1_174' title='bbox 1328 2195 1386 2260; x_wconf 76' lang='grc' dir='ltr'>ἐξ</span> <span class='ocrx_word' id='word_1_175' title='bbox 1411 2189 1470 2250; x_wconf 74' lang='grc' dir='ltr'>οὗ</span> <span class='ocrx_word' id='word_1_176' title='bbox 1504 2194 1572 2248; x_wconf 74' lang='grc' dir='ltr'>τὰ</span> <span class='ocrx_word' id='word_1_177' title='bbox 1598 2195 1797 2250; x_wconf 82' lang='grc' dir='ltr'>πάντα·</span> <span class='ocrx_word' id='word_1_178' title='bbox 1827 2194 1922 2248; x_wconf 78' lang='grc' dir='ltr'><strong>καὶ</strong></span> 
     </span>
    </p>
   </div>
   <div class='ocr_carea' id='block_1_25' title="bbox 322 2283 1922 2361">
    <p class='ocr_par' dir='ltr' id='par_1_25' title="bbox 322 2283 1922 2361">
     <span class='ocr_line' id='line_1_25' title="bbox 322 2283 1922 2361; baseline -0.003 -18"><span class='ocrx_word' id='word_1_179' title='bbox 322 2285 410 2356; x_wconf 80' lang='grc' dir='ltr'><strong>εἷς</strong></span> <span class='ocrx_word' id='word_1_180' title='bbox 438 2290 640 2361; x_wconf 82' lang='grc' dir='ltr'>Κύριος</span> <span class='ocrx_word' id='word_1_181' title='bbox 674 2289 884 2360; x_wconf 82' lang='grc' dir='ltr'>Ἰησοῦς</span> <span class='ocrx_word' id='word_1_182' title='bbox 913 2289 1152 2360; x_wconf 77' lang='grc' dir='ltr'>Χριστὸς</span> <span class='ocrx_word' id='word_1_183' title='bbox 1180 2288 1248 2342; x_wconf 88' lang='grc' dir='ltr'>δι’</span> <span class='ocrx_word' id='word_1_184' title='bbox 1277 2283 1341 2342; x_wconf 78' lang='grc' dir='ltr'><strong>οῦ</strong></span> <span class='ocrx_word' id='word_1_185' title='bbox 1382 2289 1450 2342; x_wconf 75' lang='grc' dir='ltr'>τὰ</span> <span class='ocrx_word' id='word_1_186' title='bbox 1486 2287 1692 2342; x_wconf 74' lang='grc' dir='ltr'>πάντα’</span> <span class='ocrx_word' id='word_1_187' title='bbox 1727 2285 1821 2340; x_wconf 69' lang='grc' dir='ltr'><strong>καὶ</strong></span> <span class='ocrx_word' id='word_1_188' title='bbox 1863 2284 1922 2338; x_wconf 84' lang='grc' dir='ltr'><strong>ἓν</strong></span> 
     </span>
    </p>
   </div>
   <div class='ocr_carea' id='block_1_26' title="bbox 328 2377 1922 2456">
    <p class='ocr_par' dir='ltr' id='par_1_26' title="bbox 328 2377 1922 2456">
     <span class='ocr_line' id='line_1_26' title="bbox 328 2377 1922 2456; baseline -0.005 -16"><span class='ocrx_word' id='word_1_189' title='bbox 328 2384 556 2456; x_wconf 77' lang='grc' dir='ltr'>Πνεῦμα</span> <span class='ocrx_word' id='word_1_190' title='bbox 584 2385 739 2454; x_wconf 76' lang='grc' dir='ltr'>ἅγιον</span> <span class='ocrx_word' id='word_1_191' title='bbox 765 2388 821 2438; x_wconf 82' lang='grc' dir='ltr'>ὲν</span> <span class='ocrx_word' id='word_1_192' title='bbox 843 2377 970 2452; x_wconf 82' lang='grc' dir='ltr'>ᾧτά</span> <span class='ocrx_word' id='word_1_193' title='bbox 997 2383 1200 2438; x_wconf 81' lang='grc' dir='ltr'>πάντα.</span> <span class='ocrx_word' id='word_1_194' title='bbox 1225 2402 1243 2434; x_wconf 77' lang='grc' dir='ltr'><strong>ι</strong></span> <span class='ocrx_word' id='word_1_195' title='bbox 1264 2381 1422 2436; x_wconf 84' lang='grc' dir='ltr'>Οῦτω</span> <span class='ocrx_word' id='word_1_196' title='bbox 1447 2381 1512 2452; x_wconf 84' lang='grc' dir='ltr'>δὴ</span> <span class='ocrx_word' id='word_1_197' title='bbox 1533 2381 1677 2435; x_wconf 57' lang='grc' dir='ltr'>οτῗητω</span> <span class='ocrx_word' id='word_1_198' title='bbox 1708 2381 1802 2433; x_wconf 70' lang='grc' dir='ltr'><strong>καὶ</strong></span> <span class='ocrx_word' id='word_1_199' title='bbox 1825 2379 1922 2450; x_wconf 85' lang='grc' dir='ltr'><strong>τὴν</strong></span> 
     </span>
    </p>
   </div>
   <div class='ocr_carea' id='block_1_27' title="bbox 321 2472 1923 2549">
    <p class='ocr_par' dir='ltr' id='par_1_27' title="bbox 321 2472 1923 2549">
     <span class='ocr_line' id='line_1_27' title="bbox 321 2472 1923 2549; baseline -0.006 -15"><span class='ocrx_word' id='word_1_200' title='bbox 321 2479 421 2534; x_wconf 88' lang='grc' dir='ltr'><strong>τοῦ</strong></span> <span class='ocrx_word' id='word_1_201' title='bbox 448 2481 624 2549; x_wconf 85' lang='grc' dir='ltr'>Λόγου</span> <span class='ocrx_word' id='word_1_202' title='bbox 667 2478 982 2549; x_wconf 75' lang='grc' dir='ltr'>οἰκονομίαν</span> <span class='ocrx_word' id='word_1_203' title='bbox 1023 2477 1385 2547; x_wconf 83' lang='grc' dir='ltr'>ἀνεκήρυττε,</span> <span class='ocrx_word' id='word_1_204' title='bbox 1427 2475 1522 2529; x_wconf 75' lang='grc' dir='ltr'><strong>καὶ</strong></span> <span class='ocrx_word' id='word_1_205' title='bbox 1562 2475 1662 2544; x_wconf 82' lang='grc' dir='ltr'>τῆς</span> <span class='ocrx_word' id='word_1_206' title='bbox 1695 2472 1923 2544; x_wconf 83' lang='grc' dir='ltr'>Τριάδος</span> 
     </span>
    </p>
   </div>
   <div class='ocr_carea' id='block_1_28' title="bbox 311 2566 1925 2644">
    <p class='ocr_par' dir='ltr' id='par_1_28' title="bbox 311 2566 1925 2644">
     <span class='ocr_line' id='line_1_28' title="bbox 311 2566 1925 2644; baseline -0.006 -17"><span class='ocrx_word' id='word_1_207' title='bbox 311 2573 608 2642; x_wconf 75' lang='grc' dir='ltr'>θεολογίαν</span> <span class='ocrx_word' id='word_1_208' title='bbox 685 2571 1020 2644; x_wconf 79' lang='grc' dir='ltr'>ὲκράτυνεν”</span> <span class='ocrx_word' id='word_1_209' title='bbox 1064 2571 1128 2624; x_wconf 79' lang='grc' dir='ltr'>ἐκ</span> <span class='ocrx_word' id='word_1_210' title='bbox 1181 2587 1242 2622; x_wconf 89' lang='grc' dir='ltr'><strong>τε</strong></span> <span class='ocrx_word' id='word_1_211' title='bbox 1294 2567 1389 2621; x_wconf 87' lang='grc' dir='ltr'><strong>τοῦ</strong></span> <span class='ocrx_word' id='word_1_212' title='bbox 1446 2567 1521 2638; x_wconf 84' lang='grc' dir='ltr'>μὴ</span> <span class='ocrx_word' id='word_1_213' title='bbox 1589 2566 1810 2636; x_wconf 74' lang='grc' dir='ltr'>ἀφελεῖν</span> <span class='ocrx_word' id='word_1_214' title='bbox 1864 2566 1925 2618; x_wconf 81' lang='grc' dir='ltr'>τὸ</span> 
     </span>
    </p>
   </div>
   <div class='ocr_carea' id='block_1_29' title="bbox 321 2659 1924 2736">
    <p class='ocr_par' dir='ltr' id='par_1_29' title="bbox 321 2659 1924 2736">
     <span class='ocr_line' id='line_1_29' title="bbox 321 2659 1924 2736; baseline -0.008 -15"><span class='ocrx_word' id='word_1_215' title='bbox 321 2668 527 2723; x_wconf 83' lang='grc' dir='ltr'>ὲνιαῖον</span> <span class='ocrx_word' id='word_1_216' title='bbox 580 2666 689 2719; x_wconf 67' lang='grc' dir='ltr'><strong>ἀπδ</strong></span> <span class='ocrx_word' id='word_1_217' title='bbox 722 2666 998 2736; x_wconf 79' lang='grc' dir='ltr'>μηδεμιᾶς</span> <span class='ocrx_word' id='word_1_218' title='bbox 1047 2664 1158 2718; x_wconf 86' lang='grc' dir='ltr'><strong>τῶν</strong></span> <span class='ocrx_word' id='word_1_219' title='bbox 1181 2663 1352 2733; x_wconf 87' lang='grc' dir='ltr'>τριῶν</span> <span class='ocrx_word' id='word_1_220' title='bbox 1392 2661 1770 2725; x_wconf 78' lang='grc' dir='ltr'>ὑπο-στάσεων,</span> <span class='ocrx_word' id='word_1_221' title='bbox 1807 2659 1924 2712; x_wconf 80' lang='grc' dir='ltr'>ἀλλ’</span> 
     </span>
    </p>
   </div>
   <div class='ocr_carea' id='block_1_30' title="bbox 315 2749 1922 2832">
    <p class='ocr_par' dir='ltr' id='par_1_30' title="bbox 315 2749 1922 2832">
     <span class='ocr_line' id='line_1_30' title="bbox 315 2749 1922 2832; baseline -0.007 -18"><span class='ocrx_word' id='word_1_222' title='bbox 315 2759 606 2832; x_wconf 87' lang='grc' dir='ltr'>ὁμοτίμως</span> <span class='ocrx_word' id='word_1_223' title='bbox 635 2761 716 2822; x_wconf 87' lang='grc' dir='ltr'>εἰς</span> <span class='ocrx_word' id='word_1_224' title='bbox 744 2759 879 2812; x_wconf 80' lang='grc' dir='ltr'>αὐτὸ</span> <span class='ocrx_word' id='word_1_225' title='bbox 921 2758 1126 2820; x_wconf 87' lang='grc' dir='ltr'>ταύτας</span> <span class='ocrx_word' id='word_1_226' title='bbox 1162 2754 1538 2824; x_wconf 76' lang='grc' dir='ltr'>ἀναφέρεσθαι</span> <span class='ocrx_word' id='word_1_227' title='bbox 1563 2769 1578 2782; x_wconf 85' lang='grc'><strong>·</strong></span> <span class='ocrx_word' id='word_1_228' title='bbox 1604 2754 1700 2806; x_wconf 73' lang='grc' dir='ltr'><strong>καὶ</strong></span> <span class='ocrx_word' id='word_1_229' title='bbox 1734 2755 1799 2806; x_wconf 81' lang='grc' dir='ltr'>ἐκ</span> <span class='ocrx_word' id='word_1_230' title='bbox 1827 2749 1922 2804; x_wconf 83' lang='grc' dir='ltr'><strong>τοῦ</strong></span> 
     </span>
    </p>
   </div>
   <div class='ocr_carea' id='block_1_31' title="bbox 323 2847 1929 2924">
    <p class='ocr_par' dir='ltr' id='par_1_31' title="bbox 323 2847 1929 2924">
     <span class='ocr_line' id='line_1_31' title="bbox 323 2847 1929 2924; baseline -0.006 -17"><span class='ocrx_word' id='word_1_231' title='bbox 323 2853 408 2924; x_wconf 81' lang='grc' dir='ltr'>μὴ</span> <span class='ocrx_word' id='word_1_232' title='bbox 457 2853 557 2923; x_wconf 80' lang='grc' dir='ltr'>τὴν</span> <span class='ocrx_word' id='word_1_233' title='bbox 606 2852 707 2923; x_wconf 78' lang='grc' dir='ltr'>μὲν</span> <span class='ocrx_word' id='word_1_234' title='bbox 763 2851 1010 2914; x_wconf 72' lang='grc' dir='ltr'>πάντων,</span> <span class='ocrx_word' id='word_1_235' title='bbox 1039 2849 1136 2921; x_wconf 84' lang='grc' dir='ltr'>τὴν</span> <span class='ocrx_word' id='word_1_236' title='bbox 1163 2849 1220 2903; x_wconf 86' lang='grc' dir='ltr'>δὲ</span> <span class='ocrx_word' id='word_1_237' title='bbox 1259 2849 1422 2903; x_wconf 90' lang='grc' dir='ltr'>τινῶν</span> <span class='ocrx_word' id='word_1_238' title='bbox 1455 2849 1644 2918; x_wconf 81' lang='grc' dir='ltr'>ἄρχειν</span> <span class='ocrx_word' id='word_1_239' title='bbox 1675 2847 1770 2901; x_wconf 76' lang='grc' dir='ltr'>καὶ</span> <span class='ocrx_word' id='word_1_240' title='bbox 1793 2863 1929 2915; x_wconf 80' lang='grc' dir='ltr'>προ·</span> 
     </span>
    </p>
   </div>
   <div class='ocr_carea' id='block_1_32' title="bbox 319 2941 1927 3014">
    <p class='ocr_par' dir='ltr' id='par_1_32' title="bbox 319 2941 1927 3014">
     <span class='ocr_line' id='line_1_32' title="bbox 319 2941 1927 3014; baseline -0.003 -16"><span class='ocrx_word' id='word_1_241' title='bbox 319 2947 492 3008; x_wconf 85' lang='grc' dir='ltr'>νοεῖν,</span> <span class='ocrx_word' id='word_1_242' title='bbox 523 2945 663 2998; x_wconf 68' lang='grc' dir='ltr'><strong>ἀλλά</strong></span> <span class='ocrx_word' id='word_1_243' title='bbox 693 2945 790 3007; x_wconf 83' lang='grc' dir='ltr'><strong>τάς</strong></span> <span class='ocrx_word' id='word_1_244' title='bbox 817 2946 966 3014; x_wconf 80' lang='grc' dir='ltr'>τρεῖς</span> <span class='ocrx_word' id='word_1_245' title='bbox 993 2944 1212 2997; x_wconf 75' lang='grc' dir='ltr'>πάντων</span> <span class='ocrx_word' id='word_1_246' title='bbox 1243 2943 1352 2996; x_wconf 87' lang='grc' dir='ltr'><strong>τῶν</strong></span> <span class='ocrx_word' id='word_1_247' title='bbox 1377 2942 1550 2996; x_wconf 81' lang='grc' dir='ltr'>ὄντων</span> <span class='ocrx_word' id='word_1_248' title='bbox 1592 2942 1688 2995; x_wconf 77' lang='grc' dir='ltr'><strong>καὶ</strong></span> <span class='ocrx_word' id='word_1_249' title='bbox 1715 2941 1817 3012; x_wconf 78' lang='grc' dir='ltr'>τὴν</span> <span class='ocrx_word' id='word_1_250' title='bbox 1839 2941 1927 3009; x_wconf 88' lang='grc' dir='ltr'>δη-</span> 
     </span>
    </p>
   </div>
   <div class='ocr_carea' id='block_1_33' title="bbox 327 3035 1923 3110">
    <p class='ocr_par' dir='ltr' id='par_1_33' title="bbox 327 3035 1923 3110">
     <span class='ocr_line' id='line_1_33' title="bbox 327 3035 1923 3110; baseline -0.004 -18"><span class='ocrx_word' id='word_1_251' title='bbox 327 3039 630 3110; x_wconf 82' lang='grc' dir='ltr'>μιουργίαν</span> <span class='ocrx_word' id='word_1_252' title='bbox 659 3039 806 3108; x_wconf 77' lang='grc' dir='ltr'>ἔχειν</span> <span class='ocrx_word' id='word_1_253' title='bbox 844 3037 1121 3109; x_wconf 71' lang='grc' dir='ltr'>ὁμοεθνῶς</span> <span class='ocrx_word' id='word_1_254' title='bbox 1179 3038 1276 3090; x_wconf 59' lang='grc' dir='ltr'><strong>καὶ⁹</strong></span> <span class='ocrx_word' id='word_1_255' title='bbox 1311 3037 1617 3108; x_wconf 77' lang='grc' dir='ltr'>ὀμοτίμως,</span> <span class='ocrx_word' id='word_1_256' title='bbox 1682 3036 1778 3089; x_wconf 73' lang='grc' dir='ltr'><strong>καὶ</strong></span> <span class='ocrx_word' id='word_1_257' title='bbox 1824 3035 1923 3105; x_wconf 80' lang='grc' dir='ltr'>τὴν</span> 
     </span>
    </p>
   </div>
   <div class='ocr_carea' id='block_1_34' title="bbox 323 3130 1194 3202">
    <p class='ocr_par' dir='ltr' id='par_1_34' title="bbox 323 3130 1194 3202">
     <span class='ocr_line' id='line_1_34' title="bbox 323 3130 1194 3202; baseline -0.002 -17"><span class='ocrx_word' id='word_1_258' title='bbox 323 3131 629 3202; x_wconf 82' lang='grc' dir='ltr'>κυριότητα</span> <span class='ocrx_word' id='word_1_259' title='bbox 660 3134 754 3184; x_wconf 82' lang='grc' dir='ltr'><strong>καὶ</strong></span> <span class='ocrx_word' id='word_1_260' title='bbox 787 3130 885 3200; x_wconf 79' lang='grc' dir='ltr'><strong>τὴν</strong></span> <span class='ocrx_word' id='word_1_261' title='bbox 915 3131 1194 3201; x_wconf 83' lang='grc' dir='ltr'>πρόνοιαν.</span> 
     </span>
    </p>
   </div>
   <div class='ocr_carea' id='block_1_35' title="bbox 404 3219 2000 3293">
    <p class='ocr_par' dir='ltr' id='par_1_35' title="bbox 404 3219 2000 3293">
     <span class='ocr_line' id='line_1_35' title="bbox 404 3219 2000 3293; baseline -0.001 -17"><span class='ocrx_word' id='word_1_262' title='bbox 404 3221 489 3277; x_wconf 83' lang='grc' dir='ltr'>ιε’.</span> <span class='ocrx_word' id='word_1_263' title='bbox 529 3223 695 3293; x_wconf 76' lang='grc' dir='ltr'>Ὁρᾷς</span> <span class='ocrx_word' id='word_1_264' title='bbox 724 3223 873 3284; x_wconf 77' lang='grc' dir='ltr'>ὅπως</span> <span class='ocrx_word' id='word_1_265' title='bbox 910 3224 938 3276; x_wconf 90' lang='grc' dir='ltr'>ὁ</span> <span class='ocrx_word' id='word_1_266' title='bbox 958 3224 1056 3293; x_wconf 75' lang='grc' dir='ltr'>τῆς</span> <span class='ocrx_word' id='word_1_267' title='bbox 1088 3221 1422 3290; x_wconf 84' lang='grc' dir='ltr'>Ἐκκλησίας</span> <span class='ocrx_word' id='word_1_268' title='bbox 1442 3219 1765 3284; x_wconf 81' lang='grc' dir='ltr'>διδάσκαλος</span> <span class='ocrx_word' id='word_1_269' title='bbox 1796 3221 1925 3276; x_wconf 79' lang='grc' dir='ltr'>ἐϐἀ-</span> <span class='ocrx_word' id='word_1_270' title='bbox 1955 3234 2000 3292; x_wconf 74' lang='lat' dir='ltr'>c</span> 
     </span>
    </p>
   </div>
   <div class='ocr_carea' id='block_1_36' title="bbox 327 3314 1932 3387">
    <p class='ocr_par' dir='ltr' id='par_1_36' title="bbox 327 3314 1932 3387">
     <span class='ocr_line' id='line_1_36' title="bbox 327 3314 1932 3387; baseline -0.001 -17"><span class='ocrx_word' id='word_1_271' title='bbox 327 3317 501 3380; x_wconf 74' lang='grc' dir='ltr'>σταξε</span> <span class='ocrx_word' id='word_1_272' title='bbox 519 3316 579 3369; x_wconf 69' lang='grc' dir='ltr'><strong>τὸ</strong></span> <span class='ocrx_word' id='word_1_273' title='bbox 592 3316 763 3385; x_wconf 78' lang='grc' dir='ltr'>ὄνομα</span> <span class='ocrx_word' id='word_1_274' title='bbox 788 3314 880 3369; x_wconf 82' lang='grc' dir='ltr'><strong>τοῦ</strong></span> <span class='ocrx_word' id='word_1_275' title='bbox 903 3314 1170 3386; x_wconf 87' lang='grc' dir='ltr'>Χριστοῦ;</span> <span class='ocrx_word' id='word_1_276' title='bbox 1194 3315 1273 3369; x_wconf 78' lang='grc' dir='ltr'><strong>ἔτι</strong></span> <span class='ocrx_word' id='word_1_277' title='bbox 1300 3316 1522 3387; x_wconf 86' lang='grc' dir='ltr'>συνόρα·</span> <span class='ocrx_word' id='word_1_278' title='bbox 1544 3336 1562 3368; x_wconf 76' lang='grc' dir='ltr'><strong>ι</strong></span> <span class='ocrx_word' id='word_1_279' title='bbox 1585 3315 1796 3378; x_wconf 85' lang='grc' dir='ltr'>Παῦλος</span> <span class='ocrx_word' id='word_1_280' title='bbox 1818 3315 1932 3368; x_wconf 88' lang='grc' dir='ltr'>δοῦ-</span> 
     </span>
    </p>
   </div>
   <div class='ocr_carea' id='block_1_37' title="bbox 326 3409 1924 3481">
    <p class='ocr_par' dir='ltr' id='par_1_37' title="bbox 326 3409 1924 3481">
     <span class='ocr_line' id='line_1_37' title="bbox 326 3409 1924 3481; baseline -0.001 -17"><span class='ocrx_word' id='word_1_281' title='bbox 326 3414 426 3474; x_wconf 83' lang='grc' dir='ltr'><strong>λος</strong></span> <span class='ocrx_word' id='word_1_282' title='bbox 469 3409 647 3481; x_wconf 87' lang='grc' dir='ltr'>Ἰησοῦ</span> <span class='ocrx_word' id='word_1_283' title='bbox 697 3409 938 3481; x_wconf 79' lang='grc' dir='ltr'>Χριστοῦ</span> <span class='ocrx_word' id='word_1_284' title='bbox 976 3409 1174 3479; x_wconf 76' lang='grc' dir='ltr'>κλητὸς</span> <span class='ocrx_word' id='word_1_285' title='bbox 1205 3410 1502 3473; x_wconf 78' lang='grc' dir='ltr'>ἀπόστολος</span> <span class='ocrx_word' id='word_1_286' title='bbox 1533 3409 1924 3480; x_wconf 70' lang='grc' dir='ltr'>ἀφωρισμένος</span> 
     </span>
    </p>
   </div>
   <div class='ocr_carea' id='block_1_38' title="bbox 332 3500 1934 3573">
    <p class='ocr_par' dir='ltr' id='par_1_38' title="bbox 332 3500 1934 3573">
     <span class='ocr_line' id='line_1_38' title="bbox 332 3500 1934 3573; baseline -0.001 -17"><span class='ocrx_word' id='word_1_287' title='bbox 332 3505 417 3564; x_wconf 73' lang='grc' dir='ltr'><strong>εἰς</strong></span> <span class='ocrx_word' id='word_1_288' title='bbox 438 3503 770 3571; x_wconf 77' lang='grc' dir='ltr'>Εὑαγγὲλιον</span> <span class='ocrx_word' id='word_1_289' title='bbox 781 3503 939 3570; x_wconf 85' lang='grc' dir='ltr'>Θεοῦ,</span> <span class='ocrx_word' id='word_1_290' title='bbox 959 3503 988 3554; x_wconf 82' lang='grc' dir='ltr'><strong>ὃ</strong></span> <span class='ocrx_word' id='word_1_291' title='bbox 1007 3503 1480 3573; x_wconf 76' lang='grc' dir='ltr'>προεπηγγείλατο</span> <span class='ocrx_word' id='word_1_292' title='bbox 1501 3500 1707 3556; x_wconf 75' lang='grc' dir='ltr'>διασιῶν</span> <span class='ocrx_word' id='word_1_293' title='bbox 1721 3519 1934 3573; x_wconf 71' lang='grc' dir='ltr'>προφη-</span> 
     </span>
    </p>
   </div>
   <div class='ocr_carea' id='block_1_39' title="bbox 329 3596 1920 3670">
    <p class='ocr_par' dir='ltr' id='par_1_39' title="bbox 329 3596 1920 3670">
     <span class='ocr_line' id='line_1_39' title="bbox 329 3596 1920 3670; baseline 0.001 -21"><span class='ocrx_word' id='word_1_294' title='bbox 329 3596 450 3650; x_wconf 80' lang='grc' dir='ltr'><strong>τῶν</strong></span> <span class='ocrx_word' id='word_1_295' title='bbox 491 3598 658 3651; x_wconf 77' lang='grc' dir='ltr'>αὑτοῦ</span> <span class='ocrx_word' id='word_1_296' title='bbox 685 3600 744 3651; x_wconf 83' lang='grc' dir='ltr'>ὲν</span> <span class='ocrx_word' id='word_1_297' title='bbox 778 3598 1024 3670; x_wconf 83' lang='grc' dir='ltr'>Γραφαῐς</span> <span class='ocrx_word' id='word_1_298' title='bbox 1051 3598 1260 3666; x_wconf 78' lang='grc' dir='ltr'>ἁγίαις,</span> <span class='ocrx_word' id='word_1_299' title='bbox 1295 3598 1547 3668; x_wconf 74' lang='grc' dir='ltr'>περὶτοῦ</span> <span class='ocrx_word' id='word_1_300' title='bbox 1587 3597 1719 3651; x_wconf 88' lang='grc' dir='ltr'>Υἱοῦ</span> <span class='ocrx_word' id='word_1_301' title='bbox 1752 3597 1920 3651; x_wconf 79' lang='grc' dir='ltr'>αὑτοῦ</span> 
     </span>
    </p>
   </div>
   <div class='ocr_carea' id='block_1_40' title="bbox 331 3688 1935 3761">
    <p class='ocr_par' dir='ltr' id='par_1_40' title="bbox 331 3688 1935 3761">
     <span class='ocr_line' id='line_1_40' title="bbox 331 3688 1935 3761; baseline -0.001 -17"><span class='ocrx_word' id='word_1_302' title='bbox 331 3688 436 3745; x_wconf 87' lang='grc' dir='ltr'><strong>τοῦ</strong></span> <span class='ocrx_word' id='word_1_303' title='bbox 453 3693 750 3761; x_wconf 76' lang='grc' dir='ltr'>γενομένου</span> <span class='ocrx_word' id='word_1_304' title='bbox 773 3693 839 3744; x_wconf 82' lang='grc' dir='ltr'><strong>ὲκ</strong></span> <span class='ocrx_word' id='word_1_305' title='bbox 865 3692 1182 3761; x_wconf 80' lang='grc' dir='ltr'>σπέρματος</span> <span class='ocrx_word' id='word_1_306' title='bbox 1204 3690 1388 3744; x_wconf 79' lang='grc' dir='ltr'>Δαϐίδ·</span> <span class='ocrx_word' id='word_1_307' title='bbox 1405 3710 1425 3742; x_wconf 76' lang='grc' dir='ltr'><strong>ι</strong></span> <span class='ocrx_word' id='word_1_308' title='bbox 1460 3690 1623 3744; x_wconf 87' lang='grc' dir='ltr'>πάλιν</span> <span class='ocrx_word' id='word_1_309' title='bbox 1651 3690 1935 3746; x_wconf 84' lang='grc' dir='ltr'>κάνταῦθα</span> 
     </span>
    </p>
   </div>
   <div class='ocr_carea' id='block_1_41' title="bbox 329 3782 1924 3856">
    <p class='ocr_par' dir='ltr' id='par_1_41' title="bbox 329 3782 1924 3856">
     <span class='ocr_line' id='line_1_41' title="bbox 329 3782 1924 3856; baseline -0.001 -18"><span class='ocrx_word' id='word_1_310' title='bbox 329 3787 674 3856; x_wconf 80' lang='grc' dir='ltr'>κηρύττεται</span> <span class='ocrx_word' id='word_1_311' title='bbox 709 3785 742 3855; x_wconf 83' lang='grc' dir='ltr'>ἡ</span> <span class='ocrx_word' id='word_1_312' title='bbox 773 3783 944 3856; x_wconf 86' lang='grc' dir='ltr'>Τριάς</span> <span class='ocrx_word' id='word_1_313' title='bbox 971 3801 984 3814; x_wconf 90' lang='grc'><strong>·</strong></span> <span class='ocrx_word' id='word_1_314' title='bbox 1014 3783 1151 3846; x_wconf 81' lang='grc' dir='ltr'>Θεὸς</span> <span class='ocrx_word' id='word_1_315' title='bbox 1191 3784 1285 3836; x_wconf 75' lang='grc' dir='ltr'><strong>καὶ</strong></span> <span class='ocrx_word' id='word_1_316' title='bbox 1321 3783 1449 3846; x_wconf 67' lang='lat' dir='ltr'><strong>Tib;</strong></span> <span class='ocrx_word' id='word_1_317' title='bbox 1487 3782 1584 3836; x_wconf 90' lang='grc' dir='ltr'><strong>τοῦ</strong></span> <span class='ocrx_word' id='word_1_318' title='bbox 1641 3783 1776 3837; x_wconf 84' lang='grc' dir='ltr'>Θεοῦ</span> <span class='ocrx_word' id='word_1_319' title='bbox 1827 3785 1924 3837; x_wconf 77' lang='grc' dir='ltr'><strong>καὶ</strong></span> 
     </span>
    </p>
   </div>
   <div class='ocr_carea' id='block_1_42' title="bbox 331 3875 1933 3952">
    <p class='ocr_par' dir='ltr' id='par_1_42' title="bbox 331 3875 1933 3952">
     <span class='ocr_line' id='line_1_42' title="bbox 331 3875 1933 3952; baseline -0.002 -18"><span class='ocrx_word' id='word_1_320' title='bbox 331 3877 568 3947; x_wconf 85' lang='grc' dir='ltr'>Πνεῦμα</span> <span class='ocrx_word' id='word_1_321' title='bbox 593 3875 773 3945; x_wconf 74' lang='grc' dir='ltr'>ἅγιον,</span> <span class='ocrx_word' id='word_1_322' title='bbox 814 3879 909 3931; x_wconf 73' lang='grc' dir='ltr'>καὶ</span> <span class='ocrx_word' id='word_1_323' title='bbox 948 3880 982 3946; x_wconf 84' lang='grc' dir='ltr'>ἡ</span> <span class='ocrx_word' id='word_1_324' title='bbox 1027 3878 1307 3948; x_wconf 84' lang='grc' dir='ltr'>σάρκωσις</span> <span class='ocrx_word' id='word_1_325' title='bbox 1345 3880 1933 3952; x_wconf 85' lang='grc' dir='ltr'>συνανακηρυττομένη</span> 
     </span>
    </p>
   </div>
   <div class='ocr_carea' id='block_1_43' title="bbox 327 3968 1937 4044">
    <p class='ocr_par' dir='ltr' id='par_1_43' title="bbox 327 3968 1937 4044">
     <span class='ocr_line' id='line_1_43' title="bbox 327 3968 1937 4044; baseline -0.001 -15"><span class='ocrx_word' id='word_1_326' title='bbox 327 3973 434 4029; x_wconf 84' lang='grc' dir='ltr'><strong>τοῦ</strong></span> <span class='ocrx_word' id='word_1_327' title='bbox 467 3973 667 4044; x_wconf 84' lang='grc' dir='ltr'>Λόγου.</span> <span class='ocrx_word' id='word_1_328' title='bbox 711 3973 865 4026; x_wconf 79' lang='grc' dir='ltr'>Ἐπεὶ</span> <span class='ocrx_word' id='word_1_329' title='bbox 894 3974 950 4026; x_wconf 77' lang='grc' dir='ltr'>δὲ</span> <span class='ocrx_word' id='word_1_330' title='bbox 974 3973 1102 4027; x_wconf 70' lang='grc' dir='ltr'>Υἱὸν</span> <span class='ocrx_word' id='word_1_331' title='bbox 1140 3971 1277 4026; x_wconf 86' lang='grc' dir='ltr'>Θεοῦ</span> <span class='ocrx_word' id='word_1_332' title='bbox 1315 3969 1491 4038; x_wconf 79' lang='grc' dir='ltr'>εἶπεν,</span> <span class='ocrx_word' id='word_1_333' title='bbox 1529 3976 1727 4042; x_wconf 72' lang='grc' dir='ltr'>ἐπάγει</span> <span class='ocrx_word' id='word_1_334' title='bbox 1767 3975 1836 4028; x_wconf 90' lang='grc' dir='ltr'>δι’</span> <span class='ocrx_word' id='word_1_335' title='bbox 1861 3968 1937 4028; x_wconf 83' lang='grc' dir='ltr'>ὧν</span> 
     </span>
    </p>
   </div>
   <div class='ocr_carea' id='block_1_44' title="bbox 330 4065 1940 4139">
    <p class='ocr_par' dir='ltr' id='par_1_44' title="bbox 330 4065 1940 4139">
     <span class='ocr_line' id='line_1_44' title="bbox 330 4065 1940 4139; baseline -0.002 -16"><span class='ocrx_word' id='word_1_336' title='bbox 330 4067 665 4139; x_wconf 80' lang='grc' dir='ltr'>ἀφορίζεται</span> <span class='ocrx_word' id='word_1_337' title='bbox 691 4067 720 4120; x_wconf 82' lang='grc' dir='ltr'>ὁ</span> <span class='ocrx_word' id='word_1_338' title='bbox 744 4065 1009 4131; x_wconf 83' lang='grc' dir='ltr'>Υἱός-τοῦ</span> <span class='ocrx_word' id='word_1_339' title='bbox 1038 4067 1148 4138; x_wconf 84' lang='grc' dir='ltr'>γὰρ</span> <span class='ocrx_word' id='word_1_340' title='bbox 1172 4066 1628 4136; x_wconf 66' lang='grc' dir='ltr'>ὲπιγνωσθέιιτος,</span> <span class='ocrx_word' id='word_1_341' title='bbox 1659 4068 1816 4138; x_wconf 73' lang='grc' dir='ltr'>φησὶ,</span> <span class='ocrx_word' id='word_1_342' title='bbox 1842 4067 1940 4122; x_wconf 59' lang='grc' dir='ltr'><strong>καὶ⁴</strong></span> 
     </span>
    </p>
   </div>
   <div class='ocr_carea' id='block_1_45' title="bbox 336 4158 1940 4232">
    <p class='ocr_par' dir='ltr' id='par_1_45' title="bbox 336 4158 1940 4232">
     <span class='ocr_line' id='line_1_45' title="bbox 336 4158 1940 4232; baseline 0 -18"><span class='ocrx_word' id='word_1_343' title='bbox 336 4159 736 4231; x_wconf 75' lang='grc' dir='ltr'>ἀφορισθέντος</span> <span class='ocrx_word' id='word_1_344' title='bbox 765 4159 824 4226; x_wconf 74' lang='grc' dir='ltr'><strong>ἐξ</strong></span> <span class='ocrx_word' id='word_1_345' title='bbox 850 4159 1026 4214; x_wconf 80' lang='grc' dir='ltr'>ἄλλων</span> <span class='ocrx_word' id='word_1_346' title='bbox 1055 4175 1116 4212; x_wconf 88' lang='grc' dir='ltr'><strong>τε</strong></span> <span class='ocrx_word' id='word_1_347' title='bbox 1164 4158 1378 4213; x_wconf 83' lang='grc' dir='ltr'>πολλῶν</span> <span class='ocrx_word' id='word_1_348' title='bbox 1424 4159 1732 4230; x_wconf 84' lang='grc' dir='ltr'>ἰδιωμάτων</span> <span class='ocrx_word' id='word_1_349' title='bbox 1757 4159 1794 4215; x_wconf 79' lang='grc' dir='ltr'>ἃ</span> <span class='ocrx_word' id='word_1_350' title='bbox 1831 4178 1940 4232; x_wconf 88' lang='grc' dir='ltr'>μη-</span> 
     </span>
    </p>
   </div>
   <div class='ocr_carea' id='block_1_46' title="bbox 328 4250 1942 4324">
    <p class='ocr_par' dir='ltr' id='par_1_46' title="bbox 328 4250 1942 4324">
     <span class='ocr_line' id='line_1_46' title="bbox 328 4250 1942 4324; baseline -0.002 -17"><span class='ocrx_word' id='word_1_351' title='bbox 328 4253 454 4308; x_wconf 73' lang='grc' dir='ltr'>δενὶ</span> <span class='ocrx_word' id='word_1_352' title='bbox 476 4252 762 4324; x_wconf 77' lang='grc' dir='ltr'>πρόσεστι,</span> <span class='ocrx_word' id='word_1_353' title='bbox 803 4253 897 4306; x_wconf 70' lang='grc' dir='ltr'><strong>καὶ</strong></span> <span class='ocrx_word' id='word_1_354' title='bbox 928 4250 1060 4304; x_wconf 86' lang='grc' dir='ltr'><strong>ὅτιὸ</strong></span> <span class='ocrx_word' id='word_1_355' title='bbox 1102 4250 1374 4322; x_wconf 76' lang='grc' dir='ltr'>μηδέποτε</span> <span class='ocrx_word' id='word_1_356' title='bbox 1425 4252 1672 4320; x_wconf 81' lang='grc' dir='ltr'>γέγονεν,</span> <span class='ocrx_word' id='word_1_357' title='bbox 1709 4253 1942 4324; x_wconf 79' lang='grc' dir='ltr'>αὐτουρ-</span> 
     </span>
    </p>
   </div>
   <div class='ocr_carea' id='block_1_47' title="bbox 331 4344 1943 4417">
    <p class='ocr_par' dir='ltr' id='par_1_47' title="bbox 331 4344 1943 4417">
     <span class='ocr_line' id='line_1_47' title="bbox 331 4344 1943 4417; baseline 0.001 -20"><span class='ocrx_word' id='word_1_358' title='bbox 331 4345 440 4417; x_wconf 75' lang='grc' dir='ltr'>γὸς</span> <span class='ocrx_word' id='word_1_359' title='bbox 483 4344 584 4415; x_wconf 86' lang='grc' dir='ltr'>τῆς</span> <span class='ocrx_word' id='word_1_360' title='bbox 624 4345 762 4409; x_wconf 74' lang='grc' dir='ltr'>ἰδίας</span> <span class='ocrx_word' id='word_1_361' title='bbox 817 4345 1175 4407; x_wconf 82' lang='grc' dir='ltr'>ἀναστάσεως</span> <span class='ocrx_word' id='word_1_362' title='bbox 1214 4345 1462 4414; x_wconf 79' lang='grc' dir='ltr'>γέγονεν.</span> <span class='ocrx_word' id='word_1_363' title='bbox 1500 4345 1615 4414; x_wconf 82' lang='grc' dir='ltr'><strong>Οὐχ</strong></span> <span class='ocrx_word' id='word_1_364' title='bbox 1650 4345 1854 4416; x_wconf 81' lang='grc' dir='ltr'>ἥκιστα</span> <span class='ocrx_word' id='word_1_365' title='bbox 1885 4345 1943 4398; x_wconf 73' lang='grc' dir='ltr'>δὲ</span> 
     </span>
    </p>
   </div>
   <div class='ocr_carea' id='block_1_48' title="bbox 333 4429 1944 4508">
    <p class='ocr_par' dir='ltr' id='par_1_48' title="bbox 333 4429 1944 4508">
     <span class='ocr_line' id='line_1_48' title="bbox 333 4429 1944 4508; baseline -0.002 -15"><span class='ocrx_word' id='word_1_366' title='bbox 333 4439 440 4493; x_wconf 71' lang='grc' dir='ltr'><strong>καὶ</strong></span> <span class='ocrx_word' id='word_1_367' title='bbox 469 4437 529 4502; x_wconf 79' lang='grc' dir='ltr'>ἐξ</span> <span class='ocrx_word' id='word_1_368' title='bbox 555 4429 632 4490; x_wconf 83' lang='grc' dir='ltr'>ὧν</span> <span class='ocrx_word' id='word_1_369' title='bbox 663 4435 725 4490; x_wconf 80' lang='grc' dir='ltr'>τὸ</span> <span class='ocrx_word' id='word_1_370' title='bbox 759 4435 1030 4507; x_wconf 86' lang='grc' dir='ltr'>πανάγιον</span> <span class='ocrx_word' id='word_1_371' title='bbox 1055 4436 1285 4507; x_wconf 83' lang='grc' dir='ltr'>Πνεῦμα</span> <span class='ocrx_word' id='word_1_372' title='bbox 1307 4436 1605 4492; x_wconf 80' lang='grc' dir='ltr'>ἐπεσκίασὲ</span> <span class='ocrx_word' id='word_1_373' title='bbox 1620 4453 1681 4490; x_wconf 89' lang='grc' dir='ltr'><strong>τε</strong></span> <span class='ocrx_word' id='word_1_374' title='bbox 1702 4435 1782 4508; x_wconf 78' lang='grc' dir='ltr'>τῷ</span> <span class='ocrx_word' id='word_1_375' title='bbox 1799 4437 1944 4508; x_wconf 83' lang='grc' dir='ltr'>τόκῳ</span> 
     </span>
    </p>
   </div>
   <div class='ocr_carea' id='block_1_49' title="bbox 335 4530 1938 4603">
    <p class='ocr_par' dir='ltr' id='par_1_49' title="bbox 335 4530 1938 4603">
     <span class='ocr_line' id='line_1_49' title="bbox 335 4530 1938 4603; baseline -0.001 -18"><span class='ocrx_word' id='word_1_376' title='bbox 335 4531 438 4586; x_wconf 77' lang='grc' dir='ltr'>τὸν</span> <span class='ocrx_word' id='word_1_377' title='bbox 474 4530 766 4602; x_wconf 83' lang='grc' dir='ltr'>όμοούσιον</span> <span class='ocrx_word' id='word_1_378' title='bbox 793 4531 969 4599; x_wconf 81' lang='grc' dir='ltr'>Λόγον</span> <span class='ocrx_word' id='word_1_379' title='bbox 1005 4532 1071 4584; x_wconf 83' lang='grc' dir='ltr'>ὲκ</span> <span class='ocrx_word' id='word_1_380' title='bbox 1109 4530 1429 4602; x_wconf 78' lang='grc' dir='ltr'>σπέρματος</span> <span class='ocrx_word' id='word_1_381' title='bbox 1469 4530 1635 4584; x_wconf 68' lang='grc' dir='ltr'>Δαϐὶδ</span> <span class='ocrx_word' id='word_1_382' title='bbox 1677 4531 1938 4603; x_wconf 75' lang='grc' dir='ltr'>συνεργὸν</span> 
     </span>
    </p>
   </div>
   <div class='ocr_carea' id='block_1_50' title="bbox 1947 1880 1995 1939">
    <p class='ocr_par' dir='ltr' id='par_1_50' title="bbox 1947 1880 1995 1939">
     <span class='ocr_line' id='line_1_50' title="bbox 1947 1880 1995 1939; baseline 0 0"><span class='ocrx_word' id='word_1_383' title='bbox 1947 1880 1995 1939; x_wconf 88' lang='grc' dir='ltr'>Β</span> 
     </span>
    </p>
   </div>
   <div class='ocr_carea' id='block_1_51' title="bbox 2022 614 3615 684">
    <p class='ocr_par' dir='ltr' id='par_1_51' title="bbox 2022 614 3615 684">
     <span class='ocr_line' id='line_1_51' title="bbox 2022 614 3615 684; baseline 0.002 -18"><span class='ocrx_word' id='word_1_384' title='bbox 2022 614 2324 680; x_wconf 87' lang='lat' dir='ltr'><strong>nuntiaret,</strong></span> <span class='ocrx_word' id='word_1_385' title='bbox 2371 627 2427 669; x_wconf 87' lang='lat' dir='ltr'><strong>et</strong></span> <span class='ocrx_word' id='word_1_386' title='bbox 2480 628 2722 684; x_wconf 88' lang='lat' dir='ltr'><strong>quanam</strong></span> <span class='ocrx_word' id='word_1_387' title='bbox 2760 614 3002 669; x_wconf 86' lang='lat' dir='ltr'><strong>nominis</strong></span> <span class='ocrx_word' id='word_1_388' title='bbox 3039 614 3429 684; x_wconf 80' lang='lat' dir='ltr'><strong>signiﬁcantia,</strong></span> <span class='ocrx_word' id='word_1_389' title='bbox 3481 615 3615 670; x_wconf 87' lang='lat' dir='ltr'><strong>hac-</strong></span> 
     </span>
    </p>
   </div>
   <div class='ocr_carea' id='block_1_52' title="bbox 2023 704 3612 776">
    <p class='ocr_par' dir='ltr' id='par_1_52' title="bbox 2023 704 3612 776">
     <span class='ocr_line' id='line_1_52' title="bbox 2023 704 3612 776; baseline 0.001 -17"><span class='ocrx_word' id='word_1_390' title='bbox 2023 713 2182 761; x_wconf 92' lang='lat' dir='ltr'><strong>tenus</strong></span> <span class='ocrx_word' id='word_1_391' title='bbox 2215 704 2550 776; x_wconf 78' lang='lat' dir='ltr'><strong>patefactum</strong></span> <span class='ocrx_word' id='word_1_392' title='bbox 2583 715 2667 760; x_wconf 91' lang='lat' dir='ltr'><strong>est</strong></span> <span class='ocrx_word' id='word_1_393' title='bbox 2701 721 2716 758; x_wconf 92' lang='lat'><strong>:</strong></span> <span class='ocrx_word' id='word_1_394' title='bbox 2745 706 3051 776; x_wconf 78' lang='lat' dir='ltr'><strong>praesertim</strong></span> <span class='ocrx_word' id='word_1_395' title='bbox 3077 721 3206 760; x_wconf 87' lang='lat' dir='ltr'><strong>vero</strong></span> <span class='ocrx_word' id='word_1_396' title='bbox 3249 707 3301 761; x_wconf 90' lang='lat' dir='ltr'><strong>id</strong></span> <span class='ocrx_word' id='word_1_397' title='bbox 3333 707 3612 762; x_wconf 82' lang='lat' dir='ltr'><strong>neminem</strong></span> 
     </span>
    </p>
   </div>
   <div class='ocr_carea' id='block_1_53' title="bbox 2017 799 3614 872">
    <p class='ocr_par' dir='ltr' id='par_1_53' title="bbox 2017 799 3614 872">
     <span class='ocr_line' id='line_1_53' title="bbox 2017 799 3614 872; baseline 0.001 -19"><span class='ocrx_word' id='word_1_398' title='bbox 2017 813 2211 853; x_wconf 90' lang='lat' dir='ltr'><strong>eorum</strong></span> <span class='ocrx_word' id='word_1_399' title='bbox 2246 799 2428 866; x_wconf 83' lang='lat' dir='ltr'><strong>latuit,</strong></span> <span class='ocrx_word' id='word_1_400' title='bbox 2475 814 2712 869; x_wconf 90' lang='lat' dir='ltr'><strong>quorum</strong></span> <span class='ocrx_word' id='word_1_401' title='bbox 2763 815 2859 854; x_wconf 92' lang='lat' dir='ltr'><strong>cor</strong></span> <span class='ocrx_word' id='word_1_402' title='bbox 2891 816 3208 855; x_wconf 79' lang='lat' dir='ltr'><strong>sermonum</strong></span> <span class='ocrx_word' id='word_1_403' title='bbox 3265 801 3410 856; x_wconf 89' lang='lat' dir='ltr'><strong>illius</strong></span> <span class='ocrx_word' id='word_1_404' title='bbox 3436 800 3614 872; x_wconf 84' lang='lat' dir='ltr'><strong>gratia</strong></span> 
     </span>
    </p>
   </div>
   <div class='ocr_carea' id='block_1_54' title="bbox 2021 891 3612 962">
    <p class='ocr_par' dir='ltr' id='par_1_54' title="bbox 2021 891 3612 962">
     <span class='ocr_line' id='line_1_54' title="bbox 2021 891 3612 962; baseline 0.001 -16"><span class='ocrx_word' id='word_1_405' title='bbox 2021 892 2219 962; x_wconf 85' lang='lat' dir='ltr'><strong>tetigit.</strong></span> <span class='ocrx_word' id='word_1_406' title='bbox 2252 891 2416 948; x_wconf 79' lang='lat' dir='ltr'><strong>Modo</strong></span> <span class='ocrx_word' id='word_1_407' title='bbox 2445 892 2590 948; x_wconf 89' lang='lat' dir='ltr'><strong>enim</strong></span> <span class='ocrx_word' id='word_1_408' title='bbox 2623 894 2990 947; x_wconf 73' lang='lat' dir='ltr'><strong>venerandam</strong></span> <span class='ocrx_word' id='word_1_409' title='bbox 3027 902 3082 947; x_wconf 91' lang='lat' dir='ltr'><strong>et</strong></span> <span class='ocrx_word' id='word_1_410' title='bbox 3119 893 3612 950; x_wconf 86' lang='lat' dir='ltr'><strong>clementissimam</strong></span> 
     </span>
    </p>
   </div>
   <div class='ocr_carea' id='block_1_55' title="bbox 2021 984 3609 1057">
    <p class='ocr_par' dir='ltr' id='par_1_55' title="bbox 2021 984 3609 1057">
     <span class='ocr_line' id='line_1_55' title="bbox 2021 984 3609 1057; baseline 0.003 -19"><span class='ocrx_word' id='word_1_411' title='bbox 2021 984 2458 1042; x_wconf 80' lang='lat' dir='ltr'><strong>incarnationem</strong></span> <span class='ocrx_word' id='word_1_412' title='bbox 2487 985 2722 1042; x_wconf 86' lang='lat' dir='ltr'><strong>docebat</strong></span> <span class='ocrx_word' id='word_1_413' title='bbox 2747 985 3204 1057; x_wconf 62' lang='lat' dir='ltr'><strong>prtedicandoque</strong></span> <span class='ocrx_word' id='word_1_414' title='bbox 3230 988 3609 1044; x_wconf 85' lang='lat' dir='ltr'><strong>monstrabat:</strong></span> 
     </span>
    </p>
   </div>
   <div class='ocr_carea' id='block_1_56' title="bbox 2022 1079 3612 1152">
    <p class='ocr_par' dir='ltr' id='par_1_56' title="bbox 2022 1079 3612 1152">
     <span class='ocr_line' id='line_1_56' title="bbox 2022 1079 3612 1152; baseline 0.002 -18"><span class='ocrx_word' id='word_1_415' title='bbox 2022 1080 2187 1134; x_wconf 88' lang='lat' dir='ltr'><strong>modo</strong></span> <span class='ocrx_word' id='word_1_416' title='bbox 2245 1080 2550 1152; x_wconf 88' lang='lat' dir='ltr'><strong>theologica</strong></span> <span class='ocrx_word' id='word_1_417' title='bbox 2605 1080 2856 1136; x_wconf 90' lang='lat' dir='ltr'><strong>oratione</strong></span> <span class='ocrx_word' id='word_1_418' title='bbox 2910 1079 3234 1135; x_wconf 79' lang='lat' dir='ltr'><strong>Trinitatem</strong></span> <span class='ocrx_word' id='word_1_419' title='bbox 3303 1081 3612 1137; x_wconf 83' lang='lat' dir='ltr'><strong>animosius</strong></span> 
     </span>
    </p>
   </div>
   <div class='ocr_carea' id='block_1_57' title="bbox 2021 1174 3612 1246">
    <p class='ocr_par' dir='ltr' id='par_1_57' title="bbox 2021 1174 3612 1246">
     <span class='ocr_line' id='line_1_57' title="bbox 2021 1174 3612 1246; baseline -0.001 -17"><span class='ocrx_word' id='word_1_420' title='bbox 2021 1174 2324 1238; x_wconf 89' lang='lat' dir='ltr'><strong>asserebat,</strong></span> <span class='ocrx_word' id='word_1_421' title='bbox 2368 1185 2621 1230; x_wconf 72' lang='lat' dir='ltr'><strong>czeteram</strong></span> <span class='ocrx_word' id='word_1_422' title='bbox 2654 1190 2876 1246; x_wconf 90' lang='lat' dir='ltr'><strong>quoque</strong></span> <span class='ocrx_word' id='word_1_423' title='bbox 2927 1174 3175 1246; x_wconf 89' lang='lat' dir='ltr'><strong>mysterii</strong></span> <span class='ocrx_word' id='word_1_424' title='bbox 3212 1174 3319 1228; x_wconf 88' lang='lat' dir='ltr'><strong>vim</strong></span> <span class='ocrx_word' id='word_1_425' title='bbox 3365 1190 3432 1229; x_wconf 93' lang='lat' dir='ltr'><strong>ac</strong></span> <span class='ocrx_word' id='word_1_426' title='bbox 3469 1174 3612 1228; x_wconf 80' lang='lat' dir='ltr'><strong>divi-</strong></span> 
     </span>
    </p>
   </div>
   <div class='ocr_carea' id='block_1_58' title="bbox 2022 1265 3617 1336">
    <p class='ocr_par' dir='ltr' id='par_1_58' title="bbox 2022 1265 3617 1336">
     <span class='ocr_line' id='line_1_58' title="bbox 2022 1265 3617 1336; baseline 0.002 -17"><span class='ocrx_word' id='word_1_427' title='bbox 2022 1265 2247 1320; x_wconf 88' lang='lat' dir='ltr'><strong>nitatem</strong></span> <span class='ocrx_word' id='word_1_428' title='bbox 2298 1265 2466 1320; x_wconf 89' lang='lat' dir='ltr'><strong>simul</strong></span> <span class='ocrx_word' id='word_1_429' title='bbox 2510 1265 2910 1336; x_wconf 78' lang='lat' dir='ltr'><strong>deprzedicaus.</strong></span> <span class='ocrx_word' id='word_1_430' title='bbox 2967 1265 3074 1320; x_wconf 85' lang='lat' dir='ltr'><strong>Sed</strong></span> <span class='ocrx_word' id='word_1_431' title='bbox 3115 1265 3254 1319; x_wconf 84' lang='lat' dir='ltr'><strong>nihil</strong></span> <span class='ocrx_word' id='word_1_432' title='bbox 3297 1266 3495 1322; x_wconf 88' lang='lat' dir='ltr'><strong>melius</strong></span> <span class='ocrx_word' id='word_1_433' title='bbox 3547 1267 3617 1321; x_wconf 86' lang='lat' dir='ltr'><strong>de</strong></span> 
     </span>
    </p>
   </div>
   <div class='ocr_carea' id='block_1_59' title="bbox 2021 1360 3619 1432">
    <p class='ocr_par' dir='ltr' id='par_1_59' title="bbox 2021 1360 3619 1432">
     <span class='ocr_line' id='line_1_59' title="bbox 2021 1360 3619 1432; baseline 0.002 -19"><span class='ocrx_word' id='word_1_434' title='bbox 2021 1375 2088 1413; x_wconf 91' lang='lat' dir='ltr'><strong>eo</strong></span> <span class='ocrx_word' id='word_1_435' title='bbox 2130 1360 2310 1415; x_wconf 89' lang='lat' dir='ltr'><strong>audiri</strong></span> <span class='ocrx_word' id='word_1_436' title='bbox 2345 1369 2550 1432; x_wconf 84' lang='lat' dir='ltr'><strong>potest,</strong></span> <span class='ocrx_word' id='word_1_437' title='bbox 2591 1377 2758 1431; x_wconf 87' lang='lat' dir='ltr'><strong>quam</strong></span> <span class='ocrx_word' id='word_1_438' title='bbox 2805 1380 2823 1413; x_wconf 74' lang='grc' dir='ltr'><strong>ι</strong></span> <span class='ocrx_word' id='word_1_439' title='bbox 2864 1360 3123 1427; x_wconf 83' lang='lat' dir='ltr'><strong>Quicum</strong></span> <span class='ocrx_word' id='word_1_440' title='bbox 3172 1370 3319 1416; x_wconf 87' lang='lat' dir='ltr'><strong>esset</strong></span> <span class='ocrx_word' id='word_1_441' title='bbox 3359 1361 3619 1432; x_wconf 84' lang='lat' dir='ltr'><strong>splendor</strong></span> 
     </span>
    </p>
   </div>
   <div class='ocr_carea' id='block_1_60' title="bbox 2022 1451 3618 1523">
    <p class='ocr_par' dir='ltr' id='par_1_60' title="bbox 2022 1451 3618 1523">
     <span class='ocr_line' id='line_1_60' title="bbox 2022 1451 3618 1523; baseline 0.004 -19"><span class='ocrx_word' id='word_1_442' title='bbox 2022 1451 2211 1522; x_wconf 66' lang='lat' dir='ltr'><strong>gloriae</strong></span> <span class='ocrx_word' id='word_1_443' title='bbox 2240 1461 2297 1508; x_wconf 83' lang='lat' dir='ltr'><strong>et</strong></span> <span class='ocrx_word' id='word_1_444' title='bbox 2327 1453 2500 1523; x_wconf 81' lang='lat' dir='ltr'><strong>ﬁgura</strong></span> <span class='ocrx_word' id='word_1_445' title='bbox 2531 1452 2856 1507; x_wconf 69' lang='lat' dir='ltr'><strong>substantia:</strong></span> <span class='ocrx_word' id='word_1_446' title='bbox 2884 1452 3006 1521; x_wconf 83' lang='lat' dir='ltr'><strong>ejus</strong></span> <span class='ocrx_word' id='word_1_447' title='bbox 3033 1451 3151 1484; x_wconf 71' lang='grc'>³⁸⁸³³</span> <span class='ocrx_word' id='word_1_448' title='bbox 3196 1452 3414 1522; x_wconf 88' lang='lat' dir='ltr'><strong>(nempe</strong></span> <span class='ocrx_word' id='word_1_449' title='bbox 3445 1451 3618 1510; x_wconf 82' lang='lat' dir='ltr'><strong>Filius</strong></span> 
     </span>
    </p>
   </div>
   <div class='ocr_carea' id='block_1_61' title="bbox 2023 1545 3617 1617">
    <p class='ocr_par' dir='ltr' id='par_1_61' title="bbox 2023 1545 3617 1617">
     <span class='ocr_line' id='line_1_61' title="bbox 2023 1545 3617 1617; baseline 0.004 -19"><span class='ocrx_word' id='word_1_450' title='bbox 2023 1545 2286 1614; x_wconf 88' lang='lat' dir='ltr'><strong>splendor</strong></span> <span class='ocrx_word' id='word_1_451' title='bbox 2340 1555 2394 1601; x_wconf 89' lang='lat' dir='ltr'><strong>et</strong></span> <span class='ocrx_word' id='word_1_452' title='bbox 2428 1547 2602 1616; x_wconf 87' lang='lat' dir='ltr'><strong>tigura</strong></span> <span class='ocrx_word' id='word_1_453' title='bbox 2641 1547 2845 1615; x_wconf 83' lang='lat' dir='ltr'><strong>Patris)</strong></span> <span class='ocrx_word' id='word_1_454' title='bbox 2882 1563 2991 1601; x_wconf 89' lang='lat' dir='ltr'><strong>non</strong></span> <span class='ocrx_word' id='word_1_455' title='bbox 3029 1546 3278 1617; x_wconf 89' lang='lat' dir='ltr'><strong>rapinam</strong></span> <span class='ocrx_word' id='word_1_456' title='bbox 3315 1547 3617 1604; x_wconf 89' lang='lat' dir='ltr'><strong>arbitratus</strong></span> 
     </span>
    </p>
   </div>
   <div class='ocr_carea' id='block_1_62' title="bbox 2022 1638 3620 1710">
    <p class='ocr_par' dir='ltr' id='par_1_62' title="bbox 2022 1638 3620 1710">
     <span class='ocr_line' id='line_1_62' title="bbox 2022 1638 3620 1710; baseline 0.002 -18"><span class='ocrx_word' id='word_1_457' title='bbox 2022 1648 2105 1693; x_wconf 90' lang='lat' dir='ltr'><strong>est</strong></span> <span class='ocrx_word' id='word_1_458' title='bbox 2134 1653 2193 1694; x_wconf 92' lang='lat' dir='ltr'><strong>se</strong></span> <span class='ocrx_word' id='word_1_459' title='bbox 2210 1655 2331 1694; x_wconf 88' lang='lat' dir='ltr'><strong>esse</strong></span> <span class='ocrx_word' id='word_1_460' title='bbox 2356 1640 2624 1710; x_wconf 64' lang='lat' dir='ltr'><strong>aequalem</strong></span> <span class='ocrx_word' id='word_1_461' title='bbox 2655 1638 2766 1694; x_wconf 84' lang='lat' dir='ltr'><strong>Deo</strong></span> <span class='ocrx_word' id='word_1_462' title='bbox 2787 1641 2855 1695; x_wconf 75' lang='grc' dir='ltr'><strong>⁸ο.</strong></span> <span class='ocrx_word' id='word_1_463' title='bbox 2895 1659 2914 1692; x_wconf 73' lang='grc' dir='ltr'><strong>ι</strong></span> <span class='ocrx_word' id='word_1_464' title='bbox 2941 1638 3061 1695; x_wconf 87' lang='lat' dir='ltr'><strong>Non</strong></span> <span class='ocrx_word' id='word_1_465' title='bbox 3091 1641 3238 1695; x_wconf 91' lang='lat' dir='ltr'><strong>enim</strong></span> <span class='ocrx_word' id='word_1_466' title='bbox 3267 1641 3620 1697; x_wconf 78' lang='lat' dir='ltr'><strong>successione</strong></span> 
     </span>
    </p>
   </div>
   <div class='ocr_carea' id='block_1_63' title="bbox 2025 1731 3618 1804">
    <p class='ocr_par' dir='ltr' id='par_1_63' title="bbox 2025 1731 3618 1804">
     <span class='ocr_line' id='line_1_63' title="bbox 2025 1731 3618 1804; baseline 0.003 -19"><span class='ocrx_word' id='word_1_467' title='bbox 2025 1731 2254 1787; x_wconf 90' lang='lat' dir='ltr'><strong>sortitus</strong></span> <span class='ocrx_word' id='word_1_468' title='bbox 2275 1731 2615 1787; x_wconf 86' lang='lat' dir='ltr'><strong>divinitatem</strong></span> <span class='ocrx_word' id='word_1_469' title='bbox 2638 1742 2776 1797; x_wconf 90' lang='lat' dir='ltr'><strong>erat,</strong></span> <span class='ocrx_word' id='word_1_470' title='bbox 2810 1748 2990 1804; x_wconf 90' lang='lat' dir='ltr'><strong>neque</strong></span> <span class='ocrx_word' id='word_1_471' title='bbox 3021 1733 3069 1788; x_wconf 82' lang='lat' dir='ltr'><strong>vi</strong></span> <span class='ocrx_word' id='word_1_472' title='bbox 3105 1732 3410 1788; x_wconf 87' lang='lat' dir='ltr'><strong>detractam</strong></span> <span class='ocrx_word' id='word_1_473' title='bbox 3451 1734 3618 1789; x_wconf 90' lang='lat' dir='ltr'><strong>alicui</strong></span> 
     </span>
    </p>
   </div>
   <div class='ocr_carea' id='block_1_64' title="bbox 2026 1825 3620 1898">
    <p class='ocr_par' dir='ltr' id='par_1_64' title="bbox 2026 1825 3620 1898">
     <span class='ocr_line' id='line_1_64' title="bbox 2026 1825 3620 1898; baseline 0.001 -18"><span class='ocrx_word' id='word_1_474' title='bbox 2026 1826 2332 1895; x_wconf 84' lang='lat' dir='ltr'><strong>potentiam</strong></span> <span class='ocrx_word' id='word_1_475' title='bbox 2367 1826 2471 1882; x_wconf 90' lang='lat' dir='ltr'><strong>sibi</strong></span> <span class='ocrx_word' id='word_1_476' title='bbox 2501 1825 2983 1898; x_wconf 88' lang='lat' dir='ltr'><strong>circumposuerat</strong></span> <span class='ocrx_word' id='word_1_477' title='bbox 3012 1847 3025 1882; x_wconf 92' lang='lat'><strong>:</strong></span> <span class='ocrx_word' id='word_1_478' title='bbox 3059 1829 3151 1883; x_wconf 91' lang='lat' dir='ltr'><strong>sed</strong></span> <span class='ocrx_word' id='word_1_479' title='bbox 3183 1827 3253 1883; x_wconf 90' lang='lat' dir='ltr'><strong>ab</strong></span> <span class='ocrx_word' id='word_1_480' title='bbox 3293 1827 3451 1882; x_wconf 91' lang='lat' dir='ltr'><strong>initio</strong></span> <span class='ocrx_word' id='word_1_481' title='bbox 3484 1829 3620 1884; x_wconf 84' lang='lat' dir='ltr'><strong>sub-</strong></span> 
     </span>
    </p>
   </div>
   <div class='ocr_carea' id='block_1_65' title="bbox 2026 1919 3619 1992">
    <p class='ocr_par' dir='ltr' id='par_1_65' title="bbox 2026 1919 3619 1992">
     <span class='ocr_line' id='line_1_65' title="bbox 2026 1919 3619 1992; baseline 0.003 -18"><span class='ocrx_word' id='word_1_482' title='bbox 2026 1919 2242 1974; x_wconf 70' lang='lat' dir='ltr'><strong>stantia:</strong></span> <span class='ocrx_word' id='word_1_483' title='bbox 2285 1919 2531 1990; x_wconf 84' lang='lat' dir='ltr'><strong>ejusdem</strong></span> <span class='ocrx_word' id='word_1_484' title='bbox 2566 1930 2886 1992; x_wconf 79' lang='lat' dir='ltr'><strong>naturaeque</strong></span> <span class='ocrx_word' id='word_1_485' title='bbox 2925 1920 3053 1987; x_wconf 80' lang='lat' dir='ltr'><strong>fuit,</strong></span> <span class='ocrx_word' id='word_1_486' title='bbox 3086 1922 3407 1992; x_wconf 90' lang='lat' dir='ltr'><strong>nullumque</strong></span> <span class='ocrx_word' id='word_1_487' title='bbox 3454 1922 3619 1990; x_wconf 84' lang='lat' dir='ltr'><strong>hujus</strong></span> 
     </span>
    </p>
   </div>
   <div class='ocr_carea' id='block_1_66' title="bbox 2024 2012 3616 2083">
    <p class='ocr_par' dir='ltr' id='par_1_66' title="bbox 2024 2012 3616 2083">
     <span class='ocr_line' id='line_1_66' title="bbox 2024 2012 3616 2083; baseline 0.001 -17"><span class='ocrx_word' id='word_1_488' title='bbox 2024 2012 2415 2066; x_wconf 79' lang='lat' dir='ltr'><strong>detrimentum</strong></span> <span class='ocrx_word' id='word_1_489' title='bbox 2467 2012 2577 2082; x_wconf 90' lang='lat' dir='ltr'><strong>pati</strong></span> <span class='ocrx_word' id='word_1_490' title='bbox 2625 2021 2857 2083; x_wconf 86' lang='lat' dir='ltr'><strong>poterat.</strong></span> <span class='ocrx_word' id='word_1_491' title='bbox 2895 2013 3110 2069; x_wconf 83' lang='lat' dir='ltr'><strong>Idcirco</strong></span> <span class='ocrx_word' id='word_1_492' title='bbox 3142 2015 3278 2068; x_wconf 88' lang='lat' dir='ltr'><strong>nihil</strong></span> <span class='ocrx_word' id='word_1_493' title='bbox 3325 2014 3616 2071; x_wconf 85' lang='lat' dir='ltr'><strong>molestum</strong></span> 
     </span>
    </p>
   </div>
   <div class='ocr_carea' id='block_1_67' title="bbox 2027 2103 3621 2176">
    <p class='ocr_par' dir='ltr' id='par_1_67' title="bbox 2027 2103 3621 2176">
     <span class='ocr_line' id='line_1_67' title="bbox 2027 2103 3621 2176; baseline 0.003 -18"><span class='ocrx_word' id='word_1_494' title='bbox 2027 2103 2364 2171; x_wconf 72' lang='lat' dir='ltr'><strong>detrectans,</strong></span> <span class='ocrx_word' id='word_1_495' title='bbox 2394 2125 2411 2158; x_wconf 77' lang='grc' dir='ltr'><strong>ι</strong></span> <span class='ocrx_word' id='word_1_496' title='bbox 2445 2105 2759 2160; x_wconf 84' lang='lat' dir='ltr'><strong>Exinanivit</strong></span> <span class='ocrx_word' id='word_1_497' title='bbox 2799 2107 3184 2176; x_wconf 87' lang='lat' dir='ltr'><strong>semetipsum,</strong></span> <span class='ocrx_word' id='word_1_498' title='bbox 3218 2105 3452 2162; x_wconf 78' lang='lat' dir='ltr'><strong>formam</strong></span> <span class='ocrx_word' id='word_1_499' title='bbox 3473 2109 3621 2164; x_wconf 85' lang='lat' dir='ltr'><strong>servi</strong></span> 
     </span>
    </p>
   </div>
   <div class='ocr_carea' id='block_1_68' title="bbox 2027 2197 3622 2268">
    <p class='ocr_par' dir='ltr' id='par_1_68' title="bbox 2027 2197 3622 2268">
     <span class='ocr_line' id='line_1_68' title="bbox 2027 2197 3622 2268; baseline 0.004 -18"><span class='ocrx_word' id='word_1_500' title='bbox 2027 2197 2304 2268; x_wconf 86' lang='lat' dir='ltr'><strong>accipiens</strong></span> <span class='ocrx_word' id='word_1_501' title='bbox 2350 2198 2417 2253; x_wconf 67' lang='grc' dir='ltr'><strong>δ’.</strong></span> <span class='ocrx_word' id='word_1_502' title='bbox 2471 2218 2490 2250; x_wconf 73' lang='grc' dir='ltr'><strong>ι</strong></span> <span class='ocrx_word' id='word_1_503' title='bbox 2545 2198 2612 2254; x_wconf 86' lang='grc' dir='ltr'>Ει</span> <span class='ocrx_word' id='word_1_504' title='bbox 2645 2216 2839 2256; x_wconf 88' lang='lat' dir='ltr'><strong>rursus</strong></span> <span class='ocrx_word' id='word_1_505' title='bbox 2873 2219 2886 2254; x_wconf 89' lang='lat'>:</span> <span class='ocrx_word' id='word_1_506' title='bbox 2924 2219 2943 2253; x_wconf 72' lang='grc' dir='ltr'><strong>ι</strong></span> <span class='ocrx_word' id='word_1_507' title='bbox 2986 2199 3140 2257; x_wconf 87' lang='lat' dir='ltr'><strong>Unus</strong></span> <span class='ocrx_word' id='word_1_508' title='bbox 3179 2201 3323 2257; x_wconf 77' lang='lat' dir='ltr'><strong>Deus</strong></span> <span class='ocrx_word' id='word_1_509' title='bbox 3359 2213 3413 2257; x_wconf 91' lang='lat' dir='ltr'><strong>et</strong></span> <span class='ocrx_word' id='word_1_510' title='bbox 3460 2201 3622 2257; x_wconf 79' lang='lat' dir='ltr'><strong>Pater</strong></span> 
     </span>
    </p>
   </div>
   <div class='ocr_carea' id='block_1_69' title="bbox 2026 2292 3620 2364">
    <p class='ocr_par' dir='ltr' id='par_1_69' title="bbox 2026 2292 3620 2364">
     <span class='ocr_line' id='line_1_69' title="bbox 2026 2292 3620 2364; baseline 0.003 -21"><span class='ocrx_word' id='word_1_511' title='bbox 2026 2306 2094 2344; x_wconf 82' lang='lat' dir='ltr'><strong>ex</strong></span> <span class='ocrx_word' id='word_1_512' title='bbox 2141 2306 2254 2359; x_wconf 91' lang='lat' dir='ltr'><strong>quo</strong></span> <span class='ocrx_word' id='word_1_513' title='bbox 2291 2292 2477 2347; x_wconf 90' lang='lat' dir='ltr'><strong>omnia</strong></span> <span class='ocrx_word' id='word_1_514' title='bbox 2509 2303 2524 2346; x_wconf 73' lang='grc' dir='ltr'><strong>τ</strong></span> <span class='ocrx_word' id='word_1_515' title='bbox 2560 2303 2616 2348; x_wconf 91' lang='lat' dir='ltr'><strong>et</strong></span> <span class='ocrx_word' id='word_1_516' title='bbox 2645 2310 2789 2349; x_wconf 91' lang='lat' dir='ltr'><strong>unus</strong></span> <span class='ocrx_word' id='word_1_517' title='bbox 2831 2292 2990 2349; x_wconf 86' lang='lat' dir='ltr'><strong>Jesus</strong></span> <span class='ocrx_word' id='word_1_518' title='bbox 3018 2293 3295 2358; x_wconf 85' lang='lat' dir='ltr'><strong>Christus,</strong></span> <span class='ocrx_word' id='word_1_519' title='bbox 3330 2310 3427 2363; x_wconf 87' lang='lat' dir='ltr'><strong>per</strong></span> <span class='ocrx_word' id='word_1_520' title='bbox 3455 2309 3620 2364; x_wconf 86' lang='lat' dir='ltr'><strong>quem</strong></span> 
     </span>
    </p>
   </div>
   <div class='ocr_carea' id='block_1_70' title="bbox 2028 2383 3616 2455">
    <p class='ocr_par' dir='ltr' id='par_1_70' title="bbox 2028 2383 3616 2455">
     <span class='ocr_line' id='line_1_70' title="bbox 2028 2383 3616 2455; baseline 0.003 -21"><span class='ocrx_word' id='word_1_521' title='bbox 2028 2383 2249 2436; x_wconf 89' lang='lat' dir='ltr'><strong>omnia:</strong></span> <span class='ocrx_word' id='word_1_522' title='bbox 2278 2393 2330 2438; x_wconf 92' lang='lat' dir='ltr'><strong>et</strong></span> <span class='ocrx_word' id='word_1_523' title='bbox 2358 2400 2500 2438; x_wconf 87' lang='lat' dir='ltr'><strong>unus</strong></span> <span class='ocrx_word' id='word_1_524' title='bbox 2528 2383 2767 2453; x_wconf 87' lang='lat' dir='ltr'><strong>Spiritus</strong></span> <span class='ocrx_word' id='word_1_525' title='bbox 2798 2394 3045 2452; x_wconf 78' lang='lat' dir='ltr'><strong>sanctus,</strong></span> <span class='ocrx_word' id='word_1_526' title='bbox 3077 2385 3260 2455; x_wconf 92' lang='lat' dir='ltr'><strong>inquo</strong></span> <span class='ocrx_word' id='word_1_527' title='bbox 3288 2388 3475 2441; x_wconf 89' lang='lat' dir='ltr'><strong>omnia</strong></span> <span class='ocrx_word' id='word_1_528' title='bbox 3499 2388 3564 2440; x_wconf 75' lang='lat'><strong>&quot;.</strong></span> <span class='ocrx_word' id='word_1_529' title='bbox 3596 2407 3616 2438; x_wconf 70' lang='grc' dir='ltr'><strong>ι</strong></span> 
     </span>
    </p>
   </div>
   <div class='ocr_carea' id='block_1_71' title="bbox 2031 2477 3622 2550">
    <p class='ocr_par' dir='ltr' id='par_1_71' title="bbox 2031 2477 3622 2550">
     <span class='ocr_line' id='line_1_71' title="bbox 2031 2477 3622 2550; baseline 0.003 -19"><span class='ocrx_word' id='word_1_530' title='bbox 2031 2477 2125 2531; x_wconf 87' lang='lat' dir='ltr'><strong>Sic</strong></span> <span class='ocrx_word' id='word_1_531' title='bbox 2152 2477 2381 2531; x_wconf 92' lang='lat' dir='ltr'><strong>omnino</strong></span> <span class='ocrx_word' id='word_1_532' title='bbox 2415 2477 3074 2534; x_wconf 81' lang='lat' dir='ltr'><strong>PauIUsiucarnationem</strong></span> <span class='ocrx_word' id='word_1_533' title='bbox 3106 2479 3463 2550; x_wconf 71' lang='lat' dir='ltr'><strong>praedicabat,</strong></span> <span class='ocrx_word' id='word_1_534' title='bbox 3496 2479 3622 2535; x_wconf 87' lang='lat' dir='ltr'><strong>Tri-</strong></span> 
     </span>
    </p>
   </div>
   <div class='ocr_carea' id='block_1_72' title="bbox 2029 2570 3620 2640">
    <p class='ocr_par' dir='ltr' id='par_1_72' title="bbox 2029 2570 3620 2640">
     <span class='ocr_line' id='line_1_72' title="bbox 2029 2570 3620 2640; baseline 0.001 -15"><span class='ocrx_word' id='word_1_535' title='bbox 2029 2570 2332 2640; x_wconf 87' lang='lat' dir='ltr'><strong>nitatisque</strong></span> <span class='ocrx_word' id='word_1_536' title='bbox 2386 2571 2627 2626; x_wconf 85' lang='lat' dir='ltr'><strong>divinam</strong></span> <span class='ocrx_word' id='word_1_537' title='bbox 2689 2573 2940 2626; x_wconf 89' lang='lat' dir='ltr'><strong>notitiam</strong></span> <span class='ocrx_word' id='word_1_538' title='bbox 3001 2573 3367 2628; x_wconf 82' lang='lat' dir='ltr'><strong>continuabat</strong></span> <span class='ocrx_word' id='word_1_539' title='bbox 3417 2591 3430 2627; x_wconf 90' lang='lat'>:</span> <span class='ocrx_word' id='word_1_540' title='bbox 3488 2575 3620 2628; x_wconf 87' lang='lat' dir='ltr'><strong>dum</strong></span> 
     </span>
    </p>
   </div>
   <div class='ocr_carea' id='block_1_73' title="bbox 2031 2660 3624 2734">
    <p class='ocr_par' dir='ltr' id='par_1_73' title="bbox 2031 2660 3624 2734">
     <span class='ocr_line' id='line_1_73' title="bbox 2031 2660 3624 2734; baseline 0.001 -19"><span class='ocrx_word' id='word_1_541' title='bbox 2031 2660 2245 2715; x_wconf 81' lang='lat' dir='ltr'><strong>scilicet</strong></span> <span class='ocrx_word' id='word_1_542' title='bbox 2277 2661 2546 2716; x_wconf 88' lang='lat' dir='ltr'><strong>unitatem</strong></span> <span class='ocrx_word' id='word_1_543' title='bbox 2580 2662 2714 2716; x_wconf 91' lang='lat' dir='ltr'><strong>nulli</strong></span> <span class='ocrx_word' id='word_1_544' title='bbox 2763 2663 2932 2717; x_wconf 90' lang='lat' dir='ltr'><strong>trium</strong></span> <span class='ocrx_word' id='word_1_545' title='bbox 2967 2679 3330 2734; x_wconf 88' lang='lat' dir='ltr'><strong>personarum</strong></span> <span class='ocrx_word' id='word_1_546' title='bbox 3366 2664 3624 2718; x_wconf 85' lang='lat' dir='ltr'><strong>detrahe-</strong></span> 
     </span>
    </p>
   </div>
   <div class='ocr_carea' id='block_1_74' title="bbox 2032 2754 3623 2826">
    <p class='ocr_par' dir='ltr' id='par_1_74' title="bbox 2032 2754 3623 2826">
     <span class='ocr_line' id='line_1_74' title="bbox 2032 2754 3623 2826; baseline 0.003 -19"><span class='ocrx_word' id='word_1_547' title='bbox 2032 2763 2133 2819; x_wconf 89' lang='lat' dir='ltr'><strong>ret,</strong></span> <span class='ocrx_word' id='word_1_548' title='bbox 2159 2754 2492 2825; x_wconf 85' lang='lat' dir='ltr'><strong>easdemque</strong></span> <span class='ocrx_word' id='word_1_549' title='bbox 2516 2755 2584 2811; x_wconf 87' lang='lat' dir='ltr'><strong>ad</strong></span> <span class='ocrx_word' id='word_1_550' title='bbox 2609 2771 2778 2810; x_wconf 93' lang='lat' dir='ltr'><strong>unum</strong></span> <span class='ocrx_word' id='word_1_551' title='bbox 2807 2756 3093 2826; x_wconf 66' lang='lat' dir='ltr'><strong>aequaliter</strong></span> <span class='ocrx_word' id='word_1_552' title='bbox 3123 2757 3384 2824; x_wconf 78' lang='lat' dir='ltr'><strong>referret;</strong></span> <span class='ocrx_word' id='word_1_553' title='bbox 3417 2767 3470 2812; x_wconf 90' lang='lat' dir='ltr'><strong>et</strong></span> <span class='ocrx_word' id='word_1_554' title='bbox 3490 2757 3623 2812; x_wconf 84' lang='lat' dir='ltr'><strong>dum</strong></span> 
     </span>
    </p>
   </div>
   <div class='ocr_carea' id='block_1_75' title="bbox 2031 2846 3627 2925">
    <p class='ocr_par' dir='ltr' id='par_1_75' title="bbox 2031 2846 3627 2925">
     <span class='ocr_line' id='line_1_75' title="bbox 2031 2846 3627 2925; baseline 0.003 -25"><span class='ocrx_word' id='word_1_555' title='bbox 2031 2846 2179 2902; x_wconf 86' lang='lat' dir='ltr'><strong>haud</strong></span> <span class='ocrx_word' id='word_1_556' title='bbox 2227 2847 2390 2902; x_wconf 87' lang='lat' dir='ltr'><strong>aliam</strong></span> <span class='ocrx_word' id='word_1_557' title='bbox 2439 2863 2732 2917; x_wconf 88' lang='lat' dir='ltr'><strong>personam</strong></span> <span class='ocrx_word' id='word_1_558' title='bbox 2788 2850 3008 2905; x_wconf 88' lang='lat' dir='ltr'><strong>cunctis</strong></span> <span class='ocrx_word' id='word_1_559' title='bbox 3043 2850 3251 2925; x_wconf 88' lang='lat' dir='ltr'><strong>_rebus,</strong></span> <span class='ocrx_word' id='word_1_560' title='bbox 3295 2850 3460 2905; x_wconf 89' lang='lat' dir='ltr'><strong>aliam</strong></span> <span class='ocrx_word' id='word_1_561' title='bbox 3493 2867 3627 2905; x_wconf 90' lang='lat' dir='ltr'><strong>vero</strong></span> 
     </span>
    </p>
   </div>
   <div class='ocr_carea' id='block_1_76' title="bbox 2031 2937 3628 3012">
    <p class='ocr_par' dir='ltr' id='par_1_76' title="bbox 2031 2937 3628 3012">
     <span class='ocr_line' id='line_1_76' title="bbox 2031 2937 3628 3012; baseline 0.003 -22"><span class='ocrx_word' id='word_1_562' title='bbox 2031 2937 2309 2992; x_wconf 90' lang='lat' dir='ltr'><strong>nonnullis</strong></span> <span class='ocrx_word' id='word_1_563' title='bbox 2323 2937 2596 2994; x_wconf 88' lang='lat' dir='ltr'><strong>dominari</strong></span> <span class='ocrx_word' id='word_1_564' title='bbox 2622 2948 2678 2995; x_wconf 91' lang='lat' dir='ltr'><strong>et</strong></span> <span class='ocrx_word' id='word_1_565' title='bbox 2697 2940 2989 2997; x_wconf 90' lang='lat' dir='ltr'><strong>consulere</strong></span> <span class='ocrx_word' id='word_1_566' title='bbox 3009 2940 3238 3006; x_wconf 90' lang='lat' dir='ltr'><strong>diceret;</strong></span> <span class='ocrx_word' id='word_1_567' title='bbox 3257 2941 3351 2996; x_wconf 91' lang='lat' dir='ltr'><strong>sed</strong></span> <span class='ocrx_word' id='word_1_568' title='bbox 3372 2950 3482 2997; x_wconf 86' lang='lat' dir='ltr'><strong>tres</strong></span> <span class='ocrx_word' id='word_1_569' title='bbox 3500 2956 3628 3012; x_wconf 81' lang='lat' dir='ltr'><strong>per-</strong></span> 
     </span>
    </p>
   </div>
   <div class='ocr_carea' id='block_1_77' title="bbox 2030 3034 3627 3106">
    <p class='ocr_par' dir='ltr' id='par_1_77' title="bbox 2030 3034 3627 3106">
     <span class='ocr_line' id='line_1_77' title="bbox 2030 3034 3627 3106; baseline 0.001 -18"><span class='ocrx_word' id='word_1_570' title='bbox 2030 3047 2198 3088; x_wconf 90' lang='lat' dir='ltr'><strong>sonas</strong></span> <span class='ocrx_word' id='word_1_571' title='bbox 2221 3034 2470 3088; x_wconf 87' lang='lat' dir='ltr'><strong>omnium</strong></span> <span class='ocrx_word' id='word_1_572' title='bbox 2508 3048 2690 3088; x_wconf 89' lang='lat' dir='ltr'><strong>rerum</strong></span> <span class='ocrx_word' id='word_1_573' title='bbox 2713 3034 3048 3090; x_wconf 86' lang='lat' dir='ltr'><strong>creationem</strong></span> <span class='ocrx_word' id='word_1_574' title='bbox 3070 3035 3411 3106; x_wconf 90' lang='lat' dir='ltr'><strong>conjunctim</strong></span> <span class='ocrx_word' id='word_1_575' title='bbox 3438 3051 3627 3105; x_wconf 69' lang='lat' dir='ltr'><strong>aequa-</strong></span> 
     </span>
    </p>
   </div>
   <div class='ocr_carea' id='block_1_78' title="bbox 2028 3126 3628 3200">
    <p class='ocr_par' dir='ltr' id='par_1_78' title="bbox 2028 3126 3628 3200">
     <span class='ocr_line' id='line_1_78' title="bbox 2028 3126 3628 3200; baseline 0.001 -20"><span class='ocrx_word' id='word_1_576' title='bbox 2028 3126 2266 3196; x_wconf 89' lang='lat' dir='ltr'><strong>literque</strong></span> <span class='ocrx_word' id='word_1_577' title='bbox 2279 3128 2579 3191; x_wconf 80' lang='lat' dir='ltr'><strong>curavisse,</strong></span> <span class='ocrx_word' id='word_1_578' title='bbox 2607 3127 2914 3198; x_wconf 84' lang='lat' dir='ltr'><strong>iisdemque</strong></span> <span class='ocrx_word' id='word_1_579' title='bbox 2928 3128 3150 3182; x_wconf 90' lang='lat' dir='ltr'><strong>modera</strong></span> <span class='ocrx_word' id='word_1_580' title='bbox 3160 3129 3202 3181; x_wconf 92' lang='lat' dir='ltr'><strong>ri</strong></span> <span class='ocrx_word' id='word_1_581' title='bbox 3227 3143 3293 3182; x_wconf 91' lang='lat' dir='ltr'><strong>ac</strong></span> <span class='ocrx_word' id='word_1_582' title='bbox 3312 3129 3628 3200; x_wconf 84' lang='lat' dir='ltr'><strong>providere.</strong></span> 
     </span>
    </p>
   </div>
   <div class='ocr_carea' id='block_1_79' title="bbox 2106 3218 3632 3290">
    <p class='ocr_par' dir='ltr' id='par_1_79' title="bbox 2106 3218 3632 3290">
     <span class='ocr_line' id='line_1_79' title="bbox 2106 3218 3632 3290; baseline 0.002 -19"><span class='ocrx_word' id='word_1_583' title='bbox 2106 3218 2194 3273; x_wconf 81' lang='grc'><strong>15.</strong></span> <span class='ocrx_word' id='word_1_584' title='bbox 2224 3219 2412 3274; x_wconf 82' lang='lat' dir='ltr'><strong>Viden’</strong></span> <span class='ocrx_word' id='word_1_585' title='bbox 2445 3228 2503 3273; x_wconf 93' lang='lat' dir='ltr'><strong>ut</strong></span> <span class='ocrx_word' id='word_1_586' title='bbox 2538 3219 2792 3274; x_wconf 72' lang='lat' dir='ltr'><strong>Ecclesiae</strong></span> <span class='ocrx_word' id='word_1_587' title='bbox 2822 3220 3014 3275; x_wconf 90' lang='lat' dir='ltr'><strong>doctor</strong></span> <span class='ocrx_word' id='word_1_588' title='bbox 3045 3219 3250 3275; x_wconf 84' lang='lat' dir='ltr'><strong>Christi</strong></span> <span class='ocrx_word' id='word_1_589' title='bbox 3278 3235 3478 3275; x_wconf 88' lang='lat' dir='ltr'><strong>nomen</strong></span> <span class='ocrx_word' id='word_1_590' title='bbox 3503 3235 3632 3290; x_wconf 82' lang='lat' dir='ltr'><strong>por-</strong></span> 
     </span>
    </p>
   </div>
   <div class='ocr_carea' id='block_1_80' title="bbox 2036 3313 3632 3384">
    <p class='ocr_par' dir='ltr' id='par_1_80' title="bbox 2036 3313 3632 3384">
     <span class='ocr_line' id='line_1_80' title="bbox 2036 3313 3632 3384; baseline 0.003 -19"><span class='ocrx_word' id='word_1_591' title='bbox 2036 3313 2270 3367; x_wconf 87' lang='lat' dir='ltr'><strong>taverit?</strong></span> <span class='ocrx_word' id='word_1_592' title='bbox 2315 3313 2422 3368; x_wconf 86' lang='lat' dir='ltr'><strong>Sed</strong></span> <span class='ocrx_word' id='word_1_593' title='bbox 2486 3329 2651 3384; x_wconf 84' lang='lat' dir='ltr'><strong>perge</strong></span> <span class='ocrx_word' id='word_1_594' title='bbox 2709 3329 2874 3383; x_wconf 90' lang='lat' dir='ltr'><strong>porro</strong></span> <span class='ocrx_word' id='word_1_595' title='bbox 2920 3314 3315 3370; x_wconf 81' lang='lat' dir='ltr'><strong>considerare:</strong></span> <span class='ocrx_word' id='word_1_596' title='bbox 3354 3334 3373 3365; x_wconf 77' lang='grc' dir='ltr'><strong>ι</strong></span> <span class='ocrx_word' id='word_1_597' title='bbox 3424 3313 3632 3370; x_wconf 84' lang='lat' dir='ltr'><strong>Paulus</strong></span> 
     </span>
    </p>
   </div>
   <div class='ocr_carea' id='block_1_81' title="bbox 2037 3405 3630 3482">
    <p class='ocr_par' dir='ltr' id='par_1_81' title="bbox 2037 3405 3630 3482">
     <span class='ocr_line' id='line_1_81' title="bbox 2037 3405 3630 3482; baseline 0.002 -22"><span class='ocrx_word' id='word_1_598' title='bbox 2037 3423 2230 3463; x_wconf 85' lang='lat' dir='ltr'><strong>servus</strong></span> <span class='ocrx_word' id='word_1_599' title='bbox 2252 3405 2383 3464; x_wconf 88' lang='lat' dir='ltr'><strong>Jesu</strong></span> <span class='ocrx_word' id='word_1_600' title='bbox 2411 3407 2618 3463; x_wconf 87' lang='lat' dir='ltr'><strong>Christi</strong></span> <span class='ocrx_word' id='word_1_601' title='bbox 2643 3417 2874 3463; x_wconf 81' lang='lat' dir='ltr'><strong>vocatus</strong></span> <span class='ocrx_word' id='word_1_602' title='bbox 2899 3409 3188 3478; x_wconf 87' lang='lat' dir='ltr'><strong>apostolus</strong></span> <span class='ocrx_word' id='word_1_603' title='bbox 3217 3419 3538 3482; x_wconf 83' lang='lat' dir='ltr'><strong>segregatus</strong></span> <span class='ocrx_word' id='word_1_604' title='bbox 3570 3411 3630 3466; x_wconf 91' lang='lat' dir='ltr'><strong>in</strong></span> 
     </span>
    </p>
   </div>
   <div class='ocr_carea' id='block_1_82' title="bbox 2037 3499 3637 3574">
    <p class='ocr_par' dir='ltr' id='par_1_82' title="bbox 2037 3499 3637 3574">
     <span class='ocr_line' id='line_1_82' title="bbox 2037 3499 3637 3574; baseline 0.004 -21"><span class='ocrx_word' id='word_1_605' title='bbox 2037 3499 2394 3569; x_wconf 84' lang='lat' dir='ltr'><strong>Evangelium</strong></span> <span class='ocrx_word' id='word_1_606' title='bbox 2448 3500 2566 3566; x_wconf 88' lang='lat' dir='ltr'><strong>Dei,</strong></span> <span class='ocrx_word' id='word_1_607' title='bbox 2599 3502 2749 3570; x_wconf 90' lang='lat' dir='ltr'><strong>quod</strong></span> <span class='ocrx_word' id='word_1_608' title='bbox 2799 3501 3130 3571; x_wconf 87' lang='lat' dir='ltr'><strong>promiserat</strong></span> <span class='ocrx_word' id='word_1_609' title='bbox 3184 3518 3281 3572; x_wconf 89' lang='lat' dir='ltr'><strong>per</strong></span> <span class='ocrx_word' id='word_1_610' title='bbox 3335 3503 3637 3574; x_wconf 82' lang='lat' dir='ltr'><strong>prophetas</strong></span> 
     </span>
    </p>
   </div>
   <div class='ocr_carea' id='block_1_83' title="bbox 2038 3590 3638 3666">
    <p class='ocr_par' dir='ltr' id='par_1_83' title="bbox 2038 3590 3638 3666">
     <span class='ocr_line' id='line_1_83' title="bbox 2038 3590 3638 3666; baseline 0.003 -21"><span class='ocrx_word' id='word_1_611' title='bbox 2038 3607 2170 3646; x_wconf 80' lang='lat' dir='ltr'><strong>suos</strong></span> <span class='ocrx_word' id='word_1_612' title='bbox 2214 3590 2268 3644; x_wconf 93' lang='lat' dir='ltr'><strong>in</strong></span> <span class='ocrx_word' id='word_1_613' title='bbox 2304 3591 2610 3662; x_wconf 85' lang='lat' dir='ltr'><strong>Scripturis</strong></span> <span class='ocrx_word' id='word_1_614' title='bbox 2643 3592 2872 3658; x_wconf 90' lang='lat' dir='ltr'><strong>sanctis,</strong></span> <span class='ocrx_word' id='word_1_615' title='bbox 2906 3592 2975 3648; x_wconf 92' lang='lat' dir='ltr'><strong>de</strong></span> <span class='ocrx_word' id='word_1_616' title='bbox 3026 3592 3166 3648; x_wconf 89' lang='lat' dir='ltr'><strong>Filio</strong></span> <span class='ocrx_word' id='word_1_617' title='bbox 3194 3609 3298 3649; x_wconf 93' lang='lat' dir='ltr'><strong>suo</strong></span> <span class='ocrx_word' id='word_1_618' title='bbox 3329 3595 3423 3666; x_wconf 86' lang='lat' dir='ltr'><strong>qui</strong></span> <span class='ocrx_word' id='word_1_619' title='bbox 3456 3594 3638 3650; x_wconf 76' lang='lat' dir='ltr'><strong>factus</strong></span> 
     </span>
    </p>
   </div>
   <div class='ocr_carea' id='block_1_84' title="bbox 2037 3685 3639 3759">
    <p class='ocr_par' dir='ltr' id='par_1_84' title="bbox 2037 3685 3639 3759">
     <span class='ocr_line' id='line_1_84' title="bbox 2037 3685 3639 3759; baseline 0.001 -17"><span class='ocrx_word' id='word_1_620' title='bbox 2037 3693 2123 3742; x_wconf 78' lang='lat' dir='ltr'><strong>est</strong></span> <span class='ocrx_word' id='word_1_621' title='bbox 2157 3685 2206 3740; x_wconf 89' lang='lat' dir='ltr'><strong>ei</strong></span> <span class='ocrx_word' id='word_1_622' title='bbox 2246 3701 2313 3740; x_wconf 79' lang='lat' dir='ltr'><strong>ex</strong></span> <span class='ocrx_word' id='word_1_623' title='bbox 2359 3701 2561 3755; x_wconf 83' lang='lat' dir='ltr'><strong>genere</strong></span> <span class='ocrx_word' id='word_1_624' title='bbox 2593 3685 2764 3741; x_wconf 86' lang='lat' dir='ltr'><strong>David</strong></span> <span class='ocrx_word' id='word_1_625' title='bbox 2794 3686 2865 3740; x_wconf 70' lang='grc'><strong>⁸³.</strong></span> <span class='ocrx_word' id='word_1_626' title='bbox 2909 3706 2926 3738; x_wconf 76' lang='grc' dir='ltr'><strong>ι</strong></span> <span class='ocrx_word' id='word_1_627' title='bbox 2962 3687 3164 3742; x_wconf 87' lang='lat' dir='ltr'><strong>Iterum</strong></span> <span class='ocrx_word' id='word_1_628' title='bbox 3195 3689 3282 3744; x_wconf 91' lang='lat' dir='ltr'><strong>hic</strong></span> <span class='ocrx_word' id='word_1_629' title='bbox 3306 3690 3639 3759; x_wconf 57' lang='lat' dir='ltr'><strong>praedicator</strong></span> 
     </span>
    </p>
   </div>
   <div class='ocr_carea' id='block_1_85' title="bbox 2039 3776 3636 3848">
    <p class='ocr_par' dir='ltr' id='par_1_85' title="bbox 2039 3776 3636 3848">
     <span class='ocr_line' id='line_1_85' title="bbox 2039 3776 3636 3848; baseline 0.003 -16"><span class='ocrx_word' id='word_1_630' title='bbox 2039 3776 2300 3842; x_wconf 83' lang='lat' dir='ltr'><strong>Trinitas,</strong></span> <span class='ocrx_word' id='word_1_631' title='bbox 2332 3776 2478 3832; x_wconf 87' lang='lat' dir='ltr'><strong>Deus</strong></span> <span class='ocrx_word' id='word_1_632' title='bbox 2527 3786 2581 3832; x_wconf 90' lang='lat' dir='ltr'><strong>et</strong></span> <span class='ocrx_word' id='word_1_633' title='bbox 2629 3776 2670 3831; x_wconf 90' lang='lat' dir='ltr'><strong>F</strong></span> <span class='ocrx_word' id='word_1_634' title='bbox 2678 3777 2802 3832; x_wconf 90' lang='lat' dir='ltr'><strong>ilius</strong></span> <span class='ocrx_word' id='word_1_635' title='bbox 2851 3776 2948 3833; x_wconf 86' lang='lat' dir='ltr'><strong>Dei</strong></span> <span class='ocrx_word' id='word_1_636' title='bbox 2999 3787 3054 3832; x_wconf 89' lang='lat' dir='ltr'><strong>et</strong></span> <span class='ocrx_word' id='word_1_637' title='bbox 3105 3776 3343 3848; x_wconf 87' lang='lat' dir='ltr'><strong>Spiritus</strong></span> <span class='ocrx_word' id='word_1_638' title='bbox 3372 3791 3636 3842; x_wconf 87' lang='lat' dir='ltr'><strong>sanctus.</strong></span> 
     </span>
    </p>
   </div>
   <div class='ocr_carea' id='block_1_86' title="bbox 2041 3867 3638 3942">
    <p class='ocr_par' dir='ltr' id='par_1_86' title="bbox 2041 3867 3638 3942">
     <span class='ocr_line' id='line_1_86' title="bbox 2041 3867 3638 3942; baseline 0.003 -17"><span class='ocrx_word' id='word_1_639' title='bbox 2041 3885 2257 3926; x_wconf 91' lang='lat' dir='ltr'><strong>necnon</strong></span> <span class='ocrx_word' id='word_1_640' title='bbox 2308 3880 2362 3924; x_wconf 90' lang='lat' dir='ltr'><strong>et</strong></span> <span class='ocrx_word' id='word_1_641' title='bbox 2395 3867 2553 3925; x_wconf 84' lang='lat' dir='ltr'><strong>Verbi</strong></span> <span class='ocrx_word' id='word_1_642' title='bbox 2584 3870 2893 3926; x_wconf 88' lang='lat' dir='ltr'><strong>incarnatio</strong></span> <span class='ocrx_word' id='word_1_643' title='bbox 2927 3871 3095 3926; x_wconf 91' lang='lat' dir='ltr'><strong>simul</strong></span> <span class='ocrx_word' id='word_1_644' title='bbox 3129 3872 3479 3942; x_wconf 70' lang='lat' dir='ltr'><strong>praedicatur.</strong></span> <span class='ocrx_word' id='word_1_645' title='bbox 3512 3873 3638 3930; x_wconf 83' lang='lat' dir='ltr'><strong>Jam</strong></span> 
     </span>
    </p>
   </div>
   <div class='ocr_carea' id='block_1_87' title="bbox 2044 3958 3639 4034">
    <p class='ocr_par' dir='ltr' id='par_1_87' title="bbox 2044 3958 3639 4034">
     <span class='ocr_line' id='line_1_87' title="bbox 2044 3958 3639 4034; baseline 0.003 -15"><span class='ocrx_word' id='word_1_646' title='bbox 2044 3963 2138 4019; x_wconf 89' lang='lat' dir='ltr'><strong>ubi</strong></span> <span class='ocrx_word' id='word_1_647' title='bbox 2167 3962 2266 4018; x_wconf 88' lang='lat' dir='ltr'><strong>Dei</strong></span> <span class='ocrx_word' id='word_1_648' title='bbox 2299 3958 2501 4017; x_wconf 87' lang='lat' dir='ltr'><strong>Filium</strong></span> <span class='ocrx_word' id='word_1_649' title='bbox 2541 3962 2703 4030; x_wconf 75' lang='lat' dir='ltr'><strong>dixit,</strong></span> <span class='ocrx_word' id='word_1_650' title='bbox 2731 3962 2925 4034; x_wconf 88' lang='lat' dir='ltr'><strong>adjicit</strong></span> <span class='ocrx_word' id='word_1_651' title='bbox 2957 3965 3124 4018; x_wconf 90' lang='lat' dir='ltr'><strong>etiam</strong></span> <span class='ocrx_word' id='word_1_652' title='bbox 3156 3980 3397 4034; x_wconf 88' lang='lat' dir='ltr'><strong>quanam</strong></span> <span class='ocrx_word' id='word_1_653' title='bbox 3423 3967 3639 4024; x_wconf 80' lang='lat' dir='ltr'><strong>ratione</strong></span> 
     </span>
    </p>
   </div>
   <div class='ocr_carea' id='block_1_88' title="bbox 2041 4053 3642 4130">
    <p class='ocr_par' dir='ltr' id='par_1_88' title="bbox 2041 4053 3642 4130">
     <span class='ocr_line' id='line_1_88' title="bbox 2041 4053 3642 4130; baseline 0.004 -20"><span class='ocrx_word' id='word_1_654' title='bbox 2041 4055 2416 4126; x_wconf 89' lang='lat' dir='ltr'><strong>distinguatur</strong></span> <span class='ocrx_word' id='word_1_655' title='bbox 2437 4053 2632 4110; x_wconf 83' lang='lat' dir='ltr'><strong>Filius.</strong></span> <span class='ocrx_word' id='word_1_656' title='bbox 2654 4054 2790 4110; x_wconf 89' lang='lat' dir='ltr'><strong>Nam</strong></span> <span class='ocrx_word' id='word_1_657' title='bbox 2814 4071 2938 4110; x_wconf 91' lang='lat' dir='ltr'><strong>cum</strong></span> <span class='ocrx_word' id='word_1_658' title='bbox 2961 4056 3218 4128; x_wconf 86' lang='lat' dir='ltr'><strong>cognitus</strong></span> <span class='ocrx_word' id='word_1_659' title='bbox 3236 4057 3642 4130; x_wconf 83' lang='lat' dir='ltr'><strong>distinctusque</strong></span> 
     </span>
    </p>
   </div>
   <div class='ocr_carea' id='block_1_89' title="bbox 2039 4146 3641 4222">
    <p class='ocr_par' dir='ltr' id='par_1_89' title="bbox 2039 4146 3641 4222">
     <span class='ocr_line' id='line_1_89' title="bbox 2039 4146 3641 4222; baseline 0.002 -20"><span class='ocrx_word' id='word_1_660' title='bbox 2039 4147 2154 4219; x_wconf 87' lang='lat' dir='ltr'><strong>jam</strong></span> <span class='ocrx_word' id='word_1_661' title='bbox 2175 4155 2324 4203; x_wconf 87' lang='lat' dir='ltr'><strong>esset</strong></span> <span class='ocrx_word' id='word_1_662' title='bbox 2350 4147 2474 4202; x_wconf 89' lang='lat' dir='ltr'><strong>aliis</strong></span> <span class='ocrx_word' id='word_1_663' title='bbox 2499 4146 2687 4202; x_wconf 85' lang='lat' dir='ltr'><strong>multis</strong></span> <span class='ocrx_word' id='word_1_664' title='bbox 2707 4147 3161 4217; x_wconf 80' lang='lat' dir='ltr'><strong>proprietatibus,</strong></span> <span class='ocrx_word' id='word_1_665' title='bbox 3180 4164 3304 4219; x_wconf 61' lang='lat' dir='ltr'><strong>quae</strong></span> <span class='ocrx_word' id='word_1_666' title='bbox 3331 4161 3527 4220; x_wconf 71' lang='lat' dir='ltr'><strong>praeter</strong></span> <span class='ocrx_word' id='word_1_667' title='bbox 3555 4152 3641 4222; x_wconf 81' lang='lat' dir='ltr'><strong>ip-</strong></span> 
     </span>
    </p>
   </div>
   <div class='ocr_carea' id='block_1_90' title="bbox 2045 4239 3638 4314">
    <p class='ocr_par' dir='ltr' id='par_1_90' title="bbox 2045 4239 3638 4314">
     <span class='ocr_line' id='line_1_90' title="bbox 2045 4239 3638 4314; baseline 0.002 -19"><span class='ocrx_word' id='word_1_668' title='bbox 2045 4256 2167 4296; x_wconf 89' lang='lat' dir='ltr'><strong>sum</strong></span> <span class='ocrx_word' id='word_1_669' title='bbox 2203 4239 2408 4295; x_wconf 84' lang='lat' dir='ltr'><strong>nemini</strong></span> <span class='ocrx_word' id='word_1_670' title='bbox 2438 4243 2659 4308; x_wconf 85' lang='lat' dir='ltr'><strong>insunt;</strong></span> <span class='ocrx_word' id='word_1_671' title='bbox 2694 4249 2809 4296; x_wconf 93' lang='lat' dir='ltr'><strong>tum</strong></span> <span class='ocrx_word' id='word_1_672' title='bbox 2836 4257 2968 4296; x_wconf 86' lang='lat' dir='ltr'><strong>vero</strong></span> <span class='ocrx_word' id='word_1_673' title='bbox 2989 4241 3135 4312; x_wconf 89' lang='lat' dir='ltr'><strong>quod</strong></span> <span class='ocrx_word' id='word_1_674' title='bbox 3161 4258 3442 4314; x_wconf 89' lang='lat' dir='ltr'><strong>nunquam</strong></span> <span class='ocrx_word' id='word_1_675' title='bbox 3477 4253 3638 4298; x_wconf 88' lang='lat' dir='ltr'><strong>antea</strong></span> 
     </span>
    </p>
   </div>
   <div class='ocr_carea' id='block_1_91' title="bbox 2046 4333 3638 4404">
    <p class='ocr_par' dir='ltr' id='par_1_91' title="bbox 2046 4333 3638 4404">
     <span class='ocr_line' id='line_1_91' title="bbox 2046 4333 3638 4404; baseline 0.001 -16"><span class='ocrx_word' id='word_1_676' title='bbox 2046 4333 2374 4404; x_wconf 83' lang='lat' dir='ltr'><strong>contigerat,</strong></span> <span class='ocrx_word' id='word_1_677' title='bbox 2403 4333 2518 4404; x_wconf 91' lang='lat' dir='ltr'><strong>ipse</strong></span> <span class='ocrx_word' id='word_1_678' title='bbox 2538 4343 2731 4388; x_wconf 88' lang='lat' dir='ltr'><strong>auctor</strong></span> <span class='ocrx_word' id='word_1_679' title='bbox 2752 4335 3176 4391; x_wconf 89' lang='lat' dir='ltr'><strong>resurrectionis</strong></span> <span class='ocrx_word' id='word_1_680' title='bbox 3203 4351 3316 4391; x_wconf 64' lang='lat' dir='ltr'><strong>suae</strong></span> <span class='ocrx_word' id='word_1_681' title='bbox 3346 4335 3470 4391; x_wconf 78' lang='lat' dir='ltr'><strong>fuit.</strong></span> <span class='ocrx_word' id='word_1_682' title='bbox 3504 4335 3638 4392; x_wconf 88' lang='lat' dir='ltr'><strong>Item</strong></span> 
     </span>
    </p>
   </div>
   <div class='ocr_carea' id='block_1_92' title="bbox 2051 4421 3633 4496">
    <p class='ocr_par' dir='ltr' id='par_1_92' title="bbox 2051 4421 3633 4496">
     <span class='ocr_line' id='line_1_92' title="bbox 2051 4421 3633 4496; baseline 0.002 -19"><span class='ocrx_word' id='word_1_683' title='bbox 2051 4423 2291 4494; x_wconf 85' lang='lat' dir='ltr'><strong>Spiritus</strong></span> <span class='ocrx_word' id='word_1_684' title='bbox 2323 4435 2550 4479; x_wconf 89' lang='lat' dir='ltr'><strong>sanctus</strong></span> <span class='ocrx_word' id='word_1_685' title='bbox 2597 4421 2767 4479; x_wconf 81' lang='lat' dir='ltr'><strong>fetum</strong></span> <span class='ocrx_word' id='word_1_686' title='bbox 2794 4423 3203 4492; x_wconf 88' lang='lat' dir='ltr'><strong>obumbrando,</strong></span> <span class='ocrx_word' id='word_1_687' title='bbox 3240 4427 3390 4482; x_wconf 88' lang='lat' dir='ltr'><strong>dedit</strong></span> <span class='ocrx_word' id='word_1_688' title='bbox 3412 4443 3633 4496; x_wconf 82' lang='lat' dir='ltr'><strong>operam</strong></span> 
     </span>
    </p>
   </div>
   <div class='ocr_carea' id='block_1_93' title="bbox 2049 4517 3640 4592">
    <p class='ocr_par' dir='ltr' id='par_1_93' title="bbox 2049 4517 3640 4592">
     <span class='ocr_line' id='line_1_93' title="bbox 2049 4517 3640 4592; baseline 0.001 -18"><span class='ocrx_word' id='word_1_689' title='bbox 2049 4529 2110 4574; x_wconf 93' lang='lat' dir='ltr'><strong>ut</strong></span> <span class='ocrx_word' id='word_1_690' title='bbox 2161 4517 2399 4573; x_wconf 79' lang='lat' dir='ltr'><strong>Verbum</strong></span> <span class='ocrx_word' id='word_1_691' title='bbox 2439 4517 2916 4573; x_wconf 89' lang='lat' dir='ltr'><strong>consubstantiale</strong></span> <span class='ocrx_word' id='word_1_692' title='bbox 2945 4534 3012 4573; x_wconf 80' lang='lat' dir='ltr'><strong>ex</strong></span> <span class='ocrx_word' id='word_1_693' title='bbox 3049 4517 3268 4574; x_wconf 84' lang='lat' dir='ltr'><strong>Davidis</strong></span> <span class='ocrx_word' id='word_1_694' title='bbox 3305 4535 3504 4592; x_wconf 84' lang='lat' dir='ltr'><strong>genere</strong></span> <span class='ocrx_word' id='word_1_695' title='bbox 3541 4536 3640 4575; x_wconf 79' lang='lat' dir='ltr'><strong>na-</strong></span> 
     </span>
    </p>
   </div>
   <div class='ocr_carea' id='block_1_94' title="bbox 336 4590 1931 4700">
    <p class='ocr_par' dir='ltr' id='par_1_94' title="bbox 336 4590 1931 4700">
     <span class='ocr_line' id='line_1_94' title="bbox 336 4590 1931 4700; baseline 0.001 -21"><span class='ocrx_word' id='word_1_696' title='bbox 336 4590 654 4700; x_wconf 68' lang='grc' dir='ltr'>προελθεῖν,</span> <span class='ocrx_word' id='word_1_697' title='bbox 690 4628 786 4682; x_wconf 73' lang='grc' dir='ltr'>καὶ</span> <span class='ocrx_word' id='word_1_698' title='bbox 819 4590 1031 4699; x_wconf 67' lang='grc' dir='ltr'>μάρτυς</span> <span class='ocrx_word' id='word_1_699' title='bbox 1063 4627 1121 4680; x_wconf 83' lang='grc' dir='ltr'><strong>ὲν</strong></span> <span class='ocrx_word' id='word_1_700' title='bbox 1150 4590 1233 4697; x_wconf 56' lang='lat' dir='ltr'><strong>vi];</strong></span> <span class='ocrx_word' id='word_1_701' title='bbox 1260 4590 1610 4697; x_wconf 46' lang='grc' dir='ltr'>,βαπτίσματι</span> <span class='ocrx_word' id='word_1_702' title='bbox 1640 4627 1743 4696; x_wconf 76' lang='grc' dir='ltr'>τῆς</span> <span class='ocrx_word' id='word_1_703' title='bbox 1773 4590 1931 4696; x_wconf 62' lang='grc' dir='ltr'>ἀὶιὲυ-</span> 
     </span>
    </p>
   </div>
   <div class='ocr_carea' id='block_1_95' title="bbox 2036 4590 3642 4700">
    <p class='ocr_par' dir='ltr' id='par_1_95' title="bbox 2046 4590 3642 4682">
     <span class='ocr_line' id='line_1_95' title="bbox 2046 4590 3642 4682; baseline 0.001 -15"><span class='ocrx_word' id='word_1_704' title='bbox 2046 4620 2321 4677; x_wconf 82' lang='lat' dir='ltr'><strong>sceretur;</strong></span> <span class='ocrx_word' id='word_1_705' title='bbox 2348 4619 2513 4682; x_wconf 86' lang='lat' dir='ltr'><strong>atque</strong></span> <span class='ocrx_word' id='word_1_706' title='bbox 2545 4610 2597 4664; x_wconf 91' lang='lat' dir='ltr'><strong>in</strong></span> <span class='ocrx_word' id='word_1_707' title='bbox 2628 4610 2956 4681; x_wconf 89' lang='lat' dir='ltr'><strong>baptismate</strong></span> <span class='ocrx_word' id='word_1_708' title='bbox 2988 4610 3242 4667; x_wconf 84' lang='lat' dir='ltr'><strong>ﬁliationi</strong></span> <span class='ocrx_word' id='word_1_709' title='bbox 3263 4590 3405 4667; x_wconf 73' lang='lat' dir='ltr'><strong>verae</strong></span> <span class='ocrx_word' id='word_1_710' title='bbox 3431 4621 3488 4668; x_wconf 91' lang='lat' dir='ltr'><strong>et</strong></span> <span class='ocrx_word' id='word_1_711' title='bbox 3509 4628 3642 4669; x_wconf 87' lang='lat' dir='ltr'><strong>con-</strong></span> 
     </span>
    </p>
   </div>
   <div class='ocr_carea' id='block_1_96' title="bbox 336 4716 1947 4790">
    <p class='ocr_par' dir='ltr' id='par_1_96' title="bbox 336 4716 1947 4790">
     <span class='ocr_line' id='line_1_96' title="bbox 336 4716 1947 4790; baseline 0.001 -20"><span class='ocrx_word' id='word_1_712' title='bbox 336 4716 474 4781; x_wconf 87' lang='grc' dir='ltr'>δοῦς</span> <span class='ocrx_word' id='word_1_713' title='bbox 495 4718 745 4790; x_wconf 86' lang='grc' dir='ltr'>υἱότητος</span> <span class='ocrx_word' id='word_1_714' title='bbox 795 4717 892 4772; x_wconf 72' lang='grc' dir='ltr'><strong>καὶ</strong></span> <span class='ocrx_word' id='word_1_715' title='bbox 940 4718 1040 4787; x_wconf 80' lang='grc' dir='ltr'>τῆς</span> <span class='ocrx_word' id='word_1_716' title='bbox 1070 4718 1360 4789; x_wconf 88' lang='grc' dir='ltr'>ὁμοουσίου</span> <span class='ocrx_word' id='word_1_717' title='bbox 1394 4716 1649 4788; x_wconf 81' lang='grc' dir='ltr'>θεότητος</span> <span class='ocrx_word' id='word_1_718' title='bbox 1674 4717 1947 4787; x_wconf 84' lang='grc' dir='ltr'>γεγονώς.</span> 
     </span>
    </p>
   </div>
   <div class='ocr_carea' id='block_1_97' title="bbox 339 4804 1950 4882">
    <p class='ocr_par' dir='ltr' id='par_1_97' title="bbox 339 4804 1950 4882">
     <span class='ocr_line' id='line_1_97' title="bbox 339 4804 1950 4882; baseline -0.002 -15"><span class='ocrx_word' id='word_1_719' title='bbox 339 4812 446 4872; x_wconf 71' lang='grc' dir='ltr'><strong>Εἰς</strong></span> <span class='ocrx_word' id='word_1_720' title='bbox 464 4809 628 4882; x_wconf 88' lang='grc' dir='ltr'>κόρον</span> <span class='ocrx_word' id='word_1_721' title='bbox 652 4808 740 4872; x_wconf 84' lang='grc' dir='ltr'>ἂν,</span> <span class='ocrx_word' id='word_1_722' title='bbox 776 4804 954 4878; x_wconf 76' lang='grc' dir='ltr'>οἶμαι,</span> <span class='ocrx_word' id='word_1_723' title='bbox 988 4807 1300 4880; x_wconf 87' lang='grc' dir='ltr'>λογισθείην</span> <span class='ocrx_word' id='word_1_724' title='bbox 1322 4811 1433 4874; x_wconf 84' lang='grc' dir='ltr'>τοῖς</span> <span class='ocrx_word' id='word_1_725' title='bbox 1455 4812 1756 4882; x_wconf 87' lang='grc' dir='ltr'>ἀκροαταῖς</span> <span class='ocrx_word' id='word_1_726' title='bbox 1780 4828 1950 4882; x_wconf 86' lang='grc' dir='ltr'>προσ-</span> 
     </span>
    </p>
   </div>
   <div class='ocr_carea' id='block_1_98' title="bbox 342 4900 1948 4975">
    <p class='ocr_par' dir='ltr' id='par_1_98' title="bbox 342 4900 1948 4975">
     <span class='ocr_line' id='line_1_98' title="bbox 342 4900 1948 4975; baseline 0 -18"><span class='ocrx_word' id='word_1_727' title='bbox 342 4902 614 4975; x_wconf 74' lang='grc' dir='ltr'>φέρεσθαι</span> <span class='ocrx_word' id='word_1_728' title='bbox 649 4903 745 4956; x_wconf 81' lang='grc' dir='ltr'><strong>καὶ</strong></span> <span class='ocrx_word' id='word_1_729' title='bbox 787 4900 856 4956; x_wconf 77' lang='grc' dir='ltr'>τὰ</span> <span class='ocrx_word' id='word_1_730' title='bbox 899 4900 1134 4969; x_wconf 87' lang='grc' dir='ltr'>περιττά</span> <span class='ocrx_word' id='word_1_731' title='bbox 1188 4901 1494 4972; x_wconf 84' lang='grc' dir='ltr'>φιλότιμος,</span> <span class='ocrx_word' id='word_1_732' title='bbox 1539 4905 1590 4956; x_wconf 79' lang='grc' dir='ltr'>ει</span> <span class='ocrx_word' id='word_1_733' title='bbox 1638 4903 1820 4966; x_wconf 80' lang='grc' dir='ltr'>πάσας</span> <span class='ocrx_word' id='word_1_734' title='bbox 1846 4903 1948 4966; x_wconf 84' lang='grc' dir='ltr'>τὰς</span> 
     </span>
    </p>
   </div>
   <div class='ocr_carea' id='block_1_99' title="bbox 341 4990 1950 5070">
    <p class='ocr_par' dir='ltr' id='par_1_99' title="bbox 341 4990 1950 5070">
     <span class='ocr_line' id='line_1_99' title="bbox 341 4990 1950 5070; baseline 0.002 -22"><span class='ocrx_word' id='word_1_735' title='bbox 341 4995 576 5070; x_wconf 80' lang='grc' dir='ltr'>χρήσεις</span> <span class='ocrx_word' id='word_1_736' title='bbox 607 4997 704 5048; x_wconf 87' lang='grc' dir='ltr'><strong>τοῦ</strong></span> <span class='ocrx_word' id='word_1_737' title='bbox 731 4993 1025 5048; x_wconf 80' lang='grc' dir='ltr'>θεσπεσίου</span> <span class='ocrx_word' id='word_1_738' title='bbox 1061 4993 1286 5047; x_wconf 75' lang='grc' dir='ltr'>Παῦλον</span> <span class='ocrx_word' id='word_1_739' title='bbox 1331 4995 1733 5068; x_wconf 72' lang='grc' dir='ltr'>ἀναγράφοιμι,</span> <span class='ocrx_word' id='word_1_740' title='bbox 1780 4997 1849 5050; x_wconf 85' lang='grc' dir='ltr'>δι’</span> <span class='ocrx_word' id='word_1_741' title='bbox 1875 4990 1950 5051; x_wconf 82' lang='grc' dir='ltr'><strong>ὧν</strong></span> 
     </span>
    </p>
   </div>
   <div class='ocr_carea' id='block_1_100' title="bbox 343 5084 1948 5158">
    <p class='ocr_par' dir='ltr' id='par_1_100' title="bbox 343 5084 1948 5158">
     <span class='ocr_line' id='line_1_100' title="bbox 343 5084 1948 5158; baseline -0.001 -17"><span class='ocrx_word' id='word_1_742' title='bbox 343 5086 623 5156; x_wconf 85' lang='grc' dir='ltr'>ὲθεολόγει</span> <span class='ocrx_word' id='word_1_743' title='bbox 643 5103 703 5140; x_wconf 90' lang='grc' dir='ltr'><strong>τε</strong></span> <span class='ocrx_word' id='word_1_744' title='bbox 723 5085 823 5155; x_wconf 81' lang='grc' dir='ltr'><strong>τὴν</strong></span> <span class='ocrx_word' id='word_1_745' title='bbox 846 5085 1077 5158; x_wconf 86' lang='grc' dir='ltr'>Τριάδα,</span> <span class='ocrx_word' id='word_1_746' title='bbox 1111 5085 1206 5139; x_wconf 70' lang='grc' dir='ltr'><strong>καὶ</strong></span> <span class='ocrx_word' id='word_1_747' title='bbox 1227 5085 1326 5155; x_wconf 79' lang='grc' dir='ltr'>τῆς</span> <span class='ocrx_word' id='word_1_748' title='bbox 1356 5084 1686 5156; x_wconf 83' lang='grc' dir='ltr'>σαρκώσεως</span> <span class='ocrx_word' id='word_1_749' title='bbox 1709 5085 1948 5158; x_wconf 78' lang='grc' dir='ltr'>ἐκήρυτ-</span> 
     </span>
    </p>
   </div>
   <div class='ocr_carea' id='block_1_101' title="bbox 339 5176 1944 5251">
    <p class='ocr_par' dir='ltr' id='par_1_101' title="bbox 339 5176 1944 5251">
     <span class='ocr_line' id='line_1_101' title="bbox 339 5176 1944 5251; baseline -0.002 -16"><span class='ocrx_word' id='word_1_750' title='bbox 339 5197 412 5236; x_wconf 83' lang='grc' dir='ltr'><strong>τε</strong></span> <span class='ocrx_word' id='word_1_751' title='bbox 434 5179 494 5233; x_wconf 84' lang='grc' dir='ltr'><strong>τὸ</strong></span> <span class='ocrx_word' id='word_1_752' title='bbox 539 5180 866 5251; x_wconf 87' lang='grc' dir='ltr'>μυστήριον,</span> <span class='ocrx_word' id='word_1_753' title='bbox 917 5177 1205 5250; x_wconf 82' lang='grc' dir='ltr'>βαστάζων</span> <span class='ocrx_word' id='word_1_754' title='bbox 1239 5176 1471 5231; x_wconf 75' lang='grc' dir='ltr'>ἐνώπιον</span> <span class='ocrx_word' id='word_1_755' title='bbox 1513 5177 1685 5232; x_wconf 79' lang='grc' dir='ltr'>ἐθνῶν</span> <span class='ocrx_word' id='word_1_756' title='bbox 1742 5196 1800 5232; x_wconf 88' lang='grc' dir='ltr'><strong>τε</strong></span> <span class='ocrx_word' id='word_1_757' title='bbox 1847 5179 1944 5232; x_wconf 80' lang='grc' dir='ltr'>καὶ</span> 
     </span>
    </p>
   </div>
   <div class='ocr_carea' id='block_1_102' title="bbox 349 5271 1946 5347">
    <p class='ocr_par' dir='ltr' id='par_1_102' title="bbox 349 5271 1946 5347">
     <span class='ocr_line' id='line_1_102' title="bbox 349 5271 1946 5347; baseline -0.001 -20"><span class='ocrx_word' id='word_1_758' title='bbox 349 5273 621 5347; x_wconf 74' lang='grc' dir='ltr'>βασιλέων</span> <span class='ocrx_word' id='word_1_759' title='bbox 649 5273 903 5344; x_wconf 70' lang='grc' dir='ltr'>τὸόνομα</span> <span class='ocrx_word' id='word_1_760' title='bbox 932 5272 1028 5326; x_wconf 90' lang='grc' dir='ltr'><strong>τοῦ</strong></span> <span class='ocrx_word' id='word_1_761' title='bbox 1061 5273 1296 5344; x_wconf 80' lang='grc' dir='ltr'>Κυρίου.</span> <span class='ocrx_word' id='word_1_762' title='bbox 1339 5271 1539 5344; x_wconf 80' lang='grc' dir='ltr'>Διόπερ</span> <span class='ocrx_word' id='word_1_763' title='bbox 1570 5274 1684 5338; x_wconf 85' lang='grc' dir='ltr'>τοῖς</span> <span class='ocrx_word' id='word_1_764' title='bbox 1713 5273 1946 5343; x_wconf 82' lang='grc' dir='ltr'>εἰρημὲ-</span> 
     </span>
    </p>
   </div>
   <div class='ocr_carea' id='block_1_103' title="bbox 349 5361 1948 5435">
    <p class='ocr_par' dir='ltr' id='par_1_103' title="bbox 349 5361 1948 5435">
     <span class='ocr_line' id='line_1_103' title="bbox 349 5361 1948 5435; baseline -0.001 -17"><span class='ocrx_word' id='word_1_765' title='bbox 349 5382 467 5428; x_wconf 87' lang='grc' dir='ltr'>νοις</span> <span class='ocrx_word' id='word_1_766' title='bbox 496 5363 984 5435; x_wconf 84' lang='grc' dir='ltr'>ἀρκεσθησόμεθα,</span> <span class='ocrx_word' id='word_1_767' title='bbox 1009 5362 1164 5416; x_wconf 81' lang='grc' dir='ltr'>οὐδὲν</span> <span class='ocrx_word' id='word_1_768' title='bbox 1194 5362 1357 5434; x_wconf 80' lang='grc' dir='ltr'>ἔργον</span> <span class='ocrx_word' id='word_1_769' title='bbox 1386 5361 1797 5429; x_wconf 82' lang='grc' dir='ltr'>ὑπολείποντες,</span> <span class='ocrx_word' id='word_1_770' title='bbox 1827 5363 1948 5416; x_wconf 65' lang='grc' dir='ltr'>οὐδὲ</span> 
     </span>
    </p>
   </div>
   <div class='ocr_carea' id='block_1_104' title="bbox 347 5454 1946 5525">
    <p class='ocr_par' dir='ltr' id='par_1_104' title="bbox 347 5454 1946 5525">
     <span class='ocr_line' id='line_1_104' title="bbox 347 5454 1946 5525; baseline -0.001 -15"><span class='ocrx_word' id='word_1_771' title='bbox 347 5458 469 5518; x_wconf 80' lang='grc' dir='ltr'>τοῖς</span> <span class='ocrx_word' id='word_1_772' title='bbox 496 5455 745 5510; x_wconf 71' lang='grc' dir='ltr'>ἐθέλουσι</span> <span class='ocrx_word' id='word_1_773' title='bbox 777 5455 1078 5519; x_wconf 84' lang='grc' dir='ltr'>κάκείνοις,</span> <span class='ocrx_word' id='word_1_774' title='bbox 1116 5454 1479 5525; x_wconf 84' lang='grc' dir='ltr'>ἀναλέγεσθαι</span> <span class='ocrx_word' id='word_1_775' title='bbox 1505 5469 1518 5482; x_wconf 80' lang='grc'><strong><em>⁸</em></strong></span> <span class='ocrx_word' id='word_1_776' title='bbox 1538 5455 1681 5509; x_wconf 86' lang='grc' dir='ltr'><strong>κατά</strong></span> <span class='ocrx_word' id='word_1_777' title='bbox 1703 5456 1770 5509; x_wconf 74' lang='grc' dir='ltr'><strong>τὰ</strong></span> <span class='ocrx_word' id='word_1_778' title='bbox 1805 5456 1946 5510; x_wconf 82' lang='grc' dir='ltr'><strong>αὑτά</strong></span> 
     </span>
    </p>
   </div>
   <div class='ocr_carea' id='block_1_105' title="bbox 347 5546 1949 5620">
    <p class='ocr_par' dir='ltr' id='par_1_105' title="bbox 347 5546 1949 5620">
     <span class='ocr_line' id='line_1_105' title="bbox 347 5546 1949 5620; baseline -0.002 -16"><span class='ocrx_word' id='word_1_779' title='bbox 347 5550 412 5604; x_wconf 79' lang='grc' dir='ltr'>δὲ</span> <span class='ocrx_word' id='word_1_780' title='bbox 439 5548 686 5620; x_wconf 77' lang='grc' dir='ltr'>δηλονότι</span> <span class='ocrx_word' id='word_1_781' title='bbox 704 5549 799 5602; x_wconf 69' lang='grc' dir='ltr'>καὶ</span> <span class='ocrx_word' id='word_1_782' title='bbox 817 5549 928 5604; x_wconf 88' lang='grc' dir='ltr'><strong>τῶν</strong></span> <span class='ocrx_word' id='word_1_783' title='bbox 964 5548 1141 5603; x_wconf 75' lang='grc' dir='ltr'>ἄλλων</span> <span class='ocrx_word' id='word_1_784' title='bbox 1167 5546 1429 5618; x_wconf 76' lang='grc' dir='ltr'>μαθητῶν</span> <span class='ocrx_word' id='word_1_785' title='bbox 1452 5549 1480 5601; x_wconf 83' lang='grc' dir='ltr'><strong>ὁ</strong></span> <span class='ocrx_word' id='word_1_786' title='bbox 1511 5547 1654 5611; x_wconf 81' lang='grc' dir='ltr'>θεῖος</span> <span class='ocrx_word' id='word_1_787' title='bbox 1680 5548 1777 5619; x_wconf 80' lang='grc' dir='ltr'><strong>ὲκή</strong></span> <span class='ocrx_word' id='word_1_788' title='bbox 1788 5565 1949 5620; x_wconf 85' lang='grc' dir='ltr'>ρυττε</span> 
     </span>
    </p>
   </div>
   <div class='ocr_carea' id='block_1_106' title="bbox 353 5640 1952 5712">
    <p class='ocr_par' dir='ltr' id='par_1_106' title="bbox 353 5640 1952 5712">
     <span class='ocr_line' id='line_1_106' title="bbox 353 5640 1952 5712; baseline -0.002 -15"><span class='ocrx_word' id='word_1_789' title='bbox 353 5642 451 5697; x_wconf 76' lang='grc' dir='ltr'>καὶ</span> <span class='ocrx_word' id='word_1_790' title='bbox 481 5641 728 5695; x_wconf 66' lang='grc' dir='ltr'>ἐδίδασκε</span> <span class='ocrx_word' id='word_1_791' title='bbox 761 5641 944 5712; x_wconf 86' lang='grc' dir='ltr'>χορός.</span> <span class='ocrx_word' id='word_1_792' title='bbox 996 5640 1087 5703; x_wconf 82' lang='grc' dir='ltr'>Ὠς</span> <span class='ocrx_word' id='word_1_793' title='bbox 1132 5641 1191 5694; x_wconf 80' lang='grc' dir='ltr'>δὲ</span> <span class='ocrx_word' id='word_1_794' title='bbox 1237 5640 1563 5711; x_wconf 81' lang='grc' dir='ltr'>ἐκήρυττον,</span> <span class='ocrx_word' id='word_1_795' title='bbox 1604 5640 1778 5703; x_wconf 75' lang='grc' dir='ltr'>οὕτως</span> <span class='ocrx_word' id='word_1_796' title='bbox 1821 5640 1952 5694; x_wconf 75' lang='grc' dir='ltr'><strong>ὲόἀ-</strong></span> 
     </span>
    </p>
   </div>
   <div class='ocr_carea' id='block_1_107' title="bbox 351 5734 1954 5808">
    <p class='ocr_par' dir='ltr' id='par_1_107' title="bbox 351 5734 1954 5808">
     <span class='ocr_line' id='line_1_107' title="bbox 351 5734 1954 5808; baseline -0.001 -18"><span class='ocrx_word' id='word_1_797' title='bbox 351 5735 548 5802; x_wconf 66' lang='grc' dir='ltr'>τπιζον</span> <span class='ocrx_word' id='word_1_798' title='bbox 571 5753 585 5768; x_wconf 75' lang='grc' dir='ltr'><strong><em>ο</em></strong></span> <span class='ocrx_word' id='word_1_799' title='bbox 627 5738 930 5808; x_wconf 75' lang='grc' dir='ltr'>ἐκήρυττον</span> <span class='ocrx_word' id='word_1_800' title='bbox 963 5735 1021 5789; x_wconf 85' lang='grc' dir='ltr'>δὲ</span> <span class='ocrx_word' id='word_1_801' title='bbox 1045 5734 1121 5798; x_wconf 77' lang='grc' dir='ltr'>ὡς</span> <span class='ocrx_word' id='word_1_802' title='bbox 1157 5737 1192 5806; x_wconf 77' lang='grc' dir='ltr'>ἡ</span> <span class='ocrx_word' id='word_1_803' title='bbox 1222 5735 1589 5800; x_wconf 80' lang='grc' dir='ltr'>ἐνυπόστατος</span> <span class='ocrx_word' id='word_1_804' title='bbox 1627 5735 1828 5799; x_wconf 80' lang='grc' dir='ltr'>αὐτοὺς</span> <span class='ocrx_word' id='word_1_805' title='bbox 1863 5752 1954 5788; x_wconf 90' lang='grc' dir='ltr'>σο-</span> 
     </span>
    </p>
   </div>
   <div class='ocr_carea' id='block_1_108' title="bbox 355 5821 1959 5899">
    <p class='ocr_par' dir='ltr' id='par_1_108' title="bbox 355 5821 1959 5899">
     <span class='ocr_line' id='line_1_108' title="bbox 355 5821 1959 5899; baseline 0.002 -21"><span class='ocrx_word' id='word_1_806' title='bbox 355 5828 460 5899; x_wconf 70' lang='grc' dir='ltr'>ῳία</span> <span class='ocrx_word' id='word_1_807' title='bbox 495 5828 770 5898; x_wconf 84' lang='grc' dir='ltr'>θεολογεῑν</span> <span class='ocrx_word' id='word_1_808' title='bbox 796 5828 893 5881; x_wconf 75' lang='grc' dir='ltr'><strong>καὶ</strong></span> <span class='ocrx_word' id='word_1_809' title='bbox 939 5827 1237 5899; x_wconf 82' lang='grc' dir='ltr'>κηρύττειν</span> <span class='ocrx_word' id='word_1_810' title='bbox 1273 5826 1622 5892; x_wconf 81' lang='grc' dir='ltr'>ἐξεπαίδευεν</span> <span class='ocrx_word' id='word_1_811' title='bbox 1643 5844 1656 5859; x_wconf 89' lang='grc'><strong>·</strong></span> <span class='ocrx_word' id='word_1_812' title='bbox 1695 5821 1772 5882; x_wconf 82' lang='grc' dir='ltr'><strong>ὧν</strong></span> <span class='ocrx_word' id='word_1_813' title='bbox 1804 5827 1863 5882; x_wconf 80' lang='grc' dir='ltr'><strong>ἒν</strong></span> <span class='ocrx_word' id='word_1_814' title='bbox 1889 5823 1959 5899; x_wconf 78' lang='grc' dir='ltr'>ἦν</span> 
     </span>
    </p>
   </div>
   <div class='ocr_carea' id='block_1_109' title="bbox 451 5943 932 6010">
    <p class='ocr_par' dir='ltr' id='par_1_109' title="bbox 451 5943 932 6010">
     <span class='ocr_line' id='line_1_109' title="bbox 451 5943 932 6010; baseline -0.002 -10"><span class='ocrx_word' id='word_1_815' title='bbox 451 5945 568 5980; x_wconf 77' lang='grc'><strong><em>³⁵·³⁹</em></strong></span> <span class='ocrx_word' id='word_1_816' title='bbox 612 5945 776 6000; x_wconf 89' lang='lat' dir='ltr'><strong>llebr.</strong></span> <span class='ocrx_word' id='word_1_817' title='bbox 813 5961 851 6010; x_wconf 85' lang='grc' dir='ltr'><strong>ι,</strong></span> <span class='ocrx_word' id='word_1_818' title='bbox 879 5943 932 5999; x_wconf 83' lang='grc'><strong>5.</strong></span> 
     </span>
    </p>
   </div>
   <div class='ocr_carea' id='block_1_110' title="bbox 644 6041 1242 6107">
    <p class='ocr_par' dir='ltr' id='par_1_110' title="bbox 644 6041 1242 6107">
     <span class='ocr_line' id='line_1_110' title="bbox 644 6041 1242 6107; baseline 0.003 -3"><span class='ocrx_word' id='word_1_819' title='bbox 644 6043 921 6104; x_wconf 70' lang='grc' dir='ltr'>ι’Λτιιοι..</span> <span class='ocrx_word' id='word_1_820' title='bbox 958 6041 1076 6105; x_wconf 80' lang='lat' dir='ltr'><strong>Gn.</strong></span> <span class='ocrx_word' id='word_1_821' title='bbox 1143 6044 1242 6107; x_wconf 71' lang='lat' dir='ltr'><strong>(Il.</strong></span> 
     </span>
    </p>
   </div>
   <div class='ocr_carea' id='block_1_111' title="bbox 2047 4702 3642 4762">
    <p class='ocr_par' dir='ltr' id='par_1_111' title="bbox 2047 4702 3642 4762">
     <span class='ocr_line' id='line_1_111' title="bbox 2047 4702 3642 4762; baseline -0.002 0"><span class='ocrx_word' id='word_1_822' title='bbox 2047 4703 2412 4762; x_wconf 76' lang='lat' dir='ltr'><strong>substantiali</strong></span> <span class='ocrx_word' id='word_1_823' title='bbox 2443 4702 2724 4758; x_wconf 83' lang='lat' dir='ltr'><strong>Divinitati</strong></span> <span class='ocrx_word' id='word_1_824' title='bbox 2772 4705 3152 4759; x_wconf 86' lang='lat' dir='ltr'><strong>testimonium</strong></span> <span class='ocrx_word' id='word_1_825' title='bbox 3193 4705 3366 4760; x_wconf 88' lang='lat' dir='ltr'><strong>dedit.</strong></span> <span class='ocrx_word' id='word_1_826' title='bbox 3403 4704 3642 4761; x_wconf 82' lang='lat' dir='ltr'><strong>Satieta-</strong></span> 
     </span>
    </p>
   </div>
   <div class='ocr_carea' id='block_1_112' title="bbox 2049 4797 3642 4867">
    <p class='ocr_par' dir='ltr' id='par_1_112' title="bbox 2049 4797 3642 4867">
     <span class='ocr_line' id='line_1_112' title="bbox 2049 4797 3642 4867; baseline 0 -13"><span class='ocrx_word' id='word_1_827' title='bbox 2049 4807 2157 4854; x_wconf 91' lang='lat' dir='ltr'><strong>tem</strong></span> <span class='ocrx_word' id='word_1_828' title='bbox 2175 4797 2525 4854; x_wconf 90' lang='lat' dir='ltr'><strong>audientibus</strong></span> <span class='ocrx_word' id='word_1_829' title='bbox 2550 4813 2751 4864; x_wconf 76' lang='lat' dir='ltr'><strong>creent,</strong></span> <span class='ocrx_word' id='word_1_830' title='bbox 2772 4798 3088 4867; x_wconf 86' lang='lat' dir='ltr'><strong>nimiusque</strong></span> <span class='ocrx_word' id='word_1_831' title='bbox 3103 4797 3313 4862; x_wconf 89' lang='lat' dir='ltr'><strong>videar,</strong></span> <span class='ocrx_word' id='word_1_832' title='bbox 3341 4797 3387 4852; x_wconf 87' lang='lat' dir='ltr'><strong>si</strong></span> <span class='ocrx_word' id='word_1_833' title='bbox 3413 4807 3642 4854; x_wconf 84' lang='lat' dir='ltr'><strong>cunctas</strong></span> 
     </span>
    </p>
   </div>
   <div class='ocr_carea' id='block_1_113' title="bbox 2049 4890 3642 4965">
    <p class='ocr_par' dir='ltr' id='par_1_113' title="bbox 2049 4890 3642 4965">
     <span class='ocr_line' id='line_1_113' title="bbox 2049 4890 3642 4965; baseline -0.001 -18"><span class='ocrx_word' id='word_1_834' title='bbox 2049 4893 2238 4965; x_wconf 89' lang='lat' dir='ltr'><strong>inclyti</strong></span> <span class='ocrx_word' id='word_1_835' title='bbox 2264 4891 2512 4963; x_wconf 83' lang='lat' dir='ltr'><strong>Apostoli</strong></span> <span class='ocrx_word' id='word_1_836' title='bbox 2545 4890 2853 4947; x_wconf 88' lang='lat' dir='ltr'><strong>locutiones</strong></span> <span class='ocrx_word' id='word_1_837' title='bbox 2900 4891 3178 4946; x_wconf 87' lang='lat' dir='ltr'><strong>ascribere</strong></span> <span class='ocrx_word' id='word_1_838' title='bbox 3207 4892 3393 4950; x_wconf 85' lang='lat' dir='ltr'><strong>velim.</strong></span> <span class='ocrx_word' id='word_1_839' title='bbox 3437 4891 3642 4961; x_wconf 86' lang='lat' dir='ltr'><strong>quibus</strong></span> 
     </span>
    </p>
   </div>
   <div class='ocr_carea' id='block_1_114' title="bbox 2054 4981 3646 5056">
    <p class='ocr_par' dir='ltr' id='par_1_114' title="bbox 2054 4981 3646 5056">
     <span class='ocr_line' id='line_1_114' title="bbox 2054 4981 3646 5056; baseline -0.003 -16"><span class='ocrx_word' id='word_1_840' title='bbox 2054 4984 2360 5056; x_wconf 79' lang='lat' dir='ltr'><strong>theologica</strong></span> <span class='ocrx_word' id='word_1_841' title='bbox 2406 4983 2656 5040; x_wconf 89' lang='lat' dir='ltr'><strong>oratione</strong></span> <span class='ocrx_word' id='word_1_842' title='bbox 2703 4981 3034 5037; x_wconf 88' lang='lat' dir='ltr'><strong>Trinitatem</strong></span> <span class='ocrx_word' id='word_1_843' title='bbox 3066 4998 3180 5038; x_wconf 83' lang='lat' dir='ltr'><strong>nos</strong></span> <span class='ocrx_word' id='word_1_844' title='bbox 3214 4983 3424 5047; x_wconf 90' lang='lat' dir='ltr'><strong>docuit,</strong></span> <span class='ocrx_word' id='word_1_845' title='bbox 3477 4991 3533 5038; x_wconf 87' lang='lat' dir='ltr'><strong>et</strong></span> <span class='ocrx_word' id='word_1_846' title='bbox 3575 4981 3646 5036; x_wconf 79' lang='lat' dir='ltr'><strong>de</strong></span> 
     </span>
    </p>
   </div>
   <div class='ocr_carea' id='block_1_115' title="bbox 2053 5071 3647 5146">
    <p class='ocr_par' dir='ltr' id='par_1_115' title="bbox 2053 5071 3647 5146">
     <span class='ocr_line' id='line_1_115' title="bbox 2053 5071 3647 5146; baseline -0.003 -14"><span class='ocrx_word' id='word_1_847' title='bbox 2053 5075 2451 5132; x_wconf 88' lang='lat' dir='ltr'><strong>incarnationis</strong></span> <span class='ocrx_word' id='word_1_848' title='bbox 2487 5075 2750 5146; x_wconf 88' lang='lat' dir='ltr'><strong>mysterio</strong></span> <span class='ocrx_word' id='word_1_849' title='bbox 2796 5073 3063 5129; x_wconf 87' lang='lat' dir='ltr'><strong>certiores</strong></span> <span class='ocrx_word' id='word_1_850' title='bbox 3107 5073 3255 5139; x_wconf 78' lang='lat' dir='ltr'><strong>fecit,</strong></span> <span class='ocrx_word' id='word_1_851' title='bbox 3303 5089 3504 5128; x_wconf 90' lang='lat' dir='ltr'><strong>nomen</strong></span> <span class='ocrx_word' id='word_1_852' title='bbox 3538 5071 3647 5128; x_wconf 87' lang='lat' dir='ltr'><strong>Do-</strong></span> 
     </span>
    </p>
   </div>
   <div class='ocr_carea' id='block_1_116' title="bbox 2057 5165 3650 5239">
    <p class='ocr_par' dir='ltr' id='par_1_116' title="bbox 2057 5165 3650 5239">
     <span class='ocr_line' id='line_1_116' title="bbox 2057 5165 3650 5239; baseline -0.004 -14"><span class='ocrx_word' id='word_1_853' title='bbox 2057 5168 2194 5225; x_wconf 86' lang='lat' dir='ltr'><strong>mini</strong></span> <span class='ocrx_word' id='word_1_854' title='bbox 2226 5183 2412 5224; x_wconf 88' lang='lat' dir='ltr'><strong>coram</strong></span> <span class='ocrx_word' id='word_1_855' title='bbox 2458 5167 2714 5239; x_wconf 86' lang='lat' dir='ltr'><strong>gentibus</strong></span> <span class='ocrx_word' id='word_1_856' title='bbox 2765 5166 3101 5237; x_wconf 86' lang='lat' dir='ltr'><strong>regibusque</strong></span> <span class='ocrx_word' id='word_1_857' title='bbox 3151 5175 3397 5236; x_wconf 88' lang='lat' dir='ltr'><strong>portans.</strong></span> <span class='ocrx_word' id='word_1_858' title='bbox 3443 5165 3650 5231; x_wconf 83' lang='lat' dir='ltr'><strong>Quam-</strong></span> 
     </span>
    </p>
   </div>
   <div class='ocr_carea' id='block_1_117' title="bbox 2059 5258 3653 5329">
    <p class='ocr_par' dir='ltr' id='par_1_117' title="bbox 2059 5258 3653 5329">
     <span class='ocr_line' id='line_1_117' title="bbox 2059 5258 3653 5329; baseline -0.003 -12"><span class='ocrx_word' id='word_1_859' title='bbox 2059 5262 2249 5317; x_wconf 91' lang='lat' dir='ltr'><strong>obrem</strong></span> <span class='ocrx_word' id='word_1_860' title='bbox 2279 5261 2446 5316; x_wconf 88' lang='lat' dir='ltr'><strong>dictis</strong></span> <span class='ocrx_word' id='word_1_861' title='bbox 2474 5259 2715 5314; x_wconf 81' lang='lat' dir='ltr'><strong>Contenti</strong></span> <span class='ocrx_word' id='word_1_862' title='bbox 2750 5258 2997 5324; x_wconf 88' lang='lat' dir='ltr'><strong>erimus;</strong></span> <span class='ocrx_word' id='word_1_863' title='bbox 3047 5260 3349 5329; x_wconf 64' lang='lat' dir='ltr'><strong>praisertim</strong></span> <span class='ocrx_word' id='word_1_864' title='bbox 3373 5258 3508 5327; x_wconf 84' lang='lat' dir='ltr'><strong>quia</strong></span> <span class='ocrx_word' id='word_1_865' title='bbox 3545 5272 3653 5312; x_wconf 71' lang='lat' dir='ltr'><strong>ca:-</strong></span> 
     </span>
    </p>
   </div>
   <div class='ocr_carea' id='block_1_118' title="bbox 2057 5350 3647 5426">
    <p class='ocr_par' dir='ltr' id='par_1_118' title="bbox 2057 5350 3647 5426">
     <span class='ocr_line' id='line_1_118' title="bbox 2057 5350 3647 5426; baseline -0.004 -15"><span class='ocrx_word' id='word_1_866' title='bbox 2057 5365 2193 5416; x_wconf 76' lang='lat' dir='ltr'><strong>tcra,</strong></span> <span class='ocrx_word' id='word_1_867' title='bbox 2225 5355 2272 5410; x_wconf 88' lang='lat' dir='ltr'><strong>si</strong></span> <span class='ocrx_word' id='word_1_868' title='bbox 2293 5354 2420 5426; x_wconf 87' lang='lat' dir='ltr'><strong>quis</strong></span> <span class='ocrx_word' id='word_1_869' title='bbox 2445 5353 2613 5420; x_wconf 88' lang='lat' dir='ltr'><strong>volet,</strong></span> <span class='ocrx_word' id='word_1_870' title='bbox 2633 5353 2783 5407; x_wconf 93' lang='lat' dir='ltr'><strong>nullo</strong></span> <span class='ocrx_word' id='word_1_871' title='bbox 2810 5353 3029 5423; x_wconf 88' lang='lat' dir='ltr'><strong>negotio</strong></span> <span class='ocrx_word' id='word_1_872' title='bbox 3059 5368 3390 5407; x_wconf 85' lang='lat' dir='ltr'><strong>coacervare</strong></span> <span class='ocrx_word' id='word_1_873' title='bbox 3425 5350 3647 5421; x_wconf 84' lang='lat' dir='ltr'><strong>poterit.</strong></span> 
     </span>
    </p>
   </div>
   <div class='ocr_carea' id='block_1_119' title="bbox 2055 5446 3652 5517">
    <p class='ocr_par' dir='ltr' id='par_1_119' title="bbox 2055 5446 3652 5517">
     <span class='ocr_line' id='line_1_119' title="bbox 2055 5446 3652 5517; baseline -0.003 -13"><span class='ocrx_word' id='word_1_874' title='bbox 2055 5451 2234 5517; x_wconf 82' lang='lat' dir='ltr'><strong>Atque</strong></span> <span class='ocrx_word' id='word_1_875' title='bbox 2261 5450 2365 5505; x_wconf 91' lang='lat' dir='ltr'><strong>hoc</strong></span> <span class='ocrx_word' id='word_1_876' title='bbox 2395 5449 2559 5504; x_wconf 86' lang='lat' dir='ltr'><strong>modo</strong></span> <span class='ocrx_word' id='word_1_877' title='bbox 2591 5448 2834 5516; x_wconf 87' lang='lat' dir='ltr'><strong>reliquus</strong></span> <span class='ocrx_word' id='word_1_878' title='bbox 2862 5446 3031 5502; x_wconf 87' lang='lat' dir='ltr'><strong>etiam</strong></span> <span class='ocrx_word' id='word_1_879' title='bbox 3055 5446 3455 5516; x_wconf 86' lang='lat' dir='ltr'><strong>discipulorum</strong></span> <span class='ocrx_word' id='word_1_880' title='bbox 3485 5459 3652 5501; x_wconf 86' lang='lat' dir='ltr'><strong>vene-</strong></span> 
     </span>
    </p>
   </div>
   <div class='ocr_carea' id='block_1_120' title="bbox 2060 5540 3652 5616">
    <p class='ocr_par' dir='ltr' id='par_1_120' title="bbox 2060 5540 3652 5616">
     <span class='ocr_line' id='line_1_120' title="bbox 2060 5540 3652 5616; baseline -0.005 -15"><span class='ocrx_word' id='word_1_881' title='bbox 2060 5548 2266 5602; x_wconf 90' lang='lat' dir='ltr'><strong>randus</strong></span> <span class='ocrx_word' id='word_1_882' title='bbox 2289 5545 2496 5602; x_wconf 89' lang='lat' dir='ltr'><strong>chorus</strong></span> <span class='ocrx_word' id='word_1_883' title='bbox 2520 5544 2852 5616; x_wconf 71' lang='lat' dir='ltr'><strong>praedicabat</strong></span> <span class='ocrx_word' id='word_1_884' title='bbox 2873 5553 3039 5613; x_wconf 86' lang='lat' dir='ltr'><strong>atque</strong></span> <span class='ocrx_word' id='word_1_885' title='bbox 3061 5543 3315 5599; x_wconf 81' lang='lat' dir='ltr'><strong>docebat.</strong></span> <span class='ocrx_word' id='word_1_886' title='bbox 3343 5541 3466 5598; x_wconf 80' lang='lat' dir='ltr'><strong>Jam</strong></span> <span class='ocrx_word' id='word_1_887' title='bbox 3489 5540 3652 5599; x_wconf 89' lang='lat' dir='ltr'><strong>sicuti</strong></span> 
     </span>
    </p>
   </div>
   <div class='ocr_carea' id='block_1_121' title="bbox 2060 5635 3654 5711">
    <p class='ocr_par' dir='ltr' id='par_1_121' title="bbox 2060 5635 3654 5711">
     <span class='ocr_line' id='line_1_121' title="bbox 2060 5635 3654 5711; baseline -0.002 -15"><span class='ocrx_word' id='word_1_888' title='bbox 2060 5641 2114 5696; x_wconf 91' lang='lat' dir='ltr'><strong>hi</strong></span> <span class='ocrx_word' id='word_1_889' title='bbox 2171 5639 2564 5711; x_wconf 70' lang='lat' dir='ltr'><strong>praadicabant,</strong></span> <span class='ocrx_word' id='word_1_890' title='bbox 2617 5638 2690 5693; x_wconf 91' lang='lat' dir='ltr'><strong>ita</strong></span> <span class='ocrx_word' id='word_1_891' title='bbox 2737 5637 2905 5692; x_wconf 82' lang='lat' dir='ltr'><strong>etiam</strong></span> <span class='ocrx_word' id='word_1_892' title='bbox 2961 5637 3332 5708; x_wconf 75' lang='lat' dir='ltr'><strong>baptizabant.</strong></span> <span class='ocrx_word' id='word_1_893' title='bbox 3380 5635 3654 5693; x_wconf 71' lang='lat' dir='ltr'><strong>Pradica-</strong></span> 
     </span>
    </p>
   </div>
   <div class='ocr_carea' id='block_1_122' title="bbox 2061 5730 3657 5803">
    <p class='ocr_par' dir='ltr' id='par_1_122' title="bbox 2061 5730 3657 5803">
     <span class='ocr_line' id='line_1_122' title="bbox 2061 5730 3657 5803; baseline -0.004 -11"><span class='ocrx_word' id='word_1_894' title='bbox 2061 5738 2197 5793; x_wconf 89' lang='lat' dir='ltr'><strong>bant</strong></span> <span class='ocrx_word' id='word_1_895' title='bbox 2247 5744 2428 5790; x_wconf 90' lang='lat' dir='ltr'><strong>autem</strong></span> <span class='ocrx_word' id='word_1_896' title='bbox 2481 5734 2647 5790; x_wconf 89' lang='lat' dir='ltr'><strong>sicuti</strong></span> <span class='ocrx_word' id='word_1_897' title='bbox 2700 5731 2852 5803; x_wconf 88' lang='lat' dir='ltr'><strong>ipsos</strong></span> <span class='ocrx_word' id='word_1_898' title='bbox 2902 5730 3248 5803; x_wconf 86' lang='lat' dir='ltr'><strong>hypostatica</strong></span> <span class='ocrx_word' id='word_1_899' title='bbox 3289 5733 3560 5803; x_wconf 80' lang='lat' dir='ltr'><strong>sapientia</strong></span> <span class='ocrx_word' id='word_1_900' title='bbox 3587 5733 3657 5786; x_wconf 79' lang='lat' dir='ltr'><strong>ad</strong></span> 
     </span>
    </p>
   </div>
   <div class='ocr_carea' id='block_1_123' title="bbox 2066 5824 3653 5899">
    <p class='ocr_par' dir='ltr' id='par_1_123' title="bbox 2066 5824 3653 5899">
     <span class='ocr_line' id='line_1_123' title="bbox 2066 5824 3653 5899; baseline -0.003 -15"><span class='ocrx_word' id='word_1_901' title='bbox 2066 5829 2375 5899; x_wconf 87' lang='lat' dir='ltr'><strong>theologice</strong></span> <span class='ocrx_word' id='word_1_902' title='bbox 2406 5826 2741 5899; x_wconf 83' lang='lat' dir='ltr'><strong>loquendum</strong></span> <span class='ocrx_word' id='word_1_903' title='bbox 2769 5824 3296 5897; x_wconf 63' lang='lat' dir='ltr'><strong>prtedicaudumque</strong></span> <span class='ocrx_word' id='word_1_904' title='bbox 3319 5825 3653 5882; x_wconf 79' lang='lat' dir='ltr'><strong>crudiverat.</strong></span> 
     </span>
    </p>
   </div>
   <div class='ocr_carea' id='block_1_124' title="bbox 1019 5941 1931 6020">
    <p class='ocr_par' dir='ltr' id='par_1_124' title="bbox 1019 5943 1875 6015">
     <span class='ocr_line' id='line_1_124' title="bbox 1019 5943 1875 6015; baseline 0.001 -15"><span class='ocrx_word' id='word_1_905' title='bbox 1019 5945 1067 5976; x_wconf 71' lang='grc'>⁸⁸</span> <span class='ocrx_word' id='word_1_906' title='bbox 1110 5943 1310 6015; x_wconf 81' lang='lat' dir='ltr'><strong>Philip.</strong></span> <span class='ocrx_word' id='word_1_907' title='bbox 1343 5964 1402 6012; x_wconf 84' lang='grc' dir='ltr'><strong>ιι,</strong></span> <span class='ocrx_word' id='word_1_908' title='bbox 1441 5947 1495 6004; x_wconf 92' lang='grc'><strong>6.</strong></span> <span class='ocrx_word' id='word_1_909' title='bbox 1569 5944 1612 5978; x_wconf 70' lang='grc'>⁸³</span> <span class='ocrx_word' id='word_1_910' title='bbox 1651 5945 1784 6002; x_wconf 89' lang='lat' dir='ltr'><strong>ibid.</strong></span> <span class='ocrx_word' id='word_1_911' title='bbox 1822 5945 1875 6001; x_wconf 92' lang='lat'><strong>7.</strong></span> 
     </span>
    </p>
   </div>
   <div class='ocr_carea' id='block_1_125' title="bbox 2036 5941 3004 6020">
    <p class='ocr_par' dir='ltr' id='par_1_125' title="bbox 2065 5941 3004 6020">
     <span class='ocr_line' id='line_1_125' title="bbox 2065 5941 3004 6020; baseline -0.005 -18"><span class='ocrx_word' id='word_1_912' title='bbox 2065 5945 2195 6002; x_wconf 77' lang='lat' dir='ltr'><strong>Cor.</strong></span> <span class='ocrx_word' id='word_1_913' title='bbox 2225 5959 2344 6012; x_wconf 83' lang='lat' dir='ltr'><strong>vm,</strong></span> <span class='ocrx_word' id='word_1_914' title='bbox 2377 5945 2433 6000; x_wconf 78' lang='grc' dir='ltr'><strong>ϐ.</strong></span> <span class='ocrx_word' id='word_1_915' title='bbox 2507 5944 2564 6020; x_wconf 37' lang='grc'><strong>⁸³.</strong></span> <span class='ocrx_word' id='word_1_916' title='bbox 2590 5942 2747 5999; x_wconf 73' lang='lat' dir='ltr'><strong>Rom.</strong></span> <span class='ocrx_word' id='word_1_917' title='bbox 2788 5959 2825 6009; x_wconf 85' lang='lat' dir='ltr'><strong>I,</strong></span> <span class='ocrx_word' id='word_1_918' title='bbox 2863 5941 2916 6010; x_wconf 83' lang='lat' dir='ltr'><strong>l,</strong></span> <span class='ocrx_word' id='word_1_919' title='bbox 2949 5941 3004 5997; x_wconf 73' lang='lat'><strong>2.</strong></span> 
     </span>
    </p>
   </div>
   <div class='ocr_carea' id='block_1_126' title="bbox 3256 6039 3327 6100">
    <p class='ocr_par' dir='ltr' id='par_1_126' title="bbox 3256 6039 3327 6100">
     <span class='ocr_line' id='line_1_126' title="bbox 3256 6039 3327 6100; baseline 0 0"><span class='ocrx_word' id='word_1_920' title='bbox 3256 6039 3327 6100; x_wconf 89' lang='grc'>11</span> 
     </span>
    </p>
   </div>
  </div>
