4144 6452
547 359 655 422 321i

1713 361 1977 421 ΡΠΟΤΙΙ
2012 359 2520 421 PATRIARCH/E
2555 358 2678 428 CP.1

3755 355 3867 419 3Ξὶ

549 473 672 528 Jam
727 471 779 526 in
839 470 924 524 his
974 484 1165 527 unum.
1222 479 1275 522 et
1332 469 1548 539 quidem
1613 469 1748 524 nulli
1806 469 2129 530 secundum,

2247 471 2333 522 καὶ
2362 473 2574 536 οὐδενὸς
2605 473 2714 525 τῶν
2753 472 2929 527 ἄλλων
2975 472 3259 541 δογμάτων
3314 469 3558 533 ἔλαττον,
3627 469 3742 521 καὶ
3799 468 3866 518 τὸ

549 565 746 635 dogma
778 570 916 629 erat,
945 572 1003 616 ut
1031 562 1308 616 lavacrum
1347 562 1776 632 regenerationis
1798 562 1851 616 in
1888 561 2050 616 Patre
2085 569 2142 615 et

551 656 691 711 Filio
724 665 775 710 et
809 654 1016 724 Spiritu
1051 660 1243 707 sancto
1268 663 1634 724 perageretur,
1679 663 1844 724 atque
1875 662 1940 706 ut
1962 652 2143 722 bapti-

551 747 657 801 zati
685 746 936 800 homines
966 760 1090 798 cum
1127 743 1323 798 harum
1381 760 1745 814 personarum
1795 744 2142 798 invocatione

550 838 619 893 ad
652 837 1115 908 regenerationem
1150 837 1604 905 perducerentur.
1645 837 1737 892 Sic
1764 836 2139 907 apostolorum

550 930 816 986 divinitus
868 929 1111 984 delectus
1163 929 1365 986 chorus
1422 928 1594 982 venia:
1647 929 1852 984 donum
1913 927 2143 984 initiatis

555 1023 920 1094 impertiebat.
965 1020 1056 1076 Sic
1103 1019 1306 1075 Paulus
1356 1020 1691 1090 baptizabat,
1730 1035 1872 1090 quos
1919 1019 2140 1089 quidem

552 1115 829 1185 baptismo
875 1113 1135 1183 tingebat.
1169 1111 1261 1164 Sic
1297 1125 1481 1164 coram
1516 1109 1773 1179 gentibus
1812 1109 2145 1178 regibusque

553 1205 866 1260 Servatoris
902 1219 1100 1259 nomen
1125 1218 1250 1257 cum
1281 1201 1477 1256 liducia
1501 1199 1779 1255 deferebat
1815 1217 1828 1254 :
1854 1210 2019 1268 atque
2043 1199 2146 1252 hac

552 1308 736 1354 mente
767 1296 1060 1352 instincms
1080 1294 1352 1349 clamabat
1387 1312 1400 1346 :
1439 1313 1457 1344 ι
1489 1292 1639 1363 Rogo
1661 1306 1777 1355 vos,
1806 1290 2024 1351 fratres,
2052 1306 2148 1360 per

552 1391 845 1444 Dominum
865 1387 1050 1444 Jesum
1073 1387 1378 1450 Christum,
1413 1398 1474 1440 ut
1499 1384 1773 1440 sermonis
1789 1383 2144 1438 concordiam

553 1486 840 1542 sectemini
873 1484 941 1538 ⁸⁵⁵,
989 1502 1007 1536 ι

624 1576 711 1629 16.
743 1574 859 1628 Vin’
892 1574 987 1628 tibi
1022 1573 1281 1643 principis
1314 1585 1530 1641 quoque
1563 1568 1854 1640 apostolici
1888 1569 2141 1624 testimo-

552 1670 705 1724 nium
746 1666 1075 1720 exhibeam?
1120 1666 1213 1734 qui
1254 1665 1470 1734 quidem
1531 1663 1635 1717 etsi
1676 1663 1974 1716 verborum
2009 1676 2147 1716 sono

553 1761 696 1816 haud
717 1760 930 1813 videtur
957 1773 1078 1811 cum
1099 1755 1355 1810 Ecclesiae
1386 1771 1538 1810 more
1555 1766 1791 1826 actnqne
1817 1771 2141 1826 congruere,

2244 567 2323 628 εἰς
2365 566 2583 636 Πατέρα
2619 568 2714 620 καλ¹
2763 567 2891 620 Υἱὸν
2924 567 3019 620 καὶ
3069 564 3296 634 Πνεῦμα
3329 565 3484 632 ἅγιον
3507 563 3573 616 τὸ
3614 559 3870 630 λουτρὸν

2243 658 2342 726 τῆς
2400 659 2823 727 παλιγγενεσίας
2862 657 3266 728 τελεσιουργεῖν
3291 697 3306 722 ,
3342 657 3437 708 καὶ
3477 657 3608 717 ταῖς
3670 650 3871 706 αὐτῶν

2244 749 2565 820 ἐπικλήσεσι
2591 752 2716 815 τοὺς
2746 750 3184 821 βαπτιζομένους
3229 748 3385 818 ἄγειν
3416 750 3496 812 εἰς
3521 745 3869 816 ἁναγέννη-
3935 777 3940 784 ς

2255 861 2372 897 σιν.
2407 843 2563 898 Οὕτω
2613 843 2724 897 τῶν
2768 845 3080 898 ἀποστόλων
3110 846 3138 897 ὁ
3169 843 3449 912 Θεόκριτος
3483 839 3779 907 σύλλογος
3811 839 3873 891 τὸ

2243 934 2413 1004 δῶρον
2466 935 2852 1006 ἐμυσταγώγει
2923 935 3025 1006 τῆς
3100 936 3382 1004 ἀφέσεως·
3416 935 3559 987 οῦτω
3633 932 3872 994 Παῦλος

2247 1029 2541 1083 ἐϐάπτισεν
2567 1028 2664 1092 οὓς
2707 1030 3036 1083 ἐϐάπτισενο
3070 1026 3214 1082 οὕτω
3272 1027 3554 1097 βαστάζων
3605 1025 3872 1079 ἐνώπιον

2245 1119 2419 1173 ἐθνῶν
2451 1122 2543 1174 καὶ
2571 1119 2836 1190 βασιλέων
2871 1119 2933 1172 τὸ
2963 1119 3136 1188 ὄνομα
3163 1117 3258 1172 τοῦ
3297 1119 3548 1188 Σωτῆρος
3581 1118 3870 1188 ἐπαρρη-

2249 1213 2484 1276 σιάζετοο
2509 1211 2648 1266 κατὰ
2681 1212 2884 1281 ταύτην
2909 1211 3040 1264 ἐϐόα
3073 1211 3170 1281 τὴν
3212 1210 3443 1272 ἔννοιαν,
3469 1228 3488 1261 ι
3517 1209 3871 1280 Παρακαλῶ

2245 1299 2340 1356 οῦν
2377 1303 2542 1372 ὑμᾶς,
2568 1301 2808 1371 ἀδελφοὶ,
2831 1301 2920 1355 διὰ
2943 1299 3038 1353 τοῦ
3067 1299 3276 1372 Κυρίου
3307 1299 3463 1370 ἡμῶν
3492 1299 3688 1370 Ἰησοῦ
3709 1300 3861 1370 Χρι-

2249 1391 2399 1458 στοῦ,
2434 1393 2521 1446 ἵνα
2559 1392 2618 1446 τὸ
2643 1391 2779 1447 αὐτὸ
2811 1391 3036 1463 λέγητε.
3090 1412 3107 1442 ι

2321 1577 2418 1634 ις’.
2461 1568 2652 1623 Βούλει
2678 1569 2734 1623 δέ
2768 1588 2852 1624 σοι
2890 1570 3102 1624 καὶτὸν
3154 1571 3453 1640 κορυφαῖον
3495 1567 3870 1640 παρέσεσθαι

2251 1660 2536 1733 μάρτυρας
2577 1665 2626 1716 εί
2648 1662 2758 1734 γὰρ
2785 1664 2877 1716 καὶ
2907 1665 2982 1734 μὴ
3009 1663 3158 1716 δοκεῖ
3185 1661 3329 1716 κατά
3357 1679 3420 1730 γε
3447 1662 3546 1734 τὴν
3581 1662 3708 1715 τῶν
3759 1665 3870 1732 ρη-

2251 1753 2438 1823 μάτων
2462 1754 2746 1824 προφορὰν
2769 1753 2846 1824 τῷ
2859 1754 2958 1823 τῆς
2977 1752 3309 1824 Ἐκκλησίας
3333 1752 3447 1805 ἔθει
3478 1755 3573 1805 καὶ
3602 1755 3682 1822 τῇ
3722 1754 3870 1822 πρά-

552 1853 597 1908 si
629 1863 807 1906 tamen
849 1864 1073 1918 scopum
1109 1848 1228 1917 ejus
1258 1863 1382 1900 cum
1417 1847 1661 1902 veritatis
1704 1847 1886 1902 studio
1915 1847 2141 1914 diligen-

2249 1843 2328 1909 ξει
2379 1846 2854 1915 συμφθέγγεσθαι,
2893 1846 3030 1900 ἀλλά
3060 1863 3124 1914 γε
3176 1845 3489 1916 φιλαλήθως
3539 1845 3725 1898 αὑτοῦ
3769 1845 3870 1896 καὶ

552 1953 744 2012 terque
785 1940 1176 2001 scrutabimur,
1203 1939 1372 1991 nihilo
1403 1937 1448 1992 is
1481 1937 1683 2006 secius,
1714 1937 1826 1991 imo
1847 1939 2142 1990 vehemen-

547 2036 683 2096 tius,
735 2048 946 2089 sacram
997 2033 1138 2086 hanc
1185 2031 1638 2085 consuetudinem
1695 2030 2027 2085 confirmare
2079 2044 2144 2083 ac

553 2129 796 2184 stabilire
827 2125 1120 2180 videbitur.
1153 2125 1202 2178 ls
1224 2125 1368 2177 enim
1401 2123 1642 2178 Iudaeam
1675 2141 1780 2178 non
1809 2125 1993 2178 minus
2021 2138 2147 2193 pro-

550 2222 716 2292 tiigiis
768 2235 932 2290 quam
989 2234 1145 2272 sacra
1200 2218 1449 2271 doctrina
1506 2232 1822 2286 peragrans,
1866 2217 2144 2270 hominem

551 2314 704 2366 illum
736 2312 801 2365 ad
833 2309 1143 2379 Speciosam
1185 2317 1396 2376 portant
1425 2308 1723 2370 sedentem,
1757 2305 1915 2375 cujus
1943 2307 2144 2374 pedum

541 2403 710 2457 ‘ltases
747 2410 910 2470 atque
935 2387 1172 2453 malleoli
1202 2396 1453 2452 dissoluti
1484 2407 1664 2459 erant,
1696 2398 1865 2460 hunc,
1895 2398 2141 2465 inquam,

547 2495 716 2548 verbo
761 2492 1106 2555 instaurans‘,
1161 2504 1468 2558 sanumque
1531 2489 1852 2542 mirabiliter
1892 2488 2142 2542 sistens:

559 2605 579 2638 ι
622 2586 677 2640 In
732 2584 973 2649 nomine,
1025 2585 1225 2652 inquit,
1284 2581 1413 2636 Jesu
1446 2581 1671 2644 Christi,
1707 2596 1869 2650 surge
1920 2589 1974 2634 et
2027 2594 2146 2632 am-

549 2680 680 2732 bula
722 2679 792 2732 "".
832 2696 850 2728 ι
883 2676 949 2730 Ει
996 2675 1254 2730 dictionis
1310 2673 1532 2743 quidem
1591 2673 1827 2728 formula
1887 2670 2146 2726 ineffabili

549 2771 755 2824 virtute
807 2769 885 2822 sic
931 2767 1031 2821 fuit
1089 2767 1344 2836 prolata:
1401 2766 1516 2835 ipse
1566 2781 1696 2819 vero
1739 2765 1990 2834 princeps
2037 2763 2146 2815 vim

550 2861 801 2916 vocabuli
827 2860 1124 2929 explicans,
1159 2859 1553 2926 notionemque
1589 2857 1795 2911 nomini
1836 2857 2143 2924 subjectam

553 2955 962 3021 interpretans,
999 2949 1248 3018 prodigio
1297 2948 1557 3003 attonitos
1612 2947 1943 3002 admonebat
1985 2961 2147 3015 quem

551 3043 953 3116 ipsiaspernati
977 3043 1218 3109 fuerant,
1249 3042 1540 3111 crucisque
1564 3042 1834 3112 supplicio
1880 3041 2149 3094 multave—

550 3149 696 3203 rant,
739 3138 886 3191 hunc
937 3135 1117 3206 ipsum
1159 3149 1302 3198 esse,
1346 3135 1505 3204 cujus
1555 3135 1757 3188 virtute
1816 3131 2147 3188 insmabilis

549 3231 1015 3285 morbuscuratus
1036 3229 1230 3283 fuerat.
1256 3226 1521 3281 Praeterea
1552 3228 1760 3291 docuit,
1793 3241 1851 3280 se
1877 3223 2140 3279 vocabulo

549 3340 736 3377 nomen
765 3322 888 3376 fidei
934 3335 1206 3377 summam
1265 3319 1783 3389 confessionemque
1824 3319 2134 3388 designare.

551 3412 690 3466 Audi
730 3412 876 3466 enim
917 3425 1036 3479 qu:e
1082 3410 1275 3464 dicat:
1330 3429 1347 3459 ι
1382 3409 1521 3463 Deus
1579 3409 1855 3462 Abraham
1897 3418 1951 3463 et
1997 3407 2140 3462 Deus

547 3505 701 3560 ISaac
733 3502 1056 3573 glorificavit
1080 3500 1277 3555 Filium
1315 3515 1472 3555 suum
1504 3499 1689 3554 'Jcsum
1718 3501 1780 3553 ιθ.
1821 3518 1838 3550 ι
1876 3500 2050 3568 Atque
2083 3507 2143 3552 ut

549 3597 726 3668 magis
780 3595 947 3649 animi
989 3593 1319 3649 sententiam
1382 3591 1640 3655 declaret,
1684 3591 1880 3645 addit:
1921 3611 1938 3638 σ
1975 3589 2040 3643 Et
2086 3591 2138 3642 in

549 3686 658 3740 lide
690 3684 930 3738 nominis
964 3682 1083 3752 ejus
1114 3681 1259 3734 hunc
1284 3695 1445 3749 quem
1482 3680 1676 3733 videtis
1705 3691 1758 3734 et
1790 3680 1957 3749 probe
1988 3679 2141 3734 scitis

547 3776 894 3834 confirmavit
935 3789 1130 3828 nomen
1170 3773 1289 3842 ejus
1325 3774 1392 3826 ⁸⁷.
1430 3793 1448 3825 ι
1501 3773 1640 3827 Audi
1685 3773 1863 3827 adhuc
1898 3791 1910 3826 :
1957 3792 1974 3824 ι
2025 3773 2141 3827 lmo

550 3872 711 3933 fides,
758 3885 878 3937 quae
909 3883 1003 3938 per
1043 3883 1168 3921 eum
1211 3875 1314 3932 est,
1360 3867 1626 3937 integram
1672 3867 1801 3921 huic
1849 3869 2139 3922 sanitatem

547 3959 744 4016 tribuit
767 3958 832 4012 ³⁸⁸.
879 3977 896 4008 ι
937 3954 1261 4010 Miraculum
1306 3955 1520 4012 scilicet
1556 3963 1894 4026 patraturus,
1941 3971 1971 4010 a
2009 3955 2139 4012 Jesu

546 4052 754 4107 Christi
812 4050 1035 4104 nomine
1086 4064 1313 4104 causam
1377 4049 1495 4118 ejus
1550 4049 1834 4104 medicina:
1907 4051 2136 4120 repetit;

549 4145 747 4200 deinde
772 4158 974 4198 nomen
1003 4141 1068 4196 ad
1096 4140 1254 4196 ﬁdem
1282 4140 1563 4206 transfert,
1590 4141 1732 4211 quod
1757 4152 1839 4196 est
1863 4141 2140 4212 religionis

551 4237 893 4308 mysterium.
932 4235 1072 4288 Tum
1126 4249 1319 4289 rursus
1353 4249 1552 4287 nomen
1604 4234 1736 4288 dicit
1787 4249 1886 4304 pro
1923 4235 2026 4289 fide
2081 4235 2136 4289 in

549 4329 758 4393 Jesutn,
791 4327 947 4397 quasi
978 4335 1209 4391 metuat,
1257 4343 1324 4381 ne
1366 4326 1504 4380 forte
1547 4326 1827 4382 auditores
1857 4325 2015 4381 obliti
2046 4342 2137 4381 es-

551 4431 692 4483 sent,
729 4435 924 4475 nomen
956 4419 1022 4473 ab
1051 4433 1110 4472 se
1137 4418 1257 4472 fidei
1288 4417 1408 4471 loco
1440 4418 1606 4472 fuisse
1637 4427 1982 4486 usurpatum.
2013 4417 2138 4473 Mox

551 4516 728 4584 pergit
757 4513 939 4568 dicere
970 4527 982 4562 :
1024 4528 1043 4561 ‹
1097 4511 1162 4564 Ει
1193 4510 1326 4564 fides
1357 4525 1452 4578 per
1494 4511 1670 4578 ipsum
1711 4510 1776 4572 δ’,
1817 4530 1835 4562 ι
1873 4511 1925 4565 id
1953 4522 2035 4566 est
2071 4512 2140 4566 ab

550 4622 616 4662 eo
642 4605 959 4677 praedicata.
993 4602 1176 4658 Viden’
1204 4611 1262 4657 ut
1297 4617 1496 4657 nomen
1529 4619 1674 4657 nunc
1696 4601 1857 4657 fidem
1891 4603 1948 4658 iu
1983 4604 2141 4659 Chri-

551 4707 695 4753 stum
738 4695 1002 4767 significet
1027 4695 1050 4749 ‘2
1072 4695 1202 4748 fides
1229 4705 1435 4756 autem,
1480 4694 1825 4763 praedicatant
1855 4697 1924 4751 ab
1956 4712 2020 4752 eo
2053 4711 2141 4752 re-

551 4790 855 4862 ligionem?
898 4804 1020 4859 quae
1070 4789 1291 4857 quidem
1360 4788 1676 4856 pratdicatio
1723 4789 1884 4844 bases
1931 4791 2140 4845 claudi-

552 4885 730 4939 cautis
778 4883 998 4939 solidat.
1059 4881 1242 4947 Quare
1294 4882 1509 4935 etiamsi
1557 4881 1701 4935 aliud
1760 4883 2137 4937 testimonium

551 4986 792 5033 exstaret
824 4976 1056 5040 nullum,
1088 4975 1172 5030 vel
1200 4975 1304 5029 hoc
1336 4990 1364 5028 a
1407 4974 1652 5044 principe
1683 4975 1954 5044 prolatum
1987 4976 2138 5032 Sitifi-

550 5078 719 5133 ceret,
753 5069 932 5139 palam
969 5076 1029 5121 ut
1071 5066 1225 5122 fieret
1266 5066 1528 5137 quidnam
1577 5083 1748 5122 sacrae
1807 5067 2028 5124 Littera:
2063 5069 2144 5123 in-

550 5169 740 5224 nuant,
769 5176 894 5214 cum
923 5160 1078 5213 aiunt
1112 5158 1421 5227 proselytos
1452 5157 1505 5211 in
1537 5155 1664 5212 Jesu
1699 5159 1902 5214 Christi
1925 5160 2146 5215 nomine

553 5252 786 5322 aliisque
838 5249 1151 5320 hujusmodi
1209 5248 1464 5305 formulis
1515 5249 1805 5319 baptizari.
1871 5250 1963 5305 Sic
2011 5266 2144 5322 ergo

552 5343 750 5398 Petrus
778 5341 960 5396 aiebat
989 5356 1116 5396 cum
1150 5340 1392 5394 divinam
1438 5339 1734 5395 eﬂicaciam
1771 5352 2144 5408 monstraret;

551 5434 785 5490 dilectus
819 5444 1003 5489 autem
1039 5433 1178 5488 inter
1210 5432 1512 5503 discipulos
1530 5431 1611 5487 sic
1641 5433 1767 5487 item
1793 5434 2142 5502 decernebat;

551 5521 730 5577 Lucas
758 5521 1171 5587 subseribebat;
1216 5521 1420 5576 Paulus
1447 5521 1710 5589 docebat;
1744 5523 1948 5592 quibus
1979 5524 2132 5593 paria

552 5613 888 5683 reliquorum
919 5613 1294 5684 apostolorum
1334 5624 1510 5670 coetus
1550 5616 1920 5686 praedicabat;
1958 5632 2136 5687 neque

618 5813 668 5845 “
701 5812 871 5872 lCor.
908 5832 1016 5882 xiv,
1048 5819 1095 5872 l.
1167 5818 1211 5851 ’⁵⁸
1237 5820 1358 5875 Act.
1397 5821 1533 5886 nn“).
1564 5836 1717 5891 seqq.
1797 5821 1844 5853 "
1874 5821 2008 5880 ibid.
2042 5824 2128 5879 15.

2206 5823 2249 5857 ⁸⁷
2283 5825 2416 5885 ibid.
2451 5827 2539 5885 16.

2247 1939 2526 2010 ἐπιμελῶς
2557 1941 2584 1991 ὁ
2619 1940 2823 2003 σκοπὸς
2851 1939 3316 2011 ἁνερευνώμενος,
3347 1939 3502 1991 οὐδὲν
3535 1938 3787 1991 ἔλαττον
3818 1937 3869 1989 εί

2250 2035 2326 2106 μὴ
2356 2036 2448 2088 καὶ
2485 2035 2684 2106 μᾶλλον
2719 2036 2924 2104 ταύτην
2951 2037 3233 2106 ἐπικροτεῖ
3264 2037 3358 2088 καὶ
3389 2035 3712 2103 συνίστησι.
3751 2035 3871 2086 Καὶ

2247 2129 2357 2198 γὰρ
2384 2131 2505 2190 ταῖς
2539 2127 3011 2198 θαυματουργίαις
3041 2129 3142 2181 οὐκ
3177 2128 3399 2181 ἔλαττον
3424 2131 3522 2197 τῆς
3551 2125 3868 2188 θεοσεϐοῦς

2247 2219 2596 2283 διδασκαλίας
2630 2222 2731 2289 τὴν
2782 2221 3045 2276 Ἰουδαίαν
3089 2221 3536 2292 περιερχόμενος,
3574 2219 3675 2272 τὸν
3720 2219 3869 2289 πρὸς

2245 2315 2310 2383 τῇ
2338 2313 2520 2384 ὡραία
2563 2313 2705 2384 πύλῃ
2759 2313 3160 2384 καθεζόμενον,
3193 2309 3252 2368 οῦ
3292 2316 3347 2367 αἱ
3385 2313 3575 2383 βάσεις
3613 2312 3739 2365 τῶν
3765 2329 3868 2363 πο-

2247 2405 2352 2459 δῶν
2378 2407 2474 2459 καὶ
2508 2407 2575 2458 τὰ
2603 2408 2788 2474 σφυρὰ
2833 2407 3115 2460 διαλέλυτο
3138 2423 3152 2437 ⁸
3185 2407 3374 2460 τοῦτον
3405 2405 3752 2477 ἁρμολογῶν
3781 2401 3864 2473 τῷ

2252 2498 2458 2568 ῥήματι
2485 2499 2578 2549 καὶ
2610 2499 2742 2564 ὑγιᾶ
2772 2497 3088 2565 παραδόξως
3104 2497 3442 2562 ἁναδεικνὺς,
3465 2517 3482 2547 ι
3505 2497 3602 2548 Ἐν
3626 2494 3713 2566 τῷ
3729 2494 3861 2546 ὀνό-

2253 2607 2402 2659 ματι,
2437 2590 2626 2659 φησιν,
2671 2589 2846 2660 Ἰησοῦ
2874 2590 3111 2660 Χριστοῦ
3140 2590 3316 2662 ἔγειρε
3349 2591 3443 2643 καὶ
3471 2591 3811 2660 περιπάτει.
3832 2606 3852 2639 ο

2263 2681 2402 2733 Ἀλλ’
2422 2683 2449 2735 ό
2481 2682 2579 2751 μὲν
2608 2681 2778 2746 τύπος
2813 2681 2996 2750 φωνῆς
3025 2685 3089 2754 τῇ
3121 2683 3260 2754 ὑπὲρ
3288 2682 3444 2750 λόγον
3467 2681 3733 2753 ἐνεργείᾳ
3754 2681 3859 2749 τῆς

2250 2773 2490 2842 χάριτος,
2524 2772 2668 2825 οὕτω
2714 2773 3082 2845 συμπροήχθη
3110 2791 3122 2804 '
3157 2773 3317 2835 αὐτὸς
3349 2773 3405 2826 δὲ
3442 2773 3534 2826 τοῦ
3593 2774 3860 2844 ῥήματος

2251 2865 2348 2933 τὴν
2383 2863 2615 2935 δύναμιν
2657 2864 3047 2929 ἀναπτύσσων,
3089 2866 3182 2917 καὶ
3221 2865 3271 2917 τί
3311 2863 3563 2935 βούλεται
3593 2862 3756 2932 αὐτῷ
3793 2859 3857 2913 τὸ

2251 2955 2440 3022 ὄνομα
2485 2953 2677 3024 δηλοῦν
2711 2955 3127 3026 ἐφερμηνεύων,
3157 2955 3287 3016 τοὺς
3317 2955 3416 3024 μὲν
3457 2953 3855 3022 καταπληττο-

2255 3047 2450 3117 μένους
2483 3047 2559 3113 τῷ
2584 3046 2824 3115 θαύματι
2865 3047 3141 3100 ἐδίδασκεν
3181 3047 3257 3108 ὡς
3299 3044 3679 3114 ἐξουθενηθεὶς
3716 3039 3857 3111 παρ’

2252 3139 2454 3206 αὐτῶν,
2485 3140 2578 3193 καὶ
2612 3140 2831 3212 σταυρῷ
2877 3140 2974 3194 καὶ
3004 3139 3221 3210 θανάτῳ
3263 3139 3714 3202 καταδικασθεὶς,
3749 3137 3853 3188 αύ-

2254 3233 2346 3295 τός
2400 3233 2549 3286 ἐστιν
2607 3225 2670 3285 οῦ
2701 3234 2733 3304 ἡ
2770 3233 3000 3303 δύναμις
3034 3231 3132 3303 τὴν
3176 3232 3392 3286 ἀνίατον
3429 3230 3617 3283 ἰάσατο
3661 3229 3849 3281 νόσον.

2263 3325 2541 3378 Ἐδίδασκε
2578 3326 2633 3379 δὲ
2666 3328 2748 3380 ὅτι
2779 3328 2873 3380 καὶ
2899 3327 2958 3380 τὸ
2985 3327 3155 3397 ὄνομα
3173 3325 3266 3378 νῦν
3295 3324 3441 3395 αὐτῷ
3471 3324 3567 3393 τῆς
3603 3321 3854 3382 πίστεως

2248 3420 2349 3488 τὴν
2372 3419 2850 3488 συγκεφαλαίωσιν
2887 3421 2980 3474 καὶ
3009 3422 3108 3492 τὴν
3137 3418 3429 3488 ὁμολογίαν
3473 3415 3844 3486 ἀπαγγέλλει.

2252 3512 2396 3583 ’Ὀρα
2413 3513 2520 3584 γὰρ
2546 3509 2635 3566 οἷὰ
2651 3529 2834 3584 φησιν·
2862 3531 2881 3564 ι
2906 3513 2963 3565 Ὁ
2985 3513 3115 3575 Θεὸς
3141 3512 3395 3582 Ἀϐραὰμ
3414 3513 3505 3563 καὶ
3521 3509 3710 3563 Ἰσαὰκ
3735 3506 3851 3560 ἐδόο

2252 3604 2380 3669 ξασε
2405 3606 2495 3658 τὸν
2513 3605 2676 3658 παῖδα
2702 3604 2868 3659 αὐτοῦ
2903 3606 2982 3676 ’1η
2995 3605 3143 3659 σοῦν’
3177 3625 3194 3656 ι
3228 3604 3335 3657 Καὶ
3360 3602 3749 3673 ἐπιδηλότερον
3780 3599 3842 3652 τὸ

2251 3697 2499 3768 βούλημα
2531 3697 2724 3764 ποιῶν,
2748 3699 2988 3767 ἐπάγειν
3033 3717 3051 3749 ι
3091 3699 3186 3752 καὶ
3241 3699 3336 3751 ἐπὶ
3390 3700 3454 3768 τῇ
3502 3697 3688 3749 πίστει
3749 3691 3848 3746 τοῦ

2247 3791 2512 3862 ὀνόματος
2542 3793 2731 3860 αὐτοῦ,
2769 3793 2964 3847 τοῦτον
2987 3793 3043 3846 ὃν
3067 3792 3324 3863 θεωρεῖτε
3351 3793 3446 3844 καὶ
3478 3791 3657 3843 οἴδατε
3688 3792 3848 3843 ἐστε·

2251 3883 2422 3953 ρέωσε
2467 3885 2529 3938 τὸ
2568 3885 2739 3956 ὄνομα
2783 3885 2970 3940 αὑτοῦ.
3009 3905 3027 3938 θ
3080 3886 3360 3955 Πρόσχες·
3401 3905 3418 3935 ι
3471 3883 3633 3937 Ἀλλὰ
3679 3884 3778 3936 καὶ
3812 3882 3845 3950 ἡ

2248 3976 2478 4048 πίστιςή
2497 3978 2562 4030 δι’
2594 3978 2760 4032 αὑτοῦ
2787 4019 2801 4042 ,
2830 3978 3032 4032 ἔδωκεν
3061 3977 3208 4047 αὐτῷ
3232 3978 3328 4046 τὴν
3360 3976 3691 4046 ὁλοκληρίαν
3713 3973 3847 4028 ταύ·

2246 4083 2367 4137 την.
2401 4087 2419 4120 ι
2449 4069 2780 4139 Ἀρχόμενος
2817 4069 2912 4122 τοῦ
2963 4068 3240 4139 θαύματος
3285 4070 3352 4132 τὸ
3399 4068 3568 4137 ὄνομα
3597 4067 3695 4121 τοῦ
3737 4068 3846 4136 ’1η-

2249 4159 2344 4214 σοῦ
2369 4162 2610 4232 Χριστοῦ
2644 4163 2968 4234 αὐτουργεῖν
2995 4163 3096 4233 τὴν
3124 4161 3268 4215 ἴασιν
3296 4159 3664 4232 ἀνακηρύττει
3691 4179 3704 4192 ·
3725 4154 3844 4212 εἶτα

2251 4251 2664 4326 μεταλαμϐάνει
2701 4254 2762 4307 τὸ
2785 4254 2958 4325 ὄνομα
2984 4254 3120 4325 πρὸς
3147 4253 3246 4325 τὴν
3297 4255 3503 4319 πίστιν,
3541 4254 3681 4324 ὅπερ
3723 4251 3844 4304 ἐστὶ

2245 4349 2307 4402 τδ
2345 4349 2647 4420 μυστήριον
2671 4348 2772 4418 τῆς
2798 4349 3104 4412 εὐσεϐείας.
3139 4348 3296 4402 Μετὰ
3320 4347 3481 4402 τοῦτο
3520 4347 3681 4402 πάλιν
3719 4347 3842 4401 ὅνο-

2251 4459 2327 4512 μα
2357 4441 2456 4512 τὴν
2484 4442 2564 4503 εἰς
2594 4440 2759 4493 αὑτὸν
2791 4441 2950 4494 καλεῖ
2972 4441 3178 4506 πίστιν,
3203 4441 3394 4511 ὥσπερ
3426 4439 3613 4503 δεδιὼς
3637 4441 3715 4510 μὴ
3746 4439 3842 4509 λή-

2173 4553 2218 4609 D
2248 4530 2348 4601 θην
2383 4531 2623 4585 λάϐωσιν
2659 4532 2708 4584 oi
2760 4531 3031 4603 ἀκροαταὶ
3077 4531 3158 4585 ὅτι
3207 4531 3268 4584 τὸ
3304 4530 3475 4601 ὃνομα
3524 4530 3678 4600 αὑτῷ
3720 4528 3843 4584 ἀντὶ

2245 4624 2348 4693 τῆς
2377 4627 2615 4689 πίστεως
2659 4625 3008 4696 παρελήφθη.
3052 4624 3186 4679 Εἶτα
3215 4624 3444 4693 ἐπάγει·
3481 4644 3499 4676 ι
3540 4625 3648 4678 Καὶ
3677 4626 3711 4696 ή
3751 4623 3839 4676 πί·-

2250 4733 2367 4780 στις
2397 4718 2430 4788 ἡ
2464 4715 2531 4769 δι’
2561 4717 2753 4783 αὑτοῦ,
2794 4736 2812 4769 ι
2849 4718 3182 4789 τουτέστινὴ
3222 4718 3561 4790 κηρυχθεῖσα
3590 4717 3722 4790 παρ’
3748 4717 3840 4770 αὑ-

2246 4807 2364 4861 τοῦ.
2413 4807 2578 4880 Ὁρᾷς
2612 4809 2761 4867 ὅπως
2790 4809 2850 4862 τὸ
2903 4810 3002 4880 μὲν
3029 4810 3202 4880 ὄνομα
3243 4810 3340 4881 τὴν
3386 4810 3570 4862 πίστιν
3613 4808 3708 4864 νῦν
3738 4809 3835 4880 τὴν

2248 4899 2331 4962 εἰς
2386 4899 2548 4954 αὐτὸν
2604 4901 2938 4970 ἀπαγγέλλει
2971 4919 2984 4966 ;
3022 4901 3136 4973 ἡδὲ
3192 4900 3377 4966 πίστις
3413 4902 3511 4973 τὴν
3545 4903 3637 4955 ὑπ’
3667 4899 3832 4956 αὑτοῦ

2251 4992 2624 5064 κηρυχθείσαν
2657 4993 2972 5049 θεοσέϐειαν
3000 5012 3014 5061 ;
3040 4995 3100 5049 τὸ
3131 4996 3188 5049 δὲ
3211 4998 3478 5070 κήρυγμα
3516 4997 3613 5052 τοῦ
3660 4995 3831 5069 χωλοῦ

2244 5083 2345 5147 τὰς
2373 5083 2561 5154 βάσεις
2597 5089 2812 5155 στερεοῖ
2838 5105 2852 5153 ;
2889 5086 3056 5140 Ὥστε
3084 5089 3133 5140 εί
3171 5090 3244 5158 μή
3267 5105 3351 5151 τις
3377 5088 3510 5159 ἄλλη
3539 5089 3648 5143 τῶν
3687 5107 3829 5160 μαρ-

2243 5177 2446 5248 τυριῶν
2479 5180 2710 5249 προσῆν,
2752 5181 2988 5251 ἤρκεσεν
3039 5181 3104 5234 ἂν
3137 5183 3170 5252 ὴ
3207 5182 3304 5236 τοῦ
3349 5184 3651 5254 κορυφαίου
3697 5184 3830 5254 μόνη

2244 5271 2700 5344 προκομιζομένη
2725 5272 2998 5346 λαμπρῶς
3023 5275 3379 5346 παραστῆναι
3408 5276 3459 5329 τί
3484 5277 3741 5347 σημαίνει
3765 5275 3831 5328 τὰ

2246 5363 2371 5435 ἱερὰ
2395 5363 2569 5432 Λόγια
2603 5366 2661 5418 ἐν
2692 5365 2770 5437 τῷ
2799 5366 2980 5435 λέγειν
3023 5366 3388 5436 βαπτίζεσθαι
3425 5371 3556 5434 τοὺς
3584 5371 3832 5442 προσιόν-

2245 5474 2345 5521 τας
2376 5457 2434 5509 ἐν
2479 5458 2558 5530 τῷ
2603 5459 2831 5530 ὀνόματι
2875 5459 3052 5530 Ἰησοῦ
3095 5461 3358 5532 Χριστοῦ,
3397 5462 3492 5516 καὶ
3535 5465 3602 5516 τὰ
3648 5465 3827 5535 ὅμοια.

2247 5547 2434 5602 Ταῦτα
2465 5550 2565 5620 μὲν
2599 5552 2803 5623 Πέτρος
2821 5554 2922 5624 τὴν
2943 5554 3235 5624 θεουργίαν
3257 5556 3575 5627 ἐμφανίζων
3604 5555 3787 5626 ἔλεγεν
3812 5572 3825 5586 ⁸
3881 5588 3898 5620 ι,

2241 5643 2270 5694 ό
2298 5641 2354 5701 δὲ
2381 5641 2493 5696 τῶν
2528 5644 2787 5716 μαθητῶν
2828 5647 3190 5717 ἠγαπημένος
3215 5649 3662 5720 συνεδογμάτιζε,
3698 5652 3801 5704 Aea

2615 5827 2664 5860 "
2706 5827 2839 5886 ibid.
2913 5831 2957 5863 δ’
2983 5830 3113 5888 ibid.
