4144 6466
388 410 495 475 325
1318 415 1418 475 AD
1446 413 2045 477 AMPIIILOCHIUM
2069 412 2420 488 QUA‘ISTIO
2445 413 2667 475 XLIII.
3553 418 3659 482 326

388 529 493 591 κᾶς
523 526 860 598 συνέγραφε,
895 527 1107 592 Παῦλος
1135 528 1417 583 ἐδίδασκεν
1440 546 1454 560 ·
1490 526 1572 590 οἷς
1604 528 1703 583 καὶ
1727 528 1836 583 τῶν
1865 530 1976 582 λοι-

2079 529 2228 585 enim
2268 526 2543 597 suspicari
2580 526 2726 589 licet,
2759 524 3056 582 mortiferis
3094 526 3241 596 ipsos
3280 527 3438 582 noxis
3476 543 3537 584 se
3561 531 3663 584 ob-

386 619 508 674 πῶν
557 619 872 673 ἀποστόλων
910 621 939 673 ό
991 620 1152 692 χορὸς
1190 621 1272 691 (οὐ
1326 622 1438 693 γὰρ
1486 615 1555 693 ἦν
1581 620 1832 690 οὐδαμῶς
1863 620 1973 674 οὐδ’

2083 620 2352 689 stringere
2378 616 2592 671 solitos.
2633 614 2858 670 Constat
2889 615 3051 686 igitur
3081 616 3286 671 Christi
3332 633 3529 672 nomen
3565 633 3667 689 pro

387 709 483 764 ἐπὶ
511 710 638 765 νοῦν
682 710 867 765 λαϐεῖν
906 712 1101 778 αὐτοὺς
1145 712 1276 785 περὶ
1326 712 1396 767 τὰ
1448 713 1641 783 καίρια
1686 712 1973 785 φέρεσθαι)

2084 709 2191 765 fide
2230 708 2283 763 in
2315 707 2596 763 Christum
2626 706 2730 761 dici
2770 723 2783 759 :
2815 707 2947 762 fides
2976 721 3106 763 vero
3141 708 3194 761 in
3220 707 3502 763 Christum
3530 709 3671 764 nihil

389 802 874 871 συνανεκήρυττεν.
926 801 1114 866 Οῦτως
1162 803 1335 874 ὄνομα
1379 802 1617 875 Χριστοῦ
1658 804 1693 875 ή
1722 804 1905 867 πίστις
1939 804 1974 874 ἠ

2082 810 2169 857 est
2217 801 2323 857 nisi
2370 799 2571 854 tradita
2632 798 3033 868 spectatoribus
3082 799 3233 854 verbi
3279 809 3442 871 atque
3493 800 3669 855 admi-

388 896 471 958 είς
520 895 796 964 Χριστόν*
848 894 1034 961 πίστις
1083 895 1139 949 δέ
1180 898 1262 959 είς
1294 896 1532 967 Χριστὸν
1583 897 1619 966 ἡ
1676 895 1746 949 δι’
1806 894 1974 949 αὐτοῦ

2084 893 2278 949 nistris
2317 907 2475 948 saera
2514 892 2764 946 doctrina
2803 898 2858 945 et
2886 890 3283 947 incarnationis
3316 895 3661 966 mysterium,

390 988 806 1059 παραδεδομένα
848 990 961 1051 τοῖς
1017 986 1315 1051 αὐτόπταις
1354 987 1449 1041 τοῦ
1511 986 1672 1057 λόγου
1724 987 1817 1040 καὶ
1861 986 2165 1058 ὑπηρέταις
2221 984 2489 1054 θεολογία,
2549 984 2645 1038 καὶ
2704 983 2807 1053 τῆς
2854 983 3168 1054 οἰκονομίας
3218 984 3281 1037 τὸ
3336 989 3659 1059 μυστήριον-

460 1123 545 1188 ιζ.
588 1124 657 1176 Σὺ
684 1122 741 1176 δὲ
772 1124 823 1175 εῖ
855 1140 939 1186 τις
968 1122 1109 1193 ἔρως
1128 1121 1334 1193 ἐπῆλθε
1356 1122 1494 1194 πρὸς
1520 1123 1620 1196 τὴν
1641 1123 1814 1194 αὐτὴν
1839 1122 1972 1177 ύπό-

386 1216 535 1269 θεσιν
569 1216 823 1285 εὐπορεῖν
858 1213 1121 1268 πλειόνων
1148 1214 1623 1286 ἐπιχειρημάτων,
1674 1213 1970 1269 κάντεῦθεν

2147 1123 2237 1178 17.
2276 1120 2397 1177 Jam
2431 1137 2560 1178 vero
2586 1122 2631 1179 si
2663 1138 2772 1195 qua
2803 1130 2857 1179 te
2904 1123 3177 1193 cupiditas
3213 1131 3362 1179 tenet
3392 1125 3446 1180 in
3473 1128 3661 1182 eodem

2075 1217 2357 1287 proposito
2384 1218 2725 1286 argumentis
2755 1216 3007 1287 pluribus
3035 1217 3372 1283 abundandi,
3407 1218 3494 1275 hic
3526 1234 3664 1290 quo-

384 1309 483 1375 τῆς
510 1308 823 1376 προθέσεως
862 1306 961 1358 οὐκ
1005 1305 1304 1376 ἀποτεύξῃ.
1348 1305 1575 1375 Πρῶτον
1608 1306 1706 1376 μέν
1732 1305 1842 1376 γὰρ
1872 1304 1972 1375 τῆς

384 1398 478 1451 ἀπ’
507 1397 683 1469 ἀρχῆς
716 1396 950 1466 ἀπορίας
993 1396 1334 1464 εὐλογωτέρα
1368 1396 1522 1459 λύσις
1555 1397 1655 1449 οὐκ
1678 1395 1745 1450 ἂν
1777 1398 1864 1467 εῐη
1888 1413 1974 1459 τις

384 1488 549 1559 ἐτέρα
582 1488 734 1557 παρὰ
757 1488 859 1558 τὴν
892 1488 1196 1559 εἰρημένην
1233 1487 1444 1556 σαφῶς,
1469 1488 1845 1558 ἐμφανίζουσα
1874 1487 1974 1560 τὴν

383 1579 481 1633 τοῦ
527 1578 853 1649 ζητήματος
906 1578 1131 1647 γνῶσιν.
1168 1577 1434 1648 Δεύτερον
1476 1579 1533 1632 δέ
1579 1580 1676 1633 καὶ
1716 1581 1783 1650 ἦν
1827 1596 1973 1643 τινες

381 1671 687 1741 ἐπενόησαν
718 1669 893 1734 λύσιν,
922 1671 983 1724 τὸ
1009 1670 1404 1741 ἀνεπιτίμητον
1431 1672 1532 1725 οὐκ
1552 1670 1679 1741 έσχε
1702 1686 1719 1700 ⁸
1742 1671 1835 1724 καὶ
1862 1671 1971 1742 γὰρ
2005 1651 2047 1705 Β

382 1764 485 1835 ἤδη
521 1766 619 1835 μὲν
649 1766 752 1818 οὐκ
775 1764 965 1831 ὀλίγας
997 1764 1165 1818 ἔδωκε
1188 1764 1392 1828 λαϐἀςο
1423 1765 1542 1835 δοίη
1573 1764 1619 1817 δ’
1641 1766 1706 1820 ἄν
1738 1782 1822 1817 σοι
1848 1764 1973 1834 βου-

380 1855 597 1926 λομένῳ
631 1858 725 1909 καὶ
756 1855 1001 1922 πλείους.
1042 1858 1103 1909 Ei
1147 1856 1258 1927 γὰρ
1307 1857 1641 1926 προσίστατο
1683 1859 1797 1919 τοῖς
1849 1855 1972 1910 κατ’

382 1948 561 2020 ἀρχὰς
584 1948 870 2020 προσιοῦσι
903 1951 1000 2002 καὶ
1034 1949 1197 2019 μόνον
1241 1949 1652 2019 προφερόμενον
1686 1948 1749 2001 τὸ
1798 1948 1973 2019 ὄνομα

379 2040 478 2094 τοῦ
497 2040 754 2113 Χριστοῦ,
778 2041 895 2104 πῶς
917 2038 985 2113 ἦν
1005 2041 1114 2095 τῶν
1138 2041 1580 2111 κατεπειγόντων
1611 2040 1973 2111 βαπτίζοντας

383 2133 517 2186 αὐτὸ
550 2133 907 2204 προκομίζειν
932 2152 946 2200 ;
978 2133 1114 2187 Οὐδὲ
1140 2134 1250 2204 γὰρ
1274 2132 1575 2203 θεραπείαν
1604 2131 1731 2185 τινὰ
1753 2131 1849 2185 τοῦ
1880 2132 1973 2186 θο-

387 2225 679 2297 ρυϐοῦντος
698 2228 961 2295 παρεῖχεν
978 2224 1043 2279 ἂν
1056 2225 1117 2279 τὸ
1131 2225 1488 2297 παραλυποῦν
1514 2226 1933 2297 προτεινόμενον
1954 2239 1969 2253 ⁸

388 2316 506 2371 ἀλλ’
538 2317 629 2369 ἐπὶ
665 2317 828 2370 πλέον
868 2316 1229 2386 ἐξετράχυνεν
1283 2314 1350 2369 ἂν
1391 2318 1486 2370 καὶ
1537 2316 1974 2387 ἁνεφλέγμαινεν

384 2410 520 2464 αὐτὸ
547 2409 645 2480 τὴν
678 2409 927 2482 γνώμην.
960 2410 1273 2479 Σιγώμενον
1320 2409 1430 2478 γὰρ
1475 2408 1678 2481 μᾶλλον
1708 2408 1770 2462 τὸ
1816 2409 1975 2462 ἀνια-

387 2505 505 2576 ρὸν,
536 2507 569 2578 ἢ
602 2505 996 2576 φθεγγόμενον,
1041 2506 1169 2568 τοὺς
1207 2504 1665 2575 δυσχεραίνοντας
1699 2503 1831 2557 αὐτὸ
1855 2503 1975 2557 δια-

387 2598 650 2668 πραύνει.
683 2595 795 2650 Καὶ
825 2595 887 2649 τὸ
917 2594 1000 2648 ἔτι
1052 2594 1255 2666 μᾶλλον
1295 2595 1603 2662 ἀναφλέγον
1644 2593 1727 2656 είς
1777 2591 1974 2663 ὀργὴν,

390 2690 668 2759 σιωπῆσαι
699 2689 798 2758 μὲν
824 2687 915 2741 καὶ
944 2687 1219 2758 ὑπεριδεῖν
1246 2685 1281 2739 ἂ.
1302 2688 1415 2748 τοῖς
1439 2685 1656 2747 πολλοῖς
1682 2683 1791 2737 τῶν
1836 2682 1972 2736 Ἰου-

383 2782 553 2836 δαίων
589 2780 939 2853 ἐγνωρίζετο,
972 2777 1193 2851 Πατέρα
1231 2777 1374 2847 λέγω
1415 2778 1513 2832 κα⁹ι
1570 2777 1819 2847 Πνεῦμα,
1844 2776 1974 2830 ἀντ-

392 2875 715 2942 επεισάγειν
740 2873 798 2926 δὲ
825 2872 923 2944 τὴν
950 2873 1148 2941 κλῆσιν
1169 2872 1265 2925 τοῦ
1284 2871 1437 2935 Υίοῦ,
1471 2866 1553 2934 οἷς
1584 2869 1706 2923 οὐδέ
1734 2868 1834 2940 τὴν
1860 2886 1973 2939 φω-

384 2964 483 3036 νὴν
517 2966 725 3020 ἄλυπον
750 2961 819 3037 ἦν
855 2967 976 3028 ταῖς
1020 2966 1216 3028 ἀκοαῖς
1255 2962 1662 3036 παραδέχεσθαι
1693 2962 1806 3033 (45)
1827 2962 1975 3054 fixa-1
2004 2994 2048 3054 ο

384 3061 497 3131 γὰρ
528 3058 729 3129 μᾶλλον
748 3058 815 3111 ἂν
838 3056 1239 3127 προαγόμενον,
1261 3054 1405 3108 οῦτω
1427 3054 1778 3126 προσίστατο.
1818 3051 1974 3106 Μετά

393 3152 494 3221 μὲν
523 3152 630 3222 γὰρ
665 3150 773 3203 τῶν
812 3149 1147 3219 τιμωμένων
1179 3146 1642 3217 συνταττομένου,
1675 3144 1814 3217 πρὸς
1842 3144 1974 3197 ἐκα-

388 3242 556 3313 τέραν
587 3243 783 3312 μοῖραν
807 3240 907 3311 τήν
936 3256 992 3292 τε
1028 3236 1462 3310 παραλυποῦσαν
1495 3237 1588 3290 καὶ
1616 3234 1716 3306 τὴν
1749 3233 1978 3305 εὐφραί-

391 3351 588 3388 νουσαν
616 3335 645 3385 6
672 3330 952 3401 ἀκροατὴς
982 3330 1270 3401 ἐμερίζετο
1294 3345 1310 3361 ο
1345 3329 1440 3382 καὶ
1472 3327 1610 3399 πρὸς
1637 3326 1764 3397 μίαν
1788 3342 1975 3379 καινο-

389 3422 586 3493 τομίαν
640 3422 740 3492 τῆς
799 3421 1118 3492 προσθήκης
1156 3427 1180 3455 ο
1211 3419 1566 3491 ἐταράσσετο.
1599 3417 1722 3472 Τῶν
1754 3417 1811 3471 δὲ
1833 3435 1977 3485 γνω-

392 3514 569 3586 ρίμων
598 3514 693 3567 καὶ
716 3512 1049 3583 τιμωμένων
1082 3514 1208 3583 σιγῇ
1235 3511 1781 3583 παραπεμπομένων,
1813 3510 1975 3579 μόνου

386 3608 448 3663 δὲ
474 3605 574 3661 τοῦ
602 3607 936 3677 πλήττοντος
978 3605 1094 3659 ἀντ’
1125 3604 1351 3658 ἐκείνων
1391 3602 1827 3675 κηρυσσομένου,
1858 3601 1977 3663 πῶς

384 3702 489 3756 οὐκ
516 3697 585 3772 ἦν
619 3699 987 3769 εὐλογώτερον
1035 3696 1324 3767 ἁποπηδᾷν
1370 3696 1590 3761 αὐτίκα,
1641 3694 1735 3747 καὶ
1762 3694 1832 3747 τὰ
1862 3685 1978 3745 ὦτα

386 3795 677 3866 φράττειν,
710 3792 923 3857 διπλαῖς
952 3790 1152 3859 μᾶλλον
1174 3789 1232 3843 δὲ
1255 3788 1589 3852 πολλαπλαῖς
1609 3786 1979 3858 βαλλομένους

384 3890 508 3951 ταῖς
539 3887 936 3957 καινοτομίαις,
969 3886 1063 3938 καὶ
1088 3884 1151 3937 τὸ
1183 3882 1339 3953 βέλος
1375 3882 1477 3951 τῆς
1514 3880 1671 3943 ἀνίας
1724 3879 1980 3949 πικρότεο

388 3996 487 4053 ρον
514 3980 610 4032 καὶ
638 3975 968 4049 δριμύτερον
999 3973 1465 4045 ὑποδεχομένους;
1504 3971 1563 4036 ἐξ
1593 3965 1669 4025 ὧν
1698 3970 1899 4041 μᾶλλον
1920 3967 1979 4021 τὸ

386 4071 675 4145 παντελῶς
710 4071 909 4131 αὐτοὺς
938 4066 1395 4139 ἐκτραχύνεσθαι,
1422 4065 1519 4118 καὶ
1558 4063 1654 4116 τοῦ
1695 4062 1979 4132 προσιέναι

385 4165 530 4228 ὅλως
576 4162 655 4234 τῷ
702 4162 1044 4234 κηρύγματι,
1093 4160 1174 4224 είς
1217 4159 1280 4213 τὸ
1332 4157 1597 4213 ἀδύνατον
1647 4152 1983 4208 κατεσκευά-

388 4257 537 4321 ζετο.

2075 1322 2182 1377 que
2215 1322 2441 1376 scopum
2484 1317 2637 1362 tuum
2674 1307 3008 1378 assequeris.
3048 1307 3183 1363 Nam
3234 1310 3413 1379 primo
3442 1310 3663 1366 dubita-

2075 1397 2243 1451 tionis
2268 1398 2408 1467 ejus.
2438 1413 2602 1469 quam
2630 1396 2786 1453 initio
2808 1398 3152 1467 scripsimus,
3184 1400 3332 1455 nulla
3362 1410 3444 1456 est
3470 1412 3667 1471 pra-ter

2074 1489 2388 1559 praedictam
2452 1491 2787 1561 probabilior
2865 1491 3109 1555 solutio,
3173 1508 3297 1562 quae
3375 1492 3667 1548 manifeste

2079 1582 2400 1650 quaastiouis
2446 1582 2883 1651 explanationem
2947 1585 3130 1639 tradit.
3186 1583 3393 1641 Deinde
3430 1600 3553 1655 qua’:
3596 1586 3667 1639 ah

2077 1670 2201 1725 aliis
2228 1672 2551 1741 {excogitata
2586 1671 2692 1726 fuit
2732 1672 2960 1738 solutio,
3013 1689 3123 1729 non
3168 1683 3321 1729 caret
3368 1676 3632 1746 repreben

2075 1762 2253 1828 sione,
2286 1777 2459 1832 eaque
2489 1777 2599 1817 non
2633 1779 2836 1833 paucas
2876 1779 3069 1833 reapse
3102 1765 3450 1835 vituperandi
3500 1782 3665 1821 ansas

2075 1853 2253 1912 dedit:
2279 1862 2334 1908 et
2367 1854 2587 1923 quidem
2613 1855 2710 1909 tibi
2743 1856 2945 1911 volenti
2976 1858 3161 1927 plures
3194 1858 3478 1928 praebebit.
3526 1857 3663 1913 Nam

2075 1945 2121 1999 si
2152 1944 2459 2001 offendebat
2488 1947 2696 2017 primos
2738 1948 2857 2003 illos
2891 1950 3200 2019 proselytos
3248 1951 3330 2005 vel
3368 1967 3465 2005 ore
3509 1962 3667 2006 tenus

2075 2038 2345 2108 prolatum
2375 2037 2579 2094 Christi
2610 2055 2829 2105 nomen,
2855 2057 2953 2095 cur
2969 2041 3083 2109 jam
3118 2056 3340 2099 necesse
3371 2056 3493 2098 erat
3521 2044 3666 2097 inter

2074 2130 2464 2200 baptizandum
2513 2130 2566 2185 id
2632 2133 2940 2202 oggerere?
2991 2132 3152 2188 Certe
3217 2134 3349 2189 illud
3402 2135 3667 2190 medelam

2075 2222 2506 2291 perturbationis
2548 2225 2756 2278 nullam
2816 2224 3053 2293 fecisset,
3081 2226 3228 2297 quod
3277 2242 3384 2281 non
3432 2230 3549 2286 sine
3584 2229 3669 2283 in-

2075 2323 2230 2385 grato
2273 2330 2436 2371 sensu
2471 2317 2715 2372 exhiberi
2767 2328 3031 2388 poterat:
3086 2321 3220 2390 quin
3268 2322 3405 2377 adeo
3453 2331 3666 2378 mentes

2075 2405 2415 2461 eﬂ'eravisset
2446 2407 2627 2475 potius
2676 2418 2843 2478 atque
2878 2409 3232 2466 incendisset.
3280 2410 3416 2465 Nam
3466 2413 3513 2468 si
3552 2428 3671 2466 mo.

2077 2497 2211 2554 lesta
2241 2514 2327 2555 res
2361 2510 2466 2561 est,
2498 2500 2707 2554 silendo
2740 2501 2917 2570 magis
2963 2517 3128 2571 quam
3162 2502 3530 2571 praedicando,
3571 2519 3668 2559 eos

2077 2592 2171 2661 qui
2205 2592 2500 2648 abhorrent
2530 2594 2778 2664 mitigare
2829 2596 3089 2651 solemus.
3140 2596 3278 2651 Tum
3331 2599 3409 2652 ira
3442 2600 3665 2675 gravius

2077 2693 2349 2739 commola
2399 2685 2614 2749 fuisset,
2672 2686 2719 2741 si
2770 2687 2805 2741 ii
2863 2688 3083 2743 silentio
3129 2690 3302 2758 pressi
3341 2688 3575 2745 fuissent
3601 2706 3668 2747 ac

2078 2776 2333 2846 neglecti,
2372 2776 2463 2846 qui
2503 2777 2693 2832 multis
2740 2778 2947 2834 Judaais
2996 2781 3260 2849 comperti
3304 2791 3479 2847 erant,
3508 2783 3669 2838 Pater

2078 2867 2339 2922 nimirum
2367 2879 2422 2922 et
2443 2867 2681 2938 Spiritus
2707 2884 2722 2933 ;
2748 2870 2973 2925 obtrusa
3002 2879 3185 2925 autem
3216 2870 3337 2926 Filii
3369 2872 3665 2938 invocatio,

2079 2961 2236 3029 cujus
2263 2976 2331 3015 ne
2362 2978 2560 3017 nomen
2592 2962 2816 3033 quidem
2845 2964 2967 3020 sine
2997 2965 3247 3020 molestia
3272 2966 3463 3022 auditu
3489 2968 3669 3037 excipi

2078 3069 2343 3129 poterat:
2394 3060 2539 3129 quod
2601 3076 2735 3116 sane
2801 3062 2873 3117 ita
2948 3063 3221 3131 prolatum
3292 3064 3670 3119 vehementius

2077 3150 2405 3206 offendebat.
2437 3151 2638 3206 Contra
2680 3155 2725 3208 si
2758 3170 2953 3209 nomen
2986 3154 3089 3211 hoc
3134 3170 3257 3210 cum
3303 3156 3428 3210 aliis
3456 3155 3569 3225 jam
3611 3157 3665 3211 in

2079 3242 2289 3299 honore
2327 3245 2529 3299 habitis
2556 3246 2953 3313 collocabatur,
2984 3247 3237 3302 bifariam
3268 3249 3486 3304 auditor
3520 3249 3668 3304 scin-

2078 3333 2329 3401 debatur,
2378 3335 2575 3403 partim
2639 3337 2848 3391 scilicet
2892 3352 3033 3407 aegre
3078 3336 3279 3404 ferens,
3317 3340 3514 3408 partim
3570 3356 3668 3410 ge-

2080 3428 2290 3483 stiens:
2326 3431 2440 3484 sola
2478 3439 2659 3485 autem
2697 3432 3051 3488 additamenti
3084 3436 3327 3490 novitate
3372 3439 3669 3492 conturba-

2078 3522 2261 3577 batur.
2312 3522 2383 3577 At
2412 3538 2540 3577 vero
2580 3524 2627 3579 si
2661 3524 2867 3594 cogniti
2912 3525 3025 3595 jam
3072 3536 3125 3581 et
3162 3527 3217 3581 in
3258 3529 3465 3584 honore
3496 3530 3665 3585 habiti

2078 3615 2296 3671 silentio
2322 3618 2903 3685 praetermitterentur;
2947 3634 3092 3672 unus
3125 3630 3333 3684 autem,
3364 3622 3458 3691 qui
3494 3622 3666 3677 oﬂ'en-

2079 3707 2264 3769 debat,
2289 3707 2673 3777 praedicaretur
2708 3708 2939 3777 :qnidni
2974 3711 3398 3779 exspectandum
3428 3721 3570 3779 erat,
3609 3722 3671 3767 ut

2079 3800 2335 3870 protinus
2358 3798 2529 3855 Judaei
2567 3801 2911 3873 aufugerent,
2944 3817 3107 3856 aures
3137 3803 3512 3870 occluderent,
3547 3821 3670 3872 per—

2080 3892 2218 3946 culsi
2243 3892 2457 3948 scilicet
2481 3893 2684 3962 duplici
2716 3895 2826 3950 imo
2855 3896 3141 3966 multiplici
3166 3898 3424 3961 novitate,
3452 3899 3671 3969 teloque

2081 3985 2317 4040 tristitiae
2340 3985 2595 4040 acerbius
2626 3987 2987 4055 asperiusque
3028 3996 3247 4057 recepto
3281 4005 3295 4040 :
3338 4005 3449 4059 quo
3481 3990 3668 4053 fiebat.

2083 4086 2142 4131 ut
2168 4077 2272 4147 ipsi
2302 4076 2475 4148 magis
2504 4078 2876 4141 irritarentur,
2904 4087 2960 4134 et
2987 4078 3057 4133 ab
3083 4094 3308 4133 accessu
3334 4080 3402 4134 ad
3422 4081 3671 4152 Evangeo

2082 4167 2218 4222 lium
2251 4167 2480 4222 omnino
2512 4167 2953 4238 prohiberentur.

467 4354 556 4419 ιη’.
591 4348 705 4401 Οὐκ
734 4345 1033 4418 ἠνείχοντο,
1078 4346 1233 4415 φησὶ,
1267 4342 1329 4397 τὸ
1364 4339 1637 4397 Ἰουδαίων
1662 4337 1814 4402 ἔθνος
1842 4336 1977 4391 Θεὸν

2152 4337 2241 4393 18.
2281 4338 2805 4395 Aiuntadversarii:
2836 4337 2955 4395 Non
2982 4338 3190 4396 ferebat
3216 4338 3476 4397 Judaicus
3499 4356 3675 4412 popu-

386 4441 485 4496 τὸν
513 4440 751 4511 Χριστὸν
779 4439 1086 4509 ὁμολογεῖνο
1121 4435 1210 4491 διὰ
1233 4435 1394 4489 τοῦτο
1421 4434 1529 4503 ἄρα
1561 4434 1619 4486 ἐν
1647 4430 1726 4502 τῷ
1751 4431 1980 4501 ὀνόματι

391 4530 563 4587 αὐτοῦ
579 4531 689 4583 τῶν
706 4527 1023 4583 ἀποστόλων
1038 4528 1066 4580 6
1080 4525 1238 4598 χορὸς
1265 4521 1544 4587 ἐϐάπτιζε.
1570 4522 1681 4576 Καὶ
1697 4519 1803 4574 ποῦ
1824 4518 1984 4574 τοῦτο

391 4624 556 4693 λόγον
579 4621 694 4693 ἔχοι
714 4620 979 4693 πραΰνειν
995 4618 1085 4673 διὰ
1103 4618 1199 4672 τοῦ
1217 4614 1667 4687 φλεγμαίνοντος,
1696 4612 1794 4665 καὶ
1815 4612 1983 4683 θερα-

394 4714 588 4770 πεύειν
615 4714 705 4768 διά
734 4712 830 4767 τοῦ
871 4709 1226 4783 τραύματος;
1264 4708 1390 4771 Πῶς
1430 4707 1475 4761 δ’
1515 4707 1612 4775 οὐχ
1657 4706 1687 4758 6
1742 4703 1985 4767 ἐναντίος

396 4807 557 4877 λόγος
603 4808 686 4869 είς
726 4805 789 4858 τὸ
836 4802 1203 4875 εὐλογώτερον
1245 4802 1312 4857 ἂν
1360 4802 1445 4870 εἴη
1484 4798 1579 4853 καὶ
1618 4798 1986 4868 συνετώτερον

397 4899 855 4972 προτεινόμενοςς
902 4897 1021 4951 Οὐκ
1048 4894 1345 4960 ἐϐάπτιζον
1383 4894 1434 4947 οἱ
1483 4890 1773 4946 ἀπόστολοι
1810 4891 1892 4953 εἰς
1924 4887 1987 4942 τὸ

396 4992 571 5062 δνομα
620 4988 716 5044 τοῦ
758 4986 1035 5060 Χριστοῦο
1080 4985 1292 5058 βαρέως
1328 4984 1437 5055 γὰρ
1484 4983 1535 5037 οἱ
1591 4978 1988 5051 μυσταγωγοῦ-

2079 4432 2167 4488 lus
2211 4430 2489 4487 Christum
2520 4432 2691 4486 Deum
2736 4433 3037 4489 conﬁteri:
3086 4442 3493 4506 proptereaque
3537 4450 3675 4504 apo-

2082 4524 2352 4581 stolorum
2396 4532 2574 4580 cretus
2627 4524 2682 4579 in
2717 4526 2941 4580 nomine
2996 4525 3118 4595 ejus
3146 4527 3480 4598 baptizabat.
3507 4530 3672 4598 Atqui

2084 4631 2196 4670 non
2244 4624 2329 4671 est
2380 4615 2582 4671 rationi
2624 4626 3086 4683 consentaneum,
3123 4628 3182 4672 nt
3212 4634 3273 4674 re
3299 4620 3499 4674 acerba
3528 4622 3675 4677 miti-

2083 4720 2298 4775 gemus.
2351 4716 2515 4777 atque
2568 4715 2629 4762 ut
2688 4708 2911 4765 vulnere
2985 4710 3312 4765 medicinam
3384 4711 3675 4769 faciamus.

2086 4797 2291 4863 Quidni
2327 4799 2509 4868 potius
2540 4800 2856 4855 contrarius
2877 4815 3061 4856 sermo
3092 4802 3517 4871 probabiliorem
3548 4820 3677 4874 pru-

2088 4888 2506 4959 dentioremque
2543 4892 2869 4945 sententiam
2928 4891 3203 4961 praebeat?
3266 4890 3387 4947 Non
3431 4892 3676 4964 baptiza-

2090 4979 2225 5034 bant
2257 4981 2492 5045 apostoli
2542 4976 2595 5035 i'n
2628 4980 2832 5037 Christi
2882 4982 3106 5037 nomine
3134 5000 3148 5048 ;
3184 4997 3329 5053 aegre
3358 4982 3505 5037 enim
3535 4983 3679 5040 fere-

1716 5205 1955 5265 VARI/E
1990 5206 2395 5262 LEC'I‘IONES.

478 5375 609 5450 (l5‘)
640 5375 778 5432 Cod.
807 5374 906 5444 τὴν
936 5370 1274 5443 προσθήκην.

1891 5548 2125 5608 NOTAE.

484 5714 597 5784 (45)
619 5713 696 5769 De
724 5713 919 5784 notitia
955 5711 1077 5784 Filii
1104 5710 1246 5784 apud
1280 5707 1555 5784 llebreos
1570 5705 1859 5763 dicendum
1880 5723 1992 5784 _no-

1166 5778 1483 5854 opsuesteni
1515 5776 1991 5854 Commentarium
2103 5799 2218 5842 sem
2254 5785 2307 5840 in
2353 5784 2529 5854 Opere
2554 5778 2858 5849 theologico
2889 5775 3418 5843 eontraMarcellum,
3453 5790 3492 5840 ι,
3532 5775 3616 5830 19.

409 5782 499 5841 bis
521 5787 626 5839 erit
650 5800 774 5839 cum
807 5782 1079 5838 Theodori

412 5856 481 5911 ad
508 5854 830 5911 Zachariam
860 5855 1179 5925 prophetam
1203 5846 1427 5907 edemus
1464 5847 1611 5917 (\itle
1644 5846 1989 5919 Palrologiae,

2104 5718 2236 5764 tom.
2262 5704 2474 5769 LXVI).
2517 5706 2732 5762 Videsis
2782 5705 3001 5762 interim
3046 5703 3345 5760 Eusebium
3385 5701 3687 5759 Caesarion-
