4144 6498
483 450 549 512 9.7

447 572 582 623 bant
651 554 852 616 initiati
917 551 1059 604 hanc
1124 536 1566 613 appellationem.

448 664 633 730 fugam
671 651 856 723 potius
886 638 1144 713 baptismi
1196 634 1524 692 suasissent,
1567 625 1615 682 si
1651 624 1725 677 ita
1762 618 2043 687 baptizare

449 706 633 730 "'U""‘
676 706 693 723 Ι
960 706 971 713 .

447 744 836 807 instituissent,
908 735 1021 789 ritu
1075 727 1339 785 nimirum
1394 706 2040 791 praedicatiouiproprire

449 833 816 899 adversante?
840 832 909 887 At
925 826 1097 889 enim,
1127 819 1405 890 inquiunt,
1432 808 1788 882 baptizabant
1806 800 2045 873 apostoli

448 949 550 1006 pro
582 948 683 987 suo
713 926 888 988 libito,
922 936 1031 977 non
1068 917 1146 972 uti
1182 914 1448 969 docuerat
1477 904 1743 959 Dominus
1776 916 1790 951 τ
1841 908 2049 967 praeva-

457 1028 672 1095 luitque
706 1017 982 1077 sententia
1013 1025 1231 1071 eorum,
1266 1006 1338 1059 ita
1375 1010 1433 1056 ut
1456 1009 1703 1067 tempore
1736 1000 1786 1047 et
1814 1001 2046 1044 consue-

454 1119 645 1175 tudine
665 1114 861 1182 dogma
908 1102 1148 1175 Magistri
1198 1098 1600 1166 antiquaretur.
1645 1087 1845 1141 Verum
1872 1079 2050 1135 enim-

454 1226 587 1268 vero
639 1207 764 1277 quis
799 1204 1022 1258 demum
1076 1202 1229 1249 tanto
1278 1203 1474 1244 rursus
1522 1182 1894 1238 inflammatus
1934 1172 2051 1225 zelo

456 1305 563 1359 fttit
588 1273 848 1367 tantaque
876 1294 925 1348 vi
955 1288 1237 1362 praeditus,
1273 1292 1330 1337 ut
1370 1273 1684 1334 Servatoris
1714 1274 2051 1341 praceptum

457 1392 720 1452 oblivioni
748 1358 861 1460 j-am
910 1358 1175 1440 traditum
1209 1367 1583 1432 instauraret?
1618 1358 1928 1418 Mehercule
1958 1369 2054 1410 ne-

458 1490 662 1547 minem
718 1477 1035 1552 huiusmodi
1100 1484 1276 1542 neque
1306 1480 1455 1521 nunc
1507 1458 1780 1531 appellare
1824 1456 2053 1522 queunt,

460 1594 641 1650 neque
669 1588 909 1644 unquam
942 1538 1316 1639 appellabunt.
1349 1555 1483 1624 Quis
1500 1552 1647 1608 enim
1688 1546 1816 1602 huic
1846 1538 2054 1597 homini

465 1671 852 1730 auscultasset,
884 1669 1192 1734 postquam
1228 1649 1573 1709 Dominicum
1604 1639 1923 1698 mandatum
1944 1633 2055 1703 jam

466 1765 665 1821 fuisset
690 1721 992 1814 abolitum?
1024 1721 1187 1820 idque
1220 1745 1354 1799 adeo
1386 1755 1496 1795 non
1528 1753 1559 1791 a
1587 1730 1931 1803 vulgaribus,
1963 1721 2059 1779 sed

468 1857 539 1913 ab
598 1854 666 1908 iis
725 1848 819 1920 qui
853 1841 1106 1901 credendi
1142 1839 1194 1892 iu
1232 1833 1516 1889 Christum
1562 1820 1810 1895 magistri
1849 1812 2060 1873 caeteris

468 1956 861 2019 praeconesque
891 1937 1127 1992 fuerant.
1155 1928 1313 1996 Quis,
1342 1924 1591 1991 inquam,
1624 1915 1766 1971 alius
1817 1911 1870 1965 in
1902 1920 2063 1964 suum

468 2039 722 2095 ordinem
763 2029 1095 2087 restituisset
1129 2025 1456 2092 praaceptum
1503 2002 1894 2065 Dominicum?
1929 2013 2068 2071 prae-

472 2131 665 2189 sertim
705 2141 829 2183 cum
881 2123 973 2176 ille
1011 2114 1412 2184 discipulorum
1450 2103 1744 2173 cogitatus,
1788 2103 1849 2149 ut
1872 2092 2071 2147 adver-

474 2221 751 2278 sariorum
786 2226 968 2270 sermo
998 2208 1256 2269 allirrnat,
1277 2201 1391 2274 jam
1426 2206 1542 2251 toto
1572 2194 1708 2245 orbe
1738 2192 1884 2244 esset
1908 2181 2071 2237 diffu-

476 2329 595 2380 sus,
634 2302 800 2380 at'que
847 2303 991 2375 apud
1049 2310 1241 2354 omnes
1276 2291 1525 2347 initiatos
1558 2285 1612 2339 in
1644 2294 1801 2337 more
1838 2274 2072 2347 positus.

478 2408 622 2463 Sane
648 2410 941 2469 antequam
979 2393 1071 2448 illa
1117 2392 1265 2446 circa
1313 2381 1647 2452 baptismum
1714 2370 1931 2426 novitas
1958 2363 2080 2419 vul-

477 2509 600 2571 gata
650 2501 820 2554 esset,
864 2484 1209 2542 Dominicam
1252 2478 1422 2547 legem
1476 2468 1623 2527 haud
1669 2477 1812 2534 aagre
1858 2460 2080 2513 ﬁrmare

478 2590 767 2651 licuisset;
821 2594 1014 2636 verum
1061 2575 1154 2630 illa
1205 2569 1447 2626 novitate
1502 2562 1571 2615 ad
1620 2556 1773 2612 orbis
1806 2562 2079 2606 terrarum

480 2684 748 2741 terminos
773 2681 1092 2749 propagata,
1118 2666 1374 2738 quisnam
1410 2656 1679 2730 potuisset
1703 2647 2081 2705 dominantem

483 2779 597 2849 jam
619 2732 791 2829 ritum
813 2732 1117 2836 ett-pellere:
1137 2732 1291 2812 illum
1316 2758 1520 2814 autem,
1555 2743 1649 2814 qui
1676 2738 1833 2795 initio
1863 2732 2082 2805 quidem

487 2866 726 2925 traditus
752 2861 954 2921 fuerat,
981 2853 1077 2910 sed
1104 2846 1305 2906 deinde
1344 2841 1572 2899 omnino
1608 2843 1961 2904 suppressus,
1998 2838 2086 2879 re-

488 2954 722 3015 vocare?
751 2950 889 3005 Nam
915 2947 961 3003 si
1002 2947 1223 3014 propter
1250 2933 1563 2991 auditorum
1587 2936 1841 2982 morosos
1872 2917 2089 2973 animos

492 3049 781 3108 Dominico
805 3041 1066 3098 mandato
1088 3051 1195 3090 non
1219 3040 1303 3087 est
1325 3029 1480 3083 locus
1497 3024 1776 3080 iuventus,
1796 3027 1922 3070 cum
1944 3024 2086 3065 non-

492 3145 626 3199 dum
646 3138 750 3193 alia
783 3128 1039 3189 initiandi
1074 3122 1307 3181 formula
1340 3119 1559 3174 illorum
1582 3124 1745 3166 aures
1767 3101 2092 3173 occupavis-

496 3246 601 3302 set,
634 3247 737 3288 nec
767 3225 1041 3283 mentibus
1078 3216 1338 3285 inscripta
1358 3210 1555 3265 fuisset
1587 3214 1751 3275 atque
1785 3202 2090 3267 impressa;
2122 3221 2164 3279 Ο
2197 3189 2339 3242 καὶέ

496 3342 629 3385 num
645 3321 842 3379 deinde
864 3315 1007 3388 apud
1030 3314 1143 3383 jam
1168 3308 1414 3363 imbutos
1444 3297 1748 3371 apostolico
1793 3292 1900 3347 ritu
1931 3298 2096 3357 atque

500 3418 766 3481 initiatos,
799 3411 979 3465 aditus
1007 3402 1173 3475 priori
1219 3396 1351 3453 ritui
1394 3390 1698 3465 sperandus
1728 3394 1867 3447 erat,
1909 3382 2101 3437 adver-

500 3518 658 3568 sante
684 3507 859 3561 altero
879 3508 1044 3567 atque
1066 3491 1388 3551 obsistente,
1409 3485 1504 3554 qui
1552 3481 1663 3552 jam
1698 3470 2102 3545 insuperabiles

504 3605 652 3659 vires
678 3588 1029 3655 obtinuerat?
1052 3586 1123 3642 Ut
1140 3585 1293 3640 vides
1328 3580 1495 3652 igitur
1511 3577 1946 3631 demonstcatum
1968 3579 2105 3635 qua-

506 3706 813 3767 quaversus
833 3695 942 3748 est,
966 3681 1060 3752 qui
1080 3686 1417 3748 spectatores
1435 3667 1597 3723 Verbi
1618 3664 1849 3719 fuissent
1880 3658 2107 3725 verique

507 3779 838 3843 administri,
869 3784 924 3830 et
955 3748 1192 3843 quorum
1222 3767 1345 3820 vita:
1373 3758 1706 3817 curriculum
1736 3768 1802 3809 eo
1832 3748 2104 3812 tendebat,

510 3887 572 3933 ut
602 3877 687 3930 vel
734 3873 851 3941 ipsa
890 3881 1022 3922 nece
1071 3875 1227 3918 suam
1281 3872 1410 3927 erga
1440 3851 1729 3907 Dominum
1783 3843 2107 3901 charitatem

506 3975 867 4027 testarentur,
892 3959 1029 4020 fieri,
1046 3956 1415 4025 inquam,non
1444 3958 1608 4016 posse
1629 3941 1759 4012 quin
1784 3937 1840 3992 bi
1862 3933 2107 4006 ejusdem

510 4058 769 4117 mandata
818 4054 1027 4120 integra
1067 4054 1231 4114 atque
1278 4037 1540 4094 inviolata
1596 4046 1720 4087 esse
1775 4025 2107 4084 curaverint.

580 4151 671 4206 19.
713 4145 855 4214 Quid
883 4117 1048 4213 porro
1089 4137 1263 4199 dices,
1315 4131 1400 4186 vel
1444 4128 1569 4197 quis
1596 4137 1649 4181 te
1686 4126 1887 4180 horror
1933 4117 2110 4173 corri-

513 4247 633 4318 piet
667 4250 834 4309 atque
866 4240 1069 4294 metus,
1122 4242 1247 4284 cum
1279 4225 1628 4279 decretorum
1681 4212 2112 4286 apostolieorum

513 4308 819 4413 districtam
870 4321 1196 4382 sententiam
1259 4313 1488 4372 audies?
1533 4324 1701 4381 quam
1754 4321 1865 4361 non
1893 4318 2036 4359 unus
2061 4308 2117 4356 et

515 4408 676 4490 alter,
704 4433 883 4490 neque
908 4413 1064 4469 multi
1097 4408 1402 4481 sigillatim,
1431 4403 1525 4460 sed
1555 4399 1850 4456 universus
1876 4393 2119 4463 discipu.

515 4523 698 4577 lorum
753 4523 933 4573 ctetus
977 4506 1220 4578 scripsit,
1291 4499 1580 4556 Dominico
1640 4500 1914 4566 praecepto
1972 4484 2118 4542 haud

518 4607 881 4691 aanuando,

519 4688 758 4763 Ubinam
794 4709 977 4754 autem
1019 4704 1129 4749 tam
1154 4689 1440 4745 horrendae
1470 4682 1632 4737 mina:
1675 4676 1847 4735 sunt?
1875 4676 2116 4745 Aposto-

522 4798 705 4852 lorum
738 4790 949 4847 scilicet
974 4786 1257 4841 audiendai
1284 4786 1413 4836 sunt
1444 4773 1651 4830 caelesti
1697 4766 1962 4837 suffragio
1999 4765 2122 4819 latae

522 4889 690 4965 leges,
738 4896 863 4952 quae
919 4874 1226 4932 clarissima
1277 4883 1411 4924 voce
1458 4867 1738 4921 clamant:
1803 4876 1822 4911 ι
1877 4856 1933 4911 Si
1996 4852 2120 4924 quis

524 4960 818 5049 episcopus
875 4979 969 5024 aut
1022 4964 1303 5038 presbyter
1335 4957 1508 5031 (audi,
1546 4958 1751 5015 homo;
1806 4958 2121 5020 quanquam

523 5065 797 5138 singulari
853 5060 1159 5117 attentione
1206 5069 1318 5109 non
1372 5059 1457 5106 est
1482 5060 1643 5117 opus,
1688 5042 1949 5115 quoniam
1984 5035 2126 5092 nihil

528 5163 677 5219 aliud
713 5172 879 5229 quam
935 5150 1276 5209 Dominicam
1326 5142 1676 5201 traditionem
1701 5134 1907 5193 sanciri
1947 5129 2127 5187 abhis

530 5251 735 5323 patet);
815 5248 861 5303 si
915 5245 1039 5315 quis
1097 5249 1287 5296 contra
1350 5232 1563 5289 Domini
1624 5227 1968 5292 mandatum,
2015 5237 2125 5276 non

532 5338 887 5411 baptizaverit
922 5314 977 5389 in
1010 5334 1172 5388 Patre
1200 5339 1253 5385 et
1288 5327 1428 5382 Filio
1450 5338 1504 5379 et
1536 5320 1746 5392 Spiritu
1782 5325 1999 5382 sancto,
2032 5314 2128 5369 de-

534 5443 787 5500 ponatur.
825 5447 844 5479 )
904 5424 1094 5496 Neque
1148 5421 1416 5475 haetenus
1446 5426 1667 5486 poenam
1700 5416 1948 5466 statuunt
1981 5426 1995 5460 :
2026 5406 2122 5461 sed

535 5524 581 5575 si
608 5523 771 5577 ctiam
805 5519 1030 5575 nomina
1055 5512 1375 5570 nominibus
1406 5513 1749 5565 commutare
1779 5500 2122 5571 baptizantes

2047 5618 2280 5676 NOTAE.

569 5754 725 5839 tuti)
758 5755 903 5839 Turn
942 5747 1409 5839 Δ(ἰξιιιοιιξειινυιεο
1436 5746 1783 5839 ιοροειοιίροε
1830 5757 1943 5799 tum
1974 5743 2118 5799 Con-

544 5823 832 5911 titutiOne‘s
858 5823 1010 5911 )(etsi
1071 5823 1334 5888 scriptum
1372 5827 1693 5911 iutrumque
1728 5825 2107 5885 pervetustum

958 5906 1128 5911 ,-__--..
1177 5897 1363 5911 ---ιηηιη
1394 5902 1544 5911 Ακα.-.
1631 5902 1787 5911 “an...
1821 5887 1925 5911 {nm
1954 5884 2080 5911 .t..t.:

546 5898 637 5967 sit)
668 5884 903 5951 mentiri
936 5906 1133 5947 nomen
1176 5884 1569 5957 apostolorum,
1603 5884 1790 5942 ’nemo
1815 5887 1926 5955 jam
1952 5884 2112 5940 dubi-

1604 407 1869 475 l‘IlOTlI
1909 392 2418 464 PATRIARCILE
2446 391 2556 449 (ΕΡ.

1647 526 1841 582 Nonne
1896 518 2044 575 cnim
2077 521 2121 575 Α
2155 529 2304 582 μενοι
2337 508 2430 562 καὶ
2465 505 2600 575 πρὸς
2633 500 2802 568 αὐτὴν
2821 494 2919 568 τὴν
2942 494 3135 563 κλῆσιν
3167 490 3445 559 ἐφέροντο.
3473 478 3594 553 Ἆρ’
3633 481 3755 533 οὐκ

3627 365 3752 429 328

2148 571 2228 665 εἰς
2264 571 2581 667 ἀποτροπὴν
2633 588 2835 661 μᾶλλον
2889 584 3099 653 ἐπῆγον
3125 580 3218 634 τοῦ
3252 575 3655 649 βαπτίσματος,
3694 571 3754 623 εί

2148 692 2292 747 οὓτω
2332 656 2645 759 βαπτίζειν-
2684 677 3004 747 ἐπεχείρουν
3048 672 3141 725 καὶ
3180 668 3319 739 πρὸς
3362 661 3681 718 τούναντίον
3715 656 3757 728 ἢ

2154 752 2498 854 ἐκήρυττον;
2544 774 2683 828 Ἀλλ’
2712 768 3007 832 ἐϐάπτιζον
3040 766 3113 826 ὡς
3145 760 3451 821 ἐϐούλοντο,
3494 754 3607 808 ἀλλ’
3640 752 3761 819 οοχ
3829 797 3838 805 .

2150 877 2225 940 ὡς
2312 842 2591 937 Δεσπότης
2624 862 2903 926 ἐδιῐάξατο
2928 876 2941 888 ·
2974 856 3070 911 καὶ
3093 854 3293 922 κράτος
3314 847 3506 902 ἐλαϐεν
3532 846 3564 915 ἡ
3595 842 3764 912 γνὼ-

2154 938 2253 1038 μη,
2284 965 2379 1018 καὶ
2414 961 2524 1014 ἔθει
2572 956 2667 1012 καὶ
2713 954 2891 1025 χρόνῳ
2918 950 2982 1004 τὸ
3036 945 3131 1001 τοῦ
3175 940 3511 997 Διδασκάλου
3564 938 3765 1004 δόγμα

2154 1029 2638 1131 παραγράφεσθαι.
2664 1050 2759 1111 Τίς
2793 1042 2888 1100 οὖν
2932 1043 3092 1097 πάλιν
3134 1040 3168 1110 ἢ
3203 1036 3369 1090 πόθεν
3410 1032 3615 1100 ἐπέστη
3650 1029 3765 1099 ζῆ-

2153 1115 2248 1209 λον
2272 1115 2366 1205 κᾷἱ
2393 1115 2608 1221 ρῶμην,
2633 1144 2692 1207 ὃς
2716 1138 2985 1206 τοσαύτην
3005 1136 3162 1204 ἔσχεν
3186 1127 3476 1186 ἀναλαϐεῖν
3499 1126 3565 1178 δι’
3595 1115 3677 1176 ὢν
3696 1119 3767 1173 τὸ

2156 1216 2528 1317 παράγγελμα
2545 1236 2638 1291 τοῦ
2658 1232 2912 1303 Σωτῆρος
2934 1226 3076 1300 λήθῃ
3095 1222 3381 1293 δεδομένον
3400 1216 3731 1273 ἀνεσώσατο
3749 1228 3767 1277 ;

2170 1307 2518 1393 Ἀλλ’-εἰπεῖν
2546 1332 2645 1385 οὐκ
2666 1328 2880 1399 ἔχουσιν
2902 1321 3015 1375 οὐδ’
3057 1320 3122 1373 ἂν
3146 1317 3363 1370 εἴπωσι.
3393 1312 3489 1375 Τίς
3522 1309 3631 1379 γὰρ
3669 1307 3772 1358 αὐ-

2156 1432 2231 1504 τῷ
2249 1431 2342 1484 καὶ
2360 1425 2626 1499 προσέσχε
2762 1412 3098 1483 Δεσποτικῆς
3120 1409 3217 1479 μὲν
3246 1407 3347 1477 ἤδη
3380 1396 3771 1474 παρεωραμέ-

2157 1488 2253 1596 νης
2294 1488 2510 1589 ἐντολῆς
2531 1534 2545 1583 ;
2569 1488 2673 1568 ’καὶ
2702 1488 2823 1565 τότε
2854 1508 2954 1578 οὐχ
2981 1504 3085 1557 ὑπὸ
3103 1502 3211 1554 τῶν
3233 1498 3530 1569 τυχόντων,
3560 1490 3683 1545 ἀλλ’
3712 1488 3769 1542 οἳ

2286 1577 2631 1678 ἀλλωνιῆσαν
2662 1602 2760 1672 τῆς
2778 1600 2857 1661 εἰς
2875 1577 3111 1667 Χριστὸν
3130 1588 3367 1648 πίστεως
3388 1583 3631 1653 κήρυκες
3654 1577 3764 1627 καὶ

2159 1704 2489 1762 διδάσκαλοι.
2516 1669 2617 1762 UTI;
2651 1669 2744 1750 οὖν
2772 1695 2962 1760 ἕτερος
3018 1688 3096 1750 είς
3123 1685 3223 1753 τὴν
3252 1678 3465 1734 οἰκείαν
3498 1671 3655 1736 τάξιν
3690 1669 3759 1721 τὸ

2164 1793 2492 1852 Δεσποτικὸν
2518 1789 2837 1857 ἐπανήγαγε
2863 1782 3229 1853 πρόσταγμα;
3263 1771 3360 1826 καὶ
3386 1768 3627 1839 μάλιστα
3653 1762 3768 1831 τῆς

2097 1870 2139 1923 Β
2166 1893 2275 1945 τῶν
2300 1886 2562 1960 μαθητῶν
2580 1880 2847 1943 ἐπινοίας,
2870 1878 2943 1938 ὡς
2962 1876 2991 1925 ό
3011 1863 3425 1939 διαφιλονεικῶν
3445 1860 3603 1927 λόγος
3631 1853 3772 1926 βού-

2169 1952 2347 2048 λεται,
2378 1952 2456 2043 εἰς
2479 1979 2579 2049 τὴν
2601 1971 2931 2042 οἰκουμένην
2949 1960 3358 2031 ἐξαπλωθείσης
3381 1955 3482 2027 ἤδη
3514 1952 3610 2005 καὶ
3637 1964 3777 2000 συν·

2172 2079 2334 2150 ἠθους
2364 2074 2537 2128 ἅπασι
2583 2070 2697 2130 τοῖς
2736 2054 3288 2135 μυσταγωγουμένοις
3327 2040 3772 2110 καθισταμένης.

3075 2147 3084 2150 _
3260 2143 3285 2150 _
3458 2137 3472 2150 ,
3581 2133 3603 2143 ,
3664 2130 3736 2150 ομ

2175 2130 2283 2227 ιξαί
2313 2130 2396 2223 τοι
2424 2166 2499 2236 μή
2541 2180 2630 2215 πω
2660 2130 2758 2230 μὲν
2788 2147 3190 2215 πλατυνθείσης
3224 2143 3323 2212 τῆς
3352 2137 3483 2209 περὶ¹
3512 2133 3609 2186 τοῦ
3664 2130 3774 2200 βα-

2176 2226 2887 2334 πτίσματοςκαινο-τομίας,
2910 2245 3011 2298 οὐκ
3034 2237 3102 2311 ἦν
3126 2235 3359 2310 ἐργῶδες
3393 2230 3565 2291 οὕτως
3581 2226 3644 2279 τὸ
3669 2227 3775 2276 Δε-

2180 2313 2855 2420 σποτῐέῖὸνῚκρατύνεσθαι
2924 2333 3298 2406 νομοθέτημα.
3335 2324 3554 2389 Ταύτης
3598 2318 3657 2371 δὲ
3706 2313 3783 2367 τά

2179 2451 2397 2521 πέρατα
2419 2443 2520 2514 τῆς
2553 2436 2880 2507 οἰκουμένης
2932 2421 3372 2491 καταλαϐούσης,
3423 2415 3507 2476 τίς
3568 2412 3634 2465 ἀν
3689 2409 3781 2478 εἴη

2181 2547 2208 2599 ὁ
2240 2504 2339 2613 ¹τὴν
2388 2504 2770 2603 κατασχοῦσαν
2821 2504 2918 2596 μὲν
2971 2514 3365 2593 μυσταγωγίαν
3414 2504 3667 2561 ἐκϐαλεῖν
3692 2516 3783 2568 γε·

2183 2594 2484 2705 γενημένος
2530 2594 2755 2683 δύνατός
2781 2636 2796 2687 ;
2958 2614 3004 2668 δ’
3034 2611 3096 2676 ἐξ
3133 2607 3310 2678 ἀρχῆς
3353 2601 3601 2657 δοθεῖσαν
3652 2594 3783 2665 μὲν,

2188 2685 2560 2793 eest-ﬁman
2611 2715 2668 2768 δὲ
2722 2685 3025 2771 παντελῶς,
3062 2692 3542 2757 ἀνακαλέσασθαι;
3571 2689 3633 2741 Εἰ
3667 2685 3787 2756 γὰρ

2469 2778 2652 2881 χῶραν
2676 2804 2766 2858 διὰ
2796 2803 2857 2856 τὸ
2883 2795 3322 2867 δυσπαράδεκτον
3348 2787 3456 2840 τῶν
3486 2778 3787 2853 ἀκροατῶν

2189 2870 2514 2983 η’ξωτίξριὸξ
2549 2870 2760 2969 ἐντολὴ,
2805 2894 2971 2949 ὁπότε
3036 2885 3276 2959 μηδεμία
3325 2897 3408 2943 τις
3440 2876 3607 2945 ἑτέρα
3639 2870 3789 2943 μύηο

2194 2965 2280 3067 (τις
2326 2965 2703 3071 προκατέλαϐε
2727 2965 2837 3050 ⁷τίὶις
2882 2985 3053 3046 ἀκοὰς
3093 2977 3297 3039 αὐτῶν,
3337 2970 3472 3043 μηδέ
3506 2968 3625 3027 ταῖς
3685 2965 3795 3031 ψυ-

2194 3058 2316 3167 χαῖς
2348 3058 2621 3161 ἐνεγράφη
2640 3084 2735 3138 καὶ
2755 3076 3093 3144 ἐνετυπώθη,
3122 3069 3343 3124 ἐπειδὰν
3370 3058 3794 3131 κατεσχέθησαν

2344 3180 2676 3250 τελέσθησαν
2700 3178 2767 3247 τῇ
2809 3174 2917 3227 τῶν
2963 3165 3277 3223 ἀποστόλων
3322 3156 3535 3225 τελετῇ,
3569 3151 3691 3213 πῶς
3728 3150 3798 3203 ἂν

2204 3280 2354 3351 εὖροι
2382 3270 2757 3343 παρείσδυσιν,
2801 3258 3236 3326 ἀντιπιπτούσης
3285 3251 3423 3320 αὐτῇ
3458 3245 3555 3300 καὶ
3593 3246 3797 3298 ἀνταν-

2207 3339 2501 3441 ισὲαμένηξ
2523 3365 2623 3433 τῆς
2646 3361 2747 3433 ἤδη
2774 3358 2836 3411 τὸ
2866 3355 3065 3428 κράτος
3086 3353 3298 3422 ἄμαχον
3330 3344 3592 3419 ιχοισηςς
3628 3339 3801 3408 σορᾷς

2201 3464 2279 3528 ὡς
2309 3461 2570 3516 ἀδύνατον
2600 3449 2942 3521 πανταχόθεν
2960 3445 3331 3499 ἐπιδείκνυται
3350 3438 3478 3500 τοὺς
3512 3433 3799 3491 αὐτόπτας

2561 3546 2660 3602 καὶ
2706 3517 3032 3610 ὡςηάληθῶς
3084 3533 3388 3604 ὑπηρέτας,
3414 3526 3487 3581 ὧν
3520 3530 3547 3579 ὁ
3578 3523 3695 3595 βίος
3730 3517 3798 3591 ἦν

2210 3649 2302 3703 καὶ
2333 3648 2360 3700 ὁ
2390 3614 2587 3715 δρόμος
2629 3638 2844 3704 θανάτῳ
2878 3630 2939 3685 τὸ
2963 3624 3294 3682 Δεσποτικδν
3348 3617 3644 3693 βεϐαιῶσαι
3679 3614 3802 3684 φίλ-

2206 3758 2358 3811 τρον,
2385 3737 2480 3790 καὶ¹
2507 3733 2615 3787 τῶν
2656 3725 2824 3783 αὐτοῦ
2864 3721 3258 3790 θεσπισμάτων
3296 3714 3419 3788 (μὴ)
3454 3708 3801 3781 συπηρῆσαι

2209 3836 2269 3889 τὸ
2296 3824 2647 3901 ἁπαράϐατόν
2676 3839 2737 3875 τε
2770 3818 2866 3873 καὶ
2891 3814 3316 3886 ἀπερίτρεπτον.

2204 3555 2300 3610 τοῦ
2349 3553 2512 3620 λόγου

2286 4129 2371 4183 ιθ’.
2411 4125 2477 4179 Τί
2505 4125 2550 4178 δ’
2574 4123 2639 4177 ἂν
2674 4121 2851 4179 εἴποις
2878 4134 2892 4182 ;
2918 4114 3001 4178 τίς
3022 4112 3066 4167 δ’
3094 4110 3159 4165 ἄν
3210 4126 3271 4163 σε
3319 4117 3394 4179 μη
3437 4105 3576 4177 λάϐῃ
3629 4104 3802 4175 φρίκη

2216 4224 2309 4277 καὶ
2334 4221 2455 4282 δέος
2484 4215 2706 4270 ἐπειδὰν
2734 4212 2844 4265 τῶν
2871 4203 3248 4265 ἀποστολικῶν
3281 4200 3502 4270 θεσμῶν
3529 4197 3627 4261 τὰς
3646 4199 3805 4251 ἀπει-

2217 4311 2488 4383 λουμένας
2542 4306 2758 4377 ψήφους
2800 4299 3075 4370 ἀκούσῃς;
3106 4295 3172 4359 ἃς
3214 4295 3313 4364 οὐχ
3363 4288 3443 4355 είς
3492 4290 3651 4360 μόνον
3685 4286 3806 4341 οὐδέ

2219 4379 2491 4475 δεύτερος,
2519 4398 2643 4453 οὐδέ
2673 4395 2798 4451 καθ’
2825 4394 2924 4448 ένα
2975 4389 3215 4452 πλείους,
3256 4387 3480 4455 σύμπας
3512 4382 3558 4435 δ’
3587 4381 3616 4433 ό
3645 4379 3805 4450 χορδς

2220 4496 2331 4549 τῶν
2366 4469 2623 4565 μαθητῶν
2662 4486 2760 4557 τὴν
2808 4482 3142 4550 Δεσποτικὴν
3190 4477 3411 4547 ἐντολὴν
3457 4473 3716 4545 βεϐαιῶν,
3747 4469 3806 4524 οὐ

935 4565 1280 4673 quod-absit,
1324 4592 1420 4649 sed
1467 4565 1800 4646 stabiliendo
1845 4583 2087 4636 intentus

2188 4584 2387 4651 ’λύων,
2419 4585 2624 4651 ἄπαγε,
2655 4578 3001 4648 ἀπεφὴνατο.
3028 4573 3139 4627 Καὶ
3166 4569 3272 4624 ποῦ
3302 4568 3493 4622 λαϐεῖν
3529 4566 3679 4619 ἔστιν
3712 4565 3806 4618 αὐ-

2222 4679 2332 4735 τῶν
2374 4676 2435 4730 τὸ
2488 4672 2717 4747 φρικτὸν
2770 4671 2871 4741 τῆς
2923 4669 3103 4739 ἀρᾶςς
3136 4664 3329 4720 Αὐτῶν
3374 4662 3554 4733 χρεὼν
3587 4659 3808 4713 ἀκούειν

2222 4771 2332 4825 τῶν
2364 4766 2603 4839 οὐρανίῳ
2633 4765 2799 4836 ψήφῳ
2835 4760 3237 4831 κεκυρωμένων
3275 4755 3471 4825 φωνῶν
3508 4753 3621 4824 (46)
3648 4769 3662 4784 ·
3696 4750 3807 4803 δια-

2224 4860 2455 4932 πρύσιον
2517 4848 2679 4913 αὗται
2730 4854 2955 4925 βοῶσινο
2982 4871 3001 4903 ‹
3033 4850 3101 4904 Εἴ
3130 4866 3218 4913 τις
3272 4847 3570 4907 ἐπίσκοπος
3611 4844 3646 4914 ἢ
3687 4855 3808 4912 πρε-

2227 4953 2493 5024 σϐύτερος
2525 4948 2866 5021 (ἐπίστησον,
2910 4943 3189 5012 ἄνθρωπε,
3227 4938 3427 5012 μᾶλλον
3462 4936 3518 4989 δὲ
3543 4934 3666 4988 οὐδὲ
3697 4934 3811 4985 ἐπιο

2230 5023 2478 5108 στάσεως
2518 5039 2755 5097 ἐνταῦθα
2788 5037 2905 5091 δεῖ·
2933 5033 3255 5107 περιφανῶς
3302 5030 3412 5101 γὰρ
3440 5030 3474 5100 ἡ
3506 5023 3809 5091 Δεσποτικὴ

2225 5134 2491 5207 κυροῦται
2518 5128 2865 5201 παράδοσις),
2893 5125 2947 5179 εί
2962 5143 3045 5187 τις
3069 5121 3166 5178 οὖν
3188 5121 3330 5177 κατὰ
3361 5125 3459 5190 τὴν
3487 5117 3583 5173 τοῦ
3608 5116 3807 5187 Κυρίου

2225 5227 2469 5293 διάταξιν
2505 5226 2578 5296 μὴ
2605 5222 2860 5293 βαπτίσοι
2895 5220 2975 5279 είς
3013 5218 3234 5287 Πατέρα
3256 5216 3351 5269 καὶ
3376 5214 3505 5267 Υίὸν
3532 5212 3630 5265 καὶ
3656 5211 3807 5277 ἅγιον

2230 5320 2478 5390 Πνεῦμα,
2521 5315 2917 5386 καθαιρείσθω.
2952 5332 2969 5364 ι
3012 5312 3122 5367 Καὶ
3156 5311 3277 5364 οὐδὲ
3309 5309 3472 5381 μέχρι
3497 5305 3690 5358 τούτου
3720 5301 3809 5369 τὴν

2229 5412 2533 5481 καταδίκην
2585 5408 2843 5463 ίστῶσινε
2886 5404 3023 5460 ἀλλά
3072 5403 3169 5457 καὶ
3209 5404 3304 5455 ἐὰν
3329 5398 3610 5470 ὀνομάτων
3635 5410 3808 5465 παρα-

2226 5506 2413 5560 λαϐεῖν
2449 5506 2497 5556 οἱ
2523 5502 2875 5572 βαπτίζοντες
2902 5498 3325 5571 ἐπιχειρήσωσι,
3356 5492 3527 5566 μηδὲν
3561 5491 3699 5553 ὅλως
3727 5486 3809 5540 τὸν

2227 5749 2336 5817 tat_._
2371 5736 2555 5804 Quare
2585 5736 2768 5793 Pbotii
2792 5742 3204 5817 .argumentum
3256 5725 3680 5817 hiucnpetitum,
3710 5714 3805 5817 etsi

2226 5810 2435 5935 {:Icl‘llum
2468 5825 2578 5864 non
2619 5817 2724 5875 est,
2753 5791 2914 5862 vires"
2947 5816 3125 5861 tamen
3186 5791 3515 5875 apostolicus
3560 5813 3666 5851 non
3718 5791 3808 5843 ba-
