4144 6456
378 429 482 491 339
1318 429 1419 487 AD
1462 428 1987 489 AMPHILOCHIL‘

2100 430 2451 500 QUrESTIO
2488 431 2710 492 XLIII.
3567 439 3686 498 39.0.

374 538 609 611 ἀριθμὸν
642 538 740 609 τῆς
773 536 1004 607 Τριάδος
1045 535 1501 608 ὑποτεμνόμενοι,
1549 540 1659 592 οὐδ’
1681 538 1857 603 οὕτως
1884 541 1969 593 εὑ-

2089 542 2191 595 ιιιεί
2224 540 2448 605 fuerint,
2498 543 2626 598 licet
2654 541 2946 598 Trinitatis
2998 559 3294 600 numerum
3353 550 3674 608 noninimi-

379 632 664 703 ρίσκουσιν
689 629 981 700 ἀποφυγὴν
1006 628 1102 682 τοῦ
1145 630 1220 701 μὴ
1257 631 1380 701 οὐχὶ
1400 631 1501 702 τὴν
1529 633 1653 703 ἷσην
1684 632 1870 687 δοῦναι
1896 632 1973 686 δί-

2094 632 2317 697 iuerint,
2349 634 2715 691 nihilominus
2752 635 2889 705 quin
2916 651 3103 706 parem
3154 652 3373 708 poenam
3418 644 3673 712 subeant,

378 742 485 794 κην
505 741 520 757 ο
546 726 702 778 οὐδὲν
724 724 833 796 γὰρ
857 720 1020 795 ἦττον
1069 723 1178 775 οὐδ’
1207 717 1354 778 οὗτοι
1385 724 1444 777 τὸ
1472 727 1803 781 Δεσποτικὸν
1836 744 1973 798 προ-

2089 726 2192 781 leri
2223 743 2333 782 non
2360 736 2571 798 potest;
2597 744 2753 799 aeque
2804 730 2951 785 enim
2998 731 3285 788 Dominico
3319 735 3561 806 dogmati
3592 740 3676 795 in-

380 817 752 887 πηλακίζουσι
777 817 976 885 δόγμα.
1010 816 1135 869 Οὐδ’
1160 817 1228 870 ἂν
1261 817 1360 882 τάς
1388 817 1487 889 μὲν
1514 819 1735 889 κλήσεις
1762 820 1971 890 φυλάτ-

2089 818 2202 881 iurii
2227 828 2378 873 sunt.
2410 818 2477 872 Et
2504 820 2549 874 si
2588 819 2729 875 forte
2770 820 3171 891 appellationes
3214 826 3515 879 secundum
3563 834 3678 884 tra-

381 927 549 964 τωσιν
576 910 651 973 ὠς
681 910 1011 982 παρέλαὸον,
1042 912 1105 964 τὸ
1140 910 1327 981 σχῆμα
1352 910 1410 963 δέ
1443 912 1542 982 τῆς
1586 913 1644 965 ἐν
1668 912 1747 982 τῷ
1776 912 1976 982 βαπτί-

385 1020 551 1072 σματι
582 1002 930 1066 καταδύσεως
977 1003 1052 1075 μὴ
1091 1003 1489 1068 συνδυάσωσιν,
1526 1004 1663 1058 ἀλλά
1713 1004 1803 1058 διὰ
1843 1007 1975 1076 μιᾶς

382 1094 504 1147 ἀντὶ
527 1093 637 1145 τῶν
666 1092 836 1165 τριῶν
856 1094 948 1147 τὸν
988 1093 1391 1165 βαπτιζόμενον
1444 1094 1800 1161 τελειώσωσι,
1838 1097 1977 1167 μᾶλ-

382 1186 474 1240 λον
501 1186 556 1240 δὲ
601 1188 781 1240 εἰπεῖν
840 1187 1172 1257 οἰκειότερον
1221 1188 1634 1255 συντελέσωσιν,
1678 1190 1787 1244 οὐδ’
1824 1190 1978 1244 ἂντά

384 1279 485 1351 μὲν
518 1279 654 1334 ἄλλα
678 1280 779 1343 τῆς
800 1280 1024 1351 ἐντολῆς
1059 1279 1444 1347 ἐκτελέσωσιν,
1481 1284 1561 1345 εἰς
1607 1281 1665 1335 δὲ
1699 1282 1790 1335 τὸν
1815 1282 1979 1337 θάνα-

381 1388 474 1424 τον
503 1370 600 1423 τοῦ
630 1370 836 1443 Κυρίου
862 1371 1204 1442 βαπτίσωσιν
1224 1412 1239 1437 ,
1269 1370 1331 1423 οὐ
1367 1371 1467 1442 μὲν
1512 1371 1607 1426 οῦν
1652 1373 1755 1441 τῆς
1799 1374 1980 1436 αἰτίας

382 1464 483 1516 οὐκ
511 1460 863 1516 ἀπολύονται.
900 1462 990 1533 Τῷ
1037 1461 1082 1515 δ’
1134 1461 1287 1533 αὐτῷ
1312 1462 1706 1533 περιπίπτουσι
1739 1466 1833 1518 καὶ
1857 1467 1979 1536 κρί-

388 1570 520 1625 ματι
576 1554 671 1607 καὶ
728 1554 1043 1625 ἐγκλήματι
1066 1571 1080 1585 ο
1111 1557 1145 1625 ἡ
1179 1556 1289 1628 γὰρ
1327 1558 1385 1609 ἐν
1414 1559 1529 1621 τοῖς
1563 1558 1771 1628 ὁμοίοις
1799 1561 1980 1630 παρά-

383 1650 545 1713 6ασις
575 1649 675 1719 τὴν
707 1647 903 1719 ὁμοίαν
946 1649 1219 1721 τιμωρίαν
1272 1649 1688 1720 εἰσπράττεται.
1720 1651 1831 1705 Καὶ
1869 1653 1981 1724 γάρ

383 1742 581 1811 ἐπίσης
640 1740 777 1811 πρὸς
832 1741 933 1809 τὴν
989 1740 1251 1812 ἀθέτησιν
1292 1742 1652 1796 ἀποκλίνουσι
1682 1743 1785 1816 τῆς
1821 1745 1982 1799 σεϐα-

385 1837 549 1905 σμίου
601 1835 824 1904 ἐντολῆς
886 1834 983 1888 καὶ
1022 1835 1138 1888 ὅσοι
1196 1833 1320 1889 καθ’
1369 1834 1558 1904 ἔτερόν
1606 1852 1731 1891 τινα
1776 1838 1981 1907 τρόπον

2075 909 2336 964 ditionem
2394 911 2690 975 retineant,
2747 911 3018 966 rationem
3066 922 3248 967 tamen
3294 912 3351 967 in
3400 914 3677 985 baptismo

2076 1001 2375 1073 legitimam
2435 1016 2544 1057 non
2597 1002 2761 1057 simul
2817 1013 3107 1073 usurpent,
3162 1018 3353 1059 verum
3386 1006 3547 1062 unica
3577 1022 3678 1077 pro

2078 1097 2252 1152 tribus
2309 1094 2664 1151 immersione
2716 1093 3105 1163 baptizandum
3163 1095 3404 1161 initient,
3458 1110 3556 1150 seu
3620 1107 3679 1152 ut

2078 1185 2259 1255 aptius
2287 1185 2485 1255 loquar
2515 1185 2801 1255 perﬁciant
2834 1202 2847 1251 ;
2903 1185 3032 1240 item
3061 1184 3107 1240 si
3137 1185 3383 1255 reliquas
3422 1187 3682 1257 praecepti

2077 1285 2261 1345 partes
2291 1286 2505 1341 curent,
2564 1276 2617 1331 in
2663 1274 2872 1331 Christi
2905 1282 3089 1339 autem
3148 1286 3324 1331 morte
3376 1276 3678 1347 baptizent,

2078 1371 2312 1427 crimine
2372 1387 2480 1426 non
2533 1373 2850 1441 vacabunt;
2907 1374 3021 1428 imo
3084 1374 3230 1429 haud
3278 1375 3478 1429 minori
3521 1376 3680 1445 culpa

2079 1477 2334 1533 noxaque
2368 1473 2545 1518 semet
2575 1466 2845 1521 irretient.
2904 1464 3040 1520 Nam
3093 1481 3249 1536 aeque
3285 1466 3353 1521 ad
3386 1469 3681 1523 venerandi

2081 1558 2322 1612 mandati
2353 1559 2708 1615 violationem
2749 1560 3082 1615 incumbunt
3126 1569 3241 1615 tum
3280 1561 3373 1631 qui
3415 1561 3525 1615 alio
3575 1560 3683 1615 ritu

2081 1652 2329 1721 quolibet
2359 1661 2560 1722 praeter
2584 1652 2890 1722 legitimum
2934 1653 3249 1722 baptizant,
3288 1661 3402 1706 tum
3435 1652 3528 1721 qui
3559 1667 3685 1707 cum

2082 1746 2291 1804 Christi
2322 1761 2417 1806 aut
2450 1752 2646 1807 mortis
2674 1751 2924 1822 ejusdem
2960 1752 3331 1823 appellatione
3345 1752 3686 1821 baptismum

2088 1842 2413 1897 conﬁciunt.

386 1926 675 1997 βαπτίζειν
702 1926 1015 1998 ἐτόλμησαν
1040 1967 1055 1992 ,
1091 1926 1188 1982 καί⁹
1224 1928 1369 1992 ὅσοις
1397 1927 1544 1994 εδοξε
1579 1930 1648 2001 τῇ
1688 1930 1979 1999 ἐπικλήσει
2018 1933 2113 1987 τοῦ
2171 1935 2433 2005 Χριστοῦ,
2467 1938 2501 2008 ἢ
2571 1938 2667 1991 τοῦ
2729 1938 2965 1992 θανάτου
3018 1938 3207 2005 αὐτοῦ,
3278 1936 3685 2007 ίερουργεϊσθαι

382 2026 447 2079 τὸ
476 2025 784 2095 βάπτισμα.

460 2127 531 2175 κ’.
579 2118 850 2181 Ἀκούεις,
886 2111 932 2171 ὧ
962 2117 1180 2186 Παῦλε;
1223 2118 1367 2171 Ἀλλ’
1414 2120 1653 2191 ἀνάσχου
1704 2122 1799 2175 καὶ
1844 2122 1983 2193 μετά

2161 2121 2252 2175 20.
2296 2121 2517 2187 Audin’,
2558 2121 2768 2177 Paule?
2797 2120 2969 2192 Igitur
2997 2129 3050 2178 te
3090 2136 3346 2191 compara
3378 2132 3499 2192 post
3532 2138 3691 2178 coro-

391 2212 703 2281 στεφάνους
720 2211 857 2282 πρὸς
891 2211 1112 2278 ἀγῶνας
1145 2210 1479 2265 ἀποδύεσθαι
1507 2227 1523 2245 ο
1555 2213 1722 2267 πάλιν
1758 2214 1982 2285 πορθεῖς

388 2308 491 2377 τὴν
535 2306 882 2375 Ἐκκλησίαν,
918 2304 1080 2358 πάλιν
1112 2304 1405 2370 ἐπιστολὰς
1427 2305 1578 2377 παρά
1600 2307 1710 2361 τῶν
1753 2308 1981 2361 Ἰουδαῖ-

390 2398 504 2452 κῶν
552 2396 854 2467 ἀρχιερέων
894 2395 1216 2466 λαμϐάνεις,
1264 2397 1404 2467 μετά
1436 2397 1493 2449 δέ
1532 2397 1623 2451 τὸν
1660 2396 1873 2451 Παῦλον
1902 2401 1984 2462 εἰς

387 2491 593 2546 Σαῦλον
617 2491 865 2560 ἐξέστης.
903 2490 1016 2544 Καὶ
1047 2491 1166 2554 πῶς
1206 2491 1379 2545 ταῦτα
1423 2491 1665 2559 διδάξας,
1698 2494 1863 2548 πάλιν
1895 2493 1983 2546 λέ-

384 2602 507 2654 γεις
537 2584 618 2647 εἰς
644 2584 735 2636 τὸν
761 2582 998 2636 θάνατον
1032 2582 1126 2635 τοῦ
1176 2582 1418 2655 Χριστοῦ
1466 2586 1678 2649 πάντας
1727 2585 1986 2655 βαπτίζε-

387 2677 549 2741 σθαι;
588 2676 694 2728 Καὶ
720 2672 817 2729 νῦν
849 2675 948 2746 μέν
982 2675 1121 2746 μετὰ
1148 2675 1256 2728 τῶν
1289 2677 1704 2730 συναποστό).ων
1740 2679 1833 2731 καὶ
1862 2696 1986 2732 ουν-

383 2769 711 2839 αγωνιστῶν
744 2769 939 2831 ποινὰς
974 2769 1104 2831 τοὺς
1134 2768 1257 2821 καθ’
1282 2766 1341 2821 ’ἐν
1370 2784 1424 2821 τι
1451 2769 1661 2822 τούτων
1695 2768 1983 2839 βαπτίζειν

380 2863 704 2933 τολμῶντας
752 2862 1029 2926 ἀπαιτεῖς,
1066 2860 1160 2913 νῦν
1193 2860 1250 2913 δέ
1281 2859 1403 2913 καθ’
1431 2861 1625 2916 ἐαυτὸν
1667 2862 1982 2931 γενόμενος,

380 2958 447 3010 οὐ
481 2959 644 3027 μόνον
678 2955 861 3023 λέγεις
892 2954 1001 3007 οὐδ’
1034 2955 1090 3006 ἐν
1115 2953 1311 3023 γωνίᾳ,
1357 2953 1497 3007 ἀλλά
1525 2954 1620 3008 καὶ
1655 2955 1947 3026 κηρύττεις
1967 2972 1982 2987 ο

383 3050 484 3103 καὶ
552 3048 674 3119 οὐχὶ
733 3046 1029 3118 κηρύττεις
1089 3046 1232 3117 μὲν,
1278 3046 1343 3101 οὐ
1404 3046 1642 3120 γράφεις
1687 3049 1744 3102 δέ
1774 3088 1789 3113 ,
1848 3048 1985 3103 ἀλλά

385 3145 485 3197 καὶ
506 3143 795 3214 γράμματι
822 3142 884 3194 τὸ
912 3143 1176 3211 κήρυγμα
1210 3140 1510 3212 Ῥωμαίοις
1562 3141 1805 3211 μάλιστα
1846 3142 1985 3213 γρά-

388 3252 530 3303 φων,
555 3236 633 3297 εἰς
666 3235 882 3304 ἄμαχον
914 3232 1167 3302 ἐπαίρεις
1191 3231 1346 3302 ἰσχὺν
1396 3233 1474 3295 είς
1500 3231 1593 3285 τὸν
1629 3232 1860 3287 θάνατον
1888 3230 1983 3286 τοῦ

387 3325 629 3397 Χριστοῦ
644 3327 771 3389 τοὺς
795 3323 1228 3395 βαπτιζομένους
1254 3322 1636 3393 βαπτίζεσθαι.
1666 3322 1806 3376 Ἀλλ’
1833 3322 1862 3375 ὁ
1886 3324 1985 3394 μὲν

387 3420 490 3488 τῆς
516 3417 775 3489 ἀληθείας
824 3414 1003 3488 κῆρυξ
1038 3416 1145 3469 τῶν
1177 3416 1511 3483 εἰσαγόντων
1539 3415 1635 3469 τοῦ
1674 3415 1986 3486 βαπτίσμα-

382 3528 480 3574 τος
503 3512 600 3580 τὴν
628 3510 1005 3579 καινοτομίαν,
1042 3510 1300 3562 κάκεῖνον
1350 3508 1515 3561 αὑτὸν
1546 3508 1983 3578 ἐπιψηφίζεσθαι
2011 3482 2055 3542 C

385 3605 454 3673 τῇ
481 3602 606 3674 δόξῃ
638 3604 1114 3675 κατηγορούντων,
1138 3598 1239 3658 ὦδε
1275 3604 1342 3657 ἂν
1365 3604 1561 3668 αὐτοὺς
1585 3605 1983 3677 ἐπιστομίσειε.

462 3706 569 3753 καν.
600 3698 733 3766 Ναί,
767 3700 966 3770 φησιν,
994 3696 1243 3769 ὁμολογῶ
1276 3697 1374 3768 μὲν
1396 3698 1523 3761 τοὺς
1560 3697 1983 3768 βαπτισθέντας,

386 3794 472 3857 εἰς
500 3793 593 3847 τὸν
627 3793 860 3848 θάνατον
888 3792 983 3845 τοῦ
1013 3790 1256 3863 Χριστοῦ
1298 3790 1693 3860 βαπτίσασθαι,
1724 3792 1824 3863 οὐχ
1857 3794 1988 3863 ὁμο-

386 3887 537 3956 λογῶ
569 3887 624 3940 δὲ
659 3887 719 3941 τὺ
756 3886 1041 3957 βάπτισμα
1065 3889 1129 3957 τῇ
1154 3885 1248 3947 τοῦ
1276 3885 1508 3939 θανάτου
1543 3886 1709 3939 αὐτοῦ
1750 3888 1987 3959 ἐπικλή-

390 3996 480 4032 σει
512 3979 921 4049 ἰερουργεῖσθαι
950 3992 963 4007 °
997 3977 1071 4049 μὴ
1118 3977 1330 4046 γένοιτο
1362 3994 1376 4007 ·
1412 3977 1549 4032 ἀλλά
1577 3979 1854 4034 τελεῖσθαι
1884 3981 1989 4051 μὲν

386 4073 554 4128 τοῦτο
601 4073 662 4127 τὸ
708 4072 882 4144 δῶρον
928 4071 1031 4141 τῆς
1072 4068 1352 4140 ἀφέσεως,
1386 4068 1463 4133 ὡς
1511 4071 1674 4135 αὐτὸς
1720 4072 1749 4124 ὁ
1796 4073 1989 4143 Σωτὴρ

392 4166 780 4239 παραδέδωκεν
810 4168 891 4229 εἰς
921 4165 982 4218 τὸ
1013 4164 1187 4234 ὄνομα
1224 4162 1321 4216 τοῦ
1364 4163 1579 4236 Πατρὺς
1611 4166 1706 4217 καὶ
1731 4167 1824 4219 τοῦ
1855 4167 1987 4220 Υίοῦ

392 4258 613 4314 καὶτοῦ
650 4259 808 4326 ἁγίου
851 4257 1206 4328 Πνεύματοςο
1246 4256 1518 4328 σύμϐολον
1554 4256 1601 4309 δ’
1633 4252 1775 4311 εἶναι
1830 4259 1991 4313 τοῦτο

388 4351 491 4406 τοῦ
517 4351 750 4404 θανάτου
778 4349 967 4414 αὐτοῦ,
999 4349 1086 4402 διὰ
1115 4349 1215 4419 τῆς
1266 4349 1493 4420 τριττῆς
1540 4350 1891 4415 καταδύσεως
1932 4368 1991 4404 τε

393 4446 493 4499 καὶ
532 4442 843 4505 ἀναδύσεως
867 4442 967 4512 τὴν
995 4443 1296 4513 τριήμερον
1327 4441 1493 4495 αὐτοῦ
1523 4443 1705 4515 ταφὴν
1734 4445 1832 4497 καὶ
1858 4444 1991 4498 ἀνά-

395 4555 591 4591 στασιν
627 4535 891 4599 εἰκονίζον
927 4552 986 4588 τε
1034 4536 1129 4588 καὶ
1151 4535 1610 4605 διατυπούμενον.
1642 4536 1733 4589 Διὸ
1761 4536 1858 4589 καὶ
1890 4537 1991 4607 οὐχ

392 4630 586 4694 ἁπλῶς
617 4624 791 4694 εἷπον,
836 4647 855 4681 ι
892 4629 985 4691 Εἰς
1026 4627 1118 4680 τὸν
1160 4628 1389 4681 θάνατον
1426 4626 1593 4681 αὐτοῦ
1652 4627 1992 4699 ἐϐαπτίσθη-

399 4741 525 4796 μεν,
560 4741 578 4775 ι
614 4721 751 4776 ἀλλὰ
791 4718 1070 4793 προτάξας
1095 4720 1177 4787 τὸ,
1217 4738 1235 4772 ι
1278 4721 1437 4774 Ὅσοι
1472 4720 1555 4783 εἰς
1599 4719 1837 4790 Χριστὸν
1863 4720 1993 4773 ἐϐα-

2083 2230 2184 2269 nas
2241 2215 2309 2269 ad
2372 2215 2687 2270 subeundos
2749 2216 3025 2286 jagones:
3117 2231 3316 2270 rursus
3379 2215 3685 2270 Ecclesium

2083 2317 2299 2372 vastas,
2361 2323 2558 2363 rursus
2615 2308 2877 2377 epistolas
2930 2323 2962 2363 a
3006 2307 3255 2363 Judaicis
3325 2309 3688 2379 pontificibus

2084 2400 2259 2456 refers
2295 2418 2308 2455 :
2365 2417 2490 2455 cum
2519 2401 2632 2471 jam
2659 2399 2865 2457 Paulus
2896 2400 3089 2460 fueris.
3125 2402 3325 2455 iterum
3372 2401 3425 2453 in
3457 2399 3688 2454 Saulqu

2087 2494 2304 2549 recidis.
2349 2493 2485 2548 Nam
2513 2510 2611 2549 cur
2639 2493 2733 2565 qui
2775 2493 2903 2548 talia
2954 2493 3233 2558 docueris,
3295 2510 3441 2548 nunc
3494 2508 3688 2548 omnes

2079 2587 2242 2658 jubes
2296 2588 2349 2642 in
2404 2588 2606 2643 Christi
2658 2597 2833 2642 morte
2892 2587 3209 2657 baptizari?
3272 2586 3336 2640 Et
3366 2587 3529 2642 modo
3559 2603 3689 2642 cum

2086 2681 2351 2751 apostolis
2393 2681 2752 2749 laborumque
2781 2680 2951 2734 sociis
2998 2694 3191 2749 poenas
3222 2680 3290 2734 ab
3323 2680 3390 2734 iis
3421 2681 3689 2749 reposcis,

2084 2773 2178 2843 qui
2215 2788 2341 2828 cum
2377 2772 2622 2842 qualibet
2650 2787 2713 2825 ex
2750 2771 2834 2825 bis
2870 2770 3064 2825 formis
3107 2771 3391 2839 baptizare
3423 2772 3541 2825 ausi
3572 2770 3691 2825 fue-

2086 2866 2236 2931 rint;
2291 2864 2458 2919 modo
2511 2864 2631 2933 ipse
2690 2863 2974 2934 sigillatim
3010 2878 3121 2917 non
3159 2862 3339 2917 solum
3397 2863 3450 2917 in
3486 2864 3689 2933 angulo

2086 2956 2248 3023 dicis,
2284 2956 2380 3011 sed
2404 2966 2459 3011 et
2488 2955 2797 3026 praedicas:
2838 2970 2939 3009 nec
2991 2954 3171 3009 solum
3222 2953 3511 3023 prmdieas,
3549 2955 3688 3009 scri-

2086 3050 2265 3105 bendo
2310 3057 2491 3103 tamen
2521 3048 2830 3111 abstinens,
2892 3046 2987 3101 sed
3039 3046 3240 3101 litteris
3275 3054 3330 3100 et
3368 3046 3589 3116 quidem
3622 3046 3690 3100 ad

2090 3142 2367 3197 Romanos
2415 3141 2638 3210 scriptis
2690 3140 3025 3210 praaconium
3080 3138 3500 3203 commendans,
3532 3153 3689 3192 sum-

2089 3251 2234 3289 mam
2290 3234 2490 3289 tribuis
2560 3233 2946 3287 auctoritatem
3015 3231 3289 3301 baptismo
3348 3232 3404 3285 in
3482 3230 3701 3286 Christi

2089 3338 2268 3384 morte
2318 3329 2540 3383 collato.
2598 3326 2707 3382 Sed
2766 3327 2915 3381 enim
2952 3326 3202 3381 veritatis
3249 3340 3430 3396 praeco
3468 3341 3566 3381 eos
3596 3327 3692 3395 qui

2090 3421 2349 3492 baptismi
2379 3420 2676 3475 nox-italem
2708 3418 2995 3483 invehunt,
3041 3432 3211 3487 seque
3261 3418 3439 3486 ipsum
3474 3427 3692 3472 senten-

2090 3517 2176 3570 tia:
2210 3530 2399 3570 eorum
2432 3513 2719 3584 astipulari
2746 3513 3175 3578 calumniantur,
3229 3512 3306 3567 sic
3342 3511 3452 3565 fere
3489 3509 3697 3567 refuta—

2088 3606 2187 3663 bit.

2158 3700 2248 3754 2|.
2292 3698 2557 3770 Equidem
2633 3712 2734 3767 ego
2797 3695 2885 3751 aio
2915 3695 3218 3765 baptizatos
3246 3694 3581 3765 baptismum
3638 3696 3692 3749 in

2090 3793 2296 3850 Christi
2331 3802 2504 3848 morte
2534 3791 2846 3857 recepisse;
2880 3803 2989 3843 non
3027 3795 3206 3842 tamen
3239 3787 3327 3841 aio
3358 3786 3692 3856 baptismum

2093 3886 2146 3941 in
2182 3885 2431 3956 ejusdem
2460 3882 2654 3937 mortis
2685 3880 3037 3936 invocatione
3075 3877 3317 3935 conferri
3347 3896 3361 3944 ;
3399 3879 3547 3947 quod
3597 3877 3695 3932 ah-

2093 3979 2205 4045 sit;
2259 3978 2352 4034 sed
2415 3977 2539 4031 dico
2581 3975 2929 4029 remissionis
2978 3972 3083 4027 hoc
3119 3973 3327 4025 donum
3364 3972 3503 4037 fieri,
3533 3980 3697 4040 prout

2094 4074 2211 4143 ipse
2270 4071 2529 4126 Servator
2574 4068 2821 4130 tradidit,
2885 4066 2939 4121 in
2998 4065 3222 4120 nomine
3268 4064 3449 4120 Patris
3491 4075 3545 4119 et
3567 4063 3693 4118 Filii

2092 4176 2146 4222 et
2187 4166 2426 4231 Spiritus
2481 4164 2657 4217 sancti
2693 4179 2706 4215 :
2752 4160 2805 4214 id
2863 4175 2993 4214 vero
3025 4175 3147 4213 esse
3195 4158 3507 4229 symbolum
3541 4173 3694 4212 mor~

2094 4259 2168 4311 tis
2222 4256 2363 4324 ejus,
2409 4254 2538 4323 quia
2601 4251 2775 4304 tribus
2837 4248 3289 4303 immersionibus
3355 4248 3694 4319 totidemque

2094 4346 2501 4404 emersiouibus
2531 4343 2853 4398 triduanam
2909 4340 3085 4410 ipsius
3120 4341 3455 4410 sepulturam
3506 4353 3691 4395 resur-

2092 4440 2503 4507 rectionemque
2526 4435 2793 4491 deformat
2818 4442 2982 4504 atque
3003 4433 3282 4503 exprimit.
3320 4433 3531 4487 Idcirco
3548 4433 3692 4486 haud

2096 4531 2421 4601 simpliciter
2441 4527 2557 4582 dixi
2584 4546 2597 4582 :
2624 4546 2642 4578 ι
2665 4526 2721 4580 ln
2747 4535 2923 4580 morte
2945 4525 3065 4595 ejus
3088 4525 3344 4594 baptizati
3367 4541 3561 4579 sumus
3578 4524 3645 4589 δν),
3670 4544 3687 4575 ι

2096 4624 2191 4683 sed
2210 4639 2333 4679 cum
2358 4631 2525 4677 antea
2537 4620 2799 4675 dixissem
2824 4636 2837 4674 :
2863 4638 2881 4671 ι
2902 4617 3180 4687 Quotquot
3205 4618 3257 4670 in
3279 4615 3501 4671 Christo
3518 4616 3694 4684 bapti-

2098 4716 2205 4770 zati
2228 4728 2443 4778 sumus,
2468 4730 2486 4762 ι
2513 4711 2710 4766 deinde
2730 4708 2936 4774 addidi,
2971 4726 2988 4759 ι
3020 4708 3076 4762 In
3098 4720 3273 4765 morte
3295 4708 3412 4778 ejus
3432 4707 3694 4777 baptizati

400 4817 738 4888 πτίσθημεν,
777 4835 796 4868 ι
823 4815 998 4878 οὕτως
1043 4815 1327 4885 ἐπήγαγον
1362 4814 1423 4867 τὸ
1458 4832 1477 4865 ι
1511 4815 1609 4878 Εἰς
1638 4814 1730 4868 τὸν
1758 4814 1987 4868 θάνατον

2102 4811 2306 4866 fuimus
2333 4810 2376 4841 δι
2413 4824 2427 4861 :
2468 4825 2486 4859 ι
2522 4806 2732 4862 scilicet
2756 4805 2859 4859 hac
2883 4804 3134 4874 proxima
3159 4802 3530 4858 differentium
3564 4816 3692 4857 sen-

394 4909 567 4966 αύτοῦ
597 4908 1063 4978 ἐϐαπτίστθημεν·
1091 4926 1109 4958 ι
1139 4909 1205 4978 τῇ
1227 4907 1368 4961 κατά
1389 4905 1671 4978 συνέχειαν
1691 4907 1992 4979 παραθέσει

393 5001 511 5056 τῶν
535 5001 809 5072 διαφόρων
832 4999 1051 5053 ἐννοιῶν
1080 5016 1140 5052 τε
1181 4999 1276 5053 καὶ
1308 5000 1611 5069 ὀνομάτων,
1644 5001 1785 5054 κατὰ
1822 5002 1992 5071 μηδε-

400 5089 537 5161 μίαν
568 5089 667 5160 μέν
708 5087 1118 5158 ίερουργεῖσθαι
1161 5088 1224 5140 τὸ
1275 5087 1563 5159 βάπτισμα
1612 5088 1989 5161 διδαξάμενος,

396 5178 431 5249 ἢ
472 5178 581 5248 γὰρ
614 5176 680 5230 ἂν
710 5176 971 5230 τάναντία
995 5177 1090 5229 καὶ
1126 5175 1366 5247 μάλιστα
1403 5178 1520 5247 ἅμα
1570 5178 1786 5249 φρονῶν
1812 5196 1871 5232 τε
1900 5182 1995 5233 καὶ

396 5271 576 5338 λέγων
617 5268 878 5332 ἑαλωκὼς
919 5267 1063 5340 εἴην.
1144 5256 1310 5324 ’Λλλά
1348 5268 1437 5322 διὰ
1494 5269 1594 5340 μέν
1643 5270 1741 5323 τοῦ
1794 5274 1993 5338 εἰπεῖν,

401 5383 421 5417 ι
470 5363 563 5426 Εἰς
594 5362 832 5432 Χριστὸν
871 5360 1308 5432 ἐϐαπτίσθημεν,
1339 5381 1360 5415 ι
1394 5363 1477 5415 ὅτι
1517 5361 1659 5415 κατὰ
1702 5362 1801 5434 τὴν
1832 5363 1997 5418 αὑτοῦ

398 5456 795 5529 μυσταγωγίαν
827 5455 1193 5527 βαπτισθῆναι
1236 5457 1600 5528 παρεδήλωσα
1622 5473 1635 5485 ·
1669 5458 1754 5510 διά
1796 5458 1851 5512 δέ
1901 5459 1996 5513 τοῦ

475 5662 521 5693 δθ
555 5659 712 5715 Rulli.
753 5676 827 5726 γι,
860 5662 912 5716 5.
988 5661 1028 5691 ⁵³
1070 5658 1203 5714 ibid.
1279 5660 1321 5692 ³⁸
1359 5657 1524 5714 llebr.
1561 5675 1631 5724 ιν,
1679 5660 1759 5714 l5.

2103 4904 2401 4960 tentiarum
2452 4916 2517 4956 ac
2570 4902 2855 4955 nominum
2913 4896 3220 4965 adjectionc
3271 4895 3407 4951 satis
3467 4895 3691 4959 docens,

2104 4999 2408 5055 secundum
2442 4996 2645 5050 nullam
2674 5010 2739 5049 ex
2769 4994 2854 5047 his
2887 4991 3079 5046 formis
3109 4990 3441 5060 baptismum
3471 4989 3689 5044 confici.

2104 5092 2359 5163 Alioquin
2394 5090 2668 5145 contraria
2706 5087 2943 5141 maxime
2978 5094 3031 5140 et
3067 5085 3269 5139 sentire
3300 5092 3353 5137 et
3384 5083 3569 5137 dicere
3597 5097 3692 5136 co-

2105 5198 2384 5254 arguerer.
2415 5179 2521 5235 Sed
2559 5194 2743 5235 revera
2778 5194 2903 5231 cum
2931 5177 3082 5230 dixi:
3123 5195 3140 5227 ι
3176 5176 3233 5230 In
3262 5174 3481 5231 Christo
3516 5173 3689 5243 bapli.

2108 5275 2213 5329 zati
2251 5288 2464 5338 sumus,
2502 5291 2520 5324 ι
2554 5270 2859 5326 secundum
2887 5268 3007 5339 cjus
3037 5267 3289 5323 initiandi
3319 5267 3482 5322 ritum
3519 5266 3693 5335 bapti-

2110 5376 2262 5423 zatos
2295 5380 2397 5420 nos
2431 5363 2747 5428 declaravi;
2781 5377 2906 5416 cum
2940 5370 3122 5416 autem
3151 5360 3263 5414 dixi
3291 5377 3304 5413 :
3350 5378 3367 5411 ι
3409 5359 3464 5413 In
3517 5367 3695 5412 mmte

2109 5460 2230 5532 ejus
2301 5456 2558 5527 baptizati
2630 5455 2855 5520 luimus,
2899 5472 2918 5506 ι
2972 5452 3108 5508 nihil
3164 5452 3308 5508 aliud
3365 5449 3717 5521 signifieavik

1932 5778 2166 5835 NOTA‘I.

479 5900 592 5971 (47)
632 5898 836 5954 Cauou.
881 5908 1053 5967 aposl.
1085 5899 1172 5963 i8,
1212 5898 1299 5953 49.
1334 5894 1465 5952 ltcni
1492 5898 1673 5953 Const.
1706 5910 1879 5967 (ιροδι.
1917 5898 2015 5953 lib.
2056 5914 2149 5967 ru,
2184 5896 2287 5951 25.,
