4144 6434
548 386 649 451 3'31

1708 388 1969 449 PHOTII
2007 390 2519 453 PATRIARCILE
2544 394 2653 454 (ΞΡ.

3705 399 3811 463 332

547 504 654 558 nisi
690 501 839 573 quod
872 500 1172 571 baptismus
1231 514 1261 557 a
1296 498 1589 557 Scrvatore
1621 501 1908 557 institutus
1934 512 2120 573 typum

2235 507 2421 566 εἰπεῖν,
2463 528 2479 558 ι
2519 507 2611 569 Εἰς
2643 507 2733 559 τὸν
2762 506 2991 562 θάνατον
3027 506 3193 562 αὑτοῦ
3214 506 3643 580 ἐϐαπτίσθημεν,
3686 530 3706 563 ι
3728 515 3810 566 ὄτι

542 611 656 667 prae
684 611 743 649 se
772 594 876 649 fert
906 605 1069 663 atque
1106 593 1361 663 imaginis
1413 603 1644 648 mortem
1687 595 1829 664 ejus,
1862 611 1984 666 quae
2024 595 2125 649 im-

543 687 895 744 mortalitatis
946 686 1149 741 foutem
1203 685 1362 741 nobis
1408 686 1687 741 reseravit.
1732 686 1891 741 Aliud
1940 696 2122 742 autem

542 781 772 835 omnino
821 790 904 835 est
937 779 1018 834 sic
1063 777 1212 848 loqui
1249 787 1305 832 ut
1358 793 1459 834 nos
1502 778 1811 845 ediximus,
1854 778 2002 834 aliud
2043 789 2128 834 est

544 874 813 929 adﬁrmare
843 874 987 942 (quae
1016 872 1271 925 damnata
1308 887 1336 924 a
1368 870 1524 925 nobis
1549 871 1816 925 sententia
1843 869 1946 940 est)
1974 886 2128 941 rege-

547 964 850 1019 nerationis
923 962 1248 1030 mysterium
1321 977 1446 1015 cum
1527 961 1870 1015 invocatione
1933 960 2128 1016 mortis

545 1055 749 1110 Christi
784 1053 1007 1109 conﬁeri
1039 1052 1284 1108 solitum.
1328 1050 1483 1105 Haud
1523 1066 1625 1107 nos
1672 1050 1839 1119 igitur
1889 1060 2126 1104 mentem

545 1148 984 1212 immutavimus,
1036 1160 1218 1216 neque
1249 1145 1313 1199 ad
1366 1142 1626 1199 Judaicas
1655 1126 1919 1213 Epistolas
1941 1142 2055 1212 jam
2096 1159 2126 1195 a

545 1243 707 1299 nobis
741 1240 1079 1311 itnprobatas
1120 1239 1320 1294 reversi
1350 1253 1547 1293 sumus
1584 1255 1597 1291 :
1627 1237 1719 1308 qui
1742 1236 1991 1291 videlicet
2019 1250 2130 1291 ca:-

544 1332 702 1389 lestia
730 1332 983 1401 dogmata
1017 1347 1124 1384 non
1154 1330 1209 1384 in
1255 1330 1502 1399 lapideis.
1552 1329 1644 1383 sed
1690 1327 2024 1382 ﬁrmissimis
2074 1333 2131 1383 et

546 1441 829 1495 nunquam
860 1423 1173 1495 frangendis
1188 1423 1355 1476 animi
1386 1421 1585 1476 tabulis
1615 1421 2017 1491 inscripsimus.
2052 1420 2129 1475 Illi

548 1520 730 1589 potius
762 1517 993 1572 Paulum
1038 1516 1429 1572 transformare
1472 1516 1525 1570 in
1577 1515 1804 1570 Saulum
1853 1515 2126 1578 nituntur,

550 1626 711 1685 atque
756 1615 810 1667 in
865 1614 988 1669 aliis
1040 1613 1307 1683 ejusmodi
1364 1612 1691 1677 obtrectant,
1725 1626 2039 1680 quanquam
2076 1610 2128 1665 id

547 1712 726 1779 ipsum
768 1709 923 1763 fateri
955 1723 1049 1762 eos
1081 1706 1264 1776 pudet,
1311 1720 1451 1774 quos
1494 1720 1781 1775 perperam
1828 1705 2130 1774 intelligere

547 1813 603 1857 et
633 1800 953 1857 calumniari
991 1813 1270 1853 sermones
1292 1812 1440 1850 meos
1471 1796 1644 1865 juvat.
1677 1794 1787 1863 Ego
1810 1810 1950 1850 sane
1978 1810 2129 1849 com-

2226 597 2398 650 τύπον
2437 600 2597 668 φέρει
2622 600 2717 651 καὶ
2742 598 2929 651 είκόνα
2956 599 3050 653 τοῦ
3085 600 3186 672 τὴν
3206 600 3505 654 ἀθανασίαν
3534 604 3671 671 ἡμῖν
3702 622 3810 674 πη-

2227 686 2498 755 γάσαντος
2552 688 2785 743 θανάτου
2833 688 2999 742 αὑτοῦ
3051 690 3115 743 τὸ
3179 692 3449 761 σωτήριον
3504 691 3812 765 βάπτισμα.

2229 779 2459 851 Ἕτερον
2503 780 2560 833 δέ
2602 780 2885 845 παντελῶς
2927 782 3045 835 ἐστι
3090 781 3271 850 λέγειν
3313 782 3489 837 ταῦτα
3531 785 3672 855 ὅπερ
3721 788 3815 839 καὶ

2227 872 2393 939 ἡμεῖς
2418 871 2708 941 τιθέμεθα,
2744 872 2839 924 καὶ
2870 872 3057 943 ἕτερον
3081 872 3143 925 τὸ
3165 873 3347 941 λέγειν
3371 874 3453 926 ὅτι
3480 876 3545 945 τῇ
3577 876 3817 947 ἐπικλή-

2231 979 2317 1015 σει
2345 961 2438 1015 τοῦ
2466 962 2699 1016 θανάτου
2724 962 2914 1026 αὐτοῦ,
2952 964 2982 1017 ὃ
3011 965 3468 1037 καταδικάζομεν,
3490 967 3551 1019 τὸ
3573 967 3679 1037 τῆς
3713 986 3817 1021 πα-

2229 1053 2571 1121 λιγγενεσίας
2618 1054 2985 1123 ῖερουργεῖται
3034 1058 3355 1128 μυστήριον.
3414 1057 3621 1113 Οὔκουν
3653 1062 3821 1128 ἡμεῖς

2234 1148 2596 1218 μετέστημεν,
2627 1148 2750 1201 οὐδὲ
2781 1150 2921 1219 πρὸς
2949 1150 3048 1213 τὰς
3098 1150 3398 1214 Ίουδαῖκάς
3429 1151 3727 1215 ἐπιστολὰς
3742 1143 3819 1205 ὧν

2232 1239 2585 1310 κατέγνωμεν
2622 1241 3051 1313 ἐπεστράφημεν
3075 1258 3090 1273 ’
3132 1243 3281 1308 ἅπαξ
3339 1244 3409 1297 τὰ
3460 1244 3696 1315 οὐράνια
3735 1244 3821 1297 δό-

2231 1348 2417 1402 γματα
2446 1333 2547 1385 οὐκ
2589 1334 2647 1386 ἐν
2677 1332 2904 1397 λιθίναις
2930 1334 3146 1402 πλαξὶν,
3173 1336 3290 1389 ἀλλ’
3325 1338 3384 1389 ἐν
3423 1337 3822 1409 στερροτάταις

2233 1425 2329 1477 καὶ
2369 1424 2701 1495 ἀθραύστοις
2736 1427 3106 1497 ἐγγραφέντες
3166 1428 3268 1499 τῆς
3330 1430 3512 1501 ψυχῆς
3575 1430 3819 1495 πίναξιν.

2244 1514 2473 1567 Ἐκεῖνοι
2498 1514 2553 1567 δὲ
2582 1515 2842 1586 μεθιστᾷν
2863 1517 3202 1587 ἐπιχειροῦσι
3226 1520 3317 1573 τὸν
3340 1520 3550 1573 Παῦλον
3577 1523 3660 1584 είς
3678 1519 3822 1575 Σαῦ-

2233 1603 2341 1668 λον,
2370 1606 2464 1657 καὶ
2492 1605 2566 1657 τὰ
2611 1605 2746 1658 ἄλλα
2778 1606 3150 1677 διασύρουσιν,
3198 1608 3302 1663 κᾶν
3341 1610 3631 1679 ὁμολογεῖν
3662 1611 3824 1663 ἐπαιο

2235 1696 2558 1765 σχύνωνται,
2587 1691 2668 1761 οἷς
2694 1702 2985 1768 παρανοεῖν
3007 1702 3101 1754 καὶ
3122 1705 3477 1769 συκοφαντεῖν
3503 1704 3630 1766 τοὺς
3652 1703 3826 1773 ἐμοὺς

2233 1788 2435 1859 ἐπῆλθε
2461 1789 2655 1857 λόγους
2679 1807 2694 1822 ο
2731 1792 2854 1843 ἐπεὶ
2892 1792 2991 1855 τάς
3020 1810 3082 1861 γε
3129 1794 3315 1858 κοινάς
3339 1795 3451 1848 τῶν
3475 1799 3821 1849 συναποστά-

548 1913 742 1952 munes
777 1910 1021 1949 meorum
1065 1894 1116 1947 in
1155 1892 1459 1961 apostolalu
1507 1891 1781 1945 sociorum
1829 1889 2129 1943 sententias

2235 1880 2339 1934 λων
2368 1882 2584 1951 ψήφους
2616 1885 2709 1935 καὶ
2744 1883 2907 1947 αὐτὸς
2952 1886 3155 1954 ὁμοίως
3209 1887 3453 1958 στέργων
3487 1890 3581 1941 καὶ
3611 1888 3821 1959 κυρῶν,

547 1990 661 2057 ipsc
691 2002 913 2056 quoque
936 1985 1269 2053 amplectens
1296 1998 1359 2037 ac
1402 1983 1672 2044 sanciens,
1719 1981 1968 2035 homines
2006 1980 2129 2036 illos

544 2084 638 2151 qui
673 2082 781 2135 alio
811 2079 1007 2149 quovis
1042 2078 1201 2131 modo
1232 2076 1509 2145 baptizare
1544 2074 1764 2137 audent,
1788 2090 1953 2143 quant
1988 2074 2045 2127 ﬁt
2074 2074 2126 2128 in

546 2169 833 2223 Dominica
865 2166 1111 2220 initiandi
1144 2164 1418 2230 formula;
1451 2164 1665 2218 etiamsi
1711 2162 1996 2217 Trinitatis
2027 2163 2128 2217 tria

546 2259 767 2312 nomina
800 2257 1115 2318 adhibeant,
1148 2253 1362 2308 etiamsi
1418 2253 1552 2306 nihil
1595 2252 1934 2320 reliquorum
1964 2251 2130 2305 omit-

544 2358 700 2411 tant;
734 2349 779 2401 si
810 2357 986 2400 tamen
1019 2347 1071 2398 hi
1104 2360 1207 2398 una
1242 2343 1597 2398 immersinne
1637 2341 1969 2411 baptismum
2002 2356 2131 2393 con-

540 2440 763 2505 ﬁciant;
789 2447 845 2493 et
882 2439 927 2493 si
979 2452 1047 2491 ne
1075 2437 1127 2491 id
1182 2436 1403 2505 quidem
1436 2435 1805 2499 committant,
1830 2432 1923 2489 sed
1958 2432 2042 2488 vel
2076 2434 2128 2487 in

543 2531 753 2587 Christi
798 2531 1146 2584 invocatione
1195 2528 1499 2598 baptizeut,
1542 2526 1627 2581 vel
1673 2526 1726 2580 in
1766 2525 1887 2593 eius
1931 2534 2130 2592 morte,

545 2626 628 2680 vel
659 2625 821 2678 aliam
857 2622 1159 2692 quamlibet
1207 2621 1530 2686 novitatem,
1586 2628 1783 2689 prmtcr
1824 2616 2132 2673 Servatoris

546 2716 917 2779 traditionem,
949 2715 1292 2784 excogitent;
1322 2729 1421 2783 ego
1447 2713 1547 2767 hos
1578 2711 1724 2765 nulla
1759 2712 1914 2765 venia
1938 2711 2134 2781 digna-

546 2810 685 2875 bor;
728 2809 822 2864 sed
856 2824 978 2863 eum
1014 2808 1108 2877 qui
1147 2810 1227 2860 vel
1261 2807 1315 2859 in
1366 2821 1476 2875 uno
1501 2822 1528 2855 σε
1552 2804 1885 2873 supradictis
1932 2820 2133 2873 pecca-

545 2902 687 2956 verit
718 2901 802 2955 vel
830 2900 882 2953 in
910 2900 1018 2953 alio
1047 2898 1238 2963 simili,
1273 2898 1393 2951 sine
1420 2897 1589 2950 dubio
1611 2912 1764 2950 reum
1802 2910 1979 2965 agam.
2011 2893 2131 2949 Non

546 2996 693 3052 enim
745 2995 872 3065 quia
916 2994 1200 3048 nominum
1248 2990 1485 3060 qualitas
1526 2989 1789 3055 variatur,
1845 2989 1965 3043 idco
2018 2988 2135 3042 leve

546 3089 753 3142 crimen
781 3086 1166 3149 contrahitur;
1205 3083 1299 3139 sed
1334 3084 1461 3152 quia
1513 3082 1832 3137 mandatum
1871 3081 2131 3144 violatur,

546 3180 754 3237 idcirco
789 3194 913 3233 reus
947 3176 1301 3232 damnatione
1332 3174 1544 3228 feritur.
1576 3174 1702 3229 [hoc
1730 3173 1936 3227 Paulus
1959 3173 2135 3227 eccle‘

544 3274 639 3327 sia:
665 3281 877 3335 orator,
910 3268 1048 3324 mori
1080 3267 1248 3338 hujus
1281 3266 1546 3337 praxique
1591 3265 1966 3335 patrocinans,
2010 3264 2134 3318 Ser-

542 3364 750 3419 vatoris
798 3370 1127 3432 praeceptum
1168 3358 1529 3422 conﬁrmans,
1564 3371 1629 3411 os
1678 3356 1900 3409 illorum
1949 3354 2135 3409 occlu-

543 3456 680 3510 dens
710 3454 803 3524 qni
833 3451 1169 3507 contrarium
1208 3449 1457 3504 factitare
1501 3446 1620 3502 ausi
1663 3456 1871 3512 essent,
1901 3462 2131 3501 suorum

545 3552 726 3598 autem
758 3543 811 3595 in
845 3540 1113 3595 electione
1155 3548 1212 3592 et
1255 3537 1563 3607 apostolatu
1604 3551 1998 3604 praecessorum
2035 3536 2136 3589 de-

546 3646 694 3689 creta
729 3631 908 3702 sigillo
932 3631 1205 3683 muniens.
1237 3626 1319 3681 Tu
1351 3642 1479 3681 vero
1506 3626 1637 3697 quid
1660 3625 1772 3696 jam
1802 3626 1925 3679 ais?
1950 3626 2136 3680 ﬁerine

544 3726 722 3796 potuit
761 3733 821 3777 ut
864 3722 1093 3794 apostoli
1144 3718 1635 3790 transgressionem
1680 3719 1805 3772 aliis
1837 3718 2137 3788 exprobra-

546 3824 689 3879 rent,
724 3813 826 3883 ipsi
868 3811 1112 3883 magistri
1145 3810 1610 3879 transgressionis
1632 3809 1846 3863 essent?
1877 3819 2041 3878 atquc
2068 3809 2136 3864 ab

546 3907 670 3963 aliis
695 3921 853 3962 noxa:
880 3920 1070 3974 pinnas
1107 3911 1499 3973 reposcerent;
1534 3901 1636 3971 ipsi
1675 3901 1898 3971 impune
1939 3918 2135 3971 pecca-

548 4014 701 4057 turos
732 4016 791 4056 se
819 3998 1136 4055 crederent?
1166 3996 1297 4068 quid
1326 3996 1498 4065 quod,
1542 3996 1587 4050 si
1623 3996 1753 4065 quid
1800 3996 1891 4051 alii
1942 4013 2138 4067 pceca-

546 4097 700 4158 bant,
735 4093 783 4148 si
837 4102 1017 4147 tamen
1070 4090 1391 4160 peccabant,
1448 4088 1551 4158 ipsi
1616 4088 1688 4143 ob
1747 4088 1800 4143 id
1859 4089 2129 4158 plectendi

543 4196 720 4253 erant,
750 4188 877 4257 quia
903 4201 1072 4241 causa
1104 4184 1355 4239 criminis
1381 4183 1485 4237 illis
1520 4181 1781 4237 fuerant?
1807 4183 1911 4249 Sed
1946 4184 2133 4240 hacte-

543 4298 657 4339 nus
681 4281 819 4337 dicta
845 4278 1137 4335 sufﬁciant.

2231 1976 2358 2038 τοὺς
2399 1974 2525 2027 καθ’
2555 1975 2745 2047 ἔτερόν
2771 1992 2897 2029 τινα
2921 1977 3122 2048 τρόπον
3153 1978 3438 2049 βαπτίζειν
3472 1981 3825 2050 ἀποτολμὼνο

2230 2083 2329 2131 τας
2360 2067 2452 2120 καὶ
2481 2069 2556 2139 μὴ
2593 2067 2737 2121 κατὰ
2765 2068 2866 2138 τὴν
2891 2070 3231 2141 Δεσποτικὴν
3275 2076 3691 2141 μυσταγωγξαν,
3723 2073 3826 2125 κᾶν

2232 2158 2332 2227 τῆς
2358 2158 2587 2228 Τριάδος
2633 2158 2897 2230 ίσάριθμα
2940 2161 3009 2214 τὰ
3034 2161 3274 2231 ὀνόματα
3308 2163 3823 2235 παραλαμϐάνωσι,

2233 2250 2335 2303 κᾶν
2370 2252 2527 2305 οὐδὲν
2562 2253 2660 2322 μὲν
2694 2252 2803 2305 τῶν
2834 2252 3011 2308 ἄλλων
3043 2255 3537 2327 παραχαράττωσι,
3571 2256 3661 2309 διὰ
3694 2258 3825 2326 μιᾶς

2232 2345 2288 2398 δὲ
2320 2344 2673 2408 καταδύσεως
2695 2346 2756 2398 τὸ
2785 2345 3068 2415 βάπτισμα
3099 2348 3468 2419 ἀπαρτίζωσι,
3519 2348 3621 2401 κᾶν
3690 2348 3824 2419 μηδὲ

2230 2440 2443 2502 τούτοις
2493 2440 2825 2509 ἐνέχωνται,
2857 2441 2936 2503 εἰς
2987 2441 3044 2493 δὲ
3082 2441 3181 2511 τὴν
3227 2441 3321 2495 τοῦ
3351 2442 3590 2513 Χριστοῦ
3631 2442 3827 2512 κλῆσιν

2236 2529 2656 2600 βαπτίζωσιν,ἢ
2696 2531 2776 2593 είς
2822 2530 2920 2601 τὴν
2964 2529 3058 2582 τοῦ
3099 2530 3331 2584 θανάτου
3375 2532 3563 2597 αὑτοῦ,
3597 2530 3702 2585 κᾶν
3734 2532 3824 2585 άλ-

2234 2623 2468 2692 ληντινά
2490 2622 2733 2675 ἐπίνοιαν
2754 2625 3083 2693 ἐπινοήσωσι
3099 2624 3529 2694 καινοτομοῦσαν
3550 2625 3649 2695 τὴν
3675 2623 3827 2678 θείαν

2235 2716 2399 2770 αὐτοῦ
2428 2718 2520 2770 καὶ
2549 2718 2816 2787 σωτήριον
2853 2716 3175 2788 παράδοσιν,
3218 2698 3475 2787 οὐδεμιᾶς
3502 2718 3681 2786 ἔγωγε
3712 2734 3826 2786 φει·

2234 2807 2358 2872 δοῦς
2382 2810 2510 2871 τοὺς
2547 2809 2825 2873 τοιούτους
2858 2808 3156 2879 ἀξιώσαιμι
3180 2826 3193 2841 ’
3218 2810 3355 2864 ἀλλὰ
3384 2810 3474 2862 τὸν
3500 2809 3583 2879 ἐφ’
3607 2810 3692 2863 ἐνὶ
3722 2810 3827 2862 τινὶ

2235 2898 2346 2952 τῶν
2379 2900 2690 2970 εἰρημένων
2721 2900 2939 2965 ἁλόντα,
2970 2901 3003 2971 ἢ
3033 2901 3142 2954 τινὶ
3156 2901 3265 2953 τῶν
3293 2900 3504 2963 τούτοις
3533 2900 3829 2971 παραπλη-

2239 2992 2390 3055 σίων,
2422 2992 2525 3063 τῆς
2553 2993 2725 3062 αὐτῆς
2756 2992 3058 3064 καταδίκης
3078 2994 3176 3064 οὐχ
3207 2994 3399 3063 ἁλοίην
3432 2993 3506 3065 μὴ
3539 2994 3828 3064 γραφόμε-

2237 3100 2327 3146 νος
2356 3082 2562 3153 ένοχον.
2591 3083 2665 3136 Ού
2698 3083 2806 3154 γάρ
2833 3086 2866 3155 ἡ
2907 3086 3005 3155 τῆς
3056 3086 3165 3138 τῶν
3198 3086 3480 3156 ὀνομάτων
3538 3086 3826 3156 ποιότητος

2239 3175 2511 3247 ἐναλλαγὴ
2538 3176 2672 3246 πρὸς
2697 3177 2757 3229 τὸ
2784 3176 3009 3247 μέτριον
3034 3179 3157 3247 ἄγει
3174 3177 3233 3231 τὸ
3260 3177 3535 3248 ἔγκλημα,
3568 3177 3711 3231 ἀλλὰ
3735 3176 3828 3246 τῆς

2238 3268 2455 3337 ἐντολῆς
2486 3269 2518 3338 ή
2548 3268 2861 3338 παράϐασις
2881 3270 2978 3341 τῆς
3016 3271 3184 3340 αὐτῆς
3232 3272 3534 3342 καταδίκης
3584 3272 3702 3335 τοῖς
3739 3272 3828 3328 ἐνι

2236 3356 2385 3427 όχοις
2408 3359 2733 3412 καθίσταται
2762 3361 3041 3432 πρόξενος.
3072 3361 3261 3415 Ταῦτα
3308 3361 3522 3425 Παῦλος
3553 3362 3654 3432 τῆς
3707 3363 3825 3415 Ἐκ-

2238 3449 2471 3521 κλησίας
2498 3452 2527 3503 ὀ
2562 3452 2769 3522 ῥήτωρ,
2805 3451 3121 3523 συνηγορῶν
3160 3454 3260 3523 μὲν
3285 3454 3459 3523 αὐτῆς
3492 3453 3567 3523 τῷ
3600 3454 3828 3507 ἕθεικαῖ⁸

2237 3544 2355 3606 ταῖς
2394 3544 2652 3614 πράξεσι,
2691 3546 2979 3615 κρατύνων
3028 3545 3084 3599 δέ
3130 3546 3228 3617 τὴν
3277 3549 3544 3617 σωτήριον
3581 3548 3825 3617 ἐντολὴηι,

2238 3635 2611 3703 ἐπιστομίζων
2666 3637 2723 3690 δὲ
2770 3639 2895 3702 τοὺς
2939 3640 3053 3693 ὅσοι
3093 3641 3229 3711 πρὸς
3278 3641 3592 3694 τούναντίον
3638 3642 3828 3712 ῥέπειν

2238 3724 2624 3797 ἐπεχείρησαν,
2671 3728 2781 3783 τῶν
2827 3731 3209 3802 προλαϐόντων
3249 3732 3413 3787 αὐτὸν
3439 3734 3521 3795 εἰς
3549 3733 3649 3803 τὴν
3676 3733 3825 3787 ἐκλο-

2238 3816 2341 3886 γὴν
2362 3818 2457 3871 καὶ
2484 3819 2787 3890 ἀποστολὴν
2821 3823 3358 3894 ἐπισφραγιζόμενος
3385 3824 3455 3878 τὰ
3474 3824 3822 3896 ψηφίσματα.

2239 3909 2312 3963 Σὺ
2351 3909 2407 3961 δὲ
2436 3910 2487 3963 τί
2512 3910 2692 3979 λέγεις
2724 3912 2802 3966 ἔτι
2832 3930 2845 3979 ;
2889 3910 2999 3984 ἆρα
3041 3916 3265 3970 δυνατόν
3317 3920 3466 3971 ἐστιν
3510 3918 3695 3982 ἄλλοις
3731 3917 3827 3988 μὲν

2240 3998 2557 4069 παράϐασιν
2611 4002 2887 4071 ἐγκαλεῖν,
2929 4006 3127 4070 αὐτοὺς
3178 4007 3235 4060 δὲ
3289 4007 3649 4061 καθίστασθαι
3691 4009 3829 4062 διδα-

2241 4092 2473 4155 σκάλους
2518 4093 2617 4164 τῆς
2652 4096 3019 4163 παραϐάσεως
3042 4115 3063 4165 ;,
3101 4099 3194 4153 καὶ
3216 4098 3514 4170 λαμϐάνειν
3548 4101 3647 4170 μὲν
3694 4100 3825 4170 παρ’

2240 4185 2445 4256 ἐτέρων
2469 4190 2567 4257 τῆς
2595 4188 2965 4259 παραϐάσεως
2992 4191 3204 4255 ποινὰς,
3236 4193 3463 4256 ἑαυτοὺς
3496 4194 3553 4246 δὲ
3582 4195 3826 4264 νομίζειν

2240 4278 2567 4342 ἀνευθύνους
2594 4277 2733 4333 εἶναι
2771 4281 2869 4335 τοῦ
2919 4283 3308 4356 τολμήματοςς
3342 4287 3435 4339 καί
3477 4304 3566 4340 τοι
3608 4289 3702 4339 καὶ
3752 4279 3824 4338 ὧν

542 4378 863 4451 ἡμάρτανον
892 4373 1091 4443 ἕτεροι,
1134 4370 1292 4441 εἴπερ
1325 4369 1664 4441 ἡμάρτανον,
1696 4369 1939 4433 ἐκείνους
1963 4370 2133 4440 ἐχρῆν
2176 4371 2399 4443 ὑπέχειν
2430 4372 2531 4443 τὴν
2561 4373 2741 4446 δίκην,
2799 4376 2875 4441 ὡς
2933 4378 3033 4449 τῆς
3058 4380 3236 4443 αἰτίας
3261 4380 3357 4433 ἀπ’
3377 4381 3557 4434 αὐτῶν
3577 4382 3658 4443 εἰς
3683 4376 3823 4434 ἐκεί-

543 4490 671 4537 γους
729 4469 999 4538 δοθείσης.
1075 4464 1235 4518 Ἀλλὰ
1297 4463 1406 4535 γάρ
1465 4465 1628 4519 ἱκανὰ
1679 4465 1772 4517 καὶ
1819 4463 1993 4518 ταῦτα
2045 4460 2218 4536 οἶμαι,

615 4564 708 4618 22.
736 4563 890 4615 Nunc
916 4576 1024 4614 uno
1055 4560 1254 4614 intuitu
1285 4560 1574 4614 videndum
1600 4567 1873 4629 superest,
1905 4560 2133 4628 quibus-

2310 4562 2414 4631 κβ’.
2446 4564 2650 4635 Καιρδς
2675 4565 2719 4618 δ’
2744 4566 2811 4619 ἂν
2838 4568 2922 4639 εἴη
2954 4569 3188 4639 συνορᾷν
3214 4567 3280 4621 δι’
3310 4567 3450 4621 ὅσων
3490 4567 3588 4622 τοῦ
3644 4567 3702 4635 ἐξ
3732 4567 3823 4637 ἀρ-

546 4673 673 4713 nam
706 4671 770 4710 ex
806 4654 1147 4725 argumentis
1180 4652 1473 4721 propositas
1506 4651 1575 4706 ab
1611 4651 1771 4705 initio
1812 4651 2137 4721 quaestionis

548 4750 750 4806 solutio
784 4748 1046 4802 dimanet.
1080 4744 1205 4799 [hcc
1248 4746 1425 4814 primo
1457 4760 1486 4797 a
1512 4744 1853 4814 singulorum
1884 4743 2136 4799 vocabuli

548 4860 735 4899 nomen
777 4840 1184 4913 signiﬁcatuum
1235 4838 1609 4901 distinctione,
1649 4847 1815 4908 atque
1862 4852 1892 4890 a
1941 4836 2134 4892 confu—

548 4936 723 4992 sionis
752 4932 1226 4989 discriminatiouc
1258 4930 1547 4985 deducitur
1576 4948 1590 4983 :
1640 4930 1713 4983 ita
1763 4936 1819 4982 ut
1848 4929 2137 4998 perspicue

545 5030 789 5083 sciamus
822 5027 1167 5096 quandonam
1216 5040 1403 5077 nomen
1443 5022 1809 5091 signiﬁcatum
1855 5022 2135 5092 proprium

546 5118 778 5181 habeat;
806 5117 1025 5187 quando
1054 5116 1182 5169 item
1208 5113 1435 5184 gloriam
1469 5113 1841 5181 honoremque
1868 5112 2134 5167 nominati

544 5212 796 5276 denotet;
851 5224 1046 5264 rursus
1103 5207 1324 5276 quando
1392 5206 1638 5276 ejusdem
1711 5205 2018 5260 doctrinam
2073 5221 2138 5261 ac

544 5302 1011 5372 praedicationem.
1048 5299 1214 5355 Favet
1258 5308 1517 5370 praetcrea
1574 5298 1833 5353 solutioni
1875 5298 1919 5353 si
1967 5298 2137 5368 probe

547 5411 865 5462 noscamus,
903 5394 1048 5449 haud
1094 5392 1432 5448 adamttssim
1480 5408 1783 5461 congruere
1812 5409 1935 5446 cum
1984 5392 2135 5447 vocis

545 5499 674 5561 typo
704 5488 1101 5544 sententiarum
1130 5486 1569 5542 similitudinem.
1611 5484 1745 5540 Nam
1785 5501 1961 5555 neque
1986 5487 2136 5541 loeu-

547 5576 724 5636 tlones
756 5580 809 5634 in
844 5579 1045 5635 Christi
1092 5588 1288 5644 morte,
1335 5588 1389 5633 et
1419 5579 1473 5633 in
1506 5577 1727 5633 Christo
1760 5579 2045 5649 baptizari.
2080 5588 2135 5634 et

547 5673 603 5726 in
631 5686 742 5725 uno
761 5687 1008 5739 corpore,
1039 5670 1142 5725 sub
1172 5671 1365 5726 eodem
1394 5673 1543 5727 vocis
1570 5672 1849 5727 schemate
1880 5672 2131 5727 eamdem

548 5758 872 5814 sententiam
907 5760 1168 5814 exhibent
1204 5774 1218 5813 :
1265 5760 1361 5815 sed
1404 5769 1668 5830 quantum
1717 5763 1799 5816 ha:
1840 5763 2130 5818 verborum

557 5865 624 5903 ac
656 5849 936 5904 nominum
976 5850 1420 5920 pronuntiatione
1456 5855 1717 5923 proximae
1748 5854 1979 5915 invicem
2005 5864 2135 5913 sunt

2238 4653 2341 4725 χῆς
2369 4656 2725 4728 ἀπορήματος
2775 4661 3225 4731 ἐπιχειρημάτων
3272 4661 3644 4734 προελήλυθεν
3671 4664 3703 4732 ἡ
3733 4660 3823 4713 λύε

2240 4763 2345 4809 σις.
2378 4748 2597 4819 Πρόεισι
2628 4751 2725 4820 μὲν
2755 4753 2864 4824 γὰρ
2893 4752 3016 4805 καθ’
3050 4752 3146 4807 ἕνα
3179 4752 3336 4822 λόγον
3359 4752 3821 4822 διαστελλομένων

2236 4838 2348 4892 τῶν
2383 4842 2800 4912 σημαινομένων
2821 4844 2921 4898 τοῦ
2957 4844 3229 4915 ὀνόματος
3260 4845 3357 4899 καὶ
3382 4846 3481 4914 τῆς
3506 4843 3820 4915 συγχύσεως

2237 4931 2661 5003 διακρινομένης
2683 4950 2696 4963 ·
2723 4934 2798 4998 ὡς
2822 4953 2881 4988 τε
2914 4936 3102 5005 σαφῶς
3127 4937 3325 4990 εἰδέναι
3350 4936 3481 4990 πότε
3509 4935 3612 5007 μὲν
3634 4936 3694 4988 τὸ
3728 4934 3821 4988 κύ-

2240 5043 2356 5096 ριον
2384 5027 2517 5081 αὐτὸ
2534 5026 2657 5082 καθ’
2690 5029 2856 5082 ἑαυτὸ
2879 5029 2939 5083 τὸ
2969 5030 3159 5099 ὄνομα
3186 5030 3475 5101 σημαίνει,
3502 5030 3633 5083 πότε
3663 5029 3719 5083 δὲ
3738 5027 3819 5081 δό-

2240 5118 2338 5185 ξαν
2364 5120 2458 5174 καὶ
2482 5121 2650 5191 τιμὴν
2675 5122 2770 5175 τοῦ
2820 5122 3249 5193 ὀνομαζομένου,
3281 5123 3376 5175 καὶ
3416 5121 3549 5175 πότε
3596 5123 3695 5193 τὴν
3728 5122 3809 5176 δι-

2236 5210 2534 5266 δασκαλίαν
2573 5212 2739 5268 αὑτοῦ
2765 5214 2859 5268 καὶ
2902 5214 2963 5267 τὸ
3008 5217 3292 5286 κήρυγμα.
3323 5215 3723 5285 Συνεπικροτεῖ
3763 5212 3818 5265 δὲ

2236 5301 2336 5372 τὴν
2359 5303 2514 5359 λύσιν
2542 5306 2636 5359 καὶ
2688 5306 2749 5359 τὸ
2793 5305 2981 5360 λαϐεῖν
3033 5306 3347 5377 ἐπιστήμην
3409 5305 3485 5376 μὴ
3534 5302 3820 5366 διαπαντὸς

2236 5394 2468 5449 ἕπεσθαι
2521 5396 2600 5467 τῷ
2660 5397 2818 5469 τύπῳ
2866 5399 2966 5469 τῆς
3018 5398 3204 5468 φωνῆς
3257 5398 3357 5468 τὴν
3390 5397 3499 5450 τῶν
3534 5398 3817 5468 νοημάτων

2233 5489 2549 5559 ὁμοιότητα.
2584 5490 2718 5544 Οὐδὲ
2750 5490 2859 5561 γάρ
2882 5491 2943 5545 τὸ
2967 5493 3045 5557 είς
3071 5492 3162 5545 τὸν
3185 5492 3413 5546 θάνατον
3430 5492 3523 5546 τοῦ
3556 5490 3815 5564 Χριστοῦ,

2235 5582 2356 5635 ούδέ
2407 5582 2472 5637 τὸ
2519 5585 2601 5648 εἰς
2646 5585 2885 5656 Χριστὸν
2920 5585 3283 5657 βαπτισθῆναι
3323 5585 3601 5655 λέγεσθαι,
3634 5587 3694 5640 ού
3722 5584 3816 5657 μὲν

2234 5668 2330 5727 οὖν
2366 5674 2483 5727 ἀλλ’
2511 5676 2634 5730 ούδέ
2662 5676 2724 5729 τὸ
2748 5678 2828 5742 είς
2864 5676 2923 5729 ἒν
2949 5678 3133 5748 σῶμα,
3160 5679 3251 5732 διὰ
3282 5677 3344 5731 τό
3376 5678 3562 5749 σχῆμα
3586 5678 3687 5748 τῆς
3717 5695 3814 5748 φω-

2239 5765 2338 5836 νῆς
2394 5766 2495 5838 τὴν
2552 5769 2723 5839 αὐτὴν
2772 5774 3193 5842 παραστήσουσι
3236 5772 3519 5825 διάνοιανο
3549 5771 3664 5825 ἀλλ’
3698 5772 3812 5823 ὅσον

2238 5855 2412 5911 ταῦτα
2445 5860 2512 5929 τῇ
2547 5862 2797 5932 προφορᾷ
2832 5860 2941 5915 τῶν
2967 5862 3228 5935 ῥημάτων
3261 5859 3356 5916 καὶ
3385 5862 3494 5916 τῶν
3540 5861 3811 5933 ὀνομάτων
