  <div class='ocr_page' id='page_1' title='image "/cluster/home/n/w/nwhite01/storage/ocr_20150623/101:no.1/coo.31924054870054/190.png"; bbox 0 0 4144 6432; ppageno 0'>
   <div class='ocr_carea' id='block_1_1' title="bbox 361 402 2662 479">
    <p class='ocr_par' dir='ltr' id='par_1_1' title="bbox 361 402 2662 479">
     <span class='ocr_line' id='line_1_1' title="bbox 361 402 2662 479; baseline 0.007 -22"><span class='ocrx_word' id='word_1_1' title='bbox 361 402 470 470; x_wconf 57' lang='grc'><strong>333⁷</strong></span> <span class='ocrx_word' id='word_1_2' title='bbox 1317 409 1415 468; x_wconf 83' lang='lat' dir='ltr'><strong>AD</strong></span> <span class='ocrx_word' id='word_1_3' title='bbox 1452 409 2042 469; x_wconf 83' lang='lat' dir='ltr'><strong>AMPHILOCHIUM</strong></span> <span class='ocrx_word' id='word_1_4' title='bbox 2085 409 2431 479; x_wconf 64' lang='lat' dir='ltr'><strong>QUIESTIO</strong></span> <span class='ocrx_word' id='word_1_5' title='bbox 2461 413 2662 474; x_wconf 81' lang='lat' dir='ltr'><strong>XLIV.</strong></span> 
     </span>
    </p>
   </div>
   <div class='ocr_carea' id='block_1_2' title="bbox 3531 405 3634 467">
    <p class='ocr_par' dir='ltr' id='par_1_2' title="bbox 3531 405 3634 467">
     <span class='ocr_line' id='line_1_2' title="bbox 3531 405 3634 467; baseline -0.01 0"><span class='ocrx_word' id='word_1_6' title='bbox 3531 405 3634 467; x_wconf 59' lang='lat'><strong>334</strong></span> 
     </span>
    </p>
   </div>
   <div class='ocr_carea' id='block_1_3' title="bbox 369 521 1951 594">
    <p class='ocr_par' dir='ltr' id='par_1_3' title="bbox 369 521 1942 594">
     <span class='ocr_line' id='line_1_3' title="bbox 369 521 1942 594; baseline -0.001 -19"><span class='ocrx_word' id='word_1_7' title='bbox 369 524 680 593; x_wconf 77' lang='grc' dir='ltr'>συνεγγίζει</span> <span class='ocrx_word' id='word_1_8' title='bbox 707 541 767 579; x_wconf 85' lang='grc' dir='ltr'><strong>τε</strong></span> <span class='ocrx_word' id='word_1_9' title='bbox 799 523 894 581; x_wconf 77' lang='grc' dir='ltr'>καὶ</span> <span class='ocrx_word' id='word_1_10' title='bbox 925 521 1412 594; x_wconf 78' lang='grc' dir='ltr'>συσχηματίζεται,</span> <span class='ocrx_word' id='word_1_11' title='bbox 1437 523 1692 576; x_wconf 88' lang='grc' dir='ltr'>τοσοῦτον</span> <span class='ocrx_word' id='word_1_12' title='bbox 1719 522 1815 575; x_wconf 86' lang='grc' dir='ltr'><strong>ἀπ’</strong></span> <span class='ocrx_word' id='word_1_13' title='bbox 1843 523 1942 576; x_wconf 86' lang='grc' dir='ltr'>ἀλ-</span> 
     </span>
    </p>
   </div>
   <div class='ocr_carea' id='block_1_4' title="bbox 2057 521 3632 594">
    <p class='ocr_par' dir='ltr' id='par_1_4' title="bbox 2057 522 3632 594">
     <span class='ocr_line' id='line_1_4' title="bbox 2057 522 3632 594; baseline -0.002 -18"><span class='ocrx_word' id='word_1_14' title='bbox 2057 531 2096 576; x_wconf 68' lang='lat' dir='ltr'><strong>zt</strong></span> <span class='ocrx_word' id='word_1_15' title='bbox 2129 523 2505 594; x_wconf 78' lang='lat' dir='ltr'><strong>configuratac,</strong></span> <span class='ocrx_word' id='word_1_16' title='bbox 2533 526 2867 580; x_wconf 84' lang='lat' dir='ltr'><strong>tantumdem</strong></span> <span class='ocrx_word' id='word_1_17' title='bbox 2892 526 3031 580; x_wconf 90' lang='lat' dir='ltr'><strong>inter</strong></span> <span class='ocrx_word' id='word_1_18' title='bbox 3046 540 3104 580; x_wconf 91' lang='lat' dir='ltr'><strong>se</strong></span> <span class='ocrx_word' id='word_1_19' title='bbox 3117 522 3378 578; x_wconf 72' lang='lat' dir='ltr'><strong>differunt</strong></span> <span class='ocrx_word' id='word_1_20' title='bbox 3405 531 3632 574; x_wconf 87' lang='lat' dir='ltr'><strong>senten-</strong></span> 
     </span>
    </p>
   </div>
   <div class='ocr_carea' id='block_1_5' title="bbox 363 613 1940 688">
    <p class='ocr_par' dir='ltr' id='par_1_5' title="bbox 363 613 1940 688">
     <span class='ocr_line' id='line_1_5' title="bbox 363 613 1940 688; baseline 0.001 -21"><span class='ocrx_word' id='word_1_21' title='bbox 363 613 547 684; x_wconf 84' lang='grc' dir='ltr'>λήλων</span> <span class='ocrx_word' id='word_1_22' title='bbox 577 616 720 670; x_wconf 87' lang='grc' dir='ltr'><strong>κατά</strong></span> <span class='ocrx_word' id='word_1_23' title='bbox 741 618 840 688; x_wconf 80' lang='grc' dir='ltr'>τὴν</span> <span class='ocrx_word' id='word_1_24' title='bbox 863 617 970 670; x_wconf 86' lang='grc' dir='ltr'><strong>τῶν</strong></span> <span class='ocrx_word' id='word_1_25' title='bbox 995 615 1284 684; x_wconf 77' lang='grc' dir='ltr'><strong>νοημάτων</strong></span> <span class='ocrx_word' id='word_1_26' title='bbox 1304 614 1588 684; x_wconf 82' lang='grc' dir='ltr'><strong>διέστηκεν</strong></span> <span class='ocrx_word' id='word_1_27' title='bbox 1605 613 1907 683; x_wconf 73' lang='grc' dir='ltr'><strong>ἑτερότητα</strong></span> <span class='ocrx_word' id='word_1_28' title='bbox 1923 654 1940 668; x_wconf 86' lang='grc'><strong>.</strong></span> 
     </span>
    </p>
   </div>
   <div class='ocr_carea' id='block_1_6' title="bbox 361 703 1952 778">
    <p class='ocr_par' dir='ltr' id='par_1_6' title="bbox 361 703 1952 778">
     <span class='ocr_line' id='line_1_6' title="bbox 361 703 1952 778; baseline -0.001 -20"><span class='ocrx_word' id='word_1_29' title='bbox 361 705 475 759; x_wconf 74' lang='grc' dir='ltr'><strong>Καὶ</strong></span> <span class='ocrx_word' id='word_1_30' title='bbox 519 707 658 778; x_wconf 79' lang='grc' dir='ltr'>πρὸς</span> <span class='ocrx_word' id='word_1_31' title='bbox 687 707 897 771; x_wconf 79' lang='grc' dir='ltr'><strong>τούτοις</strong></span> <span class='ocrx_word' id='word_1_32' title='bbox 940 706 976 761; x_wconf 81' lang='grc' dir='ltr'>ἃ</span> <span class='ocrx_word' id='word_1_33' title='bbox 1019 709 1141 770; x_wconf 76' lang='grc' dir='ltr'>ταῖς</span> <span class='ocrx_word' id='word_1_34' title='bbox 1185 706 1373 768; x_wconf 82' lang='grc' dir='ltr'>ἄλλαις</span> <span class='ocrx_word' id='word_1_35' title='bbox 1420 704 1787 758; x_wconf 83' lang='grc' dir='ltr'>ἐπιδέδεικται</span> <span class='ocrx_word' id='word_1_36' title='bbox 1833 703 1952 757; x_wconf 83' lang='grc' dir='ltr'><strong>τῶν</strong></span> 
     </span>
    </p>
   </div>
   <div class='ocr_carea' id='block_1_7' title="bbox 363 785 1943 867">
    <p class='ocr_par' dir='ltr' id='par_1_7' title="bbox 363 785 1943 867">
     <span class='ocr_line' id='line_1_7' title="bbox 363 785 1943 867; baseline -0.004 -18"><span class='ocrx_word' id='word_1_37' title='bbox 363 795 586 850; x_wconf 82' lang='grc' dir='ltr'>ἀτόπων</span> <span class='ocrx_word' id='word_1_38' title='bbox 611 796 996 867; x_wconf 82' lang='grc' dir='ltr'><strong>συνεπομένων</strong></span> <span class='ocrx_word' id='word_1_39' title='bbox 1013 794 1346 849; x_wconf 81' lang='grc' dir='ltr'>ἐπιλύσεσιν.</span> <span class='ocrx_word' id='word_1_40' title='bbox 1378 794 1498 846; x_wconf 86' lang='grc' dir='ltr'><strong>Ἔτι</strong></span> <span class='ocrx_word' id='word_1_41' title='bbox 1537 791 1593 844; x_wconf 80' lang='grc' dir='ltr'>δὲ</span> <span class='ocrx_word' id='word_1_42' title='bbox 1616 792 1696 845; x_wconf 85' lang='grc' dir='ltr'>ὅτι</span> <span class='ocrx_word' id='word_1_43' title='bbox 1724 792 1800 862; x_wconf 84' lang='grc' dir='ltr'>μὴ</span> <span class='ocrx_word' id='word_1_44' title='bbox 1831 785 1943 844; x_wconf 75' lang='grc' dir='ltr'>οἷον</span> 
     </span>
    </p>
   </div>
   <div class='ocr_carea' id='block_1_8' title="bbox 364 881 1944 958">
    <p class='ocr_par' dir='ltr' id='par_1_8' title="bbox 364 881 1944 958">
     <span class='ocr_line' id='line_1_8' title="bbox 364 881 1944 958; baseline -0.004 -18"><span class='ocrx_word' id='word_1_45' title='bbox 364 883 436 958; x_wconf 77' lang='grc' dir='ltr'>ἦν</span> <span class='ocrx_word' id='word_1_46' title='bbox 484 887 594 940; x_wconf 79' lang='grc' dir='ltr'><strong>τῶν</strong></span> <span class='ocrx_word' id='word_1_47' title='bbox 656 887 912 958; x_wconf 81' lang='grc' dir='ltr'><strong>μαθητῶν</strong></span> <span class='ocrx_word' id='word_1_48' title='bbox 955 888 1056 957; x_wconf 77' lang='grc' dir='ltr'>τὴν</span> <span class='ocrx_word' id='word_1_49' title='bbox 1103 885 1198 940; x_wconf 87' lang='grc' dir='ltr'><strong>τοῦ</strong></span> <span class='ocrx_word' id='word_1_50' title='bbox 1246 884 1574 939; x_wconf 83' lang='grc' dir='ltr'>διδασκάλου</span> <span class='ocrx_word' id='word_1_51' title='bbox 1621 881 1944 953; x_wconf 78' lang='grc' dir='ltr'>νομοθεσίαν</span> 
     </span>
    </p>
   </div>
   <div class='ocr_carea' id='block_1_9' title="bbox 369 973 1945 1054">
    <p class='ocr_par' dir='ltr' id='par_1_9' title="bbox 369 973 1945 1054">
     <span class='ocr_line' id='line_1_9' title="bbox 369 973 1945 1054; baseline -0.004 -20"><span class='ocrx_word' id='word_1_52' title='bbox 369 979 835 1050; x_wconf 84' lang='grc' dir='ltr'>καινοτομούντων</span> <span class='ocrx_word' id='word_1_53' title='bbox 875 980 1141 1054; x_wconf 78' lang='grc' dir='ltr'><strong>ἑτέρωθεν</strong></span> <span class='ocrx_word' id='word_1_54' title='bbox 1184 977 1618 1049; x_wconf 78' lang='grc' dir='ltr'><strong>ἀνακτήσασθαι,</strong></span> <span class='ocrx_word' id='word_1_55' title='bbox 1656 973 1796 1028; x_wconf 86' lang='grc' dir='ltr'><strong>ἀλλά</strong></span> <span class='ocrx_word' id='word_1_56' title='bbox 1848 975 1945 1028; x_wconf 76' lang='grc' dir='ltr'>καὶ</span> 
     </span>
    </p>
   </div>
   <div class='ocr_carea' id='block_1_10' title="bbox 366 1067 1946 1144">
    <p class='ocr_par' dir='ltr' id='par_1_10' title="bbox 366 1067 1946 1144">
     <span class='ocr_line' id='line_1_10' title="bbox 366 1067 1946 1144; baseline -0.004 -18"><span class='ocrx_word' id='word_1_57' title='bbox 366 1073 502 1143; x_wconf 79' lang='grc' dir='ltr'>αὑτὴ</span> <span class='ocrx_word' id='word_1_58' title='bbox 538 1073 703 1143; x_wconf 72' lang='grc' dir='ltr'>μέχρι</span> <span class='ocrx_word' id='word_1_59' title='bbox 739 1072 833 1126; x_wconf 88' lang='grc' dir='ltr'><strong>νῦν</strong></span> <span class='ocrx_word' id='word_1_60' title='bbox 867 1072 1089 1144; x_wconf 83' lang='grc' dir='ltr'>ἐκράτει</span> <span class='ocrx_word' id='word_1_61' title='bbox 1132 1071 1231 1142; x_wconf 87' lang='grc' dir='ltr'><strong>τῆς</strong></span> <span class='ocrx_word' id='word_1_62' title='bbox 1259 1070 1480 1140; x_wconf 79' lang='grc' dir='ltr'>ἐντολῆς</span> <span class='ocrx_word' id='word_1_63' title='bbox 1525 1069 1802 1140; x_wconf 80' lang='grc' dir='ltr'><strong>ἀθέτησις,</strong></span> <span class='ocrx_word' id='word_1_64' title='bbox 1845 1067 1946 1121; x_wconf 76' lang='grc' dir='ltr'>οὐκ</span> 
     </span>
    </p>
   </div>
   <div class='ocr_carea' id='block_1_11' title="bbox 364 1161 1944 1234">
    <p class='ocr_par' dir='ltr' id='par_1_11' title="bbox 364 1161 1944 1234">
     <span class='ocr_line' id='line_1_11' title="bbox 364 1161 1944 1234; baseline -0.001 -20"><span class='ocrx_word' id='word_1_65' title='bbox 364 1163 596 1233; x_wconf 82' lang='grc' dir='ltr'>ἐχούσης</span> <span class='ocrx_word' id='word_1_66' title='bbox 624 1163 858 1234; x_wconf 84' lang='grc' dir='ltr'>πάροδον</span> <span class='ocrx_word' id='word_1_67' title='bbox 883 1164 984 1233; x_wconf 84' lang='grc' dir='ltr'>τῆς</span> <span class='ocrx_word' id='word_1_68' title='bbox 1013 1164 1108 1217; x_wconf 92' lang='grc' dir='ltr'><strong>νῦν</strong></span> <span class='ocrx_word' id='word_1_69' title='bbox 1154 1161 1510 1234; x_wconf 78' lang='grc' dir='ltr'>θειαζομένης</span> <span class='ocrx_word' id='word_1_70' title='bbox 1539 1164 1607 1233; x_wconf 82' lang='grc' dir='ltr'><strong>τῇ</strong></span> <span class='ocrx_word' id='word_1_71' title='bbox 1643 1161 1944 1232; x_wconf 68' lang='grc' dir='ltr'>Ἐκκλησία</span> 
     </span>
    </p>
   </div>
   <div class='ocr_carea' id='block_1_12' title="bbox 365 1253 1940 1326">
    <p class='ocr_par' dir='ltr' id='par_1_12' title="bbox 365 1253 1940 1326">
     <span class='ocr_line' id='line_1_12' title="bbox 365 1253 1940 1326; baseline 0 -22"><span class='ocrx_word' id='word_1_72' title='bbox 365 1253 758 1316; x_wconf 80' lang='grc' dir='ltr'>καταστάσεως</span> <span class='ocrx_word' id='word_1_73' title='bbox 783 1269 802 1288; x_wconf 76' lang='grc' dir='ltr'><strong>ο</strong></span> <span class='ocrx_word' id='word_1_74' title='bbox 825 1255 918 1308; x_wconf 76' lang='grc' dir='ltr'>καὶ</span> <span class='ocrx_word' id='word_1_75' title='bbox 951 1255 1033 1308; x_wconf 81' lang='grc' dir='ltr'><strong>ὅτι</strong></span> <span class='ocrx_word' id='word_1_76' title='bbox 1088 1255 1367 1326; x_wconf 87' lang='grc' dir='ltr'>μάρτυρες</span> <span class='ocrx_word' id='word_1_77' title='bbox 1397 1257 1496 1324; x_wconf 85' lang='grc' dir='ltr'>τῆς</span> <span class='ocrx_word' id='word_1_78' title='bbox 1526 1253 1786 1323; x_wconf 81' lang='grc' dir='ltr'><strong>τοιαύτης</strong></span> <span class='ocrx_word' id='word_1_79' title='bbox 1817 1254 1940 1305; x_wconf 79' lang='grc' dir='ltr'>ἐπιο</span> 
     </span>
    </p>
   </div>
   <div class='ocr_carea' id='block_1_13' title="bbox 363 1341 1945 1415">
    <p class='ocr_par' dir='ltr' id='par_1_13' title="bbox 363 1341 1945 1415">
     <span class='ocr_line' id='line_1_13' title="bbox 363 1341 1945 1415; baseline -0.001 -19"><span class='ocrx_word' id='word_1_80' title='bbox 363 1341 570 1406; x_wconf 81' lang='grc' dir='ltr'>λύσεως</span> <span class='ocrx_word' id='word_1_81' title='bbox 598 1342 710 1397; x_wconf 86' lang='grc' dir='ltr'><strong>τῶν</strong></span> <span class='ocrx_word' id='word_1_82' title='bbox 733 1343 992 1414; x_wconf 84' lang='grc' dir='ltr'>μαθητῶν</span> <span class='ocrx_word' id='word_1_83' title='bbox 1023 1345 1074 1398; x_wconf 83' lang='grc' dir='ltr'>οἱ</span> <span class='ocrx_word' id='word_1_84' title='bbox 1106 1347 1396 1415; x_wconf 65' lang='grc' dir='ltr'>κορυφαῖοι</span> <span class='ocrx_word' id='word_1_85' title='bbox 1426 1344 1802 1414; x_wconf 81' lang='grc' dir='ltr'>καθεστήκασι</span> <span class='ocrx_word' id='word_1_86' title='bbox 1837 1342 1945 1395; x_wconf 80' lang='grc' dir='ltr'>Πέ-</span> 
     </span>
    </p>
   </div>
   <div class='ocr_carea' id='block_1_14' title="bbox 362 1433 1942 1508">
    <p class='ocr_par' dir='ltr' id='par_1_14' title="bbox 362 1433 1942 1508">
     <span class='ocr_line' id='line_1_14' title="bbox 362 1433 1942 1508; baseline 0.001 -23"><span class='ocrx_word' id='word_1_87' title='bbox 362 1451 490 1504; x_wconf 81' lang='grc' dir='ltr'>τρος</span> <span class='ocrx_word' id='word_1_88' title='bbox 557 1435 652 1487; x_wconf 71' lang='grc' dir='ltr'>καὶ</span> <span class='ocrx_word' id='word_1_89' title='bbox 703 1434 952 1498; x_wconf 83' lang='grc' dir='ltr'>Παῦλος·</span> <span class='ocrx_word' id='word_1_90' title='bbox 992 1436 1088 1490; x_wconf 79' lang='grc' dir='ltr'>καὶ</span> <span class='ocrx_word' id='word_1_91' title='bbox 1133 1436 1195 1489; x_wconf 81' lang='grc' dir='ltr'>τὸ</span> <span class='ocrx_word' id='word_1_92' title='bbox 1250 1435 1476 1508; x_wconf 86' lang='grc' dir='ltr'>φρικτὸν</span> <span class='ocrx_word' id='word_1_93' title='bbox 1539 1435 1635 1488; x_wconf 78' lang='grc' dir='ltr'>καὶ</span> <span class='ocrx_word' id='word_1_94' title='bbox 1688 1433 1942 1506; x_wconf 80' lang='grc' dir='ltr'>φοϐερὸν,</span> 
     </span>
    </p>
   </div>
   <div class='ocr_carea' id='block_1_15' title="bbox 360 1525 1946 1597">
    <p class='ocr_par' dir='ltr' id='par_1_15' title="bbox 360 1525 1946 1597">
     <span class='ocr_line' id='line_1_15' title="bbox 360 1525 1946 1597; baseline 0 -19"><span class='ocrx_word' id='word_1_95' title='bbox 360 1525 444 1578; x_wconf 74' lang='grc' dir='ltr'><strong>ὅτι</strong></span> <span class='ocrx_word' id='word_1_96' title='bbox 483 1525 736 1597; x_wconf 83' lang='grc' dir='ltr'>συνοδικὴ</span> <span class='ocrx_word' id='word_1_97' title='bbox 776 1525 884 1580; x_wconf 88' lang='grc' dir='ltr'><strong>τῶν</strong></span> <span class='ocrx_word' id='word_1_98' title='bbox 933 1527 1270 1590; x_wconf 79' lang='grc' dir='ltr'>ἀποστόλων,</span> <span class='ocrx_word' id='word_1_99' title='bbox 1306 1527 1399 1580; x_wconf 77' lang='grc' dir='ltr'>καὶ</span> <span class='ocrx_word' id='word_1_100' title='bbox 1434 1527 1788 1595; x_wconf 82' lang='grc' dir='ltr'><strong>ἀδυσώπητος</strong></span> <span class='ocrx_word' id='word_1_101' title='bbox 1848 1542 1946 1578; x_wconf 87' lang='grc' dir='ltr'>κα-</span> 
     </span>
    </p>
   </div>
   <div class='ocr_carea' id='block_1_16' title="bbox 356 1616 1960 1688">
    <p class='ocr_par' dir='ltr' id='par_1_16' title="bbox 356 1616 1960 1688">
     <span class='ocr_line' id='line_1_16' title="bbox 356 1616 1960 1688; baseline 0.001 -20"><span class='ocrx_word' id='word_1_102' title='bbox 356 1616 696 1686; x_wconf 73' lang='grc' dir='ltr'>ταλαμϐάνει</span> <span class='ocrx_word' id='word_1_103' title='bbox 745 1617 926 1687; x_wconf 81' lang='grc' dir='ltr'>ψῆφος</span> <span class='ocrx_word' id='word_1_104' title='bbox 984 1620 1114 1682; x_wconf 74' lang='grc' dir='ltr'>τοὺς</span> <span class='ocrx_word' id='word_1_105' title='bbox 1157 1618 1280 1672; x_wconf 87' lang='grc' dir='ltr'>καθ’</span> <span class='ocrx_word' id='word_1_106' title='bbox 1316 1617 1502 1688; x_wconf 75' lang='grc' dir='ltr'>ἕτερόν</span> <span class='ocrx_word' id='word_1_107' title='bbox 1561 1635 1684 1671; x_wconf 90' lang='grc' dir='ltr'>τινα</span> <span class='ocrx_word' id='word_1_108' title='bbox 1743 1617 1960 1688; x_wconf 84' lang='grc' dir='ltr'>τρόπον.</span> 
     </span>
    </p>
   </div>
   <div class='ocr_carea' id='block_1_17' title="bbox 357 1709 1946 1782">
    <p class='ocr_par' dir='ltr' id='par_1_17' title="bbox 357 1709 1946 1782">
     <span class='ocr_line' id='line_1_17' title="bbox 357 1709 1946 1782; baseline 0.003 -21"><span class='ocrx_word' id='word_1_109' title='bbox 357 1709 642 1781; x_wconf 75' lang='grc' dir='ltr'>βάπτισμα</span> <span class='ocrx_word' id='word_1_110' title='bbox 701 1711 854 1782; x_wconf 87' lang='grc' dir='ltr'><strong>παρά</strong></span> <span class='ocrx_word' id='word_1_111' title='bbox 923 1711 1014 1766; x_wconf 77' lang='grc' dir='ltr'>τὸν</span> <span class='ocrx_word' id='word_1_112' title='bbox 1074 1712 1168 1765; x_wconf 85' lang='grc' dir='ltr'><strong>τοῦ</strong></span> <span class='ocrx_word' id='word_1_113' title='bbox 1227 1711 1505 1764; x_wconf 82' lang='grc' dir='ltr'>Δεσπότου</span> <span class='ocrx_word' id='word_1_114' title='bbox 1573 1712 1736 1778; x_wconf 77' lang='grc' dir='ltr'>νόμον</span> <span class='ocrx_word' id='word_1_115' title='bbox 1825 1713 1946 1766; x_wconf 88' lang='grc' dir='ltr'>τολ-</span> 
     </span>
    </p>
   </div>
   <div class='ocr_carea' id='block_1_18' title="bbox 360 1801 1944 1876">
    <p class='ocr_par' dir='ltr' id='par_1_18' title="bbox 360 1801 1944 1876">
     <span class='ocr_line' id='line_1_18' title="bbox 360 1801 1944 1876; baseline 0.004 -23"><span class='ocrx_word' id='word_1_116' title='bbox 360 1801 579 1872; x_wconf 83' lang='grc' dir='ltr'>μῶντας</span> <span class='ocrx_word' id='word_1_117' title='bbox 645 1803 952 1869; x_wconf 83' lang='grc' dir='ltr'>ἐπιτελεῖν,</span> <span class='ocrx_word' id='word_1_118' title='bbox 1005 1805 1100 1858; x_wconf 70' lang='grc' dir='ltr'>καὶ</span> <span class='ocrx_word' id='word_1_119' title='bbox 1165 1804 1604 1874; x_wconf 80' lang='grc' dir='ltr'>ἁντινομοθετεῖν</span> <span class='ocrx_word' id='word_1_120' title='bbox 1660 1808 1724 1876; x_wconf 83' lang='grc' dir='ltr'>τῇ</span> <span class='ocrx_word' id='word_1_121' title='bbox 1797 1806 1944 1860; x_wconf 84' lang='grc' dir='ltr'>ἐκεί·</span> 
     </span>
    </p>
   </div>
   <div class='ocr_carea' id='block_1_19' title="bbox 355 1897 1945 1969">
    <p class='ocr_par' dir='ltr' id='par_1_19' title="bbox 355 1897 1945 1969">
     <span class='ocr_line' id='line_1_19' title="bbox 355 1897 1945 1969; baseline 0.003 -22"><span class='ocrx_word' id='word_1_122' title='bbox 355 1913 451 1949; x_wconf 85' lang='grc' dir='ltr'><strong>νου</strong></span> <span class='ocrx_word' id='word_1_123' title='bbox 513 1897 801 1968; x_wconf 77' lang='grc' dir='ltr'>κυριότητι</span> <span class='ocrx_word' id='word_1_124' title='bbox 829 1915 842 1929; x_wconf 72' lang='grc' dir='ltr'><strong>ο</strong></span> <span class='ocrx_word' id='word_1_125' title='bbox 899 1897 988 1951; x_wconf 76' lang='grc' dir='ltr'>διὰ</span> <span class='ocrx_word' id='word_1_126' title='bbox 1037 1897 1195 1950; x_wconf 82' lang='grc' dir='ltr'>τοῦτο</span> <span class='ocrx_word' id='word_1_127' title='bbox 1238 1898 1331 1950; x_wconf 81' lang='grc' dir='ltr'>καὶ</span> <span class='ocrx_word' id='word_1_128' title='bbox 1378 1899 1411 1968; x_wconf 80' lang='grc' dir='ltr'>ἡ</span> <span class='ocrx_word' id='word_1_129' title='bbox 1466 1897 1570 1950; x_wconf 74' lang='grc' dir='ltr'><strong>ἀνὰ</strong></span> <span class='ocrx_word' id='word_1_130' title='bbox 1613 1899 1795 1952; x_wconf 75' lang='grc' dir='ltr'>πᾶσαν</span> <span class='ocrx_word' id='word_1_131' title='bbox 1847 1899 1945 1969; x_wconf 80' lang='grc' dir='ltr'>τὴν</span> 
     </span>
    </p>
   </div>
   <div class='ocr_carea' id='block_1_20' title="bbox 353 1987 1947 2059">
    <p class='ocr_par' dir='ltr' id='par_1_20' title="bbox 353 1987 1947 2059">
     <span class='ocr_line' id='line_1_20' title="bbox 353 1987 1947 2059; baseline 0.002 -19"><span class='ocrx_word' id='word_1_132' title='bbox 353 1988 687 2059; x_wconf 83' lang='grc' dir='ltr'>οἰκουμένην</span> <span class='ocrx_word' id='word_1_133' title='bbox 701 1987 999 2056; x_wconf 81' lang='grc' dir='ltr'>Ἐκκλησία</span> <span class='ocrx_word' id='word_1_134' title='bbox 1023 1989 1164 2041; x_wconf 84' lang='grc' dir='ltr'>κατὰ</span> <span class='ocrx_word' id='word_1_135' title='bbox 1179 1987 1430 2059; x_wconf 84' lang='grc' dir='ltr'>διαδοχὴν</span> <span class='ocrx_word' id='word_1_136' title='bbox 1449 1987 1560 2041; x_wconf 85' lang='grc' dir='ltr'>τῶν</span> <span class='ocrx_word' id='word_1_137' title='bbox 1573 1988 1947 2044; x_wconf 84' lang='grc' dir='ltr'>ἀποστολικῶν</span> 
     </span>
    </p>
   </div>
   <div class='ocr_carea' id='block_1_21' title="bbox 363 2079 1949 2152">
    <p class='ocr_par' dir='ltr' id='par_1_21' title="bbox 363 2079 1949 2152">
     <span class='ocr_line' id='line_1_21' title="bbox 363 2079 1949 2152; baseline 0.001 -18"><span class='ocrx_word' id='word_1_138' title='bbox 363 2080 622 2150; x_wconf 74' lang='grc' dir='ltr'>πράξεών</span> <span class='ocrx_word' id='word_1_139' title='bbox 650 2098 710 2134; x_wconf 88' lang='grc' dir='ltr'><strong>τε</strong></span> <span class='ocrx_word' id='word_1_140' title='bbox 737 2081 831 2134; x_wconf 79' lang='grc' dir='ltr'>καὶ</span> <span class='ocrx_word' id='word_1_141' title='bbox 857 2081 1234 2152; x_wconf 83' lang='grc' dir='ltr'>κηρυγμάτων</span> <span class='ocrx_word' id='word_1_142' title='bbox 1274 2081 1354 2144; x_wconf 76' lang='grc' dir='ltr'><strong>εἰς</strong></span> <span class='ocrx_word' id='word_1_143' title='bbox 1380 2079 1555 2151; x_wconf 73' lang='grc' dir='ltr'>ὄνομα</span> <span class='ocrx_word' id='word_1_144' title='bbox 1588 2082 1804 2152; x_wconf 80' lang='grc' dir='ltr'>Πατρδς</span> <span class='ocrx_word' id='word_1_145' title='bbox 1856 2082 1949 2135; x_wconf 75' lang='grc' dir='ltr'><strong>καὶ</strong></span> 
     </span>
    </p>
   </div>
   <div class='ocr_carea' id='block_1_22' title="bbox 358 2173 1950 2244">
    <p class='ocr_par' dir='ltr' id='par_1_22' title="bbox 358 2173 1950 2244">
     <span class='ocr_line' id='line_1_22' title="bbox 358 2173 1950 2244; baseline 0 -18"><span class='ocrx_word' id='word_1_146' title='bbox 358 2173 497 2226; x_wconf 82' lang='grc' dir='ltr'>Υῐοῦ</span> <span class='ocrx_word' id='word_1_147' title='bbox 527 2173 620 2226; x_wconf 80' lang='grc' dir='ltr'>καὶ</span> <span class='ocrx_word' id='word_1_148' title='bbox 648 2173 806 2243; x_wconf 84' lang='grc' dir='ltr'>ἁγίου</span> <span class='ocrx_word' id='word_1_149' title='bbox 839 2173 1154 2244; x_wconf 75' lang='grc' dir='ltr'>Πνεῦματος</span> <span class='ocrx_word' id='word_1_150' title='bbox 1183 2173 1541 2243; x_wconf 77' lang='grc' dir='ltr'>βαπτίζουσα,</span> <span class='ocrx_word' id='word_1_151' title='bbox 1567 2173 1704 2243; x_wconf 82' lang='grc' dir='ltr'>μετά</span> <span class='ocrx_word' id='word_1_152' title='bbox 1724 2173 1784 2226; x_wconf 77' lang='grc' dir='ltr'><strong>τὸ</strong></span> <span class='ocrx_word' id='word_1_153' title='bbox 1814 2173 1950 2226; x_wconf 83' lang='grc' dir='ltr'>καθ-</span> 
     </span>
    </p>
   </div>
   <div class='ocr_carea' id='block_1_23' title="bbox 356 2265 1948 2338">
    <p class='ocr_par' dir='ltr' id='par_1_23' title="bbox 356 2265 1948 2338">
     <span class='ocr_line' id='line_1_23' title="bbox 356 2265 1948 2338; baseline -0.003 -18"><span class='ocrx_word' id='word_1_154' title='bbox 356 2265 595 2336; x_wconf 85' lang='grc' dir='ltr'>αρθῆναι</span> <span class='ocrx_word' id='word_1_155' title='bbox 627 2268 754 2327; x_wconf 76' lang='grc' dir='ltr'>τοὺς</span> <span class='ocrx_word' id='word_1_156' title='bbox 785 2266 1230 2338; x_wconf 80' lang='grc' dir='ltr'>βαπτισαμένους</span> <span class='ocrx_word' id='word_1_157' title='bbox 1254 2268 1320 2336; x_wconf 77' lang='grc' dir='ltr'>τῇ</span> <span class='ocrx_word' id='word_1_158' title='bbox 1365 2265 1746 2335; x_wconf 84' lang='grc' dir='ltr'>ἀναγεννήσει,</span> <span class='ocrx_word' id='word_1_159' title='bbox 1781 2265 1948 2331; x_wconf 84' lang='grc' dir='ltr'>εὐμε-</span> 
     </span>
    </p>
   </div>
   <div class='ocr_carea' id='block_1_24' title="bbox 351 2356 1950 2428">
    <p class='ocr_par' dir='ltr' id='par_1_24' title="bbox 351 2356 1950 2428">
     <span class='ocr_line' id='line_1_24' title="bbox 351 2356 1950 2428; baseline -0.001 -17"><span class='ocrx_word' id='word_1_160' title='bbox 351 2356 442 2411; x_wconf 59' lang='lat' dir='ltr'><strong>lsi</strong></span> <span class='ocrx_word' id='word_1_161' title='bbox 453 2374 511 2410; x_wconf 91' lang='grc' dir='ltr'><strong>τε</strong></span> <span class='ocrx_word' id='word_1_162' title='bbox 529 2357 933 2428; x_wconf 68' lang='grc' dir='ltr'>καὶδιαπρυσίῳ</span> <span class='ocrx_word' id='word_1_163' title='bbox 949 2358 1136 2411; x_wconf 76' lang='grc' dir='ltr'>εἴωθεν</span> <span class='ocrx_word' id='word_1_164' title='bbox 1150 2356 1477 2426; x_wconf 52' lang='lat' dir='ltr'><strong>ranae/anew</strong></span> <span class='ocrx_word' id='word_1_165' title='bbox 1496 2359 1560 2427; x_wconf 86' lang='grc' dir='ltr'>τῇ</span> <span class='ocrx_word' id='word_1_166' title='bbox 1582 2360 1751 2428; x_wconf 83' lang='grc' dir='ltr'>φωνῇ,</span> <span class='ocrx_word' id='word_1_167' title='bbox 1765 2377 1782 2408; x_wconf 82' lang='grc' dir='ltr'><strong>ι</strong></span> <span class='ocrx_word' id='word_1_168' title='bbox 1796 2357 1950 2410; x_wconf 84' lang='grc' dir='ltr'>Ὅσοι</span> 
     </span>
    </p>
   </div>
   <div class='ocr_carea' id='block_1_25' title="bbox 348 2447 1945 2520">
    <p class='ocr_par' dir='ltr' id='par_1_25' title="bbox 348 2447 1945 2520">
     <span class='ocr_line' id='line_1_25' title="bbox 348 2447 1945 2520; baseline -0.001 -18"><span class='ocrx_word' id='word_1_169' title='bbox 348 2451 436 2512; x_wconf 83' lang='grc' dir='ltr'><strong>είς</strong></span> <span class='ocrx_word' id='word_1_170' title='bbox 465 2450 695 2520; x_wconf 82' lang='grc' dir='ltr'>Χριστὸν</span> <span class='ocrx_word' id='word_1_171' title='bbox 728 2450 1114 2520; x_wconf 78' lang='grc' dir='ltr'>ἐϐαπτίσθητε,</span> <span class='ocrx_word' id='word_1_172' title='bbox 1144 2449 1383 2520; x_wconf 80' lang='grc' dir='ltr'>Χριστὸν</span> <span class='ocrx_word' id='word_1_173' title='bbox 1431 2447 1751 2502; x_wconf 79' lang='grc' dir='ltr'>ἐνεδύσασθε</span> <span class='ocrx_word' id='word_1_174' title='bbox 1781 2448 1945 2519; x_wconf 68' lang='grc'><strong>(48)’›</strong></span> 
     </span>
    </p>
   </div>
   <div class='ocr_carea' id='block_1_26' title="bbox 349 2536 1950 2614">
    <p class='ocr_par' dir='ltr' id='par_1_26' title="bbox 349 2536 1950 2614">
     <span class='ocr_line' id='line_1_26' title="bbox 349 2536 1950 2614; baseline 0 -21"><span class='ocrx_word' id='word_1_175' title='bbox 349 2541 507 2594; x_wconf 78' lang='grc' dir='ltr'>οὐδὲν</span> <span class='ocrx_word' id='word_1_176' title='bbox 539 2536 700 2611; x_wconf 78' lang='grc' dir='ltr'>ἦττον</span> <span class='ocrx_word' id='word_1_177' title='bbox 748 2539 1223 2611; x_wconf 80' lang='grc' dir='ltr'>ἀνακηρύττουσα,</span> <span class='ocrx_word' id='word_1_178' title='bbox 1253 2541 1334 2593; x_wconf 82' lang='grc' dir='ltr'><strong>ὅτι</strong></span> <span class='ocrx_word' id='word_1_179' title='bbox 1384 2540 1640 2614; x_wconf 84' lang='grc' dir='ltr'>καθάπερ</span> <span class='ocrx_word' id='word_1_180' title='bbox 1691 2539 1787 2592; x_wconf 90' lang='grc' dir='ltr'><strong>νῦν</strong></span> <span class='ocrx_word' id='word_1_181' title='bbox 1821 2542 1950 2603; x_wconf 78' lang='grc' dir='ltr'>τοὺς</span> 
     </span>
    </p>
   </div>
   <div class='ocr_carea' id='block_1_27' title="bbox 351 2631 1948 2703">
    <p class='ocr_par' dir='ltr' id='par_1_27' title="bbox 351 2631 1948 2703">
     <span class='ocr_line' id='line_1_27' title="bbox 351 2631 1948 2703; baseline -0.001 -17"><span class='ocrx_word' id='word_1_182' title='bbox 351 2633 440 2696; x_wconf 76' lang='grc' dir='ltr'>είς</span> <span class='ocrx_word' id='word_1_183' title='bbox 455 2632 675 2703; x_wconf 77' lang='grc' dir='ltr'>Πατέρα</span> <span class='ocrx_word' id='word_1_184' title='bbox 703 2635 796 2686; x_wconf 76' lang='grc' dir='ltr'>καὶ</span> <span class='ocrx_word' id='word_1_185' title='bbox 825 2634 955 2685; x_wconf 83' lang='grc' dir='ltr'>Υἱὸν</span> <span class='ocrx_word' id='word_1_186' title='bbox 985 2635 1080 2685; x_wconf 69' lang='grc' dir='ltr'>καὶ</span> <span class='ocrx_word' id='word_1_187' title='bbox 1104 2632 1328 2702; x_wconf 85' lang='grc' dir='ltr'>Πνεῦμα</span> <span class='ocrx_word' id='word_1_188' title='bbox 1349 2631 1504 2700; x_wconf 70' lang='grc' dir='ltr'>ἅγιον</span> <span class='ocrx_word' id='word_1_189' title='bbox 1528 2631 1948 2702; x_wconf 75' lang='grc' dir='ltr'>βαπτισθέντας,</span> 
     </span>
    </p>
   </div>
   <div class='ocr_carea' id='block_1_28' title="bbox 351 2723 1950 2797">
    <p class='ocr_par' dir='ltr' id='par_1_28' title="bbox 351 2723 1950 2797">
     <span class='ocr_line' id='line_1_28' title="bbox 351 2723 1950 2797; baseline -0.002 -18"><span class='ocrx_word' id='word_1_190' title='bbox 351 2727 438 2789; x_wconf 82' lang='grc' dir='ltr'><strong>είς</strong></span> <span class='ocrx_word' id='word_1_191' title='bbox 466 2725 701 2797; x_wconf 80' lang='grc' dir='ltr'>Χριστὸν</span> <span class='ocrx_word' id='word_1_192' title='bbox 730 2724 961 2794; x_wconf 77' lang='grc' dir='ltr'>λέγομεν</span> <span class='ocrx_word' id='word_1_193' title='bbox 1016 2724 1376 2795; x_wconf 71' lang='grc' dir='ltr'>βαπτισθῆναι</span> <span class='ocrx_word' id='word_1_194' title='bbox 1407 2725 1506 2778; x_wconf 67' lang='grc' dir='ltr'>καὶ</span> <span class='ocrx_word' id='word_1_195' title='bbox 1527 2725 1768 2795; x_wconf 76' lang='grc' dir='ltr'>Χριστὸν</span> <span class='ocrx_word' id='word_1_196' title='bbox 1797 2723 1950 2777; x_wconf 77' lang='grc' dir='ltr'>ἐνδύ-</span> 
     </span>
    </p>
   </div>
   <div class='ocr_carea' id='block_1_29' title="bbox 352 2812 1952 2884">
    <p class='ocr_par' dir='ltr' id='par_1_29' title="bbox 352 2812 1952 2884">
     <span class='ocr_line' id='line_1_29' title="bbox 352 2812 1952 2884; baseline -0.001 -17"><span class='ocrx_word' id='word_1_197' title='bbox 352 2815 577 2868; x_wconf 82' lang='grc' dir='ltr'>σασθαι’</span> <span class='ocrx_word' id='word_1_198' title='bbox 627 2812 771 2867; x_wconf 82' lang='grc' dir='ltr'>οὓτω</span> <span class='ocrx_word' id='word_1_199' title='bbox 807 2814 903 2867; x_wconf 72' lang='grc' dir='ltr'>καὶ</span> <span class='ocrx_word' id='word_1_200' title='bbox 940 2814 1049 2867; x_wconf 84' lang='grc' dir='ltr'>τῶν</span> <span class='ocrx_word' id='word_1_201' title='bbox 1101 2815 1416 2869; x_wconf 76' lang='grc' dir='ltr'>ἀποστόλων</span> <span class='ocrx_word' id='word_1_202' title='bbox 1463 2817 1490 2868; x_wconf 84' lang='grc' dir='ltr'>ὁ</span> <span class='ocrx_word' id='word_1_203' title='bbox 1526 2814 1687 2884; x_wconf 77' lang='grc' dir='ltr'>χορὸς</span> <span class='ocrx_word' id='word_1_204' title='bbox 1744 2815 1807 2866; x_wconf 74' lang='grc' dir='ltr'><strong>τὸ</strong></span> <span class='ocrx_word' id='word_1_205' title='bbox 1853 2813 1952 2881; x_wconf 86' lang='grc' dir='ltr'>τῆς</span> 
     </span>
    </p>
   </div>
   <div class='ocr_carea' id='block_1_30' title="bbox 350 2903 1952 2976">
    <p class='ocr_par' dir='ltr' id='par_1_30' title="bbox 350 2903 1952 2976">
     <span class='ocr_line' id='line_1_30' title="bbox 350 2903 1952 2976; baseline -0.003 -16"><span class='ocrx_word' id='word_1_206' title='bbox 350 2905 624 2974; x_wconf 83' lang='grc' dir='ltr'>ἀναγεννή</span> <span class='ocrx_word' id='word_1_207' title='bbox 636 2922 772 2968; x_wconf 83' lang='grc' dir='ltr'>σεως</span> <span class='ocrx_word' id='word_1_208' title='bbox 805 2903 1030 2976; x_wconf 76' lang='grc' dir='ltr'>λουτρὸν</span> <span class='ocrx_word' id='word_1_209' title='bbox 1058 2905 1492 2975; x_wconf 75' lang='grc' dir='ltr'>ἱερουργοῦντες,</span> <span class='ocrx_word' id='word_1_210' title='bbox 1512 2907 1577 2975; x_wconf 79' lang='grc' dir='ltr'>τῇ</span> <span class='ocrx_word' id='word_1_211' title='bbox 1614 2903 1710 2957; x_wconf 90' lang='grc' dir='ltr'><strong>τοῦ</strong></span> <span class='ocrx_word' id='word_1_212' title='bbox 1737 2903 1952 2974; x_wconf 78' lang='grc' dir='ltr'>Πατρὸς</span> 
     </span>
    </p>
   </div>
   <div class='ocr_carea' id='block_1_31' title="bbox 353 2995 1950 3066">
    <p class='ocr_par' dir='ltr' id='par_1_31' title="bbox 353 2995 1950 3066">
     <span class='ocr_line' id='line_1_31' title="bbox 353 2995 1950 3066; baseline -0.003 -16"><span class='ocrx_word' id='word_1_213' title='bbox 353 2996 577 3052; x_wconf 80' lang='grc' dir='ltr'>καὶτοῦ</span> <span class='ocrx_word' id='word_1_214' title='bbox 625 2995 759 3050; x_wconf 81' lang='grc' dir='ltr'>Υίοῦ</span> <span class='ocrx_word' id='word_1_215' title='bbox 802 2997 897 3051; x_wconf 73' lang='grc' dir='ltr'>καὶ</span> <span class='ocrx_word' id='word_1_216' title='bbox 937 2996 1030 3050; x_wconf 84' lang='grc' dir='ltr'><strong>τοῦ</strong></span> <span class='ocrx_word' id='word_1_217' title='bbox 1073 2997 1229 3065; x_wconf 87' lang='grc' dir='ltr'>ἁγίου</span> <span class='ocrx_word' id='word_1_218' title='bbox 1280 2995 1601 3066; x_wconf 86' lang='grc' dir='ltr'>Πνεύματος</span> <span class='ocrx_word' id='word_1_219' title='bbox 1642 2996 1950 3065; x_wconf 79' lang='grc' dir='ltr'>ἐπικλήσει,</span> 
     </span>
    </p>
   </div>
   <div class='ocr_carea' id='block_1_32' title="bbox 359 3086 1951 3161">
    <p class='ocr_par' dir='ltr' id='par_1_32' title="bbox 359 3086 1951 3161">
     <span class='ocr_line' id='line_1_32' title="bbox 359 3086 1951 3161; baseline -0.004 -18"><span class='ocrx_word' id='word_1_220' title='bbox 359 3088 646 3161; x_wconf 77' lang='grc' dir='ltr'>βαπτίζειν</span> <span class='ocrx_word' id='word_1_221' title='bbox 673 3088 924 3158; x_wconf 80' lang='grc' dir='ltr'>ἐλέγοντο</span> <span class='ocrx_word' id='word_1_222' title='bbox 973 3092 1052 3153; x_wconf 87' lang='grc' dir='ltr'>εἰς</span> <span class='ocrx_word' id='word_1_223' title='bbox 1086 3088 1347 3160; x_wconf 82' lang='grc' dir='ltr'>Χριστὸν,</span> <span class='ocrx_word' id='word_1_224' title='bbox 1389 3088 1481 3141; x_wconf 74' lang='grc' dir='ltr'>καὶ</span> <span class='ocrx_word' id='word_1_225' title='bbox 1517 3089 1573 3139; x_wconf 88' lang='grc' dir='ltr'><strong>ἐν</strong></span> <span class='ocrx_word' id='word_1_226' title='bbox 1608 3086 1685 3158; x_wconf 85' lang='grc' dir='ltr'><strong>τῷ</strong></span> <span class='ocrx_word' id='word_1_227' title='bbox 1725 3086 1951 3157; x_wconf 85' lang='grc' dir='ltr'>ὀνόματι</span> 
     </span>
    </p>
   </div>
   <div class='ocr_carea' id='block_1_33' title="bbox 373 3177 1621 3250">
    <p class='ocr_par' dir='ltr' id='par_1_33' title="bbox 373 3177 1621 3250">
     <span class='ocr_line' id='line_1_33' title="bbox 373 3177 1621 3250; baseline 0 -18"><span class='ocrx_word' id='word_1_228' title='bbox 373 3177 552 3249; x_wconf 89' lang='grc' dir='ltr'><strong>Ἰησοῦ</strong></span> <span class='ocrx_word' id='word_1_229' title='bbox 580 3177 840 3250; x_wconf 86' lang='grc' dir='ltr'>Χριστοῦ,</span> <span class='ocrx_word' id='word_1_230' title='bbox 875 3179 970 3231; x_wconf 78' lang='grc' dir='ltr'>καὶ</span> <span class='ocrx_word' id='word_1_231' title='bbox 999 3179 1065 3233; x_wconf 85' lang='grc' dir='ltr'>τὰ</span> <span class='ocrx_word' id='word_1_232' title='bbox 1097 3178 1455 3250; x_wconf 84' lang='grc' dir='ltr'>παραπλήσια</span> <span class='ocrx_word' id='word_1_233' title='bbox 1486 3177 1621 3246; x_wconf 66' lang='grc'><strong>(49).</strong></span> 
     </span>
    </p>
   </div>
   <div class='ocr_carea' id='block_1_34' title="bbox 903 3290 1378 3344">
    <p class='ocr_par' dir='ltr' id='par_1_34' title="bbox 903 3290 1378 3344">
     <span class='ocr_line' id='line_1_34' title="bbox 903 3290 1378 3344; baseline -0.004 0"><span class='ocrx_word' id='word_1_234' title='bbox 903 3290 1236 3344; x_wconf 81' lang='grc' dir='ltr'><strong>ΕΡΩΤΠΣΙΣ</strong></span> <span class='ocrx_word' id='word_1_235' title='bbox 1269 3291 1378 3344; x_wconf 79' lang='grc' dir='ltr'><strong>ΜΔ¹</strong></span> 
     </span>
    </p>
   </div>
   <div class='ocr_carea' id='block_1_35' title="bbox 368 3384 1951 3454">
    <p class='ocr_par' dir='ltr' id='par_1_35' title="bbox 368 3384 1951 3454">
     <span class='ocr_line' id='line_1_35' title="bbox 368 3384 1951 3454; baseline -0.002 -12"><span class='ocrx_word' id='word_1_236' title='bbox 368 3387 430 3442; x_wconf 80' lang='grc' dir='ltr'>Τί</span> <span class='ocrx_word' id='word_1_237' title='bbox 452 3386 630 3454; x_wconf 80' lang='grc' dir='ltr'>δηλοῖ</span> <span class='ocrx_word' id='word_1_238' title='bbox 656 3385 722 3440; x_wconf 86' lang='grc' dir='ltr'><strong>τὸ</strong></span> <span class='ocrx_word' id='word_1_239' title='bbox 748 3385 1110 3454; x_wconf 72' lang='grc' dir='ltr'>εὶρημὲνον,‹</span> <span class='ocrx_word' id='word_1_240' title='bbox 1138 3387 1235 3438; x_wconf 80' lang='grc' dir='ltr'><em>Ἔν</em></span> <span class='ocrx_word' id='word_1_241' title='bbox 1258 3385 1438 3437; x_wconf 81' lang='grc' dir='ltr'>παντὶ</span> <span class='ocrx_word' id='word_1_242' title='bbox 1463 3384 1645 3453; x_wconf 81' lang='grc' dir='ltr'>καιρῷ</span> <span class='ocrx_word' id='word_1_243' title='bbox 1667 3385 1951 3439; x_wconf 74' lang='grc' dir='ltr'>ἔστωσαν</span> 
     </span>
    </p>
   </div>
   <div class='ocr_carea' id='block_1_36' title="bbox 435 3455 1949 3526">
    <p class='ocr_par' dir='ltr' id='par_1_36' title="bbox 435 3455 1949 3526">
     <span class='ocr_line' id='line_1_36' title="bbox 435 3455 1949 3526; baseline -0.001 -16"><span class='ocrx_word' id='word_1_244' title='bbox 435 3457 506 3510; x_wconf 83' lang='grc' dir='ltr'><strong>τὰ</strong></span> <span class='ocrx_word' id='word_1_245' title='bbox 534 3457 732 3526; x_wconf 81' lang='grc' dir='ltr'>Ιμάτιά</span> <span class='ocrx_word' id='word_1_246' title='bbox 757 3473 874 3510; x_wconf 89' lang='grc' dir='ltr'><strong>σου</strong></span> <span class='ocrx_word' id='word_1_247' title='bbox 894 3456 1105 3520; x_wconf 72' lang='grc' dir='ltr'>λευκὰ,</span> <span class='ocrx_word' id='word_1_248' title='bbox 1127 3457 1224 3526; x_wconf 74' lang='grc' dir='ltr'>καὶ</span> <span class='ocrx_word' id='word_1_249' title='bbox 1257 3455 1468 3526; x_wconf 71' lang='grc' dir='ltr'>ἔλαιον</span> <span class='ocrx_word' id='word_1_250' title='bbox 1497 3457 1598 3526; x_wconf 65' lang='grc' dir='ltr'><strong>ἐπὶ</strong></span> <span class='ocrx_word' id='word_1_251' title='bbox 1628 3455 1739 3523; x_wconf 81' lang='grc' dir='ltr'>τῆς</span> <span class='ocrx_word' id='word_1_252' title='bbox 1765 3473 1949 3522; x_wconf 58' lang='grc' dir='ltr'>κερα-</span> 
     </span>
    </p>
   </div>
   <div class='ocr_carea' id='block_1_37' title="bbox 431 3525 1954 3596">
    <p class='ocr_par' dir='ltr' id='par_1_37' title="bbox 431 3525 1954 3596">
     <span class='ocr_line' id='line_1_37' title="bbox 431 3525 1954 3596; baseline 0 -15"><span class='ocrx_word' id='word_1_253' title='bbox 431 3525 559 3592; x_wconf 25' lang='grc' dir='ltr'>λῆςί</span> <span class='ocrx_word' id='word_1_254' title='bbox 598 3543 714 3581; x_wconf 86' lang='grc' dir='ltr'><strong>σου</strong></span> <span class='ocrx_word' id='word_1_255' title='bbox 751 3526 837 3595; x_wconf 76' lang='grc' dir='ltr'>μὴ</span> <span class='ocrx_word' id='word_1_256' title='bbox 888 3525 1302 3596; x_wconf 68' lang='grc' dir='ltr'>ὑστερησάτω,</span> <span class='ocrx_word' id='word_1_257' title='bbox 1364 3525 1463 3579; x_wconf 75' lang='grc' dir='ltr'>καὶ</span> <span class='ocrx_word' id='word_1_258' title='bbox 1505 3525 1612 3580; x_wconf 83' lang='grc' dir='ltr'><strong>τοῦ</strong></span> <span class='ocrx_word' id='word_1_259' title='bbox 1657 3527 1856 3596; x_wconf 67' lang='grc' dir='ltr'>σοφοῦ</span> <span class='ocrx_word' id='word_1_260' title='bbox 1899 3529 1954 3581; x_wconf 78' lang='grc' dir='ltr'>οὶ</span> 
     </span>
    </p>
   </div>
   <div class='ocr_carea' id='block_1_38' title="bbox 435 3595 1441 3668">
    <p class='ocr_par' dir='ltr' id='par_1_38' title="bbox 435 3595 1441 3668">
     <span class='ocr_line' id='line_1_38' title="bbox 435 3595 1441 3668; baseline 0 -16"><span class='ocrx_word' id='word_1_261' title='bbox 435 3597 733 3668; x_wconf 63' lang='grc' dir='ltr'>ὀφθαλμοὶ</span> <span class='ocrx_word' id='word_1_262' title='bbox 767 3597 837 3650; x_wconf 83' lang='grc' dir='ltr'>ἐν</span> <span class='ocrx_word' id='word_1_263' title='bbox 861 3595 937 3664; x_wconf 79' lang='grc' dir='ltr'><strong>τῇ</strong></span> <span class='ocrx_word' id='word_1_264' title='bbox 961 3596 1198 3665; x_wconf 54' lang='grc' dir='ltr'>κεφαλῇ</span> <span class='ocrx_word' id='word_1_265' title='bbox 1231 3596 1441 3652; x_wconf 85' lang='grc' dir='ltr'>αὑτοῦ.</span> 
     </span>
    </p>
   </div>
   <div class='ocr_carea' id='block_1_39' title="bbox 1972 1866 2020 1924">
    <p class='ocr_par' dir='ltr' id='par_1_39' title="bbox 1972 1866 2020 1924">
     <span class='ocr_line' id='line_1_39' title="bbox 1972 1866 2020 1924; baseline 0 0"><span class='ocrx_word' id='word_1_266' title='bbox 1972 1866 2020 1924; x_wconf 93' lang='grc' dir='ltr'><strong>Β</strong></span> 
     </span>
    </p>
   </div>
   <div class='ocr_carea' id='block_1_40' title="bbox 2047 611 3632 675">
    <p class='ocr_par' dir='ltr' id='par_1_40' title="bbox 2047 611 3632 675">
     <span class='ocr_line' id='line_1_40' title="bbox 2047 611 3632 675; baseline -0.003 -7"><span class='ocrx_word' id='word_1_267' title='bbox 2047 614 2247 668; x_wconf 88' lang='lat' dir='ltr'><strong>tiarum</strong></span> <span class='ocrx_word' id='word_1_268' title='bbox 2315 618 2650 672; x_wconf 83' lang='lat' dir='ltr'><strong>diversitate.</strong></span> <span class='ocrx_word' id='word_1_269' title='bbox 2730 616 2824 672; x_wconf 91' lang='lat' dir='ltr'><strong>IIis</strong></span> <span class='ocrx_word' id='word_1_270' title='bbox 2903 616 3042 671; x_wconf 89' lang='lat' dir='ltr'><strong>adde</strong></span> <span class='ocrx_word' id='word_1_271' title='bbox 3114 611 3632 675; x_wconf 76' lang='lat' dir='ltr'><strong>demonstrationes,</strong></span> 
     </span>
    </p>
   </div>
   <div class='ocr_carea' id='block_1_41' title="bbox 2046 703 3637 777">
    <p class='ocr_par' dir='ltr' id='par_1_41' title="bbox 2046 703 3637 777">
     <span class='ocr_line' id='line_1_41' title="bbox 2046 703 3637 777; baseline -0.001 -21"><span class='ocrx_word' id='word_1_272' title='bbox 2046 719 2169 775; x_wconf 70' lang='lat' dir='ltr'><strong>qua:</strong></span> <span class='ocrx_word' id='word_1_273' title='bbox 2205 721 2269 760; x_wconf 79' lang='lat' dir='ltr'><strong>ex</strong></span> <span class='ocrx_word' id='word_1_274' title='bbox 2316 709 2771 777; x_wconf 86' lang='lat' dir='ltr'><strong>consequentium</strong></span> <span class='ocrx_word' id='word_1_275' title='bbox 2833 708 3197 763; x_wconf 90' lang='lat' dir='ltr'><strong>absurdorum</strong></span> <span class='ocrx_word' id='word_1_276' title='bbox 3269 703 3637 760; x_wconf 79' lang='lat' dir='ltr'><strong>solutionibus</strong></span> 
     </span>
    </p>
   </div>
   <div class='ocr_carea' id='block_1_42' title="bbox 2047 789 3635 868">
    <p class='ocr_par' dir='ltr' id='par_1_42' title="bbox 2047 789 3635 868">
     <span class='ocr_line' id='line_1_42' title="bbox 2047 789 3635 868; baseline -0.003 -21"><span class='ocrx_word' id='word_1_277' title='bbox 2047 804 2288 849; x_wconf 85' lang='lat' dir='ltr'><strong>manant.</strong></span> <span class='ocrx_word' id='word_1_278' title='bbox 2320 795 2612 863; x_wconf 65' lang='lat' dir='ltr'><strong>Praeterea,</strong></span> <span class='ocrx_word' id='word_1_279' title='bbox 2661 799 2806 868; x_wconf 89' lang='lat' dir='ltr'><strong>quod</strong></span> <span class='ocrx_word' id='word_1_280' title='bbox 2853 797 2899 852; x_wconf 87' lang='lat' dir='ltr'><strong>si</strong></span> <span class='ocrx_word' id='word_1_281' title='bbox 2935 796 3190 864; x_wconf 86' lang='lat' dir='ltr'><strong>discipuli</strong></span> <span class='ocrx_word' id='word_1_282' title='bbox 3248 793 3352 862; x_wconf 86' lang='lat' dir='ltr'><strong>legi</strong></span> <span class='ocrx_word' id='word_1_283' title='bbox 3388 789 3635 860; x_wconf 78' lang='lat' dir='ltr'><strong>magistri</strong></span> 
     </span>
    </p>
   </div>
   <div class='ocr_carea' id='block_1_43' title="bbox 2047 881 3639 958">
    <p class='ocr_par' dir='ltr' id='par_1_43' title="bbox 2047 881 3639 958">
     <span class='ocr_line' id='line_1_43' title="bbox 2047 881 3639 958; baseline -0.003 -21"><span class='ocrx_word' id='word_1_284' title='bbox 2047 883 2342 940; x_wconf 83' lang='lat' dir='ltr'><strong>novitatem</strong></span> <span class='ocrx_word' id='word_1_285' title='bbox 2377 901 2533 941; x_wconf 89' lang='lat' dir='ltr'><strong>suam</strong></span> <span class='ocrx_word' id='word_1_286' title='bbox 2578 887 3017 958; x_wconf 88' lang='lat' dir='ltr'><strong>supposuissent,</strong></span> <span class='ocrx_word' id='word_1_287' title='bbox 3055 887 3142 940; x_wconf 82' lang='lat' dir='ltr'><strong>lex</strong></span> <span class='ocrx_word' id='word_1_288' title='bbox 3193 894 3377 954; x_wconf 86' lang='lat' dir='ltr'><strong>postea</strong></span> <span class='ocrx_word' id='word_1_289' title='bbox 3423 883 3512 936; x_wconf 88' lang='lat' dir='ltr'><strong>illa</strong></span> <span class='ocrx_word' id='word_1_290' title='bbox 3559 881 3639 934; x_wconf 87' lang='lat' dir='ltr'><strong>in-</strong></span> 
     </span>
    </p>
   </div>
   <div class='ocr_carea' id='block_1_44' title="bbox 2047 976 3645 1048">
    <p class='ocr_par' dir='ltr' id='par_1_44' title="bbox 2047 976 3645 1048">
     <span class='ocr_line' id='line_1_44' title="bbox 2047 976 3645 1048; baseline -0.003 -17"><span class='ocrx_word' id='word_1_291' title='bbox 2047 979 2283 1032; x_wconf 86' lang='lat' dir='ltr'><strong>staurari</strong></span> <span class='ocrx_word' id='word_1_292' title='bbox 2309 978 2529 1034; x_wconf 89' lang='lat' dir='ltr'><strong>aliunde</strong></span> <span class='ocrx_word' id='word_1_293' title='bbox 2561 994 2668 1033; x_wconf 93' lang='lat' dir='ltr'><strong>non</strong></span> <span class='ocrx_word' id='word_1_294' title='bbox 2721 979 3010 1048; x_wconf 88' lang='lat' dir='ltr'><strong>potuisset,</strong></span> <span class='ocrx_word' id='word_1_295' title='bbox 3056 992 3248 1030; x_wconf 89' lang='lat' dir='ltr'><strong>verum</strong></span> <span class='ocrx_word' id='word_1_296' title='bbox 3309 976 3418 1029; x_wconf 94' lang='lat' dir='ltr'><strong>huc</strong></span> <span class='ocrx_word' id='word_1_297' title='bbox 3462 987 3645 1041; x_wconf 80' lang='lat' dir='ltr'><strong>usque</strong></span> 
     </span>
    </p>
   </div>
   <div class='ocr_carea' id='block_1_45' title="bbox 2047 1066 3636 1140">
    <p class='ocr_par' dir='ltr' id='par_1_45' title="bbox 2047 1066 3636 1140">
     <span class='ocr_line' id='line_1_45' title="bbox 2047 1066 3636 1140; baseline -0.003 -19"><span class='ocrx_word' id='word_1_298' title='bbox 2047 1069 2474 1140; x_wconf 86' lang='lat' dir='ltr'><strong>abrogatio-ejus</strong></span> <span class='ocrx_word' id='word_1_299' title='bbox 2521 1072 2830 1136; x_wconf 83' lang='lat' dir='ltr'><strong>mansisset,</strong></span> <span class='ocrx_word' id='word_1_300' title='bbox 2876 1084 3053 1138; x_wconf 87' lang='lat' dir='ltr'><strong>neque</strong></span> <span class='ocrx_word' id='word_1_301' title='bbox 3089 1066 3485 1138; x_wconf 89' lang='lat' dir='ltr'><strong>postliminimn</strong></span> <span class='ocrx_word' id='word_1_302' title='bbox 3539 1081 3636 1118; x_wconf 78' lang='lat' dir='ltr'><strong>ex-</strong></span> 
     </span>
    </p>
   </div>
   <div class='ocr_carea' id='block_1_46' title="bbox 2047 1155 3638 1232">
    <p class='ocr_par' dir='ltr' id='par_1_46' title="bbox 2047 1155 3638 1232">
     <span class='ocr_line' id='line_1_46' title="bbox 2047 1155 3638 1232; baseline -0.004 -17"><span class='ocrx_word' id='word_1_303' title='bbox 2047 1159 2274 1216; x_wconf 90' lang='lat' dir='ltr'><strong>stitisset</strong></span> <span class='ocrx_word' id='word_1_304' title='bbox 2319 1162 2734 1217; x_wconf 88' lang='lat' dir='ltr'><strong>consuetudinis</strong></span> <span class='ocrx_word' id='word_1_305' title='bbox 2765 1162 2906 1232; x_wconf 87' lang='lat' dir='ltr'><strong>ejus,</strong></span> <span class='ocrx_word' id='word_1_306' title='bbox 2944 1174 3068 1232; x_wconf 69' lang='lat' dir='ltr'><strong>qua:</strong></span> <span class='ocrx_word' id='word_1_307' title='bbox 3109 1174 3256 1213; x_wconf 92' lang='lat' dir='ltr'><strong>nunc</strong></span> <span class='ocrx_word' id='word_1_308' title='bbox 3285 1157 3343 1212; x_wconf 92' lang='lat' dir='ltr'><strong>in</strong></span> <span class='ocrx_word' id='word_1_309' title='bbox 3393 1155 3638 1211; x_wconf 73' lang='lat' dir='ltr'><strong>Ecclesia</strong></span> 
     </span>
    </p>
   </div>
   <div class='ocr_carea' id='block_1_47' title="bbox 2047 1248 3642 1324">
    <p class='ocr_par' dir='ltr' id='par_1_47' title="bbox 2047 1248 3642 1324">
     <span class='ocr_line' id='line_1_47' title="bbox 2047 1248 3642 1324; baseline -0.004 -18"><span class='ocrx_word' id='word_1_310' title='bbox 2047 1251 2308 1308; x_wconf 90' lang='lat' dir='ltr'><strong>divinitus</strong></span> <span class='ocrx_word' id='word_1_311' title='bbox 2333 1254 2497 1324; x_wconf 78' lang='lat' dir='ltr'><strong>viget.</strong></span> <span class='ocrx_word' id='word_1_312' title='bbox 2531 1252 2755 1324; x_wconf 89' lang='lat' dir='ltr'><strong>Insuper</strong></span> <span class='ocrx_word' id='word_1_313' title='bbox 2778 1253 3109 1324; x_wconf 88' lang='lat' dir='ltr'><strong>quod-hujus</strong></span> <span class='ocrx_word' id='word_1_314' title='bbox 3127 1250 3418 1306; x_wconf 72' lang='lat' dir='ltr'><strong>solutionis</strong></span> <span class='ocrx_word' id='word_1_315' title='bbox 3445 1248 3642 1303; x_wconf 83' lang='lat' dir='ltr'><strong>sntl‘ra-</strong></span> 
     </span>
    </p>
   </div>
   <div class='ocr_carea' id='block_1_48' title="bbox 2047 1341 3642 1415">
    <p class='ocr_par' dir='ltr' id='par_1_48' title="bbox 2047 1341 3642 1415">
     <span class='ocr_line' id='line_1_48' title="bbox 2047 1341 3642 1415; baseline -0.003 -18"><span class='ocrx_word' id='word_1_316' title='bbox 2047 1352 2268 1413; x_wconf 85' lang='lat' dir='ltr'><strong>gatores</strong></span> <span class='ocrx_word' id='word_1_317' title='bbox 2337 1351 2468 1399; x_wconf 91' lang='lat' dir='ltr'><strong>sunt</strong></span> <span class='ocrx_word' id='word_1_318' title='bbox 2520 1345 2918 1415; x_wconf 81' lang='lat' dir='ltr'><strong>discipulorum</strong></span> <span class='ocrx_word' id='word_1_319' title='bbox 2981 1343 3256 1415; x_wconf 78' lang='lat' dir='ltr'><strong>principes</strong></span> <span class='ocrx_word' id='word_1_320' title='bbox 3322 1341 3519 1394; x_wconf 83' lang='lat' dir='ltr'><strong>Petrus</strong></span> <span class='ocrx_word' id='word_1_321' title='bbox 3587 1351 3642 1392; x_wconf 90' lang='lat' dir='ltr'><strong>et</strong></span> 
     </span>
    </p>
   </div>
   <div class='ocr_carea' id='block_1_49' title="bbox 2049 1431 3640 1505">
    <p class='ocr_par' dir='ltr' id='par_1_49' title="bbox 2049 1431 3640 1505">
     <span class='ocr_line' id='line_1_49' title="bbox 2049 1431 3640 1505; baseline -0.003 -19"><span class='ocrx_word' id='word_1_322' title='bbox 2049 1433 2246 1490; x_wconf 79' lang='lat' dir='ltr'><strong>Paulus</strong></span> <span class='ocrx_word' id='word_1_323' title='bbox 2280 1453 2292 1489; x_wconf 95' lang='lat'><strong>:</strong></span> <span class='ocrx_word' id='word_1_324' title='bbox 2333 1435 2591 1505; x_wconf 87' lang='lat' dir='ltr'><strong>quodque</strong></span> <span class='ocrx_word' id='word_1_325' title='bbox 2630 1435 2788 1505; x_wconf 82' lang='lat' dir='ltr'><strong>longe</strong></span> <span class='ocrx_word' id='word_1_326' title='bbox 2843 1434 3234 1505; x_wconf 80' lang='lat' dir='ltr'><strong>gravissimum</strong></span> <span class='ocrx_word' id='word_1_327' title='bbox 3263 1431 3640 1487; x_wconf 87' lang='lat' dir='ltr'><strong>tremendum-</strong></span> 
     </span>
    </p>
   </div>
   <div class='ocr_carea' id='block_1_50' title="bbox 2047 1525 3640 1598">
    <p class='ocr_par' dir='ltr' id='par_1_50' title="bbox 2047 1525 3640 1598">
     <span class='ocr_line' id='line_1_50' title="bbox 2047 1525 3640 1598; baseline -0.001 -20"><span class='ocrx_word' id='word_1_328' title='bbox 2047 1542 2154 1597; x_wconf 91' lang='lat' dir='ltr'><strong>que</strong></span> <span class='ocrx_word' id='word_1_329' title='bbox 2193 1536 2296 1590; x_wconf 90' lang='lat' dir='ltr'><strong>est,</strong></span> <span class='ocrx_word' id='word_1_330' title='bbox 2328 1527 2589 1598; x_wconf 79' lang='lat' dir='ltr'><strong>synodica</strong></span> <span class='ocrx_word' id='word_1_331' title='bbox 2624 1527 3002 1598; x_wconf 79' lang='lat' dir='ltr'><strong>apostolorum</strong></span> <span class='ocrx_word' id='word_1_332' title='bbox 3033 1537 3088 1582; x_wconf 91' lang='lat' dir='ltr'><strong>et</strong></span> <span class='ocrx_word' id='word_1_333' title='bbox 3124 1525 3478 1581; x_wconf 76' lang='lat' dir='ltr'><strong>inexorabilis</strong></span> <span class='ocrx_word' id='word_1_334' title='bbox 3513 1539 3640 1577; x_wconf 84' lang='lat' dir='ltr'><strong>sen-</strong></span> 
     </span>
    </p>
   </div>
   <div class='ocr_carea' id='block_1_51' title="bbox 2051 1618 3641 1690">
    <p class='ocr_par' dir='ltr' id='par_1_51' title="bbox 2051 1618 3641 1690">
     <span class='ocr_line' id='line_1_51' title="bbox 2051 1618 3641 1690; baseline -0.003 -18"><span class='ocrx_word' id='word_1_335' title='bbox 2051 1618 2215 1672; x_wconf 85' lang='lat' dir='ltr'><strong>tentia</strong></span> <span class='ocrx_word' id='word_1_336' title='bbox 2249 1619 2480 1688; x_wconf 87' lang='lat' dir='ltr'><strong>percutit</strong></span> <span class='ocrx_word' id='word_1_337' title='bbox 2523 1635 2620 1675; x_wconf 88' lang='lat' dir='ltr'><strong>eos</strong></span> <span class='ocrx_word' id='word_1_338' title='bbox 2668 1621 2762 1690; x_wconf 86' lang='lat' dir='ltr'><strong>qui</strong></span> <span class='ocrx_word' id='word_1_339' title='bbox 2793 1619 2902 1674; x_wconf 87' lang='lat' dir='ltr'><strong>alio</strong></span> <span class='ocrx_word' id='word_1_340' title='bbox 2942 1619 3138 1690; x_wconf 87' lang='lat' dir='ltr'><strong>quovis</strong></span> <span class='ocrx_word' id='word_1_341' title='bbox 3186 1618 3370 1680; x_wconf 89' lang='lat' dir='ltr'><strong>modo,</strong></span> <span class='ocrx_word' id='word_1_342' title='bbox 3413 1627 3641 1686; x_wconf 68' lang='lat' dir='ltr'><strong>praeter-</strong></span> 
     </span>
    </p>
   </div>
   <div class='ocr_carea' id='block_1_52' title="bbox 2048 1707 3641 1778">
    <p class='ocr_par' dir='ltr' id='par_1_52' title="bbox 2048 1707 3641 1778">
     <span class='ocr_line' id='line_1_52' title="bbox 2048 1707 3641 1778; baseline -0.001 -17"><span class='ocrx_word' id='word_1_343' title='bbox 2048 1725 2210 1778; x_wconf 81' lang='lat' dir='ltr'><strong>quam</strong></span> <span class='ocrx_word' id='word_1_344' title='bbox 2253 1726 2282 1763; x_wconf 92' lang='lat' dir='ltr'><strong>a</strong></span> <span class='ocrx_word' id='word_1_345' title='bbox 2327 1709 2556 1764; x_wconf 86' lang='lat' dir='ltr'><strong>Domino</strong></span> <span class='ocrx_word' id='word_1_346' title='bbox 2604 1712 2924 1764; x_wconf 90' lang='lat' dir='ltr'><strong>mandatum</strong></span> <span class='ocrx_word' id='word_1_347' title='bbox 2981 1710 3104 1775; x_wconf 89' lang='lat' dir='ltr'><strong>fuit,</strong></span> <span class='ocrx_word' id='word_1_348' title='bbox 3152 1707 3424 1778; x_wconf 81' lang='lat' dir='ltr'><strong>baptisma</strong></span> <span class='ocrx_word' id='word_1_349' title='bbox 3472 1708 3641 1760; x_wconf 88' lang='lat' dir='ltr'><strong>conli-</strong></span> 
     </span>
    </p>
   </div>
   <div class='ocr_carea' id='block_1_53' title="bbox 2050 1799 3643 1872">
    <p class='ocr_par' dir='ltr' id='par_1_53' title="bbox 2050 1799 3643 1872">
     <span class='ocr_line' id='line_1_53' title="bbox 2050 1799 3643 1872; baseline -0.003 -17"><span class='ocrx_word' id='word_1_350' title='bbox 2050 1801 2219 1865; x_wconf 88' lang='lat' dir='ltr'><strong>cinnt,</strong></span> <span class='ocrx_word' id='word_1_351' title='bbox 2255 1811 2308 1855; x_wconf 90' lang='lat' dir='ltr'><strong>et</strong></span> <span class='ocrx_word' id='word_1_352' title='bbox 2338 1811 2530 1856; x_wconf 90' lang='lat' dir='ltr'><strong>contra</strong></span> <span class='ocrx_word' id='word_1_353' title='bbox 2575 1801 2694 1872; x_wconf 86' lang='lat' dir='ltr'><strong>ejus</strong></span> <span class='ocrx_word' id='word_1_354' title='bbox 2727 1818 3042 1872; x_wconf 85' lang='lat' dir='ltr'><strong>supremam</strong></span> <span class='ocrx_word' id='word_1_355' title='bbox 3085 1811 3408 1870; x_wconf 86' lang='lat' dir='ltr'><strong>potestatem</strong></span> <span class='ocrx_word' id='word_1_356' title='bbox 3453 1799 3643 1852; x_wconf 85' lang='lat' dir='ltr'><strong>decer-</strong></span> 
     </span>
    </p>
   </div>
   <div class='ocr_carea' id='block_1_54' title="bbox 2051 1891 3639 1965">
    <p class='ocr_par' dir='ltr' id='par_1_54' title="bbox 2051 1891 3639 1965">
     <span class='ocr_line' id='line_1_54' title="bbox 2051 1891 3639 1965; baseline -0.003 -17"><span class='ocrx_word' id='word_1_357' title='bbox 2051 1893 2402 1960; x_wconf 86' lang='lat' dir='ltr'><strong>nunt.Quare</strong></span> <span class='ocrx_word' id='word_1_358' title='bbox 2435 1904 2546 1951; x_wconf 83' lang='lat' dir='ltr'><strong>toto</strong></span> <span class='ocrx_word' id='word_1_359' title='bbox 2577 1897 2709 1950; x_wconf 90' lang='lat' dir='ltr'><strong>orbe</strong></span> <span class='ocrx_word' id='word_1_360' title='bbox 2738 1907 3004 1950; x_wconf 89' lang='lat' dir='ltr'><strong>terrarum</strong></span> <span class='ocrx_word' id='word_1_361' title='bbox 3043 1904 3339 1965; x_wconf 82' lang='lat' dir='ltr'><strong>propagata</strong></span> <span class='ocrx_word' id='word_1_362' title='bbox 3373 1891 3639 1954; x_wconf 79' lang='lat' dir='ltr'><strong>Ecclesia,</strong></span> 
     </span>
    </p>
   </div>
   <div class='ocr_carea' id='block_1_55' title="bbox 2050 1984 3642 2058">
    <p class='ocr_par' dir='ltr' id='par_1_55' title="bbox 2050 1984 3642 2058">
     <span class='ocr_line' id='line_1_55' title="bbox 2050 1984 3642 2058; baseline -0.002 -19"><span class='ocrx_word' id='word_1_363' title='bbox 2050 2002 2172 2058; x_wconf 67' lang='lat' dir='ltr'><strong>quae</strong></span> <span class='ocrx_word' id='word_1_364' title='bbox 2205 1987 2506 2040; x_wconf 80' lang='lat' dir='ltr'><strong>secundum</strong></span> <span class='ocrx_word' id='word_1_365' title='bbox 2546 1990 2780 2042; x_wconf 82' lang='lat' dir='ltr'><strong>Actuum</strong></span> <span class='ocrx_word' id='word_1_366' title='bbox 2824 1989 3333 2057; x_wconf 73' lang='lat' dir='ltr'><strong>praeconiorumque</strong></span> <span class='ocrx_word' id='word_1_367' title='bbox 3379 1984 3642 2055; x_wconf 79' lang='lat' dir='ltr'><strong>apostoli-</strong></span> 
     </span>
    </p>
   </div>
   <div class='ocr_carea' id='block_1_56' title="bbox 2051 2075 3640 2149">
    <p class='ocr_par' dir='ltr' id='par_1_56' title="bbox 2051 2075 3640 2149">
     <span class='ocr_line' id='line_1_56' title="bbox 2051 2075 3640 2149; baseline -0.002 -18"><span class='ocrx_word' id='word_1_368' title='bbox 2051 2093 2239 2131; x_wconf 89' lang='lat' dir='ltr'><strong>cormn</strong></span> <span class='ocrx_word' id='word_1_369' title='bbox 2278 2079 2622 2132; x_wconf 90' lang='lat' dir='ltr'><strong>traditionem</strong></span> <span class='ocrx_word' id='word_1_370' title='bbox 2679 2079 2917 2149; x_wconf 85' lang='lat' dir='ltr'><strong>baptizat</strong></span> <span class='ocrx_word' id='word_1_371' title='bbox 2979 2079 3032 2132; x_wconf 93' lang='lat' dir='ltr'><strong>in</strong></span> <span class='ocrx_word' id='word_1_372' title='bbox 3093 2079 3314 2133; x_wconf 91' lang='lat' dir='ltr'><strong>nomine</strong></span> <span class='ocrx_word' id='word_1_373' title='bbox 3370 2075 3548 2131; x_wconf 76' lang='lat' dir='ltr'><strong>Patris</strong></span> <span class='ocrx_word' id='word_1_374' title='bbox 3587 2085 3640 2129; x_wconf 85' lang='lat' dir='ltr'><strong>et</strong></span> 
     </span>
    </p>
   </div>
   <div class='ocr_carea' id='block_1_57' title="bbox 2052 2166 3641 2238">
    <p class='ocr_par' dir='ltr' id='par_1_57' title="bbox 2052 2166 3641 2238">
     <span class='ocr_line' id='line_1_57' title="bbox 2052 2166 3641 2238; baseline -0.003 -17"><span class='ocrx_word' id='word_1_375' title='bbox 2052 2168 2174 2222; x_wconf 87' lang='lat' dir='ltr'><strong>Filii</strong></span> <span class='ocrx_word' id='word_1_376' title='bbox 2209 2176 2262 2220; x_wconf 90' lang='lat' dir='ltr'><strong>et</strong></span> <span class='ocrx_word' id='word_1_377' title='bbox 2297 2166 2534 2236; x_wconf 81' lang='lat' dir='ltr'><strong>Spiritus</strong></span> <span class='ocrx_word' id='word_1_378' title='bbox 2565 2168 2763 2233; x_wconf 90' lang='lat' dir='ltr'><strong>saneli,</strong></span> <span class='ocrx_word' id='word_1_379' title='bbox 2809 2178 3102 2238; x_wconf 84' lang='lat' dir='ltr'><strong>postquam</strong></span> <span class='ocrx_word' id='word_1_380' title='bbox 3156 2167 3456 2236; x_wconf 75' lang='lat' dir='ltr'><strong>baptizatos</strong></span> <span class='ocrx_word' id='word_1_381' title='bbox 3488 2182 3641 2233; x_wconf 70' lang='lat' dir='ltr'><strong>rege-</strong></span> 
     </span>
    </p>
   </div>
   <div class='ocr_carea' id='block_1_58' title="bbox 2052 2258 3644 2329">
    <p class='ocr_par' dir='ltr' id='par_1_58' title="bbox 2052 2258 3644 2329">
     <span class='ocr_line' id='line_1_58' title="bbox 2052 2258 3644 2329; baseline -0.001 -18"><span class='ocrx_word' id='word_1_382' title='bbox 2052 2260 2336 2313; x_wconf 79' lang='lat' dir='ltr'><strong>iteratione</strong></span> <span class='ocrx_word' id='word_1_383' title='bbox 2385 2260 2656 2329; x_wconf 80' lang='lat' dir='ltr'><strong>purgavit,</strong></span> <span class='ocrx_word' id='word_1_384' title='bbox 2713 2259 2989 2313; x_wconf 85' lang='lat' dir='ltr'><strong>modulata</strong></span> <span class='ocrx_word' id='word_1_385' title='bbox 3029 2259 3285 2328; x_wconf 85' lang='lat' dir='ltr'><strong>claraque</strong></span> <span class='ocrx_word' id='word_1_386' title='bbox 3328 2273 3462 2311; x_wconf 89' lang='lat' dir='ltr'><strong>voce</strong></span> <span class='ocrx_word' id='word_1_387' title='bbox 3504 2258 3644 2311; x_wconf 89' lang='lat' dir='ltr'><strong>solet</strong></span> 
     </span>
    </p>
   </div>
   <div class='ocr_carea' id='block_1_59' title="bbox 2053 2348 3642 2421">
    <p class='ocr_par' dir='ltr' id='par_1_59' title="bbox 2053 2348 3642 2421">
     <span class='ocr_line' id='line_1_59' title="bbox 2053 2348 3642 2421; baseline -0.003 -16"><span class='ocrx_word' id='word_1_388' title='bbox 2053 2365 2250 2405; x_wconf 86' lang='lat' dir='ltr'><strong>canere</strong></span> <span class='ocrx_word' id='word_1_389' title='bbox 2278 2370 2289 2404; x_wconf 93' lang='lat'>:</span> <span class='ocrx_word' id='word_1_390' title='bbox 2325 2369 2342 2402; x_wconf 77' lang='grc' dir='ltr'>ι</span> <span class='ocrx_word' id='word_1_391' title='bbox 2384 2351 2664 2421; x_wconf 84' lang='lat' dir='ltr'><strong>Quotquot</strong></span> <span class='ocrx_word' id='word_1_392' title='bbox 2693 2351 2744 2404; x_wconf 92' lang='lat' dir='ltr'><strong>in</strong></span> <span class='ocrx_word' id='word_1_393' title='bbox 2776 2352 2995 2405; x_wconf 84' lang='lat' dir='ltr'><strong>Christo</strong></span> <span class='ocrx_word' id='word_1_394' title='bbox 3018 2351 3274 2419; x_wconf 83' lang='lat' dir='ltr'><strong>baptizati</strong></span> <span class='ocrx_word' id='word_1_395' title='bbox 3298 2349 3454 2413; x_wconf 86' lang='lat' dir='ltr'><strong>estis,</strong></span> <span class='ocrx_word' id='word_1_396' title='bbox 3483 2348 3642 2402; x_wconf 61' lang='lat' dir='ltr'><strong>Chi-io</strong></span> 
     </span>
    </p>
   </div>
   <div class='ocr_carea' id='block_1_60' title="bbox 2052 2439 3638 2512">
    <p class='ocr_par' dir='ltr' id='par_1_60' title="bbox 2052 2439 3638 2512">
     <span class='ocr_line' id='line_1_60' title="bbox 2052 2439 3638 2512; baseline -0.003 -18"><span class='ocrx_word' id='word_1_397' title='bbox 2052 2451 2197 2495; x_wconf 89' lang='lat' dir='ltr'><strong>stum</strong></span> <span class='ocrx_word' id='word_1_398' title='bbox 2239 2442 2518 2496; x_wconf 88' lang='lat' dir='ltr'><strong>induistis.</strong></span> <span class='ocrx_word' id='word_1_399' title='bbox 2553 2461 2570 2494; x_wconf 74' lang='grc'><strong>»</strong></span> <span class='ocrx_word' id='word_1_400' title='bbox 2598 2443 2774 2511; x_wconf 87' lang='lat' dir='ltr'><strong>Atque</strong></span> <span class='ocrx_word' id='word_1_401' title='bbox 2818 2441 2890 2495; x_wconf 89' lang='lat' dir='ltr'><strong>ita</strong></span> <span class='ocrx_word' id='word_1_402' title='bbox 2941 2442 3237 2512; x_wconf 67' lang='lat' dir='ltr'><strong>pradicarc</strong></span> <span class='ocrx_word' id='word_1_403' title='bbox 3267 2456 3371 2494; x_wconf 92' lang='lat' dir='ltr'><strong>non</strong></span> <span class='ocrx_word' id='word_1_404' title='bbox 3401 2439 3638 2499; x_wconf 81' lang='lat' dir='ltr'><strong>dubitat,</strong></span> 
     </span>
    </p>
   </div>
   <div class='ocr_carea' id='block_1_61' title="bbox 2051 2528 3640 2600">
    <p class='ocr_par' dir='ltr' id='par_1_61' title="bbox 2051 2528 3640 2600">
     <span class='ocr_line' id='line_1_61' title="bbox 2051 2528 3640 2600; baseline -0.003 -15"><span class='ocrx_word' id='word_1_405' title='bbox 2051 2530 2212 2585; x_wconf 90' lang='lat' dir='ltr'><strong>sicuti</strong></span> <span class='ocrx_word' id='word_1_406' title='bbox 2241 2547 2386 2584; x_wconf 90' lang='lat' dir='ltr'><strong>nunc</strong></span> <span class='ocrx_word' id='word_1_407' title='bbox 2418 2531 2469 2584; x_wconf 92' lang='lat' dir='ltr'><strong>in</strong></span> <span class='ocrx_word' id='word_1_408' title='bbox 2494 2532 2652 2585; x_wconf 77' lang='lat' dir='ltr'><strong>I’atre</strong></span> <span class='ocrx_word' id='word_1_409' title='bbox 2671 2540 2725 2584; x_wconf 90' lang='lat' dir='ltr'><strong>et</strong></span> <span class='ocrx_word' id='word_1_410' title='bbox 2754 2529 2892 2585; x_wconf 86' lang='lat' dir='ltr'><strong>Filio</strong></span> <span class='ocrx_word' id='word_1_411' title='bbox 2919 2541 2972 2586; x_wconf 87' lang='lat' dir='ltr'><strong>et</strong></span> <span class='ocrx_word' id='word_1_412' title='bbox 2996 2531 3200 2600; x_wconf 89' lang='lat' dir='ltr'><strong>Spiritu</strong></span> <span class='ocrx_word' id='word_1_413' title='bbox 3235 2542 3428 2583; x_wconf 78' lang='lat' dir='ltr'><strong>Sancto</strong></span> <span class='ocrx_word' id='word_1_414' title='bbox 3461 2528 3640 2598; x_wconf 90' lang='lat' dir='ltr'><strong>bapti-</strong></span> 
     </span>
    </p>
   </div>
   <div class='ocr_carea' id='block_1_62' title="bbox 2053 2621 3640 2694">
    <p class='ocr_par' dir='ltr' id='par_1_62' title="bbox 2053 2621 3640 2694">
     <span class='ocr_line' id='line_1_62' title="bbox 2053 2621 3640 2694; baseline -0.003 -19"><span class='ocrx_word' id='word_1_415' title='bbox 2053 2631 2204 2676; x_wconf 89' lang='lat' dir='ltr'><strong>zatos</strong></span> <span class='ocrx_word' id='word_1_416' title='bbox 2239 2623 2550 2693; x_wconf 89' lang='lat' dir='ltr'><strong>suscepisse</strong></span> <span class='ocrx_word' id='word_1_417' title='bbox 2607 2623 2940 2694; x_wconf 83' lang='lat' dir='ltr'><strong>baptismum</strong></span> <span class='ocrx_word' id='word_1_418' title='bbox 2989 2624 3224 2678; x_wconf 82' lang='lat' dir='ltr'><strong>dicimus</strong></span> <span class='ocrx_word' id='word_1_419' title='bbox 3274 2632 3327 2675; x_wconf 86' lang='lat' dir='ltr'><strong>et</strong></span> <span class='ocrx_word' id='word_1_420' title='bbox 3363 2621 3640 2676; x_wconf 88' lang='lat' dir='ltr'><strong>Christum</strong></span> 
     </span>
    </p>
   </div>
   <div class='ocr_carea' id='block_1_63' title="bbox 2052 2712 3642 2786">
    <p class='ocr_par' dir='ltr' id='par_1_63' title="bbox 2052 2712 3642 2786">
     <span class='ocr_line' id='line_1_63' title="bbox 2052 2712 3642 2786; baseline -0.002 -18"><span class='ocrx_word' id='word_1_421' title='bbox 2052 2715 2342 2782; x_wconf 87' lang='lat' dir='ltr'><strong>induisse;</strong></span> <span class='ocrx_word' id='word_1_422' title='bbox 2391 2716 2465 2770; x_wconf 90' lang='lat' dir='ltr'><strong>ita</strong></span> <span class='ocrx_word' id='word_1_423' title='bbox 2515 2726 2719 2772; x_wconf 72' lang='lat' dir='ltr'><strong>emtum</strong></span> <span class='ocrx_word' id='word_1_424' title='bbox 2760 2717 3137 2786; x_wconf 78' lang='lat' dir='ltr'><strong>apostoloruzn</strong></span> <span class='ocrx_word' id='word_1_425' title='bbox 3211 2712 3642 2782; x_wconf 72' lang='lat' dir='ltr'><strong>regenerationis</strong></span> 
     </span>
    </p>
   </div>
   <div class='ocr_carea' id='block_1_64' title="bbox 2053 2805 3644 2874">
    <p class='ocr_par' dir='ltr' id='par_1_64' title="bbox 2053 2805 3644 2874">
     <span class='ocr_line' id='line_1_64' title="bbox 2053 2805 3644 2874; baseline -0.003 -13"><span class='ocrx_word' id='word_1_426' title='bbox 2053 2808 2330 2862; x_wconf 79' lang='lat' dir='ltr'><strong>lavacrum</strong></span> <span class='ocrx_word' id='word_1_427' title='bbox 2363 2809 2838 2864; x_wconf 81' lang='lat' dir='ltr'><strong>administrantem</strong></span> <span class='ocrx_word' id='word_1_428' title='bbox 2868 2825 2990 2864; x_wconf 92' lang='lat' dir='ltr'><strong>cum</strong></span> <span class='ocrx_word' id='word_1_429' title='bbox 3014 2807 3193 2862; x_wconf 90' lang='lat' dir='ltr'><strong>Patris</strong></span> <span class='ocrx_word' id='word_1_430' title='bbox 3210 2818 3262 2860; x_wconf 92' lang='lat' dir='ltr'><strong>et</strong></span> <span class='ocrx_word' id='word_1_431' title='bbox 3289 2806 3406 2858; x_wconf 81' lang='lat' dir='ltr'><strong>Filii</strong></span> <span class='ocrx_word' id='word_1_432' title='bbox 3435 2816 3487 2859; x_wconf 89' lang='lat' dir='ltr'><strong>et</strong></span> <span class='ocrx_word' id='word_1_433' title='bbox 3517 2805 3644 2874; x_wconf 76' lang='grc' dir='ltr'><strong>8ρί-</strong></span> 
     </span>
    </p>
   </div>
   <div class='ocr_carea' id='block_1_65' title="bbox 2054 2896 3648 2967">
    <p class='ocr_par' dir='ltr' id='par_1_65' title="bbox 2054 2896 3648 2967">
     <span class='ocr_line' id='line_1_65' title="bbox 2054 2896 3648 2967; baseline -0.002 -16"><span class='ocrx_word' id='word_1_434' title='bbox 2054 2899 2194 2954; x_wconf 87' lang='lat' dir='ltr'><strong>ritus</strong></span> <span class='ocrx_word' id='word_1_435' title='bbox 2228 2902 2405 2954; x_wconf 88' lang='lat' dir='ltr'><strong>sancti</strong></span> <span class='ocrx_word' id='word_1_436' title='bbox 2451 2900 2820 2967; x_wconf 81' lang='lat' dir='ltr'><strong>invocatione,</strong></span> <span class='ocrx_word' id='word_1_437' title='bbox 2853 2900 3058 2955; x_wconf 90' lang='lat' dir='ltr'><strong>dictum</strong></span> <span class='ocrx_word' id='word_1_438' title='bbox 3087 2899 3218 2952; x_wconf 85' lang='lat' dir='ltr'><strong>olim</strong></span> <span class='ocrx_word' id='word_1_439' title='bbox 3270 2897 3441 2952; x_wconf 82' lang='lat' dir='ltr'><strong>fuisse</strong></span> <span class='ocrx_word' id='word_1_440' title='bbox 3477 2896 3648 2964; x_wconf 88' lang='lat' dir='ltr'><strong>bapti-</strong></span> 
     </span>
    </p>
   </div>
   <div class='ocr_carea' id='block_1_66' title="bbox 2055 2989 3644 3056">
    <p class='ocr_par' dir='ltr' id='par_1_66' title="bbox 2055 2989 3644 3056">
     <span class='ocr_line' id='line_1_66' title="bbox 2055 2989 3644 3056; baseline 0 -13"><span class='ocrx_word' id='word_1_441' title='bbox 2055 3007 2184 3047; x_wconf 78' lang='lat' dir='ltr'><strong>zare</strong></span> <span class='ocrx_word' id='word_1_442' title='bbox 2214 2993 2266 3046; x_wconf 90' lang='lat' dir='ltr'><strong>in</strong></span> <span class='ocrx_word' id='word_1_443' title='bbox 2298 2993 2544 3056; x_wconf 86' lang='lat' dir='ltr'><strong>Christo.</strong></span> <span class='ocrx_word' id='word_1_444' title='bbox 2569 3003 2624 3049; x_wconf 90' lang='lat' dir='ltr'><strong>ct</strong></span> <span class='ocrx_word' id='word_1_445' title='bbox 2646 2993 2699 3048; x_wconf 94' lang='lat' dir='ltr'><strong>in</strong></span> <span class='ocrx_word' id='word_1_446' title='bbox 2731 2994 2950 3048; x_wconf 87' lang='lat' dir='ltr'><strong>nomine</strong></span> <span class='ocrx_word' id='word_1_447' title='bbox 2975 2992 3103 3047; x_wconf 86' lang='lat' dir='ltr'><strong>Jcsu</strong></span> <span class='ocrx_word' id='word_1_448' title='bbox 3134 2991 3360 3054; x_wconf 76' lang='lat' dir='ltr'><strong>Christi,</strong></span> <span class='ocrx_word' id='word_1_449' title='bbox 3397 2997 3451 3045; x_wconf 90' lang='lat' dir='ltr'><strong>et</strong></span> <span class='ocrx_word' id='word_1_450' title='bbox 3489 2989 3644 3044; x_wconf 90' lang='lat' dir='ltr'><strong>simi-</strong></span> 
     </span>
    </p>
   </div>
   <div class='ocr_carea' id='block_1_67' title="bbox 2056 3082 2514 3140">
    <p class='ocr_par' dir='ltr' id='par_1_67' title="bbox 2056 3082 2514 3140">
     <span class='ocr_line' id='line_1_67' title="bbox 2056 3082 2514 3140; baseline 0.011 -6"><span class='ocrx_word' id='word_1_451' title='bbox 2056 3082 2203 3138; x_wconf 88' lang='lat' dir='ltr'><strong>libus</strong></span> <span class='ocrx_word' id='word_1_452' title='bbox 2237 3084 2514 3140; x_wconf 81' lang='lat' dir='ltr'><strong>formulis.</strong></span> 
     </span>
    </p>
   </div>
   <div class='ocr_carea' id='block_1_68' title="bbox 2388 3280 3308 3355">
    <p class='ocr_par' dir='ltr' id='par_1_68' title="bbox 2388 3280 3308 3355">
     <span class='ocr_line' id='line_1_68' title="bbox 2388 3280 3308 3355; baseline -0.002 -17"><span class='ocrx_word' id='word_1_453' title='bbox 2388 3282 2719 3350; x_wconf 62' lang='lat' dir='ltr'><strong>QUIESTIO</strong></span> <span class='ocrx_word' id='word_1_454' title='bbox 2756 3283 2917 3338; x_wconf 73' lang='lat' dir='ltr'><strong>XLIV</strong></span> <span class='ocrx_word' id='word_1_455' title='bbox 2961 3282 3058 3355; x_wconf 80' lang='grc' dir='ltr'><strong>[ιιι.</strong></span> <span class='ocrx_word' id='word_1_456' title='bbox 3099 3280 3308 3352; x_wconf 81' lang='lat' dir='ltr'><strong>XLIII].</strong></span> 
     </span>
    </p>
   </div>
   <div class='ocr_carea' id='block_1_69' title="bbox 2057 3371 3656 3446">
    <p class='ocr_par' dir='ltr' id='par_1_69' title="bbox 2057 3371 3656 3446">
     <span class='ocr_line' id='line_1_69' title="bbox 2057 3371 3656 3446; baseline -0.004 -19"><span class='ocrx_word' id='word_1_457' title='bbox 2057 3373 2201 3441; x_wconf 83' lang='lat' dir='ltr'><strong>Quid</strong></span> <span class='ocrx_word' id='word_1_458' title='bbox 2227 3375 2492 3445; x_wconf 81' lang='lat' dir='ltr'><strong>signiﬁcat</strong></span> <span class='ocrx_word' id='word_1_459' title='bbox 2517 3375 2654 3429; x_wconf 81' lang='lat' dir='ltr'><strong>illud</strong></span> <span class='ocrx_word' id='word_1_460' title='bbox 2698 3375 2839 3446; x_wconf 80' lang='lat' dir='ltr'><strong>quod</strong></span> <span class='ocrx_word' id='word_1_461' title='bbox 2871 3376 3071 3428; x_wconf 78' lang='lat' dir='ltr'><strong>dictant</strong></span> <span class='ocrx_word' id='word_1_462' title='bbox 3108 3383 3224 3446; x_wconf 74' lang='lat' dir='ltr'><strong>est;</strong></span> <span class='ocrx_word' id='word_1_463' title='bbox 3267 3392 3285 3425; x_wconf 79' lang='grc' dir='ltr'><strong>ι</strong></span> <span class='ocrx_word' id='word_1_464' title='bbox 3328 3371 3484 3446; x_wconf 79' lang='lat' dir='ltr'><strong>omni</strong></span> <span class='ocrx_word' id='word_1_465' title='bbox 3519 3381 3656 3446; x_wconf 65' lang='lat' dir='ltr'><strong>tam-</strong></span> 
     </span>
    </p>
   </div>
   <div class='ocr_carea' id='block_1_70' title="bbox 2127 3444 3649 3514">
    <p class='ocr_par' dir='ltr' id='par_1_70' title="bbox 2127 3444 3649 3514">
     <span class='ocr_line' id='line_1_70' title="bbox 2127 3444 3649 3514; baseline -0.001 -16"><span class='ocrx_word' id='word_1_466' title='bbox 2127 3462 2253 3514; x_wconf 85' lang='lat' dir='ltr'><strong>pore</strong></span> <span class='ocrx_word' id='word_1_467' title='bbox 2280 3444 2387 3500; x_wconf 77' lang='lat' dir='ltr'><strong>sint</strong></span> <span class='ocrx_word' id='word_1_468' title='bbox 2427 3444 2745 3500; x_wconf 73' lang='lat' dir='ltr'><strong>vestimento</strong></span> <span class='ocrx_word' id='word_1_469' title='bbox 2775 3456 2867 3499; x_wconf 86' lang='lat' dir='ltr'><strong>tua</strong></span> <span class='ocrx_word' id='word_1_470' title='bbox 2904 3447 3048 3505; x_wconf 83' lang='lat' dir='ltr'><strong>alba.</strong></span> <span class='ocrx_word' id='word_1_471' title='bbox 3091 3456 3140 3498; x_wconf 75' lang='lat' dir='ltr'><strong>et</strong></span> <span class='ocrx_word' id='word_1_472' title='bbox 3175 3444 3345 3499; x_wconf 83' lang='lat' dir='ltr'><strong>oleum</strong></span> <span class='ocrx_word' id='word_1_473' title='bbox 3383 3445 3436 3495; x_wconf 87' lang='lat' dir='ltr'><strong>in</strong></span> <span class='ocrx_word' id='word_1_474' title='bbox 3474 3444 3649 3514; x_wconf 74' lang='lat' dir='ltr'><strong>capite</strong></span> 
     </span>
    </p>
   </div>
   <div class='ocr_carea' id='block_1_71' title="bbox 2134 3513 3641 3585">
    <p class='ocr_par' dir='ltr' id='par_1_71' title="bbox 2134 3513 3641 3585">
     <span class='ocr_line' id='line_1_71' title="bbox 2134 3513 3641 3585; baseline -0.003 -16"><span class='ocrx_word' id='word_1_475' title='bbox 2134 3526 2222 3570; x_wconf 89' lang='lat' dir='ltr'><strong>tuo</strong></span> <span class='ocrx_word' id='word_1_476' title='bbox 2255 3532 2316 3570; x_wconf 84' lang='lat' dir='ltr'><strong>ne</strong></span> <span class='ocrx_word' id='word_1_477' title='bbox 2339 3517 2570 3585; x_wconf 75' lang='lat' dir='ltr'><strong>deﬁciat,</strong></span> <span class='ocrx_word' id='word_1_478' title='bbox 2603 3527 2651 3570; x_wconf 85' lang='lat' dir='ltr'><strong>et</strong></span> <span class='ocrx_word' id='word_1_479' title='bbox 2682 3517 2933 3584; x_wconf 84' lang='lat' dir='ltr'><strong>sapientis</strong></span> <span class='ocrx_word' id='word_1_480' title='bbox 2962 3515 3101 3569; x_wconf 86' lang='lat' dir='ltr'><strong>oculi</strong></span> <span class='ocrx_word' id='word_1_481' title='bbox 3129 3517 3181 3568; x_wconf 82' lang='lat' dir='ltr'><strong>in</strong></span> <span class='ocrx_word' id='word_1_482' title='bbox 3242 3515 3409 3584; x_wconf 83' lang='lat' dir='ltr'><strong>capite</strong></span> <span class='ocrx_word' id='word_1_483' title='bbox 3442 3513 3579 3581; x_wconf 80' lang='lat' dir='ltr'><strong>ejus.</strong></span> <span class='ocrx_word' id='word_1_484' title='bbox 3623 3530 3641 3564; x_wconf 75' lang='grc' dir='ltr'>ι</span> 
     </span>
    </p>
   </div>
   <div class='ocr_carea' id='block_1_72' title="bbox 1013 3685 3060 3757">
    <p class='ocr_par' dir='ltr' id='par_1_72' title="bbox 1013 3685 3060 3757">
     <span class='ocr_line' id='line_1_72' title="bbox 1013 3685 3060 3757; baseline 0.004 -23"><span class='ocrx_word' id='word_1_485' title='bbox 1013 3686 1153 3735; x_wconf 85' lang='lat' dir='ltr'><strong>Edita</strong></span> <span class='ocrx_word' id='word_1_486' title='bbox 1183 3701 1210 3734; x_wconf 90' lang='lat' dir='ltr'><strong>a</strong></span> <span class='ocrx_word' id='word_1_487' title='bbox 1232 3685 1373 3747; x_wconf 77' lang='lat' dir='ltr'><strong>Maio,</strong></span> <span class='ocrx_word' id='word_1_488' title='bbox 1401 3689 1526 3737; x_wconf 83' lang='lat' dir='ltr'><strong>Nov.</strong></span> <span class='ocrx_word' id='word_1_489' title='bbox 1563 3686 1706 3750; x_wconf 87' lang='lat' dir='ltr'><strong>Coll.,</strong></span> <span class='ocrx_word' id='word_1_490' title='bbox 1741 3693 1776 3738; x_wconf 89' lang='lat' dir='ltr'><strong>t.</strong></span> <span class='ocrx_word' id='word_1_491' title='bbox 1804 3689 1884 3748; x_wconf 80' lang='lat' dir='ltr'><strong>IX,</strong></span> <span class='ocrx_word' id='word_1_492' title='bbox 1908 3704 1954 3752; x_wconf 90' lang='lat' dir='ltr'><strong>p.</strong></span> <span class='ocrx_word' id='word_1_493' title='bbox 1979 3691 2110 3744; x_wconf 72' lang='lat'><strong>27-3.</strong></span> <span class='ocrx_word' id='word_1_494' title='bbox 2143 3693 2434 3756; x_wconf 85' lang='lat' dir='ltr'><strong>Explanalio</strong></span> <span class='ocrx_word' id='word_1_495' title='bbox 2464 3694 2511 3742; x_wconf 92' lang='lat' dir='ltr'><strong>in</strong></span> <span class='ocrx_word' id='word_1_496' title='bbox 2533 3694 2723 3744; x_wconf 75' lang='lat' dir='ltr'><strong>Eccles.</strong></span> <span class='ocrx_word' id='word_1_497' title='bbox 2749 3708 2814 3757; x_wconf 81' lang='lat' dir='ltr'><strong>Ix,</strong></span> <span class='ocrx_word' id='word_1_498' title='bbox 2837 3697 2866 3743; x_wconf 92' lang='lat'>8</span> <span class='ocrx_word' id='word_1_499' title='bbox 2890 3695 2960 3752; x_wconf 90' lang='lat' dir='ltr'><strong>ll,</strong></span> <span class='ocrx_word' id='word_1_500' title='bbox 2991 3694 3060 3743; x_wconf 72' lang='lat' dir='ltr'><strong>ll.</strong></span> 
     </span>
    </p>
   </div>
   <div class='ocr_carea' id='block_1_73' title="bbox 436 3763 1952 3841">
    <p class='ocr_par' dir='ltr' id='par_1_73' title="bbox 436 3763 1952 3841">
     <span class='ocr_line' id='line_1_73' title="bbox 436 3763 1952 3841; baseline -0.001 -15"><span class='ocrx_word' id='word_1_501' title='bbox 436 3773 510 3826; x_wconf 83' lang='grc' dir='ltr'>Τὸ</span> <span class='ocrx_word' id='word_1_502' title='bbox 530 3772 898 3841; x_wconf 77' lang='grc' dir='ltr'>λευχειμονεῖν</span> <span class='ocrx_word' id='word_1_503' title='bbox 930 3763 1008 3832; x_wconf 73' lang='grc' dir='ltr'><strong>οἷς</strong></span> <span class='ocrx_word' id='word_1_504' title='bbox 1036 3771 1068 3839; x_wconf 80' lang='grc' dir='ltr'>ἡ</span> <span class='ocrx_word' id='word_1_505' title='bbox 1099 3771 1242 3824; x_wconf 67' lang='grc' dir='ltr'>κατὰ</span> <span class='ocrx_word' id='word_1_506' title='bbox 1266 3771 1333 3822; x_wconf 80' lang='grc' dir='ltr'><strong>τά</strong></span> <span class='ocrx_word' id='word_1_507' title='bbox 1361 3771 1567 3824; x_wconf 80' lang='grc' dir='ltr'>παλαιᾶ</span> <span class='ocrx_word' id='word_1_508' title='bbox 1597 3771 1804 3841; x_wconf 88' lang='grc' dir='ltr'>νόμιμα</span> <span class='ocrx_word' id='word_1_509' title='bbox 1853 3790 1952 3826; x_wconf 87' lang='grc' dir='ltr'>πο-</span> 
     </span>
    </p>
   </div>
   <div class='ocr_carea' id='block_1_74' title="bbox 359 3864 1954 3937">
    <p class='ocr_par' dir='ltr' id='par_1_74' title="bbox 359 3864 1954 3937">
     <span class='ocr_line' id='line_1_74' title="bbox 359 3864 1954 3937; baseline -0.001 -16"><span class='ocrx_word' id='word_1_510' title='bbox 359 3866 537 3921; x_wconf 79' lang='grc' dir='ltr'>λιτεία</span> <span class='ocrx_word' id='word_1_511' title='bbox 561 3864 1024 3934; x_wconf 75' lang='grc' dir='ltr'>περισπούδαστον</span> <span class='ocrx_word' id='word_1_512' title='bbox 1047 3864 1383 3934; x_wconf 72' lang='grc' dir='ltr'>εὐφροσύνης</span> <span class='ocrx_word' id='word_1_513' title='bbox 1416 3865 1565 3935; x_wconf 82' lang='grc' dir='ltr'>ἱερᾶς</span> <span class='ocrx_word' id='word_1_514' title='bbox 1587 3865 1678 3918; x_wconf 74' lang='grc' dir='ltr'>καὶ</span> <span class='ocrx_word' id='word_1_515' title='bbox 1697 3867 1954 3937; x_wconf 85' lang='grc' dir='ltr'>ἀγιοπρε-</span> 
     </span>
    </p>
   </div>
   <div class='ocr_carea' id='block_1_75' title="bbox 361 3955 1952 4029">
    <p class='ocr_par' dir='ltr' id='par_1_75' title="bbox 361 3955 1952 4029">
     <span class='ocr_line' id='line_1_75' title="bbox 361 3955 1952 4029; baseline -0.001 -17"><span class='ocrx_word' id='word_1_516' title='bbox 361 3960 502 4022; x_wconf 79' lang='grc' dir='ltr'>ποῦς</span> <span class='ocrx_word' id='word_1_517' title='bbox 532 3956 916 4018; x_wconf 68' lang='grc' dir='ltr'>καταστάσεως</span> <span class='ocrx_word' id='word_1_518' title='bbox 943 3955 1398 4025; x_wconf 77' lang='grc' dir='ltr'>παρελαμϐάνετο</span> <span class='ocrx_word' id='word_1_519' title='bbox 1429 3955 1721 4026; x_wconf 78' lang='grc' dir='ltr'>σύμϐολον,</span> <span class='ocrx_word' id='word_1_520' title='bbox 1757 3959 1853 4010; x_wconf 68' lang='grc' dir='ltr'>καὶ</span> <span class='ocrx_word' id='word_1_521' title='bbox 1887 3959 1952 4029; x_wconf 82' lang='grc' dir='ltr'>δὴ</span> 
     </span>
    </p>
   </div>
   <div class='ocr_carea' id='block_1_76' title="bbox 361 4047 1956 4120">
    <p class='ocr_par' dir='ltr' id='par_1_76' title="bbox 361 4047 1956 4120">
     <span class='ocr_line' id='line_1_76' title="bbox 361 4047 1956 4120; baseline -0.001 -16"><span class='ocrx_word' id='word_1_522' title='bbox 361 4051 462 4104; x_wconf 68' lang='grc' dir='ltr'>καὶ</span> <span class='ocrx_word' id='word_1_523' title='bbox 501 4050 561 4103; x_wconf 76' lang='grc' dir='ltr'><strong>τὸ</strong></span> <span class='ocrx_word' id='word_1_524' title='bbox 620 4049 719 4119; x_wconf 74' lang='grc' dir='ltr'>τὴν</span> <span class='ocrx_word' id='word_1_525' title='bbox 775 4049 1016 4116; x_wconf 72' lang='grc' dir='ltr'>κεφαλὴν</span> <span class='ocrx_word' id='word_1_526' title='bbox 1067 4047 1229 4118; x_wconf 81' lang='grc' dir='ltr'>ἐλαίῳ</span> <span class='ocrx_word' id='word_1_527' title='bbox 1279 4047 1598 4117; x_wconf 81' lang='grc' dir='ltr'>ἀλείφεσθαι</span> <span class='ocrx_word' id='word_1_528' title='bbox 1642 4050 1741 4118; x_wconf 88' lang='grc' dir='ltr'><strong>τῆς</strong></span> <span class='ocrx_word' id='word_1_529' title='bbox 1789 4050 1956 4120; x_wconf 76' lang='grc' dir='ltr'>αὐτῆς</span> 
     </span>
    </p>
   </div>
   <div class='ocr_carea' id='block_1_77' title="bbox 359 4138 1950 4212">
    <p class='ocr_par' dir='ltr' id='par_1_77' title="bbox 359 4138 1950 4212">
     <span class='ocr_line' id='line_1_77' title="bbox 359 4138 1950 4212; baseline 0.001 -20"><span class='ocrx_word' id='word_1_530' title='bbox 359 4143 662 4212; x_wconf 82' lang='grc' dir='ltr'>τεκμήριον</span> <span class='ocrx_word' id='word_1_531' title='bbox 681 4139 958 4192; x_wconf 81' lang='grc' dir='ltr'>ἐποιοῦντο</span> <span class='ocrx_word' id='word_1_532' title='bbox 975 4138 1285 4200; x_wconf 78' lang='grc' dir='ltr'>διαθέσεως.</span> <span class='ocrx_word' id='word_1_533' title='bbox 1307 4139 1398 4192; x_wconf 75' lang='grc' dir='ltr'><strong>Διὸ</strong></span> <span class='ocrx_word' id='word_1_534' title='bbox 1415 4138 1509 4192; x_wconf 72' lang='grc' dir='ltr'><strong>καὶ</strong></span> <span class='ocrx_word' id='word_1_535' title='bbox 1523 4141 1550 4192; x_wconf 85' lang='grc' dir='ltr'>ὁ</span> <span class='ocrx_word' id='word_1_536' title='bbox 1568 4139 1770 4210; x_wconf 76' lang='grc' dir='ltr'>Κύριος</span> <span class='ocrx_word' id='word_1_537' title='bbox 1793 4141 1824 4211; x_wconf 81' lang='grc' dir='ltr'>ἡ</span> <span class='ocrx_word' id='word_1_538' title='bbox 1835 4141 1950 4208; x_wconf 81' lang='grc' dir='ltr'>μῶν</span> 
     </span>
    </p>
   </div>
   <div class='ocr_carea' id='block_1_78' title="bbox 359 4231 1904 4302">
    <p class='ocr_par' dir='ltr' id='par_1_78' title="bbox 359 4231 1904 4302">
     <span class='ocr_line' id='line_1_78' title="bbox 359 4231 1904 4302; baseline -0.002 -15"><span class='ocrx_word' id='word_1_539' title='bbox 359 4235 467 4302; x_wconf 80' lang='grc' dir='ltr'>τῆς</span> <span class='ocrx_word' id='word_1_540' title='bbox 500 4234 608 4285; x_wconf 83' lang='grc' dir='ltr'><strong>τῶν</strong></span> <span class='ocrx_word' id='word_1_541' title='bbox 635 4232 943 4301; x_wconf 81' lang='grc' dir='ltr'>Φαρισαίων</span> <span class='ocrx_word' id='word_1_542' title='bbox 972 4231 1203 4299; x_wconf 82' lang='grc' dir='ltr'>ἀπάγων</span> <span class='ocrx_word' id='word_1_543' title='bbox 1234 4232 1385 4301; x_wconf 80' lang='grc' dir='ltr'><strong>ἡμᾶς</strong></span> <span class='ocrx_word' id='word_1_544' title='bbox 1428 4232 1716 4301; x_wconf 80' lang='grc' dir='ltr'>μιμήσεως</span> <span class='ocrx_word' id='word_1_545' title='bbox 1750 4231 1904 4300; x_wconf 79' lang='grc' dir='ltr'>ἔλεγε</span> 
     </span>
    </p>
   </div>
   <div class='ocr_carea' id='block_1_79' title="bbox 370 4320 1949 4394">
    <p class='ocr_par' dir='ltr' id='par_1_79' title="bbox 370 4320 1949 4394">
     <span class='ocr_line' id='line_1_79' title="bbox 370 4320 1949 4394; baseline -0.001 -19"><span class='ocrx_word' id='word_1_546' title='bbox 370 4345 390 4375; x_wconf 79' lang='grc' dir='ltr'>ι</span> <span class='ocrx_word' id='word_1_547' title='bbox 427 4324 498 4376; x_wconf 79' lang='grc' dir='ltr'>Σὺ</span> <span class='ocrx_word' id='word_1_548' title='bbox 527 4323 581 4376; x_wconf 79' lang='grc' dir='ltr'>δὲ</span> <span class='ocrx_word' id='word_1_549' title='bbox 618 4323 893 4394; x_wconf 86' lang='grc' dir='ltr'>νηστεύων</span> <span class='ocrx_word' id='word_1_550' title='bbox 919 4320 1136 4391; x_wconf 70' lang='grc' dir='ltr'>ἄλειψαί</span> <span class='ocrx_word' id='word_1_551' title='bbox 1173 4338 1265 4373; x_wconf 86' lang='grc' dir='ltr'><strong>σου</strong></span> <span class='ocrx_word' id='word_1_552' title='bbox 1300 4320 1396 4391; x_wconf 82' lang='grc' dir='ltr'>τὴν</span> <span class='ocrx_word' id='word_1_553' title='bbox 1435 4321 1679 4391; x_wconf 76' lang='grc' dir='ltr'>κεφαλὴν</span> <span class='ocrx_word' id='word_1_554' title='bbox 1716 4322 1900 4391; x_wconf 62' lang='grc' dir='ltr'>ἐλαίῳ</span> <span class='ocrx_word' id='word_1_555' title='bbox 1931 4341 1949 4374; x_wconf 69' lang='grc' dir='ltr'>ι</span> 
     </span>
    </p>
   </div>
   <div class='ocr_carea' id='block_1_80' title="bbox 362 4410 1953 4485">
    <p class='ocr_par' dir='ltr' id='par_1_80' title="bbox 362 4410 1953 4485">
     <span class='ocr_line' id='line_1_80' title="bbox 362 4410 1953 4485; baseline -0.008 -16"><span class='ocrx_word' id='word_1_556' title='bbox 362 4410 500 4479; x_wconf 78' lang='grc' dir='ltr'>οἷον,</span> <span class='ocrx_word' id='word_1_557' title='bbox 538 4415 719 4485; x_wconf 61' lang='grc' dir='ltr'>Μηδὲν</span> <span class='ocrx_word' id='word_1_558' title='bbox 753 4412 1264 4484; x_wconf 75' lang='grc' dir='ltr'>σκυθρωπὸν,,μηδὲ</span> <span class='ocrx_word' id='word_1_559' title='bbox 1323 4413 1565 4484; x_wconf 80' lang='grc' dir='ltr'>κατηφὲς</span> <span class='ocrx_word' id='word_1_560' title='bbox 1604 4412 1681 4483; x_wconf 83' lang='grc' dir='ltr'><strong>τῷ</strong></span> <span class='ocrx_word' id='word_1_561' title='bbox 1711 4413 1814 4483; x_wconf 81' lang='grc' dir='ltr'><strong>τῆς</strong></span> <span class='ocrx_word' id='word_1_562' title='bbox 1858 4433 1953 4484; x_wconf 87' lang='grc' dir='ltr'><strong>νη-</strong></span> 
     </span>
    </p>
   </div>
   <div class='ocr_carea' id='block_1_81' title="bbox 2131 3775 3649 3848">
    <p class='ocr_par' dir='ltr' id='par_1_81' title="bbox 2131 3775 3649 3848">
     <span class='ocr_line' id='line_1_81' title="bbox 2131 3775 3649 3848; baseline -0.001 -18"><span class='ocrx_word' id='word_1_563' title='bbox 2131 3777 2296 3833; x_wconf 78' lang='lat' dir='ltr'><strong>Veste</strong></span> <span class='ocrx_word' id='word_1_564' title='bbox 2323 3779 2446 3832; x_wconf 89' lang='lat' dir='ltr'><strong>alba</strong></span> <span class='ocrx_word' id='word_1_565' title='bbox 2491 3779 2664 3845; x_wconf 88' lang='lat' dir='ltr'><strong>indui,</strong></span> <span class='ocrx_word' id='word_1_566' title='bbox 2725 3779 2793 3833; x_wconf 90' lang='lat' dir='ltr'><strong>iis</strong></span> <span class='ocrx_word' id='word_1_567' title='bbox 2846 3780 3044 3848; x_wconf 88' lang='lat' dir='ltr'><strong>quibus</strong></span> <span class='ocrx_word' id='word_1_568' title='bbox 3105 3779 3224 3832; x_wconf 69' lang='lat' dir='ltr'><strong>\‘lltB</strong></span> <span class='ocrx_word' id='word_1_569' title='bbox 3307 3775 3463 3846; x_wconf 72' lang='lat' dir='ltr'><strong>juxta</strong></span> <span class='ocrx_word' id='word_1_570' title='bbox 3546 3791 3649 3829; x_wconf 87' lang='lat' dir='ltr'><strong>an-</strong></span> 
     </span>
    </p>
   </div>
   <div class='ocr_carea' id='block_1_82' title="bbox 2059 3869 3650 3940">
    <p class='ocr_par' dir='ltr' id='par_1_82' title="bbox 2059 3869 3650 3940">
     <span class='ocr_line' id='line_1_82' title="bbox 2059 3869 3650 3940; baseline -0.003 -15"><span class='ocrx_word' id='word_1_571' title='bbox 2059 3869 2244 3940; x_wconf 89' lang='lat' dir='ltr'><strong>tiquos</strong></span> <span class='ocrx_word' id='word_1_572' title='bbox 2275 3871 2412 3925; x_wconf 88' lang='lat' dir='ltr'><strong>ritus</strong></span> <span class='ocrx_word' id='word_1_573' title='bbox 2438 3870 2750 3926; x_wconf 81' lang='lat' dir='ltr'><strong>IIlSlIltttllllt</strong></span> <span class='ocrx_word' id='word_1_574' title='bbox 2779 3872 2961 3925; x_wconf 79' lang='lat' dir='ltr'><strong>studio</strong></span> <span class='ocrx_word' id='word_1_575' title='bbox 2989 3870 3288 3939; x_wconf 78' lang='lat' dir='ltr'><strong>appetitum</strong></span> <span class='ocrx_word' id='word_1_576' title='bbox 3319 3880 3458 3933; x_wconf 87' lang='lat' dir='ltr'><strong>erat,</strong></span> <span class='ocrx_word' id='word_1_577' title='bbox 3478 3883 3650 3922; x_wconf 68' lang='lat' dir='ltr'><strong>sacrm</strong></span> 
     </span>
    </p>
   </div>
   <div class='ocr_carea' id='block_1_83' title="bbox 2061 3960 3652 4032">
    <p class='ocr_par' dir='ltr' id='par_1_83' title="bbox 2061 3960 3652 4032">
     <span class='ocr_line' id='line_1_83' title="bbox 2061 3960 3652 4032; baseline -0.004 -14"><span class='ocrx_word' id='word_1_578' title='bbox 2061 3963 2266 4018; x_wconf 63' lang='lat' dir='ltr'><strong>laetitia:</strong></span> <span class='ocrx_word' id='word_1_579' title='bbox 2290 3972 2344 4018; x_wconf 92' lang='lat' dir='ltr'><strong>et</strong></span> <span class='ocrx_word' id='word_1_580' title='bbox 2376 3963 2552 4018; x_wconf 89' lang='lat' dir='ltr'><strong>sancti</strong></span> <span class='ocrx_word' id='word_1_581' title='bbox 2580 3974 2756 4018; x_wconf 89' lang='lat' dir='ltr'><strong>status</strong></span> <span class='ocrx_word' id='word_1_582' title='bbox 2783 3962 3095 4032; x_wconf 76' lang='lat' dir='ltr'><strong>symbolum</strong></span> <span class='ocrx_word' id='word_1_583' title='bbox 3142 3960 3560 4023; x_wconf 83' lang='lat' dir='ltr'><strong>assumebatur;</strong></span> <span class='ocrx_word' id='word_1_584' title='bbox 3597 3968 3652 4013; x_wconf 87' lang='lat' dir='ltr'><strong>ct</strong></span> 
     </span>
    </p>
   </div>
   <div class='ocr_carea' id='block_1_84' title="bbox 2064 4050 3653 4124">
    <p class='ocr_par' dir='ltr' id='par_1_84' title="bbox 2064 4050 3653 4124">
     <span class='ocr_line' id='line_1_84' title="bbox 2064 4050 3653 4124; baseline -0.004 -14"><span class='ocrx_word' id='word_1_585' title='bbox 2064 4069 2196 4110; x_wconf 89' lang='lat' dir='ltr'><strong>sane</strong></span> <span class='ocrx_word' id='word_1_586' title='bbox 2233 4054 2416 4108; x_wconf 90' lang='lat' dir='ltr'><strong>adhuc</strong></span> <span class='ocrx_word' id='word_1_587' title='bbox 2471 4063 2636 4124; x_wconf 71' lang='lat' dir='ltr'><strong>eaput</strong></span> <span class='ocrx_word' id='word_1_588' title='bbox 2687 4053 2814 4122; x_wconf 78' lang='lat' dir='ltr'><strong>ungi</strong></span> <span class='ocrx_word' id='word_1_589' title='bbox 2862 4053 2982 4106; x_wconf 89' lang='lat' dir='ltr'><strong>oleo</strong></span> <span class='ocrx_word' id='word_1_590' title='bbox 3021 4052 3122 4106; x_wconf 84' lang='lat' dir='ltr'><strong>sibi</strong></span> <span class='ocrx_word' id='word_1_591' title='bbox 3155 4051 3431 4104; x_wconf 89' lang='lat' dir='ltr'><strong>faciebant</strong></span> <span class='ocrx_word' id='word_1_592' title='bbox 3487 4050 3653 4118; x_wconf 91' lang='lat' dir='ltr'><strong>hujus</strong></span> 
     </span>
    </p>
   </div>
   <div class='ocr_carea' id='block_1_85' title="bbox 2065 4141 3654 4214">
    <p class='ocr_par' dir='ltr' id='par_1_85' title="bbox 2065 4141 3654 4214">
     <span class='ocr_line' id='line_1_85' title="bbox 2065 4141 3654 4214; baseline -0.003 -15"><span class='ocrx_word' id='word_1_593' title='bbox 2065 4146 2444 4214; x_wconf 88' lang='lat' dir='ltr'><strong>dispositionis</strong></span> <span class='ocrx_word' id='word_1_594' title='bbox 2487 4145 2858 4198; x_wconf 81' lang='lat' dir='ltr'><strong>testimonium</strong></span> <span class='ocrx_word' id='word_1_595' title='bbox 2888 4161 2902 4208; x_wconf 90' lang='lat'><strong>;</strong></span> <span class='ocrx_word' id='word_1_596' title='bbox 2937 4149 3272 4212; x_wconf 88' lang='lat' dir='ltr'><strong>quapropter</strong></span> <span class='ocrx_word' id='word_1_597' title='bbox 3302 4151 3355 4196; x_wconf 87' lang='lat' dir='ltr'><strong>et</strong></span> <span class='ocrx_word' id='word_1_598' title='bbox 3389 4141 3654 4195; x_wconf 85' lang='lat' dir='ltr'><strong>Dominus</strong></span> 
     </span>
    </p>
   </div>
   <div class='ocr_carea' id='block_1_86' title="bbox 2063 4231 3652 4292">
    <p class='ocr_par' dir='ltr' id='par_1_86' title="bbox 2063 4231 3652 4292">
     <span class='ocr_line' id='line_1_86' title="bbox 2063 4231 3652 4292; baseline -0.003 -2"><span class='ocrx_word' id='word_1_599' title='bbox 2063 4248 2250 4292; x_wconf 89' lang='lat' dir='ltr'><strong>noster</strong></span> <span class='ocrx_word' id='word_1_600' title='bbox 2284 4252 2386 4292; x_wconf 91' lang='lat' dir='ltr'><strong>nos</strong></span> <span class='ocrx_word' id='word_1_601' title='bbox 2415 4253 2445 4292; x_wconf 90' lang='lat' dir='ltr'><strong>a</strong></span> <span class='ocrx_word' id='word_1_602' title='bbox 2481 4237 2882 4290; x_wconf 61' lang='lat' dir='ltr'><strong>Pharismorum</strong></span> <span class='ocrx_word' id='word_1_603' title='bbox 2927 4245 3178 4289; x_wconf 89' lang='lat' dir='ltr'><strong>avertens</strong></span> <span class='ocrx_word' id='word_1_604' title='bbox 3228 4232 3534 4287; x_wconf 89' lang='lat' dir='ltr'><strong>imitatione</strong></span> <span class='ocrx_word' id='word_1_605' title='bbox 3568 4231 3652 4286; x_wconf 90' lang='lat' dir='ltr'><strong>di—</strong></span> 
     </span>
    </p>
   </div>
   <div class='ocr_carea' id='block_1_87' title="bbox 2062 4326 3648 4397">
    <p class='ocr_par' dir='ltr' id='par_1_87' title="bbox 2062 4326 3648 4397">
     <span class='ocr_line' id='line_1_87' title="bbox 2062 4326 3648 4397; baseline -0.004 -14"><span class='ocrx_word' id='word_1_606' title='bbox 2062 4330 2257 4384; x_wconf 87' lang='lat' dir='ltr'><strong>cebat:</strong></span> <span class='ocrx_word' id='word_1_607' title='bbox 2299 4348 2318 4382; x_wconf 83' lang='grc' dir='ltr'>ι</span> <span class='ocrx_word' id='word_1_608' title='bbox 2353 4329 2435 4384; x_wconf 89' lang='lat' dir='ltr'><strong>Tu</strong></span> <span class='ocrx_word' id='word_1_609' title='bbox 2469 4338 2652 4383; x_wconf 87' lang='lat' dir='ltr'><strong>autem</strong></span> <span class='ocrx_word' id='word_1_610' title='bbox 2684 4343 2809 4382; x_wconf 92' lang='lat' dir='ltr'><strong>cum</strong></span> <span class='ocrx_word' id='word_1_611' title='bbox 2839 4326 3082 4397; x_wconf 88' lang='lat' dir='ltr'><strong>jejunas,</strong></span> <span class='ocrx_word' id='word_1_612' title='bbox 3115 4340 3256 4393; x_wconf 76' lang='lat' dir='ltr'><strong>unge</strong></span> <span class='ocrx_word' id='word_1_613' title='bbox 3296 4333 3460 4393; x_wconf 85' lang='lat' dir='ltr'><strong>caput</strong></span> <span class='ocrx_word' id='word_1_614' title='bbox 3493 4332 3648 4378; x_wconf 91' lang='lat' dir='ltr'><strong>tuum</strong></span> 
     </span>
    </p>
   </div>
   <div class='ocr_carea' id='block_1_88' title="bbox 2061 4414 3648 4490">
    <p class='ocr_par' dir='ltr' id='par_1_88' title="bbox 2061 4414 3648 4490">
     <span class='ocr_line' id='line_1_88' title="bbox 2061 4414 3648 4490; baseline -0.006 -14"><span class='ocrx_word' id='word_1_615' title='bbox 2061 4421 2214 4487; x_wconf 90' lang='lat' dir='ltr'><strong>oleo;</strong></span> <span class='ocrx_word' id='word_1_616' title='bbox 2282 4440 2299 4470; x_wconf 76' lang='grc' dir='ltr'><strong>ι</strong></span> <span class='ocrx_word' id='word_1_617' title='bbox 2329 4421 2487 4490; x_wconf 87' lang='lat' dir='ltr'><strong>quasi</strong></span> <span class='ocrx_word' id='word_1_618' title='bbox 2529 4418 2802 4473; x_wconf 73' lang='lat' dir='ltr'><strong>dixisset:</strong></span> <span class='ocrx_word' id='word_1_619' title='bbox 2853 4417 2996 4471; x_wconf 82' lang='lat' dir='ltr'><strong>Nihil</strong></span> <span class='ocrx_word' id='word_1_620' title='bbox 3050 4416 3225 4480; x_wconf 87' lang='lat' dir='ltr'><strong>triste,</strong></span> <span class='ocrx_word' id='word_1_621' title='bbox 3281 4415 3419 4469; x_wconf 91' lang='lat' dir='ltr'><strong>nihil</strong></span> <span class='ocrx_word' id='word_1_622' title='bbox 3466 4414 3648 4468; x_wconf 68' lang='lat' dir='ltr'><strong>incesti</strong></span> 
     </span>
    </p>
   </div>
   <div class='ocr_carea' id='block_1_89' title="bbox 368 4503 1951 4582">
    <p class='ocr_par' dir='ltr' id='par_1_89' title="bbox 368 4503 1948 4578">
     <span class='ocr_line' id='line_1_89' title="bbox 368 4503 1948 4578; baseline 0 -18"><span class='ocrx_word' id='word_1_623' title='bbox 368 4507 556 4570; x_wconf 78' lang='grc' dir='ltr'>στείας</span> <span class='ocrx_word' id='word_1_624' title='bbox 607 4505 993 4578; x_wconf 86' lang='grc' dir='ltr'>κατορθώματι</span> <span class='ocrx_word' id='word_1_625' title='bbox 1049 4505 1459 4578; x_wconf 65' lang='grc' dir='ltr'>συνδιαπὶέξῃς.</span> <span class='ocrx_word' id='word_1_626' title='bbox 1527 4506 1682 4558; x_wconf 78' lang='grc' dir='ltr'>Ἐπεὶ</span> <span class='ocrx_word' id='word_1_627' title='bbox 1727 4503 1822 4560; x_wconf 83' lang='grc' dir='ltr'><strong>οῦν</strong></span> <span class='ocrx_word' id='word_1_628' title='bbox 1877 4507 1948 4560; x_wconf 74' lang='grc' dir='ltr'><strong>τά</strong></span> 
     </span>
    </p>
   </div>
   <div class='ocr_carea' id='block_1_90' title="bbox 2057 4503 3646 4582">
    <p class='ocr_par' dir='ltr' id='par_1_90' title="bbox 2057 4506 3646 4582">
     <span class='ocr_line' id='line_1_90' title="bbox 2057 4506 3646 4582; baseline -0.003 -16"><span class='ocrx_word' id='word_1_629' title='bbox 2057 4511 2243 4582; x_wconf 86' lang='lat' dir='ltr'><strong>jejunii</strong></span> <span class='ocrx_word' id='word_1_630' title='bbox 2275 4511 2419 4566; x_wconf 90' lang='lat' dir='ltr'><strong>bono</strong></span> <span class='ocrx_word' id='word_1_631' title='bbox 2442 4510 2776 4566; x_wconf 86' lang='lat' dir='ltr'><strong>immisceas.</strong></span> <span class='ocrx_word' id='word_1_632' title='bbox 2803 4506 3078 4576; x_wconf 85' lang='lat' dir='ltr'><strong>Quoniam</strong></span> <span class='ocrx_word' id='word_1_633' title='bbox 3130 4507 3298 4578; x_wconf 72' lang='lat' dir='ltr'><strong>igitur</strong></span> <span class='ocrx_word' id='word_1_634' title='bbox 3325 4507 3449 4562; x_wconf 83' lang='lat' dir='ltr'><strong>alba</strong></span> <span class='ocrx_word' id='word_1_635' title='bbox 3477 4515 3646 4562; x_wconf 86' lang='lat' dir='ltr'><strong>vestt-</strong></span> 
     </span>
    </p>
   </div>
   <div class='ocr_carea' id='block_1_91' title="bbox 1894 4621 2127 4680">
    <p class='ocr_par' dir='ltr' id='par_1_91' title="bbox 1894 4621 2127 4680">
     <span class='ocr_line' id='line_1_91' title="bbox 1894 4621 2127 4680; baseline 0.017 -4"><span class='ocrx_word' id='word_1_636' title='bbox 1894 4621 2127 4680; x_wconf 67' lang='lat' dir='ltr'><strong>NOTAE.</strong></span> 
     </span>
    </p>
   </div>
   <div class='ocr_carea' id='block_1_92' title="bbox 446 4713 1956 4786">
    <p class='ocr_par' dir='ltr' id='par_1_92' title="bbox 446 4713 1956 4786">
     <span class='ocr_line' id='line_1_92' title="bbox 446 4713 1956 4786; baseline 0.001 -18"><span class='ocrx_word' id='word_1_637' title='bbox 446 4714 554 4785; x_wconf 75' lang='grc'><strong>(48)</strong></span> <span class='ocrx_word' id='word_1_638' title='bbox 575 4713 708 4771; x_wconf 80' lang='lat' dir='ltr'><strong>Vide</strong></span> <span class='ocrx_word' id='word_1_639' title='bbox 733 4717 1046 4772; x_wconf 65' lang='lat' dir='ltr'><strong>Graacorum</strong></span> <span class='ocrx_word' id='word_1_640' title='bbox 1069 4713 1504 4786; x_wconf 76' lang='lat' dir='ltr'><strong>Euchologium,</strong></span> <span class='ocrx_word' id='word_1_641' title='bbox 1522 4732 1640 4785; x_wconf 88' lang='lat' dir='ltr'><strong>cap.</strong></span> <span class='ocrx_word' id='word_1_642' title='bbox 1679 4717 1746 4772; x_wconf 87' lang='lat' dir='ltr'><strong>de</strong></span> <span class='ocrx_word' id='word_1_643' title='bbox 1777 4716 1956 4785; x_wconf 87' lang='lat' dir='ltr'><strong>bapti-</strong></span> 
     </span>
    </p>
   </div>
   <div class='ocr_carea' id='block_1_93' title="bbox 368 4797 565 4842">
    <p class='ocr_par' dir='ltr' id='par_1_93' title="bbox 368 4797 565 4842">
     <span class='ocr_line' id='line_1_93' title="bbox 368 4797 565 4842; baseline -0.02 0"><span class='ocrx_word' id='word_1_644' title='bbox 368 4797 565 4842; x_wconf 86' lang='lat' dir='ltr'><strong>smate.</strong></span> 
     </span>
    </p>
   </div>
   <div class='ocr_carea' id='block_1_94' title="bbox 441 4853 1958 4926">
    <p class='ocr_par' dir='ltr' id='par_1_94' title="bbox 441 4853 1958 4926">
     <span class='ocr_line' id='line_1_94' title="bbox 441 4853 1958 4926; baseline 0.001 -18"><span class='ocrx_word' id='word_1_645' title='bbox 441 4856 554 4926; x_wconf 18' lang='lat'><strong>(497)</strong></span> <span class='ocrx_word' id='word_1_646' title='bbox 586 4853 780 4910; x_wconf 85' lang='lat' dir='ltr'><strong>Photio</strong></span> <span class='ocrx_word' id='word_1_647' title='bbox 800 4866 858 4910; x_wconf 91' lang='lat' dir='ltr'><strong>ut</strong></span> <span class='ocrx_word' id='word_1_648' title='bbox 883 4855 1148 4911; x_wconf 87' lang='lat' dir='ltr'><strong>scriberet</strong></span> <span class='ocrx_word' id='word_1_649' title='bbox 1170 4855 1496 4910; x_wconf 87' lang='lat' dir='ltr'><strong>luculentam</strong></span> <span class='ocrx_word' id='word_1_650' title='bbox 1525 4855 1666 4910; x_wconf 88' lang='lat' dir='ltr'><strong>hanc</strong></span> <span class='ocrx_word' id='word_1_651' title='bbox 1693 4855 1760 4910; x_wconf 92' lang='lat' dir='ltr'><strong>de</strong></span> <span class='ocrx_word' id='word_1_652' title='bbox 1781 4855 1958 4925; x_wconf 84' lang='lat' dir='ltr'><strong>bapti-</strong></span> 
     </span>
    </p>
   </div>
   <div class='ocr_carea' id='block_1_95' title="bbox 369 4925 1957 4996">
    <p class='ocr_par' dir='ltr' id='par_1_95' title="bbox 369 4925 1957 4996">
     <span class='ocr_line' id='line_1_95' title="bbox 369 4925 1957 4996; baseline -0.002 -13"><span class='ocrx_word' id='word_1_653' title='bbox 369 4925 477 4984; x_wconf 89' lang='lat' dir='ltr'><strong>smi</strong></span> <span class='ocrx_word' id='word_1_654' title='bbox 518 4925 746 4980; x_wconf 77' lang='lat' dir='ltr'><strong>formula</strong></span> <span class='ocrx_word' id='word_1_655' title='bbox 790 4927 1255 4989; x_wconf 90' lang='lat' dir='ltr'><strong>dissertationem,</strong></span> <span class='ocrx_word' id='word_1_656' title='bbox 1292 4926 1382 4978; x_wconf 75' lang='lat' dir='ltr'><strong>vix</strong></span> <span class='ocrx_word' id='word_1_657' title='bbox 1419 4926 1610 4996; x_wconf 89' lang='lat' dir='ltr'><strong>dubito</strong></span> <span class='ocrx_word' id='word_1_658' title='bbox 1658 4927 1790 4996; x_wconf 92' lang='lat' dir='ltr'><strong>quin</strong></span> <span class='ocrx_word' id='word_1_659' title='bbox 1825 4941 1957 4980; x_wconf 90' lang='lat' dir='ltr'><strong>cau-</strong></span> 
     </span>
    </p>
   </div>
   <div class='ocr_carea' id='block_1_96' title="bbox 371 4995 1956 5068">
    <p class='ocr_par' dir='ltr' id='par_1_96' title="bbox 371 4995 1956 5068">
     <span class='ocr_line' id='line_1_96' title="bbox 371 4995 1956 5068; baseline -0.003 -15"><span class='ocrx_word' id='word_1_660' title='bbox 371 5011 490 5053; x_wconf 85' lang='lat' dir='ltr'><strong>sam</strong></span> <span class='ocrx_word' id='word_1_661' title='bbox 543 4997 801 5052; x_wconf 91' lang='lat' dir='ltr'><strong>obtulerit</strong></span> <span class='ocrx_word' id='word_1_662' title='bbox 854 4998 1378 5068; x_wconf 22' lang='lat' dir='ltr'><strong>controversiakper</strong></span> <span class='ocrx_word' id='word_1_663' title='bbox 1413 4995 1468 5068; x_wconf 88' lang='lat' dir='ltr'><strong>id</strong></span> <span class='ocrx_word' id='word_1_664' title='bbox 1515 4995 1730 5068; x_wconf 81' lang='lat' dir='ltr'><strong>tempus</strong></span> <span class='ocrx_word' id='word_1_665' title='bbox 1776 4997 1956 5050; x_wconf 90' lang='lat' dir='ltr'><strong>denuo</strong></span> 
     </span>
    </p>
   </div>
   <div class='ocr_carea' id='block_1_97' title="bbox 369 5065 1956 5136">
    <p class='ocr_par' dir='ltr' id='par_1_97' title="bbox 369 5065 1956 5136">
     <span class='ocr_line' id='line_1_97' title="bbox 369 5065 1956 5136; baseline -0.003 -12"><span class='ocrx_word' id='word_1_666' title='bbox 369 5079 672 5128; x_wconf 86' lang='lat' dir='ltr'><strong>commota,</strong></span> <span class='ocrx_word' id='word_1_667' title='bbox 705 5083 869 5136; x_wconf 82' lang='lat' dir='ltr'><strong>quam</strong></span> <span class='ocrx_word' id='word_1_668' title='bbox 918 5082 950 5122; x_wconf 91' lang='lat' dir='ltr'><strong>e</strong></span> <span class='ocrx_word' id='word_1_669' title='bbox 981 5066 1182 5121; x_wconf 82' lang='lat' dir='ltr'><strong>celebri</strong></span> <span class='ocrx_word' id='word_1_670' title='bbox 1223 5065 1284 5120; x_wconf 55' lang='lat' dir='ltr'><strong>Si</strong></span> <span class='ocrx_word' id='word_1_671' title='bbox 1318 5066 1525 5120; x_wconf 79' lang='lat' dir='ltr'><strong>Nicolai</strong></span> <span class='ocrx_word' id='word_1_672' title='bbox 1582 5065 1642 5120; x_wconf 34' lang='lat' dir='ltr'><strong>I.’</strong></span> <span class='ocrx_word' id='word_1_673' title='bbox 1686 5067 1842 5135; x_wconf 76' lang='lat' dir='ltr'><strong>Papre</strong></span> <span class='ocrx_word' id='word_1_674' title='bbox 1869 5082 1956 5121; x_wconf 85' lang='lat' dir='ltr'><strong>re-</strong></span> 
     </span>
    </p>
   </div>
   <div class='ocr_carea' id='block_1_98' title="bbox 371 5137 1956 5220">
    <p class='ocr_par' dir='ltr' id='par_1_98' title="bbox 371 5137 1956 5220">
     <span class='ocr_line' id='line_1_98' title="bbox 371 5137 1956 5220; baseline -0.003 -25"><span class='ocrx_word' id='word_1_675' title='bbox 371 5152 582 5220; x_wconf 77' lang='lat' dir='ltr'><strong>sponso</strong></span> <span class='ocrx_word' id='word_1_676' title='bbox 607 5137 685 5218; x_wconf 42' lang='lat' dir='ltr'><strong>ad.</strong></span> <span class='ocrx_word' id='word_1_677' title='bbox 705 5137 968 5220; x_wconf 61' lang='lat' dir='ltr'><strong>Bulgaros</strong></span> <span class='ocrx_word' id='word_1_678' title='bbox 994 5137 1127 5220; x_wconf 78' lang='lat' dir='ltr'><strong>satis</strong></span> <span class='ocrx_word' id='word_1_679' title='bbox 1157 5137 1568 5220; x_wconf 62' lang='lat' dir='ltr'><strong>cognoscimus,</strong></span> <span class='ocrx_word' id='word_1_680' title='bbox 1593 5137 1661 5192; x_wconf 91' lang='lat' dir='ltr'><strong>de</strong></span> <span class='ocrx_word' id='word_1_681' title='bbox 1684 5137 1956 5220; x_wconf 74' lang='lat' dir='ltr'><strong>baptismo</strong></span> 
     </span>
    </p>
   </div>
   <div class='ocr_carea' id='block_1_99' title="bbox 373 5206 1956 5264">
    <p class='ocr_par' dir='ltr' id='par_1_99' title="bbox 373 5206 1956 5264">
     <span class='ocr_line' id='line_1_99' title="bbox 373 5206 1956 5264; baseline -0.002 -1"><span class='ocrx_word' id='word_1_682' title='bbox 373 5206 636 5264; x_wconf 86' lang='lat' dir='ltr'><strong>nimirum</strong></span> <span class='ocrx_word' id='word_1_683' title='bbox 674 5208 727 5262; x_wconf 92' lang='lat' dir='ltr'><strong>in</strong></span> <span class='ocrx_word' id='word_1_684' title='bbox 759 5209 817 5263; x_wconf 90' lang='lat' dir='ltr'><strong>S.</strong></span> <span class='ocrx_word' id='word_1_685' title='bbox 856 5207 1146 5262; x_wconf 90' lang='lat' dir='ltr'><strong>Trinitatis</strong></span> <span class='ocrx_word' id='word_1_686' title='bbox 1168 5210 1251 5262; x_wconf 78' lang='lat' dir='ltr'><strong>Vel</strong></span> <span class='ocrx_word' id='word_1_687' title='bbox 1281 5207 1335 5261; x_wconf 94' lang='lat' dir='ltr'><strong>in</strong></span> <span class='ocrx_word' id='word_1_688' title='bbox 1365 5206 1571 5260; x_wconf 85' lang='lat' dir='ltr'><strong>Christi</strong></span> <span class='ocrx_word' id='word_1_689' title='bbox 1611 5209 1830 5261; x_wconf 90' lang='lat' dir='ltr'><strong>nomine</strong></span> <span class='ocrx_word' id='word_1_690' title='bbox 1858 5209 1956 5261; x_wconf 88' lang='lat' dir='ltr'><strong>ad-</strong></span> 
     </span>
    </p>
   </div>
   <div class='ocr_carea' id='block_1_100' title="bbox 372 5277 1955 5345">
    <p class='ocr_par' dir='ltr' id='par_1_100' title="bbox 372 5277 1955 5345">
     <span class='ocr_line' id='line_1_100' title="bbox 372 5277 1955 5345; baseline -0.004 -10"><span class='ocrx_word' id='word_1_691' title='bbox 372 5279 709 5335; x_wconf 84' lang='lat' dir='ltr'><strong>ministrate.</strong></span> <span class='ocrx_word' id='word_1_692' title='bbox 739 5277 897 5344; x_wconf 86' lang='lat' dir='ltr'><strong>Quod</strong></span> <span class='ocrx_word' id='word_1_693' title='bbox 926 5287 1105 5332; x_wconf 88' lang='lat' dir='ltr'><strong>autem</strong></span> <span class='ocrx_word' id='word_1_694' title='bbox 1131 5277 1354 5332; x_wconf 86' lang='lat' dir='ltr'><strong>Photius</strong></span> <span class='ocrx_word' id='word_1_695' title='bbox 1394 5292 1568 5345; x_wconf 85' lang='lat' dir='ltr'><strong>neque</strong></span> <span class='ocrx_word' id='word_1_696' title='bbox 1605 5277 1710 5332; x_wconf 89' lang='lat' dir='ltr'><strong>hoc</strong></span> <span class='ocrx_word' id='word_1_697' title='bbox 1747 5277 1955 5345; x_wconf 89' lang='lat' dir='ltr'><strong>scripto</strong></span> 
     </span>
    </p>
   </div>
   <div class='ocr_carea' id='block_1_101' title="bbox 373 5347 1963 5419">
    <p class='ocr_par' dir='ltr' id='par_1_101' title="bbox 373 5347 1963 5419">
     <span class='ocr_line' id='line_1_101' title="bbox 373 5347 1963 5419; baseline -0.002 -16"><span class='ocrx_word' id='word_1_698' title='bbox 373 5365 557 5418; x_wconf 88' lang='lat' dir='ltr'><strong>neque</strong></span> <span class='ocrx_word' id='word_1_699' title='bbox 588 5349 678 5402; x_wconf 91' lang='lat' dir='ltr'><strong>illa</strong></span> <span class='ocrx_word' id='word_1_700' title='bbox 712 5349 940 5417; x_wconf 86' lang='lat' dir='ltr'><strong>epistola</strong></span> <span class='ocrx_word' id='word_1_701' title='bbox 969 5348 1265 5419; x_wconf 82' lang='lat' dir='ltr'><strong>encyclica,</strong></span> <span class='ocrx_word' id='word_1_702' title='bbox 1291 5362 1410 5419; x_wconf 69' lang='lat' dir='ltr'><strong>quae</strong></span> <span class='ocrx_word' id='word_1_703' title='bbox 1432 5356 1516 5401; x_wconf 90' lang='lat' dir='ltr'><strong>est</strong></span> <span class='ocrx_word' id='word_1_704' title='bbox 1543 5348 1781 5419; x_wconf 73' lang='lat' dir='ltr'><strong>secunda</strong></span> <span class='ocrx_word' id='word_1_705' title='bbox 1816 5347 1963 5400; x_wconf 85' lang='lat' dir='ltr'><strong>inter</strong></span> 
     </span>
    </p>
   </div>
   <div class='ocr_carea' id='block_1_102' title="bbox 374 5415 1962 5483">
    <p class='ocr_par' dir='ltr' id='par_1_102' title="bbox 374 5415 1962 5483">
     <span class='ocr_line' id='line_1_102' title="bbox 374 5415 1962 5483; baseline -0.003 -8"><span class='ocrx_word' id='word_1_706' title='bbox 374 5415 570 5483; x_wconf 80' lang='lat' dir='ltr'><strong>editas,</strong></span> <span class='ocrx_word' id='word_1_707' title='bbox 590 5415 1045 5472; x_wconf 87' lang='lat' dir='ltr'><strong>contumeliarum</strong></span> <span class='ocrx_word' id='word_1_708' title='bbox 1065 5415 1120 5472; x_wconf 80' lang='lat' dir='ltr'><strong>et</strong></span> <span class='ocrx_word' id='word_1_709' title='bbox 1136 5415 1577 5473; x_wconf 81' lang='lat' dir='ltr'><strong>criminationuut</strong></span> <span class='ocrx_word' id='word_1_710' title='bbox 1603 5417 1656 5470; x_wconf 92' lang='lat' dir='ltr'><strong>in</strong></span> <span class='ocrx_word' id='word_1_711' title='bbox 1682 5415 1962 5471; x_wconf 76' lang='lat' dir='ltr'><strong>Romanos</strong></span> 
     </span>
    </p>
   </div>
   <div class='ocr_carea' id='block_1_103' title="bbox 374 5487 1960 5559">
    <p class='ocr_par' dir='ltr' id='par_1_103' title="bbox 374 5487 1960 5559">
     <span class='ocr_line' id='line_1_103' title="bbox 374 5487 1960 5559; baseline -0.002 -16"><span class='ocrx_word' id='word_1_712' title='bbox 374 5490 737 5559; x_wconf 75' lang='lat' dir='ltr'><strong>Bulgarorum</strong></span> <span class='ocrx_word' id='word_1_713' title='bbox 791 5491 1042 5542; x_wconf 87' lang='lat' dir='ltr'><strong>doctores</strong></span> <span class='ocrx_word' id='word_1_714' title='bbox 1078 5489 1258 5558; x_wconf 88' lang='lat' dir='ltr'><strong>plena,</strong></span> <span class='ocrx_word' id='word_1_715' title='bbox 1310 5487 1606 5558; x_wconf 83' lang='lat' dir='ltr'><strong>quidquam</strong></span> <span class='ocrx_word' id='word_1_716' title='bbox 1646 5487 1960 5559; x_wconf 85' lang='lat' dir='ltr'><strong>hujusmodi</strong></span> 
     </span>
    </p>
   </div>
   <div class='ocr_carea' id='block_1_104' title="bbox 375 5557 1960 5628">
    <p class='ocr_par' dir='ltr' id='par_1_104' title="bbox 375 5557 1960 5628">
     <span class='ocr_line' id='line_1_104' title="bbox 375 5557 1960 5628; baseline -0.004 -14"><span class='ocrx_word' id='word_1_717' title='bbox 375 5557 603 5614; x_wconf 80' lang='lat' dir='ltr'><strong>Nicolao</strong></span> <span class='ocrx_word' id='word_1_718' title='bbox 637 5560 834 5614; x_wconf 73' lang='lat' dir='ltr'><strong>virenti</strong></span> <span class='ocrx_word' id='word_1_719' title='bbox 875 5557 1155 5628; x_wconf 75' lang='lat' dir='ltr'><strong>objecertt,</strong></span> <span class='ocrx_word' id='word_1_720' title='bbox 1189 5559 1240 5611; x_wconf 87' lang='lat' dir='ltr'><strong>id</strong></span> <span class='ocrx_word' id='word_1_721' title='bbox 1283 5557 1835 5628; x_wconf 12' lang='lat' dir='ltr'><strong>rursusreomprobat</strong></span> <span class='ocrx_word' id='word_1_722' title='bbox 1874 5557 1960 5628; x_wconf 87' lang='lat' dir='ltr'><strong>in-</strong></span> 
     </span>
    </p>
   </div>
   <div class='ocr_carea' id='block_1_105' title="bbox 378 5627 1958 5698">
    <p class='ocr_par' dir='ltr' id='par_1_105' title="bbox 378 5627 1958 5698">
     <span class='ocr_line' id='line_1_105' title="bbox 378 5627 1958 5698; baseline -0.004 -13"><span class='ocrx_word' id='word_1_723' title='bbox 378 5630 692 5685; x_wconf 87' lang='lat' dir='ltr'><strong>humaniter</strong></span> <span class='ocrx_word' id='word_1_724' title='bbox 723 5641 776 5682; x_wconf 91' lang='lat' dir='ltr'><strong>et</strong></span> <span class='ocrx_word' id='word_1_725' title='bbox 811 5629 994 5698; x_wconf 82' lang='lat' dir='ltr'><strong>inique</strong></span> <span class='ocrx_word' id='word_1_726' title='bbox 1027 5627 1204 5683; x_wconf 87' lang='lat' dir='ltr'><strong>facere</strong></span> <span class='ocrx_word' id='word_1_727' title='bbox 1227 5645 1326 5681; x_wconf 84' lang='lat' dir='ltr'><strong>eos</strong></span> <span class='ocrx_word' id='word_1_728' title='bbox 1361 5629 1452 5695; x_wconf 85' lang='lat' dir='ltr'><strong>qui</strong></span> <span class='ocrx_word' id='word_1_729' title='bbox 1482 5627 1706 5681; x_wconf 84' lang='lat' dir='ltr'><strong>Nicolao</strong></span> <span class='ocrx_word' id='word_1_730' title='bbox 1735 5627 1958 5698; x_wconf 88' lang='lat' dir='ltr'><strong>maledi-</strong></span> 
     </span>
    </p>
   </div>
   <div class='ocr_carea' id='block_1_106' title="bbox 378 5697 1961 5766">
    <p class='ocr_par' dir='ltr' id='par_1_106' title="bbox 378 5697 1961 5766">
     <span class='ocr_line' id='line_1_106' title="bbox 378 5697 1961 5766; baseline -0.004 -10"><span class='ocrx_word' id='word_1_731' title='bbox 378 5708 532 5764; x_wconf 79' lang='lat' dir='ltr'><strong>eunt,</strong></span> <span class='ocrx_word' id='word_1_732' title='bbox 563 5703 651 5754; x_wconf 86' lang='lat' dir='ltr'><strong>cui</strong></span> <span class='ocrx_word' id='word_1_733' title='bbox 678 5700 759 5753; x_wconf 89' lang='lat' dir='ltr'><strong>ch</strong></span> <span class='ocrx_word' id='word_1_734' title='bbox 793 5697 1180 5754; x_wconf 83' lang='lat' dir='ltr'><strong>acerbissitnus</strong></span> <span class='ocrx_word' id='word_1_735' title='bbox 1227 5698 1405 5752; x_wconf 87' lang='lat' dir='ltr'><strong>hostis</strong></span> <span class='ocrx_word' id='word_1_736' title='bbox 1435 5699 1486 5750; x_wconf 93' lang='lat' dir='ltr'><strong>in</strong></span> <span class='ocrx_word' id='word_1_737' title='bbox 1537 5700 1635 5751; x_wconf 87' lang='lat' dir='ltr'><strong>hac</strong></span> <span class='ocrx_word' id='word_1_738' title='bbox 1663 5706 1816 5766; x_wconf 86' lang='lat' dir='ltr'><strong>parte</strong></span> <span class='ocrx_word' id='word_1_739' title='bbox 1863 5697 1961 5750; x_wconf 91' lang='lat' dir='ltr'><strong>ob-</strong></span> 
     </span>
    </p>
   </div>
   <div class='ocr_carea' id='block_1_107' title="bbox 381 5766 1956 5837">
    <p class='ocr_par' dir='ltr' id='par_1_107' title="bbox 381 5766 1956 5837">
     <span class='ocr_line' id='line_1_107' title="bbox 381 5766 1956 5837; baseline -0.006 -11"><span class='ocrx_word' id='word_1_740' title='bbox 381 5780 619 5826; x_wconf 78' lang='lat' dir='ltr'><strong>trectare</strong></span> <span class='ocrx_word' id='word_1_741' title='bbox 647 5787 754 5824; x_wconf 91' lang='lat' dir='ltr'><strong>non</strong></span> <span class='ocrx_word' id='word_1_742' title='bbox 779 5781 863 5826; x_wconf 88' lang='lat' dir='ltr'><strong>est</strong></span> <span class='ocrx_word' id='word_1_743' title='bbox 884 5785 1073 5823; x_wconf 75' lang='lat' dir='ltr'><strong>ausus.</strong></span> <span class='ocrx_word' id='word_1_744' title='bbox 1105 5769 1185 5822; x_wconf 84' lang='lat' dir='ltr'><strong>Ad</strong></span> <span class='ocrx_word' id='word_1_745' title='bbox 1221 5783 1333 5822; x_wconf 89' lang='lat' dir='ltr'><strong>rem</strong></span> <span class='ocrx_word' id='word_1_746' title='bbox 1376 5769 1547 5837; x_wconf 88' lang='lat' dir='ltr'><strong>ipsam</strong></span> <span class='ocrx_word' id='word_1_747' title='bbox 1573 5768 1718 5836; x_wconf 87' lang='lat' dir='ltr'><strong>quod</strong></span> <span class='ocrx_word' id='word_1_748' title='bbox 1744 5766 1956 5824; x_wconf 84' lang='lat' dir='ltr'><strong>attinet,</strong></span> 
     </span>
    </p>
   </div>
   <div class='ocr_carea' id='block_1_108' title="bbox 386 5839 1958 5912">
    <p class='ocr_par' dir='ltr' id='par_1_108' title="bbox 386 5839 1958 5912">
     <span class='ocr_line' id='line_1_108' title="bbox 386 5839 1958 5912; baseline -0.003 -16"><span class='ocrx_word' id='word_1_749' title='bbox 386 5841 618 5912; x_wconf 65' lang='lat' dir='ltr'><strong>quaestio</strong></span> <span class='ocrx_word' id='word_1_750' title='bbox 654 5855 787 5898; x_wconf 87' lang='lat' dir='ltr'><strong>sane</strong></span> <span class='ocrx_word' id='word_1_751' title='bbox 853 5839 1111 5895; x_wconf 77' lang='lat' dir='ltr'><strong>historica</strong></span> <span class='ocrx_word' id='word_1_752' title='bbox 1159 5841 1336 5908; x_wconf 77' lang='lat' dir='ltr'><strong>potius</strong></span> <span class='ocrx_word' id='word_1_753' title='bbox 1392 5849 1494 5901; x_wconf 88' lang='lat' dir='ltr'><strong>est,</strong></span> <span class='ocrx_word' id='word_1_754' title='bbox 1537 5849 1718 5895; x_wconf 88' lang='lat' dir='ltr'><strong>utrum</strong></span> <span class='ocrx_word' id='word_1_755' title='bbox 1765 5851 1958 5906; x_wconf 79' lang='lat' dir='ltr'><strong>nempe</strong></span> 
     </span>
    </p>
   </div>
   <div class='ocr_carea' id='block_1_109' title="bbox 2062 4710 3655 4787">
    <p class='ocr_par' dir='ltr' id='par_1_109' title="bbox 2062 4710 3655 4787">
     <span class='ocr_line' id='line_1_109' title="bbox 2062 4710 3655 4787; baseline -0.004 -14"><span class='ocrx_word' id='word_1_756' title='bbox 2062 4717 2293 4782; x_wconf 85' lang='lat' dir='ltr'><strong>apostoli</strong></span> <span class='ocrx_word' id='word_1_757' title='bbox 2325 4715 2586 4787; x_wconf 82' lang='lat' dir='ltr'><strong>peculiari</strong></span> <span class='ocrx_word' id='word_1_758' title='bbox 2627 4714 2809 4787; x_wconf 84' lang='lat' dir='ltr'><strong>aliquo</strong></span> <span class='ocrx_word' id='word_1_759' title='bbox 2842 4715 2966 4786; x_wconf 81' lang='lat' dir='ltr'><strong>jure</strong></span> <span class='ocrx_word' id='word_1_760' title='bbox 2995 4712 3414 4787; x_wconf 83' lang='lat' dir='ltr'><strong>ab__evaugelica</strong></span> <span class='ocrx_word' id='word_1_761' title='bbox 3473 4710 3655 4787; x_wconf 75' lang='lat' dir='ltr'><strong>forma.</strong></span> 
     </span>
    </p>
   </div>
   <div class='ocr_carea' id='block_1_110' title="bbox 2065 4783 3652 4857">
    <p class='ocr_par' dir='ltr' id='par_1_110' title="bbox 2065 4783 3652 4857">
     <span class='ocr_line' id='line_1_110' title="bbox 2065 4783 3652 4857; baseline -0.002 -17"><span class='ocrx_word' id='word_1_762' title='bbox 2065 4783 2359 4857; x_wconf 81' lang='lat' dir='ltr'><strong>aliquando</strong></span> <span class='ocrx_word' id='word_1_763' title='bbox 2389 4783 2791 4851; x_wconf 86' lang='lat' dir='ltr'><strong>discesserint,</strong></span> <span class='ocrx_word' id='word_1_764' title='bbox 2837 4783 3036 4857; x_wconf 77' lang='lat' dir='ltr'><strong>necne.</strong></span> <span class='ocrx_word' id='word_1_765' title='bbox 3065 4783 3200 4857; x_wconf 84' lang='lat' dir='ltr'><strong>Nam</strong></span> <span class='ocrx_word' id='word_1_766' title='bbox 3233 4785 3377 4852; x_wconf 89' lang='lat' dir='ltr'><strong>quod</strong></span> <span class='ocrx_word' id='word_1_767' title='bbox 3399 4792 3552 4857; x_wconf 80' lang='lat' dir='ltr'><strong>certe</strong></span> <span class='ocrx_word' id='word_1_768' title='bbox 3595 4784 3652 4837; x_wconf 92' lang='lat' dir='ltr'><strong>in</strong></span> 
     </span>
    </p>
   </div>
   <div class='ocr_carea' id='block_1_111' title="bbox 2065 4853 3655 4927">
    <p class='ocr_par' dir='ltr' id='par_1_111' title="bbox 2065 4853 3655 4927">
     <span class='ocr_line' id='line_1_111' title="bbox 2065 4853 3655 4927; baseline -0.003 -17"><span class='ocrx_word' id='word_1_769' title='bbox 2065 4853 2316 4927; x_wconf 71' lang='lat' dir='ltr'><strong>przesenti</strong></span> <span class='ocrx_word' id='word_1_770' title='bbox 2344 4859 2466 4912; x_wconf 89' lang='lat' dir='ltr'><strong>aliis</strong></span> <span class='ocrx_word' id='word_1_771' title='bbox 2490 4857 2670 4911; x_wconf 87' lang='lat' dir='ltr'><strong>verbis</strong></span> <span class='ocrx_word' id='word_1_772' title='bbox 2701 4856 2977 4924; x_wconf 83' lang='lat' dir='ltr'><strong>baptizare</strong></span> <span class='ocrx_word' id='word_1_773' title='bbox 3001 4872 3113 4927; x_wconf 89' lang='lat' dir='ltr'><strong>non</strong></span> <span class='ocrx_word' id='word_1_774' title='bbox 3147 4854 3326 4927; x_wconf 86' lang='lat' dir='ltr'><strong>liceat,</strong></span> <span class='ocrx_word' id='word_1_775' title='bbox 3358 4853 3462 4910; x_wconf 83' lang='lat' dir='ltr'><strong>nisi</strong></span> <span class='ocrx_word' id='word_1_776' title='bbox 3489 4869 3655 4927; x_wconf 80' lang='lat' dir='ltr'><strong>evan-</strong></span> 
     </span>
    </p>
   </div>
   <div class='ocr_carea' id='block_1_112' title="bbox 2066 4923 3650 4998">
    <p class='ocr_par' dir='ltr' id='par_1_112' title="bbox 2066 4923 3650 4998">
     <span class='ocr_line' id='line_1_112' title="bbox 2066 4923 3650 4998; baseline -0.004 -16"><span class='ocrx_word' id='word_1_777' title='bbox 2066 4923 2254 4998; x_wconf 65' lang='lat' dir='ltr'><strong>gelicis</strong></span> <span class='ocrx_word' id='word_1_778' title='bbox 2289 4929 2420 4998; x_wconf 85' lang='lat' dir='ltr'><strong>etin</strong></span> <span class='ocrx_word' id='word_1_779' title='bbox 2449 4927 2687 4982; x_wconf 86' lang='lat' dir='ltr'><strong>Ecclesia</strong></span> <span class='ocrx_word' id='word_1_780' title='bbox 2735 4923 2991 4998; x_wconf 85' lang='lat' dir='ltr'><strong>universa</strong></span> <span class='ocrx_word' id='word_1_781' title='bbox 3034 4926 3272 4998; x_wconf 81' lang='lat' dir='ltr'><strong>usitatis,</strong></span> <span class='ocrx_word' id='word_1_782' title='bbox 3333 4938 3494 4977; x_wconf 91' lang='lat' dir='ltr'><strong>nemo</strong></span> <span class='ocrx_word' id='word_1_783' title='bbox 3536 4923 3650 4998; x_wconf 86' lang='lat' dir='ltr'><strong>jam</strong></span> 
     </span>
    </p>
   </div>
   <div class='ocr_carea' id='block_1_113' title="bbox 2067 4994 3654 5066">
    <p class='ocr_par' dir='ltr' id='par_1_113' title="bbox 2067 4994 3654 5066">
     <span class='ocr_line' id='line_1_113' title="bbox 2067 4994 3654 5066; baseline -0.002 -15"><span class='ocrx_word' id='word_1_784' title='bbox 2067 4994 2244 5066; x_wconf 78' lang='lat' dir='ltr'><strong>negat.</strong></span> <span class='ocrx_word' id='word_1_785' title='bbox 2287 4997 2429 5052; x_wconf 88' lang='lat' dir='ltr'><strong>Inter</strong></span> <span class='ocrx_word' id='word_1_786' title='bbox 2465 4998 2662 5052; x_wconf 91' lang='lat' dir='ltr'><strong>multos</strong></span> <span class='ocrx_word' id='word_1_787' title='bbox 2697 4997 3054 5054; x_wconf 81' lang='lat' dir='ltr'><strong>recentiores.</strong></span> <span class='ocrx_word' id='word_1_788' title='bbox 3097 4995 3190 5063; x_wconf 94' lang='lat' dir='ltr'><strong>qui</strong></span> <span class='ocrx_word' id='word_1_789' title='bbox 3214 4994 3654 5066; x_wconf 73' lang='lat' dir='ltr'><strong>controversiam</strong></span> 
     </span>
    </p>
   </div>
   <div class='ocr_carea' id='block_1_114' title="bbox 2064 5062 3654 5137">
    <p class='ocr_par' dir='ltr' id='par_1_114' title="bbox 2064 5062 3654 5137">
     <span class='ocr_line' id='line_1_114' title="bbox 2064 5062 3654 5137; baseline -0.003 -15"><span class='ocrx_word' id='word_1_790' title='bbox 2064 5062 2279 5122; x_wconf 76' lang='lat' dir='ltr'><strong>curiose</strong></span> <span class='ocrx_word' id='word_1_791' title='bbox 2303 5069 2656 5132; x_wconf 86' lang='lat' dir='ltr'><strong>ventilarunt,</strong></span> <span class='ocrx_word' id='word_1_792' title='bbox 2686 5067 2995 5137; x_wconf 69' lang='lat' dir='ltr'><strong>theologos,</strong></span> <span class='ocrx_word' id='word_1_793' title='bbox 3020 5062 3333 5137; x_wconf 68' lang='lat' dir='ltr'><strong>IIatduiIius</strong></span> <span class='ocrx_word' id='word_1_794' title='bbox 3357 5071 3412 5117; x_wconf 88' lang='lat' dir='ltr'><strong>et</strong></span> <span class='ocrx_word' id='word_1_795' title='bbox 3440 5062 3654 5137; x_wconf 82' lang='lat' dir='ltr'><strong>Calme-</strong></span> 
     </span>
    </p>
   </div>
   <div class='ocr_carea' id='block_1_115' title="bbox 2065 5134 3653 5207">
    <p class='ocr_par' dir='ltr' id='par_1_115' title="bbox 2065 5134 3653 5207">
     <span class='ocr_line' id='line_1_115' title="bbox 2065 5134 3653 5207; baseline -0.001 -14"><span class='ocrx_word' id='word_1_796' title='bbox 2065 5147 2154 5193; x_wconf 91' lang='lat' dir='ltr'><strong>tus</strong></span> <span class='ocrx_word' id='word_1_797' title='bbox 2182 5139 2428 5192; x_wconf 86' lang='lat' dir='ltr'><strong>eminent</strong></span> <span class='ocrx_word' id='word_1_798' title='bbox 2475 5148 2637 5207; x_wconf 91' lang='lat' dir='ltr'><strong>atque</strong></span> <span class='ocrx_word' id='word_1_799' title='bbox 2686 5134 2903 5191; x_wconf 54' lang='lat' dir='ltr'><strong>Ursusf</strong></span> <span class='ocrx_word' id='word_1_800' title='bbox 2926 5136 2992 5190; x_wconf 89' lang='lat' dir='ltr'><strong>Et</strong></span> <span class='ocrx_word' id='word_1_801' title='bbox 3033 5137 3143 5190; x_wconf 92' lang='lat' dir='ltr'><strong>duo</strong></span> <span class='ocrx_word' id='word_1_802' title='bbox 3182 5135 3402 5203; x_wconf 77' lang='lat' dir='ltr'><strong>quidem</strong></span> <span class='ocrx_word' id='word_1_803' title='bbox 3443 5134 3653 5207; x_wconf 80' lang='lat' dir='ltr'><strong>priores</strong></span> 
     </span>
    </p>
   </div>
   <div class='ocr_carea' id='block_1_116' title="bbox 2063 5204 3654 5275">
    <p class='ocr_par' dir='ltr' id='par_1_116' title="bbox 2063 5204 3654 5275">
     <span class='ocr_line' id='line_1_116' title="bbox 2063 5204 3654 5275; baseline -0.003 -12"><span class='ocrx_word' id='word_1_804' title='bbox 2063 5223 2188 5263; x_wconf 88' lang='lat' dir='ltr'><strong>cum</strong></span> <span class='ocrx_word' id='word_1_805' title='bbox 2219 5211 2419 5263; x_wconf 85' lang='lat' dir='ltr'><strong>inedita</strong></span> <span class='ocrx_word' id='word_1_806' title='bbox 2457 5204 2636 5263; x_wconf 81' lang='lat' dir='ltr'><strong>Photii</strong></span> <span class='ocrx_word' id='word_1_807' title='bbox 2663 5208 2937 5261; x_wconf 84' lang='lat' dir='ltr'><strong>sententia</strong></span> <span class='ocrx_word' id='word_1_808' title='bbox 2979 5208 3166 5275; x_wconf 89' lang='lat' dir='ltr'><strong>(quam</strong></span> <span class='ocrx_word' id='word_1_809' title='bbox 3206 5204 3498 5274; x_wconf 64' lang='lat' dir='ltr'><strong>ceteroqui</strong></span> <span class='ocrx_word' id='word_1_810' title='bbox 3543 5220 3654 5260; x_wconf 91' lang='lat' dir='ltr'><strong>non</strong></span> 
     </span>
    </p>
   </div>
   <div class='ocr_carea' id='block_1_117' title="bbox 2064 5275 3658 5349">
    <p class='ocr_par' dir='ltr' id='par_1_117' title="bbox 2064 5275 3658 5349">
     <span class='ocr_line' id='line_1_117' title="bbox 2064 5275 3658 5349; baseline -0.001 -18"><span class='ocrx_word' id='word_1_811' title='bbox 2064 5279 2326 5349; x_wconf 80' lang='lat' dir='ltr'><strong>legerant)</strong></span> <span class='ocrx_word' id='word_1_812' title='bbox 2351 5280 2484 5334; x_wconf 80' lang='lat' dir='ltr'><strong>Satis</strong></span> <span class='ocrx_word' id='word_1_813' title='bbox 2506 5280 2995 5349; x_wconf 69' lang='lat' dir='ltr'><strong>eonspimret-unt:</strong></span> <span class='ocrx_word' id='word_1_814' title='bbox 3023 5275 3164 5349; x_wconf 80' lang='lat' dir='ltr'><strong>_U_rso</strong></span> <span class='ocrx_word' id='word_1_815' title='bbox 3197 5286 3402 5336; x_wconf 79' lang='lat' dir='ltr'><strong>autent,</strong></span> <span class='ocrx_word' id='word_1_816' title='bbox 3427 5275 3658 5349; x_wconf 83' lang='lat' dir='ltr'><strong>copioso</strong></span> 
     </span>
    </p>
   </div>
   <div class='ocr_carea' id='block_1_118' title="bbox 2070 5345 3652 5420">
    <p class='ocr_par' dir='ltr' id='par_1_118' title="bbox 2070 5345 3652 5420">
     <span class='ocr_line' id='line_1_118' title="bbox 2070 5345 3652 5420; baseline -0.002 -18"><span class='ocrx_word' id='word_1_817' title='bbox 2070 5345 2196 5404; x_wconf 68' lang='lat' dir='ltr'><strong>licet</strong></span> <span class='ocrx_word' id='word_1_818' title='bbox 2219 5359 2272 5404; x_wconf 86' lang='lat' dir='ltr'><strong>et</strong></span> <span class='ocrx_word' id='word_1_819' title='bbox 2303 5345 2487 5411; x_wconf 80' lang='lat' dir='ltr'><strong>docto,</strong></span> <span class='ocrx_word' id='word_1_820' title='bbox 2535 5345 2736 5420; x_wconf 47' lang='lat' dir='ltr'><strong>qui&#39;ab</strong></span> <span class='ocrx_word' id='word_1_821' title='bbox 2780 5348 2863 5401; x_wconf 89' lang='lat' dir='ltr'><strong>his</strong></span> <span class='ocrx_word' id='word_1_822' title='bbox 2889 5347 3149 5420; x_wconf 77' lang='lat' dir='ltr'><strong>dissidet,</strong></span> <span class='ocrx_word' id='word_1_823' title='bbox 3197 5354 3252 5400; x_wconf 89' lang='lat' dir='ltr'><strong>et</strong></span> <span class='ocrx_word' id='word_1_824' title='bbox 3300 5353 3429 5420; x_wconf 80' lang='lat' dir='ltr'><strong>tunc</strong></span> <span class='ocrx_word' id='word_1_825' title='bbox 3467 5345 3652 5420; x_wconf 60' lang='lat' dir='ltr'><strong>statim</strong></span> 
     </span>
    </p>
   </div>
   <div class='ocr_carea' id='block_1_119' title="bbox 2072 5415 3653 5488">
    <p class='ocr_par' dir='ltr' id='par_1_119' title="bbox 2072 5415 3653 5488">
     <span class='ocr_line' id='line_1_119' title="bbox 2072 5415 3653 5488; baseline -0.003 -15"><span class='ocrx_word' id='word_1_826' title='bbox 2072 5434 2172 5488; x_wconf 88' lang='lat' dir='ltr'><strong>pro</strong></span> <span class='ocrx_word' id='word_1_827' title='bbox 2206 5421 2464 5488; x_wconf 90' lang='lat' dir='ltr'><strong>opinione</strong></span> <span class='ocrx_word' id='word_1_828' title='bbox 2496 5415 2592 5473; x_wconf 74' lang='lat' dir='ltr'><strong>sua</strong></span> <span class='ocrx_word' id='word_1_829' title='bbox 2635 5429 2828 5472; x_wconf 87' lang='lat' dir='ltr'><strong>contra</strong></span> <span class='ocrx_word' id='word_1_830' title='bbox 2863 5419 3175 5487; x_wconf 83' lang='lat' dir='ltr'><strong>theologum</strong></span> <span class='ocrx_word' id='word_1_831' title='bbox 3200 5415 3492 5488; x_wconf 68' lang='lat' dir='ltr'><strong>quemdam</strong></span> <span class='ocrx_word' id='word_1_832' title='bbox 3524 5415 3653 5488; x_wconf 80' lang='lat' dir='ltr'><strong>sor-</strong></span> 
     </span>
    </p>
   </div>
   <div class='ocr_carea' id='block_1_120' title="bbox 2074 5485 3652 5556">
    <p class='ocr_par' dir='ltr' id='par_1_120' title="bbox 2074 5485 3652 5556">
     <span class='ocr_line' id='line_1_120' title="bbox 2074 5485 3652 5556; baseline -0.001 -12"><span class='ocrx_word' id='word_1_833' title='bbox 2074 5485 2328 5545; x_wconf 82' lang='lat' dir='ltr'><strong>bonicum</strong></span> <span class='ocrx_word' id='word_1_834' title='bbox 2350 5490 2735 5544; x_wconf 82' lang='lat' dir='ltr'><strong>decertandum</strong></span> <span class='ocrx_word' id='word_1_835' title='bbox 2766 5489 2886 5552; x_wconf 90' lang='lat' dir='ltr'><strong>fuit,</strong></span> <span class='ocrx_word' id='word_1_836' title='bbox 2918 5497 2972 5542; x_wconf 90' lang='lat' dir='ltr'><strong>et</strong></span> <span class='ocrx_word' id='word_1_837' title='bbox 3002 5485 3146 5541; x_wconf 79' lang='lat' dir='ltr'><strong>nunc</strong></span> <span class='ocrx_word' id='word_1_838' title='bbox 3179 5485 3394 5556; x_wconf 80' lang='lat' dir='ltr'><strong>gravior</strong></span> <span class='ocrx_word' id='word_1_839' title='bbox 3425 5485 3652 5542; x_wconf 83' lang='lat' dir='ltr'><strong>Photius</strong></span> 
     </span>
    </p>
   </div>
   <div class='ocr_carea' id='block_1_121' title="bbox 2075 5555 3653 5628">
    <p class='ocr_par' dir='ltr' id='par_1_121' title="bbox 2075 5555 3653 5628">
     <span class='ocr_line' id='line_1_121' title="bbox 2075 5555 3653 5628; baseline -0.001 -15"><span class='ocrx_word' id='word_1_840' title='bbox 2075 5569 2198 5628; x_wconf 89' lang='lat' dir='ltr'><strong>post</strong></span> <span class='ocrx_word' id='word_1_841' title='bbox 2258 5560 2368 5614; x_wconf 87' lang='lat' dir='ltr'><strong>fata</strong></span> <span class='ocrx_word' id='word_1_842' title='bbox 2435 5559 2781 5613; x_wconf 83' lang='lat' dir='ltr'><strong>adversarius</strong></span> <span class='ocrx_word' id='word_1_843' title='bbox 2831 5559 3096 5612; x_wconf 85' lang='lat' dir='ltr'><strong>exoritur.</strong></span> <span class='ocrx_word' id='word_1_844' title='bbox 3166 5555 3359 5611; x_wconf 84' lang='lat' dir='ltr'><strong>Photio</strong></span> <span class='ocrx_word' id='word_1_845' title='bbox 3413 5555 3653 5628; x_wconf 81' lang='lat' dir='ltr'><strong>denique</strong></span> 
     </span>
    </p>
   </div>
   <div class='ocr_carea' id='block_1_122' title="bbox 2073 5627 3648 5699">
    <p class='ocr_par' dir='ltr' id='par_1_122' title="bbox 2073 5627 3648 5699">
     <span class='ocr_line' id='line_1_122' title="bbox 2073 5627 3648 5699; baseline -0.003 -15"><span class='ocrx_word' id='word_1_846' title='bbox 2073 5627 2374 5685; x_wconf 84' lang='lat' dir='ltr'><strong>consonant</strong></span> <span class='ocrx_word' id='word_1_847' title='bbox 2421 5629 2698 5699; x_wconf 79' lang='lat' dir='ltr'><strong>Didymus,</strong></span> <span class='ocrx_word' id='word_1_848' title='bbox 2750 5629 2813 5681; x_wconf 87' lang='lat' dir='ltr'><strong>de</strong></span> <span class='ocrx_word' id='word_1_849' title='bbox 2862 5628 3052 5697; x_wconf 75' lang='lat' dir='ltr'><strong>Spit-it.</strong></span> <span class='ocrx_word' id='word_1_850' title='bbox 3105 5637 3312 5692; x_wconf 71' lang='lat' dir='ltr'><strong>sancto,</strong></span> <span class='ocrx_word' id='word_1_851' title='bbox 3351 5642 3494 5699; x_wconf 22' lang='lat' dir='ltr'><strong>“cap.</strong></span> <span class='ocrx_word' id='word_1_852' title='bbox 3547 5627 3648 5699; x_wconf 58' lang='grc' dir='ltr'><strong>αι,</strong></span> 
     </span>
    </p>
   </div>
   <div class='ocr_carea' id='block_1_123' title="bbox 2074 5696 3656 5770">
    <p class='ocr_par' dir='ltr' id='par_1_123' title="bbox 2074 5696 3656 5770">
     <span class='ocr_line' id='line_1_123' title="bbox 2074 5696 3656 5770; baseline -0.002 -16"><span class='ocrx_word' id='word_1_853' title='bbox 2074 5711 2127 5754; x_wconf 90' lang='lat' dir='ltr'><strong>et</strong></span> <span class='ocrx_word' id='word_1_854' title='bbox 2168 5696 2606 5770; x_wconf 65' lang='lat' dir='ltr'><strong>Thcophylactus</strong></span> <span class='ocrx_word' id='word_1_855' title='bbox 2650 5699 2751 5754; x_wconf 83' lang='lat' dir='ltr'><strong>sub</strong></span> <span class='ocrx_word' id='word_1_856' title='bbox 2792 5696 2953 5754; x_wconf 84' lang='lat' dir='ltr'><strong>liuent</strong></span> <span class='ocrx_word' id='word_1_857' title='bbox 3005 5697 3384 5754; x_wconf 83' lang='lat' dir='ltr'><strong>commentarii</strong></span> <span class='ocrx_word' id='word_1_858' title='bbox 3425 5699 3490 5752; x_wconf 87' lang='lat' dir='ltr'><strong>ad</strong></span> <span class='ocrx_word' id='word_1_859' title='bbox 3544 5696 3656 5751; x_wconf 55' lang='lat' dir='ltr'><strong>Lua</strong></span> 
     </span>
    </p>
   </div>
   <div class='ocr_carea' id='block_1_124' title="bbox 2073 5787 2216 5827">
    <p class='ocr_par' dir='ltr' id='par_1_124' title="bbox 2073 5787 2216 5827">
     <span class='ocr_line' id='line_1_124' title="bbox 2073 5787 2216 5827; baseline -0.007 0"><span class='ocrx_word' id='word_1_860' title='bbox 2073 5787 2216 5827; x_wconf 82' lang='lat' dir='ltr'><strong>cam.</strong></span> 
     </span>
    </p>
   </div>
  </div>
