4144 6452
549 398 656 463 333

1706 405 1973 467 PHOTII
2012 404 2523 467 PATRIARCHE
2552 406 2661 469 ΟΡ.

3724 404 3839 467 336

541 520 725 566 menta
754 520 804 565 et
840 510 1021 564 oleum
1062 511 1130 567 iis
1179 511 1269 580 qui
1304 512 1357 567 in
1401 513 1517 585 lege
1567 514 1822 570 vivebant
1861 517 2129 571 or-nahant

2239 518 2401 571 λευκᾶ
2434 518 2627 586 ἱμάτια
2651 518 2763 580 τοῖς
2792 516 2850 569 ἐν
2876 514 2950 585 τῷ
2990 514 3139 586 νόμῳ
3168 514 3264 568 καὶ
3293 514 3353 567 τὸ
3379 514 3554 567 ἔλαιον
3588 515 3840 587 ἐκόσμει

540 617 765 672 corpus,
807 602 1190 671 signiﬁcabant
1222 614 1403 659 autem
1465 607 1632 659 vitam
1681 609 1733 660 in
1763 608 1949 662 laetitia
1999 624 2132 662 con-

541 696 787 750 stitutam
815 713 828 749 :
863 698 935 751 ita
971 711 1066 766 per
1095 708 1301 752 aeterna
1326 700 1577 768 exempla
1611 699 1846 755 Verbum
1877 718 1977 755 nos
2001 703 2132 755 hor-

541 797 690 841 tatur
715 797 773 839 ut
795 788 1043 841 eamdem
1067 798 1305 843 mentem
1339 790 1566 843 nitidam
1589 800 1904 846 etornatam
1931 794 2133 846 hahea-

542 895 683 933 mus.
721 878 920 933 Nitchit
953 890 1135 935 autem
1168 891 1219 935 et
1246 882 1552 947 ornabitur,
1582 884 1626 937 si
1661 885 1813 938 stolzc
1846 886 1963 951 ejus
1996 885 2132 938 alba:

539 973 671 1027 sint.
704 973 855 1028 Albae
901 991 1069 1043 porro
1102 985 1286 1039 erunt,
1330 978 1554 1045 quando
1583 978 1821 1047 puritate
1860 988 1913 1033 et
1949 979 2133 1045 splen-

540 1065 675 1119 dere
724 1066 989 1120 virtutum
1022 1068 1229 1137 absque
1277 1070 1386 1123 ulla
1433 1085 1525 1124 eas
1565 1069 1886 1139 inquinante
1921 1073 2129 1126 malitia

540 1158 908 1227 spiendebunt
928 1169 981 1213 et
1016 1162 1361 1217 translucida:
1391 1174 1587 1229 erunt;
1621 1179 1856 1233 quorum
1886 1166 2133 1220 exterior

542 1266 649 1302 non
682 1260 765 1304 est
788 1266 910 1322 erga
941 1252 1105 1308 ῡιυιιι
1140 1254 1333 1325 pietas.
1374 1254 1444 1309 Ea
1476 1257 1725 1311 estenim
1749 1272 1870 1327 quae
1904 1257 2132 1314 virtutes

542 1347 796 1416 producit
830 1357 884 1402 et
918 1352 1149 1405 scaturit
1196 1361 1250 1405 et
1281 1352 1333 1404 in
1378 1351 1483 1405 illis
1522 1351 1754 1405 chorum
1819 1367 2128 1406 consonum

541 1450 596 1495 et
623 1442 955 1497 concinnum
1010 1446 1274 1508 ostendit,
1345 1455 1398 1499 et
1454 1455 1660 1500 vestem
1710 1446 2028 1515 nuptialem,
2076 1456 2133 1501 et

543 1534 751 1589 cmlesti
780 1551 933 1590 caena
966 1537 1184 1607 dignam
1226 1540 1355 1591 texit
1388 1548 1440 1591 ct
1461 1555 1523 1593 ea
1546 1540 1785 1592 animam
1822 1539 2132 1593 circumdat

540 1632 596 1677 et
649 1624 847 1680 salutis
896 1639 981 1681 est
1014 1629 1401 1695 conciliatrix;
1444 1630 1645 1700 quibus
1674 1641 1727 1683 ct
1784 1630 1889 1684 olei
1941 1632 2131 1685 unctio

542 1714 815 1786 imprimis
865 1720 1113 1788 injicitur
1151 1731 1205 1775 et
1252 1723 1563 1789 adaptatur.
1634 1722 1699 1777 Et
1751 1724 1979 1777 verbum
2005 1724 2130 1777 ait:

547 1828 565 1857 ι
604 1810 797 1865 Oleum
828 1812 881 1866 in
913 1814 1089 1882 capite
1121 1824 1215 1869 tuo
1232 1831 1301 1870 ne
1319 1816 1559 1881 deliciat,
1594 1836 1613 1869 ι
1644 1818 2049 1887 elecmosynam
2074 1816 2128 1869 in

2238 610 2335 678 μὲν
2359 609 2420 661 τὸ
2450 608 2632 679 σῶμα,
2668 607 2857 679 ἐδήλου
2907 607 2965 661 δὲ
2990 607 3088 675 τὴν
3116 608 3173 659 ἐν
3199 608 3267 677 τῇ
3308 606 3615 677 εὐφροσύνῃ
3648 609 3837 661 κατά-

2235 716 2425 753 στασιν
2456 701 2553 769 τῆς
2584 699 2750 767 ζωῆς,
2780 699 2950 762 οὕτως
2985 698 3092 752 ἀπὸ
3112 698 3219 750 τῶν
3250 699 3407 761 ἐκτὸς
3430 699 3839 768 παραδειγμά·

2231 810 2340 843 των
2368 794 2397 845 ό
2426 793 2597 857 Λόγος
2620 793 2789 861 αὑτὴν
2820 791 3257 862 παρακελεύεται
3294 790 3525 861 φαιδρὰν
3554 790 3645 861 ἔχε
3658 809 3713 843 ιν
3748 792 3843 844 καὶ

2238 882 2646 954 ἐξωροίσμένην
2703 884 2804 953 τὴν
2860 882 3061 952 ψυχήν.
3121 880 3481 952 Φαιδρύνοιτο
3525 882 3571 934 δ’
3620 882 3698 933 ἂν
3744 882 3845 933 καὶ

2232 974 2524 1045 ὡραΐζοιτο
2544 976 2638 1028 καὶ
2654 974 2762 1027 τῶν
2793 975 2998 1043 ταύτης
3022 972 3384 1043 περιϐολαίων
3409 973 3621 1026 λευκῶν
3652 974 3846 1042 ὑπαρο

2232 1070 2457 1139 χόντων.
2506 1070 2690 1122 Δευκά
2719 1069 2764 1121 δ’
2793 1066 2858 1121 ἂν
2883 1068 3157 1135 γίγνοιντο
3195 1066 3419 1119 ἐπειδὰν
3444 1068 3543 1137 τὴν
3588 1064 3845 1136 καθαρό-

2232 1181 2370 1227 τητα
2404 1164 2498 1216 καὶ
2532 1162 2895 1231 λαμπρότητα
2932 1160 3041 1213 τῶν
3073 1159 3285 1229 ἀρετῶν
3306 1160 3435 1213 ἄνευ
3461 1157 3609 1221 τινὸς
3630 1159 3846 1227 ἐπιμε-

2231 1253 2518 1323 λαινούσης
2543 1254 2682 1307 αὑτά
2715 1253 2912 1315 κακίας
2950 1251 3356 1305 ἀποστίλϐοντα
3382 1249 3469 1320 εἴη
3503 1250 3597 1303 καὶ
3622 1249 3845 1317 διαφα-

2232 1350 2299 1416 νῆ
2323 1361 2337 1375 ·
2389 1340 2464 1399 ὦν
2493 1347 2593 1399 οὑκ
2642 1342 2947 1415 ἐστιχωρὶς
2988 1344 3098 1397 οὐδ’
3127 1345 3159 1413 ή
3195 1344 3335 1414 πρὸς
3362 1344 3425 1396 τὸ
3461 1343 3619 1396 Θεῖον
3673 1342 3844 1395 εὑσέ-

2240 1440 2386 1492 ϐεια.
2428 1437 2577 1507 Αὐτὴ
2606 1438 2713 1508 γάρ
2767 1440 2913 1489 ἐστιν
2954 1438 2986 1505 ή
3021 1438 3109 1491 καὶ
3142 1437 3240 1499 τὰς
3281 1437 3485 1506 ἀρετάς
3518 1434 3841 1505 προϐαλλο-

2236 1531 2371 1601 μένη
2421 1530 2517 1583 καὶ
2576 1530 2923 1598 πηγάζουσα,
2974 1530 3068 1583 καὶ
3118 1529 3211 1583 τὸν
3265 1530 3325 1581 ἐν
3377 1528 3613 1589 ἐκείνοις
3671 1528 3842 1598 χορὸν

2231 1622 2551 1693 ἐναρμόνιόν
2579 1640 2637 1675 τε
2676 1624 2769 1675 καὶ
2803 1620 3096 1692 σύμφωνον
3145 1621 3561 1691 ἀποφαίνουσα,
3599 1620 3705 1673 καὶ
3748 1620 3845 1672 τὸν

2232 1713 2505 1784 νυμφικὸν
2562 1712 2762 1783 χιτῶνα
2788 1711 2881 1765 καί¹
2913 1714 3010 1782 τῆς
3046 1713 3386 1783 ,ἐπουρανίου
3421 1712 3707 1775 παστάδος
3739 1713 3837 1765 ἐπ-

2232 1806 2387 1873 άξιον
2411 1805 2777 1876 ἐξυφαίνουσά
2801 1822 2860 1859 τε
2890 1807 2984 1859 καὶ
3007 1805 3433 1876 περιϐάλλεσθαι
3466 1804 3843 1875 παρασκευά-

539 1904 825 1972 proximos
842 1906 999 1961 olivae
1039 1907 1305 1978 liquorem
1338 1910 1719 1973 subscribens,
1745 1924 1859 1978 quo
1892 1918 1953 1961 ut
1982 1923 2127 1961 nun-

2239 1900 2402 1963 ζουσα
2434 1898 2532 1969 τήν
2561 1897 2739 1969 ψυχὴν
2768 1898 2863 1951 καὶ
2890 1898 2991 1968 τῆς
3033 1897 3302 1969 σωτηρίας
3333 1897 3663 1967 ὑπάρχουσα
3701 1895 3846 1966 πρό-

541 2011 704 2065 quam
733 2007 890 2065 egeat
920 2009 1086 2070 caput
1112 2010 1362 2056 nostrum
1396 2003 1667 2071 hortatur.
1726 1998 1844 2055 Non
1902 2000 2048 2054 enim
2081 1998 2127 2054 si

540 2087 666 2156 quis
699 2088 995 2158 aliquando
1024 2092 1282 2147 misertus
1317 2101 1424 2157 est,
1459 2092 1901 2148 misericordiam
1952 2090 2129 2143 adim-

540 2178 741 2247 plevit;
783 2181 877 2235 sed
908 2182 953 2235 si
998 2184 1201 2252 smpius
1234 2194 1481 2253 egentem
1516 2183 1865 2252 contempsit,
1910 2191 2130 2235 antece-

542 2268 733 2327 dentes
758 2271 874 2326 dies
897 2272 1135 2327 reddidit
1162 2290 1276 2329 sua:
1301 2274 1459 2328 bona:
1481 2274 1717 2327 actionis
1748 2281 2128 2333 accusatores,

540 2360 760 2417 virtutis
776 2372 831 2417 et
850 2364 1210 2436 eleemosynaa
1222 2375 1653 2436 contemptorem
1671 2380 1778 2419 non
1800 2365 2135 2419 erubescens

542 2458 722 2528 ipsum
742 2461 991 2515 convinci
1015 2480 1028 2528 ;
1060 2471 1113 2518 et
1143 2464 1291 2533 quod
1320 2462 1469 2527 fecit,
1503 2479 1611 2518 non
1637 2461 1878 2524 virtutis,
1913 2459 2008 2515 sed
2031 2474 2131 2513 cu-

538 2550 758 2620 jusdam
786 2555 1031 2609 ostendit
1064 2572 1185 2611 esse
1211 2557 1663 2612 eircumstantiaa.

2240 1992 2390 2059 ξενος
2417 2007 2431 2023 °
2461 1986 2541 2054 οἷς
2570 1991 2665 2043 καὶ
2692 1988 2786 2043 τοῦ
2833 1989 3013 2043 ἐλαίου
3047 1989 3227 2061 χρίσις
3264 1988 3501 2058 μάλιστά
3527 2004 3587 2041 τε
3619 2003 3843 2058 προκα-

2238 2083 2567 2136 ταϐἁλλεταί
2614 2100 2674 2135 τε
2726 2083 2819 2135 καὶ
2869 2079 3373 2153 προκαταρτίζεται
3407 2097 3423 2113 '
3470 2080 3566 2134 καὶ
3602 2082 3632 2133 ό
3675 2078 3843 2148 λόγος

2241 2175 2404 2245 φησί·
2439 2195 2455 2225 ι
2488 2176 2595 2227 Καὶ
2640 2175 2819 2229 ἔλαιον
2841 2176 2935 2228 ἐπὶ
2961 2177 3059 2244 τῆς
3089 2174 3330 2244 κεφαλῆς
3361 2190 3455 2226 σου
3498 2173 3574 2243 μὴ
3598 2172 3843 2241 ὑστερη-

2244 2271 2412 2323 σάτω·
2438 2290 2456 2321 ι
2478 2271 2577 2341 τὴν
2609 2271 2689 2333 εἰς
2718 2270 2847 2332 τοὺς
2878 2269 3108 2339 πλησίον
3131 2265 3504 2337 ἐλεημοσύνην
3531 2266 3628 2319 καὶ
3654 2264 3719 2316 τὸ
3740 2264 3840 2331 τῆς

2245 2362 2512 2433 γηγενοῦς
2551 2362 2732 2415 ἐλαίου
2765 2361 2982 2425 λιϐάδος
3022 2360 3477 2430 ὑπογραφόμενος
3512 2375 3529 2392 ⁸
3563 2352 3635 2430 ἦς
3675 2354 3844 2427 μηδὲ·

2242 2471 2373 2506 ποτε
2406 2453 2749 2523 ὑστερεῖσθαι
2786 2452 2943 2521 ἡμῶν
2973 2452 3073 2521 τὴν
3100 2450 3341 2520 κεφαλὴν
3370 2445 3837 2520 παρακελεύεται.

2239 2549 2314 2600 Οὑ
2346 2546 2453 2615 γὰρ
2477 2546 2529 2597 ετ
2559 2562 2641 2607 τις
2680 2544 2811 2598 ποτὲ
2843 2544 3064 2614 ἠλέησε,
3090 2544 3180 2597 τὸν
3212 2542 3359 2595 ἔλεον
3374 2539 3790 2610 κατωρθώσατο
3820 2550 3835 2565 ⁸

544 2645 659 2699 ἀλλ’
682 2647 736 2699 εἴ
757 2665 840 2710 τις
874 2649 1133 2713 πολλάκις
1156 2652 1246 2703 τὸν
1266 2652 1518 2719 δεόμενον
1539 2647 1810 2719 ὑπερεῖδε,
1844 2645 1904 2699 τὸ
1935 2642 2205 2711 προλαϐδν
2269 2643 2366 2712 τῆς
2434 2640 2805 2711 ἀγαθουργίας
2873 2638 3184 2707 κατήγορον
3256 2634 3679 2704 ἀπειργάσατο,
3734 2628 3836 2698 τῆς

544 2739 746 2810 ἀρετῆς
773 2742 866 2793 καὶ
906 2743 1007 2811 τῆς
1036 2744 1409 2813 ὲλεημοσύνης
1458 2744 1774 2813 ὑπερόπτην
1817 2739 2010 2793 ἑαυτὸν
2041 2737 2140 2792 οὑκ
2175 2734 2310 2804 ἔχων
2338 2734 2498 2805 ὓϐριν
2519 2730 2927 2801 διελέγχεσθαι*
2959 2730 3052 2782 καὶ
3093 2728 3154 2781 τὸ
3193 2725 3439 2797 πραχθὲν
3466 2724 3568 2777 οὑκ
3598 2721 3836 2795 ἀρετῆς,

546 2831 685 2885 ἀλλά
713 2850 857 2897 τινος
884 2835 1149 2907 διελέγχει
1187 2839 1585 2909 περιστάσεως.

622 2925 685 2980 Et
711 2927 833 2981 vide
863 2928 1027 2999 hujus
1080 2931 1234 2985 vocis
1278 2932 1620 2986 altitudinem
1682 2937 1735 2985 et
1783 2926 2134 2999 sapientiam.

552 3041 570 3071 ι
606 3018 683 3076 Ne
737 3022 974 3091 deficiat,
1031 3025 1230 3094 inquit,
1273 3028 1453 3080 oleum
1495 3028 1547 3081 in
1576 3026 1754 3095 capite
1802 3034 1916 3079 tuo.
1962 3044 1979 3076 ι
2025 3022 2137 3076 Etsi

550 3110 690 3165 enim
722 3112 923 3180 saepius
981 3118 1157 3178 unxit,
1200 3125 1490 3184 quantum,
1526 3116 1724 3185 inquit,
1755 3130 1783 3168 a
1806 3112 2137 3185 pinguedine

542 3199 731 3264 distat,
775 3209 987 3254 tantum
1033 3202 1085 3256 in
1143 3218 1241 3257 sua
1303 3204 1483 3272 priore
1536 3203 1753 3258 actione
1815 3202 2018 3257 delicit.
2070 3198 2138 3254 Et

2308 2919 2420 2973 Καὶ
2444 2919 2545 2989 ὅρα
2570 2915 2631 2969 τὸ
2664 2914 2799 2984 βα.θὺ
2828 2913 2923 2966 καὶ
2967 2926 3256 2981 περινενοη
3268 2908 3427 2977 μένον
3454 2905 3557 2975 τῆς
3580 2904 3788 2968 λέξεως
3814 2915 3831 2930 ·

2243 3032 2261 3066 ι
2274 3006 2742 3083 Μὴὺστερησάτω,
2760 3003 2910 3074 φησὶ,
2924 3002 2983 3054 τὸ
2996 3000 3171 3054 ἔλαιον
3196 3000 3285 3052 ἐπὶ
3300 2999 3397 3067 τῆς
3413 2994 3657 3064 κεφαλῆς
3682 3007 3830 3046 σου.»

2238 3107 2298 3158 Εἰ
2327 3104 2435 3175 γάρ
2466 3101 2560 3154 καὶ
2581 3098 2838 3158 πολλάκις
2864 3094 3144 3165 ἠλείψατο,
3172 3093 3229 3144 ἐν
3251 3084 3318 3158 ᾧ,
3338 3089 3494 3160 φησὶ,
3513 3087 3609 3139 τοῦ
3643 3084 3833 3175 λιπαί-

2236 3174 2425 3249 νεσθαι
2455 3193 2659 3257 διέστη,
2691 3187 2977 3259 ὑστέρημα
3018 3184 3176 3236 τοῦτο
3201 3182 3303 3252 τῆς
3346 3178 3664 3250 ἔμπροσθεν
3702 3174 3837 3231 καθ-

540 3287 766 3344 aliunde
797 3292 877 3343 vis
908 3290 1071 3358 hujus
1103 3292 1250 3346 verbi
1286 3292 1644 3347 meditatione
1686 3291 2008 3353 invenitur;
2058 3289 2130 3342 ita

2239 3288 2451 3340 ίσταται
2487 3282 2758 3354 πράξεως·
2794 3280 2887 3331 καί
2918 3278 3090 3339 ἄλλως
3113 3276 3167 3329 δὲ
3198 3274 3257 3327 τὸ
3285 3274 3382 3343 τῆς
3402 3270 3600 3336 λέξεως
3621 3270 3838 3385 ἐμφαγ-

542 3387 605 3432 ut
630 3378 717 3434 ille
751 3380 841 3450 qui
874 3380 997 3435 oleo
1028 3384 1200 3437 utitur
1233 3398 1340 3437 non
1372 3392 1579 3437 tantam
1624 3382 1999 3450 indigentibus
2040 3380 2136 3435 be-

546 3470 890 3524 neﬁcentiam
923 3472 1167 3537 adducit,
1189 3481 1458 3543 quantum
1491 3471 1596 3525 sibi
1625 3472 1839 3525 lucrum
1882 3470 2059 3540 injicit
2084 3478 2138 3523 ct

544 3560 767 3626 praebet.
810 3560 1021 3615 Idcirco
1057 3564 1110 3615 in
1138 3576 1476 3631 eongeneres
1528 3558 1967 3613 misericordiam
2004 3573 2138 3611 con-

545 3657 789 3702 temnere
818 3652 1051 3717 propriue
1092 3650 1445 3718 pjnguedinis
1482 3658 1536 3703 et
1570 3648 1822 3701 utilitatis
1865 3647 2136 3715 privatim

547 3750 671 3788 nem
698 3745 1012 3801 nuncupat;
1046 3747 1099 3789 et
1136 3751 1244 3791 non
1280 3735 1602 3805 simpliciter
1648 3734 2012 3804 privationem
2041 3749 2136 3787 cu-

542 3826 764 3895 jusdam
807 3827 978 3896 partis
1025 3843 1215 3881 eortun
1270 3843 1393 3897 qua:
1442 3837 1569 3882 sunt
1627 3827 1680 3880 in
1729 3841 1991 3896 corpore,
2044 3825 2137 3880 sed

545 3917 808 3987 przecipui
856 3926 909 3970 et
962 3917 1329 3987 capacissimi,
1376 3932 1569 3987 nempe
1599 3917 1815 3988 capitis.
1853 3916 1957 3971 Sed
1989 3915 2136 3971 enim

548 4010 695 4079 quod
718 4009 922 4064 dictum
946 4018 1048 4077 est,
1077 4009 1313 4079 idipsum
1336 4020 1418 4065 est
1436 4010 1505 4065 iis
1529 4026 1719 4064 carere
1740 4009 1943 4079 quibus
1970 4015 2138 4076 caput

548 4101 795 4170 ungitur.
829 4101 977 4156 Multi
1004 4104 1148 4157 enim
1176 4119 1354 4173 neque
1384 4103 1489 4157 olei
1510 4102 1917 4173 possessionem
1952 4116 2133 4172 neque

550 4209 709 4249 usum
739 4194 1096 4259 admirantes,
1129 4196 1251 4266 ejus
1276 4198 1437 4250 fama:
1466 4211 1588 4266 qtue
1617 4212 1711 4266 per
1741 4196 1793 4250 id
1833 4195 2138 4266 acquiritur

546 4296 602 4341 et
634 4289 874 4344 nominis
899 4305 1140 4345 amorem
1178 4290 1414 4346 induunt
1441 4308 1456 4357 ;
1490 4301 1544 4346 et
1574 4292 1664 4345 alii
1696 4291 1916 4361 quidem
1939 4290 2140 4344 nonni-

548 4378 626 4433 hil
664 4379 1002 4434 distribuunt
1026 4396 1216 4435 eorum
1253 4398 1376 4452 qure
1429 4382 1564 4451 ipsis
1624 4384 1823 4447 adsint,
1865 4397 2044 4452 neque
2073 4397 2137 4436 ea

548 4485 673 4540 quae
699 4470 803 4525 sibi
835 4480 965 4527 sunt
1002 4472 1350 4541 charissima,
1382 4489 1448 4528 eo
1484 4475 1608 4528 oleo
1637 4490 1834 4529 nomen
1869 4475 1974 4529 sibi
2005 4490 2138 4529 con-

2240 3380 2392 3432 ⁸τιδιὸν
2424 3376 2781 3447 θεωρήματος
2827 3370 3045 3443 εὑρεσις
3075 3368 3287 3437 γίνεται
3323 3380 3337 3395 ⁸
3374 3365 3450 3428 ὡς
3482 3365 3509 3416 ὁ
3539 3364 3617 3433 τῷ
3669 3360 3836 3429 ἐλαίῳ

2242 3471 2524 3543 χρώμενος
2551 3467 2613 3519 οὑ
2644 3464 2917 3534 τοσαύτην
2962 3463 3073 3525 τοῖς
3104 3458 3446 3528 ὲλεουμένοις
3471 3456 3571 3526 τὴν
3603 3455 3834 3525 εὐεργε-

2244 3565 2365 3616 σίαν
2392 3560 2623 3629 εἰσάγει,
2657 3559 2781 3611 ὅσον
2813 3555 2992 3627 ἐαυτῴ
3023 3553 3426 3607 καταϐάλλεται
3456 3551 3551 3603 καὶ
3581 3547 3836 3620 προξενεί

2240 3656 2299 3709 τὸ
2329 3655 2542 3725 κέρδος.
2584 3654 2691 3704 Διὰ
2717 3649 2877 3704 τοῦτο
2935 3648 2996 3701 τὸ
3030 3647 3296 3717 περιορᾷν
3322 3645 3415 3697 τὸν
3442 3643 3522 3705 είς
3551 3642 3683 3702 τοὺς
3702 3642 3833 3708 ὁμο·

2244 3751 2399 3820 φυείς
2424 3747 2594 3811 ἔλεον,
2627 3744 2923 3814 ὑστέρησιν
2952 3741 3051 3810 τῆς
3099 3740 3234 3801 ίδίας
3260 3737 3571 3797 λιπάνσεως
3608 3734 3709 3787 καὶ
3739 3731 3833 3800 τῆς

2242 3841 2508 3911 ὡφελείας
2536 3837 2800 3893 ἀποκαλεῖ
2829 3853 2841 3866 ·
2866 3835 2961 3887 καί⁵
2996 3834 3094 3904 οὑχ
3121 3832 3307 3894 ἁπλῶς
3336 3830 3593 3899 στέρησιν
3633 3827 3834 3896 μέρους

2241 3935 2385 3997 τινος
2412 3933 2521 3986 τῶν
2549 3931 2819 4001 τυχόντων
2858 3929 2915 3979 ἐν
2947 3927 3026 3996 τῷ
3062 3926 3299 3996 σώματι,
3331 3921 3467 3977 ἀλλά
3497 3920 3592 3972 τοῦ
3629 3936 3832 3990 κυριω-

2242 4027 2404 4080 τάτου
2433 4025 2527 4078 καὶ
2577 4019 3045 4075 συνεκτικωτάτου
3075 4019 3176 4088 τῆς
3205 4015 3471 4087 κεφαλῆς.
3530 4012 3697 4065 Ἀλλὰ
3728 4010 3833 4079 γὰρ

2240 4114 2352 4173 οἷον
2410 4116 2627 4188 εἴρηται
2673 4113 2915 4168 τοιοῦτόν
2955 4116 3072 4167 ἐστι
3110 4113 3171 4165 τὸ
3200 4109 3546 4180 ὑστερεῖσθαι
3587 4109 3652 4161 δι’
3684 4101 3759 4161 ὧν
3798 4102 3831 4172 ἡ

2242 4212 2453 4283 κεφαλὴ
2504 4207 2895 4275 ἐπαλείφεται·
2954 4204 3139 4257 πολλοὶ
3186 4204 3297 4273 γὰρ
3345 4201 3470 4254 οὔτε
3509 4198 3605 4253 τοῦ
3648 4195 3830 4252 ἐλαίου

2239 4307 2340 4376 τὴν
2398 4303 2590 4372 κτῆσιν
2620 4299 2741 4354 οὐδὲ
2781 4298 2879 4370 τὴν
2930 4298 3126 4369 χρῆσιν
3178 4294 3551 4365 θαυμάζοντες
3595 4291 3697 4361 τῆς
3738 4284 3830 4343 ἀπ’

2242 4394 2409 4450 αὑτοῦ
2440 4393 2599 4462 δόξης
2628 4390 2724 4443 καὶ
2765 4389 3064 4458 ὀνομασίας
3094 4386 3184 4439 τὸν
3243 4385 3423 4457 ἔρωτα
3450 4383 3777 4437 ὑποδύονται
3810 4394 3827 4410 ⁸

2243 4487 2337 4541 καὶ
2364 4487 2414 4538 οἱ
2439 4486 2537 4556 μὲν
2569 4480 2887 4551 διανέμουσί
2920 4497 3043 4533 τινα
3072 4479 3179 4531 τῶν
3211 4477 3547 4549 προσόντων,
3577 4476 3673 4528 καὶ
3702 4472 3829 4527 ταῦ-

548 4561 737 4616 eiliare
764 4564 1029 4626 volentes,
1076 4563 1168 4617 alii
1195 4579 1322 4619 vero
1368 4573 1430 4619 ut
1458 4565 1794 4620 multitudini
1838 4564 2135 4621 videantur

2244 4598 2311 4633 τα
2346 4579 2468 4632 οὑδὲ
2502 4575 2686 4640 αὑτοῖς
2714 4572 3181 4645 περισπούδαστα,
3217 4571 3317 4642 τὴν
3346 4569 3437 4622 τοῦ
3468 4568 3654 4621 ἐλαίου
3691 4581 3826 4635 παρ·

547 4652 755 4709 divitiis
784 4655 1071 4718 pollentes,
1103 4664 1158 4710 et
1187 4672 1375 4711 eorum
1399 4659 1488 4726 qui
1522 4659 1689 4712 multa
1717 4659 1970 4713 ambiunt
1998 4674 2137 4712 con-

549 4754 880 4815 temptores;
913 4746 1003 4800 alii
1037 4756 1220 4802 autem
1252 4758 1476 4818 propter
1497 4749 1660 4802 aliam
1694 4748 1761 4803 ad
1799 4750 1931 4803 nihil
1962 4750 2141 4804 virtu-

548 4833 622 4889 tis
651 4844 964 4906 vergentem
1002 4838 1271 4892 rationem
1299 4856 1314 4906 ;
1348 4853 1586 4909 quorum
1610 4839 1861 4908 quamvis
1887 4838 2140 4892 videatur

548 4928 795 4986 tiillluere
852 4930 1256 4999 misericordia,
1295 4948 1406 4987 non
1449 4941 1631 4988 tamen
1668 4948 1698 4988 a
1730 4931 1908 5002 capite
1955 4946 2141 5002 neque

548 5036 717 5091 supra
747 5033 909 5092 caput
939 5022 1064 5078 talis
1104 5023 1481 5079 misericordia
1518 5024 1716 5080 fertur.
1748 5023 1867 5080 Non
1899 5027 2043 5080 enim
2083 5026 2137 5081 in

542 5114 757 5185 judicio
803 5128 857 5171 et
899 5118 1224 5174 intentionis
1270 5120 1619 5185 rectitudine,
1678 5120 1773 5175 sed
1830 5120 1882 5174 in
1936 5122 2138 5192 agitata

548 5217 732 5263 mente
778 5217 833 5262 et
866 5209 1225 5277 cupiditatmn
1271 5226 1425 5265 cura.
1479 5210 1637 5276 Quod
1667 5211 1803 5279 “,ideo
1833 5211 2044 5267 utiliter
2086 5222 2141 5268 et

549 5300 843 5355 salubriter
870 5318 975 5355 non
1012 5303 1243 5357 multum
1297 5304 1449 5358 danti
1482 5304 1713 5358 diﬂ‘undi
1761 5314 1815 5359 et
1855 5305 2139 5360 abundare

550 5402 784 5460 poterat,
815 5394 869 5447 in
917 5394 1141 5451 modum
1178 5412 1353 5467 poenae
1391 5406 1445 5452 et
1476 5397 1769 5455 infeliciter
1801 5400 1874 5453 illi
1920 5400 2141 5454 subtra—

550 5481 719 5547 hitur,
766 5501 867 5541 nec
903 5502 969 5540 eo
1018 5488 1181 5542 modo
1244 5504 1304 5543 se
1348 5490 1694 5559 privantibus
1738 5490 1823 5545 vel
1867 5491 2136 5561 guttulam

550 5579 824 5631 commodi
864 5579 1061 5635 reddit.
1122 5581 1224 5647 Qui
1253 5598 1383 5637 vero
1437 5583 1553 5639 sola
1593 5584 1872 5653 egentium
1906 5599 2039 5638 cura
2085 5593 2141 5638 et

554 5670 788 5736 propria
818 5670 1015 5724 anima:
1044 5680 1097 5726 et
1134 5673 1356 5727 virtutis
1385 5674 1784 5740 misericordia,
1816 5674 1947 5729 facit
1970 5676 2136 5729 mise-

552 5756 871 5821 ricordiam,
906 5759 995 5813 ille
1018 5775 1148 5814 vere
1170 5761 1236 5815 de
1270 5765 1447 5834 capite
1513 5765 1716 5819 donum
1764 5766 1938 5819 fundit
1984 5777 2039 5822 et
2070 5767 2139 5822 de

557 5854 709 5901 recta
762 5846 1088 5915 intentione,
1119 5866 1220 5907 nec
1255 5864 1415 5923 caput
1459 5873 1618 5911 suum
1671 5858 1761 5911 illa
1806 5861 2137 5932 pinguedine

2243 4671 2487 4741 ωνυμίαν
2519 4669 2773 4737 συνάγειν
2806 4666 3123 4737 βουλόμενοι
3158 4680 3172 4694 ·
3204 4664 3253 4715 οἱ
3280 4663 3335 4715 δὲ
3363 4662 3448 4714 ἵνα
3477 4663 3589 4723 τοῖς
3619 4658 3827 4717 πολλοῖς

2240 4762 2432 4827 δόξωσι
2459 4761 2759 4833 χρημάτων
2807 4759 3115 4829 κρείττους,
3153 4756 3247 4808 καὶ
3269 4754 3376 4807 τῶν
3410 4752 3545 4806 πολὺ
3592 4751 3823 4804 σπουδα-

2242 4856 2485 4926 ζομένων
2533 4855 2873 4925 ὑπερόπται·
2926 4853 2974 4905 οί
3001 4851 3057 4904 δὲ
3104 4849 3171 4903 δι’
3212 4846 3398 4920 ἕτερόν
3434 4864 3488 4900 τι
3517 4846 3628 4899 τῶν
3669 4842 3824 4916 μηδὲν

2241 4951 2322 5012 εἰς
2370 4948 2471 5018 τῆς
2500 4947 2705 5018 ἀρετῆς
2738 4942 3162 5015 ἀναφερομένων
3192 4941 3357 5009 λόγον
3385 4955 3399 4970 °
3436 4956 3512 4993 ων
3555 4939 3661 4991 κᾶν
3700 4934 3820 5003 δοκῇ

2241 5040 2513 5111 διαρῤἐειν
2560 5040 2589 5090 ό
2638 5038 2808 5103 ἔλεος,
2846 5036 2962 5090 ἀλλ’
3020 5036 3122 5088 οὑκ
3168 5033 3277 5087 ἀπὸ
3314 5032 3412 5102 τῆς
3451 5032 3695 5100 κεφαλῆς
3721 5025 3821 5081 οὐδ’

2243 5132 2335 5185 ἐπὶ
2364 5133 2462 5201 τὴν
2497 5130 2737 5201 κεφαλὴν
2776 5130 2805 5181 ὁ
2832 5127 3074 5190 τοιοῦτος
3102 5128 3330 5195 φέρεται
3356 5142 3369 5155 ·
3399 5124 3460 5176 οὑ
3488 5124 3597 5195 γὰρ
3621 5124 3679 5176 ἐν
3706 5117 3819 5191 κρί-

2242 5244 2324 5281 σει
2348 5224 2585 5288 διανοίας
2603 5224 2697 5277 καὶ
2717 5221 2995 5294 ὀρθότητι,
3013 5220 3148 5273 ἀλλὰ
3167 5218 3505 5287 σαλευομένη
3520 5216 3712 5287 γνώμῃ
3734 5210 3820 5265 καὶ

2241 5316 2511 5389 θεραπείᾳ
2530 5316 2718 5369 παθῶν
2737 5332 2751 5345 ·
2784 5315 2812 5367 ὃ
2833 5314 3224 5384 συμφερόντως
3256 5312 3319 5363 ἂν
3342 5312 3435 5363 καὶ
3470 5306 3819 5381 σωτηριωδὼς

2244 5411 2479 5480 μάλιστα
2495 5408 2571 5479 τῷ
2589 5407 2835 5461 κενοῦντι
2852 5404 3154 5476 διαχεῖσθαί
3172 5421 3229 5457 τε
3247 5405 3339 5456 καὶ
3370 5402 3749 5473 δαψιλεύεσθαι
3765 5392 3818 5450 εὖ

2243 5500 2390 5570 μάλα
2405 5498 2655 5569 ἠδύνατο,
2673 5496 2985 5567 ἐπιζημίως
3002 5512 3061 5547 τε
3083 5494 3176 5547 καὶ
3199 5493 3515 5561 ἐπισφαλῶς
3541 5487 3816 5545 ἀποκεκιοῦ-

2239 5592 2449 5656 “canui.
2469 5590 2603 5661 μηδὲ
2625 5589 2941 5658 σταλαγμὸν
2958 5587 3226 5655 ὠφελείας
3244 5588 3353 5648 τοῖς
3372 5584 3621 5638 κενοῦσιν
3635 5580 3813 5637 ἀνταλ-

2239 5684 2583 5753 λαττόμενον.
2599 5681 2658 5734 'O
2672 5682 2726 5734 δὲ
2739 5682 2829 5734 ἐπὶ
2842 5680 3111 5751 θεραπείᾳ⁸
3125 5679 3192 5749 μό
3200 5693 3262 5750 νη
3271 5678 3377 5731 τῶν
3390 5678 3635 5747 πενήτων
3648 5677 3735 5730 καὶ
3749 5672 3814 5740 τῷ

2241 5776 2456 5845 ίλασμῷ
2484 5777 2584 5845 τῆς
2616 5775 2749 5838 ἰδίας
2767 5774 2947 5845 ψυχῆς
2969 5776 3063 5826 καὶ
3079 5774 3157 5843 τῷ
3181 5773 3281 5841 τῆς
3308 5773 3508 5842 ἀρετῆς
3541 5771 3718 5838 νέμων
3736 5767 3812 5818 τὸν

2240 5863 2565 5934 ἕλεον,οὗτος
2584 5868 2659 5933 ὡς
2670 5867 2887 5940 ἀληθῶς
2903 5867 3010 5921 ἀπὸ
3022 5865 3263 5937 κεφαλῆς
3275 5881 3331 5918 τε
3348 5864 3408 5917 τὸ
3420 5864 3593 5935 δῶρον
3608 5865 3807 5935 προχέει
