4144 6448
333 413 434 477 337

1187 398 1287 458 AD
1317 388 1914 457 AMPIIILOCHIUM
1951 384 2296 457 QUxESTIO
2336 384 2540 444 XLIV.

3483 373 3589 435 338

334 525 431 578 καὶ
453 519 554 589 τῆς
592 513 759 587 ὀρθῆς
785 510 1045 583 κρίσεως,
1078 509 1173 562 καὶ
1196 508 1294 578 τὴν
1323 505 1517 559 ἑαυτοῦ
1547 502 1785 571 κεφαλὴν
1817 500 1915 553 οὐκ
1945 543 1952 558 λ

2056 499 2197 551 rivat
2228 512 2335 567 qua
2382 496 2529 550 illam
2559 496 2889 565 prmeipnam
2923 504 3127 565 partem
3163 490 3385 544 roborat
3412 497 3466 540 et
3504 487 3589 539 hi-

337 611 632 682 ἀποστερεῖ
650 608 748 677 τῆς
769 599 1228 675 ἁναρῤωνυούσης
1248 598 1308 651 τὸ
1332 594 1657 667 ἡγεμονικὸν
1681 593 1771 645 καὶ
1799 591 1914 644 ἱλα-

337 704 608 777 ρυνούσης
648 698 975 757 λιπάνσεως.
1006 692 1173 761 Δῆλον
1205 692 1248 743 δ’
1278 690 1359 743 ὅτι
1388 686 1466 757 τῷ
1492 687 1591 755 τῆς
1619 683 1916 753 ἐλεημοσύ-

340 816 441 869 νης
468 791 850 863 κατορθώματι
884 788 978 840 καὶ
1008 785 1164 840 ἄλλαι
1193 780 1594 849 συναναφύουσι
1640 778 1734 829 καὶ
1787 791 1915 827 συν-

344 868 657 957 εξανθοῦσιν
678 880 893 953 ἀρεταί.
926 878 1024 940 Τίς
1044 878 1155 947 γὰρ
1194 875 1268 938 ὼς
1294 872 1509 942 ἀληθῶς
1543 868 1920 936 ἁκαπήλευτον

346 983 528 1052 φέρων
560 980 615 1031 ὲν
646 975 825 1043 ἑαυτῷ
869 972 965 1026 τοῦ
993 969 1175 1032 ἐλέους
1209 968 1267 1021 τὸ
1295 965 1589 1034 πολύτιμον
1613 963 1800 1033 χρῆμα
1829 959 1921 1028 βά-

350 1088 544 1127 σκανον
577 1065 841 1138 ὀφθαλμῷ
885 1062 1136 1116 ἐπιδαλεῖ
1176 1059 1254 1129 τῷ
1300 1057 1550 1126 πλησίον,
1589 1054 1622 1124 ἢ
1658 1053 1924 1124 τύραννον

346 1161 617 1230 ἐπαφήσει
664 1160 821 1227 χεῖρα
850 1155 941 1208 καὶ
970 1152 1173 1220 ταύτην
1214 1150 1281 1221 ἢν
1332 1146 1482 1201 οὔπω
1510 1143 1667 1215 ἔληξε
1702 1140 1924 1213 προτεί-

345 1272 457 1307 νειν
506 1253 598 1306 τὸν
646 1250 792 1304 ἔλεον
844 1243 1280 1308 ἁναὸλύζουσαν;
1320 1240 1403 1303 τίς
1437 1238 1494 1291 δὲ
1531 1235 1733 1307 λῃστὴς
1774 1233 1927 1288 ἀλλο-

345 1346 512 1416 τρίων
535 1344 715 1397 ἔσεται
747 1341 944 1410 γάμων
972 1337 1051 1408 τῷ
1088 1335 1254 1404 ἐλαίῳ
1280 1328 1708 1402 περιρῤεόμενός
1738 1342 1797 1378 τε
1831 1324 1928 1377 καὶ

346 1415 449 1508 την
503 1436 731 1505 γνῶμην
785 1430 1232 1504 μαλασσόμενος;
1263 1423 1431 1478 Ἀλλά
1467 1438 1532 1491 γε
1572 1420 1764 1482 τόκους
1811 1415 1930 1479 πῶς

348 1527 703 1600 εἰσπράξεται
759 1525 886 1587 τοὺς
934 1520 1217 1590 ὀφειλέτας
1273 1510 1427 1579 οὗτος
1476 1516 1504 1567 ὀ
1547 1509 1931 1582 καταμερίζων

344 1623 463 1685 τοῖς
493 1616 853 1685 ἐνδεεστέρως
882 1614 975 1666 καὶ
1004 1613 1102 1664 ὅσα
1125 1610 1323 1679 κλῆρος
1345 1610 1372 1660 ό
1398 1604 1649 1675 πατρῷος
1670 1605 1748 1664 είς
1770 1600 1932 1653 αὐτὸν

347 1710 678 1775 διεϐίϐασεν;
701 1705 895 1761 οὐκοῦν
914 1704 1004 1758 διὰ
1032 1704 1159 1773 μιᾶς
1184 1699 1381 1771 ἀρετῆς
1402 1698 1501 1766 τῆς
1522 1691 1932 1761 ἁναϐλυζούσης

348 1804 444 1857 τὸν
464 1803 612 1856 ἔλεον
635 1798 841 1862 καὶτὰς
866 1796 1032 1859 ἄλλας
1059 1794 1134 1856 ὡς
1158 1792 1438 1860 συγγενεῖς
1458 1788 1554 1842 xal.
1604 1782 1935 1839 συνακολού-

352 1895 482 1958 θους
497 1896 524 1947 ὁ
536 1892 631 1964 τὴν
647 1892 745 1961 ἡγε
754 1889 942 1960 μονίαν
963 1885 1178 1956 ἐκείνης
1192 1878 1719 1955 πῳκαταλαόὼνείς
1734 1876 1939 1947 φάλαγ.
1967 1865 2009 1921 Β

352 2005 461 2056 γας
483 1982 659 2053 ἐαυτῷ
681 1983 777 2034 καὶ
803 1979 1123 2049 συμμάχους
1147 1974 1392 2040 διατάξει
1417 1969 1935 2038 καῖὲξοικειώσεται.

431 2077 535 2132 Τοῦ
582 2077 639 2131 δὲ
682 2072 1110 2146 κατωρθωκότος
1150 2071 1208 2121 ὲν
1257 2067 1457 2136 σπουδῇ
1505 2065 1601 2117 καὶ
1645 2061 1807 2134 σοφίᾳ
1849 2062 1941 2114 τὸν

359 2168 533 2232 ἒλεον,
563 2164 751 2218 τούτου
781 2162 825 2215 δ’
866 2161 931 2215 ἂν
961 2155 1070 2213 εἷεν
1103 2157 1199 2212 καὶ
1225 2157 1274 2211 οἱ
1304 2155 1574 2226 ὀφθαλμοὶ
1603 2153 1694 2207 ἐπὶ
1722 2152 1822 2220 τῆς
1846 2168 1941 2203 κε·

362 2262 561 2333 φαλῆς,
606 2257 883 2311 τουτέστιν
944 2256 976 2324 ἡ
1022 2251 1293 2321 ὲποπτική
1338 2267 1397 2302 τε
1449 2248 1545 2300 καὶ
1594 2247 1942 2315 διακρίνουσα

359 2356 424 2408 τὸ
454 2352 629 2424 χεῖρον
656 2348 763 2402 ἀπὸ
793 2345 886 2401 τοῦ
911 2344 1220 2414 κρείττονος
1243 2342 1356 2408 ἕξις
1386 2340 1483 2393 καὶ
1512 2338 1765 2407 δύναμις.
1814 2338 1941 2399 Τοῖς

360 2445 478 2515 γὰρ
522 2438 1000 2510 ἁποδιῐσταμένοις
1033 2437 1133 2507 τῆς
1172 2434 1314 2488 κατὰ
1358 2432 1450 2485 τὸν
1497 2430 1649 2483 ἔλεον
1692 2428 1942 2499 πράξεως

358 2539 459 2592 καὶ
484 2533 830 2607 συμπαθείας
848 2574 863 2597 ,
890 2532 939 2583 οἱ
973 2528 1243 2598 ὀφθαλμοὶ
1274 2526 1368 2579 καὶ
1396 2526 1428 2595 ἡ
1453 2523 1728 2593 διάκρισις
1759 2520 1944 2573 οὐκέτι

361 2633 460 2687 ἐπὶ
491 2631 590 2699 τῆς
614 2626 878 2696 κεφαλῆς,
922 2622 1030 2677 οὐδ’
1058 2621 1198 2674 ὥστε
1237 2618 1448 2687 φαίνειν
1478 2615 1573 2669 καὶ
1604 2614 1821 2684 ὁδηγεῖν
1852 2611 1944 2664 τὸν

360 2725 554 2787 αὐτοῖς
603 2720 906 2792 χρώμενον,
952 2715 1064 2770 ἀλλ’
1094 2712 1189 2765 ἐπὶ
1240 2711 1340 2781 τῆς
1372 2707 1574 2777 ὀσφύος
1616 2706 1649 2777 ἢ
1690 2706 1790 2775 τῆς
1841 2723 1943 2772 γα-

364 2815 551 2887 στρὸς,
602 2811 803 2884 μᾶλλον
850 2808 908 2861 δὲ
952 2806 1058 2861 τῶν
1102 2802 1280 2857 ποδῶν
1325 2801 1615 2870 γεγόνασιν
1652 2797 1943 2850 ὑποπόδιον

363 2900 854 2974 καταπατούμενοι
904 2917 964 2953 τε
1023 2897 1119 2951 καὶ
1151 2892 1555 2966 ἀχρειούμενοι,
1606 2891 1701 2943 καὶ
1748 2890 1947 2958 τυψλὸν

365 3003 464 3052 καὶ
497 2997 850 3066 πλανώμενον
895 2993 952 3044 ὲν
1003 2988 1158 3061 βαθεῖ
1190 2987 1365 3056 σκότῳ
1409 2983 1808 3044 καταλιπόντες
1856 2981 1947 3032 τὸν

370 3092 677 3163 ἄνθρωπον.
710 3088 775 3141 Εί
799 3085 855 3139 δὲ
891 3082 1101 3153 κεφαλὴ
1129 3078 1323 3146 ἀνδρὸς
1344 3077 1371 3129 ό
1404 3074 1661 3146 Χριστὸς,
1693 3073 1953 3143 παραινεῖ

372 3185 438 3237 τὸ
468 3184 645 3251 λόγιον
673 3180 819 3251 ἡμᾶς
853 3176 943 3229 ἀεὶ
976 3172 1071 3226 καὶ
1105 3171 1192 3224 διὰ
1218 3168 1419 3230 παντὸς
1446 3166 1658 3236 ἀφορᾷν
1688 3163 1825 3234 πρὸς
1850 3163 1947 3215 αὐ-
1975 3210 2017 3266 C

374 3274 490 3341 τὸν,
523 3274 614 3328 καὶ
634 3274 690 3325 ὲν
722 3267 872 3337 αὐτῷ
899 3267 1081 3319 πᾶσαν
1106 3261 1263 3333 ἡμῶν
1304 3258 1583 3328 στηρίζειν
1611 3256 1708 3309 καὶ
1741 3252 1952 3308 ἀνατεί-

377 3385 492 3421 νειν
520 3366 618 3436 τὴν
645 3362 951 3431 ὲποπτικὴν
979 3375 1037 3411 τε
1068 3358 1160 3409 καὶ
1189 3349 1531 3423 θεωρητικὴν
1569 3349 1728 3419 ἡμῶν
1758 3345 1955 3415 ἐπιμέ-

378 3462 530 3514 λειαν
552 3474 567 3489 ⁶
601 3476 620 3510 ι
654 3453 1012 3527 Προωρώμην
1033 3448 1140 3518 γὰρ
1157 3446 1248 3499 τὸν
1269 3443 1473 3515 Κύριον
1492 3440 1721 3494 ἐνώπιόν
1742 3456 1842 3509 μου
1866 3436 1957 3491 διὰ

377 3549 599 3613 παντὸς,
621 3526 797 3601 δτιίὲκ
839 3541 1027 3606 δεξιῶν
1058 3555 1158 3610 μου
1188 3535 1357 3597 ἐστὶν,
1390 3533 1479 3585 ἵνα
1511 3530 1587 3601 μὴ
1626 3526 1893 3581 σαλευθῶ.
1931 3544 1951 3577 ›

390 3642 554 3698 Ἀλλά
576 3640 683 3710 γὰρ
723 3656 740 3687 ι
769 3636 857 3699 Ὠς
893 3628 1164 3701 ὀφθαλμοὶ
1188 3625 1501 3692 παιδίσκης,
1524 3620 1711 3689 φησὶν,
1744 3617 1824 3679 εἰς
1846 3617 1961 3686 χεῖ-

380 3754 484 3808 ρας
506 3708 608 3797 τῆς
632 3708 828 3801 κυρίας
854 3726 1045 3795 αὐτῆς,
1069 3720 1242 3782 οὕτως
1266 3718 1315 3770 οἱ
1337 3713 1609 3784 ὀφθαλμοὶ
1631 3711 1785 3808 ἡμῶν
1819 3708 1960 3780 πρὸς

376 3794 601 3894 ίὶύριον-
636 3794 727 3873 τὸν
769 3814 902 3868 Θεὸν
933 3794 1119 3883 ἡμῶνο
1150 3827 1168 3859 ι
1207 3809 1304 3860 καὶ
1332 3805 1394 3858 τὸ
1425 3802 1616 3873 κέρδος
1646 3794 1757 3854 οἷον
1790 3816 1962 3852 κατα-

371 3890 754 3987 λαμϐάνουσιν
781 3908 930 3978 ἡμᾶς
957 3906 1006 3959 oi
1034 3901 1307 3973 φιλότιμοι
1338 3897 1433 3950 καὶ
1458 3894 1702 3947 πλούσιοι
1727 3890 1956 3961 δωρεάν·

374 3984 479 4066 καί
515 4007 622 4078 μὴν
648 4004 744 4059 καὶ
781 4002 869 4055 διά
899 3997 1099 4059 παντὸς
1125 3995 1295 4048 ὄντων
1325 3991 1433 4044 τῶν
1451 3989 1739 4059 ἡμετέρων
1767 3984 1963 4053 ὀφθαλ-

379 4075 669 4174 μῶν-πρὸς
699 4095 792 4149 τὸν
825 4092 1052 4161 Κύριον,
1087 4088 1143 4141 αἱ
1181 4083 1409 4153 παγίδες
1435 4081 1501 4143 ἃς
1532 4082 1561 4132 ὁ
1588 4078 1783 4149 ἐχθρὸς
1808 4075 1961 4146 παρὰ

372 4170 453 4250 τά
486 4170 801 4263 διαδήματα
848 4184 1005 4256 ἡμῶν
1056 4178 1307 4239 ἐκτείνει,
1356 4173 1524 4245 ἀργαὶ
1567 4171 1660 4223 καὶ
1688 4170 1962 4238 ἄπρακτοι

377 4290 483 4346 καὶ
512 4257 833 4348 τοὺς-*πόδας
864 4275 1023 4348 ἡμῶν
1049 4271 1303 4339 κατέχειν
1336 4263 1594 4332 οὐδεμίαν
1632 4260 1784 4330 ἰσχὺν
1811 4257 1963 4326 ἐχου-

381 4339 506 4436 est.
542 4339 712 4439 Αὐτὸς
738 4339 845 4442 γὰρ
870 4339 1178 4431 {nmo-.21;
1210 4360 1306 4413 καὶ
1335 4353 1661 4423 προνοητὴς,
1692 4349 1789 4402 καὶ
1814 4347 1881 4400 δι’
1904 4339 1963 4401 οὗ

380 4472 451 4525 τὸ
484 4468 617 4539 ὁρᾷν
651 4437 988 4529 πεποίθαμεν
1020 4471 1078 4507 τε
1122 4450 1218 4504 καὶ
1263 4443 1735 4511 πεπιστεύκαμεν,
1764 4437 1965 4508 ἀμάχῳ

385 4562 555 4635 ῥώμῃ
577 4557 701 4620 τοὺς
730 4553 894 4613 πόδας
944 4550 978 4618 ἡ

380 4620 725 4712 ἆποσπάσει,
753 4644 847 4699 καὶ
879 4641 1030 4695 λείαν
1057 4635 1153 4690 καὶ
1184 4630 1394 4700 ὁμαλὴν
1416 4630 1515 4698 τὴν
1547 4625 1665 4678 ὁδὸν
1689 4620 1849 4693 ἡμῶν
1869 4620 1969 4688 τῆς

384 4690 1099 4815 ’ἆτξξργέιζτέταμ
1131 4690 1336 4795 ’1’δ’μὲν
1353 4690 1511 4775 οὖν’(
1548 4690 1770 4771 Ἐλαιον
1811 4713 1911 4784 τῆς
1940 4707 2182 4779 κεφαλῆς
2214 4720 2308 4757 σου
2347 4700 2424 4773 μὴ
2470 4694 2859 4768 ύστερησάτω,
2895 4710 2915 4745 ›
2944 4690 3066 4744 τίνα

380 4838 614 4910 τρόπον,
637 4830 1010 4901 διηγόρευται.

465 4936 526 4989 Εἰ
556 4897 607 4986 δέ
629 4897 750 4983 ἀντί
778 4897 871 4980 τοῦ
897 4943 915 4974 ‹
936 4921 1029 4991 Μὴ
1051 4919 1179 4971 ύστε
1190 4912 1429 4987 ρησόιτω,
1459 4928 1477 4962 ›
1504 4907 1565 4961 τὺ
1594 4906 1777 4973 λόγιον
1805 4900 1865 4955 οὖ
1901 4897 1976 4970 μὴ

383 5027 670 5096 ὑστερήσῃ
710 5019 789 5090 τῷ
838 5015 1129 5087 γράμματι
1187 5002 1591 5075 ἀπαγγέλλοιτο
1636 4994 1976 5068 (εὑρίσκεται

384 5123 502 5195 γὰρ
532 5086 909 5182 ’καὶ-’τοιαύτη
944 5108 1051 5162 τῶν
1103 5104 1365 5178 ῥημάτων
1399 5100 1433 5170 ἠ
1468 5093 1767 5166 προφορὰ),
1820 5086 1976 5195 ρὺδὲν

388 5211 624 5271 κωλύει·
657 5209 752 5261 καί
779 5203 924 5259 οὕτω
951 5200 1013 5253 τὸ
1043 5199 1141 5270 μὲν
1180 5216 1199 5249 ι
1232 5196 1516 5248 Ἔστωσαν
1544 5187 1610 5239 τά
1647 5180 1842 5253 ἱμάτιά
1881 5196 1972 5231 σου

387 5306 588 5367 λευκὰ,
620 5321 638 5355 ι
670 5302 745 5364 ὡς
776 5297 871 5352 καὶ
920 5293 1267 5365 προείρηται,
1297 5283 1564 5356 σύμϐολον
1594 5278 1705 5334 τῶν
1764 5273 1977 5344 ἀρετῶν

390 5365 796 5468 ἐκλαμίϐἅνεινο
840 5389 902 5442 τὸ
947 5387 1004 5440 δὲ
1034 5384 1126 5455 Μὴ
1159 5380 1435 5452 ὑστερήσῃ
1465 5374 1559 5428 ὲπὶ
1602 5371 1703 5440 τῆς
1732 5365 1979 5468 κεφαλῇς

393 5496 604 5557 ἔλαιον,
634 5491 717 5544 ὅτι
747 5483 858 5538 τῶν
891 5474 1336 5549 κατορθωμάτων
1370 5461 1851 5538 περιαυγαζόντων
1882 5456 1978 5525 τὴν

394 5551 605 5661 ψυχὴν,
624 5582 722 5637 καὶ
751 5571 1224 5650 περιϐαλλομένης
1248 5566 1418 5633 αὐτῆς
1434 5560 1528 5614 τὸν
1554 5555 1744 5625 νοητὸν
1770 5551 1981 5620 κόσμον

398 5644 515 5734 καῖ
645 5674 705 5739 ἐξ
723 5644 902 5727 αὐτῶν
924 5664 1308 5736 λαμπρότητα,
1325 5656 1386 5708 τὸ
1412 5650 1782 5720 πολυτίμητον
1804 5644 1983 5747 ἔλαέον

408 5732 510 5825 καὶ
545 5732 717 5838 μύρον
742 5762 770 5815 ὃ
797 5760 895 5831 τὴν
921 5732 1015 5811 τού
1047 5732 1202 5822 ἁγίου
1233 5745 1374 5801 Πνεύ
1385 5758 1552 5813 ματος
1577 5739 1738 5810 χάριν
1761 5734 1856 5836 καὶ
1885 5732 1989 5838 δωῖ

416 5859 550 5933 ρεὰν
580 5853 983 5926 ὑπογράφεται,
1005 5846 1066 5900 οὺ
1107 5842 1182 5915 μὴ
1212 5837 1487 5909 ὑστερήση
1533 5826 1867 5899 καταρδεῦον
1896 5822 1993 5875 καὶ

2016 592 2176 644 larat.
2216 589 2367 643 Patet
2404 596 2585 642 autem
2617 587 2976 657 eleemosynaa
2999 586 3144 641 bono
3174 591 3298 638 actu
3330 582 3591 651 Ιρναξειίιο

2016 686 2069 732 et
2096 676 2229 731 alias
2257 676 2407 730 nasci
2429 684 2484 728 et
2505 674 2792 728 florescere
2816 674 3060 727 virtutes.
3086 670 3219 736 Quis
3248 684 3355 722 non
3382 667 3595 721 adulte-

2020 778 2167 823 ratas
2211 768 2268 822 in
2303 783 2361 821 se
2391 768 2573 821 ferens
2608 764 2996 819 misericordia:
3015 764 3343 818 excellentes
3373 759 3594 814 divitias

2021 865 2345 919 malevolum
2370 865 2588 918 oculum
2622 863 2675 916 in
2719 862 3025 932 proximum
3059 860 3289 928 injiciet,
3325 867 3380 913 et
3413 865 3595 928 tyran-

2022 959 2202 1013 nicam
2238 960 2446 1012 emittet
2478 970 2699 1009 manum
2725 965 2780 1005 et
2808 953 2953 1006 illam
2996 965 3156 1020 quam
3192 947 3431 1002 nondum
3479 962 3598 998 ces-

2023 1052 2163 1106 savit
2195 1048 2519 1119 protendere
2548 1045 2977 1101 misericordiam
3012 1041 3397 1098 scaturientem
3417 1038 3440 1091 ?
3464 1037 3596 1102 Quis

2025 1144 2131 1198 erit
2160 1143 2463 1196 alienarum
2498 1138 2809 1206 nuptiarum
2849 1134 2959 1199 fur,
2989 1135 3111 1188 oleo
3131 1140 3364 1185 mentem
3390 1130 3599 1183 habens

2029 1236 2311 1290 inunctam
2348 1243 2402 1286 et
2444 1230 2747 1286 mollitam?
2780 1228 2885 1284 Sed
2929 1228 3089 1283 etiam
3126 1222 3402 1295 quomodo
3436 1236 3602 1290 pecu-

2029 1328 2178 1382 niam
2208 1342 2234 1378 a
2276 1324 2601 1379 debentibus
2638 1321 2955 1393 parentibus
2999 1318 3198 1388 exiget,
3226 1317 3320 1385 qui
3353 1313 3601 1379 indigen-

2030 1421 2177 1474 tibus
2205 1426 2260 1472 et
2287 1434 2349 1471 ca
2380 1431 2502 1485 qum.
2543 1426 2768 1485 paterna
2810 1411 3097 1466 htereditas
3137 1408 3240 1476 ipsi
3279 1402 3605 1464 transmisit,

2033 1509 2415 1566 distribuerit?
2440 1509 2609 1579 Igitur
2635 1522 2741 1560 una
2772 1506 2971 1559 virtute
3003 1498 3435 1556 misericordiam
3486 1510 3608 1550 sca-

2036 1604 2290 1665 turiente,
2329 1608 2384 1654 et
2424 1598 2563 1653 alias
2609 1606 2666 1651 ut
2714 1608 3047 1665 congeneres
3091 1602 3145 1647 et
3191 1596 3609 1657 consequentes,

2036 1695 2127 1749 ille
2149 1693 2242 1763 qui
2277 1692 2393 1762 ejus
2427 1691 2649 1745 ductum
2685 1697 2811 1743 ante
2843 1686 3106 1755 suscepit,
3148 1682 3254 1738 sibi
3296 1682 3348 1735 in
3383 1678 3607 1749 phalan-

2038 1800 2132 1858 ges
2156 1794 2207 1842 et
2231 1784 2410 1841 socias
2436 1783 2690 1852 disponet
2716 1787 2771 1834 et
2799 1776 3096 1832 familiares
3122 1775 3331 1830 reddet.

2113 2051 2215 2118 Qui
2275 2064 2404 2103 vero
2449 2062 2571 2101 cum
2620 2044 2737 2099 zelo
2779 2052 2837 2098 et
2881 2038 3146 2111 sapientia
3169 2033 3612 2108 :miscricordiam

2043 2143 2371 2212 impleverit,
2407 2139 2532 2208 ejus
2564 2137 2725 2191 etiam
2757 2142 2917 2188 erunt
2970 2130 3114 2185 oculi
3149 2129 3202 2183 in
3234 2128 3428 2197 capite,
3452 2126 3502 2180 id
3535 2133 3618 2178 est

2042 2233 2364 2305 inspiciendi
2400 2242 2455 2285 et
2485 2226 2831 2285 discernendi
2868 2224 3020 2294 pejus
3046 2239 3076 2276 a
3111 2221 3360 2285 meliore,
3407 2218 3483 2271 illi
3511 2219 3618 2270 erit

2041 2339 2216 2385 status
2246 2338 2300 2382 et
2322 2327 2425 2380 vis.
2442 2324 2545 2391 Qui
2571 2323 2715 2378 enim
2739 2321 2808 2375 ab
2832 2318 3143 2373 actionibus
3164 2323 3218 2370 et
3237 2313 3619 2383 compassionc

2040 2432 2163 2488 qua}
2192 2415 2491 2471 secundum
2543 2408 2977 2465 misericordiam
3021 2413 3151 2460 sunt
3196 2403 3353 2471 longe
3391 2400 3615 2461 distant,

2041 2520 2233 2562 eorum
2284 2501 2428 2558 oculi
2459 2508 2514 2553 et
2550 2499 2633 2552 vis
2654 2494 3009 2551 discernendi
3058 2507 3166 2545 non
3202 2490 3255 2543 in
3297 2489 3493 2558 capite,
3524 2502 3618 2541 ne-

2042 2611 2149 2668 que
2176 2597 2250 2650 ita
2284 2604 2486 2648 utenm
2527 2591 2621 2659 qui
2675 2588 2783 2643 illis
2814 2587 2983 2639 utitur
3038 2583 3347 2637 illuminent
3386 2588 3440 2634 et
3481 2578 3619 2632 diri-

2044 2699 2194 2765 gant,
2230 2688 2322 2743 sed
2350 2688 2403 2741 in
2440 2685 2640 2740 lumbis
2678 2691 2732 2736 et
2782 2670 2997 2740 ventre,
3040 2676 3133 2731 sed
3192 2675 3380 2745 potius
3423 2671 3618 2741 pedum

2044 2763 2363 2840 scabellum,
2412 2772 2712 2847 proculcati
2764 2778 2818 2825 et
2869 2768 3093 2823 inutiles
3112 2765 3237 2819 facti
3273 2772 3327 2817 et
3346 2763 3620 2815 hominem

2046 2871 2097 2924 in
2120 2868 2306 2924 densis
2334 2863 2573 2921 tenebris
2604 2876 2808 2917 caecum
2840 2868 2893 2912 et
2925 2864 3198 2912 errantem
3227 2852 3622 2920 relinquentes.

2046 2963 2099 3017 Si
2125 2974 2311 3017 autem
2340 2965 2503 3027 caput
2534 2955 2776 3010 hominis
2805 2951 3085 3012 Christus,
3130 2961 3231 3001 nos
3262 2945 3402 2999 ratio
3439 2943 3625 2995 horta-

2048 3065 2136 3110 tur
2166 3063 2226 3109 ut
2252 3053 2407 3106 illum
2448 3064 2663 3118 semper
2697 3054 2751 3101 et
2771 3043 2922 3099 omni
2954 3040 3119 3096 modo
3162 3037 3542 3107 inspiciamus,
3572 3041 3629 3087 et

2048 3158 2108 3203 ut
2147 3147 2201 3202 in
2229 3162 2353 3200 eum
2413 3149 2661 3197 nostram
2705 3140 3011 3193 intuentem
3045 3142 3100 3188 et
3149 3128 3626 3199 contemplativam

2052 3251 2239 3294 curam
2268 3236 2542 3304 erigamus
2564 3243 2619 3286 et
2648 3229 3043 3284 extendamus:
3083 3242 3102 3274 ‹
3130 3219 3492 3275 Providebam
3526 3216 3631 3269 Do-

2053 3330 2261 3385 minum
2294 3328 2346 3381 in
2376 3331 2671 3393 conspectu
2699 3334 2820 3374 meo
2853 3330 3088 3385 semper,
3131 3311 3386 3383 quoniam
3422 3324 3454 3362 a
3494 3307 3629 3361 dex-

2053 3423 2154 3478 tris
2172 3430 2258 3474 est
2279 3419 2433 3484 mihi,
2459 3433 2525 3471 ne
2539 3426 2923 3476 commovear;
2950 3429 2969 3462 ι
2999 3406 3093 3463 sed
3126 3405 3270 3460 enim
3298 3420 3311 3456 :
3340 3421 3358 3453 σ
3390 3400 3455 3457 Ut
3486 3399 3637 3455 oculi

2054 3512 2267 3567 ancilla:
2300 3510 2354 3563 in
2406 3522 2600 3561 manus
2637 3504 2880 3559 dominae
2912 3514 3049 3564 suae,
3085 3498 3159 3551 ita
3186 3495 3329 3549 oculi
3362 3492 3535 3547 nostri
3564 3490 3630 3544 ad

2057 3600 2345 3656 Dominum
2377 3596 2546 3651 Deum
2578 3603 2852 3649 nostrum.
2892 3608 2910 3641 ι
2948 3589 3011 3643 Et
3038 3589 3250 3641 lucrum
3283 3584 3389 3636 tale
3434 3579 3539 3635 erit
3580 3588 3640 3630 ut

2059 3696 2329 3760 occupent
2363 3702 2463 3742 nos
2495 3682 2775 3740 ambitiosi
2808 3691 2863 3735 et
2904 3678 3105 3734 divites
3141 3677 3369 3729 frustra.
3406 3672 3476 3725 Et
3507 3684 3639 3723 vero

2058 3793 2319 3858 perpetuo
2353 3781 2536 3837 oculis
2609 3777 2816 3833 nostris
2858 3774 2924 3828 ad
2955 3771 3243 3826 Dominum
3264 3764 3482 3830 erectis,
3528 3773 3643 3816 ten-

2061 3857 2257 3929 diculae
2304 3886 2444 3941 quas
2484 3870 2741 3924 inimicus
2771 3865 2926 3936 juxta
2956 3870 3206 3916 nostrum
3243 3859 3347 3912 iter
3378 3857 3640 3925 disponit,

2063 3967 2253 4021 otiosa:
2290 3972 2345 4018 ct
2393 3964 2596 4017 inertes
2647 3966 2795 4023 sunt,
2854 3964 2908 4011 et
2950 3954 3116 4023 pedes
3160 3959 3380 4007 nostros
3418 3948 3644 4003 minimc

2062 4057 2247 4111 valent
2271 4053 2548 4109 cohibere.
2582 4050 2704 4120 Ipse
2741 4048 2886 4103 enim
2919 4045 3174 4099 conditor
3205 4050 3393 4095 noster
3419 4047 3472 4092 et
3512 4053 3647 4091 nos-

2065 4160 2148 4205 tra
2178 4146 2530 4202 Providentia
2561 4152 2616 4198 et
2644 4144 2731 4197 ille
2751 4157 2849 4211 per
2869 4153 3031 4209 quem
3053 4137 3284 4192 videndo
3314 4133 3653 4188 confidimus

2066 4251 2120 4298 et
2172 4239 2527 4300 credidimus,
2573 4236 2776 4289 invicta
2829 4230 3155 4287 fortitudine
3201 4227 3367 4296 pedes
3425 4234 3655 4279 nostros

2068 4335 2137 4389 ab
2162 4330 2367 4387 inimici
2410 4327 2619 4383 retibus
2661 4323 2944 4380 abstrahet
2985 4329 3040 4374 et
3081 4318 3299 4372 facilem
3340 4324 3395 4369 et
3434 4327 3646 4383 aequam

2071 4432 2272 4477 nostrae
2306 4420 2501 4475 salutis
2523 4419 2668 4472 viam
2704 4414 2887 4470 faciet.
2930 4402 3225 4479 Quomodo
3260 4408 3425 4478 igitur
3461 4405 3594 4459 illud
3628 4421 3651 4457 :7

985 4546 1100 4617 μῶν
1128 4498 1451 4595 ὲκῗτοῦ
1484 4498 1680 4605 ἐχθροῦ
1717 4498 1952 4594 immiti

2078 4540 2095 4572 ι
2116 4518 2191 4573 Ne
2211 4516 2427 4572 deficiat
2453 4514 2631 4569 oleum
2651 4510 2718 4565 de
2736 4510 2911 4578 capite
2934 4514 3052 4572 tuo,
3076 4524 3095 4557 ›
3121 4504 3193 4560 sit
3214 4498 3651 4572 intelligendum,

2077 4612 2387 4681 expositum
2419 4614 2524 4662 est.

3100 4689 3345 4759 προσῆκε
3414 4682 3652 4737 νοεῖσθαι

2151 4889 2205 4945 Si
2230 4896 2410 4943 autem
2439 4895 2540 4954 pro
2581 4898 2599 4931 ‹
2638 4875 2717 4931 Ne
2740 4873 2960 4931 deficiat
3000 4890 3020 4923 ι
3060 4867 3325 4936 scriptum
3376 4863 3447 4917 sit
3474 4869 3546 4926 rt,
3576 4857 3661 4913 Ne

2076 4981 2299 5039 deﬁcias
2336 4974 2632 5048 (invenitur
2675 4968 2821 5024 enim
2871 4973 2926 5018 et
2955 4962 3080 5016 talis
3135 4957 3430 5014 verborum
3482 4966 3658 5005 enun-

2079 5072 2289 5143 ciatio),
2318 5044 2452 5123 nihil
2482 5066 2683 5120 obstat.
2714 5058 2779 5113 Et
2818 5058 2899 5113 sic
2928 5052 3060 5109 illud
3095 5071 3108 5106 :
3138 5070 3156 5103 ι
3181 5049 3303 5103 Sint
3333 5044 3657 5100 vestimenta

2080 5129 2172 5221 tua
2210 5129 2353 5223 alba,
2386 5176 2404 5209 ι
2430 5164 2489 5210 ιιι
2527 5162 2582 5208 et
2618 5150 2825 5204 dictum
2857 5154 2961 5207 est,
3004 5139 3178 5207 accipi
3207 5134 3369 5190 debet
3393 5140 3451 5185 ut
3491 5129 3663 5182 virtu-

2081 5268 2195 5311 tum
2249 5250 2598 5324 symbolum;
2629 5242 2757 5296 illud
2788 5253 2918 5293 vero
2958 5252 2972 5288 :
3009 5251 3027 5285 ι
3077 5230 3151 5284 Ne
3189 5224 3414 5282 deficias
3448 5220 3568 5272 oleo
3603 5217 3656 5268 in

2085 5316 2405 5418 capite'tuo,
2446 5360 2464 5393 ι
2495 5334 2732 5393 ostendit
2767 5341 2839 5395 te,
2868 5327 3034 5383 rectis
3078 5316 3478 5376 intentionibus
3509 5324 3663 5364 men-

2090 5404 2193 5498 tem
2226 5449 2372 5493 tuam
2421 5434 2601 5489 nitore
2662 5423 3008 5483 ornantibus,
3050 5424 3105 5469 et
3145 5404 3419 5482 spirituali
3466 5406 3669 5458 ornatu

2089 5537 2235 5590 illam
2268 5529 2523 5584 indueute
2543 5529 2596 5576 et
2627 5522 2741 5583 illo,
2761 5518 2852 5587 qui
2868 5531 2930 5569 ex
2955 5512 3039 5567 his
3059 5507 3329 5577 sequitur,
3354 5494 3663 5570 splendore,
3688 5548 3693 5551 _

2093 5630 2198 5683 hoc
2241 5623 2541 5695 pretiosum
2587 5615 2767 5670 oleum
2815 5618 2869 5663 ct
2924 5610 3261 5673 unguentum
3303 5590 3449 5665 quod
3491 5583 3675 5642 sancti

2097 5678 2333 5790 Sjiirilus
2382 5710 2613 5782 gratiam
2647 5712 2701 5760 et
2729 5706 2933 5758 donum
2987 5691 3249 5750 describit
3296 5700 3406 5741 non
3450 5678 3672 5736 differre

2099 5781 2298 5870 debere
2341 5805 2487 5879 quod
2530 5811 2683 5859 tuum
2741 5800 2905 5865 caput
2952 5789 3163 5847 imbuat
3198 5792 3253 5840 et
3291 5782 3541 5849 inungat,
3615 5781 3673 5828 et
