4144 6480
547 408 651 471 339

1697 401 1960 463 PHOTII
1997 400 2502 462 ΡᾹΤΒΙΑΒΟΗιἘ
2533 399 2642 460 CP.

3715 391 3826 452 340

542 518 691 573 omni
723 530 880 573 sacra
905 524 959 570 et
1003 515 1161 569 beata
1203 513 1663 583 contemplatione
1691 525 1746 569 et
1777 513 2114 584 perfectione

2224 511 2598 584 καταμυρίζον
2631 526 2724 562 σου
2750 507 2812 562 τὸ
2833 505 3184 578 ἡγεμονικὸν,
3202 505 3298 560 καὶ
3319 505 3496 574 πάσης
3529 505 3573 556 ίε
3585 506 3702 574 ρᾶς
3725 505 3823 556 καὶ

541 609 786 677 impleat.
826 608 941 663 Etsi
973 608 1119 662 enim
1174 616 1340 677 caput
1379 605 1656 671 Ecclesiae,
1695 607 1745 661 id
1773 617 1858 662 est
1880 606 2121 660 fidelium

540 696 797 752 Christus
853 697 1082 760 dicitur,
1124 697 1230 751 sibi
1286 705 1466 751 tamen
1517 696 1626 751 alio
1662 696 1822 751 modo
1859 711 2125 766 pauperes

538 787 822 858 coniungit
850 797 906 842 et
927 789 1110 843 datam
1147 789 1252 842 illis
1282 789 1686 860 eleemosyuam
1716 789 1784 843 ad
1822 804 1881 844 se
1911 787 2122 854 refert;

544 899 561 930 ι
584 880 736 945 Quod
754 879 900 933 enim
921 881 1013 934 uni
1039 894 1228 934 eorum
1248 880 1479 934 fratrum
1501 895 1745 934 meorum
1767 881 2122 934 minimarum

540 968 799 1036 feceritis,
825 971 958 1024 mihi
984 970 1215 1035 fecistis,
1255 990 1274 1024 ι
1306 969 1409 1026 Per
1437 974 1794 1042 praecedentia
1828 973 1997 1027 verba
2022 972 2130 1028 Ec-

537 1056 825 1114 clesiastes
851 1058 1105 1113 hortatur
1125 1068 1181 1113 ut
1199 1069 1363 1129 caput
1382 1072 1629 1116 nostrum
1649 1062 1770 1117 oleo
1788 1077 1989 1133 ungere
2007 1077 2118 1117 non

536 1149 912 1220 negligamus;
955 1151 1101 1222 quod
1143 1163 1227 1207 est
1254 1165 1512 1223 perpetuo
1537 1154 1940 1226 eleemosynam
1982 1170 2118 1224 pau-

534 1245 762 1313 peribus
783 1245 933 1301 dare.
961 1247 1067 1302 Per
1096 1248 1212 1302 haec
1235 1249 1379 1302 enim
1405 1249 1458 1303 in
1489 1260 1734 1305 nostrum
1762 1259 1924 1320 caput
1961 1248 2121 1305 Chri-

537 1344 684 1390 stum
729 1337 1158 1394 miserieordiam
1219 1339 1544 1409 inferimus;
1588 1342 1683 1397 sed
1728 1342 1842 1396 haec
1896 1341 2117 1412 quidem

537 1427 824 1484 hactenus.

2225 604 2504 675 μακαρίας
2529 599 2934 672 ἁνεμπιμπλῶν
2962 598 3196 668 θεωρίας
3226 615 3285 651 τε
3314 599 3408 651 καὶ
3437 597 3822 666 τελειότητος.

2222 691 2286 743 Et
2311 690 2368 743 δέ
2396 690 2489 743 καὶ
2520 689 2732 756 κεφαλὴ
2763 688 2861 758 τῆς
2901 687 3254 759 Ἐκκλησίας,
3289 687 3534 740 τουτέστι
3563 686 3692 740 τῶν
3730 703 3794 737 πι

2225 781 2391 846 στῶν,
2433 781 2464 833 ό
2494 780 2729 850 Χριστὸς
2755 779 2974 847 λέγεται
3004 779 3098 831 καὶ
3130 778 3471 842 πιστεύεται,
3501 778 3824 831 οἰκειοῦται

2223 873 2281 926 δὲ
2319 873 2482 927 πάλιν
2511 873 2714 942 τρόπον
2760 871 2949 942 ἕτερον
2979 871 3108 933 τοὺς
3155 871 3395 935 πένητας
3427 871 3525 924 καὶ
3566 869 3686 940 τὴν
3744 870 3830 932 εἰς

2222 964 2466 1028 ἐκείνους
2512 965 2888 1034 ἐλεημοσύνην
2910 965 2989 1027 είς
3011 962 3204 1016 ἐαυτὸν
3237 962 3563 1033 ἀναδέχεται
3586 979 3606 992 ’
3648 982 3668 1014 ι
3701 963 3824 1030 Ἐφ’

2221 1058 2348 1111 ὅσον
2381 1057 2491 1127 γὰρ
2521 1058 2817 1124 ἐποιήσατε
2863 1057 2943 1108 ἐνὶ
2997 1054 3203 1108 τούτων
3247 1055 3356 1108 τῶν
3405 1053 3667 1124 ἀδελφῶν
3719 1072 3827 1120 μου

2220 1151 2330 1205 τῶν
2361 1151 2682 1221 ἐλαχίστων,
2706 1149 2829 1220 ἐμοὶ
2849 1150 3164 1220 ἐποιήσατε.
3196 1167 3215 1200 ι
3244 1149 3342 1202 Διὰ
3361 1148 3471 1201 τῶν
3500 1150 3824 1215 προκειμέ-

2221 1262 2328 1301 νων
2354 1244 2529 1311 λόγων
2551 1244 2581 1297 ό
2606 1240 3046 1311 Ἐκκλησιαστὴς
3074 1241 3332 1310 παραινεῖ
3362 1239 3436 1310 μὴ
3471 1241 3829 1309 καταμελεῖν

2221 1335 2320 1388 τοῦ
2354 1334 2600 1400 ἀλείφειν
2647 1330 2806 1400 ἡμῶν
2832 1325 2999 1399 ἐλαίῳ
3047 1329 3144 1399 τὴν
3179 1329 3449 1398 κεφαλήν·
3480 1330 3627 1399 ὅπερ
3667 1329 3826 1381 ἐστὶν

2222 1427 2452 1480 ἀένναον
2489 1425 2589 1494 τὴν
2620 1422 2995 1494 ἐλεημοσύνην
3021 1422 3135 1484 τοῖς
3166 1421 3486 1490 πενομένοις
3521 1422 3822 1492 χορηγεῖν.

536 1519 639 1572 Διὰ
667 1518 778 1590 γὰρ
807 1519 1032 1575 ἐκείνων
1062 1523 1143 1587 είς
1173 1521 1272 1595 τὴν
1303 1522 1462 1594 ἡμῶν
1503 1525 1750 1594 κεφαλὴν
1793 1524 1885 1577 τὸν
1915 1521 2154 1596 Χριστὸν
2191 1521 2283 1576 τὸν
2335 1519 2486 1573 ἐλεον
2551 1516 2938 1587 ἀναφέρομενο
2989 1514 3126 1569 ἀλλὰ
3171 1513 3346 1568 ταῦτα
3394 1514 3495 1585 μὲν
3540 1515 3644 1567 ἐπὶ⁸
3697 1531 3826 1567 τοσ-

535 1607 716 1664 οῦτον.

607 1697 737 1755 Scio
763 1709 944 1758 autem
973 1705 1238 1774 quosdam
1263 1707 1480 1778 dignam
1507 1707 1560 1761 in
1591 1707 1774 1762 multis
1807 1707 2120 1778 opinionem

2294 1699 2427 1756 Οἶδα
2458 1701 2515 1754 δέ
2539 1717 2694 1764 τινας
2734 1698 3011 1767 ἀξιόλογον
3041 1699 3099 1751 ἐν
3121 1697 3336 1761 πολλοῖς
3363 1696 3645 1768 ὑπόληψιν
3674 1714 3826 1768 παρ-

537 1800 870 1856 prtesentare
899 1808 1018 1862 quze
1050 1804 1318 1865 expurgat
1364 1811 1426 1851 ea
1463 1812 1585 1866 qua:
1630 1813 1695 1851 ex
1734 1810 1920 1853 nostra
1952 1815 2120 1869 gene-

536 1877 750 1933 ratione
780 1883 1030 1952 contagia
1080 1896 1386 1954 sequuntur
1427 1895 1484 1940 et
1526 1888 1764 1943 carnalis
1809 1890 2120 1959 cupiditatis

536 1970 728 2024 sordes
761 1988 775 2025 :
815 1974 962 2028 illam
998 1992 1124 2030 vero
1154 1979 1528 2048 puriticantem
1555 1992 1608 2036 et
1631 1984 1924 2040 salutarem
1959 1999 2121 2038 reno-

536 2059 812 2116 vationem
835 2079 930 2133 per
951 2069 1310 2136 prtecedentia
1339 2071 1505 2126 verba
1528 2087 1556 2125 a
1583 2073 1875 2130 Salomone
1903 2076 2120 2130 ostendi

534 2153 895 2219 contendunt,
941 2157 1150 2213 hortari
1182 2161 1327 2215 etiim
1368 2165 1752 2232 prtevidentem
1785 2166 1988 2224 Christi
2021 2170 2122 2224 ad.

533 2251 756 2298 ventum
790 2254 846 2300 et
874 2250 1137 2319 mysticas
1170 2267 1266 2321 per
1294 2268 1420 2308 eum
1449 2255 1829 2324 perfectiones,
1866 2267 1925 2313 ut
1955 2259 2120 2316 homo

534 2347 736 2403 purum
792 2336 944 2393 illum
1000 2349 1055 2396 et
1101 2342 1361 2400 nitentem
1395 2347 1624 2401 vestium
1673 2349 2017 2417 splendorem
2066 2361 2120 2406 et

533 2444 711 2500 usque
741 2432 808 2489 ad
849 2433 1090 2491 animam
1145 2444 1539 2510 pcrtingentem
1587 2444 1892 2500 albedinem
1943 2449 2121 2502 omui-

534 2521 638 2577 bus
668 2526 976 2593 anteferat;
1021 2529 1075 2584 iu
1105 2547 1214 2600 qua
1247 2541 1302 2587 et
1324 2545 1486 2603 caput
1521 2536 1643 2591 oleo
1679 2537 1963 2608 iuungitur
1996 2556 2120 2610 per-

535 2613 840 2673 fectissimo
885 2633 1166 2690 unguento
1198 2640 1293 2692 per
1327 2635 1579 2682 sanctum
1626 2628 1926 2698 Spiritum;
1968 2643 2022 2688 et
2054 2634 2121 2691 iis

536 2707 795 2764 sensibus
851 2713 1054 2780 quibus
1109 2723 1304 2781 praeest
1349 2728 1533 2786 caput,
1583 2736 1650 2774 ex
1708 2722 1828 2789 ipso
1875 2725 2120 2791 praebens

539 2801 950 2868 perceptionum
985 2803 1211 2860 flumen.
1247 2805 1312 2860 Et
1347 2807 1458 2863 fere
1495 2819 1704 2867 caeteras
1734 2829 1896 2869 voces
1926 2831 2119 2872 omnes

536 2892 842 2960 praepositae
871 2893 1096 2948 ιίιοοτὶεο
1125 2898 1424 2966 οιιιοψιτιιαι
1458 2910 1588 2954 sunt
1622 2911 1674 2958 et
1704 2905 1949 2960 omnium
1985 2908 2122 2961 alia-

536 2997 661 3034 rum
691 2984 1139 3053 explanationum
1175 2988 1465 3047 familiaris
1506 2995 1717 3050 reddita
1742 3007 1826 3052 est
1858 2999 2120 3070 interpre-

2223 1794 2522 1864 εχομένους
2547 1791 2645 1862 τὴν
2675 1791 3158 1859 ἀποκαθαίρουσαν
3201 1792 3233 1860 ἡ
3245 1789 3362 1857 μῶν
3389 1791 3516 1852 τοὺς
3549 1789 3671 1842 άπὸ
3721 1789 3827 1858 τῆς

2221 1886 2494 1956 γενέσεως
2541 1885 2856 1954 μολυσμοὺς
2891 1886 2986 1936 καὶ
3035 1884 3136 1953 τῆς
3184 1883 3372 1935 ἐνύλου
3425 1881 3824 1953 προσπαθείας

2221 1977 2313 2031 τὸν
2343 1976 2514 2048 ῥύπον
2534 1993 2549 2009 ο
2601 1974 2806 2044 ταύτην
2835 1973 2891 2026 δὲ
2919 1973 3017 2042 τὴν
3053 1972 3351 2043 καθάρσιον
3395 1975 3490 2026 καὶ
3533 1974 3823 2043 σωτήριον

2221 2068 2585 2136 άναγέννησιν
2617 2066 2706 2119 διὰ
2737 2064 2848 2118 τῶν
2878 2065 3257 2136 προκειμένων
3287 2065 3547 2136 ῥημάτων
3577 2065 3694 2118 ὑπὸ
3723 2064 3820 2119 τοῦ

2223 2158 2570 2229 Σολομῶντος
2616 2157 2939 2228 δηλοῦσθαι”
2996 2161 3281 2228 παραινεῖν
3329 2159 3438 2228 γὰρ
3481 2157 3822 2229 προορῶντα

2221 2251 2459 2324 Χριστοῦ
2492 2252 2592 2322 τὴν
2622 2251 2914 2321 ἐπιδημίαν
2957 2253 3052 2304 καὶ
3081 2251 3179 2314 τὰς
3212 2253 3485 2321 μυστικὰς
3535 2251 3608 2304 δι’
3641 2250 3817 2305 αὐτοῦ

2223 2343 2445 2406 τελετὰς
2495 2342 2586 2396 τὸν
2631 2341 2918 2412 ἄνθρωπον
2976 2341 3079 2411 τὴν
3130 2341 3378 2411 καθαρὰν
3436 2341 3650 2411 ταύτην
3721 2343 3819 2394 καὶ

2221 2434 2419 2505 διαυγῆ
2455 2434 2870 2506 λαμπροφορίαν
2901 2433 2994 2486 καὶ
3028 2433 3189 2504 μέχρι
3218 2433 3396 2502 ψυχῆς
3423 2434 3816 2504 ἐμϐαθύνομέ-

2222 2545 2320 2599 νην
2346 2528 2648 2596 λευκότητα
2673 2527 2782 2580 τῶν
2813 2526 2988 2580 ἄλλων
3015 2527 3270 2580 ἁπάντων
3297 2528 3692 2598 προαιρεῖσθαι
3716 2543 3729 2555 ·
3759 2528 3817 2578 ἐν

2221 2612 2256 2691 ᾖ
2300 2621 2394 2672 καὶ¹
2445 2620 2478 2688 ἡ
2530 2618 2850 2688 κεφαλὴτῷ
2886 2618 3050 2689 ἐλαίῳ
3084 2618 3435 2688 ἐπαλείφεται
3480 2619 3560 2690 τῷ
3595 2620 3816 2673 τετελεο

2223 2711 2406 2780 σμένῳ
2435 2709 2594 2780 μύρῳ
2621 2710 2708 2762 διὰ
2737 2710 2831 2763 τοῦ
2877 2709 3033 2778 ἁγίου
3091 2711 3405 2780 Πνεύματος
3429 2729 3442 2742 ο
3489 2715 3585 2764 καὶ
3622 2706 3700 2765 ὧν
3733 2713 3815 2764 αἱ·

2223 2803 2529 2874 σθήσεωνή
2564 2803 2771 2871 κεφαλὴ
2821 2803 3166 2873 καθηγεῖται,
3213 2803 3270 2868 ἐξ
3320 2803 3488 2872 αὐτῆς
3520 2803 3581 2856 τὸ
3633 2803 3815 2874 ῥεῦμα

2221 2898 2330 2950 τῶν
2359 2897 2698 2966 ἀντιλήψεων
2725 2895 3035 2966 χορηγοῦσα
3057 2912 3070 2926 ·
3104 2897 3196 2948 καὶ
3219 2895 3277 2948 τὸ
3303 2895 3400 2965 μὲν
3430 2895 3640 2966 μικροῦ
3672 2894 3737 2947 σύ
3748 2913 3814 2964 μ·-

2222 3007 2330 3043 παν
2360 2989 2466 3043 τῶν
2493 2989 2693 3055 λέξεων
2725 2989 2850 3058 περὶ
2882 2989 3019 3042 πόδα
3043 2983 3183 3040 εἶναι
3209 2991 3275 3060 τῇ
3311 2989 3656 3059 προκειμένῃ
3683 2989 3815 3041 θεω-

535 3073 694 3128 tatio.
750 3075 903 3131 Unde
949 3078 1155 3134 nemini
1193 3080 1420 3136 dubium
1458 3100 1579 3140 esse
1612 3087 1789 3150 debet.
1815 3091 1946 3160 quin
1986 3068 2121 3148 bene

2229 3083 2319 3153 ρίᾳ
2347 3082 2440 3135 καὶ
2465 3081 2575 3134 τῶν
2609 3080 2786 3135 ἄλλων
2813 3079 3001 3134 πασῶν
3027 3080 3381 3145 ἁναπτύξεων
3412 3081 3814 3146 ὲξοικειοῦσθαι

534 3171 869 3222 etaccurate
901 3170 1310 3224 eonsideratum
1345 3171 1438 3227 sit.
1484 3174 1618 3229 lllud
1652 3186 1874 3232 autem:
1911 3197 1930 3232 t
1959 3178 2121 3236 Omni

2224 3174 2322 3246 τὴν
2353 3173 2673 3245 ἑρμηνείαν,
2705 3173 2880 3227 οὐδενὶ
2906 3173 3206 3242 δισταγμὸν
3240 3172 3314 3244 μὴ
3342 3173 3462 3243 οὐχὶ
3491 3173 3678 3237 καλῶς
3720 3174 3813 3225 καὶ

535 3262 782 3324 tempore
829 3257 1131 3313 induantur
1167 3261 1491 3318 vestimenta
1537 3265 1682 3332 alba,
1731 3277 1785 3322 ct
1835 3286 2120 3342 nunquam

2224 3269 2306 3331 εἰς
2333 3267 2394 3320 τὸ
2428 3267 2824 3337 ἀκριϐέστατον
2851 3267 3225 3337 τεθεωρῆσθαι
3259 3270 3506 3336 παρέχει.
3558 3267 3633 3320 Τὸ
3663 3267 3723 3319 δὲ
3757 3267 3813 3318 ἐν

534 3344 756 3400 deficiat
804 3363 901 3417 per
936 3358 1278 3419 unguentum
1315 3355 1502 3408 unctio
1536 3355 1588 3408 in
1642 3358 1836 3426 capite,
1874 3367 1908 3426 ιζ
1934 3363 2121 3417 nescio

2226 3359 2389 3412 παντὶ
2419 3357 2598 3430 καιρῷ
2642 3357 3070 3428 περιϐεϐλῆσθαι
3119 3357 3228 3411 τῶν
3262 3359 3491 3427 ἱματίων
3517 3358 3588 3411 τὰ
3619 3357 3812 3422 λευκὰ,

534 3438 812 3508 quomodo
843 3440 1198 3510 adimpletum
1243 3460 1362 3500 esse
1408 3446 1692 3513 probetur,
1749 3465 1872 3502 cum
1929 3451 1981 3506 id
2013 3469 2122 3509 una

533 3529 653 3584 vice
704 3538 916 3597 tantum
962 3533 1306 3587 occasionem
1356 3535 1576 3591 habeat.
1609 3538 1712 3591 Sed
1751 3539 2118 3598 hortationem

533 3618 798 3675 adhibere
835 3622 1042 3675 nemini
1075 3624 1168 3692 qui
1200 3631 1330 3679 tunc
1361 3631 1626 3696 temporis
1657 3640 1752 3683 aut
1789 3631 2121 3701 intelligere,

534 3721 592 3766 et
631 3712 699 3765 ad
725 3727 866 3781 opus
909 3713 1090 3770 induci
1139 3718 1332 3784 possit,
1389 3720 1575 3774 nescio
1627 3724 1907 3790 quomodo
1960 3725 2125 3784 facile

536 3819 764 3864 sensum
812 3821 1015 3860 vanum
1065 3809 1305 3878 abjicere
1358 3811 1576 3866 valeat?
1631 3814 1838 3870 Forsan
1883 3829 2066 3876 autem
2107 3842 2119 3878 :

537 3894 698 3950 Omni
736 3905 982 3968 tempore
1010 3901 1132 3955 alba
1155 3903 1478 3959 vestimenta
1508 3903 1652 3962 ferre
1672 3907 2004 3981 intelligetur
2031 3916 2126 3984 qui

536 3995 661 4055 post
680 3987 974 4055 purificans
999 3991 1264 4060 baptisma
1283 3994 1549 4052 virtutum
1573 3999 1864 4069 splendore
1884 4007 2125 4074 seipsqu

537 4080 720 4146 vestit,
774 4090 829 4136 et
873 4085 1023 4138 omni
1073 4090 1235 4142 modo
1281 4088 1538 4157 prohibet
1586 4108 1655 4146 ne
1698 4097 1902 4161 peccati
1950 4099 2126 4171 caligo

537 4172 605 4225 ad
633 4187 690 4226 se
724 4173 969 4228 accedat.
1024 4174 1089 4230 Et
1139 4188 1483 4249 unguentum
1530 4182 1586 4237 iu
1623 4185 1804 4253 capite
1845 4203 1948 4243 suo
1982 4207 2123 4246 nuu-

535 4279 701 4333 quam
736 4265 972 4322 deficere
1002 4269 1162 4334 siuet,
1195 4271 1288 4341 qui
1336 4287 1554 4341 semper
1588 4290 1652 4330 ea
1694 4293 1818 4346 quae
1851 4291 1980 4334 sunt
2010 4283 2124 4352 spi-

2224 3451 2402 3505 καὶτὸ
2439 3452 2514 3522 μὴ
2544 3451 2888 3522 ὑστερεῖσθαι
2931 3451 3202 3521 μηδέποτε
3242 3452 3342 3520 τῆς
3387 3449 3476 3503 διὰ
3509 3449 3606 3503 τοῦ
3639 3450 3812 3521 μύρου

2224 3543 2459 3614 χρίσεως
2485 3543 2586 3613 τὴν
2616 3542 2880 3614 κεφαλὴν,
2913 3544 3013 3596 οὐκ
3037 3539 3152 3597 οἶδα
3180 3543 3298 3606 πῶς
3335 3542 3402 3596 ἂν
3437 3541 3641 3613 ῥᾳδίως
3674 3559 3814 3611 συμ-

2227 3635 2514 3706 ϐιϐασθείη
2545 3635 2692 3700 ἅπαξ
2736 3637 2928 3706 ἔχοντα
2981 3638 3172 3708 καιρὸν
3225 3634 3636 3689 ἐπιτελεῖσθαι’
3676 3634 3812 3688 ἀλλὰ

2227 3730 2319 3783 καὶ
2348 3729 2408 3781 τὸ
2436 3729 2756 3800 παραίνεσιν
2793 3730 3032 3798 εἰσάγειν
3083 3729 3275 3799 μηδενὶ
3308 3727 3613 3799 τηνικαῦτα
3677 3729 3813 3799 μήτε

2229 3819 2467 3873 συνιέναι
2494 3820 2795 3892 δυναμένῳ,
2829 3823 2966 3891 μήτε
3000 3821 3108 3892 μὴν
3138 3822 3218 3883 είς
3248 3820 3408 3891 ἔργον
3436 3819 3596 3888 ἄγειν
3623 3823 3814 3888 ἀνεχο-

2231 3911 2396 3981 μένῳ,
2426 3912 2525 3964 οὐκ
2557 3907 2676 3964 οἶδα
2711 3911 2826 3975 πῶς
2859 3912 2924 3965 ἂν
2967 3915 3031 3965 ἐκ
3069 3913 3161 3964 τοῦ
3212 3913 3410 3984 ῥᾴστου
3464 3911 3523 3964 τὸ
3582 3913 3813 3982 μάταιον

2227 4003 2711 4059 ἀποσκευάσασθαι
2761 4004 3180 4074 κατευοδωθείη.
3209 4005 3363 4074 Τάχα
3395 4004 3439 4057 δ’
3472 4003 3538 4057 ἂν
3565 4007 3630 4058 ὲν-
3654 4001 3813 4056 παντὶ

2228 4097 2406 4168 καιρῷ
2451 4099 2640 4168 φορεῖν
2687 4096 2857 4150 λευκὰ
2907 4096 3127 4167 νοηθείη
3177 4099 3206 4149 ό
3261 4095 3399 4167 μετὰ
3423 4096 3482 4149 τὸ
3517 4097 3812 4165 καθάρσιον

2230 4187 2516 4259 βάπτισμα
2547 4191 2612 4260 τῇ
2645 4188 2993 4259 λαμπρότητι
3043 4187 3152 4240 τῶν
3188 4188 3400 4259 ἀρετῶν
3445 4186 3812 4256 περιστέλλων

2228 4281 2441 4346 ἑαυτὸν,
2475 4282 2570 4335 καλ⁸
2613 4283 2702 4334 τὸν
2749 4282 2850 4352 τῆς
2880 4281 3156 4352 ἁμαρτίας
3191 4281 3354 4348 ζόφον
3387 4281 3669 4344 παντελῶς
3705 4281 3810 4334 ἀπ-

535 4355 675 4411 ιίιιιε
705 4356 968 4426 cogitabit
1007 4370 1060 4414 et
1093 4376 1150 4415 se
1185 4363 1372 4432 gratia:
1427 4363 1636 4420 imbuet
1673 4366 2016 4426 fluminibus.
2063 4371 2121 4427 Si

2229 4369 2467 4424 ελαύνων
2493 4369 2815 4441 πλησιάζειν
2845 4371 3042 4441 ἐαυτῷ,
3070 4373 3130 4425 Ὀ
3157 4371 3266 4442 γὰρ
3296 4370 3622 4434 τοιοῦτος’ἐν
3656 4369 3811 4423 παντὶ

534 4461 667 4501 vero
691 4457 744 4502 et
777 4450 1158 4518 propheticam
1199 4455 1430 4522 gratiam
1465 4454 1730 4512 Salomon
1765 4460 1980 4528 plenam
2020 4463 2120 4518 ha-

538 4540 742 4606 buerit,
779 4543 962 4595 divina
989 4549 1042 4596 et
1069 4544 1304 4599 humana
1337 4561 1685 4614 percurrens,
1725 4551 1951 4604 verbum
1982 4567 2123 4621 prae-

537 4633 676 4689 dixit
727 4633 886 4704 cujus
939 4633 1139 4691 futuris
1187 4639 1528 4708 temporibus
1582 4656 1723 4710 opus
1762 4641 1996 4698 debebat
2024 4660 2123 4700 ex-

539 4744 786 4798 surgere.

2227 4463 2406 4535 καιρῷ
2434 4463 2814 4535 λαμπροφορεῖ
2832 4480 2846 4494 ο
2892 4467 2988 4518 καὶ
3025 4464 3086 4518 τὸ
3123 4465 3294 4536 μῦρον
3320 4464 3375 4516 δέ
3402 4467 3431 4517 ό
3457 4463 3700 4528 τοιοῦτος
3725 4461 3811 4514 ἐπὶ

2223 4557 2324 4627 τῆς
2359 4557 2598 4627 κεφαλῆς
2635 4558 2725 4628 εἴη
2755 4557 2824 4612 ἂν
2857 4556 2933 4628 μὴ
2965 4557 3363 4628 ὑστερούμενος
3390 4597 3405 4623 ,
3455 4557 3546 4610 ἀεὶ
3603 4554 3808 4629 φρονῶν

2225 4648 2296 4702 τὰ
2317 4647 2410 4701 τοῦ
2444 4649 2756 4720 πνεύματος
2780 4649 2873 4702 καὶ
2906 4649 3008 4720 τῆς
3040 4649 3258 4703 ἐκεῖθεν
3286 4650 3510 4720 χάριτος
3543 4646 3808 4719 καταρδόο

2230 4757 2391 4810 μενος
2424 4743 2538 4805 τοῖς
2569 4741 2827 4814 ῥείθροις.
2859 4743 2922 4796 Et
2945 4743 3003 4796 δέ
3031 4742 3208 4796 καὶτὸ
3237 4742 3577 4813 προφητικὸν
3601 4743 3629 4793 ὁ
3657 4738 3804 4792 Σολο-

541 4814 794 4891 μὼνεϊχε
827 4821 1078 4894 χάρισμα
1115 4822 1630 4895 συμπληρούμενον,
1661 4826 1730 4882 τά
1797 4828 1916 4882 θεῖα
1959 4829 2055 4882 καὶ
2117 4829 2185 4885 τὰ
2222 4829 2542 4903 ἀνθρώπινα
2587 4831 2824 4899 διεξιὼν,
2869 4833 2960 4886 τὸν
2987 4833 3143 4902 λόγον
3174 4836 3436 4904 προεῖπεν
3486 4827 3548 4886 οὗ
3603 4831 3806 4905 χρόνοις

540 4911 766 4983 ὕστερον
794 4912 988 4984 ἔμελλε
1017 4915 1078 4968 τὸ
1108 4915 1270 4988 ἔργον
1304 4917 1601 4972 ὲκῦαίνειν.

877 5030 1209 5098 ρυΑεδΤιο
1240 5033 1401 5089 XLV.
1439 5034 1538 5106 [αι.
1571 5034 1786 5108 XLIV.]

539 5118 689 5176 Illud
714 5139 733 5177 :
781 5142 800 5174 ι
828 5124 974 5198 ﬂuat
1012 5135 1091 5198 est
1133 5138 1304 5180 mater
1342 5144 1457 5181 mea
1499 5137 1548 5181 et
1591 5129 1680 5198 qui
1705 5129 1900 5198 fratres
1930 5131 2050 5192 mei.
2099 5149 2118 5182 ι

609 5195 870 5266 quomodo
892 5197 1287 5266 intelligendum
1307 5209 1384 5252 est
1405 5200 1430 5251 ?
1461 5195 1615 5253 multi
1635 5195 1774 5253 enim
1797 5201 1852 5253 id
1879 5202 1933 5255 in
1962 5217 2123 5256 scan-

614 5264 728 5318 dali
755 5264 1086 5321 occasionem
1119 5278 1432 5336 posuerunt.

2770 5035 3106 5088 ΕΡΩΤΗΣΙΣ
3141 5036 3282 5091 ME'.

2237 5129 2333 5196 Τὸ,
2364 5148 2381 5179 ι
2427 5129 2523 5195 Τίς
2559 5129 2730 5182 ἐστιν
2759 5129 2798 5198 ᾑ
2838 5129 3036 5198 μήτηρ
3060 5144 3180 5196 μου
3210 5124 3313 5180 καὶ
3351 5126 3514 5190 τίνες
3553 5127 3612 5198 οὶ
3641 5121 3802 5198 Mel:

2302 5188 2406 5268 530i
2452 5188 2594 5268 μου,
2635 5218 2653 5249 ι
2704 5188 2855 5262 πῶς’
2878 5188 3132 5265 ποιητέον
3154 5215 3173 5262 ;
3226 5198 3451 5251 πολλοὶ
3489 5188 3611 5266 -τὰρ
3668 5188 3803 5248 αὐτὸ

2303 5272 2766 5339 προσκόμματος
2791 5268 3000 5324 ἔθεντο
3031 5270 3336 5338 πρόφασιν
3365 5268 3466 5340 (1).

1287 5380 1432 5431 Edita
1465 5397 1490 5430 a
1514 5381 1660 5442 Maio,
1683 5382 1715 5430 l.
1758 5394 1821 5442 c.,
1845 5395 1893 5444 p.
1922 5381 2085 5431 30—55.
2109 5381 2405 5446 Explanath
2426 5381 2694 5432 verborum
2719 5383 2868 5432 Marc.
2893 5395 2967 5444 ιιι,
2989 5383 3070 5434 55.

612 5484 760 5542 Nihil
787 5486 1012 5554 mirum,
1031 5489 1074 5544 si
1104 5489 1151 5544 is
1175 5489 1268 5560 qui
1287 5501 1468 5546 mente
1495 5490 1747 5546 infirmus
1771 5501 1854 5547 est
1875 5491 2118 5548 offendat

2299 5492 2465 5546 Οὐδὲν
2516 5494 2829 5564 θαυμαστὸν
2872 5493 2940 5547 ἂν
2988 5495 3018 5547 ό
3063 5493 3162 5566 τὴν
3215 5495 3441 5565 γνώμην
3486 5499 3797 5571 ἀστήρικτος

2092 5649 2326 5707 NOTAE.

621 5761 696 5834 (l)
733 5760 1618 5839 Qumstioucurhauc_edisscrit,_
1685 5765 1956 5839 setl__aliis
2014 5768 2338 5838 plerumque
2378 5771 2579 5838 verbis,
2651 5769 2881 5828 Photius
2941 5770 3107 5826 ctiam
3169 5769 3220 5824 iu
3257 5768 3484 5839 epistula
3535 5766 3653 5820 132.
3709 5759 3786 5816 8‘1-

549 5831 847 5888 Mo'ntacut.
881 5846 1045 5900 quam
1077 5831 1215 5897 vide,
1252 5833 1390 5887 infra
1425 5835 1659 5904 qttzcstio
1688 5834 1841 5890 CCV.
