4144 6448
343 381 443 454 341

1195 392 1298 451 ΑΙ)
1331 393 1936 457 AMPHILOCHIUM
1971 394 2325 458 OUZESTIO
2350 400 2521 461 XLV.

3513 407 3616 470 342

344 496 671 568 προσκόπτῃ
700 495 787 565 ἐφ’
816 491 897 561 οἷς
919 499 953 569 ἡ
984 498 1231 571 σωτηρία
1264 502 1480 568 πολλοῖς
1508 505 1808 575 διαλάμπει
1832 504 1927 559 xui

2033 503 2102 560 iis
2140 507 2343 576 quibus
2388 508 2541 564 salus
2594 516 2649 564 et
2701 510 2908 567 utilitas
2956 512 3146 568 multis
3197 514 3484 583 splendet;
3521 520 3615 572 sed

344 589 619 660 ὠφέλειαο
674 588 793 644 ἀλλ’
826 591 1004 643 ἐκεῖνο
1038 590 1353 663 θαυμαστὸν
1400 596 1449 648 εί
1480 596 1727 661 καὶτοὺς
1768 598 1929 651 ἐκου-

344 685 481 747 σζως
510 680 945 753 τυφλώττοντας,
979 682 1039 736 τὸ
1069 684 1308 755 φορητὸν
1341 686 1458 754 φῶς
1489 687 1741 758 ἀνέχεται
1772 705 1931 759 περι-

345 772 615 843 αυγάξειν
644 775 744 847 τὴν
772 774 974 842 γνῶσιν
997 775 1096 829 xui
1125 780 1505 847 χειραγωγεῖν,
1534 779 1634 833 οὐκ
1659 779 1933 847 ἐξουθενεῖ

346 867 594 940 καθορᾷν
620 868 716 939 τὴν
738 866 1018 939 ἀλήθειαν.
1063 868 1218 923 Ἐπεὶ
1246 871 1342 924 xui
1385 873 1414 924 ό
1460 870 1663 940 Κύριος
1697 872 1789 925 xui
1814 872 1930 925 Σω-

346 961 455 1032 τὴρ
482 962 643 1033 ἡμῶν
675 964 786 1025 τοῖς
819 962 1222 1033 ἀπολλυμένοις
1249 965 1585 1037 πρόσκομμα
1609 967 1804 1035 γέγονε
1834 966 1930 1019 xui

348 1052 527 1123 πέτρα
561 1052 856 1106 σκανδάλου
907 1055 1003 1107 xui
1046 1053 1195 1118 λίθος
1224 1055 1795 1127 ἀποδεδοκιμασμένος
1850 1058 1931 1120 είς

346 1143 593 1215 κεφαλὴν
642 1146 848 1213 γωνίας
880 1146 1347 1216 ὑποϐεϐλημένος,
1399 1148 1501 1201 οὐκ
1544 1149 1708 1211 αὐτὸς
1754 1147 1931 1203 ταῦτα

343 1236 610 1304 γεγονὼς,
640 1237 778 1291 ἀλλά
816 1241 928 1302 τοῖς
957 1237 1395 1308 πεπλανημένοις
1423 1238 1580 1304 δόξας
1623 1238 1926 1308 γεγονέναι.

342 1326 641 1381 Κάνταῦθα
667 1328 846 1382 τοίνυν
874 1329 974 1383 οὐκ
1006 1328 1520 1399 άποσκευαζόμενος
1557 1328 1657 1399 τὴν
1691 1329 1925 1399 μητέρα,

342 1418 423 1482 ὡς
464 1418 528 1472 τὸ
572 1419 733 1473 ἄθεον
765 1420 1022 1491 φρόνημα
1065 1419 1315 1489 βούλεται
1346 1418 1455 1473 τῶν
1502 1419 1927 1485 δυσσεϐούντων,

341 1511 428 1565 τόο
481 1530 500 1563 ι
531 1512 631 1575 Τίς
672 1513 840 1576 ἐστιν,
874 1508 1051 1578 εἶπεν,
1082 1514 1115 1584 ἡ
1149 1513 1334 1583 μητήρ
1374 1530 1499 1584 μου,
1540 1532 1558 1565 ι
1594 1513 1655 1566 οὐ
1687 1513 1743 1566 δὲ
1778 1511 1931 1583 παρὰ

342 1601 550 1673 φαῦλον
593 1603 694 1674 τὴν
742 1601 1009 1656 τεκοῦσαν
1060 1603 1363 1673 τιθέμενος,
1409 1604 1616 1673 ταύτην
1663 1604 1692 1656 ὁ
1737 1603 1928 1674 Σωτὴρ

339 1692 526 1764 ἀφῆκε
552 1692 652 1762 τὴν
679 1694 888 1763 φωνήν.
917 1693 1042 1757 Πῶς
1072 1694 1181 1765 γὰρ
1205 1695 1265 1757 ὃς
1290 1712 1355 1761 γε
1386 1696 1528 1749 κατά
1550 1696 1610 1748 τὸ
1639 1696 1928 1749 ἀτελέστε-

340 1804 440 1857 ρον
468 1788 569 1857 τῆς
599 1786 816 1856 ἡλικίας
847 1787 997 1856 νόμῳ
1024 1788 1240 1856 φύσεως
1274 1787 1352 1840 ἔτι
1377 1788 1784 1858 γινωσκόμενος
1824 1788 1928 1841 ὑπ-

338 1879 604 1933 ετάσσετό
650 1896 709 1932 τε.
738 1882 804 1950 τῇ
833 1881 1019 1951 Μητρὶ
1052 1880 1146 1934 xui
1188 1880 1258 1933 τά
1304 1880 1581 1950 προνόμια
1637 1878 1920 1950 πανταχοῦ

335 1974 410 2043 τῇ
440 1971 675 2044 τεκούσῃ
706 1972 1030 2035 συνδιέσωζε
1049 2012 1064 2035 ,
1098 1972 1215 2035 πῶς
1243 1966 1397 2035 οὗτος
1432 1972 1568 2043 πρὸς
1598 1972 1699 2042 τὴν
1723 1973 1928 2025 τελειό-

334 2081 481 2135 τητα
513 2064 613 2132 τῆς
639 2062 856 2133 ἡλικίας
897 2063 1112 2132 φθάσας
1140 2064 1494 2134 ἀτελέστερον
1540 2065 1634 2117 xui
1672 2065 1928 2135 ἀγνωμο-

336 2156 599 2228 νέστερον
626 2154 762 2226 πρὸς
785 2155 885 2224 τὴν
912 2156 1143 2226 Μητέρα
1167 2154 1232 2208 ἂν
1261 2154 1557 2221 διετίθετο;
1588 2153 1800 2209 Οὔκουν
1825 2157 1926 2209 οὐκ

337 2247 856 2316 ἀποσκευαςομένου
906 2247 1006 2317 τὴν
1048 2247 1277 2316 Μητέρα
1307 2245 1376 2299 τὰ
1422 2247 1666 2317 ῥήματα,
1715 2246 1923 2315 ἄπαγε,

336 2337 457 2393 ἀλλ’
500 2339 691 2410 ἑτέραν
741 2338 863 2392 τι.νά
902 2338 1142 2391 διάνοιαν
1194 2339 1624 2409 ἐρμηνεὺοντοςο
1663 2338 1767 2391 ποῦ
1812 2340 1922 2410 γὰρ

335 2429 660 2493 ἀκόλουθον,
696 2429 801 2485 ποῦ
827 2430 873 2483 δ’
902 2429 1283 2496 ἀστασίαστον,
1318 2431 1376 2496 ἐξ
1401 2425 1468 2500 ἧς
1494 2430 1582 2483 διὰ
1612 2430 1923 2502 φιλανθρω-

335 2523 473 2577 πίαν
506 2524 708 2594 ἠξίωσε
742 2525 908 2595 σαρκὶ
944 2523 1229 2594 προελθεῖν
1261 2524 1355 2577 xui
1385 2524 1493 2576 τῶν
1530 2524 1814 2594 ἀχράντων
1848 2525 1927 2579 αἱ-

342 2614 532 2682 μάτων
560 2615 589 2667 ό
620 2615 919 2686 εὐδοκήσας
946 2616 1126 2686 ἐαυτῷ
1158 2615 1417 2687 βροτείαν
1446 2617 1663 2686 μορφὴν
1701 2618 1925 2688 συμπή-

336 2706 533 2771 ξασθαί
567 2724 629 2760 τε
662 2710 755 2761 xui
783 2708 1166 2779 περιέψεσθαι,
1216 2708 1426 2779 ταύτην
1461 2708 1775 2775 ἀπαξιῶσαι
1805 2708 1924 2780 Μη-

333 2801 476 2871 τέρα
516 2801 902 2870 συνομολογεῖν
932 2802 1027 2854 xui
1068 2801 1169 2870 τῆς
1212 2802 1270 2854 ἐν
1327 2801 1569 2872 ῥήμασιν
1603 2803 1925 2873 ἀποστερεῖν

333 2893 673 2963 οίκειότητος
692 2908 705 2920 °
734 2892 1085 2963 προῦποστὰς
1108 2894 1201 2947 xui
1225 2893 1662 2962 προκαταλαϐὼν
1678 2894 1771 2947 xui
1792 2911 1927 2964 προ-

334 2986 731 3057 δωρησάμενος
767 2987 866 3056 τὴν
896 2988 955 3039 ἐν
998 2986 1076 3057 τῷ
1105 2986 1393 3056 πράγματι
1442 2987 1631 3056 σχέσιν
1663 2986 1758 3039 xui
1789 2984 1925 3058 ἀλή-

338 3080 520 3135 θειαν.
553 3081 663 3133 Kui
687 3082 737 3131 εί
762 3079 1011 3149 ἔμελλεν,
1037 3078 1082 3131 ῶ
1104 3078 1204 3148 τῆς
1228 3079 1640 3147 γλωσσαλγίαςί
1674 3080 1924 3150 ἀπαρνή-

2034 596 2343 652 mirandum
2377 599 2522 669 quod
2556 601 2867 657 voluntarie
2905 618 3177 660 caecorum
3206 607 3474 675 adjuvans
3528 609 3615 664 lu-

2034 701 2157 740 men
2197 687 2533 743 intellectum
2569 689 2886 745 illuminare
2917 694 3188 749 sustineat
3230 705 3285 749 et
3317 711 3483 750 manu
3513 700 3616 750 du-

2032 794 2190 846 cere;
2233 795 2333 836 nec
2370 781 2484 850 jam
2510 797 2606 836 eos
2634 781 2889 853 indignos
2924 781 3133 851 iudicet
3184 787 3277 855 qui
3326 788 3613 842 veritatem

2031 872 2277 927 videant.
2302 872 2500 929 Noster
2533 876 2677 929 enim
2714 875 2980 930 Dominus
3010 885 3065 931 et
3101 877 3351 933 Salvator
3382 896 3616 950 pereun-

2034 964 2179 1021 tibus
2210 965 2557 1022 obstaculum
2591 967 2819 1023 eﬂ‘ectus
2860 978 2944 1024 est
2985 979 3038 1024 et
3082 982 3235 1039 petra
3276 972 3519 1026 scandali
3559 982 3616 1028 et

2033 1057 2172 1127 lapis
2200 1057 2520 1128 reprobatus
2544 1060 2601 1112 in
2630 1068 2792 1128 caput
2820 1060 3005 1129 anguli
3043 1058 3345 1128 subjectus.
3373 1062 3496 1117 Non
3524 1063 3615 1117 ille

2031 1164 2167 1205 sane
2194 1150 2246 1204 id
2276 1148 2505 1205 ell‘ectus
2541 1159 2645 1216 est,
2680 1151 2775 1206 sed
2807 1151 3124 1206 errantibus
3163 1152 3314 1206 visus
3346 1161 3431 1207 est
3454 1152 3613 1208 cﬂici.

2032 1240 2100 1295 Et
2128 1242 2182 1295 in
2214 1242 2319 1297 hoc
2355 1243 2475 1297 loco
2506 1253 2653 1297 certe
2681 1258 2790 1297 non
2841 1242 3097 1312 rejiciens
3128 1252 3381 1309 matrem,
3413 1254 3472 1299 ut
3500 1246 3619 1300 vult

2032 1332 2355 1403 blasphema
2409 1333 2706 1404 impiorum
2765 1333 3063 1403 cogitatio,
3109 1349 3289 1405 neque
3343 1350 3464 1390 eam
3519 1336 3615 1407 qui

2032 1422 2213 1493 ipsum
2261 1423 2451 1495 genuit
2496 1434 2885 1487 contemnens,
2940 1426 3082 1481 hanc
3123 1442 3309 1481 vocem
3361 1427 3617 1483 Salvator

2030 1516 2213 1570 emisit
2242 1534 2254 1569 :
2293 1535 2312 1567 ι
2341 1517 2472 1581 Qua:
2491 1528 2595 1580 est,
2630 1517 2829 1587 inquit,
2854 1526 3027 1571 mater
3055 1520 3215 1572 mea?
3264 1537 3282 1569 ι
3328 1518 3615 1585 Quomodo

2030 1609 2175 1664 enim
2204 1608 2299 1678 qui
2324 1623 2422 1678 pro
2443 1612 2618 1663 aetatis
2639 1608 3053 1679 imperfectione
3076 1622 3283 1666 natura:
3304 1613 3419 1681 lege
3437 1611 3616 1666 adhuc

2031 1700 2280 1770 cognitus
2303 1701 2462 1754 matri
2513 1701 2767 1756 subditus
2819 1710 2960 1766 erat,
3010 1713 3065 1758 et
3085 1704 3290 1773 primas
3322 1715 3503 1773 partes
3539 1704 3613 1756 illi

2030 1790 2126 1860 qui
2178 1791 2355 1859 ipsum
2407 1798 2712 1859 pepererat,
2765 1793 3042 1855 servabat,
3104 1794 3383 1863 quomodo
3443 1793 3611 1857 idem,

2033 1894 2322 1955 postquam
2359 1883 2425 1936 ad
2455 1882 2632 1937 aetatis
2688 1882 3081 1953 perfectionem
3119 1885 3367 1954 pervenit
3411 1885 3615 1954 imper-

2032 1977 2229 2032 fectius
2282 1987 2337 2030 et
2388 1975 2659 2045 ingratius
2700 1992 2831 2046 erga
2888 1985 3120 2031 matrem
3170 1976 3443 2031 sentiret?
3493 1974 3614 2029 Non

2031 2068 2200 2138 igitur
2234 2076 2464 2121 matrem
2524 2066 2821 2136 rejicientis
2862 2069 3027 2121 verba
3065 2075 3213 2130 sunt,
3258 2067 3352 2121 sed
3386 2067 3610 2121 alteram

2032 2160 2274 2228 aliquam
2322 2158 2709 2228 cegitationem
2758 2159 3028 2213 docentis.
3089 2159 3378 2222 Quomodo
3421 2174 3616 2213 conse-

2030 2267 2206 2321 quens
2237 2259 2320 2305 est
2348 2260 2402 2305 et
2435 2266 2543 2306 non
2583 2250 2905 2313 absurdum,
2927 2265 3047 2304 eam
3096 2265 3160 2304 ex
3191 2266 3299 2319 qua
3332 2265 3428 2319 per
3455 2248 3613 2304 beni-

2032 2343 2297 2413 gnitatem
2350 2356 2516 2396 carne
2568 2343 2803 2396 amictus
2860 2342 3080 2411 prodire
3127 2343 3385 2411 dignatus
3432 2350 3517 2396 est
3559 2350 3615 2394 et

2033 2436 2252 2491 sincero
2308 2435 2574 2505 sanguine
2620 2435 2725 2488 sibi
2773 2435 3059 2488 mortalem
3111 2433 3345 2488 formam
3390 2433 3614 2489 confor-

2032 2541 2186 2581 mare
2222 2534 2277 2579 et
2310 2525 2463 2579 obire
2502 2524 2694 2589 voluit,
2738 2539 2882 2588 eam,
2923 2523 3172 2593 inquam,
3216 2524 3456 2577 abnuere
3494 2538 3614 2575 ma-

2031 2627 2168 2674 trem
2237 2615 2488 2671 contiteri
2560 2624 2614 2669 et
2681 2615 2860 2669 verbis
2933 2629 3054 2668 eam
3139 2612 3615 2680 consanguinitate

2033 2709 2291 2782 privare?
2337 2716 2627 2778 postquam
2653 2717 2779 2761 ante
2804 2708 2856 2759 in
2892 2721 2950 2760 re
2978 2706 3223 2760 habitum
3255 2714 3309 2759 et
3332 2706 3613 2758 veritatem

2031 2801 2275 2871 suscepit
2320 2809 2374 2854 et
2418 2800 2641 2853 admisit
2685 2808 2739 2853 et
2792 2798 3023 2867 largitus
3058 2798 3180 2852 est?
3212 2798 3280 2851 Et
3320 2797 3366 2853 si
3402 2797 3613 2861 debuit,

2034 2895 2193 2966 (proh
2219 2890 2694 2963 blasphemiam!)
2729 2892 2876 2944 illam
2908 2891 3198 2960 denegare,
3231 2888 3362 2959 quid
3396 2904 3515 2943 eam
3548 2890 3617 2941 ab

2032 2988 2192 3042 initio
2241 2985 2692 3056 approbaveral?
2737 2984 2879 3049 Quid
2927 2994 2983 3038 et
3037 2985 3283 3037 habitum
3336 2983 3615 3045 induebat,

2032 3081 2189 3149 cujus
2227 3077 2458 3133 formam
2508 3077 2866 3147 opprobrium
2912 3077 3207 3131 credebat?
3264 3074 3473 3131 Etenim
3520 3090 3614 3127 us—

341 3172 548 3225 σασθαι
575 3172 801 3243 ταύτην,
836 3173 889 3226 τί
936 3173 1031 3225 xui
1062 3171 1165 3242 τὴν
1188 3172 1363 3244 ἀρχὴν
1406 3171 1543 3233 ὅλως
1572 3172 1923 3242 προσήκατο;

2033 3189 2139 3243 que
2189 3174 2255 3227 ad
2312 3173 2364 3227 id
2417 3180 2575 3242 urget
2628 3171 2827 3241 lingua:
2884 3170 3131 3224 audacia.
3182 3169 3375 3223 Sedet
3423 3184 3614 3222 eorum

340 3265 401 3317 τί
428 3265 524 3317 xui
545 3265 733 3335 σχῆμα
764 3264 1010 3335 περιέδυ,
1038 3259 1100 3318 οὗ
1124 3264 1220 3335 τὴν
1251 3264 1466 3335 μορφὴν
1493 3264 1651 3334 ὓϐριν
1678 3264 1920 3335 ἐνόμιζες

345 3355 577 3426 καὶγὰρ
609 3359 704 3411 xui
748 3358 914 3428 μέχρι
955 3357 1145 3410 τούτου
1189 3357 1287 3426 τῆς
1337 3356 1593 3426 γλώσσης
1641 3357 1810 3428 ἤλασε
1857 3356 1928 3410 τὰ

341 3449 704 3520 τολμήματαο
737 3449 853 3503 ἀλλ’
899 3452 933 3520 ή
972 3450 1071 3520 μὲν
1115 3449 1341 3502 ἐκείνων
1371 3448 1624 3513 ἀπόνοια,
1654 3448 1831 3522 ταύτῃ
1866 3467 1927 3504 τε

340 3544 443 3597 xui
470 3543 529 3608 ἐξ
558 3544 734 3597 ἄλλων
757 3542 1018 3596 πλειόνων
1044 3542 1137 3595 τὸν
1162 3540 1380 3610 ἔλεγχον
1407 3540 1645 3594 δίδωσιν.

419 3638 580 3699 Ἴσως
618 3636 663 3688 δ’
697 3635 762 3690 ἄν
791 3652 875 3699 τις
924 3636 985 3687 οὺ
1028 3633 1215 3705 πόρρω
1246 3633 1356 3686 τῶν
1383 3632 1759 3701 εὐαγγελικῶν
1791 3649 1931 3701 γνω-

341 3728 631 3801 ρισμάτων
683 3726 1143 3797 διαπλαττόμενος
1202 3726 1369 3793 φάναι
1432 3724 1526 3778 τὸν
1586 3725 1815 3795 Σωτῆρα
1868 3723 1930 3777 τὸ

340 3819 502 3890 ῥῆμα
545 3820 679 3888 ἐρεῖ,
709 3818 807 3888 οὐχ
854 3816 1295 3885 ὑποτεμνόμενον
1340 3816 1440 3885 μέν
1487 3818 1553 3885 τῇ
1606 3815 1793 3885 Μητρὶ
1830 3813 1930 3884 τὴν

338 3913 531 3982 τιμὴν,
563 3910 684 3963 οὐδὲ
718 3908 899 3978 πολλῷ
937 3907 1138 3978 μᾶλλον
1168 3906 1587 3977 ἁπαρνούμενον
1618 3907 1718 3977 τὴν
1752 3905 1930 3977 ἐμφυ-

337 4020 437 4057 τον
468 4001 652 4073 σχέσιν
682 4001 778 4055 xui
810 3999 1065 4070 στοργὴν,
1098 3997 1218 4050 οὺδέ
1234 3996 1431 4049 πολλοῦ
1460 3996 1539 4048 δεῖ
1567 3996 1806 4066 γέμοντα
1834 3996 1932 4049 xui

339 4097 631 4165 πρέποντα
658 4096 725 4164 τῇ
753 4092 1136 4163 γεννησαμένη
1169 4090 1331 4159 γέρα,
1368 4090 1517 4158 ὅμως
1540 4088 1639 4157 τῆς
1665 4089 1794 4160 περὶ
1826 4089 1928 4141 αὑ-

338 4189 447 4258 τὴν
476 4186 773 4257 θεραπείας
822 4184 919 4256 τὴν
962 4184 1073 4236 τῶν
1121 4182 1425 4250 ἀνθρώπων
1452 4182 1726 4251 προτιμᾷν
1757 4197 1934 4251 σωτη-

348 4279 498 4351 ρίαν,
527 4279 624 4332 xui
656 4278 754 4349 τὴν
788 4279 869 4339 εἰς
895 4275 1052 4329 τοῦτο
1083 4275 1143 4327 τὸ
1166 4273 1324 4336 τέλος
1354 4273 1631 4343 φέρουσαν
1675 4272 1933 4326 διδασκα-

341 4373 491 4438 λίαν,
519 4373 586 4426 δι’
614 4370 709 4435 οὓς
741 4371 833 4424 xui
861 4371 1063 4441 Μήτηρ
1094 4369 1187 4422 xui
1207 4368 1365 4429 τόκος
1395 4366 1493 4420 xui
1512 4364 1620 4418 τῶν
1655 4364 1930 4436 πατρῴων

344 4464 572 4518 κόλπων
605 4463 878 4525 άκένωτος
913 4461 1143 4523 κένωσις
1190 4460 1284 4513 xui
1331 4460 1391 4512 ἐν
1440 4456 1751 4528 ἀνθρώποις
1798 4460 1931 4512 ἀνα-

2032 3267 2232 3337 linguaa
2281 3264 2513 3319 audacia
2560 3272 2616 3317 et
2658 3263 2784 3318 inde
2813 3271 2865 3317 et
2898 3278 2965 3317 ex
3012 3262 3199 3317 multis
3241 3261 3364 3317 aliis
3393 3263 3477 3315 sui
3524 3276 3614 3313 ar-

2030 3366 2353 3428 gumentum
2394 3353 2619 3423 praebet.

2102 3624 2356 3680 Forsitan
2386 3630 2441 3677 et
2484 3619 2687 3689 aliquis
2722 3633 2831 3672 non
2871 3617 3033 3687 longe
3069 3616 3139 3670 ab
3174 3614 3503 3685 evangelieis
3536 3614 3619 3668 in.

2032 3719 2189 3775 (liciis
2245 3717 2479 3787 opinans
2557 3716 2660 3767 hoc
2710 3712 2937 3766 verbum
2986 3710 3237 3764 emisisse
3281 3708 3615 3762 Salvatorem

2031 3812 2199 3873 dicet,
2256 3825 2364 3862 non
2420 3807 2609 3861 matris
2656 3805 2920 3858 honorem
2968 3801 3308 3857 auferentem
3362 3816 3542 3870 neque
3589 3814 3620 3853 a

2032 3901 2247 3955 fortiori
2286 3900 2589 3970 ingenitum
2624 3896 2872 3950 habitum
2892 3905 2943 3949 et
2967 3909 3209 3948 amorem
3233 3894 3619 3963 abnegantem,

2033 4009 2213 4063 neque
2245 3994 2474 4045 multum
2531 4005 2664 4044 sane
2705 3989 2888 4049 abest,
2926 3990 3086 4057 plena
3136 3998 3191 4041 et
3239 3987 3618 4041 convenientia

2033 4086 2195 4141 matri
2232 4084 2481 4155 praemia,
2514 4093 2692 4136 tamen
2720 4083 2865 4136 illius
2895 4096 3043 4135 curae
3068 4081 3297 4135 salutem
3332 4080 3619 4133 hominum

2032 4186 2455 4249 anteponentem
2491 4185 2544 4230 et
2584 4175 2651 4228 ad
2681 4190 2807 4228 eum
2864 4175 3026 4228 linem
3074 4175 3361 4227 ducentem
3414 4173 3618 4227 doctri-

2035 4279 2449 4340 nam;pr0pter
2478 4282 2618 4337 quos
2661 4274 2715 4320 et
2761 4274 2939 4319 mater
2990 4272 3043 4319 et
3080 4275 3271 4334 partus
3308 4273 3364 4319 et
3408 4266 3621 4334 paterni

2036 4364 2193 4416 sinus
2236 4375 2346 4413 non
2396 4363 2661 4413 evacuala
2709 4355 3022 4419 evacuatio,
3082 4365 3135 4409 et
3190 4356 3247 4409 itt
3302 4356 3622 4411 hominibus

2036 4452 2401 4508 commoratio
2430 4460 2484 4505 et
2522 4450 2646 4503 vitae
2685 4449 2997 4503 institutum
3034 4460 3088 4502 et
3121 4464 3255 4502 crux
3292 4450 3619 4513 voluntaria,

347 4555 563 4627 στροφὴ
598 4555 691 4610 καὶ
716 4553 964 4608 πολιτεία
992 4553 1086 4606 xui
1126 4550 1357 4620 σταυρὸς
1388 4550 1638 4613 ἑκούσιος
1671 4551 1767 4603 xui
1790 4567 1930 4604 xux-

2035 4557 2090 4603 et
2115 4546 2362 4601 maleﬁca
2386 4559 2571 4610 mors;
2600 4543 2797 4599 deinde
2824 4552 2880 4596 et
2908 4544 3187 4613 sepultura
3216 4554 3271 4598 et
3293 4547 3623 4599 resurrectio

344 4645 566 4716 ούργων
615 4644 879 4709 θάνατος,
928 4639 1047 4696 εἶτα
1093 4644 1189 4696 xui
1246 4640 1395 4711 ταφὴ
1461 4642 1558 4695 xui.
1606 4642 1932 4707 ἀνάστασις,

346 4736 652 4806 ἐπισχύσαι
685 4736 728 4789 δ’
752 4737 818 4790 ἂν
849 4734 1136 4807 πειραθείη
1169 4733 1268 4805 τὴν
1295 4734 1564 4799 ἐπίνοιαν,
1588 4734 1685 4787 xui
1714 4736 1797 4789 ὅτι
1829 4751 1935 4805 περ

347 4825 463 4881 οὐδ’
494 4822 564 4899 ἦν
607 4826 782 4889 ἄλλως
838 4827 1099 4897 πράττειν
1147 4826 1240 4880 τὸν
1290 4827 1521 4897 Ἰησοῦν,
1565 4829 1613 4881 εί
1661 4828 1739 4899 μὴ
1790 4830 1936 4883 κατὰ

347 4917 560 4989 ταύτην
587 4918 687 4987 τὴν
710 4918 1035 4972 ἀκολουθίαν
1062 4918 1155 4972 xui
1180 4918 1271 4971 τὸν
1304 4918 1497 4988 εἱρμὸν
1539 4919 1639 4989 τῆς
1679 4921 1938 4990 προνοίας

345 5012 637 5069 διετίθετο.
675 5010 957 5065 Ἐδίδασκε
988 5012 1097 5082 γάρ
1138 5013 1166 5066 ό
1212 5011 1405 5082 Σωτὴρ
1449 5012 1587 5080 μετὰ
1617 5012 1725 5065 τῶν
1757 5012 1938 5066 ἄλλων

346 5103 641 5175 σωτηρίων
678 5103 1021 5175 μαθημάτων
1057 5103 1154 5157 xui.
1193 5104 1256 5157 τὸ
1300 5107 1376 5175 μὴ
1408 5105 1684 5175 προτιμᾷν
1724 5106 1938 5178 πατέρα

348 5193 384 5265 ἦ
420 5194 634 5266 μητέρα
679 5194 711 5266 ἢ
756 5196 1016 5263 γυναῖκα,
1043 5194 1143 5265 τῆς
1174 5193 1343 5247 αὐτοῦ
1389 5192 1747 5264 ψυχωφελοῦς
1791 5195 1939 5249 διδα-

351 5284 582 5349 σκαλίας
615 5286 710 5339 καὶ
753 5285 853 5355 τῆς
898 5287 1037 5355 πρὸς
1074 5285 1238 5340 αὐτὸν
1279 5286 1659 5347 ἀπονεύσεωςο
1694 5303 1713 5337 ι
1747 5285 1939 5351 Ὅστις

347 5378 482 5449 γὰρ,
515 5379 703 5449 φησὶν,
731 5379 833 5433 οῦκ
866 5380 1251 5451 ἐγκαταλείψει
1283 5382 1496 5453 πατέρα
1539 5385 1571 5455 ἢ
1605 5385 1846 5455 μητέρα,
1878 5402 1934 5441 κ.

345 5483 401 5521 τ.
429 5466 503 5530 λ..
539 5467 640 5521 οὐκ
668 5467 784 5521 ἐστι
814 5484 918 5539 μου
955 5467 1128 5537 ἄξιος,
1163 5488 1183 5521 ι
1239 5473 1538 5539 τουτέστιν,
1568 5474 1628 5538 ὃς
1652 5475 1712 5528 οὐ
1745 5492 1941 5547 προτι-

349 5558 519 5628 μήσει
550 5558 650 5631 τὴν
680 5559 821 5630 ἐμὴν
858 5559 954 5613 xui
982 5559 1265 5626 σώζουσαν
1311 5565 1638 5636 παραίνεσιν
1681 5568 1778 5623 xui
1821 5585 1939 5622 νου-

348 5646 558 5715 θεσίαν,
596 5649 689 5702 xui
721 5648 818 5721 τὴν
845 5651 925 5713 εἰς
956 5651 1056 5720 ἐμὲ
1076 5653 1334 5724 στοργήν,
1373 5647 1529 5720 οὗτος
1564 5655 1790 5721 ἐξέπεσε
1839 5657 1939 5727 μὲν

350 5739 460 5794 τῶν
490 5741 866 5813 ἀτελευτήτων
895 5743 1140 5812 ἀγαθῶν,
1172 5744 1399 5811 ἐξέπεσε
1433 5747 1490 5800 δὲ
1534 5748 1635 5817 τῆς
1668 5748 1938 5819 μακαριό-

349 5844 512 5901 τητος
543 5824 611 5903 ἧς
640 5833 691 5886 οἱ
727 5835 1168 5907 προτιμήσαντες
1197 5835 1304 5891 τῶν
1348 5838 1686 5918 συγγενικῶν
1715 5838 1933 5915 θεσμῶν

2037 4639 2276 4695 validam
2307 4648 2543 4693 mentem
2583 4637 2809 4692 reddere
2838 4642 3218 4704 ;conarentur;
3268 4644 3322 4690 et
3352 4636 3479 4706 quia
3511 4652 3619 4689 non

2037 4741 2331 4805 poteratse
2357 4745 2549 4800 gerere
2571 4727 2909 4793 Jesutn,nisi
2946 4730 3084 4783 hanc
3114 4729 3259 4781 viam
3292 4738 3344 4782 et
3368 4728 3624 4782 semitam

2039 4836 2383 4897 sequeretur.
2415 4824 2659 4879 Docebat
2687 4823 2833 4877 enim
2870 4822 3123 4877 Salvator
3158 4822 3326 4877 simul
3364 4836 3486 4876 cum
3521 4837 3627 4875 ca:—

2039 4918 2172 4975 teris
2210 4918 2547 4975 salutaribus
2580 4914 2849 4970 doctrinis
2881 4914 3057 4984 ipsius
3107 4914 3307 4968 animis
3345 4921 3455 4966 tam
3503 4913 3624 4967 utili

2040 5011 2311 5066 doctrina:
2334 5019 2389 5065 et
2425 5009 2492 5062 ad
2525 5009 2702 5077 ipsum
2751 5006 3096 5061 inclinationi
3142 5022 3250 5059 non
3293 5016 3504 5076 patrem
3532 5014 3627 5060 aut

2038 5111 2270 5157 matrem
2316 5110 2412 5155 aut
2460 5116 2685 5154 uxorem
2735 5098 3146 5155 anteferendam
3196 5118 3210 5153 :
3252 5118 3269 5149 ι
3300 5098 3627 5169 Quicunque

2039 5193 2186 5249 enim
2213 5209 2321 5249 non
2354 5192 2630 5262 relinquet
2672 5199 2886 5261 patrem
2927 5200 2981 5245 et
3024 5200 3281 5257 matrem,
3329 5200 3461 5255 etc.,
3512 5207 3624 5244 non

2039 5296 2126 5344 est
2152 5302 2239 5343 me
2268 5286 2489 5358 dignus,
2537 5304 2555 5336 ι
2600 5286 2654 5341 id
2691 5294 2797 5349 est,
2833 5283 2927 5355 qui
2964 5299 3071 5338 non
3117 5294 3409 5353 anteponet
3447 5298 3624 5337 meam

2039 5380 2338 5437 salutarem
2388 5379 2759 5434 hortationem
2809 5386 2864 5431 et
2910 5376 3202 5432 consilium
3243 5385 3299 5431 et
3333 5376 3439 5431 mei
3477 5390 3628 5430 amo-

2040 5489 2180 5538 rem,
2233 5472 2323 5526 ille
2366 5472 2435 5527 ab
2464 5471 2683 5526 aeternis
2720 5470 2881 5525 bonis
2930 5470 3164 5535 decidit;
3201 5469 3271 5523 ab
3317 5469 3405 5522 illa
3440 5478 3627 5522 autem

2042 5563 2382 5620 beatitudine
2418 5564 2639 5629 decidit,
2682 5579 2788 5631 qua
2835 5564 2885 5617 in
2928 5573 3193 5616 aeternum
3243 5560 3502 5615 fruuntur
3532 5561 3628 5630 qui

2042 5655 2445 5727 congeneribus
2470 5654 2739 5710 institutis
2763 5669 2917 5709 meas
2939 5655 3087 5724 leges
3110 5664 3165 5708 et
3194 5653 3440 5709 divinum
3472 5670 3625 5707 amo-

2043 5763 2156 5803 rem
2192 5745 2565 5816 praatulerunt.

2126 5836 2297 5911 Hujus
2321 5853 2452 5896 vero
2485 5837 2728 5896 mandati
2768 5837 3087 5895 facilitatem
3127 5846 3181 5895 et
3222 5834 3626 5908 aditnpletionis
