4144 6486
533 383 639 447 343

1696 384 1962 444 l‘liOTII
1994 385 2501 446 PATRIARCIIE
2542 387 2652 447 (ΣΡ.

3768 376 3885 439 344

534 500 1017 576 promptitudincm
1038 500 1445 571 statuens‘,ipse
1467 501 1598 555 illud
1632 503 1845 572 primus
1880 506 2122 573 insequi-

2230 526 2353 589 τοὺς
2380 524 2551 595 ἐμοὺς
2581 524 2786 593 νόμους
2834 520 2927 576 καὶ
2955 522 3050 577 τὸν
3079 521 3225 576 θεῖον
3272 519 3450 593 ἔρωτα
3490 516 3606 572 διὰ
3643 516 3884 579 παντὸς

531 610 638 663 tur,
652 607 705 651 et
719 604 975 649 maternm
994 594 1311 650 necessitati
1330 603 1377 649 et
1400 594 1586 662 gratia:
1608 594 1925 649 auditorum
1939 601 1945 609 ‘
1959 595 2121 650 insti-

531 693 794 746 tutionem
812 687 1051 759 praefert,
1062 687 1172 743 fere
1186 688 1375 743 dicens
1398 707 1409 742 :
1431 687 1897 754 Quemadmodum
1911 705 2012 760 ego
2028 704 2124 744 vos

530 784 732 838 docens
744 792 1048 839 etvestram
1064 783 1296 838 salutem
1314 791 1959 851 procurans.maternam
1981 781 2127 837 solli-

531 878 856 941 ciludinetn,
889 877 1193 931 secundum
1229 874 1355 940 feci,
1376 876 1607 930 salutem
1629 883 1868 929 vestram
1896 885 2123 944 antepo—

528 986 685 1033 nens,
713 969 784 1025 ita
815 978 1033 1039 Oportet
1062 984 1160 1023 vos
1196 983 1417 1023 omnem
1470 983 1567 1038 per
1598 968 1819 1022 vincula
1856 981 2124 1037 corporea

530 1061 912 1131 procedentem
976 1061 1223 1116 habitum
1280 1068 1335 1115 et
1399 1069 1612 1113 natura:
1678 1057 2122 1114 convenientiam

530 1170 632 1225 pro
650 1165 830 1209 vestra
855 1155 1031 1210 salute
1049 1164 1104 1210 et
1120 1163 1436 1209 nostrarum
1456 1154 1830 1208 doctrinarum
1861 1160 1914 1207 et
1941 1151 2122 1219 legum

532 1246 778 1302 custodia
800 1254 854 1299 et
873 1246 1257 1301 observatione
1284 1256 1650 1301 commutare.
1669 1244 1868 1299 Eadem
1904 1242 2121 1297 ratione

533 1337 663 1393 etei
696 1339 787 1408 qui
815 1338 992 1408 ipsum
1024 1340 1253 1408 rogabat
1297 1348 1356 1393 ut
1398 1340 1465 1394 ad
1503 1338 1875 1409 sepeliendum
1910 1344 2123 1406 patrem

533 1430 746 1495 abiret,
804 1448 913 1488 non
949 1433 1254 1500 concessit;
1287 1448 1394 1487 non
1430 1430 1822 1487 contemnendi
1849 1441 2080 1485 matrem
2106 1470 2121 1494 ,

535 1522 699 1586 absit,
730 1532 783 1577 et
820 1525 1121 1593 prmsertim
1157 1524 1325 1594 piam,
1366 1538 1545 1593 neque
1585 1522 1760 1592 patris
1799 1520 2123 1591 dignitatem

536 1616 840 1687 negligentli
872 1627 925 1672 ct
964 1618 1083 1686 ejus
1121 1617 1457 1672 desiderium
1500 1616 1703 1685 injuria
1748 1610 2123 1684 prosequendi

534 1711 880 1766 occasionem
926 1711 1205 1781 przebcns;
1249 1710 1344 1765 sed
1388 1709 1707 1765 omnimodo
1752 1721 1855 1762 nos
1891 1706 2124 1760 hortans

535 1812 595 1857 ιιι
621 1805 963 1873 spiritualem
998 1804 1231 1859 salutem
1256 1818 1536 1874 corporeae
1561 1801 1712 1858 omni
1741 1795 2121 1870 coniunctioni

533 1910 587 1953 et
616 1898 968 1969 dispositioni
1012 1897 1405 1952 anteferamus.
1447 1895 1572 1951 Haec
1615 1896 1843 1951 forsitan
1898 1890 2126 1961 aliquis,

534 1999 595 2045 ut
625 1991 833 2045 dictum
863 2002 968 2055 est,
1000 1999 1227 2045 matrem
1262 2002 1462 2060 putans
1500 2004 1557 2044 se
1601 1988 1980 2060 prergzttivis
2018 1988 2120 2041 ho-

535 2082 689 2136 noris
725 2096 835 2135 non
869 2084 1107 2151 privare,
1142 2082 1235 2137 sed
1267 2082 1316 2136 ei
1354 2084 1406 2135 in
1441 2081 1632 2137 eodem
1665 2083 1837 2150 gradu
1874 2096 2119 2145 servare,

533 2173 807 2227 disserere
828 2184 1119 2228 conaretur
1152 2175 1345 2227 matris
1390 2182 1445 2227 et
1492 2175 1910 2228 convenientem
1955 2188 2123 2228 vene-

535 2266 803 2319 rationem
846 2275 899 2320 et
930 2266 1294 2321 reverentiam
1321 2274 1507 2321 tuens.
1542 2266 1800 2320 Attamen
1848 2266 1963 2319 haec
2005 2264 2124 2319 col-

534 2359 664 2413 latio
720 2360 943 2413 modum
992 2360 1213 2429 quidem
1274 2360 1500 2429 exponit
1544 2376 1655 2430 quo
1695 2360 1761 2414 ad
1804 2358 2123 2414 inferiorem

532 2451 781 2505 ordinem
812 2451 1118 2516 descendit,
1158 2466 1265 2506 non
1299 2463 1482 2507 autem
1511 2467 1632 2507 eam
1682 2453 1751 2507 ab
1786 2453 2012 2508 honoris
2042 2452 2130 2507 di-

534 2544 840 2599 minutione
867 2544 1083 2601 liberat.

2224 616 2582 671 ἀπολαύουσι.
2614 618 2833 687 Ταύτης
2862 616 2918 669 δὲ
2948 617 3046 686 τῆς
3074 616 3297 685 ἐντολῆς
3326 615 3387 668 τὸ
3431 617 3575 686 ῥᾷον
3619 613 3735 666 xa'l.
3776 612 3880 666 εὑ-

2225 708 2573 779 κατόρθωτον
2620 708 2897 761 καθιστῶν
2940 710 2969 761 ὁ
3010 707 3223 779 Σωτὴρ,
3258 706 3423 770 αὐτὸς
3448 704 3696 775 ταύτην
3743 720 3881 774 μετ-

2225 802 2448 872 έρχεται
2474 802 2692 873 πρῶτος
2734 802 2831 855 καὶ
2874 801 2955 863 εἰς
2985 802 3110 864 τοὺς
3142 800 3419 870 ἀκροατάς
3458 798 3880 853 διδασκαλίαν

2224 893 2321 963 τῆς
2353 892 2632 963 μητρικῆς
2665 892 2951 963 προκρίνει
2995 894 3186 963 χρείας
3230 893 3325 945 καὶ
3350 893 3615 963 χάριτος,
3662 908 3880 960 μονον-

2226 984 2349 1056 ουχὶ
2411 985 2588 1053 λέγων
2633 984 2715 1038 ὅτι
2762 984 3017 1053 καθάπερ
3060 983 3171 1053 ἐγὼ
3214 984 3481 1038 διδάσκων
3525 984 3736 1052 ὑμᾶς,
3777 983 3880 1034 καὶ

2226 1076 2354 1145 περὶ
2382 1074 2481 1147 τὴν
2508 1075 2662 1147 ὑμῶν
2692 1074 2967 1147 σωτηρίαν
2996 1074 3393 1145 ἀσχολούμενος
3421 1074 3518 1145 τὴν
3551 1071 3878 1145 μητρικὴν

2226 1167 2432 1239 ἐθέμην
2454 1167 2713 1238 δευτέραν
2742 1166 3060 1239 θεραπείαν,
3104 1168 3204 1237 τὴν
3232 1166 3508 1236 ὑμετέραν
3544 1164 3876 1235 σωτηρίαν

2227 1261 2615 1334 προελόμενος,
2646 1259 2792 1314 οὕτω
2830 1260 2939 1332 χρὴ
2972 1259 3117 1329 ὑμᾶς
3150 1260 3370 1328 ἀπάσης
3416 1260 3519 1329 τῆς
3580 1257 3692 1311 διὰ
3752 1257 3875 1311 τῶν

2229 1348 2563 1420 σωματικῶν
2601 1349 2817 1419 δεσμῶν
2848 1348 3146 1420 προϊούσης
3176 1347 3415 1420 σχέσεώς
3440 1366 3499 1401 τε
3553 1350 3676 1402 καὶ
3728 1366 3876 1419 συμ-

2227 1440 2461 1504 παθείας
2491 1441 2592 1511 τήν
2616 1440 2772 1511 ὑμῶν
2796 1439 2978 1494 αὐτῶν
3010 1440 3291 1511 σωτηρίαν
3332 1440 3868 1504 ἀπαλλάττεσθαι,

2226 1532 2324 1587 καὶ
2350 1531 2461 1585 τῶν
2488 1531 2641 1603 ἐμῶν
2680 1532 3032 1602 διδαγμάτων
3061 1532 3159 1585 καὶ
3212 1532 3395 1601 νόμων
3422 1531 3523 1602 τὴν
3574 1531 3873 1601 φυλακὴν

2228 1624 2323 1679 καὶ
2347 1624 2707 1695 συντήρησιν.
2736 1622 2928 1694 Ταύτῃ
2960 1640 3045 1677 τοι
3077 1623 3171 1676 καὶ¹
3195 1621 3289 1676 τὸν
3316 1624 3723 1693 αίτησάμενον
3755 1624 3873 1675 ἀπ-

2227 1715 2405 1769 ελθεῖν
2435 1715 2529 1767 ἐιιτί⁵
2560 1715 2621 1767 τὸ
2648 1714 2819 1783 θάψαι
2854 1716 2945 1768 τὸν
2973 1713 3219 1784 Πατέρα,
3258 1714 3359 1767 οὐκ
3389 1712 3728 1783 ἐπέτρεψεν
3752 1728 3764 1741 ·
3802 1712 3869 1765 οὐ

2229 1809 2599 1880 καταφρονεῖν
2629 1806 2861 1879 μητρὸς,
2898 1806 2974 1877 μή
3000 1823 3052 1859 τι
3082 1806 3295 1873 γένοιτο
3325 1805 3421 1858 καὶ
3444 1804 3716 1874 μάλιστα
3764 1805 3873 1873 τῆς

2229 1902 2402 1969 ὁσίας,
2438 1901 2561 1954 οὐδὲ
2589 1899 2685 1953 τοῦ
2731 1900 2938 1971 πατρὸς
2981 1897 3337 1969 ἐξαργεῖσθαι
3364 1896 3466 1968 τήν
3498 1898 3717 1967 σχέσιν
3763 1895 3870 1949 καὶ

2230 1996 2325 2051 τὸν
2354 1994 2521 2049 πόθον
2554 1994 2862 2065 ἐνυϐρίζειν
2889 1994 3145 2064 ἀφορμὰς
3175 1991 3355 2054 διδοὺς
3375 2030 3392 2055 ,
3434 1990 3581 2043 ἀλλὰ
3623 2006 3868 2043 παντα-

2231 2090 2328 2162 χοῦ
2362 2090 2643 2162 παραινῶν
2672 2088 2770 2161 τὴν
2793 2088 3032 2159 ψυχικὴν
3066 2085 3387 2159 προκρίνειν
3422 2084 3729 2155 σωτηρίαν
3756 2082 3867 2151 τῆς

2234 2182 2558 2252 σωματικῆς
2609 2182 2829 2252 ἁπάσης
2879 2182 2973 2234 καὶ
3003 2178 3299 2248 συναφείας
3352 2176 3447 2231 καὶ
3500 2176 3865 2237 διαθέσεως.

2218 2276 2406 2329 Ταῦτα
2436 2276 2536 2345 μὲν
2562 2272 2655 2328 οὖν
2688 2276 2820 2337 ἴσως
2851 2273 2918 2329 ἄν
2942 2290 3046 2338 τις,
3072 2272 3264 2341 ῶσπερ
3287 2270 3527 2342 εἴρηται,
3555 2267 3760 2321 δοκῶν
3790 2269 3861 2337 τῇ

2226 2369 2395 2441 μητρὶ
2454 2368 2563 2421 τῶν
2613 2367 2925 2437 προνομίων
2970 2366 3071 2435 τῆς
3122 2364 3289 2434 τιμῆς
3331 2363 3433 2416 οὐκ
3465 2359 3856 2431 ἀποστερεῖν,

2218 2462 2333 2517 ἀλλ’
2364 2462 2422 2515 ἐν
2447 2460 2525 2531 τῷ
2558 2462 2659 2531 ἴσῳ
2692 2460 3004 2531 συντηρεῖν,
3035 2456 3237 2511 διέλθοι
3286 2454 3857 2526 πραγματευόμενος

2237 2554 2335 2608 καὶ
2374 2557 2473 2624 τὴν
2521 2554 2912 2625 προσήκουσαν
2959 2550 3092 2603 αἰδῶ
3134 2546 3514 2610 συνδιασώζων
3543 2547 3652 2600 καὶ
3686 2542 3861 2598 656a-

533 2639 836 2708 σμιέτητα·
892 2638 1098 2693 καίτοι
1132 2639 1197 2693 τδ
1231 2638 1333 2708 τῆς
1386 2639 1733 2710 συγκρίσεως
1784 2642 1875 2696 τὸν
1921 2645 2126 2717 τρόπον
2168 2650 2267 2720 μὲν
2335 2648 2634 2721 ἑρμηνεύει
2694 2646 2817 2701 καθ’
2852 2646 2911 2699 ὃν
2953 2644 3090 2716 πρὸς
3123 2642 3221 2713 τῆν
3258 2641 3469 2695 ἐλάττω
3499 2640 3670 2705 τάξιν
3710 2655 3855 2691 κατ·-

533 2730 631 2802 έ6η
655 2731 720 2783 τὸ
745 2731 1196 2802 συγκρινόμενον,
1227 2733 1329 2785 οὐκ
1376 2732 1711 2786 ἀπαλλάττει
1743 2734 1802 2786 δὲ
1827 2735 1926 2805 τῆς
1958 2738 2341 2801 ἐλαττώσεως.

607 2876 738 2929 Scio
762 2875 1030 2946 quosdam
1060 2875 1347 2930 beatorum
1384 2874 1607 2929 Patrum
1653 2890 1793 2945 quos
1840 2877 1892 2930 in
1938 2878 2127 2935 multis

535 2984 680 3039 stupe
727 2968 940 3024 mirans
986 2977 1041 3022 et
1087 2967 1405 3033 admittens,
1448 2984 1557 3023 non
1599 2968 1689 3023 hic
1727 2970 1844 3039 pari
1889 2970 2127 3026 benevo-

536 3061 702 3115 lentia
747 3061 1000 3123 mirarer,
1044 3061 1140 3131 qui
1192 3061 1373 3129 impiae
1413 3060 1688 3131 opinionis
1724 3062 2127 3132 improbatione

538 3154 590 3207 in
630 3154 791 3207 talem
826 3169 1050 3209 sensum
1090 3153 1517 3208 descenderunt.
1566 3154 1703 3207 (lum
1753 3164 1929 3210 mater
1970 3155 2123 3224 Jesu,

2305 2877 2435 2933 Οἶδα
2464 2878 2521 2934 δέ
2550 2894 2703 2941 τινας
2731 2877 2841 2930 τῶν
2873 2878 3161 2949 μακαρίων
3204 2874 3362 2945 ἡμῶν
3409 2872 3711 2943 Πατέρων,
3754 2871 3855 2935 οὒς

2233 2972 2293 3025 ἐν
2342 2970 2558 3035 πολλοῖς
2607 2968 2870 3032 πολλάκις
2916 2967 3207 3037 θαυμάσας
3257 2966 3350 3019 καὶ
3398 2965 3848 3034 ἀποδεχόμενος,

2232 3066 2333 3121 οὐκ
2364 3065 2431 3120 ἂν
2465 3067 2523 3118 ἐν
2555 3062 2730 3137 ταύτῃ
2757 3066 2821 3134 τῇ
2848 3061 3045 3133 γνώμῃ
3073 3060 3420 3131 θαυμάσαιμι
3450 3060 3539 3113 ἐπ’
3568 3060 3852 3130 ἀθετήσει

2231 3160 2334 3229 τῆς
2381 3156 2677 3220 δυσσεϐοῦς
2730 3156 2889 3226 δόξης
2931 3156 3012 3218 εἰς
3062 3152 3321 3223 τοιαύτην
3368 3151 3853 3222 καταϐεϐηκότας

535 3246 741 3316 aliquid
770 3245 1069 3300 humanum
1116 3258 1339 3313 etaperta
1372 3246 1441 3301 de
1472 3263 1572 3301 suo
1605 3247 1717 3302 ﬁlio
1767 3263 1826 3303 sc
1864 3248 2123 3318 jactaret,

2230 3252 2501 3307 διάνοιαν·
2541 3251 2616 3314 ὼς
2648 3250 2881 3322 ἐπείπερ
2914 3250 2946 3318 ή
2980 3249 3183 3319 Μήτηρ
3208 3246 3301 3301 τοῦ
3343 3245 3517 3316 Ἰησοῦ
3548 3245 3843 3315 ἀνθρώπι-

536 3338 705 3391 libere
738 3347 920 3392 autem
958 3338 1106 3408 loqui
1141 3348 1431 3408 quareret,
1464 3351 1518 3396 et
1557 3341 1741 3395 Letitia
1785 3341 2127 3397 diffundere-

537 3441 650 3493 tur.
675 3447 741 3486 eo
775 3432 919 3502 quod
946 3433 1070 3487 talis
1106 3433 1201 3486 ﬁlii
1242 3443 1420 3488 mater
1448 3444 1617 3500 esset,
1651 3445 1705 3490 et
1744 3444 1968 3505 propter
2001 3437 2124 3502 hoc,

538 3522 773 3575 docente
824 3524 955 3581 lilio,
1005 3521 1322 3587 accederet;
1376 3530 1429 3576 et
1476 3532 1537 3577 ut
1589 3523 1837 3587 decebat,
1878 3524 2129 3580 doctrina

540 3617 772 3687 gloriam
820 3616 923 3671 sibi
972 3616 1084 3670 lilio
1132 3618 1451 3686 acquircnte
1503 3618 1908 3687 cotzglorilit-ari
1953 3620 2128 3687 ipsum

538 3722 593 3764 et
617 3712 742 3778 ejus
774 3709 951 3764 laudis
983 3710 1303 3779 participem
1338 3710 1452 3764 lieri
1485 3724 1733 3779 cuperet,
1768 3711 1889 3766 ideo
1931 3712 2129 3767 Salva-

543 3812 631 3856 tor
654 3801 748 3871 qui
785 3808 841 3855 et
890 3800 1029 3855 alios
1075 3800 1143 3853 ab
1173 3800 1341 3853 animi
1389 3800 1784 3870 cupiditatibus
1821 3804 2049 3858 mundat
2077 3816 2132 3861 et

544 3894 744 3949 talibus
766 3901 994 3947 matrem
1026 3891 1437 3948 infirmitatibus
1462 3894 1676 3963 eripere
1708 3895 1942 3961 volebat,
1970 3899 2127 3969 quasi

542 3986 946 4056 vituperatione
980 3985 1193 4052 plenam
1229 3986 1413 4041 emisit
1441 4001 1656 4051 vocem,
1683 3987 1910 4045 dicens:
1953 4009 1969 4042 ι
1998 3991 2132 4057 Quae

541 4084 625 4131 est
664 4085 838 4129 mater
879 4088 1021 4139 mea,
1070 4084 1123 4128 et
1164 4074 1257 4143 qui
1290 4084 1419 4129 sunt
1451 4072 1655 4131 fratres
1694 4078 1844 4131 mei?
1882 4098 1900 4129 ι
1944 4078 2050 4134 Sed
2082 4080 2129 4135 si

544 4170 618 4224 illi
645 4170 844 4240 quibus
889 4185 953 4224 ea
1001 4168 1184 4223 dicere
1233 4168 1285 4222 in
1319 4177 1556 4224 mentem
1596 4170 1745 4224 venit
1777 4179 1832 4225 et
1864 4186 1895 4225 a
1932 4172 2131 4241 quibus

544 4266 723 4333 reipsa
758 4266 843 4316 die
874 4278 901 4315 a
930 4270 1080 4323 sunt,
1111 4271 1428 4317 contextum
1457 4264 1698 4317 examini
1740 4265 2126 4335 subjecissent,

545 4357 1071 4413 animadvertissent
1120 4369 1353 4412 matrem
1400 4358 1535 4411 nihil
1572 4358 1677 4413 tale
1703 4360 1995 4413 ostendere
2030 4375 2132 4414 nec

544 4453 841 4520 superbum
874 4465 984 4520 pra:
1016 4464 1073 4500 se.
1104 4450 1349 4501 animum
1390 4464 1603 4517 gerere.
1630 4448 1747 4505 Non
1784 4451 1954 4515 enim,
1992 4451 2129 4505 Filio

2233 3346 2324 3399 νόν
2353 3363 2406 3398 τι
2438 3343 2688 3397 παθοῦσα
2714 3342 3116 3413 ἐπεσεμνύνετο
3150 3340 3250 3411 μὲν
3300 3339 3379 3411 τῷ
3406 3339 3566 3395 Παιδί
3592 3382 3608 3405 ,
3650 3339 3847 3409 ἐζήτει

2230 3437 2289 3492 δὲ
2315 3436 2800 3509 παρρησιασθῆναι
2830 3434 2924 3487 καὶ
2951 3432 3275 3504 διαχυθῆναι
3304 3432 3384 3502 τῷ
3428 3430 3844 3499 ἁγαλλιάματι,

2230 3530 2312 3583 ὅτι
2342 3527 2663 3599 τηλικούτου
2696 3526 2895 3589 Παιδὸς
2929 3524 3271 3597 ἐχρημάτισε
3321 3525 3524 3594 Μήτηρ
3548 3563 3563 3588 ,
3616 3522 3724 3577 καὶ
3757 3520 3847 3574 διά

2232 3622 2394 3676 τοῦτο
2426 3619 2656 3692 προσῄει
2702 3619 3049 3683 διδάσκοντος
3096 3618 3191 3671 τοῦ
3224 3616 3391 3671 Υἱοῦο
3447 3617 3543 3670 καὶ
3571 3617 3654 3681 ὡς
3690 3614 3845 3676 εἰκὸς

2231 3714 2298 3783 τῇ
2346 3711 2668 3782 διδασκαλίᾳ
2711 3708 3075 3779 δοξαζομένου
3110 3707 3539 3778 συνδοξασθῆναι
3596 3709 3702 3761 καὶ
3749 3705 3845 3758 τὸν

2232 3804 2456 3857 ἔπαινον
2491 3800 2975 3873 συμμερίσασθαι’
3007 3798 3091 3853 διὸ
3124 3800 3217 3852 καὶ
3252 3799 3444 3870 Σωτὴρ
3500 3799 3596 3852 καὶ
3638 3801 3669 3852 ὁ
3712 3796 3843 3859 τοὺς

2232 3896 2429 3959 ἄλλους
2480 3894 2873 3965 ἀποκαθαίρων
2907 3895 3018 3947 τῶν
3066 3892 3316 3963 ψυχικῶν
3370 3892 3559 3946 παθῶν
3600 3893 3705 3946 καὶ
3741 3891 3842 3957 τὴν

2232 3990 2465 4061 Μητέρα
2516 3990 2627 4044 τῶν
2673 3987 2933 4042 τοιούτων
2968 3986 3332 4041 ἀπαλλάττειν
3389 3985 3559 4038 θέλων
3587 3986 3839 4039 ἐλαττως

2236 4085 2446 4155 μάτων,
2474 4083 2630 4149 τάξιν
2665 4081 3039 4151 ἐπιτιμήσεως
3065 4080 3371 4149 ἐπέχουσαν
3402 4080 3584 4149 ἀφῆκε
3611 4078 3719 4149 τήν
3749 4076 3840 4129 λέ-

2232 4194 2437 4247 γουσαν
2472 4179 2681 4248 φωνήν·
2717 4196 2734 4228 ι
2773 4175 2870 4239 Τίς
2900 4177 3047 4228 ἐστιν
3077 4176 3110 4245 ή
3140 4176 3340 4245 Μήτηρ
3379 4191 3504 4245 μου,
3541 4173 3642 4226 καὶ
3688 4173 3839 4232 τίνες

2232 4274 2281 4325 oi
2334 4270 2555 4340 ἀδελφοί
2591 4286 2729 4340 μου;
2766 4288 2787 4321 ι
2831 4269 2976 4322 Ἀλλ’
3001 4262 3083 4333 οἶς
3118 4267 3218 4338 μὲν
3263 4267 3499 4337 ἐπῆλθεν
3547 4266 3731 4321 ταῦτα
3760 4265 3837 4317 εἱο

2235 4366 2379 4429 πεῖν,
2434 4362 2529 4416 καί
2558 4380 2621 4431 γε
2651 4363 2869 4433 εἴρηται
2908 4364 2940 4433 ή
2966 4361 3024 4414 δέ
3048 4363 3147 4431 τῆς
3186 4360 3512 4423 ἀκολουθίας
3545 4358 3835 4425 συνεξέτα-

2236 4474 2345 4519 σις,
2366 4454 2585 4527 πρῶτον
2623 4455 2722 4525 μὲν
2748 4457 2845 4525 οὐχ
2875 4455 2975 4525 ὁρᾷ
3002 4453 3100 4524 τὴν
3133 4453 3368 4524 Μητέρα
3398 4452 3550 4505 οὐδὲν
3585 4452 3835 4506 τοιοῦτον

545 4544 793 4607 docente,
821 4542 935 4612 ipsa
969 4543 1157 4596 nuntia
1179 4542 1422 4609 advenit,
1447 4558 1546 4597 nec
1571 4543 1622 4596 in
1650 4544 1890 4599 medium
1924 4555 2126 4600 emtum

2237 4543 2688 4614 ἐπιδεικνυμένην
2768 4544 2888 4597 οὐδὲ
2941 4542 3176 4614 σοϐαρὸν
3223 4545 3499 4615 φέρουσαν
3547 4544 3831 4614 φρόνημα.

546 4636 890 4706 supervenit;
941 4650 1119 4704 neque
1160 4634 1409 4688 docentis
1456 4650 1765 4688 sermonem
1813 4636 2127 4705 interrupit,

546 4745 723 4799 neque
775 4729 1076 4799 quidquam
1123 4727 1295 4779 altttm
1336 4737 1429 4779 aut
1470 4726 1768 4795 superbum
1811 4726 1989 4793 dixit;
2034 4728 2129 4783 Sed

546 4823 681 4878 foris
711 4822 956 4878 modeste
1006 4828 1180 4885 stans,
1215 4835 1367 4873 suam
1411 4820 1758 4888 praesentiam
1805 4829 2019 4876 tantum
2054 4823 2133 4877 si-

547 4916 850 4986 gniﬁcavit,
882 4931 1057 4982 neque
1086 4915 1251 4968 etiam
1288 4912 1475 4979 verbo,
1520 4913 1613 4967 sed
1655 4929 1759 4969 suo
1788 4924 2039 4984 aspectu,
2074 4926 2134 4972 ιιι

544 5013 703 5082 signo
731 5022 790 5064 ut
822 5009 870 5062 id
908 5008 1266 5062 annuntiaret
1295 5022 1393 5062 usa
1438 5015 1542 5060 est.
1578 5007 1861 5073 Quomodo
1906 5009 1959 5063 id
2012 5010 2132 5076 glo-

544 5107 681 5160 riam
713 5102 1005 5160 ambientis
1047 5114 1215 5169 esset,
1255 5104 1338 5157 vel
1366 5106 1771 5160 venerationem
1805 5108 2124 5177 quaerentis,

540 5209 596 5253 et
636 5214 703 5252 ex
756 5198 852 5252 ﬁlii
908 5198 1284 5267 magnitudine
1342 5198 1699 5269 superbiam?
1747 5201 1889 5266 Quid
1947 5213 2130 5257 autem

542 5292 687 5347 aliud
718 5293 921 5362 egisset
954 5307 1167 5358 servus,
1197 5308 1355 5363 quem
1386 5309 1484 5348 sua
1515 5294 1817 5350 necessitas
1845 5294 2135 5352 invitasset

543 5386 596 5439 id
623 5385 689 5440 ad
728 5386 1022 5441 Dominum
1054 5386 1377 5441 clamitare?
1410 5383 1554 5457 Ergo
1583 5400 1691 5440 non
1718 5394 1837 5441 erat
1865 5386 2131 5457 objurga-

542 5477 621 5532 tio
652 5478 783 5533 illud
818 5476 947 5532 Jesu
984 5476 1188 5533 Christi
1225 5478 1291 5531 ad
1325 5489 1555 5533 matrem
1600 5478 1852 5541 verbum,
1891 5494 1993 5536 nec
2030 5479 2134 5534 ali-

541 5572 668 5641 quis
685 5572 881 5626 modus
899 5571 1169 5626 delectum
1190 5587 1286 5641 par
1304 5571 1760 5641 vituperationem
1777 5572 2130 5636 inclamandi;

544 5677 652 5715 non
681 5664 825 5717 enim
849 5671 969 5717 erat
992 5663 1100 5716 ullo
1130 5662 1293 5717 modo
1316 5661 1595 5717 delictum.
1624 5662 1729 5717 Sed
1753 5663 1898 5731 quod
1926 5664 2131 5719 dictum

544 5764 651 5818 est,
678 5754 961 5809 Iudaicam
994 5755 1253 5825 repressit
1285 5754 1621 5810 irrisionetn.
1667 5753 1805 5809 Male
1848 5755 2133 5825 dispositis

548 5844 692 5903 enim
748 5855 804 5903 ct
833 5847 1061 5918 ingratis
1096 5845 1299 5903 Judmis
1336 5861 1479 5902 nunc
1513 5862 1607 5918 per
1646 5846 1975 5905 calumniam
2013 5848 2133 5906 Sal-

2238 4638 2371 4692 Οὐδὲ
2402 4638 2508 4709 γάρ
2535 4638 2657 4691 οὐδὲ
2688 4638 3037 4703 διδάσκοντος
3068 4638 3485 4707 αὐτεπάηελος
3525 4636 3834 4709 ἐπεχωρία-

2239 4750 2350 4798 σεν,
2388 4733 2497 4786 οὐδ’
2527 4733 2607 4796 εἰς
2639 4732 2700 4785 τὸ
2736 4734 2901 4803 μέσον
2948 4734 3187 4804 ἐπῆλθεν
3236 4732 3331 4787 τοῦ
3381 4732 3667 4801 συλλόγου,
3711 4728 3831 4784 ούδὲ

2236 4826 2326 4878 τὸν
2356 4824 2737 4879 διδασκαλικὸν
2784 4825 2944 4894 λόγον
2968 4824 3320 4897 περιέκοψεν,
3350 4824 3459 4879 οὐδ’
3492 4820 3645 4878 εἶπεν
3678 4822 3830 4877 οὐδὲν

2238 4919 2441 4990 ὑψηλὸν
2487 4918 2521 4989 ἢ
2574 4918 2954 4989 μεγάλαυχον,
2990 4918 3106 4972 ἀλλ’
3147 4917 3252 4983 ἐξω
3283 4917 3644 4982 πανευλαὸῶς
3677 4918 3827 4971 ίστα-

2241 5011 2378 5082 μένη
2415 5010 2515 5083 τὴν
2552 5009 2863 5080 παρουσίαν
2904 5009 3068 5079 μόνον
3098 5009 3391 5081 ἐμήνυσεν,
3435 5009 3469 5080 ἦ
3508 5008 3630 5062 οὐδὲ
3670 5007 3829 5063 τοῦτο

2235 5103 2380 5174 λόγῳ
2426 5102 2721 5174 ἐμήνυσεν,
2770 5101 2887 5155 ἀλλ’
2937 5102 3310 5170 ἀπαγγέλλειν
3358 5100 3675 5171 ἐφιλοσόφει
3730 5098 3825 5168 τὴν

2237 5196 2368 5249 θέαν
2390 5196 2449 5249 τὸ
2482 5197 2707 5267 μήνυμα
2728 5212 2741 5225 ·
2781 5196 2809 5248 ὃ
2842 5195 2958 5259 πῶς
2989 5194 3056 5248 ἂν
3118 5194 3621 5266 φιλουτιμουμένης
3655 5194 3716 5249 τὸ
3748 5191 3825 5244 δο-

2238 5287 2520 5355 ξάζεσθαι,
2551 5288 2667 5352 πῶς
2706 5289 2763 5342 δὲ
2788 5287 3063 5359 ζητούσης
3094 5288 3461 5359 σεμνύνεσθαι
3496 5289 3591 5341 καὶ
3624 5290 3691 5358 τῇ
3731 5280 3822 5338 τοῦ

2236 5381 2356 5437 υἱοῦ
2388 5381 2827 5452 ἐπιγαυροῦσθαι
2860 5380 3245 5453 μεγαλείοτητι
3264 5399 3276 5446 ;
3296 5381 3349 5435 τί
3368 5382 3413 5435 δ’
3439 5381 3505 5435 ἂν
3527 5382 3715 5454 ἕτερον
3732 5375 3822 5432 καὶ

2171 5513 2192 5547 ._-
2237 5477 2493 5550 θεράπων
2525 5476 2732 5548 ἔπραξε
2759 5478 2952 5549 χρείας
2980 5470 3147 5530 αὐτὸν
3175 5477 3269 5529 ἐπὶ
3295 5477 3387 5529 τὸν
3415 5475 3621 5546 Κύριον
3649 5488 3821 5543 παρα-

2235 5571 2494 5641 γενέσθαι
2520 5571 2791 5641 καλούσης
2819 5589 2835 5637 ;
2869 5569 3068 5624 οὔκουν
3095 5571 3195 5623 οὐκ
3225 5565 3295 5642 ῆν
3327 5570 3650 5639 ἐπιτίμησις
3682 5570 3709 5621 ὁ
3736 5564 3818 5616 λό-

2234 5683 2331 5736 γος
2360 5666 2454 5720 τοῦ
2493 5666 2669 5736 Ἰησοῦ
2695 5668 2763 5736 τῇ
2793 5664 2997 5736 Μητρὶ,
3024 5665 3145 5717 ούδέ
3174 5682 3259 5728 τις
3290 5665 3495 5734 τρόπος
3515 5658 3811 5718 ἀνακαλού-

2240 5756 2399 5830 μενος
2438 5760 2526 5814 διᾶ
2574 5759 2835 5829 μέμψεως
2874 5759 2934 5811 τὸ
2972 5758 3284 5826 ἐλάττωμα.
3324 5757 3399 5808 Οὐ
3427 5756 3537 5828 γάρ
3563 5752 3633 5826 ῆν
3662 5752 3811 5807 ἐλάτο

2238 5860 2397 5923 τωμα
2460 5850 2734 5921 οὐδαμοῦ,
2798 5848 2932 5903 ἀλλά
3003 5847 3295 5902 Ἰουδαϊκὸν
3366 5846 3695 5919 ἐπεστόμιζε
3759 5838 3820 5891 τὸ
