4144 6450
363 392 471 459 345
1332 399 1432 461 AD
1470 397 2067 460 AMPHILOCHIUM
2108 400 2455 465 OU.ESTIO
2475 404 2650 466 XLV.
3555 416 3662 478 346

364 514 661 588 εἰρημένον
714 514 1039 587 χλεύασμα·
1076 515 1186 569 τῶν
1231 516 1340 588 γὰρ
1394 518 1718 588 κακοχύλων
1767 534 1827 570 τε
1873 518 2000 575 καὶ,

2024 534 2042 575 ι
2072 519 2273 573 vatoris
2301 528 2355 573 ct
2403 520 2752 575 insolentiam
2788 522 3104 580 dicentibus
3133 543 3145 581 :
3186 543 3205 577 ι
3244 524 3437 582 Nonne
3460 526 3549 582 hic
3574 540 3660 583 cst

361 608 703 679 ἀγνωμόνων
738 608 1008 662 Ἰουδαίων
1036 608 1133 665 νῦν
1161 609 1430 678 λεγόντων
1459 612 1555 663 ἐπὶ
1600 610 1820 682 διαϐολῇ
1862 613 1958 664 καὶ

2066 610 2210 665 fabri
2248 612 2389 667 filius
2422 613 2512 666 ‘°?
2547 632 2566 665 ι
2611 613 2765 670 Nunc
2818 632 2972 683 vero,
3021 633 3203 673 nonne
3248 631 3423 676 mater
3454 621 3577 691 ejus
3604 633 3662 679 et

362 699 522 772 ὕϐρει
551 702 829 773 Σωτῆρος,
857 702 971 773 Ούχ
1000 696 1157 766 οὗτός
1193 704 1344 757 ἐστιν
1392 703 1488 757 τοῦ
1520 704 1771 769 τέκτονος
1803 706 1952 772 υίόςς

2064 705 2263 760 fratres
2314 708 2456 775 apud
2515 708 2659 762 nos?
2706 707 2774 763 Et
2820 725 3083 765 rursum:
3122 732 3141 763 ι
3200 714 3359 768 Hunc
3411 716 3653 779 scimus,

360 792 461 845 νῦν
492 792 551 845 δὲ
581 793 679 863 οὐχ
708 794 740 862 ἡ
769 793 958 864 μήτηρ
989 793 1157 846 αὑτοῦ
1188 794 1283 847 καὶ
1308 797 1356 847 οἱ
1379 794 1599 864 ἀδελφοὶ
1623 798 1755 867 παρ’
1782 798 1951 866 ἡμῖν;

2062 801 2209 853 unde
2238 810 2322 854 est
2357 800 2423 852 δι.
2456 819 2474 849 ι
2513 799 2720 856 Deinde
2750 811 2803 857 et
2830 812 2961 857 tunc
2980 803 3209 859 docente
3235 817 3287 859 et
3311 806 3652 876 spiritualcm

359 883 476 937 Καὶ
502 884 684 938 πάλιν·
712 902 729 935 ι
753 882 954 935 Τοῦτον
984 883 1039 937 δέ
1058 884 1281 955 οἴδαμεν
1315 884 1483 938 πόθεν
1502 885 1953 941 ἐστίν.»Ἕπειτα

2060 893 2293 948 salutem
2315 892 2597 957 afferente,
2615 896 2953 950 multitudini
2988 897 3305 953 invidebant
3322 911 3375 955 et
3402 899 3654 956 malevoli

363 980 459 1031 καὶ
487 978 608 1031 τότε
633 976 979 1042 διδάσκοντος
1008 979 1104 1032 καὶ
1131 979 1229 1050 τὴν
1262 979 1501 1051 ψυχικὴν
1526 983 1805 1052 σωτηρίαν
1837 984 1951 1035 εισ-

2057 992 2239 1048 erant,
2274 993 2330 1039 et
2348 985 2415 1039 ad
2445 986 2782 1040 calumniam
2816 988 3107 1043 ardebant.
3138 990 3196 1044 Si
3229 999 3411 1045 autem
3436 996 3653 1048 abesset

356 1070 687 1141 ηγουμένου,
719 1070 797 1139 τῷ
824 1071 1026 1142 πλήθει
1054 1071 1376 1143 διεφθόνουν
1409 1092 1466 1127 τε
1508 1076 1604 1128 καὶ
1626 1076 1948 1131 διεϐάσκαι-

2057 1078 2349 1134 calumnia:
2389 1078 2567 1143 locus,
2627 1078 2696 1133 ad
2731 1081 2920 1136 solitas
2960 1080 3355 1153 confugiebant
3396 1085 3648 1154 injurias,

352 1180 445 1215 νον
476 1161 571 1215 καὶ
598 1162 737 1233 πρὸς
763 1163 1019 1227 διαϐολάς
1054 1165 1419 1235 ἀνεφλέγοντο
1437 1169 1568 1221 ὀὐκ
1591 1165 1659 1240 ἦν
1688 1170 1745 1222 δὲ
1778 1170 1947 1242 πόρος

2054 1181 2109 1226 et
2137 1183 2366 1227 matrem
2408 1189 2629 1227 rursum
2677 1174 2730 1227 in
2786 1174 3121 1243 vitupcrinm
3173 1186 3227 1229 et
3274 1187 3650 1245 contemptum

348 1252 485 1315 ὅλως
520 1252 781 1323 διαϐολῆς
827 1254 922 1306 ἐπὶ
960 1254 1062 1324 τὴν
1108 1255 1314 1327 συνήθη
1355 1256 1626 1327 λοιδορίαν
1672 1257 1947 1328 καταφεύ-

2054 1266 2421 1332 adducebant,
2480 1266 2724 1322 dicentes
2772 1267 2923 1327 fere:
2959 1286 2977 1321 ι
3015 1267 3157 1335 Quid
3214 1269 3415 1323 doces?
3476 1269 3649 1335 Quem

345 1364 531 1415 γουσι,
564 1348 658 1401 καὶ
692 1348 790 1419 τὴν
829 1349 1046 1420 μητέρα
1080 1349 1249 1403 πάλιν
1275 1351 1525 1415 καὶτοὺς
1560 1351 1826 1420 ἀδελφοὺς
1863 1355 1945 1415 είς

2053 1357 2285 1426 teipsum
2349 1357 2553 1413 facis?
2613 1378 2631 1411 ι
2695 1358 2887 1415 Nonne
2950 1375 3011 1415 es
3092 1360 3339 1416 mulieris
3416 1378 3649 1431 pauper-

342 1441 516 1511 ψόγον
543 1443 639 1495 καὶ
668 1442 1013 1513 ἐξουθένημα
1060 1444 1487 1514 προκομίζουσι,
1522 1445 1808 1515 μονονουχὶ
1851 1444 1942 1499 λέ-

2050 1454 2189 1508 culte
2220 1452 2406 1507 lilius?
2450 1453 2513 1507 Et
2550 1452 2748 1508 fratres
2801 1454 2877 1505 tui
2930 1453 3067 1507 nihil
3098 1454 3377 1517 differunt,
3411 1470 3645 1523 quorum

342 1550 573 1603 γοντες⁸
616 1536 752 1589 Τίνα
784 1534 1093 1601 διδάσκεις;
1144 1536 1266 1588 τίνα
1323 1536 1378 1589 δέ
1419 1537 1616 1590 σαυτὸν
1658 1536 1937 1608 κομίζεις;

2049 1547 2157 1600 vita
2190 1561 2289 1616 per
2344 1562 2541 1600 manus
2584 1562 2714 1602 suas
2758 1555 3126 1604 sustentatur.
3172 1546 3310 1602 Ecce
3361 1546 3448 1601 isti
3500 1558 3647 1601 stant

342 1629 482 1699 Οὐχὶ
506 1630 766 1697 γυναικὸς
794 1630 1027 1702 πένητος
1058 1631 1325 1702 ὑπάρχεις
1354 1632 1502 1699 υἱός;
1530 1632 1626 1687 καὶ
1652 1635 1701 1686 οί
1721 1633 1939 1701 ἀδελφοί

2047 1634 2182 1689 foris
2214 1644 2528 1705 quaerentes
2582 1643 2653 1688 te.
2692 1632 2894 1689 Omitte
2920 1636 3116 1690 docere
3147 1646 3201 1689 et
3226 1640 3291 1689 ad
3317 1637 3646 1705 consangui-

345 1737 445 1773 σου
479 1722 636 1774 οὐδὲν
656 1723 1030 1792 διαφέρουσιν,
1060 1719 1136 1777 ὧν
1178 1726 1207 1777 ὁ
1249 1724 1364 1794 βίος
1414 1724 1503 1779 διὰ
1538 1727 1771 1797 χειρῶν;
1802 1727 1936 1781 Ἰδοὺ

2047 1741 2183 1781 neos
2218 1727 2377 1790 vade,
2414 1725 2664 1782 eamdem
2712 1742 2776 1781 ac
2817 1726 2894 1780 illi
2931 1728 3055 1781 vitae
3100 1727 3371 1781 rationem
3410 1726 3638 1790 habens,

341 1808 498 1869 οὗτοι
545 1816 843 1884 ἑστήκασιν
892 1817 997 1884 ἔξω
1026 1817 1319 1887 ζητοῦντές
1348 1834 1407 1870 σε
1428 1835 1441 1849 ·
1472 1817 1536 1873 ἔα
1572 1818 1635 1871 τὸ
1659 1819 1936 1872 διδάσκειν

1720 1819 1936 1872 δάσκειν
2046 1818 2141 1873 sed
2178 1833 2288 1872 non
2317 1817 2383 1871 ad
2416 1816 2650 1870 docendi
2684 1831 2980 1885 assurgens
3013 1816 3356 1886 dignitatem.

337 1915 439 1967 καὶ
468 1914 607 1985 πρὸς
635 1914 763 1977 τοὺς
792 1917 1081 1985 συγγενεῖς
1109 1915 1403 1987 ἀπότρεχε,
1459 1915 1559 1987 τὴν
1586 1916 1821 1980 ἐκείνοις
1886 1914 2011 1987 ἴσην
2048 1914 2250 1987 μετιὼν
2288 1912 2595 1981 πολιτείαν,
2650 1912 2791 1966 ἀλλὰ
2838 1911 2913 1983 μὴ
2969 1911 3103 1983 πρὸς
3147 1910 3207 1963 τὸ
3255 1908 3637 1963 διδασκαλικὸν

335 2006 653 2061 ἀναϐαίνων
691 2005 935 2076 ἀξίωμα.

413 2102 562 2157 Ταῦτ
580 2103 593 2123 ’
617 2100 710 2155 οὖν
739 2102 986 2169 ἐκείνων,
1010 2101 1086 2166 ὡς
1118 2100 1742 2173 έθοςνίπονηρευομένων
1768 2099 1796 2152 ὸ
1824 2101 1939 2153 Σω-
1972 2105 2013 2160 Β

2005 2110 2013 2157 ι
2114 2095 2208 2151 Illa
2262 2096 2429 2167 igitur
2478 2096 2581 2159 eis,
2635 2106 2693 2150 ut
2754 2095 2989 2161 solebat,
3052 2096 3302 2165 improbe
3352 2096 3641 2167 agentibus

336 2194 447 2265 τὴρ
472 2193 758 2257 ἀντιτιθεὶς
800 2196 895 2248 καὶ
938 2194 1323 2263 ἀντεπεξάγων
1349 2196 1415 2267 τῇ
1456 2193 1809 2265 μακροθυμίᾳ
1842 2192 1938 2246 καὶ

2044 2189 2299 2245 Salvator
2323 2204 2637 2259 Opponens,
2675 2204 2737 2243 ac
2764 2205 2859 2244 eos
2895 2191 3167 2259 patienter
3199 2191 3365 2244 simul
3392 2201 3447 2244 et
3482 2208 3640 2245 man-

339 2284 632 2355 πραότητι,
652 2284 943 2351 Τοσοῦτον,
974 2288 1157 2355 φησὶν,
1185 2285 1375 2356 ἀπέχω
1394 2285 1492 2338 τοῦ
1514 2285 1936 2357 ἐπαισχύνεσθαι

2040 2293 2197 2338 suete
2222 2284 2534 2338 reducens:
2573 2281 2835 2348 Tantum,
2873 2282 3078 2352 inquit,
3104 2282 3260 2337 abest
3291 2292 3351 2337 ut
3374 2284 3439 2337 de
3465 2296 3640 2339 matre

342 2376 516 2449 μητρὶ
566 2379 658 2430 καὶ
709 2380 821 2441 τοῖς
870 2376 1145 2448 ἀδελφοῖς,
1179 2378 1262 2431 ὅτι
1311 2379 1372 2431 ού
1410 2378 1575 2448 μόνον
1611 2379 1678 2449 ἢν
1705 2380 1738 2447 ἡ
1772 2378 1936 2447 φύσις

2039 2385 2093 2429 ct
2140 2374 2407 2430 fratribus
2460 2375 2805 2439 erubescam,
2860 2384 2920 2427 ut
2957 2389 3065 2430 non
3115 2376 3279 2428 modo
3318 2390 3437 2429 eam
3471 2392 3636 2445 quam

336 2470 545 2523 ἔδωκεν
585 2471 678 2524 καὶ
709 2470 804 2535 οὓς
830 2471 911 2534 εἰς
934 2472 1091 2539 γένος
1117 2473 1149 2544 ἡ
1178 2471 1449 2543 ὑπόληψις
1478 2470 1632 2524 ἔθετο
1672 2472 1771 2524 ούκ
1797 2472 1936 2525 ἀπο-

2039 2466 2191 2521 dedit
2221 2478 2436 2532 natura,
2467 2475 2521 2520 et
2556 2482 2652 2521 eos
2686 2481 2828 2535 quos
2865 2465 2919 2519 in
2959 2480 3161 2535 genere
3203 2481 3322 2520 mea
3352 2468 3637 2536 conceptio

336 2564 665 2634 στρέφομαι,
691 2564 811 2617 οὐδὲ
844 2565 1107 2636 αἰσχύνην
1138 2564 1383 2635 ἡγοῦμαι
1410 2564 1531 2617 οὐδὲ
1555 2563 1778 2629 ὄνειδος,
1800 2563 1936 2617 ἀλλὰ

2038 2559 2225 2629 posuit
2260 2574 2367 2612 non
2408 2558 2656 2628 rejiciam
2697 2574 2874 2627 neque
2900 2557 3260 2627 opprobrium
3300 2568 3393 2612 aut
3420 2560 3637 2628 vitupe-

334 2656 435 2710 καὶ
466 2657 688 2719 τούτους
717 2656 965 2721 ἅπαντας
995 2656 1086 2720 οὒς
1120 2659 1282 2731 ὁρᾶτε
1316 2656 1424 2711 τῶν
1457 2656 1619 2728 ἱερῶν
1648 2656 1823 2725 λόγων
1849 2656 1935 2709 δν-

2040 2652 2188 2705 rium
2215 2650 2439 2715 ducam,
2474 2652 2569 2706 sed
2602 2659 2655 2705 et
2691 2667 2787 2705 eos
2815 2666 2957 2720 quos
2983 2652 3176 2707 videtis
3204 2668 3487 2708 sacrorum
3518 2668 3637 2708 ser-

333 2765 435 2809 τας
469 2748 755 2818 σωτηρίων
807 2748 1103 2820 ἀκροατὰς,
1138 2751 1232 2804 καὶ
1268 2752 1516 2821 πατέρας
1542 2753 1638 2805 καὶ
1669 2750 1934 2819 ἀδελφοὺς

2037 2758 2262 2798 monnm
2292 2743 2577 2799 auditores
2610 2752 2663 2798 et
2687 2754 2869 2814 patres
2904 2752 2958 2797 et
2997 2742 3197 2799 fratres
3232 2761 3337 2799 non
3373 2746 3635 2813 dedigncr

335 2841 439 2893 οὐκ
502 2841 725 2905 ἀπαξιῶ
780 2841 1200 2911 κατονομάζειν,
1244 2844 1305 2897 τὸ
1331 2844 1600 2915 πατρικὸν
1653 2843 1815 2913 μόνον
1845 2843 1934 2897 θέ·

2037 2836 2348 2899 nominare,
2383 2844 2666 2906 paternam
2697 2838 3035 2893 voluntatem
3068 2838 3370 2893 dummodo
3396 2838 3633 2903 faciant,

336 2932 489 3003 λημα
511 2934 824 2997 ποιοῦντας,
855 2935 957 2988 κᾶν
978 2937 1117 3007 μήτε
1147 2938 1213 3007 τῇ
1240 2935 1425 3005 φύσει,
1456 2937 1595 3007 μήτε
1626 2940 1692 3009 τῇ
1725 2936 1933 3008 ύπολήο

2034 2926 2293 2997 quamvis
2324 2943 2501 2997 neque
2524 2938 2721 2981 natura
2754 2945 2931 2998 neque
2957 2929 3318 2998 conceptione
3345 2929 3639 2998 pra-dictos

332 3025 428 3095 ψει
465 3027 565 3089 τὰς
598 3026 896 3097 εἰρημένας
925 3028 1317 3099 φιλοστόργους
1350 3028 1561 3097 σχέσεις
1593 3028 1760 3099 έχωσι
1802 3029 1930 3100 βοηο

2034 3019 2240 3075 amoris
2281 3020 2503 3075 habitus
2550 3020 2769 3091 adjutos
2822 3022 3084 3076 habeant.
3118 3040 3137 3072 ι
3180 3022 3315 3087 Qua:
3357 3032 3440 3077 est
3469 3023 3636 3091 igitur

334 3117 630 3188 θουμένας.
671 3120 768 3181 Τίς
813 3118 906 3172 οὖν
942 3121 1148 3193 ἐστινὴ
1180 3122 1364 3192 μήτηρ
1398 3138 1500 3191 μου
1535 3122 1629 3175 καὶ
1661 3122 1693 3191 ἡ
1726 3122 1927 3193 ἀδελφή

2034 3120 2208 3165 mater
2242 3127 2361 3165 mea
2392 3120 2443 3165 et
2476 3127 2636 3167 soror
2668 3112 2833 3167 mea?
2864 3132 2881 3163 ι
2918 3112 3062 3179 Quid
3101 3113 3232 3166 mihi
3265 3114 3364 3167 has
3394 3114 3634 3182 appella-

336 3228 443 3280 μου
469 3229 483 3277 ;
524 3210 576 3263 τί
606 3228 696 3280 μοι
734 3209 829 3273 τὰς
858 3211 1078 3281 κλήσεις
1108 3212 1311 3277 ταύτας
1342 3214 1422 3276 είς
1455 3211 1613 3284 ὓϐριν
1666 3214 1760 3267 καὶ
1789 3214 1929 3268 ὄνει-

2034 3206 2211 3260 tiones
2237 3206 2293 3259 in
2333 3205 2690 3275 opprobrium
2738 3216 2791 3259 et
2840 3205 3100 3274 injuriam
3149 3205 3351 3275 lingis?
3393 3204 3629 3260 Tantum

330 3302 425 3365 δος
456 3303 896 3373 μεταπλάττεις;
928 3303 1039 3374 ἐγὼ
1071 3305 1326 3358 τοσοῦτον
1352 3307 1779 3377 ἐπαισχύνεσθαι
1799 3308 1927 3361 τού-

2032 3300 2190 3353 abest
2237 3308 2296 3353 ut
2348 3299 2457 3352 illis
2508 3298 2853 3363 erubescam,
2889 3306 2949 3351 ut
2979 3313 3136 3352 veros
3163 3298 3468 3366 discipulos
3511 3298 3631 3353 istis

332 3409 450 3457 τοις
465 3393 748 3465 διέστηκα,
771 3394 911 3449 ὥστε
941 3396 1183 3459 καὶτοὺς
1214 3397 1504 3469 ἀληθινοὺς
1528 3398 1779 3469 μαθητάς
1806 3400 1927 3463 ταῖς
1957 3454 1968 3469 Α

2032 3393 2496 3463 appellationibus
2539 3403 2594 3446 et
2642 3392 2919 3446 habilibus
2973 3390 3106 3445 mihi
3152 3393 3489 3461 conjungere
3518 3404 3632 3447 sta-

430 3450 446 3457 -
637 3450 649 3465 .
736 3450 747 3459 .
1164 3450 1181 3459 -
1305 3450 1316 3469 ,
1485 3450 1923 3469 ..πιννρσ

335 3483 562 3554 κλήσεσι
622 3484 850 3547 ταύταις
912 3485 1006 3538 καὶ
1066 3485 1317 3555 σχέσεσιν
1374 3485 1600 3557 ἐμαυτῷ
1632 3452 1971 3540 συνάπτειν1

1995 3487 1997 3504 ¹
2036 3488 2255 3541 luerim.
2290 3486 2355 3539 Et
2398 3486 2527 3541 inde
2562 3487 2747 3539 videre
2785 3494 2871 3539 est
2916 3484 3048 3538 nihil
3093 3484 3290 3553 ingrati
3327 3486 3495 3539 animi
3535 3496 3631 3541 aut

331 3577 690 3649 προειλόμην.
724 3577 836 3631 Καὶ
869 3577 1015 3631 ἔστιν
1039 3578 1290 3632 ἐντεῦθεν
1318 3580 1548 3650 συνορᾷν
1581 3580 1655 3641 ὡς
1677 3580 1738 3632 οὺ
1770 3579 1929 3649 μόνον

2034 3588 2383 3649 contemptus
2423 3594 2550 3647 erga
2601 3588 2831 3632 matrem
2880 3577 3159 3647 prazcitata
3199 3576 3361 3631 verba
3405 3593 3627 3649 expres-

329 3672 485 3725 οὐδὲν
537 3671 954 3741 ἀγνωμοσύνης,
983 3671 1104 3726 οὐδὲ
1155 3674 1518 3744 παροράσεως
1552 3675 1829 3745 μητρικῆς
1859 3674 1929 3727 τὰ

2033 3674 2194 3737 sisse,
2224 3672 2319 3727 sed
2366 3681 2419 3726 et
2465 3673 2769 3725 maximum
2800 3670 2876 3723 illi
2924 3679 2979 3725 et
3027 3669 3310 3723 decentem
3362 3671 3625 3725 honorem

330 3764 784 3835 προενηνεγμένα
835 3765 1059 3835 ῥήματα
1102 3759 1193 3835 ἦν,
1224 3764 1361 3819 ἀλλά
1406 3767 1499 3819 καὶ
1528 3766 1626 3837 τὴν
1661 3767 1927 3839 μεγίστην

2031 3780 2394 3836 ρτωριιτιιεεθ.
2438 3764 2764 3819 Adeo'enim
2806 3763 2882 3817 illi
2922 3764 3334 3816 veneratioimn
3383 3774 3437 3817 et
3480 3780 3625 3818 mer-

326 3856 473 3928 αύτῇ
506 3857 599 3909 καὶ
626 3856 947 3927 πρέπουσαν
967 3857 1476 3926 συγκατασκευάζει
1506 3860 1694 3929 τιμήν.
1728 3857 1929 3911 Τοσοῦ-

2030 3858 2220 3913 cedem
2264 3856 2481 3925 tribuit,
2524 3866 2579 3912 et
2620 3857 2767 3927 quod
2812 3856 3018 3910 amoris
3064 3856 3276 3924 justum
3318 3866 3422 3921 est,
3472 3865 3530 3909 ut
3574 3867 3628 3909 rt

325 3965 423 4001 τον
454 3950 563 4018 γὰρ
596 3949 735 4019 αὐτῇ
778 3949 876 4019 τὴν
906 3948 1319 4019 σεϐασμιότητα
1349 3951 1444 4002 καὶ
1487 3948 1549 4002 τὸ
1586 3952 1755 4021 γέρας
1790 3950 1921 4002 ἀπο-

2028 3954 2370 4007 voluntatem
2431 3964 2715 4021 paternam
2764 3950 3129 4019 adimplentes
3165 3962 3216 4002 et
3260 3950 3326 4001 ad
3375 3960 3624 4004 sanctam

323 4043 483 4113 νέμει
499 4042 595 4097 καὶ
621 4042 683 4095 τὸ
708 4042 919 4096 δίκαιον
940 4041 1039 4112 τῆς
1063 4042 1324 4113 στοργῆς,
1343 4042 1483 4095 ὥστε
1503 4042 1595 4096 καὶ
1619 4044 1746 4105 τοὺς
1770 4044 1926 4095 ἐκτε-

2028 4049 2251 4103 virtutis
2275 4048 2674 4102 sublimitatem
2716 4055 3075 4115 assurgentes
3120 4052 3383 4112 tanquam
3423 4045 3477 4097 in
3516 4060 3626 4097 ma-

323 4135 557 4200 λοῦντας
610 4137 672 4190 τὸ
728 4137 1000 4208 πατρικὸν
1046 4136 1280 4206 θέλημα,
1335 4137 1429 4189 καὶ
1479 4136 1616 4208 πρὸς
1667 4136 1924 4191 τοσοῦτον

2028 4158 2189 4212 gnam
2222 4141 2460 4210 aliquam
2490 4149 2544 4194 ct
2568 4140 2826 4194 eximiam
2868 4138 3121 4209 gloriam,
3150 4139 3205 4194 in
3245 4139 3439 4193 matris
3464 4138 3620 4193 habi—

322 4228 671 4301 ἐπαρθέντας
730 4227 863 4298 ὕψος
912 4230 1136 4301 ἀρετῆς,
1167 4229 1243 4290 ὡς
1272 4231 1353 4294 εἰς
1388 4230 1533 4300 μέγα
1561 4247 1615 4282 τι
1640 4228 1801 4300 δόξης
1826 4229 1923 4283 καὶ

2030 4242 2145 4287 tum
2178 4241 2232 4287 et
2264 4232 2687 4301 appellationem
2717 4231 2979 4295 inducat;
3014 4230 3174 4298 cujus
3203 4247 3373 4287 causa
3402 4240 3456 4285 ct
3490 4242 3622 4285 tunc

322 4323 625 4395 ἐξαίρετον,
660 4324 741 4386 εἰς
769 4323 866 4394 τὴν
902 4322 1178 4395 μητρικὴν
1210 4322 1397 4393 σχέσιν
1453 4323 1548 4376 καὶ
1576 4323 1770 4391 κλῆσιν
1799 4323 1922 4377 τού-

2027 4326 2291 4396 temporis
2329 4326 2563 4379 fratrum
2611 4323 2903 4393 appellatio
2950 4324 3161 4379 honore
3205 4323 3425 4379 fruitur.
3467 4323 3622 4378 Patet

319 4435 454 4481 τους
487 4417 734 4485 ἀνάγειν,
788 4417 868 4471 δι’
892 4417 959 4488 ἢν
1006 4417 1104 4470 καὶ
1138 4420 1171 4487 ὴ
1198 4418 1308 4469 τῶν
1341 4417 1590 4486 ἀδελφῶν
1622 4416 1719 4470 νῦν
1752 4416 1921 4487 τιμῆς

2026 4419 2216 4489 igitur,
2274 4427 2337 4473 ut
2377 4418 2583 4473 dictum
2640 4426 2745 4481 est,
2781 4433 2890 4471 non
2936 4417 3100 4473 modo
3140 4433 3248 4471 non
3294 4416 3347 4470 in
3383 4417 3617 4471 materni

318 4508 594 4564 ἀπολαύει
620 4510 1002 4582 προσηγορία·
1041 4509 1144 4562 πού
1184 4510 1294 4581 γάρ
1342 4510 1411 4582 ἢν
1463 4509 1702 4580 ἔκρινεν,
1757 4510 1920 4582 εἴπερ

2025 4514 2232 4569 amoris
2252 4521 2307 4568 et
2338 4510 3117 4567 venerationisdetrimentum
3148 4510 3263 4565 haec
3292 4510 3440 4565 dicta
3468 4524 3612 4573 esse,

318 4604 564 4675 ἔκρινεν,
611 4603 1096 4668 ἀποσκευάζεσθαι
1147 4603 1358 4673 σχέσιν,
1397 4603 1501 4657 ποῦ
1530 4604 1575 4657 δ’
1601 4602 1669 4657 ἂν
1710 4604 1776 4677 ἣν
1810 4606 1920 4659 ἐδι-

2029 4627 2048 4659 ι
2079 4607 2213 4675 Quae
2231 4616 2314 4662 est
2340 4616 2514 4662 mater
2543 4607 2698 4661 mea?
2722 4616 2883 4669 ietc.,
2913 4608 3008 4660 sed
3023 4613 3077 4659 et
3096 4606 3510 4660 convenientem
3541 4604 3614 4657 illi

315 4696 506 4761 καίου,
534 4697 693 4768 εἴπερ
742 4696 1006 4763 ἐδικαίου,
1033 4697 1500 4768 παραγράφεσθαι
1530 4698 1743 4769 κλῆσιν,
1779 4698 1914 4752 ταύ-

2022 4702 2343 4759 omnimode
2410 4702 2640 4773 gloriam
2709 4710 2764 4756 et
2828 4701 3264 4757 benedictionem
3335 4700 3612 4755 conciliat.

314 4808 425 4861 την
454 4789 531 4853 ὡς
560 4789 827 4861 κορωνίδα
854 4791 948 4843 καὶ
979 4792 1279 4859 κεφάλαιον
1296 4790 1405 4843 τῶν
1428 4791 1648 4859 ἀγαθῶν
1672 4794 1787 4856 τοῖς
1806 4792 1916 4847 τῶν

1978 4794 2312 4861 )Quomodo
2350 4794 2496 4849 enim
2542 4810 2707 4864 quam
2752 4794 3055 4861 statuisset,
3103 4794 3150 4849 si
3174 4795 3479 4856 statuisset,
3517 4792 3614 4845 ha-

313 4882 567 4957 οὐρανῶν
597 4882 879 4953 βασιλείας
913 4881 1273 4954 κληρονόμοις
1304 4884 1587 4955 ἐπιφέρειν
1614 4900 1673 4937 τε
1700 4885 1794 4938 καὶ
1817 4902 1915 4955 χα-

2022 4888 2331 4945 bitudinem
2380 4889 2667 4955 abiecisse,
2703 4904 2869 4959 quam
2906 4888 3194 4953 voluisset,
3245 4887 3292 4942 si
3326 4886 3610 4942 voluisset.

318 4974 575 5046 ρίζεσθαι
636 4974 824 5046 χώραν
875 4969 1057 5045 εἷχεν;
1106 4974 1555 5046 Ἐμφανέστατον
1606 4976 1700 5030 οὖν
1756 4972 1913 5048 οἶμαι

2022 4982 2449 5053 appellationem
2480 4983 2830 5043 submovere,
2860 4995 2983 5036 eam
3034 4988 3091 5033 ut
3138 4981 3413 5049 lastigtum
3440 4987 3494 5031 et
3519 4993 3613 5032 ca-

316 5068 465 5123 καθά
497 5068 593 5122 καὶ
623 5069 950 5140 προείρηται
978 5069 1225 5138 γέγονεν,
1254 5069 1330 5135 ὡς
1363 5070 1422 5123 οὐ
1450 5069 1612 5141 μόνον
1643 5071 1745 5125 οὐκ
1768 5070 1915 5125 ἔστιν

2023 5085 2121 5147 put
2146 5075 2442 5141 bonorum,
2470 5074 2627 5144 regni
2670 5073 2941 5130 cmlorum
2989 5072 3301 5128 heredibus
3343 5071 3612 5127 inferendi

316 5162 445 5215 οὐδὲ
468 5164 546 5222 εἰς
567 5162 726 5234 ὓϐριν
742 5162 841 5233 τῆς
866 5161 1144 5233 μητρικῆς
1162 5164 1419 5234 στοργῆς,
1443 5163 1536 5218 καὶ
1553 5163 1737 5229 αἰδοῦς
1752 5165 1812 5219 τὸ
1831 5166 1916 5229 τίς

1374 5180 1419 5227 ς,
1443 5163 1536 5218 καὶ
1553 5163 1737 5229 αἰδοῦς
1752 5165 1812 5219 τὸ
1831 5166 1916 5229 τίς
2024 5175 2079 5223 et
2102 5165 2448 5238 gratiﬁcandi
2473 5165 2759 5222 habuisset
2790 5166 3010 5221 locum?

314 5264 471 5319 ἐστιν
505 5263 540 5333 ἡ
567 5262 753 5334 μήτηρ
789 5277 913 5333 μου,
938 5279 993 5315 κ.
1013 5279 1063 5315 τ.
1083 5260 1134 5317 λ.
1160 5262 1449 5333 εἰρημένα,
1470 5262 1606 5316 ἀλλὰ
1637 5264 1733 5318 καὶ
1755 5266 1855 5334 τὴν
1881 5265 2206 5340 πρέπουσαν
2232 5265 2366 5336 αὐτῇ
2395 5263 2732 5334 πανταχόθεν
2766 5264 2987 5333 συνάγει
3020 5263 3177 5329 δόξαν
3201 5263 3292 5317 καὶ
3314 5264 3608 5335 εὐφημίαν.

398 5354 554 5409 Οὕτω
596 5354 640 5407 δ’
672 5354 738 5409 ἂν
772 5360 1143 5430 περιτραπείη
1170 5360 1284 5422 τοῖς
1308 5357 1559 5429 ἀνοήτοις
1588 5356 1727 5429 πρὸς
1755 5358 1913 5411 τούν-

2094 5357 2174 5415 lla
2198 5368 2377 5413 autem
2406 5358 2618 5413 insanis
2638 5358 2797 5427 longe
2823 5357 2981 5411 aliter
2996 5372 3162 5425 quam
3214 5357 3610 5425 gloriabantur,

314 5446 503 5505 ἀντίον
534 5450 567 5521 ἢ
593 5451 982 5523 ἐφρυάττοντο,
1036 5453 1173 5524 πρὸς
1219 5453 1277 5506 δέ
1319 5453 1420 5522 τὴν
1457 5454 1659 5525 εὐσεϐῆ
1707 5456 1801 5509 καὶ
1839 5457 1916 5508 οξ-

2020 5453 2088 5509 ad
2129 5454 2272 5523 piam
2319 5461 2373 5507 et
2405 5452 2682 5522 propriam
2724 5451 2963 5505 divinam
2997 5452 3322 5519 sapientiam
3384 5466 3613 5506 conver-

317 5542 482 5597 κείαν
506 5543 866 5598 ἀπευθύνοιτο
886 5544 1175 5616 θεοσοφίαν
1198 5545 1293 5599 καὶ
1307 5546 1389 5598 τό·
1415 5566 1433 5598 ι
1463 5548 1505 5599 Τ
1514 5548 1527 5598 ί
1541 5548 1665 5612 ἐμοὶ
1686 5548 1780 5602 καὶ
1804 5548 1911 5609 σοὶ,

2020 5552 2229 5601 teretur
2268 5553 2323 5600 et
2358 5544 2525 5599 illud:
2572 5563 2591 5597 ι
2622 5543 2761 5610 Quid
2809 5544 2944 5598 mihi
2974 5552 3028 5596 et
3064 5543 3182 5605 tibi,
3210 5542 3447 5599 mulier?
3472 5558 3613 5597 non-

315 5634 514 5705 γύναι;
546 5635 702 5692 οὔπω
730 5639 857 5709 ἥκει
889 5639 921 5709 ἡ
948 5638 1065 5709 ὥρα
1095 5656 1226 5710 μουε
1255 5658 1271 5692 ι
1302 5640 1367 5694 Εἴ
1394 5658 1475 5704 τις
1514 5642 1620 5712 γάρ
1641 5641 1915 5711 ἐπιμελῶς

2025 5639 2157 5694 dum
2190 5639 2331 5694 \enil
2375 5638 2508 5692 hora
2537 5653 2655 5692 mea
2678 5638 2745 5691 θ’.
2791 5656 2809 5689 ι
2856 5637 2911 5691 Si
2944 5637 3068 5707 quis
3119 5638 3266 5695 enim
3305 5648 3559 5693 accurate
3592 5675 3610 5704 ,

395 5816 443 5848 ⁶⁰
472 5818 662 5872 Matth.
708 5831 827 5880 xm,
856 5818 944 5874 55.
1023 5821 1061 5849 θ’
1095 5817 1253 5873 Joan.
1300 5819 1487 5885 tx,29.
1568 5819 1609 5849 ⁶²
1640 5817 1797 5873 Joan.
1867 5834 1928 5883 ιι,
1994 5819 2046 5872 4.
