4144 6452
591 404 696 469 347

1750 383 2015 449 ΡΗΟΤΙΙ
2057 379 2564 444 ΡΑΤΒῙΑΒΟΗΑΞ
2592 378 2704 441 CP.

3766 368 3875 433 348

592 538 658 577 ex
707 516 816 574 illis
865 527 987 585 qua:
1034 512 1180 569 dicta
1220 515 1352 567 sunt
1392 506 1511 563 haec
1578 501 1955 562 meditaretur,
1990 497 2202 553 divina,

2308 488 2365 561 φ’
2389 486 2472 551 οἷς
2508 487 2721 561 ἐρρήθη
2759 484 2932 539 ταῦτα
2973 480 3339 552 διαμελετῴη,
3368 479 3469 550 τῆς
3514 478 3670 543 θείας
3706 481 3885 557 χάριέ

595 611 769 683 gratia
814 573 1145 676 cooperante
1234 611 1291 657 et
1341 596 1523 655 labori
1570 594 1900 666 opitulante,
1934 589 2179 645 inveniet

2308 600 2370 647 ος
2404 579 2771 652 συνεργούσης
2810 594 2871 630 τε
2901 576 2995 629 καὶ
3018 577 3084 646 τῇ
3118 574 3316 645 μελέτη
3351 573 3871 643 συναντιλαμϐανο-

595 718 719 759 eum
743 700 973 772 gloriam
995 705 1051 752 et
1082 695 1352 750 honorem
1386 691 1771 746 deeernentem
1797 684 1981 755 potius
2012 696 2179 752 quam

596 801 970 863 contemptum
1002 787 1229 845 omnino
1256 786 1400 840 hanc
1421 797 1613 837 vocem
1668 778 1944 835 emisisse.
1966 775 2181 831 Etenim

597 888 653 941 in
697 884 980 940 miraculis
1022 879 1160 934 nihil
1208 884 1326 933 erat
1378 875 1539 930 matri
1574 880 1631 928 et
1677 871 1789 926 ﬁlio
1851 880 2180 931 commune;

596 976 859 1048 quoniam
877 972 1111 1028 Deitatis
1146 978 1265 1025 erat
1292 982 1389 1038 per
1413 966 1649 1035 seipsatn
1686 959 1950 1017 miracula
1985 958 2183 1022 facere;

598 1072 853 1126 humana:
893 1075 1077 1121 autem
1105 1073 1318 1118 natura:
1336 1074 1446 1114 non
1478 1057 1591 1129 jam
1620 1071 1717 1126 per
1740 1069 1819 1117 se,
1853 1051 1947 1106 sed
1976 1066 2070 1121 per
2095 1064 2188 1103 as-

599 1176 823 1217 sumens
882 1158 1136 1212 Verbum.
1186 1157 1433 1208 Attamen
1508 1150 1563 1205 in
1597 1147 1664 1203 iis
1729 1146 1783 1201 in
1821 1144 2021 1215 quibus
2050 1140 2188 1196 nihil

602 1253 764 1307 matri
802 1262 854 1307 et
892 1250 1004 1304 ﬁlio
1033 1261 1324 1303 commune
1352 1252 1491 1308 erat,
1534 1242 1657 1296 vide
1686 1236 1962 1309 quomodo
1994 1249 2187 1290 emes-

605 1360 726 1399 sum
757 1342 984 1397 honoris
1016 1341 1099 1395 vel
1130 1340 1184 1393 in
1216 1336 1535 1391 discrimine
1584 1331 1793 1387 statuit.
1831 1328 2002 1382 Matre
2036 1326 2186 1382 enim

605 1436 724 1506 ejus
756 1444 982 1504 rogante
1017 1441 1077 1487 ut
1131 1430 1455 1485 miraculum
1490 1427 1717 1489 faceret,
1758 1432 2043 1492 postquam
2111 1418 2189 1473 si-

606 1526 881 1597 gniﬁcavit
912 1540 1018 1578 non
1051 1538 1173 1578 esse
1201 1520 1253 1575 id
1284 1532 1577 1575 commune
1616 1517 1692 1570 illi
1730 1524 1780 1568 ct
1807 1513 1930 1577 sibi,
1963 1521 2017 1565 et
2050 1519 2191 1565 tem-

606 1632 710 1685 pus
744 1612 986 1668 nondum
1022 1613 1215 1665 adesse
1248 1624 1358 1678 quo
1394 1607 1680 1676 oportebat
1739 1603 1892 1671 signa
1935 1597 2192 1669 operari,

2286 676 2475 747 μένης,
2508 671 2827 744 εὑρήσειτῇ
2861 667 3032 739 μητρὶ
3067 665 3267 735 μᾶλλον
3308 664 3466 729 δόξαν
3495 664 3883 736 περιάπτοντα

2284 766 2379 819 καὶ
2416 764 2602 833 τιμὴν,
2630 761 2664 832 ἢ
2688 760 2993 830 παρόρασιν
3030 758 3167 822 ὅλως
3211 758 3458 826 ἀφιέντα.
3489 757 3597 811 Καὶ
3633 756 3755 826 γὰρ
3789 755 3883 808 ἐπὶ

2282 857 2395 917 τοῖς
2420 852 2691 924 θαύμασιν
2710 850 2863 904 οὐδὲν
2883 844 2952 920 ἦν
2974 848 3155 902 κοινὸν
3189 847 3397 918 τῇ’Μητ
3407 848 3460 918 ρί
3487 846 3582 900 καὶ
3611 844 3700 915 τῷ
3724 844 3878 914 Υἰῷι

2288 946 2411 999 ἐπεὶ
2450 946 2546 998 καὶ
2602 943 2857 1011 θεότητος
2906 938 3009 1007 μὲν
3050 935 3118 1011 ἦν
3161 938 3221 992 τδ
3260 938 3710 1008 θαυματουργεῖν
3759 935 3881 988 καθ’

2289 1038 2523 1106 ἑαυτήν·
2554 1033 2903 1105 ἀνθρωπίνης
2936 1031 2994 1085 δὲ
3024 1032 3239 1100 φύσεως
3266 1028 3453 1083 οὐκέτι
3498 1026 3619 1080 καθ’
3649 1025 3883 1093 ἑαυτὴν,

2291 1129 2427 1184 ἀ)λά
2453 1127 2542 1180 διά
2568 1127 2658 1180 τὸν
2690 1122 3096 1197 προσειληφότα
3130 1121 3324 1187 Λόγον.
3362 1118 3508 1188 Πλὴν
3540 1116 3638 1171 καὶ
3675 1115 3768 1185 ἐφ’
3804 1110 3883 1177 οἷς

2292 1221 2472 1276 κοινὸν
2522 1219 2677 1272 οὐδὲν
2722 1213 2790 1287 ἦν
2824 1213 3111 1288 μητρίκαί
3145 1211 3265 1281 υἰῷ,
3295 1212 3396 1278 ὅρα
3427 1209 3547 1272 πῶς
3576 1207 3681 1277 τὴν
3708 1209 3852 1277 ὑπερ
3871 1235 3883 1243 -

2299 1314 2460 1384 ϐολὴν
2493 1311 2593 1380 τῆς
2616 1308 2785 1379 τιμῆς
2812 1310 2906 1362 καί
2934 1310 2992 1361 ἐν
3018 1310 3085 1376 τῇ
3107 1305 3336 1375 διαφορᾷ
3356 1303 3600 1372 συνιστᾷ.
3621 1300 3885 1369 Θαυματ-

2293 1404 2513 1476 ουργεῖν
2556 1400 2668 1471 γὰρ
2700 1401 2796 1465 τῆς
2844 1400 3049 1471 μητρὸς
3095 1395 3375 1464 ἀξιούσης,
3416 1391 3779 1462 ἐπισημῄνας
3815 1389 3887 1460 μή

2293 1494 2437 1551 εἶναι
2467 1494 2626 1549 τοῦτο
2656 1494 2834 1546 κοινὸν
2863 1492 3031 1561 αὐτῆς
3058 1507 3117 1542 τε
3153 1490 3246 1541 καὶ
3266 1486 3485 1549 ἐαυτοῦ,
3517 1485 3611 1538 καὶ
3639 1485 3742 1537 τὸν
3763 1501 3885 1537 και-

2300 1589 2390 1659 ρδν
2429 1588 2504 1659 μὴ
2540 1590 2798 1659 παρεῖναι
2847 1584 3104 1655 προσθεὶς
3166 1579 3287 1633 καθ’
3318 1579 3376 1631 ὃν
3417 1578 3524 1629 ἔδει
3552 1576 3653 1640 τὰς
3688 1575 3887 1644 θεοση-

606 1721 735 1775 erga
772 1712 1000 1758 matrem
1062 1698 1422 1754 reverentiam
1457 1703 1513 1749 et
1565 1694 1827 1746 honorem
1870 1689 2110 1745 ostendit
2139 1694 2195 1741 et

2308 1682 2456 1753 μείας
2480 1682 2749 1752 ἐνεργεῖν,
2778 1678 2878 1749 τὴν
2909 1676 3043 1747 πρὸς
3062 1675 3162 1745 τὴν
3204 1674 3416 1744 μητέρα
3439 1670 3573 1725 αἰδῶ
3596 1671 3696 1723 καὶ
3723 1668 3887 1739 τιμήν

611 1758 857 1867 tempore
907 1803 960 1848 et
986 1798 1332 1863 permutante
1383 1787 1629 1857 potentia
1665 1783 1948 1837 fortiorem
1980 1798 1993 1834 :
2027 1788 2079 1833 et
2119 1778 2194 1831 ita

2308 1771 2467 1835 ἔδειξε
2515 1768 2728 1823 καὶτοῦ
2772 1764 2965 1835 καιροῦ
3002 1763 3220 1831 καὶτῆς
3268 1759 3701 1828 διαλλαττούσης
3730 1758 3889 1811 δυνά-

610 1898 822 1943 tantum
857 1886 1011 1940 abest
1059 1881 1259 1950 utejus
1289 1879 1432 1933 dicta
1470 1886 1768 1931 maternam
1828 1871 2052 1942 gloriam
2095 1868 2199 1922 mi-

2308 1880 2449 1934 μεως
2492 1860 2992 1930 ἐπικρατεστέραν*
3024 1857 3162 1910 ὥστε
3208 1852 3459 1906 τοσοῦτον
3501 1852 3571 1904 τὰ
3615 1850 3889 1921 εἰρημένα

610 1991 802 2045 nuant,
857 1988 918 2032 ut
959 1986 1145 2031 contra
1166 1985 1220 2029 et
1247 1972 1418 2026 multo
1455 1970 1719 2037 majorem
1768 1980 1887 2019 eam
1939 1963 2194 2017 eﬂiciant.

610 2073 746 2126 Eam
780 2071 925 2124 enim
952 2076 1005 2121 et
1054 2075 1299 2133 tempore
1325 2060 1643 2114 validiorem
1676 2055 1899 2113 credere
1940 2060 1994 2106 et
2026 2051 2197 2104 mira-

612 2166 863 2219 culorum
899 2157 1267 2229 congruentia:
1289 2154 1433 2224 leges
1467 2148 1774 2220 transgredi
1802 2144 2020 2209 deinde,
2051 2142 2198 2213 quod

613 2254 999 2327 praetendebat,
1033 2250 1231 2311 facere,
1259 2252 1465 2316 quanto
1500 2242 1766 2312 majorem
1831 2239 2095 2292 honorem
2143 2240 2199 2288 et

614 2318 972 2395 reverentiam
1013 2341 1187 2403 parat,
1215 2346 1379 2401 quam
1427 2330 1471 2383 si
1499 2328 1612 2380 lucc
1656 2340 1763 2379 nou
1816 2324 1963 2377 dit-ta
1994 2329 2047 2374 et
2107 2318 2198 2373 de-

613 2433 918 2478 monstrata
956 2426 1165 2474 essent.
1194 2415 1330 2469 Fere
1364 2413 1507 2466 enim
1536 2426 1630 2480 per
1653 2424 1717 2463 ea
1748 2422 1869 2476 quae
1894 2404 2108 2460 dicebat
2148 2409 2203 2456 et

614 2512 876 2573 faciebat,
934 2506 1173 2563 ostendit
1245 2505 1429 2558 dicens
1485 2520 1499 2555 :
1554 2498 1929 2554 Communitas
1994 2504 2203 2547 natura:

613 2603 1063 2659 communitatem
1132 2612 1240 2653 non
1284 2595 1493 2649 inducit
1549 2590 1813 2645 miracula
1872 2585 2119 2656 patrandi
2186 2601 2200 2637 :

620 2691 790 2757 «Quid
808 2689 940 2743 mihi
958 2697 1010 2741 et
1027 2686 1143 2751 tibi,
1161 2684 1357 2739 mulier
1370 2682 1433 2735 ῖί
1460 2678 1646 2750 Neque
1664 2678 1755 2731 Dei
1772 2676 2052 2745 signorum
2073 2687 2206 2725 con-

617 2798 818 2855 gruens
847 2792 1059 2849 tempus
1084 2788 1187 2831 est.
1220 2778 1470 2829 Attamen
1500 2782 1557 2826 ut
1586 2770 1749 2835 scias,
1774 2778 1831 2821 tu
1866 2776 1918 2820 et
1940 2770 2208 2833 quotquot

620 2876 689 2929 ad
730 2873 1022 2927 videndum
1041 2879 1094 2925 et
1121 2867 1449 2923 audiendum
1499 2862 1798 2933 indigentia
1841 2857 2086 2920 adduxit,
2120 2869 2208 2908 me

622 2965 721 3022 tibi
754 2976 998 3018 materna
1024 2962 1149 3032 jura
1195 2961 1516 3014 intemerata
1551 2970 1793 3019 servare,
1842 2962 1895 3006 et
1929 2964 2051 3005 esse
2080 2960 2207 3001 eum

622 3059 717 3129 qui
755 3058 926 3121 legem
958 3053 1121 3109 statui
1178 3061 1239 3107 ut
1266 3049 1424 3104 matri
1447 3049 1849 3102 venerationem
1902 3040 1999 3095 ﬁlii
2064 3051 2211 3109 pra:-

624 3153 789 3212 stcut,
838 3146 951 3199 imo
997 3157 1125 3197 vero
1153 3155 1240 3195 me
1271 3140 1339 3193 iis
1367 3154 1487 3205 quae
1522 3137 1574 3190 in
1605 3145 1799 3189 natura
1832 3131 2002 3187 series
2027 3127 2213 3183 cousi-

2297 1956 2398 2024 τῆς
2447 1952 2722 2024 μητρικῆς
2767 1950 2923 2019 δόξης
2958 1948 3165 2000 ἔνδειαν
3209 1945 3404 2007 ποιεῖν,
3444 1942 3519 2005 ὡς
3558 1941 3653 1995 καί
3691 1939 3889 1992 πολλαο

2300 2046 2564 2100 πλασίονα
2598 2043 2806 2113 ταύτην
2836 2040 3144 2095 ἀποτελεῖν.
3180 2036 3254 2091 Τδ
3282 2037 3388 2105 γὰρ
3421 2036 3514 2087 καί
3548 2033 3751 2103 καιροῦ
3797 2048 3890 2085 κυ-

2303 2136 2570 2209 ριωτέραν
2598 2134 2874 2205 ἡγεῖσθαι,
2905 2132 3001 2186 καὶ
3030 2132 3134 2201 τῆς
3174 2130 3233 2182 ἐν
3267 2127 3541 2197 θαύμασιν
3558 2123 3888 2184 ἀκολουθίας

2301 2229 2738 2301 ὑπερϐαίνουσαν
2771 2226 2895 2289 τοὺς
2922 2225 3141 2293 νόμους,
3180 2219 3299 2275 εἶτα
3341 2218 3602 2289 πράττειν
3653 2216 3721 2269 τὸ
3764 2214 3890 2284 παρ’

2301 2322 2471 2391 αὐτῆς
2529 2318 2966 2391 προτεινόμενον,
2997 2315 3149 2381 πόσῳ
3183 2310 3620 2366 πολλαπλασίονα
3679 2308 3783 2379 τὴν
3809 2324 3888 2360 τι·

2306 2414 2413 2486 μὴν
2446 2413 2538 2466 καὶ
2564 2413 2663 2481 τὴν
2701 2408 2836 2463 αἰδῶ
2868 2406 3305 2471 κατασκευάζει;
3334 2404 3367 2474 ἢ
3398 2406 3446 2456 εί
3490 2401 3565 2472 μὴ
3587 2400 3768 2454 ταῦτα
3816 2398 3889 2451 εῐ-

2307 2505 2438 2577 ρητό
2464 2521 2524 2557 τε
2554 2502 2647 2556 καὶ
2677 2501 3020 2554 ἐπεδείκνυτο
3035 2514 3050 2529 ⁸
3081 2497 3363 2569 μονονουχὶ
3384 2495 3493 2564 γὰρ
3512 2494 3578 2547 δι’
3599 2489 3678 2546 ὢν
3696 2490 3888 2559 ἐφθέγ-

2304 2596 2432 2667 γετό
2460 2612 2518 2647 τε
2550 2594 2641 2648 καὶ
2671 2593 2959 2665 ἔπραττεν,
2988 2592 3354 2645 ἐπιδείκνυται
3381 2590 3575 2657 λέγων·
3606 2589 3675 2641 Ἦ
3703 2603 3891 2640 κοινω-

2306 2689 2395 2743 νία
2428 2688 2525 2758 μὲν
2557 2687 2655 2756 τῆς
2690 2686 2925 2755 φύσεως,
2956 2684 3244 2738 κοινωνίαν
3285 2684 3346 2735 ού
3380 2682 3601 2749 συνάγει
3628 2679 3733 2733 τοῦ
3766 2678 3891 2731 θαυ-

2311 2779 2659 2851 ματουργεῖν.
2691 2778 2756 2830 Τί
2795 2777 2918 2847 ἐμοὶ
2948 2776 3044 2830 καὶ
3088 2776 3194 2839 σοι,
3246 2774 3441 2842 γύναι;
3470 2773 3605 2826 Οὐδὲ
3640 2774 3671 2825 ὁ
3707 2768 3893 2838 καιρὸς

2310 2872 2575 2941 πάρεστιν
2620 2869 2649 2921 ὁ
2705 2868 3009 2938 ἐπιτήδειος
3060 2866 3167 2918 τῶν
3217 2865 3541 2937 θεουργιῶν.
3612 2863 3767 2933 Πλὴν
3813 2862 3893 2914 ῖια

2310 2962 2477 3030 γνῷς,
2508 2961 2571 3013 σύ
2592 2977 2654 3013 τε
2692 2960 2789 3013 καὶ
2811 2960 2969 3023 ὅσους
2990 2960 3122 3030 ὁρᾷν
3149 2958 3241 3012 καὶ
3268 2957 3488 3012 ἀκούειν
3518 2958 3551 3027 ἡ
3575 2957 3741 3027 χρεία
3777 2971 3893 3007 συν-

2312 3054 2540 3124 ήγαγεν,
2567 3054 2649 3106 ὅτι
2679 3052 2773 3105 καὶ
2798 3050 2866 3105 τά
2902 3051 3149 3121 μητρικά
3172 3068 3255 3103 σοι
3276 3050 3462 3103 δίκαια
3490 3049 3891 3117 ἀκαινοτόμητα

2312 3141 2586 3207 διασώζω,
2616 3142 2712 3196 καὶ
2734 3142 2895 3204 αὐτὸς
2923 3144 2952 3195 ό
2978 3142 3143 3209 νόμον
3178 3139 3401 3211 θέμενός
3429 3142 3543 3210 εἰμι
3574 3141 3750 3210 μητρί
3776 3138 3892 3199 τοὺς

622 3241 885 3295 derantur
919 3244 973 3290 et
1007 3232 1267 3303 temporis
1291 3228 1681 3301 Opportunitati
1712 3239 1860 3280 tuam
1896 3220 2202 3277 veneratio-

2308 3235 2500 3298 παῖδας
2546 3236 2645 3304 τὴν
2690 3234 3100 3305 σεϐασμιότητα
3139 3233 3347 3303 νέμειν,
3380 3232 3578 3303 μᾶλλον
3613 3231 3673 3284 δὲ
3700 3229 3892 3285 ὅτικαί

626 3342 747 3382 nem
784 3334 839 3379 et
879 3321 1243 3378 obedientiam
1292 3327 1349 3373 et
1402 3318 1628 3389 gloriam
1680 3324 2029 3382 anteponere,
2080 3322 2209 3363 ecce

624 3424 779 3470 muto
829 3427 1029 3483 aquam
1092 3412 1147 3464 iu
1208 3410 1421 3473 vinum,
1481 3409 1590 3461 tuis
1634 3406 1888 3475 precibus
1946 3401 2036 3455 illa
2087 3412 2211 3471 qua:

625 3506 997 3561 dixisccunda
1030 3500 1372 3556 facientibus.
1407 3498 1523 3552 Non
1550 3498 1693 3551 enim
1724 3494 1914 3549 eodem
1940 3492 2102 3547 modo
2134 3490 2207 3543 ibi

627 3598 834 3652 dictum
864 3607 947 3649 est
978 3593 1108 3647 illud
1134 3611 1147 3646 :
1181 3591 1349 3657 «Quid
1380 3591 1474 3644 tibi
1502 3600 1555 3644 et
1584 3589 1769 3652 mihi,i
1817 3601 1929 3657 quo
1956 3585 2023 3639 ad
2056 3585 2210 3638 illum

629 3689 834 3744 dictum
880 3696 964 3740 est
990 3686 1082 3754 qui
1123 3683 1401 3754 qumrebat
1428 3694 1483 3736 ut
1512 3682 1615 3751 ipsi
1648 3689 1890 3750 paterna:
1923 3676 2211 3731 haeredita-

632 3778 703 3832 tis
734 3776 935 3830 arbiter
958 3774 1114 3827 foret.
1144 3773 1221 3827 lbi
1243 3773 1388 3827 enim
1420 3772 1595 3825 dixit:
1632 3769 1802 3835 cQuid
1842 3767 1976 3822 mihi
2000 3776 2054 3821 et
2074 3763 2214 3820 tibi?

631 3868 826 3937 etquis
845 3883 931 3921 mc
948 3865 1224 3919 constituit
1241 3862 1537 3933 principem
1560 3862 1858 3931 etjudicem
1872 3872 2037 3928 super
2051 3856 2204 3911 vos?»

634 3960 786 4014 Hane
815 3961 975 4015 verbo
1009 3958 1418 4013 excusationem
1467 3963 1588 4009 actu
1622 3953 1924 4016 roboravit,
1958 3965 2057 4005 nec
2084 3964 2216 4004 con-

634 4053 943 4108 testationis
973 4049 1193 4104 humilis
1223 4057 1275 4102 et
1300 4047 1496 4103 terreni
1558 4043 1698 4101 lucri
1735 4043 1901 4114 judex
1953 4041 2070 4097 ﬁeri
2114 4056 2213 4095 vo-

635 4144 738 4199 luit
766 4161 781 4210 ;
811 4143 902 4199 sed
921 4158 1041 4214 quae
1074 4156 1169 4211 per
1191 4142 1353 4196 verba
1379 4137 1687 4209 abnegavit,
1716 4151 1811 4208 per
1835 4150 2002 4206 opera
2018 4133 2216 4190 deinde

637 4236 901 4292 ﬁrmavit.

712 4601 787 4657 lhi
811 4600 959 4657 vocis
985 4599 1161 4655 forma
1195 4617 1352 4665 usus,
1389 4609 1689 4656 maternam
1720 4602 1866 4657 circa
1892 4603 2244 4657 miraculum-

640 4694 967 4749 sententiam
999 4706 1106 4746 non
1136 4692 1468 4762 repudiarit,
1518 4708 1697 4762 neque
1742 4693 2073 4763 precationis
2112 4694 2218 4747 im-

639 4787 1017 4856 probationem
1050 4785 1318 4855 adjunxit.
1382 4785 1486 4840 Sed
1516 4796 1807 4856 postquam
1842 4790 1894 4838 in
1912 4785 2222 4840 communi-

642 4888 753 4932 tate
782 4887 990 4932 naturae
1019 4877 1324 4932 divinorum
1344 4892 1571 4946 operum
1600 4877 1977 4932 excellentiam
1997 4878 2222 4933 docuis-

640 4978 745 5034 set,
776 4985 915 5039 opus
946 4984 1284 5024 concurrens
1315 4970 1957 5039 postulationiconcessit
1988 4989 2003 5037 ;
2051 4971 2218 5038 clare,

641 5070 703 5117 ut
718 5062 924 5117 dictum
954 5072 1057 5126 est,
1083 5062 1288 5133 pluries
1304 5072 1550 5118 statuens
1568 5072 1622 5118 et
1642 5064 2047 5134 opportunitate
2080 5074 2221 5120 tem-

642 5154 792 5226 poris
835 5165 889 5208 et
919 5154 1305 5211 miraculorum
1340 5157 1667 5226 proprietate
1710 5168 2011 5213 maternam
2052 5159 2221 5215 dilec-

644 5249 847 5301 tionem
887 5256 941 5302 et
970 5246 1136 5302 decus
1170 5247 1289 5319 plus
1317 5249 1456 5319 apud
1484 5248 1660 5319 ipsum
1702 5250 1904 5305 valere.

2309 3326 2417 3380 τῶν
2442 3327 2500 3379 ἐν
2529 3328 2595 3396 τῇ
2628 3327 2788 3394 φύσει
2820 3324 3210 3396 θεωρουμένων
3237 3325 3446 3393 εἱρμῶν
3467 3321 3685 3391 καὶτῆς
3712 3322 3894 3385 ἐπιτη-

2310 3417 2580 3488 δειότητος
2605 3416 2702 3469 τοῦ
2745 3416 2939 3488 καιροῦ
2975 3418 3075 3489 τήν
3115 3415 3212 3486 σὴν
3242 3416 3375 3469 αἰδῶ
3402 3416 3495 3469 καί
3522 3413 3775 3484 ὑπακοὴν
3805 3414 3892 3465 καὶ

2309 3510 2468 3576 δόξαν
2497 3510 2807 3583 ἔμπροσθεν
2834 3510 3117 3581 ποιοῦμαι,
3150 3510 3257 3563 ἰδοῦ
3306 3508 3629 3580 μεταϐάλλω
3654 3509 3722 3562 τὸ
3758 3506 3892 3575 ὕδωρ

2317 3605 2401 3668 εἰς
2423 3598 2587 3667 οἶνον,
2616 3604 2714 3673 τῆς
2742 3603 2841 3673 σῆς
2876 3602 3154 3668 ἀξιώσεως
3187 3604 3370 3656 ἐκεῖνα
3394 3601 3621 3673 δεύτερα
3670 3616 3890 3670 ποιησαι

2316 3695 2510 3767 μένης.
2550 3695 2686 3749 Οὐδὲ
2712 3695 2820 3764 γὰρ
2846 3695 2986 3749 κατά
3009 3695 3100 3747 τὸν
3122 3695 3235 3747 ἴσον
3253 3695 3452 3765 τρόπον
3476 3690 3715 3747 ἐνταῦθα
3742 3690 3887 3761 εἴρη-

2312 3804 2402 3841 ται
2436 3787 2495 3839 τὸ
2530 3804 2548 3838 ι
2582 3788 2647 3840 Τί
2677 3788 2821 3858 ἐμοὶ,
2846 3788 2937 3841 καὶ
2973 3787 3076 3853 σοί,
3105 3806 3123 3839 ›
3161 3788 3281 3840 καθ’
3311 3788 3368 3840 ὃν
3397 3786 3612 3857 εἴρηται
3640 3785 3779 3856 πρὸς
3805 3782 3888 3835 τὸν

2314 3878 2673 3949 ἐπιζητοῦντα
2742 3879 3023 3950 διαιτητὴν
3076 3878 3224 3950 αύτῷ
3271 3879 3362 3932 τοῦ
3396 3878 3659 3948 πατρικοῦ
3693 3877 3885 3947 κλήρου

2315 3971 2673 4043 χρηματίσαι.
2714 3973 2861 4025 Ἐκεῖ
2878 3972 2986 4044 γὰρ
3011 3968 3189 4037 εἶπεν,
3227 3990 3244 4023 ι
3271 3972 3337 4027 Τί
3371 3972 3491 4041 ἐμοὶ
3523 3971 3616 4026 καὶ
3660 3970 3748 4024 σοί
3766 3988 3781 4037 ;
3808 3966 3892 4021 καὶ

2314 4064 2397 4128 τίς
2427 4081 2494 4135 με
2518 4065 2853 4134 κατέστησεν
2888 4066 3126 4137 ἄρχοντα
3150 4066 3246 4118 καί.
3274 4064 3536 4134 δικαστὴν
3565 4062 3651 4134 ἐφ’
3684 4064 3892 4134 ὑμᾶςςι

2314 4156 2396 4226 Τῇ
2431 4156 2629 4226 πράξει
2675 4157 2775 4226 τὴν
2808 4158 2867 4210 ἐν
2897 4156 2975 4227 τῷ
3014 4157 3157 4227 λόγῳ
3203 4157 3534 4228 παραίτησιν
3581 4155 3893 4216 ἐϐεϐαίωσε,

2316 4248 2412 4300 καὶ
2442 4247 2701 4318 δικαστὴς
2750 4249 3214 4320 ἀμφισϐητήσεως
3242 4248 3581 4319 χαμαιζήλου
3603 4248 3703 4302 καὶ
3742 4263 3896 4319 προσ-

2319 4337 2445 4391 ύλου
2482 4339 2709 4411 κέρδους
2736 4339 2835 4410 οὐχ
2880 4341 3060 4394 εἵλετο
3092 4340 3369 4409 γενέσθαι,
3400 4339 3541 4394 ἀλλά
3572 4340 3672 4411 τὴν
3709 4342 3766 4393 ἐν
3794 4340 3894 4400 τοῖς

2319 4431 2565 4588 ξήεὲἓσιν
2605 4431 3001 4503 ἀπαγόρευσιν,
3034 4434 3068 4504 ή
3096 4432 3185 4487 διά
3214 4432 3320 4486 τῶν
3345 4432 3524 4503 ἔργων
3559 4430 3891 4504 παραγραφὴ

2354 4539 2397 4575 ιε
2493 4539 2608 4576 ατο.

2354 4539 2608 4576 ιεοεζατο.

2407 4613 2676 4668 Ἐνταῦθα
2724 4615 2783 4668 δέ
2846 4615 2924 4687 τῷ
2990 4617 3232 4687 σχήματι
3283 4616 3629 4688 χρησάμενος
3668 4617 3767 4688 τῆς
3798 4630 3895 4685 (pur

2325 4710 2444 4779 viis.
2489 4708 2590 4777 τὴν
2631 4709 2907 4780 μητρικὴν
2956 4710 3056 4764 οὐκ
3093 4710 3458 4781 ἀπεπέμψατο
3487 4710 3616 4781 περί
3659 4710 3740 4781 τῷ
3785 4704 3896 4762 θαύ-

2330 4815 2461 4870 ματι
2518 4798 2779 4870 γνώμηνι
2833 4801 2954 4855 οὐδὲ
2993 4801 3097 4872 τῆς
3129 4803 3401 4873 αἰτήσεως
3443 4802 3777 4873 εἰσηγήσατο
3811 4795 3897 4865 τὴν

2328 4892 2607 4964 ἀθέτησιν,
2636 4893 2749 4948 ἀλλ’
2782 4896 2841 4948 ἐν
2868 4896 2935 4966 τῇ
2985 4893 3245 4966 κοινωνίᾳ
3275 4895 3374 4966 τῆς
3420 4894 3636 4964 φύσεως
3662 4894 3761 4963 τὴν
3796 4890 3896 4944 δια-

2330 4984 2505 5058 φορὰν
2535 4986 2885 5056 διδαξάμενος
2915 4986 3024 5040 τῶν
3052 4987 3500 5058 θεουργημάτων,
3526 4987 3587 5040 τὺ
3613 4987 3771 5059 ἔργον
3790 4981 3897 5037 σύν-

2328 5077 2528 5149 δρομον
2560 5078 2727 5143 ἔδειξε
2758 5081 2824 5149 τῇ
2854 5078 3099 5146 ἀξιώσει*
3119 5078 3328 5149 σαφῶς,
3346 5079 3421 5144 ὡς
3443 5077 3679 5150 εἴρηται,
3712 5071 3895 5131 πολλὰ·

2330 5185 2417 5233 κις
2444 5170 2726 5241 παριστῶν
2754 5173 2851 5226 καὶ
2881 5171 2982 5242 τῆς
3004 5173 3443 5245 ἐπιτηδειότητος
3465 5171 3559 5226 τοῦ
3589 5169 3781 5243 καιροῦ
3812 5163 3896 5220 καὶ

2329 5260 2427 5330 τῆς
2461 5261 2519 5314 ἐν
2546 5259 2820 5333 θαύμασιν
2851 5262 3112 5334 ἰδιότητος
3135 5266 3236 5335 τὴν
3259 5265 3532 5338 μητρικὴν
3565 5264 3796 5337 στοργήν
3815 5257 3894 5314 καὶ

2329 5349 2391 5403 τὸ
2422 5349 2577 5415 κλέος
2610 5353 2795 5422 μεῖζον
2824 5352 3031 5425 ἰσχύειν
3061 5356 3193 5428 παρ’
3227 5355 3394 5427 αὐτῷ.
