4144 6448
350 372 455 435 349

880 491 1218 546 ΕΡΩΤΗΣῙΣ
1255 491 1404 558 Μςν.

1319 374 1420 435 AD
1449 371 2050 435 AMPHILOCHIUM
2089 373 2438 445 QU/ESTIO
2497 377 2701 439 XLVI.

3519 387 3590 448 35

2415 388 2438 436 )
2498 388 2701 439 XLVI.
3519 388 3627 450 350

2415 491 2747 558 thasrro
2790 493 2956 550 XLVI
2996 496 3098 568 [αι.
3130 495 3316 571 xcv].

349 579 484 648 Πῶς
500 583 575 637 οὐ
587 581 845 653 μάχεται
865 584 934 637 τὸ
956 601 976 634 ι
1029 582 1287 651 Ἐρῤήθη
1323 580 1452 653 τοῖς
1484 582 1783 651 ἀρχαίοις
1800 584 1934 652 ’οφ-

2116 583 2393 648 Quomodo
2421 600 2523 637 non
2552 584 2790 653 implicat
2847 587 2982 639 illud
2996 563 3034 642 ’τ
3075 563 3320 642 «Dictum
3373 598 3451 644 est
3487 591 3626 645 miti.

419 651 658 723 θαλμὸν
676 653 810 708 ἀντὶ
830 654 1144 723 ὀφθαλμοῦ
1163 653 1263 706 καί
1279 651 1496 723 ὀδόντα
1511 653 1645 723 ἀντὶ
1663 651 1932 721 ὀδόντὸςο

419 720 548 793 ἐγὼ
577 723 646 776 δὲ
671 725 826 792 λέγω
855 720 1001 793 ὑμῖν
1026 720 1120 794 ’μὴ
1149 720 1523 794 ἀντιστῆναι-
1535 722 1615 788 τῷ
1649 720 1896 792 πονηρῷ
1918 738 1932 754 ⁶

421 791 563 847 ἀλλ’
604 791 773 864 ὅστις
811 791 1168 862 variante-et
1197 793 1297 848 ἐπὶ
1344 791 1461 860 τὴν
1497 791 1727 861 δεξιὰν,
1758 791 1936 864 στρέ-

421 866 546 931 ψον
586 863 745 930 αὐτῷ
769 863 868 918 καὶ
895 865 1010 934 τὴν
1039 864 1262 934 ἄλλην.
1304 886 1322 920 ι

2041 657 2160 724 quis
2191 655 2464 730 {Oculum
2487 671 2582 722 pro
2609 656 2760 708 oculo
2782 665 2830 730 et
2865 657 3066 710 dentem
3093 675 3188 726 pro
3201 660 3372 723 dente,
3405 677 3496 730 ego
3525 678 3626 714 au-

2048 733 2150 778 tem
2181 725 2313 801 _di_co
2348 725 2492 779 vobis
2540 741 2645 777 non
2689 727 2933 801 resistere
2985 725 3146 801 moto,
3207 731 3298 782 sed
3335 725 3628 801 quicunque

2003 815 2006 818 ·
2046 806 2095 850 te
2120 795 2191 848 ad
2229 797 2506 850 dexteram
2533 797 2810 863 percutiet,
2849 807 2986 851 verte
3001 797 3083 852 illi
3108 807 3158 853 et
3185 795 3481 855 sinistram.
3531 795 3550 851 ἱ

1346 980 1492 1032 Edita
1515 997 1541 1032 a
1571 981 1720 1043 Maio,
1751 983 1786 1032 l.
1813 994 1879 1044 c.,
1901 995 1952 1043 p.
1983 979 2149 1030 55-56.
2173 979 2239 1028 In
2273 975 2446 1027 Matth.
2481 989 2529 1039 ν,
2560 975 2640 1026 59.

425 1080 648 1150 Πρῶτον
675 1081 776 1152 μὲν
803 1083 940 1138 διότι
969 1085 998 1137 6
1033 1085 1224 1140 είπών·
1263 1106 1282 1140 ι
1309 1089 1423 1142 Οὐκ
1451 1084 1615 1159 ἦλθον
1643 1088 1944 1144 καταλῦσαι

347 1171 442 1226 τὸν
465 1171 652 1241 νόμον,
670 1173 808 1228 ἀλλά
827 1175 934 1248 πλη
945 1176 1139 1246 ρῶσαι,
1162 1197 1180 1254 _)
1213 1179 1376 1244 αὐτός
1402 1182 1552 1234 ἐστιν
1569 1181 1596 1233 6
1615 1180 1794 1252 ψῆφον
1815 1183 1946 1236 ἐκα-

344 1265 515 1336 τέραν
546 1266 853 1336 ἐξενεγκὼν
876 1287 890 1300 ·
925 1271 1103 1336 οὐδεὶς
1130 1272 1187 1325 δὲ
1218 1273 1328 1344 ἄρα
1356 1274 1479 1328 οὐδὲ
1509 1274 1616 1328 τῶν
1647 1277 1944 1347 τυχόντων,

351 1359 484 1429 μήτι
510 1375 575 1428 γε
602 1361 929 1433 νομοθέτης,
973 1362 1091 1434 ἅμα
1128 1366 1393 1420 τάναντία
1424 1365 1574 1436 λέγει
1606 1367 1808 1438 ἑαυτῷ,
1833 1366 1945 1420 οὐδ’

345 1453 376 1504 6
398 1451 575 1521 λέγων
600 1454 899 1510 καταλύειν
914 1458 1004 1510 τὸν
1019 1459 1205 1529 νόμον,
1226 1460 1327 1513 οὐκ
1355 1459 1422 1514 ἂν
1451 1461 1550 1523 τάς
1569 1460 1946 1524 καταλυούσας

346 1551 515 1604 αὑτὸν
540 1552 874 1624 προεκόμιζε
894 1556 1101 1623 φωνάς,
1121 1557 1216 1612 καὶ
1240 1556 1479 1628 μάλιστα
1494 1559 1596 1612 οὐκ
1614 1561 1671 1613 ἐν
1690 1558 1835 1629 ἄλλῳ
1851 1558 1948 1612 καὶ

344 1645 408 1697 ἐν
439 1645 580 1715 ἄλλῳ
607 1645 805 1716 χρόνῳ,
831 1647 941 1701 οὐδ’
968 1651 1025 1701 ἐν
1061 1649 1226 1722 ἑτέρᾳ
1259 1652 1460 1722 φράσει
1481 1652 1576 1705 καὶ
1605 1652 1790 1723 ἑτέρᾳ,
1827 1652 1944 1706 ἀλλ’

344 1735 444 1787 ἐπὶ
472 1735 581 1789 τῶν
605 1737 787 1790 αὐτῶν
823 1739 1086 1809 ῥημάτων
1122 1741 1218 1793 καὶ
1245 1741 1372 1812 ἑξῆς
1391 1754 1405 1768 ⁸
1443 1742 1640 1797 οὐκοῦν
1667 1743 1770 1797 οὐκ
1793 1743 1943 1796 ἀντί-

345 1843 529 1881 κειται
546 1829 742 1895 ταῦτα,
763 1831 900 1885 ἀλλά
923 1833 1121 1888 πολλοῦ
1143 1835 1240 1889 δεῖ.
1262 1837 1314 1890 Ἀ
1325 1835 1404 1890 λλ’
1419 1837 1450 1906 ἡ
1467 1836 1566 1907 μὲν
1587 1837 1696 1891 τῶν
1712 1836 1942 1890 ἐντολῶν

344 1922 506 1994 λόγον
523 1925 722 1996 ἔχουσα
739 1929 1062 2000 νομοθεσίας
1077 1933 1399 2003 ρυθμίζειτε
1412 1935 1503 1988 καὶ
1520 1935 1784 2004 καταρτίζ
1789 1952 1836 1988 ει
1849 1935 1941 1989 τὸν

345 2018 545 2090 κριτὴν
573 2020 871 2076 ἀδέκαστον
900 2024 1000 2094 μὲν
1021 2024 1166 2094 ἔχειν
1185 2027 1285 2096 τὴν
1308 2025 1555 2097 γνώμην,
1588 2026 1944 2098 ἀδυσώπητον

346 2111 410 2165 δὲ
441 2114 538 2181 τὴν
568 2112 775 2182 ψῆφον,
807 2117 1094 2187 ἰσόρροπον
1117 2118 1174 2170 δὲ
1212 2120 1478 2191 παρέχειν
1511 2123 1622 2184 τοῖς
1647 2120 1943 2190 δικαζομέ-

347 2221 464 2267 νοις
488 2204 576 2257 τὸν
603 2205 702 2275 τῆς
729 2206 887 2276 δίκης
919 2209 1219 2280 ὀφθαλμόν.
1267 2212 1328 2264 Ἡ
1343 2211 1398 2264 δέ
1428 2211 1663 2280 λέγουσα
1698 2212 1773 2283 μὴ
1794 2213 1944 2266 ἀντι-

353 2298 546 2366 στῆναι
584 2297 658 2369 τῷ
705 2300 952 2371 πονηρῷ,
984 2304 1042 2356 ἐν
1076 2303 1176 2374 ἴσῳ
1223 2305 1342 2358 ἐστὶ
1373 2306 1469 2358 τοῦ
1522 2305 1598 2377 μὴ
1629 2305 1940 2370 ἐπεξελθεῖν

351 2386 482 2456 μηδ’
544 2389 857 2459 ἀμύνασθαι
903 2395 1047 2446 κατὰ
1087 2397 1154 2447 τά
1204 2395 1598 2466 πονηρεύματα
1643 2395 1811 2449 αὐτοῦ
1852 2397 1944 2451 τὸν

345 2478 593 2550 ἄρξαντα
624 2484 826 2556 χειρῶν
850 2486 1053 2540 ἀδίκων
1073 2504 1086 2516 ·
1121 2488 1216 2541 καὶ¹
1255 2490 1357 2542 οὐκ
1396 2489 1478 2544 ἔτι
1505 2490 1646 2563 αὐτὴ
1689 2493 1828 2562 πρὸς
1850 2491 1942 2546 τὸν

345 2576 549 2644 κριτὴν
598 2576 813 2648 ἀφορᾷ,
863 2579 1000 2634 ἀλλά
1046 2580 1107 2634 τὸ
1156 2582 1488 2654 ἠδικημένον
1531 2586 1824 2655 πρόσωπον
1862 2587 1943 2650 είς

241 2676 243 2679 ’
344 2667 654 2723 ἐπιείκειαν
696 2674 791 2725 καὶ
823 2673 1117 2728 εὐλάϐειαν
1155 2678 1490 2749 παρακαλεῖ.
1525 2679 1695 2733 Τοῦτό
1737 2697 1802 2749 γε
1848 2681 1944 2734 καὶ

342 2759 444 2814 τὸν
474 2763 772 2832 ἠδικηκότα
806 2765 1053 2836 αἰσχύνει
1087 2773 1179 2822 καὶ
1217 2771 1446 2840 μετάγει
1473 2773 1572 2842 τῆς
1604 2772 1944 2843 θρασύτητος

342 2853 450 2907 καὶ
479 2855 741 2920 ἀπονοίας
771 2858 862 2910 ἐπὶ
885 2858 943 2912 τὸ
973 2861 1456 2932 μεταμελούμενον
1487 2864 1582 2917 καὶ
1605 2864 1869 2934 κατηφὲς,
1894 2864 1944 2916 εί

347 2948 541 3018 μήπου
578 2947 774 3020 θηρίον
887 2953 1098 3024 μορφὴν
1127 2954 1417 3026 ἀνθρώπου
1454 2956 1941 3027 περιϐαλλόμενον,

345 3042 451 3094 καὶ
486 3041 578 3095 τὸν
622 3043 952 3115 ἠδικημένον
985 3047 1063 3116 τῷ
1093 3049 1194 3119 τῆς
1236 3049 1545 3121 πραότητος
1590 3051 1682 3104 καὶ
1727 3050 1943 3120 φιλοσο-

345 3133 486 3204 φίας
535 3138 789 3208 στεφάνῳ
821 3142 1034 3209 κοσμεῖ.
1074 3142 1186 3194 Kal.
1238 3143 1348 3214 γάρ
1394 3141 1644 3208 ἐξουσίαν
1681 3143 1832 3214 αύτῷ
1865 3143 1945 3196 δί-

2116 1084 2301 1139 Primo
2335 1083 2580 1154 quidem,
2606 1082 2737 1154 quia
2769 1081 2864 1154 qui
2891 1081 3028 1138 dixit
3057 1080 3244 1138 :tNon
3274 1085 3394 1138 veni
3416 1085 3628 1141 solvere

2044 1178 2243 1248 legem,
2285 1175 2382 1231 sed
2436 1177 2740 1246 adimplere
2771 1177 2838 1240 “,
2879 1195 2898 1228 ι
2937 1177 3053 1246 ipse
3099 1185 3184 1230 est
3212 1175 3307 1243 qui
3337 1185 3629 1247 utrumque

2043 1270 2323 1324 deeretum
2369 1269 2536 1334 tulit;
2567 1283 2730 1324 nemo
2764 1268 2951 1338 igitur,
2983 1263 3302 1338 quicunque
3338 1270 3502 1321 etiam
3533 1269 3626 1334 sit,

2044 1364 2148 1419 sibi
2189 1362 2293 1433 ipsi
2318 1363 2668 1428 contradicit,
2707 1372 2760 1417 et
2811 1362 2907 1433 qui
2959 1376 3020 1416 se
3069 1375 3177 1416 non
3214 1361 3426 1415 solvere
3454 1361 3628 1431 legem

2043 1456 2197 1520 dicit,
2229 1471 2340 1511 non
2373 1471 2495 1525 quae
2533 1455 2711 1524 ipsum
2753 1455 3050 1517 solverent,
3102 1467 3266 1508 voces
3327 1453 3625 1520 emisisset,

2043 1558 2098 1604 et
2123 1548 2424 1620 praesertim
2468 1564 2576 1604 non
2613 1548 2722 1602 alio
2751 1557 2806 1602 et
2831 1547 2940 1601 alio
2976 1555 3239 1614 tempore,
3278 1562 3387 1601 non
3425 1547 3479 1600 in
3523 1548 3630 1602 alia

2041 1649 2097 1696 et
2128 1641 2232 1695 alia
2259 1640 2464 1710 phrasi,
2486 1640 2579 1695 sed
2613 1640 2809 1695 iisdem
2840 1639 3020 1693 verbis
3047 1648 3099 1693 et
3128 1654 3193 1693 ex
3213 1639 3425 1692 ordine.
3458 1639 3630 1709 Igitur

2043 1733 2161 1787 hzec
2188 1749 2297 1786 non
2329 1732 2434 1786 sibi
2457 1731 2862 1794 contradicunt,
2883 1729 3112 1783 multum
3149 1744 3281 1783 sane
3321 1729 3494 1783 abest.
3524 1725 3630 1781 Sed

2047 1839 2220 1879 unum
2258 1823 2477 1893 quidem
2541 1822 2901 1891 legislationis
2942 1823 3211 1876 rationem
3241 1821 3448 1875 habens
3480 1819 3633 1890 judi-

2048 1933 2166 1974 cem
2216 1918 2281 1973 ad
2315 1916 2590 1972 ferendam
2623 1915 2994 1985 incorruptam
3050 1913 3374 1968 sententiam
3413 1921 3467 1966 et
3496 1913 3634 1968 irre-

2044 2009 2289 2064 vocabile
2313 2009 2594 2064 decretum
2667 2007 2887 2062 ordinat
2941 2016 2996 2061 et
3045 2012 3196 2076 aptat
3229 2012 3284 2060 et
3317 2004 3383 2060 ad
3414 2018 3633 2074 aequum

2041 2102 2270 2173 justitiae
2298 2100 2519 2157 oculum
2580 2099 2633 2154 in
2682 2099 2952 2170 judicium
3009 2099 3216 2153 vocatis
3260 2097 3631 2168 pra-bendum.

2046 2196 2203 2262 Quod
2244 2205 2426 2250 autem
2456 2193 2609 2264 jubet
2651 2193 2903 2263 improbo
2930 2206 3037 2245 non
3083 2191 3360 2258 resistere,
3410 2189 3636 2260 perinde

2045 2294 2131 2341 est
2167 2301 2232 2342 ac
2263 2285 2308 2339 si
2345 2284 2563 2356 juberet
2587 2283 3001 2352 noninsurgere
3032 2295 3212 2351 neque
3249 2295 3308 2335 se
3346 2280 3636 2335 defendere

2045 2379 2306 2433 adversus
2356 2392 2481 2432 eum
2539 2377 2630 2446 qui
2685 2391 2786 2430 sua
2843 2375 3052 2430 scelera
3108 2373 3364 2429 manibus
3417 2373 3637 2443 injustis

2047 2471 2212 2541 erepit
2234 2487 2250 2538 ;
2275 2479 2329 2526 et
2359 2469 2490 2524 illud
2523 2484 2632 2524 non
2660 2468 2774 2538 jam
2823 2468 2890 2523 ad
2925 2468 3166 2538 judicem
3210 2467 3465 2537 respicit,
3539 2465 3638 2522 sed

2047 2565 2281 2621 multum
2312 2562 2514 2634 injuria
2552 2561 2808 2616 aﬂ'ectum
2862 2561 2928 2615 ad
2955 2561 3428 2616 mansuetudinem
3467 2568 3524 2615 et
3543 2559 3639 2615 be-

2047 2657 2418 2714 nevolentiam
2473 2655 2692 2710 invitat.
2718 2653 2795 2709 Ex
2823 2669 2930 2708 una
2960 2663 3113 2724 parte
3157 2653 3379 2723 quidem
3415 2660 3470 2708 et
3493 2652 3640 2722 inju—

2044 2753 2185 2807 riam
2254 2751 2546 2806 facientem
2609 2749 2812 2802 rubore
2861 2747 3147 2813 suﬂ'undit,
3185 2756 3240 2801 et
3298 2761 3362 2801 ea
3411 2746 3638 2800 audacia

2047 2855 2102 2901 et
2131 2845 2405 2900 dementia
2432 2843 2499 2897 ad
2523 2841 2902 2912 paenitentiam
2931 2850 2986 2896 et
3011 2841 3372 2895 humilitatem
3402 2839 3638 2906 reducit,

2047 2939 2092 2994 si
2156 2937 2399 2992 nondum
2451 2937 2568 2991 fera
2612 2935 2683 2991 sit
2749 2934 2993 2991 hominis
3048 2933 3226 2989 forma
3299 2932 3539 2999 induta;
3585 2939 3641 2987 et

2047 3029 2248 3100 injuria
2327 3027 2582 3082 affectum
2643 3025 3088 3080 mansuetudinis
3162 3035 3216 3080 et
3282 3023 3641 3094 philos0phite

2047 3138 2252 3179 corona
2279 3121 2532 3176 adornat.
2567 3119 2781 3174 Etenim
2815 3119 3093 3173 licentiam
3121 3119 3170 3173 ei
3207 3118 3300 3173 dat
3361 3118 3445 3173 lex
3479 3133 3508 3172 a
3540 3117 3633 3172 lte-

343 3228 520 3280 δωσιν
545 3230 573 3282 6
600 3231 767 3299 νόμος
798 3231 891 3284 τὸν
913 3209 1260 3303 λελυπηκότα
1289 3209 1448 3307 δίκην
1477 3209 1905 3309 εἰσπράττεσθαι
1926 3255 1942 3271 ο

2053 3216 2220 3271 dente
2254 3229 2476 3284 poenam
2506 3211 2835 3282 reposcendi
2869 3229 2884 3278 ;
2945 3211 2991 3266 si
3024 3221 3208 3264 autem
3249 3210 3338 3264 ille
3373 3210 3515 3265 hanc
3572 3209 3641 3264 li-

344 3320 380 3371 ὁ
412 3320 596 3393 δὲτὴν
648 3322 896 3387 ἐξουσίαν
932 3324 997 3378 ἂν
1042 3328 1124 3389 εἰς
1169 3327 1581 3398 φιλανθρωπίαν
1623 3328 1800 3400 τρέψῃ
1848 3329 1944 3383 καὶ

347 3410 450 3464 τοῦ
478 3413 752 3482 ὁμοφύλου
779 3414 918 3487 λάϐῃ
948 3415 1117 3481 ἔλεον,
1146 3419 1225 3482 είς
1258 3419 1418 3488 μόνον
1441 3419 1532 3472 τὸν
1556 3418 1804 3490 ἀρχηγὸν
1833 3418 1943 3474 τῶν

351 3503 542 3557 κακῶν
581 3507 676 3558 καὶ
723 3507 816 3559 τὸν
849 3506 1076 3578 ἀρχαῖον
1114 3507 1373 3579 πολέμιον
1408 3509 1502 3563 τοῦ
1550 3511 1743 3580 γένους
1784 3509 1943 3582 ἡμῶν

347 3599 656 3653 ἀποτείνων
684 3600 775 3654 16v
803 3601 1012 3656 δίκαιον
1044 3603 1236 3672 θυμὸν,
1265 3598 1418 3667 οὗτός
1446 3605 1594 3657 ἐστιν
1625 3603 1700 3668 ὡς
1727 3603 1944 3674 ἀληθῶς

347 3691 382 3743 ὀ
417 3692 508 3743 καὶ
538 3693 637 3763 τῆς
675 3693 1028 3766 ἀνθρωπίνης
1072 3696 1290 3765 φύσεως
1333 3695 1690 3766 ἐξευγενίζων
1724 3697 1784 3751 16
1810 3697 1944 3750 αὐτ-

350 3782 622 3853 εξούσιον,
654 3777 750 3841 καὶ
783 3789 874 3842 τὸν
907 3789 1087 3843 κοινὸν
1128 3790 1409 3860 Δεσπότην
1443 3791 1541 3853 τὰς
1592 3789 1944 3862 ἀνθρωπίνας

351 3878 577 3947 ὀφειλάς
609 3881 750 3951 ἔχων
774 3883 1080 3938 διαλύοντα.
1114 3886 1188 3938 06
1217 3885 1326 3955 γὰρ
1355 3883 1492 3954 πρὸς
1519 3882 1648 3938 ἄλλο
1673 3883 1770 3937 τοῦ
1795 3885 1946 3938 έναν·

349 3973 476 4026 τίοι)
517 3973 682 4043 φύσις
725 3977 1177 4047 συμπλέκεσθαι·
1230 3977 1367 4032 ἀλλά
1393 3977 1485 4030 διά
1515 3977 1625 4030 τῶν
1653 3976 1832 4030 αὐτῶν
1861 3973 1942 4041 οἷς

351 4069 425 4124 ἂν
459 4070 726 4141 πρόεισιν,
773 4073 808 4144 ἡ
843 4071 993 4143 μάχη
1039 4072 1307 4143 πρόεισιν.
1341 4071 1573 4134 Ἔλαϐες
1617 4070 1819 4142 κράτος
1851 4069 1942 4124 16v

350 4162 659 4234 ἠδικηκότα
689 4166 841 4236 νόμῳ
877 4164 1160 4230 κολάζειν·
1194 4167 1242 4218 εί
1293 4163 1392 4236 μὲν
1417 4163 1687 4227 κολάσεις,
1719 4161 1940 4233 ἄδηλον,

352 4255 406 4307 εί
441 4256 535 4308 καὶ
571 4255 645 4326 μὴ
675 4255 853 4311 λαϐὼν
883 4260 949 4329 τῇ
980 4258 1224 4329 τιμωρίᾳ
1262 4256 1357 4311 τοῦ
1397 4256 1628 4325 πλησίον
1661 4256 1942 4328 ἐπεπήδη-

356 4362 479 4410 σας,
515 4347 607 4400 καὶ
634 4347 694 4400 16
724 4347 929 4416 φθάσαι
962 4346 1156 4402 παθεῖν
1185 4345 1278 4401 τοῦ
1313 4349 1388 4417 μὴ
1421 4349 1668 4417 ποιῆσαι,
1700 4345 1836 4399 ἀλλὰ
1867 4345 1942 4416 μὴ

355 4438 730 4510 φιλανθρώπῳ
776 4439 971 4512 γνώμῃ
1007 4439 1102 4494 καὶ
1152 4439 1462 4510 φιλαδέλφῳ
1489 4440 1590 4509 τὴν
1629 4437 1827 4509 πρᾶξιν
1854 4438 1944 4503 ἐξ·

350 4534 617 4604 ήνεγκας.
656 4534 718 4587 Ei
756 4534 814 4587 δὲ
847 4535 922 4604 μὴ
966 4533 1240 4599 κολάσεις,
1275 4532 1475 4605 στήλην
1510 4532 1746 4602 έστησας
1789 4531 1946 4596 ἀνεξ-

2051 3310 2284 3366 centiam
2328 3308 2382 3361 in
2435 3307 2835 3360 humanitatem
2864 3313 3037 3358 vertat
3062 3312 3117 3358 et
3160 3304 3484 3374 congcneris
3537 3305 3642 3358 mi-

2053 3402 2407 3460 sericordiam
2446 3400 2742 3470 concipiat,
2772 3398 2823 3452 in
2860 3413 3027 3452 unum
3058 3397 3326 3451 malorum
3363 3398 3558 3452 ducem
3587 3409 3643 3453 et

2051 3496 2338 3566 antiquum
2387 3493 2604 3563 generis
2635 3491 2806 3546 nostri
2872 3491 3085 3544 hostem
3149 3489 3354 3560 justum
3393 3491 3640 3544 animum

2053 3588 2402 3659 protendens,
2437 3585 2525 3638 ille
2557 3592 2641 3640 est
2669 3599 2798 3639 vere
2825 3583 3082 3638 humanae
3145 3592 3352 3638 naturae
3407 3583 3640 3638 liberum

2051 3681 2339 3738 arbitrium
2382 3680 2544 3750 plane
2598 3692 2924 3748 generosum
2961 3675 3170 3732 faciens
3197 3684 3252 3731 et
3290 3691 3638 3731 communem

2051 3775 2343 3830 Dominum
2383 3775 2624 3828 humana
2694 3771 2875 3826 debita
2939 3771 3150 3826 habens
3227 3770 3638 3826 dissolventem.

2050 3866 2168 3924 Non
2203 3867 2348 3922 enim
2397 3867 2464 3920 ad
2489 3865 2636 3920 aliud
2681 3862 2944 3919 contrarii
2989 3871 3184 3918 natura
3233 3873 3318 3918 est
3352 3866 3638 3930 connecti;

2051 3961 2146 4018 sed
2199 3961 2390 4015 iisdem
2417 3959 2619 4029 quibus
2681 3956 2950 4027 procedit,
3011 3972 3189 4026 pugna
3227 3950 3492 4026 procedit.
3537 3958 3642 4012 Po-

2052 4060 2302 4107 testatem
2338 4049 2601 4119 accepisti
2647 4063 2772 4102 eum
2810 4047 2906 4116 qui
2946 4047 3205 4118 injuriam
3251 4047 3446 4103 fecerit
3521 4050 3641 4119 lege

2051 4142 2353 4212 castigandi
2395 4158 2411 4207 ;
2447 4142 2491 4196 si
2529 4140 2749 4218 quidem
2796 4138 3180 4209 castigaveris,
3234 4140 3505 4195 incertum
3553 4151 3642 4197 est

2052 4235 2362 4292 voluerisne
2418 4233 2658 4288 vindicta
2697 4231 2983 4302 praemium
3043 4233 3390 4299 conculcare,
3430 4249 3502 4288 an
3540 4249 3641 4289 vo-

2051 4331 2223 4387 lueris
2254 4328 2365 4400 pati
2407 4343 2517 4382 non
2548 4340 2733 4396 agere,
2771 4325 3126 4396 humanaque
3159 4335 3214 4382 et
3258 4325 3496 4382 fraterna
3544 4344 3640 4385 vo-

2050 4425 2264 4480 luntate
2315 4422 2588 4477 actionem
2642 4419 2914 4490 posueris.
2946 4418 3002 4474 Si
3038 4429 3219 4475 autem
3246 4435 3349 4474 non
3406 4422 3640 4493 castiga-

2052 4517 2219 4582 veris,
2243 4514 2588 4571 indelebilem
2619 4513 2932 4568 columnam
2966 4513 3323 4570 humanitatis
3339 4523 3394 4568 et
3409 4515 3640 4570 clemen-

352 4595 616 4681 άλειπτον
645 4625 740 4681 καὶ
764 4595 1179 4697 φιλανθρωπίας
1201 4595 1308 4680 καί
1348 4595 1678 4698 πραότητος,
1725 4595 1820 4678 καὶ
1865 4622 1944 4694 τῷ

2050 4611 2139 4666 tia:
2183 4607 2429 4673 erexisti,
2459 4615 2513 4662 et
2541 4606 2608 4661 ad
2641 4607 2766 4662 vita:
2796 4606 3105 4661 institutum
3137 4607 3446 4676 exemplum
3501 4623 3637 4677 prae-

355 4723 462 4794 βίῳ
491 4723 844 4795 παράδειγμα
874 4721 1292 4785 καταλέλοιπας,
1327 4718 1731 4792 φιλανθρώπως
1760 4737 1818 4772 τε
1850 4719 1947 4774 καὶ

353 4834 551 4887 πράως
595 4818 710 4879 τοῖς
754 4815 1048 4886 ὁμογενέσι
1093 4811 1658 4884 συναναστρέφεσθαι,
1710 4809 1947 4880 μάλιστα

351 4909 413 4962 δὲ
459 4909 521 4962 16
569 4905 988 4979 ἐρασμιώτατον
1037 4905 1131 4959 καὶ
1183 4903 1608 4978 μακαριώτατον
1663 4901 1801 4974 πρὸς
1848 4899 1948 4973 τὴν

353 5000 509 5055 θείαν
559 5000 710 5054 ἐστὶν
764 4998 1069 5069 ἀναχθῆναι
1114 4997 1204 5052 διὰ
1243 4996 1346 5068 τῆς
1392 4995 1649 5064 τοιαύτης
1692 4991 1949 5066 πράξεως

356 5092 595 5163 μίμησίν
625 5109 687 5146 τε
723 5091 818 5146 καὶ
850 5089 1188 5161 ἀγαθότητα,
1217 5090 1314 5144 καὶ
1343 5087 1473 5142 Υἱὸν
1510 5084 1649 5141 Θεοῦ
1679 5084 1822 5140 κατά
1846 5083 1944 5156 χά-

357 5201 446 5256 ριν
475 5189 570 5239 καὶ
604 5185 947 5256 χρηματίσαι
987 5184 1084 5238 καὶ
1115 5182 1450 5253 γνωσθῆναι,
1475 5179 1552 5244 ὡς
1588 5181 1622 5252 ἡ
1649 5179 1945 5234 ἐνυπόστα-

351 5293 451 5340 τος
505 5276 810 5330 ἐϐεϐαίωσε
875 5278 1040 5345 σοφία
1085 5275 1185 5330 καὶ
1242 5273 1509 5343 ἀλήθειαο
1559 5270 1776 5339 γίνεσθε
1835 5269 1947 5341 γὰρ

350 5370 704 5440 οἰκτίρμονες
758 5367 944 5433 καθὼς
977 5369 1076 5424 καὶ
1108 5367 1301 5439 Πατὴρ
1339 5366 1498 5437 ἡμῶν
1544 5363 1657 5437 [Ita
1687 5359 1835 5435 cod.]
1864 5361 1945 5413 οί-

350 5463 608 5534 κτίρμων
641 5464 779 5518 ἐστί.
829 5465 902 5518 Σὺ
950 5465 995 5518 δ’
1016 5465 1064 5518 εί
1118 5462 1301 5530 βούλει
1343 5461 1440 5514 καὶ
1468 5459 1549 5513 ἔτι
1594 5461 1707 5522 τοῖς
1761 5455 1948 5525 νόμοις

429 5600 474 5632 σε
505 5600 694 5657 Matth.
724 5620 781 5670 v,
816 5602 904 5658 Π.
967 5601 1198 5672 “_ibid.
1223 5601 1274 5656 7.

2047 4702 2215 4759 buisti
2245 4716 2304 4757 se
2335 4699 2650 4754 humaniter
2681 4707 2736 4753 et
2771 4699 3200 4754 misericorditer
3246 4699 3299 4752 in
3357 4699 3637 4768 proximos

2048 4792 2422 4850 convertendi.
2485 4789 2592 4845 Sed
2652 4790 2798 4860 quod
2835 4790 3291 4844 amabilissimum
3336 4791 3636 4861 prazsertim

2048 4896 2132 4943 est
2169 4895 2223 4942 et
2275 4883 2678 4947 beatissimum,
2727 4896 2822 4951 per
2859 4882 3007 4937 hunc
3053 4892 3235 4937 actum
3270 4885 3335 4935 ad
3394 4883 3634 4938 divinam

2047 4979 2275 5051 erigeris
2298 4976 2656 5032 imitationem
2691 4987 2745 5029 et
2774 4975 3096 5039 bonitatem,
3126 4986 3180 5029 et
3228 4975 3373 5031 illius
3415 4976 3508 5032 Dei
3553 4992 3638 5034 se-

2040 5076 2281 5132 cundum
2314 5072 2544 5141 gratiam
2600 5079 2802 5126 eteset
2833 5069 3097 5132 nosceris,
3147 5079 3207 5124 ut
3259 5071 3636 5126 substantialis

2042 5167 2329 5225 aiiirmavit
2371 5163 2638 5234 sapientia
2677 5171 2732 5218 et
2759 5162 3006 5218 veritas:
3042 5160 3261 5218 «Estote
3305 5163 3450 5217 enim
3470 5165 3635 5218 mise-

2042 5261 2305 5325 ricordes,
2328 5259 2470 5316 sicut
2517 5267 2574 5313 et
2627 5256 2788 5312 Pater
2839 5267 3018 5313 vester
3043 5256 3355 5312 misericors
3382 5265 3467 5312 est
3507 5256 3553 5289 “
3583 5275 3629 5310 ,ι

2047 5354 2104 5410 Si
2134 5364 2316 5409 autem
2350 5353 2434 5409 vis
2482 5360 2538 5406 et
2581 5350 2765 5405 adhuc
2826 5347 2972 5418 leges
3019 5346 3389 5412 considerare,
3444 5361 3634 5401 earum

2046 5445 2394 5505 concordiam
2435 5453 2492 5501 et
2515 5459 2582 5500 cx
2620 5443 2723 5497 hac
2767 5449 2921 5513 parte
2960 5437 3368 5510 iuvestiga.Qui
3414 5437 3635 5495 oculum

1876 5687 2106 5744 NOTAE.

429 5841 541 5914 (38)
568 5839 820 5910 Ejusdem
853 5842 964 5899 fere
981 5839 1290 5912 argumenti
1314 5846 1656 5909 suntquaest.
1691 5830 1934 5887 XXXVII
1973 5841 2027 5885 et
2067 5823 2200 5881 Chl.
