4144 6444
582 393 683 453 351

1753 367 2021 433 ΡΗΟΤΙΙ
2061 359 2577 426 PATRIARClUE
2598 358 2707 420 CP.

3788 348 3887 414 352

584 521 683 578 pro
717 502 877 559 oculo
905 499 1141 571 judicent
1176 508 1423 550 resecare
1454 489 1626 563 jubet.
1663 488 1882 550 timore,
1941 493 1998 539 ut
2024 490 2192 554 patet,

2315 477 2678 546 ἐφιλοσοφεῖν,
2726 472 2825 543 τὴν
2889 468 3213 539 συμφωνίαν
3263 463 3445 519 αὐτῶν
3491 459 3757 516 ἐντεῦθεν
3802 462 3888 513 ἐπ-

2315 573 2348 578 ,-
2473 574 2521 578 --
2613 571 2623 578 .
2706 569 2718 578 ι
2772 567 2794 578 Α
2841 566 2857 578 ι
2920 568 2933 578 ι
3025 566 3037 578 ι
3114 565 3127 578 ι
3179 563 3191 578 1
3245 561 3268 578 ρ
3315 561 3334 578 κ
3399 557 3445 578 κ’
3479 556 3787 578 κὶα.-----1.-.
3810 557 3865 578 ἱ--

585 616 652 653 ne
680 615 801 669 qua:
833 611 941 651 non
972 594 1097 647 licet
1128 592 1314 660 fugere
1347 588 1725 647 lllCUl‘l‘anlllt‘,
1761 568 2051 636 scelestam
2091 592 2185 630 au-

585 691 802 745 daciam
842 695 1011 743 arcet.
1065 684 1253 737 Virtus
1284 689 1464 735 autem
1496 694 1619 745 quae
1655 676 1863 730 nullam
1920 671 2187 743 permittit

586 782 984 843 defensionem,
1018 776 1219 847 injuria
1267 774 1521 829 allectum
1566 768 1762 838 cupida
1798 775 1979 821 mente
2000 773 2055 819 et
2084 764 2188 819 Itu-

588 890 751 929 mana
795 870 1041 925 molestia
1084 864 1550 938 prtestantiorem,
1588 868 1642 914 et
1686 856 2051 912 admiratione
2106 853 2190 907 di-

586 982 754 1037 gnum
821 963 1098 1034 praedicat.
1188 956 1434 1025 Utroque
1529 951 1696 1007 modo
1755 946 2189 1005 benevolentiam

589 1059 975 1131 procedentem
995 1056 1176 1108 videre
1216 1052 1359 1114 licet,
1390 1059 1445 1104 et
1465 1047 1735 1102 sinceram
1754 1042 2191 1098 misericordiam

589 1156 647 1209 in
689 1164 1027 1222 eongeneres
1052 1145 1333 1203 dill'usam.
1374 1142 1430 1196 Si
1460 1150 1642 1195 autem
1680 1148 1915 1206 utroque
1942 1144 2067 1189 aetu
2100 1134 2195 1187 beo

590 1245 904 1302 nevolentia
954 1251 1010 1296 et
1054 1238 1418 1295 mansuetudo
1465 1233 1792 1293 oszenditur,
1844 1237 1991 1299 patet
2047 1228 2193 1297 leges

592 1342 735 1396 inter
795 1354 855 1392 se
916 1352 1020 1389 non
1052 1348 1317 1404 pugnare,
1367 1343 1545 1394 neque
1578 1342 1677 1395 per
1713 1326 1938 1379 alteram
1970 1322 2198 1376 alterius

592 1427 1007 1497 abrogationem
1064 1424 1207 1478 ﬁeri.
1256 1422 1543 1488 Quomodo
1577 1418 1721 1472 enim
1753 1417 1917 1471 ambo
1953 1414 2201 1485 proxime

596 1520 883 1575 hominum
918 1519 1150 1571 salutent
1174 1522 1573 1585 pra‘parassent
1594 1528 1607 1563 ε
1631 1527 1738 1565 una
1760 1509 1979 1578 quidem
2007 1522 2200 1562 eorum

594 1606 689 1675 qui
715 1605 947 1674 injustas
973 1617 1166 1655 manus
1200 1599 1509 1659 intendunt,
1540 1607 1726 1649 motus
1766 1609 2064 1657 euereens;
2119 1591 2202 1645 al-

603 1710 722 1754 tera
763 1696 965 1766 injuria
996 1694 1219 1747 allectos
1246 1708 1411 1760 supra
1454 1704 1670 1743 onmem
1706 1687 1875 1741 animi
1917 1686 2207 1740 inﬁrmita-

597 1798 707 1842 tem
751 1802 960 1856 p0nens
992 1797 1047 1838 et
1070 1801 1165 1838 eos
1192 1782 1542 1837 contumeli.e
1577 1780 1817 1834 motibus
1848 1779 2052 1834 servire
2094 1793 2202 1832 non

2290 573 2437 644 όψει.
2471 574 2531 625 '0
2567 571 2675 641 μὴν
2695 566 2979 638 ὀφθαλμὸν
3013 565 3137 619 ἀντὶ
3169 557 3453 631 ὀφθαλμοῦ
3473 557 3569 610 τὸν
3588 556 3789 626 κριτὴν
3808 557 3892 608 ἐκ-

2287 669 2516 723 κόπτειν
2549 664 2737 729 ἀξιῶν,
2769 661 2920 731 φόϐῳ
2960 657 3205 730 δηλονότι
3236 653 3331 708 τοῦ
3362 651 3564 706 παθεῖν
3597 649 3636 704 ἀ
3676 651 3751 719 μή
3784 652 3893 701 ἐστι

2290 761 2507 829 φυγεῖν,
2536 755 2635 828 τὴν
2665 756 2753 808 ἐπ’
2785 754 2995 815 ἀδίκοις
3020 751 3229 821 τόλμαν
3257 744 3585 802 ἀναστέλλει
3608 761 3625 774 ·
3660 744 3696 812 ἠ
3726 742 3783 794 δὲ
3807 743 3892 793 τοῦ

2296 852 2371 923 μὴ
2398 849 2710 921 ἀμύνασθαι
2754 846 2927 918 ἀρετὴ
2954 844 3046 897 τὸν
3078 842 3412 913 ἠδικημένον
3456 836 3709 909 κρείττω
3739 851 3888 905 περι-

2295 945 2504 1006 παθοῦς
2531 942 2828 1005 διαθέσεως
2854 940 2949 993 καὶ
2983 935 3334 1008 ἀνθρωπίνης
3359 930 3788 998 ἀντιλυπήσεως
3813 928 3897 979 καὶ

2297 1036 2600 1107 θαυμάζειν
2654 1031 3111 1105 ἀνακηρύττουσα
3158 1027 3341 1093 ἄξιον·
3406 1023 3477 1076 δι’
3521 1022 3802 1090 ἐκατέρου
3846 1019 3897 1068 δέ

2298 1132 2506 1204 τρόπου
2558 1129 2677 1183 ἐστὶ
2721 1127 2820 1198 τὴν
2851 1122 3271 1195 φιλανθρωπίαν
3303 1120 3437 1189 όρᾷν
3474 1113 3789 1186 προϊοῦσαν
3817 1113 3899 1165 καὶ

2302 1224 2544 1293 καθαρὸν
2574 1223 2666 1277 τὸν
2698 1222 2845 1275 ἔλεον
2884 1221 2976 1272 ἐπὶ
3000 1220 3115 1278 τοῖς
3172 1214 3469 1285 ὁμοφύλοις
3508 1207 3896 1280 προχεόμενον.

2306 1317 2371 1370 El
2410 1316 2466 1369 δὲ
2486 1314 2552 1367 δι’
2576 1312 2844 1382 ἑκατέρας
2878 1308 3133 1381 πράξεως
3164 1307 3198 1376 ἠ
3225 1302 3615 1375 φιλανθρωπία
3650 1301 3749 1351 καὶ
3781 1299 3901 1368 ἡμε-

2305 1410 2469 1483 ρότης
2518 1406 2859 1465 συνίσταται,
2896 1402 3054 1471 δῆλον
3104 1401 3186 1453 ὅτι
3238 1397 3467 1467 οὐδεμία
3518 1394 3769 1465 μάχεται
3798 1393 3901 1451 ταῖς

2306 1502 2575 1565 ἐντολαῖς,
2619 1499 2739 1552 ούδέ
2784 1496 2939 1565 παρά
2975 1494 3210 1562 θατέρας
3245 1493 3277 1562 ἡ
3314 1492 3412 1558 τῆς
3456 1490 3667 1559 ἐτέρας
3700 1488 3902 1556 ἀναίρε-

2310 1612 2415 1656 σις.
2469 1592 2595 1654 Πῶς
2629 1590 2737 1660 γάρ
2778 1587 2845 1641 ἂν
2888 1583 3288 1655 παραπλησίως
3334 1578 3505 1650 ἄμφω
3536 1578 3643 1649 τὴν
3672 1578 3782 1629 τῶν
3820 1576 3902 1626 ἀν-

2310 1684 2546 1756 θρώπων
2578 1682 2854 1753 σωτηρίαν
2881 1678 3317 1743 κατεσκεύαζον·
3352 1677 3386 1746 ὴ
3430 1674 3531 1742 μὲν
3562 1671 3677 1724 τῶν
3702 1669 3902 1729 ἀδίκους

2312 1777 2502 1847 χεῖρας
2550 1772 3020 1827 ἐπανατεινόντων
3053 1768 3150 1840 τὴν
3195 1768 3375 1838 ὁρμὴν
3424 1763 3905 1826 άνακὸπτουσα·ή

599 1880 820 1936 sinens?
858 1878 924 1933 Et
951 1879 1119 1932 altera
1175 1878 1356 1946 qualis
1381 1876 1432 1929 in
1469 1875 1686 1944 qualem
1724 1873 1866 1927 ictus
1915 1871 2202 1941 injecerit,

2315 1868 2367 1921 δὲ
2396 1867 2524 1931 τοὺς
2560 1865 2927 1936 ἠδικημένους
2956 1860 3291 1931 ὑψηλότερον
3320 1855 3704 1929 μικροψυχίας
3740 1852 3904 1920 πάσης

597 1983 654 2028 et
686 1971 965 2043 quomodo
996 1985 1104 2040 qua
1144 1970 1343 2040 dignus
1369 1977 1488 2021 erat
1530 1967 1740 2020 fortiori
1773 1980 1987 2034 puniant
2059 1963 2203 2017 inlli-

600 2064 758 2130 xerit,
793 2072 847 2117 et
894 2062 1065 2116 multa
1085 2060 1189 2114 alia
1215 2076 1309 2130 per
1350 2060 1449 2114 bas
1511 2059 1649 2111 duas
1676 2056 1943 2111 salutares
1964 2063 2019 2109 et
2042 2054 2202 2110 utiles

600 2156 748 2225 leges
786 2156 837 2207 in
880 2169 1051 2208 unum
1081 2161 1422 2207 concurrunt
1466 2158 1520 2204 et
1541 2150 1895 2218 adaptantnr.

2303 1960 2520 2014 τιθεῖσα
2550 1959 2648 2012 καὶ
2681 1957 2783 2010 οὐκ
2826 1953 3055 2020 ἀξιοῦσα
3093 1950 3369 2005 δουλεύειν
3405 1947 3649 2001 πάθεσιν
3684 1943 3904 2013 ὖϐρεως.

2306 2051 2465 2119 Καὶὴ
2486 2050 2585 2121 μὲν
2605 2047 2927 2102 δεικνύουσα
2948 2041 3060 2107 οἶος
3078 2042 3198 2097 καθ’
3218 2042 3330 2095 οἴου
3464 2037 3690 2109 πληγὴν
3714 2034 3900 2103 ἀφῆκε,

2305 2146 2405 2199 καὶ
2433 2144 2508 2207 ὡς
2529 2144 2558 2197 ὁ
2587 2143 2781 2196 παθεῖν
2810 2142 2960 2208 ἄξιος
2988 2140 3077 2193 τὸν
3108 2137 3344 2208 κρείττω
3373 2134 3770 2205 ἐτιμωρήσατο
3788 2146 3801 2159 ·
3826 2128 3906 2180 καὶ

599 2249 773 2303 πολλά
811 2248 944 2303 ἄλλα
979 2248 1048 2301 δι’
1072 2249 1278 2317 ἀμφοῖν
1301 2245 1409 2298 τῶν
1433 2244 1665 2298 ἐντολῶν
1694 2243 1803 2295 τῶν
1833 2240 2199 2313 σωτηριωδῶν
2233 2244 2330 2298 καὶ
2366 2240 2664 2312 ὠφελίμων
2710 2240 2789 2304 είς
2817 2238 2875 2291 ἓν
2930 2236 3221 2307 συντρέχει
3256 2234 3351 2286 καὶ
3422 2227 3903 2301 συναπαρτίζεται.

920 2337 1223 2405 QUES'I‘IO
1254 2336 1466 2391 XLVII.
1497 2335 1611 2407 [Αι.
1643 2332 1857 2404 χιι-1.]

599 2433 828 2487 Domino
887 2433 1093 2485 dicente
1134 2445 1152 2484 :
1195 2452 1213 2483 ι
1274 2430 1358 2483 Ea:
1408 2441 1559 2495 patre
1603 2427 1809 2481 diaboli
1844 2428 1992 2489 estis,
2031 2446 2049 2479 ι
2077 2443 2217 2491 amc-

672 2506 837 2559 rimus
865 2520 1017 2575 quem
1040 2505 1185 2557 dicat
1226 2502 1501 2555 diabolum
1525 2512 1571 2553 et
1600 2517 1753 2571 quem
1786 2510 1996 2566 putrem
2025 2499 2171 2567 ejus?

2860 2328 3199 2384 ΕΡΩΤΠΣΙΣ
3236 2328 3369 2380 MZ'.

2325 2430 2437 2485 Τοῦ
2470 2428 2695 2497 Κυρίου
2728 2424 3041 2497 ,λέγον-τοᾷ
3068 2441 3094 2497 5
3118 2419 3307 2497 Ὑμεῖς
3328 2419 3395 2472 ἐκ
3423 2416 3532 2497 τοῦ
3554 2410 3904 2497 πατρόςτοιῖ

2390 2486 2680 2553 διαϐὀζίου
2722 2486 2887 2556 ὲσξὲ.
2921 2486 3210 2562 ζητοῦμεῶ
3252 2492 3385 2562 τινα
3412 2488 3581 2561 λέγει
3611 2486 3901 2544 διάϐολον,

2405 2571 2506 2626 καί
2540 2572 2675 2623 τίνα
2708 2569 2815 2620 τὸν
2845 2564 3071 2633 πατέρα
3096 2560 3323 2625 dator”);

1117 2679 1263 2730 Edita
1285 2677 1345 2727 ab
1370 2679 1496 2739 Aug.
1527 2675 1670 2737 Maio,
1699 2679 1731 2725 Ι.
1757 2690 1822 2737 e.,
1850 2689 1898 2738 p.
1923 2675 2088 2724 5640.
2124 2673 2194 2722 De
2230 2682 2371 2737 patre
2398 2664 2604 2724 diaboli,
2631 2677 2723 2713 seu
2757 2662 2820 2711 de
2848 2662 2957 2710 loco
2980 2661 3161 2710 Joann.
3193 2670 3295 2717 vm,
3324 2657 3398 2705 Η.

676 2766 795 2821 Non
833 2765 1020 2819 eodem
1055 2764 1238 2828 modo,
1267 2762 1358 2832 qui
1408 2778 1507 2816 nos
1542 2771 1957 2832 praecesserunt,
1981 2761 2049 2815 de
2100 2762 2202 2815 hac

608 2860 916 2933 quaestione
955 2856 1167 2926 opinati
1220 2864 1371 2910 sunt.
1403 2854 1510 2909 Alii
1553 2854 1699 2907 enim
1754 2854 1946 2909 dicunt
1989 2862 2201 2924 patrem

609 2951 812 3007 diaboli
831 2965 955 3003 eum
982 2962 1104 3002 esse
1128 2946 1222 3016 qui
1250 2947 1302 3000 in
1332 2962 1605 3001 summam
1635 2946 1901 2999 malitiam
1932 2947 2203 3007 ascendit,

2376 2756 2647 2825 Διάφορος
2690 2748 2819 2814 δόξα
2841 2750 2955 2810 τοῖς
2982 2746 3088 2817 πρὸ
3114 2744 3272 2815 ἡμῶν
3303 2743 3433 2812 περὶ
3455 2740 3656 2795 τούτου
3690 2734 3905 2809 προελή-

2311 2850 2441 2905 λυθε
2486 2845 2582 2900 τοῦ
2641 2844 2983 2915 ζητήματος.
3037 2840 3102 2893 Οἱ
3156 2838 3254 2908 μὲν
3284 2837 3392 2907 γάρ
3444 2835 3673 2903 λέγουσι
3713 2830 3906 2901 πατέρα

2308 2944 2403 2999 τοῦ
2470 2938 2757 2997 διαϐόλου,
2823 2936 2916 2988 τὸν
2987 2936 3067 2996 εἰς
3121 2933 3290 3002 ἀκρον
3351 2929 3547 2991 κακίας
3616 2929 3905 2982 ἐλάσαντα’

609 3055 666 3101 et
702 3044 796 3116 qui
832 3041 1036 3097 diaboli
1072 3041 1125 3094 in
1159 3056 1219 3095 se
1266 3040 1650 3109 multiplicavit
1706 3038 1872 3103 fetus,
1905 3046 1959 3093 et
2008 3039 2207 3093 multo-

2315 3036 2410 3090 καὶ
2437 3033 2530 3087 τοῦ
2582 3027 2822 3100 πονηροῦ
2862 3029 2918 3082 ἐν
2948 3023 3127 3094 ἐαυτῷ
3176 3022 3738 3077 πολλαπλασιάσαντα
3790 3034 3898 3084 γεν-

2362 3130 2370 3134 .
2669 3124 2680 3134 ι
2812 3121 2859 3134 «ι
2892 3120 2903 3134 ι
3129 3116 3215 3134 κλῇ
3284 3117 3352 3134 *η
3392 3132 3439 3134 Α-
3493 3115 3614 3134 L____
3671 3109 3898 3134 _--...'.-..4

609 3137 714 3193 ties
766 3134 907 3190 tales
957 3140 1116 3187 actus
1174 3132 1364 3201 genuit
1410 3131 1604 3200 quales
1652 3145 1831 3199 neque
1870 3130 1987 3200 ipse
2032 3131 2210 3185 malus

2317 3130 2563 3199 νήματα,
2595 3124 2692 3177 καὶ
2739 3120 3003 3182 πολλάκις
3056 3116 3229 3170 πολλὰ
3273 3115 3621 3170 άποτεκόντα
3668 3109 3908 3168 τοιαύτας

612 3234 763 3305 prius
806 3247 976 3287 ausus
1005 3238 1169 3286 esset.
1227 3226 1286 3283 Si
1314 3230 1386 3282 ita
1442 3228 1534 3294 sit,
1564 3227 2097 3297 nihilimpeditquin
2125 3240 2215 3296 pa-

612 3329 696 3374 ter
728 3326 887 3387 partu
918 3330 1110 3370 eorum
1148 3328 1272 3383 quae
1319 3328 1348 3366 a
1382 3327 1439 3367 se
1470 3312 1746 3382 prodeunt
1778 3310 2011 3365 inferior
2036 3310 2214 3365 factus

610 3409 859 3463 ordinem
890 3407 987 3461 ﬁlii
1044 3405 1313 3475 suscipiat
1345 3422 1359 3470 ;
1398 3404 1487 3457 ille
1522 3418 1652 3458 vero
1693 3402 2216 3473 quiquodammodo

612 3499 911 3568 genitorem
956 3494 1148 3567 genuit
1180 3495 1231 3547 in
1264 3503 1550 3563 paternum
1607 3491 1857 3544 habitum
1887 3496 2218 3543 transmuta-

617 3604 707 3646 tus
738 3591 830 3645 sit.
863 3590 938 3644 Ut
982 3588 1139 3652 Cain,
1183 3587 1229 3641 si
1258 3586 1415 3639 velis.
1440 3583 1639 3637 Multos
1664 3582 1809 3636 enim
1854 3581 1943 3635 ille
1969 3579 2219 3634 diabolos

616 3685 806 3754 genuit
836 3702 850 3737 :
892 3682 944 3736 id
973 3691 1077 3747 est,
1108 3690 1401 3748 postquam
1429 3677 1632 3730 diaboli
1679 3675 1927 3729 actiones
1944 3676 2217 3741 concepit,

616 3782 711 3822 eas
761 3766 973 3837 peperit
1041 3764 1287 3818 nondum
1347 3762 1565 3815 dolores
1646 3758 1918 3829 puerperii
1971 3754 2218 3811 solvendi

621 3857 772 3927 prius
806 3853 1091 3908 audaciam
1134 3852 1421 3915 habentes,
1465 3848 1754 3902 mendacio
1802 3846 1983 3899 nitens
2035 3842 2221 3898 fallere

621 3969 728 4008 non
759 3951 928 4007 alium
960 3949 1283 4019 quemdam,
1326 3946 1419 4001 sed
1471 3960 1595 3999 eum
1648 3942 1742 4013 qui
1772 3943 1958 3995 omnia
2001 3950 2057 3993 et
2096 3949 2223 3993 ante

621 4050 803 4095 ortum
835 4038 1031 4101 noscit,
1060 4035 1187 4091 dolo
1213 4034 1435 4089 fratrem
1469 4031 1773 4101 alloquens,
1798 4037 1852 4083 et
1878 4027 2064 4083 dolum
2094 4043 2226 4080 con-

622 4132 705 4179 tra
735 4121 1062 4178 charissima
1096 4122 1308 4175 viscera
1351 4116 1648 4173 intendens
1701 4114 1908 4169 amoris
1960 4120 2220 4183 praetextu

621 4216 923 4279 occultum,
980 4214 1183 4268 caedem
1247 4210 1488 4266 fraterna
1521 4210 1744 4263 dextera
1799 4221 2127 4276 exsequens,
2173 4209 2226 4255 et

623 4312 823 4355 terram
874 4300 1092 4367 primus
1128 4299 1373 4350 humano
1410 4292 2022 4365 sanguineinquinans,
2056 4288 2225 4341 ictum

625 4381 963 4454 genitoribus
1005 4380 1367 4435 insanabilem
1397 4377 1661 4433 inferens.
1707 4375 1772 4430 Et
1815 4374 1962 4445 quod
2017 4372 2224 4435 dicant,

625 4484 751 4520 eum
788 4474 848 4520 ut
881 4475 1069 4535 partus
1120 4463 1427 4517 mercedem
1458 4462 1709 4530 exegisse
1733 4469 1790 4513 ut
1814 4474 1921 4513 non
1965 4454 2222 4512 secundis

629 4560 893 4631 partubus
932 4557 1254 4617 exsultat-et,
1287 4554 1519 4610 stultitia
1557 4562 1611 4608 et
1637 4550 2072 4607 contradictione
2104 4566 2222 4604 ma-

627 4642 825 4698 nifesta
860 4641 1241 4712 praecedentia
1276 4639 1524 4692 laborare
1551 4636 1927 4701 convincunt;
1973 4643 2025 4687 et
2072 4648 2225 4703 qua:-

627 4742 847 4796 eunque
920 4726 1026 4779 alia
1104 4722 1435 4778 istiusmodi.
1492 4720 1608 4777 Etsi
1662 4734 1794 4776 vero
1827 4734 1895 4772 ex
1960 4718 2225 4788 oppositis

628 4824 829 4879 similia
868 4820 1222 4893 probabiliter
1247 4818 1712 4889 intelligerelicct.
1749 4814 2225 4882 Quemadmodum

628 4922 720 4977 ille
764 4922 855 4992 qui
886 4922 940 4976 in
980 4931 1281 4975 extremam
1314 4916 1572 4970 virtutem
1620 4914 1781 4985 hujus
1807 4913 1953 4984 quod
1985 4911 2226 4968 sanctis-

628 5015 831 5071 simum
879 5023 966 5069 est
1016 5010 1468 5083 frequentatione
1516 4996 1920 5064 et‘eliicacitate
1954 5006 2225 5077 pervenit,

628 5117 682 5163 et
724 5108 778 5161 in
827 5122 887 5164 se
919 5108 1151 5177 gratiam
1186 5104 1582 5174 multiplicatet
1604 5100 1793 5156 multis
1824 5099 2049 5155 salutari
2069 5109 2227 5170 partu

630 5197 782 5253 utilis
826 5196 906 5262 ﬁt,
959 5211 1235 5267 generans
1306 5195 1478 5248 Deum
1526 5192 1753 5263 spiritus
1811 5192 2014 5246 dicitur
2047 5208 2059 5245 :
2096 5191 2230 5244 (Per

634 5282 887 5339 timorem
922 5282 1068 5336 enim
1116 5290 1190 5346 te,
1218 5278 1474 5343 Domine,
1502 5276 1557 5331 in
1590 5278 1715 5331 sinu
1750 5285 1945 5331 nostro
1972 5275 2231 5345 concepi-

632 5385 761 5425 mus
791 5377 846 5424 et
878 5367 1192 5439 peperimus
1227 5374 1281 5421 et
1313 5363 1638 5434 genuimus;
1669 5362 1922 5432 spiritum
1970 5361 2231 5417 salutaris

635 5458 712 5511 tui
747 5455 803 5510 in
832 5464 975 5510 terra
1007 5454 1394 5525 generavimus
1412 5454 1480 5518 “;
1525 5470 1543 5502 ι
1570 5450 1641 5504 ita
1670 5465 1802 5504 sane
1833 5450 1927 5519 qui
1968 5449 2022 5503 in
2050 5458 2227 5504 extre-

638 5562 782 5602 mam
827 5547 1098 5601 malitiam
1126 5544 1373 5615 pervenit
1417 5544 1605 5607 homo,
1651 5541 1887 5611 improbi
1918 5540 2128 5596 semina
2174 5538 2229 5593 in

637 5649 698 5689 se
728 5634 1070 5704 concipiens.
1098 5643 1430 5704 partumque
1461 5639 1513 5686 et
1543 5630 1818 5701 genimina
1839 5627 2227 5697 multiplicans,

638 5726 859 5795 gignere
913 5725 1197 5781 diabolum
1252 5725 1449 5780 merito
1501 5723 1779 5779 diceretur
1829 5732 1885 5779 et
1919 5730 2075 5793 pater
2110 5719 2231 5789 ejus

637 5830 778 5873 6558.

716 5933 763 5966 "
795 5929 945 5988 Psal.
976 5945 1122 5998 xxvi,
1160 5929 1249 5984 18.

2319 3220 2573 3294 πράξεις,
2626 3218 2741 3280 οἵας
2810 3216 2878 3269 ἂν
2913 3216 2942 3266 ὁ
2998 3212 3236 3282 πονηρὸς
3301 3212 3400 3263 οὐκ
3448 3208 3724 3279 ἐτόλμησε
3784 3202 3904 3274 πρό-

2316 3330 2496 3385 τερον.
2531 3312 2594 3364 Εί
2615 3311 2671 3364 δέ
2699 3308 2879 3363 ταῦτα
2913 3306 3067 3361 οὐδὲν
3103 3303 3305 3358 κωλύει
3338 3304 3433 3356 καὶ
3461 3302 3555 3356 τὸν
3600 3300 3813 3370 πατέρα
3842 3296 3906 3364 τῷ

2316 3408 2465 3477 τόκῳ
2493 3405 2601 3458 τῶν
2629 3403 2687 3469 ἐξ
2713 3400 2877 3455 αὐτοῦ
2913 3398 3290 3470 προελθόντων
3332 3394 3735 3456 ἐλαττωθέντα,
3763 3391 3905 3446 αὐτὸν

2323 3498 2426 3569 μὲν
2450 3497 2549 3567 τὴν
2572 3494 2665 3547 τοῦ
2688 3493 2805 3546 υίοῦ
2836 3490 3160 3563 μεταλαϐεῖν
3180 3488 3355 3555 τάξιν,
3382 3489 3472 3541 τὸν
3498 3488 3555 3540 δέ
3591 3484 3906 3553 πλεονεκτή-

2324 3609 2497 3647 σαντα
2526 3593 2586 3643 ἐν
2614 3592 2680 3661 τῇ
2713 3588 2882 3659 κακίᾳ
2914 3586 3009 3640 καὶ
3049 3587 3251 3657 τρόπον
3282 3584 3406 3637 τινα
3449 3585 3541 3637 τὸν
3580 3583 3906 3653 γεννήσαντα

2323 3684 2695 3755 γεγεννηκότα
2728 3683 2808 3746 είς
2835 3680 2933 3752 τὴν
2962 3678 3238 3750 πατρικὴν
3268 3677 3678 3740 ἀντιμετελθεῖν
3718 3674 3902 3744 σχέσιν.

2324 3778 2452 3835 Οίον
2473 3782 2501 3833 ὁ
2529 3777 2693 3844 Καῒν,
2736 3778 2786 3830 εί
2819 3775 2998 3847 βούλει
3019 3790 3033 3805 ο
3066 3773 3295 3836 πολλοὺς
3341 3772 3452 3842 γάρ
3478 3765 3638 3834 οὗτος
3674 3770 3788 3840 ἅμα
3807 3766 3905 3818 δια⁴

2325 3872 2518 3935 ϐόλους
2570 3869 2762 3923 τέτοκε
2790 3883 2803 3896 ⁸
2837 3865 3086 3919 τουτέστι
3126 3863 3225 3927 τὰς
3267 3861 3363 3916 τοῦ
3407 3861 3662 3915 διαϐόλου
3698 3854 3905 3929 πράξεις

2327 3961 2610 4017 συλλαϐὼν
2632 3959 2968 4030 ἀπεκύησεν,
2996 3955 3153 4010 οὔπω
3177 3956 3445 4029 πρότερον
3471 3954 3675 4024 θάρσος
3692 3948 3904 4022 ἐχούσας

2326 4056 2475 4110 λύειν
2498 4056 2597 4117 τὰς
2642 4052 2860 4115 ὠδῖνας,
2897 4049 3088 4120 ψεύδει
3136 4047 3453 4117 φενακίζειν
3496 4044 3795 4117 ἐπιχειρῶν
3820 4039 3905 4105 οὐχ

2326 4146 2517 4218 ἕτερόν
2543 4161 2688 4207 τινα,
2712 4141 2853 4196 ἀλλὰ
2883 4140 2977 4195 τὸν
3022 4142 3203 4193 πάντα
3230 4141 3325 4193 καὶ.
3354 4140 3482 4208 πρὶν
3524 4139 3793 4207 γενέσεως
3817 4134 3902 4185 ἐπ-

2332 4238 2642 4307 ιστάμενον,
2671 4235 2855 4306 ἀπάτῃ
2902 4232 3302 4304 μετερχόμενος
3346 4231 3576 4299 ἀδελφόν
3600 4247 3616 4263 ³
3653 4229 3748 4284 καὶ
3773 4225 3903 4280 δόλον

2330 4331 2473 4383 κατά
2496 4329 2604 4382 τῶν
2637 4326 2911 4397 φιλτάτων
2938 4326 3263 4395 σπλάγχνων
3287 4324 3538 4377 ἐντείνων
3563 4325 3666 4393 τῆς
3689 4321 3903 4390 στοργῆς

2256 4426 2296 4485 D
2330 4421 2408 4492 τῷ
2464 4422 2707 4491 σχήματι
2756 4418 3189 4488 καλυπτόμενον,
3240 4417 3401 4485 φόνον
3451 4415 3716 4485 ἀδελφικῇ
3772 4407 3903 4476 δεξιᾷ

2328 4511 2756 4582 παλαμώμενος,
2789 4511 2883 4564 καὶ
2903 4509 3001 4579 τὴν
3032 4509 3136 4579 γῆν
3161 4509 3377 4578 πρῶτος
3412 4508 3743 4580 ἀνθρωπίνῳ
3787 4502 3902 4555 11‘:-

2328 4605 2567 4675 υϐρίςων
2599 4604 2814 4675 αἵματι,
2843 4601 3058 4673 πληγὴν
3086 4601 3311 4668 ἐπάγων
3342 4604 3455 4666 τοῖς
3499 4597 3901 4671 γεννησαμένοις

2327 4700 2699 4771 ἀθεράπευτον
2718 4715 2733 4731 ⁸
2776 4698 2871 4752 καὶ
2902 4698 2998 4751 τοῦ
3026 4697 3189 4751 τόκου
3221 4696 3415 4767 μισθὸν
3443 4698 3717 4759 ἀπαιτεῖν,
3749 4691 3806 4743 τὸ
3834 4688 3899 4758 μὴ

2327 4792 2602 4861 δευτέροις
2630 4790 2808 4854 τόκοις
2822 4788 3248 4857 ἐπαγάλλεσθαι,
3276 4788 3506 4860 ἀπονοίᾳ
3521 4788 3616 4842 καὶ
3640 4779 3899 4848 ἀντιλογίᾳ

2326 4884 2691 4955 χαλεπωτέρᾳ
2719 4882 2789 4936 τὰ
2813 4882 3100 4952 φθάσαντα
3120 4881 3457 4952 διελέγχουσι
3477 4898 3492 4912 ο
3518 4882 3613 4935 καὶ
3652 4882 3749 4934 ὅσα
3781 4873 3898 4928 ἄλλα

2329 4977 2577 5031 τοιαῦτα.
2626 4975 2687 5030 Εἰ
2713 4975 2771 5028 δὲ
2806 4975 2904 5029 καὶ
2935 4977 3001 5029 ἐκ
3030 4974 3140 5029 τῶν
3169 4974 3429 5028 ἐναντίων
3466 4976 3615 5027 ἐστὶν
3642 4968 3896 5035 ἀναλόγως

2330 5071 2400 5127 τὰ
2428 5073 2595 5140 ὅμοια
2624 5071 2859 5141 συνορᾷν
2883 5085 2896 5098 '
2934 5068 3125 5141 ὥσπερ
3147 5069 3176 5121 ὁ
3202 5070 3286 5132 είς
3305 5069 3474 5139 ἄκρον
3499 5069 3699 5138 ἀρετῆς
3722 5065 3783 5132 τῇ
3815 5054 3895 5109 ’τῡῦ

2330 5163 2599 5232 παναγίου
2643 5164 2864 5226 πάντως
2904 5162 3245 5233 ἐπιφοιτήσει
3289 5162 3382 5215 καὶ
3446 5161 3702 5231 ἐνεργείᾳ
3742 5156 3895 5226 ἥκων,

2331 5257 2426 5313 καί
2464 5255 2919 5321 πολυπλασιάζων
2943 5256 3000 5307 ὲν
3035 5254 3215 5327 ἐαυτῷ
3244 5256 3343 5325 τὴν
3367 5254 3550 5326 χάριν,
3582 5252 3676 5306 καὶ
3703 5244 3899 5302 πολλοῖς

2332 5350 2609 5420 ὠφέλιμος
2637 5350 2734 5402 καὶ
2756 5348 3045 5418 σωτηρίοις
3075 5347 3153 5418 τῷ
3180 5347 3326 5418 τόκῳ
3365 5346 3669 5416 γινόμενος,
3699 5337 3895 5405 πνεῦμα

2334 5444 2553 5512 λέγεται
2579 5442 2762 5496 τικτὸν
2786 5441 2945 5495 Θεοῦ.
2967 5441 3066 5495 Διά
3088 5441 3196 5511 γὰρ
3222 5439 3311 5493 τὸν
3334 5439 3499 5509 φόϐον
3513 5457 3627 5505 σου,
3650 5436 3832 5505 Κύριε,
3848 5428 3895 5477 ἐν

2333 5535 2534 5606 γαστρὶ
2586 5534 2852 5604 ἐλάϐομεν
2913 5532 3010 5586 καὶ
3076 5532 3424 5604 ὠδινήσαμεν
3470 5534 3567 5586 καὶ
3618 5528 3892 5592 ἐτέκομενν

2335 5626 2553 5696 πνεῦμα
2585 5625 2856 5697 σωτηρίου
2881 5643 2971 5678 σου
3001 5627 3317 5695 ἐκυήσαμεν
3350 5625 3443 5677 ἐπὶ
3466 5624 3568 5694 τῆς
3602 5624 3719 5693 γῆς.
3762 5610 3894 5667 Οὕτω

2334 5719 2420 5788 δὴ,
2447 5718 2588 5771 οὕτω
2614 5720 2707 5771 καὶ
2736 5721 2763 5771 ὁ
2786 5719 2863 5777 εἰς
2894 5718 3062 5787 ἄκρον
3092 5716 3289 5779 κακίας
3314 5717 3511 5779 ἐλάσας
3546 5718 3812 5787 ἄνθρωπος
3839 5696 3893 5750 τά

2341 5809 2434 5862 τοῦ
2470 5812 2705 5880 πονηροῦ
2749 5808 3042 5879 σπέρματα
3078 5810 3136 5862 ὲν
3169 5808 3347 5879 ἐαυτῷ
3386 5808 3662 5863 συλλαϐὼν
3704 5802 3789 5858 καὶ
3813 5808 3894 5846 πῦο
