4144 6444
332 300 440 364 353

1305 286 1405 360 At)
1434 286 2033 383 AMPHILOCHIUM
2072 299 2421 371 oU/ESTIO
2448 301 2682 362 XLVII.

3525 305 3631 370 354

328 410 711 469 λυπλασιάσας
732 406 827 461 τὸν
849 405 1010 460 τόκον
1031 403 1124 459 καὶ
1146 404 1214 459 τὰ
1238 406 1339 477 τῆς
1392 408 1656 479 πονηρίας
1713 409 1994 479 κυήματα,
2036 409 2244 462 τίκτειν
2286 410 2351 463 ἂν
2384 411 2609 475 εἰκότως
2649 412 2859 481 λέγοιτο
2892 414 2982 467 τόν
3028 414 3274 470 διάϐολον
3313 417 3410 471 καὶ
3447 424 3630 494 πατὴρ

328 500 706 575 χρηματίζειν
743 498 935 553 αὐτοῦ.

403 595 468 648 Οί
525 592 585 648 δὲ
637 592 919 662 οὐδέτερον
1004 590 1103 661 μὲν
1181 588 1290 641 τῶν
1364 588 1672 660 εἰρημένων
1725 589 1952 661 ἐγκρίε

2098 594 2205 648 Alii
2266 609 2398 649 vero
2451 590 2700 652 nihilex
2763 598 2850 654 his
2927 600 3259 672 admittunt;
3321 616 3628 675 serpentem

331 702 510 751 νουσι,
576 683 670 737 τὸν
713 681 835 752 ὅφιν
898 679 957 733 δὲ
999 678 1095 733 τοῦ
1149 677 1400 733 διαϐόλου
1452 679 1667 750 πατέρα
1716 678 1926 751 κληθῆ-

332 795 427 833 ναι
474 775 756 848 νομίζουσι
776 789 789 803 '
821 771 1000 837 διατί;
1030 771 1153 825 Ὅτι
1180 772 1398 844 πρῶτον
1422 773 1451 827 6
1490 773 1612 844 ὄφις
1639 773 1739 846 τὴν
1769 772 1928 827 ἐκεί-

337 888 433 925 νου
480 868 735 939 διαϐολήν
784 865 1091 931 συλλαϐὼν,
1142 867 1207 937 τῇ
1257 864 1474 938 γλώττῃ
1518 867 1791 920 ἁπέτεκε·
1821 867 1929 934 πρὸ

338 966 452 1036 γὰρ
483 962 579 1033 τῆς
607 960 898 1031 ἀνθρώπου
931 959 1184 1022 πλάσεως
1217 958 1313 1012 καὶ
1342 961 1441 1031 τῆς
1469 958 1562 1012 τοῦ
1593 959 1772 1029 ὄφεως
1798 959 1931 1012 ὐπο-

342 1058 607 1122 στάσεως,
639 1051 739 1109 οὐκ
761 1048 830 1125 ἦν
863 1053 892 1107 6
920 1052 1221 1125 ἀπορρυεὶς
1261 1053 1361 1122 τῆς
1387 1052 1691 1123 ἀγγελικῆς
1719 1051 1933 1120 εὐγνω-

343 1145 706 1221 μοσύνης’καὶ
734 1145 958 1211 τάξεως,
983 1144 1054 1199 τά
1076 1142 1173 1197 τοῦ
1207 1143 1457 1200 διαϐόλου
1492 1145 1773 1216 πράττων,
1806 1142 1931 1198 καί-

336 1257 422 1293 τοι
454 1237 637 1310 ζητῶν
664 1237 834 1301 κακὸς
863 1232 1002 1290 ε’ίναι
1040 1235 1138 1289 καὶ
1168 1234 1356 1308 χώραν
1386 1236 1488 1290 οὐκ
1531 1235 1673 1307 ἔχων
1699 1251 1934 1305 παρεισ-

335 1330 581 1396 δύσεως·
619 1329 817 1385 οὐκοῦν
845 1329 908 1383 τὸ
955 1327 1185 1403 ἑρπετὸν
1229 1331 1259 1384 6
1310 1328 1433 1398 ὄφις
1483 1328 1611 1392 τοὺς
1655 1326 1938 1391 διαϐόλους

337 1420 727 1492 ἐγκυμονήσας
772 1419 1071 1490 λογισμοὺς
1123 1420 1217 1474 καὶ
1247 1421 1314 1491 τῇ
1350 1418 1572 1489 γλώσσῃ
1606 1418 1831 1480 εἰκότως
1870 1417 1938 1471 ἂν

338 1512 438 1568 τοῦ
469 1510 720 1566 διαϐόλου
754 1509 937 1582 πατὴρ
961 1510 1193 1579 λέγοιτο.
1236 1509 1398 1563 Ἀλλά
1441 1509 1615 1562 ταῦτα
1643 1506 1742 1579 μέν
1773 1508 1939 1579 ἕτερα

338 1603 570 1659 τοιαῦτα
598 1605 679 1667 είς
707 1601 1009 1667 ἀνάπτυξιν
1032 1602 1130 1656 τοῦ
1161 1600 1352 1673 ῥητοῦ,
1388 1599 1474 1662 τίς
1497 1616 1556 1652 τε
1579 1599 1799 1654 καλοῖτο
1823 1600 1939 1653 διά-

339 1696 521 1763 ϐολος,
551 1695 648 1750 καὶ
674 1694 759 1759 τίς
795 1695 824 1748 6
856 1692 1048 1747 τούτου
1080 1693 1287 1765 πατὴρ,
1330 1692 1540 1764 ἑτέροις
1571 1691 1942 1763 πεφιλοσόφη-

337 1805 475 1845 ται·
522 1788 648 1860 ἐμοὶ
696 1788 755 1842 δὲ
805 1787 907 1852 τὰς
951 1784 1254 1859 εἰρημένας
1315 1784 1601 1849 ἐπιλύσεις
1652 1782 1777 1838 οὐτε
1821 1784 1942 1839 λίαν

341 1882 525 1937 ἔπεισι
560 1880 891 1953 θαυμάζειν,
918 1878 1042 1934 οὐτε
1077 1878 1179 1951 μὲν
1224 1878 1527 1950 φιλολόγων
1574 1871 1716 1931 εἶναι
1746 1878 1944 1944 πόνους

2032 695 2215 741 autem
2278 688 2478 743 diaboli
2544 701 2751 759 patrem
2834 695 3019 749 vocari
3101 706 3313 765 putant.
3390 691 3634 766 Quare?

2031 776 2170 843 Quia
2186 777 2384 847 primo,
2404 790 2691 850 postquam
2710 796 2933 851 serpens
2951 784 3070 853 ejus
3090 786 3422 845 calumniam
3436 806 3635 848 conce-

2032 872 2132 942 pit,
2171 872 2353 943 lingua
2384 875 2615 944 peperit.
2674 877 2979 947 Antequam
3004 880 3149 933 enim
3178 882 3344 937 homo
3371 884 3631 943 eﬂorma-

2033 972 2186 1020 retur
2211 974 2266 1022 et
2324 976 2551 1037 serpens
2586 969 2933 1035 subsisteret,
2973 973 3042 1027 ab
3090 977 3333 1046 angelica
3364 982 3635 1052 sapientia

2035 1067 2091 1113 et
2123 1058 2316 1113 ordine
2352 1059 2448 1129 qui
2473 1068 2594 1114 erat
2653 1060 2935 1131 delapsus,
2984 1080 3093 1118 non
3127 1082 3290 1136 opera
3317 1068 3520 1134 diaboli
3552 1072 3635 1127 fa-

2037 1148 2236 1216 ciebat,
2298 1150 2478 1205 malus
2530 1159 2712 1207 tamen
2768 1168 2892 1208 esse
2953 1156 3251 1224 nitebatur,
3294 1177 3397 1217 nec
3452 1163 3635 1220 locum

2038 1241 2431 1299 transfusionis
2465 1244 2717 1301 habebat.
2772 1248 2939 1318 Igitur
3004 1253 3194 1323 reptile
3246 1256 3393 1326 quod
3415 1268 3638 1315 cstser-

2040 1347 2175 1403 pens
2196 1333 2498 1390 diabolicos
2515 1338 2763 1408 concepit
2776 1352 3057 1406 sensus,et
3076 1344 3257 1416 lingua
3272 1347 3471 1405 diaboli
3484 1361 3638 1423 pater

2042 1425 2240 1480 merito
2269 1426 2564 1483 diceretur.
2622 1427 2731 1486 Sed
2760 1431 2873 1486 haac
2899 1433 3120 1504 quidem
3157 1438 3260 1492 alia
3293 1441 3421 1497 talia
3442 1452 3501 1497 ut
3533 1446 3640 1501 hoc

2043 1516 2248 1572 dictum
2277 1518 2592 1588 explanent,
2626 1522 2751 1592 quis
2775 1527 3270 1588 voceturdiabolus
3297 1544 3351 1589 et
3370 1537 3495 1606 quis
3519 1539 3641 1609 ejus

2044 1616 2217 1678 pater,
2251 1608 2320 1663 ab
2348 1610 2473 1665 aliis
2504 1611 2764 1682 inquisita
2806 1625 2953 1670 sunt.
2989 1616 3121 1673 Mihi
3181 1638 3314 1678 vero
3349 1608 3641 1695 praedictas

2046 1702 2347 1759 solutiones
2397 1720 2503 1793 non
2535 1707 2685 1761 venit
2726 1707 2781 1761 in
2841 1718 3078 1765 mentem
3132 1713 3418 1785 admirari,
3461 1737 3643 1793 neque

2047 1796 2180 1857 puto
2200 1802 2294 1843 eas
2319 1802 2444 1844 esse
2468 1789 2754 1847 doctorum
2779 1793 3021 1850 virorum
3049 1812 3208 1868 opus.
3234 1799 3337 1867 Qui
3364 1818 3493 1859 vero
3525 1789 3644 1862 haec

2049 1880 2225 1952 magis
2274 1892 2499 1951 possent
2535 1883 2861 1956 intelligere,
2891 1888 2929 1943 ii
2975 1904 3109 1946 sane
3140 1893 3421 1950 meliorem
3444 1898 3512 1952 de
3556 1899 3644 1955 his

339 1980 592 2051 ἀνδρῶν·
641 1980 787 2043 ὅσοις
829 1976 887 2031 δὲ
934 1976 1136 2049 μᾶλλον
1184 1976 1255 2031 τά
1307 1973 1534 2030 τοιαῦτα
1585 1974 1942 2046 εὐτρέπισται

2057 1973 2376 2028 sententiam
2419 1975 2559 2031 ferre
2600 1976 2860 2034 valerent.
2899 1979 3033 2047 Quae
3054 1993 3238 2041 autem
3266 1988 3401 2042 mihi
3456 1989 3644 2045 obsta-

343 2079 598 2149 συνορᾷν,
618 2076 948 2148 δικαιότεροι
971 2073 1038 2128 ἂν
1059 2069 1170 2128 εἷεν
1184 2067 1329 2128 οὗτοι
1353 2074 1449 2127 καὶ
1464 2072 1563 2144 τὴν
1584 2072 1793 2144 ἀμείνω
1811 2074 1945 2145 περὶ¹

343 2170 529 2226 αὐτῶν
571 2168 754 2240 ψῆφον
804 2166 1146 2236 ἐξενεγκεῖν·
1185 2165 1221 2219 ἃ
1260 2164 1305 2218 δ’
1354 2166 1419 2218 ἂν
1475 2163 1749 2237 προσταίη
1802 2165 1928 2237 ἐμοί

2054 2075 2179 2122 rent
2200 2076 2254 2121 et
2271 2067 2411 2124 forte
2427 2070 2584 2125 alteri
2604 2072 2820 2128 cuidam
2848 2089 2917 2131 ne
2946 2076 3064 2146 ejus
3092 2079 3481 2148 perfectionem
3513 2099 3644 2142 con-

2043 2160 2335 2232 cipiamus.
2378 2162 2495 2219 hzec
2537 2164 2753 2220 ratione
2782 2181 3106 2240 persequor.

344 2268 411 2321 τε
451 2269 545 2321 καὶ
577 2265 707 2329 ἴσως
740 2264 911 2335 ἐτέρῳ
960 2260 1068 2314 τινὶ
1108 2259 1207 2331 τὴν
1231 2258 1546 2329 τελειότητα
1584 2260 1790 2330 ταύτης
1835 2260 1913 2332 μὴ
1954 2258 2308 2326 καταλαϐεῖν,
2337 2260 2523 2312 ἐκεῖνα
2554 2259 2649 2313 καὶ
2681 2258 2747 2332 δὴ
2775 2260 2854 2332 τῷ
2881 2262 3026 2336 λόγῳ
3063 2266 3320 2341 διέξειμι.

350 2416 353 2417 ν
420 2360 643 2436 Πρῶτον
670 2360 770 2431 μὲν
793 2354 1034 2428 οὐδαμοῦ
1074 2355 1175 2425 τῆς
1207 2356 1362 2427 ἱερᾶς
1399 2356 1557 2427 ήμῶν
1588 2356 1814 2427 Γραφῆς
1849 2356 1944 2424 γέ.

341 2475 485 2530 γονα
524 2452 750 2516 δυνατὸς
795 2451 1001 2523 εὐρεῖν,
1025 2448 1150 2502 οὐτε
1182 2452 1325 2502 κατὰ
1371 2449 1441 2504 τά
1482 2448 1820 2520 παλαιότερα
1846 2450 1951 2520 τῆς

341 2547 696 2622 νομοθεσίας,
731 2542 860 2598 οὐτε
910 2543 971 2595 ἐν
1016 2534 1098 2605 οἷς
1147 2542 1180 2612 ή
1223 2542 1385 2612 χάρις
1419 2540 1484 2593 τὸ
1520 2540 1621 2612 τῆς
1669 2540 1954 2605 εὐσεϐείας

343 2642 466 2713 φῶς
494 2637 883 2712 λαμπρότερον
925 2632 1227 2707 ήστραψεν,
1260 2632 1527 2703 οὐμενοῦν
1571 2632 1812 2705 οὐδαμοῦ
1846 2651 1955 2687 πα-

342 2736 486 2806 τέρα
504 2732 627 2787 τινὰ
649 2730 745 2785 τοῦ
778 2727 1028 2785 διαϐόλου
1068 2726 1398 2798 λεγόμενον·
1455 2726 1700 2795 καίτοιγε
1766 2726 1960 2780 πολλαὶ

344 2830 613 2893 πολλάκις
655 2828 873 2899 χωρίων
904 2823 1143 2896 περίοδοι
1185 2823 1285 2894 τῆς
1328 2824 1574 2894 πονηρᾶς
1607 2823 1826 2895 ἐκείνης
1864 2822 1962 2876 καὶ

344 2923 633 2995 ἀλιτηρίου
680 2921 904 2992 μνήμην
928 2916 1364 2972 καταϐάλλονται
1386 2917 1762 2989 προαιρέσεως
1782 2932 1795 2946 ·
1823 2915 1960 2970 ἀλλά

346 3015 599 3070 Σατανᾶν
638 3013 740 3085 μὲν
784 3012 884 3066 καὶ
920 3009 1171 3065 διάϐολον
1208 3010 1305 3064 καὶ
1355 3008 1674 3081 ἀποστάτην
1710 3009 1805 3064 καί⁸
1834 3008 1961 3064 νοῦν

361 3107 649 3178 Ἀσσύριον
677 3103 897 3160 καὶτῶν
915 3102 1105 3157 παθῶν
1135 3101 1375 3173 ἄρχοντα
1401 3103 1495 3156 κα)⁹
1520 3100 1630 3155 τῶν
1653 3103 1753 3171 τῆς
1784 3117 1958 3170 πονηο

350 3199 479 3273 ρίας
517 3198 847 3267 πνευμάτων
895 3192 1255 3265 ἐξουσιαστὴν
1304 3192 1401 3247 καὶ
1432 3188 1661 3247 τοιαῦτά
1690 3207 1817 3246 τινα
1859 3191 1952 3245 τὸν

347 3289 663 3360 ἀρχέκακον
682 3284 878 3357 ἐχθρὸν
899 3284 995 3337 τοῦ
1032 3281 1224 3351 γένους
1250 3282 1284 3351 ή
1294 3279 1411 3351 μῶν
1428 3278 1835 3350 ὀνομαζόμενον
1860 3281 1953 3333 ἐκ-

2116 2354 2301 2412 Primo
2323 2355 2507 2411 nullibi
2528 2366 2731 2413 sanetae
2748 2369 2950 2416 nostrae
2962 2360 3281 2434 Scripturae,
3301 2384 3481 2439 neque
3503 2375 3646 2443 apud

2049 2448 2363 2518 antiquiora
2406 2449 2563 2520 legis,
2623 2463 2799 2522 neque
2841 2453 2981 2523 apud
3031 2470 3096 2510 ea
3142 2456 3195 2512 in
3238 2459 3437 2527 quibus
3463 2465 3646 2534 gratia

2052 2542 2273 2613 pietatis
2290 2543 2469 2598 lucem
2491 2543 2918 2613 splendidiorem
2940 2546 3149 2614 effudit,
3175 2561 3383 2621 patrem
3404 2555 3644 2625 aliquem

2056 2634 2257 2689 diaboli
2318 2634 2524 2690 dictum
2583 2636 2830 2691 invenire
2894 2640 3079 2708 potui;
3140 2650 3195 2704 et
3248 2661 3384 2701 sane
3425 2650 3645 2717 quidem

2059 2726 2245 2782 multa:
2295 2725 2349 2780 in
2382 2726 2570 2782 multis
2606 2727 2738 2784 locis
2767 2730 3118 2800 periphrases
3165 2734 3428 2806 improba:
3485 2740 3651 2797 istius

2059 2826 2112 2871 et
2157 2818 2396 2872 errantis
2449 2818 2748 2873 voluntatis
2808 2824 3133 2879 memoriam
3202 2836 3485 2898 statuunt;
3555 2835 3652 2890 sed

2062 2910 2319 2964 Satanam
2391 2909 2611 2979 quidem
2672 2921 2727 2967 et
2796 2912 3075 2971 diabolum
3119 2926 3174 2972 et
3234 2929 3542 2989 apostatam
3598 2936 3655 2981 et

2059 2999 2343 3070 Assyrium
2396 2999 2650 3070 spiritum
2723 3013 2779 3059 et
2808 3004 3173 3075 cupiditatum
3220 3011 3414 3067 ducem
3450 3025 3503 3069 et
3549 3016 3655 3071 ims

2061 3090 2361 3162 proborum
2435 3093 2730 3163 spirituum
2810 3096 3140 3167 dominum,
3202 3112 3257 3157 et
3319 3105 3425 3160 alia
3460 3106 3657 3177 hujus-

2062 3184 2229 3248 modi,
2274 3183 2543 3239 malorum
2596 3197 2880 3245 auctorem
2918 3199 2972 3246 et
3007 3194 3184 3248 nostri
3221 3197 3441 3267 generis
3470 3198 3652 3253 inimi-

2061 3291 2184 3331 cum
2205 3278 2549 3333 nominatum
2574 3280 2806 3351 docent;
2842 3298 3241 3356 nonnunquam
3262 3288 3427 3345 etiam
3474 3290 3646 3349 ﬁlium

349 3380 684 3436 διδάσκουσι·
705 3377 799 3432 καὶ
829 3374 944 3430 υίὸν
974 3374 1087 3428 ἐσθ’
1109 3375 1202 3428 ὅτε
1222 3370 1475 3427 διαϐόλου
1511 3370 1715 3442 μᾶλλον
1736 3371 1829 3424 τὸν
1858 3371 1952 3433 τὰς

2061 3369 2263 3426 diaboli
2291 3372 2476 3442 potius
2525 3389 2649 3429 eum
2681 3375 2779 3447 qui
2821 3378 2877 3432 in
2923 3394 2983 3435 se
3029 3379 3245 3436 funesta
3278 3384 3397 3455 ejus
3442 3387 3654 3443 semina

355 3472 639 3546 μοχθηρὰς
669 3468 837 3525 αὐτοῦ
867 3467 1033 3539 γονὰς
1072 3468 1129 3521 ἐν
1160 3464 1344 3537 ἐαυτῷ
1378 3462 1717 3518 συλλαϐόντα
1755 3464 1852 3518 καὶ
1874 3465 1955 3535 τῷ

350 3566 455 3636 τῆς
481 3564 693 3635 πλάνης
721 3562 867 3633 τόκῳ
897 3558 1309 3631 υίοθετούμενον
1331 3574 1345 3588 ·
1379 3556 1439 3621 ἐξ
1484 3548 1545 3610 οὗ
1579 3557 1673 3610 καὶ
1706 3558 1735 3610 6
1762 3556 1958 3610 θεσπέ-

354 3674 474 3723 σιος
504 3656 718 3720 Παῦλος
752 3654 869 3709 υἱὸν
903 3653 1154 3708 διαϐόλου
1188 3651 1281 3705 τὸν
1319 3649 1558 3719 Ἐλύμαν
1592 3648 1918 3719 ἐπωνόμασε
1940 3664 1955 3680 ·

358 3751 580 3823 πατέρα
606 3748 702 3803 τοῦ
724 3747 975 3803 διαϐόλου
1014 3745 1176 3818 μέχρι
1207 3743 1302 3797 νῦν
1336 3742 1526 3815 ἕτερόν
1565 3760 1689 3797 τινα
1720 3742 1825 3796 οὐκ
1851 3742 1960 3812 ἔχω

356 3841 502 3907 τέως
531 3838 999 3911 ἀπισχυρίσασθαι
1034 3835 1134 3907 τὴν
1185 3834 1338 3907 ίεράν
1384 3835 1542 3907 ήμῶν
1588 3835 1889 3905 ἐπιστάνην
1924 3833 1957 3903 ἢ

352 3934 803 4007 ἐπονομάζουσαν
842 3930 1067 4003 Γραφήν
1087 3945 1100 3960 ο
1126 3927 1243 3984 ἀλλ’
1270 3927 1327 3982 ἓν
1360 3927 1462 3999 μὲν
1496 3925 1654 3980 τοῦτο
1689 3928 1748 3980 τὸ
1784 3927 1961 3998 μηδα-

358 4027 470 4101 μοῦ
498 4025 717 4099 πατέρα
741 4022 837 4079 τοῦ
876 4022 1127 4078 διαϐόλου
1152 4020 1262 4076 τῶν
1282 4020 1377 4076 τοῦ
1412 4018 1733 4090 Πνεύματος
1761 4018 1960 4087 λογίων

354 4124 439 4194 τῷ
482 4120 737 4192 ίδιώματι
789 4118 931 4191 μήτε
970 4113 1341 4187 γινώσκεσθαι
1392 4115 1530 4186 μήτε
1575 4111 1960 4183 ὀνομάζεσθαι.

355 4215 625 4288 Δεύτερον
672 4212 731 4267 δὲ
772 4210 883 4265 οὐδ’
914 4210 1045 4265 ἔνθα
1072 4207 1292 4263 δοκοῦσι
1334 4208 1559 4278 μνήμην
1600 4204 1766 4260 αὐτοῦ
1802 4222 1962 4277 γεγε-

356 4308 581 4378 νῆσθαι,
602 4305 715 4360 οὐδ’
734 4302 973 4360 ἐνταῦθα
1001 4301 1308 4376 παρασχεῖν
1334 4298 1433 4372 τήν
1454 4298 1724 4371 ὑπόληψιν
1745 4297 1962 4369 ἀσφαλῆ

355 4402 655 4456 δύνανται·
694 4399 790 4454 καὶ
827 4397 941 4470 γὰρ
984 4398 1014 4451 6
1061 4395 1174 4450 τῶν
1220 4393 1492 4448 Ἰουδαίων
1527 4392 1698 4464 δῆμος
1739 4391 1842 4445 οὐκ
1884 4391 1966 4455 είς

360 4493 587 4566 πατέρα
616 4491 713 4546 τοῦ
749 4489 885 4545 Θεοῦ
914 4488 1214 4561 ἀναφέρειν
1244 4484 1484 4557 οὐδαμοῦ
1518 4483 1808 4540 διετείνετο
1841 4484 1968 4537 ἐαυ-

357 4588 479 4655 τὸν,
510 4585 649 4640 ἀλλὰ
695 4585 788 4639 τὸν
816 4582 950 4638 Θεὸν
989 4582 1089 4654 μὲν
1130 4578 1465 4644 ἐσπούδαζον
1485 4578 1565 4651 τῷ
1609 4580 1813 4651 ῥήματι
1842 4578 1966 4631 ἐπι-

360 4678 679 4752 γράφεσθαι
711 4677 949 4749 πατέρα,
991 4674 1188 4738 παῖδας
1218 4674 1276 4727 δὲ
1306 4673 1432 4736 τοὺς
1482 4673 1543 4738 ἐξ
1583 4673 1830 4745 Ἰσραήλ·
1872 4674 1968 4727 καὶ

2061 3464 2313 3534 concepit
2345 3473 2399 3520 et
2429 3467 2634 3523 erroris
2665 3478 2827 3537 partu
2869 3470 3015 3526 [ilius
3050 3474 3341 3545 adoptatus
3363 3487 3466 3533 est.
3499 3477 3655 3535 Unde

2060 3556 2219 3613 divus
2243 3556 2448 3613 Paulus
2485 3560 2653 3615 filium
2685 3561 2885 3618 diaboli
2922 3564 3169 3637 Elymam
3211 3570 3653 3640 cognominavit;

2065 3656 2279 3716 patrem
2340 3647 2546 3703 diaboli
2602 3648 2771 3705 alium
2803 3667 3131 3723 quemquam
3165 3671 3274 3711 non
3308 3660 3523 3728 reperio
3552 3676 3656 3716 no-

2062 3746 2234 3792 stram
2254 3752 2465 3794 sacram
2484 3740 2855 3811 disciplinam,
2886 3758 3006 3809 seu,
3035 3755 3089 3798 ut
3108 3747 3287 3810 aiunt,
3313 3748 3656 3819 Seripturam

2063 3841 2507 3900 asseverantem;
2571 3832 2667 3889 sed
2720 3849 2892 3889 unum
2937 3836 3158 3906 quidem
3212 3841 3319 3896 hoe
3378 3858 3657 3915 nusquam

2063 3932 2274 3993 patrem
2298 3924 2501 3980 diaboli
2526 3926 2704 3982 sancti
2721 3925 2961 3997 Spiritus
2998 3929 3261 3985 idiomate
3286 3948 3463 4005 neque
3501 3937 3658 3993 nosci

2064 4029 2244 4086 neque
2274 4015 2566 4071 nominari.
2604 4014 2859 4075 Secundo
2885 4030 3068 4075 autem
3101 4036 3277 4093 neque
3309 4027 3400 4081 ubi
3429 4029 3659 4084 credunt

2064 4104 2397 4164 mentionem
2428 4108 2497 4164 de
2516 4125 2583 4165 eo
2611 4109 2751 4175 ﬁeri,
2806 4111 2881 4167 ibi
2923 4112 3137 4168 [irtnam
3168 4116 3486 4185 Opinionem
3519 4136 3661 4191 pra:-

2065 4210 2215 4259 stare
2242 4211 2497 4274 possunt.
2551 4202 2768 4258 Etenim
2813 4203 3128 4260 Iudaeorum
3192 4210 3425 4278 populus
3453 4228 3561 4267 non
3603 4217 3657 4268 in

2070 4304 2284 4366 patrem
2315 4295 2411 4352 Dei
2451 4296 2695 4367 seipsum
2724 4298 2937 4368 erigere
2962 4300 3305 4369 conabatur;
3364 4305 3458 4360 sed
3483 4303 3658 4362 Deum

2067 4386 2290 4456 quidem
2324 4394 2534 4456 patrem
2574 4387 2679 4444 sibi
2725 4389 3004 4444 ascribere
3048 4391 3479 4459 mmulabantur,
3519 4396 3661 4451 filius

2071 4493 2201 4536 vero
2257 4480 2401 4551 ejus,
2443 4481 2537 4552 qui
2582 4497 2647 4538 ex
2716 4483 2883 4539 Israel
2939 4496 3119 4541 erant.
3150 4484 3261 4543 Nec
3294 4486 3541 4545 Creatori
3564 4506 3663 4546 nec

2072 4572 2341 4628 Salvatori
2389 4583 2582 4630 nostro
2623 4589 2825 4646 scopns
2867 4587 2985 4632 erat
3009 4576 3227 4635 Judmos
3255 4580 3427 4649 patris
3457 4582 3661 4636 diaboli

2070 4665 2214 4721 ﬁlios
2273 4665 2579 4724 ostendere.
2644 4669 2762 4721 Alia
2801 4667 2947 4722 enim
3000 4669 3081 4724 eis
3121 4667 3317 4725 fuisset
3384 4670 3664 4742 jactantiae

358 4772 445 4845 τῷ
467 4769 796 4843 Δημιουργῴ
829 4769 925 4823 καὶ
956 4768 1170 4840 Σωτῆρι
1212 4766 1369 4838 ήμῶν
1397 4765 1497 4820 οὐκ
1523 4763 1592 4837 ἦν
1632 4771 1833 4830 σκοπός
1855 4768 1952 4821 δεῖ·

2070 4778 2273 4829 causa;
2303 4772 2358 4818 et
2386 4763 2452 4817 ad
2486 4762 2654 4817 alium
2705 4761 2864 4834 cujus
2893 4763 3141 4818 nondum
3172 4770 3175 4773 '
3209 4768 3568 4835 Opprobrium
3608 4776 3663 4823 et

363 4866 456 4931 ξαι
502 4865 629 4928 τοὺς
665 4862 959 4925 Ἰουδαίους
996 4860 1092 4914 τοῦ
1138 4863 1345 4934 πατρὸς
1377 4860 1472 4915 τοῦ
1522 4859 1773 4914 διαϐόλου
1797 4860 1965 4915 τέκνα

362 4954 752 5029 χρηματίζειν·
774 4954 961 5027 ἕτερον
982 4953 1093 5026 γάρ
1113 4953 1180 5009 ἂν
1201 4954 1434 5019 ἐκείνοις
1463 4951 1847 5024 ήλαζονεύετο⁹
1866 4955 1963 5007 καὶ

364 5051 505 5123 πρὸς
534 5050 717 5119 ἕτερον
738 5042 799 5102 οὗ
827 5051 993 5120 μήπω
1025 5047 1125 5118 μὲν
1165 5045 1387 5113 ὄνειδος,
1419 5048 1585 5117 μήπω
1618 5045 1678 5097 δέ
1720 5061 1959 5117 κατηγο-ι

368 5145 496 5217 ρίαν
520 5139 686 5216 εἶχον,
724 5140 973 5215 μεθεῖλεν
1006 5140 1074 5195 ἂν
1100 5142 1197 5197 καὶ
1240 5140 1563 5213 μετέφερεν,
1599 5140 1739 5212 ὅπερ
1762 5139 1863 5193 οὐκ
1892 5135 1962 5210 ἦν

366 5238 765 5309 συντηροῦντος
792 5237 855 5291 τὸ
896 5236 1215 5301 ἀκόλουθον,
1250 5235 1367 5290 ἀλλ’
1412 5233 1578 5289 αὐτοῦ
1624 5251 1690 5304 γε
1718 5234 1963 5305 δηλονότι

362 5332 466 5388 τοῦ
514 5331 761 5386 διαϐόλου
791 5330 989 5394 παῖδας
1040 5327 1348 5399 ὠνόμαζεν,
1393 5319 1454 5381 οῦ
1503 5326 1598 5381 καὶ
1645 5326 1743 5398 τὴν
1792 5329 1850 5380 ἐν
1893 5328 1960 5398 τῇ

364 5428 562 5498 κλήσει
610 5427 795 5497 σχέσιν
855 5424 958 5478 κᾶν
1014 5423 1110 5476 καὶ
1178 5425 1244 5493 τῇ
1291 5421 1485 5493 γνώμη
1546 5423 1641 5474 καὶ
1694 5422 1760 5491 τῇ
1788 5420 1963 5492 μιμή-

367 5536 455 5575 σει
510 5519 622 5572 τῶν
682 5518 940 5589 πράξεων
992 5514 1377 5586 συνεφέροντο,
1442 5511 1585 5583 βαρύ
1622 5527 1683 5564 τε
1740 5509 1809 5581 ἦν
1861 5511 1962 5564 αὐ-

366 5614 485 5676 τοῖς
528 5611 752 5667 ἀκούειν
789 5610 885 5664 καὶ
920 5609 1327 5680 ἀποτρόπαιον·
1364 5606 1488 5660 ἐπεὶ¹
1519 5599 1612 5659 οῦν
1642 5606 1669 5657 ό
1716 5603 1974 5668 Ἰουδαῖος

366 5709 588 5779 πατέρα
619 5708 712 5762 τὸν
760 5706 894 5759 Θεὸν
944 5704 1261 5774 ἐπέγραφεν
1317 5700 1536 5765 ἑαυτοῦ,
1572 5700 1666 5753 καὶ
1710 5702 1738 5753 6
1782 5698 1972 5770 Σωτὴρ

373 5799 678 5863 ἐσπούδαζε
709 5797 980 5853 δεικνύειν
1012 5796 1101 5849 διὰ
1140 5795 1249 5848 τῶν
1284 5794 1463 5867 ἔργων
1498 5792 1658 5847 τοῦτο
1705 5791 1805 5863 μὲν
1836 5789 1971 5843 ψευ-

715 5919 989 5979 ΡΑΤΒΟΙ».
1042 5917 1157 5979 GR.
1200 5916 1301 5977 Cl.

2070 4870 2272 4911 nomen
2302 4853 2578 4910 habebant
2626 4869 2722 4910 eos
2751 4856 3137 4921 convertisset,
3162 4867 3217 4911 et
3249 4856 3661 4926 transtulisset;

2067 4947 2217 5018 quod
2253 4962 2363 5003 non
2404 4936 2521 5003 erat
2566 4949 2958 5019 consequentia
3041 4951 3334 5014 servantis,
3387 4951 3480 5005 sed
3516 4961 3663 5020 patet

2070 5052 2193 5093 eum
2234 5037 2357 5093 illos
2384 5037 2587 5095 diaboli
2625 5039 2763 5094 filios
2795 5038 3140 5104 nominasse,
3181 5039 3338 5108 cujus
3388 5040 3575 5093 habitu
3606 5048 3663 5094 et

2069 5133 2123 5187 in
2156 5133 2378 5188 nomine
2421 5143 2475 5188 et
2529 5133 2585 5187 in
2643 5142 2825 5188 mente
2859 5141 2913 5187 et
2971 5134 3026 5188 in
3087 5134 3391 5188 imitatione
3438 5144 3661 5188 actuum

2075 5234 2321 5292 utuntur,
2375 5226 2630 5296 quodque
2668 5235 2786 5280 erat
2812 5227 2892 5279 eis
2950 5227 3142 5280 audire
3180 5226 3380 5279 durum
3426 5237 3482 5281 et
3528 5228 3661 5281 abo-

2072 5317 2416 5374 minandum.
2479 5316 2616 5373 Cum
2666 5317 2813 5372 enim
2843 5315 3066 5371 Iudaeus
3103 5327 3313 5387 patrem
3349 5316 3519 5371 Deum
3552 5318 3658 5372 sibi

2074 5413 2410 5475 ascriberet,
2477 5421 2533 5467 et
2582 5409 2833 5464 Salvator
2874 5409 3036 5463 vellet
3091 5424 3186 5463 eos
3242 5409 3529 5464 ostendere
3563 5423 3662 5479 per

2074 5522 2239 5576 opera
2279 5505 2408 5559 illud
2446 5504 2666 5575 quidem
2701 5502 3049 5565 mentientes,
3081 5501 3358 5557 diabolum
3392 5516 3521 5556 vero
3563 5517 3662 5573 per

2073 5613 2135 5655 ca
2166 5613 2288 5668 qua:
2323 5594 2681 5666 agebantsibi
2722 5603 2931 5663 patrem
2980 5592 3266 5656 facientes,
3302 5591 3433 5662 quid
3460 5591 3662 5663 egissot

2074 5704 2258 5744 sermo
2298 5696 2505 5760 patrem
2540 5685 2739 5741 dtaboli
2768 5697 2977 5754 patrem
3006 5682 3320 5741 Iudaeorum
3351 5700 3446 5756 per
3479 5684 3661 5741 divina

2073 5781 2294 5839 oracula
2330 5780 2604 5837 nominari
2632 5780 2876 5839 docens?

3258 5883 3323 5946 13
