4144 6490
550 375 654 437 355

1710 367 1974 429 ῬΙΙΟΤΙΙ
2007 366 2519 429 PATRIARCH/E
2551 369 2662 430 CP.

3715 386 3813 453 356

546 491 827 564 δομένους,
872 488 965 543 τὸν
1003 486 1255 542 διάϐολον
1284 484 1339 539 δὲ
1371 485 1437 538 δι’
1488 477 1564 539 ὧν
1618 484 1886 555 ἔπραττον
1929 481 2146 552 πατέρα
2181 480 2561 554 ποιουμένους,
2594 482 2681 547 τίς
2716 481 2781 537 ἂν
2823 485 2911 557 εἴη
2949 485 3107 557 λόγος
3151 489 3181 541 ό
3236 491 3513 562 περαίνων
3564 494 3655 551 τὸν
3722 517 3824 554 πα.

546 589 682 659 τέρα
712 587 805 641 τοῦ
838 585 1089 640 διαϐόλου
1125 586 1341 656 πατέρα
1363 582 1474 635 τῶν
1512 582 1787 635 Ἰουδαίων
1818 580 1906 633 διὰ
1933 580 2045 633 τῶν
2079 578 2294 645 Δογίων
2325 580 2729 651 όνομάζεσθαι;

617 678 735 734 Vox
765 678 913 733 enim
939 676 1246 731 Salvatoris
1279 674 1347 730 ad
1378 672 1597 729 Judaaos
1627 690 1723 743 per
1759 672 2138 743 exprobratio-
2171 673 2217 730 A

543 785 667 827 nem
706 770 914 825 directa
956 768 1093 822 nihil
1144 780 1336 821 eorum
1398 766 1504 819 sibi
1552 765 1831 835 proponit.
1896 762 2131 817 Obvium

542 866 688 920 enim
746 870 801 918 et
830 860 1098 916 'leCtionis
1136 858 1560 929 explicationem
1603 857 1882 922 nesciens,
1956 870 2134 924 neque

541 955 829 1012 attendens
859 955 927 1009 ad
961 969 1125 1024 quam
1169 951 1475 1022 prmsertim
1514 952 1812 1005 multorum
1864 950 2046 1019 lingua
2077 957 2135 1002 ut

538 1048 799 1119 loquatur
828 1054 1053 1112 temere,
1092 1044 1417 1110 abducatur,
1447 1051 1645 1113 sponte
1675 1043 1886 1096 invenit
1919 1050 2130 1111 patrem

539 1142 745 1198 diaboli
785 1155 949 1211 quem
988 1138 1176 1194 nullus
1212 1153 1349 1193 usus
1390 1153 1568 1208 neque
1616 1136 1734 1206 ipsa
1766 1135 2133 1206 appellatione

538 1231 807 1288 exsistere
838 1236 1029 1285 notum
1056 1228 1207 1283 facit.
1261 1227 1318 1282 Si
1344 1237 1522 1283 autem
1560 1226 1947 1297 explicationis
1968 1224 2133 1280 modo

539 1323 965 1387 consideretur,
1020 1328 1074 1376 et
1120 1322 1275 1391 juxta
1333 1320 1708 1391 praecedentes
1765 1317 2131 1387 cogitationes

540 1425 759 1487 aptetur
784 1425 840 1472 et
876 1415 1223 1485 explanetur,
1286 1413 1404 1481 ipse
1454 1412 1708 1468 diabolus
1764 1420 1920 1481 pater
1946 1410 2132 1481 ingra-

539 1519 724 1563 torum
750 1506 1065 1563 Judaaorum
1101 1505 1481 1560 annuntiatur.
1530 1500 1597 1557 Et
1641 1518 1805 1573 quem
1846 1518 1955 1558 non
1987 1502 2131 1558 inhi-

539 1601 689 1657 bitus
734 1601 934 1672 linguae
958 1614 1153 1655 cursus
1187 1598 1603 1669 explicationem
1634 1596 1894 1652 omittens
1916 1605 2128 1667 patrem

538 1693 737 1749 diaboli
759 1692 911 1762 tingit
938 1700 993 1746 et
1022 1690 1333 1754 annuntiat,
1368 1688 1520 1743 nullo
1547 1687 1710 1743 modo
1743 1686 2127 1744 exsistentiam

537 1785 723 1841 habet.
766 1782 1019 1838 Salvator
1044 1792 1230 1836 antem
1262 1795 1358 1850 per
1378 1777 1866 1850 exprobrationem
1896 1776 2127 1832 verbum

536 1875 844 1947 proferens,
872 1889 997 1928 cum
1038 1870 1349 1926 Judaeorum
1384 1870 1854 1940 populusdiceret,
1894 1888 1913 1921 ι
1945 1869 2126 1925 Unum

534 1977 744 2039 patrem
764 1966 1030 2021 habemus
1050 1962 1244 2030 Deum,
1269 1983 1288 2016 ›
1322 1963 1535 2017 audetis
1556 1962 1749 2033 igitur,
1784 1962 1985 2032 inquit,
2022 1977 2124 2017 nec

465 2103 478 2123 ,
533 2076 636 2116 vos
661 2059 1061 2131 pudetpatrcm
1097 2056 1268 2110 Deum
1296 2069 1529 2121 vocare;
1576 2063 1673 2109 aut
1705 2068 1888 2108 nonne
1917 2067 2017 2108 vos
2055 2068 2122 2107 ex

534 2153 755 2208 diabolo
785 2152 941 2215 estis,
993 2165 1061 2205 eo
1086 2149 1231 2219 quod
1263 2148 1518 2202 mandata
1549 2147 1668 2217 ejus
1714 2146 1882 2201 vultis
1919 2144 2120 2209 facere,

532 2259 634 2298 vos
665 2242 804 2299 filios
840 2241 959 2311 ejus
993 2241 1339 2294 exhibentes.
1389 2238 1562 2308 Cujus
1613 2238 1759 2291 enim
1790 2238 1912 2307 quis
1964 2236 2122 2307 juxta

534 2334 791 2389 mandata
826 2332 1096 2386 formatur
1126 2338 1179 2385 et
1211 2329 1457 2401 fingitur,
1490 2327 1692 2399 dignus
1722 2336 1808 2383 est
1839 2327 2003 2382 etiam
2027 2326 2123 2397 qui

532 2424 655 2494 ejus
684 2423 828 2478 ﬁlius
850 2422 1293 2494 cognominetur.
1348 2420 1497 2487 Quas
1535 2419 1682 2474 enim
1715 2418 1862 2488 leges
1893 2416 2127 2471 aemula-

532 2519 736 2571 bantur
786 2514 981 2580 Judzei,
1044 2513 1151 2569 nisi
1212 2528 1308 2567 eas
1354 2512 1557 2582 quibus
1599 2510 1829 2582 gloriam
1874 2509 1977 2563 sibi
2032 2523 2125 2563 ac-

532 2609 788 2680 quirebat
814 2608 1103 2664 diabolus?
1136 2606 1376 2662 Gloriam
1401 2606 1469 2661 ab
1504 2605 1737 2659 invicem
1772 2602 2122 2672 recipientes,

532 2702 814 2773 proximos
862 2700 1156 2757 calumniis
1209 2699 1457 2762 edentes,
1514 2697 1720 2750 invidia
1752 2694 2124 2766 pulcherrima

530 2798 903 2869 inquinantes,
935 2798 1133 2852 caedem
1175 2794 1227 2849 in
1264 2791 2022 2855 Salvatoremmachinantes,
2072 2797 2129 2844 et

532 2892 718 2963 lingua
786 2890 1171 2959 sententiaque
1252 2894 1487 2941 mortem
1553 2884 1673 2954 ejus
1726 2890 2121 2953 praeparantes,

528 2984 747 3040 veritati
814 2981 1157 3038 mendacium
1248 2978 1639 3050 praeferentes,
1702 2986 1758 3032 et
1827 2976 2014 3031 dolum
2072 2983 2127 3031 et

527 3074 859 3131 calumniam
909 3083 965 3129 et
995 3070 1285 3127 avaritiam
1315 3070 1483 3126 vitam
1518 3084 1676 3125 suam
1728 3067 2015 3131 facientes,
2070 3075 2126 3122 et

527 3170 637 3224 alia
698 3169 882 3223 omnia
935 3167 1023 3221 his
1076 3165 1279 3221 similia
1304 3172 1470 3229 sunt;
1518 3177 1615 3233 per
1669 3176 1791 3232 qua:
1827 3169 1882 3216 ct
1921 3159 2122 3215 diaboli

526 3260 1045 3332 congcnerationem
1084 3255 1418 3312 ut-auctoris
1441 3264 1493 3310 et
1554 3254 1756 3309 satoris
1802 3254 1910 3321 sui,
1944 3252 2121 3306 mani-

2330 670 2397 721 Ἥ
2426 675 2533 743 γάρ
2564 692 2645 727 τοι
2668 674 2737 727 δι’
2765 675 3049 745 ὑποφορδίς
3080 677 3215 747 πρὸς
3236 679 3360 743 τοὺς
3381 682 3667 749 Ἰουδαίους
3691 689 3823 743 ἀπο-

2236 762 2633 832 τεινομένητοῦ
2662 764 2913 835 Σωτῆρος
2942 766 3285 836 φωνὴ,οὐδὲν
3307 771 3487 824 αὐτῶν
3517 778 3821 850 συναντιλή-

2234 853 2396 922 ψεται
2430 859 2498 927 τῇ
2550 856 2849 927 προθέσει·
2878 858 2937 911 τὸ
2971 859 3070 929 μὲν
3119 861 3229 932 γὰρ
3268 865 3563 937 πρόχειρον
3609 871 3702 923 καὶ
3729 872 3820 942 τὴν

2234 946 2516 1019 διαστολὴν
2541 949 2641 1001 οὐκ
2672 946 2827 1013 εἰδὼς
2868 950 2969 1019 τῆς
3015 951 3398 1021 ἀναγνώσεως,
3446 959 3542 1011 καὶ
3591 962 3727 1031 πρὸς
3761 966 3821 1034 ἦν

2238 1037 2475 1106 μάλιστα
2505 1038 2615 1092 τῶν
2647 1039 2862 1094 πολλῶν
2911 1042 2945 1112 ὴ
2982 1040 3201 1110 γλῶττα
3248 1049 3635 1118 παρασύρεται
3668 1053 3822 1106 αὑτο-

2236 1128 2563 1197 σχεδιάζειν,
2620 1125 2779 1200 εὗρεν
2804 1131 3026 1202 ἕτοιμον
3076 1135 3297 1206 πατέρα
3325 1138 3422 1191 τοῦ
3458 1141 3733 1212 διαϐόλου,
3768 1146 3822 1201 ὃν

2233 1220 2463 1291 οὐδεμία
2510 1221 2710 1293 χρῆσις
2759 1223 2877 1278 αὐδ’
2908 1227 2968 1278 ὲν
3003 1229 3071 1298 τῇ
3108 1227 3301 1299 κλήσει
3341 1231 3441 1303 τὴν
3476 1234 3640 1302 φύσιν
3683 1238 3820 1308 ἔχειν

2232 1309 2521 1381 ἐγνώρισε·
2552 1312 2614 1366 τὸ
2637 1313 2696 1367 δὲ
2739 1318 3215 1389 περιεσκεμμένον
3243 1321 3322 1393 τῷ
3359 1324 3546 1395 τρόπῳ
3570 1327 3673 1396 τῆς
3708 1331 3818 1384 δια⁶

2236 1402 2453 1473 στολῆς,
2480 1403 2884 1476 ῥυθμιζόμενον
2907 1409 3003 1462 καὶ
3021 1412 3140 1473 ταῖς
3164 1413 3568 1483 προλαϐούσαις
3600 1422 3821 1485 ἐννοίαις

2236 1495 2742 1567 συνδιαιρούμενον,
2775 1499 2939 1553 αὐτόν
2968 1518 3026 1553 τε
3059 1501 3151 1555 τὸν
3193 1505 3442 1559 διάϐολον
3475 1511 3690 1582 πατέρα
3721 1512 3821 1565 τῶν

2232 1588 2566 1659 ἀγνωμόνων
2592 1590 2868 1645 Ἰουδαίων
2894 1593 3254 1665 ἀπαγγέλλει·
3281 1600 3375 1654 καὶ
3392 1600 3452 1655 ὂν
3477 1604 3506 1655 6
3533 1604 3819 1677 ἀνεπίσχε-

2230 1696 2322 1743 τος
2342 1680 2441 1751 τῆς
2466 1680 2715 1753 γλώττης
2752 1682 2953 1755 δρόμος
3000 1685 3099 1757 τὴν
3149 1688 3439 1763 διαστολὴν
3479 1695 3820 1767 ὑπερϐαίνων

2232 1775 2621 1845 περιαγγέλλει
2660 1777 2874 1846 πατέρα
2904 1778 2997 1832 τοῦ
3024 1780 3273 1835 διαϐόλου
3303 1786 3580 1853 πλάττων,
3618 1790 3817 1860 οὐμεν-

2231 1864 2326 1918 οῦν
2378 1865 2632 1935 οὐδαμῶς
2673 1870 3100 1925 συνεπίσταται·
3136 1875 3509 1947 ἐπιτιμήσεως
3542 1879 3601 1932 δὲ
3641 1881 3819 1952 τρόπῳ

2230 1958 2320 2010 τὸν
2351 1958 2510 2026 λόγον
2542 1960 2571 2012 ὁ
2603 1960 2799 2033 Σωτὴρ
2837 1965 3118 2033 προάγων,
3142 1967 3374 2040 ἐπείπερ
3409 1971 3599 2041 ἔλεγεν
3640 1977 3667 2027 ὁ
3692 1972 3820 2029 Ἰου-

2226 2050 2391 2103 δαίων
2406 2051 2602 2121 δῆμος,
2636 2052 2806 2107 «Ἕνα
2828 2056 3041 2127 πατέρα
3060 2057 3255 2129 ἔχομεν
3274 2060 3528 2115 τὸνθεόν·
3542 2082 3562 2116 ι
3591 2065 3819 2137 τολμᾶτε

2225 2143 2282 2195 δέ
2312 2158 2373 2211 γε
2398 2139 2528 2213 ἆρα,
2558 2145 2718 2215 φησὶ,
2744 2147 2840 2199 καὶ
2864 2147 2963 2200 οὐκ
3001 2150 3413 2217 ὲγκαλύπτεσθε
3441 2156 3661 2226 πατέρα
3690 2174 3817 2209 κατ-

2226 2232 2513 2302 ονομάζειν
2556 2234 2647 2287 τὸν
2671 2234 2843 2301 Θεόν;
2874 2236 2906 2306 ἢ
2936 2238 3056 2308 οὐχὶ
3091 2240 3249 2309 ὑμεῖς
3272 2242 3368 2295 τοῦ
3397 2243 3651 2299 διαϐόλου
3681 2249 3815 2314 ἐστὲ,

2225 2325 2291 2378 δι’
2325 2318 2400 2381 ὧν
2425 2326 2521 2390 τὰς
2551 2328 2771 2392 ἐντολὰς
2812 2330 2979 2384 αὐτοῦ
3013 2331 3195 2385 θέλετε
3228 2337 3425 2403 ποιεῖν,
3459 2338 3614 2401 υἱοὺς
3660 2340 3817 2393 αὑτοῦ

2225 2417 2535 2483 δεικνύντες
2582 2420 2845 2488 ἐαυτούς;
2879 2418 2941 2477 οῦ
2974 2424 3083 2496 γάρ
3125 2442 3211 2489 τις
3263 2428 3408 2480 κατὰ
3455 2429 3557 2494 τὰς
3604 2432 3817 2495 ἐντολάς

2230 2510 2534 2583 μορφοῦται
2559 2514 2655 2566 καὶ⁵
2695 2513 3107 2583 διαπλάττεται,
3170 2517 3363 2572 τούτου
3404 2522 3498 2574 καὶ
3533 2523 3653 2587 υἱὸς
3696 2542 3816 2578 κατ-

2227 2603 2593 2674 ονομάζεσθαι
2639 2606 2851 2670 δίκαιος
2882 2607 2968 2679 είη
3003 2609 3067 2662 ἄν
3088 2624 3103 2640 ·
3138 2611 3291 2674 τίνας
3321 2610 3367 2665 δ’
3406 2613 3474 2667 ἂν
3519 2614 3743 2678 ἐντολὰς
3770 2618 3814 2668 οἱ

2229 2696 2476 2751 Ἰουδαῖοι
2502 2696 2861 2764 ἐσπούδαζον,
2888 2701 2921 2772 ἢ
2956 2702 3025 2754 δι’
3053 2696 3127 2757 ὧν
3158 2704 3187 2756 6
3218 2703 3465 2770 διάϐολος
3499 2706 3811 2776 ὲδοξάζετο;

2226 2788 2384 2855 δόξαν
2424 2791 2554 2863 παρ’
2598 2792 2777 2846 ἄλλων
2820 2793 3216 2865 λαμϐάνοντες,
3256 2801 3378 2863 ταῖς
3429 2802 3813 2869 συκοφαντίαις

2226 2882 2354 2945 τοὺς
2384 2882 2613 2954 πλησίον
2654 2886 3057 2953 κατεσθίοντες,
3094 2889 3276 2961 φθόνῳ
3319 2890 3389 2944 τὰ
3431 2892 3704 2948 κάλλιστα
3728 2893 3814 2946 λυ-

2230 2973 2570 3045 μαινόμενοι,
2613 2976 2775 3047 φόνον
2816 2979 2959 3033 κατὰ
2989 2978 3086 3034 τοῦ
3120 2982 3371 3053 Σωτῆρος
3410 2985 3813 3057 μηχανώμενοι,

2227 3067 2322 3121 καὶ
2357 3067 2576 3141 γλώσσῃ
2604 3071 2698 3123 καὶ
2730 3072 2924 3144 γνώμῃ
2957 3072 3049 3127 τὸν
3092 3074 3324 3130 θάνατον
3364 3079 3810 3147 συσκευάζοντες,

2224 3163 2287 3217 τὸ
2319 3162 2515 3233 ψεῦδος
2542 3165 2641 3236 τῆς
2674 3165 2935 3236 ἀληθείας
2976 3166 3291 3237 ἔμπροσθεν
3327 3170 3578 3239 ἄγοντες,
3612 3172 3706 3226 καὶ
3735 3172 3811 3225 δό-

2224 3254 2316 3307 λον
2344 3257 2438 3308 καὶ
2465 3255 2717 3327 διαϐολὴν
2741 3258 2835 3310 καὶ
2865 3256 3234 3331 φιλαργυρίαν
3280 3260 3371 3313 τὸν
3405 3261 3519 3331 βίον
3552 3264 3809 3335 ποιούμε-

526 3355 664 3408 feste
698 3353 820 3407 sibi
876 3350 1252 3406 vindicabant.
1328 3347 1609 3402 Praeterea
1665 3354 1719 3401 et
1771 3345 2002 3398 allatum
2063 3350 2115 3397 et

2227 3363 2328 3412 νοι,
2368 3347 2463 3400 καὶ
2486 3349 2584 3401 ὅσα
2610 3347 2824 3412 τούτοις
2857 3350 3242 3419 παραπλήσια,
3276 3351 3343 3405 δι’
3375 3347 3449 3406 ῶν
3476 3356 3575 3408 καὶ
3597 3356 3694 3426 τὴν
3721 3356 3808 3409 τοῦ

525 3460 836 3501 connexum
869 3441 1154 3498 oraculum
1207 3454 1316 3495 non
1349 3439 1555 3494 indicat
1584 3436 1806 3507 quidem
1838 3435 2116 3491 nominari

2225 3440 2470 3494 διαϐόλου
2489 3440 2833 3509 συγγένειαν,
2853 3441 2930 3506 ὡς
2946 3443 3195 3514 ἀρχηγοῦ
3212 3444 3307 3498 καὶ
3322 3447 3571 3517 σπορέως
3586 3449 3807 3515 τούτων,

526 3548 761 3608 patrem,
812 3535 1063 3606 inquam,
1112 3532 1337 3597 diaboli,
1379 3532 1637 3603 aliquem.
1702 3529 1943 3586 Rursum
1986 3544 2118 3585 vero

2225 3534 2539 3605 περιφανῶς
2574 3534 2925 3606 ᾠκειώσαντο
2950 3554 2963 3566 ·
2996 3538 3092 3590 ἐπὶ
3132 3538 3342 3603 τούτοις
3373 3542 3469 3594 καὶ
3499 3541 3562 3595 τὸ
3606 3543 3806 3612 ἐπαγό-

525 3633 791 3705 supponit
824 3630 1145 3685 annuntiari
1195 3636 1409 3698 patrem
1464 3625 1778 3681 Judmorum
1831 3626 2110 3681 diabolum

528 3736 585 3782 et
640 3740 761 3781 esse
795 3734 851 3779 et
884 3721 1183 3777 nominari.
1258 3720 1400 3774 Dicit
1429 3720 1618 3774 enim:
1665 3718 1799 3774 t‘llle
1848 3720 1918 3774 ab
1958 3719 2117 3774 initio

529 3814 805 3869 homicida
839 3820 959 3867 erat
984 3812 1057 3875 “,
1084 3828 1104 3862 ι
1181 3808 1460 3864 diabolum
1496 3808 1808 3873 manifeste,
1847 3824 1956 3864 non
2015 3808 2117 3863 ali-

527 3922 689 3976 quem
714 3914 939 3974 patrem
972 3900 1328 3957 diaboli.Cui
1368 3900 1514 3956 enim
1540 3901 1696 3955 alteri
1736 3902 1891 3967 illud,
1930 3901 2114 3956 homi-

527 3998 670 4065 cida,
708 3995 939 4061 etillud,
1000 3995 1111 4048 «ab
1148 3993 1334 4055 initio,
1365 4011 1383 4043 ι
1465 3993 1792 4048 conveniet?
1855 4002 1909 4049 et
1954 3994 2111 4059 illud,

534 4110 551 4143 ι
591 4091 819 4145 minime
851 4088 906 4142 in
940 4087 1167 4142 veritate
1212 4087 1390 4141 stare?
1421 4104 1439 4139 ι
1477 4086 1581 4140 nisi
1620 4085 1720 4154 ipsi
1752 4086 1991 4153 diabolo,
2017 4089 2113 4157 qui

525 4183 765 4253 linguam
814 4186 1006 4236 contra
1046 4176 1364 4233 Creatorem
1412 4177 1701 4233 mendacio
1753 4179 1923 4244 acuit,
1987 4179 2114 4234 dolo

525 4285 707 4328 autem
759 4287 882 4327 eam
931 4270 1229 4326 dulcorans
1283 4270 1475 4340 prima:
1518 4279 1783 4325 creaturae
1811 4271 2108 4341 protendit,

522 4377 578 4421 et
598 4374 893 4437 postquam
932 4363 1113 4419 verbis
1157 4362 1535 4418 fraudulenter
1572 4377 1691 4418 eam
1737 4362 2057 4428 incantavit,
2082 4378 2113 4418 e

521 4460 646 4514 vitae
668 4459 722 4513 in
741 4457 1000 4528 paradiso
1035 4464 1170 4511 actae
1196 4456 1589 4511 etdeliciarum
1618 4464 1948 4510 aaternarum
1986 4457 2111 4510 fini-

522 4551 868 4621 busexpulit,
911 4548 1342 4605 immortalitatis
1374 4548 1556 4603 locum
1598 4562 1873 4603 carcerem
1912 4551 2110 4605 mortis

519 4644 802 4701 alliciens?
854 4642 1083 4699 Mortem
1115 4642 1261 4697 enim
1286 4640 1429 4696 Deus
1454 4656 1571 4695 .non
1600 4638 1765 4709 fecit;
1807 4642 1900 4697 sed
1936 4642 2102 4712 primi

2224 3642 2386 3696 μενον
2405 3626 2498 3680 καὶ
2523 3628 2935 3699 συνηρτημένον
2952 3629 3153 3699 λόγιον,
3170 3631 3233 3684 τὸ
3250 3632 3350 3703 μὲν
3372 3634 3470 3686 οὐκ
3489 3629 3635 3689 οἶδεν
3656 3635 3806 3702 ὅλως,

2221 3718 2436 3789 πατέρα
2485 3716 2631 3787 λέγω
2668 3718 2792 3772 τινὰ
2845 3722 2941 3773 τοῦ
2987 3720 3260 3790 διαϐόλου,
3311 3726 3803 3795 κατονομάζεσθαι·

2218 3810 2280 3863 τὸ
2315 3810 2372 3864 δὲ
2400 3812 2561 3865 πάλιν
2607 3810 2901 3866 ὑποϐάλλει
2961 3815 3437 3885 καταγγέλλεσθαι
3472 3819 3691 3891 πατέρα
3705 3820 3808 3873 τῶν

2218 3904 2489 3957 Ἰουδαίων
2532 3904 2622 3958 τὸν
2643 3904 2894 3959 διάϐολον
2930 3908 3023 3960 καὶ
3082 3905 3221 3960 εἶναι
3267 3910 3362 3962 καὶ
3415 3909 3804 3980 ὀνομάζεσθαι·

2219 3995 2354 4065 φησὶ
2372 3994 2501 4064 γὰρ,
2526 3993 2793 4059 «Ἐκεῖνος
2805 3996 2899 4049 ἀπ’
2919 3998 3092 4069 ἀρχῆς
3103 3998 3551 4070 ἀνθρωποκτόνος
3570 3997 3660 4074 ῆν,
3675 4022 3695 4057 ›
3722 4004 3807 4057 τὸν

2217 4088 2464 4143 διάϐολον
2496 4087 2761 4159 δηλονότι,
2802 4090 2916 4145 ἀλλ’
2952 4094 3050 4163 οὐχ
3097 4092 3287 4165 ἔτερόν
3320 4111 3443 4148 τινα
3475 4098 3694 4169 πατέρα
3716 4096 3805 4150 τοῦ

2216 4180 2491 4234 διαϐόλου·
2521 4180 2629 4235 τίνι
2675 4181 2720 4236 δ’
2736 4181 2803 4237 ἂν
2834 4183 3006 4255 ἑτέρῳ
3021 4184 3103 4250 τὸ,
3132 4186 3635 4257 ιάνθρωποκτόνος,
3662 4208 3682 4241 ι
3716 4190 3806 4243 καὶ

2214 4275 2294 4341 τὸ,
2312 4295 2343 4327 ι(
2377 4275 2473 4329 ἀπ’
2495 4277 2693 4347 ἀρχῆς,
2721 4296 2740 4329 ›
2766 4280 3213 4349 ὲφαρμόσει;καὶ
3254 4282 3333 4348 τὸ,
3360 4284 3727 4355 «μηδαμῶςὲν
3741 4288 3804 4356 τῇ

2215 4364 2446 4437 ἀληθείᾳ
2474 4366 2698 4419 ἑστάναι
2721 4406 2736 4431 ,
2759 4385 2776 4418 ι
2802 4368 2850 4420 εἰ
2882 4367 2957 4438 μὴ
2980 4368 3130 4439 αύτῷ
3157 4386 3221 4438 γε
3243 4369 3320 4440 τῷ
3340 4370 3596 4441 διαϐόλῳ,
3628 4372 3686 4431 ὃς
3714 4371 3806 4441 τὴν

2213 4458 2467 4528 γλῶσσαν
2499 4460 2599 4529 μὲν
2647 4462 2791 4514 κατὰ
2830 4460 2924 4513 τοῦ
2959 4463 3302 4535 Δημιουργοῦ
3341 4464 3420 4534 τῷ
3450 4464 3639 4534 ψεύδει
3672 4480 3807 4535 παρ-

2212 4550 2409 4618 ώξυνε,
2426 4550 2509 4622 τῷ
2525 4551 2663 4623 δόλῳ
2686 4553 2743 4606 δὲ
2766 4552 2973 4624 ταύτην
2998 4555 3275 4623 γλυκάνας
3298 4556 3375 4628 τῷ
3402 4557 3807 4629 πρωτοπλάστῳ

2214 4642 2542 4715 προύτεινε⁴
2596 4646 2692 4698 καὶ
2743 4646 2923 4713 λόγοις
2970 4648 3286 4712 ὲπικλόπως
3340 4651 3803 4719 καταγοητεύσας,

519 4738 764 4808 parentis
780 4734 1178 4807 transgressio,
1233 4732 1467 4789 consilio
1497 4748 1526 4786 a
1571 4742 1829 4801 serpente
1858 4741 2107 4804 accepto,

2225 4734 2316 4804 τῆς
2343 4736 2399 4787 ὲν
2430 4735 2747 4807 παραδείσῳ
2784 4736 2931 4807 ζωῆς
2959 4740 3052 4792 καὶ
3082 4740 3298 4811 τρυφῆς
3328 4741 3500 4794 ἀϊδίου
3530 4741 3806 4813 ὑπερώρι-

520 4842 753 4889 mortem
779 4832 985 4903 genuit.
1018 4831 1188 4903 Igitur
1209 4838 1264 4885 et
1283 4828 1559 4885 homicida
1582 4830 1650 4883 ab
1680 4828 1836 4885 initio
1860 4828 2114 4887 diabolus

2225 4843 2334 4894 σεν,
2362 4828 2729 4899 ἐργαστήριον
2777 4829 3032 4899 θανάτου,
3052 4831 3152 4902 τῆς
3176 4833 3482 4897 ἀθανασίας
3502 4834 3564 4888 τὸ
3614 4836 3806 4908 χωρίον

519 4933 574 4980 et
603 4926 656 4980 in
684 4926 913 4979 veritate
935 4939 1045 4977 non
1077 4922 1263 4989 stetit;
1301 4932 1355 4975 et
1383 4920 1459 4974 illi
1485 4920 1777 4975 Dominum
1802 4931 2110 4991 quaerentes

2225 4918 2628 4991 ὲργασάμενος;
2668 4920 2900 4974 θάνατον
2918 4920 3029 4992 γάρ
3063 4924 3091 4975 6
3111 4924 3241 4985 θεὸς
3263 4926 3361 4977 οὐκ
3393 4925 3673 4996 ἐποίησεν·
3698 4923 3806 4981 ἀλλ’

519 5014 849 5083 interficere,
880 5023 935 5070 et
959 5012 1174 5069 veritati
1196 5011 1546 5067 mendacium
1574 5024 1793 5080 semper
1814 5010 2105 5081 proferen-

2225 5011 2351 5081 ιιτοῦ
2374 5012 2803 5083 πρωτοπλάστου
2825 5014 3137 5085 παράϐασις
3164 5015 3265 5087 τὴν
3290 5017 3603 5090 συμϐουλὴν
3622 5018 3807 5071 συλλα-

521 5116 621 5174 tes,
657 5105 888 5161 formam
920 5104 1167 5177 parentis
1194 5102 1541 5158 indelebilem
1573 5112 1923 5159 conservant.

2225 5104 2379 5159 Ξοῦσα
2436 5105 2531 5158 τοῦ
2562 5105 2761 5175 ὄφεως,
2790 5105 2882 5159 τὸν
2936 5108 3168 5163 θάνατον
3211 5109 3567 5182 ἀπεκύησεν·
3620 5110 3807 5166 οὑκοὶν

519 5203 617 5258 καὶ
632 5200 1086 5273 ἀνθρωποκτόνος
1105 5197 1199 5253 ἀπ’
1215 5199 1390 5269 ἀρχῆς
1411 5198 1438 5249 6
1458 5196 1723 5265 διάϐολος,
1738 5199 1832 5253 καὶ
1854 5200 1912 5254 ὲν
1929 5203 1996 5272 τῇ
2020 5200 2256 5271 ἀληθείᾳ
2273 5201 2371 5271 οὐχ
2384 5200 2617 5272 ἔστηκεν
2635 5218 2650 5234 ·
2665 5202 2760 5256 καὶ
2776 5202 2933 5257 αὑτοὶ
2955 5204 3244 5275 ζητοῦντες
3256 5207 3573 5263 ἀποκτεῖναι
3594 5201 3686 5263 τὸν
3705 5208 3807 5261 Κύ-

521 5310 657 5364 ριον,
690 5293 786 5345 καὶ
816 5291 878 5345 τὸ
911 5290 1105 5360 ψεῦδος
1123 5290 1209 5344 ἀεὶ
1246 5289 1352 5361 πρὸ
1382 5292 1479 5361 τῆς
1515 5290 1773 5361 ἀληθείας
1799 5290 2067 5362 ἑλόμενοι,
2088 5293 2186 5365 τὴν
2212 5293 2427 5365 μορφὴν
2448 5292 2543 5346 τοῦ
2568 5294 2963 5364 γεγεννηκότος
2980 5296 3451 5369 ἀπαραχάρακτον
3463 5302 3802 5368 διασώζουσι.

588 5389 747 5445 Patet
799 5405 866 5445 ex
938 5389 1101 5443 dictis
1148 5385 1481 5442 :Judaaorum
1547 5397 1757 5458 patrem
1827 5389 2108 5446 diabolum

518 5480 824 5545 nominari;
878 5478 1049 5549 patris
1094 5487 1277 5533 autem
1325 5476 1527 5533 diaboli
1569 5486 1819 5531 naturam
1864 5478 2107 5548 reperire

519 5580 754 5635 nonest,
788 5585 968 5640 neque
1013 5569 1433 5640 appellationem
1476 5584 1595 5624 eam
1628 5569 2099 5635 inanifestantem,

521 5678 697 5735 neque
740 5664 856 5733 ipsa
896 5663 1248 5735 cogitatione.
1318 5664 1416 5719 llla
1448 5663 1758 5734 propositae
1809 5664 1877 5720 ab
1940 5663 2101 5719 initio

592 5828 637 5859 “
666 5825 823 5882 Joan.
862 5842 983 5895 vlu,
1007 5826 1094 5880 44.

2291 5392 2401 5445 Καὶ
2429 5393 2665 5463 φανερὸν
2695 5394 2759 5445 ὲκ
2788 5394 2896 5446 τῶν
2918 5394 3227 5464 εἰρημένων
3259 5397 3339 5449 ὅτι
3367 5398 3552 5469 πατὴρ
3585 5399 3684 5470 μὲν
3703 5398 3805 5451 τῶν

2230 5484 2503 5538 Ἰουδαίων
2528 5487 2555 5538 6
2584 5484 2832 5549 διάϐολος
2863 5487 3216 5556 ὀνομάζεται·
3243 5490 3452 5560 πατρὸς
3481 5491 3541 5544 δὲ
3572 5491 3665 5544 τοῦ
3692 5491 3803 5545 δια-

2214 5573 2374 5628 ϐόλου
2416 5573 2541 5628 οῦτε
2576 5574 2763 5629 λαϐεῖν
2797 5576 2914 5629 ἔστι
2954 5576 3137 5646 φύσιν,
3182 5578 3309 5633 οὗτε
3337 5580 3528 5651 κλῆσιν
3558 5582 3801 5653 οὐδαμῶς

2214 5667 2726 5739 παραδηλουμένην,
2756 5667 2880 5723 οὔτε
2906 5668 2985 5741 τῷ
3009 5671 3243 5742 νοήματι
3272 5686 3287 5702 ·
3321 5676 3354 5743 ἡ
3381 5675 3574 5747 μέντοι
3623 5691 3685 5744 γε
3708 5673 3801 5745 τῆς
