4144 6444
376 358 482 426 357

1321 358 1420 417 AD
1451 352 2046 418 AMPIIIIDCIIIUM
2079 350 2429 421 QUKESI‘IO
2454 350 2716 412 XLVIII.

3561 352 3669 415 358

373 469 747 545 προκειμένης
782 469 843 535 ἐξ
866 470 1042 541 ἀρχῆς
1070 469 1379 534 ὑποθέσεως
1408 469 1698 523 τελευταία
1726 465 1973 538 περίοδος

2080 482 2402 553 quazstionis
2455 481 2644 536 ultima
2680 481 2943 552 periodus
2977 481 3164 539 forsan
3207 483 3275 541 iis
3310 484 3405 554 qui
3430 485 3495 539 ad
3528 485 3667 538 nihil

373 565 517 633 δόξει
557 564 657 636 μὲν
692 565 824 627 ῐσως
850 565 963 625 τοῖς
990 563 1128 634 πρὸς
1168 563 1337 634 μηδὲν
1370 564 1482 617 τῶν
1522 561 1837 633 βαθυτέρων
1874 560 1973 629 ἐμ-

378 659 709 729 φιλοχωρεῖν
743 655 933 728 κέρδος
961 660 1330 727 ποιουμένοις,
1362 657 1437 721 ὡς
1463 658 1548 727 εἴη
1581 655 1677 709 τοῦ
1717 653 1969 708 διαϐόλου

380 757 598 824 πατέρα
651 751 1105 822 ὑποσημαίνουσα
1126 767 1138 779 ·
1187 750 1499 805 τούναντίον
1524 749 1581 803 δὲ
1620 750 1765 802 ἆπαν
1796 763 1972 800 κατα-

383 846 641 911 σκευάζει
680 847 775 901 καὶ
805 849 920 910 τοῖς
964 847 1071 919 πρὸ
1102 847 1273 917 αὑτῆς
1300 846 1515 918 συνᾴδει
1566 844 1970 915 ἐνθυμήμασιν,

385 941 598 1011 πατέρα
636 941 728 993 καὶ
776 938 915 1010 αὑτὴ
966 939 1076 993 τῶν
1120 938 1392 992 Ἰουδαίων
1426 936 1847 1007 ἐπιδεικνυμένη
1882 936 1974 988 τὸν

383 1032 627 1086 διάϐολον
650 1049 663 1063 ·
688 1030 881 1101 διπλῆς
911 1031 1019 1103 γὰρ
1047 1030 1358 1102 προσϐολῆς
1392 1029 1592 1094 παντὸς
1616 1029 1711 1083 τοῦ
1746 1045 1973 1098 προκει-

382 1124 544 1195 μένου
566 1122 725 1192 λόγου
769 1124 1179 1196 ἐνθυμημάτων
1226 1122 1547 1193 γενομένης,
1595 1122 1689 1174 καλ⁸
1732 1116 1827 1174 νῦν
1875 1116 1972 1191 μὲν

377 1218 444 1270 ὲκ
471 1220 573 1288 τῆς
604 1218 713 1270 τῶν
745 1216 1163 1289 γεγεννημένων
1194 1215 1393 1280 κακίας
1442 1215 1535 1269 τοῦ
1580 1213 1972 1285 γεγεννηκότος

375 1309 477 1382 τὴν
511 1309 745 1381 μίμησιν
786 1309 1261 1381 ἐπιδεικνυμένης,
1286 1309 1381 1362 νῦν
1419 1309 1475 1362 δὲ
1516 1308 1603 1362 διὰ
1642 1306 1738 1361 τοῦ
1784 1322 1975 1376 γεννη-

375 1404 616 1474 σαμένου
642 1404 751 1457 τῶν
782 1406 1198 1475 γεγεννημένων
1230 1403 1328 1475 τὴν
1359 1403 1654 1475 ὁμοιότητα
1694 1399 1972 1472 παριστώο

376 1514 501 1567 σης,
532 1497 613 1550 ἔτι
644 1498 805 1552 πάλιν
826 1500 933 1552 ἀπὸ
956 1501 1064 1553 τῶν
1088 1496 1507 1568 γεγεννημένων
1537 1496 1629 1548 ἐπὶ⁵
1657 1494 1749 1548 τὸν
1775 1510 1971 1563 γεγεν-

373 1589 585 1659 νηκότα
634 1588 1010 1655 διαϐαίνουσα,
1063 1588 1487 1660 ἀπαράλλακτον
1530 1585 1629 1656 τὴν
1675 1583 1972 1655 ὁμοιότητα

376 1680 712 1753 στηλιτεύει,
745 1681 840 1734 καὶ
885 1680 986 1753 τὴν
1018 1682 1342 1751 συγγένειαν
1382 1677 1562 1733 αὑτῶν
1588 1676 1742 1731 οὐδὲν
1776 1677 1969 1744 ἐπιφε-

378 1774 620 1845 ρομένην
661 1773 995 1828 ἐπιδείκνυσι
1024 1774 1179 1828 νόθον
1202 1790 1218 1806 ο
1249 1772 1415 1844 φησὶν
1444 1766 1558 1825 οὖν.
1585 1772 1755 1824 Ὅταν
1784 1769 1965 1823 ὁίου-

375 1868 529 1932 δαῖος
560 1867 622 1920 τὸ
652 1865 850 1937 ψεῦδος
875 1867 1049 1931 λαλεῖ,
1077 1865 1269 1937 ῶσπερ
1296 1865 1390 1918 καὶ
1416 1863 1513 1919 νῦν
1552 1862 1765 1934 πατέρα
1795 1860 1973 1929 λέγων

376 1960 579 2014 ἑαυτοῦ
610 1961 701 2014 τδν
741 1960 896 2027 Θεὸν,
920 1963 983 2013 ἐκ
1013 1959 1121 2012 τῶν
1156 1959 1303 2012 ίδίων
1334 1957 1517 2011 λαλεῖ·
1553 1956 1684 2019 ἴδιος
1709 1955 1819 2023 γὰρ
1842 1953 1975 2023 κλῆ-

382 2071 477 2125 ρος
514 2053 592 2127 τῷ
623 2054 814 2123 πατρὶ,
849 2051 944 2107 τοῦ
988 2053 1195 2124 πατρὸς
1222 2054 1250 2105 ὁ
1281 2049 1511 2112 πλοῦτος
1535 2065 1550 2078 ο
1583 2049 1648 2102 ἐκ
1671 2046 1781 2101 τῶν
1827 2044 1974 2099 ἰδίων

381 2142 479 2199 οὖν
503 2146 530 2197 ὁ
554 2146 809 2209 Ἰουδαῖος
838 2143 990 2198 λαλεῖ
1020 2144 1111 2197 τὸν
1149 2142 1406 2213 πατρῷον
1440 2137 1690 2194 ὑπελθὼν
1734 2136 1936 2207 κλῆρον
1955 2154 1970 2170 ο

382 2235 483 2289 καὶ
510 2234 674 2299 αὑτὸς
706 2233 817 2305 γὰρ
842 2233 1083 2304 ψεύστης
1116 2234 1264 2286 ἐστὶν
1293 2232 1481 2303 ὥσπερ
1509 2232 1537 2284 ὁ
1558 2229 1745 2300 πατὴρ
1775 2226 1940 2281 αὑτοῦ
1961 2246 1974 2258 ·

381 2326 546 2396 δῆλον
574 2324 666 2380 οὑν
698 2326 772 2390 ὡς
809 2328 842 2398 ἡ
879 2326 973 2379 τοῦ
999 2326 1159 2395 λόγου
1201 2324 1342 2396 αὑτη
1387 2322 1685 2393 περικοπὴ,
1724 2322 1785 2375 οὑ
1821 2321 1979 2392 μόνον

384 2417 803 2488 συμφθέγγεται
832 2424 944 2482 τοῖς
991 2419 1210 2491 πατέρα
1246 2418 1545 2472 πλάττουσι
1574 2415 1670 2469 τοῦ
1704 2414 1976 2480 διαϐόλου,

378 2507 520 2561 ἀλλὰ
558 2512 655 2563 καὶ
690 2511 801 2564 τῶν
827 2511 1099 2565 Ἰουδαίων
1136 2509 1351 2582 πατέρα
1391 2510 1483 2562 τὸν
1526 2506 1774 2562 διάϐολον
1820 2506 1980 2577 μόνον

377 2603 656 2673 ἀφορίζει.
707 2603 870 2663 Ἀλλά
910 2604 1083 2659 ταῦτα
1117 2604 1217 2676 μὲν
1259 2602 1677 2674 συγγυμνασίας
1720 2596 1862 2663 εἶδος
1882 2599 1978 2654 καὶ

380 2692 542 2759 λόγον
570 2694 745 2765 ἐχέτω
774 2697 872 2767 τὴν
899 2695 995 2749 τοῦ
1021 2695 1292 2767 δόγματος
1317 2694 1459 2758 τέως
1492 2691 1867 2764 προσηγορίαν
1890 2690 1981 2744 εὑ-

379 2784 718 2857 λαϐούμενον
742 2804 755 2817 ·
789 2788 894 2851 ἕως
922 2787 989 2841 ἂν
1028 2788 1057 2840 ὁ
1091 2787 1422 2858 ὑψηλότερος
1453 2785 1618 2854 ¹λόγος
1659 2783 1978 2854 ἀναφανεὶς,

2078 574 2505 644 profundiorum
2584 574 2821 627 libenter
2889 575 3227 631 commorari
3289 576 3393 631 sibi
3448 576 3666 631 lucrum

2078 664 2315 729 faciunt,
2349 665 2553 719 diaboli
2594 673 2803 733 patrem
2838 664 3108 720 videbitur
3148 667 3493 736 signiﬁcare;
3538 684 3667 724 con-

2078 758 2308 811 trarium
2364 773 2492 811 vero
2565 759 2944 812 demonstrant
3014 759 3196 813 omnia
3264 768 3319 814 et
3373 764 3673 816 concordat

2074 850 2499 918 cogitationibus
2553 866 2677 919 qua:
2744 858 2872 905 ante
2928 850 3102 921 ipsam
3176 860 3324 916 sunt,
3374 863 3583 921 patrem
3618 864 3673 908 et

2078 942 2200 1013 ipsa
2267 941 2582 997 Judzeorum
2651 942 2900 997 indicans
2965 944 3277 1009 diabolum;
3350 956 3405 999 et
3465 946 3669 1016 duplici

2078 1033 2390 1101 adjectione
2456 1034 2624 1089 totius
2710 1035 2983 1089 sermonis
3053 1035 3447 1106 cogitationum
3504 1038 3669 1105 facta,

2076 1141 2220 1181 nunc
2254 1126 2473 1196 quidem
2511 1143 2574 1182 ex
2604 1130 2913 1198 genitorum
2952 1128 3158 1182 malitia
3186 1130 3501 1199 generantis
3545 1132 3673 1185 imi-

2075 1217 2337 1274 tationem
2364 1219 2663 1287 indicante,
2713 1235 2862 1275 nunc
2914 1231 3097 1274 autem
3144 1236 3241 1291 per
3306 1232 3663 1292 generantem

2076 1308 2384 1377 genitorum
2419 1310 2835 1366 similitudinem
2866 1320 3161 1377 statuente,
3195 1313 3378 1367 adhuc
3399 1316 3563 1369 etiam
3606 1317 3674 1370 ab

2075 1401 2273 1471 genitis
2304 1403 2371 1458 ad
2424 1413 2777 1475 generantem
2832 1413 3175 1471 transeunte,
3223 1418 3429 1461 certam
3473 1407 3673 1462 simili-

2075 1493 2320 1551 tudinem
2356 1495 2642 1563 describit,
2677 1506 2731 1552 et
2760 1511 2950 1552 eorum
2982 1500 3502 1568 congenerationem
3536 1500 3675 1555 nihil

2078 1587 2254 1656 spurii
2310 1588 2573 1645 inducere
2634 1599 2928 1645 monstrat.
2994 1590 3137 1645 Dicit
3193 1591 3343 1646 enim
3393 1611 3405 1645 :
3452 1592 3675 1663 quando

2076 1675 2305 1736 Judreus
2366 1682 2716 1737 mendacium
2774 1682 3038 1754 loquitur,
3080 1694 3137 1738 ut
3166 1693 3219 1738 et
3264 1700 3430 1751 nunc,
3463 1696 3672 1756 patrem

2081 1784 2243 1825 suum
2277 1771 2446 1827 Deum
2480 1772 2690 1839 dicens,
2739 1790 2804 1828 ex
2848 1775 3086 1845 propriis
3131 1775 3395 1845 loquitur.
3450 1775 3676 1847 Propria

2078 1864 2226 1918 enim
2257 1864 2397 1935 patri
2429 1864 2741 1930 Itmreditas,
2776 1868 2952 1937 patris
2975 1877 3106 1924 sunt
3135 1868 3359 1923 divitiae.
3415 1869 3495 1925 Ex
3548 1886 3678 1940 pro-

2078 1959 2215 2029 priis
2250 1961 2418 2031 igitur
2442 1959 2666 2017 Iudaeus
2698 1962 2936 2034 loquitur
2980 1974 3265 2034 paternam
3300 1966 3674 2021 haereditatem

2080 2052 2331 2109 subiens.
2394 2052 2552 2109 Patet
2599 2055 2766 2125 igitur
2793 2055 2975 2127 ipsum
3000 2058 3150 2113 verbi
3183 2068 3531 2129 apparatum,
3565 2075 3676 2114 non

2080 2145 2246 2199 modo
2263 2160 2371 2200 non
2392 2145 2460 2201 iis
2484 2162 2793 2203 consonare
2822 2150 2918 2219 qui
2942 2158 3148 2218 patrem
3180 2151 3419 2221 aliquem
3470 2152 3675 2208 diaboli

2079 2237 2313 2308 ﬁngunt,
2346 2239 2439 2294 sed
2471 2248 2526 2293 et
2565 2238 2879 2296 Judzeorum
2912 2252 3123 2312 patrem
3171 2244 3451 2301 diabolum
3498 2247 3675 2303 solum

2079 2329 2369 2386 deﬁniunt.
2404 2329 2511 2387 Sed
2545 2332 2663 2388 haec
2685 2333 2906 2403 quidem
2935 2337 3246 2392 communis
3262 2338 3674 2395 exercitationis

2080 2420 2319 2478 formam
2344 2433 2397 2478 et
2420 2425 2690 2480 rationem
2717 2425 2976 2492 habeant,
3026 2427 3299 2497 dogmatis
3352 2445 3525 2499 usque
3573 2446 3672 2502 ap-

2078 2513 2427 2584 pellationem
2511 2515 2879 2587 refugientes,
2968 2522 3327 2592 quoadusque
3399 2524 3672 2580 excelsius

2082 2606 2309 2663 verbum
2373 2610 2673 2666 revelatum
2739 2621 2795 2667 et
2855 2614 3054 2684 dogma
3105 2630 3227 2671 esse
3289 2619 3564 2675 sententia
3618 2628 3673 2676 et

2084 2702 2327 2771 potentia
2375 2700 2683 2759 decernens
2747 2718 2940 2759 eorum
2992 2706 3088 2775 qui
3144 2722 3238 2777 per
3287 2710 3455 2763 vitam
3490 2710 3671 2781 philo-

2086 2789 2303 2859 sophati
2359 2799 2524 2847 erunt
2569 2800 2757 2847 votum
2800 2794 3104 2864 complens,
3132 2796 3265 2852 illud
3286 2800 3537 2854 ostendat
3564 2816 3672 2857 non

382 2876 482 2930 καὶ
507 2877 688 2949 δόγμα
713 2875 854 2933 εἷναι
877 2882 944 2951 τῇ
973 2880 1203 2952 διανοίᾳ,
1236 2879 1332 2933 καὶ
1351 2878 1429 2950 τῷ
1454 2878 1647 2949 κράτει
1674 2876 1773 2947 τὴν
1802 2875 1974 2947 κρίσιν

2087 2879 2298 2937 frustra
2357 2897 2480 2940 esse
2538 2895 2861 2956 protensum
2894 2888 2962 2943 ad
3013 2902 3214 2945 sensus
3238 2890 3672 2963 inquisitionem,

382 2970 588 3035 λαϐὼν,
622 2974 720 3027 καὶ
764 2973 873 3027 τῶν
918 2974 1007 3028 διὰ
1039 2974 1157 3045 βίου
1207 2970 1649 3044 φιλοσοφούντων
1687 2970 1788 3042 τὴν
1833 2968 1987 3040 ἱερὰν

2092 2973 2186 3041 qui
2223 2983 2307 3029 est
2342 2975 2485 3031 ultra
2515 2977 2886 3033 multitudinis
2911 2980 3348 3051 intelligentiam.

379 3062 672 3136 ἐμπλήσας
710 3065 1031 3137 ἐπιθυμίαν,
1064 3065 1214 3139 δείξῃ
1255 3064 1332 3136 μὴ
1399 3063 1576 3136 μάτην
1619 3060 1708 3115 ἀεὶ
1779 3060 1915 3132 πρὸς
1978 3061 2207 3135 ζήτησιν
2249 3068 2681 3142 ἀνατεινομένην
2718 3069 2813 3124 τοῦ
2853 3070 3195 3143 ἐξῃρημένον
3235 3075 3509 3147 νοήματος
3574 3078 3675 3147 τῆς

381 3159 497 3214 τῶν
524 3159 732 3215 πολλῶν
769 3161 1151 3233 καταλήψεως.

918 3278 1436 3350 ΕΡΩΤΗΣΙΣΜΨ.

458 3376 647 3430 Πόσαι
679 3374 841 3429 εἰσιν
876 3377 936 3429 αἱ
961 3374 1069 3428 τὸν
1102 3374 1323 3444 Κύριον
1354 3373 1688 3445 ἀλείψασαι
1711 3374 1904 3445 μύρῳ;

2385 3275 2718 3343 ΩΠΑΞΞΤΙΟ
2742 3276 2952 3333 XLVIII
2998 3276 3098 3351 [αι.
3128 3278 3361 3355 XLVII].

2200 3370 2340 3438 Quot
2364 3384 2487 3425 sunt
2517 3388 2635 3442 qua:
2662 3371 2946 3427 Dominum
2972 3386 3237 3444 unguento
3259 3380 3558 3434 unxerunt?

1641 3508 1780 3561 Edita
1802 3524 1829 3558 a
1868 3507 2014 3571 Maio,
2037 3510 2073 3558 l.
2095 3521 2160 3569 c.,
2196 3524 2246 3572 p.
2272 3508 2438 3559 40-43.

452 3625 587 3696 Οὑχὶ
610 3624 711 3697 τὴν
739 3624 910 3698 αὑτὴν
938 3624 1179 3696 εὑρίσκω
1223 3624 1521 3696 προϊοῦσαν
1545 3624 1705 3691 δόξαν
1735 3624 1866 3697 παρ’
1896 3617 1974 3689 οἷς

2154 3622 2271 3678 Non
2326 3622 2578 3678 eamdem
2645 3623 2862 3693 reperio
2913 3624 3299 3693 procedentem
3357 3627 3674 3697 Opinionem
3730 3632 3735 3635 ’

374 3718 555 3773 ταῦτα
605 3719 986 3791 διερευνᾶσθαι
1034 3721 1316 3790 γέγονενή
1363 3719 1590 3791 σπουδή.
1628 3720 1692 3773 Οἱ
1737 3718 1837 3789 μὲν
1870 3718 1976 3790 γὰρ

379 3814 759 3885 ἁπλούστερον
785 3814 883 3868 καὶ
930 3813 1401 3884 ἐπιπολαιότερον,
1432 3813 1519 3867 ἵνα
1550 3813 1626 3884 μὴ
1671 3811 1979 3883 ἀμαθέστε-

378 3927 479 3985 ρον
514 3908 678 3974 εἴπω,
708 3911 776 3979 τῇ
826 3908 1072 3979 διαφόρῳ
1104 3907 1296 3980 κλήσει
1344 3907 1453 3961 τῶν
1495 3905 1976 3977 ἀναγραψαμένων

372 4002 479 4073 τὴν
510 4002 755 4073 ἱστορίαν
802 4000 1008 4072 ταύτην
1054 4001 1149 4054 καὶ
1180 4000 1248 4053 τὰ
1285 3999 1393 4053 τῶν
1421 3998 1703 4069 γυναικῶν
1735 3999 1975 4053 συνδιαι-

378 4093 540 4164 ροῦσι
582 4093 874 4162 πρόσωπα.
925 4092 1037 4146 Καὶ
1076 4092 1348 4163 τέσσαρας
1392 4090 1598 4154 ταύτας
1636 4084 1779 4143 εἷναί
1818 4108 1974 4160 φασι,

375 4190 520 4261 πρὸς
549 4190 721 4256 οὐδὲν,
740 4184 917 4260 οἶμαι,
952 4187 1250 4260 βαθύτερον
1275 4187 1535 4259 λογισμὸν
1553 4188 1970 4258 ἐπιστήσαντες,

371 4282 416 4353 ἢ
446 4281 582 4353 πρὸς
626 4280 797 4351 μόνην
839 4279 939 4351 τὴν
971 4280 1079 4333 τῶν
1115 4278 1630 4348 εὐαγγελισαμένων
1675 4278 1969 4348 ποσότητα.

370 4375 509 4437 Τοῖς
553 4372 609 4426 δέ
637 4374 715 4435 εἰς
741 4371 834 4425 δύο
886 4370 1223 4442 περιεστάλη
1272 4371 1340 4423 τὰ
1390 4369 1695 4441 πρόσω-ιτα⁹
1744 4369 1840 4422 καὶ
1875 4367 1973 4439 τὴν

377 4465 487 4535 μέν
519 4480 658 4533 φασι
690 4463 897 4533 σεμνὴν
926 4458 1187 4515 εἶναικαὶ
1215 4459 1468 4531 σώφρονα
1496 4458 1592 4511 καὶ
1618 4456 1858 4529 ἀδελφὴν
1877 4458 1971 4509 τοῦ

374 4554 637 4626 Λαζάρου
665 4555 759 4607 καὶ
788 4553 891 4623 τῆς
920 4552 1156 4624 Μάρθας
1178 4567 1190 4580 '
1219 4551 1319 4622 τὴν
1346 4549 1403 4603 δέ
1432 4549 1690 4620 διαφόρου
1721 4548 1819 4620 μὲν
1849 4548 1974 4601 ἀνα⁸

375 4645 602 4716 γραφῆς
632 4646 838 4714 τυχεῖν,
869 4642 1001 4713 μίαν
1036 4642 1093 4694 δὲ
1123 4638 1263 4695 εἶναι
1298 4640 1393 4694 καὶ
1413 4639 1621 4710 ταύτην
1649 4636 1710 4703 ἐξ
1732 4638 1969 4708 ἀσέμνου

375 4738 480 4791 καὶ
510 4735 793 4807 πανδήμου
827 4734 945 4805 βίου
979 4732 1347 4804 παρθενικοὺς
1378 4731 1600 4800 ἀγῶνας
1636 4730 1695 4797 ἐξ
1733 4730 1972 4802 ἀκαθαρο

377 4832 506 4893 σίας
542 4827 943 4900 μετελθοῦσαν*
975 4826 1107 4896 περ).
1148 4825 1352 4897 ταύτης
1387 4825 1443 4877 δὲ
1484 4824 1577 4877 τόν
1601 4841 1661 4877 τε
1690 4824 1971 4877 Ματθαῖον

375 4923 477 4978 καὶ
507 4922 752 4993 Μάρκον,
778 4921 915 4974 ἀλλὰ
942 4919 1037 4973 καὶ
1070 4918 1161 4972 τὸν
1188 4919 1405 4972 Λουκᾶν
1435 4916 1727 4971 διαλαϐεῖν·
1753 4917 1847 4969 καὶ
1870 4916 1971 4987 τὴν

2085 3716 2227 3788 apud
2248 3731 2345 3772 eos
2363 3717 2457 3787 qui
2492 3717 2609 3771 haec
2632 3714 2911 3787 inquirere
2941 3718 3296 3774 studuerunt.
3325 3720 3429 3775 Alii
3453 3722 3676 3792 quidem

2084 3808 2423 3880 indigentius
2468 3816 2523 3864 et
2563 3807 2868 3879 vulgarius,
2900 3823 2969 3864 ne
2992 3810 3173 3865 dicam
3214 3811 3517 3879 indoctius,
3566 3830 3675 3870 non

2084 3901 2273 3956 eadem
2306 3911 2523 3957 utentes
2553 3900 2921 3971 appellatione
2950 3916 3017 3957 ac
3065 3902 3162 3972 qui
3209 3902 3353 3959 hanc
3387 3904 3677 3961 historiam

2084 3993 2432 4063 scripserunt
2487 4002 2543 4048 et
2597 3993 2893 4049 mulierum
2944 4009 3212 4065 personas
3260 3996 3530 4055 dividunt.
3612 3998 3679 4055 Et

2082 4084 2277 4139 dicunt
2325 4099 2420 4139 eas
2470 4098 2593 4140 esse
2650 4099 2880 4139 numero
2924 4094 3200 4155 quatuor,
3254 4089 3425 4153 nullo,
3482 4091 3675 4153 credo,

2082 4172 2277 4227 altiore
2301 4183 2631 4244 argumento
2662 4174 2897 4229 nitentes
2923 4175 3029 4230 nisi
3068 4179 3184 4231 sola
3212 4180 3675 4249 evangelistarum

2081 4266 2406 4335 quantitate.
2454 4265 2562 4321 Alii
2596 4266 2663 4321 ad
2693 4266 2831 4321 duas
2859 4282 3123 4337 personas
3160 4280 3476 4341 coarctant;
3508 4283 3565 4329 et
3594 4276 3676 4329 al-

2081 4367 2256 4413 teram
2320 4359 2680 4415 veneratioue
2741 4360 2960 4431 dignam
3012 4377 3135 4416 esse
3182 4372 3238 4418 ct
3297 4366 3598 4434 sapientem
3621 4378 3677 4423 et.

2081 4452 2275 4505 Lazari
2313 4460 2367 4506 et
2394 4450 2620 4507 Marthae
2652 4466 2932 4521 sororem;
2989 4455 3217 4510 alteram
3268 4469 3454 4512 autem
3510 4459 3673 4514 dissi-

2082 4544 2263 4597 milem
2318 4542 2750 4614 descriptionem
2806 4546 3016 4612 sortiri,
3066 4563 3233 4601 unam
3258 4559 3439 4604 tamen
3462 4566 3583 4605 esse
3618 4562 3677 4607 et

2078 4649 2199 4689 eam
2232 4648 2297 4689 ex
2323 4635 2596 4705 probrosa
2621 4642 2675 4689 et
2692 4634 2903 4706 plebeia
2930 4638 3040 4691 vita
3072 4638 3315 4709 virginea
3373 4640 3674 4695 certamina

2080 4739 2201 4799 post
2228 4729 2501 4785 luxuriam
2534 4729 2787 4795 inivisse;
2846 4730 2914 4786 de
2954 4746 3018 4785 ea
3061 4742 3241 4786 autem
3276 4742 3329 4786 et
3359 4731 3672 4787 Mattbatum

2079 4830 2134 4876 ct
2170 4820 2437 4888 Marcum,
2492 4821 2587 4877 sed
2620 4830 2675 4876 et
2703 4819 2909 4876 Lucam
2950 4822 3257 4889 disserere;
3316 4831 3371 4878 et
3422 4825 3671 4878 eamdem

2081 4915 2368 4971 historiam
2424 4916 2803 4972 diﬁ‘erentibus
2871 4917 3056 4973 verbis
3110 4926 3400 4973 narrantes
3462 4918 3673 4973 descri-

375 5015 553 5087 αὑτὴν
614 5013 856 5087 ἱστορίαν
916 5012 1197 5083 διαφόροις
1262 5014 1503 5083 ῥήμασιν
1544 5009 1970 5080 ἀπηγγελκότας

2080 5009 2276 5078 psisse.
2297 5008 2403 5063 Alii
2429 5024 2560 5063 vero
2578 5018 2631 5064 et
2659 5009 2727 5064 ad
2753 5025 2915 5064 unam
2935 5026 3127 5065 omnes
3156 5012 3443 5077 reducunt,
3465 5013 3673 5067 nullam

376 5101 836 5173 ἀναγράψασθαι.
880 5101 946 5153 Οἱ
997 5099 1055 5153 δὲ
1100 5101 1367 5171 καὶπρὸς
1415 5099 1545 5167 μίαν
1600 5100 1784 5163 πάσας
1849 5116 1977 5151 συν-

377 5195 904 5265 άγουσιν,οὑδεμίαν
919 5197 985 5264 τῇ
1005 5191 1132 5265 δόξῃ
1154 5192 1453 5261 ἀσφάλειαν
1472 5190 1841 5262 περιθέμενοι·
1862 5190 1978 5243 ἀλλ’

374 5289 492 5344 οὐδ’
514 5289 623 5341 ἀπὸ
648 5289 747 5359 τῆς
772 5288 880 5340 τῶν
923 5286 1236 5357 προσώπων
1270 5285 1555 5355 ποιότητος
1587 5285 1688 5355 τῆς
1722 5285 1979 5356 τοιαύτης

377 5381 731 5453 ὑπολήψεως,
753 5380 1159 5452 ἐπιφερομένης
1180 5379 1240 5431 τὸ
1258 5377 1557 5448 αἰδέσιμον.
1590 5377 1973 5450 ’Λπολινάριος

374 5476 490 5547 γὰρ
531 5476 629 5527 καὶ
675 5476 703 5528 ὁ
749 5474 1128 5544 Μοψουεστίας
1174 5474 1448 5542 Θεόδωρος
1483 5469 1688 5533 ταύτης
1733 5472 1874 5525 εἰσὶν
1923 5472 1973 5524 οἱ

378 5571 707 5641 γεννήτορες
726 5584 739 5599 ·
774 5568 875 5638 ἐμὲ
907 5567 963 5620 δὲ
991 5567 1113 5620 οὑδέ
1140 5565 1233 5619 δύο
1266 5564 1472 5626 ταύτας
1497 5564 1853 5635 ἐπιτρέπουσι
1882 5564 1977 5617 λέο

380 5678 528 5730 γειν,
563 5660 690 5714 οὔτε
724 5661 818 5714 τοῦ
840 5659 1095 5732 Σωτῆρος
1135 5661 1181 5713 οἱ
1209 5660 1380 5726 λόγοι,
1411 5657 1533 5711 οὒτε
1564 5658 1671 5711 τῶν
1710 5656 1976 5727 φιλοθέων

384 5754 668 5821 γυναικῶν
698 5755 754 5807 αἱ
800 5752 1049 5824 πράξεις,
1081 5753 1205 5806 οὔτε
1234 5753 1295 5805 τὸ
1333 5752 1589 5823 διάφορον
1632 5751 1724 5804 τοῦ
1756 5751 1976 5822 καιροῦ,

382 5848 501 5905 ἀλλ’
531 5850 651 5903 οὑδὲ
674 5850 794 5902 ’τῶν
826 5848 1035 5902 θεατῶν
1073 5848 1166 5901 καὶ
1210 5845 1497 5916 ἀκροατῶν
1536 5847 1568 5916 ἡ
1609 5845 1698 5898 ἐπὶ
1732 5845 1809 5916 τῷ
1839 5861 1980 5915 πρα-

2080 5101 2325 5171 opinioni
2360 5100 2673 5158 ﬁrmitatem
2702 5103 3100 5170 conciliantes;
3154 5104 3248 5157 sed
3280 5118 3457 5173 neque
3486 5119 3516 5157 a
3546 5121 3673 5175 per-

2082 5208 2343 5248 sonarum
2381 5192 2651 5264 dignitate
2706 5195 2831 5250 talis
2879 5194 3066 5264 Opinio
3112 5196 3217 5249 sibi
3259 5197 3673 5251 venerationem

2082 5286 2363 5341 conciliat.
2395 5287 2768 5356 Apollinarius
2792 5287 2940 5342 enim
2970 5296 3024 5342 et
3058 5285 3379 5343 Theodorus
3417 5287 3673 5357 Mopsue-

2085 5380 2224 5434 stius
2269 5394 2391 5434 eam
2444 5378 2607 5447 primi
2650 5378 2703 5433 in
2738 5379 2917 5433 lucem
2949 5378 3312 5449 protulerunt.
3360 5378 3443 5434 Me
3486 5390 3672 5435 autem

2081 5489 2175 5529 eas
2200 5488 2319 5529 esse
2365 5474 2503 5527 duas
2554 5488 2731 5543 neque
2768 5472 3069 5527 Salvatoris
3122 5476 3283 5527 vrrba
3315 5474 3670 5542 convincunt,

2084 5580 2263 5636 neque
2289 5565 2614 5620 dileCIarum
2645 5580 2674 5619 a
2705 5564 2817 5620 Deo
2856 5566 3172 5628 mulierum,
3211 5581 3385 5635 neque
3422 5569 3675 5622 occasio-

2084 5658 2171 5712 nis
2198 5656 2528 5723 dill’erentia,
2554 5657 2648 5711 sed
2682 5672 2861 5727 neque
2882 5658 3246 5725 spectantium
3266 5658 3674 5712 etaudientinm

2086 5750 2152 5803 de
2207 5748 2354 5805 facto
2414 5748 2707 5804 sententia.
2772 5749 2893 5803 Alia
2915 5763 3046 5803 vero
3071 5750 3137 5803 iis
3172 5765 3282 5802 non
3318 5750 3530 5804 minora
3570 5764 3677 5804 ltt's

2089 5857 2182 5922 cas
2213 5857 2336 5900 esse
2366 5840 2725 5926 convincunt,
2758 5841 2854 5899 sed
2887 5856 3063 5913 neque
3089 5841 3265 5897 tribus
3299 5842 3483 5913 plures
3502 5856 3678 5915 neque
