4144 6442
532 387 639 449 359
1695 385 1960 446 ΡΙΙΟΤΙΙ
1983 384 2128 445 PAT

2234 381 2496 444 ARCHE
2527 382 2636 443 (ΖΡ.
3692 383 3806 445 360

535 498 824 572 pauciores
858 511 981 552 esse
1007 497 1255 553 edocent.
1295 495 1480 551 Primo
1536 496 1699 566 igitur
1736 505 1909 552 estea
1943 511 2104 567 quam

2234 496 2391 566 [θέντι
2439 497 2654 566 γνώμη,
2703 494 2797 549 καὶ
2835 495 2969 551 ἄλλα
3012 495 3068 550 δὲ
3117 495 3324 550 τούτων
3367 495 3468 549 ούκ
3513 494 3804 562 ἐλάττονα,

529 593 707 648 Lucas
754 589 1062 660 descripsit,
1135 605 1258 658 quae
1314 598 1441 644 ante
1499 590 1703 644 multos
1738 587 1868 645 Jesu
1897 589 2104 645 Christi

2234 590 2359 660 τρεῖς
2411 585 2810 651 εἶναιταύτας·
2860 587 2977 642 ἀλλ’
3027 587 3149 642 οὔτε
3191 588 3412 652 πλείους
3466 587 3576 643 τῶν
3631 587 3811 659 τριῶν

526 696 681 741 actus
708 693 763 739 et
784 683 1068 739 doctrinas
1094 682 1149 736 in
1175 682 1462 738 historiam
1486 683 1808 739 assumitur.
1833 682 1964 737 Post
1993 683 2109 738 haec

2234 680 2330 734 ιῦτε
2373 680 2630 746 ἐλάττους
2681 680 3011 735 ἐκδιδάσκει.
3061 681 3259 752 Πρώτη
3307 681 3406 751 μὲν
3450 676 3543 735 οὖν
3585 682 3746 735 ἐστιν
3775 682 3810 752 ἡ

527 779 674 836 enim
734 789 790 833 et
839 777 907 833 ad
960 777 1408 848 praedicationem
1465 775 1764 846 discipulos
1816 776 2004 842 mittit,
2057 786 2111 832 et

2234 775 2366 846 ταρά
2391 774 2471 846 τῷ
2505 775 2692 845 Λουκᾷ
2729 774 3223 844 άναγεγραμμένη,
3253 773 3377 844 ἥτις
3402 773 3496 826 καὶ
3526 772 3638 843 πρὸ
3674 773 3812 826 πολ-

529 871 938 931 multitudinem
981 870 1314 925 miraeulose
1363 868 1610 939 quinque
1646 867 1884 939 panibus
1911 869 2107 932 nutrit,

529 975 584 1020 et
633 966 702 1019 ab
729 962 998 1034 apostolis
1021 962 1208 1033 opinio
1261 961 1328 1018 de
1361 961 1593 1017 Domino
1612 961 1900 1032 quazritur,
1943 970 1999 1016 et
2027 961 2114 1016 did

530 1057 693 1112 vinus
736 1053 1237 1122 transﬂgurationis
1255 1062 1416 1111 actus
1440 1069 1606 1125 supra
1621 1061 1855 1109 mentem
1873 1063 1927 1109 et
1945 1055 2112 1110 ratio~

535 1163 658 1202 nem
714 1145 968 1202 eﬂieitur.
1033 1144 1234 1200 «Facti
1274 1155 1421 1212 sunt,
1496 1145 1677 1216 inquit
1743 1145 1922 1213 enim,
1989 1155 2116 1217 post

535 1252 821 1292 sermones
869 1237 1002 1292 istos
1034 1237 1152 1292 dies
1183 1245 1329 1303 octo,
1384 1247 1439 1292 et
1485 1253 1775 1294 assumens
1817 1238 2034 1293 Petrum
2064 1246 2118 1294 et

537 1329 802 1385 Joannem
829 1327 1192 1394 etJaeobum,
1222 1328 1537 1384 ascenditin
1565 1338 1802 1385 montem
1842 1344 2025 1394 orare,
2065 1338 2119 1385 et

536 1420 668 1475 dum
709 1430 912 1487 oraret,
967 1419 1108 1476 facta
1162 1428 1245 1476 est
1295 1419 1466 1478 facies
1519 1423 1702 1477 vultus
1750 1421 1870 1493 ejus
1923 1421 2028 1476 alia
2065 1431 2121 1477 et

538 1515 863 1568 vestimenta
898 1513 1017 1582 ejus
1066 1512 1187 1568 alba
1224 1521 1279 1568 et
1312 1513 1650 1582 splendentia
1678 1516 1742 1581 ",
1775 1534 1794 1568 ι
1843 1524 1951 1571 etc.
2014 1515 2121 1572 Sed

539 1606 686 1660 enim
708 1613 759 1659 et
785 1604 1121 1675 septuaginta
1149 1604 1398 1676 discipuli
1430 1615 1555 1676 post
1588 1608 1702 1662 haec
1733 1607 2118 1679 designantur,

537 1704 593 1752 et
619 1697 893 1768 parabolae
923 1697 1324 1753 hortationibus
1340 1707 1730 1754 contexuntur.
1763 1698 1916 1754 Patet
1942 1710 2122 1755 autem

539 1789 849 1858 passionem
934 1789 1174 1843 nondum
1231 1788 1470 1858 instare;

2212 869 2319 922 λῶν
2360 866 2613 940 πράξεων
2645 867 2740 921 καὶ
2781 866 3144 920 διδασκαλιῶν
3180 865 3275 920 τοῦ
3313 865 3492 937 Ἰησοῦ
3540 868 3624 928 εἰς
3663 865 3812 918 ἱστο-

2216 963 2339 1035 ρίαν
2390 963 2616 1034 μνήμης
2660 961 3018 1034 παρελήφθηο
3065 959 3206 1031 μετά
3254 958 3430 1013 ταῦτα
3478 959 3584 1030 γὰρ
3623 961 3708 1023 εἰς
3751 959 3816 1013 τὸ

2215 1057 2479 1128 κήρυγμα
2511 1054 2763 1119 καὶτοὺς
2797 1052 3046 1124 μαθητάς
3095 1051 3438 1119 ἀποστέλλει,
3471 1051 3569 1104 καὶ
3605 1051 3672 1104 τὸ
3709 1050 3816 1104 τῶν

2219 1149 2377 1201 πέντε
2408 1148 2591 1220 ἄρτων
2622 1146 3120 1217 θαυματουργεῖται
3157 1144 3394 1214 πλῆθος,
3442 1143 3540 1197 καὶ
3585 1143 3624 1213 ή
3685 1143 3816 1210 περὶ

2216 1239 2312 1294 τοῦ
2339 1239 2666 1295 διδασκάλου
2692 1239 2800 1293 τῶν
2831 1237 3092 1310 μαθητῶν
3116 1238 3388 1307 ὑπόληψις
3413 1235 3816 1305 λογοθετεῖται,

2219 1335 2316 1389 καὶ
2349 1335 2382 1406 ἡ
2410 1334 2510 1404 τῆς
2537 1330 3018 1404 μεταμορφώσεως
3042 1331 3184 1402 ὑπὲρ
3205 1330 3330 1383 νοῦν
3361 1330 3454 1384 καὶ
3481 1329 3645 1397 λόγον
3677 1328 3822 1399 πρᾶ-

2221 1425 2676 1496 ξιςθεουργεῖται.
2697 1443 2716 1476 ι
2741 1421 2986 1493 Ἐγένετο
3006 1422 3139 1494 γὰρ,
3154 1421 3309 1492 φησὶ,
3329 1421 3468 1492 μετά
3479 1422 3607 1485 τοὺς
3621 1419 3822 1490 λόγους

2220 1515 2446 1578 τούτους
2485 1513 2617 1567 ὡσεὶ
2653 1513 2859 1586 ἡμέραι
2887 1511 3053 1579 ὀκτὼ,
3101 1514 3196 1565 καὶ
3227 1511 3561 1584 παραλαϐὼν
3606 1511 3820 1583 Πέτρον

2223 1610 2319 1664 καὶ
2357 1607 2614 1678 Ἰωάννην
2659 1606 2755 1660 καὶ
2797 1605 3052 1660 Ἰάκωϐον
3081 1603 3251 1675 ἀνέϐη
3283 1606 3364 1668 είς
3391 1604 3453 1657 τὸ
3477 1603 3607 1676 ὅρος
3633 1621 3821 1676 προσ-

2225 1701 2488 1769 εύξασθαι
2512 1716 2527 1733 ’
2575 1701 2670 1755 καὶ
2729 1700 2946 1768 ἐγένετο
2973 1701 3032 1752 ἐν
3069 1697 3147 1769 τῷ
3193 1697 3596 1768 προσεύχεσθαι
3628 1697 3818 1762 αὑτὸν,

1567 1806 1743 1858 neque
1802 1792 2122 1848 carnificum

2234 1795 2288 1848 τὸ
2314 1790 2454 1858 εἶδος
2499 1792 2592 1848 τοῦ
2645 1790 2940 1864 προσώπου
2980 1789 3145 1844 αὐτοῦ
3188 1791 3396 1862 ἐτερςν,
3435 1790 3533 1844 καὶ
3565 1793 3594 1844 ὁ
3646 1791 3826 1860 ἱματι-

538 1880 852 1935 Judaaurum
882 1879 1108 1935 consilia
1145 1894 1242 1950 per
1271 1881 1602 1937 voluntatem
1629 1891 1683 1938 et
1705 1882 2120 1940 meditationem

2234 1887 2366 1958 σμὸς
2392 1884 2558 1941 αὐτοῦ
2597 1863 2790 1947 λευκὸς
2819 1883 3243 1954 ἐξαστράπτων,
3281 1900 3300 1934 ι
3334 1883 3429 1934 καὶ
3461 1882 3612 1951 ἑξῆς.
3659 1881 3822 1934 Ἀλλὰ

539 1973 649 2028 vim
697 1980 1036 2041 acceperant.

2228 1975 2338 2046 γὰρ
2365 1973 2458 2028 καὶ
2483 1973 2534 2026 οἱ
2566 1971 2938 2043 ἐϐδομήκοντα
2971 1971 3213 2042 μαθηταὶ
3239 1970 3379 2042 μετά
3411 1969 3588 2023 ταῦτα
3607 1969 3826 2024 ἀναδεί-

539 2083 765 2119 κνυνται
803 2064 898 2118 καὶ
927 2063 1238 2136 παραδολαὶ
1282 2066 1405 2129 ταῖς
1441 2063 1752 2130 νουθεσίαις
1799 2068 2220 2137 συνυφαίνονται
2239 2085 2254 2102 ο
2294 2066 2452 2136 δῆλον
2475 2064 2532 2118 δὲ
2560 2065 2636 2129 ὡς
2676 2064 2796 2118 οὐδὲ
2822 2065 2884 2117 τὸ
2916 2062 3088 2128 πάθος
3120 2062 3272 2118 οῦπω
3297 2063 3582 2135 ἐνεστήκει
3603 2078 3621 2096 ο
3651 2061 3764 2117 οὐδ’
3787 2061 3821 2134 ἡ

540 2161 649 2215 τῶν
691 2161 993 2231 μιαιφόνων
1031 2160 1302 2214 Ἰουδαίων
1343 2161 1604 2234 ἐπιϐουλὴ
1654 2162 1745 2218 διὰ
1783 2163 1982 2236 βουλῆς
2027 2163 2124 2218 καὶ
2163 2163 2395 2236 μελέτης
2418 2161 2481 2216 τὸ
2513 2159 2682 2232 κῦρος
2713 2157 3039 2230 ἐλάμϐανεν.

615 2256 691 2311 Ex
737 2257 1152 2311 circumstantia
1200 2257 1420 2326 quidem
1471 2258 1781 2316 dill‘erentia
1829 2261 1974 2315 inter
2004 2276 2122 2316 eam

540 2364 665 2420 quae
705 2351 849 2419 apud
892 2347 1098 2402 Lucam
1151 2357 1236 2403 est
1279 2349 1563 2404 mulierem
1613 2360 1668 2405 et
1708 2353 1848 2406 inter
1878 2353 2014 2408 alias
2045 2353 2126 2408 sic

540 2443 822 2497 evidenter
841 2451 892 2496 et
925 2440 1301 2496 indubitanter
1326 2441 1641 2498 volentibus
1661 2443 1790 2499 licet
1817 2445 2124 2514 concipere.

542 2534 760 2589 Etenim
809 2533 1038 2588 aliarum
1094 2532 1547 2604 uniuscujusque,
1614 2533 1957 2591 Dominieam
1995 2550 2127 2606 pas-

544 2625 756 2681 sionem
813 2621 1015 2678 Judaeis
1077 2623 1435 2679 meditatione
1491 2627 1607 2696 jam
1661 2626 2127 2692 machinantibus,

548 2715 792 2770 historia:
839 2713 1161 2768 memoriam
1218 2713 1485 2770 inducunt
1530 2716 1805 2771 :alterius
1865 2717 2013 2772 enim
2073 2718 2132 2772 tit

549 2807 758 2863 mentio
784 2816 910 2862 ante
935 2823 1030 2862 sex
1064 2807 1180 2863 dies
1222 2807 1482 2874 Paschte;
1542 2807 1769 2864 alterius
1817 2825 1950 2864 vero
2002 2818 2131 2865 ante

547 2900 690 2956 duos
742 2899 1038 2971 passionis.
1100 2899 1165 2954 Et
1212 2899 1437 2954 alterius
1483 2900 1756 2957 actionem
1801 2902 2034 2960 dilectus
2079 2912 2134 2958 et

546 2992 703 3062 virgo
751 2992 1049 3062 discipulus
1102 2991 1383 3058 describit,
1432 3008 1551 3063 quae
1587 2991 1782 3048 Lazari
1827 3003 1881 3050 et
1910 2993 2133 3049 Marthae

551 3099 710 3140 soror
725 3092 863 3150 erat,
893 3093 948 3137 et
977 3099 1098 3153 quzc
1125 3099 1190 3137 ex
1210 3082 1424 3139 dilectis
1452 3100 1482 3140 a
1507 3085 1734 3141 Domino
1762 3085 1890 3142 Jesu
1916 3085 2132 3142 Christo

549 3193 676 3235 esse
709 3177 1058 3243 noscebatur,
1088 3185 1286 3231 etcum
1314 3176 1421 3231 illis
1438 3177 1854 3232 admirationem
1880 3178 2135 3234 movebat

550 3273 608 3329 in
642 3272 710 3329 iis
733 3272 941 3343 quaead
973 3273 1093 3328 vita:
1111 3271 1512 3328 venerationem
1556 3279 1706 3325 sunt.
1761 3271 1894 3338 Quae
1925 3282 1979 3327 et
2005 3281 2133 3326 ante

551 3380 649 3421 sex
719 3365 836 3420 dies
899 3363 1125 3420 Pascha:
1163 3357 1340 3420 'sacra
1403 3365 1494 3419 illa
1549 3363 1835 3419 celebrans
1877 3365 2131 3433 mysteria

551 3457 772 3513 domum
807 3472 962 3512 suam
1025 3472 1236 3512 sacram
1293 3465 1347 3512 et
1393 3455 1652 3510 mundam
1723 3454 1870 3514 fecit.
1933 3456 2136 3512 Prazter

2309 2259 2445 2313 ’Δπὸ
2479 2258 2578 2328 μὲν
2637 2256 2732 2312 τοῦ
2789 2255 2984 2328 καιροῦ
3014 2256 3082 2310 τὸ·
3109 2256 3365 2327 διάφορον
3400 2257 3500 2325 τῆς
3527 2257 3687 2330 παρὰ
3747 2257 3824 2330 τῷ

2227 2352 2414 2423 Λουκᾷ
2439 2349 2704 2419 γυναικὸς
2732 2349 2871 2421 πρὸς
2908 2351 3005 2413 τὰς
3031 2349 3198 2413 ἄλλας
3226 2348 3371 2402 οῦτω
3419 2351 3680 2421 φανερῶς
3731 2351 3824 2405 καὶ

2229 2443 2619 2516 ἀναμφιϐόλως
2657 2443 2866 2508 ἔξεστιν
2891 2445 3092 2496 ἐννοεῖν
3112 2445 3223 2506 τοῖς
3254 2437 3605 2514 βουλομένοις
3644 2459 3660 2499 τ
3731 2447 3823 2498 καὶ

2229 2536 2338 2607 γάρ
2367 2536 2476 2588 τῶν
2502 2534 2677 2589 ἄλλων
2700 2536 2967 2607 ἑκατέρας
2997 2535 3098 2607 ἤδη
3130 2534 3222 2588 τοῦ
3251 2535 3588 2590 Δεσποτικοῦ
3616 2535 3824 2599 πάθους

2229 2629 2352 2690 ταῖς
2380 2626 2490 2680 τῶν
2529 2625 2798 2680 Ἰουδαίων
2829 2627 3083 2696 μελέταις
3115 2627 3511 2698 ἐνεργουμένου
3559 2630 3619 2681 αί
3679 2629 3824 2690 ίστο-

2235 2717 2349 2790 ρίαι
2375 2717 2474 2789 τὴν
2507 2718 2730 2789 μνήμην
2759 2717 3041 2785 εἰσάγουσι
3071 2732 3086 2748 ο
3137 2715 3236 2785 τὴν
3288 2716 3386 2785 μὲν
3446 2717 3556 2786 πρὸ
3591 2716 3653 2783 ἒξ
3689 2719 3825 2787 ἡμε-

2237 2810 2344 2880 ρῶν
2367 2809 2460 2864 τοῦ
2496 2809 2707 2880 Πάσχα,
2739 2807 2838 2879 τὴν
2863 2807 2920 2861 δὲ
2945 2807 3052 2880 πρὸ
3081 2792 3174 2861 δύο
3202 2807 3296 2860 τοῦ
3321 2806 3529 2871 πάθους
3557 2824 3575 2840 ο
3609 2809 3706 2862 καὶ
3731 2807 3824 2879 τῆς

2235 2899 2336 2970 μὲν
2363 2899 2464 2970 τὴν
2499 2898 2698 2969 πρᾶξιν
2725 2899 2754 2951 ό
2783 2897 3144 2968 ὴγαπημένος
3188 2898 3284 2951 καὶ
3322 2897 3597 2967 παρθένος
3649 2899 3823 2969 μαθη·

2232 2991 2335 3060 τὴς
2371 2990 2700 3060 ἀναγράφει,
2744 2989 2868 3060 ἥτις
2919 2990 3014 3042 καὶ
3066 2989 3270 3060 ἀδελφὴ
3322 2989 3419 3044 τοῦ
3457 3007 3519 3043 τε
3566 2991 3820 3060 Λαζάρου

2234 3081 2448 3151 καὶτῆς
2484 3081 2717 3152 Μάρθας
2747 3080 3111 3152 ἐχρημάτιζε,
3155 3082 3250 3134 καὶ
3277 3080 3387 3134 τῶν
3433 3082 3822 3154 ἀγαπωμένων

2235 3174 2565 3244 ἐγνωρίζετο
2624 3173 2719 3229 τοῦ
2773 3174 2981 3243 Κυρίου
3029 3174 3205 3246 Ἰησοῦ
3259 3174 3520 3246 Χριστοῦ,
3573 3176 3672 3228 καὶ
3719 3173 3826 3227 τῶν

2237 3264 2692 3335 θαυμαζομένων,
2726 3267 2825 3318 ὅσα
2849 3283 2912 3334 γε
2938 3267 3030 3320 ἐπὶ
3060 3269 3126 3337 τῇ
3177 3266 3273 3319 τοῦ
3315 3267 3430 3337 βίου
3463 3268 3773 3338 σεμνότητι
3805 3283 3818 3297 ο

2235 3355 2356 3426 ἦτις
2406 3355 2501 3408 καὶ
2529 3355 2638 3426 πρὸ
2669 3355 2729 3419 ἐξ
2758 3355 2984 3427 ἡμερῶν
3006 3356 3099 3410 τοῦ
3129 3358 3320 3427 Πάσχα
3347 3358 3448 3430 τὴν
3489 3359 3645 3430 ἱερὰν
3679 3357 3824 3412 ὲκείο

2236 3463 2334 3517 νην
2378 3446 2787 3518 ίερουργήσασα
2842 3447 3088 3520 τελετὴν,
3139 3449 3231 3502 τὸν
3291 3446 3440 3503 οἷκον
3480 3451 3651 3521 αὐτῆς
3685 3448 3824 3520 ίερὸν

557 3550 656 3603 bas
699 3549 859 3603 tertia
906 3555 958 3601 et
1005 3547 1196 3602 ultima
1238 3564 1361 3616 qua:
1392 3556 1518 3602 ante
1550 3547 1689 3601 duos
1717 3547 1833 3603 dies
1863 3548 2131 3617 passionis

2241 3539 2548 3610 ἀνάκτορον
2571 3539 2948 3612 ἀπειργάσατο
2977 3555 2991 3571 ·
3019 3542 3111 3595 ἐπὶ
3141 3540 3367 3606 ταύταις
3395 3545 3427 3614 ἡ
3465 3542 3627 3614 τρίτη
3664 3543 3757 3595 καὶ
3791 3543 3821 3610 ὴ

556 3639 850 3693 Dominum
905 3638 1082 3701 unxit,
1144 3639 1210 3691 de
1277 3653 1384 3707 qua
1435 3637 1721 3693 Mattbteus
1785 3648 1839 3692 et
1913 3638 2130 3696 Marcus

557 3730 932 3785 narrationem
981 3729 1376 3785 ordinaverunt
1420 3729 1630 3799 :igitur
1675 3745 1858 3785 sermo
1881 3730 2001 3787 illas
2028 3740 2138 3789 tres

558 3822 755 3878 merito
777 3820 1104 3892 proclamat.

627 3992 699 4049 Et
735 4007 800 4047 ex
827 3991 933 4046 hac
961 3998 1115 4062 parte
1141 3990 1366 4060 insuper
1401 3986 1714 4046 considera.
1779 3989 1894 4046 Una
1916 3990 2137 4062 quidem

558 4085 880 4156 simpliciter
923 4083 1141 4139 malitias
1182 4083 1404 4139 nomine
1452 4087 1728 4153 peccatrix
1787 4092 2034 4150 vocatur,
2084 4091 2151 4139 et-

558 4177 612 4232 in
668 4178 831 4233 domo
878 4174 1172 4242 Pharisaai,
1231 4191 1340 4230 non
1389 4183 1570 4230 autem
1618 4175 1860 4232 Simonis
1913 4176 2137 4247 leprosi,

556 4268 748 4326 Jesum
775 4268 943 4335 videt,
992 4267 1087 4337 qui
1116 4265 1429 4322 convivium
1457 4267 1787 4323 eelebrantis
1819 4268 2140 4323 invitatione

559 4364 704 4414 arcte
733 4366 788 4413 et
833 4370 1035 4411 niensaa
1069 4355 1344 4425 particeps
1397 4355 1774 4411 accumbebat.
1835 4354 1957 4427 lpsa
2008 4366 2138 4412 ante

559 4455 899 4520 unguentum
977 4445 1206 4501 effundit
1282 4445 1582 4518 lacrymas;
1673 4457 1729 4503 et
1774 4449 1940 4519 pedes
2005 4448 2138 4505 Jesu

561 4543 754 4614 irrigat
807 4548 863 4595 et
909 4540 1125 4610 capillis
1170 4538 1365 4608 capitis
1422 4539 1606 4610 tergit,
1645 4548 1701 4597 et
1749 4541 1966 4596 amandi
1999 4543 2142 4612 capit

562 4632 820 4688 liduciam
867 4639 922 4685 et
967 4631 1091 4685 dein
1159 4629 1328 4684 libere
1381 4630 1489 4700 agit
1553 4637 1607 4684 et
1659 4641 1939 4701 unguento
1978 4632 2141 4701 pedes

561 4726 753 4796 ungit;
816 4738 927 4794 quo
973 4724 1140 4788 facto,
1208 4730 1386 4777 tacent
1449 4722 1670 4792 quidem
1730 4724 1824 4794 qui
1855 4724 2056 4780 adsunt
2087 4735 2144 4780 et

562 4831 724 4872 nemo
745 4815 952 4870 ‘ullam
1015 4814 1490 4884 exprobrationem
1543 4814 1884 4871 mulierculae
1943 4816 2134 4886 injicit.

561 4909 873 4965 Pbarisaeus
905 4916 1087 4963 autem
1115 4906 1268 4961 solus
1287 4915 1339 4961 et
1361 4916 1491 4962 tunc
1510 4905 1566 4961 in
1593 4922 1652 4962 se
1677 4922 1744 4963 eo
1769 4918 1892 4963 aetu
1914 4920 2142 4963 vexatus

2239 3629 2545 3696 τελευταία,
2582 3632 2615 3701 ἡ
2647 3629 2754 3699 πρὸ
2782 3629 2876 3684 δύο
2905 3632 3128 3704 ἡμερῶν
3175 3633 3450 3702 ἀλείψασα
3481 3632 3573 3685 τοῦ
3620 3633 3823 3694 πάθους

2238 3723 2329 3778 τὸν
2361 3722 2615 3793 Σωτῆρα,
2655 3721 2786 3796 περὶ
2811 3717 2879 3796 ἧς
2905 3724 3186 3787 Ματθαῖός
3234 3742 3295 3778 τε
3327 3726 3421 3778 καὶ
3454 3725 3686 3796 Μάρκος
3728 3724 3824 3794 τὴν

2237 3814 2491 3885 διήγησιν
2537 3813 2868 3879 ἀνετάξσντο
2902 3829 2917 3846 ο
2947 3814 3148 3869 οὐκοῦν
3188 3817 3216 3870 ὁ
3243 3816 3401 3886 λόγος
3442 3818 3688 3887 εὐλόγως
3731 3816 3818 3870 a0.-

2237 3905 2336 3970 τὰς
2363 3907 2512 3976 τρεῖς
2539 3903 2920 3976 ἀνακηρύττει.

2312 3998 2422 4050 Καὶ
2441 3999 2543 4060 ὅρα
2571 3998 2866 4052 κάντεῦθεν
2893 4016 2908 4033 ο
2957 3999 3055 4055 καὶ
3100 4002 3135 4072 ἡ
3195 4001 3296 4073 μὲν
3349 4001 3538 4068 ἁπλῶς
3597 4004 3680 4076 τῷ
3727 4001 3822 4071 τῆς

2240 4088 2441 4152 κακίας
2500 4089 2724 4160 ὀνόματι
2758 4129 2774 4157 ,
2836 4091 3159 4162 ἁμαρτωλὸς
3228 4094 3588 4164 ὀνομάζεται,
3627 4097 3720 4149 καὶ
3747 4094 3822 4154 εις

2238 4181 2339 4252 τὴν
2407 4181 2586 4236 οίκίαν
2632 4181 2725 4235 τοῦ
2776 4183 3111 4255 Φαρισαίου,
3161 4185 3284 4256 οὐχὶ
3332 4186 3390 4240 δὲ
3435 4187 3530 4240 τοῦ
3584 4188 3823 4260 Σίμωνος

2240 4273 2337 4328 τοῦ
2409 4275 2653 4347 λεπροῦ,
2727 4277 2820 4330 τὸν
2887 4278 3093 4349 Ἰησοῦν
3145 4279 3289 4350 δρᾷ,
3346 4283 3411 4351 τῇ
3481 4282 3822 4353 παρακλήσει

2238 4366 2334 4420 τοῦ
2419 4367 2708 4431 ἐστιῶντος
2771 4367 2917 4423 ἀλῶν
2995 4370 3090 4424 καὶ
3155 4371 3437 4442 τραπέζης
3497 4372 3819 4440 κοινωνῆσαι

2241 4459 2708 4529 κατακεκλιμένον
2753 4474 2768 4490 ³
2841 4458 2979 4532 αῦτη
3035 4461 3130 4515 καὶ
3198 4461 3293 4515 τοῦ
3359 4461 3531 4535 μύρου
3607 4464 3820 4536 προχέει

2241 4551 2309 4604 τά
2371 4551 2606 4622 δάκρυα,
2674 4553 2770 4606 καὶ
2825 4554 2955 4618 τοὺς
3013 4554 3183 4620 πόδας
3237 4555 3424 4626 βρέχει
3473 4555 3566 4610 τοῦ
3631 4553 3816 4626 Ἰησοῦ,

2242 4641 2335 4696 καὶ
2369 4645 2486 4706 ταῖς
2510 4643 2656 4715 θριξὶ
2675 4644 2779 4713 τῆς
2815 4646 3056 4717 κεφαλῆς
3112 4648 3401 4718 ἐκμάσσει,
3462 4649 3558 4701 καὶ
3593 4663 3821 4714 καταφι·

2241 4734 2352 4788 λεῖν
2381 4735 2648 4806 λαμϐάνει
2673 4735 2894 4808 θάρσος,
2937 4739 3190 4794 κάκεῖθεν
3221 4741 3682 4813 παρρησιάζεται,
3733 4738 3819 4792 καὶ

2241 4829 2322 4900 τῷ
2356 4829 2514 4901 μύρῳ
2551 4830 2677 4894 τοὺς
2734 4832 2904 4895 πόδας
2978 4833 3233 4902 ἀλείφει·
3286 4835 3381 4886 καὶ
3433 4835 3680 4887 σιωπῶσι
3727 4831 3818 4900 μὲν

2243 4921 2336 4976 ἐπὶ
2356 4925 2422 4994 τῇ
2454 4923 2653 4992 πράξει
2685 4924 2887 4989 πάντες
2917 4925 2967 4977 οἱ
2997 4926 3286 4996 παρόντες,
3336 4928 3428 4980 διαὶ
3453 4927 3629 4991 οὐδεὶς
3681 4925 3818 4979 οὐδε·

562 4999 782 5068 agnitus
813 5005 920 5055 est.
951 4996 1136 5066 lnquit
1159 4997 1304 5053 enim
1341 5014 1355 5050 :
1405 5013 1425 5048 ι
1449 4995 1549 5052 llic
1577 4997 1624 5052 si
1668 4997 1931 5068 propheta
1974 5007 2131 5063 esset1

2251 5013 2380 5084 μίαν
2410 5015 2728 5086 ἐπιτίμησιν
2756 5017 2953 5084 ἐπάγει
3008 5017 3086 5088 τῷ
3116 5019 3342 5089 γυναίῳ·
3366 5021 3394 5071 ό
3430 5019 3488 5071 δὲ
3537 5017 3818 5091 Φαρισαῖος

559 5092 725 5148 sciret
781 5091 969 5162 utique
1032 5103 1284 5160 quzenam
1343 5098 1398 5144 et
1449 5089 1626 5161 qualis
1664 5089 1737 5143 sit
1777 5089 1972 5144 mulier
2018 5106 2140 5159 quae

559 5201 684 5241 eum
716 5187 908 5254 tangit,
955 5190 1010 5236 et
1048 5197 1168 5236 eam
1229 5183 1586 5251 peccatricem
1624 5183 1830 5257 essef”.
1855 5200 1874 5234 ι
1941 5183 2140 5237 Deinde

559 5277 721 5333 Jesus
741 5276 891 5330 illum
915 5275 1151 5346 propriis
1179 5275 1359 5329 verbis
1384 5285 1600 5330 coercet
1631 5290 1805 5344 osque
1825 5274 1874 5328 ei
1913 5275 2138 5341 claudit,

561 5365 809 5419 mulieris
844 5373 1024 5418 autem
1083 5371 1265 5418 aetum
1317 5363 1532 5418 extollit
1588 5371 1642 5416 et
1692 5364 2141 5421 convenientibus

561 5456 752 5526 elogiis
790 5465 1104 5519 veneratur,
1157 5461 1212 5507 et
1265 5452 1571 5508 mercedem
1611 5459 1768 5506 actus
1803 5451 1852 5505 ei
1881 5467 2139 5521 magnum

563 5563 766 5602 munus
789 5547 986 5610 reddit,
1021 5553 1369 5616 peccatorum
1413 5543 1828 5611 remissionem;
1874 5554 1928 5600 et
1967 5559 2144 5614 neque

566 5639 666 5694 hoc
699 5639 775 5693 illi
803 5639 1033 5704 sullieit,
1076 5637 1169 5692 sed
1199 5647 1253 5692 ct
1293 5639 1521 5692 salutem
1567 5638 1619 5691 in
1647 5635 1767 5705 ejus
1816 5639 2142 5694 sententiam

608 5821 649 5852 “’
675 5819 868 5874 Matth.
899 5835 1034 5884 xvu,
1065 5819 1090 5873 l
1127 5836 1280 5892 seqq.
1319 5821 1362 5852 ⁸⁸
1387 5819 1646 5886 Luc.vn,
1681 5820 1776 5876 59.

2252 5107 2412 5176 μόνος
2429 5107 2523 5159 καὶ
2549 5106 2672 5159 τότε
2690 5109 2747 5160 ἐν
2765 5106 2943 5178 ἑαυτῴ
2964 5112 3028 5180 τῇ
3052 5109 3247 5180 πράξει
3270 5111 3638 5182 δυσχεραίνων
3659 5105 3815 5178 ἐγνώ-

2251 5199 2350 5268 σθη
2385 5215 2399 5230 ⁸
2438 5202 2571 5270 φησὶ
2602 5200 2710 5271 γάρ
2742 5217 2756 5230 ⁶
2794 5219 2812 5252 ⁶
2855 5198 3021 5265 οὗτος
3046 5205 3093 5254 εἰ
3125 5199 3191 5272 ἦν
3217 5205 3502 5274 προφήτης
3534 5204 3816 5270 ἐγίνωσκεν

2251 5290 2319 5344 ἂν
2350 5291 2432 5354 τίς
2453 5292 2547 5343 καὶ
2592 5295 2809 5363 ποταπὴ
2839 5294 2872 5362 ἡ
2899 5293 3035 5365 γυνὴ
3070 5294 3194 5365 ἥτις
3245 5295 3479 5349 ἅπτεται
3528 5293 3711 5357 αὑτοῦ,
3741 5290 3814 5342 ὃτι

2250 5387 2579 5456 ἁμαρτωλός
2631 5388 2778 5439 ἐστιν
2805 5405 2816 5415 '
2858 5406 2876 5439 ι
2913 5384 3030 5440 εἶτα
3072 5391 3100 5440 ὁ
3134 5389 3339 5459 Ἰησοῦς
3369 5391 3574 5441 ἐκεῖνον
3605 5389 3700 5458 μὲν
3757 5382 3814 5432 ἐκ
3866 5407 3876 5414 ·

2250 5477 2361 5528 τῶν
2381 5477 2600 5531 οἰκείων
2658 5477 2831 5546 λόγων
2882 5481 3202 5550 συμποδίζει
3231 5499 3288 5534 τε
3343 5483 3436 5535 καὶ
3463 5477 3809 5550 ἐπιστομίζειι

2251 5572 2350 5639 τῆς
2403 5571 2460 5625 δὲ
2519 5573 2781 5638 γυναικὸς
2805 5573 2904 5644 τὴν
2953 5574 3154 5645 πρᾶξιν
3205 5576 3423 5646 ἐπαίρει
3461 5592 3537 5640 τε,
3587 5576 3680 5626 καὶ
3713 5569 3810 5626 τοῖς

2254 5662 2560 5734 πρέπουσιν
2589 5665 2887 5736 ἐγκωμίοις
2916 5667 3304 5740 ἀποσεμνύνει,
3335 5667 3428 5724 καὶ
3463 5666 3654 5739 μισθὸν
3686 5657 3811 5728 αὑτῇ
