  <div class='ocr_page' id='page_1' title='image "/cluster/home/n/w/nwhite01/storage/ocr_20150623/101:no.1/coo.31924054870054/204.png"; bbox 0 0 4144 6436; ppageno 0'>
   <div class='ocr_carea' id='block_1_1' title="bbox 473 340 576 406">
    <p class='ocr_par' dir='ltr' id='par_1_1' title="bbox 473 340 576 406">
     <span class='ocr_line' id='line_1_1' title="bbox 473 340 576 406; baseline 0.019 -2"><span class='ocrx_word' id='word_1_1' title='bbox 473 340 576 406; x_wconf 83' lang='grc'><strong>861</strong></span> 
     </span>
    </p>
   </div>
   <div class='ocr_carea' id='block_1_2' title="bbox 474 547 2082 628">
    <p class='ocr_par' dir='ltr' id='par_1_2' title="bbox 474 547 2082 628">
     <span class='ocr_line' id='line_1_2' title="bbox 474 547 2082 628; baseline 0.012 -32"><span class='ocrx_word' id='word_1_2' title='bbox 474 547 743 615; x_wconf 68' lang='grc' dir='ltr'>’πημάτων</span> <span class='ocrx_word' id='word_1_3' title='bbox 774 551 876 622; x_wconf 80' lang='grc' dir='ltr'>τὴν</span> <span class='ocrx_word' id='word_1_4' title='bbox 910 551 1107 620; x_wconf 81' lang='grc' dir='ltr'>ἄφεσιν</span> <span class='ocrx_word' id='word_1_5' title='bbox 1137 567 1152 582; x_wconf 86' lang='grc'>⁶</span> <span class='ocrx_word' id='word_1_6' title='bbox 1199 553 1296 606; x_wconf 73' lang='grc' dir='ltr'><strong>καὶ</strong></span> <span class='ocrx_word' id='word_1_7' title='bbox 1320 553 1443 608; x_wconf 79' lang='grc' dir='ltr'>οὐδὲ</span> <span class='ocrx_word' id='word_1_8' title='bbox 1480 556 1644 628; x_wconf 85' lang='grc' dir='ltr'>μέχρι</span> <span class='ocrx_word' id='word_1_9' title='bbox 1698 559 1891 614; x_wconf 83' lang='grc' dir='ltr'>τούτου</span> <span class='ocrx_word' id='word_1_10' title='bbox 1927 560 2082 614; x_wconf 76' lang='grc' dir='ltr'>ἵστα-</span> 
     </span>
    </p>
   </div>
   <div class='ocr_carea' id='block_1_3' title="bbox 476 640 2081 722">
    <p class='ocr_par' dir='ltr' id='par_1_3' title="bbox 476 640 2081 722">
     <span class='ocr_line' id='line_1_3' title="bbox 476 640 2081 722; baseline 0.012 -33"><span class='ocrx_word' id='word_1_11' title='bbox 476 653 595 704; x_wconf 87' lang='grc' dir='ltr'>ται,</span> <span class='ocrx_word' id='word_1_12' title='bbox 631 640 768 696; x_wconf 81' lang='grc' dir='ltr'>ἀλλὰ</span> <span class='ocrx_word' id='word_1_13' title='bbox 825 642 925 696; x_wconf 78' lang='grc' dir='ltr'>καὶ</span> <span class='ocrx_word' id='word_1_14' title='bbox 987 643 1089 715; x_wconf 82' lang='grc' dir='ltr'>τὴν</span> <span class='ocrx_word' id='word_1_15' title='bbox 1166 644 1270 715; x_wconf 83' lang='grc' dir='ltr'>τῆς</span> <span class='ocrx_word' id='word_1_16' title='bbox 1331 648 1594 715; x_wconf 86' lang='grc' dir='ltr'>γυναικὸς</span> <span class='ocrx_word' id='word_1_17' title='bbox 1653 652 1934 722; x_wconf 88' lang='grc' dir='ltr'>σωτηρίαν</span> <span class='ocrx_word' id='word_1_18' title='bbox 1998 656 2081 718; x_wconf 88' lang='grc' dir='ltr'><strong>είς</strong></span> 
     </span>
    </p>
   </div>
   <div class='ocr_carea' id='block_1_4' title="bbox 1405 352 2814 431">
    <p class='ocr_par' dir='ltr' id='par_1_4' title="bbox 1405 352 2814 431">
     <span class='ocr_line' id='line_1_4' title="bbox 1405 352 2814 431; baseline 0.008 -19"><span class='ocrx_word' id='word_1_19' title='bbox 1405 352 1506 413; x_wconf 82' lang='lat' dir='ltr'><strong>AD</strong></span> <span class='ocrx_word' id='word_1_20' title='bbox 1535 353 2132 419; x_wconf 84' lang='lat' dir='ltr'><strong>AMPHILOCHIUM</strong></span> <span class='ocrx_word' id='word_1_21' title='bbox 2167 357 2514 431; x_wconf 66' lang='lat' dir='ltr'><strong>QUxESTIO</strong></span> <span class='ocrx_word' id='word_1_22' title='bbox 2543 353 2814 423; x_wconf 51' lang='lat' dir='ltr'><strong>XLVIII}.</strong></span> 
     </span>
    </p>
   </div>
   <div class='ocr_carea' id='block_1_5' title="bbox 473 449 2076 543">
    <p class='ocr_par' dir='ltr' id='par_1_5' title="bbox 473 454 2071 540">
     <span class='ocr_line' id='line_1_5' title="bbox 473 454 2071 540; baseline 0.011 -34"><span class='ocrx_word' id='word_1_23' title='bbox 473 455 576 524; x_wconf 79' lang='grc' dir='ltr'>τῆς</span> <span class='ocrx_word' id='word_1_24' title='bbox 605 454 862 524; x_wconf 82' lang='grc' dir='ltr'>πράξεως</span> <span class='ocrx_word' id='word_1_25' title='bbox 894 457 1238 516; x_wconf 80' lang='grc' dir='ltr'>ἀντιδίδωσιν</span> <span class='ocrx_word' id='word_1_26' title='bbox 1265 460 1325 516; x_wconf 86' lang='grc' dir='ltr'>τὸ</span> <span class='ocrx_word' id='word_1_27' title='bbox 1350 463 1495 532; x_wconf 82' lang='grc' dir='ltr'>μέγα</span> <span class='ocrx_word' id='word_1_28' title='bbox 1527 465 1722 537; x_wconf 86' lang='grc' dir='ltr'>δῶρον,</span> <span class='ocrx_word' id='word_1_29' title='bbox 1745 467 1855 521; x_wconf 84' lang='grc' dir='ltr'><strong>τῶν</strong></span> <span class='ocrx_word' id='word_1_30' title='bbox 1887 469 2071 540; x_wconf 87' lang='grc' dir='ltr'>ἀμαρ-</span> 
     </span>
    </p>
   </div>
   <div class='ocr_carea' id='block_1_6' title="bbox 2181 449 3767 543">
    <p class='ocr_par' dir='ltr' id='par_1_6' title="bbox 2181 449 3767 543">
     <span class='ocr_line' id='line_1_6' title="bbox 2181 449 3767 543; baseline 0.001 -18"><span class='ocrx_word' id='word_1_31' title='bbox 2181 470 2444 526; x_wconf 90' lang='lat' dir='ltr'><strong>adducit:</strong></span> <span class='ocrx_word' id='word_1_32' title='bbox 2514 487 2534 522; x_wconf 80' lang='grc' dir='ltr'><strong>ι</strong></span> <span class='ocrx_word' id='word_1_33' title='bbox 2561 470 2720 526; x_wconf 84' lang='lat' dir='ltr'><strong>Fides</strong></span> <span class='ocrx_word' id='word_1_34' title='bbox 2769 480 2886 539; x_wconf 90' lang='lat' dir='ltr'><strong>tua,</strong></span> <span class='ocrx_word' id='word_1_35' title='bbox 2939 470 3141 543; x_wconf 93' lang='lat' dir='ltr'><strong>inquit,</strong></span> <span class='ocrx_word' id='word_1_36' title='bbox 3189 482 3240 530; x_wconf 88' lang='lat' dir='ltr'><strong>te</strong></span> <span class='ocrx_word' id='word_1_37' title='bbox 3271 473 3480 529; x_wconf 89' lang='lat' dir='ltr'><strong>salvam</strong></span> <span class='ocrx_word' id='word_1_38' title='bbox 3525 449 3767 529; x_wconf 67' lang='lat' dir='ltr'><strong>fecit&quot;.o</strong></span> 
     </span>
    </p>
   </div>
   <div class='ocr_carea' id='block_1_7' title="bbox 3665 359 3774 427">
    <p class='ocr_par' dir='ltr' id='par_1_7' title="bbox 3665 359 3774 427">
     <span class='ocr_line' id='line_1_7' title="bbox 3665 359 3774 427; baseline -0.037 -1"><span class='ocrx_word' id='word_1_39' title='bbox 3665 359 3774 427; x_wconf 79' lang='lat'><strong>362</strong></span> 
     </span>
    </p>
   </div>
   <div class='ocr_carea' id='block_1_8' title="bbox 2191 564 3774 636">
    <p class='ocr_par' dir='ltr' id='par_1_8' title="bbox 2191 564 3774 636">
     <span class='ocr_line' id='line_1_8' title="bbox 2191 564 3774 636; baseline 0.003 -18"><span class='ocrx_word' id='word_1_40' title='bbox 2191 564 2266 619; x_wconf 86' lang='lat' dir='ltr'><strong>Ea</strong></span> <span class='ocrx_word' id='word_1_41' title='bbox 2337 565 2505 636; x_wconf 89' lang='lat' dir='ltr'><strong>igitur</strong></span> <span class='ocrx_word' id='word_1_42' title='bbox 2571 579 2697 633; x_wconf 69' lang='lat' dir='ltr'><strong>qua:</strong></span> <span class='ocrx_word' id='word_1_43' title='bbox 2757 565 2901 634; x_wconf 88' lang='lat' dir='ltr'><strong>apud</strong></span> <span class='ocrx_word' id='word_1_44' title='bbox 2967 565 3170 621; x_wconf 83' lang='lat' dir='ltr'><strong>Lucam</strong></span> <span class='ocrx_word' id='word_1_45' title='bbox 3240 567 3518 624; x_wconf 75' lang='lat' dir='ltr'><strong>invenitur</strong></span> <span class='ocrx_word' id='word_1_46' title='bbox 3571 566 3774 623; x_wconf 79' lang='lat' dir='ltr'><strong>talibus</strong></span> 
     </span>
    </p>
   </div>
   <div class='ocr_carea' id='block_1_9' title="bbox 2185 652 3146 712">
    <p class='ocr_par' dir='ltr' id='par_1_9' title="bbox 2185 652 3146 712">
     <span class='ocr_line' id='line_1_9' title="bbox 2185 652 3146 712; baseline 0.003 -3"><span class='ocrx_word' id='word_1_47' title='bbox 2185 652 2510 711; x_wconf 75' lang='lat' dir='ltr'><strong>differentiis</strong></span> <span class='ocrx_word' id='word_1_48' title='bbox 2536 655 2606 710; x_wconf 89' lang='lat' dir='ltr'><strong>ab</strong></span> <span class='ocrx_word' id='word_1_49' title='bbox 2640 655 2764 710; x_wconf 87' lang='lat' dir='ltr'><strong>aliis</strong></span> <span class='ocrx_word' id='word_1_50' title='bbox 2795 655 3146 712; x_wconf 85' lang='lat' dir='ltr'><strong>discernitur.</strong></span> 
     </span>
    </p>
   </div>
   <div class='ocr_carea' id='block_1_10' title="bbox 481 732 3774 823">
    <p class='ocr_par' dir='ltr' id='par_1_10' title="bbox 481 732 3774 823">
     <span class='ocr_line' id='line_1_10' title="bbox 481 732 3774 823; baseline 0.006 -39"><span class='ocrx_word' id='word_1_51' title='bbox 481 732 584 803; x_wconf 80' lang='grc' dir='ltr'><strong>τὴν</strong></span> <span class='ocrx_word' id='word_1_52' title='bbox 613 733 785 804; x_wconf 79' lang='grc' dir='ltr'>αὐτῆς</span> <span class='ocrx_word' id='word_1_53' title='bbox 814 735 1006 804; x_wconf 79' lang='grc' dir='ltr'><strong>ἀνάγει</strong></span> <span class='ocrx_word' id='word_1_54' title='bbox 1033 735 1288 808; x_wconf 81' lang='grc' dir='ltr'><strong>γνώμην,</strong></span> <span class='ocrx_word' id='word_1_55' title='bbox 1326 757 1345 790; x_wconf 80' lang='grc' dir='ltr'><strong>ι</strong></span> <span class='ocrx_word' id='word_1_56' title='bbox 1372 739 1441 793; x_wconf 87' lang='grc' dir='ltr'><strong>Ἦ</strong></span> <span class='ocrx_word' id='word_1_57' title='bbox 1467 740 1648 806; x_wconf 79' lang='grc' dir='ltr'><strong>πίστις</strong></span> <span class='ocrx_word' id='word_1_58' title='bbox 1680 760 1772 797; x_wconf 81' lang='grc' dir='ltr'><strong>σου</strong></span> <span class='ocrx_word' id='word_1_59' title='bbox 1799 745 1928 816; x_wconf 78' lang='grc' dir='ltr'>γὰρ,</span> <span class='ocrx_word' id='word_1_60' title='bbox 1962 746 2119 817; x_wconf 80' lang='grc' dir='ltr'>φησὶ,</span> <span class='ocrx_word' id='word_1_61' title='bbox 2163 746 2384 801; x_wconf 86' lang='grc' dir='ltr'>σέσωκέ</span> <span class='ocrx_word' id='word_1_62' title='bbox 2414 765 2495 803; x_wconf 90' lang='grc' dir='ltr'><strong>σε.</strong></span> <span class='ocrx_word' id='word_1_63' title='bbox 2528 765 2547 799; x_wconf 75' lang='grc' dir='ltr'><strong>ι</strong></span> <span class='ocrx_word' id='word_1_64' title='bbox 2592 745 2744 818; x_wconf 77' lang='grc' dir='ltr'>Αὕτη</span> <span class='ocrx_word' id='word_1_65' title='bbox 2774 747 2872 819; x_wconf 80' lang='grc' dir='ltr'><strong>μὲν</strong></span> <span class='ocrx_word' id='word_1_66' title='bbox 2913 744 3008 803; x_wconf 80' lang='grc' dir='ltr'><strong>οὖν</strong></span> <span class='ocrx_word' id='word_1_67' title='bbox 3045 750 3080 820; x_wconf 77' lang='grc' dir='ltr'><strong>ἡ</strong></span> <span class='ocrx_word' id='word_1_68' title='bbox 3105 751 3256 822; x_wconf 81' lang='grc' dir='ltr'><strong>παρά</strong></span> <span class='ocrx_word' id='word_1_69' title='bbox 3301 751 3380 823; x_wconf 86' lang='grc' dir='ltr'>τῷ</span> <span class='ocrx_word' id='word_1_70' title='bbox 3431 751 3620 823; x_wconf 80' lang='grc' dir='ltr'>Δουκᾷ</span> <span class='ocrx_word' id='word_1_71' title='bbox 3677 751 3774 806; x_wconf 71' lang='grc' dir='ltr'><strong>καὶ</strong></span> 
     </span>
    </p>
   </div>
   <div class='ocr_carea' id='block_1_11' title="bbox 481 827 980 899">
    <p class='ocr_par' dir='ltr' id='par_1_11' title="bbox 481 827 980 899">
     <span class='ocr_line' id='line_1_11' title="bbox 481 827 980 899; baseline 0 -18"><span class='ocrx_word' id='word_1_72' title='bbox 481 827 776 890; x_wconf 72' lang='grc' dir='ltr'><strong>τοσαύταις</strong></span> <span class='ocrx_word' id='word_1_73' title='bbox 847 829 980 899; x_wconf 78' lang='grc' dir='ltr'>πρὸς</span> 
     </span>
    </p>
   </div>
   <div class='ocr_carea' id='block_1_12' title="bbox 580 923 2076 1008">
    <p class='ocr_par' dir='ltr' id='par_1_12' title="bbox 580 923 2076 1008">
     <span class='ocr_line' id='line_1_12' title="bbox 580 923 2076 1008; baseline 0.011 -33"><span class='ocrx_word' id='word_1_74' title='bbox 580 923 645 976; x_wconf 87' lang='grc' dir='ltr'>Ἢ</span> <span class='ocrx_word' id='word_1_75' title='bbox 698 923 756 977; x_wconf 79' lang='grc' dir='ltr'>δὲ</span> <span class='ocrx_word' id='word_1_76' title='bbox 827 925 980 996; x_wconf 86' lang='grc' dir='ltr'><strong>παρά</strong></span> <span class='ocrx_word' id='word_1_77' title='bbox 1043 928 1123 1000; x_wconf 79' lang='grc' dir='ltr'>τῷ</span> <span class='ocrx_word' id='word_1_78' title='bbox 1177 929 1524 1002; x_wconf 76' lang='grc' dir='ltr'><strong>ἠγαπημένῳ</strong></span> <span class='ocrx_word' id='word_1_79' title='bbox 1573 933 1786 1006; x_wconf 85' lang='grc' dir='ltr'>μαθητῇ</span> <span class='ocrx_word' id='word_1_80' title='bbox 1836 937 2076 1008; x_wconf 77' lang='grc' dir='ltr'>ἐμφανε-</span> 
     </span>
    </p>
   </div>
   <div class='ocr_carea' id='block_1_13' title="bbox 489 1013 2076 1095">
    <p class='ocr_par' dir='ltr' id='par_1_13' title="bbox 489 1013 2076 1095">
     <span class='ocr_line' id='line_1_13' title="bbox 489 1013 2076 1095; baseline 0.01 -31"><span class='ocrx_word' id='word_1_81' title='bbox 489 1013 688 1084; x_wconf 81' lang='grc' dir='ltr'>στάτην</span> <span class='ocrx_word' id='word_1_82' title='bbox 741 1013 841 1084; x_wconf 81' lang='grc' dir='ltr'>μὲν</span> <span class='ocrx_word' id='word_1_83' title='bbox 905 1017 1019 1086; x_wconf 75' lang='grc' dir='ltr'>ἔχει</span> <span class='ocrx_word' id='word_1_84' title='bbox 1080 1018 1180 1090; x_wconf 83' lang='grc' dir='ltr'><strong>τὴν</strong></span> <span class='ocrx_word' id='word_1_85' title='bbox 1235 1021 1524 1092; x_wconf 75' lang='grc' dir='ltr'>διαφορὰν,</span> <span class='ocrx_word' id='word_1_86' title='bbox 1576 1023 1659 1077; x_wconf 81' lang='grc' dir='ltr'>ὅτι</span> <span class='ocrx_word' id='word_1_87' title='bbox 1727 1026 1825 1078; x_wconf 72' lang='grc' dir='ltr'>καὶ</span> <span class='ocrx_word' id='word_1_88' title='bbox 1887 1026 2076 1095; x_wconf 78' lang='grc' dir='ltr'><strong>γένους</strong></span> 
     </span>
    </p>
   </div>
   <div class='ocr_carea' id='block_1_14' title="bbox 484 1103 2077 1188">
    <p class='ocr_par' dir='ltr' id='par_1_14' title="bbox 484 1103 2077 1188">
     <span class='ocr_line' id='line_1_14' title="bbox 484 1103 2077 1188; baseline 0.011 -34"><span class='ocrx_word' id='word_1_89' title='bbox 484 1103 738 1176; x_wconf 82' lang='grc' dir='ltr'>λαμπροῦ</span> <span class='ocrx_word' id='word_1_90' title='bbox 795 1107 892 1160; x_wconf 77' lang='grc' dir='ltr'><strong>καὶ</strong></span> <span class='ocrx_word' id='word_1_91' title='bbox 951 1108 1129 1173; x_wconf 81' lang='grc' dir='ltr'>οἰκίας</span> <span class='ocrx_word' id='word_1_92' title='bbox 1175 1109 1451 1182; x_wconf 76' lang='grc' dir='ltr'><strong>ἐπισήμου</strong></span> <span class='ocrx_word' id='word_1_93' title='bbox 1511 1113 1607 1168; x_wconf 70' lang='grc' dir='ltr'><strong>καὶ</strong></span> <span class='ocrx_word' id='word_1_94' title='bbox 1658 1113 2077 1188; x_wconf 85' lang='grc' dir='ltr'>θαυμαζομένου</span> 
     </span>
    </p>
   </div>
   <div class='ocr_carea' id='block_1_15' title="bbox 482 1193 2078 1276">
    <p class='ocr_par' dir='ltr' id='par_1_15' title="bbox 482 1193 2078 1276">
     <span class='ocr_line' id='line_1_15' title="bbox 482 1193 2078 1276; baseline 0.013 -33"><span class='ocrx_word' id='word_1_95' title='bbox 482 1193 623 1262; x_wconf 82' lang='grc' dir='ltr'>βίου,</span> <span class='ocrx_word' id='word_1_96' title='bbox 656 1195 752 1249; x_wconf 79' lang='grc' dir='ltr'>καὶ</span> <span class='ocrx_word' id='word_1_97' title='bbox 804 1196 898 1251; x_wconf 80' lang='grc' dir='ltr'><strong>τὸν</strong></span> <span class='ocrx_word' id='word_1_98' title='bbox 955 1199 1189 1269; x_wconf 69' lang='grc' dir='ltr'>ἀδελφὸν</span> <span class='ocrx_word' id='word_1_99' title='bbox 1254 1201 1532 1256; x_wconf 88' lang='grc' dir='ltr'>ἀπέλαϐεν</span> <span class='ocrx_word' id='word_1_100' title='bbox 1573 1204 1701 1276; x_wconf 83' lang='grc' dir='ltr'><strong>ἄρτι</strong></span> <span class='ocrx_word' id='word_1_101' title='bbox 1753 1207 1864 1261; x_wconf 82' lang='grc' dir='ltr'><strong>τῶν</strong></span> <span class='ocrx_word' id='word_1_102' title='bbox 1894 1208 2078 1262; x_wconf 84' lang='grc' dir='ltr'>πυλῶν</span> 
     </span>
    </p>
   </div>
   <div class='ocr_carea' id='block_1_16' title="bbox 478 1284 2078 1370">
    <p class='ocr_par' dir='ltr' id='par_1_16' title="bbox 478 1284 2078 1370">
     <span class='ocr_line' id='line_1_16' title="bbox 478 1284 2078 1370; baseline 0.011 -33"><span class='ocrx_word' id='word_1_103' title='bbox 478 1284 847 1342; x_wconf 80' lang='grc' dir='ltr'>ἀναδεδυκότα</span> <span class='ocrx_word' id='word_1_104' title='bbox 899 1289 992 1344; x_wconf 85' lang='grc' dir='ltr'><strong>τοῦ</strong></span> <span class='ocrx_word' id='word_1_105' title='bbox 1026 1291 1154 1363; x_wconf 74' lang='grc' dir='ltr'>ᾅδου</span> <span class='ocrx_word' id='word_1_106' title='bbox 1181 1309 1195 1322; x_wconf 74' lang='grc'><strong><em>⁸</em></strong></span> <span class='ocrx_word' id='word_1_107' title='bbox 1241 1292 1317 1358; x_wconf 86' lang='grc' dir='ltr'><strong>ὡς</strong></span> <span class='ocrx_word' id='word_1_108' title='bbox 1361 1296 1458 1348; x_wconf 72' lang='grc' dir='ltr'>καὶ</span> <span class='ocrx_word' id='word_1_109' title='bbox 1497 1298 1844 1352; x_wconf 80' lang='grc' dir='ltr'>συνανέκειτο</span> <span class='ocrx_word' id='word_1_110' title='bbox 1886 1299 1944 1353; x_wconf 81' lang='grc' dir='ltr'>ὲν</span> <span class='ocrx_word' id='word_1_111' title='bbox 1999 1299 2078 1370; x_wconf 84' lang='grc' dir='ltr'>τῷ</span> 
     </span>
    </p>
   </div>
   <div class='ocr_carea' id='block_1_17' title="bbox 475 1375 2076 1461">
    <p class='ocr_par' dir='ltr' id='par_1_17' title="bbox 475 1375 2076 1461">
     <span class='ocr_line' id='line_1_17' title="bbox 475 1375 2076 1461; baseline 0.012 -32"><span class='ocrx_word' id='word_1_112' title='bbox 475 1375 681 1450; x_wconf 78' lang='grc' dir='ltr'>δείπνῳ</span> <span class='ocrx_word' id='word_1_113' title='bbox 726 1380 823 1434; x_wconf 88' lang='grc' dir='ltr'><strong>τοῦ</strong></span> <span class='ocrx_word' id='word_1_114' title='bbox 887 1381 1088 1453; x_wconf 87' lang='grc' dir='ltr'>Ἰησοῦ,</span> <span class='ocrx_word' id='word_1_115' title='bbox 1142 1384 1245 1456; x_wconf 85' lang='grc' dir='ltr'>τῆς</span> <span class='ocrx_word' id='word_1_116' title='bbox 1298 1386 1521 1457; x_wconf 74' lang='grc' dir='ltr'>Μαρίας</span> <span class='ocrx_word' id='word_1_117' title='bbox 1571 1389 1744 1461; x_wconf 81' lang='grc' dir='ltr'>αὐτῆς</span> <span class='ocrx_word' id='word_1_118' title='bbox 1793 1391 2076 1447; x_wconf 87' lang='grc' dir='ltr'>διακονού-</span> 
     </span>
    </p>
   </div>
   <div class='ocr_carea' id='block_1_18' title="bbox 480 1469 2074 1555">
    <p class='ocr_par' dir='ltr' id='par_1_18' title="bbox 480 1469 2074 1555">
     <span class='ocr_line' id='line_1_18' title="bbox 480 1469 2074 1555; baseline 0.013 -36"><span class='ocrx_word' id='word_1_119' title='bbox 480 1485 606 1535; x_wconf 89' lang='grc' dir='ltr'>σης,</span> <span class='ocrx_word' id='word_1_120' title='bbox 651 1469 816 1540; x_wconf 81' lang='grc' dir='ltr'>ἡνίκα</span> <span class='ocrx_word' id='word_1_121' title='bbox 845 1471 942 1526; x_wconf 76' lang='grc' dir='ltr'><strong>καὶ</strong></span> <span class='ocrx_word' id='word_1_122' title='bbox 976 1476 1246 1545; x_wconf 81' lang='grc' dir='ltr'>προσάγει</span> <span class='ocrx_word' id='word_1_123' title='bbox 1300 1477 1363 1532; x_wconf 80' lang='grc' dir='ltr'><strong>τὸ</strong></span> <span class='ocrx_word' id='word_1_124' title='bbox 1419 1478 1610 1550; x_wconf 88' lang='grc' dir='ltr'>μῦρον,</span> <span class='ocrx_word' id='word_1_125' title='bbox 1671 1481 1768 1535; x_wconf 78' lang='grc' dir='ltr'><strong>καὶ</strong></span> <span class='ocrx_word' id='word_1_126' title='bbox 1805 1483 2074 1555; x_wconf 82' lang='grc' dir='ltr'>ὲκμάσσει</span> 
     </span>
    </p>
   </div>
   <div class='ocr_carea' id='block_1_19' title="bbox 1062 832 2192 912">
    <p class='ocr_par' dir='ltr' id='par_1_19' title="bbox 1062 832 2192 912">
     <span class='ocr_line' id='line_1_19' title="bbox 1062 832 2192 912; baseline 0.012 -28"><span class='ocrx_word' id='word_1_127' title='bbox 1062 835 1182 897; x_wconf 85' lang='grc' dir='ltr'>ταῖς</span> <span class='ocrx_word' id='word_1_128' title='bbox 1258 832 1446 900; x_wconf 83' lang='grc' dir='ltr'>ἄλλαις</span> <span class='ocrx_word' id='word_1_129' title='bbox 1501 836 1825 909; x_wconf 76' lang='grc' dir='ltr'><strong>ἀφορίζεται</strong></span> <span class='ocrx_word' id='word_1_130' title='bbox 1887 840 2192 912; x_wconf 77' lang='grc' dir='ltr'><strong>διαφοραῖς.</strong></span> 
     </span>
    </p>
   </div>
   <div class='ocr_carea' id='block_1_20' title="bbox 2249 936 3772 1008">
    <p class='ocr_par' dir='ltr' id='par_1_20' title="bbox 2249 936 3772 1008">
     <span class='ocr_line' id='line_1_20' title="bbox 2249 936 3772 1008; baseline 0.003 -18"><span class='ocrx_word' id='word_1_131' title='bbox 2249 936 2385 1004; x_wconf 67' lang='lat' dir='ltr'><strong>Quae</strong></span> <span class='ocrx_word' id='word_1_132' title='bbox 2413 953 2545 993; x_wconf 88' lang='lat' dir='ltr'><strong>vero</strong></span> <span class='ocrx_word' id='word_1_133' title='bbox 2565 946 2647 993; x_wconf 88' lang='lat' dir='ltr'><strong>est</strong></span> <span class='ocrx_word' id='word_1_134' title='bbox 2673 936 2818 1008; x_wconf 90' lang='lat' dir='ltr'><strong>apud</strong></span> <span class='ocrx_word' id='word_1_135' title='bbox 2851 936 3110 992; x_wconf 92' lang='lat' dir='ltr'><strong>dilectum</strong></span> <span class='ocrx_word' id='word_1_136' title='bbox 3129 936 3457 1008; x_wconf 90' lang='lat' dir='ltr'><strong>discipulum</strong></span> <span class='ocrx_word' id='word_1_137' title='bbox 3479 937 3772 994; x_wconf 87' lang='lat' dir='ltr'><strong>manifesta</strong></span> 
     </span>
    </p>
   </div>
   <div class='ocr_carea' id='block_1_21' title="bbox 2177 1028 3774 1100">
    <p class='ocr_par' dir='ltr' id='par_1_21' title="bbox 2177 1028 3774 1100">
     <span class='ocr_line' id='line_1_21' title="bbox 2177 1028 3774 1100; baseline 0.001 -17"><span class='ocrx_word' id='word_1_138' title='bbox 2177 1029 2398 1099; x_wconf 82' lang='lat' dir='ltr'><strong>quidem</strong></span> <span class='ocrx_word' id='word_1_139' title='bbox 2431 1036 2654 1084; x_wconf 88' lang='lat' dir='ltr'><strong>notatur</strong></span> <span class='ocrx_word' id='word_1_140' title='bbox 2685 1028 3014 1095; x_wconf 74' lang='lat' dir='ltr'><strong>differentia,</strong></span> <span class='ocrx_word' id='word_1_141' title='bbox 3066 1029 3212 1099; x_wconf 91' lang='lat' dir='ltr'><strong>quod</strong></span> <span class='ocrx_word' id='word_1_142' title='bbox 3246 1044 3442 1100; x_wconf 85' lang='lat' dir='ltr'><strong>nempe</strong></span> <span class='ocrx_word' id='word_1_143' title='bbox 3476 1037 3533 1086; x_wconf 89' lang='lat' dir='ltr'><strong>et</strong></span> <span class='ocrx_word' id='word_1_144' title='bbox 3571 1045 3774 1100; x_wconf 88' lang='lat' dir='ltr'><strong>genere</strong></span> 
     </span>
    </p>
   </div>
   <div class='ocr_carea' id='block_1_22' title="bbox 2177 1121 3773 1188">
    <p class='ocr_par' dir='ltr' id='par_1_22' title="bbox 2177 1121 3773 1188">
     <span class='ocr_line' id='line_1_22' title="bbox 2177 1121 3773 1188; baseline 0 -12"><span class='ocrx_word' id='word_1_145' title='bbox 2177 1121 2379 1178; x_wconf 86' lang='lat' dir='ltr'><strong>illustri</strong></span> <span class='ocrx_word' id='word_1_146' title='bbox 2408 1130 2462 1176; x_wconf 90' lang='lat' dir='ltr'><strong>et</strong></span> <span class='ocrx_word' id='word_1_147' title='bbox 2491 1121 2692 1178; x_wconf 86' lang='lat' dir='ltr'><strong>celebri</strong></span> <span class='ocrx_word' id='word_1_148' title='bbox 2719 1122 2882 1178; x_wconf 90' lang='lat' dir='ltr'><strong>domo</strong></span> <span class='ocrx_word' id='word_1_149' title='bbox 2911 1131 2968 1178; x_wconf 90' lang='lat' dir='ltr'><strong>et</strong></span> <span class='ocrx_word' id='word_1_150' title='bbox 3000 1121 3235 1177; x_wconf 82' lang='lat' dir='ltr'><strong>mirabili</strong></span> <span class='ocrx_word' id='word_1_151' title='bbox 3267 1121 3378 1176; x_wconf 82' lang='lat' dir='ltr'><strong>vita</strong></span> <span class='ocrx_word' id='word_1_152' title='bbox 3412 1131 3532 1188; x_wconf 91' lang='lat' dir='ltr'><strong>est;</strong></span> <span class='ocrx_word' id='word_1_153' title='bbox 3566 1131 3621 1178; x_wconf 87' lang='lat' dir='ltr'><strong>et</strong></span> <span class='ocrx_word' id='word_1_154' title='bbox 3660 1123 3773 1177; x_wconf 85' lang='lat' dir='ltr'><strong>fra-</strong></span> 
     </span>
    </p>
   </div>
   <div class='ocr_carea' id='block_1_23' title="bbox 2181 1213 3770 1284">
    <p class='ocr_par' dir='ltr' id='par_1_23' title="bbox 2181 1213 3770 1284">
     <span class='ocr_line' id='line_1_23' title="bbox 2181 1213 3770 1284; baseline 0 -16"><span class='ocrx_word' id='word_1_155' title='bbox 2181 1222 2314 1268; x_wconf 88' lang='lat' dir='ltr'><strong>trem</strong></span> <span class='ocrx_word' id='word_1_156' title='bbox 2346 1213 2552 1284; x_wconf 89' lang='lat' dir='ltr'><strong>recepit</strong></span> <span class='ocrx_word' id='word_1_157' title='bbox 2576 1229 2770 1270; x_wconf 86' lang='lat' dir='ltr'><strong>recens</strong></span> <span class='ocrx_word' id='word_1_158' title='bbox 2801 1230 2832 1269; x_wconf 89' lang='lat' dir='ltr'><strong>a</strong></span> <span class='ocrx_word' id='word_1_159' title='bbox 2881 1214 3053 1283; x_wconf 88' lang='lat' dir='ltr'><strong>portis</strong></span> <span class='ocrx_word' id='word_1_160' title='bbox 3085 1213 3246 1269; x_wconf 88' lang='lat' dir='ltr'><strong>inferi</strong></span> <span class='ocrx_word' id='word_1_161' title='bbox 3300 1221 3638 1277; x_wconf 87' lang='lat' dir='ltr'><strong>retractum;</strong></span> <span class='ocrx_word' id='word_1_162' title='bbox 3677 1215 3770 1284; x_wconf 91' lang='lat' dir='ltr'><strong>qui</strong></span> 
     </span>
    </p>
   </div>
   <div class='ocr_carea' id='block_1_24' title="bbox 2185 1303 3771 1376">
    <p class='ocr_par' dir='ltr' id='par_1_24' title="bbox 2185 1303 3771 1376">
     <span class='ocr_line' id='line_1_24' title="bbox 2185 1303 3771 1376; baseline 0.001 -18"><span class='ocrx_word' id='word_1_163' title='bbox 2185 1303 2437 1360; x_wconf 85' lang='lat' dir='ltr'><strong>recubuit</strong></span> <span class='ocrx_word' id='word_1_164' title='bbox 2465 1304 2518 1358; x_wconf 89' lang='lat' dir='ltr'><strong>in</strong></span> <span class='ocrx_word' id='word_1_165' title='bbox 2537 1319 2694 1360; x_wconf 81' lang='lat' dir='ltr'><strong>ccena</strong></span> <span class='ocrx_word' id='word_1_166' title='bbox 2725 1319 2849 1360; x_wconf 90' lang='lat' dir='ltr'><strong>cum</strong></span> <span class='ocrx_word' id='word_1_167' title='bbox 2873 1303 3024 1371; x_wconf 82' lang='lat' dir='ltr'><strong>Jesu,</strong></span> <span class='ocrx_word' id='word_1_168' title='bbox 3057 1303 3226 1360; x_wconf 88' lang='lat' dir='ltr'><strong>Maria</strong></span> <span class='ocrx_word' id='word_1_169' title='bbox 3252 1305 3372 1376; x_wconf 91' lang='lat' dir='ltr'><strong>ipsa</strong></span> <span class='ocrx_word' id='word_1_170' title='bbox 3404 1304 3771 1369; x_wconf 84' lang='lat' dir='ltr'><strong>ministrante,</strong></span> 
     </span>
    </p>
   </div>
   <div class='ocr_carea' id='block_1_25' title="bbox 2184 1391 3775 1464">
    <p class='ocr_par' dir='ltr' id='par_1_25' title="bbox 2184 1391 3775 1464">
     <span class='ocr_line' id='line_1_25' title="bbox 2184 1391 3775 1464; baseline 0.004 -21"><span class='ocrx_word' id='word_1_171' title='bbox 2184 1391 2404 1462; x_wconf 84' lang='lat' dir='ltr'><strong>quando</strong></span> <span class='ocrx_word' id='word_1_172' title='bbox 2435 1397 2491 1447; x_wconf 90' lang='lat' dir='ltr'><strong>et</strong></span> <span class='ocrx_word' id='word_1_173' title='bbox 2541 1402 2818 1464; x_wconf 87' lang='lat' dir='ltr'><strong>unguenta</strong></span> <span class='ocrx_word' id='word_1_174' title='bbox 2865 1392 3098 1448; x_wconf 77' lang='lat' dir='ltr'><strong>eﬂ‘uudit</strong></span> <span class='ocrx_word' id='word_1_175' title='bbox 3149 1402 3204 1448; x_wconf 88' lang='lat' dir='ltr'><strong>et</strong></span> <span class='ocrx_word' id='word_1_176' title='bbox 3243 1393 3408 1462; x_wconf 77' lang='lat' dir='ltr'><strong>tergit</strong></span> <span class='ocrx_word' id='word_1_177' title='bbox 3448 1402 3504 1448; x_wconf 87' lang='lat' dir='ltr'><strong>et</strong></span> <span class='ocrx_word' id='word_1_178' title='bbox 3537 1392 3652 1464; x_wconf 85' lang='lat' dir='ltr'><strong>ipsa</strong></span> <span class='ocrx_word' id='word_1_179' title='bbox 3682 1409 3775 1449; x_wconf 91' lang='lat' dir='ltr'><strong>ca-</strong></span> 
     </span>
    </p>
   </div>
   <div class='ocr_carea' id='block_1_26' title="bbox 2185 1483 3771 1557">
    <p class='ocr_par' dir='ltr' id='par_1_26' title="bbox 2185 1483 3771 1557">
     <span class='ocr_line' id='line_1_26' title="bbox 2185 1483 3771 1557; baseline 0.002 -20"><span class='ocrx_word' id='word_1_180' title='bbox 2185 1483 2507 1554; x_wconf 89' lang='lat' dir='ltr'><strong>pillis,non</strong></span> <span class='ocrx_word' id='word_1_181' title='bbox 2543 1485 2609 1540; x_wconf 88' lang='lat' dir='ltr'><strong>ad</strong></span> <span class='ocrx_word' id='word_1_182' title='bbox 2662 1485 3160 1542; x_wconf 87' lang='lat' dir='ltr'><strong>remunerationem</strong></span> <span class='ocrx_word' id='word_1_183' title='bbox 3211 1485 3453 1557; x_wconf 87' lang='lat' dir='ltr'><strong>aliquam</strong></span> <span class='ocrx_word' id='word_1_184' title='bbox 3523 1485 3771 1541; x_wconf 89' lang='lat' dir='ltr'><strong>divinum</strong></span> 
     </span>
    </p>
   </div>
   <div class='ocr_carea' id='block_1_27' title="bbox 477 1560 2076 1650">
    <p class='ocr_par' dir='ltr' id='par_1_27' title="bbox 477 1561 2076 1644">
     <span class='ocr_line' id='line_1_27' title="bbox 477 1561 2076 1644; baseline 0.011 -30"><span class='ocrx_word' id='word_1_185' title='bbox 477 1561 577 1615; x_wconf 74' lang='grc' dir='ltr'><strong>καὶ</strong></span> <span class='ocrx_word' id='word_1_186' title='bbox 607 1563 749 1634; x_wconf 80' lang='grc' dir='ltr'>αὑτὴ</span> <span class='ocrx_word' id='word_1_187' title='bbox 789 1568 912 1630; x_wconf 86' lang='grc' dir='ltr'>ταῖς</span> <span class='ocrx_word' id='word_1_188' title='bbox 947 1565 1147 1636; x_wconf 74' lang='grc' dir='ltr'>θριξὶν.</span> <span class='ocrx_word' id='word_1_189' title='bbox 1181 1570 1244 1624; x_wconf 88' lang='grc' dir='ltr'><strong>οὐ</strong></span> <span class='ocrx_word' id='word_1_190' title='bbox 1276 1569 1414 1642; x_wconf 82' lang='grc' dir='ltr'>πρὸς</span> <span class='ocrx_word' id='word_1_191' title='bbox 1465 1572 1799 1644; x_wconf 82' lang='grc' dir='ltr'>ἀντάμειψίν</span> <span class='ocrx_word' id='word_1_192' title='bbox 1839 1592 1966 1631; x_wconf 89' lang='grc' dir='ltr'>τινα</span> <span class='ocrx_word' id='word_1_193' title='bbox 2014 1577 2076 1631; x_wconf 80' lang='grc' dir='ltr'>τὸ</span> 
     </span>
    </p>
   </div>
   <div class='ocr_carea' id='block_1_28' title="bbox 2181 1560 3772 1650">
    <p class='ocr_par' dir='ltr' id='par_1_28' title="bbox 2181 1577 3772 1650">
     <span class='ocr_line' id='line_1_28' title="bbox 2181 1577 3772 1650; baseline 0.001 -19"><span class='ocrx_word' id='word_1_194' title='bbox 2181 1577 2288 1632; x_wconf 93' lang='lat' dir='ltr'><strong>hoc</strong></span> <span class='ocrx_word' id='word_1_195' title='bbox 2327 1592 2467 1647; x_wconf 86' lang='lat' dir='ltr'><strong>opus</strong></span> <span class='ocrx_word' id='word_1_196' title='bbox 2491 1593 2726 1647; x_wconf 87' lang='lat' dir='ltr'><strong>ponens,</strong></span> <span class='ocrx_word' id='word_1_197' title='bbox 2765 1579 2858 1634; x_wconf 87' lang='lat' dir='ltr'><strong>sed</strong></span> <span class='ocrx_word' id='word_1_198' title='bbox 2891 1579 3072 1649; x_wconf 83' lang='lat' dir='ltr'><strong>potius</strong></span> <span class='ocrx_word' id='word_1_199' title='bbox 3107 1578 3457 1650; x_wconf 88' lang='lat' dir='ltr'><strong>gratitudinis</strong></span> <span class='ocrx_word' id='word_1_200' title='bbox 3495 1577 3772 1649; x_wconf 85' lang='lat' dir='ltr'><strong>piaculum</strong></span> 
     </span>
    </p>
   </div>
   <div class='ocr_carea' id='block_1_29' title="bbox 481 1652 2079 1738">
    <p class='ocr_par' dir='ltr' id='par_1_29' title="bbox 481 1652 2079 1738">
     <span class='ocr_line' id='line_1_29' title="bbox 481 1652 2079 1738; baseline 0.01 -32"><span class='ocrx_word' id='word_1_201' title='bbox 481 1652 796 1724; x_wconf 77' lang='grc' dir='ltr'><strong>θεοπρεπὲς</strong></span> <span class='ocrx_word' id='word_1_202' title='bbox 835 1655 1000 1728; x_wconf 82' lang='grc' dir='ltr'>ἔργον</span> <span class='ocrx_word' id='word_1_203' title='bbox 1061 1660 1546 1735; x_wconf 87' lang='grc' dir='ltr'>καταϐαλλομένη,</span> <span class='ocrx_word' id='word_1_204' title='bbox 1579 1664 1698 1718; x_wconf 85' lang='grc' dir='ltr'>ἀλλ’</span> <span class='ocrx_word' id='word_1_205' title='bbox 1725 1666 2079 1738; x_wconf 84' lang='grc' dir='ltr'><strong>εὐχαριστίας</strong></span> 
     </span>
    </p>
   </div>
   <div class='ocr_carea' id='block_1_30' title="bbox 481 1739 2079 1830">
    <p class='ocr_par' dir='ltr' id='par_1_30' title="bbox 481 1739 2079 1830">
     <span class='ocr_line' id='line_1_30' title="bbox 481 1739 2079 1830; baseline 0.013 -37"><span class='ocrx_word' id='word_1_206' title='bbox 481 1739 690 1808; x_wconf 82' lang='grc' dir='ltr'>μᾶλλον</span> <span class='ocrx_word' id='word_1_207' title='bbox 723 1741 826 1813; x_wconf 82' lang='grc' dir='ltr'>τῆς</span> <span class='ocrx_word' id='word_1_208' title='bbox 851 1748 1232 1820; x_wconf 80' lang='grc' dir='ltr'>γεγενημένης</span> <span class='ocrx_word' id='word_1_209' title='bbox 1253 1752 1385 1824; x_wconf 77' lang='grc' dir='ltr'>περὶ</span> <span class='ocrx_word' id='word_1_210' title='bbox 1418 1752 1510 1807; x_wconf 83' lang='grc' dir='ltr'><strong>τὸν</strong></span> <span class='ocrx_word' id='word_1_211' title='bbox 1535 1755 1763 1826; x_wconf 79' lang='grc' dir='ltr'>ἀδελφὸν</span> <span class='ocrx_word' id='word_1_212' title='bbox 1791 1755 2079 1830; x_wconf 86' lang='grc' dir='ltr'>θεουργίας</span> 
     </span>
    </p>
   </div>
   <div class='ocr_carea' id='block_1_31' title="bbox 473 1831 2081 1919">
    <p class='ocr_par' dir='ltr' id='par_1_31' title="bbox 473 1831 2081 1919">
     <span class='ocr_line' id='line_1_31' title="bbox 473 1831 2081 1919; baseline 0.012 -34"><span class='ocrx_word' id='word_1_213' title='bbox 473 1831 779 1901; x_wconf 78' lang='grc' dir='ltr'>ἀφοσίωσίν</span> <span class='ocrx_word' id='word_1_214' title='bbox 826 1854 948 1892; x_wconf 85' lang='grc' dir='ltr'>τινα</span> <span class='ocrx_word' id='word_1_215' title='bbox 975 1839 1288 1895; x_wconf 78' lang='grc' dir='ltr'>ἐπινοοῦσα.</span> <span class='ocrx_word' id='word_1_216' title='bbox 1324 1843 1627 1901; x_wconf 81' lang='grc' dir='ltr'>Κάνταῦθα</span> <span class='ocrx_word' id='word_1_217' title='bbox 1674 1846 1775 1918; x_wconf 83' lang='grc' dir='ltr'>μὲν</span> <span class='ocrx_word' id='word_1_218' title='bbox 1801 1849 1853 1902; x_wconf 83' lang='lat' dir='ltr'><strong>oi</strong></span> <span class='ocrx_word' id='word_1_219' title='bbox 1903 1849 2081 1919; x_wconf 88' lang='grc' dir='ltr'>μαθη-</span> 
     </span>
    </p>
   </div>
   <div class='ocr_carea' id='block_1_32' title="bbox 473 1923 2080 2012">
    <p class='ocr_par' dir='ltr' id='par_1_32' title="bbox 473 1923 2080 2012">
     <span class='ocr_line' id='line_1_32' title="bbox 473 1923 2080 2012; baseline 0.011 -37"><span class='ocrx_word' id='word_1_220' title='bbox 473 1923 573 1976; x_wconf 74' lang='grc' dir='ltr'><strong>ταὶ</strong></span> <span class='ocrx_word' id='word_1_221' title='bbox 608 1925 829 1991; x_wconf 87' lang='grc' dir='ltr'>πάντες,</span> <span class='ocrx_word' id='word_1_222' title='bbox 862 1931 990 2001; x_wconf 84' lang='grc' dir='ltr'>σιγῇ</span> <span class='ocrx_word' id='word_1_223' title='bbox 1010 1930 1109 2002; x_wconf 85' lang='grc' dir='ltr'>τὴν</span> <span class='ocrx_word' id='word_1_224' title='bbox 1135 1932 1335 2002; x_wconf 79' lang='grc' dir='ltr'>πρᾶξιν</span> <span class='ocrx_word' id='word_1_225' title='bbox 1351 1934 1682 2005; x_wconf 80' lang='grc' dir='ltr'>ἠσπάζοντο’</span> <span class='ocrx_word' id='word_1_226' title='bbox 1711 1938 1923 1994; x_wconf 77' lang='grc' dir='ltr'>καὶτοῦ</span> <span class='ocrx_word' id='word_1_227' title='bbox 1948 1939 2080 2012; x_wconf 72' lang='grc' dir='ltr'>περὶ</span> 
     </span>
    </p>
   </div>
   <div class='ocr_carea' id='block_1_33' title="bbox 474 2012 2078 2103">
    <p class='ocr_par' dir='ltr' id='par_1_33' title="bbox 474 2012 2078 2103">
     <span class='ocr_line' id='line_1_33' title="bbox 474 2012 2078 2103; baseline 0.013 -38"><span class='ocrx_word' id='word_1_228' title='bbox 474 2012 576 2076; x_wconf 77' lang='grc' dir='ltr'><strong>τὸν</strong></span> <span class='ocrx_word' id='word_1_229' title='bbox 604 2016 857 2088; x_wconf 81' lang='grc' dir='ltr'>Λάζαρον</span> <span class='ocrx_word' id='word_1_230' title='bbox 889 2019 1172 2092; x_wconf 82' lang='grc' dir='ltr'>θαύματος</span> <span class='ocrx_word' id='word_1_231' title='bbox 1201 2025 1334 2090; x_wconf 77' lang='grc' dir='ltr'>ἴσως</span> <span class='ocrx_word' id='word_1_232' title='bbox 1364 2026 1464 2098; x_wconf 83' lang='grc' dir='ltr'><strong>τὴν</strong></span> <span class='ocrx_word' id='word_1_233' title='bbox 1513 2027 1821 2103; x_wconf 76' lang='grc' dir='ltr'>ὑπερϐολὴν</span> <span class='ocrx_word' id='word_1_234' title='bbox 1863 2030 2078 2086; x_wconf 73' lang='grc' dir='ltr'>ὲννοούυ</span> 
     </span>
    </p>
   </div>
   <div class='ocr_carea' id='block_1_34' title="bbox 483 2105 2079 2184">
    <p class='ocr_par' dir='ltr' id='par_1_34' title="bbox 483 2105 2079 2184">
     <span class='ocr_line' id='line_1_34' title="bbox 483 2105 2079 2184; baseline 0.013 -30"><span class='ocrx_word' id='word_1_235' title='bbox 483 2119 640 2173; x_wconf 87' lang='grc' dir='ltr'>μενοι</span> <span class='ocrx_word' id='word_1_236' title='bbox 667 2105 760 2163; x_wconf 73' lang='grc' dir='ltr'><strong>καὶ</strong></span> <span class='ocrx_word' id='word_1_237' title='bbox 809 2107 910 2178; x_wconf 83' lang='grc' dir='ltr'>τῆς</span> <span class='ocrx_word' id='word_1_238' title='bbox 944 2109 1211 2174; x_wconf 77' lang='grc' dir='ltr'>γυναικὸς</span> <span class='ocrx_word' id='word_1_239' title='bbox 1266 2112 1368 2184; x_wconf 78' lang='grc' dir='ltr'><strong>τὴν</strong></span> <span class='ocrx_word' id='word_1_240' title='bbox 1421 2114 1712 2172; x_wconf 77' lang='grc' dir='ltr'>εὐλάϐειαν</span> <span class='ocrx_word' id='word_1_241' title='bbox 1768 2118 1834 2173; x_wconf 86' lang='grc' dir='ltr'>δι’</span> <span class='ocrx_word' id='word_1_242' title='bbox 1895 2117 2079 2184; x_wconf 87' lang='grc' dir='ltr'>αίδοῦς</span> 
     </span>
    </p>
   </div>
   <div class='ocr_carea' id='block_1_35' title="bbox 485 2194 2077 2283">
    <p class='ocr_par' dir='ltr' id='par_1_35' title="bbox 485 2194 2077 2283">
     <span class='ocr_line' id='line_1_35' title="bbox 485 2194 2077 2283; baseline 0.003 -21"><span class='ocrx_word' id='word_1_243' title='bbox 485 2194 749 2266; x_wconf 72' lang='grc' dir='ltr'><strong>φέροντες</strong></span> <span class='ocrx_word' id='word_1_244' title='bbox 775 2212 790 2230; x_wconf 84' lang='grc'><strong><em>⁸</em></strong></span> <span class='ocrx_word' id='word_1_245' title='bbox 852 2198 1018 2269; x_wconf 83' lang='grc' dir='ltr'>μόνος</span> <span class='ocrx_word' id='word_1_246' title='bbox 1048 2201 1106 2255; x_wconf 78' lang='grc' dir='ltr'>δὲ</span> <span class='ocrx_word' id='word_1_247' title='bbox 1139 2205 1238 2275; x_wconf 77' lang='grc' dir='ltr'><strong>τῆς</strong></span> <span class='ocrx_word' id='word_1_248' title='bbox 1265 2204 1632 2279; x_wconf 83' lang='grc' dir='ltr'>φιλαργυρίας</span> <span class='ocrx_word' id='word_1_249' title='bbox 1687 2209 1750 2264; x_wconf 78' lang='grc' dir='ltr'>τὸ</span> <span class='ocrx_word' id='word_1_250' title='bbox 1805 2211 2077 2283; x_wconf 85' lang='grc' dir='ltr'>ἀνδράπο-</span> 
     </span>
    </p>
   </div>
   <div class='ocr_carea' id='block_1_36' title="bbox 479 2287 2076 2376">
    <p class='ocr_par' dir='ltr' id='par_1_36' title="bbox 479 2287 2076 2376">
     <span class='ocr_line' id='line_1_36' title="bbox 479 2287 2076 2376; baseline 0.013 -38"><span class='ocrx_word' id='word_1_251' title='bbox 479 2287 596 2351; x_wconf 76' lang='grc' dir='ltr'>δον,</span> <span class='ocrx_word' id='word_1_252' title='bbox 627 2288 725 2359; x_wconf 83' lang='grc' dir='ltr'>τῆς</span> <span class='ocrx_word' id='word_1_253' title='bbox 786 2290 1078 2362; x_wconf 80' lang='grc' dir='ltr'>προδοσίας</span> <span class='ocrx_word' id='word_1_254' title='bbox 1130 2296 1158 2348; x_wconf 84' lang='grc' dir='ltr'>ὁ</span> <span class='ocrx_word' id='word_1_255' title='bbox 1215 2295 1463 2368; x_wconf 84' lang='grc' dir='ltr'>κάπηλος</span> <span class='ocrx_word' id='word_1_256' title='bbox 1514 2301 1918 2371; x_wconf 83' lang='grc' dir='ltr'>καταγογγύζει</span> <span class='ocrx_word' id='word_1_257' title='bbox 1977 2307 2076 2376; x_wconf 81' lang='grc' dir='ltr'>τῆς</span> 
     </span>
    </p>
   </div>
   <div class='ocr_carea' id='block_1_37' title="bbox 480 2378 2076 2468">
    <p class='ocr_par' dir='ltr' id='par_1_37' title="bbox 480 2378 2076 2468">
     <span class='ocr_line' id='line_1_37' title="bbox 480 2378 2076 2468; baseline 0.011 -37"><span class='ocrx_word' id='word_1_258' title='bbox 480 2378 736 2450; x_wconf 81' lang='grc' dir='ltr'>πράξεως</span> <span class='ocrx_word' id='word_1_259' title='bbox 763 2397 778 2413; x_wconf 79' lang='grc' dir='ltr'><strong>ο</strong></span> <span class='ocrx_word' id='word_1_260' title='bbox 805 2382 901 2437; x_wconf 73' lang='grc' dir='ltr'><strong>καὶ</strong></span> <span class='ocrx_word' id='word_1_261' title='bbox 929 2385 957 2437; x_wconf 87' lang='grc' dir='ltr'><em>ὀ</em></span> <span class='ocrx_word' id='word_1_262' title='bbox 988 2385 1198 2455; x_wconf 85' lang='grc' dir='ltr'>Ἰησοῦς</span> <span class='ocrx_word' id='word_1_263' title='bbox 1223 2388 1324 2460; x_wconf 82' lang='grc' dir='ltr'><strong>τὴν</strong></span> <span class='ocrx_word' id='word_1_264' title='bbox 1354 2391 1514 2445; x_wconf 83' lang='grc' dir='ltr'>νόσον</span> <span class='ocrx_word' id='word_1_265' title='bbox 1543 2392 1634 2462; x_wconf 84' lang='grc' dir='ltr'>ὑφ’</span> <span class='ocrx_word' id='word_1_266' title='bbox 1676 2412 1744 2466; x_wconf 89' lang='grc' dir='ltr'><strong>ης</strong></span> <span class='ocrx_word' id='word_1_267' title='bbox 1798 2413 2076 2468; x_wconf 87' lang='grc' dir='ltr'>κεκρατη-</span> 
     </span>
    </p>
   </div>
   <div class='ocr_carea' id='block_1_38' title="bbox 481 2470 2075 2554">
    <p class='ocr_par' dir='ltr' id='par_1_38' title="bbox 481 2470 2075 2554">
     <span class='ocr_line' id='line_1_38' title="bbox 481 2470 2075 2554; baseline 0.014 -32"><span class='ocrx_word' id='word_1_268' title='bbox 481 2470 648 2541; x_wconf 85' lang='grc' dir='ltr'>μένος</span> <span class='ocrx_word' id='word_1_269' title='bbox 682 2473 856 2529; x_wconf 87' lang='grc' dir='ltr'>ταῦτα</span> <span class='ocrx_word' id='word_1_270' title='bbox 889 2474 1162 2546; x_wconf 78' lang='grc' dir='ltr'>ἔπραττεν</span> <span class='ocrx_word' id='word_1_271' title='bbox 1217 2480 1299 2544; x_wconf 87' lang='grc' dir='ltr'><strong>είς</strong></span> <span class='ocrx_word' id='word_1_272' title='bbox 1359 2482 1526 2552; x_wconf 81' lang='grc' dir='ltr'>μέσον</span> <span class='ocrx_word' id='word_1_273' title='bbox 1570 2485 1743 2554; x_wconf 86' lang='grc' dir='ltr'>ἄγων,</span> <span class='ocrx_word' id='word_1_274' title='bbox 1793 2483 1949 2542; x_wconf 82' lang='grc' dir='ltr'>εἶπεν</span> <span class='ocrx_word' id='word_1_275' title='bbox 1978 2491 2075 2544; x_wconf 82' lang='grc' dir='ltr'>αῦ-</span> 
     </span>
    </p>
   </div>
   <div class='ocr_carea' id='block_1_39' title="bbox 473 2563 2073 2652">
    <p class='ocr_par' dir='ltr' id='par_1_39' title="bbox 473 2563 2073 2652">
     <span class='ocr_line' id='line_1_39' title="bbox 473 2563 2073 2652; baseline 0.013 -35"><span class='ocrx_word' id='word_1_276' title='bbox 473 2563 580 2636; x_wconf 76' lang='grc' dir='ltr'><strong>τῷο</strong></span> <span class='ocrx_word' id='word_1_277' title='bbox 619 2583 638 2618; x_wconf 79' lang='grc' dir='ltr'><strong>ι</strong></span> <span class='ocrx_word' id='word_1_278' title='bbox 671 2566 848 2636; x_wconf 74' lang='grc' dir='ltr'>’Ἄφες</span> <span class='ocrx_word' id='word_1_279' title='bbox 875 2568 1074 2640; x_wconf 85' lang='grc' dir='ltr'>αὐτὴν,</span> <span class='ocrx_word' id='word_1_280' title='bbox 1107 2570 1190 2636; x_wconf 86' lang='grc' dir='ltr'><strong>είς</strong></span> <span class='ocrx_word' id='word_1_281' title='bbox 1221 2572 1320 2643; x_wconf 80' lang='grc' dir='ltr'>τὴν</span> <span class='ocrx_word' id='word_1_282' title='bbox 1345 2575 1559 2645; x_wconf 80' lang='grc' dir='ltr'>ἡμέραν</span> <span class='ocrx_word' id='word_1_283' title='bbox 1582 2577 1676 2632; x_wconf 86' lang='grc' dir='ltr'><strong>τοῦ</strong></span> <span class='ocrx_word' id='word_1_284' title='bbox 1700 2580 2073 2652; x_wconf 78' lang='grc' dir='ltr'>ἐνταφιασμοῦ</span> 
     </span>
    </p>
   </div>
   <div class='ocr_carea' id='block_1_40' title="bbox 2183 1669 3776 1744">
    <p class='ocr_par' dir='ltr' id='par_1_40' title="bbox 2183 1669 3776 1744">
     <span class='ocr_line' id='line_1_40' title="bbox 2183 1669 3776 1744; baseline 0.003 -24"><span class='ocrx_word' id='word_1_285' title='bbox 2183 1678 2403 1740; x_wconf 86' lang='lat' dir='ltr'><strong>propter</strong></span> <span class='ocrx_word' id='word_1_286' title='bbox 2429 1669 2634 1725; x_wconf 90' lang='lat' dir='ltr'><strong>factum</strong></span> <span class='ocrx_word' id='word_1_287' title='bbox 2673 1672 2728 1726; x_wconf 90' lang='lat' dir='ltr'><strong>in</strong></span> <span class='ocrx_word' id='word_1_288' title='bbox 2763 1671 2988 1727; x_wconf 77' lang='lat' dir='ltr'><strong>fratrem</strong></span> <span class='ocrx_word' id='word_1_289' title='bbox 3027 1670 3355 1726; x_wconf 89' lang='lat' dir='ltr'><strong>miraculum</strong></span> <span class='ocrx_word' id='word_1_290' title='bbox 3403 1671 3673 1744; x_wconf 86' lang='lat' dir='ltr'><strong>cogitans.</strong></span> <span class='ocrx_word' id='word_1_291' title='bbox 3708 1669 3776 1725; x_wconf 85' lang='lat' dir='ltr'><strong>Et</strong></span> 
     </span>
    </p>
   </div>
   <div class='ocr_carea' id='block_1_41' title="bbox 2181 1759 3772 1833">
    <p class='ocr_par' dir='ltr' id='par_1_41' title="bbox 2181 1759 3772 1833">
     <span class='ocr_line' id='line_1_41' title="bbox 2181 1759 3772 1833; baseline 0 -20"><span class='ocrx_word' id='word_1_292' title='bbox 2181 1768 2314 1816; x_wconf 89' lang='lat' dir='ltr'><strong>tunc</strong></span> <span class='ocrx_word' id='word_1_293' title='bbox 2352 1759 2610 1831; x_wconf 91' lang='lat' dir='ltr'><strong>discipuli</strong></span> <span class='ocrx_word' id='word_1_294' title='bbox 2671 1777 2867 1818; x_wconf 89' lang='lat' dir='ltr'><strong>omnes</strong></span> <span class='ocrx_word' id='word_1_295' title='bbox 2920 1761 3142 1818; x_wconf 91' lang='lat' dir='ltr'><strong>silentio</strong></span> <span class='ocrx_word' id='word_1_296' title='bbox 3183 1762 3456 1819; x_wconf 89' lang='lat' dir='ltr'><strong>actionem</strong></span> <span class='ocrx_word' id='word_1_297' title='bbox 3504 1762 3772 1833; x_wconf 85' lang='lat' dir='ltr'><strong>probave-</strong></span> 
     </span>
    </p>
   </div>
   <div class='ocr_carea' id='block_1_42' title="bbox 2181 1852 3772 1921">
    <p class='ocr_par' dir='ltr' id='par_1_42' title="bbox 2181 1852 3772 1921">
     <span class='ocr_line' id='line_1_42' title="bbox 2181 1852 3772 1921; baseline 0.001 -14"><span class='ocrx_word' id='word_1_298' title='bbox 2181 1861 2348 1921; x_wconf 89' lang='lat' dir='ltr'><strong>runt;</strong></span> <span class='ocrx_word' id='word_1_299' title='bbox 2394 1859 2450 1908; x_wconf 88' lang='lat' dir='ltr'><strong>et</strong></span> <span class='ocrx_word' id='word_1_300' title='bbox 2489 1853 2743 1910; x_wconf 89' lang='lat' dir='ltr'><strong>miraculi</strong></span> <span class='ocrx_word' id='word_1_301' title='bbox 2781 1854 2836 1909; x_wconf 91' lang='lat' dir='ltr'><strong>in</strong></span> <span class='ocrx_word' id='word_1_302' title='bbox 2870 1852 3139 1910; x_wconf 85' lang='lat' dir='ltr'><strong>Lazarum</strong></span> <span class='ocrx_word' id='word_1_303' title='bbox 3185 1854 3326 1911; x_wconf 89' lang='lat' dir='ltr'><strong>forte</strong></span> <span class='ocrx_word' id='word_1_304' title='bbox 3361 1869 3651 1910; x_wconf 85' lang='lat' dir='ltr'><strong>excessum</strong></span> <span class='ocrx_word' id='word_1_305' title='bbox 3685 1855 3772 1909; x_wconf 80' lang='lat' dir='ltr'><strong>in-</strong></span> 
     </span>
    </p>
   </div>
   <div class='ocr_carea' id='block_1_43' title="bbox 2181 1944 3772 2017">
    <p class='ocr_par' dir='ltr' id='par_1_43' title="bbox 2181 1944 3772 2017">
     <span class='ocr_line' id='line_1_43' title="bbox 2181 1944 3772 2017; baseline 0 -18"><span class='ocrx_word' id='word_1_306' title='bbox 2181 1944 2510 2017; x_wconf 89' lang='lat' dir='ltr'><strong>telligentes,</strong></span> <span class='ocrx_word' id='word_1_307' title='bbox 2557 1954 2615 2002; x_wconf 88' lang='lat' dir='ltr'><strong>et</strong></span> <span class='ocrx_word' id='word_1_308' title='bbox 2680 1945 2900 2002; x_wconf 68' lang='lat' dir='ltr'><strong>femina:</strong></span> <span class='ocrx_word' id='word_1_309' title='bbox 2954 1946 3380 2002; x_wconf 88' lang='lat' dir='ltr'><strong>sollicitudinem</strong></span> <span class='ocrx_word' id='word_1_310' title='bbox 3427 1944 3772 2001; x_wconf 83' lang='lat' dir='ltr'><strong>venerationi</strong></span> 
     </span>
    </p>
   </div>
   <div class='ocr_carea' id='block_1_44' title="bbox 2179 2037 3772 2112">
    <p class='ocr_par' dir='ltr' id='par_1_44' title="bbox 2179 2037 3772 2112">
     <span class='ocr_line' id='line_1_44' title="bbox 2179 2037 3772 2112; baseline -0.001 -19"><span class='ocrx_word' id='word_1_311' title='bbox 2179 2038 2463 2094; x_wconf 85' lang='lat' dir='ltr'><strong>habentes.</strong></span> <span class='ocrx_word' id='word_1_312' title='bbox 2515 2037 2680 2096; x_wconf 90' lang='lat' dir='ltr'><strong>Solus</strong></span> <span class='ocrx_word' id='word_1_313' title='bbox 2710 2039 2954 2096; x_wconf 83' lang='lat' dir='ltr'><strong>avaritiae</strong></span> <span class='ocrx_word' id='word_1_314' title='bbox 2992 2054 3187 2097; x_wconf 85' lang='lat' dir='ltr'><strong>servus</strong></span> <span class='ocrx_word' id='word_1_315' title='bbox 3224 2037 3556 2112; x_wconf 86' lang='lat' dir='ltr'><strong>proditionis</strong></span> <span class='ocrx_word' id='word_1_316' title='bbox 3589 2053 3772 2108; x_wconf 89' lang='lat' dir='ltr'><strong>caupo</strong></span> 
     </span>
    </p>
   </div>
   <div class='ocr_carea' id='block_1_45' title="bbox 2179 2130 3774 2202">
    <p class='ocr_par' dir='ltr' id='par_1_45' title="bbox 2179 2130 3774 2202">
     <span class='ocr_line' id='line_1_45' title="bbox 2179 2130 3774 2202; baseline 0 -16"><span class='ocrx_word' id='word_1_317' title='bbox 2179 2139 2366 2186; x_wconf 92' lang='lat' dir='ltr'><strong>actum</strong></span> <span class='ocrx_word' id='word_1_318' title='bbox 2399 2131 2694 2202; x_wconf 87' lang='lat' dir='ltr'><strong>vituperat,</strong></span> <span class='ocrx_word' id='word_1_319' title='bbox 2751 2131 2992 2188; x_wconf 83' lang='lat' dir='ltr'><strong>etJesus</strong></span> <span class='ocrx_word' id='word_1_320' title='bbox 3049 2132 3302 2188; x_wconf 90' lang='lat' dir='ltr'><strong>morbum</strong></span> <span class='ocrx_word' id='word_1_321' title='bbox 3358 2145 3469 2202; x_wconf 87' lang='lat' dir='ltr'><strong>quo</strong></span> <span class='ocrx_word' id='word_1_322' title='bbox 3514 2130 3774 2186; x_wconf 82' lang='lat' dir='ltr'><strong>laborans</strong></span> 
     </span>
    </p>
   </div>
   <div class='ocr_carea' id='block_1_46' title="bbox 2180 2221 3775 2296">
    <p class='ocr_par' dir='ltr' id='par_1_46' title="bbox 2180 2221 3775 2296">
     <span class='ocr_line' id='line_1_46' title="bbox 2180 2221 3775 2296; baseline 0.001 -19"><span class='ocrx_word' id='word_1_323' title='bbox 2180 2222 2284 2278; x_wconf 93' lang='lat' dir='ltr'><strong>hoc</strong></span> <span class='ocrx_word' id='word_1_324' title='bbox 2307 2223 2522 2295; x_wconf 81' lang='lat' dir='ltr'><strong>agebat,</strong></span> <span class='ocrx_word' id='word_1_325' title='bbox 2551 2225 2607 2280; x_wconf 92' lang='lat' dir='ltr'><strong>in</strong></span> <span class='ocrx_word' id='word_1_326' title='bbox 2648 2224 2888 2281; x_wconf 77' lang='lat' dir='ltr'><strong>medium</strong></span> <span class='ocrx_word' id='word_1_327' title='bbox 2912 2223 3221 2296; x_wconf 88' lang='lat' dir='ltr'><strong>proferens,</strong></span> <span class='ocrx_word' id='word_1_328' title='bbox 3244 2224 3424 2295; x_wconf 92' lang='lat' dir='ltr'><strong>inquit</strong></span> <span class='ocrx_word' id='word_1_329' title='bbox 3449 2223 3560 2278; x_wconf 89' lang='lat' dir='ltr'><strong>illi:</strong></span> <span class='ocrx_word' id='word_1_330' title='bbox 3595 2241 3614 2276; x_wconf 81' lang='grc' dir='ltr'><strong>ι</strong></span> <span class='ocrx_word' id='word_1_331' title='bbox 3641 2221 3775 2278; x_wconf 89' lang='lat' dir='ltr'><strong>Sine</strong></span> 
     </span>
    </p>
   </div>
   <div class='ocr_carea' id='block_1_47' title="bbox 2179 2313 3885 2388">
    <p class='ocr_par' dir='ltr' id='par_1_47' title="bbox 2179 2313 3885 2388">
     <span class='ocr_line' id='line_1_47' title="bbox 2179 2313 3885 2388; baseline 0.001 -20"><span class='ocrx_word' id='word_1_332' title='bbox 2179 2313 2360 2384; x_wconf 90' lang='lat' dir='ltr'><strong>illam;</strong></span> <span class='ocrx_word' id='word_1_333' title='bbox 2395 2317 2448 2371; x_wconf 93' lang='lat' dir='ltr'><strong>in</strong></span> <span class='ocrx_word' id='word_1_334' title='bbox 2475 2316 2618 2373; x_wconf 91' lang='lat' dir='ltr'><strong>diem</strong></span> <span class='ocrx_word' id='word_1_335' title='bbox 2655 2317 2801 2373; x_wconf 91' lang='lat' dir='ltr'><strong>enim</strong></span> <span class='ocrx_word' id='word_1_336' title='bbox 2841 2317 3136 2388; x_wconf 77' lang='lat' dir='ltr'><strong>sepulturae</strong></span> <span class='ocrx_word' id='word_1_337' title='bbox 3190 2331 3326 2372; x_wconf 83' lang='lat' dir='ltr'><strong>meae</strong></span> <span class='ocrx_word' id='word_1_338' title='bbox 3380 2315 3486 2371; x_wconf 92' lang='lat' dir='ltr'><strong>hoc</strong></span> <span class='ocrx_word' id='word_1_339' title='bbox 3515 2314 3776 2370; x_wconf 75' lang='lat' dir='ltr'><strong>observa—</strong></span> <span class='ocrx_word' id='word_1_340' title='bbox 3881 2327 3885 2331; x_wconf 86' lang='lat'>&#39;</span> 
     </span>
    </p>
   </div>
   <div class='ocr_carea' id='block_1_48' title="bbox 2176 2403 3773 2478">
    <p class='ocr_par' dir='ltr' id='par_1_48' title="bbox 2176 2403 3773 2478">
     <span class='ocr_line' id='line_1_48' title="bbox 2176 2403 3773 2478; baseline 0.001 -20"><span class='ocrx_word' id='word_1_341' title='bbox 2176 2405 2253 2462; x_wconf 86' lang='lat' dir='ltr'><strong>vit</strong></span> <span class='ocrx_word' id='word_1_342' title='bbox 2275 2407 2356 2471; x_wconf 68' lang='lat'><strong>7°;</strong></span> <span class='ocrx_word' id='word_1_343' title='bbox 2397 2425 2415 2458; x_wconf 76' lang='grc' dir='ltr'><strong>ι</strong></span> <span class='ocrx_word' id='word_1_344' title='bbox 2445 2406 2497 2462; x_wconf 90' lang='lat' dir='ltr'><strong>id</strong></span> <span class='ocrx_word' id='word_1_345' title='bbox 2519 2414 2604 2462; x_wconf 89' lang='lat' dir='ltr'><strong>est</strong></span> <span class='ocrx_word' id='word_1_346' title='bbox 2632 2424 2645 2460; x_wconf 90' lang='lat'><strong>:</strong></span> <span class='ocrx_word' id='word_1_347' title='bbox 2675 2415 2731 2462; x_wconf 91' lang='lat' dir='ltr'><strong>tu</strong></span> <span class='ocrx_word' id='word_1_348' title='bbox 2753 2407 2976 2478; x_wconf 90' lang='lat' dir='ltr'><strong>quidem</strong></span> <span class='ocrx_word' id='word_1_349' title='bbox 2999 2422 3135 2464; x_wconf 83' lang='lat' dir='ltr'><strong>meae</strong></span> <span class='ocrx_word' id='word_1_350' title='bbox 3153 2405 3316 2461; x_wconf 89' lang='lat' dir='ltr'><strong>morti</strong></span> <span class='ocrx_word' id='word_1_351' title='bbox 3345 2406 3617 2472; x_wconf 86' lang='lat' dir='ltr'><strong>studes,et</strong></span> <span class='ocrx_word' id='word_1_352' title='bbox 3646 2403 3773 2459; x_wconf 90' lang='lat' dir='ltr'><strong>ideo</strong></span> 
     </span>
    </p>
   </div>
   <div class='ocr_carea' id='block_1_49' title="bbox 2177 2497 3768 2571">
    <p class='ocr_par' dir='ltr' id='par_1_49' title="bbox 2177 2497 3768 2571">
     <span class='ocr_line' id='line_1_49' title="bbox 2177 2497 3768 2571; baseline -0.001 -18"><span class='ocrx_word' id='word_1_353' title='bbox 2177 2499 2273 2554; x_wconf 89' lang='lat' dir='ltr'><strong>tibi</strong></span> <span class='ocrx_word' id='word_1_354' title='bbox 2303 2499 2473 2569; x_wconf 92' lang='lat' dir='ltr'><strong>hujus</strong></span> <span class='ocrx_word' id='word_1_355' title='bbox 2507 2500 2774 2571; x_wconf 85' lang='lat' dir='ltr'><strong>unguenti</strong></span> <span class='ocrx_word' id='word_1_356' title='bbox 2810 2499 3048 2570; x_wconf 90' lang='lat' dir='ltr'><strong>pretium</strong></span> <span class='ocrx_word' id='word_1_357' title='bbox 3092 2498 3515 2556; x_wconf 89' lang='lat' dir='ltr'><strong>dilectissimum</strong></span> <span class='ocrx_word' id='word_1_358' title='bbox 3543 2506 3646 2554; x_wconf 89' lang='lat' dir='ltr'><strong>est.</strong></span> <span class='ocrx_word' id='word_1_359' title='bbox 3673 2497 3768 2552; x_wconf 86' lang='lat' dir='ltr'><strong>Illa</strong></span> 
     </span>
    </p>
   </div>
   <div class='ocr_carea' id='block_1_50' title="bbox 2176 2593 3768 2663">
    <p class='ocr_par' dir='ltr' id='par_1_50' title="bbox 2176 2593 3768 2663">
     <span class='ocr_line' id='line_1_50' title="bbox 2176 2593 3768 2663; baseline -0.001 -18"><span class='ocrx_word' id='word_1_360' title='bbox 2176 2600 2356 2646; x_wconf 89' lang='lat' dir='ltr'><strong>autem</strong></span> <span class='ocrx_word' id='word_1_361' title='bbox 2389 2603 2538 2647; x_wconf 90' lang='lat' dir='ltr'><strong>tuam</strong></span> <span class='ocrx_word' id='word_1_362' title='bbox 2569 2593 2811 2663; x_wconf 77' lang='lat' dir='ltr'><strong>exlegem</strong></span> <span class='ocrx_word' id='word_1_363' title='bbox 2839 2593 3138 2648; x_wconf 87' lang='lat' dir='ltr'><strong>..aetionem</strong></span> <span class='ocrx_word' id='word_1_364' title='bbox 3167 2606 3263 2661; x_wconf 92' lang='lat' dir='ltr'><strong>per</strong></span> <span class='ocrx_word' id='word_1_365' title='bbox 3286 2607 3349 2645; x_wconf 86' lang='lat' dir='ltr'><strong>ea</strong></span> <span class='ocrx_word' id='word_1_366' title='bbox 3385 2605 3508 2660; x_wconf 83' lang='lat' dir='ltr'><strong>quae</strong></span> <span class='ocrx_word' id='word_1_367' title='bbox 3547 2598 3768 2659; x_wconf 87' lang='lat' dir='ltr'><strong>operata</strong></span> 
     </span>
    </p>
   </div>
   <div class='ocr_carea' id='block_1_51' title="bbox 479 2658 2076 2749">
    <p class='ocr_par' dir='ltr' id='par_1_51' title="bbox 479 2658 2072 2749">
     <span class='ocr_line' id='line_1_51' title="bbox 479 2658 2072 2749; baseline 0.011 -40"><span class='ocrx_word' id='word_1_368' title='bbox 479 2675 590 2730; x_wconf 84' lang='grc' dir='ltr'><strong>μου</strong></span> <span class='ocrx_word' id='word_1_369' title='bbox 621 2658 930 2730; x_wconf 84' lang='grc' dir='ltr'>τετήρηκεν</span> <span class='ocrx_word' id='word_1_370' title='bbox 952 2661 1105 2749; x_wconf 74' lang='grc' dir='ltr'>αθτό.</span> <span class='ocrx_word' id='word_1_371' title='bbox 1137 2681 1156 2713; x_wconf 72' lang='grc' dir='ltr'><strong>ι</strong></span> <span class='ocrx_word' id='word_1_372' title='bbox 1199 2661 1345 2718; x_wconf 77' lang='grc' dir='ltr'>’Λντὶ</span> <span class='ocrx_word' id='word_1_373' title='bbox 1372 2666 1486 2729; x_wconf 87' lang='grc' dir='ltr'>τοῦ,</span> <span class='ocrx_word' id='word_1_374' title='bbox 1521 2667 1594 2720; x_wconf 83' lang='grc' dir='ltr'>Σὺ</span> <span class='ocrx_word' id='word_1_375' title='bbox 1647 2669 1748 2740; x_wconf 86' lang='grc' dir='ltr'>μὲν</span> <span class='ocrx_word' id='word_1_376' title='bbox 1803 2671 1894 2726; x_wconf 79' lang='grc' dir='ltr'><strong>τὸν</strong></span> <span class='ocrx_word' id='word_1_377' title='bbox 1937 2673 2072 2743; x_wconf 81' lang='grc' dir='ltr'>ἐμὸν</span> 
     </span>
    </p>
   </div>
   <div class='ocr_carea' id='block_1_52' title="bbox 2181 2658 3770 2749">
    <p class='ocr_par' dir='ltr' id='par_1_52' title="bbox 2181 2658 3770 2749">
     <span class='ocr_line' id='line_1_52' title="bbox 2181 2658 3770 2749; baseline -0.005 -13"><span class='ocrx_word' id='word_1_378' title='bbox 2181 2692 2258 2737; x_wconf 85' lang='lat' dir='ltr'><strong>est</strong></span> <span class='ocrx_word' id='word_1_379' title='bbox 2285 2682 2564 2749; x_wconf 90' lang='lat' dir='ltr'><strong>inscribit;</strong></span> <span class='ocrx_word' id='word_1_380' title='bbox 2603 2694 2658 2738; x_wconf 89' lang='lat' dir='ltr'><strong>et</strong></span> <span class='ocrx_word' id='word_1_381' title='bbox 2685 2658 2864 2746; x_wconf 82' lang='lat' dir='ltr'><strong>docet,</strong></span> <span class='ocrx_word' id='word_1_382' title='bbox 2897 2680 3000 2737; x_wconf 91' lang='lat' dir='ltr'><strong>etsi</strong></span> <span class='ocrx_word' id='word_1_383' title='bbox 3025 2658 3236 2734; x_wconf 47' lang='lat' dir='ltr'><strong>disce—re</strong></span> <span class='ocrx_word' id='word_1_384' title='bbox 3261 2694 3370 2747; x_wconf 64' lang='lat' dir='ltr'><strong>prae</strong></span> <span class='ocrx_word' id='word_1_385' title='bbox 3391 2658 3770 2740; x_wconf 18' lang='lat' dir='ltr'><strong>divitiainolis,</strong></span> 
     </span>
    </p>
   </div>
   <div class='ocr_carea' id='block_1_53' title="bbox 476 2748 2072 2834">
    <p class='ocr_par' dir='ltr' id='par_1_53' title="bbox 476 2748 2072 2834">
     <span class='ocr_line' id='line_1_53' title="bbox 476 2748 2072 2834; baseline 0.008 -30"><span class='ocrx_word' id='word_1_386' title='bbox 476 2749 805 2816; x_wconf 79' lang='grc' dir='ltr'>σπουδάζεις</span> <span class='ocrx_word' id='word_1_387' title='bbox 830 2748 1085 2820; x_wconf 82' lang='grc' dir='ltr'>θάνατον,</span> <span class='ocrx_word' id='word_1_388' title='bbox 1105 2753 1194 2808; x_wconf 75' lang='grc' dir='ltr'><strong>διὰ</strong></span> <span class='ocrx_word' id='word_1_389' title='bbox 1213 2755 1370 2810; x_wconf 80' lang='grc' dir='ltr'>τοῦτό</span> <span class='ocrx_word' id='word_1_390' title='bbox 1395 2774 1477 2812; x_wconf 89' lang='grc' dir='ltr'><strong>σοι</strong></span> <span class='ocrx_word' id='word_1_391' title='bbox 1503 2759 1596 2814; x_wconf 74' lang='grc' dir='ltr'><strong>καὶ</strong></span> <span class='ocrx_word' id='word_1_392' title='bbox 1619 2761 1652 2832; x_wconf 82' lang='grc' dir='ltr'><strong>ή</strong></span> <span class='ocrx_word' id='word_1_393' title='bbox 1680 2760 1773 2815; x_wconf 87' lang='grc' dir='ltr'><strong>τοῦ</strong></span> <span class='ocrx_word' id='word_1_394' title='bbox 1807 2761 1979 2834; x_wconf 82' lang='grc' dir='ltr'>μύρου</span> <span class='ocrx_word' id='word_1_395' title='bbox 1993 2781 2072 2817; x_wconf 85' lang='grc' dir='ltr'>τι-</span> 
     </span>
    </p>
   </div>
   <div class='ocr_carea' id='block_1_54' title="bbox 477 2843 2067 2926">
    <p class='ocr_par' dir='ltr' id='par_1_54' title="bbox 477 2843 2067 2926">
     <span class='ocr_line' id='line_1_54' title="bbox 477 2843 2067 2926; baseline 0.009 -32"><span class='ocrx_word' id='word_1_396' title='bbox 477 2843 558 2914; x_wconf 77' lang='grc' dir='ltr'>μὴ</span> <span class='ocrx_word' id='word_1_397' title='bbox 588 2843 1087 2912; x_wconf 74' lang='grc' dir='ltr'><strong>περισπούδαστονο</strong></span> <span class='ocrx_word' id='word_1_398' title='bbox 1120 2846 1262 2918; x_wconf 80' lang='grc' dir='ltr'>αῦτη</span> <span class='ocrx_word' id='word_1_399' title='bbox 1274 2847 1331 2902; x_wconf 89' lang='grc' dir='ltr'><strong>δέ</strong></span> <span class='ocrx_word' id='word_1_400' title='bbox 1355 2866 1449 2903; x_wconf 90' lang='grc' dir='ltr'><strong>σου</strong></span> <span class='ocrx_word' id='word_1_401' title='bbox 1463 2850 1841 2924; x_wconf 82' lang='grc' dir='ltr'>τὴνέκθεσμον</span> <span class='ocrx_word' id='word_1_402' title='bbox 1869 2855 2067 2926; x_wconf 77' lang='grc' dir='ltr'>πρᾶξιν</span> 
     </span>
    </p>
   </div>
   <div class='ocr_carea' id='block_1_55' title="bbox 2172 2768 3770 2845">
    <p class='ocr_par' dir='ltr' id='par_1_55' title="bbox 2172 2768 3770 2845">
     <span class='ocr_line' id='line_1_55' title="bbox 2172 2768 3770 2845; baseline -0.006 -16"><span class='ocrx_word' id='word_1_403' title='bbox 2172 2787 2234 2829; x_wconf 87' lang='lat' dir='ltr'><strong>se</strong></span> <span class='ocrx_word' id='word_1_404' title='bbox 2259 2775 2307 2829; x_wconf 91' lang='lat' dir='ltr'><strong>ei</strong></span> <span class='ocrx_word' id='word_1_405' title='bbox 2336 2789 2497 2845; x_wconf 91' lang='lat' dir='ltr'><strong>quem</strong></span> <span class='ocrx_word' id='word_1_406' title='bbox 2526 2773 2684 2845; x_wconf 91' lang='lat' dir='ltr'><strong>cupis</strong></span> <span class='ocrx_word' id='word_1_407' title='bbox 2707 2773 2940 2844; x_wconf 87' lang='lat' dir='ltr'><strong>prodere</strong></span> <span class='ocrx_word' id='word_1_408' title='bbox 2967 2781 3027 2827; x_wconf 88' lang='lat' dir='ltr'><strong>ut</strong></span> <span class='ocrx_word' id='word_1_409' title='bbox 3050 2771 3159 2826; x_wconf 89' lang='lat' dir='ltr'><strong>Deo</strong></span> <span class='ocrx_word' id='word_1_410' title='bbox 3186 2769 3519 2827; x_wconf 78' lang='lat' dir='ltr'><strong>sacrificium</strong></span> <span class='ocrx_word' id='word_1_411' title='bbox 3547 2768 3770 2842; x_wconf 67' lang='lat' dir='ltr'><strong>offerre,</strong></span> 
     </span>
    </p>
   </div>
   <div class='ocr_carea' id='block_1_56' title="bbox 2176 2859 3769 2921">
    <p class='ocr_par' dir='ltr' id='par_1_56' title="bbox 2176 2859 3769 2921">
     <span class='ocr_line' id='line_1_56' title="bbox 2176 2859 3769 2921; baseline -0.004 -3"><span class='ocrx_word' id='word_1_412' title='bbox 2176 2872 2230 2919; x_wconf 87' lang='lat' dir='ltr'><strong>et</strong></span> <span class='ocrx_word' id='word_1_413' title='bbox 2251 2879 2376 2920; x_wconf 89' lang='lat' dir='ltr'><strong>eum</strong></span> <span class='ocrx_word' id='word_1_414' title='bbox 2405 2874 2464 2921; x_wconf 89' lang='lat' dir='ltr'><strong>ut</strong></span> <span class='ocrx_word' id='word_1_415' title='bbox 2491 2864 2660 2921; x_wconf 91' lang='lat' dir='ltr'><strong>Deum</strong></span> <span class='ocrx_word' id='word_1_416' title='bbox 2687 2864 2961 2921; x_wconf 87' lang='lat' dir='ltr'><strong>venerari.</strong></span> <span class='ocrx_word' id='word_1_417' title='bbox 2993 2862 3099 2918; x_wconf 89' lang='lat' dir='ltr'><strong>Sed</strong></span> <span class='ocrx_word' id='word_1_418' title='bbox 3129 2877 3191 2916; x_wconf 90' lang='lat' dir='ltr'><strong>ea</strong></span> <span class='ocrx_word' id='word_1_419' title='bbox 3227 2869 3346 2917; x_wconf 90' lang='lat' dir='ltr'><strong>erat</strong></span> <span class='ocrx_word' id='word_1_420' title='bbox 3369 2859 3562 2915; x_wconf 89' lang='lat' dir='ltr'><strong>Lazari</strong></span> <span class='ocrx_word' id='word_1_421' title='bbox 3591 2874 3769 2917; x_wconf 90' lang='lat' dir='ltr'><strong>soror.</strong></span> 
     </span>
    </p>
   </div>
   <div class='ocr_carea' id='block_1_57' title="bbox 474 2918 2076 3026">
    <p class='ocr_par' dir='ltr' id='par_1_57' title="bbox 474 2918 2073 3018">
     <span class='ocr_line' id='line_1_57' title="bbox 474 2918 2073 3018; baseline 0.006 -28"><span class='ocrx_word' id='word_1_422' title='bbox 474 2935 572 2990; x_wconf 77' lang='grc' dir='ltr'><strong>καὶ</strong></span> <span class='ocrx_word' id='word_1_423' title='bbox 593 2934 660 2988; x_wconf 87' lang='grc' dir='ltr'>δι’</span> <span class='ocrx_word' id='word_1_424' title='bbox 686 2928 763 2990; x_wconf 80' lang='grc' dir='ltr'>ὧν</span> <span class='ocrx_word' id='word_1_425' title='bbox 798 2937 1096 3007; x_wconf 79' lang='grc' dir='ltr'>εἰργάσατο</span> <span class='ocrx_word' id='word_1_426' title='bbox 1127 2939 1451 3010; x_wconf 82' lang='grc' dir='ltr'>στηλιτεύει·</span> <span class='ocrx_word' id='word_1_427' title='bbox 1485 2943 1582 2997; x_wconf 72' lang='grc' dir='ltr'>καὶ</span> <span class='ocrx_word' id='word_1_428' title='bbox 1599 2941 1840 2999; x_wconf 84' lang='grc' dir='ltr'>διδάσκει</span> <span class='ocrx_word' id='word_1_429' title='bbox 1865 2918 1968 3000; x_wconf 70' lang='grc' dir='ltr'><strong>κάν</strong></span> <span class='ocrx_word' id='word_1_430' title='bbox 1997 2947 2073 3018; x_wconf 83' lang='grc' dir='ltr'><strong>μὴ</strong></span> 
     </span>
    </p>
   </div>
   <div class='ocr_carea' id='block_1_58' title="bbox 2181 2918 3772 3026">
    <p class='ocr_par' dir='ltr' id='par_1_58' title="bbox 2181 2952 3772 3026">
     <span class='ocr_line' id='line_1_58' title="bbox 2181 2952 3772 3026; baseline -0.004 -16"><span class='ocrx_word' id='word_1_431' title='bbox 2181 2955 2411 3026; x_wconf 82' lang='lat' dir='ltr'><strong>Reliqua</strong></span> <span class='ocrx_word' id='word_1_432' title='bbox 2444 2971 2574 3012; x_wconf 88' lang='lat' dir='ltr'><strong>vero</strong></span> <span class='ocrx_word' id='word_1_433' title='bbox 2619 2957 2780 3011; x_wconf 87' lang='lat' dir='ltr'><strong>tertia</strong></span> <span class='ocrx_word' id='word_1_434' title='bbox 2806 2971 2994 3011; x_wconf 85' lang='lat' dir='ltr'><strong>earum</strong></span> <span class='ocrx_word' id='word_1_435' title='bbox 3023 2971 3146 3026; x_wconf 68' lang='lat' dir='ltr'><strong>quze</strong></span> <span class='ocrx_word' id='word_1_436' title='bbox 3175 2952 3406 3008; x_wconf 90' lang='lat' dir='ltr'><strong>Domino</strong></span> <span class='ocrx_word' id='word_1_437' title='bbox 3433 2960 3772 3023; x_wconf 83' lang='lat' dir='ltr'><strong>unguentum</strong></span> 
     </span>
    </p>
   </div>
   <div class='ocr_carea' id='block_1_59' title="bbox 479 3027 2074 3106">
    <p class='ocr_par' dir='ltr' id='par_1_59' title="bbox 479 3027 2074 3106">
     <span class='ocr_line' id='line_1_59' title="bbox 479 3027 2074 3106; baseline 0.008 -26"><span class='ocrx_word' id='word_1_438' title='bbox 479 3027 678 3097; x_wconf 86' lang='grc' dir='ltr'>μαθεῖν</span> <span class='ocrx_word' id='word_1_439' title='bbox 711 3029 1036 3102; x_wconf 82' lang='grc' dir='ltr'>ἐπωρώθης,</span> <span class='ocrx_word' id='word_1_440' title='bbox 1070 3032 1153 3085; x_wconf 83' lang='grc' dir='ltr'>ὅτι</span> <span class='ocrx_word' id='word_1_441' title='bbox 1187 3033 1358 3104; x_wconf 83' lang='grc' dir='ltr'>ὅνπερ</span> <span class='ocrx_word' id='word_1_442' title='bbox 1387 3035 1451 3088; x_wconf 81' lang='grc' dir='ltr'><strong>σὺ</strong></span> <span class='ocrx_word' id='word_1_443' title='bbox 1495 3035 1789 3106; x_wconf 89' lang='grc' dir='ltr'>προδοῦναι</span> <span class='ocrx_word' id='word_1_444' title='bbox 1837 3039 2074 3092; x_wconf 79' lang='grc' dir='ltr'>σπουδά·</span> 
     </span>
    </p>
   </div>
   <div class='ocr_carea' id='block_1_60' title="bbox 478 3115 2073 3193">
    <p class='ocr_par' dir='ltr' id='par_1_60' title="bbox 478 3115 2073 3193">
     <span class='ocr_line' id='line_1_60' title="bbox 478 3115 2073 3193; baseline 0.009 -24"><span class='ocrx_word' id='word_1_445' title='bbox 478 3115 619 3184; x_wconf 76' lang='grc' dir='ltr'>ζεις,</span> <span class='ocrx_word' id='word_1_446' title='bbox 650 3118 790 3190; x_wconf 77' lang='grc' dir='ltr'>αὕτη</span> <span class='ocrx_word' id='word_1_447' title='bbox 814 3119 933 3193; x_wconf 85' lang='grc' dir='ltr'><strong>Θεῷ</strong></span> <span class='ocrx_word' id='word_1_448' title='bbox 961 3122 1050 3176; x_wconf 83' lang='grc' dir='ltr'><strong>ίσα</strong></span> <span class='ocrx_word' id='word_1_449' title='bbox 1080 3120 1329 3186; x_wconf 82' lang='grc' dir='ltr'>θυσιάζει</span> <span class='ocrx_word' id='word_1_450' title='bbox 1364 3123 1460 3178; x_wconf 66' lang='grc' dir='ltr'><strong>καί⁵</strong></span> <span class='ocrx_word' id='word_1_451' title='bbox 1485 3125 1700 3180; x_wconf 88' lang='grc' dir='ltr'>σέϐεται</span> <span class='ocrx_word' id='word_1_452' title='bbox 1726 3141 1742 3158; x_wconf 74' lang='grc'>⁸</span> <span class='ocrx_word' id='word_1_453' title='bbox 1792 3128 1927 3182; x_wconf 86' lang='grc' dir='ltr'><strong>ἀλλά</strong></span> <span class='ocrx_word' id='word_1_454' title='bbox 1960 3147 2073 3183; x_wconf 88' lang='grc' dir='ltr'>τοι-</span> 
     </span>
    </p>
   </div>
   <div class='ocr_carea' id='block_1_61' title="bbox 479 3210 2070 3292">
    <p class='ocr_par' dir='ltr' id='par_1_61' title="bbox 479 3210 2070 3292">
     <span class='ocr_line' id='line_1_61' title="bbox 479 3210 2070 3292; baseline 0.006 -26"><span class='ocrx_word' id='word_1_455' title='bbox 479 3210 626 3282; x_wconf 73' lang='grc' dir='ltr'>αύτη</span> <span class='ocrx_word' id='word_1_456' title='bbox 659 3211 760 3284; x_wconf 82' lang='grc' dir='ltr'><strong>μὲν</strong></span> <span class='ocrx_word' id='word_1_457' title='bbox 799 3214 892 3267; x_wconf 74' lang='grc' dir='ltr'><strong>καὶ</strong></span> <span class='ocrx_word' id='word_1_458' title='bbox 925 3215 959 3286; x_wconf 80' lang='grc' dir='ltr'><strong>ἡ</strong></span> <span class='ocrx_word' id='word_1_459' title='bbox 1000 3213 1096 3268; x_wconf 86' lang='grc' dir='ltr'><strong>τοῦ</strong></span> <span class='ocrx_word' id='word_1_460' title='bbox 1141 3216 1400 3288; x_wconf 77' lang='grc' dir='ltr'>Λαζάρου</span> <span class='ocrx_word' id='word_1_461' title='bbox 1429 3216 1661 3289; x_wconf 81' lang='grc' dir='ltr'>ἀδελφή.</span> <span class='ocrx_word' id='word_1_462' title='bbox 1704 3217 1770 3273; x_wconf 87' lang='grc' dir='ltr'><strong>Ἦ</strong></span> <span class='ocrx_word' id='word_1_463' title='bbox 1822 3219 1880 3274; x_wconf 82' lang='grc' dir='ltr'>δὲ</span> <span class='ocrx_word' id='word_1_464' title='bbox 1907 3220 2070 3292; x_wconf 86' lang='grc' dir='ltr'>λοιπὴ</span> 
     </span>
    </p>
   </div>
   <div class='ocr_carea' id='block_1_62' title="bbox 478 3303 2076 3387">
    <p class='ocr_par' dir='ltr' id='par_1_62' title="bbox 478 3303 2076 3387">
     <span class='ocr_line' id='line_1_62' title="bbox 478 3303 2076 3387; baseline 0.007 -30"><span class='ocrx_word' id='word_1_465' title='bbox 478 3303 638 3376; x_wconf 84' lang='grc' dir='ltr'>τρίτη</span> <span class='ocrx_word' id='word_1_466' title='bbox 668 3306 777 3359; x_wconf 86' lang='grc' dir='ltr'><strong>τῶν</strong></span> <span class='ocrx_word' id='word_1_467' title='bbox 805 3307 1186 3378; x_wconf 78' lang='grc' dir='ltr'>ὲπιχεαμένων</span> <span class='ocrx_word' id='word_1_468' title='bbox 1215 3309 1293 3382; x_wconf 83' lang='grc' dir='ltr'>τῷ</span> <span class='ocrx_word' id='word_1_469' title='bbox 1338 3310 1585 3381; x_wconf 69' lang='grc' dir='ltr'>Δεσπ-ὗτῃ</span> <span class='ocrx_word' id='word_1_470' title='bbox 1613 3311 1676 3364; x_wconf 83' lang='grc' dir='ltr'>τὸ</span> <span class='ocrx_word' id='word_1_471' title='bbox 1707 3311 1900 3384; x_wconf 84' lang='grc' dir='ltr'>μύρον,</span> <span class='ocrx_word' id='word_1_472' title='bbox 1943 3316 2076 3387; x_wconf 74' lang='grc' dir='ltr'>περὶ</span> 
     </span>
    </p>
   </div>
   <div class='ocr_carea' id='block_1_63' title="bbox 480 3389 2073 3471">
    <p class='ocr_par' dir='ltr' id='par_1_63' title="bbox 480 3389 2073 3471">
     <span class='ocr_line' id='line_1_63' title="bbox 480 3389 2073 3471; baseline 0.008 -22"><span class='ocrx_word' id='word_1_473' title='bbox 480 3389 552 3466; x_wconf 81' lang='grc' dir='ltr'>ἧς</span> <span class='ocrx_word' id='word_1_474' title='bbox 579 3396 806 3468; x_wconf 86' lang='grc' dir='ltr'>Μάρκος</span> <span class='ocrx_word' id='word_1_475' title='bbox 835 3397 932 3452; x_wconf 78' lang='grc' dir='ltr'><strong>καὶ</strong></span> <span class='ocrx_word' id='word_1_476' title='bbox 971 3399 1252 3464; x_wconf 83' lang='grc' dir='ltr'>Ματθαῖος</span> <span class='ocrx_word' id='word_1_477' title='bbox 1305 3401 1685 3471; x_wconf 82' lang='grc' dir='ltr'>ἱστορήκασιν,</span> <span class='ocrx_word' id='word_1_478' title='bbox 1725 3404 1836 3458; x_wconf 78' lang='grc' dir='ltr'>ἀπὸ</span> <span class='ocrx_word' id='word_1_479' title='bbox 1863 3405 1920 3459; x_wconf 80' lang='grc' dir='ltr'><strong>δὲ</strong></span> <span class='ocrx_word' id='word_1_480' title='bbox 1976 3407 2073 3461; x_wconf 90' lang='grc' dir='ltr'><strong>τοῦ</strong></span> 
     </span>
    </p>
   </div>
   <div class='ocr_carea' id='block_1_64' title="bbox 480 3487 2075 3568">
    <p class='ocr_par' dir='ltr' id='par_1_64' title="bbox 480 3487 2075 3568">
     <span class='ocr_line' id='line_1_64' title="bbox 480 3487 2075 3568; baseline 0.008 -27"><span class='ocrx_word' id='word_1_481' title='bbox 480 3487 584 3558; x_wconf 75' lang='grc' dir='ltr'>τῆς</span> <span class='ocrx_word' id='word_1_482' title='bbox 613 3488 874 3560; x_wconf 84' lang='grc' dir='ltr'>πορνείας</span> <span class='ocrx_word' id='word_1_483' title='bbox 907 3489 1073 3558; x_wconf 80' lang='grc' dir='ltr'>ἄγους</span> <span class='ocrx_word' id='word_1_484' title='bbox 1107 3491 1536 3562; x_wconf 77' lang='grc' dir='ltr'>ἐπονομάζεται,</span> <span class='ocrx_word' id='word_1_485' title='bbox 1567 3495 1626 3547; x_wconf 81' lang='grc' dir='ltr'><strong>ἐν</strong></span> <span class='ocrx_word' id='word_1_486' title='bbox 1680 3497 1745 3567; x_wconf 84' lang='grc' dir='ltr'>τῇ</span> <span class='ocrx_word' id='word_1_487' title='bbox 1779 3495 1929 3568; x_wconf 75' lang='grc' dir='ltr'>οἰκία</span> <span class='ocrx_word' id='word_1_488' title='bbox 1977 3498 2075 3568; x_wconf 84' lang='grc' dir='ltr'><strong>μὲν</strong></span> 
     </span>
    </p>
   </div>
   <div class='ocr_carea' id='block_1_65' title="bbox 477 3584 2077 3662">
    <p class='ocr_par' dir='ltr' id='par_1_65' title="bbox 477 3584 2077 3662">
     <span class='ocr_line' id='line_1_65' title="bbox 477 3584 2077 3662; baseline 0.005 -26"><span class='ocrx_word' id='word_1_489' title='bbox 477 3584 847 3655; x_wconf 80' lang='grc' dir='ltr'>παραγίνεται</span> <span class='ocrx_word' id='word_1_490' title='bbox 876 3585 1124 3656; x_wconf 83' lang='grc' dir='ltr'>Σίμωνος</span> <span class='ocrx_word' id='word_1_491' title='bbox 1154 3586 1249 3640; x_wconf 87' lang='grc' dir='ltr'><strong>τοῦ</strong></span> <span class='ocrx_word' id='word_1_492' title='bbox 1283 3587 1512 3659; x_wconf 81' lang='grc' dir='ltr'>λεπροῦ,</span> <span class='ocrx_word' id='word_1_493' title='bbox 1543 3589 1608 3642; x_wconf 81' lang='grc' dir='ltr'><strong>ὀὐ</strong></span> <span class='ocrx_word' id='word_1_494' title='bbox 1661 3588 1785 3643; x_wconf 83' lang='grc' dir='ltr'>τότε</span> <span class='ocrx_word' id='word_1_495' title='bbox 1832 3589 2077 3662; x_wconf 83' lang='grc' dir='ltr'>λεπρῶν-</span> 
     </span>
    </p>
   </div>
   <div class='ocr_carea' id='block_1_66' title="bbox 475 3675 2076 3752">
    <p class='ocr_par' dir='ltr' id='par_1_66' title="bbox 475 3675 2076 3752">
     <span class='ocr_line' id='line_1_66' title="bbox 475 3675 2076 3752; baseline 0.004 -22"><span class='ocrx_word' id='word_1_496' title='bbox 475 3693 591 3744; x_wconf 75' lang='grc' dir='ltr'>τος,</span> <span class='ocrx_word' id='word_1_497' title='bbox 618 3675 756 3732; x_wconf 74' lang='grc' dir='ltr'>ἀλλὰ</span> <span class='ocrx_word' id='word_1_498' title='bbox 791 3676 957 3732; x_wconf 87' lang='grc' dir='ltr'>πάλαι</span> <span class='ocrx_word' id='word_1_499' title='bbox 989 3678 1089 3749; x_wconf 77' lang='grc' dir='ltr'><strong>μὲν</strong></span> <span class='ocrx_word' id='word_1_500' title='bbox 1120 3678 1199 3750; x_wconf 80' lang='grc' dir='ltr'>τῷ</span> <span class='ocrx_word' id='word_1_501' title='bbox 1232 3679 1400 3734; x_wconf 81' lang='grc' dir='ltr'>πάθει</span> <span class='ocrx_word' id='word_1_502' title='bbox 1431 3680 1822 3752; x_wconf 79' lang='grc' dir='ltr'>κατεχομένου,</span> <span class='ocrx_word' id='word_1_503' title='bbox 1865 3681 1987 3736; x_wconf 85' lang='grc' dir='ltr'>τότε</span> <span class='ocrx_word' id='word_1_504' title='bbox 2019 3681 2076 3737; x_wconf 84' lang='grc' dir='ltr'>δὲ</span> 
     </span>
    </p>
   </div>
   <div class='ocr_carea' id='block_1_67' title="bbox 478 3767 2076 3844">
    <p class='ocr_par' dir='ltr' id='par_1_67' title="bbox 478 3767 2076 3844">
     <span class='ocr_line' id='line_1_67' title="bbox 478 3767 2076 3844; baseline 0.002 -22"><span class='ocrx_word' id='word_1_505' title='bbox 478 3771 549 3840; x_wconf 78' lang='grc' dir='ltr'>τῇ</span> <span class='ocrx_word' id='word_1_506' title='bbox 580 3767 676 3822; x_wconf 83' lang='grc' dir='ltr'><strong>τοῦ</strong></span> <span class='ocrx_word' id='word_1_507' title='bbox 752 3768 928 3839; x_wconf 86' lang='grc' dir='ltr'>Ἰησοῦ</span> <span class='ocrx_word' id='word_1_508' title='bbox 953 3769 1337 3842; x_wconf 76' lang='grc' dir='ltr'>φιλανθρωπίᾳ</span> <span class='ocrx_word' id='word_1_509' title='bbox 1371 3771 1815 3844; x_wconf 87' lang='grc' dir='ltr'>κεκαθαρμένου,</span> <span class='ocrx_word' id='word_1_510' title='bbox 1874 3773 1934 3828; x_wconf 81' lang='grc' dir='ltr'>ὃν</span> <span class='ocrx_word' id='word_1_511' title='bbox 1980 3774 2076 3828; x_wconf 74' lang='grc' dir='ltr'><strong>καὶ</strong></span> 
     </span>
    </p>
   </div>
   <div class='ocr_carea' id='block_1_68' title="bbox 476 3858 2076 3935">
    <p class='ocr_par' dir='ltr' id='par_1_68' title="bbox 476 3858 2076 3935">
     <span class='ocr_line' id='line_1_68' title="bbox 476 3858 2076 3935; baseline 0.006 -25"><span class='ocrx_word' id='word_1_512' title='bbox 476 3859 512 3929; x_wconf 86' lang='grc' dir='ltr'>ἡ</span> <span class='ocrx_word' id='word_1_513' title='bbox 567 3858 742 3931; x_wconf 69' lang='grc' dir='ltr'>πόρνη</span> <span class='ocrx_word' id='word_1_514' title='bbox 784 3861 1227 3931; x_wconf 83' lang='grc' dir='ltr'>συνεπισταμένη</span> <span class='ocrx_word' id='word_1_515' title='bbox 1302 3861 1398 3915; x_wconf 71' lang='grc' dir='ltr'>καὶ</span> <span class='ocrx_word' id='word_1_516' title='bbox 1444 3861 1504 3927; x_wconf 82' lang='grc' dir='ltr'>ἐξ</span> <span class='ocrx_word' id='word_1_517' title='bbox 1549 3863 1664 3916; x_wconf 82' lang='grc' dir='ltr'>οἴου</span> <span class='ocrx_word' id='word_1_518' title='bbox 1703 3863 2076 3935; x_wconf 82' lang='grc' dir='ltr'>βδελύγματος</span> 
     </span>
    </p>
   </div>
   <div class='ocr_carea' id='block_1_69' title="bbox 477 3950 2074 4024">
    <p class='ocr_par' dir='ltr' id='par_1_69' title="bbox 477 3950 2074 4024">
     <span class='ocr_line' id='line_1_69' title="bbox 477 3950 2074 4024; baseline 0.004 -20"><span class='ocrx_word' id='word_1_519' title='bbox 477 3952 565 4016; x_wconf 86' lang='grc' dir='ltr'><strong>εἰς</strong></span> <span class='ocrx_word' id='word_1_520' title='bbox 593 3951 712 4004; x_wconf 80' lang='grc' dir='ltr'>οἵαν</span> <span class='ocrx_word' id='word_1_521' title='bbox 761 3950 884 4022; x_wconf 69' lang='grc' dir='ltr'>ὄψιν</span> <span class='ocrx_word' id='word_1_522' title='bbox 934 3952 1284 4024; x_wconf 81' lang='grc' dir='ltr'>ἀποκατέστη</span> <span class='ocrx_word' id='word_1_523' title='bbox 1324 3953 1417 4006; x_wconf 85' lang='grc' dir='ltr'><strong>τὸν</strong></span> <span class='ocrx_word' id='word_1_524' title='bbox 1457 3953 1662 4024; x_wconf 85' lang='grc' dir='ltr'>χρῶτα,</span> <span class='ocrx_word' id='word_1_525' title='bbox 1725 3955 1946 4019; x_wconf 75' lang='grc' dir='ltr'>ἐλπίδας</span> <span class='ocrx_word' id='word_1_526' title='bbox 2013 3973 2074 4010; x_wconf 87' lang='grc' dir='ltr'><strong>τε</strong></span> 
     </span>
    </p>
   </div>
   <div class='ocr_carea' id='block_1_70' title="bbox 478 4043 2071 4119">
    <p class='ocr_par' dir='ltr' id='par_1_70' title="bbox 478 4043 2071 4119">
     <span class='ocr_line' id='line_1_70' title="bbox 478 4043 2071 4119; baseline 0.001 -20"><span class='ocrx_word' id='word_1_527' title='bbox 478 4043 826 4114; x_wconf 81' lang='grc' dir='ltr'>ἀνελάμϐανε</span> <span class='ocrx_word' id='word_1_528' title='bbox 859 4045 1101 4117; x_wconf 77' lang='grc' dir='ltr'>χρηστὰς</span> <span class='ocrx_word' id='word_1_529' title='bbox 1133 4046 1519 4118; x_wconf 81' lang='grc' dir='ltr'>ἀπαλλαγῆναι</span> <span class='ocrx_word' id='word_1_530' title='bbox 1551 4045 1646 4100; x_wconf 87' lang='grc' dir='ltr'><strong>τοῦ</strong></span> <span class='ocrx_word' id='word_1_531' title='bbox 1691 4046 1929 4118; x_wconf 78' lang='grc' dir='ltr'>ψυχικοῦ</span> <span class='ocrx_word' id='word_1_532' title='bbox 1952 4048 2071 4119; x_wconf 80' lang='grc' dir='ltr'>-μῦ-</span> 
     </span>
    </p>
   </div>
   <div class='ocr_carea' id='block_1_71' title="bbox 482 4139 2070 4213">
    <p class='ocr_par' dir='ltr' id='par_1_71' title="bbox 482 4139 2070 4213">
     <span class='ocr_line' id='line_1_71' title="bbox 482 4139 2070 4213; baseline 0.001 -20"><span class='ocrx_word' id='word_1_533' title='bbox 482 4156 634 4203; x_wconf 79' lang='grc' dir='ltr'>σους,</span> <span class='ocrx_word' id='word_1_534' title='bbox 667 4139 761 4193; x_wconf 77' lang='grc' dir='ltr'>καὶ</span> <span class='ocrx_word' id='word_1_535' title='bbox 781 4140 1097 4213; x_wconf 73' lang='grc' dir='ltr'>παρρησίας</span> <span class='ocrx_word' id='word_1_536' title='bbox 1144 4140 1355 4210; x_wconf 71' lang='grc' dir='ltr'>ἐγίνετο</span> <span class='ocrx_word' id='word_1_537' title='bbox 1414 4140 1734 4210; x_wconf 77' lang='grc' dir='ltr'>προσελθεῖν</span> <span class='ocrx_word' id='word_1_538' title='bbox 1759 4139 1837 4211; x_wconf 81' lang='grc' dir='ltr'><strong>τῷ</strong></span> <span class='ocrx_word' id='word_1_539' title='bbox 1870 4139 2070 4212; x_wconf 86' lang='grc' dir='ltr'>Ἰησοῦ,</span> 
     </span>
    </p>
   </div>
   <div class='ocr_carea' id='block_1_72' title="bbox 479 4230 2068 4304">
    <p class='ocr_par' dir='ltr' id='par_1_72' title="bbox 479 4230 2068 4304">
     <span class='ocr_line' id='line_1_72' title="bbox 479 4230 2068 4304; baseline -0.001 -19"><span class='ocrx_word' id='word_1_540' title='bbox 479 4231 580 4285; x_wconf 74' lang='grc' dir='ltr'>καὶ</span> <span class='ocrx_word' id='word_1_541' title='bbox 609 4230 674 4301; x_wconf 74' lang='grc' dir='ltr'>δὴ</span> <span class='ocrx_word' id='word_1_542' title='bbox 703 4230 1077 4302; x_wconf 84' lang='grc' dir='ltr'>προσελθοῦσα</span> <span class='ocrx_word' id='word_1_543' title='bbox 1102 4230 1202 4302; x_wconf 81' lang='grc' dir='ltr'><strong>οὐχ</strong></span> <span class='ocrx_word' id='word_1_544' title='bbox 1223 4231 1454 4285; x_wconf 76' lang='grc' dir='ltr'>ἅπτεται</span> <span class='ocrx_word' id='word_1_545' title='bbox 1493 4231 1593 4301; x_wconf 75' lang='grc' dir='ltr'>μὲν</span> <span class='ocrx_word' id='word_1_546' title='bbox 1641 4232 1707 4303; x_wconf 84' lang='grc' dir='ltr'>τῇ</span> <span class='ocrx_word' id='word_1_547' title='bbox 1744 4232 1912 4304; x_wconf 71' lang='grc' dir='ltr'>χειρὶ,</span> <span class='ocrx_word' id='word_1_548' title='bbox 1944 4231 2068 4285; x_wconf 84' lang='grc' dir='ltr'>οὐδὲ</span> 
     </span>
    </p>
   </div>
   <div class='ocr_carea' id='block_1_73' title="bbox 480 4319 2072 4394">
    <p class='ocr_par' dir='ltr' id='par_1_73' title="bbox 480 4319 2072 4394">
     <span class='ocr_line' id='line_1_73' title="bbox 480 4319 2072 4394; baseline -0.001 -18"><span class='ocrx_word' id='word_1_549' title='bbox 480 4323 604 4388; x_wconf 81' lang='grc' dir='ltr'>ταῖς</span> <span class='ocrx_word' id='word_1_550' title='bbox 632 4321 806 4393; x_wconf 73' lang='grc' dir='ltr'>θριξὶν</span> <span class='ocrx_word' id='word_1_551' title='bbox 855 4322 1125 4394; x_wconf 83' lang='grc' dir='ltr'>ὲκμάσσει</span> <span class='ocrx_word' id='word_1_552' title='bbox 1181 4341 1195 4354; x_wconf 87' lang='grc'><strong>·</strong></span> <span class='ocrx_word' id='word_1_553' title='bbox 1223 4321 1343 4376; x_wconf 79' lang='grc' dir='ltr'>οὐδὲ</span> <span class='ocrx_word' id='word_1_554' title='bbox 1377 4321 1487 4392; x_wconf 83' lang='grc' dir='ltr'><strong>γάρ</strong></span> <span class='ocrx_word' id='word_1_555' title='bbox 1523 4321 1706 4377; x_wconf 76' lang='grc' dir='ltr'>οὐδενὶ</span> <span class='ocrx_word' id='word_1_556' title='bbox 1759 4321 1910 4392; x_wconf 88' lang='grc' dir='ltr'>μέλει</span> <span class='ocrx_word' id='word_1_557' title='bbox 1975 4319 2072 4374; x_wconf 87' lang='grc' dir='ltr'><strong>τοῦ</strong></span> 
     </span>
    </p>
   </div>
   <div class='ocr_carea' id='block_1_74' title="bbox 484 4411 2076 4486">
    <p class='ocr_par' dir='ltr' id='par_1_74' title="bbox 484 4411 2076 4486">
     <span class='ocr_line' id='line_1_74' title="bbox 484 4411 2076 4486; baseline -0.004 -16"><span class='ocrx_word' id='word_1_558' title='bbox 484 4415 741 4486; x_wconf 85' lang='grc' dir='ltr'>σώματος</span> <span class='ocrx_word' id='word_1_559' title='bbox 786 4413 991 4486; x_wconf 84' lang='grc' dir='ltr'>ψαῦσαι</span> <span class='ocrx_word' id='word_1_560' title='bbox 1027 4413 1121 4468; x_wconf 89' lang='grc' dir='ltr'><strong>τοῦ</strong></span> <span class='ocrx_word' id='word_1_561' title='bbox 1171 4414 1423 4484; x_wconf 83' lang='grc' dir='ltr'>Σωτῆρος</span> <span class='ocrx_word' id='word_1_562' title='bbox 1473 4411 1782 4483; x_wconf 85' lang='grc' dir='ltr'>ἀτόλμητον</span> <span class='ocrx_word' id='word_1_563' title='bbox 1817 4413 2076 4478; x_wconf 79' lang='grc' dir='ltr'>ἐποιεῖτο,</span> 
     </span>
    </p>
   </div>
   <div class='ocr_carea' id='block_1_75' title="bbox 483 4503 2076 4579">
    <p class='ocr_par' dir='ltr' id='par_1_75' title="bbox 483 4503 2076 4579">
     <span class='ocr_line' id='line_1_75' title="bbox 483 4503 2076 4579; baseline -0.006 -14"><span class='ocrx_word' id='word_1_564' title='bbox 483 4509 604 4565; x_wconf 83' lang='grc' dir='ltr'>ἀλλ’</span> <span class='ocrx_word' id='word_1_565' title='bbox 635 4507 912 4579; x_wconf 77' lang='grc' dir='ltr'>ἄψαυστον</span> <span class='ocrx_word' id='word_1_566' title='bbox 962 4507 1096 4562; x_wconf 80' lang='grc' dir='ltr'>αὐτὸ</span> <span class='ocrx_word' id='word_1_567' title='bbox 1146 4505 1241 4561; x_wconf 89' lang='grc' dir='ltr'><strong>τοῦ</strong></span> <span class='ocrx_word' id='word_1_568' title='bbox 1270 4505 1664 4579; x_wconf 77' lang='grc' dir='ltr'>ὲρῤυπωμένου</span> <span class='ocrx_word' id='word_1_569' title='bbox 1708 4503 1918 4576; x_wconf 83' lang='grc' dir='ltr'>χρωτὸς</span> <span class='ocrx_word' id='word_1_570' title='bbox 1947 4521 2076 4558; x_wconf 88' lang='grc' dir='ltr'>συν-</span> 
     </span>
    </p>
   </div>
   <div class='ocr_carea' id='block_1_76' title="bbox 481 4597 2080 4674">
    <p class='ocr_par' dir='ltr' id='par_1_76' title="bbox 481 4597 2080 4674">
     <span class='ocr_line' id='line_1_76' title="bbox 481 4597 2080 4674; baseline -0.004 -17"><span class='ocrx_word' id='word_1_571' title='bbox 481 4601 755 4674; x_wconf 86' lang='grc' dir='ltr'>τηροῦσα,</span> <span class='ocrx_word' id='word_1_572' title='bbox 789 4601 1014 4656; x_wconf 87' lang='grc' dir='ltr'>κλέπτει</span> <span class='ocrx_word' id='word_1_573' title='bbox 1042 4601 1144 4670; x_wconf 85' lang='grc' dir='ltr'><strong>τὴν</strong></span> <span class='ocrx_word' id='word_1_574' title='bbox 1173 4599 1262 4653; x_wconf 78' lang='grc' dir='ltr'>διὰ</span> <span class='ocrx_word' id='word_1_575' title='bbox 1287 4599 1380 4653; x_wconf 87' lang='grc' dir='ltr'><strong>τοῦ</strong></span> <span class='ocrx_word' id='word_1_576' title='bbox 1417 4599 1594 4670; x_wconf 85' lang='grc' dir='ltr'>μύρου</span> <span class='ocrx_word' id='word_1_577' title='bbox 1631 4597 1798 4669; x_wconf 82' lang='grc' dir='ltr'>τιμὴν</span> <span class='ocrx_word' id='word_1_578' title='bbox 1845 4597 1939 4652; x_wconf 77' lang='grc' dir='ltr'>καὶ</span> <span class='ocrx_word' id='word_1_579' title='bbox 1987 4597 2080 4651; x_wconf 85' lang='grc' dir='ltr'>θυ-</span> 
     </span>
    </p>
   </div>
   <div class='ocr_carea' id='block_1_77' title="bbox 486 4690 2077 4766">
    <p class='ocr_par' dir='ltr' id='par_1_77' title="bbox 486 4690 2077 4766">
     <span class='ocr_line' id='line_1_77' title="bbox 486 4690 2077 4766; baseline -0.003 -16"><span class='ocrx_word' id='word_1_580' title='bbox 486 4697 613 4750; x_wconf 88' lang='grc' dir='ltr'>σίαν</span> <span class='ocrx_word' id='word_1_581' title='bbox 633 4712 649 4728; x_wconf 86' lang='grc'><strong>·</strong></span> <span class='ocrx_word' id='word_1_582' title='bbox 683 4697 778 4750; x_wconf 75' lang='grc' dir='ltr'>καὶ</span> <span class='ocrx_word' id='word_1_583' title='bbox 803 4695 864 4749; x_wconf 78' lang='grc' dir='ltr'>τὸ</span> <span class='ocrx_word' id='word_1_584' title='bbox 889 4694 1231 4766; x_wconf 80' lang='grc' dir='ltr'>ἀλάϐαστρον</span> <span class='ocrx_word' id='word_1_585' title='bbox 1263 4692 1625 4765; x_wconf 68' lang='grc' dir='ltr'>συντρίψασα,</span> <span class='ocrx_word' id='word_1_586' title='bbox 1656 4690 1854 4762; x_wconf 84' lang='grc' dir='ltr'>ἀθρόον</span> <span class='ocrx_word' id='word_1_587' title='bbox 1879 4691 1943 4745; x_wconf 80' lang='grc' dir='ltr'>τὸ</span> <span class='ocrx_word' id='word_1_588' title='bbox 1972 4691 2077 4763; x_wconf 83' lang='grc' dir='ltr'>μύ-</span> 
     </span>
    </p>
   </div>
   <div class='ocr_carea' id='block_1_78' title="bbox 488 4783 2080 4858">
    <p class='ocr_par' dir='ltr' id='par_1_78' title="bbox 488 4783 2080 4858">
     <span class='ocr_line' id='line_1_78' title="bbox 488 4783 2080 4858; baseline -0.001 -18"><span class='ocrx_word' id='word_1_589' title='bbox 488 4804 583 4858; x_wconf 77' lang='grc' dir='ltr'><strong>ρον</strong></span> <span class='ocrx_word' id='word_1_590' title='bbox 603 4787 701 4858; x_wconf 85' lang='grc' dir='ltr'>τῆς</span> <span class='ocrx_word' id='word_1_591' title='bbox 721 4787 968 4858; x_wconf 78' lang='grc' dir='ltr'>κεφαλῆς</span> <span class='ocrx_word' id='word_1_592' title='bbox 992 4785 1201 4857; x_wconf 80' lang='grc' dir='ltr'>ὲπιχέει</span> <span class='ocrx_word' id='word_1_593' title='bbox 1223 4801 1237 4818; x_wconf 88' lang='grc'><strong>·</strong></span> <span class='ocrx_word' id='word_1_594' title='bbox 1269 4785 1362 4839; x_wconf 63' lang='grc' dir='ltr'><strong>κα)⁸</strong></span> <span class='ocrx_word' id='word_1_595' title='bbox 1381 4785 1748 4855; x_wconf 76' lang='grc' dir='ltr'>ἀγανακτοῦσι</span> <span class='ocrx_word' id='word_1_596' title='bbox 1775 4783 2080 4854; x_wconf 83' lang='grc' dir='ltr'>τηνικαῦτα</span> 
     </span>
    </p>
   </div>
   <div class='ocr_carea' id='block_1_79' title="bbox 482 4875 2080 4949">
    <p class='ocr_par' dir='ltr' id='par_1_79' title="bbox 482 4875 2080 4949">
     <span class='ocr_line' id='line_1_79' title="bbox 482 4875 2080 4949; baseline 0.001 -19"><span class='ocrx_word' id='word_1_597' title='bbox 482 4878 584 4948; x_wconf 78' lang='grc' dir='ltr'><strong>οὐχ</strong></span> <span class='ocrx_word' id='word_1_598' title='bbox 617 4877 646 4931; x_wconf 85' lang='grc' dir='ltr'>ὁ</span> <span class='ocrx_word' id='word_1_599' title='bbox 688 4878 1007 4948; x_wconf 84' lang='grc' dir='ltr'>Φαρισαῖος,</span> <span class='ocrx_word' id='word_1_600' title='bbox 1037 4876 1161 4931; x_wconf 83' lang='grc' dir='ltr'>οὐδὲ</span> <span class='ocrx_word' id='word_1_601' title='bbox 1207 4876 1370 4948; x_wconf 85' lang='grc' dir='ltr'>μόνος</span> <span class='ocrx_word' id='word_1_602' title='bbox 1415 4878 1443 4930; x_wconf 85' lang='grc' dir='ltr'>ὁ</span> <span class='ocrx_word' id='word_1_603' title='bbox 1473 4875 1756 4949; x_wconf 84' lang='grc' dir='ltr'>προδότης,</span> <span class='ocrx_word' id='word_1_604' title='bbox 1799 4875 1937 4932; x_wconf 83' lang='grc' dir='ltr'>ἀλλὰ</span> <span class='ocrx_word' id='word_1_605' title='bbox 1971 4876 2080 4931; x_wconf 84' lang='grc' dir='ltr'><strong>τῶν</strong></span> 
     </span>
    </p>
   </div>
   <div class='ocr_carea' id='block_1_80' title="bbox 489 4965 2080 5042">
    <p class='ocr_par' dir='ltr' id='par_1_80' title="bbox 489 4965 2080 5042">
     <span class='ocr_line' id='line_1_80' title="bbox 489 4965 2080 5042; baseline -0.001 -18"><span class='ocrx_word' id='word_1_606' title='bbox 489 4969 748 5042; x_wconf 79' lang='grc' dir='ltr'>μαθητῶν</span> <span class='ocrx_word' id='word_1_607' title='bbox 805 4969 907 5024; x_wconf 82' lang='grc' dir='ltr'><strong>οὐκ</strong></span> <span class='ocrx_word' id='word_1_608' title='bbox 955 4965 1151 5038; x_wconf 78' lang='grc' dir='ltr'>ὀλίγοι.</span> <span class='ocrx_word' id='word_1_609' title='bbox 1191 4967 1257 5024; x_wconf 87' lang='grc' dir='ltr'><strong>Ἦ</strong></span> <span class='ocrx_word' id='word_1_610' title='bbox 1305 4968 1362 5022; x_wconf 85' lang='grc' dir='ltr'>δὲ</span> <span class='ocrx_word' id='word_1_611' title='bbox 1418 4967 1758 5040; x_wconf 86' lang='grc' dir='ltr'>γεγενημένη</span> <span class='ocrx_word' id='word_1_612' title='bbox 1806 4968 2080 5038; x_wconf 84' lang='grc' dir='ltr'>διαφόρως</span> 
     </span>
    </p>
   </div>
   <div class='ocr_carea' id='block_1_81' title="bbox 483 5061 2080 5139">
    <p class='ocr_par' dir='ltr' id='par_1_81' title="bbox 483 5061 2080 5139">
     <span class='ocr_line' id='line_1_81' title="bbox 483 5061 2080 5139; baseline -0.001 -22"><span class='ocrx_word' id='word_1_613' title='bbox 483 5062 863 5139; x_wconf 71' lang='grc' dir='ltr'>ἀγανάκτησις</span> <span class='ocrx_word' id='word_1_614' title='bbox 897 5063 1000 5117; x_wconf 79' lang='grc' dir='ltr'><strong>οὐκ</strong></span> <span class='ocrx_word' id='word_1_615' title='bbox 1030 5063 1140 5116; x_wconf 83' lang='grc' dir='ltr'><strong>ἀπὸ</strong></span> <span class='ocrx_word' id='word_1_616' title='bbox 1162 5062 1264 5134; x_wconf 84' lang='grc' dir='ltr'>τῆς</span> <span class='ocrx_word' id='word_1_617' title='bbox 1293 5063 1466 5133; x_wconf 79' lang='grc' dir='ltr'>αὐτῆς</span> <span class='ocrx_word' id='word_1_618' title='bbox 1510 5061 1897 5134; x_wconf 75' lang='grc' dir='ltr'>ἀνερριπίζετο</span> <span class='ocrx_word' id='word_1_619' title='bbox 1939 5061 2080 5131; x_wconf 87' lang='grc' dir='ltr'>γνώ-</span> 
     </span>
    </p>
   </div>
   <div class='ocr_carea' id='block_1_82' title="bbox 488 5153 2080 5228">
    <p class='ocr_par' dir='ltr' id='par_1_82' title="bbox 488 5153 2080 5228">
     <span class='ocr_line' id='line_1_82' title="bbox 488 5153 2080 5228; baseline -0.003 -16"><span class='ocrx_word' id='word_1_620' title='bbox 488 5173 620 5225; x_wconf 85' lang='grc' dir='ltr'>μης,</span> <span class='ocrx_word' id='word_1_621' title='bbox 650 5155 790 5210; x_wconf 80' lang='grc' dir='ltr'><strong>ἀλλά</strong></span> <span class='ocrx_word' id='word_1_622' title='bbox 836 5155 932 5210; x_wconf 82' lang='grc' dir='ltr'><strong>τοῦ</strong></span> <span class='ocrx_word' id='word_1_623' title='bbox 975 5156 1075 5228; x_wconf 82' lang='grc' dir='ltr'>μὲν</span> <span class='ocrx_word' id='word_1_624' title='bbox 1109 5155 1352 5227; x_wconf 86' lang='grc' dir='ltr'>Σίμωνος</span> <span class='ocrx_word' id='word_1_625' title='bbox 1402 5155 1478 5220; x_wconf 87' lang='grc' dir='ltr'>ὡς</span> <span class='ocrx_word' id='word_1_626' title='bbox 1521 5155 1675 5210; x_wconf 78' lang='grc' dir='ltr'>οὐδὲν</span> <span class='ocrx_word' id='word_1_627' title='bbox 1712 5153 1915 5226; x_wconf 68' lang='grc' dir='ltr'>ὑψηλὸν</span> <span class='ocrx_word' id='word_1_628' title='bbox 1949 5155 2080 5224; x_wconf 81' lang='grc' dir='ltr'><strong>περὶ</strong></span> 
     </span>
    </p>
   </div>
   <div class='ocr_carea' id='block_1_83' title="bbox 481 5245 2081 5318">
    <p class='ocr_par' dir='ltr' id='par_1_83' title="bbox 481 5245 2081 5318">
     <span class='ocr_line' id='line_1_83' title="bbox 481 5245 2081 5318; baseline 0 -19"><span class='ocrx_word' id='word_1_629' title='bbox 481 5245 579 5302; x_wconf 64' lang='grc' dir='ltr'><strong>τὶν</strong></span> <span class='ocrx_word' id='word_1_630' title='bbox 609 5245 953 5318; x_wconf 87' lang='grc' dir='ltr'>θεραπευτὴν</span> <span class='ocrx_word' id='word_1_631' title='bbox 995 5246 1093 5300; x_wconf 79' lang='grc' dir='ltr'>καὶ</span> <span class='ocrx_word' id='word_1_632' title='bbox 1139 5248 1373 5318; x_wconf 82' lang='grc' dir='ltr'>Σωτῆρα</span> <span class='ocrx_word' id='word_1_633' title='bbox 1408 5245 1844 5317; x_wconf 85' lang='grc' dir='ltr'>φανταζομένου,</span> <span class='ocrx_word' id='word_1_634' title='bbox 1885 5245 1980 5301; x_wconf 86' lang='grc' dir='ltr'><strong>τοῦ</strong></span> <span class='ocrx_word' id='word_1_635' title='bbox 2023 5245 2081 5299; x_wconf 80' lang='grc' dir='ltr'>δὲ</span> 
     </span>
    </p>
   </div>
   <div class='ocr_carea' id='block_1_84' title="bbox 482 5337 2076 5412">
    <p class='ocr_par' dir='ltr' id='par_1_84' title="bbox 482 5337 2076 5412">
     <span class='ocr_line' id='line_1_84' title="bbox 482 5337 2076 5412; baseline -0.002 -19"><span class='ocrx_word' id='word_1_636' title='bbox 482 5337 662 5393; x_wconf 78' lang='grc' dir='ltr'>Ἰούδα</span> <span class='ocrx_word' id='word_1_637' title='bbox 690 5338 768 5404; x_wconf 85' lang='grc' dir='ltr'>ὡς</span> <span class='ocrx_word' id='word_1_638' title='bbox 795 5337 874 5410; x_wconf 82' lang='grc' dir='ltr'>τῷ</span> <span class='ocrx_word' id='word_1_639' title='bbox 908 5338 1008 5410; x_wconf 81' lang='grc' dir='ltr'>τῆς</span> <span class='ocrx_word' id='word_1_640' title='bbox 1047 5339 1414 5412; x_wconf 83' lang='grc' dir='ltr'>φιλαργυρίας</span> <span class='ocrx_word' id='word_1_641' title='bbox 1444 5338 1607 5393; x_wconf 87' lang='grc' dir='ltr'>πάθει</span> <span class='ocrx_word' id='word_1_642' title='bbox 1641 5339 2076 5410; x_wconf 82' lang='grc' dir='ltr'>κεκρατημένου,</span> 
     </span>
    </p>
   </div>
   <div class='ocr_carea' id='block_1_85' title="bbox 481 5429 2078 5502">
    <p class='ocr_par' dir='ltr' id='par_1_85' title="bbox 481 5429 2078 5502">
     <span class='ocr_line' id='line_1_85' title="bbox 481 5429 2078 5502; baseline -0.001 -19"><span class='ocrx_word' id='word_1_643' title='bbox 481 5430 600 5484; x_wconf 77' lang='grc' dir='ltr'>τῶν</span> <span class='ocrx_word' id='word_1_644' title='bbox 634 5429 691 5485; x_wconf 79' lang='grc' dir='ltr'>δὲ</span> <span class='ocrx_word' id='word_1_645' title='bbox 733 5431 994 5502; x_wconf 83' lang='grc' dir='ltr'>μαθητῶν</span> <span class='ocrx_word' id='word_1_646' title='bbox 1027 5430 1102 5493; x_wconf 84' lang='grc' dir='ltr'>ὡς</span> <span class='ocrx_word' id='word_1_647' title='bbox 1129 5430 1264 5500; x_wconf 80' lang='grc' dir='ltr'>ἐλέῳ</span> <span class='ocrx_word' id='word_1_648' title='bbox 1297 5430 1404 5485; x_wconf 85' lang='grc' dir='ltr'><strong>τῶν</strong></span> <span class='ocrx_word' id='word_1_649' title='bbox 1438 5429 1752 5500; x_wconf 90' lang='grc' dir='ltr'>πενομένων</span> <span class='ocrx_word' id='word_1_650' title='bbox 1795 5429 2078 5498; x_wconf 74' lang='grc' dir='ltr'>ἐκνενικη-</span> 
     </span>
    </p>
   </div>
   <div class='ocr_carea' id='block_1_86' title="bbox 491 5520 2080 5595">
    <p class='ocr_par' dir='ltr' id='par_1_86' title="bbox 491 5520 2080 5595">
     <span class='ocr_line' id='line_1_86' title="bbox 491 5520 2080 5595; baseline 0.001 -21"><span class='ocrx_word' id='word_1_651' title='bbox 491 5522 671 5594; x_wconf 82' lang='grc' dir='ltr'>μένων</span> <span class='ocrx_word' id='word_1_652' title='bbox 693 5538 707 5555; x_wconf 78' lang='grc' dir='ltr'><strong><em>ο</em></strong></span> <span class='ocrx_word' id='word_1_653' title='bbox 743 5524 842 5594; x_wconf 86' lang='grc' dir='ltr'><strong>οὐχ</strong></span> <span class='ocrx_word' id='word_1_654' title='bbox 873 5523 1016 5578; x_wconf 84' lang='grc' dir='ltr'>ὥστε</span> <span class='ocrx_word' id='word_1_655' title='bbox 1057 5522 1119 5577; x_wconf 80' lang='grc' dir='ltr'>τὸ</span> <span class='ocrx_word' id='word_1_656' title='bbox 1149 5523 1480 5577; x_wconf 68' lang='grc' dir='ltr'>Δεσποτικδν</span> <span class='ocrx_word' id='word_1_657' title='bbox 1517 5521 1737 5595; x_wconf 87' lang='grc' dir='ltr'>φίλτρον</span> <span class='ocrx_word' id='word_1_658' title='bbox 1785 5521 1879 5576; x_wconf 76' lang='grc' dir='ltr'>καὶ</span> <span class='ocrx_word' id='word_1_659' title='bbox 1915 5520 2080 5585; x_wconf 83' lang='grc' dir='ltr'>σέϐας</span> 
     </span>
    </p>
   </div>
   <div class='ocr_carea' id='block_1_87' title="bbox 487 5614 2079 5689">
    <p class='ocr_par' dir='ltr' id='par_1_87' title="bbox 487 5614 2079 5689">
     <span class='ocr_line' id='line_1_87' title="bbox 487 5614 2079 5689; baseline -0.002 -18"><span class='ocrx_word' id='word_1_660' title='bbox 487 5615 974 5689; x_wconf 71' lang='grc' dir='ltr'>ενδευτερωθῆναι,</span> <span class='ocrx_word' id='word_1_661' title='bbox 1018 5615 1134 5670; x_wconf 81' lang='grc' dir='ltr'>ἀλλ’</span> <span class='ocrx_word' id='word_1_662' title='bbox 1165 5617 1248 5670; x_wconf 85' lang='grc' dir='ltr'>ὅτι</span> <span class='ocrx_word' id='word_1_663' title='bbox 1283 5617 1536 5671; x_wconf 70' lang='grc' dir='ltr'>κάκεῖνον</span> <span class='ocrx_word' id='word_1_664' title='bbox 1560 5615 1782 5687; x_wconf 80' lang='grc' dir='ltr'>ᾔδεισαν</span> <span class='ocrx_word' id='word_1_665' title='bbox 1807 5615 1902 5670; x_wconf 74' lang='grc' dir='ltr'>τὸν</span> <span class='ocrx_word' id='word_1_666' title='bbox 1931 5614 2079 5669; x_wconf 79' lang='grc' dir='ltr'>ἔλεον</span> 
     </span>
    </p>
   </div>
   <div class='ocr_carea' id='block_1_88' title="bbox 492 5707 2077 5782">
    <p class='ocr_par' dir='ltr' id='par_1_88' title="bbox 492 5707 2077 5782">
     <span class='ocr_line' id='line_1_88' title="bbox 492 5707 2077 5782; baseline -0.002 -19"><span class='ocrx_word' id='word_1_667' title='bbox 492 5709 589 5764; x_wconf 71' lang='grc' dir='ltr'><strong>καὶ</strong></span> <span class='ocrx_word' id='word_1_668' title='bbox 615 5708 788 5782; x_wconf 78' lang='grc' dir='ltr'>αὐτῆς</span> <span class='ocrx_word' id='word_1_669' title='bbox 815 5709 1176 5782; x_wconf 78' lang='grc' dir='ltr'>προκρίνοντα</span> <span class='ocrx_word' id='word_1_670' title='bbox 1193 5709 1293 5781; x_wconf 84' lang='grc' dir='ltr'><strong>τῆς</strong></span> <span class='ocrx_word' id='word_1_671' title='bbox 1318 5709 1525 5773; x_wconf 80' lang='grc' dir='ltr'>θυσίας·</span> <span class='ocrx_word' id='word_1_672' title='bbox 1561 5708 1747 5764; x_wconf 86' lang='grc' dir='ltr'>Ἔλεον</span> <span class='ocrx_word' id='word_1_673' title='bbox 1767 5707 1896 5782; x_wconf 79' lang='grc' dir='ltr'>γὰρ,</span> <span class='ocrx_word' id='word_1_674' title='bbox 1922 5708 2077 5779; x_wconf 67' lang='grc' dir='ltr'>φησὶ,</span> 
     </span>
    </p>
   </div>
   <div class='ocr_carea' id='block_1_89' title="bbox 533 5823 1517 5891">
    <p class='ocr_par' dir='ltr' id='par_1_89' title="bbox 533 5823 1517 5891">
     <span class='ocr_line' id='line_1_89' title="bbox 533 5823 1517 5891; baseline -0.006 -9"><span class='ocrx_word' id='word_1_675' title='bbox 533 5827 577 5862; x_wconf 77' lang='grc'>⁸⁸</span> <span class='ocrx_word' id='word_1_676' title='bbox 602 5823 736 5882; x_wconf 85' lang='lat' dir='ltr'><strong>Luc.</strong></span> <span class='ocrx_word' id='word_1_677' title='bbox 768 5841 868 5891; x_wconf 81' lang='lat' dir='ltr'><strong>vit,</strong></span> <span class='ocrx_word' id='word_1_678' title='bbox 907 5826 996 5883; x_wconf 83' lang='grc'><strong>50.</strong></span> <span class='ocrx_word' id='word_1_679' title='bbox 1073 5825 1116 5858; x_wconf 81' lang='grc' dir='ltr'><strong>⁷ο</strong></span> <span class='ocrx_word' id='word_1_680' title='bbox 1157 5823 1314 5880; x_wconf 81' lang='lat' dir='ltr'><strong>.luan.</strong></span> <span class='ocrx_word' id='word_1_681' title='bbox 1344 5837 1435 5886; x_wconf 73' lang='lat' dir='ltr'><strong>xu,</strong></span> <span class='ocrx_word' id='word_1_682' title='bbox 1467 5824 1517 5876; x_wconf 91' lang='lat'><strong>7.</strong></span> 
     </span>
    </p>
   </div>
   <div class='ocr_carea' id='block_1_90' title="bbox 2180 3042 3763 3119">
    <p class='ocr_par' dir='ltr' id='par_1_90' title="bbox 2180 3042 3763 3119">
     <span class='ocr_line' id='line_1_90' title="bbox 2180 3042 3763 3119; baseline -0.006 -14"><span class='ocrx_word' id='word_1_683' title='bbox 2180 3049 2524 3114; x_wconf 76' lang='lat' dir='ltr'><strong>effuderunt,</strong></span> <span class='ocrx_word' id='word_1_684' title='bbox 2563 3049 2725 3119; x_wconf 85' lang='lat' dir='ltr'><strong>cujus</strong></span> <span class='ocrx_word' id='word_1_685' title='bbox 2769 3048 2985 3103; x_wconf 84' lang='lat' dir='ltr'><strong>Marcus</strong></span> <span class='ocrx_word' id='word_1_686' title='bbox 3014 3057 3068 3103; x_wconf 88' lang='lat' dir='ltr'><strong>et</strong></span> <span class='ocrx_word' id='word_1_687' title='bbox 3123 3046 3413 3101; x_wconf 72' lang='lat' dir='ltr'><strong>Matthreus</strong></span> <span class='ocrx_word' id='word_1_688' title='bbox 3467 3042 3763 3098; x_wconf 87' lang='lat' dir='ltr'><strong>historiam</strong></span> 
     </span>
    </p>
   </div>
   <div class='ocr_carea' id='block_1_91' title="bbox 2180 3134 3769 3206">
    <p class='ocr_par' dir='ltr' id='par_1_91' title="bbox 2180 3134 3769 3206">
     <span class='ocr_line' id='line_1_91' title="bbox 2180 3134 3769 3206; baseline -0.006 -10"><span class='ocrx_word' id='word_1_689' title='bbox 2180 3140 2456 3206; x_wconf 87' lang='lat' dir='ltr'><strong>scribunt,</strong></span> <span class='ocrx_word' id='word_1_690' title='bbox 2491 3156 2556 3194; x_wconf 85' lang='lat' dir='ltr'><strong>ex</strong></span> <span class='ocrx_word' id='word_1_691' title='bbox 2609 3139 2994 3195; x_wconf 81' lang='lat' dir='ltr'><strong>fornicationis</strong></span> <span class='ocrx_word' id='word_1_692' title='bbox 3048 3138 3256 3194; x_wconf 88' lang='lat' dir='ltr'><strong>scelere</strong></span> <span class='ocrx_word' id='word_1_693' title='bbox 3308 3134 3769 3206; x_wconf 85' lang='lat' dir='ltr'><strong>cognominatur;</strong></span> 
     </span>
    </p>
   </div>
   <div class='ocr_carea' id='block_1_92' title="bbox 2180 3222 3771 3300">
    <p class='ocr_par' dir='ltr' id='par_1_92' title="bbox 2180 3222 3771 3300">
     <span class='ocr_line' id='line_1_92' title="bbox 2180 3222 3771 3300; baseline -0.006 -14"><span class='ocrx_word' id='word_1_694' title='bbox 2180 3231 2235 3286; x_wconf 91' lang='lat' dir='ltr'><strong>in</strong></span> <span class='ocrx_word' id='word_1_695' title='bbox 2268 3231 2434 3286; x_wconf 91' lang='lat' dir='ltr'><strong>domo</strong></span> <span class='ocrx_word' id='word_1_696' title='bbox 2467 3231 2690 3300; x_wconf 88' lang='lat' dir='ltr'><strong>quidem</strong></span> <span class='ocrx_word' id='word_1_697' title='bbox 2741 3230 2990 3285; x_wconf 88' lang='lat' dir='ltr'><strong>Simonis</strong></span> <span class='ocrx_word' id='word_1_698' title='bbox 3036 3227 3237 3298; x_wconf 89' lang='lat' dir='ltr'><strong>leprosi</strong></span> <span class='ocrx_word' id='word_1_699' title='bbox 3286 3225 3464 3289; x_wconf 88' lang='lat' dir='ltr'><strong>adest,</strong></span> <span class='ocrx_word' id='word_1_700' title='bbox 3517 3239 3629 3279; x_wconf 90' lang='lat' dir='ltr'><strong>non</strong></span> <span class='ocrx_word' id='word_1_701' title='bbox 3656 3222 3771 3293; x_wconf 86' lang='lat' dir='ltr'><strong>jam</strong></span> 
     </span>
    </p>
   </div>
   <div class='ocr_carea' id='block_1_93' title="bbox 2179 3318 3772 3394">
    <p class='ocr_par' dir='ltr' id='par_1_93' title="bbox 2179 3318 3772 3394">
     <span class='ocr_line' id='line_1_93' title="bbox 2179 3318 3772 3394; baseline -0.003 -15"><span class='ocrx_word' id='word_1_702' title='bbox 2179 3324 2330 3394; x_wconf 86' lang='lat' dir='ltr'><strong>lepra</strong></span> <span class='ocrx_word' id='word_1_703' title='bbox 2359 3323 2688 3390; x_wconf 88' lang='lat' dir='ltr'><strong>laborantis,</strong></span> <span class='ocrx_word' id='word_1_704' title='bbox 2727 3323 2824 3379; x_wconf 90' lang='lat' dir='ltr'><strong>sed</strong></span> <span class='ocrx_word' id='word_1_705' title='bbox 2859 3322 2989 3376; x_wconf 88' lang='lat' dir='ltr'><strong>olim</strong></span> <span class='ocrx_word' id='word_1_706' title='bbox 3028 3321 3132 3376; x_wconf 94' lang='lat' dir='ltr'><strong>hoc</strong></span> <span class='ocrx_word' id='word_1_707' title='bbox 3164 3319 3360 3374; x_wconf 88' lang='lat' dir='ltr'><strong>morbo</strong></span> <span class='ocrx_word' id='word_1_708' title='bbox 3403 3318 3603 3388; x_wconf 86' lang='lat' dir='ltr'><strong>operti,</strong></span> <span class='ocrx_word' id='word_1_709' title='bbox 3642 3326 3772 3374; x_wconf 89' lang='lat' dir='ltr'><strong>tunc</strong></span> 
     </span>
    </p>
   </div>
   <div class='ocr_carea' id='block_1_94' title="bbox 2178 3410 3772 3481">
    <p class='ocr_par' dir='ltr' id='par_1_94' title="bbox 2178 3410 3772 3481">
     <span class='ocr_line' id='line_1_94' title="bbox 2178 3410 3772 3481; baseline -0.006 -9"><span class='ocrx_word' id='word_1_710' title='bbox 2178 3431 2310 3472; x_wconf 92' lang='lat' dir='ltr'><strong>vero</strong></span> <span class='ocrx_word' id='word_1_711' title='bbox 2343 3414 2473 3472; x_wconf 87' lang='lat' dir='ltr'><strong>Jesu</strong></span> <span class='ocrx_word' id='word_1_712' title='bbox 2528 3414 2903 3472; x_wconf 83' lang='lat' dir='ltr'><strong>misericordia</strong></span> <span class='ocrx_word' id='word_1_713' title='bbox 2957 3412 3243 3478; x_wconf 85' lang='lat' dir='ltr'><strong>mundati;</strong></span> <span class='ocrx_word' id='word_1_714' title='bbox 3295 3425 3458 3480; x_wconf 89' lang='lat' dir='ltr'><strong>quem</strong></span> <span class='ocrx_word' id='word_1_715' title='bbox 3493 3410 3772 3481; x_wconf 85' lang='lat' dir='ltr'><strong>peccatrix</strong></span> 
     </span>
    </p>
   </div>
   <div class='ocr_carea' id='block_1_95' title="bbox 2179 3500 3774 3578">
    <p class='ocr_par' dir='ltr' id='par_1_95' title="bbox 2179 3500 3774 3578">
     <span class='ocr_line' id='line_1_95' title="bbox 2179 3500 3774 3578; baseline -0.006 -13"><span class='ocrx_word' id='word_1_716' title='bbox 2179 3522 2520 3578; x_wconf 86' lang='lat' dir='ltr'><strong>cognoscens</strong></span> <span class='ocrx_word' id='word_1_717' title='bbox 2549 3515 2605 3562; x_wconf 90' lang='lat' dir='ltr'><strong>et</strong></span> <span class='ocrx_word' id='word_1_718' title='bbox 2628 3507 2809 3564; x_wconf 90' lang='lat' dir='ltr'><strong>sciens</strong></span> <span class='ocrx_word' id='word_1_719' title='bbox 2833 3522 2897 3561; x_wconf 84' lang='lat' dir='ltr'><strong>ex</strong></span> <span class='ocrx_word' id='word_1_720' title='bbox 2955 3522 3060 3577; x_wconf 89' lang='lat' dir='ltr'><strong>qua</strong></span> <span class='ocrx_word' id='word_1_721' title='bbox 3087 3505 3242 3576; x_wconf 86' lang='lat' dir='ltr'><strong>pellis</strong></span> <span class='ocrx_word' id='word_1_722' title='bbox 3267 3500 3674 3560; x_wconf 86' lang='lat' dir='ltr'><strong>abominatione</strong></span> <span class='ocrx_word' id='word_1_723' title='bbox 3703 3502 3774 3558; x_wconf 90' lang='lat' dir='ltr'><strong>ad</strong></span> 
     </span>
    </p>
   </div>
   <div class='ocr_carea' id='block_1_96' title="bbox 2179 3582 3823 3671">
    <p class='ocr_par' dir='ltr' id='par_1_96' title="bbox 2179 3582 3823 3671">
     <span class='ocr_line' id='line_1_96' title="bbox 2179 3582 3823 3671; baseline -0.004 -14"><span class='ocrx_word' id='word_1_724' title='bbox 2179 3615 2344 3671; x_wconf 89' lang='lat' dir='ltr'><strong>quem</strong></span> <span class='ocrx_word' id='word_1_725' title='bbox 2375 3583 2657 3668; x_wconf 80' lang='lat' dir='ltr'><strong>aspectum</strong></span> <span class='ocrx_word' id='word_1_726' title='bbox 2686 3615 2988 3655; x_wconf 81' lang='lat' dir='ltr'><strong>conversus</strong></span> <span class='ocrx_word' id='word_1_727' title='bbox 3027 3598 3133 3664; x_wconf 88' lang='lat' dir='ltr'><strong>sit,</strong></span> <span class='ocrx_word' id='word_1_728' title='bbox 3188 3611 3450 3667; x_wconf 88' lang='lat' dir='ltr'><strong>spemque</strong></span> <span class='ocrx_word' id='word_1_729' title='bbox 3514 3595 3772 3666; x_wconf 88' lang='lat' dir='ltr'><strong>concepit</strong></span> <span class='ocrx_word' id='word_1_730' title='bbox 3819 3582 3823 3587; x_wconf 66' lang='grc'><em>’</em></span> 
     </span>
    </p>
   </div>
   <div class='ocr_carea' id='block_1_97' title="bbox 2179 3686 3775 3762">
    <p class='ocr_par' dir='ltr' id='par_1_97' title="bbox 2179 3686 3775 3762">
     <span class='ocr_line' id='line_1_97' title="bbox 2179 3686 3775 3762; baseline -0.003 -16"><span class='ocrx_word' id='word_1_731' title='bbox 2179 3691 2383 3747; x_wconf 90' lang='lat' dir='ltr'><strong>bonam</strong></span> <span class='ocrx_word' id='word_1_732' title='bbox 2410 3691 2526 3747; x_wconf 89' lang='lat' dir='ltr'><strong>fore</strong></span> <span class='ocrx_word' id='word_1_733' title='bbox 2557 3701 2695 3747; x_wconf 84' lang='lat' dir='ltr'><strong>utet</strong></span> <span class='ocrx_word' id='word_1_734' title='bbox 2737 3691 2852 3762; x_wconf 90' lang='lat' dir='ltr'><strong>ipsa</strong></span> <span class='ocrx_word' id='word_1_735' title='bbox 2886 3706 2914 3743; x_wconf 89' lang='lat' dir='ltr'><strong>a</strong></span> <span class='ocrx_word' id='word_1_736' title='bbox 2949 3687 3228 3759; x_wconf 89' lang='lat' dir='ltr'><strong>spirituali</strong></span> <span class='ocrx_word' id='word_1_737' title='bbox 3266 3687 3472 3744; x_wconf 82' lang='lat' dir='ltr'><strong>scelere</strong></span> <span class='ocrx_word' id='word_1_738' title='bbox 3506 3686 3775 3742; x_wconf 60' lang='lat' dir='ltr'><strong>liberaree</strong></span> 
     </span>
    </p>
   </div>
   <div class='ocr_carea' id='block_1_98' title="bbox 2179 3776 3772 3847">
    <p class='ocr_par' dir='ltr' id='par_1_98' title="bbox 2179 3776 3772 3847">
     <span class='ocr_line' id='line_1_98' title="bbox 2179 3776 3772 3847; baseline -0.005 -9"><span class='ocrx_word' id='word_1_739' title='bbox 2179 3790 2291 3847; x_wconf 91' lang='lat' dir='ltr'><strong>tur,</strong></span> <span class='ocrx_word' id='word_1_740' title='bbox 2309 3782 2654 3838; x_wconf 86' lang='lat' dir='ltr'><strong>etlicentiam</strong></span> <span class='ocrx_word' id='word_1_741' title='bbox 2678 3780 2870 3836; x_wconf 88' lang='lat' dir='ltr'><strong>habuit</strong></span> <span class='ocrx_word' id='word_1_742' title='bbox 2891 3778 3080 3835; x_wconf 84' lang='lat' dir='ltr'><strong>Jesum</strong></span> <span class='ocrx_word' id='word_1_743' title='bbox 3110 3776 3370 3842; x_wconf 89' lang='lat' dir='ltr'><strong>adeundi,</strong></span> <span class='ocrx_word' id='word_1_744' title='bbox 3404 3785 3459 3832; x_wconf 92' lang='lat' dir='ltr'><strong>et</strong></span> <span class='ocrx_word' id='word_1_745' title='bbox 3480 3786 3772 3847; x_wconf 87' lang='lat' dir='ltr'><strong>postquam</strong></span> 
     </span>
    </p>
   </div>
   <div class='ocr_carea' id='block_1_99' title="bbox 2181 3868 3776 3943">
    <p class='ocr_par' dir='ltr' id='par_1_99' title="bbox 2181 3868 3776 3943">
     <span class='ocr_line' id='line_1_99' title="bbox 2181 3868 3776 3943; baseline -0.006 -11"><span class='ocrx_word' id='word_1_746' title='bbox 2181 3875 2438 3939; x_wconf 86' lang='lat' dir='ltr'><strong>accessit,</strong></span> <span class='ocrx_word' id='word_1_747' title='bbox 2471 3890 2580 3930; x_wconf 93' lang='lat' dir='ltr'><strong>non</strong></span> <span class='ocrx_word' id='word_1_748' title='bbox 2614 3874 2790 3943; x_wconf 79' lang='lat' dir='ltr'><strong>tangit</strong></span> <span class='ocrx_word' id='word_1_749' title='bbox 2815 3888 2942 3928; x_wconf 89' lang='lat' dir='ltr'><strong>eum</strong></span> <span class='ocrx_word' id='word_1_750' title='bbox 2977 3887 3164 3933; x_wconf 89' lang='lat' dir='ltr'><strong>manu,</strong></span> <span class='ocrx_word' id='word_1_751' title='bbox 3195 3885 3376 3941; x_wconf 89' lang='lat' dir='ltr'><strong>neque</strong></span> <span class='ocrx_word' id='word_1_752' title='bbox 3419 3868 3633 3939; x_wconf 88' lang='lat' dir='ltr'><strong>capillis</strong></span> <span class='ocrx_word' id='word_1_753' title='bbox 3663 3878 3776 3923; x_wconf 89' lang='lat' dir='ltr'><strong>ter-</strong></span> 
     </span>
    </p>
   </div>
   <div class='ocr_carea' id='block_1_100' title="bbox 2179 3958 3777 4037">
    <p class='ocr_par' dir='ltr' id='par_1_100' title="bbox 2179 3958 3777 4037">
     <span class='ocr_line' id='line_1_100' title="bbox 2179 3958 3777 4037; baseline -0.006 -18"><span class='ocrx_word' id='word_1_754' title='bbox 2179 3965 2290 4037; x_wconf 89' lang='lat' dir='ltr'><strong>git;</strong></span> <span class='ocrx_word' id='word_1_755' title='bbox 2326 3979 2436 4018; x_wconf 89' lang='lat' dir='ltr'><strong>non</strong></span> <span class='ocrx_word' id='word_1_756' title='bbox 2457 3963 2602 4018; x_wconf 91' lang='lat' dir='ltr'><strong>enim</strong></span> <span class='ocrx_word' id='word_1_757' title='bbox 2647 3962 2760 4016; x_wconf 89' lang='lat' dir='ltr'><strong>ullo</strong></span> <span class='ocrx_word' id='word_1_758' title='bbox 2787 3960 3037 4016; x_wconf 90' lang='lat' dir='ltr'><strong>membro</strong></span> <span class='ocrx_word' id='word_1_759' title='bbox 3077 3958 3380 4014; x_wconf 80' lang='lat' dir='ltr'><strong>Salvatoris</strong></span> <span class='ocrx_word' id='word_1_760' title='bbox 3423 3971 3628 4027; x_wconf 89' lang='lat' dir='ltr'><strong>corpus</strong></span> <span class='ocrx_word' id='word_1_761' title='bbox 3653 3965 3777 4011; x_wconf 89' lang='lat' dir='ltr'><strong>tan-</strong></span> 
     </span>
    </p>
   </div>
   <div class='ocr_carea' id='block_1_101' title="bbox 2177 4043 3776 4127">
    <p class='ocr_par' dir='ltr' id='par_1_101' title="bbox 2177 4043 3776 4127">
     <span class='ocr_line' id='line_1_101' title="bbox 2177 4043 3776 4127; baseline -0.007 -19"><span class='ocrx_word' id='word_1_762' title='bbox 2177 4068 2304 4127; x_wconf 85' lang='lat' dir='ltr'><strong>gere</strong></span> <span class='ocrx_word' id='word_1_763' title='bbox 2323 4066 2457 4107; x_wconf 88' lang='lat' dir='ltr'><strong>ausa</strong></span> <span class='ocrx_word' id='word_1_764' title='bbox 2481 4058 2646 4111; x_wconf 88' lang='lat' dir='ltr'><strong>esset.</strong></span> <span class='ocrx_word' id='word_1_765' title='bbox 2679 4049 2775 4105; x_wconf 91' lang='lat' dir='ltr'><strong>sed</strong></span> <span class='ocrx_word' id='word_1_766' title='bbox 2804 4049 3069 4104; x_wconf 91' lang='lat' dir='ltr'><strong>intactum</strong></span> <span class='ocrx_word' id='word_1_767' title='bbox 3097 4046 3280 4116; x_wconf 89' lang='lat' dir='ltr'><strong>ipsum</strong></span> <span class='ocrx_word' id='word_1_768' title='bbox 3303 4060 3336 4100; x_wconf 85' lang='lat' dir='ltr'><strong>a</strong></span> <span class='ocrx_word' id='word_1_769' title='bbox 3365 4043 3574 4114; x_wconf 88' lang='lat' dir='ltr'><strong>polluta</strong></span> <span class='ocrx_word' id='word_1_770' title='bbox 3603 4059 3776 4099; x_wconf 90' lang='lat' dir='ltr'><strong>carne</strong></span> 
     </span>
    </p>
   </div>
   <div class='ocr_carea' id='block_1_102' title="bbox 2177 4134 3772 4210">
    <p class='ocr_par' dir='ltr' id='par_1_102' title="bbox 2177 4134 3772 4210">
     <span class='ocr_line' id='line_1_102' title="bbox 2177 4134 3772 4210; baseline -0.008 -9"><span class='ocrx_word' id='word_1_771' title='bbox 2177 4145 2504 4209; x_wconf 87' lang='lat' dir='ltr'><strong>observans,</strong></span> <span class='ocrx_word' id='word_1_772' title='bbox 2544 4143 2814 4196; x_wconf 86' lang='lat' dir='ltr'><strong>honorem</strong></span> <span class='ocrx_word' id='word_1_773' title='bbox 2844 4153 2943 4210; x_wconf 90' lang='lat' dir='ltr'><strong>per</strong></span> <span class='ocrx_word' id='word_1_774' title='bbox 2967 4144 3309 4209; x_wconf 88' lang='lat' dir='ltr'><strong>unguentum</strong></span> <span class='ocrx_word' id='word_1_775' title='bbox 3339 4143 3394 4192; x_wconf 90' lang='lat' dir='ltr'><strong>et</strong></span> <span class='ocrx_word' id='word_1_776' title='bbox 3437 4134 3772 4192; x_wconf 68' lang='lat' dir='ltr'><strong>sacrificium</strong></span> 
     </span>
    </p>
   </div>
   <div class='ocr_carea' id='block_1_103' title="bbox 2178 4225 3780 4300">
    <p class='ocr_par' dir='ltr' id='par_1_103' title="bbox 2178 4225 3780 4300">
     <span class='ocr_line' id='line_1_103' title="bbox 2178 4225 3780 4300; baseline -0.006 -10"><span class='ocrx_word' id='word_1_777' title='bbox 2178 4234 2353 4299; x_wconf 89' lang='lat' dir='ltr'><strong>celat;</strong></span> <span class='ocrx_word' id='word_1_778' title='bbox 2415 4241 2472 4287; x_wconf 91' lang='lat' dir='ltr'><strong>et</strong></span> <span class='ocrx_word' id='word_1_779' title='bbox 2524 4231 2861 4286; x_wconf 89' lang='lat' dir='ltr'><strong>alabastrum</strong></span> <span class='ocrx_word' id='word_1_780' title='bbox 2889 4238 3187 4300; x_wconf 90' lang='lat' dir='ltr'><strong>postquam</strong></span> <span class='ocrx_word' id='word_1_781' title='bbox 3230 4226 3501 4298; x_wconf 82' lang='lat' dir='ltr'><strong>fregisset,</strong></span> <span class='ocrx_word' id='word_1_782' title='bbox 3538 4225 3780 4281; x_wconf 89' lang='lat' dir='ltr'><strong>multum</strong></span> 
     </span>
    </p>
   </div>
   <div class='ocr_carea' id='block_1_104' title="bbox 2188 4317 3778 4396">
    <p class='ocr_par' dir='ltr' id='par_1_104' title="bbox 2188 4317 3778 4396">
     <span class='ocr_line' id='line_1_104' title="bbox 2188 4317 3778 4396; baseline -0.004 -15"><span class='ocrx_word' id='word_1_783' title='bbox 2188 4333 2530 4396; x_wconf 81' lang='lat' dir='ltr'><strong>unguentum</strong></span> <span class='ocrx_word' id='word_1_784' title='bbox 2564 4325 2620 4379; x_wconf 89' lang='lat' dir='ltr'><strong>in</strong></span> <span class='ocrx_word' id='word_1_785' title='bbox 2646 4329 2810 4394; x_wconf 85' lang='lat' dir='ltr'><strong>caput</strong></span> <span class='ocrx_word' id='word_1_786' title='bbox 2843 4321 2964 4391; x_wconf 86' lang='lat' dir='ltr'><strong>ejus</strong></span> <span class='ocrx_word' id='word_1_787' title='bbox 3008 4319 3263 4375; x_wconf 69' lang='lat' dir='ltr'><strong>effundit.</strong></span> <span class='ocrx_word' id='word_1_788' title='bbox 3304 4317 3370 4374; x_wconf 89' lang='lat' dir='ltr'><strong>Et</strong></span> <span class='ocrx_word' id='word_1_789' title='bbox 3422 4317 3778 4390; x_wconf 78' lang='lat' dir='ltr'><strong>indignantur</strong></span> 
     </span>
    </p>
   </div>
   <div class='ocr_carea' id='block_1_105' title="bbox 2187 4409 3778 4484">
    <p class='ocr_par' dir='ltr' id='par_1_105' title="bbox 2187 4409 3778 4484">
     <span class='ocr_line' id='line_1_105' title="bbox 2187 4409 3778 4484; baseline -0.004 -12"><span class='ocrx_word' id='word_1_790' title='bbox 2187 4428 2320 4472; x_wconf 92' lang='lat' dir='ltr'><strong>tunc</strong></span> <span class='ocrx_word' id='word_1_791' title='bbox 2355 4416 2685 4481; x_wconf 87' lang='lat' dir='ltr'><strong>Pharisaeus,</strong></span> <span class='ocrx_word' id='word_1_792' title='bbox 2717 4427 2896 4484; x_wconf 90' lang='lat' dir='ltr'><strong>neque</strong></span> <span class='ocrx_word' id='word_1_793' title='bbox 2927 4412 3081 4468; x_wconf 90' lang='lat' dir='ltr'><strong>solus</strong></span> <span class='ocrx_word' id='word_1_794' title='bbox 3107 4410 3376 4481; x_wconf 89' lang='lat' dir='ltr'><strong>proditor,</strong></span> <span class='ocrx_word' id='word_1_795' title='bbox 3401 4409 3496 4466; x_wconf 88' lang='lat' dir='ltr'><strong>sed</strong></span> <span class='ocrx_word' id='word_1_796' title='bbox 3527 4409 3778 4480; x_wconf 86' lang='lat' dir='ltr'><strong>discipu-</strong></span> 
     </span>
    </p>
   </div>
   <div class='ocr_carea' id='block_1_106' title="bbox 2187 4500 3776 4578">
    <p class='ocr_par' dir='ltr' id='par_1_106' title="bbox 2187 4500 3776 4578">
     <span class='ocr_line' id='line_1_106' title="bbox 2187 4500 3776 4578; baseline -0.004 -14"><span class='ocrx_word' id='word_1_797' title='bbox 2187 4509 2367 4564; x_wconf 89' lang='lat' dir='ltr'><strong>lorum</strong></span> <span class='ocrx_word' id='word_1_798' title='bbox 2395 4521 2508 4562; x_wconf 90' lang='lat' dir='ltr'><strong>non</strong></span> <span class='ocrx_word' id='word_1_799' title='bbox 2532 4505 2716 4578; x_wconf 91' lang='lat' dir='ltr'><strong>pauci.</strong></span> <span class='ocrx_word' id='word_1_800' title='bbox 2749 4503 3012 4561; x_wconf 90' lang='lat' dir='ltr'><strong>Dissimili</strong></span> <span class='ocrx_word' id='word_1_801' title='bbox 3041 4511 3225 4558; x_wconf 87' lang='lat' dir='ltr'><strong>autem</strong></span> <span class='ocrx_word' id='word_1_802' title='bbox 3265 4500 3426 4558; x_wconf 87' lang='lat' dir='ltr'><strong>modo</strong></span> <span class='ocrx_word' id='word_1_803' title='bbox 3461 4501 3599 4558; x_wconf 86' lang='lat' dir='ltr'><strong>facta</strong></span> <span class='ocrx_word' id='word_1_804' title='bbox 3633 4503 3776 4557; x_wconf 90' lang='lat' dir='ltr'><strong>indi-</strong></span> 
     </span>
    </p>
   </div>
   <div class='ocr_carea' id='block_1_107' title="bbox 2186 4591 3774 4673">
    <p class='ocr_par' dir='ltr' id='par_1_107' title="bbox 2186 4591 3774 4673">
     <span class='ocr_line' id='line_1_107' title="bbox 2186 4591 3774 4673; baseline -0.005 -18"><span class='ocrx_word' id='word_1_805' title='bbox 2186 4600 2372 4673; x_wconf 89' lang='lat' dir='ltr'><strong>gnatio</strong></span> <span class='ocrx_word' id='word_1_806' title='bbox 2405 4613 2516 4654; x_wconf 87' lang='lat' dir='ltr'><strong>non</strong></span> <span class='ocrx_word' id='word_1_807' title='bbox 2565 4597 2635 4653; x_wconf 88' lang='lat' dir='ltr'><strong>ab</strong></span> <span class='ocrx_word' id='word_1_808' title='bbox 2667 4595 2858 4652; x_wconf 89' lang='lat' dir='ltr'><strong>eadem</strong></span> <span class='ocrx_word' id='word_1_809' title='bbox 2906 4593 3131 4650; x_wconf 85' lang='lat' dir='ltr'><strong>emicuit</strong></span> <span class='ocrx_word' id='word_1_810' title='bbox 3179 4603 3396 4659; x_wconf 89' lang='lat' dir='ltr'><strong>mente;</strong></span> <span class='ocrx_word' id='word_1_811' title='bbox 3437 4591 3533 4648; x_wconf 90' lang='lat' dir='ltr'><strong>sed</strong></span> <span class='ocrx_word' id='word_1_812' title='bbox 3584 4591 3774 4647; x_wconf 89' lang='lat' dir='ltr'><strong>Simon</strong></span> 
     </span>
    </p>
   </div>
   <div class='ocr_carea' id='block_1_108' title="bbox 2187 4684 3776 4762">
    <p class='ocr_par' dir='ltr' id='par_1_108' title="bbox 2187 4684 3776 4762">
     <span class='ocr_line' id='line_1_108' title="bbox 2187 4684 3776 4762; baseline -0.006 -14"><span class='ocrx_word' id='word_1_813' title='bbox 2187 4693 2407 4762; x_wconf 90' lang='lat' dir='ltr'><strong>quidem</strong></span> <span class='ocrx_word' id='word_1_814' title='bbox 2445 4691 2582 4746; x_wconf 89' lang='lat' dir='ltr'><strong>nihil</strong></span> <span class='ocrx_word' id='word_1_815' title='bbox 2621 4689 2723 4744; x_wconf 83' lang='lat' dir='ltr'><strong>&#39;alti</strong></span> <span class='ocrx_word' id='word_1_816' title='bbox 2782 4702 2962 4759; x_wconf 90' lang='lat' dir='ltr'><strong>neque</strong></span> <span class='ocrx_word' id='word_1_817' title='bbox 3005 4687 3072 4742; x_wconf 91' lang='lat' dir='ltr'><strong>de</strong></span> <span class='ocrx_word' id='word_1_818' title='bbox 3117 4684 3456 4750; x_wconf 82' lang='lat' dir='ltr'><strong>famulante,</strong></span> <span class='ocrx_word' id='word_1_819' title='bbox 3489 4698 3666 4754; x_wconf 90' lang='lat' dir='ltr'><strong>neque</strong></span> <span class='ocrx_word' id='word_1_820' title='bbox 3709 4687 3776 4740; x_wconf 88' lang='lat' dir='ltr'><strong>de</strong></span> 
     </span>
    </p>
   </div>
   <div class='ocr_carea' id='block_1_109' title="bbox 2188 4777 3750 4853">
    <p class='ocr_par' dir='ltr' id='par_1_109' title="bbox 2188 4777 3750 4853">
     <span class='ocr_line' id='line_1_109' title="bbox 2188 4777 3750 4853; baseline -0.005 -14"><span class='ocrx_word' id='word_1_821' title='bbox 2188 4783 2425 4839; x_wconf 91' lang='lat' dir='ltr'><strong>Domino</strong></span> <span class='ocrx_word' id='word_1_822' title='bbox 2454 4781 2895 4853; x_wconf 89' lang='lat' dir='ltr'><strong>imaginabatur;</strong></span> <span class='ocrx_word' id='word_1_823' title='bbox 2930 4778 3100 4833; x_wconf 85' lang='lat' dir='ltr'><strong>Judas</strong></span> <span class='ocrx_word' id='word_1_824' title='bbox 3125 4786 3308 4832; x_wconf 84' lang='lat' dir='ltr'><strong>autem</strong></span> <span class='ocrx_word' id='word_1_825' title='bbox 3348 4777 3590 4832; x_wconf 84' lang='lat' dir='ltr'><strong>avaritiae</strong></span> <span class='ocrx_word' id='word_1_826' title='bbox 3623 4777 3750 4846; x_wconf 89' lang='lat' dir='ltr'><strong>cupi</strong></span> 
     </span>
    </p>
   </div>
   <div class='ocr_carea' id='block_1_110' title="bbox 2186 4867 3776 4941">
    <p class='ocr_par' dir='ltr' id='par_1_110' title="bbox 2186 4867 3776 4941">
     <span class='ocr_line' id='line_1_110' title="bbox 2186 4867 3776 4941; baseline -0.008 -7"><span class='ocrx_word' id='word_1_827' title='bbox 2186 4877 2358 4934; x_wconf 85' lang='lat' dir='ltr'><strong>(litate</strong></span> <span class='ocrx_word' id='word_1_828' title='bbox 2387 4875 2709 4941; x_wconf 87' lang='lat' dir='ltr'><strong>tenebatur;</strong></span> <span class='ocrx_word' id='word_1_829' title='bbox 2739 4871 2972 4940; x_wconf 87' lang='lat' dir='ltr'><strong>apostoli</strong></span> <span class='ocrx_word' id='word_1_830' title='bbox 2992 4884 3122 4925; x_wconf 88' lang='lat' dir='ltr'><strong>vero</strong></span> <span class='ocrx_word' id='word_1_831' title='bbox 3155 4868 3536 4924; x_wconf 81' lang='lat' dir='ltr'><strong>misericordia</strong></span> <span class='ocrx_word' id='word_1_832' title='bbox 3561 4867 3613 4922; x_wconf 90' lang='lat' dir='ltr'><strong>in</strong></span> <span class='ocrx_word' id='word_1_833' title='bbox 3640 4883 3776 4936; x_wconf 90' lang='lat' dir='ltr'><strong>pau-</strong></span> 
     </span>
    </p>
   </div>
   <div class='ocr_carea' id='block_1_111' title="bbox 2186 4961 3776 5042">
    <p class='ocr_par' dir='ltr' id='par_1_111' title="bbox 2186 4961 3776 5042">
     <span class='ocr_line' id='line_1_111' title="bbox 2186 4961 3776 5042; baseline -0.008 -16"><span class='ocrx_word' id='word_1_834' title='bbox 2186 4985 2346 5042; x_wconf 88' lang='lat' dir='ltr'><strong>peres</strong></span> <span class='ocrx_word' id='word_1_835' title='bbox 2369 4966 2756 5034; x_wconf 91' lang='lat' dir='ltr'><strong>vincebantur,</strong></span> <span class='ocrx_word' id='word_1_836' title='bbox 2783 4979 2891 5019; x_wconf 91' lang='lat' dir='ltr'><strong>non</strong></span> <span class='ocrx_word' id='word_1_837' title='bbox 2933 4974 2995 5017; x_wconf 85' lang='lat' dir='ltr'><strong>ut</strong></span> <span class='ocrx_word' id='word_1_838' title='bbox 3015 4961 3225 5016; x_wconf 91' lang='lat' dir='ltr'><strong>Domini</strong></span> <span class='ocrx_word' id='word_1_839' title='bbox 3256 4975 3497 5015; x_wconf 86' lang='lat' dir='ltr'><strong>amorem</strong></span> <span class='ocrx_word' id='word_1_840' title='bbox 3530 4961 3776 5015; x_wconf 76' lang='lat' dir='ltr'><strong>secundo</strong></span> 
     </span>
    </p>
   </div>
   <div class='ocr_carea' id='block_1_112' title="bbox 2186 5051 3773 5132">
    <p class='ocr_par' dir='ltr' id='par_1_112' title="bbox 2186 5051 3773 5132">
     <span class='ocr_line' id='line_1_112' title="bbox 2186 5051 3773 5132; baseline -0.009 -13"><span class='ocrx_word' id='word_1_841' title='bbox 2186 5062 2311 5119; x_wconf 87' lang='lat' dir='ltr'><strong>loco</strong></span> <span class='ocrx_word' id='word_1_842' title='bbox 2352 5067 2640 5132; x_wconf 88' lang='lat' dir='ltr'><strong>ponerent,</strong></span> <span class='ocrx_word' id='word_1_843' title='bbox 2673 5056 2769 5113; x_wconf 91' lang='lat' dir='ltr'><strong>sed</strong></span> <span class='ocrx_word' id='word_1_844' title='bbox 2794 5065 2848 5111; x_wconf 87' lang='lat' dir='ltr'><strong>et</strong></span> <span class='ocrx_word' id='word_1_845' title='bbox 2877 5054 3118 5111; x_wconf 88' lang='lat' dir='ltr'><strong>sciebant</strong></span> <span class='ocrx_word' id='word_1_846' title='bbox 3139 5053 3292 5107; x_wconf 92' lang='lat' dir='ltr'><strong>illum</strong></span> <span class='ocrx_word' id='word_1_847' title='bbox 3339 5051 3773 5108; x_wconf 87' lang='lat' dir='ltr'><strong>misericordiam</strong></span> 
     </span>
    </p>
   </div>
   <div class='ocr_carea' id='block_1_113' title="bbox 2186 5142 3775 5224">
    <p class='ocr_par' dir='ltr' id='par_1_113' title="bbox 2186 5142 3775 5224">
     <span class='ocr_line' id='line_1_113' title="bbox 2186 5142 3775 5224; baseline -0.009 -13"><span class='ocrx_word' id='word_1_848' title='bbox 2186 5162 2242 5211; x_wconf 91' lang='lat' dir='ltr'><strong>et</strong></span> <span class='ocrx_word' id='word_1_849' title='bbox 2271 5153 2371 5224; x_wconf 93' lang='lat' dir='ltr'><strong>ipsi</strong></span> <span class='ocrx_word' id='word_1_850' title='bbox 2413 5148 2671 5222; x_wconf 71' lang='lat' dir='ltr'><strong>praeferre</strong></span> <span class='ocrx_word' id='word_1_851' title='bbox 2697 5147 2992 5205; x_wconf 77' lang='lat' dir='ltr'><strong>sacrificio.</strong></span> <span class='ocrx_word' id='word_1_852' title='bbox 3048 5144 3286 5200; x_wconf 85' lang='lat' dir='ltr'><strong>Aliunde</strong></span> <span class='ocrx_word' id='word_1_853' title='bbox 3339 5155 3393 5198; x_wconf 86' lang='lat' dir='ltr'><strong>et</strong></span> <span class='ocrx_word' id='word_1_854' title='bbox 3424 5142 3638 5198; x_wconf 91' lang='lat' dir='ltr'><strong>Domini</strong></span> <span class='ocrx_word' id='word_1_855' title='bbox 3689 5143 3775 5198; x_wconf 92' lang='lat' dir='ltr'><strong>sui</strong></span> 
     </span>
    </p>
   </div>
   <div class='ocr_carea' id='block_1_114' title="bbox 2187 5233 3774 5308">
    <p class='ocr_par' dir='ltr' id='par_1_114' title="bbox 2187 5233 3774 5308">
     <span class='ocr_line' id='line_1_114' title="bbox 2187 5233 3774 5308; baseline -0.008 -8"><span class='ocrx_word' id='word_1_856' title='bbox 2187 5242 2557 5308; x_wconf 87' lang='lat' dir='ltr'><strong>veneratione,</strong></span> <span class='ocrx_word' id='word_1_857' title='bbox 2608 5237 2943 5295; x_wconf 88' lang='lat' dir='ltr'><strong>horrendum</strong></span> <span class='ocrx_word' id='word_1_858' title='bbox 2973 5236 3273 5292; x_wconf 87' lang='lat' dir='ltr'><strong>censebant</strong></span> <span class='ocrx_word' id='word_1_859' title='bbox 3308 5234 3454 5305; x_wconf 86' lang='lat' dir='ltr'><strong>quod</strong></span> <span class='ocrx_word' id='word_1_860' title='bbox 3489 5233 3688 5289; x_wconf 89' lang='lat' dir='ltr'><strong>mulier</strong></span> <span class='ocrx_word' id='word_1_861' title='bbox 3719 5233 3774 5287; x_wconf 91' lang='lat' dir='ltr'><strong>in</strong></span> 
     </span>
    </p>
   </div>
   <div class='ocr_carea' id='block_1_115' title="bbox 2186 5325 3774 5408">
    <p class='ocr_par' dir='ltr' id='par_1_115' title="bbox 2186 5325 3774 5408">
     <span class='ocr_line' id='line_1_115' title="bbox 2186 5325 3774 5408; baseline -0.008 -15"><span class='ocrx_word' id='word_1_862' title='bbox 2186 5345 2354 5408; x_wconf 84' lang='lat' dir='ltr'><strong>caput</strong></span> <span class='ocrx_word' id='word_1_863' title='bbox 2380 5335 2500 5407; x_wconf 89' lang='lat' dir='ltr'><strong>ejus</strong></span> <span class='ocrx_word' id='word_1_864' title='bbox 2523 5341 2861 5404; x_wconf 81' lang='lat' dir='ltr'><strong>unguentum</strong></span> <span class='ocrx_word' id='word_1_865' title='bbox 2894 5330 3193 5388; x_wconf 81' lang='lat' dir='ltr'><strong>effudisset.</strong></span> <span class='ocrx_word' id='word_1_866' title='bbox 3243 5327 3397 5384; x_wconf 87' lang='lat' dir='ltr'><strong>Unde</strong></span> <span class='ocrx_word' id='word_1_867' title='bbox 3419 5337 3474 5383; x_wconf 89' lang='lat' dir='ltr'><strong>et</strong></span> <span class='ocrx_word' id='word_1_868' title='bbox 3506 5325 3668 5383; x_wconf 84' lang='lat' dir='ltr'><strong>Jcsus</strong></span> <span class='ocrx_word' id='word_1_869' title='bbox 3706 5341 3774 5381; x_wconf 83' lang='lat' dir='ltr'><strong>ex</strong></span> 
     </span>
    </p>
   </div>
   <div class='ocr_carea' id='block_1_116' title="bbox 2187 5418 3776 5495">
    <p class='ocr_par' dir='ltr' id='par_1_116' title="bbox 2187 5418 3776 5495">
     <span class='ocr_line' id='line_1_116' title="bbox 2187 5418 3776 5495; baseline -0.007 -13"><span class='ocrx_word' id='word_1_870' title='bbox 2187 5427 2292 5483; x_wconf 87' lang='lat' dir='ltr'><strong>hac</strong></span> <span class='ocrx_word' id='word_1_871' title='bbox 2315 5427 2370 5482; x_wconf 91' lang='lat' dir='ltr'><strong>in</strong></span> <span class='ocrx_word' id='word_1_872' title='bbox 2398 5441 2518 5480; x_wconf 85' lang='lat' dir='ltr'><strong>eam</strong></span> <span class='ocrx_word' id='word_1_873' title='bbox 2549 5425 2925 5495; x_wconf 88' lang='lat' dir='ltr'><strong>indignatione</strong></span> <span class='ocrx_word' id='word_1_874' title='bbox 2945 5421 3246 5491; x_wconf 89' lang='lat' dir='ltr'><strong>discipulos</strong></span> <span class='ocrx_word' id='word_1_875' title='bbox 3264 5420 3553 5477; x_wconf 85' lang='lat' dir='ltr'><strong>reducens.</strong></span> <span class='ocrx_word' id='word_1_876' title='bbox 3580 5437 3599 5469; x_wconf 72' lang='grc' dir='ltr'><strong>ι</strong></span> <span class='ocrx_word' id='word_1_877' title='bbox 3628 5418 3776 5472; x_wconf 88' lang='lat' dir='ltr'><strong>Nihil</strong></span> 
     </span>
    </p>
   </div>
   <div class='ocr_carea' id='block_1_117' title="bbox 2187 5512 3777 5586">
    <p class='ocr_par' dir='ltr' id='par_1_117' title="bbox 2187 5512 3777 5586">
     <span class='ocr_line' id='line_1_117' title="bbox 2187 5512 3777 5586; baseline -0.008 -12"><span class='ocrx_word' id='word_1_878' title='bbox 2187 5518 2339 5584; x_wconf 88' lang='lat' dir='ltr'><strong>mali,</strong></span> <span class='ocrx_word' id='word_1_879' title='bbox 2369 5516 2567 5586; x_wconf 84' lang='lat' dir='ltr'><strong>inquit,</strong></span> <span class='ocrx_word' id='word_1_880' title='bbox 2617 5515 2744 5571; x_wconf 70' lang='lat' dir='ltr'><strong>iecit</strong></span> <span class='ocrx_word' id='word_1_881' title='bbox 2780 5514 2902 5578; x_wconf 84' lang='lat' dir='ltr'><strong>illa;</strong></span> <span class='ocrx_word' id='word_1_882' title='bbox 2954 5513 3046 5568; x_wconf 82' lang='lat' dir='ltr'><strong>sed</strong></span> <span class='ocrx_word' id='word_1_883' title='bbox 3094 5512 3302 5567; x_wconf 90' lang='lat' dir='ltr'><strong>bonum</strong></span> <span class='ocrx_word' id='word_1_884' title='bbox 3354 5524 3493 5579; x_wconf 86' lang='lat' dir='ltr'><strong>opus</strong></span> <span class='ocrx_word' id='word_1_885' title='bbox 3553 5517 3777 5578; x_wconf 85' lang='lat' dir='ltr'><strong>operata</strong></span> 
     </span>
    </p>
   </div>
   <div class='ocr_carea' id='block_1_118' title="bbox 2185 5601 3775 5676">
    <p class='ocr_par' dir='ltr' id='par_1_118' title="bbox 2185 5601 3775 5676">
     <span class='ocr_line' id='line_1_118' title="bbox 2185 5601 3775 5676; baseline -0.01 -8"><span class='ocrx_word' id='word_1_886' title='bbox 2185 5620 2290 5667; x_wconf 85' lang='lat' dir='ltr'><strong>est.</strong></span> <span class='ocrx_word' id='word_1_887' title='bbox 2315 5629 2334 5664; x_wconf 72' lang='grc' dir='ltr'><strong>ι</strong></span> <span class='ocrx_word' id='word_1_888' title='bbox 2381 5608 2446 5663; x_wconf 84' lang='lat' dir='ltr'><strong>Et</strong></span> <span class='ocrx_word' id='word_1_889' title='bbox 2485 5609 2587 5663; x_wconf 89' lang='lat' dir='ltr'><strong>hoc</strong></span> <span class='ocrx_word' id='word_1_890' title='bbox 2609 5607 2826 5676; x_wconf 86' lang='lat' dir='ltr'><strong>quidem</strong></span> <span class='ocrx_word' id='word_1_891' title='bbox 2863 5607 2929 5661; x_wconf 86' lang='lat' dir='ltr'><strong>ad</strong></span> <span class='ocrx_word' id='word_1_892' title='bbox 2959 5621 3053 5661; x_wconf 90' lang='lat' dir='ltr'><strong>eos</strong></span> <span class='ocrx_word' id='word_1_893' title='bbox 3084 5605 3176 5676; x_wconf 86' lang='lat' dir='ltr'><strong>qui</strong></span> <span class='ocrx_word' id='word_1_894' title='bbox 3203 5619 3267 5660; x_wconf 79' lang='lat' dir='ltr'><strong>ex</strong></span> <span class='ocrx_word' id='word_1_895' title='bbox 3298 5601 3584 5672; x_wconf 84' lang='lat' dir='ltr'><strong>discipulis</strong></span> <span class='ocrx_word' id='word_1_896' title='bbox 3632 5601 3775 5654; x_wconf 82' lang='lat' dir='ltr'><strong>bona</strong></span> 
     </span>
    </p>
   </div>
   <div class='ocr_carea' id='block_1_119' title="bbox 2190 5695 3778 5762">
    <p class='ocr_par' dir='ltr' id='par_1_119' title="bbox 2190 5695 3778 5762">
     <span class='ocr_line' id='line_1_119' title="bbox 2190 5695 3778 5762; baseline -0.008 -2"><span class='ocrx_word' id='word_1_897' title='bbox 2190 5703 2547 5760; x_wconf 81' lang='lat' dir='ltr'><strong>movebantur</strong></span> <span class='ocrx_word' id='word_1_898' title='bbox 2566 5701 2864 5757; x_wconf 86' lang='lat' dir='ltr'><strong>voluntate.</strong></span> <span class='ocrx_word' id='word_1_899' title='bbox 2886 5698 3038 5756; x_wconf 71' lang='lat' dir='ltr'><strong>Judzc</strong></span> <span class='ocrx_word' id='word_1_900' title='bbox 3059 5714 3208 5762; x_wconf 83' lang='lat' dir='ltr'><strong>vero,</strong></span> <span class='ocrx_word' id='word_1_901' title='bbox 3234 5697 3286 5754; x_wconf 90' lang='lat' dir='ltr'><strong>in</strong></span> <span class='ocrx_word' id='word_1_902' title='bbox 3317 5695 3556 5752; x_wconf 83' lang='lat' dir='ltr'><strong>medium</strong></span> <span class='ocrx_word' id='word_1_903' title='bbox 3584 5708 3778 5750; x_wconf 82' lang='lat' dir='ltr'><strong>rursus</strong></span> 
     </span>
    </p>
   </div>
  </div>
