4144 6456
490 339 599 401 363
1656 319 1919 400 ruont
1953 298 2459 399 PATRIAIttztti-r‘.
2498 339 2605 398 cr.
3657 331 3772 396 ast

492 452 857 523 proditionem
891 451 1179 524 aenigmate
1234 452 1443 509 ducens
1494 467 1660 524 quam
1695 454 2113 518 meditabatur,.

2222 454 2329 507 έλω
2368 452 2465 507 καὶ
2509 452 2571 506 οὐ
2604 449 2794 505 Θυσίαν
2821 466 2833 479 ·
2881 448 3055 512 ἄλλως
3086 465 3143 501 τε
3181 446 3239 501 δὲ
3272 445 3365 502 καὶ
3398 446 3475 518 τῷ
3507 448 3635 520 περὶ
3676 450 3775 502 τὸν

487 546 668 615 inquit
697 562 712 601 :
746 564 765 597 ι
790 544 1006 601 Mittens
1052 556 1392 617 unguentum
1445 545 1551 603 hoc
1584 546 1639 601 in
1673 561 1875 618 corpus
1897 562 2080 601 meum

2216 548 2502 601 ιδάσκαλον
2529 544 2859 613 σεδάσματι,
2894 540 3121 613 φρικτὸν
3145 540 3376 610 ἡγοῦντο
3401 540 3499 611 τὴν
3530 544 3777 609 γυναῖκα

486 638 555 693 ad
586 638 959 707 sepeliendum
983 653 1071 693 me
1100 636 1259 705 fecit;
1294 656 1313 690 ›
1341 638 1663 708 indignaris,
1683 638 1957 708 inquit,de
1983 654 2085 693 un-

2214 640 2324 693 uti
2356 639 2460 709 τῆς
2495 637 2739 708 κεφαλῆς
2793 634 2854 689 τδ
2897 634 3068 705 μύρον
3112 634 3365 704 ὲπιχέαι·
3413 633 3564 687 ἐνθεν
3608 637 3711 687 καὶ
3748 635 3778 687 ὁ

493 744 695 806 guento
724 735 779 789 in
812 752 1014 789 vanum
1042 735 1252 802 eﬂ‘uso;
1300 745 1506 806 quanta
1561 736 1932 808 indignatione
2001 738 2084 793 di-

2214 732 2403 803 Ιησοῦς
2433 733 2522 786 διὰ
2562 732 2663 802 τῆς
2699 730 2820 784 κατ’
2851 729 3021 800 αὐτὴν
3063 728 3493 796 ἀγανακτήσεως
3540 727 3780 795 ἀπάγων

494 843 662 899 gnum
679 828 936 883 convenit
958 827 1206 897 judicare
1227 842 1352 882 eum
1379 828 1468 895 qui
1493 828 1549 882 in
1579 827 1867 882 Dominum
1886 837 1939 885 et
1960 844 2048 883 ma
2065 859 2083 873 -

2214 826 2306 887 οὺς
2339 824 2639 895 μαθητὰς,‹
2667 822 2832 877 Οὐδὲν
2848 820 3142 892 τολμηρὸν,
3167 821 3354 892 φησὶν,
3373 819 3633 892 ἔπραξεν,
3660 820 3780 873 ἀλλ’

486 917 717 986 gistrum
750 916 1115 987 proditionem
1146 926 1201 972 et
1228 926 1459 973 mortem
1497 927 1551 972 et
1595 918 1905 988 sepulcrum
1962 932 2079 971 me-

2215 934 2342 988 ργον
2374 916 2581 985 ἀγαθὸν
2610 915 2924 986 εἰργάσατο.
2950 932 2968 964 ι
3014 914 3123 966 Καὶ
3153 914 3289 984 πρὸς
3328 912 3426 983 μὲν
3454 913 3563 965 τῶν
3597 912 3784 982 μαθη-

490 1009 743 1065 ditatur?
809 1008 885 1065 De
952 1011 1290 1080 pauperibus
1340 1010 1437 1065 tibi
1482 1020 1565 1066 est
1612 1011 1963 1067 sollicitudo?
2015 1011 2082 1064 Et

2214 1010 2288 1063 ῶν
2322 1009 2452 1071 τοὺς
2496 1005 2850 1075 εὐγνώμονας
2896 1003 3073 1057 ταῦτα
3098 1019 3111 1033 ·
3160 1002 3297 1073 πρὸς
3336 1003 3395 1056 δὲ
3436 1003 3529 1056 τὸν
3568 1003 3785 1057 Ἰούδαν

489 1103 772 1172 quomodo
801 1103 923 1171 ejus
954 1103 1049 1173 qui
1092 1117 1191 1157 nec
1226 1101 1389 1157 habet
1429 1112 1632 1158 tectum
1666 1118 1768 1159 nec
1802 1103 1890 1158 ubi
1915 1110 2082 1173 caput

2214 1100 2341 1155 εάλιν
2373 1101 2453 1161 είς
2488 1097 2651 1169 μέσον
2669 1097 2821 1165 ἄγων
2848 1095 2926 1166 τῷ
2959 1096 3245 1166 αἰνίγματι
3277 1096 3379 1165 τὴν
3413 1094 3784 1167 [με]μελετη-

491 1194 741 1260 reclinet,
770 1194 972 1249 eaedem
1007 1193 1200 1262 cupis?
1241 1192 1371 1263 Ejus
1419 1195 1471 1248 in
1503 1210 1667 1265 quem
1720 1195 1855 1249 nihil
1886 1210 2078 1249 eorum

2214 1191 2352 1260 ιένην
2374 1188 2664 1259 προδοσίαν
2695 1186 2827 1258 φησί
2858 1203 2871 1216 ·
2906 1184 3149 1239 Βαλοῦσα
3179 1184 3241 1238 τὸ
3286 1184 3462 1256 μύρον
3493 1185 3655 1238 τοῦτο
3691 1186 3788 1238 ἐπὶ

492 1300 618 1354 qua:
651 1292 743 1338 tua
790 1293 919 1339 sunt
946 1283 1262 1353 profundis,
1300 1300 1521 1355 gravem
1573 1294 1628 1340 et
1672 1285 2079 1340 intolerabilem

2214 1281 2282 1335 :06
2314 1280 2566 1351 σώματός
2600 1298 2725 1351 μου,
2768 1281 2906 1351 πρὸς
2943 1279 3007 1331 τὸ
3054 1278 3375 1347 ἐνταφιάσαι
3435 1295 3503 1348 με
3548 1277 3788 1348 πεποίη-

493 1376 811 1432 societatem
844 1377 1048 1446 putas?
1076 1377 1134 1430 ln
1168 1376 1372 1446 quibus
1411 1386 1621 1446 oportet
1650 1386 1702 1433 te
1747 1389 1802 1433 et
1828 1378 2081 1449 proprio-

2214 1389 2305 1427 ιεν.
2324 1393 2342 1424 ›
2372 1372 2751 1438 ’Δγανακτεῖς,
2785 1370 2938 1441 φησὶ,
2961 1369 3055 1425 τοῦ
3076 1370 3247 1442 μύρου
3282 1372 3634 1439 κενουμένου·
3690 1370 3790 1423 πό-

456 1514 457 1517 η
493 1484 617 1523 rum
647 1469 817 1523 multa
846 1468 1143 1540 deponere,
1169 1481 1229 1523 ut
1261 1469 1638 1525 misericordia
1672 1486 1973 1541 pauperum
1999 1471 2083 1524 in-

2214 1483 2291 1539 rrjc;
2324 1466 2750 1536 ἀγανακτήσεως
2778 1464 2929 1530 ἄξιον
2964 1481 2978 1528 ;
3006 1464 3207 1518 ταυτὸν
3250 1463 3531 1534 προσῆκεν
3560 1465 3786 1533 ἡγείθαι

450 1545 458 1554 ’
494 1561 796 1632 digentiam
836 1562 1117 1631 suppleas,
1159 1562 1435 1631 quomodo
1469 1577 1576 1616 non
1629 1562 1859 1618 moleste
1889 1571 1944 1619 et
1982 1563 2083 1618 hu-

2214 1567 2332 1613 ιατα
2379 1556 2475 1611 τοῦ
2532 1557 2805 1611 Δεσπὸτου
2855 1556 2951 1609 καὶ
2999 1555 3319 1609 διδασκάλου
3364 1555 3664 1626 προδοσίαν
3695 1558 3791 1609 καὶ

496 1654 733 1709 inaniter
761 1669 952 1709 eorum
985 1654 1327 1710 consortium
1363 1652 1548 1709 feres?

2214 1654 2421 1706 ldvatov
2478 1649 2574 1703 καὶ
2615 1650 2784 1717 τάφον
2839 1647 3062 1717 διαμελε
3080 1648 3303 1702 τῶντα·
3372 1648 3608 1719 πτωχῶν
3671 1648 3788 1702 ἔστι

498 1763 581 1802 σοι
616 1747 877 1820 φροντίς;
951 1748 1045 1800 καὶ
1125 1747 1245 1810 πῶς
1298 1748 1394 1801 τοῦ
1467 1749 1727 1818 ἀστέγου,
1779 1748 1916 1819 μηδὲ
1957 1748 2059 1819 τὴν
2104 1747 2349 1818 κεφαλὴν
2398 1744 2612 1814 ἔχοντος
2664 1742 2792 1795 ἔνθα
2853 1741 3045 1804 κλινεῖ,
3097 1740 3198 1811 τὴν
3251 1740 3468 1811 σφαγὴν
3547 1741 3792 1795 σπουδά-

497 1842 648 1908 ζεις;
709 1841 796 1909 ἐφ’
840 1834 884 1910 ᾧ
942 1842 1109 1913 μηδὲν
1161 1841 1272 1895 τῶν
1328 1840 1477 1893 ἰδίων
1536 1842 1846 1907 ἀωκενοῖς,
1900 1842 2091 1895 τούτου
2130 1841 2269 1912 βαρύ
2336 1840 2431 1894 καὶ
2490 1837 2766 1909 ἀφόρητον
2792 1833 2892 1903 τὴν
2930 1832 3216 1888 συνουσίαν
3245 1834 3528 1903 νομίζειςς
3578 1834 3673 1887 Ἐν
3710 1829 3792 1897 οἷς

508 1944 569 1981 σε
602 1929 686 1982 δεῖ
712 1930 808 1984 καὶ
833 1930 944 1984 τῶν
976 1931 1195 1985 οἰκείων
1225 1930 1397 1985 πολλὰ
1429 1932 1809 1997 καταϐάλλειν,
1838 1932 1975 2003 ἐλέῳ
2032 1932 2132 2005 τὴν
2168 1932 2377 1987 ἔνδειαν
2425 1930 2534 1985 τῶν
2586 1926 2902 1999 πενομένων
2964 1924 3381 1995 ἀναπληροῦντα
3403 1964 3418 1991 ,
3479 1925 3600 1988 πῶς
3675 1926 3773 1979 ἀνο

498 2020 755 2090 επαχθῶς
786 2021 881 2075 καὶ
902 2022 1301 2093 φιλανθρώπως
1335 2024 1545 2079 τούτων
1574 2023 1673 2095 τὴν
1705 2023 2092 2094 συνδιατριϐὴν
2126 2021 2333 2089 οἷσειςς

572 2116 741 2187 Igitur
779 2118 989 2189 absque
1025 2121 1135 2174 ulla
1171 2121 1596 2191 praesumptione
1618 2128 1673 2174 et
1705 2120 1903 2175 ali‘eetu
1938 2135 2094 2175 resu-
2125 2125 2169 2181 Β

500 2210 781 2265 mentibus
818 2210 941 2265 licet
973 2211 1274 2282 intelligere
1321 2221 1375 2268 et
1401 2213 1667 2267 veraciter
1701 2212 1885 2267 dicere
1924 2227 2094 2266 unam

502 2301 720 2372 quidem
746 2318 937 2359 earum
976 2321 1099 2375 quae
1134 2305 1424 2360 Dominum
1466 2314 1747 2376 unguento
1794 2314 2094 2369 unxerunt,

502 2394 677 2448 multo
706 2394 1002 2451 intervallo
1028 2397 1167 2451 alias
1214 2399 1571 2467 prmvenisse.
1622 2397 1710 2453 Ea:
1740 2409 1921 2453 autem
1954 2400 2099 2455 circa

502 2484 775 2553 passionis
818 2494 1034 2555 tempus
1063 2502 1283 2541 sacrum
1324 2487 1427 2543 hoc
1478 2488 1849 2543 ministerium
1896 2485 1951 2541 in
1982 2490 2101 2543 ani-

502 2590 651 2628 mum
685 2575 956 2631 inducunt
978 2594 993 2642 ;
1017 2585 1071 2631 et
1098 2591 1288 2631 earum
1319 2578 1540 2648 quidem
1573 2593 1680 2633 una
1707 2589 1833 2633 ante
1861 2594 1956 2633 sex
1984 2579 2100 2635 dies

504 2666 752 2732 Paschae,
782 2668 958 2723 altera
985 2684 1116 2725 vero
1141 2681 1269 2725 ante
1290 2671 1431 2727 duos
1454 2670 1573 2726 dies
1591 2670 1887 2741 passionis.
1910 2672 1972 2726 Et
1991 2686 2100 2725 una

505 2758 725 2825 quidem
760 2761 1055 2827 peccatrix,
1087 2760 1194 2816 alia
1216 2777 1345 2817 vero
1375 2761 1643 2826 adultera,
1683 2761 1797 2816 suis
1836 2762 2103 2830 cupidita-

507 2847 654 2903 tibus
690 2848 868 2919 magis
892 2865 1053 2919 quam
1096 2850 1311 2905 Domini
1354 2851 1721 2922 appellatione
1774 2859 1939 2905 notae.
1976 2850 2101 2905 Alia

508 2938 731 2993 demum
761 2955 791 2994 a
824 2939 991 2995 fratre
1020 2956 1324 3014 cognomen
1350 2942 1533 3009 ducit;
1563 2950 1618 2997 et
1646 2943 1815 2999 altera
1844 2943 1897 2997 in
1937 2943 2103 2998 domo

508 3027 773 3087 Pharisaei
805 3031 1120 3090 Dominieos
1171 3035 1336 3105 pedes
1385 3044 1661 3107 unguento
1716 3036 1889 3108 ungit,
1920 3045 1974 3091 et
2019 3036 2103 3091 la-

509 3123 720 3194 crymis
757 3124 927 3193 rigat;
953 3126 1123 3181 altera
1158 3142 1290 3181 vero
1310 3126 1363 3181 in
1396 3128 1617 3198 propria
1644 3127 1809 3183 domo
1841 3138 1894 3184 et
1925 3129 2105 3198 lacry-

511 3230 727 3269 marum
788 3226 1005 3287 tempus
1054 3233 1161 3273 non
1223 3219 1403 3287 novit;
1477 3220 1670 3276 invitat
1729 3236 1862 3276 vero
1930 3222 2105 3292 magis

512 3321 705 3361 mensa
736 3316 787 3362 et
817 3306 1004 3362 laetitia
1038 3308 1329 3379 ipsumque
1359 3308 1545 3365 Jcsum
1592 3317 1646 3365 et
1673 3324 1799 3365 eum
1828 3309 1990 3379 cujus
2025 3324 2107 3363 se-

512 3397 765 3468 pulcrum
797 3400 1058 3455 salutaris
1080 3416 1184 3457 vox
1212 3400 1487 3457 ollicinam
1518 3402 1826 3458 nativitatis
1860 3401 2105 3457 ostendit

512 3496 570 3541 et
616 3490 1040 3545 resurrectionis
1092 3490 1297 3545 locum.
1329 3490 1539 3546 Vaeuat
1580 3500 1763 3546 autem
1820 3500 1877 3547 et
1932 3508 1996 3547 ea
2047 3491 2102 3545 in
2130 3461 2174 3524 Ο

514 3594 687 3649 puros
713 3580 879 3649 pedes
919 3592 1258 3649 unguentum
1299 3590 1353 3636 et
1381 3582 1595 3653 capillis
1631 3584 1809 3653 tergit.
1878 3582 2107 3652 Reliqua

514 3685 650 3724 vero
677 3674 834 3725 tertia
876 3671 930 3726 in
972 3673 1136 3726 domo
1166 3689 1289 3728 cum
1341 3674 1557 3742 leproso
1608 3674 1857 3741 advenit;
1899 3674 2108 3745 pretio-

519 3776 645 3816 sum
690 3771 744 3817 et
776 3763 866 3816 illa
898 3772 1240 3833 unguentum
1290 3763 1513 3830 ferens,
1566 3765 1795 3820 minime
1848 3765 2110 3821 membris

519 3852 814 3910 Dominum
860 3858 1055 3927 tangit,
1083 3857 1178 3912 sed
1225 3859 1411 3915 statim
1463 3858 1802 3913 alabastrum
1852 3858 2113 3930 frangens

521 3948 577 4003 in
614 3959 777 4019 caput
810 3960 1153 4021 unguentum
1196 3951 1444 4016 cﬂ‘undit,
1478 3961 1595 4006 arte
1623 3961 1675 4007 et
1700 3953 1817 4007 zelo
1841 3967 1937 4008 eos
1972 3968 2110 4023 prae-

519 4040 747 4095 veniens
770 4042 862 4111 qui
904 4057 971 4095 ne
1000 4057 1140 4111 opus
1170 4050 1452 4113 perageret
1508 4042 1772 4113 impedire
1796 4041 2012 4097 vellent.
2048 4042 2114 4097 Et

522 4146 633 4186 una
665 4133 885 4201 quidem
918 4132 1109 4188 urbem
1140 4134 1302 4189 habet
1325 4133 1762 4205 intemperantiae
1788 4143 2024 4201 testem;
2057 4135 2110 4188 in

521 4224 659 4277 urbe
687 4226 830 4280 enim
854 4228 1128 4294 peccatrix
1155 4229 1483 4294 vocabatur;
1509 4228 1597 4282 illa
1623 4243 1757 4282 vero
1778 4244 2001 4299 pagum,
2021 4227 2113 4282 illa

521 4316 742 4371 demum
778 4319 1061 4387 sapientiae
1105 4329 1159 4373 et
1197 4321 1453 4389 puritatis
1499 4321 1699 4390 palatia
1748 4322 2022 4376 servabat.
2050 4319 2113 4374 Et

522 4414 715 4461 contra
742 4407 977 4476 primam
1007 4409 1228 4479 quidem
1259 4409 1572 4467 Pharisaeus
1603 4412 1949 4482 indignatur;
1985 4428 2115 4467 eon-

526 4507 608 4553 tra
640 4515 885 4555 sororem
915 4501 1109 4556 Lazari
1139 4504 1292 4558 solus
1319 4502 1525 4571 Judas;
1558 4513 1752 4560 contra
1781 4506 2030 4561 ultimam
2064 4515 2117 4562 et

524 4591 616 4645 alii
645 4591 923 4663 discipuli,
956 4604 1006 4648 et
1037 4594 1282 4649 avaritiae
1314 4596 1516 4663 praeda,
1552 4597 1645 4666 qui
1678 4612 1874 4653 rursus
1908 4606 1962 4653 et
1986 4614 2114 4669 pro-

523 4682 671 4737 ditor
700 4682 820 4738 fuit.
875 4684 939 4739 Et
970 4685 1164 4740 Lazari
1197 4688 1418 4757 quidem
1473 4690 1651 4743 sorori
1701 4690 1851 4744 nulla
1903 4706 2116 4746 merces

2280 2116 2665 2181 ’Λναλαόὄντες
2724 2110 2817 2170 οῦν
2873 2114 3046 2185 χωρίς
3097 2130 3241 2175 τινος
3295 2112 3626 2183 προλήψεως
3699 2111 3793 2165 καὶ

2201 2211 2577 2282 προσπαθείας
2631 2209 2806 2263 ἔνεστι
2856 2206 3083 2261 συνιδεῖν
3107 2205 3200 2259 καὶ
3241 2203 3554 2274 φιλαλήθως
3588 2204 3791 2263 εἰπεῖν,

2200 2306 2275 2371 ὼς
2306 2307 2338 2377 ἡ
2370 2305 2468 2376 μὲν
2496 2304 2606 2357 τῶν
2638 2301 3018 2371 ἀλειψαμένων
3045 2299 3203 2369 μύρῳ
3232 2299 3322 2352 τὸν
3349 2298 3573 2369 Κύριον,
3606 2295 3794 2367 πολλῷ

2200 2397 2310 2449 τῶν
2343 2394 2518 2450 ἄλλων
2544 2394 2623 2463 τῷ
2651 2392 2801 2463 μέτει)
2831 2389 3157 2461 προέλαϐεν·
3192 2390 3247 2441 αἱ
3281 2388 3339 2440 δὲ
3375 2388 3504 2457 περὶ
3527 2387 3586 2439 τὸ
3618 2385 3793 2445 πάθος

2200 2489 2299 2561 τὴν
2330 2486 2640 2560 ἱερουργίαν
2670 2484 2875 2556 ταύτην
2895 2482 2990 2535 ἐπὶ
3015 2480 3139 2535 νοῦν
3169 2479 3454 2549 βάλλονται
3483 2494 3493 2508 ·
3532 2482 3632 2534 καὶ
3668 2480 3795 2533 τοῦ·

2201 2599 2309 2635 των
2337 2582 2370 2651 ἡ
2404 2579 2504 2650 μὲν
2537 2577 2643 2647 πρὸ
2667 2577 2726 2641 ἒξ
2756 2575 2979 2647 ἡμερῶν
3026 2573 3121 2627 τοῦ
3166 2574 3382 2643 Πάσχα,
3414 2574 3449 2643 ὴ
3473 2571 3530 2625 δὲ
3563 2571 3677 2643 πρὸ
3703 2569 3796 2624 δύο

2203 2671 2297 2725 τοῦ
2314 2670 2541 2735 πάθους·
2568 2671 2662 2724 καὶ
2684 2670 2718 2739 ἡ
2740 2668 2838 2736 μὲν
2863 2666 3207 2738 ἁμαρτωλὸς,
3228 2666 3262 2730 ἡ
3282 2665 3337 2718 δὲ
3353 2665 3526 2735 πόρνη
3556 2664 3669 2717 ἀπὸ
3686 2663 3794 2715 τῶν

2204 2762 2394 2818 παθῶν
2451 2762 2650 2832 μᾶλλον
2679 2760 2713 2832 ἦ
2750 2760 2858 2813 ἀπὸ
2884 2758 2991 2811 τῶν
3049 2758 3257 2829 κυρίων
3292 2757 3393 2828 τῆς
3426 2756 3681 2828 κλήσεως
3712 2772 3795 2823 γι-

2204 2856 2567 2924 νωσκόμεναι,
2596 2854 2630 2924 ἡ
2662 2852 2718 2905 δὲ
2745 2851 2852 2905 ἀπὸ
2906 2850 3002 2904 τοῦ
3059 2848 3291 2919 ἀδελφοῦ
3316 2849 3472 2920 φέρει
3496 2849 3557 2901 τὸ
3578 2846 3795 2901 ἐπώνυ-

2208 2961 2340 3016 μον·
2375 2946 2536 3017 καὶὴ
2578 2945 2678 3016 μὲν
2726 2945 2785 2998 ὲν
2845 2946 2911 3015 τῇ
2962 2944 3110 3014 οἰκίᾳ
3159 2941 3253 2996 τοῦ
3311 2940 3607 3012 Φαρισαίου
3672 2938 3795 3001 τοὺς

2205 3039 2566 3102 Δεσποτικούς
2594 3037 2761 3100 πόδας
2785 3035 2993 3105 ἀλείφει
3021 3034 3099 3106 τῷ
3114 3034 3272 3106 μύρῳ
3289 3034 3385 3088 καὶ
3410 3034 3523 3096 τοῖς
3538 3030 3796 3102 δακρύοις

2206 3131 2642 3203 προαποπλύνει,
2679 3132 2713 3201 ὴ
2742 3130 2797 3183 δὲ
2833 3132 2890 3184 ὲν
2920 3131 2985 3199 τῇ
3014 3128 3164 3200 οἰκίᾳ
3197 3131 3263 3199 τῇ
3293 3126 3400 3197 ἰδίᾳ
3427 3126 3521 3180 καὶ
3542 3124 3797 3196 δακρύων

2206 3222 2398 3293 καιρὸν
2442 3224 2503 3275 οὐ
2545 3220 2838 3289 γινώσκει·
2887 3220 3156 3286 δεξιοῦται
3188 3219 3245 3272 δὲ
3278 3218 3480 3289 μᾶλλον
3541 3216 3794 3288 τραπέζῃ

2207 3319 2303 3370 καὶ
2338 3315 2646 3386 εὐφροσύνῃ
2693 3314 2859 3368 αὐτόν
2887 3330 2945 3367 τε
2978 3313 3069 3366 τὸν
3103 3312 3333 3383 Ἰησοῦν,
3365 3311 3457 3364 καὶ
3485 3306 3545 3366 οὗ
3583 3312 3677 3364 τὸν
3702 3310 3797 3363 τά-

2207 3428 2306 3479 φον
2331 3411 2364 3481 ἡ
2396 3410 2665 3479 σωτήριος
2691 3405 2843 3477 φωνὴ
2872 3404 3139 3475 γενέσεως
3175 3403 3377 3471 ἔδειξεν
3408 3405 3796 3475 ἐργαστήριον.

2210 3504 2304 3555 καὶ
2363 3500 2561 3572 χωρίον
2620 3499 3007 3563 άναΰιώσεως·
3063 3499 3213 3552 κενοῖ
3255 3497 3314 3551 δὲ
3352 3498 3448 3551 καὶ
3479 3496 3623 3568 αὐτη
3658 3496 3797 3550 κατὰ

2210 3595 2318 3649 τῶν
2371 3593 2656 3665 ἁχράντων
2710 3591 2889 3645 ποδῶν
2950 3591 3012 3643 τὸ
3070 3590 3243 3662 μύρον
3293 3590 3389 3643 καὶ
3454 3592 3578 3651 ταῖς
3624 3588 3798 3661 θριξὶν

2210 3687 2522 3755 ἁπομάσσει
2549 3702 2561 3715 ⁶
2594 3686 2625 3755 ὴ
2656 3685 2712 3737 δὲ
2749 3682 2913 3754 λοιπὴ
2964 3683 3122 3753 τρίτη
3152 3682 3211 3734 ὲν
3236 3684 3301 3754 τῇ
3332 3681 3479 3752 οἰκίᾳ
3530 3681 3675 3751 μετὰ
3705 3678 3797 3731 τοῦ

2212 3778 2415 3851 λεπροῦ
2472 3777 2839 3848 παραγίνεται
2898 3776 3233 3845 πολύτιμον·
3287 3774 3382 3829 καὶ
3438 3773 3578 3845 αὐτὴ
3632 3772 3799 3843 μύρον

2214 3870 2477 3939 φέρουσα,
2504 3866 2754 3936 οὐδαμῶς
2781 3867 2838 3919 δὲ
2866 3867 2979 3928 τοῖς
3005 3864 3193 3935 μέλεσι
3215 3862 3311 3916 τοῦ
3340 3861 3591 3932 Σωτῆρος
3616 3859 3798 3930 ψαύει,

2214 3960 2329 4014 ἀλλ’
2394 3959 2548 4029 ἄφνω
2573 3957 2633 4010 τὸ
2667 3956 3014 4027 ἁλὰΰαστρον
3084 3951 3446 4025 συντρίψασα,
3517 3952 3662 4004 κατὰ
3702 3948 3798 4017 τῆς

2216 4051 2459 4121 κεφαλῆς
2478 4050 2539 4103 τὸ
2569 4049 2741 4122 μῦρον
2803 4048 3031 4119 ἐπιχέει,
3085 4047 3248 4118 τέχνῃ
3294 4044 3685 4117 προφθάνουσα
3712 4040 3801 4093 καὶ

2217 4143 2421 4215 σπουδῇ
2480 4142 2605 4207 τοὺς
2644 4143 2697 4195 εί
2723 4158 2869 4204 τινες
2920 4141 3223 4211 ἐπιχειρεῖν
3286 4138 3646 4209 μελετήσειαν
3703 4132 3795 4204 τὴν

2216 4236 2417 4308 πρᾶξιν
2443 4233 2697 4287 κωλύειν·
2728 4233 2821 4285 καὶ
2842 4233 2875 4301 ἡ
2916 4231 3014 4301 μὲν
3034 4232 3135 4301 τὴν
3169 4229 3323 4283 πόλιν
3354 4227 3511 4297 φέρει
3544 4228 3797 4297 μάρτυρα

2214 4332 2315 4399 τῆς
2338 4326 2654 4387 ἀκολασίας·
2679 4325 2735 4377 ὲν
2758 4326 2826 4395 τῇ
2859 4324 3009 4377 πόλει
3040 4323 3149 4394 γὰρ
3177 4321 3500 4395 ἁμαρτωλὸς
3519 4318 3795 4391 ὠνομάζε.

2215 4437 2277 4473 το
2297 4437 2311 4451 ·
2341 4420 2373 4489 ἡ
2404 4418 2460 4471 δὲ
2490 4418 2590 4489 τὴν
2618 4416 2835 4486 κώμην·
2876 4416 2909 4486 ἡ
2952 4415 3009 4469 δὲ
3043 4417 3154 4478 τοῖς
3185 4415 3287 4482 τῆς
3320 4412 3680 4485 σωφροσύνης
3714 4409 3802 4462 καὶ

2218 4510 2590 4581 καθαρότητος
2648 4508 2968 4578 ἀνακτόροις
3008 4506 3398 4578 ὲθαλαμεύετο·
3452 4507 3550 4559 καὶ
3580 4506 3675 4559 ἐπὶ
3708 4502 3801 4573 μὲν

2216 4606 2316 4674 τῆς
2366 4601 2591 4672 πρώτης
2619 4603 2962 4673 ὁΦαρισαῖος
3027 4601 3186 4671 μόνος
3234 4601 3559 4668 ἀγανακτεῖ,
3616 4598 3709 4651 ἐπὶ
3748 4594 3800 4648 δὲ

2219 4692 2311 4746 τοῦ
2340 4692 2595 4764 Λαζάρου
2630 4692 2791 4763 μόνος
2820 4691 3063 4754 ὁἸούδας
3083 4709 3096 4723 ·
3134 4692 3226 4744 ἐπὶ
3257 4691 3315 4745 δὲ
3352 4692 3448 4762 τῆς
3483 4688 3801 4749 τελευταίας

525 4794 624 4848 pro
660 4787 942 4850 unguento
974 4780 1176 4836 donata
1214 4783 1603 4848 annuntiatur;
1656 4783 1751 4838 sed
1787 4783 1928 4853 quod
1957 4784 2027 4838 ab
2052 4800 2113 4838 ea

2221 4785 2372 4840 ἄλλοι
2425 4801 2483 4838 τε
2532 4784 2641 4837 τῶν
2694 4783 2995 4854 μαθητῶν,
3043 4784 3138 4837 καὶ
3189 4783 3250 4836 τὸ
3301 4783 3402 4852 τῆς
3445 4780 3803 4855 φιλαργυρίας

527 4872 827 4941 perfectum
861 4882 965 4941 est,
995 4890 1094 4945 pro
1125 4885 1252 4931 ante
1286 4877 1486 4931 collato
1519 4893 1683 4948 supra
1722 4880 1990 4934 rationem
2022 4880 2118 4934 be-

526 4961 723 5017 neficio
756 4973 808 5017 et
840 4980 1068 5019 munere
1097 4968 1394 5035 gratiarum
1444 4971 1587 5025 actio
1628 4978 1764 5024 erat.
1805 4969 1935 5025 Sola
1983 4987 2115 5027 vero

525 5058 579 5101 et
614 5056 746 5104 tunc
784 5047 938 5105 Juilae
971 5055 1207 5121 proditio
1245 5063 1300 5109 et
1330 5057 1630 5125 petulantia
1667 5060 1912 5115 noscitur
1941 5070 1995 5114 et
2027 5077 2115 5115 re-

525 5140 836 5210 darguitur.
891 5144 957 5196 Et
995 5159 1099 5198 una
1131 5146 1353 5216 quidem
1387 5151 1531 5219 apud
1585 5151 1785 5206 Lucam
1838 5153 2117 5209 remissio-

528 5249 652 5287 nem
682 5246 1032 5302 peceatorum
1072 5238 1313 5307 invenit,
1345 5252 1399 5295 et
1442 5258 1540 5310 pro
1573 5251 1856 5313 unguento
1916 5253 1971 5298 et
2026 5260 2123 5314 pro

530 5327 635 5382 fide
670 5331 1000 5384 mercedem.
1034 5330 1114 5385 llli
1150 5348 1279 5386 vero
1307 5349 1429 5402 quae
1479 5337 1623 5405 apud
1670 5338 1984 5392 Mattha‘um
2040 5348 2125 5393 est

531 5431 584 5474 ot
629 5419 873 5476 Marcum
908 5425 1174 5479 memoria
1210 5442 1305 5496 per
1340 5430 1538 5482 saecula
1581 5430 1634 5481 in
1669 5446 1887 5485 omnem
1920 5441 2121 5487 terram

531 5514 921 5583 proelamanda
944 5518 1324 5572 annuntiatur.
1350 5519 1640 5575 Dissimilis
1671 5522 1889 5591 quidem
1911 5538 2125 5579 merces

535 5607 754 5676 utrique
788 5605 1115 5664 feminarum
1142 5613 1534 5680 annuntiatur;
1571 5630 1677 5667 non
1703 5626 1880 5670 tamen
1916 5632 2126 5673 merces

535 5697 704 5753 unius
730 5698 955 5755 alteram
998 5703 1117 5758 sine
1155 5707 1405 5761 mercede
1449 5706 1726 5776 relinquit.
1768 5709 1943 5763 Ambo
1974 5710 2121 5765 enim

538 5796 891 5861 peccaturum
930 5792 1309 5849 remissionem
1354 5796 1702 5860 invenerunt,
1738 5798 1897 5852 ambo
1941 5808 2119 5854 autem

2224 4878 2489 4950 λάφυρον,
2527 4877 2689 4933 πάλιν
2718 4879 2746 4930 ὁ
2770 4878 3055 4948 προδότης·
3091 4878 3185 4929 καὶ
3213 4880 3277 4947 τῇ
3307 4877 3406 4948 μὲν
3430 4876 3525 4930 τοῦ
3556 4876 3799 4944 Λαζάρου

2224 4972 2448 5043 ἀδελφῇ,
2504 4972 2679 5036 οὐδεὶς
2728 4970 2918 5043 μισθὸς
2977 4970 3078 5039 τῆς
3136 4969 3231 5023 τοῦ
3298 4969 3471 5041 μύρου
3531 4967 3804 5023 κενώσεως

2224 5064 2664 5134 ἐπαγγέλλεται·
2728 5062 3282 5134 προκαταὸληθείσης
3322 5062 3431 5131 γὰρ
3486 5060 3629 5131 ὑπὲρ
3657 5058 3803 5124 λόγον

2224 5154 2546 5224 εὐεργεσίας
2603 5154 2698 5207 καὶ
2750 5152 2983 5224 δωρεᾶς,
3012 5151 3074 5204 τὸ
3107 5152 3239 5222 παρ’
3276 5150 3447 5219 αὐτῆς
3488 5148 3802 5217 τελούμενον

2226 5247 2439 5317 ὑπῆρχε
2473 5245 2848 5317 χαριστήριον·
2880 5244 3014 5314 μόνη
3049 5242 3106 5295 δὲ
3138 5241 3420 5295 κάνταῦθα
3451 5243 3484 5311 ἠ
3510 5239 3607 5292 τοῦ
3648 5233 3802 5290 Ἰούδα

2226 5340 2485 5412 προδοσία
2504 5340 2597 5393 καὶ
2611 5337 2908 5410 προπέτεια
2925 5335 3254 5407 γνωρίζεταί
3275 5353 3332 5387 τε
3351 5336 3440 5388 καὶ
3454 5334 3800 5404 διελέγχεται.

2229 5428 2399 5504 Καΐή
2425 5432 2524 5503 μὲν
2546 5432 2698 5502 παρὰ
2717 5431 2795 5501 τῷ
2816 5431 3001 5500 Λουκᾷ
3023 5430 3214 5498 ἄφεσιν
3234 5427 3521 5498 ἁμαρτιῶν
3548 5424 3798 5496 εὑρίσκει.

2228 5525 2328 5592 τὴν
2358 5522 2784 5593 μισθαποδοσίαν
2811 5518 3024 5574 καὶτοῦ
3056 5520 3231 5590 μύρου
3268 5519 3362 5572 καὶ
3404 5520 3503 5582 τῆς
3558 5517 3798 5571 πίστεως¹

2235 5620 2300 5686 τῇ
2344 5616 2400 5668 δὲ
2435 5616 2587 5686 παρὰ
2632 5613 2893 5683 Ματθαίῳ
2953 5613 3047 5665 καὶ
3097 5612 3345 5683 Μάρκῳ,
3378 5611 3438 5664 τὸ
3472 5609 3801 5681 μνημόσυνον

2231 5710 2631 5777 ἐπαγγέλλεται
2659 5709 2726 5761 δι’
2758 5706 2954 5770 αἰῶνος
3002 5707 3082 5768 εἰς
3121 5707 3218 5775 τὴν
3247 5703 3579 5774 οἰκουμένην
3607 5696 3794 5770 κηρύτ-

2233 5800 2437 5852 τεσθαι·
2475 5799 2731 5869 διάφορος
2780 5798 2931 5869 μὲνὴ
2984 5794 3383 5867 μισθαποδοσία
3440 5794 3676 5866 ἑκατέρᾳ
3702 5784 3797 5839 τῶν
