4144 6444
380 360 488 426 365

1283 366 1385 427 AD
1424 365 2028 432 AMPHILOCHIUM
2076 370 2431 443 QUIESTIO
2470 373 2747 436 XLVIII.

3582 377 3692 441 366

383 471 626 542 γυναίων
658 470 1087 543 ἐπαγγέλλεταιο
1122 471 1184 525 ού
1214 472 1401 544 μέντοι
1433 475 1671 548 θατέρας
1703 478 1732 530 ὁ
1770 477 1985 550 μισθὸς,

2114 492 2192 532 ier
2224 495 2441 536 sacram
2485 482 2634 537 illam
2691 482 3011 539 unctionem
3064 482 3119 537 in
3168 482 3431 540 universo
3486 485 3692 539 mundo

384 568 482 637 τὴν
524 566 724 638 ἑτέραν
778 565 1088 635 ἀγέραστον
1137 565 1481 622 καταλείπει.
1523 568 1637 622 Καὶ
1670 568 1780 642 γὰρ
1814 568 1985 639 ἄμφω

393 658 489 728 μὲν
518 657 629 711 τῶν
655 657 1072 729 ἁμαρτημάτων
1090 655 1190 728 τὴν
1216 655 1413 727 ἄφεσιν
1435 657 1697 730 εὕραντο,
1727 660 1903 731 ἄμφω
1928 660 1985 713 δὲ

2092 572 2529 640 proclamantur,
2564 583 2618 629 et
2667 575 2875 630 meritae
2904 585 3033 630 sunt
3063 584 3122 631 ut
3166 591 3259 647 per
3306 577 3505 634 saecula
3541 578 3689 650 ipsa-

2096 678 2218 718 rum
2251 666 2519 721 memoria
2552 666 2809 723 laudibus
2838 681 3096 724 coronata
3138 668 3367 728 feratur.

390 748 480 802 διὰ
505 749 605 819 τῆς
631 750 784 819 ἱερᾶς
809 748 1014 819 ταύτης
1048 748 1302 821 πράξεως
1350 751 1407 804 ὲν
1441 751 1549 824 ὅλῳ
1577 752 1659 824 τῷ
1688 752 1883 825 κόσμῳ
1903 752 2295 825 κηρύσσονται,
2351 758 2449 814 καὶ
2485 760 2553 814 δι’
2586 760 2784 827 αίῶνος
2826 761 3213 834 ἐκληρώσαντο
3258 763 3321 817 τὸ
3342 763 3697 837 μνημόσυνον

395 843 584 912 φέρειν
610 843 723 905 τοῖς
750 842 994 907 ἐπαίνοις
1029 844 1490 916 στεφανούμενον.

477 933 622 987 Ἀλλ’
653 933 681 986 ὃ
712 933 810 1004 μὲν
862 934 1108 1004 ἥρμοζεν
1158 936 1401 1009 ἑκατέρᾳ
1436 936 1575 1009 πρὸς
1623 938 1987 1011 παραμυθίαν

399 1026 493 1080 καὶ⁸
542 1025 815 1096 ἀποδοχὴν
872 1029 975 1098 τῆς
1029 1027 1294 1097 ἐργασίας
1328 1030 1791 1099 ἐπαγγέλλεσθαι,
1831 1033 1992 1086 τοῦτο

397 1120 634 1189 είρηται’
689 1120 787 1172 καὶ
840 1120 953 1191 γὰρ
997 1120 1098 1191 τὴν
1154 1120 1254 1191 μὲν
1298 1122 1577 1193 ἐπετίμων
1606 1125 1656 1178 οί
1700 1124 1995 1179 ἀπόστολοι

393 1209 470 1273 ὡς
499 1210 951 1284 παραχρωμένην
980 1211 1059 1284 τῷ
1092 1212 1252 1285 μύρῳ
1274 1215 1369 1267 καὶ
1397 1215 1576 1287 μάτην
1602 1216 1999 1272 ἐκδαπανῶσαν

394 1302 529 1356 αὐτὸ
552 1303 649 1355 καὶ
674 1302 1191 1358 καταναλίσκουσαν
1210 1304 1387 1377 ἰπερὶ
1410 1306 1467 1360 δὲ
1486 1307 1587 1378 τῆς
1614 1308 1808 1380 λοιπῆς
1833 1309 1862 1361 ὁ
1888 1310 1995 1362 Φα-

395 1398 614 1467 ρισαῖος
646 1396 1021 1467 διεγόγγυζεν,
1080 1398 1163 1451 ὅτι
1208 1399 1535 1470 ἁμαρτωλὸς
1567 1395 1705 1455 οὖσα
1732 1402 1825 1455 καὶ
1870 1418 1998 1455 κατ-

393 1490 721 1561 εγνωσμένη
753 1490 982 1545 τοιαῦτα
1010 1492 1272 1564 πράττειν
1289 1493 1383 1546 ἐπὶ
1410 1492 1539 1549 νοῦν
1566 1495 1718 1565 ὅμως
1758 1495 1994 1550 ἐπεϐάλ-

392 1581 542 1636 λετο’
572 1584 667 1636 καὶ
712 1580 998 1637 λανθάνειν
1058 1584 1273 1656 ἐνόμιζε
1300 1584 1393 1639 τὸν
1442 1584 1764 1641 διδάσκαλον
1790 1586 1849 1653 ἐξ
1881 1588 1994 1642 οἵου

395 1675 525 1745 βίου
569 1676 665 1729 καὶ
694 1675 973 1739 πολιτείας
996 1676 1058 1730 τὸ
1080 1676 1304 1746 γύναιον
1334 1680 1683 1751 ἐγνωρίζετο.
1712 1680 1803 1734 Διὸ
1822 1680 1995 1753 ταύτῃ

2169 935 2276 993 Sed
2304 936 2450 1007 quod
2486 952 2937 1010 unamquamque
2964 940 3152 997 decuit
3190 950 3253 996 ut
3297 942 3604 999 consolatio
3633 947 3703 1000 ει·

2094 1028 2347 1086 beneﬁcii
2377 1031 2685 1100 acceptatio
2732 1033 3123 1099 annuntietur,
3182 1035 3289 1088 hoc
3334 1034 3539 1090 dictum
3579 1047 3687 1092 est.

2105 1120 2321 1177 Etenim
2358 1136 2525 1176 unam
2572 1121 2796 1192 quidem
2858 1123 3096 1193 apostoli
3150 1123 3603 1192 vituperaverunt
3639 1134 3696 1179 et

2104 1220 2390 1282 unguento
2427 1210 2749 1268 abutentem
2774 1222 2831 1269 et
2855 1214 2989 1270 illud
3017 1214 3227 1271 frustra
3285 1214 3692 1286 impendentem

2103 1312 2159 1359 et
2180 1303 2592 1375 dispensantem
2618 1322 2634 1371 ;
2667 1306 2902 1362 alteram
2953 1322 3091 1363 vero
3118 1306 3437 1363 Pliarisaaus
3461 1308 3695 1362 cavilla-

2105 1406 2196 1454 tus
2221 1408 2330 1464 est,
2371 1398 2541 1468 quod,
2576 1414 2700 1454 cum
2724 1409 2871 1456 esset
2911 1400 3193 1471 peccatrix
3230 1408 3285 1455 et
3317 1409 3378 1455 ut
3417 1400 3545 1455 talis
3595 1416 3695 1454 no-

2106 1497 2378 1556 sceretur,
2416 1504 2481 1546 ea
2513 1500 2693 1547 tamen
2729 1492 2923 1563 agendi
2963 1502 3204 1549 mentem
3234 1492 3462 1562 ceperit,
3505 1503 3559 1547 et
3580 1491 3697 1547 Ma-

2103 1582 2340 1655 gistrum
2392 1583 2566 1639 latere
2626 1584 2886 1640 credebat
2913 1600 3023 1656 qua
3050 1585 3162 1640 vita
3206 1593 3261 1640 et
3293 1584 3549 1640 instituto
3580 1600 3697 1640 mu-

2102 1672 2207 1728 lier
2269 1685 2612 1731 nosceretur.
2649 1674 2999 1748 Quapropter
3047 1676 3177 1734 huic
3220 1692 3435 1733 merces
3476 1692 3696 1733 annun-

395 1767 507 1835 μὲν
535 1770 562 1821 6
600 1767 789 1838 μισθὸς
821 1769 1104 1842 ἀνερρήθη
1131 1770 1241 1823 τῶν
1268 1772 1684 1844 ἁμαρτημάτων
1714 1775 1747 1845 ἡ
1776 1774 1994 1842 ἄφεσις

2114 1764 2234 1821 .iata
2266 1775 2351 1823 est
2373 1776 2728 1837 peccatorum
2764 1770 3055 1839 remissio;
3103 1771 3185 1827 illi
3220 1787 3353 1828 vero
3388 1773 3456 1827 ad
3497 1786 3696 1827 omnes

394 1861 591 1934 ἐκείνῃ
623 1861 681 1914 δὲ
707 1862 770 1915 τὸ
818 1863 899 1927 είς
939 1863 1152 1928 πάντας
1182 1864 1592 1936 περιηχηθῆναι
1635 1865 1736 1937 τὴν
1796 1865 1998 1938 πρᾶξιν

390 1952 774 2024 ἀνεκηρύχθη,
798 1954 890 2008 καί
912 1955 1067 2024 παρά
1092 1955 1312 2010 πάντων
1346 1956 1767 2029 μακαρίζεσθαι·
1786 1960 1851 2028 τῇ
1874 1957 2000 2027 μέν·

393 2064 524 2100 am:
556 2062 618 2113 γε
648 2046 852 2118 ἀδελφῇ
884 2045 976 2099 τοῦ
1017 2046 1274 2119 Λαζάρου
1307 2048 1590 2122 οὐδέτερον
1621 2050 1829 2104 τούτων
1866 2052 1996 2106 ἀντ-

397 2140 736 2195 αποδίδοταιο
761 2140 955 2211 ἐπειδὴ
978 2140 1103 2194 ούδέ
1133 2140 1319 2214 ἐκείνη
1351 2142 1814 2214 προσδοκωμένης
1841 2144 2001 2216 εύερ-

400 2236 600 2303 γεσίας
646 2235 741 2289 καὶ
790 2235 1015 2306 χάριτος
1070 2235 1375 2308 ἀρραϐῶνα
1438 2234 1846 2289 κατεϐάλλετοο
1879 2235 1997 2290 ἀλλ’

403 2327 553 2398 ὑπὲρ
581 2320 656 2381 ὧν
685 2326 1007 2398 ἀπήλαυσεν
1062 2326 1205 2398 ὑπὲρ
1256 2327 1415 2398 λόγον
1470 2327 1563 2381 τὸν
1610 2327 1844 2398 ἀδελφὸν
1878 2327 1999 2382 ἀντὶ

399 2421 605 2494 νεκροῦ
658 2421 953 2493 καινοτέρᾳ
1006 2420 1120 2493 ζωῇ
1177 2422 1277 2492 τὴν
1312 2421 1409 2475 τοῦ
1468 2420 1703 2475 θανάτου
1729 2421 1999 2494 νέκρωσιν

400 2512 913 2584 προοιμιασάμενον
988 2511 1377 2579 ἀπολαϐοῦσα,
1433 2512 1524 2565 τὸν
1582 2512 1882 2584 εὐεργέτην
1930 2511 2001 2566 δι’

399 2605 761 2675 εὐχαριστίας
802 2601 907 2676 ἦγε
934 2622 945 2633 ·
980 2605 1076 2658 καὶ
1104 2605 1248 2659 κατά
1270 2622 1333 2675 γε
1356 2604 1589 2676 γνώμην
1618 2607 1715 2660 καὶ
1745 2606 1999 2677 δύναμιν,

399 2699 469 2750 τὸ
494 2698 665 2769 γέρας
719 2696 1017 2767 ἀπένεμεν.
1080 2694 1291 2759 Ἄλλως
1330 2712 1390 2748 τε
1417 2695 1473 2747 δὲ
1531 2696 1588 2748 αἱ
1635 2693 1735 2765 μὲν
1788 2693 2002 2757 ἀτελεῖς

399 2786 571 2861 ἦσαν,
636 2789 735 2843 κα)⁵
763 2788 832 2859 δή
864 2789 960 2842 καὶ
1019 2786 1097 2859 τῷ
1149 2786 1356 2860 φορτίῳ
1408 2786 1522 2842 τῶν
1578 2786 2002 2859 ἁμαρτημάτων

402 2883 738 2955 ἐϐαρύνοντο
761 2899 773 2911 ·
804 2882 1021 2936 ἐδέοντο
1072 2881 1254 2935 τοίνυν
1286 2878 1689 2953 παρακλήσεώς
1736 2897 1882 2945 τινος
1910 2879 2004 2932 καὶ

403 2970 791 3044 πληροφορίας
825 2970 957 3041 ὡςὴ
993 2972 1191 3043 πρᾶξις
1217 2969 1397 3024 αὐτῶν
1427 2969 1728 3041 ἀπεδέχθη,
1760 2970 1855 3023 καὶ
1895 2968 2003 3023 τῶν

2098 1860 2498 1916 annuntiatum
2559 1862 2628 1917 iri
2671 1862 2850 1933 ipsius
2910 1864 3189 1919 actionem
3238 1864 3566 1936 praedictum
3613 1873 3699 1919 est

2098 1958 2153 2004 et
2184 1948 2256 2004 ab
2276 1950 2538 2006 omnibus
2559 1950 2777 2006 beatam
2811 1952 3018 2007 dictum
3046 1952 3135 2008 iri.
3173 1953 3362 2009 Sorori
3410 1968 3544 2010 sane
3587 1952 3696 2008 La-

2100 2043 2217 2097 zari
2253 2043 2466 2098 nullum
2498 2058 2567 2100 ex
2618 2045 2707 2099 bis
2756 2045 3033 2103 mercedis
3065 2046 3227 2102 titulo
3258 2048 3527 2103 redditur.
3573 2046 3697 2103 Non

2099 2134 2246 2188 enim
2274 2134 2364 2189 illa
2399 2136 2603 2206 sperati
2634 2136 2888 2194 beneﬁcii
2911 2146 2968 2194 et
2994 2140 3185 2210 gratiae
3212 2140 3406 2196 arrhas
3430 2138 3695 2211 iaciebat,

2100 2227 2197 2283 sed
2221 2238 2508 2300 propterea
2542 2232 2692 2300 quod
2721 2232 2911 2303 gavisa
2939 2242 3045 2301 cst,
3065 2234 3344 2304 accipiens
3366 2234 3695 2289 mirabiliter

2098 2323 2331 2381 fratrem
2362 2341 2430 2381 ex
2455 2334 2674 2382 mortuo
2709 2342 2851 2382 nova
2900 2328 3013 2383 vita
3045 2328 3243 2383 mortis
3277 2327 3695 2383 mortiﬁcationi

2101 2418 2521 2488 praeludentem,
2554 2428 2712 2490 grato
2741 2420 2931 2476 animo
2988 2421 3400 2477 benefactorem
3455 2422 3645 2476 habuit
3676 2438 3691 2486 ;

2100 2522 2157 2569 et
2190 2527 2290 2583 pro
2327 2513 2613 2570 voluntate
2662 2522 2720 2569 et
2766 2515 3012 2584 potentia
3084 2514 3393 2570 mercedem
3436 2514 3484 2569 ei
3536 2513 3696 2569 exhi-

2101 2607 2240 2663 buit.
2277 2608 2518 2663 Aliunde
2569 2618 2625 2663 et
2670 2608 2795 2663 aliae
2831 2608 3164 2679 imperfecta:
3210 2617 3390 2675 erant,
3445 2618 3500 2663 ct
3563 2622 3700 2662 sane

2102 2701 2328 2772 quidem
2354 2710 2708 2771 peccatorum
2729 2702 2974 2771 pondere
2992 2701 3386 2771 premebantur
3416 2716 3431 2766 ;
3463 2700 3702 2771 egebant

2102 2807 2235 2863 ergo
2284 2792 2672 2849 consolatione
2715 2793 2955 2863 quadam
3008 2802 3064 2848 et
3120 2790 3491 2863 persuasione
3549 2789 3701 2860 quod

2103 2882 2346 2954 ipsarum
2388 2884 2537 2939 actio
2569 2892 2796 2954 accepta
2825 2892 2993 2950 esset,
3028 2891 3083 2939 et
3113 2898 3210 2954 spe
3249 2898 3349 2938 sua
3378 2896 3492 2937 non
3533 2880 3702 2935 deci-

2106 2973 2345 3044 pientur.
2398 2974 2615 3029 Idcirco
2674 2974 2895 3045 generis
2952 2972 3130 3028 nostri
3161 2971 3420 3027 Salvator
3468 2967 3709 3041 singulis

406 3064 645 3118 ἐλπίδων
672 3063 733 3117 ού
759 3062 1179 3133 ψευσθήσονται·
1234 3061 1314 3115 διὸ
1344 3061 1437 3116 καὶ
1500 3060 1594 3115 τοῦ
1628 3061 1818 3131 γένους
1846 3060 2002 3131 ήμῶν

2114 3078 2162 3123 et
2186 3068 2404 3137 proprie
2434 3068 2840 3138 promissiones
2856 3067 3167 3123 distribuit.
3196 3066 3330 3133 Quae
3370 3074 3554 3121 autem
3583 3072 3705 3119 erat

409 3158 444 3210 6
479 3156 669 3227 Σωτὴρ
688 3153 1039 3226 καταλλήλως
1060 3154 1251 3217 αὐταῖς
1276 3152 1371 3207 καὶ
1390 3151 1608 3215 οίκείως
1637 3151 1737 3215 τὰς
1760 3153 2004 3221 ἐπαγγε-

414 3248 541 3311 λίας
602 3247 1012 3318 διενείματοοή
1042 3245 1100 3300 δὲ
1149 3246 1462 3315 τελειοτέρα
1512 3261 1572 3297 τε
1625 3244 1864 3315 ὑπῆρχε,
1912 3245 2009 3297 καὶ

414 3341 515 3395 τοῦ
578 3339 885 3411 παραδόξου
947 3339 1223 3410 θεάματος
1283 3336 1364 3391 ἔτι
1425 3337 1517 3392 διὰ
1579 3337 1686 3390 τῶν
1740 3336 2009 3407 ὀμμάτων

414 3434 695 3505 ἁπήλαυε,
718 3433 811 3487 καὶ
836 3434 937 3487 οὐκ
966 3434 1136 3486 ἐδεῖτο
1158 3432 1295 3496 τέως
1332 3431 1684 3503 ὑποσχέσεων
1717 3430 2006 3501 μειζόνων·

415 3528 645 3597 ἠρκεῖτο
680 3526 739 3578 δὲ
776 3526 855 3596 τῷ
888 3542 952 3579 τε
999 3524 1290 3596 παραδόξῳ
1351 3524 1586 3595 θεάματι
1638 3524 1735 3577 καὶ
1758 3525 1827 3595 τῇ
1854 3524 2009 3594 κοινῇ

415 3622 563 3692 πρὸς
620 3621 829 3684 πάντας
886 3620 1014 3685 τοὺς
1065 3619 1507 3684 πεπιστευκότας
1556 3618 1863 3690 ἐπαγγελίᾳ
1916 3618 2012 3671 τοῦ

416 3714 720 3779 Δεσπότου,
778 3714 859 3767 ὅτι
890 3715 919 3766 6
948 3712 1221 3767 πιστεύων
1274 3714 1354 3777 είς
1418 3711 1603 3778 αὐτὸν,
1644 3712 1747 3783 τῆς
1788 3711 2011 3765 αἰωνίου

416 3807 573 3877 ζωῆς
622 3806 716 3860 τὸν
756 3806 957 3877 κλῆρον
990 3806 1355 3878 ἀναφαίρετον
1380 3804 1513 3871 ἔξει.

494 3898 593 3952 Διά
622 3896 676 3951 τί
707 3898 764 3951 δὲ
794 3899 887 3951 ἐπὶ
924 3898 1023 3968 μὲν
1049 3897 1148 3967 τῆς
1202 3898 1359 3969 παρά
1406 3897 1486 3969 τῷ
1516 3898 1703 3969 Λουκᾷ
1753 3897 2017 3967 γυναικὸς

412 3992 598 4055 οὐδεὶς
641 3991 751 4045 τῶν
804 3991 1064 4063 μαθητῶν
1114 3991 1288 4045 οὗδὲό
1331 3990 1537 4056 Ἰούδας
1570 3993 1891 4062 ἀγανακτεῖ,
1925 3993 2018 4045 ἐπὶ

415 4085 526 4149 τῆς
578 4082 672 4136 τοῦ
730 4080 988 4155 Λαζάρου
1031 4083 1194 4153 μόνος
1237 4085 1265 4137 6
1307 4083 1611 4155 προδότης;
1668 4083 1761 4136 ἐπὶ
1805 4084 1862 4137 δὲ
1914 4083 2018 4152 τῆς

417 4173 653 4246 πόρνης,
687 4172 797 4227 τῶν
830 4173 1091 4245 μαθητῶν
1131 4174 1232 4227 οὐκ
1266 4172 1476 4239 όλίγοι;
1513 4172 1545 4244 ἢ
1574 4173 1662 4228 διὰ
1719 4172 1878 4226 τοῦτο
1908 4174 2019 4227 τῶν

424 4265 690 4337 μαθητῶν
732 4266 908 4329 οὐδεὶς
956 4266 1049 4319 ἐπὶ
1090 4267 1155 4336 τῇ
1221 4262 1451 4335 πρώτῃ,
1507 4264 1631 4316 οὐδὲ
1680 4266 1709 4316 ὁ
1753 4264 2019 4336 προδότης

421 4359 748 4425 ἀγανακτεῖ,
804 4356 941 4410 διότι
973 4358 1001 4409 6
1036 4357 1133 4427 μὲν
1180 4356 1384 4419 Ἰούδας
1413 4354 1568 4409 ούπω
1589 4352 1657 4427 ἦν
1692 4354 1834 4409 κατά
1874 4356 2016 4425 κρά-

2111 3158 2412 3231 perfectior
2446 3167 2501 3213 et
2522 3158 2759 3213 mirabili
2798 3158 3116 3226 spectaculo
3141 3157 3321 3212 adhuc
3344 3156 3518 3211 oculis
3535 3154 3705 3209 fruita

2111 3255 2251 3313 erat,
2290 3263 2389 3303 nec
2445 3247 2750 3318 majoribus
2797 3247 3263 3318 promissionibus
3316 3246 3556 3317 egebat;
3599 3243 3705 3298 mi-

2114 3342 2272 3397 rabili
2306 3349 2491 3396 autem
2530 3340 2636 3395 hoc
2662 3340 2978 3411 spectaculo
3019 3348 3074 3394 et
3103 3337 3474 3394 communiad
3506 3350 3705 3391 omnes

2115 3432 2305 3488 ﬁdeles
2346 3430 2568 3486 Domini
2598 3431 2971 3500 promissione
3011 3440 3270 3486 contenta
3324 3436 3466 3493 erat,
3509 3442 3708 3496 nempe

2115 3541 2239 3582 cum
2269 3525 2363 3595 qui
2402 3524 2581 3579 credit
2605 3524 2661 3578 in
2688 3524 2894 3595 ipsum,
2924 3523 3049 3578 vita:
3078 3533 3301 3579 aeterna:
3321 3519 3705 3583 haereditatem

2116 3634 2226 3675 non
2247 3618 2598 3674 auferibilem
2639 3617 2963 3673 habiturum
2988 3632 3149 3675 esse..

2190 3886 2377 3956 Quare
2407 3894 2589 3942 autem
2618 3894 2815 3941 contra
2838 3898 2957 3941 eam
2980 3899 3102 3953 quae
3123 3882 3266 3954 apud
3296 3881 3497 3938 Lucam
3518 3891 3604 3939 est
3634 3881 3712 3939 fe-

2121 3981 2328 4036 minam
2366 3980 2558 4035 nullus
2588 3979 2990 4049 discipulorum
3036 3992 3213 4047 neque
3265 3976 3384 4047 ipse
3418 3975 3592 4031 Judas
3624 3976 3713 4030 in-

2122 4076 2403 4145 dignatur,
2440 4082 2629 4129 contra
2663 4087 2914 4128 sororem
2962 4069 3157 4123 Lazari
3198 4069 3351 4124 solus
3419 4068 3717 4139 proditor?

2122 4167 2328 4223 Contra
2354 4165 2668 4220 adulteram
2702 4163 3107 4233 discipulorum
3151 4176 3269 4215 non
3294 4161 3454 4230 pauci
3486 4162 3498 4214 !
3536 4159 3713 4215 Disci-

2122 4259 2378 4331 pulorum
2403 4257 2588 4313 nullus
2612 4265 2807 4312 contra
2838 4255 3095 4325 primam,
3124 4266 3305 4324 neque
3330 4253 3446 4323 ipse
3467 4250 3717 4323 proditor

2125 4351 2465 4423 indignatur,
2508 4350 2639 4420 quia
2679 4347 2851 4404 Judas
2895 4347 3119 4418 quidem
3151 4362 3260 4400 non
3295 4344 3568 4400 violenter
3596 4351 3718 4398 erat

421 4467 518 4513 τος
563 4448 726 4513 ἁλοὺς
762 4448 842 4519 τῷ
863 4449 963 4519 τῆς
1025 4447 1397 4520 φιλαργυρίας
1441 4448 1738 4519 νοσήματι,
1771 4447 1893 4501 οὐδὲ
1920 4449 2010 4519 τῆς

2124 4447 2371 4503 avaritiae
2400 4444 2599 4501 morbo
2628 4450 2846 4513 captus,
2878 4456 3056 4511 neque
3084 4439 3318 4495 Satanas
3362 4438 3547 4493 adhuc
3594 4434 3718 4505 ejus

425 4541 1044 4611 προδοσίαςόΣατανᾶς
1088 4541 1241 4595 οῦπω
1288 4538 1357 4613 ἦν
1412 4542 1579 4596 αὐτοῦ
1637 4543 1740 4613 τὴν
1791 4541 2022 4613 καρδίαν

429 4636 990 4707 κατασκευασάμενος
1040 4636 1349 4708 ἐπιτήδειον
1393 4636 1626 4707 ὄργανον
1651 4652 1663 4665 ·
1694 4637 1744 4690 οἱ
1770 4636 1827 4690 δὲ
1871 4635 2023 4691 ἄλλοι

432 4730 679 4801 μαθηταὶ
730 4730 821 4785 διὰ
880 4728 1039 4783 τοῦτο
1115 4729 1253 4800 πρὸς
1312 4729 1412 4798 τήν
1489 4729 1868 4800 ἀγανάκτησιν
1925 4728 2025 4800 οὐχ

432 4823 729 4894 ὑπήγοντο,
760 4821 895 4875 διότι
944 4822 1071 4884 τοὺς
1100 4821 1198 4891 τῆς
1228 4818 1605 4891 ἐλεημοσύνης
1632 4819 1727 4873 τοῦ
1757 4819 2025 4874 Διδασκά-

431 4914 529 4966 λου
560 4913 752 4981 λόγους
781 4911 936 4964 οὔπω
951 4907 1090 4987 ἦσαν
1111 4911 1322 4983 σφόδρα
1342 4910 1737 4983 ἐμπεπηγότας
1765 4913 2027 4983 φέροντες

432 5008 503 5077 τῇ
524 5006 670 5077 ψυχῇ
699 5019 710 5032 ⁸
747 5005 859 5058 οὐδ’
895 5004 1069 5068 οὕτως
1109 5006 1309 5068 αὐτοὺς
1337 5005 1370 5075 ὴ
1401 5005 1510 5057 τῶν
1543 5006 1795 5077 πενήτων
1822 5007 2025 5077 ᾑρήκει

433 5099 685 5169 φροντίς,
718 5099 842 5152 Ἔτι
881 5098 938 5152 δὲ
972 5098 1069 5152 καὶ
1087 5099 1188 5170 τὴν
1227 5100 1462 5167 γυναῖκα
1493 5098 1789 5151 κλαίουσαν
1812 5098 2026 5171 ἐώρων,

433 5191 533 5249 καὶ
578 5191 701 5245 οὐδὲ
730 5191 830 5263 τῆς
883 5190 1131 5261 κεφαλῆς
1162 5189 1544 5261 καταχέουσαν
1580 5188 1640 5243 τὸ
1668 5189 1863 5262 μύρον,
1891 5189 2029 5244 ἀλλά

430 5284 560 5345 τοὺς
610 5282 782 5346 πόδας
833 5281 1205 5351 ἀλείφουσαν’
1260 5282 1356 5335 κα)⁵
1398 5280 1459 5335 τὸ
1492 5279 1665 5344 πάθος
1724 5282 2029 5350 ἀφεστάναι

433 5376 591 5447 οταρά
614 5376 708 5430 τοῦ
739 5375 994 5447 Σωτῆρος
1022 5374 1175 5428 οὔπω
1205 5374 1567 5429 ἐδιδάσκοντο’
1598 5373 1633 5427 ἂ
1664 5374 1844 5430 πάντα
1871 5376 2032 5429 ἱκανά

433 5464 505 5541 ἦν
530 5469 628 5541 τῆς
657 5469 1091 5539 ἀγανακτήσεως
1121 5468 1365 5536 ἁπάγειν
1390 5467 1607 5531 αὐτούς.
1646 5467 1855 5533 ’Λλλως
1882 5486 1940 5521 τε
1972 5469 2032 5522 δὲ

436 5562 532 5614 καλ
578 5560 809 5630 μηδενὸς
869 5562 980 5613 τῶν
1034 5561 1344 5633 είρημένων
1380 5562 1671 5629 παρόντος,
1711 5562 1764 5614 εἴ
1788 5579 1894 5615 τινι
1924 5562 2033 5615 τῶν

442 5653 702 5729 μαθητῶν
744 5653 1123 5725 ἀγανάκτησις
1163 5654 1457 5723 ὑπεφύετο,
1495 5658 1575 5718 είς
1607 5655 1667 5707 τὸ
1698 5656 1937 5724 φανερὸν
1966 5656 2034 5707 ἂν

440 5747 713 5816 ἐπεσχέθη
736 5745 1043 5818 προελθεῖν.
1078 5745 1374 5816 Προλαόὼν
1398 5747 1505 5817 γὰρ
1527 5750 1555 5800 6
1572 5748 1894 5818 Φαρισαῖος,
1928 5745 2029 5815 τῆς

442 5838 818 5907 ἐπιτιμήσεως
875 5836 1077 5906 ὑπέσχε
1134 5837 1226 5890 τὸν
1283 5837 1524 5909 ἔλεγχον*
1564 5838 1781 5908 καὶτῆς
1820 5838 2028 5908 σιωπῆς

2128 4548 2319 4613 pectus
2360 4538 2468 4595 sibi
2508 4544 2802 4607 paraverat
2843 4533 3179 4605 proditionis
3217 4530 3572 4587 commodum
3624 4541 3719 4581 or-

2128 4648 2355 4704 ganum.
2389 4630 2498 4685 Alii
2525 4639 2709 4684 autem
2745 4627 3003 4698 discipuli
3034 4624 3098 4680 ad
3137 4622 3574 4693 indignationem
3605 4635 3718 4675 non

2128 4724 2353 4781 adducti
2400 4732 2551 4789 sunt,
2596 4722 2724 4793 quia
2764 4720 3015 4792 Magistri
3069 4719 3139 4774 de
3192 4718 3540 4787 eleemosyna
3604 4728 3719 4769 ser—

2129 4830 2322 4872 mones
2348 4814 2597 4871 nondum
2650 4814 2703 4868 in
2739 4821 2923 4868 mente
2957 4810 3149 4865 vivide
3208 4810 3512 4879 impressos
3574 4804 3719 4862 fere-

2129 4906 2285 4972 bant,
2320 4919 2501 4970 neque
2527 4903 2663 4959 adeo
2714 4917 2812 4959 eos
2851 4900 3220 4972 indigentium
3255 4908 3478 4970 ceperat
3519 4896 3721 4953 sollici-

2131 4998 2286 5055 tudo.
2314 4998 2509 5054 Adhuc
2538 5008 2721 5052 autem
2766 4996 3055 5051 mulierem
3092 4994 3314 5049 ﬂentem
3362 4992 3627 5048 videbant
3666 5001 3723 5047 et

2132 5107 2241 5149 non
2271 5098 2611 5162 unguentum
2654 5090 2709 5143 in
2753 5098 2920 5159 caput
2960 5088 3358 5151 eﬂ‘undcntem,
3403 5086 3499 5141 sed
3552 5085 3722 5156 pedes

2133 5191 2464 5254 ungentem;
2495 5190 2549 5237 et
2582 5179 2898 5252 passionem
2923 5181 3175 5235 instarea
3213 5179 3446 5235 Domino
3479 5178 3722 5233 nondum

2133 5275 2483 5342 didicerant;
2516 5290 2640 5345 quae
2671 5275 2857 5329 omnia
2894 5288 2990 5328 eos
3027 5274 3095 5327 ab
3130 5272 3510 5343 indignatione
3549 5280 3725 5326 retra-

2134 5371 2267 5426 here
2307 5370 2586 5424 valebant.
2629 5368 2867 5423 Aliunde
2900 5368 2946 5423 si
2981 5366 3191 5420 nullum
3224 5382 3289 5419 ex
3337 5365 3427 5421 his
3472 5366 3720 5427 adesset,

2137 5467 2181 5521 si
2215 5463 2379 5519 alicui
2402 5461 2806 5531 discipulorum
2842 5472 2969 5515 nata
3003 5469 3146 5516 esset
3181 5457 3505 5528 indignatio,
3538 5456 3606 5511 ad
3640 5458 3726 5511 lu-

2136 5572 2255 5613 cem
2290 5555 2510 5626 prodire
2540 5554 2769 5609 inhibita
2810 5564 2974 5609 esset.
3014 5552 3367 5607 Prmvcniens
3407 5550 3555 5606 enim
3588 5548 3728 5603 l’ba-

2138 5650 2355 5712 rismus,
2390 5646 2834 5716 reprehensionis
2866 5645 3277 5703 accusationem
3312 5643 3513 5707 subiit;
3550 5649 3606 5697 et
3643 5642 3725 5698 sic

2138 5742 2372 5795 aliorum
2399 5738 2606 5794 silentii
2662 5739 2827 5793 visus.
2867 5748 3016 5794 esset
3074 5737 3379 5793 admonitio
3429 5747 3484 5791 et
3533 5750 3726 5791 causa.

2141 5838 2344 5891 Contra
2378 5850 2505 5889 vero
2554 5831 2743 5888 Lazari
2808 5848 3058 5888 sororem
3110 5849 3218 5887 non
3272 5832 3633 5899 indignantur
3660 5844 3726 5884 ex
