4144 6486
515 346 618 411 367

1680 354 1943 415 ΡΙΙΟΤΙΙ
1968 352 2483 416 ΡΑΤΒΙᾹΒΟΙΙΕ
2516 352 2628 413 CP.

3688 351 3805 415 368

513 458 807 530 discipulis
842 460 879 516 ii
910 462 1005 532 qui
1047 461 1189 517 bona
1218 462 1502 521 t'oluntate
1544 477 1728 532 erant,
1768 477 1823 523 et
1854 468 2106 525 mulieris

2210 468 2319 522 τῶν
2348 467 2546 533 ἄλλων,
2578 464 2958 537 σωφρονισμὸς
3013 464 3170 538 ὤφθη
3204 467 3299 521 καὶ
3344 466 3627 537 παραίτιος
3654 483 3669 498 ⁶
3707 467 3813 521 ἐπὶ

517 554 874 610 veneratione
908 553 1128 611 inhibiti
1152 565 1206 612 et
1244 559 1502 628 praesenti
1530 559 1799 613 mirarqu
1824 561 2063 631 correpti
2091 577 2106 627 ;

516 655 569 701 et
598 646 728 715 quia
764 661 874 701 non
896 646 989 702 illa
1016 647 1071 702 in
1104 658 1272 720 caput
1301 650 1496 706 cll‘udit
1533 663 1900 722 unguentum,
1939 652 2110 708 sedet

517 737 703 811 pedes,
741 738 967 793 omnino
1000 752 1314 798 reverenter
1342 744 1594 811 inunxit;
1635 744 1787 803 solus
1820 745 1985 816 igitur
2012 743 2109 799 Ju-

515 830 615 885 das
646 830 918 902 incipiens
957 833 1069 903 jam
1139 836 1373 891 avaritia
1406 837 1601 892 ardere
1644 846 1699 892 et
1767 838 2106 909 proditionis

514 923 755 980 obsideri
794 926 1270 995 meditationibus,
1297 928 1617 1000 indignatus
1642 938 1747 989 est.

2207 560 2266 615 δὶ
2311 560 2411 631 τῆς
2459 558 2714 629 Λαζάρου
2763 557 3001 626 ἀδελφῆς
3057 558 3158 611 ούκ
3202 558 3577 627 ἀγανακτοῦσι
3623 559 3727 629 μὲν
3756 560 3812 612 οἱ

2205 652 2551 724 εὐγνώμονες
2590 651 2699 706 τῶν
2755 650 3039 721 μαθητῶν,
3102 651 3202 721 τῆς
3224 668 3283 704 τε
3310 652 3574 720 γυναικὸς
3598 654 3663 723 τῇ
3708 651 3810 705 εύ-

2205 745 2403 816 λαϐεία
2473 743 2799 815 ὲπεχόμενοι
2875 744 2970 796 καὶ
3029 743 3105 811 τῷ
3169 744 3485 814 ὲνεστηκότι
3561 744 3813 815 θαύματι

2206 835 2671 905 συστελλόμενοι·
2732 833 2828 888 καὶ
2884 833 2967 887 ὅτι
3026 834 3137 887 οὐδ’
3206 833 3344 905 αὐτὴ
3398 833 3539 887 κατὰ
3579 834 3677 905 τῆς
3716 851 3813 888 κε⁹

2204 928 2382 999 φαλῆς
2410 927 2607 982 ὲκένου
2645 926 2708 981 τὸ
2740 925 2938 997 μύρον,
2970 926 3110 979 ἀλλὰ
3142 926 3235 980 καὶ
3264 926 3391 989 τοὺς
3446 926 3618 989 πόδας
3670 943 3814 979 παν.

513 1017 761 1081 ευλαὸὦς
834 1018 1025 1091 ἠλειφε
1055 1033 1071 1049 ’
1145 1021 1308 1093 μόνος
1358 1022 1567 1094 μέντοι
1596 1042 1661 1093 γε
1731 1025 1759 1078 6
1817 1021 2016 1085 Ἰούδας
2073 1020 2410 1091 ἀγανακτεῖ,
2476 1018 2779 1092 ἀρχόμενος
2825 1018 2928 1091 ἤδη
2990 1021 3055 1091 τῇ
3120 1017 3456 1089 φιλαργυρίᾳ
3530 1016 3814 1089 φλεγμαί-
3876 1017 3883 1024 ’

513 1129 660 1177 νειν,
717 1111 812 1165 καὶ
872 1113 985 1177 τοῖς
1035 1112 1138 1185 τῆς
1204 1116 1495 1185 προδοσίας
1547 1116 1957 1188 πολιορκεῖσθαι
2012 1114 2315 1184 λογισμοῖς.

585 1205 829 1265 Tertiam
855 1220 1060 1277 tamen,
1103 1222 1164 1267 ut
1213 1213 1423 1270 dictum
1452 1222 1558 1279 est,
1614 1214 1717 1270 etsi
1758 1228 1826 1269 ex
1885 1212 2104 1269 diversa

513 1311 717 1370 mente,
757 1312 812 1359 et
840 1305 934 1361 alii
966 1306 1221 1378 discipuli
1258 1317 1313 1363 et
1354 1306 1525 1364 Judas
1573 1307 1875 1379 praesertim
1932 1305 2106 1362 cavil-

513 1394 717 1459 lantur,
750 1411 895 1454 unus
939 1407 1000 1454 ut
1022 1398 1136 1470 jam
1165 1399 1519 1455 vehementer
1549 1400 1858 1470 proditione
1887 1408 2102 1470 captus,

515 1497 572 1541 et
610 1488 857 1545 avaritiae
891 1489 1166 1547 ﬂammam
1206 1507 1313 1546 non
1336 1491 1453 1562 jam
1502 1491 1649 1549 ferre
1681 1493 1871 1549 valens
1915 1492 2103 1548 omnia

516 1579 666 1649 intus
693 1580 819 1652 igne
840 1592 1164 1652 vastantem,
1193 1594 1250 1641 et
1281 1585 1572 1657 indignans
1606 1585 1753 1656 quod
1793 1600 1892 1657 per
1932 1600 2100 1643 vene-

513 1671 785 1729 rationem
828 1683 883 1730 et
923 1674 1186 1733 honorem
1218 1678 1288 1734 ab
1318 1680 1440 1737 aliis
1495 1678 1755 1749 Magister
1809 1678 2099 1735 habeatur.

512 1762 620 1818 Alii
650 1780 785 1821 vero
815 1765 1091 1838 discipuli,
1130 1784 1255 1825 cum
1286 1770 1403 1840 jam
1443 1771 1616 1827 multa
1660 1770 1729 1827 de
1755 1771 2100 1843 eleemorsyna

511 1864 568 1911 et
598 1871 897 1927 pauperum
929 1861 1412 1919 commiseratione
1445 1864 1773 1930 audiissent,
1799 1880 1828 1919 a
1854 1862 2105 1934 Magistri

513 1952 781 2005 sententia
812 1952 947 2007 nihil
980 1954 1244 2023 putabant
1275 1970 1334 2011 se
1364 1955 1606 2013 ditlerre.
1647 1954 1769 2012 Non
1823 1956 1969 2011 enim
2016 1957 2101 2010 in-

512 2039 774 2096 decorum
807 2058 928 2098 esse
962 2045 1277 2112 credebant,
1304 2047 1348 2103 si
1390 2064 1497 2104 non
1540 2058 1857 2120 paterentur
1907 2049 2105 2103 mulie-

512 2146 629 2185 rem
658 2132 958 2189 adulteram
990 2136 1043 2190 in
1075 2138 1339 2194 mundum
1367 2149 1528 2210 caput
1564 2150 1900 2213 unguentum
1926 2140 2104 2197 elTun-

511 2223 663 2279 dere.
702 2224 939 2282 Aliunde
961 2237 1016 2283 et
1059 2228 1352 2286 Dominum
1389 2234 1639 2290 videntes
1688 2235 1875 2289 omnia
1930 2234 2104 2306 negli-

2293 1208 2417 1265 Ἐπὶ
2472 1208 2658 1280 μέντοι
2691 1207 2794 1279 τῆς
2842 1206 3057 1279 τρίτης,
3087 1205 3165 1272 ώς
3197 1207 3437 1279 εἴρηται,
3472 1206 3580 1262 κᾶν
3607 1208 3675 1262 ἐκ
3698 1206 3816 1261 δια·

2211 1302 2379 1374 φόρου
2436 1301 2661 1372 γνώμης
2691 1302 2744 1356 οῖ
2790 1318 2852 1355 τε
2897 1299 3050 1356 ἄλλοι
3113 1298 3355 1372 μαθηταὶ
3404 1302 3503 1355 καὶ
3537 1301 3566 1354 6
3606 1299 3815 1365 Ἰούδας

2206 1393 2443 1463 μάλιστα
2502 1393 2879 1464 διαγογγύζει,
2910 1395 2941 1447 6
2987 1393 3088 1464 μὲν
3114 1393 3191 1457 ὡς
3250 1393 3350 1464 ἤδη
3401 1393 3545 1447 κατὰ
3604 1393 3817 1463 κράτος

2204 1486 2364 1550 ἁλοὺς
2384 1489 2449 1558 τῇ
2481 1486 2767 1558 προδοσίᾳ,
2839 1486 2937 1541 καὶ
2968 1487 3160 1557 φέρειν
3206 1487 3305 1557 οὐχ
3355 1479 3477 1549 οἷός
3504 1503 3567 1539 τε
3611 1486 3691 1539 ὢν
3729 1484 3814 1540 ἔτι

2206 1580 2307 1650 τῆς
2361 1577 2726 1651 φιλαργυρίας
2776 1577 2876 1651 τὴν
2899 1578 3099 1649 φλόγα,
3123 1578 3191 1633 τὰ
3223 1578 3373 1637 ἔνδον
3405 1578 3639 1633 ἅπαντα
3664 1596 3813 1649 πυρ-

2205 1670 2512 1726 πολοῦσαν·
2546 1672 2643 1726 καὶ
2668 1671 2758 1727 διὰ
2788 1670 3138 1743 σεδάσματος
3166 1672 3299 1744 όρᾷν
3330 1671 3428 1726 καὶ
3454 1673 3623 1743 τιμῆς
3655 1671 3811 1745 παρὰ

2203 1766 2317 1827 τοῖς
2372 1764 2559 1829 ἄλλοις
2604 1764 2875 1835 ἀγόμενον
2933 1763 3029 1818 τὸν
3086 1763 3424 1820 Διδάσκαλον
3448 1780 3463 1796 ·
3492 1765 3544 1820 οί
3580 1764 3627 1818 δ’
3655 1763 3813 1821 ἄλλοι

2214 1858 2456 1929 μαθηταὶ
2513 1857 2891 1929 ὲλεημοσύνης
2948 1875 3008 1912 τε
3038 1898 3054 1922 ,
3118 1855 3197 1923 ὡς
3241 1858 3509 1923 πολλάκις
3554 1858 3810 1930 εἴρηται,

2208 1950 2378 2004 πολὺν
2432 1948 2534 2021 ἤδη
2563 1949 2720 2018 λόγον
2744 1948 2965 2020 ἔχοντες
2997 1949 3094 2005 καὶ
3134 1948 3513 2021 φιλοπτωχίας
3547 1949 3649 2004 καὶ
3672 1948 3812 2019 πρὸς

2203 2040 2305 2112 τὴν
2335 2040 2669 2095 Διδασκάλου
2698 2038 2928 2110 γνώμην
2953 2039 3105 2094 οὐδὲν
3142 2040 3381 2105 οἰόμενοι
3412 2040 3803 2109 διαφέρεσθαι·

2205 2132 2267 2187 οὗ
2301 2132 2411 2204 γὰρ
2442 2132 2671 2197 ἀπεικὸς
2717 2132 2970 2203 ἐνόμιζον
2998 2132 3074 2203 μὴ
3097 2131 3210 2186 δεῖν
3248 2132 3539 2203 ἀνέχεσθαι
3563 2135 3805 2200 γυναῖκα

2205 2223 2415 2295 πόρνην
2476 2222 2619 2277 κατὰ
2678 2223 2779 2294 τῆς
2836 2222 3113 2293 ἁχράντου
3175 2222 3420 2293 κεφαλῆς
3472 2224 3695 2294 ἐκείνης
3745 2223 3807 2277 τὸ

512 2324 730 2389 gentem
762 2327 816 2375 et
843 2319 909 2375 ad
951 2336 1171 2378 crucem
1206 2332 1261 2380 et
1284 2334 1517 2383 mortem
1565 2328 1891 2398 propulsum
1923 2346 1938 2394 ;
1975 2344 2102 2383 nam

2210 2315 2381 2387 μύρον
2436 2314 2669 2386 ὲκχέειν.
2727 2314 2937 2378 ’Ἄλλως
2976 2332 3036 2369 τε
3081 2315 3272 2370 δὲκαὶ
3321 2316 3414 2369 τὸν
3469 2316 3808 2371 Διδάσκαλον

512 2420 779 2482 perpetuo
826 2413 1143 2485 passionem
1180 2417 1260 2473 eis
1303 2416 1417 2488 jam
1458 2420 1809 2489 praedicebat.
1849 2419 1906 2476 Si
1953 2422 2100 2478 enim

2210 2408 2444 2479 δρῶντες
2472 2408 2693 2463 πάντων
2726 2407 2827 2478 μὲν
2852 2407 3246 2479 ὀλιγωροῦντα,
3282 2409 3422 2479 πρὸς
3444 2408 3499 2463 δὲ
3535 2409 3622 2463 τὸν
3645 2427 3806 2463 σταυ-

514 2499 778 2572 Magister
806 2513 995 2559 noster
1039 2506 1123 2576 (ut
1176 2507 1556 2565 verisimiliter
1606 2511 2103 2582 ratiocinabantnr)

2210 2501 2301 2572 ρὸν
2331 2500 2429 2561 καὶ
2458 2499 2548 2553 τὸν
2600 2499 2833 2565 θάνατον
2866 2499 3251 2572 ἐπειγόμενονο
3297 2501 3393 2553 καὶ
3424 2502 3534 2571 γὰρ
3560 2501 3806 2572 συνεχῶς

512 2592 580 2652 ad
632 2602 865 2650 mortem
915 2595 1277 2663 convertitur,
1316 2597 1449 2669 quid
1481 2596 1723 2666 prodest,
1782 2614 1816 2654 ο
1878 2600 2100 2663 mulier,

2210 2594 2266 2647 τὸ
2296 2593 2466 2656 πάθος
2502 2593 2686 2657 αὐτοῖς
2715 2593 2815 2664 ἤδη
2846 2592 3165 2663 προέλεγενο
3194 2592 3243 2648 εί
3271 2592 3451 2647 τοίνυν
3479 2593 3505 2647 6
3535 2594 3805 2648 Διδάσκα-

512 2686 780 2754 ungueuti
837 2686 1001 2755 hujus
1031 2686 1273 2742 eli'usio?
1323 2686 1499 2754 Quam
1556 2688 1841 2744 utilitatem
1897 2706 1961 2745 ex
2012 2692 2106 2745 illo

2210 2684 2298 2750 λος
2331 2682 2521 2755 ἡμῶν,
2590 2682 2737 2747 εἰκὸς
2778 2678 2847 2755 ἦν
2882 2683 3067 2747 αὐτοῖς
3134 2683 3470 2753 λογίζεσθαι.
3518 2684 3659 2755 πρὸς
3717 2685 3806 2738 τὸν

512 2776 800 2846 percipiet,
833 2792 995 2846 quem
1026 2777 1230 2847 injusta
1249 2794 1399 2835 mors
1430 2779 1593 2849 paulo
1640 2791 1765 2851 post
1794 2783 2107 2853 exspectat?

2211 2778 2443 2834 θάνατον
2496 2776 2897 2849 εὖτρεπίζεται,
2929 2778 2980 2830 τί
3000 2777 3062 2831 τὸ
3091 2776 3274 2849 κῶρος
3317 2778 3511 2848 κέρδος
3556 2778 3662 2847 τῆς
3706 2776 3803 2837 τοῦ

515 2867 861 2940 Quapropter
893 2870 1163 2937 Salvator,
1210 2887 1402 2927 eorum
1448 2877 1773 2930 sententiam
1822 2892 1918 2947 per
1974 2892 2109 2933 con-

2214 2869 2387 2941 μύρου
2447 2868 2730 2933 κενώσεως
2758 2883 2772 2934 ;
2833 2868 2978 2933 τίνος
3012 2868 3057 2922 δ’
3088 2868 3147 2933 ἐξ
3180 2869 3344 2923 αὐτοῦ
3398 2870 3495 2938 τῆς
3527 2868 3803 2936 ὠφελείας

517 2961 685 3018 traria
722 2962 1038 3030 corrigens:
1066 2960 1125 3018 In
1164 2979 1338 3019 meam
1371 2966 1730 3034 sepulturam,
1766 2967 1963 3039 inquit,
2003 2968 2109 3025 hoc

2214 2961 2455 3032 μεθέξει,
2478 2961 2539 3014 ὃν
2571 2960 2901 3031 κακούργων
2932 2961 3071 3032 μετὰ
3123 2960 3297 3031 βραχὺ
3329 2959 3559 3024 θάνατος
3582 2962 3804 3031 ἐκδέχε-

516 3052 687 3121 fecit;
726 3054 884 3124 quasi
944 3053 1057 3109 fere
1094 3054 1343 3112 diceret:
1384 3069 1607 3127 propter
1657 3060 1802 3129 quod
1848 3075 1946 3116 vos
2006 3076 2110 3115 un-

2210 3070 2302 3106 ται
2329 3070 2343 3119 ;
2400 3052 2482 3106 διὸ
2528 3052 2625 3107 καὶ
2656 3054 2683 3106 ὁ
2707 3053 2901 3124 Σωτὴρ
2926 3052 3025 3124 τὴν
3079 3052 3257 3106 αὐτῶν
3278 3052 3366 3105 διὰ
3402 3052 3510 3108 τῶν
3542 3053 3803 3109 ἐναντίων

516 3156 777 3217 guentum
808 3162 914 3201 non
947 3147 1147 3201 emmdi
1181 3158 1434 3215 oportere
1465 3150 1782 3221 opinamini,
1817 3152 1975 3223 quasi
1995 3154 2109 3223 ipse

2213 3143 2595 3216 διορθούμενος
2669 3144 2932 3210 διάνοιαν,
2992 3146 3087 3208 Εἰς
3115 3144 3208 3198 τὸν
3257 3146 3645 3215 ἐνταφιασμόν
3683 3164 3801 3215 μου,

516 3236 701 3298 omnia
732 3236 1071 3306 despicerem
1102 3239 1370 3309 meipsum
1403 3238 1469 3293 ad
1498 3251 1725 3297 mortem
1774 3243 1886 3313 jam
1916 3245 2106 3314 dispo-

516 3340 677 3393 nens,
711 3341 776 3381 eo
829 3327 947 3397 ipso
977 3328 1228 3385 mulieris
1262 3345 1399 3401 Opus
1448 3333 1618 3401 magis
1688 3334 1966 3391 mentione
2027 3336 2111 3390 di-

516 3433 685 3495 gnum
732 3419 948 3475 videtur
998 3420 1355 3489 processisse.
1394 3422 1447 3476 In
1486 3440 1661 3481 meam
1714 3427 1861 3481 enim
1922 3428 2107 3497 sepul-

520 3521 698 3565 turam
734 3512 838 3567 hoc
884 3512 1033 3569 fecit.
1071 3513 1135 3568 Et
1170 3514 1235 3569 ad
1281 3531 1378 3572 eos
1417 3516 1637 3587 quidem
1685 3535 1753 3573 ex
1821 3519 2109 3588 discipulis

518 3602 612 3669 qui
648 3606 786 3657 bona
818 3613 999 3658 mente
1038 3614 1195 3660 erant
1229 3606 1384 3675 juxta
1417 3607 1565 3663 hunc
1598 3624 1821 3665 sensqu
1860 3612 2110 3681 apprime

522 3691 849 3749 Dominicus
882 3711 1068 3749 sermo
1122 3696 1398 3778 dirigitur.
1443 3698 1524 3752 Ad
1578 3696 1776 3754 Judam
1839 3716 1993 3765 vero,
2048 3710 2111 3756 ut

521 3784 725 3839 dictum
763 3794 866 3840 est.
909 3785 1122 3841 Etenim
1161 3804 1259 3857 pro
1298 3789 1573 3845 rationum
1622 3791 1928 3848 dili‘erentia
1981 3795 2108 3864 qui-

522 3877 627 3930 bus
674 3876 1026 3932 scindebatur
1063 3879 1464 3951 indignantium
1520 3883 1675 3949 ordo,
1712 3884 1941 3941 decebat
2002 3885 2109 3941 Do-

521 3969 734 4024 minum
799 3970 1031 4042 singulis
1091 3973 1367 4029 mentibus
1421 3988 1734 4031 sermonem
1797 3991 2107 4048 congruum

522 4060 787 4130 proferre,
817 4063 1097 4119 auditores
1147 4070 1331 4120 autem
1383 4064 1452 4121 ad
1501 4068 1777 4137 propriam
1835 4085 2110 4140 quemque

520 4155 918 4212 conscientiam
947 4155 1159 4213 Domini
1198 4172 1518 4229 responsum
1543 4162 1982 4218 accommodare.
2002 4161 2109 4218 Sed

2212 3237 2368 3306 φησὶ,
2399 3236 2557 3291 τοῦτο
2581 3239 2867 3309 πεποίηκε·
2898 3241 3183 3309 μονονουχὶ
3210 3238 3404 3307 λέγων·
3436 3238 3515 3292 Δι’
3546 3231 3622 3291 ὧν
3653 3241 3803 3310 ὑμεῖς

2208 3335 2270 3387 τὸ
2300 3331 2474 3405 μύρον
2508 3333 2583 3402 μὴ
2613 3333 2722 3387 δεῖν
2781 3334 3085 3403 κενωθῆναι
3144 3332 3540 3401 διαλογίζεσθε,
3574 3332 3677 3387 ﬁt:
3742 3333 3802 3402 δὴ

2215 3426 2435 3481 πάντων
2465 3423 2859 3497 όλιγωροῦντος
2906 3424 3064 3495 ἐμοῦ,
3109 3423 3205 3481 καὶ
3240 3425 3801 3497 παρασκευαζομένου

2212 3518 2353 3588 πρὸς
2382 3517 2475 3571 τὸν
2502 3516 2755 3581 θάνατον,
2789 3516 2878 3570 διὰ
2908 3517 3112 3570 τούτων
3162 3516 3367 3586 μᾶλλον
3410 3517 3510 3585 τῆς
3545 3517 3800 3587 γυναικός

2210 3610 2271 3661 τὸ
2302 3607 2462 3679 ἔργον
2492 3608 2787 3676 ἀξιολόγως
2839 3608 3091 3677 φαίνεται
3122 3607 3385 3678 προελθόν
3404 3623 3417 3637 ’
3454 3609 3551 3671 El;
3580 3610 3693 3678 γὰρ
3719 3608 3803 3660 τὸν

2214 3702 2588 3773 ἐνταφιασμόν
2612 3720 2712 3773 μου
2735 3702 2895 3764 τοῦτο
2921 3701 3219 3773 πεποίηκε’
3256 3702 3353 3757 καὶ
3386 3702 3524 3773 πρὸς
3552 3702 3658 3773 μὲν
3682 3703 3801 3764 τοὺς

2214 3795 2571 3866 εὐγνώμονας
2592 3813 2702 3849 των
2735 3795 2997 3865 μαθητῶν
3022 3794 3166 3847 κατὰ
3198 3794 3406 3865 ταύτην
3428 3793 3529 3866 τὴν
3566 3796 3800 3849 διάνοιαν

2212 3887 2241 3939 6
2299 3887 2628 3951 Δεσποτικὸς
2686 3886 2845 3955 λόγος
2902 3885 3198 3957 ἁρμόσειεν
3238 3888 3305 3943 ἄν
3339 3905 3351 3920 ι
3421 3885 3559 3958 πρὸς
3614 3886 3675 3939 δὲ
3717 3886 3801 3937 τὸν

2226 3974 2430 4029 Ἰούδαν
2479 3974 2555 4039 ώς
2600 3974 2948 4047 προείρηταιο
2978 3982 3074 4029 καὶ
3114 3976 3225 4048 γὰρ
3270 3975 3407 4047 πρὸς
3435 3974 3534 4047 τὴν
3589 3977 3700 4029 τῶν
3716 3975 3795 4027 λο-

2213 4064 2430 4135 γισμῶν
2485 4065 2753 4138 διαφορὰν
2772 4061 2854 4131 οἷς
2886 4067 3176 4138 ἐμερίζετο
3204 4067 3313 4120 τῶν
3343 4066 3796 4135 ἀγανακτούντων

2212 4157 2273 4212 τὸ
2302 4157 2610 4230 σύνταγμα,
2666 4159 2809 4223 είκὺς
2834 4153 2901 4229 ἦν
2922 4160 3017 4213 καὶ
3061 4160 3153 4214 τὸν
3210 4160 3492 4230 Δεσπότην
3515 4160 3797 4231 ἑκατέραις

522 4248 669 4302 enim
702 4247 770 4303 de
796 4248 1119 4311 mulieribus
1147 4266 1271 4321 qua:
1301 4252 1479 4324 digna:
1513 4253 1642 4310 visae
1671 4264 1802 4310 sunt
1828 4263 1888 4310 ut
1920 4254 2112 4310 Domi-

2216 4249 2465 4322 γνώμαις
2498 4253 2858 4322 προενεγκεῖν
2888 4252 2980 4306 τόν
3022 4252 3179 4322 λόγον
3207 4252 3524 4324 ἁρμόζοντα
3557 4250 3797 4311 καὶτοὺς

523 4356 655 4395 num
691 4350 968 4411 unguento
991 4350 1274 4411 ungerent,
1308 4358 1403 4400 eas
1438 4360 1547 4399 non
1572 4360 1696 4403 esse
1719 4361 1898 4416 neque
1919 4348 2107 4417 plures

522 4422 699 4489 tribus
758 4448 932 4502 neque
979 4435 1287 4503 pauciores,
1343 4436 1666 4493 sufﬁcientia
1714 4439 1912 4506 opinor
1962 4440 2107 4497 dicta

2218 4342 2497 4411 ἀκροατὰς
2552 4341 2690 4413 πρὸς
2757 4342 2818 4397 τὸ
2873 4346 3075 4398 οἰκεῖον
3132 4345 3365 4410 ἕκαστος
3409 4344 3655 4409 συνειδὸς
3705 4343 3795 4411 τὴν

2219 4434 2496 4504 ἀπόφασιν
2528 4434 2939 4502 οἰκειώσασθαι,
2988 4436 3152 4491 Ἀλλὰ
3179 4437 3289 4507 γὰρ
3321 4439 3449 4509 περὶ
3480 4438 3592 4493 τῶν
3618 4452 3794 4507 γυναι·

521 4540 645 4580 esse
704 4535 765 4581 ut
824 4526 1062 4581 solidum
1133 4537 1188 4582 et
1251 4528 1642 4584 inconcussum
1714 4542 2102 4601 argumentum

2215 4523 2326 4577 κῶν
2338 4524 2394 4578 αῖ
2416 4525 2494 4597 τῷ
2524 4524 2683 4597 μύρῳ
2705 4527 2797 4580 τὸν
2815 4528 3097 4599 Δεσπότην
3122 4527 3341 4599 ἀλεῖψαι
3358 4527 3788 4598 κατηξιώθησαν.

522 4627 782 4688 ptmstent
808 4619 874 4674 iis
897 4620 989 4687 qui
1019 4620 1249 4675 credunt
1285 4637 1392 4675 non
1427 4637 1551 4678 esse
1578 4624 1900 4681 accuratius
1935 4632 1988 4680 et
2013 4625 2114 4681 ho-

522 4712 770 4768 noratius
800 4728 1042 4784 pugnare
1072 4729 1236 4784 quam
1261 4715 1497 4779 discere.

826 4978 1156 5046 QUAZSTIO
1188 4980 1355 5037 xux
1382 4980 1482 5054 [αι.
1512 4981 1774 5055 xum].

2214 4612 2297 4667 ὅτι
2348 4615 2488 4686 μήτε
2522 4615 2740 4680 πλείους
2779 4612 2923 4688 ἦσαν
2962 4618 3073 4672 τῶν
3116 4618 3304 4688 τριῶν,
3340 4619 3479 4689 μήτε
3525 4618 3788 4676 ἐλάττους,

2218 4704 2379 4759 ἱκανὰ
2430 4701 2582 4776 οἶμαι
2611 4708 2917 4778 παρασχεῖν
2944 4708 3014 4762 τὰ
3042 4708 3280 4779 ρηθέντα
3326 4708 3385 4761 τὸ
3433 4708 3650 4778 βέϐαιον
3708 4704 3791 4758 καὶ

2213 4796 2543 4855 άδίστακτον
2560 4802 2671 4863 τοῖς
2707 4800 2782 4871 μὴ
2814 4800 2876 4854 τὸ
2902 4800 3230 4872 φιλονεικεῖν
3258 4802 3385 4865 τοὺς
3417 4801 3611 4873 μαθεῖν
3635 4817 3789 4854 σπου-

2216 4888 2494 4961 δαιότερον
2518 4892 2611 4945 καὶ
2638 4891 2965 4964 τιμιώτερον
2985 4893 3233 4960 ἄγουσιν.

2766 4986 3104 5039 ΕΡΩΤΗΣΙΣ
3141 4985 3277 5039 ΜΘ⁸.

522 5072 1293 5146 Quomodointerpretandum
1310 5075 1483 5129 illud:
1513 5096 1530 5128 ι
1562 5076 1730 5131 Omne
1759 5089 2035 5146 peccatum
2065 5086 2114 5141 et

2221 5069 2356 5146 Πῶς
2381 5072 2636 5146 νο-ητέογ
2661 5074 2747 5139 τὸ,
2792 5093 2811 5126 ι
2848 5074 3025 5131 Πᾶσιι
3082 5075 3337 5145 ἁμαρτία
3378 5074 3478 5146 καί
3514 5074 3785 5146 βλασφη-

595 5144 767 5197 omnis
803 5144 1129 5212 blasphemia
1160 5146 1460 5200 hominibus
1486 5144 1867 5211 remittemur;
1908 5150 1956 5201 εἰ
1996 5164 2113 5201 vero

591 5216 682 5283 qui
695 5215 1133 5284 blasphemaveril
1146 5218 1199 5269 in
1214 5216 1471 5284 Spiritum
1486 5230 1753 5279 sanctum,
1770 5235 1869 5271 non
1887 5220 2115 5272 remitte-

601 5296 691 5338 tur
725 5301 887 5355 neque
918 5286 971 5340 in
995 5289 1241 5354 prwsenti
1263 5289 1486 5352 sa’culo,
1516 5305 1678 5359 neque
1706 5289 1761 5341 in
1781 5289 1963 5357 futuro
1982 5290 2025 5321 ⁷³
2049 5328 2062 5342 .
2087 5308 2105 5341 ι

2289 5144 2397 5212 μία
2430 5142 2797 5225 ᾀςρεθήσεζαι
2823 5146 2956 5225 ’τρῖς
2996 5142 3365 5225 -ἀνθξρώεξοις,
3395 5145 3473 5211 τῷ
3506 5144 3579 5225 δὲ
3600 5146 3784 5225 ﬁlaq-

2290 5212 2639 5281 φημήσαντι
2663 5216 2750 5279 εις
2774 5215 2841 5268 τὸ
2867 5212 3203 5285 Ηνεῦμαθτὸ
3227 5212 3421 5285 ἅγιον,
3455 5217 3566 5269 οὐκ
3580 5212 3783 5285 95:806-

2288 5298 2460 5337 σεται
2523 5286 2663 5339 οὔτε
2684 5286 2756 5338 ἐν
2786 5285 2868 5351 τῷ
2896 5288 3011 5342 νῦν
3024 5282 3221 5356 ὶιὶῶνι,
3272 5282 3411 5346 οὔτε
3434 5287 3507 5341 ὲν
3530 5282 3633 5350 τῷ’
3654 5282 3783 5355 μέλ·

2286 5356 2475 5407 λον-τι.
2502 5372 2522 5406 ι

1302 5462 1447 5515 Edita
1467 5479 1493 5514 a
1526 5462 1669 5524 Maio,
1700 5464 1732 5511 Ι.
1758 5476 1823 5523 (2.,
1849 5478 1895 5526 p.
1926 5463 2093 5514 46-50.
2115 5465 2189 5517 De
2214 5470 2417 5529 peccato
2441 5464 2489 5515 in
2512 5466 2753 5531 Spiritum
2777 5477 3018 5521 sanctum.

601 5565 751 5625 Dicta
782 5580 910 5627 sunt
937 5586 965 5624 a
1001 5574 1175 5631 beatis
1208 5574 1416 5631 nostris
1445 5573 1702 5629 Patribus
1728 5588 1789 5627 ea
1819 5587 1943 5643 qua:
1971 5586 2104 5627 sane

533 5654 631 5722 ιῗὶρί
662 5677 762 5730 pro
809 5679 1001 5720 eorum
1036 5669 1373 5739 temporibus
1424 5664 1829 5729 conveniebat;
1867 5674 1919 5721 et
1957 5665 2102 5721 nulla

603 5801 643 5847 9i
682 5805 873 5864 Matth.
910 5825 1002 5876 xu,
1032 5812 1121 5877 51,
1161 5813 1248 5866 52.

2287 5572 2516 5643 Εἴρηται
2574 5574 2673 5645 μὲν
2726 5578 2839 5640 τοῖς
2881 5576 3176 5648 μακαρίοις
3210 5577 3491 5649 Πατράσιν
3519 5576 3670 5649 ήμῶν
3698 5572 3779 5628 ἅτε

2215 5666 2276 5736 δὴ
2307 5666 2537 5737 ῥηθῆναι
2588 5670 2727 5725 κατὰ
2760 5672 2885 5736 τοὺς
2922 5671 3104 5727 αὐτῶν
3130 5672 3373 5744 ἥρμοττε
3406 5672 3664 5745 καιρούς*
3697 5663 3775 5723 καἱ
