4144 6446
423 384 532 449 369

1399 388 1499 448 AD
1521 381 2125 447 AMPHILOCHIUM
2151 381 2504 455 OU/ESTIO
2528 386 2740 449 XLIX.

3604 386 3710 452 370

422 497 658 569 οὐδεμία
713 498 875 571 κηλὶς
938 499 1325 570 αίρετιζούσης
1370 499 1531 569 δόξης
1562 540 1578 566 ν
1620 502 1688 555 τὰ
1748 500 2021 571 εἰρημένα

2127 501 2337 556 macula
2369 501 2639 556 hzereticae
2667 500 2945 571 Opinionis
2974 515 3165 557 eorum
3193 502 3335 557 dicta
3365 504 3580 573 polluit,
3610 520 3711 559 nec

421 590 749 654 καταστίζει
821 591 1082 661 οὐδεμίαν
1138 592 1417 664 πρόφασιν
1466 594 1702 647 ἔλαϐεν*
1738 593 2020 664 εἰρήσεται

419 682 481 737 δὲ
531 681 629 737 νῦν
666 682 703 737 ἃ
744 684 845 755 τῆς
893 684 990 754 μὲν
1045 683 1323 755 προτέρας
1366 685 1549 747 αἰτίας
1598 683 1701 738 οὐκ
1752 683 2019 737 ἐλάττονα

426 775 794 847 προϐάλλεται
848 776 947 847 τήν
1002 776 1177 847 ἰσχὺν,
1231 778 1331 848 τὴν
1379 777 1439 832 δὲ
1492 777 1757 848 δευτέραν
1815 776 2019 847 μᾶλλον

428 870 554 923 ἐστὶ
602 868 933 940 πεφευγότα.
965 869 1081 923 Οὐκ
1110 868 1328 939 ἀφίεται
1362 869 1657 938 τοιγαροῦν
1686 872 1801 933 τοῖς
1830 871 1910 934 είς
1958 868 2020 922 τὸ

431 960 656 1033 Πνεῦμα
692 960 754 1015 τὸ
810 960 968 1030 ἅγιον
1015 961 1477 1033 βλασφημήσασιν
1512 964 1545 1035 ὴ
1581 961 1850 1034 ἁμαρτία,
1884 962 2018 1015 διότι

430 1054 555 1126 μηδ’
599 1052 954 1108 ὑπελείποντο
999 1054 1241 1121 ἑαυτοῖς,
1264 1046 1413 1109 διὀῦ
1435 1054 1535 1125 τῆς
1562 1054 1816 1123 ἀφέσεως
1858 1051 2021 1118 ἀξιωο

425 1146 682 1217 θήσονται
704 1163 719 1180 ο
745 1146 841 1199 καὶ
880 1148 990 1217 γάρ
1027 1147 1060 1219 ή
1092 1145 1201 1199 τῶν
1237 1146 1657 1219 ἁμαρτημάτων
1688 1146 1907 1216 ἄφεσις,
1932 1146 2021 1200 διὰ

422 1236 521 1292 τοῦ
576 1237 897 1309 Πνεύματος
930 1238 1163 1302 δίδοται·
1190 1238 1267 1303 ῶς
1300 1255 1404 1293 που
1448 1239 1543 1292 καὶ
1570 1240 1598 1293 6
1626 1239 1817 1309 Σωτὴρ
1851 1241 2022 1309 ἐμαρ-

421 1330 663 1402 τύρησεν
695 1330 901 1385 είπών·
953 1349 972 1382 ι
1009 1330 1220 1385 Λάϐετε
1270 1329 1496 1401 Πνεῦμα
1551 1330 1740 1399 ἅγιον·
1778 1322 2020 1385 ὧντινων

419 1419 615 1489 ἀφίετε
664 1419 765 1482 τὰς
798 1419 1100 1491 ἁμαρτίας,
1131 1418 1414 1490 ἀφίενταιο
1445 1411 1522 1473 ὧν
1543 1419 1588 1473 δ’
1622 1420 1691 1474 ἂν
1752 1419 2017 1492 κρατῆτε,

421 1513 820 1583 κεκράτηνται·
855 1531 873 1565 ι
912 1511 1013 1585 τὴν
1042 1512 1240 1581 ἄφεσιν
1268 1512 1377 1567 τῶν
1407 1513 1697 1585 ἁμαρτιῶν
1727 1515 1823 1568 καὶ
1845 1513 2019 1567 κατά-

417 1622 607 1676 κρισιν
644 1604 891 1675 δηλονότι
944 1606 1046 1675 τῆς
1092 1605 1189 1661 τοῦ
1245 1605 1568 1677 Πνεύματος
1610 1605 1864 1674 ἐξουσίας
1922 1605 2020 1659 καὶ

416 1696 709 1767 δυνάμεως
748 1690 890 1750 εῖναι
941 1696 1217 1750 διδάσκειο
1259 1697 1348 1752 διὰ
1403 1696 1497 1751 τοῦ
1552 1697 1879 1767 Πνεῦματος
1923 1692 2019 1750 οὖν

419 1788 792 1858 ἱερουργεῖται
836 1787 946 1840 τῶν
996 1787 1421 1858 ἁμαρτημάτων
1472 1788 1505 1857 ἡ
1562 1786 1859 1859 κάθαρσις,
1920 1786 2020 1840 καὶ

2127 594 2297 649 ullum
2364 593 2557 649 haeresi
2630 595 2763 649 (lant
2815 603 3159 665 praetextum.
3220 595 3481 651 Dicentur
3528 608 3710 653 autem

2125 699 2274 741 nunc
2300 699 2422 755 quae
2451 692 2506 741 et
2529 695 2722 740 contra
2776 687 2929 755 prius
2978 686 3185 742 crimen
3232 703 3343 743 non
3397 690 3581 747 minus
3621 706 3713 745 ro-

2124 776 2277 832 boris
2308 787 2607 847 opponunt,
2665 786 2721 833 et
2774 793 2896 848 quas
2956 779 3257 836 secundum
3308 784 3483 852 magis
3531 785 3713 842 adhuc

2124 866 2359 938 fugiunt.
2394 865 2513 922 Non
2544 867 2845 923 remittitur
2894 884 3060 938 porro
3101 880 3391 941 peccatum
3423 873 3491 928 iis
3531 874 3625 945 qui
3655 874 3710 931 in

2125 960 2391 1030 Spiritum
2414 968 2663 1015 sanctum
2690 960 3093 1031 blasphemant,
3124 963 3251 1031 quia
3308 963 3412 1019 sibi
3442 980 3554 1019 non
3584 966 3714 1022 reli-

2123 1061 2364 1123 querunt
2410 1053 2557 1108 unde
2615 1054 2944 1109 remissione
3004 1054 3158 1127 digni
3210 1056 3555 1126 iudicentur.
3599 1059 3710 1113 Rc-

2124 1143 2315 1199 missio
2372 1144 2518 1199 enim
2555 1155 2907 1215 peccatorum
2945 1161 3043 1216 per
3098 1145 3369 1217 Spiritum
3422 1147 3615 1216 datur;
3652 1159 3715 1205 ut

2125 1236 2179 1292 in
2218 1235 2455 1308 quodam
2489 1236 2611 1292 loco
2663 1236 2917 1293 Salvator
2955 1239 3289 1296 testiﬁcatus
3338 1248 3425 1295 est
3472 1240 3663 1297 dicens
3697 1260 3711 1297 :

2129 1346 2150 1382 ι
2180 1329 2421 1400 Accipite
2465 1327 2733 1401 Spiritum
2790 1341 3067 1395 sanctum,
3097 1346 3332 1402 quorum
3390 1331 3715 1389 remiseritis

2121 1428 2381 1491 peccata,
2410 1420 2795 1488 remittantur;
2826 1434 3065 1491 quorum
3101 1429 3284 1475 autem
3352 1421 3713 1487 retinueritis,

2122 1518 2330 1565 retenta
2370 1517 2502 1565 sunt
2526 1510 2642 1564 τ’.»
2697 1506 3103 1565 “emissionem
3152 1516 3247 1564 aut
3304 1507 3715 1564 damnationem

2121 1602 2413 1659 manifeste
2458 1616 2530 1657 ex
2585 1602 2789 1657 virtute
2830 1610 2887 1658 et
2923 1600 3165 1672 potentia
3224 1599 3467 1671 Spiritus
3526 1600 3705 1655 sancti

2120 1710 2242 1752 esse
2268 1695 2464 1762 docet;
2494 1708 2590 1766 per
2610 1693 2875 1765 Spiritum
2904 1693 3071 1765 igitur
3099 1694 3159 1748 ﬁt
3183 1701 3537 1764 peccatorum
3562 1692 3718 1762 puri-

2123 1790 2304 1846 ﬁcatio
2333 1797 2388 1845 et
2426 1788 2724 1846 absolutio.
2764 1786 2870 1854 Qui
2900 1796 3083 1842 autem
3110 1786 3265 1841 illum
3292 1784 3636 1856 blasphemat
3661 1792 3717 1839 et

414 1879 757 1943 ὰθὼωσιςοὸ
817 1879 875 1933 δὲ
926 1877 1270 1951 βλασφημῶν
1316 1880 1495 1934 ἐκεῖνο
1543 1878 1639 1934 καὶ
1702 1879 1804 1949 τῆς
1846 1876 2014 1933 αὑτοῦ

2127 1896 2180 1938 se
2210 1882 2357 1938 illius
2382 1880 2609 1937 salutari
2663 1881 2852 1952 gratia:
2892 1877 3189 1944 subtrahit,
3242 1876 3465 1949 quando
3501 1876 3572 1932 ab
3621 1875 3716 1931 illo

419 1972 703 2044 σωτηρίας
760 1970 1304 2043 άποσκευαζόμενος,
1355 1973 1475 2037 πῶς
1525 1971 1595 2028 ἂν
1630 1971 1716 2043 εἴη
1746 1971 1814 2025 δι’
1844 1970 2013 2026 αὐτοῦ

417 2064 846 2135 καθαιρόμενος,
872 2064 905 2136 ἢ
942 2063 1045 2135 τῆς
1076 2063 1533 2136 χρεωστουμένης
1567 2064 1719 2136 αύτῷ
1744 2064 2018 2135 τιμωρίας

420 2158 525 2212 καὶ⁵
579 2159 690 2211 τῶν
741 2158 1087 2230 είσπράξεων
1139 2157 1527 2228 ἀθωούμενος;
1592 2157 1705 2213 Καὶ
1757 2158 2018 2229 οὐδεμίαν

421 2244 580 2319 οἴμαι
609 2248 833 2321 ζήτησιν
862 2249 945 2303 ἔτι
969 2249 1233 2321 παρέχειν
1264 2252 1377 2315 τοῖς
1404 2249 1651 2323 ἀκριϐῶς
1689 2249 2020 2303 ἐπισκοποῦ-

425 2359 517 2395 σιν
540 2341 685 2406 ὅπως
723 2341 835 2396 τῶν
888 2343 1307 2417 ἁμαρτημάτων
1337 2345 1365 2398 ὁ
1390 2342 1534 2397 κατά
1559 2342 1652 2397 τοῦ
1694 2343 2018 2412 Πνεύματος

422 2432 768 2506 βλασφημῶν
823 2435 924 2506 οὐχ
979 2435 1203 2509 εὑρήσει
1258 2436 1356 2507 τὴν
1399 2435 1615 2507 ἄφεσιν.
1669 2436 1819 2489 me:
1846 2434 2019 2490 καὶτὸ

416 2524 652 2597 λουτρὸν
696 2525 798 2597 τῆς
852 2526 1275 2596 παλιγγενεσίας
1303 2526 1390 2580 διὰ
1415 2527 1510 2579 τοῦ
1553 2526 1874 2597 Πνεύματος
1900 2526 2018 2600 ίερ-

418 2620 729 2688 ουργεῖται,
779 2620 879 2671 καὶ
942 2619 1005 2672 τὸ
1042 2618 1216 2691 δῶρον
1266 2618 1477 2674 ἐκεῖθεν
1536 2620 1714 2691 βρύει,
1778 2621 1871 2674 καὶ
1920 2623 2021 2691 τῆς

420 2709 641 2763 ἐκεῖθεν
672 2710 913 2778 πηγάζει
954 2710 1203 2782 χάριτος,
1234 2713 1283 2765 οἱ
1306 2712 1360 2767 δὲ
1391 2712 1552 2767 τοῦτο
1577 2713 1895 2783 διασύρουσι
1926 2712 2023 2767 καὶ

422 2800 844 2874 βλασφημοῦσιν
862 2803 938 2869 ὡς
964 2804 1116 2859 οὐδὲν
1136 2808 1443 2878 παρασχεῖν
1470 2806 1662 2877 ὄφελος
1687 2807 1808 2860 οὐδὲ
1829 2807 2022 2878 κέρδος

420 2893 753 2965 δυνάμενον·
787 2896 841 2951 τί
873 2897 982 2967 γάρ
1016 2895 1160 2969 ὕδωρ
1216 2900 1309 2953 καὶ
1360 2899 1542 2953 ἔλαιον
1596 2899 1869 2971 ἐπιψαῦον
1923 2901 2020 2955 τοῦ

428 2988 657 3059 σαρκίου
694 2989 806 3043 τῶν
838 2991 926 3044 διὰ
950 2990 1147 3061 βάθους
1180 2993 1517 3047 ὲντακέντων
1581 2994 1683 3063 τῆς
1742 2995 2024 3067 ἁμαρτίας

427 3080 751 3149 στιγμάτων
772 3080 866 3135 καὶ
893 3082 1003 3136 τῶν
1046 3083 1297 3155 ψυχικῶν
1316 3086 1662 3158 παθημάτων
1696 3088 2024 3162 ἀπαλλαγὴν

426 3170 776 3240 ἐργάσασθαι
806 3173 1061 3230 δύνανται
1084 3193 1097 3242 ;
1118 3176 1175 3231 '0
1195 3176 1288 3231 οὖν
1306 3178 1512 3249 ταύτην
1539 3178 1639 3248 τήν
1665 3178 2021 3250 βλασφημίαν

431 3262 579 3317 κατὰ
638 3268 1016 3336 πνευματικῆς
1068 3269 1505 3344 ἀναγεννήσεως,
1532 3272 1627 3327 καὶ
1663 3272 1759 3326 τοῦ
1791 3272 2020 3343 μηδενὸς

433 3353 543 3407 τῶν
600 3355 897 3413 καλλίστων
955 3358 1145 3432 δώρων
1188 3362 2022 3435 ὲνδεεστέρου,κατασκεδάζειν

433 3447 694 3520 ἐπαρθεὶς
745 3452 825 3515 είς
878 3452 1159 3521 ἀπόνοιαν,
1210 3456 1306 3510 καὶ
1356 3456 1444 3511 διὰ
1465 3456 1626 3511 τοῦτο
1677 3457 2020 3512 τελειοῦσθαι

431 3540 510 3611 τῷ
556 3545 918 3615 πνευματικῷ
971 3546 1272 3618 χαρίσματι
1334 3547 1410 3619 μὴ
1461 3547 1790 3620 ἀνεχόμενος
1820 3589 1835 3613 ,
1885 3548 2024 3603 άλλά

425 3630 704 3703 διασύρων
730 3635 863 3689 αὐτὸ
900 3638 995 3690 καὶ
1025 3637 1225 3710 χλεύην
1251 3637 1595 3709 ποιούμενος,
1629 3633 1787 3704 οὗτος
1809 3639 1895 3710 δὴ,
1928 3632 2023 3694 οὗ·

423 3740 521 3789 τος
552 3727 647 3780 καὶ
671 3727 740 3780 δι’
766 3729 906 3783 ὅσων
941 3729 1118 3784 ἄλλων
1156 3731 1315 3801 ἕρπει
1337 3729 1397 3784 τὸ
1426 3730 1772 3802 βλάσφημον,
1817 3730 1943 3787 οὗτε
1964 3732 2025 3788 ὲν

423 3816 509 3889 τῷ
534 3818 628 3871 νῦν
652 3819 810 3874 αίῶνι
850 3820 976 3876 οῦτε
998 3825 1054 3877 ὲν
1072 3822 1149 3895 τῷ
1182 3824 1454 3894 μέλλοντι,
1479 3824 1579 3895 τὴν
1621 3824 1721 3895 τῆς
1781 3825 2027 3899 βλασφη-

427 3909 564 3980 μίας
618 3912 846 3985 εὑρήσει
889 3913 1105 3985 άφεσιν·
1161 3916 1256 3971 καὶ
1285 3917 1553 3988 γὰρκαὶὸ
1604 3918 1795 3989 Σωτὴρ
1839 3918 2025 3974 διαϐε-

426 4004 759 4077 ϐαιούμενος
783 4006 997 4076 ἔλεγεν·
1024 4029 1042 4061 ‹
1064 4009 1262 4081 Ἀμὴν,
1288 4009 1435 4079 ἀμὴν
1469 4008 1611 4077 λέγω
1640 4010 1789 4082 ὑμῖνο
1820 4011 1919 4066 ἐὰν
1945 4013 2024 4085 μή

423 4113 517 4161 τις
576 4100 919 4173 ἀναγεννηθῇ
951 4101 1019 4155 δι’
1057 4101 1250 4166 ὓδατος
1279 4103 1374 4157 καὶ
1406 4105 1747 4175 Πνεύματος,
1773 4104 1875 4158 οὐκ
1896 4106 2022 4179 εἰσ-

423 4191 713 4247 ελεύσεται
741 4194 820 4257 είς
836 4193 935 4265 τὴν
966 4194 1246 4264 βασιλείαν
1272 4195 1383 4248 τῶν
1406 4195 1676 4267 οὐρανῶν.
1704 4217 1721 4248 ι
1758 4196 1819 4248 Εἰ
1846 4196 1903 4249 δὲ
1930 4195 2027 4250 καὶ

426 4284 661 4357 Πνεῦμα
706 4288 766 4339 οὐ
829 4287 990 4359 μόνον
1024 4288 1314 4359 ἰδιαίτερόν
1374 4288 1434 4341 τὸ
1474 4288 1744 4356 πανάγιον
1801 4288 2028 4360 Πνεῦμα

424 4378 675 4445 λέγεται,
714 4378 852 4433 ἀλλὰ
872 4381 964 4434 καὶ
984 4382 1291 4452 κοινότερον
1318 4382 1353 4451 ἡ
1375 4381 1509 4450 ἁγία
1534 4381 1704 4453 Τριὰς
1724 4384 1767 4453 (ι
1801 4382 2030 4453 Πνεῦμα

424 4466 546 4537 γὰρ
569 4467 766 4533 ὁΘεδς,
791 4470 886 4524 καὶ
915 4470 1043 4535 τοὺς
1073 4471 1517 4542 προσκυνοῦντας
1547 4472 1708 4531 αὐτὸν
1741 4475 1798 4527 ἐν
1863 4472 2029 4527 πνεύ-

2050 3222 2097 3284 C

2120 1974 2501 2039 mundaretur,
2542 1973 2627 2029 vel
2672 1973 2856 2029 debita
2882 1971 2987 2028 sibi
3022 1985 3185 2042 poena
3219 1979 3274 2025 et
3312 1967 3712 2025 oll‘ensionibus

2118 2066 2517 2122 absolveretur.
2552 2063 2616 2121 Et
2642 2065 2738 2135 qui
2797 2063 2849 2119 id
2902 2071 3159 2120 accurate
3198 2060 3568 2124 considerant,
3603 2074 3715 2115 non

2116 2158 2231 2230 jam
2289 2157 2456 2222 ultra,
2510 2156 2726 2227 opinor,
2784 2156 3066 2226 inquirere
3156 2153 3376 2220 debent,
3436 2151 3716 2223 quomodo

2122 2259 2469 2320 peccatorum
2546 2248 2930 2305 remissionem
3009 2247 3106 2319 qui
3164 2256 3359 2301 contra
3438 2245 3713 2316 Spiritum

2122 2344 2487 2413 blasphemat,
2529 2357 2639 2399 non
2694 2343 3021 2397 inventurus
3073 2338 3165 2395 sit.
3224 2338 3281 2393 Si
3327 2347 3511 2395 autem
3567 2338 3716 2392 lava-

2122 2453 2281 2494 crum
2332 2436 2770 2509 rcgenerationis
2805 2451 2902 2505 per
2935 2433 3204 2504 Spiritum
3252 2440 3505 2489 sanctum
3548 2430 3717 2486 eﬁici-

2124 2540 2233 2597 tur,
2265 2541 2317 2585 et
2344 2530 2549 2586 donum
2582 2529 2708 2583 inde
2742 2526 2946 2597 prodit,
2982 2533 3037 2581 et
3076 2541 3144 2581 ex
3180 2526 3285 2581 hoc
3318 2524 3509 2594 gratiae
3562 2523 3715 2578 fonte

2123 2621 2375 2685 scaturit,
2426 2620 2516 2675 isti
2556 2634 2686 2675 vero
2732 2619 2863 2673 illud
2893 2617 3159 2673 irrideant
3214 2625 3270 2672 et
3314 2616 3715 2685 blaSpbement,

2128 2726 2386 2785 tanquam
2468 2713 2683 2768 nullum
2738 2712 2915 2782 possit
2974 2709 3327 2767 commodum
3396 2717 3451 2763 et
3499 2707 3719 2763 lucrum

2125 2817 2420 2879 praestare;
2454 2806 2729 2878 quomodo
2760 2806 2908 2860 enim
2958 2819 3104 2874 aqua
3149 2810 3204 2857 et
3254 2805 3437 2857 oleum
3492 2814 3714 2857 carnem

2129 2902 2406 2973 tangentia
2445 2901 2553 2956 alte
2585 2900 2985 2969 impressarum
3043 2896 3254 2968 peccati
3292 2895 3637 2950 macularum
3666 2900 3722 2947 ct

2127 2994 2493 3064 spiritualium
2529 2992 2891 3062 cupiditatum
2925 3001 2981 3046 et
3052 2990 3381 3045 solutionem
3446 2986 3720 3055 produce—

2127 3091 2290 3145 rentl
2324 3087 2426 3154 Qui
2461 3088 2628 3157 igitur
2675 3086 2822 3141 illam
2868 3085 3272 3156 blasphemiam
3308 3092 3502 3138 contra
3557 3081 3723 3151 spiri-

2132 3182 2334 3240 tualcm
2366 3180 2842 3251 regenerationem
2872 3188 2925 3235 et
2972 3180 3177 3234 donum
3226 3176 3371 3231 haud
3413 3174 3720 3244 pulcherri«

2130 3276 2234 3331 mis
2258 3275 2432 3344 impar
2462 3273 2515 3327 in
2551 3271 2837 3328 emittendi
2887 3269 3223 3325 dementiam
3252 3266 3529 3337 impulsus
3593 3266 3721 3331 erit,

2125 3380 2173 3423 et
2203 3368 2323 3423 ideo
2363 3366 2633 3437 spirituali
2664 3365 2838 3437 gra:ia
2863 3362 3050 3435 perlici
3081 3377 3192 3417 non
3226 3359 3575 3423 sustinuerit,
3610 3357 3706 3411 sed

2128 3460 2263 3515 illud
2294 3459 2528 3515 irriserit
2582 3466 2636 3512 et
2658 3457 2959 3512 ludibrium
2988 3454 3201 3515 iecerit,
3246 3452 3336 3506 ille
3372 3465 3506 3506 sane
3563 3459 3619 3505 ct
3644 3447 3722 3502 illi

2127 3568 2319 3611 ornnes
2347 3568 2443 3623 per
2476 3566 2617 3622 quos
2648 3552 2819 3621 serpit
2850 3547 3212 3619 blasphemia,
3250 3560 3428 3616 neque
3468 3544 3524 3597 in
3579 3558 3721 3612 prte—

2129 3647 2270 3703 senti
2324 3646 2548 3713 saeculo,
2581 3660 2757 3716 neque
2789 3646 2841 3698 in
2900 3643 3107 3708 futuro,
3138 3640 3384 3697 inveniet
3435 3637 3723 3693 remissio-

2128 3759 2274 3798 nem.
2310 3742 2519 3800 Etenim
2538 3742 2789 3798 Salvator
2806 3741 2856 3796 id
2873 3738 3208 3796 conﬁrmans
3223 3734 3472 3791 dicebat:
3498 3753 3516 3784 ι
3529 3732 3724 3797 Amen,

2130 3852 2286 3892 amen
2321 3837 2449 3892 dico
2506 3835 2666 3891 vobis
2693 3853 2707 3890 :
2740 3832 2847 3889 nisi
2872 3832 2996 3903 quis
3027 3839 3254 3887 renatus
3282 3827 3449 3883 fuerit
3484 3840 3553 3881 ex
3580 3840 3724 3895 aqua

2131 3940 2187 3987 ct
2231 3929 2441 4000 Spiritu
2477 3937 2692 3993 sancto,
2725 3944 2836 3982 non
2900 3924 3128 3981 intrabit
3174 3924 3229 3978 in
3274 3935 3507 3991 regnum
3550 3919 3724 3973 cwln-

2132 4038 2254 4077 rum
2293 4021 2359 4076 ⁷³.
2388 4041 2407 4076 ›
2441 4022 2557 4078 Etsi
2587 4030 2769 4075 autem
2815 4017 3103 4089 propriore
3133 4016 3301 4072 modo
3331 4013 3572 4085 Spiritus
3624 4027 3727 4068 vo-

2133 4124 2308 4178 catur,
2337 4114 2722 4169 sanctissimus
2794 4110 3056 4179 Spiritus,
3103 4109 3202 4164 sed
3246 4107 3410 4161 etiam
3470 4121 3725 4161 commn-

2134 4207 2274 4261 niori
2306 4189 2496 4261 sancta
2526 4203 2810 4270 Trinitas;
2863 4221 2881 4255 ι
2916 4201 3155 4271 Spiritus
3204 4199 3352 4255 enim
3404 4196 3551 4253 Deus
3588 4204 3644 4252 et
3674 4198 3721 4250 si

2132 4304 2344 4369 Oportet
2368 4312 2463 4352 eos
2491 4296 2585 4369 qui
2631 4296 2786 4351 illum
2823 4294 3077 4357 adorant,
3131 4291 3188 4345 in
3226 4290 3425 4361 spiritu
3479 4296 3536 4343 et
3577 4286 3724 4342 veri-

2135 4396 2245 4445 tate
2273 4386 2424 4442 illum
2472 4386 2703 4441 adorare
2724 4384 2793 4453 7”,
2830 4404 2849 4437 ι
2896 4380 3189 4439 manifeste
3222 4380 3319 4452 qui
3365 4381 3419 4435 in
3455 4378 3723 4450 Spiritum

2135 4481 2499 4551 blasphemat,
2556 4478 2610 4535 id
2635 4486 2721 4534 cst
2768 4477 2867 4549 qui
2898 4483 3091 4532 contra
3126 4491 3291 4532 unam
3346 4483 3559 4530 tantum
3605 4472 3725 4529 exi-

433 4575 571 4628 ματι
610 4560 704 4613 καὶ
752 4560 980 4633 ἀληθεία
1023 4562 1106 4617 δεῖ
1142 4564 1555 4634 προσκυνεῖνι),
1585 4564 1831 4635 δηλονότι
1859 4567 1886 4618 ὀ
1936 4568 2015 4629 εἰς

2138 4576 2373 4631 miarum
2401 4584 2455 4630 et
2506 4572 3060 4630 consubstantialium
3107 4584 3493 4642 personarum,
3542 4566 3724 4637 reipsa

430 4652 665 4724 Πνεῦμα
717 4654 1077 4726 βλασφημῶν,
1128 4655 1411 4710 τουτέστιν
1440 4655 1468 4709 ὁ
1496 4657 1638 4711 κατὰ
1702 4659 1832 4728 μιᾶς
1876 4675 2029 4722 τινος

428 4745 547 4800 τῶν
588 4746 883 4818 ὑπερφυῶν
905 4746 1000 4801 καὶ
1036 4748 1341 4819 ὁμοουσίων
1369 4748 1731 4803 ὑποστάσεων
1761 4750 1861 4820 τῆς
1890 4768 2030 4804 παν-

426 4843 838 4913 τοκρατορικῆς
891 4841 988 4896 καὶ
1038 4842 1367 4915 ὑπερουσίου
1421 4841 1676 4913 θεότητος
1700 4843 2025 4914 βλάσφημον

432 4933 690 5000 γλῶσσαν
718 4934 925 5003 ἀφιεὶς,
970 4935 1075 4988 κᾶν
1104 4936 1234 5006 δοκῇ
1263 4934 1366 5006 τῆς
1401 4934 1531 5006 περὶ
1560 4935 1659 4998 τὰς
1695 4934 1901 5006 ἀρετὰς
1931 4935 2028 4989 καὶ

431 5025 530 5078 τὸν
588 5025 701 5096 βίον
758 5026 970 5098 ὕϐρεως
1029 5027 1126 5080 καὶ
1176 5026 1494 5097 δυσφημίας
1542 5024 1834 5088 ἀνεύθυνος
1864 5019 2025 5088 εἶναι,

433 5119 556 5174 ἀλλ’
604 5115 697 5174 οὖν
760 5118 837 5191 τῷ
896 5119 1077 5190 πολλῷ
1135 5119 1344 5189 μείζονι
1397 5116 1761 5188 συνεχόμενὸς
1817 5134 1879 5171 τε
1938 5117 2034 5177 καὶ

433 5214 762 5285 ὲταζόμενος
807 5214 1191 5286 ἁμαρτήματι,
1242 5212 1497 5284 οὐδαμῶς
1546 5212 1769 5283 εὑρήσει
1792 5211 1890 5281 τὴν
1926 5211 2031 5278 ἄφ-

427 5322 574 5371 εσιν,
629 5306 750 5359 οὔτε
781 5306 838 5359 ὲν
869 5306 947 5375 τῷ
1004 5304 1099 5358 νῦν
1126 5304 1310 5369 αἰῶνι,
1355 5302 1481 5357 οῦτε
1533 5304 1592 5356 ὲν
1642 5302 1720 5372 τῷ
1758 5302 2029 5373 μέλλοντι.

509 5398 655 5469 Ὅρα
672 5398 729 5451 δὲ
770 5397 1103 5465 κάντεῦθενο
1130 5398 1261 5463 Υἱὸς
1291 5395 1582 5468 ἀνθρώπου
1617 5396 1837 5465 λέγεται
1872 5397 1899 5449 6
1924 5396 2031 5447 Σω-

422 5490 563 5561 τὴρ,
602 5488 837 5559 ἐπείπερ
890 5488 1110 5560 ἀληθῶς
1165 5487 1541 5561 ἐχρημάτισεν
1595 5486 1884 5557 ἄνθρωπος
1938 5486 2033 5539 καὶ

424 5582 802 5654 ἀνθρωπίνοις
828 5580 970 5635 ἑκὼν
1000 5580 1279 5651 ὑποκύψαι
1302 5578 1772 5651 λέγεταιπέιθεσιν
1802 5595 1818 5610 ·
1856 5579 1915 5631 έν
1949 5573 2031 5642 οἷς

425 5676 469 5745 ἡ
531 5673 848 5745 ἀνθρωπίνη
898 5672 1060 5744 φύσις
1112 5673 1390 5745 ὁρωμένη,
1448 5672 1510 5725 τὸ
1565 5672 1892 5741 ἀδιάϐλητον
1937 5673 2030 5725 καὶ

514 5877 557 5910 ⁷²
589 5875 747 5934 Joan.
776 5895 867 5946 xx,
896 5878 986 5946 2'2,
1016 5878 1103 5935 “2.5.
1217 5881 1262 5911 ⁷³
1296 5878 1450 5947 Joan.
1498 5895 1578 5944 ιιι,
1614 5881 1664 5936 5.

2134 4669 2187 4724 in
2214 4669 2643 4737 omnipotentem
2683 4676 2739 4722 et
2775 4663 3300 4722 consubstantialem
3334 4661 3705 4721 divinitatem,

2135 4754 2517 4824 blasphemam
2552 4754 2797 4823 linguam
2835 4752 3059 4820 emittit,
3103 4752 3360 4823 quamvis
3414 4749 3725 4805 insolentiae

2133 4853 2188 4899 et
2219 4843 2433 4913 injuriae
2473 4852 2666 4899 contra
2726 4844 2957 4900 virtutes
3001 4852 3056 4899 et
3114 4843 3283 4897 vitam
3317 4840 3580 4896 immunis
3604 4854 3729 4894 esse

2136 4936 2408 5004 videatur,
2439 4935 2536 4993 sed
2570 4944 2752 4992 tamen
2799 4936 2972 4991 multo
3002 4935 3211 5005 majore
3254 4932 3502 4989 irretitus
3531 4941 3585 4987 ct
3626 4931 3729 4984 im-

2138 5028 2371 5098 plicatus
2401 5036 2647 5098 peccato,
2679 5027 2828 5082 nullo
2879 5025 3043 5081 modo
3073 5024 3455 5081 remissionem
3488 5020 3728 5087 inveniet

2138 5139 2319 5196 neque
2345 5124 2399 5180 in
2422 5122 2674 5195 praesenti
2698 5121 2919 5188 saeculo,
2949 5136 3125 5192 neque
3152 5120 3207 5175 in
3236 5118 3443 5175 futuro.

2208 5394 2509 5451 Considera
2533 5402 2588 5451 et
2614 5393 2735 5450 inde
2752 5410 2765 5448 :
2780 5393 2950 5449 Filius
2968 5390 3207 5448 hominis
3236 5389 3485 5447 Salvator
3501 5387 3724 5461 dicitur,

2137 5488 2398 5559 quoniam
2439 5503 2565 5543 vere
2586 5486 2686 5543 fuit
2716 5488 2877 5543 homo
2896 5496 2952 5543 et
2980 5485 3240 5543 humanis
3258 5484 3568 5540 voluntarie
3597 5481 3728 5538 Sllb?

2131 5581 2313 5653 jectus
2352 5595 2476 5636 esse
2538 5579 2947 5636 inﬁrmitatibus
2978 5580 3202 5645 dicitur,
3263 5579 3319 5635 in
3370 5578 3570 5648 quibus
3626 5576 3728 5631 Ιιυρ

2142 5688 2303 5728 mana
2361 5682 2556 5731 natura
2629 5672 2746 5730 visa
2803 5673 2947 5744 quod
2986 5671 3471 5745 irreprchensibilc
3521 5680 3575 5727 et
3626 5669 3729 5735 im-

1773 5880 1816 5910 ”
1854 5877 2013 5935 Joan.
2054 5895 2125 5950 ιν,
2158 5878 2248 5949 21.
