4144 6430
263 352 271 357 ’
347 347 462 413 373

1321 355 1423 414 AD
1451 355 2056 420 AMPIIILOCHIUM
2083 360 2434 433 QUiESTIO
2467 369 2681 432 XLIX.
3551 381 3661 446 374

347 459 498 524 τιδος
527 457 712 514 ἐλάλει
749 458 844 514 καὶ
873 461 1017 515 πιεῖν
1050 461 1182 533 παρ’
1213 461 1386 534 αὐτῆς
1423 465 1570 537 ὕδωρ
1596 464 1875 537 ἐπεζήτει,
1894 465 1954 519 τὰ

2068 468 2219 523 milia
2249 471 2517 542 impulsus
2544 486 2628 533 est
2659 485 2720 532 ut
2744 477 2811 533 de
2867 478 2960 534 illo
3013 482 3322 552 cogitares?
3353 483 3658 558 Quomodo,

346 552 582 608 ταπεινά
604 552 914 624 συνηλάθης
937 553 1248 623 λογίζεσθαι
1266 555 1396 627 περὶ
1417 557 1606 619 αὑτοῦ;
1631 559 1748 622 πῶς
1764 558 1955 630 ῶσπερ

349 645 550 710 ἔλαϐες
571 647 668 716 τὴν
688 647 1045 716 Σαμαρεῖτιν,
1060 649 1334 717 πρόφασιν
1349 651 1743 720 ταπεινοτέρας
1757 652 1957 722 ὑπολή-

351 740 507 810 ψεως
528 741 621 792 καὶ
641 737 822 808 δόξης,
841 737 1016 803 οὓτως
1037 739 1098 792 οὑ
1116 740 1426 810 παρέλαϐες
1447 741 1619 812 αὑτὴν
1635 741 1956 796 διδάσκαλον

354 834 571 904 καὶτῆς
593 833 930 903 ὑψηλοτέρας
952 849 967 897 ;
995 850 1013 883 ι
1039 833 1206 886 Δεῦτε
1223 832 1352 905 γὰρ,
1380 834 1565 904 φησὶν,
1584 834 1722 887 ἴδετε
1740 833 1954 904 ἄνθρω-

359 943 517 990 mu,»
561 926 714 978 πόλιν
745 924 872 997 ὃλην
903 926 1311 996 ἐπιστρέφουσα
1332 927 1540 993 ἐκάλει,
1577 945 1596 978 ι
1623 926 1683 992 ὃς
1707 920 1831 981 εἶπέ
1865 945 1956 999 μοι

360 1022 538 1075 πάντα
576 1021 676 1075 ὅσα
699 1021 952 1092 ἐποίησα·
968 1039 987 1074 ι
1015 1020 1135 1074 οὑδέ
1157 1020 1333 1075 ταῦτά
1353 1038 1412 1074 σε
1431 1021 1634 1093 θεωρὸν
1661 1023 1956 1094 ἐργάζεται

357 1117 468 1170 τῶν
495 1116 788 1189 θειοτέρων
815 1134 877 1170 τε
912 1116 1009 1171 καὶ
1033 1115 1422 1188 ὑψηλοτέρων;
1475 1117 1595 1171 ἀλλ’
1625 1118 1706 1171 ὅτι
1742 1119 1954 1174 πυνθά-

351 1225 507 1262 νεται
535 1210 645 1262 τῶν
677 1209 962 1280 μαθητῶν,
1001 1227 1020 1262 t
1049 1210 1185 1264 Τίνα
1223 1227 1290 1280 με
1309 1210 1564 1279 λέγουσιν
1601 1212 1648 1264 oi
1675 1210 1955 1283 ἄνθρωποι

351 1295 528 1365 εἷναι;
566 1318 585 1352 ι
616 1299 804 1363 ἀνοίας
829 1299 1100 1372 ἅρπαγμα
1121 1298 1219 1372 τὴν
1236 1301 1508 1372 ἐρώτησιν
1551 1303 1950 1374 ποιησάμενος,

350 1390 456 1446 ἕνα
480 1392 589 1446 τῶν
621 1391 837 1446 πολλῶν
865 1392 1108 1464 νομίζεις
1129 1412 1143 1459 ;
1168 1395 1265 1448 καὶ
1292 1393 1408 1457 πῶς
1421 1395 1479 1448 οὑ
1497 1394 1634 1467 πρὸς
1666 1394 1955 1466 θεοπρεπῆ

351 1483 520 1550 δόξαν
547 1483 885 1549 ἀναϐαίνεις,
939 1485 1156 1539 ἀκούων
1181 1485 1437 1555 λέγοντος
1482 1486 1563 1558 τῷ
1593 1488 1692 1558 τὴν
1721 1487 1959 1559 ἀπόκρι⁴

351 1593 443 1629 σιν
462 1576 880 1649 παρεσχημένῳ,
907 1596 924 1628 ι
947 1578 1019 1631 Σὺ
1042 1573 1094 1631 εἴ
1108 1579 1136 1630 ὁ
1158 1578 1285 1643 Υἱὸς
1301 1580 1396 1634 τοῦ
1412 1580 1549 1634 Θεοῦ
1569 1579 1664 1634 τοῦ
1682 1581 1908 1648 ζῶντος;
1933 1599 1950 1634 ι

358 1686 385 1720 α
410 1670 534 1723 Ὅτι
563 1670 808 1741 σάρξκαὶ
829 1666 968 1738 αἷμα
993 1673 1093 1726 οὑκ
1117 1671 1439 1740 ἀπεκάλυψέ
1458 1690 1562 1738 σοι,
1588 1674 1701 1727 ἀλλ’
1718 1675 1747 1728 ό
1765 1676 1956 1748 Πατήρ

353 1778 464 1831 μου
483 1762 511 1814 ό
534 1764 592 1816 ἐν
611 1765 727 1826 τοῖς
753 1763 1033 1835 οὑρανοῖςς
1063 1784 1081 1817 ι
1105 1767 1236 1832 Καὶ,
1268 1783 1286 1818 t
1324 1767 1397 1819 Συ
1424 1763 1476 1820 εἷ
1497 1767 1723 1840 Πέτρος,
1752 1769 1846 1823 καὶ
1861 1768 1956 1823 ἐπὶ

347 1855 530 1929 ταύτῃ
543 1858 608 1926 τῇ
624 1857 801 1930 πέτρᾳ
813 1861 1151 1932 οἰκοδομήσω
1168 1877 1270 1931 μου
1285 1861 1381 1932 τὴν
1395 1861 1848 1933 Ἐκκλησίαν,καὶ
1863 1863 1958 1918 πύ-

315 1981 320 1986 -
346 1951 446 2005 λαι
461 1950 588 2024 ᾇδου
604 1953 668 2007 οὑ
685 1953 1106 2024 κατισχύσουσιν
1122 1955 1292 2024 αὑτῆς
1313 1971 1327 2020 ;
1356 1973 1374 2005 ι
1395 1955 1740 2027 Ἀνθρῶπινα
1757 1956 1952 2023 ταῦτα,

344 2046 392 2116 ἦ
420 2045 588 2118 μόνης
625 2045 728 2117 τῆς
778 2047 1194 2116 παντοδυνάμου
1221 2050 1491 2122 Θεότητος
1529 2051 1626 2106 καὶ
1653 2051 1958 2122 φιλανθρώ-

349 2154 497 2204 πους
555 2137 692 2192 ἀλλά
746 2139 970 2210 ῥήματα
1007 2139 1183 2193 ταῦτά
1223 2141 1362 2208 ἐστι,
1397 2141 1491 2195 καὶ
1520 2142 1620 2214 τὴν
1649 2142 1773 2212 ὄψιν
1799 2142 1956 2197 οὔπω

353 2229 668 2300 προσέλαϐε
725 2231 1025 2301 μάρτυρα;
1076 2230 1198 2284 οὑδέ
1249 2232 1360 2286 τῶν
1410 2234 1754 2304 πραγμάτων
1791 2235 1956 2300 εὐθὺς

353 2321 653 2392 ἐνέστηκεν
679 2323 712 2393 ή
739 2323 1030 2393 ἐνέργεια;
1059 2323 1298 2392 τυφλοὺς
1344 2325 1487 2397 ὁρῶν
1513 2327 1650 2395 μετά
1697 2327 1953 2398 γέννησιν

349 2407 458 2481 τὴν
490 2410 599 2464 τῶν
630 2409 899 2481 ὀμμάτων
942 2411 1304 2483 ἑορτάζοντας
1343 2414 1726 2484 ἀναγέννησιν,
1759 2418 1853 2470 καὶ
1883 2421 1950 2490 τῇ

349 2502 620 2575 ἐναργείᾳ
673 2503 781 2556 τῶν
827 2504 1005 2573 ὄψεων
1049 2504 1111 2557 τὸ
1145 2506 1208 2558 ἐκ
1242 2505 1513 2574 γενέσεως
1543 2509 1714 2570 πάθος
1751 2510 1953 2564 ἀπελά-

353 2611 584 2659 σαντας,
636 2597 854 2664 κωφοὺς
910 2596 1231 2663 ἀκούοντας,
1283 2601 1375 2653 κειιλ⁵
1403 2601 1594 2672 χωλῶν
1638 2602 1738 2668 τὰς
1764 2603 1952 2675 βάσεις

317 2724 323 2727 -
346 2688 518 2757 ὀρθου
527 2687 692 2760 μένας
705 2691 932 2760 ῥήματι,
945 2692 1041 2743 καὶ
1061 2692 1288 2762 νεκροὺς
1307 2695 1726 2766 ἀνισταμένους,
1746 2698 1840 2751 καὶ
1857 2699 1953 2752 πέ-

348 2798 496 2854 τρας
525 2780 604 2853 τῷ
635 2781 798 2836 πάθει
824 2780 901 2852 τῷ
925 2783 1246 2856 Δεσποτικῷ
1277 2787 1644 2858 ῥηγνυμένας,
1673 2790 1766 2843 καὶ
1798 2791 1950 2862 ἥλιον

351 2871 851 2942 σκυθρωπάζοντα,
874 2872 968 2926 καὶ
986 2873 1177 2938 σκότος
1207 2874 1331 2928 ἀντὶ
1341 2875 1451 2929 τῶν
1481 2877 1717 2933 ἀκτίνων
1731 2880 1951 2951 καὶτῆς

347 2961 559 3034 πολλῆς
600 2963 988 3036 λαμπρότητος
1042 2964 1536 3038 περιϐαλλόμενον,
1580 2972 1678 3026 καὶ
1741 2971 1951 3042 τάφους

349 3055 743 3125 κενουμένους,
764 3056 860 3111 καὶ
871 3056 1098 3127 νεκροὺς
1119 3057 1258 3128 μετά
1272 3058 1382 3112 τῶν
1405 3058 1625 3124 ζώντων
1641 3062 1738 3135 τὴν
1761 3066 1950 3137 κοινὴν

350 3148 659 3204 ἀνάστασιν
697 3149 1207 3220 προδιατυποῦντας
1235 3151 1330 3206 καὶ
1358 3154 1838 3225 συνεορτάζοντας.

430 3238 618 3293 Ταῦτα
662 3241 825 3312 ὁρῶν,
893 3243 1012 3306 πῶς
1065 3243 1126 3296 οὑ
1196 3243 1418 3299 πάντων
1461 3246 1706 3318 ἀπέστης
1744 3249 1814 3302 δι’
1874 3242 1951 3303 ὧν

359 3331 579 3402 σεαυτῷ
637 3336 871 3404 συνῆγες
930 3333 998 3388 τά
1060 3334 1356 3400 σκάνδαλα,
1412 3339 1506 3392 καὶ
1551 3337 1643 3393 τδν
1693 3341 1951 3413 γνώμονα

359 3426 782 3496 ἐτραυμάτιζες,
827 3430 922 3482 καὶ
981 3428 1149 3500 πολλῇ
1207 3431 1412 3502 σπουδῇ
1448 3432 1545 3486 καὶ
1567 3433 1751 3506 δρόμῳ
1783 3452 1952 3489 καταο

359 3517 550 3584 φυγὼν
583 3517 721 3590 πρὸς
755 3519 1046 3590 μετάνοιαν
1080 3522 1341 3586 ἐπεδείξω
1363 3526 1462 3593 τὴν
1494 3524 1782 3596 διόρθωσιν
1810 3567 1825 3592 ,
1862 3527 1950 3581 ἵνα

351 3609 429 3661 δι’
449 3609 620 3680 αὑτῆς
647 3611 743 3664 καὶ
772 3612 966 3682 ἄφεσιν
987 3614 1095 3668 τῶν
1135 3615 1423 3684 ἁμαρτιῶν
1462 3617 1801 3689 ἐκέρδησας;
1832 3620 1950 3674 ἀλλ’

351 3699 481 3753 οὐδὲ
531 3701 748 3766 τούτοις
812 3705 1336 3776 καταμαλάττεσθαι
1404 3706 1505 3779 τὴν
1573 3708 1676 3779 τῆς
1724 3711 1951 3780 καρδίας

351 3791 609 3862 πύρωσιν
641 3792 812 3864 ἀνέχῃ
833 3808 846 3823 ⁸
875 3794 959 3848 ἔτι
986 3793 1043 3847 δὲ
1068 3795 1271 3866 μᾶλλον
1319 3796 1645 3865 φιλονεικεῖς
1679 3799 1779 3871 τὴν
1813 3803 1951 3856 ἀπό-

348 3903 510 3939 νοιαν
544 3887 639 3940 καὶ¹
662 3887 722 3940 τὸ
749 3887 1019 3959 θεόμαχον
1043 3890 1332 3960 κρατύνειν
1358 3908 1371 3922 ·
1403 3893 1497 3945 καὶ
1534 3893 1630 3946 νῦν
1662 3893 1762 3964 μὲν
1789 3897 1847 3948 ἐν
1881 3899 1946 3968 τῇ

346 3978 452 4033 τοῦ
501 3979 783 4034 Σαϐϐάτου
835 3983 1236 4056 περιεργοτέρα
1269 3986 1366 4040 καὶ
1391 3986 1582 4058 καιρὸν
1614 3989 1714 4042 οὑκ
1747 3989 1950 4064 ἐχούσῃ

349 4072 664 4145 φιλοτιμίᾳ,
697 4074 794 4139 τάς
821 4076 963 4147 ὑπὲρ
983 4076 1042 4130 τὸ
1077 4077 1360 4132 Σάϐϐατον
1387 4081 1718 4153 θεοσημείας
1753 4084 1950 4152 φαυλί-

348 4165 473 4230 ζεις
493 4180 508 4195 ⁸
535 4165 628 4220 νῦν
654 4166 709 4220 δὲ
735 4167 795 4220 τὸ
826 4167 1107 4224 Σάϐϐατον
1147 4171 1248 4224 οὑκ
1283 4171 1424 4240 ἔχων
1463 4173 1815 4245 ἀναχώρησιν
1849 4173 1950 4244 τῆς

352 4259 731 4330 βλασφημίας,
764 4260 906 4332 ὁρῶν
930 4263 1214 4333 δαιμονίας
1235 4263 1452 4334 πληγῆς
1468 4265 1949 4337 ἀπαλλαττόμενον

347 4353 423 4404 τὸ
449 4352 623 4420 γένος,
661 4354 753 4407 ἐπὶ
807 4353 898 4408 τὸν
943 4355 1274 4420 Βεελζεϐοὺλ
1324 4356 1723 4427 καταφεύγεις·
1769 4359 1863 4414 νῦν
1891 4359 1948 4411 δέ

354 4445 459 4497 καὶ
490 4443 695 4512 ταύτην
752 4446 852 4516 τὴν
915 4447 1192 4517 πρόφασιν
1249 4449 1615 4503 ἀναπλάττειν
1666 4450 1949 4515 παντελῶς

2060 563 2524 627 quemadmodum
2579 566 2982 625 Samaritanam
3015 572 3328 630 humilioris
3376 578 3662 647 Opinionis

2057 661 2113 707 et
2151 651 2310 709 fama:
2336 657 2681 713 occasionem
2709 661 3015 730 abripuisti,
3049 666 3130 719 sic
3162 681 3270 720 non
3310 667 3457 722 illam
3481 670 3663 725 excel-

2061 744 2224 801 sioris
2271 748 2590 818 magistram
2637 751 2919 808 habuisti?
2959 774 2976 806 t
3013 753 3226 824 Venite,
3271 759 3449 830 inquit
3486 763 3655 828 enim,

2058 837 2239 894 videte
2273 838 2551 894 hominem
2591 842 2929 913 (universam
2959 847 3149 902 urbem
3181 861 3518 908 convertens
3561 870 3656 909 vo-

2060 931 2263 1003 cabat),
2292 931 2385 1001 qui
2426 933 2565 988 dixit
2587 935 2719 989 mihi
2743 938 2927 992 omnia
2974 955 3318 1012 quaecunque
3380 944 3480 1000 feci
3528 947 3594 999 ⁷⁸.
3631 966 3652 1000 ι

2064 1022 2262 1079 Nonne
2302 1025 2418 1080 htec
2450 1033 2500 1080 te
2524 1026 2840 1083 divinorum
2873 1041 2927 1085 et
2956 1032 3322 1088 excelsiorum
3380 1046 3655 1106 spectatu-

2059 1134 2175 1174 rem
2234 1117 2500 1174 faciunt?
2568 1119 2674 1176 Sed
2729 1124 2860 1192 quia
2922 1124 3224 1195 discipulos
3287 1129 3588 1199 interrogat
3639 1149 3654 1186 :

2066 1230 2084 1262 ‹
2128 1210 2302 1278 Quem
2338 1227 2426 1267 me
2465 1212 2721 1270 homines
2769 1228 2890 1271 esse
2923 1217 3114 1272 dicunt
3139 1220 3221 1272 τοῖ’
3255 1239 3274 1272 ι
3311 1223 3562 1277 amentia;
3583 1223 3659 1278 si-

2061 1318 2226 1374 gnum
2245 1303 2490 1359 oblatum
2519 1304 2728 1362 faciens
2769 1306 2911 1364 hanc
2943 1309 3456 1382 interrogationem,
3486 1330 3655 1370 unum

2059 1412 2125 1450 ex
2159 1397 2346 1453 multis
2381 1397 2535 1452 illum
2561 1408 2743 1468 putas.
2769 1398 2836 1456 Et
2872 1404 3150 1471 quomodo
3183 1419 3292 1460 non
3317 1406 3384 1460 ad
3415 1407 3654 1462 divinam

2062 1486 2315 1543 ascendis
2341 1487 2656 1557 opinionem
2689 1488 2919 1545 audiens
2979 1491 3250 1546 dicentem
3311 1494 3362 1546 ei
3413 1493 3506 1562 qui
3572 1509 3656 1548 re.

2060 1595 2321 1651 sponsum
2351 1580 2443 1636 dat
2477 1599 2490 1635 :
2530 1599 2549 1633 ι
2591 1579 2672 1635 Tu
2712 1597 2772 1638 es
2812 1580 2983 1638 Filius
3011 1583 3102 1639 Dei
3131 1585 3260 1650 vivi,
3299 1603 3317 1638 ι
3353 1615 3426 1625 —-
3458 1605 3477 1636 ‹
3517 1586 3654 1652 Quia

2061 1684 2192 1724 caro
2219 1679 2273 1724 et
2307 1670 2538 1740 sanguis
2564 1685 2670 1724 non
2699 1672 2961 1726 revelavit
2993 1672 3091 1727 tibi
3113 1712 3127 1736 ,
3162 1674 3258 1729 sed
3306 1673 3466 1729 Pater
3501 1689 3656 1731 meus

2061 1763 2156 1832 qui
2189 1763 2245 1818 in
2276 1764 2432 1818 caelis
2459 1764 2582 1819 est?
2613 1762 2698 1829 Et,
2727 1763 2810 1819 Tu
2847 1780 2906 1820 es
2952 1764 3169 1833 Petrus,
3212 1776 3265 1822 et
3317 1783 3482 1837 super
3517 1768 3658 1822 hanc

2061 1863 2271 1923 petram
2298 1853 2584 1910 aedificabo
2611 1854 2915 1911 Ecclesiam
2953 1872 3151 1922 meam,
3193 1866 3246 1913 et
3287 1869 3462 1929 porta:
3493 1859 3655 1914 inl'cri

2062 1960 2169 2000 non
2205 1945 2581 2016 praevalebunt
2637 1947 2903 2003 adversus
2961 1964 3082 2002 eam
3111 1949 3194 2003 ὀἳ
3251 1970 3270 2002 ι
3331 1950 3656 2006 llumanane

2060 2040 2176 2094 haec
2207 2049 2356 2104 sunt,
2390 2055 2460 2094 an
2503 2039 2677 2095 solius
2713 2041 3110 2111 omnipotentis
3164 2049 3219 2097 et
3276 2043 3652 2099 misericordis

2057 2131 2404 2188 Diviuitalis?
2438 2131 2544 2186 Sed
2568 2133 2684 2188 haec
2709 2133 2874 2189 verba
2918 2143 3070 2200 sunt,
3104 2144 3159 2190 et
3193 2135 3439 2190 nondum
3472 2135 3651 2190 visum

2058 2233 2250 2281 testem
2279 2241 2562 2295 accepere,
2608 2224 2804 2282 Nonne
2859 2227 3044 2281 statim
3105 2243 3287 2282 rerum
3334 2227 3416 2284 vis
3462 2243 3652 2284 assur-

2056 2316 2230 2371 rexit?
2261 2315 2447 2371 Caacos
2476 2331 2504 2370 a
2537 2315 2826 2371 nalivitate
2849 2317 3136 2372 oculorum
3177 2317 3519 2372 celebrantes
3566 2333 3654 2371 re-

2057 2407 2466 2480 generationem
2496 2407 2686 2464 videns
2718 2418 2774 2464 et
2803 2409 2954 2465 visus
3009 2408 3260 2464 claritate
3313 2425 3382 2463 cx
3423 2424 3653 2478 genera-

2056 2500 2203 2556 tione
2228 2500 2473 2555 dolorem
2497 2501 2844 2572 repellentes,
2872 2499 3072 2556 surdos
3113 2500 3404 2554 audientes
3426 2508 3480 2555 et
3498 2500 3653 2554 clau-

2053 2595 2250 2651 dorum
2277 2596 2440 2653 bases
2469 2605 2648 2652 rectas
2677 2597 2844 2650 verbo
2875 2594 3071 2658 factas,
3105 2605 3162 2650 et
3193 2605 3441 2650 mortuos
3473 2594 3653 2650 susci-

2055 2697 2223 2754 talos,
2249 2699 2305 2744 et
2330 2703 2496 2759 rupes
2537 2687 2822 2744 Dominica
2889 2688 3150 2757 passione
3214 2685 3541 2757 perfractas,
3598 2695 3656 2740 et

2052 2783 2226 2836 solem
2256 2782 2696 2847 contristantem,
2729 2789 2783 2836 et
2807 2780 3066 2835 tenebras
3091 2795 3188 2848 pro
3223 2779 3396 2834 radiis
3422 2788 3476 2833 et
3501 2786 3656 2832 tanto

2053 2873 2342 2945 splendore
2391 2874 2844 2944 circumsparsas,
2879 2880 2934 2927 et
2951 2872 3198 2942 sepulcra
3231 2870 3568 2935 vacuefacta,
3601 2881 3658 2926 et

2053 2974 2304 3023 mortuos
2343 2981 2469 3022 cum
2505 2965 2818 3021 viventibus
2876 2979 3226 3020 communem
3294 2963 3658 3019 resurrectio-

2052 3069 2177 3111 nem
2208 3054 2604 3125 praevenientes
2629 3069 2868 3126 eamque
2893 3054 3366 3110 concelebrantes.

2132 3242 2257 3299 Haec
2287 3257 2518 3298 cernens
2537 3242 2818 3313 quomodo
2850 3256 2958 3297 non
2987 3241 3058 3296 ab
3084 3241 3342 3297 omnibus
3374 3240 3652 3296 recessisti

2059 3352 2158 3407 per
2195 3351 2318 3407 quae
2349 3335 2447 3390 tibi
2474 3335 2578 3406 ipsi
2605 3334 2866 3390 scandala
2937 3335 3256 3390 conduxisti
3307 3345 3364 3390 et
3411 3335 3652 3405 judicem

2060 3427 2386 3492 vulnerasti,
2427 3435 2482 3481 et
2512 3426 2686 3481 multa
2723 3439 2860 3481 cura
2893 3425 3195 3496 rapidoque
3225 3441 3391 3481 cursu
3428 3426 3494 3480 ad
3529 3443 3651 3496 pm-

2060 3520 2345 3575 nitentiam
2375 3518 2650 3591 refugiens
2675 3519 3074 3574 correctionem
3135 3535 3242 3573 non
3309 3519 3598 3575 ostendisti
3631 3521 3655 3573 ?

2063 3613 2134 3670 Ut
2170 3628 2267 3686 per
2291 3629 2412 3669 eam
2448 3621 2504 3668 et
2539 3613 2923 3669 remissionem
2985 3621 3336 3682 peccatorum
3396 3611 3652 3666 lucreris.

2062 3709 2169 3764 Sed
2207 3723 2382 3779 neque
2433 3707 2543 3764 illis
2578 3707 2764 3763 cordis
2813 3708 2896 3762 tui
2943 3707 3124 3777 ignem
3165 3705 3364 3760 molliri
3405 3706 3652 3776 pateris;

2059 3800 2242 3857 adhuc
2272 3810 2452 3854 autem
2486 3799 2662 3871 magis
2713 3798 2999 3856 contendis
3044 3798 3446 3854 contumaciam
3498 3807 3552 3852 et
3598 3797 3654 3852 in

2059 3893 2230 3949 Deum
2261 3909 2499 3964 pugnam
2535 3894 2829 3960 roborare,
2882 3901 2938 3947 et
2990 3908 3139 3947 nunc
3186 3893 3405 3962 quidem
3455 3891 3656 3946 curio-

2060 3985 2206 4041 siore
2236 3999 2337 4039 nec
2368 3985 2834 4054 opportunitatem
2890 3984 3128 4038 habente
3161 3982 3384 4038 Sabbati
3443 3984 3649 4049 studio,

2059 4076 2238 4132 divina
2265 4091 2431 4146 supra
2455 4075 2752 4131 Sabbatum
2782 4076 2937 4147 signa
2955 4075 3270 4145 vilipendis;
3294 4091 3442 4130 nunc
3464 4083 3649 4130 autem

2059 4183 2168 4223 non
2185 4168 2393 4222 habens
2411 4167 2754 4222 occasionem
2775 4167 3128 4236 blasphemiae
3151 4165 3453 4221 Sabbatum
3479 4181 3656 4235 genus

2058 4259 2752 4316 adwmoniacoliberatum
2779 4260 3004 4315 vulnere
3029 4258 3240 4325 videns,
3264 4258 3329 4313 ad
3348 4257 3653 4313 Beelzebub

2026 4395 2028 4397 ›
2059 4353 2345 4424 confugis;
2385 4368 2534 4408 nunc
2564 4363 2746 4408 autem
2784 4368 2910 4408 cum
2943 4353 3088 4408 hunc
3134 4360 3460 4422 praetextum
3503 4350 3656 4405 enin-

2058 4463 2183 4520 gcre
2217 4463 2482 4519 nequeas,
2513 4447 3009 4504 statuistimortem
3036 4446 3132 4501 tibi
3168 4456 3224 4501 et
3263 4445 3466 4501 cmdem
3499 4444 3655 4500 auxi-

355 4535 738 4606 ἀφῃρημένος,
764 4537 854 4591 τὸν
889 4538 1116 4592 θάνατον
1149 4538 1321 4608 ἔγνως
1367 4541 1464 4594 καὶ
1498 4541 1599 4612 τὴν
1632 4542 1949 4611 μιαιφονίαν

2058 4541 2320 4596 liatricem
2357 4551 2412 4596 et
2442 4541 2652 4597 sociam
2689 4539 2909 4608 facere;
2965 4549 3020 4596 et
3071 4554 3232 4609 quem
3293 4538 3384 4592 illa
3445 4537 3657 4608 quatri-

358 4627 557 4700 βοηθὸν
579 4630 674 4682 καὶ
710 4630 1000 4702 σύμμαχον
1043 4633 1352 4685 ποιεῖσθαιο
1398 4633 1492 4687 καὶ
1525 4633 1584 4688 ὃν
1625 4635 1832 4697 ἐκεῖνος
1865 4652 1954 4687 τε-

352 4723 619 4792 ταρταῖον
647 4722 748 4776 οὑκ
800 4723 1019 4794 ἴσχυσεν
1069 4723 1150 4778 ἔτι
1207 4724 1464 4795 κατέχειν
1516 4725 1732 4798 νεκρὸν,
1763 4725 1956 4780 τοῦτον

358 4813 531 4867 πάλιν
548 4815 911 4887 ὑποστρέφειν
928 4817 1066 4888 πρὸς
1090 4817 1276 4882 αὑτὸν,
1317 4818 1417 4882 τὰς
1435 4819 1784 4890 παλαμναίας
1817 4819 1961 4884 γνώ-

359 4924 472 4978 μας
489 4907 580 4962 καὶ
597 4910 784 4980 χεῖρας
801 4911 1086 4974 ἐκτείνεις·
1109 4931 1128 4964 ι
1150 4913 1407 4984 Ἐζήτουν
1419 4913 1547 4984 γὰρ,
1562 4911 1747 4982 φησὶν,
1761 4913 1812 4966 οἱ
1827 4914 1963 4966 ’1ου-

353 5001 501 5053 δαῐοι
526 5001 612 5055 ἵνα
635 5001 732 5055 καὶ
752 5002 845 5056 τὸν
893 5001 1143 5073 Λάζαρον
1161 5005 1550 5058 ἀποκτείνωσι*
1587 5025 1606 5058 ι
1655 5005 1751 5058 καὶ
1776 5007 1836 5058 τὸ
1863 5022 1956 5058 τε-

354 5091 629 5158 λευταῖον,
659 5093 752 5146 τὸν
775 5093 950 5148 ταῦτα
981 5095 1578 5168 θαυματουργήσαντα,
1614 5097 1835 5170 σταυρῷ
1861 5097 1959 5152 καὶ

357 5180 578 5252 θανάτῳ
608 5183 1033 5260 καταδικάζειςο
1070 5187 1164 5239 καὶ
1218 5187 1556 5240 κουστωδίαν
1597 5186 1781 5260 ζητεῖς
1807 5205 1822 5219 ·
1863 5187 1960 5242 καὶ

359 5276 672 5342 σφραγῖδας
716 5259 1034 5342 ἐπιϐάλλεῖς
1062 5278 1142 5348 τῷ
1197 5279 1379 5351 νεκρῷ
1404 5281 1500 5333 καὶ
1523 5279 1602 5350 τῷ
1639 5280 1825 5352 τάφῳο
1862 5280 1957 5334 καὶ

317 5397 319 5399 ι
354 5367 423 5420 τὸ
449 5368 937 5439 ἀναισχυντότατον
963 5374 1059 5426 καὶ¹
1093 5375 1282 5427 πᾶσαν
1313 5373 1657 5444 ὑπερϐάλλον
1687 5373 1961 5446 ἀθεότητα

359 5463 462 5516 καὶ
512 5464 850 5538 συγγνώμην
916 5467 1172 5539 οὐδεμίαν
1230 5469 1486 5539 οὐδαμῶς
1532 5469 1961 5539 ὑπολειπόμενον

360 5553 467 5622 τῆς
493 5553 702 5627 κλοπῆς
727 5556 806 5628 τῷ
829 5558 1114 5628 πλάσματι
1158 5560 1257 5632 τὴν
1307 5561 1608 5614 ἀνάστασιν
1660 5561 1919 5626 κλέπτεις
1944 5579 1960 5595 ι

366 5646 509 5718 μηδὲ
530 5647 606 5718 τῷ
631 5648 744 5704 τῶν
771 5650 831 5716 ἐξ
853 5651 1050 5716 αἰῶνος
1076 5653 1334 5707 ἁπάντων
1366 5654 1752 5727 ὑπερκειμένη)
1793 5673 1967 5726 παρα·

442 5834 489 5868 ⁷⁸
506 5834 641 5892 Joan
679 5851 752 5900 tv,
785 5835 876 5892 59.
955 5839 998 5872 7°
1034 5835 1224 5892 Matth.
1258 5853 1366 5902 ενι,
1413 5837 1494 5893 15.

2053 4637 2297 4693 duanum
2326 4653 2438 4692 non
2473 4638 2644 4692 valuit
2677 4637 2857 4692 adhuc
2893 4645 3170 4692 mortuum
3204 4634 3458 4700 retinere,
3491 4632 3655 4687 morti

2058 4741 2118 4788 ut
2165 4745 2292 4786 cum
2353 4746 2548 4786 rursus
2597 4730 2792 4786 credas
2847 4729 3166 4785 sceleratam
3218 4727 3551 4782 voluntatem
3602 4733 3658 4781 et

2059 4839 2282 4878 manum
2341 4823 2590 4880 extendis
2624 4843 2638 4880 :
2684 4840 2704 4874 ‹
2741 4821 3094 4888 Qumrebant,
3133 4821 3311 4890 inquit
3345 4819 3515 4882 enim,
3555 4818 3656 4874 Ju-

2063 4917 2166 4971 daei
2194 4923 2256 4970 ut
2277 4924 2333 4970 et
2363 4915 2632 4970 Lazarum
2665 4914 3119 4970 interﬁcerent“.
3153 4931 3172 4965 ι
3204 4911 3271 4966 Et
3292 4910 3513 4966 demum
3530 4925 3655 4966 eum

2061 5008 2155 5078 qui
2183 5009 2236 5062 id
2266 5009 2600 5064 miraculose
2649 5007 2856 5073 effecit,
2906 5007 2974 5062 ad
3025 5020 3246 5061 crucem
3301 5013 3356 5059 et
3417 5012 3652 5057 mortem

2061 5103 2330 5169 damnas;
2363 5110 2417 5156 et
2443 5102 2749 5156 custodiam
2781 5100 3016 5171 quaaris;
3050 5107 3103 5155 et
3154 5097 3371 5168 vigilem
3418 5094 3656 5165 imponis

2060 5195 2311 5250 cadaveri
2362 5203 2418 5251 et
2464 5197 2752 5266 sepulcro;
2814 5205 2869 5252 ct
2923 5194 3072 5265 quod
3127 5191 3507 5261 turpissimum
3572 5197 3657 5245 est

2061 5305 2394 5359 omnemque
2463 5290 2797 5360 impietatem
2866 5285 3268 5356 transgreditur
3328 5293 3384 5339 et
3447 5283 3653 5337 nullatn

2063 5378 2288 5434 omnino
2315 5377 2531 5433 veniam
2559 5375 2840 5446 relinquit,
2871 5374 3076 5429 furtum
3115 5372 3329 5428 invenis
3379 5380 3439 5425 ut
3473 5385 3658 5425 resur-

2063 5470 2359 5525 rectionem
2394 5469 2626 5525 fureris!
2671 5467 2860 5538 Neque
2897 5468 3144 5523 omnium
3193 5467 3262 5520 ab
3300 5473 3506 5519 aeterno
3551 5461 3656 5516 mi-

2063 5563 2371 5617 raculorum
2404 5561 2646 5616 maximo
2671 5561 2914 5618 sulIusus
2963 5557 3171 5630 pudore
3223 5567 3279 5613 et
3329 5569 3654 5618 conversus,

2073 5667 2267 5711 contra
2301 5655 2433 5710 illud
2457 5671 2524 5711 eo
2556 5655 2734 5727 magis
2773 5654 3071 5711 meditatus
3105 5669 3166 5710 cs
3194 5653 3287 5726 qui
3323 5651 3496 5724 magis
3521 5665 3659 5723 pra:-

1575 5835 1620 5869 ⁸⁰
1664 5836 1794 5893 ibid.
1855 5835 2033 5894 H-l8.
2113 5838 2154 5869 ‘-"
2188 5836 2428 5895 Juamxr
