4144 6442
580 376 687 441 375

1745 371 1975 434 PHOTI
1985 371 2008 431 [
2043 368 2557 430 PATRIARCII/E
2595 368 2706 431 CF.

3772 368 3881 434 376

579 485 781 542 stantia
805 498 902 540 sua
934 491 1129 540 ctetera
1155 481 1430 538 vincebat.
1464 480 1569 550 Qui
1594 480 1761 553 igitur
1785 498 1852 539 ex
1884 484 2035 538 nulla
2059 492 2170 537 tam

2290 480 2441 545 Ξόξων
2467 482 2565 535 καὶ
2594 479 2893 551 ὑπερφυῶν
2926 477 3107 551 ἔργων
3129 476 3475 548 δυσωπηθείς
3497 494 3555 531 τε
3582 478 3678 531 καὶ
3704 496 3878 549 μετα-

580 576 861 646 splendide
887 575 1207 647 dignitatem
1239 573 1556 630 Divinitatis
1610 583 1665 629 et
1724 574 1846 644 eius
1913 574 2172 630 invictam

580 670 689 724 vim
717 669 1033 725 testantinm
1066 668 1448 738 operationum
1493 675 1659 737 atque
1709 666 1989 723 actionum
2036 682 2174 721 con-

581 762 889 817 versionem
918 768 971 816 et
1006 761 1383 831 pcenitentiam
1419 761 1687 825 cohibuit,
1716 775 1839 815 cum
1861 776 1920 816 sc
1948 774 2044 830 per
2072 758 2176 813 hu-

580 868 743 909 mana
784 852 942 909 malis
960 863 1014 909 et
1039 854 1281 908 animam
1311 854 1795 924 corrumpentibus
1821 852 2176 921 Opinionibus

582 945 841 1001 imbuerit
874 954 929 1001 et
976 945 1323 1011 distraxerit;
1357 946 1450 1002 sed
1491 955 1547 1001 et
1585 945 1769 1000 divina
1810 944 2101 999 dementia:
2123 953 2180 998 et

583 1036 764 1106 impia:
794 1052 991 1107 pugnae
1018 1046 1373 1107 augmentum
1411 1036 1561 1104 fecit,
1611 1036 1836 1092 evidens
1877 1045 1962 1091 est
2012 1043 2180 1105 atque

585 1129 1099 1186 manifestissimum
1151 1131 1294 1186 hunc
1359 1129 1498 1184 nihil
1558 1130 1662 1185 sibi
1718 1129 2031 1197 relinquere
2066 1141 2179 1197 quo

585 1222 786 1279 melius
816 1223 961 1279 malo
994 1223 1248 1293 praeferat
1282 1238 1347 1279 ac
1365 1224 1544 1278 vivida
1577 1233 1634 1279 et
1689 1223 1803 1279 acri
1853 1219 2179 1293 paenitentia

588 1314 1016 1385 pnecedentium
1043 1314 1224 1371 debita
1268 1315 1505 1386 expellat
1522 1323 1577 1370 et
1603 1314 1927 1370 remiSsione
1949 1310 2177 1366 omnino

588 1406 791 1476 dignus
810 1406 1088 1477 iudicetur
1109 1420 1287 1478 neque
1309 1406 1364 1461 in
1398 1405 1655 1477 prasenti
1694 1404 1899 1461 saeculo
1926 1400 2175 1473 nequein

591 1496 799 1555 futuro.

2282 578 2502 647 ϐληθεὶς
2534 576 2798 647 θαύματι,
2832 576 2971 631 ἀλλὰ
3000 574 3122 630 κατ’
3151 574 3358 628 ἐκείνου
3407 572 3603 642 μᾶλλον
3638 572 3705 625 τὸ
3737 591 3879 627 κακο

2280 665 2482 736 οῦργον
2553 665 2884 736 μελετήσας,
2914 666 3027 735 ὅσῳ
3050 665 3145 718 καὶ
3178 666 3245 735 τῇ
3276 664 3521 734 ὑπεροχῇ
3555 662 3667 715 τῶν
3701 662 3880 716 ἄλλων

2280 757 2555 829 διέφερεν.
2602 759 2664 811 '0
2700 756 2836 828 γοῦν
2894 759 2961 811 ἐκ
2994 757 3222 829 μηδενὸς
3268 773 3379 811 των
3420 755 3698 826 λαμπρῶς
3737 756 3879 809 ἀπα-

2285 850 2671 919 στραπτόντων
2725 851 2787 905 τὸ
2838 851 3059 921 ἀξίωμά
3107 868 3168 905 τε
3218 851 3314 905 καὶ
3345 849 3444 921 τὴν
3466 851 3686 920 ἄμαχον
3730 850 3881 920 ἰσχὺν

2282 942 2382 1012 τῆς
2409 938 2665 1015 θεότήτος
2696 945 2815 1016 ἦτοι
2875 945 2987 998 τῶν
3056 942 3447 1014 πνευματικῶν
3482 961 3542 996 τε
3585 943 3881 1013 ἐνεργειῶν

2285 1038 2380 1087 καὶ
2407 1034 2662 1105 πράξεων
2729 1036 3005 1108 μηδεμίαν
3041 1036 3363 1107 μεταεολὴν,
3401 1036 3538 1106 μηδέ
3587 1037 3881 1107 μετάνοιαν

2281 1125 2716 1199 ἐπιδειξάμενος,
2748 1124 2830 1192 οἷς
2860 1129 3056 1183 ἑαυτὸν
3083 1128 3175 1182 διά
3214 1129 3328 1182 τῶν
3354 1127 3723 1199 ἀνθρωπίνων
3745 1128 3879 1198 φαύ-

2282 1217 2397 1282 λοις
2425 1221 2518 1273 καὶ
2544 1220 2919 1293 ψυχοφθόροις
2971 1220 3305 1294 κατῃκίσατό
3344 1238 3405 1275 τε
3435 1221 3533 1275 καὶ
3558 1220 3879 1284 κατέστιξεν

2283 1310 2615 1382 ὑπολήψεσιν
2631 1331 2646 1346 ο
2669 1314 2806 1368 ἀλλά
2828 1314 2924 1369 καί
2943 1314 3013 1368 τά
3024 1314 3143 1368 θεῖα
3168 1313 3491 1385 προσθήκην
3509 1313 3776 1375 ἀπονοίας
3791 1312 3878 1366 καί

2285 1402 2585 1476 θεομαχίας
2622 1406 2869 1477 μείζονος
2899 1408 3014 1470 τοῖς
3034 1405 3463 1476 τετολμημένοις
3488 1403 3877 1475 ποιησάμενος.

2289 1494 2595 1568 κατάδηλόν
2624 1516 2685 1551 τε
2711 1500 2808 1553 καὶ
2865 1497 3299 1569 ἐμφανέστατον,
3331 1497 3407 1561 ὼς
3433 1498 3464 1551 ό
3492 1495 3743 1557 τοιοῦτος
3780 1511 3879 1564 μη-

588 1592 679 1646 δὲν
703 1594 882 1664 ἐαυτῷ
905 1593 1357 1668 ὑπολειπόμενος,
1375 1593 1442 1647 δι’
1462 1588 1525 1647 οὐ
1556 1592 1619 1646 τὸ
1645 1591 1899 1663 κρεῖττον
1964 1585 2060 1640 τοῦ
2113 1580 2324 1654 φαύλου
2394 1591 2703 1659 προέλοιτο,
2747 1591 2845 1647 καὶ
2910 1592 3090 1663 θερμῇ
3129 1590 3225 1645 καὶ
3269 1588 3424 1659 ὀξείᾳ
3469 1587 3741 1660 μετανοίᾳ
3770 1586 3883 1639 δια-

588 1685 742 1749 λύσει
772 1687 881 1743 τῶν
907 1689 1231 1758 φθασάντων
1253 1688 1320 1743 τά
1347 1687 1666 1760 ὀφλήματα,
1693 1684 1813 1739 οὐδὲ
1835 1683 1938 1754 τῆς
2003 1677 2247 1740 ἀνέσεως
2283 1680 2422 1748 ὅλως
2461 1684 2829 1757 ἀξιωθήσεται
2876 1683 3002 1740 οὔτε
3055 1686 3113 1739 ἐν
3140 1682 3219 1756 τῷ
3262 1682 3356 1739 νῦν
3382 1683 3540 1739 αἰῶνι
3565 1680 3696 1737 οὐτε
3730 1682 3790 1735 ἐν
3810 1679 3880 1751 τῷ

593 1779 866 1850 μέλλοντι.

665 1874 807 1930 Sunt
828 1882 1009 1930 autem
1051 1874 1255 1945 quibus
1284 1874 1417 1929 illud
1447 1891 1466 1925 ι
1506 1887 1685 1943 neque
1713 1871 1768 1927 in
1797 1868 2054 1943 praesenti
2089 1880 2188 1923 sae-

2366 1859 2489 1913 Εἰσί
2522 1859 2603 1928 δέ,
2633 1854 2715 1926 οἷς
2752 1860 2815 1916 τὸ
2845 1880 2865 1915 ι
2894 1859 3020 1916 οὔτε
3062 1860 3123 1915 ἐν
3154 1860 3235 1931 τῷ
3266 1858 3363 1915 νῦν
3394 1859 3549 1914 αἰῶνι
3573 1858 3705 1913 οὔτε
3732 1858 3792 1912 ἐν
3809 1858 3881 1930 τῷ

594 1965 724 2023 culo
753 1981 930 2038 neque
956 1966 1010 2021 in
1043 1966 1232 2023 futuro
1258 1987 1276 2019 ι
1313 1966 1423 2022 alio
1449 1966 1613 2022 modo
1630 1963 1902 2035 accipitur
1922 1981 1935 2029 ;
1958 1970 2014 2017 et
2039 1959 2181 2016 dim-

593 2060 817 2117 cultatis
848 2061 1052 2117 solutio
1102 2062 1413 2132 simplicius
1457 2070 1511 2117 et
1570 2060 1821 2132 paratius
1861 2057 2179 2113 adducitur.

497 2201 501 2205 .
591 2151 826 2208 Mosaica
863 2152 1267 2224 lex,inquiunt,
1294 2164 1470 2209 morte
1501 2154 1660 2224 punit
1714 2167 1839 2207 eum
1879 2151 1974 2221 qui
2016 2149 2070 2203 in
2101 2146 2185 2202 di-

591 2244 781 2300 vinum
813 2244 1234 2316 blasphemavit,
1268 2261 1446 2316 neque
1480 2246 1694 2301 veniam
1745 2259 1927 2314 neque
1977 2241 2180 2298 remis—

589 2338 802 2394 sionem
838 2338 886 2394 ei
912 2339 1239 2395 concedens.
1280 2338 1345 2393 Et
1379 2340 1484 2394 hoc
1536 2337 1781 2393 ostendit
1836 2336 1997 2397 illud.
2048 2336 2181 2390 bla-

589 2430 899 2498 sphemanti
930 2446 1039 2489 non
1066 2431 1120 2485 in
1160 2431 1417 2501 prmsenti
1445 2430 1646 2486 saeculo
1680 2428 1909 2485 remitti.
1943 2426 2070 2483 Ideo
2100 2427 2185 2481 di-

589 2530 723 2577 cunt
760 2523 1089 2578 rationabile
1136 2539 1261 2581 esse
1303 2524 1547 2595 cogitare
1602 2522 2068 2592 blasphemantem
2126 2520 2183 2575 in

592 2614 856 2686 Spiritum
888 2626 1166 2682 sanctum,
1206 2632 1235 2671 a
1281 2617 1395 2673 Deo
1455 2624 1511 2671 et
1577 2615 1879 2671 secundum
1938 2614 2182 2668 futurum

592 2709 852 2764 steculum
883 2708 1186 2777 iudicatum
1216 2708 1282 2763 iri
1311 2718 1368 2763 et
1388 2708 1742 2775 blaSphemiae
1770 2721 1961 2777 pcenas
1990 2706 2059 2760 ab
2090 2706 2184 2760 illo

592 2809 846 2854 exactum
896 2799 999 2867 iri;
1033 2800 1130 2855 scd
1190 2801 1248 2855 in
1295 2802 1552 2870 praesenti
1604 2799 1865 2854 vindictis
1922 2798 2185 2853 extremis

592 2891 999 2959 subjiciendum
1032 2907 1177 2956 csse,
1201 2890 1441 2947 Mosaica
1472 2893 1590 2963 lcgc
1621 2892 1673 2946 in
1698 2906 1825 2947 eum
1852 2890 2186 2960 imprecante

592 2984 685 3052 qui
718 2984 959 3055 linguam
993 2984 1045 3038 in
1076 2984 1246 3039 Deum
1281 2984 1549 3049 emiserit,
1593 2984 1646 3039 id
1706 2992 1791 3038 est
1829 2982 2186 3052 blasphemiis

594 3076 766 3131 Deum
800 3075 1116 3145 impetierit,
1157 3075 1316 3143 cujus
1351 3076 1674 3132 substantiae
1702 3083 1757 3130 ct
1793 3074 2186 3130 dominationis

585 3177 694 3236 cst,
728 3176 783 3222 et
814 3167 1021 3239 Spiritu
1051 3170 1352 3234 sanciente,
1386 3169 1498 3224 imo
1535 3184 1659 3223 cum
1691 3168 1966 3238 lapidibus
1999 3168 2184 3236 oppri-

593 3258 850 3316 mendum
873 3274 994 3314 esse
1023 3268 1077 3315 et
1108 3258 1220 3315 vita
1244 3259 1597 3330 privandum;
1648 3260 1721 3315 ita
1771 3268 1832 3313 ut
1881 3258 2025 3314 Deus
2062 3256 2187 3328 Spi-

593 3352 751 3417 ritus,
783 3351 887 3408 etsi
919 3350 1102 3421 impiis
1132 3367 1243 3407 non
1282 3351 1559 3413 videatur.
1608 3352 1808 3405 illustri
1854 3350 2017 3403 modo
2059 3363 2189 3419 pro-

593 3448 883 3511 clametur,
914 3444 970 3499 in
1009 3460 1120 3515 quo
1146 3454 1200 3499 et
1230 3459 1395 3514 supra
1427 3454 1680 3498 naturam
1746 3457 1915 3511 Opera
1959 3440 2190 3496 Creator

594 3547 806 3594 natura:
834 3536 1018 3591 divine
1051 3534 1316 3590 alliciebat
1347 3548 1362 3587 :
1407 3552 1425 3585 ι
1468 3535 1526 3588 In
1560 3533 1730 3603 digito
1753 3531 1871 3597 Dei,
1912 3551 1931 3585 ι
1973 3531 2188 3596 dicens,

604 3648 624 3681 ι
668 3643 770 3699 ego
802 3625 1070 3681 daemonia
1096 3624 1260 3695 cjicio
1293 3624 1378 3688 είς
1434 3642 1452 3675 ι
1504 3623 1735 3694 digitum
1781 3620 1875 3676 Dei
1927 3636 2023 3692 per
2062 3622 2192 3676 sub-

599 3720 814 3777 stantiae
839 3718 1103 3774 unitatem
1125 3725 1179 3771 et
1209 3715 1549 3786 operationis
1589 3715 1902 3770 absolutam
1948 3722 2192 3784 potesta—

599 3822 707 3868 tcm
771 3809 1037 3880 Spiritum
1072 3808 1387 3864 nominans.
1426 3826 1445 3859 ‹
1477 3808 1537 3862 In
1597 3807 1803 3879 Spiritu
1851 3818 2063 3871 sancto,
2112 3806 2195 3860 in-

598 3901 741 3970 quit,
778 3899 931 3969 ejicit
964 3897 1270 3965 daemonia;
1318 3916 1338 3949 ›
1374 3912 1481 3952 non
1516 3895 1646 3967 quia
1669 3896 1785 3966 ipse
1815 3911 1913 3966 per
1947 3898 2191 3966 seipsum

599 4007 712 4045 non
742 3998 989 4061 poterat;
1032 3989 1126 4045 sed
1152 3988 1207 4044 in
1227 3989 1487 4045 omnibus
1518 3988 1634 4045 suis
1685 3988 1888 4045 divinis
1928 3988 2194 4060 operibus

598 4080 778 4137 Patris
806 4089 860 4135 et
882 4079 1126 4151 Spiritus
1160 4089 1218 4134 ut
1249 4079 1515 4134 similium
1546 4080 1987 4135 substantiarum
2019 4088 2073 4135 et
2092 4094 2194 4134 na-

599 4185 845 4230 turarum
886 4182 942 4229 et
965 4173 1034 4228 ad
1066 4189 1232 4235 unum
1262 4184 1316 4229 et
1341 4174 1481 4228 idem
1512 4173 1650 4229 velle
1675 4172 2059 4228 inclinantium
2086 4187 2194 4227 una

600 4268 791 4323 adesse
811 4267 1039 4323 docens.
1070 4264 1197 4321 Ideo
1223 4266 1372 4322 enim
1398 4265 1615 4321 dicebat
1638 4283 1653 4321 :
1687 4284 1705 4318 ι
1730 4267 1894 4321 Pater
1923 4281 2081 4321 meus
2104 4280 2195 4320 us-

600 4375 708 4431 que
770 4359 934 4414 modo
980 4372 1240 4429 operatur
1292 4367 1347 4414 et
1403 4373 1503 4429 ego
1558 4373 1755 4427 operor
1780 4358 1848 4424 ⁸³,
1893 4376 1911 4408 ι
1946 4365 2001 4412 et
2038 4373 2053 4411 :
2090 4374 2107 4407 ι
2150 4357 2197 4412 Α

602 4452 813 4522 meipso
844 4465 954 4505 non
986 4450 1183 4520 loquor
1217 4451 1287 4504 ⁸⁸.
1331 4470 1349 4504 ι
1384 4450 1448 4505 Et
1475 4450 1607 4504 illud
1645 4467 1659 4504 :
1707 4466 1726 4501 ι
1783 4450 1844 4504 In
1884 4449 2058 4519 digito
2100 4448 2193 4504 Dei

2289 1953 2537 2024 μέλλοντι
2559 1973 2578 2007 ι
2612 1954 2821 2027 τρόπον
2845 1955 3034 2025 ἕτερον
3053 1952 3479 2024 ἐκλαμϐάνεται,
3504 1952 3597 2006 καί
3623 1955 3729 2024 τῆς
3749 1954 3879 2006 ἀπο-

2288 2045 2411 2115 ρίας
2434 2046 2466 2097 ἡ
2492 2043 2645 2107 λύσις
2692 2043 3069 2116 ἁπλούστερόν
3112 2061 3174 2097 τε
3210 2043 3305 2097 καί
3357 2043 3714 2113 ἑτοιμότερον
3747 2058 3876 2113 προ-

2286 2136 2480 2203 άγεται
2504 2152 2518 2168 ο
2542 2136 2571 2188 ὁ
2607 2134 2918 2198 Μωσαῖκὸς,
2948 2135 3103 2203 φασὶ,
3152 2132 3316 2203 νόμος
3366 2133 3459 2187 τὸν
3497 2133 3577 2196 εἰς
3613 2132 3681 2186 τὸ
3728 2132 3879 2185 Θείον

2289 2228 2785 2299 βλασφημήσαντα,
2846 2227 3064 2296 θανάτῳ
3128 2226 3337 2298 ζημιοῖ,
3432 2226 3492 2278 οὐ
3564 2223 3880 2295 μεταδιδοὺς

2286 2320 2436 2388 αὑτῷ
2486 2319 2822 2390 συγγνώμης
2842 2320 3102 2389 οὐδεμιᾶς
3130 2317 3242 2372 οὐδ’
3278 2316 3563 2387 ἀφέσεως·
3603 2317 3705 2370 καὶ
3729 2313 3879 2369 τοῦτο

2285 2413 2439 2481 δηλοί
2462 2412 2524 2467 τὸ
2551 2413 2627 2485 μὴ
2658 2413 2911 2482 ἀφίεσθαι
2940 2413 3031 2466 τδν
3050 2412 3522 2484 βλασφημήσαντα
3552 2411 3706 2482 ἐντῷ
3745 2426 3879 2481 παρ-

2286 2508 2399 2561 όντι
2428 2506 2586 2561 αἰῶνι
2614 2507 2725 2561 ’διό
2754 2524 2920 2577 φασιν
2946 2505 3166 2574 εὐλογον
3197 2504 3527 2558 διανοεῖσθαι
3560 2504 3639 2566 ὡς
3664 2505 3693 2556 ὁ
3731 2502 3877 2573 βλασ-

2288 2600 2491 2672 φημῶν
2525 2602 2605 2664 εἰς
2644 2600 2706 2655 τὸ
2735 2599 2962 2671 Πνεῦμα
3014 2599 3075 2652 τὸ
3103 2598 3261 2668 ἆγιον
3296 2597 3481 2651 θεόθεν
3506 2598 3601 2650 καὶ
3626 2596 3773 2650 κατά
3794 2594 3877 2647 τὸν

2290 2702 2552 2772 μέλλοντα
2571 2701 2744 2755 αἰῶνα
2768 2699 2932 2755 δώσει
2956 2698 3054 2770 τὴν
3078 2697 3236 2769 δίκην
3270 2696 3365 2750 καὶ
3393 2695 3493 2759 τὰς
3516 2695 3617 2763 τῆς
3644 2694 3816 2764 βλασφ
3827 2708 3877 2761 η-

2292 2795 2417 2866 μίας
2442 2794 2629 2857 ποινὰς
2650 2793 3139 2864 εἰσπραχθήσεται,
3170 2789 3308 2845 ἀλλά
3334 2788 3429 2844 καὶ
3458 2786 3600 2842 κατά
3636 2788 3729 2839 τὸν
3749 2800 3879 2850 παρ-

2286 2890 2411 2942 όντα
2427 2887 2723 2959 τιμωρίαις
2746 2886 3007 2956 ἐσχάταις
3025 2882 3418 2945 ὑποϐάλλεται,
3448 2879 3542 2934 τοῦ
3581 2876 3875 2934 Μωσαῖκοῦ

2288 2982 2457 3050 νόμου
2475 2983 2576 3053 τὴν
2598 2979 3003 3052 καταρωμένην
3018 2977 3269 3047 γλῶσσαν
3290 2975 3597 3043 ἐπαφιέντα
3640 2972 3781 3025 κατὰ
3792 2968 3876 3023 τοῦ

2287 3068 2807 3136 Θεοῦ,τουτέστιτὺν
2821 3067 3194 3139 βλασφημίαις
3236 3066 3593 3135 ἐνυϐρίζοντα
3623 3063 3688 3115 τὸ
3713 3063 3874 3121 Θείον,

2288 3158 2349 3222 οὐ
2380 3168 2479 3238 τῆς
2492 3166 2681 3230 οὐσίας
2700 3165 2796 3219 καί
2817 3164 2920 3235 τῆς
2936 3166 3257 3235 κυριότητος
3275 3162 3512 3232 ὑπάρχει
3530 3160 3623 3214 καὶ
3647 3160 3709 3212 τὸ
3726 3154 3879 3211 Πνεῦ-

2294 3279 2388 3331 μα,
2406 3260 2575 3323 λίθοις
2597 3258 3061 3330 νομοθετήσαντος
3083 3254 3474 3309 λιθοόολεῖσθαι
3491 3253 3585 3306 καὶ
3609 3251 3714 3320 τῆς
3741 3247 3877 3314 ζωῆς

2289 3352 2715 3408 ἀπελαύνεσθαι·
2768 3350 2910 3405 ὥστε
2937 3348 3070 3414 Θεὸς
3122 3348 3182 3402 τὸ
3212 3346 3459 3417 Πνεῦμα,
3491 3345 3598 3400 κᾶν
3628 3346 3742 3407 τοῖς
3768 3343 3877 3396 θεε-

2294 3446 2563 3517 μαχοῦσιν
2618 3444 2680 3498 οὐ
2709 3445 2863 3515 δοκῇ.
2892 3442 3210 3513 περιφανῶς
3255 3438 3728 3510 ἀνακηρύττεται·
3766 3425 3876 3502 ἐνῷ

2292 3538 2386 3591 καὶ
2424 3536 2491 3590 τὰ
2524 3535 2666 3606 ὑπὲρ
2703 3534 2863 3603 λόγον
2912 3532 3049 3605 ἔργα
3109 3534 3137 3586 ὁ
3172 3528 3514 3603 Δημιουργδς
3537 3527 3639 3599 τῆς
3674 3527 3876 3598 φύσεως

2292 3629 2591 3700 ἐθεούργει,
2617 3646 2635 3680 ι
2661 3628 2748 3681 Ἑν
2782 3626 3030 3698 δακτύλῳ
3055 3620 3213 3690 Θεοῦ,
3263 3624 3458 3692 λέγων,
3491 3621 3603 3690 ἐγὼ
3633 3620 3875 3691 δαιμόνια

2295 3722 2546 3777 ἐκδάλλω
2562 3739 2575 3753 ·
2591 3741 2609 3775 ι
2638 3722 2903 3775 δάκτυλον
2920 3719 3056 3773 Θεοῦ
3073 3718 3161 3772 διὰ
3177 3718 3236 3771 τὸ
3262 3716 3365 3785 τῆς
3386 3716 3574 3779 οὐσίας
3594 3714 3874 3783 ἀδιάφορον

2294 3814 2511 3884 καὶτῆς
2558 3813 2839 3884 ἐνεργείας
2861 3812 2921 3865 τὸ
2948 3810 3345 3865 αὑτοδέσποτον
3405 3804 3772 3878 ἐπονομάζων
3820 3800 3875 3854 τὸ

2293 3903 2541 3974 Πνεῦμα·
2564 3905 2682 3957 (Ἑν
2708 3903 2892 3974 μέντοι
2930 3901 3008 3973 τῷ
3026 3901 3166 3972 ἁγίῳ
3179 3902 3482 3972 Πνεύματι,
3503 3898 3665 3969 φησί,
3692 3893 3875 3951 ἐκϐάλ-

2294 3995 2466 4050 λειτά
2494 3995 2798 4066 δαιμόνια,ι
2820 3994 2920 4065 οὐχ
2937 3994 3019 4047 ὅτι
3037 3992 3198 4054 αὐτὸς
3222 3992 3280 4056 ἐξ
3310 3990 3501 4043 ἑαυτοῦ
3529 3989 3604 4059 μὴ
3630 3988 3872 4058 ἠδύνατο,

2294 4088 2410 4143 ἀλλ’
2434 4089 2493 4141 ἐν
2520 4088 2686 4141 πᾶσιν
2711 4085 2876 4141 αὑτοῦ
2936 4086 3051 4149 τοῖς
3089 4083 3456 4153 θεοπρεπέσιν
3511 4082 3720 4151 ἔργοις,
3786 4078 3875 4147 τὴν

2293 4180 2389 4234 τοῦ
2414 4179 2628 4251 Πατρὺς
2650 4179 2747 4232 καὶ
2796 4176 3117 4247 Πνεύματος
3167 4176 3453 4248 ἐνέργειαν
3482 4173 3558 4237 ὡς
3584 4170 3873 4243 ὁμοουσίων

2297 4276 2393 4330 καὶ
2427 4272 2685 4344 ὁμοφυῶν
2708 4274 2806 4327 καὶ
2860 4271 2997 4342 πρὸς
3014 4269 3073 4324 ἓν
3108 4270 3204 4324 καὶ
3227 4268 3287 4322 τὸ
3314 4267 3447 4321 αὐτὸ
3475 4266 3692 4337 θέλημα
3708 4262 3875 4317 νευόν-

2294 4385 2404 4423 των
2454 4369 2821 4438 συμπαρεῖναι
2874 4364 3147 4419 διδάσκων
3170 4378 3183 4391 ·
3211 4362 3300 4416 διὰ
3324 4360 3484 4415 τοῦτο
3513 4360 3619 4429 γὰρ
3653 4360 3749 4412 καὶ
3773 4354 3874 4408 ἕλε-

2300 4479 2419 4530 γεν,
2450 4480 2468 4513 ι
2494 4460 2552 4513 Ὀ
2570 4459 2767 4529 Πατήρ
2793 4474 2896 4528 μου
2923 4456 3027 4518 ἓως
3052 4454 3180 4525 ἄρτι
3210 4452 3524 4524 ἐργάζεται,
3545 4448 3704 4517 κάγὼ
3719 4444 3871 4519 ἐργά-

597 4561 701 4618 ego
727 4543 995 4601 daemonia
1021 4543 1221 4614 cjicio;
1266 4563 1285 4595 ι
1315 4552 1371 4597 et
1401 4559 1749 4613 quacunque
1783 4544 1890 4599 alia
1934 4560 2188 4599 commu-

2292 4555 2478 4625 ζομαι·
2503 4570 2521 4604 ι
2544 4553 2661 4620 καί,
2688 4570 2706 4604 ι
2723 4550 2842 4620 Ἀφ’
2866 4547 3061 4602 ἑαυτοῦ
3082 4546 3143 4600 οὑ
3170 4545 3335 4600 λαλῶ·
3359 4563 3376 4596 ι
3396 4546 3492 4597 καὶ
3513 4545 3594 4608 τὸ,
3630 4563 3647 4593 ι
3678 4544 3765 4597 Ἐν
3793 4540 3874 4593 δα-

596 4654 724 4697 nem
763 4647 1017 4694 naturam
1042 4644 1096 4692 et
1121 4644 1446 4707 potestatem
1488 4646 1541 4692 et
1584 4636 1838 4691 eﬂicaciaa
1862 4648 1915 4693 et
1940 4636 2192 4693 volunta-

600 4732 671 4788 tis
696 4724 961 4786 unitatem
992 4744 1151 4786 sacre
1178 4729 1485 4799 loquuntur
1510 4739 1564 4785 et
1586 4729 1878 4786 addocent.
1915 4729 2045 4787 Scio
2084 4747 2154 4786 au
2175 4762 2191 4771 -

598 4832 705 4880 tem
734 4822 1005 4894 quosdam
1033 4822 1215 4878 dicere
1245 4833 1361 4878 tum
1406 4838 1533 4878 cum
1562 4821 1849 4879 Dominica
1896 4824 2191 4894 responsio

597 4914 965 4987 proferretur,
996 4924 1052 4972 et
1081 4914 1192 4971 vim
1238 4930 1359 4970 eam
1393 4914 1653 4973 habuisse
1690 4915 2189 4988 circumscriptam.

601 5006 819 5061 Etenim
842 5014 977 5061 tunc
1020 5005 1434 5062 resurrectione
1467 5006 1709 5061 nondum
1741 5005 1887 5063 facta
1919 5023 2100 5076 neque
2130 5007 2188 5063 in

596 5099 767 5172 caelos
792 5099 1119 5155 ascensione
1145 5108 1446 5155 monstrata
1477 5115 1655 5169 neque
1708 5098 1919 5168 Spiritu
1968 5110 2191 5170 sponta-

599 5207 734 5259 neos
757 5200 813 5247 et
845 5206 1168 5249 communes
1200 5193 1349 5248 orbis
1368 5200 1640 5247 terrarum
1673 5202 1921 5248 oratores
1950 5194 2191 5263 discipu-

598 5285 684 5350 los
708 5284 993 5346 efﬁciente,
1029 5286 1269 5341 nondum
1296 5286 1553 5342 omnibus
1580 5286 1664 5341 his
1688 5286 1910 5343 eximiis
1924 5286 2193 5342 exsisten-

601 5373 771 5444 libus,
810 5375 904 5445 qui
933 5376 986 5429 in
1023 5375 1228 5431 Filium
1266 5377 1509 5433 hominis
1549 5377 1895 5447 blasphemat
1928 5388 1982 5433 et
2014 5376 2194 5432 homi-

603 5465 765 5521 nibus
803 5465 1077 5537 impingit,
1132 5468 1517 5525 remissionem
1557 5470 1819 5525 iuvcniet.
1875 5469 2187 5525 Adumbra-

602 5557 764 5611 batur
792 5558 938 5612 enim
970 5559 1038 5614 iis
1088 5576 1252 5617 carne
1300 5562 1561 5633 dignitas.
1620 5564 1680 5618 Ei
1741 5572 1924 5620 autem
1979 5566 2074 5635 qui
2139 5566 2190 5620 in

606 5646 869 5719 Spiritum
909 5662 1160 5709 sanctum
1189 5654 1556 5727 blaspliemat,
1604 5673 1782 5718 neque
1831 5661 1885 5713 in
1938 5660 2195 5728 prmsenti

2296 4642 2484 4713 κτύλῳ
2496 4640 2632 4695 Θεοῦ
2655 4639 2766 4710 ἐγὼ
2799 4638 3051 4693 ἐκὸάλλω
3072 4635 3140 4690 τὰ
3167 4634 3471 4707 δαιμόνια·»
3502 4634 3601 4687 καί
3628 4634 3731 4688 ὅσα
3753 4630 3872 4687 ἄλλα

2295 4736 2356 4791 τὸ
2374 4735 2612 4806 ὀμοφυές
2630 4733 2727 4788 καί
2752 4731 3096 4803 ὁμοδύναμον
3117 4730 3332 4800 καὶτῆς
3349 4727 3635 4798 ἐνεργείας
3666 4728 3759 4780 καὶ
3786 4719 3868 4777 τοῦ

2296 4827 2599 4896 θελήματος
2622 4824 2684 4877 τὸ
2704 4823 2904 4877 ἐνιαῖον
2932 4819 3271 4892 ἰερολογοῦσι
3306 4817 3399 4871 καὶ
3437 4816 3867 4871 ἐκδιδάσκουσιν⁶

2295 4913 2412 4973 οῖδα
2435 4918 2491 4972 δέ
2513 4933 2667 4980 τινας
2724 4914 3009 4978 εἰπόντας,
3066 4913 3151 4966 ὅτι
3197 4910 3319 4965 κατ’
3343 4912 3519 4964 ἐκεῖνο
3542 4910 3737 4982 καιροῦ
3764 4903 3871 4961 καθ’

2294 5015 2352 5071 ὃν
2374 5016 2408 5085 ἡ
2435 5010 2737 5083 Δεσποτικὴ
2760 5008 3035 5078 ἀπόφασις
3063 5005 3334 5077 προήχθη,
3358 5005 3451 5057 καὶ
3476 5004 3536 5057 τὸ
3558 5005 3759 5075 κράτος
3771 4995 3871 5070 εἶχε

2299 5104 2794 5178 περιγραφόμενον·
2826 5101 2923 5154 καὶ
2960 5098 3070 5168 γὰρ
3094 5094 3399 5167 τηνικαῦτα
3425 5094 3583 5149 οῦπω
3612 5096 3713 5166 τῆς
3751 5095 3872 5146 ἀνα·

2301 5200 2543 5261 στάσεως
2573 5194 2894 5265 ἐπιστάσης,
2913 5192 3035 5246 οὐδέ
3057 5191 3155 5261 τῆς
3172 5191 3252 5252 εἰς
3276 5188 3540 5261 οὐρανοὺς
3568 5186 3871 5257 ἀναλήψεως

2299 5290 2765 5363 ἐπιδεδειγμένης,
2824 5287 2948 5341 οὑδέ
2999 5285 3093 5340 τοῦ
3142 5282 3465 5353 Πνεύματος
3510 5280 3871 5351 αὐτοσχεδίους

2293 5387 2389 5441 καὶ
2419 5386 2633 5448 κοινοὺς
2666 5384 2767 5453 τῆς
2803 5378 3133 5449 οἰκουμένης
3189 5377 3429 5448 ῥήτορας
3456 5374 3586 5437 τοὺς
3640 5367 3869 5444 μαθητὰς

2292 5477 2677 5549 τελεσαμένου,
2715 5472 2869 5527 οὑπω
2899 5470 3106 5525 τούτων
3130 5468 3238 5522 τῶν
3269 5464 3736 5538 ὐπερφυεστάτων
3763 5464 3867 5549 iam:

2297 5542 2559 5630 στάντων,
2603 5564 2632 5619 ὁ
2652 5562 2744 5618 τὸν
2777 5562 2908 5615 Υἰὸν
2935 5559 3030 5614 τοῦ
3061 5554 3353 5632 ἀνθρώπου
3385 5553 3751 5625 βλασφημῶν,
3789 5542 3866 5601 καὶ

2297 5661 2407 5723 τοῖς
2437 5655 2746 5729 ἀνθρώποις
2788 5649 3168 5725 προσπταίων,
3241 5646 3466 5719 εὑρήσει
3533 5644 3754 5713 ἄφεσιν·
3783 5639 3865 5697 ἐπ’

680 5826 723 5873 εξέ
754 5827 943 5892 Matth.
984 5845 1079 5909 Ml,
1114 5832 1200 5885 9.8.
1278 5834 1320 5865 ’³³
1356 5834 1509 5891 Joan.
1546 5852 1596 5901 ν,
1642 5837 1728 5893 l7.
1810 5837 1851 5867 ⁰ἰ
1893 5836 2047 5901 Joan.
2086 5854 2196 5897 xw.
2233 5838 2316 5895 lO.
