4144 6444
275 361 404 426 3’.Ἱ

1336 355 1434 418 AD
1467 346 2069 418 AMPHILOCHIUM
2118 347 2466 424 ΟἩίΕΒΤΙΟ
2507 357 2573 421 L.

3495 355 3602 420 378

275 474 585 538 εσκιάζετο
613 473 724 545 γὰρ
755 473 944 536 αὐτοῖς
963 471 1044 526 ἔτι
1066 470 1187 526 τότε
1219 471 1298 543 τῷ
1330 472 1618 543 σαρκὶῳτὸ
1651 471 1866 544 ἀξίωμα
1889 490 1900 502 ⁸

2009 479 2254 541 tempore
2285 486 2464 542 neque
2499 471 2553 524 in
2581 470 2766 526 futuro
2797 470 2998 526 saeculo
3025 469 3380 542 blasphemia:
3402 472 3603 528 remis-

276 565 375 636 τῷ
405 564 463 618 δὲ
488 565 570 628 εἱς
598 563 659 617 τὸ
713 563 942 634 Πνεῦμα
1000 562 1436 633 βλασφημοῦντι,
1469 563 1593 616 οὔτε
1646 563 1790 616 κατὰ
1811 563 1903 615 τὸν

282 660 489 731 καιρὸν
518 660 746 723 ἐκεῖνον,
797 655 920 709 οὔτε
974 657 1033 711 ἐν
1081 655 1156 726 τῷ
1206 656 1454 728 μέλλοντι
1512 656 1668 710 αἰῶνι
1718 658 1753 728 ἡ
1801 655 1902 725 τῆς

294 750 654 822 βλασφημίας
667 749 953 820 δοθήσεται
979 749 1175 818 ἄφεσις
1190 765 1204 779 ο
1224 749 1377 802 οὐδὲν
1410 749 1519 820 γὰρ
1535 747 1902 820 ἐπιπροσθοῦν

291 839 448 914 εἶχον
495 838 645 897 οὗτοι
707 841 846 913 πρὸς
891 840 952 894 τὸ
997 841 1070 912 μὴ
1099 841 1338 911 καθορᾷν
1368 841 1589 914 αὐτοὺς
1617 839 1718 911 τὴν
1752 840 1896 910 ὑπὲρ

295 935 466 1004 λόγον
501 935 783 1006 ἐνέργειαν
821 932 1035 996 καὶτὰς
1073 931 1140 986 δι’
1193 912 1898 1002 αὐτῆξὰπαστραπτούσας

296 1028 402 1099 τῆς
430 1027 675 1097 θεότητος
696 1025 1140 1089 ἀκτῖνας.Ἀλλοι
1161 1024 1218 1079 δὲ
1239 1024 1374 1096 πρὸς
1387 1025 1643 1096 τοιαύτην
1661 1026 1901 1081 διάνοιαν

293 1119 388 1174 διὰ
415 1119 522 1172 τῶν
557 1118 938 1190 προκειμένων
967 1118 1235 1181 ἕλκοντας
1268 1118 1552 1189 ῥημάτωψ
1578 1119 1738 1172 ποίαν
1765 1119 1900 1171 ταύ-

290 1225 434 1281 την;
463 1210 557 1263 τοῦ
599 1209 860 1281 λουτροῦ,
898 1210 1054 1278 φασὶ,
1080 1209 1180 1277 τῆς
1214 1209 1462 1278 ἀφέσεως
1512 1209 1606 1262 τοῦ
1628 1212 1687 1264 ὲν
1739 1211 1905 1264 παντὶ

296 1305 447 1374 ἁγίῳ
477 1304 574 1358 καὶ
596 1303 736 1375 πυρὶ
787 1303 1346 1374 τελεσιουργουμὲνου
1391 1303 1560 1374 μήπω
1591 1304 1906 1374 παρρησια-

292 1398 534 1468 ζομένου
561 1396 664 1450 οὐκ
691 1391 761 1468 ἦν
787 1397 968 1466 εὑρεῖν
999 1395 1077 1465 τῷ
1103 1397 1184 1459 εἰς
1210 1397 1269 1447 τὸ
1291 1394 1432 1448 θεῖον
1463 1394 1690 1464 Πνεῦμα
1724 1394 1901 1465 βλασο

289 1491 623 1560 φημήσαντι
728 1487 828 1560 τὴν
879 1490 1114 1558 ἅψεσινο
1183 1489 1264 1541 ὅτι
1323 1487 1461 1559 μηδὲ
1503 1489 1564 1541 τὸ
1611 1491 1906 1560 μετασχεῖν

291 1584 432 1654 ἐνῆν
453 1583 556 1652 τῆς
600 1582 1044 1652 παλιγγενεσίας
1074 1582 1170 1636 καὶ
1193 1581 1514 1651 τῆςέκεῖθεν
1547 1581 1868 1652 καθάρσεως
1887 1599 1903 1614 ⁸

2001 569 2086 624 sio
2117 570 2357 623 dabitur.
2392 567 2537 622 Nihil
2564 569 2709 624 enim
2734 569 2990 623 obstabat
3020 569 3153 638 quin
3188 568 3447 624 viderent
3490 568 3603 622 vim

2001 680 2164 735 supra
2202 673 2454 718 naturam
2484 672 2536 718 et
2567 679 2661 733 per
2714 679 2835 717 eam
2891 663 3244 732 Splendentes
3296 662 3604 718 divinitatis

2000 759 2209 813 radios.
2251 756 2356 811 Alii
2391 767 2576 811 autem
2608 755 2846 810 adhunc
2876 769 3096 809 sensum
3126 769 3225 824 per
3270 755 3433 809 verba
3462 769 3604 824 prae-

1999 852 2249 907 cedentia
2287 852 2606 905 trahuntur.
2655 849 2736 902 Ad
2786 852 2974 916 qucm’
3008 846 3218 916 igitur?
3271 846 3600 914 Lavacrum,

2009 947 2187 1011 aiunt,
2223 943 2608 999 remissionrm
2645 943 2699 996 in
2726 957 2790 996 co
2818 940 2910 1011 qui
2943 947 3091 995 totus
3139 949 3362 994 sanctus
3411 950 3495 995 est
3547 951 3604 994 et

2008 1040 2131 1106 igne
2158 1036 2473 1107 perliciens,
2525 1034 2653 1088 dum
2703 1033 2970 1103 nondum\
3006 1032 3177 1086 libere
3227 1032 3441 1101 agebat,
3490 1047 3600 1085 non

2005 1137 2123 1180 erat
2151 1127 2407 1196 possibile
2431 1127 2478 1181 ei
2505 1125 2598 1196 qui
2630 1123 2683 1178 in
2726 1125 2971 1179 divinum
3025 1122 3294 1192 Spiritum
3355 1123 3605 1192 blasphe-

2008 1229 2141 1286 mat,
2169 1219 2546 1275 remissionem
2601 1218 2868 1281 invenire,
2930 1217 3024 1286 qui
3079 1217 3207 1270 inde
3255 1215 3602 1286 procedentis

2003 1312 2438 1382 regenerationis
2462 1319 2516 1364 et
2554 1309 2956 1380 purilicationis
2983 1309 3301 1379 participem
3329 1308 3445 1363 ﬁeri
3495 1308 3600 1400 im-

2003 1404 2265 1473 possibile
2291 1414 2430 1460 erat.
2463 1405 2658 1474 Itaque
2683 1403 2878 1458 merito
2921 1402 3014 1471 qui
3063 1402 3118 1456 in
3178 1399 3445 1470 Spiritum
3476 1399 3597 1455 san-

2005 1507 2155 1553 ctum
2179 1500 2596 1570 blasphemavit,
2615 1513 2793 1567 neque
2821 1496 2874 1550 in
2901 1495 3157 1566 praesenti
3186 1495 3390 1550 s:eculo
3412 1502 3465 1548 et
3483 1494 3604 1547 ideo

2007 1589 2259 1659 nequein
2294 1589 2480 1643 futuro
2512 1588 2662 1642 nullo
2685 1587 2849 1642 modo
2889 1586 3270 1642 remissionem
3298 1585 3528 1641 obtinet.

288 1676 383 1730 διδ
422 1678 650 1740 εἰκότως
675 1678 704 1730 ὁ
736 1681 816 1742 εἰς
840 1677 901 1730 τὸ
929 1676 1156 1746 Πνεῦμα
1185 1677 1246 1730 τὸ
1276 1677 1431 1746 ἅγιον
1479 1675 1901 1752 βλασφημήσας.
1937 1682 2062 1738 οὔτε
2088 1686 2148 1741 ὲν
2189 1685 2267 1758 τῷ
2297 1687 2393 1741 νῦν
2418 1686 2597 1751 αἰῶνι,
2633 1685 2728 1740 xal
2765 1684 2856 1738 διὰ
2918 1681 3078 1738 τοῦτο
3107 1684 3239 1737 οὐδὲ
3292 1685 3351 1737 ἒν
3375 1681 3453 1754 τῷ
3476 1681 3603 1753 μέλ-

288 1767 468 1836 λοντι,
500 1769 754 1839 οὐδαμῶς
776 1771 1033 1840 τυγχάνει
1056 1770 1153 1840 τῆς
1181 1769 1452 1837 ἀφέσεως.

883 1861 1226 1914 ΕΡΩΤΗΣΙΣ
1271 1862 1351 1916 N’.

299 1955 420 2011 Τοῦ
438 1954 739 2024 μακαρίου
760 1952 1006 2022 Μάρκου
1025 1953 1124 2007 καὶ
1143 1954 1580 2024 εὐαγγελιστοῦ
1607 1955 1907 2024 γεπραφό-

378 2023 480 2091 τοῖς
500 2042 514 2055 ο
552 2045 570 2077 ι
599 2023 970 2092 Ἐξῆλθονοὶ
1004 2023 1140 2091 παρ’
1158 2024 1345 2078 αὐτοῦ
1361 2023 1660 2091 κρατῆσαι
1688 2023 1904 2079 αὐτόν’

373 2097 589 2166 ἔλεγον
606 2095 718 2163 γὰρ
782 2094 877 2166 ὅτι
932 2093 1152 2166 ἐξέστη
1170 2112 1226 2166 ᾖ)
1255 2093 1641 2166 ποίᾳδιανοίᾳ
1657 2095 1771 2166 τὴν
1787 2095 1908 2150 τῶν

370 2163 656 2235 ῥημάτων
683 2164 1008 2235 συνθήκην
1025 2163 1414 2235 ἁρμόζοντες,
1437 2166 1549 2218 οὐκ
1580 2165 1657 2219 ἂν
1678 2165 1848 2234 εἴημε
1864 2182 1904 2220 ν

379 2233 578 2303 ari-3pm
630 2234 735 2288 τοῦ
786 2234 1183 2306 sum-relucet?
1241 2233 1610 2304 διηγήματος
1679 2233 1902 2305 παρεν-

377 2305 691 2377 ηνεγμένοι
703 2321 727 2370 ;

1296 2420 1438 2472 Edita
1461 2437 1490 2471 a
1515 2422 1660 2482 Maio,
1687 2423 1723 2474 l.
1767 2436 1833 2484 c.,
1860 2436 1910 2484 τι.

373 2535 668 2607 Διαφόροις
701 2531 1082 2605 κατελάϐομεν
1115 2533 1178 2587 τὸ
1229 2534 1395 2605 ῥητὸν
1449 2534 1897 2606 ὑποϐαλλόμενον

297 2627 627 2698 ἑρμηνείαις
652 2641 667 2656 ·
704 2625 800 2679 καὶ
826 2626 933 2696 γὰρ
972 2623 1151 2677 ἔνεστι
1182 2623 1366 2678 λαϐεῖν
1397 2624 1481 2690 τὸ,
1527 2624 1783 2692 (Ἔλεγον
1818 2624 1901 2676 ὅτι

295 2721 523 2790 ἐξέστη,
563 2736 583 2770 ι
622 2717 714 2772 τὸν
747 2715 1142 2787 εὑαγγελιστὴν
1169 2717 1342 2770 εἰπεῖν
1359 2713 1610 2779 ἀντὶτοῦ,
1676 2713 1908 2782 Ἔλεγον

293 2814 384 2866 ὅτι
411 2811 716 2882 ἀποστῆναι
743 2809 922 2863 αὐτῶν
942 2808 1215 2880 βούλεται,
1234 2807 1555 2863 καταλιπεῖν
1575 2806 1772 2869 αὐτοὺς
1791 2805 1908 2858 δια-

294 2906 528 2972 νοεῖται,
571 2902 710 2974 πρὸς
742 2901 963 2973 ἑτέρους
990 2899 1404 2972 μεταχωρῆσαιο
1423 2901 1516 2955 καὶ
1540 2899 1744 2970 ταύτης
1780 2915 1910 2951 συν-

295 2999 504 3070 ήγορον
548 2996 651 3066 τῆς
701 2994 911 3058 ἑννοίας
962 2993 1012 3046 oi
1085 2992 1295 3063 ταύτης
1349 2992 1754 3062 προεστηκότες
1817 2990 1910 3043 τὸν

301 3091 454 3160 ἱερὸν
509 3089 819 3160 παράγουσι
873 3088 1126 3158 Λουκάνο
1188 3085 1287 3157 τὴν
1341 3085 1452 3156 γὰρ
1506 3085 1680 3156 αὐτήν
1731 3099 1902 3153 φασιν

304 3181 557 3251 ἱστορίαν
577 3180 940 3250 παραδιδόντα
957 3179 1168 3248 λέγειν’
1197 3198 1216 3231 ι
1245 3178 1415 3232 Καὶοὶ
1435 3177 1580 3248 ὄχλοι
1608 3176 1906 3248 ἐπεζήτουν

306 3269 504 3334 αὑτὸν,
535 3270 630 3321 καὶ
648 3265 810 3339 ἦλθον
831 3269 934 3331 ἕως
968 3267 1157 3336 αὑτοῦ,
1193 3269 1288 3321 καὶ⁵
1321 3270 1574 3337 κατεῖχον
1611 3266 1775 3320 αὑτὸν
1807 3264 1904 3320 τοῦ

307 3362 391 3432 μὴ
413 3359 737 3433 πορεύεσθαι
763 3361 857 3414 ἀπ’
879 3361 1078 3415 αὐτῶν
1111 3380 1130 3412 ι
1169 3359 1295 3413 οῖδὲ
1327 3361 1421 3413 καὶ
1480 3359 1735 3430 διάφορον
1769 3360 1898 3412 dmo-

2005 3377 2130 3417 eum
2149 3378 2241 3420 .ne
2268 3362 2574 3417 discederet
2605 3362 2674 3416 ah
2703 3362 2784 3416 eis
2814 3362 2895 3428 ⁸⁸;

306 3453 595 3522 φαίνοντες
644 3453 745 3525 τὴν
795 3454 1040 3524 ἱστορίαν
1077 3454 1144 3524 ἢν
1169 3454 1197 3506 ὁ
1233 3452 1526 3515 θεσπέσιος
1591 3452 1904 3523 ἀναγράφει

304 3547 529 3609 Λοικᾶς
590 3547 726 3618 πρὸς
782 3546 849 3616 ἣν
913 3549 940 3600 ὁ
977 3546 1121 3610 θεῖος
1173 3545 1508 3615 ἀπαγγέλλει
1549 3546 1795 3616 Μάρκος,
1824 3547 1905 3608 εἱς

302 3637 500 3706 ἐτέρας
526 3636 825 3705 σαφηνείας
839 3635 1069 3707 ζήτησιν
1099 3635 1381 3707 μετῆλθον·
1413 3641 1507 3690 καὶ
1537 3636 1646 3708 γάρ
1705 3651 1900 3707 φασιν⁶

302 3725 581 3781 Ἐνταῦθα
617 3727 718 3798 μὲν
766 3729 824 3782 ὲν
852 3728 1001 3799 οἰκία
1023 3745 1084 3781 τε
1125 3723 1195 3798 ἦν
1221 3729 1249 3780 ὁ
1299 3727 1530 3798 Ἰησοῦς,
1561 3727 1658 3781 καὶ
1687 3729 1848 3792 αὐτὸς
1876 3729 1905 3782 ὁ

302 3821 601 3893 μανθάνων
669 3820 742 3875 τὰ
805 3819 925 3874 θεῖα
963 3820 1059 3874 καὶ
1091 3820 1528 3892 θεραπευόμενος
1584 3819 1760 3891 ὄχλος,
1809 3821 1904 3872 καὶ

299 3913 432 3968 οὐδὲ
460 3915 655 3983 φαγεῖν
685 3913 853 3984 ἄρτον
889 3915 953 3985 τῇ
983 3912 1239 3984 συνεχείᾳ
1273 3913 1376 3981 τῆς
1406 3912 1680 3984 ὀχλήσεως
1711 3912 1905 3984 παρεί-

301 4021 468 4076 χοντο
492 4004 719 4076 καιρόν·
759 4004 853 4058 καὶ
897 4004 950 4056 οἱ
1010 4004 1143 4075 παρ’
1176 4000 1342 4057 αὐτοῦ
1388 4002 1614 4072 ἐξῆλθον
1633 4005 1903 4073 κρατῆσαι

305 4097 498 4161 αὐτὸν,
523 4096 620 4150 καὶ
644 4095 891 4160 ἐλθόντες
907 4094 1010 4162 ἕως
1031 4093 1223 4161 αὑτοῦ,
1242 4095 1496 4166 κατεῖχον
1525 4094 1688 4147 αὐτὸν
1704 4092 1796 4146 τοῦ
1827 4093 1902 4164 μὴ

310 4188 644 4260 πορεύεσθαι
664 4189 758 4243 ἀπ’
782 4188 962 4242 αὐτῶν
985 4204 1000 4218 ο
1030 4185 1130 4259 τῆς
1143 4182 1238 4242 οὖν
1275 4186 1516 4258 ἱστορίας
1549 4187 1684 4255 φασὶ
1704 4185 1764 4239 τὸ
1783 4185 1902 4239 διάο

310 4297 383 4349 φο
391 4298 483 4353 ρον
499 4280 697 4353 ὲχούση
707 4280 871 4345 ;,πῶς
881 4281 949 4334 ἂν
965 4281 1050 4351 εἴη
1064 4280 1245 4349 λέγειν
1261 4279 1503 4351 περὶτῆς
1515 4280 1686 4348 αὐτῆς
1705 4277 1902 4332 emes-

311 4391 456 4438 σεως
469 4374 631 4428 ἐκάτε
641 4371 1153 4443 ρον.διαλαμϐάνειν;
1171 4370 1288 4424 ἀλλ’
1300 4370 1449 4425 ἔστιν
1462 4373 1636 4424 εἱπεῖν
1657 4370 1792 4442 πρὸς
1809 4371 1904 4424 αὐ·-

310 4466 464 4531 τοὺς,
485 4465 559 4529 ὡς
581 4464 739 4518 εἱκᾶὶ
752 4447 1009 4535 διάφορος
1029 4465 1062 4534 ή
1089 4463 1324 4534 ἱστορία,
1353 4463 1472 4517 ἀλλ’
1499 4463 1902 4516 ἐκκαλύπτεται

312 4560 411 4611 καὶ
427 4556 672 4610 ὰνακαθα
682 4558 762 4629 ίρε
770 4574 858 4612 ται
874 4559 1007 4628 πρὸς
1020 4557 1235 4629 εὑκρίνε
1245 4575 1328 4612 ιαν
1339 4557 1428 4612 διὰ
1442 4558 1904 4629 τῆςόμολογουμέ-

311 4666 413 4718 νης
433 4650 468 4719 ἡ
491 4649 791 4720 ἀμφίϐολος
815 4666 830 4681 ·
853 4649 1122 4720 δηλούσης
1142 4651 1360 4720 ἐκείνης
1375 4649 1438 4703 τὸ
1459 4651 1784 4721 κατέχεσθαι
1806 4651 1899 4704 καὶ

311 4741 633 4812 κρατεῖσθαι
677 4741 764 4810 ἐφ’
800 4736 844 4810 ᾧ
883 4761 940 4795 τε
976 4743 1203 4812 ἐγίνετο,
1236 4743 1327 4796 καὶ
1356 4745 1438 4797 ὅτι
1461 4744 1538 4816 μὴ
1567 4744 1900 4813 ἀφίστασθαι

310 4831 496 4884 αὐτῶν
544 4831 639 4884 καὶ
683 4832 1016 4903 ἀποχωρεῖν,
1061 4833 1153 4886 καὶ
1181 4833 1266 4885 ὃτι
1293 4833 1585 4896 ποθοῦντες
1615 4833 1782 4887 αὑτοῦ
1800 4835 1900 4906 τὴν

308 4922 631 4978 διδάσκαλον
669 4923 910 4994 ὁμιλίαν,
935 4925 1030 4978 καὶ
1062 4927 1129 4996 τῇ
1175 4925 1285 4978 τῶν
1337 4924 1657 4996 θαυμασίων
1721 4923 1899 4995 ἔργων

311 5004 690 5084 ἐντρυφῶντες
745 5014 1066 5079 ἀπολαύσει,
1119 5017 1376 5070 ἐπενόουν
1401 5017 1500 5087 τὴν
1524 5017 1854 5086 κατάσχεσιν
1879 5034 1894 5050 ο

311 5108 410 5159 καὶ
447 5106 558 5178 γὰρ
588 5106 855 5170 πολλάκις
909 5107 1286 5178 κατελίμπανε
1331 5107 1483 5160 τόνδε
1534 5106 1626 5159 τὸν
1678 5107 1902 5178 χῶρονὸ

310 5198 699 5269 φιλάνθρωπος
738 5199 970 5269 Ἰησοῦς,
1005 5201 1096 5252 καὶ
1129 5201 1256 5263 τοὺς
1283 5198 1629 5270 διοχλοῦντας
1652 5202 1710 5253 ὲν
1755 5201 1905 5272 αὐτῷ

307 5291 422 5344 τῶν
437 5291 612 5362 ὄχλων
639 5293 718 5356 εἱς
744 5291 966 5361 ἑτέρους
982 5291 1078 5363 τὴν
1091 5291 1199 5345 ἀπὸ
1220 5291 1569 5357 διδασκαλίας
1597 5297 1692 5346 καὶ
1713 5293 1906 5367 θεουρ-

308 5384 440 5452 γίας
461 5383 714 5454 μετάγων
749 5385 1023 5454 σωτηρίαν
1046 5399 1060 5412 ·
1090 5385 1230 5454 πλὴν
1247 5379 1393 5438 οὗτοι
1413 5386 1474 5436 τὸ
1504 5386 1601 5455 μὲν
1629 5386 1906 5455 κρατῆσαι

312 5479 500 5543 αὑτὸν,
523 5479 602 5541 εἰς
628 5478 690 5530 τὸ
727 5496 746 5528 ι
778 5479 1026 5548 ἐπισχεῖν
1069 5477 1233 5530 αὖτὲν
1273 5478 1367 5530 τοῦ
1391 5477 1569 5545 λέγειν
1604 5478 1698 5530 καὶ
1761 5477 1908 5530 διδά-

312 5583 500 5620 σκειν)
521 5566 1050 5636 μεταλαμϐάνουσιν·
1067 5567 1126 5618 τὸ
1140 5565 1216 5630 δὲ,
1239 5565 1480 5634 «ἐξέστη,
1496 5585 1514 5616 ι
1538 5565 1674 5636 πρὸς
1689 5564 1785 5635 τὴν
1800 5565 1906 5618 τῶν

313 5657 567 5725 φυσικῶν
621 5660 906 5730 δυνάμεων
965 5661 1057 5714 καὶ
1085 5659 1188 5731 τῆς
1211 5655 1566 5727 καθεστώσης
1588 5656 1902 5722 διαθέσεως,

396 5817 443 5849 ⁸⁵
483 5815 622 5874 Luc.
678 5833 753 5883 tv,
785 5817 877 5873 ιε.

1939 1870 1988 1931 Β

2419 1863 2749 1931 QUIES'I‘IO
2791 1862 2832 1918 L
2874 1862 2982 1936 [αι.
3025 1861 3247 1934 XLIX].

2012 1955 2166 2011 Beati
2196 1954 2370 2011 Marci
2403 1967 2451 2012 et
2483 1957 2834 2028 Evangelist
2868 1958 2959 2024 qui
2988 1957 3202 2026 scripsit
3230 1972 3248 2010 :
3279 1975 3300 2028 γι
3341 1955 3601 2011 Exierunt

2079 2030 2171 2098 qui
2192 2028 2352 2095 juxta
2376 2043 2492 2081 eum
2525 2038 2583 2080 nt
2609 2027 2836 2082 tenerent
2869 2029 3024 2081 illum
3060 2044 3078 2090 ;
3150 2027 3390 2081 dicebant
3415 2029 3552 2082 enim
3579 2043 3600 2081 :

2079 2099 2333 2167 quoniam
2399 2100 2454 2151 in
2513 2099 2748 2168 furorem
2793 2115 2970 2152 versus
2993 2106 3146 2160 estw
3177 2114 3407 2168 quonam
3443 2115 3598 2168 sensu

2077 2165 2684 2222 uerborum‘contexlum
2709 2180 2974 2237 aptantes,
3011 2185 3114 2222 non
3145 2165 3376 2223 caseum:
3414 2165 3600 2238 procul

2077 2239 2142 2292 ab
2176 2238 2480 2308 evangelica
2506 2241 2819 2294 narratione
2845 2240 3104 2293 abducti?

1946 2420 2112 2471 51-65.
2138 2417 2200 2469 In
2223 2418 2370 2470 Mare.
2400 2432 2472 2481 ιιι,
2491 2418 2572 2470 ﬁl.

2075 2531 2318 2587 Diversis
2360 2531 2822 2601 deprehendimus
2854 2527 2986 2584 illud
3025 2528 3233 2582 dictum
3285 2526 3594 2595 subjectum

2003 2625 2550 2693 interpretationibus
2603 2641 2618 2678 :
2673 2625 2872 2678 etenim
2927 2623 3054 2678 licet
3103 2621 3356 2690 accipere
3414 2619 3592 2672 illud:

2011 2736 2030 2768 ‹
2060 2717 2338 2782 Dicebant,
2368 2716 2629 2786 quoniam
2651 2716 2704 2769 in
2726 2715 2966 2770 furorem
2985 2728 3177 2768 versus
3195 2719 3315 2767 est»
3335 2709 3404 2764 ab
3431 2723 3600 2764 evan-

2008 2813 2200 2884 gelista
2231 2813 2438 2866 dictum
2488 2827 2590 2882 pro
2627 2828 2642 2866 :
2683 2810 2947 2866 Dicebant
2980 2827 3000 2860 ι
3031 2808 3290 2879 quoniam
3314 2806 3600 2862 discedere

2010 2904 2215 2959 abillis
2261 2903 2399 2969 vult,
2433 2904 2746 2972 relinquere
2776 2917 2871 2957 eos
2916 2901 3215 2956 meditatur
3251 2907 3312 2954 ut
3357 2897 3426 2953 ad
3463 2897 3600 2951 alios

2007 2996 2389 3066 transmigret;
2445 3006 2499 3050 et
2529 2995 2694 3065 hujus
2743 3003 3038 3065 patronum
3085 3007 3281 3049 sensus
3328 2991 3424 3063 qui
3471 3006 3598 3046 eum

2004 3087 2127 3143 tuiti
2181 3097 2312 3142 sunt
2367 3096 2619 3142 sanctum
2679 3087 2965 3143 adducunt
3025 3086 3230 3140 Lucam
3279 3103 3292 3138 :
3350 3085 3596 3138 eamdem

2001 3177 2145 3232 enim
2173 3178 2366 3233 dicunt
2395 3179 2682 3233 historiam
2724 3178 3030 3233 tradentem
3067 3176 3170 3231 fari
3210 3193 3223 3229 :
3266 3194 3285 3226 ‹
3326 3177 3392 3230 Ει
3422 3176 3598 3229 turba:

2002 3269 2354 3337 requirebant
2381 3285 2532 3333 eum,
2568 3278 2624 3324 et
2656 3277 2926 3324 venerunt
2967 3269 3032 3323 ad
3060 3283 3186 3322 eum
3215 3275 3270 3322 et
3299 3273 3596 3322 tenuerunt

2936 3379 2954 3412 ι
2993 3361 3084 3430 qui
3118 3369 3297 3414 autem
3328 3372 3382 3413 ct
3411 3359 3594 3413 diver—

2004 3471 2120 3510 sam
2150 3453 2510 3524 pronuntiant
2553 3454 2838 3509 historiam
2875 3468 3036 3523 quam
3065 3452 3326 3508 divinitus
3357 3453 3590 3520 loquens

2003 3547 2264 3602 describit
2315 3546 2498 3601 Lucas
2551 3545 2622 3601 ab
2678 3560 2742 3600 ea
2793 3560 2956 3615 quam
3018 3544 3238 3599 divinus
3304 3543 3594 3597 annuntiat

2003 3639 2258 3706 Marcus,
2315 3640 2372 3694 in
2430 3639 2658 3696 alterius
2724 3638 3110 3694 elucidationis
3175 3638 3587 3710 inquisitionem

2007 3734 2363 3788 transierunt.
2400 3732 2618 3788 Etenim
2669 3731 2862 3788 dicunt
2896 3751 2910 3788 :
2940 3732 3043 3787 llic
3075 3731 3298 3801 quidem
3333 3731 3386 3785 in
3426 3731 3594 3786 domo

2003 3835 2122 3881 erat
2146 3825 2330 3890 Jesus,
2363 3835 2418 3881 et
2470 3826 2585 3896 ipse
2617 3825 2835 3881 discens
2865 3824 3048 3880 divina
3087 3833 3143 3880 et
3177 3833 3366 3879 curata
3410 3824 3590 3890 turba,

2006 3925 2058 3973 et
2088 3933 2269 3988 neque
2298 3918 2664 3974 manducandi
2700 3933 2898 3988 panem
2930 3932 3040 3987 prae
3066 3917 3432 3972 continuitate
3473 3933 3592 3972 mo-

2006 4007 2177 4062 lestize
2233 4007 2551 4079 praahebant
2592 4007 3060 4077 opportunitatem
3121 4021 3136 4060 :
3189 4015 3245 4059 et
3293 4006 3386 4076 qui
3434 4005 3594 4075 juxta

2006 4099 2156 4153 illum
2188 4100 2444 4154 exierunt
2478 4108 2537 4154 ut
2582 4106 2832 4154 tenerent
2859 4113 3008 4163 eum,
3050 4108 3105 4152 et
3155 4112 3280 4151 cum
3313 4099 3594 4151 venissent

2005 4207 2182 4262 usque
2233 4191 2300 4246 ad
2347 4205 2496 4256 eum,
2529 4189 2849 4246 detinebant
2879 4188 3029 4242 illum
3062 4204 3133 4244 ne
3179 4190 3486 4244 discederet
3523 4193 3592 4243 ab

2006 4282 2141 4352 ipsis
2175 4299 2190 4336 :
2227 4281 2549 4337 narratione
2580 4280 2769 4351 igitur,
2797 4280 2974 4346 aiunt,
3009 4279 3304 4337 discrimen
3336 4279 3593 4344 habente,~

2005 4374 2284 4447 Quomodo
2339 4374 2540 4445 poterit
2568 4372 2674 4427 dici
2717 4373 2785 4427 de
2813 4372 3003 4426 eadem
3039 4371 3267 4426 materia
3299 4381 3592 4442 utrumque

2005 4467 2196 4540 agere?
2217 4465 2322 4522 Sed
2343 4463 2643 4536 potestdici
2675 4463 2741 4518 ad
2765 4465 2934 4534 ipsos,
2963 4464 3068 4518 etsi
3097 4465 3311 4520 diversa
3333 4464 3589 4528 historia,

2005 4569 2188 4615 tamen
2240 4558 2472 4614 revelari
2512 4566 2566 4613 et
2606 4557 2875 4612 declarari
2914 4556 2983 4611 ad
3022 4555 3235 4612 facilem
3287 4557 3594 4627 intelligem-

2007 4654 2135 4707 tiam
2173 4665 2271 4721 per
2292 4649 2640 4706 manifestam
2671 4663 2793 4704 eam
2826 4663 2946 4719 qua:
2973 4649 3231 4720 ambigua
3263 4648 3372 4703 sit:
3406 4660 3592 4703 osten-

1933 4725 1978 4782 Π
2007 4743 2170 4798 dente
2205 4740 2298 4796 illa
2349 4741 2582 4796 detineri
2612 4747 2668 4794 et
2712 4737 2882 4794 teneri
2921 4737 2976 4792 in
3016 4754 3125 4808 quo
3157 4747 3275 4792 erat
3310 4736 3503 4809 [loco],
3536 4747 3593 4793 et

2008 4849 2076 4887 ne
2104 4832 2392 4888 desisteret
2431 4831 2500 4885 ab
2527 4831 2608 4885 cis
2640 4840 2694 4885 et
2719 4827 3022 4892 recederet,
3061 4838 3116 4883 et
3140 4827 3591 4898 concupiscentes

2008 4923 2184 4992 ipsius
2234 4921 2557 4991 magistram
2603 4920 3103 4984 conversationem,
3152 4929 3208 4972 et
3257 4918 3591 4973 mirabilinm

2006 5031 2230 5086 operum
2283 5015 2615 5068 delectantes
2661 5011 2922 5067 fruitioue
2958 5011 3101 5083 [eos]
3140 5011 3432 5066 meditatos
3468 5023 3594 5066 esse

2005 5106 2172 5179 [ejus]
2219 5107 2590 5161 detentionem
2618 5123 2630 5158 :
2658 5105 2861 5158 etenim
2891 5119 3035 5173 saepe
3066 5103 3410 5173 relinquebat
3446 5105 3590 5157 hunc

2004 5199 2182 5254 locum
2237 5205 2448 5252 amator
2495 5197 2778 5250 hominum
2821 5193 2982 5251 Jes'us
3029 5203 3084 5250 et
3115 5196 3345 5249 moleste
3376 5194 3590 5248 incum-

2005 5290 2197 5345 bentes
2258 5290 2311 5343 in
2345 5305 2410 5342 eo
2442 5289 2510 5343 de
2553 5289 2753 5353 turbis,
2792 5288 2842 5342 in
2873 5288 3010 5342 alios
3039 5302 3160 5341 eam
3195 5285 3363 5359 [quas]
3406 5301 3435 5339 a
3485 5287 3589 5340 do-

2005 5383 2181 5438 ctrina
2235 5391 2289 5438 et
2325 5382 2506 5436 divina
2560 5383 2875 5451 operatione
2920 5379 3079 5452 [erat]
3129 5379 3466 5434 transferens
3500 5395 3588 5433 sa-

2007 5475 2173 5530 lutem
2212 5494 2226 5530 :
2258 5485 2496 5529 attamen
2549 5476 2603 5529 hi
2660 5475 2792 5528 illud
2825 5493 2844 5524 ‹
2883 5484 2942 5526 ιιι
2976 5482 3224 5526 tenerent
3269 5487 3394 5527 eum
3433 5490 3451 5522 ι
3491 5486 3588 5541 pro

2012 5587 2030 5619 ‹
2068 5569 2321 5622 cohibere
2347 5583 2472 5621 eum
2507 5585 2534 5621 a
2559 5567 2791 5620 dicendo
2847 5575 2901 5620 et
2952 5566 3198 5619 docendo
3250 5585 3268 5617 ι
3315 5574 3533 5619 vertunt
3570 5580 3584 5615 :

2007 5657 2140 5712 illud
2191 5667 2372 5740 autem
2409 5676 2427 5708 ι
2472 5657 2527 5712 in
2577 5655 2818 5711 furorem
2850 5669 3040 5710 versus
3082 5663 3168 5710 cst
3210 5674 3228 5706 ι
3269 5655 3333 5709 ad
3366 5663 3587 5710 natura-ﬁ
