4144 6462
581 317 688 379 379

1738 311 2000 372 PIIOTII
2031 309 2535 370 l’A'l‘RlARCIL‘E
2574 311 2683 370 ΟΡ.

3731 315 3828 380 380

583 429 714 481 lium
766 429 962 481 virium
994 426 1408 482 ctdemitlentis
1440 443 1500 482 se
1545 427 1939 498 dispositionis,
1988 441 2150 497 quam

2273 425 2332 494 ἣν
2351 427 2398 478 οἱ
2431 424 2590 478 κόποι
2624 423 2906 494 προξενεῖν
2956 423 3208 476 εἰώθασιν
3265 424 3542 488 ἔκστασιν,
3579 427 3829 497 τοιαύτην

584 520 798 574 labores
823 517 1018 573 afferre
1045 518 1224 573 solent
1258 520 1548 584 exstasim,
1581 519 1720 573 hanc
1759 519 2164 591 interpretatio-

585 626 708 665 nem
764 609 1043 663 adducunt
1090 627 1103 662 :
1148 608 1506 663 diuturnitate
1543 612 1693 663 aiunt
1726 617 1779 663 et
1809 611 2164 666 continuitate

584 701 846 755 doctrina:
897 701 1159 768 putabant
1190 701 1282 770 qui
1307 700 1463 769 juxta
1496 700 1672 769 ipsum
1723 700 1924 773 [erant]
1975 702 2026 755 in
2063 703 2164 755 im-

585 807 836 846 mensum
889 791 1185 846 oll‘endisse
1235 793 1498 855 laborem,
1555 791 1654 864 [et]
1714 793 1892 847 vitalis
1945 793 2057 847 teni
2111 801 2165 849 et

589 883 844 954 ingenitae
877 884 1096 938 virtutis
1145 884 1196 938 id
1229 885 1486 939 exstasim
1526 895 1580 939 ct
1622 885 1993 939 inlirmitatem
2029 885 2164 939 inci-

583 974 731 1029 disse
768 992 781 1028 :
812 972 956 1043 quod
981 973 1128 1027 enim
1162 972 1236 1025 illi
1291 973 1500 1042 experti
1536 973 1677 1026 forte
1706 982 1861 1026 erant
1909 987 2164 1042 persevc-

583 1066 757 1119 rantia
810 1075 865 1118 et
894 1063 1117 1132 perenni
1149 1062 1446 1117 auditionis
1491 1078 1555 1117 ac
1601 1061 1969 1116 multitudinis
2015 1075 2164 1114 com-

585 1154 868 1223 pressione
885 1161 936 1207 et
953 1153 1209 1218 tumultu,
1243 1151 1296 1206 id
1314 1162 1594 1219 expertum
1625 1168 1745 1207 esse
1762 1159 1816 1205 et
1844 1151 2160 1219 magistrum

586 1246 1006 1315 suspicabantur
1057 1259 1070 1296 :
1128 1245 1250 1300 ideo
1298 1253 1352 1299 et
1399 1245 1492 1313 qui
1537 1244 1689 1314 juxta
1739 1243 1887 1298 illum
1936 1241 2161 1312 [crant],

587 1341 759 1403 aiunt,
801 1339 854 1394 id
904 1348 1007 1404 est,
1047 1339 1136 1408 qui
1187 1339 1252 1393 ad
1309 1337 1485 1407 ipsum
1544 1336 1866 1392 familiarius
1909 1335 2159 1406 dispositi

587 1432 810 1504 [erant],
839 1433 1092 1491 exierunt
1120 1441 1180 1486 ut
1223 1431 1528 1486 detinerent
1573 1447 1696 1486 cum
1729 1433 1885 1501 quasi
1933 1431 2157 1484 mullum

587 1526 706 1594 ejus
760 1541 948 1580 curam
997 1533 1218 1596 agentes
1265 1534 1325 1579 ut
1380 1525 1773 1593 providentiam
1824 1523 2163 1577 remissionis

586 1616 706 1683 ejus
735 1624 788 1668 et
829 1614 1074 1667 laborum
1126 1612 1566 1676 intermissionis,
1629 1620 1688 1666 ut
1739 1627 1771 1664 a
1822 1609 2164 1663 multitudine

589 1707 849 1775 magistro
879 1706 1075 1769 diviso,
1129 1705 1309 1759 cibum
1369 1715 1421 1758 et
1466 1705 1568 1757 alia
1627 1702 1933 1757 necessaria
1963 1701 2162 1771 quibus

587 1811 786 1865 corpus
827 1810 856 1848 a
905 1795 1182 1850 laboribus
1227 1794 1474 1861 solvitur,
1527 1793 1874 1863 praeberent:
1917 1791 2164 1846 exierunt
2199 1775 2234 1826 Β

593 1899 773 1942 autem
813 1886 950 1942 forte
977 1903 1006 1942 e
1039 1887 1272 1958 quodam
1305 1896 1429 1956 apto
1451 1886 1516 1940 a'l
1544 1887 1778 1955 quietem
1809 1893 1863 1938 et
1892 1883 2165 1953 tranquil-

593 1980 793 2033 litatem
821 1979 962 2045 loco,
999 1979 1064 2031 ad
1099 1992 1259 2047 quem
1312 1978 1522 2030 ivrrant
1555 1977 1766 2044 scipsos
1811 1973 2109 2029 recreaturi
2145 1987 2160 2024 :

590 2071 727 2127 alter
768 2071 932 2140 igitur
963 2085 1141 2126 sermo
1176 2085 1206 2123 a
1237 2070 1417 2140 priore
1457 2085 1565 2124 non
1599 2069 1809 2140 positus
1841 2067 1920 2122 sic
1954 2066 2163 2121 discer—

590 2164 670 2217 nit
706 2162 1080 2232 evangelicum
1113 2161 1417 2216 oraculum.

663 2339 804 2394 Sunt
848 2352 976 2393 vero
1014 2337 1106 2407 qui
1159 2335 1225 2391 ad
1259 2333 1566 2390 Iudaeorum
1604 2335 1926 2405 pravitatem
1965 2343 2016 2389 et
2048 2333 2166 2388 bla-

588 2430 876 2499 sphemum
903 2440 953 2483 et
978 2427 1437 2497 indisciplinatum
1475 2427 1766 2499 [habitum]
1791 2427 2163 2496 respicientes,

589 2518 746 2582 illud,
781 2537 800 2569 ι
827 2519 878 2571 in
909 2516 1146 2572 lurorem
1171 2532 1361 2571 versus
1382 2527 1484 2580 est,
1502 2535 1519 2567 ι
1542 2516 1694 2584 juxta
1710 2517 2042 2586 propositum
2065 2532 2132 2570 au
2149 2546 2164 2556 -

587 2609 779 2672 diunt,
832 2609 882 2662 id
941 2617 1058 2669 est.
1134 2608 1336 2661 mentis
1393 2622 1679 2661 excessum
1741 2606 1927 2660 habuit
1970 2615 2023 2660 et
2071 2605 2166 2659 de-

589 2696 712 2751 vius
757 2711 787 2750 a
821 2695 1119 2750 constituto
1164 2693 1338 2748 factus
1375 2703 1455 2748 est
1495 2713 1508 2747 :
1545 2693 1745 2747 ctenim
1807 2694 1912 2748 tale
1949 2693 2164 2748 Jndazo-

593 2804 714 2844 rum
769 2786 952 2843 odium
1004 2787 1058 2840 in
1115 2785 1435 2852 Christum,
1489 2794 1550 2838 ut
1604 2799 1795 2840 omnes
1845 2784 2072 2854 injurias
2115 2793 2162 2838 et

593 2875 898 2934 calumnias
938 2876 1144 2946 lingere
1188 2881 1379 2930 contra
1433 2875 1772 2929 Salvatorem
1817 2889 1924 2930 non
1978 2875 2164 2931 horre-

594 2977 716 3023 rent
746 2986 760 3022 :
793 2967 992 3022 etenim
1025 2965 1229 3020 invidia
1262 2968 1483 3020 omnino
1517 2975 1567 3020 et
1599 2967 1715 3020 zelo
1742 2965 1986 3020 furentes
2019 2978 2072 3021 et
2098 2967 2167 3021 ab

597 3058 996 3127 insanientibus
1029 3057 1165 3112 nihil
1189 3057 1585 3128 discrepantes,
1614 3066 1667 3112 et
1691 3072 1750 3112 re
1777 3071 1900 3111 vera
1941 3056 2166 3126 ingeniti

2264 511 2559 582 ἑρμηνείαν
2582 512 2936 581 προσάγουσι.
2959 508 3051 579 Τῷ
3074 508 3274 578 χρόνῳ,
3297 509 3451 578 φασὶ,
3486 510 3581 563 καὶ
3606 513 3672 582 τῇ
3707 529 3827 565 συν-

2265 603 2415 674 εχείᾳ
2450 604 2547 672 τῆς
2621 601 2974 666 διδασκαλίας
3040 600 3292 670 ἐνόμιζον
3352 603 3401 654 οί
3468 604 3599 674 παρ’
3668 605 3827 659 αὑτοῦ

2264 697 2344 759 είς
2411 695 2651 766 ἄμετρον
2732 695 3143 763 καταντήσαντα
3213 691 3422 757 κόπον,
3513 692 3608 745 τοῦ
3659 693 3831 756 ζωτι-

2264 785 2362 838 κοῦ
2417 784 2575 837 τόνου
2636 786 2730 838 καὶ
2791 783 2891 854 τῆς
2941 785 3186 854 ἐμφύτου
3265 784 3550 854 δυνάμεως
3604 788 3683 848 εἰς
3748 787 3832 841 ἔκ-

2266 877 2454 929 στασίν
2507 893 2566 928 τε
2649 875 2744 929 καὶ
2822 875 3108 929 ἀσθένειαν
3157 877 3451 946 ἐμπεσεῖνο
3536 877 3673 949 ὅπερ
3731 880 3830 950 γὰρ

2263 968 2463 1020 ἐκεῖνοι
2529 967 2858 1030 πεπονθότες
2919 968 3049 1029 ἴσως
3123 967 3420 1044 ἐτύγχανον
3479 970 3548 1039 τῇ
3602 971 3825 1042 ἐπιμονῇ

2265 1058 2360 1112 καὶ
2413 1057 2492 1128 τῷ
2539 1058 2750 1128 άεννάῳ
2792 1059 2892 1127 τῆς
2945 1059 3262 1130 ἀκροάσεως
3316 1060 3408 1112 καὶ
3457 1062 3522 1129 τῇ
3569 1059 3660 1112 τοῦ
3706 1060 3832 1130 πλή-

2267 1149 2392 1211 θους
2462 1149 2761 1219 συνωθήσει
2814 1150 2908 1202 καὶ
2953 1149 3032 1218 τῷ
3081 1149 3316 1218 θορύϐῳ,
3351 1148 3509 1211 τοῦτο
3536 1149 3722 1202 παθεῖν
3747 1149 3834 1204 καὶ

2265 1240 2354 1293 τὸν
2383 1239 2698 1294 διδάσκαλον
2746 1239 3120 1302 ὑπετόπαιίῖον⁸
3161 1240 3354 1292 διὸκαὶ
3401 1241 3449 1292 οί
3512 1240 3642 1310 παρ’
3679 1240 3831 1294 αὐτοῦ

2265 1348 2449 1400 φασιν,
2492 1331 2769 1384 τουτέστιν
2820 1331 2870 1383 οί
2913 1331 3048 1402 πρὸς
3072 1331 3234 1383 αὑτὸν
3259 1331 3588 1398 οἰκειότερον
3640 1331 3834 1384 διακείά

2268 1435 2452 1488 μενοι·
2491 1419 2743 1488 Ἐξῆλθον
2789 1423 3082 1490 κατασχεῖν
3110 1420 3270 1473 αὑτὸν
3309 1420 3382 1482 ὡς
3445 1419 3643 1489 πολλὴν
3681 1419 3833 1472 αὐτοῦ

2262 1510 2361 1580 τὴν
2403 1509 2727 1581 κηδεμονίαν
2780 1511 2992 1579 ἔχοντες
3024 1513 3115 1564 καί
3143 1512 3397 1581 πρόνοιαν
3455 1512 3552 1580 τῆς
3613 1510 3834 1574 ἀνέσεως

2263 1599 2427 1654 αὐτοῦ
2469 1601 2560 1653 καὶ
2609 1601 2708 1668 τῆς
2771 1600 2879 1652 τῶν
2935 1601 3119 1654 κίπων
3154 1601 3473 1666 διαλύσεως,
3511 1602 3586 1664 ὡς
3633 1603 3697 1655 ἂν
3747 1599 3833 1654 τοῦ

2267 1689 2502 1760 πλήθους
2532 1690 2623 1743 τὸν
2651 1690 2968 1744 διδάσκαλον
2999 1690 3410 1761 διαστήσαντες,
3437 1693 3644 1763 τροφῆς
3659 1709 3718 1744 τε
3751 1691 3836 1744 καὶ

2267 1781 2364 1850 τῆς
2415 1781 2581 1851 ἄλλης
2641 1783 2985 1852 ἐπιμελείας,
3016 1784 3084 1836 δι’
3133 1779 3207 1838 ὧν
3255 1784 3316 1837 τὸ
3371 1785 3530 1855 σῶμα
3589 1785 3836 1854 καμάτων

2271 1872 2711 1936 ἀπαλλάττεται,
2763 1873 3165 1942 μεταδώσουσιν
3187 1891 3200 1904 '
3233 1874 3457 1944 ἐξῆλθον
3505 1874 3559 1926 δὲ
3590 1874 3717 1937 ἴσως
3740 1874 3836 1926 ἀπό

2269 1979 2414 2025 τινος
2431 1963 2733 2032 ἐπιτηδείου
2754 1964 2888 2034 πρὸς
2907 1965 3321 2019 ἀνάπαυσινκαὶ
3339 1965 3569 2036 ἡσυχίαν
3588 1965 3766 2027 τόπου,
3787 1968 3836 2020 ἐν

2270 2049 2315 2124 ᾧ
2361 2055 2604 2126 ἀπῆλθον
2649 2057 2878 2121 ἑαυτοὺς
2901 2059 3307 2130 ἀνακτήσασθαι
3329 2078 3341 2090 ·
3375 2061 3401 2112 ὁ
3428 2061 3527 2129 μὲν
3556 2057 3646 2113 οῦν
3669 2059 3837 2113 δεύτε-

2275 2166 2364 2219 ρος
2397 2149 2552 2218 λόγος
2578 2149 2657 2220 τῷ
2682 2152 2936 2222 προτέρῳ
2984 2151 3060 2224 μὴ
3090 2152 3392 2222 τιθέμενος,
3438 2152 3584 2206 οὕτω
3605 2151 3837 2223 βούλεται

2271 2241 2594 2314 διευκρινεῖν
2613 2244 2673 2296 τὸ
2701 2245 3056 2314 εύαγγελικὸν
3087 2245 3287 2313 λόγιον.

2345 2335 2464 2387 Εἰσὶ
2490 2335 2547 2388 δὲ
2570 2335 2621 2388 οἳ
2644 2335 2779 2405 πρὸς
2794 2337 2892 2405 τὴν
2921 2335 3028 2389 τῶν
3045 2337 3311 2390 Ἰουδαίων
3338 2337 3642 2410 μοχθηρίαν
3665 2339 3754 2392 καὶ
3782 2338 3837 2390 τὸ

2277 2425 2598 2497 βλάσφημόν
2647 2444 2704 2479 τε
2767 2427 2862 2480 καὶ
2919 2428 3249 2499 κακόσχολον
3308 2430 3710 2500 ἀποϐλέψαντες
3761 2429 3835 2494 τὸ,

2283 2538 2301 2570 ι
2330 2519 2542 2592 ἐξέστη,
2576 2538 2592 2570 ι
2620 2520 2759 2573 κατὰ
2785 2520 2843 2572 τὸ
2871 2521 3158 2593 πρόχειρον
3207 2521 3546 2588 ἐξακούουσι,
3587 2521 3834 2588 τουτέστι,

2273 2611 2382 2665 τῶν
2415 2611 2625 2682 φρενῶν
2650 2612 2904 2665 ἔκστασιν
2930 2612 3055 2682 ἔσχε
3087 2615 3181 2667 καὶ
3211 2614 3529 2686 παράφορος
3582 2613 3674 2666 τοῦ
3724 2613 3838 2667 καθ-

2275 2703 2507 2766 εστῶτος
2535 2703 2748 2771 ἐγένετο
2768 2715 2782 2733 ⁸
2812 2704 2897 2758 καὶ
2933 2705 3041 2775 γὰρ
3061 2703 3298 2758 τοιοῦτον
3347 2706 3453 2758 τῶν
3500 2705 3759 2759 Ἰουδαίων
3781 2704 3836 2756 τὸ

2278 2793 2647 2864 μισόχριστον,
2700 2793 2878 2858 πάσας
2899 2793 3082 2866 ὕϐρεις
3106 2796 3197 2847 καὶ
3219 2795 3473 2859 διαδολάς
3493 2795 3837 2850 ἀναπλάττειν

2275 2884 2416 2938 κατὰ
2447 2884 2541 2936 τοῦ
2568 2884 2818 2956 Σωτῆρος
2847 2885 2907 2938 οὐ
2938 2887 3249 2958 φρίττοντες
3269 2901 3282 2914 ·
3322 2887 3400 2957 τῷ
3426 2888 3537 2958 γὰρ
3567 2885 3738 2956 φθόνῳ
3759 2883 3838 2937 διὰ

2275 2975 2477 3040 παντὸς
2497 2976 2592 3029 καὶ
2612 2980 2676 3047 τῇ
2710 2977 2980 3049 βασκανίᾳ
3011 2978 3501 3048 ἀνοιστρούμενοι,υ
3530 2977 3623 3032 καὶ
3677 2991 3840 3046 μεμη-

2276 3068 2446 3122 νότων
2491 3069 2645 3122 ούδέν
2696 3069 3067 3140 διαφέροντες,
3114 3070 3210 3124 καὶ
3253 3069 3328 3134 ὡς
3383 3069 3600 3141 ἀληθῶς
3641 3068 3728 3122 τοῦ
3751 3068 3841 3136 ἐμ-

589 3152 785 3224 judicii
819 3165 1088 3206 summam
1138 3149 1288 3220 passi
1318 3152 1600 3213 exstasim,
1652 3150 1928 3219 propriam
1958 3150 2172 3219 passio»

2278 3160 2446 3230 φύτου
2479 3161 2763 3232 κριτηρίου
2913 3129 3151 3232 ἐσχάτην
3199 3129 3536 3222 ὑποστάντες
3578 3129 3837 3220 ἐκστασιν,

593 3259 718 3298 nem
764 3240 1156 3315 [affectionem]
1207 3241 1263 3295 in
1317 3255 1441 3295 eum
1490 3241 1584 3311 qui
1647 3243 1851 3298 multos
1897 3257 1928 3296 a
1976 3241 2174 3298 talibus

593 3335 803 3390 morbis
863 3333 1208 3398 liberaverat,
1242 3331 1561 3401 rejiciebant
1593 3348 1606 3384 :
1643 3333 1741 3403 ipsi
1787 3334 1958 3396 enim,
1991 3333 2175 3388 divina

594 3427 866 3499 aperanti,
903 3441 1023 3495 quae
1058 3439 1222 3494 super
1257 3440 1566 3480 sermonem
1597 3433 1652 3480 et
1681 3426 2089 3493 cogitationem,
2121 3425 2176 3480 id

595 3520 745 3591 quod
781 3531 976 3574 contra
1007 3517 1171 3572 Deum
1206 3526 1287 3572 est
1318 3516 1671 3588 imputantes,
1703 3516 1846 3585 quod
1876 3515 2174 3572 Sabbatum

597 3613 744 3668 diem
797 3612 992 3667 salutis
1040 3621 1095 3665 et
1130 3611 1524 3666 miraculorum
1582 3611 1780 3666 festum
1829 3610 2179 3667 demonstra-

597 3713 704 3768 ret,
745 3713 799 3759 et
844 3704 1149 3758 daemonum
1186 3703 1356 3757 verbo
1393 3703 1708 3773 ﬁgmentum
1744 3703 1988 3759 videntes
2023 3703 2176 3759 aufe-

598 3808 834 3859 rentem,
888 3797 941 3850 in
982 3796 1226 3866 principe
1279 3795 1678 3851 daemoniorum
1735 3797 2177 3866 blasphemantes

601 3887 781 3958 ipsum
815 3887 1013 3955 ejicere
1057 3885 1347 3950 daemonia,
1390 3903 1499 3942 non
1541 3888 1931 3942 continentiam
1985 3895 2039 3942 et
2081 3903 2178 3957 pa-

603 3978 849 4033 tientiam
878 3977 1124 4033 docentis
1151 3987 1204 4033 et
1238 3979 1484 4034 curantis
1513 3979 1703 4034 turbas
1738 3994 1844 4034 non
1872 3978 2037 4034 modo
2069 3995 2175 4032 non

602 4067 872 4123 ducebant
898 4068 1076 4122 audax
1101 4069 1299 4124 mentis
1329 4070 1590 4126 exstasim
1632 4069 1944 4125 insimulare
1983 4079 2036 4124 et
2063 4069 2180 4123 bla-

603 4162 952 4232 sphemorum
1006 4161 1298 4216 verborum
1350 4169 1512 4217 testes
1539 4161 1754 4230 facere,
1803 4161 2069 4218 violentas
2121 4163 2176 4216 in

601 4269 725 4308 eum
755 4262 810 4307 et
843 4255 1079 4307 audaces
1105 4251 1448 4307 intendentes
1485 4268 1682 4309 manus
1716 4272 1728 4308 :
1764 4262 1819 4306 at
1846 4253 1917 4306 ita
1957 4254 2175 4322 quidem

601 4344 692 4399 isti
716 4342 904 4399 dicunt
924 4342 1058 4395 nihil
1085 4343 1366 4397 sententiae
1387 4341 1627 4410 ipsorum
1653 4357 1974 4411 repugnare,
2003 4356 2180 4412 neque

600 4436 754 4499 illud,
805 4435 1058 4489 exierunt
1083 4434 1176 4502 qui
1207 4435 1362 4504 juxta
1411 4435 1559 4489 illum
1593 4433 1795 4506 [erant]
1823 4442 1880 4488 ut
1932 4443 2176 4488 tenerent

597 4541 726 4582 eum
761 4542 776 4579 :
808 4526 1008 4579 ctenim
1064 4541 1242 4595 neque
1281 4527 1518 4595 putatitii
1561 4526 1758 4580 fratres
1795 4527 2011 4595 ipsimet
2046 4541 2175 4595 erga

599 4632 726 4674 cum
774 4615 1114 4671 familiariter
1144 4626 1200 4671 et
1226 4619 1314 4686 pio
1343 4633 1506 4671 sensu
1554 4615 1802 4685 dispositi
1836 4624 1994 4671 erant
2031 4634 2046 4671 :
2083 4618 2178 4670 sed

600 4717 656 4764 et
705 4709 784 4763 illi
848 4707 1386 4773 scandalizabantur,
1437 4707 1722 4762 Judaieam
1779 4706 2055 4761 vesaniam
2111 4723 2176 4761 ex

600 4801 819 4856 illorum
846 4802 1262 4857 conversatione
1284 4810 1336 4855 et
1365 4801 1619 4854 convictu
1654 4815 1762 4853 non
1792 4809 2177 4870 expurgantcs,

602 4893 806 4948 multas
853 4894 1054 4964 saepius
1103 4894 1158 4948 in
1188 4892 1456 4963 principio
1495 4893 1797 4962 praebentes
1844 4908 2007 4947 ansas
2051 4908 2178 4960 erga

603 5001 732 5042 eum
779 4986 1088 5042 difﬁdentia:
1119 5004 1135 5042 :
1167 4994 1223 5042 et
1251 4985 1424 5040 nihilo
1464 5001 1573 5054 pra:
1605 4985 1728 5039 aliis
1757 4984 1959 5039 Judaais
1988 4985 2183 5039 melio-

603 5092 719 5131 rem
748 5077 1162 5147 dispositionem
1193 5079 1589 5142 demonstrare,
1618 5076 1720 5129 etsi
1745 5085 1866 5144 post
1889 5076 2004 5131 haec
2038 5092 2184 5130 mar-

605 5170 732 5242 tyrii
789 5170 1183 5225 certaminibus
1233 5169 1444 5238 seipsos
1485 5170 1855 5236 recuperarint
1903 5189 1917 5223 :
1955 5178 2008 5223 et
2052 5167 2182 5222 Jesu

606 5260 945 5316 divinitatem
977 5274 1141 5328 quam
1185 5259 1336 5327 prius
1381 5273 1555 5328 neque
1588 5259 1768 5326 lingua
1801 5259 2179 5323 admittebant,

607 5350 873 5419 sanguine
900 5359 954 5405 et
993 5349 1458 5404 immolationibus
1491 5350 1821 5406 omnimodis
1847 5352 2183 5420 praedicave-

608 5442 738 5496 rint.
785 5441 898 5510 Ego
925 5457 1051 5496 vero
1084 5441 1446 5497 scandalizari
1476 5443 1693 5512 quidem
1741 5444 2024 5512 putatitios
2073 5443 2196 5497 frar

611 5541 720 5587 tres
745 5534 799 5587 in
834 5533 1118 5588 Salvatore
1160 5542 1348 5587 etnon
1381 5531 1492 5587 Deo
1512 5533 1729 5601 dignata
1766 5533 2078 5601 opinionem
2131 5535 2182 5585 in

613 5623 882 5694 principio
919 5624 1118 5678 habere
1153 5627 1218 5680 de
1252 5624 1364 5690 illo,
1398 5632 1620 5694 propter
1652 5623 2030 5678 indumentum
2058 5640 2183 5678 car-

615 5716 696 5771 nis
726 5727 781 5773 ct
814 5734 979 5790 supra
1009 5733 1231 5776 sensum
1283 5717 1829 5775 condcsccndcntiam
1861 5716 2022 5775 Verbi
2056 5733 2180 5774 cum

2275 3251 2336 3306 τὺ
2359 3253 2557 3306 οἰκεῖον
2580 3251 2752 3313 πάθος
2789 3253 2867 3316 είς
2892 3251 2982 3306 τὸν
3024 3251 3251 3314 πολλοὺς
3280 3250 3389 3304 τῶν
3412 3249 3667 3303 τοιούτων
3693 3263 3840 3315 νοση-

2278 3341 2464 3412 μάτων
2513 3339 2922 3405 ἀπαλλάξαντα,
2954 3340 3358 3411 ὲναπέρῤιπτον
3379 3355 3394 3372 ο
3429 3340 3480 3392 ot
3528 3339 3636 3410 γὰρ
3667 3337 3840 3408 θεουρο

2275 3429 2462 3498 γοῦντι
2485 3428 2554 3482 τὰ
2602 3429 2743 3501 ὑπὲρ
2775 3429 2932 3498 λόγον
2965 3428 3061 3483 καὶ
3113 3429 3318 3482 ἔννοιαν
3359 3427 3421 3482 τὸ
3448 3428 3692 3482 ἀντίθεον
3728 3428 3841 3480 ἐπι-

2277 3522 2630 3594 φημίζοντες,
2656 3522 2791 3576 διότι
2819 3522 2880 3575 τὸ
2900 3521 3180 3576 Σάόὅατον
3211 3521 3430 3592 ἡμέραν
3460 3519 3731 3591 σωτηρίας
3753 3517 3841 3572 καὶ

2279 3614 2574 3688 θαυμάτων
2630 3612 2822 3686 ἑορτὴν
2851 3614 3218 3678 ἐπεδείκνυτο,
3259 3612 3349 3666 καὶ
3389 3612 3661 3683 δαιμόνων
3709 3609 3839 3678 λόγῳ

2277 3709 2337 3762 τὸ
2367 3708 2593 3780 πλάσμα
2642 3705 2928 3779 βλέποντες
2970 3705 3403 3771 ἁπαλλάττοντα,
3436 3705 3497 3757 ἐν
3529 3703 3605 3774 τῷ
3634 3703 3839 3774 ἄρχοντι

2279 3801 2388 3856 τῶν
2440 3801 2734 3870 δαιμονίων
2777 3799 3221 3872 βλασφημοῦντες
3268 3797 3432 3852 αὑτὸν
3471 3795 3746 3851 ἐκϐάλλειν
3779 3790 3842 3845 τὲι

2276 3894 2546 3964 δαιμόνια,
2584 3893 2706 3947 οὐδὲ
2743 3893 2843 3964 τὴν
2871 3892 3169 3963 καρτερίαν
3207 3891 3304 3944 καὶ
3339 3891 3436 3962 τὴν
3483 3886 3751 3960 ὑπομονὴν
3779 3883 3841 3936 δι-

2276 3985 2566 4047 δάσκοντος
2598 3986 2694 4039 καὶ
2750 3983 3142 4056 θεραπεύοντος
3182 3985 3308 4048 τοὺς
3357 3982 3572 4054 δχλους,
3597 3976 3841 4050 οὐμενοῦν

2277 4076 2376 4147 οὐχ
2425 4075 2654 4147 ἡγοῦντο
2683 4075 2954 4147 τολμηρὸν
2985 4075 3198 4148 φρενῶν
3228 4076 3490 4129 ἔκστασιν
3507 4071 3838 4144 κατηγορεῖν.

2279 4169 2372 4221 καὶ
2396 4167 2506 4220 τῶν
2539 4166 2876 4238 βλασφήμων
2926 4168 3191 4239 ῥημάτων
3223 4168 3506 4239 μάρτυρας
3543 4165 3732 4227 ποιεῖν,
3752 4159 3840 4221 τὰς

2279 4257 2602 4329 ὑϐριστικὰς
2631 4258 2780 4328 αύτῷ
2809 4259 2905 4310 καὶ
2942 4257 3206 4328 θρασείας
3236 4256 3710 4326 ἐπανατεινόμενος
3735 4251 3838 4321 χεῖ·

2283 4366 2408 4419 ρας·
2447 4349 2562 4402 ἀλλ’
2594 4347 2738 4401 οὓτω
2771 4349 2867 4417 μὲν
2897 4342 3044 4400 οὗτοί
3071 4364 3205 4416 φασι
3235 4347 3399 4418 μηδὲν
3422 4348 3490 4417 τῇ
3521 4344 3643 4414 δόξῃ
3675 4337 3838 4395 αὐτῶν

2279 4438 2665 4510 διαμάχεσθαι,
2711 4439 2844 4509 μηδὲ
2872 4441 2951 4505 τ’),
2990 4438 3241 4510 Ἐξῆλθον
3294 4439 3343 4492 οἱ
3383 4433 3692 4509 παράὺτοῦ
3718 4447 3838 4500 κρα-

2279 4531 2441 4599 τῆσαι
2475 4530 2636 4582 αὐτόν
2660 4546 2673 4560 ο
2730 4530 2824 4583 καὶ
2878 4530 2988 4600 γὰρ
3015 4530 3124 4582 οὐδ’
3169 4531 3218 4581 ot
3259 4527 3602 4598 νομιζόμενοι
3639 4519 3837 4588 ἀδελφοὶ

2279 4623 2388 4676 οὐδ’
2413 4623 2566 4676 αὐτοὶ
2599 4621 2734 4693 πρὸς
2765 4622 2927 4676 αὐτὸν
2947 4622 3164 4684 οἰκείως
3200 4622 3295 4675 καὶ
3322 4618 3720 4690 εύσεσοφρόνως
3767 4611 3836 4665 δι-

2282 4715 2492 4767 έκειντο
2514 4729 2527 4744 ·
2582 4715 2717 4767 ἀλλά
2754 4715 3001 4767 κάκεῖνοι
3035 4712 3502 4778 ἐσκανδαλίζοντο,
3555 4703 3836 4770 Ἰουδαῖκῆς

2280 4805 2674 4877 ἀγνωμοσύνης
2723 4807 2788 4860 ἐκ
2833 4807 2929 4875 τῆς
2977 4804 3114 4876 πρὸς
3146 4804 3343 4867 αὐτοὺς
3384 4797 3720 4872 ἀναστροφῆς
3753 4791 3837 4846 καὶ

2282 4897 2494 4969 διαίτης
2557 4897 2619 4950 οὐ
2685 4896 3106 4968 καθαρεύοντες,
3169 4893 3370 4957 πολλὰς
3426 4891 3680 4949 πολλάκις
3729 4877 3836 4936 κατ’

2282 4991 2457 5061 ἀρχὰς
2487 4991 2863 5060 παρασχόντες
2925 4987 3097 5050 λαῦἀς
3125 4986 3226 5054 τῆς
3256 4988 3337 5049 είς
3370 4985 3531 5040 αὑτὸν
3559 4975 3832 5036 ἀπιστίας)

2283 5080 2377 5133 καὶ
2411 5080 2577 5148 μηδὲν
2610 5080 2719 5132 τῶν
2746 5079 2918 5132 ἄλλων
2961 5077 3227 5130 Ἰουδαίων
3255 5077 3474 5147 ἄμεινον
3504 5074 3600 5143 τὴν
3619 5066 3838 5124 διάθεσιν

2285 5169 2708 5234 ἐπιδείκνυσθαι,
2730 5171 2778 5221 εἰ
2810 5171 2902 5222 καὶ
2936 5167 3074 5233 μετά
3097 5167 3268 5221 ταῦτα
3289 5164 3644 5237 μαρτυρικοῖς
3672 5156 3838 5212 ἄθλοις

2284 5261 2507 5323 ἑαυτοὺς
2533 5260 2930 5314 ἀνεκαλέσαντο
2954 5269 2968 5288 ⁸
3001 5260 3096 5314 καὶ
3125 5260 3225 5332 τὴν
3281 5256 3457 5328 Ἰησοῦ
3511 5254 3732 5320 θεότητα
3777 5243 3836 5313 ἢν

2284 5351 2548 5420 πρότερον
2575 5351 2695 5403 οὐδὲ
2722 5349 2943 5422 γλώσσῃ
2971 5350 3350 5420 παρεδέχοντο,
3394 5342 3691 5416 αἰματικαὶ
3719 5350 3840 5403 σφα·

2284 5446 2407 5511 γαῖς
2436 5445 2600 5496 πᾶσιν
2620 5444 2786 5513 ἀνεκή
2798 5443 2984 5512 ρυξαν.
3033 5441 3173 5511 Ἐγὼ
3195 5442 3251 5495 δὲ
3285 5433 3721 5501 σκανδαλίζεσθαι
3747 5425 3836 5496 μὲν

2283 5535 2414 5598 τοὺς
2442 5535 2795 5605 νομισθέντας
2837 5535 3098 5603 ἀδελφοὺς
3158 5534 3307 5605 παρά
3335 5533 3428 5586 τοῦ
3449 5529 3711 5598 Σωτῆρος,
3753 5515 3833 5570 καὶ

2289 5627 2364 5699 μὴ
2418 5626 2699 5696 θεοπρεπῆ
2758 5626 2856 5696 τὴν
2891 5625 3159 5694 ὑπόληψιν
3193 5625 3312 5678 κατ’
3345 5623 3517 5695 ἀρχάς
3554 5619 3692 5689 ἔχεν
3721 5605 3832 5675 περὶ

2286 5716 2474 5783 αὑτοῦ,
2531 5717 2618 5773 διά
2660 5733 2718 5770 τε
2779 5717 2838 5770 τὺ
2878 5716 3168 5786 πρόϐλημα
3230 5718 3328 5787 τῆς
3383 5712 3580 5785 σαρκὸς
3625 5706 3714 5762 καὶ
3745 5699 3830 5767 τῆς
