4144 6456
276 304 381 373 381
1285 311 1385 370 AD
1448 309 2053 372 AMPIIILOCIIIUM
2106 307 2457 383 QUESTIO
2502 310 2600 370 LI.
3485 301 3593 368 382

277 427 423 501 ὑπὲρ
494 425 624 480 νοῦν
679 426 1141 497 συγκαταϐάσεως
1202 426 1297 481 τοῦ
1362 428 1546 497 λόγου,
1604 428 1684 499 τῷ
1715 446 1895 500 παρα-

2003 427 2443 483 extraordinario
2470 435 2523 481 et
2552 423 2927 496 magnitudine
2953 437 3064 478 non
3093 436 3259 494 posse
3304 422 3467 477 simul
3505 433 3593 477 at-

275 520 416 590 δόξῳ
463 520 558 573 καὶ
630 519 853 591 μεγέθει
922 519 998 590 μὴ
1062 518 1325 572 δύνασθαι
1385 521 1737 590 συνεπαίρειν
1799 522 1894 573 καὶ

2002 522 2186 576 tollere
2217 529 2273 575 et
2318 520 2606 574 sublevare
2658 519 3067 590 cegitationem,
3124 516 3452 572 venerandis
3504 531 3594 571 me

278 607 623 679 συνανυψοῦν
696 609 799 681 τὴν
870 608 1155 672 διάνοιαν,
1216 608 1325 662 τῶν
1406 609 1725 680 σεϐασμίων
1820 625 1887 679 με

278 704 441 758 τοῦτο
473 703 690 771 Λογίων
722 701 1103 765 διδασκόντων,
1144 702 1244 756 οὐκ
1278 702 1498 773 ἀμαθής
1521 704 1637 773 εἰμι
1661 719 1675 733 ’
1706 703 1788 756 ὅτι
1817 701 1874 754 δὲ

284 799 449 870 μέχρι
482 797 676 850 τούτου
705 794 977 867 προῆλθον
1041 795 1366 867 μοχθηρίας,
1399 795 1474 859 ὠς
1500 795 1596 847 καὶ
1625 794 1888 864 δαιμονᾷν

281 892 377 945 καὶ
398 889 684 955 ὲξεστᾶναι
716 888 812 941 καὶ
849 885 1063 958 φρενῶν
1089 886 1401 959 ἀρρωστίαν
1446 885 1613 941 αὐτοῦ
1650 902 1887 955 κατηγο-

287 986 424 1055 ρεῖν,
463 982 561 1053 οὐχ
626 979 829 1053 ὁμοίως
870 978 1119 1035 τίθεσθαι
1179 979 1304 1033 οὐδὲ
1330 981 1634 1051 συγχωρεῖν
1672 974 1785 1041 οἷός
1822 977 1884 1030 τέ

284 1078 423 1143 είμι.

861 1166 1197 1219 ΕΡΩΤΗΣΙΣ
1228 1163 1354 1219 ΝΑ’.

284 1262 445 1315 Διατὶ
472 1260 578 1314 τὸν
600 1260 972 1327 παράδεισον
1008 1260 1349 1328 ἐφύτευσεν
1372 1260 1405 1311 ό
1434 1258 1599 1323 Θεὸς,
1629 1257 1879 1325 μέλλων

458 1332 640 1399 εὐθὺς
672 1331 995 1386 ἐκϐάλλειν
1016 1331 1125 1383 τὸν
1178 1330 1359 1399 Ἀδὰμ
1387 1328 1456 1394 ἐξ
1487 1328 1713 1393 αὑτοῦ;

1995 613 2101 668 hoc
2138 612 2376 667 oraculis
2410 610 2755 675 docentibus,
2806 625 2914 664 non
2968 610 3194 680 ignarus
3224 624 3345 663 sum
3392 625 3405 661 :
3444 608 3593 678 quod

1992 713 2174 759 autem
2204 718 2377 771 usque
2403 716 2467 755 co
2497 700 2770 771 progressi
2806 700 2916 754 sint
2948 699 3223 767 nequitiae,
3254 710 3311 751 ut
3346 708 3399 752 et
3420 712 3449 751 a
3479 698 3593 751 dae-

1992 810 2155 850 mone
2206 795 2294 865 agi
2350 802 2405 850 et
2456 794 2511 847 in
2561 793 2799 846 furorem
2854 805 3073 843 versum
3119 803 3242 843 esse
3272 796 3325 841 et
3376 796 3590 841 mentes

1995 887 2278 942 inﬁrmum
2323 901 2449 941 eum
2482 900 2605 940 esse
2651 881 3042 945 insimularint,
3095 894 3203 934 non
3249 878 3451 949 pariter
3490 893 3590 948 po-

1998 994 2133 1036 nere
2160 994 2265 1036 nec
2296 979 2596 1037 concedere
2618 991 2718 1048 par
2746 990 2889 1031 sum.

2445 1152 2779 1223 QUASSTIO
2809 1153 2875 1207 LI
2916 1152 3014 1225 [αι.
3058 1150 3146 1221 ι,].

2033 1250 2211 1317 Quare
2244 1249 2563 1320 paradisum
2591 1246 2860 1320 plantavit
2888 1240 3345 1320 DeustAdamum
3374 1239 3557 1293 statim

2545 1315 2667 1373 inde
2704 1317 3021 1386 expulsurus
3040 1315 3066 1368 .7

1523 1466 1670 1517 Edita
1710 1479 1736 1514 a
1760 1463 1904 1525 Maio,
1941 1462 1975 1511 l.
2001 1475 2068 1521 c.,
2095 1474 2142 1522 p.
2168 1459 2332 1509 33-55.

358 1578 481 1632 Τῶν
532 1579 631 1650 μὲν
677 1578 1006 1652 ἀπορρήτων
1030 1579 1124 1633 καὶ⁴
1180 1578 1507 1650 κρειττόνων
1538 1579 1572 1650 ἢ
1601 1578 1880 1650 ζητεῖσθαι

2054 1571 2416 1628 lnell‘abilium
2462 1570 2684 1641 quidem
2734 1577 2789 1625 et
2829 1565 3283 1624 excellentiorum
3326 1578 3493 1633 quam
3532 1570 3593 1618 ut

287 1673 385 1726 xui.
438 1671 979 1743 καταλαμβάνεσθαι,
1040 1670 1238 1741 Παύλῳ
1283 1673 1379 1741 μὲν
1429 1672 1525 1725 καὶ
1580 1674 1690 1735 τοῖς
1740 1670 1883 1725 κατά

286 1763 501 1817 Παῦλον
531 1763 665 1834 πρὸς
692 1764 791 1834 τὴν
816 1763 1051 1834 θεωρίαν
1080 1764 1488 1818 ἀνατείνεσθαι*
1528 1761 1651 1815 οὕτε
1680 1763 1882 1816 ἀδύνα-

284 1874 380 1910 τον
405 1856 627 1925 γέγονεν
658 1854 781 1909 οὒτε
829 1855 1131 1928 σφαλερόν·
1160 1857 1273 1909 ὅσοι
1306 1857 1364 1909 δὲ
1431 1855 1509 1926 τῷ
1557 1856 1767 1927 σαρκίῳ
1792 1856 1886 1909 καὶ

286 1947 399 2000 τῶν
442 1945 609 2000 αὑτοῦ
657 1947 979 2018 θελημάτων
1020 1946 1097 2017 τῷ
1138 1947 1295 2018 βάρει
1357 1947 1884 2017 συγκαθελκόμεθα,

287 2041 400 2094 οὐδ’
423 2041 597 2095 ἄλλων
632 2042 766 2110 ἡμῖν
799 2043 957 2111 χεῖρα
988 2040 1375 2111 φιλάνθρωπον
1405 2040 1498 2092 καὶ
1537 2038 1880 2110 χειραγωγὸν

290 2133 709 2203 προτεινόντων,
733 2132 956 2203 ἀσφαλῆ
985 2132 1265 2204 δυνάμεθα
1294 2133 1394 2203 τὴν
1422 2132 1660 2200 ἄγουσαν
1699 2132 1885 2203 τρίϐον

291 2223 429 2295 πρός
446 2242 497 2276 τι
514 2221 840 2294 ὑψηλότερον
860 2225 952 2274 καὶ
976 2221 1116 2293 ὑπὲρ
1141 2222 1289 2292 ἡμᾶς
1312 2219 1666 2289 ποιήσασθαι.
1697 2218 1882 2290 Ταύτῃ

290 2334 376 2369 τοι
402 2318 498 2370 καὶ
531 2316 564 2387 ὴ
605 2314 947 2386 παραίνεσις,
979 2334 996 2367 ‹
1041 2312 1416 2379 Χαλεπώτερά
1448 2329 1543 2365 σου
1594 2311 1668 2382 μὴ
1702 2310 1881 2382 ζήτει,

292 2410 451 2482 φησὶ,
488 2410 581 2463 καὶ
610 2407 952 2480 ίσχυρώτερά
976 2425 1070 2459 σου
1104 2407 1177 2478 μὴ
1210 2405 1428 2473 ἐξέταζε
1451 2422 1466 2436 ο
1514 2426 1532 2457 ι
1567 2404 1708 2475 πλὴν
1738 2404 1886 2458 ἐπεί-

293 2517 403 2571 περ
435 2503 467 2572 ἡ
504 2501 654 2571 πηγὴ
686 2499 788 2568 τῆς
811 2499 1003 2568 σοφίας
1042 2499 1260 2567 καὶτῆς
1301 2497 1658 2567 ἁγαθότητος,
1696 2497 1885 2565 φιλανσ

293 2592 537 2666 θρώποις
589 2594 738 2663 ἡμᾶς
787 2590 1120 2660 ὑποσχέσεσι
1173 2588 1492 2659 δεξιουμένη
1528 2629 1543 2651 ,
1579 2607 1597 2639 ι
1647 2590 1883 2649 Αἰτεῖτε,

296 2684 761 2757 παρεκελεύσατο,
818 2682 912 2736 καὶ
942 2681 1225 2752 δοθήσεται
1288 2683 1415 2752 ὑμῖν
1437 2698 1450 2711 ·
1490 2681 1755 2750 κρούετε,
1792 2680 1887 2734 καὶ

296 2778 667 2845 ἀνοιγήσεται,
690 2796 707 2827 ι
740 2775 913 2847 ταύτῃ
941 2777 1013 2846 τῇ
1045 2773 1348 2845 ἐπαγγελίᾳ.
1382 2775 1479 2844 τῆς
1514 2774 1883 2828 ἐνυποστάτου

296 2868 555 2939 ἀληθείας
587 2865 906 2927 πεποιθότες
936 2865 1029 2917 καὶ
1055 2862 1389 2935 κρούσαντες
1415 2864 1512 2916 κα)⁵
1536 2863 1884 2933 αίτήσαντες,

1992 1666 2346 1735 inquirantur
2376 1676 2429 1719 et
2454 1663 3019 1734 comprehendantur,
3042 1660 3212 1716 Paulo
3248 1668 3302 1715 et
3322 1659 3592 1715 similibus

2001 1757 2159 1813 Pauli
2194 1759 2262 1813 ad
2293 1757 2810 1827 contemplationem
2847 1753 3045 1819 attolli,
3084 1767 3194 1808 non
3248 1751 3591 1822 impossibile

1997 1852 2102 1906 fuit
2141 1866 2319 1920 neque
2360 1850 2634 1905 lubricum
2682 1866 2696 1903 :
2740 1850 3055 1918 quicunque
3096 1856 3278 1901 autem
3326 1860 3495 1900 carne
3537 1853 3593 1899 et

1997 1944 2120 2015 ejus
2152 1943 2497 1999 voluntatum
2534 1942 2774 2013 pondere
2813 1942 2977 1997 simul
3003 1941 3262 1995 deorsum
3294 1939 3587 2002 trahimur,

2007 2054 2076 2092 ne
2123 2038 2245 2093 aliis
2275 2038 2494 2107 quidem
2540 2036 2700 2091 nobis
2730 2050 2953 2089 manum
3004 2034 3323 2089 benevolam
3382 2042 3437 2085 et
3487 2031 3588 2084 du-

1993 2131 2216 2187 ctricem
2246 2130 2724 2202 protendentibus,
2776 2144 3028 2185 securam
3060 2142 3358 2199 possumus
3389 2125 3593 2181 ducen-

1988 2233 2096 2279 tem
2132 2224 2383 2280 semitam
2417 2223 2482 2276 ad
2514 2221 2719 2293 aliquid
2766 2222 3062 2277 sublimius
3117 2229 3171 2275 et
3225 2219 3371 2290 quod
3417 2233 3584 2287 supra

1988 2332 2091 2373 nos
2128 2318 2201 2373 sit
2222 2315 2420 2371 facere.
2445 2315 2628 2382 Quare
2648 2323 2795 2370 certe
2815 2324 2870 2370 et
2892 2313 3218 2378 admonitio,
3244 2330 3262 2363 ι
3288 2311 3590 2367 ditliciliora

1988 2418 2041 2465 te
2091 2424 2159 2464 ne
2205 2408 2506 2478 quaesieris,
2544 2407 2623 2461 ait
2671 2403 3028 2479 [Scriptura],
3062 2412 3116 2459 et
3156 2403 3383 2459 fortiora
3438 2412 3490 2457 te
3521 2418 3591 2456 ne

1990 2501 2192 2571 vestiga
2211 2502 2290 2557 ⁸⁶ι
2324 2520 2343 2554 ι
2372 2500 2463 2557 sed
2488 2500 2749 2571 quoniam
2776 2497 2899 2553 fons
2932 2498 3210 2567 sapientia!
3233 2506 3285 2552 et
3304 2495 3590 2557 bonitatis,

1988 2594 2241 2665 benignis
2271 2608 2373 2648 nos
2429 2590 2894 2662 promissionibus
2944 2588 3150 2661 [quasi]
3205 2588 3396 2643 dextra
3442 2586 3591 2643 exci-

1990 2686 2165 2756 piens,
2196 2705 2215 2738 ι
2242 2686 2425 2752 petite,
2455 2703 2473 2737 ι
2497 2684 2749 2739 hortatus
2772 2692 2877 2748 est,
2908 2696 2929 2734 ‹
2955 2691 3010 2738 et
3033 2681 3253 2736 dabitur
3270 2680 3449 2744 vobis,
3468 2680 3593 2751 pul-

1991 2787 2130 2842 sate,
2179 2785 2235 2832 et
2279 2777 2553 2847 aperietur
2578 2776 2659 2840 ⁸⁷,
2698 2796 2717 2828 ι
2752 2774 2856 2831 hac
2905 2773 3329 2830 annuntiatione
3385 2772 3586 2828 insub—

1994 2870 2267 2925 stantiata:
2311 2868 2559 2925 veritatis
2606 2868 2805 2924 conﬁsi
2849 2877 2903 2924 et
2943 2866 3292 2939 pulsavimus
3345 2873 3401 2920 et
3428 2864 3587 2935 petii-

296 2961 343 3013 εί
370 2934 426 3012 δὲ
455 2958 664 3012 δέδοται
707 2957 801 3010 καὶ
834 2934 1132 3027 ῆνέῳκται,
1166 2955 1400 3028 δηλώσει
1430 2958 1458 3010 ὁ
1493 2956 1670 3025 λόγος.
1706 2958 1891 3027 Φαμὲν

2002 2977 2144 3028 mus,
2183 2977 2313 3017 num
2340 2975 2472 3016 vero
2492 2960 2679 3015 datum
2709 2969 2764 3015 et
2793 2969 3042 3030 apertum
3076 2958 3166 3026 sit,
3196 2958 3599 3014 demonstrabit

295 3053 371 3117 ὡς
397 3054 425 3106 ό
453 3051 587 3114 Θεὸς
640 3050 906 3119 ἐφύτευσε
956 3051 1049 3102 τὸν
1092 3050 1439 3121 παράδεισον,
1483 3051 1543 3102 οὐ
1591 3050 1682 3103 τὸν
1724 3050 1897 3122 Ἀδὰμ

297 3145 512 3199 ἐκεῖθεν
541 3143 703 3206 εὐθὺς
735 3143 944 3214 μέλλων
972 3142 1219 3196 ἐλαύνειν
1266 3158 1281 3172 ο
1312 3143 1435 3195 οὐδὲ
1465 3142 1573 3215 γὰρ
1601 3143 1708 3196 οὐδ’
1734 3143 1893 3214 ἔμελ-

298 3238 393 3291 λεν
432 3236 541 3290 οὐδ’
578 3235 727 3289 ἔθετο
783 3234 987 3289 σκοπόν
1019 3235 1175 3306 χερσὶ
1205 3234 1547 3290 διαπλάττων
1575 3235 1668 3289 τὸν
1699 3235 1894 3305 Ἀδὰμ,

304 3327 403 3380 καὶ
435 3325 763 3395 παράδεισον
802 3325 1149 3396 φυτουργιῶν
1180 3325 1471 3397 ὑπερόριον
1495 3326 1658 3391 εὐθὺς
1688 3326 1898 3381 ἐκεῖθεν

305 3421 502 3479 ποιεῖν,
532 3418 625 3470 καὶ
653 3417 751 3486 τῆς
782 3416 1176 3489 ἀφορισθείσης
1198 3417 1349 3489 αὑτῷ
1384 3418 1664 3490 μακαρίας
1696 3421 1901 3488 διαγω-

304 3513 431 3582 γῆς
461 3509 577 3563 ἀλλ’
618 3510 823 3573 ἐκεῖνος
848 3509 938 3561 τὸν
968 3508 1131 3578 νόμον
1158 3510 1259 3580 τῆς
1281 3509 1501 3581 ἐντολῆς
1520 3512 1601 3574 είς
1642 3510 1900 3582 ἀθέτησιν

303 3602 499 3665 λύσας,
536 3604 631 3655 καὶ
673 3601 775 3671 τὴν
842 3600 1010 3672 ἀλλην
1065 3601 1405 3674 εὐφροσύνην
1445 3602 1526 3667 είς
1556 3601 1735 3674 λύπην
1772 3619 1900 3674 μετ·

302 3695 558 3767 ήνεγκεν,
585 3693 793 3747 καὶτοῦ
813 3693 1144 3765 παραδείσου
1165 3693 1265 3765 τὴν
1288 3692 1518 3766 ἐκϐολὴν
1546 3695 1900 3766 συνεισήνεγ-

302 3801 426 3838 κενο
466 3783 591 3836 ἐπεὶ
640 3781 831 3854 ὥσπερ
865 3782 1095 3837 θάνατον
1126 3783 1154 3834 ό
1186 3782 1320 3845 Θεὸς
1347 3783 1445 3835 οὐκ
1480 3782 1755 3853 ἐποίησεν,
1783 3782 1899 3837 ἀλλ’

305 3879 365 3931 ὲν
387 3875 670 3949 ἀρῤαϐὦνι
696 3876 794 3947 τῆς
813 3874 1113 3937 ἀθανασίας
1133 3874 1222 3927 τδν
1251 3874 1538 3945 ἄνθρωπον
1556 3874 1899 3946 ἑπλαστούρ-

306 3985 499 4039 γησεν,
528 3965 701 4030 οὕτως
739 3967 861 4019 οὐδὲ
897 3965 992 4018 τοῦ
1040 3964 1192 4034 ἱεροῦ
1246 3964 1470 4036 χωρίου,
1495 3965 1614 4018 οὐδὲ
1652 3966 1751 4037 τῆς
1790 3982 1898 4036 μα-

307 4060 509 4131 καρίας
543 4058 705 4113 αὐτὸν
737 4059 949 4129 τρυφῆς
1006 4054 1368 4127 ὑπερώρισεν·
1408 4055 1522 4109 ἀλλ’
1553 4057 1720 4120 αὐτὸς
1756 4056 1898 4110 ὁτοῦ

309 4151 653 4219 παραδείσου
725 4149 942 4220 πρῶτος
1008 4147 1271 4217 πολίτης,
1339 4150 1407 4219 τῇ
1471 4146 1749 4219 συμϐουλῇ
1807 4147 1901 4200 τοῦ

1999 3068 2202 3109 sermo.
2236 3052 2481 3107 Dicimus
2516 3066 2546 3105 a
2586 3051 2698 3107 Deo
2736 3053 3039 3122 plantatum
3090 3065 3213 3107 esse
3254 3051 3594 3121 paradisum,

1998 3160 2106 3199 non
2148 3144 2320 3199 Adam
2375 3144 2502 3199 inde
2548 3144 2734 3199 statim
2766 3143 3012 3212 ejecturo
3041 3160 3056 3209 ;
3096 3158 3204 3198 non
3233 3144 3379 3199 enim
3407 3141 3596 3197 debuit

1999 3252 2101 3293 nec
2155 3236 2333 3307 potuit
2382 3251 2614 3306 scopum
2671 3235 2925 3289 manibus
2982 3232 3243 3304 etiingens
3299 3233 3476 3288 Adam
3541 3241 3598 3289 et

2001 3329 2313 3399 paradisum
2351 3329 2606 3398 plantans
2656 3336 2933 3382 extorrem
2981 3326 3165 3381 statim
3222 3324 3349 3380 inde
3391 3323 3595 3391 facere,

1999 3430 2054 3476 et
2094 3436 2126 3476 a
2167 3420 2441 3476 destinata
2468 3421 2543 3475 illi
2573 3420 2732 3475 beata
2774 3418 3194 3475 conversatione
3228 3435 3241 3471 :
3272 3426 3329 3472 at
3358 3417 3447 3472 ille
3478 3416 3597 3487 lege

2000 3513 2251 3583 praecepti
2286 3513 2340 3568 in
2364 3513 2780 3568 destitutionem
2807 3511 3009 3577 soluta,
3033 3521 3087 3567 et
3124 3510 3391 3581 reliquam
3435 3510 3595 3565 volu-

2000 3615 2203 3676 ptatem
2236 3606 2290 3660 in
2341 3606 2622 3660 tristitiam
2648 3603 2996 3659 transtulitet
3022 3618 3053 3656 e
3084 3603 3339 3674 paradiso
3373 3603 3598 3672 ejectio-

2003 3713 2127 3753 nem
2162 3697 2327 3753 simul
2351 3697 2679 3761 introduxit,
2709 3696 2838 3767 quia
2868 3695 3012 3750 sicut
3039 3704 3273 3749 mortem
3311 3694 3457 3748 Deus
3487 3710 3596 3750 non

2002 3789 2151 3855 fecit,
2186 3790 2279 3845 sed
2332 3789 2388 3844 in
2422 3789 2587 3843 arrba
2620 3785 3055 3842 immortalitatis
3093 3786 3373 3839 hominem
3408 3785 3594 3849 tinxit,

2003 3882 2086 3939 sic
2136 3894 2238 3936 nec
2268 3896 2299 3936 e
2333 3894 2493 3936 sacro
2542 3879 2689 3945 loco,
2726 3891 2825 3932 nec
2858 3891 2925 3931 ex
2951 3875 3126 3930 beatis
3174 3874 3352 3944 ipsum
3384 3873 3598 3929 deliciis

2003 3970 2391 4027 exterminavit
2426 3986 2439 4022 :
2477 3968 2573 4025 sed
2603 3968 2719 4037 ipse
2748 3965 2985 4035 paradisi
3019 3964 3231 4034 primus
3271 3963 3430 4025 civis.
3464 3978 3599 4017 con-

2005 4062 2128 4119 silio
2158 4061 2453 4132 serpentis,
2500 4066 2775 4130 praecepto
2825 4056 3133 4125 anteposita
3162 4055 3599 4123 transgressione

2006 4154 2109 4209 sibi
2157 4163 2213 4209 et
2259 4161 2492 4208 mortem
2539 4158 2594 4206 et
2626 4148 2968 4219 -ejcctionem
3017 4162 3048 4202 e
3101 4146 3355 4216 paradiso
3403 4160 3599 4215 opera-

309 4244 513 4313 6φεως,
566 4243 665 4314 τῆς
720 4242 938 4313 ἐντολῆς
1002 4242 1348 4311 προτιμήσας
1397 4240 1497 4311 τὴν
1556 4240 1899 4311 παράϐασιν,
1939 4277 1980 4331 D
2009 4255 2100 4304 tus
2129 4255 2235 4303 est.

313 4334 498 4405 ἑαυτῷ
528 4335 625 4388 καὶ⁸
656 4334 748 4387 τὸν
782 4333 1014 4387 θάνατον
1053 4334 1148 4386 καὶ
1199 4333 1299 4404 τὴν
1332 4331 1562 4404 ἐκϐολὴν
1590 4332 1684 4385 τοῦ
1722 4349 1902 4405 παρα-

311 4428 495 4482 δείσου
524 4428 949 4501 κατειργάσατο.

394 4520 655 4593 Δεύτερον
691 4520 748 4573 δὲ
780 4519 887 4573 οὐδ’
918 4519 1079 4573 εἴωθε
1107 4519 1167 4573 τὸ
1191 4519 1346 4573 Θεῖον
1382 4518 1452 4572 τά
1474 4518 1580 4573 τῶν
1605 4518 1908 4590 ἀνθρώπων

317 4612 570 4682 παρορᾷν
595 4609 1066 4681 πλημμελήματα,
1102 4611 1191 4665 τὸν
1222 4612 1300 4674 εἰς
1324 4610 1523 4673 αὐτοὺς
1557 4613 1654 4681 τῆς
1694 4611 1908 4681 εύεργεο

319 4705 445 4766 σίας
478 4701 708 4755 πλοῦτον
748 4702 843 4754 κα)⁸
876 4702 974 4764 τὰς
999 4701 1209 4771 δωρεὰς
1242 4699 1611 4755 ἀναστέλλειν·
1649 4700 1758 4753 οὐδ’
1789 4700 1910 4753 ἐθέ-

316 4796 404 4848 λει
430 4794 535 4847 τῶν
571 4793 1064 4865 πλημμελημάτων
1096 4792 1399 4863 λαμϐάνειν
1422 4791 1522 4863 τὴν
1549 4792 1727 4863 δίκην,
1757 4790 1912 4845 οὔπω

316 4885 416 4939 τοῦ
452 4885 802 4957 τολμήματος
845 4886 926 4947 εἰς
970 4883 1130 4955 ἔργον
1166 4884 1618 4955 προεληλυθότος
1649 4882 1791 4936 οὕτω
1818 4883 1911 4937 καὶ

317 4977 430 5031 τῶν
458 4977 769 5047 ἀσωμάτων
794 4976 1081 5046 δυνάμεων
1116 4975 1209 5029 τὸν
1236 4976 1549 5030 ἀποστάντα
1591 4974 1691 5042 τῆς
1748 4974 1911 5027 αὑτοῦ

318 5069 581 5141 προνοίας
608 5069 702 5122 καὶ
729 5067 1069 5139 ἀγαθότητος
1098 5067 1278 5133 εἰδὼς,
1321 5067 1417 5120 καὶ
1445 5067 1547 5137 τὴν
1575 5067 1915 5119 συναποστᾶ-

319 5179 423 5215 σαν
458 5161 609 5233 αὐτῷ
640 5160 835 5233 μερίδα
861 5161 1013 5232 ὅμως
1066 5162 1409 5232 προήνεγκεν
1464 5158 1784 5229 ἀγαθότητι,
1821 5158 1915 5212 καὶ

318 5253 649 5327 δημιουργεῖ
679 5254 779 5325 μὲν
819 5254 894 5316 ὡς
925 5255 1206 5325 ἑωσφόρον
1238 5254 1329 5308 τὸν
1367 5252 1707 5323 ἀποστάτην,
1739 5251 1916 5322 μηδα-

320 5346 441 5419 μῶς
476 5348 574 5417 μὲν
614 5346 675 5413 ἐξ
704 5339 779 5402 ὧν
809 5345 1035 5417 ὕστερον
1081 5346 1174 5401 τὸν
1201 5347 1298 5417 τῆς
1322 5344 1715 5416 ἀγνωμοσύνης
1746 5344 1914 5397 ὑπέδυ

319 5438 509 5507 ζόφον,
550 5440 690 5510 μήτε
748 5441 847 5511 τῆς
884 5439 1248 5511 δημιουργίας
1307 5438 1719 5508 ἀποστερήσας,
1777 5436 1915 5507 μήτε

315 5531 421 5603 τῆς
477 5531 886 5605 λαμπρότητος·
929 5534 1243 5587 ἀποστάντα
1283 5531 1340 5585 δὲ
1396 5532 1490 5584 καὶ
1514 5531 1589 5595 ὼς
1628 5528 1915 5601 ἀστραπὴν

315 5621 415 5676 τοῦ
441 5623 675 5694 ούρανοῦ
706 5625 947 5680 πεσόντα
976 5624 1123 5691 ἰδὼν,
1161 5625 1261 5696 τὴν
1312 5623 1469 5694 δίκην
1520 5622 1735 5695 ἀφῆκεν
1796 5623 1910 5675 εἰσ-

392 5784 440 5819 ”
476 5784 667 5845 Matth.
700 5802 799 5855 vn,
848 5790 900 5844 7.
981 5790 1025 5821 ⁸⁷
1064 5788 1232 5843 Eccli.
1275 5803 1355 5852 ιιι,
1386 5785 1476 5841 ‘2‘2.

2085 4509 2342 4565 Secundo
2374 4520 2554 4564 autem
2587 4524 2695 4563 non
2728 4508 2865 4563 solet
2911 4506 3157 4563 divinum
3191 4503 3451 4578 [Numen]
3500 4504 3600 4559 ho.

2012 4601 2224 4655 minum
2278 4600 2560 4670 despicere
2587 4598 2971 4670 negligentias.
3020 4597 3075 4651 in
3106 4612 3203 4652 eos
3229 4596 3602 4653 beneficentiae

2013 4696 2234 4752 divitias
2264 4706 2318 4751 et
2365 4695 2508 4750 dona
2539 4694 2829 4760 inhibere;
2860 4708 2959 4748 nec
2992 4691 3211 4747 volebat
3244 4692 3602 4763 negligentia-

2012 4804 2135 4844 rum
2172 4804 2393 4845 sumere
2422 4804 2661 4859 poenam,
2689 4787 2931 4843 nondum
2964 4802 3102 4842 ausu
3150 4786 3203 4839 in
3247 4784 3448 4841 factum
3470 4800 3602 4856 pro-

2015 4898 2204 4955 gresso
2244 4901 2257 4937 :
2302 4883 2376 4937 ita
2408 4891 2463 4938 et
2490 4882 2558 4937 ab
2606 4881 3030 4952 incorporalium
3060 4880 3261 4935 virtute
3297 4888 3601 4950 apostatam

2017 4973 2193 5045 ipsius
2249 4972 2608 5045 providentia:
2657 4983 2711 5029 et
2746 4973 3010 5027 bonitatis
3046 4972 3251 5037 sciens,
3281 4980 3335 5027 et
3369 4971 3603 5041 compli-

2017 5082 2135 5121 cem
2164 5067 2285 5136 ejus
2312 5067 2605 5137 apostasia:
2636 5075 2849 5137 partem
2876 5075 3059 5121 tamen
3094 5065 3321 5135 protulit
3348 5080 3414 5119 ex
3450 5064 3606 5119 boni-

2018 5164 2147 5219 tate,
2178 5164 2233 5210 et
2261 5164 2413 5211 creat
2442 5155 2661 5226 quidem
2689 5163 2751 5209 ut
2777 5154 3067 5211 luciferum
3095 5162 3422 5224 apostatam,
3452 5154 3605 5208 nullo

2020 5247 2183 5302 modo
2207 5262 2272 5303 co
2300 5248 2444 5317 quod
2468 5248 2723 5318 deinceps
2749 5249 2803 5303 in
2836 5248 3032 5317 ingrati
3064 5248 3232 5301 animi
3269 5248 3429 5302 irruit
3453 5255 3604 5302 tene-

2021 5341 2191 5405 bras,
2247 5357 2425 5412 neque
2475 5341 2754 5396 creatione
2811 5342 3055 5412 privans,
3114 5355 3289 5409 neque
3344 5338 3601 5408 fulgore:

2020 5440 2324 5503 apostatam
2372 5442 2555 5489 autem
2603 5442 2658 5488 et
2704 5434 2864 5503 quasi
2921 5433 3101 5503 fulgur
3149 5432 3271 5488 ειηιί
3320 5432 3605 5487 cadentem

2020 5527 2233 5593 videns,
2290 5541 2509 5597 ptenam
2557 5525 2769 5582 dimisit
2820 5526 3051 5597 irregari
3111 5526 3441 5580 extollentize
3490 5540 3607 5581 :ea

2020 5618 2297 5678 Creatoris
2340 5619 2487 5676 circa
2538 5628 2822 5676 creaturas
2869 5619 3176 5676 oeconomia
3220 5626 3274 5674 et
3322 5616 3604 5675 discretio.
