4144 6448
538 315 645 376 379

1697 307 1959 368 PIIOTII
1990 304 2495 366 I’A’l‘RlARCleE
2533 305 2643 364 Cl‘.

3690 307 3804 370 380

542 425 672 478 lium
725 425 920 478 virium
953 423 1366 478 etdcinitteutis
1400 438 1458 478 se
1504 422 1899 494 dispositionis,
1947 437 2110 492 quam

2237 420 2292 490 ήν
2311 422 2358 473 οἱ
2391 419 2549 473 κόποι
2583 417 2864 489 προξενεῖν
2915 416 3166 470 εἰώθασιν
3223 417 3502 480 ἔκστασιν,
3538 418 3804 489 τοιαύτην

543 517 757 571 labores
783 514 977 570 alien-re
1004 514 1184 570 solent
1217 516 1508 580 exstasini,
1540 515 1679 568 hanc
1718 515 2123 586 interpretatio-

543 623 668 662 nem
723 606 1003 660 adducunt
1050 624 1062 658 :
1107 605 1465 659 diuturnitate
1503 608 1652 659 aiunt
1685 613 1738 660 et
1769 606 2124 661 continuitate

543 698 807 752 doctrinae
855 697 1119 766 putabant
1149 696 1242 766 qui
1266 696 1422 765 juxta
1456 696 1632 766 ipsum
1683 695 1884 768 [erant]
1934 697 1986 750 in
2023 698 2124 750 im-

545 803 796 844 mensum
849 788 1144 842 oﬂ‘endisse
1194 789 1458 852 laborem,
1515 787 1614 860 [et]
1674 789 1852 843 vitalis
1904 788 2016 842 toni
2071 795 2125 843 et

548 881 804 950 ingenita:
837 880 1056 934 virtutis
1105 880 1156 934 id
1189 881 1446 935 exstasim
1486 891 1540 935 et
1582 881 1953 935 inlirmitatem
1989 881 2124 935 inci-

543 972 691 1026 disse
728 989 741 1025 :
772 969 916 1040 quod
941 969 1088 1024 enim
1122 969 1196 1022 illi
1252 969 1460 1038 experti
1497 968 1636 1023 forte
1666 977 1821 1022 erant
1869 981 2123 1038 persevc-

543 1062 718 1116 rantia
771 1073 825 1114 et
855 1059 1078 1128 perenni
1109 1059 1406 1113 auditionis
1451 1074 1515 1113 ac
1561 1057 1928 1112 multitudinis
1975 1071 2124 1109 com-

545 1151 828 1220 pressione
845 1159 896 1204 et
913 1148 1170 1214 tumultu,
1203 1147 1256 1202 id
1274 1158 1554 1215 expertum
1585 1163 1705 1203 esse
1722 1155 1777 1201 et
1805 1146 2120 1214 magistrum

546 1243 968 1312 suspicabantur
1017 1255 1032 1293 :
1089 1241 1211 1296 ideo
1259 1249 1313 1295 et
1360 1241 1452 1309 qui
1497 1240 1650 1310 juxta
1700 1239 1848 1293 illum
1896 1235 2121 1307 [erant],

546 1338 720 1401 aiunt,
761 1336 814 1391 id
865 1344 969 1402 est,
1007 1335 1097 1404 qui
1148 1335 1213 1388 ad
1269 1333 1446 1403 ipsum
1504 1331 1826 1387 familiarius
1869 1331 2120 1400 dispositi

548 1429 771 1502 [erant],
800 1430 1052 1488 exierunt
1081 1437 1142 1483 ut
1185 1427 1489 1482 detinerent
1534 1443 1658 1482 eum
1689 1427 1846 1496 quasi
1894 1426 2117 1480 multum

547 1523 667 1590 ejus
722 1537 911 1576 curam
959 1529 1179 1592 agentes
1226 1530 1286 1575 ut
1341 1520 1734 1589 providentiam
1785 1519 2124 1573 remissionis

547 1612 668 1680 ejus
697 1620 750 1665 et
790 1610 1035 1664 laborum
1087 1607 1528 1672 intermissionis,
1589 1615 1649 1662 ut
1701 1622 1731 1660 a
1783 1604 2124 1659 multitudine

550 1704 811 1771 magistro
841 1702 1036 1766 diviso,
1091 1701 1270 1755 cibum
1329 1711 1382 1754 et
1428 1701 1529 1753 alia
1587 1697 1894 1753 necessaria
1924 1697 2123 1766 quibus

548 1807 748 1862 corpus
789 1807 818 1844 a
868 1791 1144 1846 laboribus
1187 1790 1435 1857 solvitur,
1487 1789 1836 1859 praeberent:
1878 1787 2125 1840 exierunt
2159 1770 2195 1821 Β

554 1896 734 1939 autem
775 1883 912 1938 forte
939 1900 968 1938 e
1001 1884 1234 1954 quodam
1266 1892 1391 1952 apto
1413 1882 1478 1936 a-l
1505 1883 1740 1950 quietem
1771 1889 1824 1934 et
1852 1878 2125 1948 tranquil-

553 1976 754 2030 litatem
783 1975 924 2041 loco,
959 1976 1024 2028 ad
1061 1989 1221 2043 quem
1274 1973 1484 2026 ivrrant
1517 1973 1728 2040 seipsos
1773 1968 2070 2025 recreaturi
2106 1982 2120 2019 :

551 2069 689 2124 alter
730 2068 893 2136 igitur
924 2081 1103 2122 sermo
1138 2081 1168 2119 a
1198 2066 1379 2136 priore
1419 2081 1526 2119 non
1561 2064 1770 2135 positus
1803 2062 1881 2118 sic
1916 2061 2124 2116 discer—

552 2161 632 2214 nit
667 2158 1042 2229 evangelicum
1075 2157 1379 2212 oraculum.

624 2335 766 2390 Sunt
810 2348 938 2388 vero
976 2332 1069 2403 qui
1121 2331 1188 2387 ad
1221 2329 1528 2386 Iudaeorum
1566 2330 1887 2401 pravitatem
1926 2338 1978 2384 et
2009 2328 2128 2384 bla-

549 2427 838 2496 sphemum
865 2436 915 2479 et
939 2423 1398 2492 indisciplinatum
1436 2422 1728 2495 [habitum]
1753 2423 2125 2492 respicientes,

551 2515 708 2579 illud,
743 2533 762 2565 ι
789 2515 840 2567 in
871 2512 1108 2568 lurorem
1133 2527 1323 2567 versus
1345 2523 1446 2576 est,
1464 2531 1481 2562 ι
1504 2512 1656 2580 juxta
1672 2513 2004 2582 propositum
2027 2527 2094 2565 au
2111 2541 2127 2551 -

549 2606 741 2668 diunt,
794 2605 844 2659 id
903 2613 1020 2665 est,
1096 2604 1297 2657 mentis
1355 2617 1639 2656 excessum
1703 2601 1889 2655 habuit
1933 2610 1985 2656 et
2033 2601 2128 2654 de-

552 2693 675 2747 vius
719 2708 750 2746 a
783 2691 1081 2746 constituto
1127 2689 1300 2744 factus
1337 2700 1417 2744 est
1457 2708 1470 2742 :
1507 2689 1706 2743 ctenim
1769 2689 1873 2742 tale
1911 2688 2127 2744 Judago-

555 2801 677 2840 rum
731 2782 915 2839 odium
967 2783 1021 2837 in
1077 2781 1397 2846 Christum,
1451 2790 1512 2834 ut
1566 2794 1757 2835 omnes
1807 2779 2035 2849 injurias
2077 2788 2124 2833 et

556 2872 861 2930 calumnias
900 2873 1106 2942 ﬁngere
1150 2877 1341 2925 contra
1395 2870 1734 2924 Salvatorem
1779 2885 1886 2924 non
1941 2870 2126 2926 horre-

557 2973 678 3020 rent
709 2983 722 3019 :
755 2963 954 3018 etenim
987 2962 1191 3016 invidia
1224 2964 1445 3016 omnino
1479 2971 1528 3016 ct
1561 2962 1678 3015 zelo
1704 2961 1948 3016 furentes
1981 2973 2035 3017 et
2061 2962 2130 3016 ab

560 3055 958 3122 insanientibus
990 3053 1127 3108 nihil
1151 3053 1548 3123 discrepantes,
1577 3062 1630 3108 et
1655 3068 1712 3108 re
1740 3067 1862 3106 vera
1903 3051 2129 3121 ingeniti

2223 507 2518 578 ἑρμηνείαν
2541 507 2895 576 προσάγουσι.
2919 501 3009 572 Τῷ
3032 502 3232 572 χρόνῳ,
3255 502 3410 571 φασὶ,
3446 503 3540 556 καὶ
3565 505 3633 574 τῇ
3668 520 3803 556 συνο

2225 598 2375 668 εχείᾳ
2409 599 2506 666 τῆς
2581 595 2932 660 διδασκαλίας
2999 593 3250 664 ἐνόμιζον
3311 596 3360 647 οἱ
3427 596 3558 666 παρ’
3628 596 3803 649 αὑτοῦ

2224 691 2305 754 εἰς
2371 690 2611 760 ἄμετρον
2691 689 3102 757 καταντήσαντα
3172 684 3380 750 κόπον,
3473 685 3567 738 τοῦ
3618 685 3808 748 ζωτι-

2223 779 2322 834 κοῦ
2377 779 2535 832 τόνου
2595 780 2689 832 καὶ
2750 778 2850 848 τῆς
2899 779 3145 848 ἐμφύτου
3224 777 3509 848 δυνάμεως
3563 780 3643 840 εἰς
3710 779 3808 832 ἔκ-

2225 871 2413 924 στασίν
2468 888 2526 923 τε
2609 870 2703 923 καὶ
2781 869 3066 923 ἀσθένειαν
3116 870 3410 940 ἐμπεσεῖν·
3495 870 3633 942 ὅπερ
3692 872 3808 941 γὰρ

2223 963 2422 1014 ἐκεῖνοι
2489 961 2817 1024 πεπονθότες
2878 961 3008 1023 ἴσως
3082 959 3379 1038 ἐτύγχανον
3439 963 3507 1032 τῇ
3561 963 3802 1033 ἐπιμονῇ

2225 1053 2319 1107 καὶ
2373 1052 2452 1123 τῷ
2499 1053 2709 1123 ἀεννάῳ
2752 1055 2852 1122 τῆς
2905 1053 3221 1123 ἀκροάσεως
3275 1052 3368 1106 καὶ
3416 1055 3480 1122 τῇ
3528 1051 3620 1104 τοῦ
3667 1052 3810 1123 πλή-

2227 1144 2352 1206 θους
2421 1144 2721 1214 συνωθήσει
2773 1144 2867 1196 καὶ
2912 1144 2991 1212 τῷ
3041 1143 3275 1213 θορύϐῳ,
3311 1141 3468 1204 τοῦτο
3495 1142 3683 1194 παθεῖν
3711 1141 3814 1196 καὶ

2224 1234 2314 1288 τὸν
2342 1234 2658 1288 διδάσκαλον
2707 1233 3079 1296 ὑπετόπαζον·
3121 1234 3200 1285 διδ
3223 1235 3314 1285 καὶ
3361 1234 3409 1285 oi
3471 1233 3600 1303 παρ’
3639 1232 3810 1286 αὑτοῦ

2225 1343 2409 1395 φασιν,
2452 1326 2729 1379 τουτέστιν
2780 1326 2830 1378 0i
2873 1324 3008 1396 πρὸς
3033 1324 3194 1377 αὑτὸν
3219 1324 3546 1392 οἰκειότερον
3599 1323 3813 1376 διακεία

2228 1430 2412 1483 μενον
2451 1413 2703 1482 Ἐξῆλθον
2749 1416 3041 1483 κατασχεῖν
3070 1413 3229 1467 αὑτὸν
3268 1414 3342 1476 ὡς
3404 1412 3602 1482 πολλὴν
3641 1411 3812 1465 αὐτοῦ

2222 1505 2321 1576 τὴν
2363 1504 2687 1575 κηδεμονίαν
2740 1505 2952 1573 ἔχοντες
2984 1507 3075 1558 καὶ
3102 1505 3357 1574 πρόνοιαν
3415 1505 3510 1573 τῆς
3572 1503 3814 1566 ἀνέσεως

2224 1594 2387 1649 αύτοῦ
2429 1596 2521 1648 καὶ
2569 1595 2668 1663 τῆς
2732 1594 2840 1647 τῶν
2895 1595 3079 1647 κόπων
3114 1595 3433 1658 διαλύσεως,
3470 1595 3545 1657 ὼς
3591 1595 3658 1647 ἀν
3712 1592 3813 1646 τοῦ

2228 1684 2463 1755 πλήθους
2492 1685 2583 1737 τὸν
2611 1684 2928 1738 διδάσκαλον
2960 1684 3370 1755 διαστήσαντες,
3399 1685 3602 1756 τροφῆς
3619 1701 3681 1737 τε
3717 1683 3817 1736 καὶ

2228 1777 2324 1845 τῆς
2376 1775 2541 1846 ἄλλης
2601 1777 2946 1847 ἐπιμελείας,
2977 1777 3045 1830 δι’
3093 1772 3168 1831 ὧν
3215 1777 3277 1830 τὸ
3331 1779 3488 1848 σῶμα
3547 1777 3817 1847 καμάτων

2233 1867 2671 1931 ἀπαλλάττεται,
2724 1867 3126 1937 μεταδώσουσιν
3147 1884 3160 1898 ⁸
3195 1867 3417 1937 ἐξῆλθον
3464 1867 3518 1920 δὲ
3549 1867 3680 1929 tam;
3706 1866 3817 1919 ἀπό

2230 1974 2375 2019 τινος
2391 1958 2694 2026 ἐπιτηδείου
2715 1958 2849 2028 πρὸς
2868 1959 3282 2012 ἀνάπαυσινκαὶ
3300 1959 3527 2029 ἡσυχίαν
3547 1959 3735 2021 τόπου,
3759 1962 3818 2012 ἐν

2231 2044 2275 2118 ᾧ
2322 2050 2565 2121 ἀπῆλθον
2611 2051 2839 2115 ἑαυτοὺς
2862 2053 3302 2124 ἀνακτήσασθαι·
3335 2055 3362 2105 ὁ
3389 2053 3485 2123 μὲν
3515 2050 3606 2106 οὖν
3630 2053 3819 2106 δεύτε-

2236 2161 2326 2214 ρος
2358 2143 2514 2212 λόγος
2539 2143 2618 2214 τῷ
2643 2146 2897 2216 προτέρῳ
2945 2145 3022 2217 μὴ
3051 2145 3353 2216 τιθέμενος,
3399 2145 3543 2199 οὕτω
3564 2145 3820 2216 βούλεται

2232 2237 2555 2309 διευκρινεῖν
2574 2238 2634 2290 τὸ
2662 2239 3017 2307 εὐαγγελικὸν
3048 2239 3248 2307 λόγιον.

2305 2329 2426 2382 Εἰσὶ
2451 2330 2508 2382 δὲ
2531 2329 2582 2382 οἳ
2605 2329 2741 2399 πρὸς
2755 2331 2853 2400 τὴν
2883 2329 2990 2384 τῶν
3007 2330 3273 2383 Ἰουδαίων
3301 2330 3602 2403 μοχθηρίαν
3626 2332 3724 2386 καὶ
3756 2333 3820 2385 τὸ

2238 2420 2559 2492 βλάσφημόν
2609 2439 2666 2473 τε
2729 2421 2823 2474 καὶ
2881 2423 3211 2492 κακόσχολον
3270 2424 3674 2494 ἀποϐλέψαντες
3733 2423 3818 2490 τὸ,

2245 2533 2262 2565 ι
2291 2514 2504 2586 ἐξέστη,
2538 2533 2554 2565 ›
2582 2514 2721 2566 κατὰ
2746 2513 2805 2566 τὸ
2832 2515 3120 2587 πρόχειρον
3168 2514 3505 2580 ὲξακούουσι,
3546 2514 3818 2582 τουτέστι,

2235 2606 2345 2660 τῶν
2377 2605 2588 2677 φρενῶν
2611 2606 2866 2659 ἔκστασιν
2892 2605 3017 2676 ἔσχε
3049 2608 3143 2661 καὶ
3172 2607 3488 2680 παράφορος
3541 2606 3636 2659 τοῦ
3691 2607 3824 2660 καθα

2237 2697 2468 2760 εστῶτος
2497 2697 2710 2766 ἐγένετο
2730 2709 2744 2727 ⁸
2774 2698 2860 2751 καὶ
2895 2698 3003 2768 γάρ
3023 2697 3260 2751 το;οὖτον
3310 2699 3415 2752 τῶν
3459 2698 3732 2752 Ἰουδαίων
3758 2699 3821 2751 τὸ

2241 2789 2609 2859 μισόχριστον,
2663 2787 2840 2852 πάσας
2861 2786 3044 2860 ὕϐρεις
3069 2791 3160 2840 καὶ
3181 2788 3434 2853 διαϐολάς
3453 2787 3822 2843 ἀναπλάττειν

2237 2878 2378 2932 κατά
2410 2879 2504 2931 τοῦ
2530 2879 2780 2950 Σωτῆρος
2810 2879 2869 2932 οὐ
2900 2881 3211 2952 φρίττοντες
3231 2895 3245 2908 ⁸
3284 2881 3363 2950 τῷ
3389 2882 3497 2950 γὰρ
3526 2879 3709 2949 φθόνῳ
3734 2878 3824 2932 διά

2238 2970 2440 3034 παντὸς
2460 2970 2554 3024 καὶ
2575 2975 2639 3042 τῇ
2673 2971 2942 3042 βασκανίᾳ
2973 2971 3460 3041 ἀνοιστρούμενοι,-
3489 2970 3584 3024 καὶ
3640 2986 3826 3040 μεμη-

2239 3063 2408 3117 νότων
2453 3063 2607 3116 οὐδὲν
2659 3063 3030 3134 διαφέροντες,
3077 3064 3173 3117 καὶ
3215 3063 3290 3127 ὼς
3346 3061 3561 3134 άληθῶς
3602 3061 3697 3115 τοῦ
3726 3063 3828 3132 ἐμ-

553 3148 747 3220 judicii
780 3161 1051 3202 summam
1101 3145 1249 3216 passi
1280 3147 1562 3208 exstasim,
1614 3146 1890 3215 propriam
1920 3144 2135 3214 passio~

2241 3155 2409 3225 φύτου
2441 3155 2726 3227 κριτηρίου
2757 3155 2853 3226 τὴν
2876 3156 3114 3226 ἐσχάτην
3162 3155 3496 3215 ὑποστάντες
3538 3153 3824 3216 ἔκστασιν,

556 3255 681 3294 nem
727 3235 1118 3310 [aﬂ'ectionem]
1169 3236 1225 3290 in
1279 3250 1404 3291 eum
1453 3237 1546 3307 qui
1610 3238 1814 3293 multos
1859 3251 1890 3292 a
1939 3236 2137 3292 talibus

556 3331 766 3385 morbis
825 3329 1170 3394 liberaverat,
1205 3327 1523 3397 rejieiebant
1555 3343 1569 3379 :
1605 3328 1704 3398 ipsi
1751 3329 1920 3391 enim,
1953 3328 2139 3382 divina

557 3423 829 3494 aperanti,
865 3437 986 3491 quae
1020 3435 1184 3490 super
1219 3435 1528 3475 sermonem
1559 3429 1614 3475 et
1644 3421 2052 3488 cogitationem,
2084 3420 2139 3474 id

559 3515 708 3586 quod
743 3527 939 3570 contra
970 3511 1134 3567 Deum
1168 3522 1251 3568 est
1279 3513 1633 3583 imputantes,
1665 3512 1807 3581 quod
1838 3510 2138 3566 Sabbatum

560 3609 707 3664 diem
759 3607 956 3663 salutis
1003 3617 1058 3661 et
1091 3607 1487 3661 miraculorum
1545 3607 1742 3662 festum
1791 3605 2143 3662 demonstra-

561 3708 667 3764 ret,
708 3709 762 3756 et
807 3701 1112 3754 daemonum
1149 3699 1318 3752 verbo
1356 3698 1670 3768 ﬁgmentum
1705 3699 1952 3754 videntes
1986 3697 2141 3753 aufe-

561 3803 796 3855 rentem,
851 3794 904 3846 in
946 3791 1190 3861 principe
1243 3790 1640 3846 daemoniorum
1699 3791 2140 3861 blasphemantes

563 3884 744 3954 ipsum
778 3883 977 3952 ejicere
1021 3881 1310 3946 daemonia,
1353 3898 1463 3937 non
1503 3883 1894 3938 continentiam
1949 3890 2002 3937 et
2045 3897 2143 3951 pa-

567 3975 813 4030 tientiam
842 3973 1088 4028 docentis
1115 3983 1168 4029 et
1201 3975 1447 4028 curantis
1477 3975 1666 4030 turbas
1702 3989 1808 4029 non
1835 3973 2001 4028 modo
2033 3988 2139 4026 non

566 4065 836 4120 ducebant
862 4064 1039 4118 audax
1064 4064 1263 4119 mentis
1292 4066 1552 4122 exstasim
1596 4064 1908 4120 insimulare
1947 4073 1999 4119 et
2027 4063 2144 4118 bla-

567 4158 916 4229 sphemorum
969 4157 1262 4212 verborum
1314 4165 1476 4212 testes
1502 4156 1718 4224 facere,
1767 4156 2032 4213 violentas
2085 4157 2140 4210 in

565 4266 688 4305 eum
719 4258 774 4303 et
807 4251 1043 4302 audaces
1068 4247 1412 4303 intendentes
1449 4263 1646 4303 manus
1680 4267 1692 4302 :
1729 4256 1783 4301 at
1810 4248 1882 4301 ita
1921 4249 2138 4316 quidem

566 4341 655 4395 isti
680 4339 867 4395 dicunt
888 4337 1021 4391 nihil
1048 4337 1330 4392 sententiae
1351 4337 1590 4406 ipsorum
1616 4351 1938 4405 repugnare,
1967 4350 2144 4406 neque

565 4433 718 4495 illud,
770 4431 1022 4484 exierunt
1047 4429 1140 4498 qui
1170 4430 1326 4500 juxta
1375 4430 1524 4483 illum
1557 4428 1758 4501 [erant]
1787 4437 1844 4482 ut
1897 4436 2140 4483 tenerent

561 4537 689 4578 eum
725 4538 739 4576 :
772 4522 972 4574 etenim
1029 4536 1205 4590 neque
1246 4521 1482 4590 putatitii
1525 4521 1722 4575 fratres
1760 4521 1975 4590 ipsimet
2010 4534 2139 4589 erga

562 4628 689 4669 cum
737 4611 1079 4667 familiariter
1107 4621 1162 4666 et
1189 4613 1279 4681 pio
1307 4626 1471 4666 sensu
1519 4609 1766 4680 dispositi
1800 4619 1958 4664 erant
1996 4628 2011 4666 :
2048 4612 2142 4664 sed

564 4713 620 4760 et
668 4705 746 4760 illi
812 4702 1350 4768 scandalizabantur,
1401 4701 1686 4756 Judaicam
1743 4701 2020 4755 vesaniam
2077 4717 2141 4754 ex

565 4797 783 4851 illorum
810 4797 1226 4852 conversatione
1248 4805 1300 4850 et
1329 4795 1583 4849 convictu
1619 4810 1726 4848 non
1757 4804 2141 4865 expurgantcs,

566 4889 770 4944 multas
816 4889 1017 4960 sacpius
1067 4888 1123 4943 in
1151 4887 1420 4958 principio
1459 4889 1762 4957 praebentes
1809 4902 1972 4942 ausas
2016 4902 2144 4954 erga

568 4997 695 5037 eum
743 4980 1052 5038 difﬁdentia:
1083 4999 1098 5038 :
1131 4990 1187 5036 et
1215 4981 1388 5035 nihilo
1428 4996 1537 5050 prie
1570 4980 1693 5034 aliis
1723 4979 1924 5034 Judagis
1952 4979 2148 5034 melio-

569 5088 682 5127 rem
711 5073 1126 5142 dispositionem
1157 5074 1553 5137 demonstrare,
1582 5071 1685 5125 etsi
1709 5079 1830 5139 post
1855 5071 1968 5126 haec
2002 5087 2148 5125 mar-

570 5166 696 5236 tyrii
753 5165 1147 5221 certaminibus
1197 5165 1408 5234 seipsos
1450 5164 1820 5232 recuperat-int
1867 5183 1882 5217 :
1919 5173 1973 5217 et
2017 5162 2147 5217 Jesu

571 5256 910 5310 divinitatem
941 5270 1105 5325 quam
1149 5255 1300 5322 prius
1345 5268 1521 5322 neque
1553 5254 1733 5322 lingua
1767 5253 2144 5316 admittebant,

573 5346 838 5415 Sanguine
865 5355 919 5401 et
957 5345 1422 5400 inunolationibus
1456 5344 1786 5399 omnimodis
1811 5347 2148 5414 praedicave-

573 5438 703 5491 rint.
750 5437 863 5505 Ego
890 5453 1016 5491 vero
1049 5437 1410 5492 scandalizari
1441 5437 1657 5506 quidem
1708 5438 1990 5505 putatitios
2039 5437 2160 5492 ira:

576 5537 685 5584 tres
711 5529 765 5583 in
800 5529 1083 5584 Salvatore
1125 5537 1179 5582 et
1207 5543 1314 5582 non
1346 5526 1458 5582 Deo
1478 5527 1695 5596 dignam
1733 5527 2043 5595 opinionem
2096 5529 2147 5580 in

577 5620 848 5690 principio
884 5621 1083 5674 habere
1118 5622 1183 5674 de
1217 5619 1330 5685 illo,
1363 5627 1586 5689 propter
1618 5618 1996 5672 indumentum
2025 5635 2149 5672 car-

578 5713 662 5768 nis
691 5723 746 5769 et
780 5730 944 5786 supra
974 5729 1196 5771 sensum
1249 5711 1795 5770 condcscendcntiam
1829 5710 1988 5769 Verbi
2022 5727 2146 5768 cum

2237 3246 2299 3301 τὸ
2323 3248 2520 3300 οἰκεῖον
2543 3245 2714 3308 πάθος
2751 3247 2831 3310 είς
2855 3245 2946 3299 τὸν
2987 3244 3214 3308 πολλοὺς
3243 3243 3352 3298 τῶν
3375 3242 3630 3296 τοιούτων
3659 3257 3826 3311 νοση-

2241 3336 2427 3408 μάτων
2477 3333 2885 3399 ἀπαλλάξαντα,
2917 3333 3321 3405 ὲναπέρῤιπτον
3342 3349 3357 3365 ο
3392 3333 3441 3385 0i
3489 3331 3598 3402 γάρ
3631 3330 3826 3403 θεουρ-

2239 3423 2425 3493 γοῦντι
2448 3423 2517 3477 τά
2564 3423 2706 3495 ὑπὲρ
2737 3423 2895 3492 λόγον
2928 3421 3024 3477 καὶ
3076 3421 3282 3476 ἔννοιαν
3322 3421 3384 3475 τὸ
3412 3421 3657 3476 ἀντίθεον
3698 3422 3828 3476 ἑπι-

2241 3517 2593 3588 φημίζοντες,
2619 3516 2754 3570 διότι
2782 3516 2842 3569 τὸ
2863 3514 3144 3570 Σάϐϐατον
3174 3515 3394 3586 ἡμέραν
3424 3512 3702 3585 σωτηρίας
3729 3513 3828 3568 καὶ

2243 3608 2536 3682 θαυμάτων
2593 3607 2786 3679 ἑορτὴν
2814 3607 3182 3672 ἐπεδείκνυτο,
3222 3605 3313 3660 καὶ
3352 3605 3624 3675 δαιμόνων
3675 3604 3826 3675 λόγῳ

2241 3703 2302 3757 τὸ
2331 3703 2556 3774 πλάσμα
2605 3700 2891 3773 βλέποντες
2933 3698 3367 3764 ἁπαλλάττοντα,
3399 3698 3458 3750 ὲν
3490 3696 3567 3766 τῷ
3598 3696 3825 3768 ἄρχοντι

2242 3796 2353 3850 τῶν
2403 3795 2698 3865 δαιμονίων
2740 3793 3185 3866 βλασφημοῦντες
3231 3791 3395 3846 αὐτὸν
3433 3789 3720 3844 ὲκὸάλλειν
3758 3787 3828 3842 τὰ

2240 3888 2510 3958 δαιμόνια,
2548 3887 2669 3941 οὐδὲ
2706 3887 2806 3957 τὴν
2835 3885 3132 3956 καρτερίαν
3171 3885 3267 3938 καὶ
3302 3883 3400 3956 τὴν
3444 3880 3726 3953 ὑπομονὴν
3757 3880 3828 3933 δι·

2240 3979 2529 4042 δάσκοντος
2562 3980 2657 4033 καὶ
2714 3977 3105 4050 θεραπεύοντος
3146 3977 3272 4041 τοὺς
3321 3975 3533 4047 ὄχλους,
3560 3973 3828 4044 οὐμενοῦν

2241 4071 2340 4141 οὐχ
2389 4069 2618 4142 ἡγοῦντο
2646 4069 2918 4140 τολμηρὸν
2948 4068 3163 4141 φρενῶν
3192 4070 3452 4122 ἔκστασιν
3469 4068 3824 4139 κατηγορεῖν,

2243 4163 2336 4216 καὶ
2361 4161 2470 4215 τῶν
2503 4160 2841 4232 βλασφήμων
2891 4162 3155 4232 ῥημάτων
3187 4161 3468 4232 μάρτυρας
3505 4160 3703 4224 ποιεῖν,
3728 4156 3826 4220 τὰς

2243 4252 2566 4323 ὑϐριστικάς
2595 4252 2744 4322 αὐτῷ
2773 4253 2869 4305 καὶ
2907 4251 3169 4321 θρασείας
3200 4249 3679 4319 ἐπανατεινόμενος
3708 4249 3824 4318 χεῖ-

2247 4360 2373 4413 ραςο
2411 4343 2526 4396 ἀλλ’
2559 4341 2702 4396 οὕτω
2735 4343 2831 4411 μὲν
2861 4337 3008 4394 οὗτοί
3035 4358 3169 4410 φασι
3200 4339 3362 4412 μηδὲν
3386 4341 3452 4409 τῇ
3483 4337 3608 4408 δόξῃ
3642 4335 3825 4390 αὐτῶν

2243 4433 2629 4504 διαμάχεσθαι,
2675 4433 2808 4503 μηδὲ
2836 4435 2916 4498 τ’),
2954 4432 3205 4503 Ἐξῆλθον
3258 4433 3307 4485 οἱ
3347 4428 3661 4502 παράὐτοῢ
3690 4445 3825 4498 κρα-

2244 4525 2405 4593 τῆσαι
2440 4524 2600 4577 αὐτόν
2625 4540 2637 4554 ·
2694 4524 2790 4576 κα)⁵
2843 4524 2952 4594 γὰρ
2980 4523 3088 4576 οὐδ’
3133 4524 3182 4574 οἱ
3223 4521 3568 4592 νομιζόμενοι
3606 4517 3824 4586 ἀδελφοὶ

2245 4617 2353 4671 οὐδ’
2377 4616 2530 4670 αὐτοὶ
2563 4615 2698 4687 πρὸς
2729 4615 2892 4670 αὑτὸν
2911 4615 3129 4678 οἰκείως
3165 4616 3260 4668 καὶ
3286 4612 3692 4684 εὐσεὸοφρόνως
3745 4610 3823 4663 δι-

2247 4708 2456 4760 έκειντο
2479 4723 2492 4738 ·
2547 4709 2682 4761 ἀλλά
2719 4709 2966 4760 κάκεῖνοι
3000 4705 3466 4771 ἐσκανδαλίζοντο,
3519 4700 3823 4768 Ἰουδαϊκῆς

2245 4800 2639 4871 ἀγνωμοσύνης
2689 4802 2752 4854 ἐκ
2797 4800 2894 4869 τῆς
2942 4798 3079 4868 πρὸς
3111 4798 3308 4860 αὐτοὺς
3349 4793 3693 4865 ἀναστροφῆς
3729 4791 3824 4844 καὶ

2247 4892 2458 4963 διαίτης
2523 4891 2584 4944 οὐ
2650 4889 3071 4961 καθαρεύοντες,
3133 4886 3335 4950 πολλὰς
3391 4885 3651 4945 πολλάκις
3703 4878 3823 4934 κατ’

2247 4985 2422 5055 ἀρχὰς
2452 4985 2828 5055 παρασχόντες
2890 4981 3063 5043 λαϐὰς
3090 4980 3191 5048 τῆς
3221 4981 3302 5042 είς
3335 4977 3496 5033 αὐτὸν
3525 4973 3819 5035 άπιστίαςξ

2247 5075 2342 5127 καὶ
2375 5074 2542 5142 μηδὲν
2575 5074 2684 5126 τῶν
2711 5073 2882 5126 ἄλλων
2926 5071 3192 5124 Ἰουδαίων
3221 5071 3439 5140 ἄμεινον
3470 5067 3567 5137 τὴν
3587 5065 3825 5120 διάθεσιν

2249 5162 2673 5228 ἐπιδείκνυσθαι,
2695 5165 2743 5216 εί
2775 5165 2867 5215 καὶ
2901 5161 3040 5227 μετά
3061 5161 3233 5215 ταῦτα
3255 5159 3614 5231 μαρτυρικοῖς
3642 5155 3825 5213 ἄθλοις

2249 5255 2473 5317 ἑαυτοὺς
2497 5255 2894 5308 ἀνεκαλέσαντο
2919 5263 2933 5282 ⁸
2965 5253 3061 5307 καὶ
3090 5253 3191 5325 τὴν
3246 5249 3423 5321 Ἰησοῦ
3477 5249 3708 5318 θεότητα
3757 5243 3824 5314 ἢν

2249 5345 2513 5414 πρότερον
2541 5345 2660 5397 οὐδὲ
2687 5343 2908 5415 γλώσσῃ
2935 5343 3316 5414 παρεδέχοντο,
3359 5339 3664 5410 αῖματικαὶ
3693 5351 3826 5403 σφα-

2250 5440 2372 5505 ταῖς
2400 5439 2565 5490 πᾶσιν
2585 5438 2751 5506 ἁνεκή
2763 5436 2949 5506 ρυξαν.
2998 5435 3138 5505 Ἐγὼ
3160 5435 3217 5489 δὲ
3251 5430 3696 5496 σκανδαλίζεσθαι
3725 5425 3823 5497 μὲν

2249 5529 2379 5592 τοὺς
2408 5529 2761 5599 νομισθέντας
2803 5529 3062 5597 ἀδελφοὺς
3123 5527 3272 5599 παρά
3300 5527 3394 5580 τοῦ
3415 5525 3686 5596 Σωτῆρος,
3731 5516 3820 5571 καί·

2254 5621 2329 5693 μὴ
2383 5620 2664 5691 θεοπρεπῆ
2724 5620 2821 5690 τὴν
2856 5619 3124 5688 ὑπόληψιν
3158 5618 3278 5672 κατ’
3311 5617 3484 5689 ἀρχὰς
3522 5616 3666 5686 ἔχεν
3696 5606 3819 5676 περὶ

2251 5710 2439 5777 αὑτοῦ,
2496 5711 2584 5767 διά
2625 5728 2683 5764 τε
2744 5711 2803 5764 τὺ
2843 5709 3134 5780 πρόϐλημα
3195 5712 3293 5780 τῆς
3348 5707 3548 5780 σαρκὸς
3596 5700 3816 5769 καὶτῆς
