4144 6444
265 313 374 382 381
1277 322 1377 382 AD
1440 320 2046 384 AMPHILOCHIUM
2099 319 2449 395 QUIESTIO
2495 321 2593 382 LI.
3477 314 3586 382 382

265 436 416 510 ὑπὲρ
487 435 617 490 νοῦν
671 436 1134 507 συγκαταϐἀσεως
1193 437 1289 491 τοῦ
1355 439 1538 508 λόγου,
1595 439 1676 511 τῷ
1707 456 1887 511 παρα-

1995 439 2435 495 extraordinario
2462 447 2516 494 et
2544 435 2919 508 magnitudine
2945 449 3057 491 non
3085 448 3252 506 posse
3295 434 3459 490 simul
3497 446 3586 489 at-

262 529 410 599 δόξῳ
455 529 551 582 καὶ
622 528 846 601 μεγέθει
915 529 990 600 μὴ
1055 528 1317 583 δύνασθαι
1377 531 1729 600 συνεπαίρειν
1791 533 1886 584 καὶ

1992 533 2178 588 tollere
2209 540 2266 586 et
2310 532 2598 586 sublevare
2650 531 3060 602 cogitationem,
3117 529 3444 584 venerandis
3496 543 3586 584 me

267 617 615 688 συνανυψοῢν
689 619 792 690 τὴν
863 618 1148 683 διάνοιαν,
1208 619 1318 672 τῶν
1399 619 1717 691 σεϐασμίων
1811 636 1879 690 με

266 712 434 768 τοῦτο
466 712 683 781 Λογίων
714 712 1096 775 διδασκόντων,
1137 713 1236 766 οὐκ
1270 712 1490 783 ἀμαθής
1513 715 1629 783 εξμι
1653 729 1667 744 ⁸
1697 713 1780 767 ὅτι
1809 713 1866 766 δὲ

273 807 441 878 μέχρι
473 805 669 860 τούτου
697 804 969 877 προῆλθον
1033 804 1359 877 μοχθηρίας,
1391 805 1466 870 ὡς
1491 806 1588 858 καὶ
1617 805 1880 875 δαιμονᾷν

270 901 369 954 καὶ
389 899 676 963 ἐξεστᾶναι
709 897 805 950 καὶ
841 895 1055 968 φρενῶν
1081 896 1394 969 ἀρρωστίαν
1437 896 1605 952 αὑτοῦ
1641 913 1879 966 κατηγο-

276 994 413 1064 ρεῖν,
452 990 553 1062 οὐχ
619 989 822 1062 ὁμοίως
862 988 1111 1045 τίθεσθαι
1171 989 1296 1043 οὐδὲ
1322 992 1626 1062 συγχωρεῖν
1665 985 1777 1052 οἶός
1814 988 1876 1042 τέ

274 1087 413 1153 εἰμι.

854 1176 1189 1230 ΕΡΩΤΗΣΙΣ
1219 1173 1347 1230 ΝΑ¹.

277 1270 436 1324 Atat!
463 1270 571 1324 τόν
592 1269 964 1336 παράδεισον
1001 1270 1342 1338 ἐφύτευσεν
1364 1270 1397 1322 ό
1425 1269 1591 1335 Θεὸς,
1620 1268 1870 1337 μέλνίων

449 1341 633 1408 εὐθὺς
663 1341 986 1396 ἐκϐάλλειν
1009 1341 1117 1394 τὸν
1171 1340 1352 1410 Ἀδὰμ
1379 1339 1448 1405 ἐξ
1478 1339 1706 1404 αὑτοῦ;

1987 624 2094 679 hoc
2129 624 2368 678 oraculis
2402 622 2747 696 docentibus,
2798 637 2907 676 non
2959 623 3187 692 ignarus
3217 637 3336 676 sum
3383 639 3398 674 :
3435 621 3585 691 quod

1984 724 2166 770 autem
2195 729 2368 782 usque
2394 727 2459 768 eo
2488 712 2762 784 progressi
2798 712 2908 767 sint
2940 711 3215 780 nequitia,
3245 723 3303 764 ut
3337 721 3391 765 et
3411 725 3441 764 a
3471 710 3585 764 daa-

1984 821 2148 862 mone
2197 807 2286 876 agi
2341 813 2398 862 et
2447 806 2503 860 in
2552 805 2792 858 furorem
2845 817 3066 855 versum
3111 815 3234 856 esse
3263 809 3318 855 et
3367 808 3582 854 mentes

1986 898 2269 954 inﬁrmum
2314 913 2441 953 eum
2473 911 2597 952 esse
2641 894 3034 958 insimulariut,
3086 906 3194 946 non
3239 891 3443 962 pariter
3481 906 3582 962 po.

1989 1005 2125 1048 nere
2151 1006 2256 1048 nec
2287 991 2588 1048 concedere
2609 1003 2710 1060 par
2737 1002 2881 1044 sum.

2437 1165 2771 1235 QUAESTIO
2800 1165 2867 1220 Ll
2907 1164 3006 1237 [αί.
3050 1162 3138 1234 1.].

2025 1262 2203 1328 Quare
2236 1261 2554 1331 paradisum
2582 1257 2851 1331 plantavit
2880 1252 3337 1331 Deus,Adamum
3365 1252 3550 1306 statim

2536 1327 2658 1385 inde
2695 1329 3013 1399 expulsurus
3031 1327 3058 1381 Ρ

1515 1477 1661 1528 Edita
1701 1491 1729 1525 a
1752 1474 1895 1536 Maio,
1932 1473 1967 1522 l.
1993 1485 2060 1533 (κ,
2086 1485 2134 1534 p.
2158 1471 2324 1520 33-53.

349 1587 474 1641 Τῶν
524 1589 622 1660 μὲν
667 1589 998 1662 ἀπορρήτων
1021 1589 1116 1644 καὶ
1171 1588 1498 1661 κρειττόνων
1530 1589 1564 1661 ἢ
1592 1589 1872 1661 ζητεῖσθαι

2045 1582 2407 1640 lneﬂ‘abilium
2453 1581 2676 1653 quidem
2724 1589 2780 1637 et
2820 1578 3274 1636 excellentiorum
3317 1590 3486 1646 quam
3523 1583 3585 1630 ut

279 1683 376 1736 καὶ
431 1680 970 1753 καταλαμϐάνεσθαι,
1031 1680 1230 1752 Παύλῳ
1274 1683 1372 1752 μὲν
1421 1683 1517 1736 καὶ
1571 1685 1682 1746 τοῖς
1731 1681 1875 1736 κατά

279 1773 494 1827 Παῦλον
521 1773 656 1844 πρὸς
683 1774 782 1844 τὴν
807 1773 1042 1845 θεωρίαν
1071 1774 1480 1828 ἀνατείνεσθαι·
1519 1771 1644 1826 οὔτε
1672 1774 1873 1827 ἀδύνα-

277 1883 371 1920 τον
397 1865 618 1934 γέγονεν
647 1863 772 1919 οὗτε
820 1865 1086 1938 σφαλερόν
1109 1884 1122 1899 ·
1151 1867 1265 1920 ὅσοι
1297 1867 1355 1920 δὲ
1422 1866 1501 1938 τῷ
1548 1867 1759 1938 σαρκίῳ
1783 1867 1877 1920 καὶ

277 1957 390 2010 τῶν
433 1955 599 2010 αὑτοῦ
647 1956 970 2028 θελημάτων
1011 1956 1088 2028 τῷ
1129 1957 1287 2028 βάρει
1347 1957 1875 2028 συγκαθελκόμεθα,

279 2051 390 2104 οὐδ’
413 2050 588 2105 ἄλλων
622 2052 757 2120 ἡμῖν
790 2052 949 2121 χεῖρα
979 2051 1366 2122 φιλάνθρωπον
1397 2051 1489 2103 καὶ
1529 2049 1871 2122 χειραγωγὸν

281 2143 701 2212 προτεινόντων,
724 2142 948 2214 ἀσφαλῆ
975 2142 1256 2214 δυνάμεθα
1285 2143 1385 2214 τὴν
1413 2143 1652 2211 ἄγουσαν
1690 2142 1876 2214 τρίϐον

281 2233 417 2305 πρός
433 2251 482 2286 τι
501 2232 832 2304 ὑψηλότερον
851 2234 943 2284 καὶ
967 2231 1108 2303 ὑπὲρ
1132 2232 1280 2302 ἡμᾶς
1303 2230 1658 2300 ποιήσασθαι.
1687 2229 1873 2301 Ταύτῃ

280 2343 362 2380 τοι
388 2327 484 2380 καὶ
517 2326 552 2397 ἠ
594 2325 938 2397 παραίνεσις,
970 2344 988 2376 ι
1031 2322 1406 2390 Χαλεπὼτερά
1439 2340 1534 2376 σου
1585 2323 1659 2394 μὴ
1693 2321 1872 2394 ζήτει,

283 2421 438 2492 φησὶ,
476 2420 571 2474 καὶ
598 2416 942 2490 ἰσχυρώτερά
967 2435 1060 2470 σου
1095 2417 1168 2489 μὴ
1199 2415 1419 2484 ἐξέταζε
1442 2433 1456 2447 ·
1505 2437 1523 2468 ι
1558 2415 1699 2486 πλὴν
1729 2415 1877 2469 ἐπεί-

284 2527 392 2580 περ
424 2513 456 2582 ή
493 2510 645 2581 πηγὴ
676 2508 779 2579 τῆς
802 2509 994 2579 σοφίας
1032 2509 1251 2578 καὶτῆς
1291 2507 1649 2578 ἀγαθότητος,
1687 2507 1876 2576 φιλαν-

285 2602 527 2676 θρώποις
579 2603 729 2674 ήμᾶς
777 2600 1110 2670 ὑποσχέσεσι
1164 2598 1482 2670 δεξιουμένη
1518 2639 1534 2662 ,
1569 2619 1588 2649 ‹
1637 2600 1874 2660 Αἰτεῖτε,

287 2694 751 2766 παρεκελεύσατο,
808 2693 903 2746 καὶ
932 2691 1215 2762 δοθήσεται
1277 2693 1405 2763 ύμῖν
1427 2709 1440 2722 ·
1481 2692 1710 2762 κρούετε
1731 2734 1746 2757 ,
1782 2691 1878 2746 καὶ

288 2787 658 2856 ἀνοιγήσεται,
680 2806 698 2837 ι
730 2785 904 2856 ταύτῃ
931 2787 1003 2856 τῇ
1034 2783 1338 2855 ἐπαγγελίᾳ
1372 2785 1469 2854 τῆς
1504 2784 1874 2838 ἐνυποστάτου

288 2877 545 2949 ἀληθείας
577 2875 896 2938 πεποιθότες
926 2874 1020 2928 καὶ
1046 2873 1380 2946 κρούσαντες
1405 2874 1502 2927 καὶ
1526 2874 1874 2944 αἰτήσαντες,

287 2971 334 3024 εξ
361 2945 418 3022 δέ
445 2968 655 3022 δέδοται
697 2967 792 3021 καὶ
823 2945 1122 3038 ήνέῳκται,
1156 2965 1390 3038 δηλώσει
1420 2968 1448 3021 ό
1483 2967 1660 3037 λόγος.
1695 2969 1882 3038 Φαμὲν
1909 2945 1952 3003 c

286 3063 416 3126 ὡςὸ
444 3061 579 3124 Θεὸς
630 3060 896 3130 ἐφύτευσε
946 3061 1039 3114 τὸν
1081 3059 1428 3131 παράδεισον,
1472 3061 1533 3113 οὐ
1580 3060 1672 3115 τὸν
1713 3061 1886 3132 Ἀδὰμ

290 3155 504 3209 ἐκεῖθεν
533 3153 694 3217 εὐθὺς
725 3153 934 3225 μέλλων
962 3152 1209 3206 ἐλαύνειν
1255 3169 1270 3183 ⁸
1301 3153 1424 3207 ούδέ
1455 3153 1562 3226 γὰρ
1591 3153 1698 3207 οὐδ’
1723 3153 1883 3224 ἔμελ-

291 3247 385 3300 λεν
423 3246 532 3300 οὐδ’
568 3245 718 3299 ἔθετο
773 3244 976 3300 σκοπὸν
1008 3245 1165 3317 χερσὶ
1194 3245 1537 3300 διαπλάττων
1565 3245 1657 3300 τὸν
1687 3246 1884 3316 Ἀδὰμ,

297 3337 396 3389 καὶ
427 3335 753 3405 παράδεισον
791 3335 1138 3406 φυτουργιῶν
1169 3335 1460 3408 ὑπερόριον
1484 3337 1647 3402 εὐθὺς
1677 3337 1887 3392 ἐκεῖθεν

298 3430 494 3489 ποιεῖν,
521 3427 615 3480 καὶ
642 3427 741 3497 τῆς
772 3427 1166 3499 ἀφορισθείσης
1187 3427 1338 3499 αὐτῷ
1374 3428 1654 3500 μακαρίας
1685 3431 1890 3498 διαγω-

297 3523 422 3592 γῆςο
452 3518 567 3573 ἀλλ’
607 3520 813 3583 ἐκεῖνος
836 3519 927 3572 τὸν
955 3519 1120 3589 νόμον
1147 3519 1248 3591 τῆς
1270 3519 1491 3591 ἐντολῆς
1509 3521 1590 3584 είς
1631 3519 1889 3592 ἀθέτησιν

296 3611 490 3675 λύσας,
526 3613 620 3665 καὶ
663 3611 765 3681 τήν
831 3610 999 3682 ἄλλην
1054 3611 1395 3684 εὐφροσύνην
1434 3613 1516 3677 είς
1544 3611 1724 3685 λύπην
1761 3629 1890 3684 μετ-

294 3705 548 3776 ήνεγκεν,
574 3703 782 3758 καὶτοῦ
802 3703 1134 3775 παραδείσου
1154 3703 1255 3774 τὴν
1277 3703 1506 3776 ἐκϐολὴν
1535 3705 1889 3776 συνεισήνεγ-

295 3811 416 3848 κενο
456 3793 580 3846 ἐπεὶ
629 3791 822 3864 ὥσπερ
854 3792 1085 3847 θάνατον
1114 3792 1143 3845 ὁ
1176 3791 1310 3856 Θεὸς
1335 3792 1434 3846 οὐκ
1468 3792 1745 3863 ἐποίησεν,
1772 3792 1889 3847 ἀλλ’

297 3889 355 3940 ἐν
377 3885 660 3959 ἀρραϐὦνι
685 3885 784 3956 τῆς
802 3883 1102 3948 ἀθανασίας
1122 3884 1212 3938 τδν
1240 3883 1528 3955 ἄνθρωπον
1545 3885 1818 3939 ἐπλαστού
1827 3904 1889 3956 ρ-

297 3995 488 4049 γησεν,
517 3975 690 4040 οὕτως
729 3976 850 4029 οὐδὲ
886 3974 981 4028 τοῦ
1029 3974 1181 4044 ἱεροῦ
1234 3974 1460 4046 χωρίου,
1484 3975 1604 4028 οὐδὲ
1641 3977 1741 4046 τῆς
1780 3993 1888 4047 μα-

299 4069 498 4141 καρίας
532 4067 694 4122 αὐτὸν
726 4069 938 4139 τρυφῆς
995 4064 1358 4137 ὑπερώρισεν·
1397 4065 1512 4119 ἀλλ’
1542 4066 1711 4130 αὐτὸς
1746 4066 1888 4120 ὁτοῦ

301 4160 643 4228 παραδείσου
714 4159 932 4230 πρῶτος
997 4157 1261 4228 πολίτης,
1328 4159 1397 4229 τῇ
1461 4155 1740 4229 συμϐουλῇ
1797 4157 1890 4210 τοῦ

1983 1676 2337 1747 inquirantur
2367 1688 2421 1732 et
2445 1675 3010 1746 comprehendantur,
3033 1672 3204 1729 Paulo
3239 1681 3292 1728 et
3312 1671 3584 1728 similibus

1993 1768 2149 1824 Pauli
2185 1771 2253 1824 ad
2284 1768 2802 1838 contemplationem
2838 1765 3037 1831 attolli,
3075 1779 3186 1820 non
3238 1763 3584 1834 impossibile

1989 1863 2093 1918 fuit
2131 1877 2310 1932 neque
2351 1861 2625 1918 lubricum
2673 1879 2687 1914 :
2731 1861 3047 1930 quicunque
3087 1867 3270 1914 autem
3317 1872 3486 1913 carne
3528 1865 3585 1912 et

1988 1955 2110 2027 ejus
2142 1954 2488 2011 voluntatum
2524 1954 2765 2025 pondere
2804 1953 2968 2009 simul
2993 1953 3252 2007 deorsum
3283 1951 3579 2016 trahimur,

1998 2065 2067 2104 ne
2113 2049 2236 2104 aliis
2266 2049 2485 2119 quidem
2530 2047 2691 2102 nobis
2720 2061 2946 2101 manum
2995 2045 3314 2101 benevolum
3371 2053 3428 2098 et
3477 2043 3579 2097 du-

1984 2142 2207 2198 ctricem
2237 2141 2715 2213 protendentibus,
2767 2155 3018 2197 securam
3051 2155 3348 2211 possumus
3379 2138 3584 2194 ducen-

1977 2243 2086 2291 tem
2122 2236 2373 2291 semitam
2407 2234 2474 2288 ad
2504 2232 2710 2304 aliquid
2756 2234 3053 2289 sublimius
3108 2240 3162 2287 et
3216 2231 3361 2302 quod
3407 2245 3574 2300 supra

1978 2344 2082 2384 nos
2119 2329 2192 2384 sit
2212 2326 2412 2383 facere.
2435 2326 2618 2393 Quare
2638 2334 2786 2382 certe
2805 2335 2861 2382 et
2882 2325 3208 2390 admonitio,
3233 2342 3253 2376 ι
3279 2323 3581 2379 diliiciliora

1979 2429 2032 2476 te
2083 2436 2150 2476 ne
2196 2420 2497 2489 quaesieris,
2535 2419 2615 2473 ait
2661 2415 3019 2491 [Scriptura],
3052 2424 3106 2472 et
3145 2415 3372 2471 fortiora
3428 2424 3480 2470 te
3511 2430 3581 2468 ne

1980 2513 2183 2583 vestiga
2200 2513 2281 2567 θαι
2313 2531 2334 2566 ι
2361 2512 2454 2569 sed
2478 2511 2739 2582 quoniam
2765 2509 2890 2565 fons
2921 2509 3200 2580 sapientiae
3223 2517 3277 2565 et
3294 2507 3580 2570 bonitatis,

1979 2605 2232 2676 benignis
2261 2620 2363 2660 nos
2419 2601 2885 2674 promissionibus
2933 2600 3140 2673 {quasi}
3195 2600 3386 2656 dextra
3431 2599 3582 2655 exci-

1980 2697 2155 2767 piens,
2187 2717 2205 2749 ι
2232 2697 2416 2764 petite,
2445 2714 2464 2748 ι
2487 2696 2740 2751 hortatus
2763 2703 2868 2760 est,
2897 2708 2919 2746 ι
2944 2702 3000 2750 et
3023 2693 3243 2749 dabitur
3260 2693 3439 2756 vobis,
3458 2693 3584 2763 pul-

1981 2798 2121 2854 sate,
2169 2796 2225 2844 et
2269 2789 2543 2859 aperietur
2568 2788 2649 2852 3",
2688 2807 2707 2840 ι
2742 2786 2846 2843 hac
2895 2785 3318 2842 annuntiatione
3375 2784 3576 2840 insub-

1985 2881 2258 2936 stantiatae
2301 2880 2550 2936 veritatis
2596 2879 2795 2936 conﬁsi
2839 2889 2892 2935 et
2932 2877 3282 2951 pulsavimus
3335 2885 3390 2933 et
3417 2876 3578 2947 petii-

1990 2987 2134 3039 mus,
2173 2988 2302 3028 num
2330 2986 2461 3028 vero
2482 2971 2670 3027 datum
2699 2980 2754 3026 et
2783 2981 3032 3042 apertum
3065 2970 3156 3038 sit,
3185 2969 3589 3026 demonstrabit

1988 3079 2192 3120 sermo.
2225 3063 2470 3119 Dicimus
2505 3077 2536 3116 a
2576 3062 2689 3118 Deo
2726 3065 3029 3134 plantatum
3079 3077 3202 3118 esse
3243 3063 3584 3133 paradisum,

1988 3171 2096 3210 non
2138 3155 2311 3211 Adam
2365 3155 2492 3210 inde
2538 3155 2724 3210 statim
2755 3155 3046 3224 ejecturo;
3085 3169 3194 3210 non
3223 3155 3370 3210 enim
3396 3153 3586 3209 debuit

1988 3263 2090 3304 nec
2145 3247 2324 3318 potuit
2373 3262 2604 3317 scopum
2661 3247 2914 3301 manibus
2971 3244 3234 3315 etiingens
3289 3244 3467 3300 Adam
3531 3252 3589 3301 et

1990 3340 2303 3410 paradisum
2341 3340 2597 3410 plantans
2647 3347 2923 3394 extorrem
2971 3337 3155 3393 statim
3212 3336 3339 3392 inde
3381 3334 3586 3403 facere,

1988 3439 2044 3487 et
2083 3447 2116 3486 a
2157 3431 2430 3487 destinata
2457 3431 2534 3486 illi
2563 3431 2721 3487 beata
2763 3429 3185 3487 conversatione
3218 3447 3231 3483 :
3262 3438 3320 3484 at
3347 3429 3438 3484 ille
3467 3428 3588 3499 lege

1989 3524 2241 3594 praecepti
2276 3524 2330 3579 in
2353 3523 2770 3579 destitutionem
2796 3522 2999 3589 soluta,
3023 3532 3076 3578 et
3113 3522 3381 3593 reliquam
3424 3522 3586 3578 volu-

1990 3625 2193 3687 ptatem
2225 3616 2280 3672 in
2331 3616 2612 3671 tristitiam
2637 3614 2913 3671 transtulit
2932 3623 2986 3669 et
3011 3629 3042 3668 e
3073 3614 3329 3685 paradiso
3362 3614 3587 3684 ejectio-

1993 3724 2117 3764 nem
2152 3707 2316 3763 simul
2341 3708 2668 3772 introduxit,
2697 3707 2828 3777 quia
2857 3706 3002 3761 sicut
3029 3715 3263 3761 mortem
3300 3705 3447 3760 Deus
3477 3721 3586 3762 non

1992 3799 2140 3865 fecit,
2175 3800 2269 3855 sed
2321 3800 2378 3854 in
2411 3799 2576 3854 arrba
2609 3796 3045 3852 immortalitatis
3082 3796 3362 3850 hominem
3397 3797 3584 3861 tinxit,

1993 3892 2076 3950 sic
2125 3905 2228 3946 nec
2258 3906 2289 3946 e
2322 3904 2483 3947 sacro
2532 3890 2678 3955 loco,
2716 3902 2814 3944 nec
2848 3901 2915 3942 ex
2940 3886 3116 3941 beatis
3163 3885 3342 3956 ipsum
3373 3884 3588 3940 deliciis

1993 3980 2380 4038 exterminavit
2415 3996 2429 4032 :
2466 3979 2562 4036 sed
2592 3979 2708 4048 ipse
2738 3975 2975 4046 paradisi
3008 3976 3221 4045 primus
3261 3975 3420 4037 civis,
3453 3989 3590 4028 con-

1994 4073 2118 4128 silio
2147 4071 2442 4143 serpentis,
2489 4077 2764 4141 praecepto
2815 4067 3122 4136 anteposita
3152 4067 3589 4136 transgressione

1995 4165 2100 4220 sibi
2145 4173 2202 4220 et
2248 4171 2482 4219 mortem
2528 4169 2583 4217 et
2615 4159 2958 4230 -ejcctionem
3007 4173 3038 4213 e
3090 4157 3346 4228 paradiso
3393 4172 3590 4228 opera~

301 4253 502 4322 6φεως,
554 4252 654 4324 τῆς
709 4251 928 4322 ἐντολῆς
991 4252 1338 4322 προτιμήσας
1385 4251 1487 4321 τήν
1545 4250 1888 4320 παράϐασιν,
1928 4287 1969 4341 D
1999 4265 2090 4314 ιιιε
2118 4265 2224 4313 εει,

305 4343 487 4415 ἐαυτῷ
517 4345 614 4398 καὶ
645 4344 736 4397 τὸν
771 4343 1004 4397 θάνατον
1042 4343 1137 4396 καὶ
1187 4343 1288 4414 τὴν
1321 4341 1552 4415 ἐκϐολὴν
1580 4342 1673 4396 τοῦ
1711 4359 1891 4415 παρα-

304 4438 484 4492 δείσου
513 4437 938 4511 κατειργάσατο.

383 4529 644 4602 Δεύτερον
680 4530 738 4583 δὲ
769 4529 876 4583 οὐδ’
907 4528 1067 4583 εἴωθε
1095 4529 1156 4583 τὸ
1180 4529 1335 4583 Θεῖον
1371 4528 1442 4582 τά
1463 4528 1570 4583 τῶν
1594 4528 1898 4601 ἀνθρώπων

310 4621 558 4692 παρορᾷν
583 4619 1056 4692 πλημμελήματα,
1090 4621 1180 4675 τὸν
1210 4622 1289 4684 είς
1313 4620 1513 4684 αὐτοὺς
1546 4623 1644 4691 τῆς
1682 4621 1897 4692 εὐεργε-

312 4713 434 4775 σίας
466 4709 696 4765 πλοῦτον
737 4711 832 4764 καὶ
865 4711 963 4774 τὰς
988 4710 1199 4781 δωρεάς
1231 4709 1600 4764 ἀναστέλλειν·
1639 4710 1748 4763 οὐδ’
1777 4709 1900 4763 ἐθέ-

309 4805 392 4857 λει
417 4804 524 4857 τῶν
559 4803 1052 4875 πλημμελημάτων
1085 4802 1389 4873 λαμϐάνειν
1411 4801 1512 4873 τὴν
1538 4801 1716 4873 δίκην,
1746 4800 1901 4855 οὔπω

309 4894 403 4948 τοῦ
439 4895 790 4966 τολμήματος
833 4896 916 4957 εἰς
958 4893 1119 4965 ἔργον
1154 4893 1606 4965 προεληλυθότος·
1637 4892 1780 4946 οὕτω
1807 4893 1900 4947 καὶ

309 4986 417 5040 τῶν
447 4986 758 5056 ἀσωμάτων
782 4986 1070 5056 δυνάμεων
1105 4985 1198 5038 τὸν
1225 4985 1538 5040 ἀποστάντα
1580 4983 1680 5053 τῆς
1736 4983 1900 5038 αὐτοῦ

310 5078 569 5151 προνοίας
597 5078 690 5132 καὶ
718 5077 1058 5149 ἀγαθότητος
1087 5076 1267 5143 εἰδὼς,
1310 5076 1406 5130 καὶ
1434 5076 1536 5147 τὴν
1563 5077 1904 5129 συναποστᾶ-

311 5188 410 5226 σαν
445 5169 598 5243 αύτῷ
629 5170 823 5243 μερίδα
850 5171 1003 5242 ὅμως
1055 5171 1397 5242 προήνεγκεν
1453 5167 1774 5239 ἀγαθότητι,
1809 5167 1904 5222 καὶ

308 5262 638 5336 δημιουργεῖ
668 5263 768 5335 μὲν
808 5264 882 5326 ὡς
913 5265 1195 5335 ἑωσφόρον
1226 5264 1318 5317 τὸν
1355 5261 1696 5333 ἀποστάτην,
1727 5260 1904 5332 μηδα-

310 5356 429 5428 μῶς
463 5357 563 5427 μὲν
603 5355 664 5422 ἐξ
693 5349 768 5412 ὧν
797 5355 1024 5427 ὕστερον
1069 5356 1162 5410 τὸν
1189 5357 1287 5427 τῆς
1311 5354 1704 5426 ἀγνωμοσύνης
1735 5354 1902 5408 ὑπέδυ

308 5447 497 5518 ζόφον,
538 5449 678 5520 μήτε
737 5450 836 5520 τῆς
872 5449 1238 5521 δημιουργίας
1295 5447 1708 5518 ἀποστερήσας,
1766 5446 1903 5516 μήτε

305 5540 408 5612 τῆς
464 5540 875 5615 λαμπρότητοςο
917 5543 1232 5597 ἀποστάντα
1271 5541 1329 5595 δέ
1384 5542 1478 5594 καὶ
1502 5540 1578 5605 ὼς
1616 5538 1903 5612 ἀστραπὴν

305 5631 401 5686 τοῦ
427 5632 664 5704 ούρανοῦ
695 5634 935 5690 πεσόντα
965 5633 1112 5701 ἰδὼν,
1150 5634 1250 5706 τὴν
1300 5633 1458 5704 δίκην
1509 5632 1724 5706 ἀφῆκεν
1784 5633 1898 5685 είσ-

379 5794 428 5829 “
463 5793 656 5855 Matth.
689 5811 788 5865 vtt,
837 5800 888 5854 7.
969 5799 1014 5832 ⁸⁷
1051 5797 1222 5853 Eecli.
1263 5813 1344 5862 ιιι,
1374 5795 1465 5851 ‘22.

2073 4519 2331 4576 Secundo
2363 4531 2544 4575 autem
2575 4534 2684 4574 non
2716 4518 2855 4574 solet
2900 4517 3147 4574 divinum
3181 4514 3441 4589 [Numen]
3489 4515 3590 4571 bo-

2000 4611 2213 4666 minum
2266 4609 2548 4680 despicere
2576 4610 2961 4681 negligentias,
3010 4608 3064 4662 in
3095 4624 3193 4664 eos
3218 4607 3592 4663 beneﬁcentiae

2002 4707 2223 4762 divitias
2253 4715 2307 4761 et
2353 4705 2496 4760 dona
2527 4705 2817 4771 inhibere;
2848 4720 2948 4760 nec
2981 4703 3202 4759 volebat
3232 4703 3592 4775 negligentia-

2001 4815 2124 4855 rum
2161 4814 2382 4856 sumere
2409 4814 2650 4870 poenam,
2677 4798 2921 4855 nondum
2953 4813 3092 4853 ausu
3138 4797 3193 4851 in
3235 4795 3438 4852 factum
3459 4810 3592 4868 pro-

2003 4908 2193 4965 gresso
2232 4911 2246 4947 :
2291 4894 2365 4948 ita
2397 4901 2451 4948 et
2478 4893 2546 4947 ab
2593 4892 3020 4962 ineorporalium
3049 4891 3250 4947 virtute
3286 4899 3591 4961 apostatam

2006 4983 2182 5056 ipsius
2237 4983 2596 5055 providentiae
2644 4993 2700 5039 et
2734 4983 3000 5038 bonitatis
3035 4983 3241 5048 sciens,
3270 4991 3325 5038 et
3358 4981 3592 5052 compli-

2006 5092 2124 5131 cem
2152 5077 2274 5147 ejus
2301 5077 2593 5146 apostasia:
2623 5085 2838 5148 partem
2865 5086 3047 5132 tamen
3082 5076 3310 5146 protulit
3337 5091 3404 5131 ex
3438 5075 3595 5130 boni-

2007 5173 2136 5228 tate,
2167 5174 2221 5220 et
2249 5174 2401 5220 creat
2430 5166 2650 5236 quidem
2677 5173 2739 5220 ut
2766 5165 3056 5222 luciferum
3083 5173 3412 5235 apostatam,
3441 5164 3594 5219 nullo

2008 5256 2171 5313 modo
2195 5272 2260 5312 eo
2287 5258 2433 5328 quod
2456 5258 2710 5328 deinceps
2737 5259 2792 5314 in
2824 5259 3021 5328 ingrati
3051 5259 3221 5312 animi
3257 5259 3418 5314 irruit
3442 5267 3593 5314 tene-

2009 5350 2180 5415 bras,
2235 5367 2414 5422 neque
2463 5351 2741 5407 creatione
2799 5353 3044 5423 privans,
3101 5366 3278 5421 neque
3332 5349 3590 5420 fulgore:

2008 5449 2313 5513 apostatam
2360 5453 2544 5499 autem
2591 5452 2647 5499 et
2692 5445 2853 5514 quasi
2908 5443 3090 5515 fulgur
3137 5443 3261 5499 coeli
3308 5443 3594 5499 cadentem

2008 5536 2221 5604 videns,
2279 5551 2498 5607 poenam
2546 5536 2757 5594 dimisit
2808 5537 3040 5608 irrogari
3099 5537 3430 5592 extollentia:
3478 5551 3595 5592 :ea

2009 5627 2285 5688 Creatoris
2328 5629 2475 5686 circa
2527 5639 2811 5687 creaturas
2857 5629 3165 5687 oeconomia
3208 5637 3263 5686 et
3311 5628 3593 5687 discretio.
