4144 6444
528 308 633 372 383

1704 303 1972 391 ΙἸΙΟΤΙΙ
2003 300 2514 365 ΡΑΤΒΙΑΠΟΙΙᾹΞ
2544 301 2653 363 CP.

3708 290 3818 355 384

527 416 653 469 Ideo
686 411 788 467 etsi
821 416 1149 483 peccaturus
1185 418 1306 466 erat
1352 410 1527 467 Adam
1559 418 1608 467 et
1636 412 1993 482 expellendus
2027 428 2125 484 pa-

2244 411 2566 485 τράττεσθαι
2603 408 2704 479 τῆς
2735 408 3043 478 ἐπάρσεως·
3084 402 3311 475 τοιαύτη
3344 401 3440 456 τοῦ
3469 400 3817 473 Δημιουργοῦ

528 503 735 569 radiso,
770 502 1136 558 nihilominus
1165 501 1399 558 decebat
1422 503 1703 559 Creatoris
1733 505 2034 561 bonitatem
2067 515 2123 560 et

531 594 798 651 rationale
827 593 1033 648 animal
1084 595 1423 649 constituere
1459 595 1759 661 hominem,
1811 604 1867 650 et
1908 596 2125 665 paradi-

529 702 651 743 sum
689 687 745 742 in
772 700 884 756 quo
915 700 1251 740 conversans
1277 686 1469 741 beatus
1488 696 1628 752 erat,
1655 695 1710 741 at
1731 703 1839 741 non
1872 688 2128 758 pulcher-

529 780 729 833 rimum
757 788 1103 833 terrenarum
1139 792 1366 847 operum
1413 779 1661 834 inhibere
1688 789 1912 850 propter
1944 780 2120 834 Adam

532 866 1056 937 transgressionem,
1091 875 1146 920 et
1208 868 1670 938 transgressionis
1711 869 1965 925 eﬂ‘ectum
1996 891 2008 925 ε
2044 878 2129 925 et-

528 959 675 1014 enim
726 974 945 1029 semper
972 957 1218 1013 divinum
1262 958 1544 1031 [Numen],
1594 962 1740 1032 quod
1773 963 1945 1033 ipsius
1974 961 2125 1036 [est],

531 1051 663 1107 facit
722 1051 1037 1121 perenniter
1088 1052 1357 1107 scaturire
1410 1051 1615 1107 ﬂuenta
1673 1054 2024 1125 indulgentia:
2075 1065 2129 1110 et

535 1143 838 1210 bonitatis,
901 1147 1111 1213 peccati
1176 1156 1306 1199 vero
1369 1147 1597 1202 audacis
1668 1148 1967 1202 vindictam
2033 1148 2132 1203 ad-

534 1237 684 1291 ducit
732 1253 746 1291 :
800 1238 1164 1293 insanabilem
1206 1255 1237 1295 a
1283 1240 1487 1296 delicto
1542 1242 1757 1312 plagam
1804 1252 1859 1298 et
1902 1244 2129 1300 vulnera

538 1340 762 1381 manere
802 1338 857 1382 et
893 1328 1171 1382 hominem
1217 1344 1327 1383 non
1372 1331 1561 1386 sinens
1602 1332 1819 1387 absumi
1854 1349 1867 1387 :
1901 1342 1956 1388 et
1980 1349 2130 1389 nunc

536 1418 770 1489 praevisa
830 1430 914 1473 est
955 1419 1176 1491 quidem
1220 1423 1604 1492 transgressio,
1658 1424 1889 1493 praevisa
1942 1433 2028 1479 est
2075 1432 2132 1480 et

537 1510 733 1577 ejectio
769 1525 781 1562 :
813 1510 1244 1578 pulcherrimum
1286 1527 1419 1568 vero
1463 1522 1804 1569 terrenorum
1835 1516 2128 1571 artiﬁcium

536 1616 762 1671 operum
827 1601 1116 1671 paradisus
1170 1601 1238 1656 ad
1289 1602 1763 1659 insubsistentiain
1817 1622 1915 1676 per
1958 1605 2129 1661 Adam

540 1706 650 1747 non
696 1692 989 1748 remissum
1022 1702 1108 1748 est
1136 1710 1149 1747 :
1178 1693 1383 1749 idcirco
1419 1704 1473 1748 et
1512 1694 1767 1765 producit
1795 1697 1939 1753 lmne
1963 1695 2130 1763 Deus,

2227 506 2261 575 ἠ
2294 504 2421 573 περὶ
2448 503 2519 556 τὰ
2546 502 3009 573 δημιουργήματα
3054 497 3339 567 οἰκονομία
3388 497 3487 550 καὶ
3524 497 3815 566 διάκρισις.

2226 595 2319 648 Διὸ
2349 593 2451 647 κᾶν
2485 592 2714 663 ἔμελλεν
2746 594 2775 645 ό
2817 591 2991 661 Ἀδὰμ
3040 590 3379 661 ἁμαρτάνειν
3422 589 3521 643 καὶ
3567 589 3822 642 ἐκϐάλλε-

2230 691 2357 743 σθαι
2386 687 2482 743 τοῦ
2513 686 2865 756 παραδείσου,
2898 684 3054 737 οὐδὲν
3077 679 3241 755 ἦττον
3272 682 3556 752 ἒπρεπετῇ
3586 680 3681 735 τοῦ
3714 684 3823 753 Δη-

2231 780 2494 854 μιουργοῢ
2525 777 2825 848 ἀγαθότητι
2849 777 2945 830 καὶ
2967 774 3187 844 λογικὸν
3222 774 3361 839 ζῶον
3393 772 3705 843 ὑποστῆσαι
3726 772 3821 825 τὸν

2228 873 2538 945 ἄνθρωπον,
2569 870 2771 925 καὶτὸν
2790 868 3119 941 παράδεισον
3146 868 3206 921 ἐν
3227 861 3271 935 ᾧ
3288 865 3652 935 διαιτώμενος
3684 865 3823 935 ἐμα-

2229 964 2508 1037 καρίζετο,
2541 962 2680 1018 ἀλλὰ
2705 960 2779 1033 μὴ
2809 961 2869 1014 τὸ
2897 959 3183 1014 κάλλιπον
3205 958 3318 1012 τῶν
3350 958 3613 1026 ἐπιγείων
3642 957 3826 1029 ἔργων

2230 1057 2473 1125 ἐπισχεῖν
2493 1056 2583 1109 διὰ
2602 1054 2701 1125 τὴν
2729 1054 2824 1107 τοῦ
2861 1053 3034 1124 Ἀδὰμ
3056 1050 3372 1123 παράϐασίν
3386 1067 3445 1104 τε
3472 1050 3569 1103 καὶ
3596 1051 3695 1122 τῆς
3717 1067 3827 1103 παο

2234 1151 2519 1223 ρα6άσεως
2549 1150 2856 1222 εἴσπραξιν·
2891 1149 2985 1202 καὶ
3010 1146 3120 1217 γὰρ
3155 1144 3330 1200 ἀεὶτὸ
3359 1144 3517 1197 Θεῖον
3539 1144 3600 1196 τὸ
3630 1143 3827 1197 ἑαυτοῦ

2234 1244 2380 1295 ποιεῖ
2406 1241 2648 1306 ὰεννάως
2677 1240 2777 1311 μὲν
2800 1240 2987 1313 βρύειν
3012 1240 3080 1293 τὰ
3102 1238 3314 1310 νάματα
3338 1237 3437 1307 τῆς
3464 1235 3830 1309 χρηστότητος

2234 1335 2329 1389 καί
2354 1334 2453 1405 τῆς
2470 1334 2828 1404 ἀγαθότητος,
2852 1336 2948 1405 τῆς
2970 1331 3247 1403 ἁμαρτίας
3261 1330 3331 1383 ³δέ
3348 1328 3710 1400 τολμωμένης
3729 1326 3830 1400 τὴν

2231 1424 2503 1497 τιμωρίαν
2518 1425 2737 1493 ἐπάγει·
2760 1424 2977 1477 ἀνίατον
2989 1423 3085 1494 τὴν
3108 1422 3217 1475 ἀπὸ
3238 1420 3333 1475 τοῦ
3357 1419 3653 1491 πλημμελή
3663 1436 3830 1490 ματος

2234 1519 2450 1591 πληγὴν
2483 1519 2579 1573 καὶ
2607 1518 2675 1571 τὰ
2701 1516 2996 1589 τραύματα
3045 1513 3319 1585 διαμένειν
3348 1513 3445 1567 καὶ
3493 1511 3585 1564 τὸν
3616 1511 3829 1581 άνθρω-

2234 1627 2336 1663 πον
2368 1609 2469 1662 οὑκ
2503 1607 2832 1679 ἀνεχόμενον
2890 1603 3320 1675 κατανέμεσθαι·
3362 1604 3459 1657 καὶ
3490 1602 3587 1655 νῦν
3615 1618 3831 1673 προεωο

2241 1702 2372 1771 ρᾶτο
2406 1700 2504 1770 μὲν
2533 1700 2567 1770 ἡ
2616 1698 2952 1769 παράὸασις,
3002 1696 3323 1766 προεωρᾶτο
3350 1693 3407 1747 δὲ
3434 1695 3467 1763 ἡ
3510 1692 3735 1764 ἐκὸολὴ·
3767 1694 3830 1744 τὸ

539 1795 594 1839 et
633 1782 806 1838 Adam
839 1785 892 1837 in
938 1784 1237 1855 jucundam
1271 1788 1512 1841 reSIituit
1552 1799 1782 1853 sortem,
1826 1798 2134 1861 transgres-

2244 1790 2291 1844 se
2334 1789 2620 1843 κάλλιστον
2677 1789 2787 1843 τῶν
2845 1786 3106 1856 ἐπιγείων
3155 1784 3528 1855 φιλοτέχνημα
3573 1782 3754 1855 ἔργων
3806 1784 3836 1835 ό

539 1889 661 1931 sum
726 1892 858 1933 vero
912 1893 1136 1935 manere
1187 1879 1367 1935 adhuc
1417 1887 1472 1936 et
1522 1881 1733 1937 deliciis
1781 1882 1885 1937 frui
1933 1883 2134 1953 quibus

542 1969 740 2023 t'ruitus
789 1979 938 2025 esset
976 1971 1148 2041 legem
1197 1987 1445 2036 servans,
1485 1972 1716 2041 iustitia:
1744 1991 1851 2030 non
1885 1975 2137 2045 permisit

539 2062 903 2132 ineorruptio.
960 2062 1145 2119 Tertio
1174 2078 1302 2117 vero
1346 2065 1446 2119 etsi
1485 2066 1817 2135 plasmatum
1870 2068 2044 2123 Adam
2078 2067 2133 2123 in

539 2154 796 2225 paradiso
817 2156 1039 2222 locavit,
1066 2171 1174 2210 non
1198 2165 1379 2213 tamen
1402 2157 1550 2212 hunc
1572 2158 1795 2229 quidem
1821 2159 2002 2216 solum
2028 2160 2136 2215 tale

539 2260 603 2301 ac
636 2255 844 2301 tantum
880 2248 1073 2303 statuit
1103 2249 1422 2314 artificium,
1467 2267 1565 2321 per
1613 2267 1808 2309 omnes
1838 2268 1969 2309 vero
1997 2251 2137 2309 nihil

538 2339 740 2403 minus,
782 2340 828 2394 si
865 2355 973 2393 non
1010 2350 1063 2395 et
1110 2343 1287 2412 magis
1327 2343 1423 2411 qui
1468 2358 1535 2400 ex
1564 2343 1739 2398 Adam
1768 2380 1783 2411 ,
1821 2344 2138 2415 quicunque

538 2442 994 2501 supervenustum
1029 2440 1085 2487 et
1134 2436 1449 2504 speciosum
1497 2436 1817 2506 ﬁgmentum
1860 2435 2036 2491 Adam
2084 2446 2139 2491 et

538 2526 737 2579 divina:
766 2524 1025 2594 imaginis
1058 2525 1444 2581 intemeratum
1476 2540 1531 2584 et
1560 2527 1861 2583 indelelum
1893 2526 2133 2601 [typum]

540 2627 897 2672 servaverunt
932 2634 946 2670 :
978 2618 1260 2688 quomodo
1282 2634 1415 2690 ergo
1446 2630 1568 2673 erat
1600 2620 1827 2686 bonum,
1857 2619 2137 2690 quomodo

542 2708 762 2778 sapiens
800 2718 1024 2778 propter
1052 2726 1224 2764 unum
1256 2718 1693 2783 tranSgressum,
1725 2722 1778 2767 et
1808 2722 1922 2767 tum
1958 2726 2139 2781 neque

543 2800 721 2869 ipsum
746 2801 982 2869 posteris
1014 2803 1358 2872 temporibus
1386 2807 1666 2858 communi
1698 2804 1969 2875 privatum
2001 2803 2140 2858 frui-

544 2888 735 2957 tiune,
806 2900 1014 2946 tantam
1086 2891 1496 2948 multitudinem
1560 2896 1776 2965 privare
1838 2895 2136 2965 paradiso.

544 2993 795 3039 sanetum
849 2984 999 3038 illum
1052 2984 1237 3040 locum
1285 3002 1395 3041 non
1447 2997 1723 3043 creantem
1780 3004 1960 3059 neque
2008 2985 2136 3059 [illi]

542 3073 960 3142 praesidentem?

2239 1881 2569 1953 παράδεισος
2617 1880 2754 1951 πρδς
2804 1877 3149 1950 ἀνυπαρξίαν
3174 1876 3261 1931 διὰ
3290 1876 3382 1929 τὸν
3412 1875 3586 1946 ’Λδαμ
3610 1875 3709 1928 οὑκ
3738 1874 3837 1928 άν-

2237 1971 2541 2026 εστέλλετο·
2591 1971 2671 2025 διὸ
2704 1969 2799 2023 καὶ
2853 1970 3086 2041 προάγει
3110 1966 3299 2021 τοῦτον
3347 1967 3376 2019 ό
3426 1966 3579 2032 Θεὸς,
3613 1966 3708 2019 καὶ
3744 1965 3837 2017 τὶν

2250 2063 2422 2135 Ἀδὰμ
2460 2066 2541 2128 εἰς
2583 2063 2823 2134 τερπνὴν
2852 2060 3259 2129 ἀποκαθίστησι
3312 2058 3546 2125 δίαιταν,
3585 2056 3833 2127 παραϐε-

2239 2158 2447 2228 ϐηκότα
2472 2157 2529 2209 δέ
2566 2156 2750 2227 μένειν
2781 2155 2861 2208 ἔτι
2902 2156 2996 2209 καὶ
3044 2155 3255 2225 τρυφῆς
3286 2150 3584 2206 ἀπολαύειν
3620 2145 3688 2223 ἦς
3727 2150 3837 2205 άπ-

2240 2250 2439 2322 ήλαυεν
2481 2248 2547 2303 ἂν
2618 2246 3038 2318 νομοφυλακῶν,
3076 2245 3179 2315 τῆς
3209 2243 3555 2313 δικαιοσύνης
3596 2244 3697 2297 οὑκ
3737 2244 3838 2295 ἐπ-

2240 2343 2439 2415 έτρεπε
2465 2342 2526 2395 τὸ
2545 2340 2863 2395 ἀδέκαστον.
2886 2338 3080 2409 Τρίτον
3108 2338 3165 2391 δὲ
3189 2339 3236 2390 εἰ
3267 2339 3361 2390 καὶ
3384 2336 3839 2406 πλαστουργήσας

2238 2438 2330 2490 τὸν
2372 2434 2545 2507 ’Λδὰμ
2572 2434 2652 2505 τῷ
2689 2433 3002 2505 παραδείσῳ
3029 2429 3359 2500 κατῴκισεν,
3402 2428 3530 2483 ἀλλ’
3563 2428 3672 2481 οὐδ’
3693 2429 3840 2480 ἐκεῖέ-

2242 2546 2331 2581 νον
2394 2526 2493 2598 μὲν
2530 2526 2689 2597 μόνον
2721 2524 2782 2577 τὸ
2825 2522 3191 2577 τοιοῦτονκαί
3234 2519 3554 2590 τηλικοῦτον
3598 2519 3840 2589 ὑπεστή-

2245 2636 2377 2672 σατο
2416 2617 2807 2689 φιλοτέχνημα,
2844 2616 2933 2670 διὰ
2966 2616 3172 2679 πάντας
3225 2614 3280 2669 δὲ
3321 2614 3443 2668 οὐδὲ
3496 2612 3742 2678 ἔλαττον,
3790 2612 3840 2664 εἰ

2246 2711 2321 2782 μὴ
2366 2710 2463 2763 καὶ
2491 2708 2692 2780 μᾶλλον
2744 2709 2871 2771 τοὺς
2903 2708 2964 2772 ἐξ
3001 2707 3192 2777 ’Δδὰμ,
3226 2706 3339 2760 ὅσοι
3370 2705 3469 2776 τὴν
3518 2703 3842 2776 ὑπερκαλλῆ

2242 2804 2338 2857 καὶ
2358 2803 2566 2873 ὡραίαν
2589 2801 2877 2856 διάπλασιν
2901 2800 2994 2854 τοῦ
3020 2800 3193 2871 Ἀδάμ
3213 2800 3309 2852 καὶ
3333 2800 3432 2869 τῆς
3460 2797 3610 2862 θείας
3630 2797 3841 2861 εἰκόνος

2241 2895 2304 2947 τὸ
2355 2893 2681 2966 ἀνύϐριστόν
2710 2909 2771 2946 τε
2826 2893 2920 2946 καὶ
2964 2892 3432 2963 ἀπαραχθρακτον
3457 2889 3810 2943 διεσώσαντο·

2242 2984 2347 3041 ποῦ
2391 2984 2569 3039 τοίνυν
2594 2980 2663 3057 ἦν
2692 2986 2857 3041 καλόν
2888 3003 2905 3053 ;
2935 2984 3038 3039 ποῦ
3065 2984 3121 3038 δὲ
3167 2984 3331 3053 σοφὸν
3353 2982 3422 3037 δι’
3471 2982 3566 3035 Eva
3594 2980 3843 3053 παραόεά

2242 3078 2474 3151 δηκότα,
2512 3077 2609 3132 καί
2656 3079 2780 3132 τότε
2820 3078 2956 3150 μηδ’
3008 3078 3170 3132 αὑτὸν
3219 3077 3467 3148 ὑστέροις
3489 3074 3702 3146 χρόνοις
3738 3075 3839 3144 τῆς

541 3173 729 3244 κοινῆς
748 3173 1224 3247 ἀποστερούμενον
1250 3176 1904 3242 άπολαύσεως,τοσοῦτον
1937 3174 2142 3247 πλῆθος
2207 3176 2535 3248 ἀποστερεῖν
2574 3174 2670 3229 τοῦ
2736 3174 3088 3247 παραδείσου,
3139 3175 3201 3229 τὸ
3240 3174 3384 3247 ἰερὸν
3410 3174 3587 3227 ἐκεῖνο
3637 3171 3841 3245 χωρίον

545 3270 622 3340 μὴ
649 3270 1090 3342 δημιουργοῦντα
1116 3272 1253 3343 μηδέ
1283 3272 1595 3345 προάγοντα
1618 3290 1631 3339 ;

612 3368 693 3420 Ad
729 3370 842 3423 haec
876 3377 1059 3422 autem
1088 3383 1264 3438 neque
1296 3369 1439 3424 istud
1471 3370 1834 3425 omittendum
1877 3389 1890 3427 :
1922 3378 2139 3441 Oporte-

2320 3367 2466 3440 Πρὸς
2498 3364 2707 3429 τούτοις
2737 3365 2807 3418 δὲ’
2842 3365 2977 3437 μηδέ
3031 3364 3189 3418 τοῦτο
3229 3364 3558 3437 παροπτέον·
3588 3364 3695 3418 ἔδει
3747 3365 3843 3420 τὸν

545 3461 638 3515 bat
671 3458 845 3513 Adam
880 3458 1118 3514 actionis
1142 3458 1435 3529 cujusdam
1470 3469 1522 3514 et
1552 3462 1889 3530 operationis
1943 3471 2138 3532 proto-

545 3554 758 3623 plasten
810 3566 919 3605 non
956 3552 1159 3621 injuria
1212 3551 1496 3609 allicientis
1546 3569 1739 3608 curam
1789 3554 2015 3617 habere,
2066 3568 2138 3608 ne

548 3645 762 3715 pigrum
784 3642 991 3696 furetet
1022 3643 1397 3713 inintelligens
1419 3645 1691 3700 rationale
1720 3646 1924 3701 animal
1951 3647 2139 3700 homo.

548 3734 703 3791 llane
737 3744 919 3789 autem
964 3736 1096 3789 bene
1144 3736 1470 3810 dirigentem
1511 3752 1751 3794 coronas
1793 3748 1848 3794 et
1885 3740 2142 3809 gloriam,

549 3828 913 3900 negligentem
942 3842 1074 3883 vero
1103 3843 1322 3905 poenam
1359 3837 1413 3885 et
1437 3829 1794 3903 ignominiam
1824 3833 2086 3903 consequi
2127 3850 2140 3886 :

552 3920 877 3976 inclinatum
914 3929 1098 3976 autem
1141 3922 1208 3976 ad
1242 3920 1417 3978 levius
1442 3938 1604 3993 poena
1648 3932 1835 3980 secuta
1868 3934 1954 3979 cst
1985 3941 1999 3977 :
2032 3941 2144 3980 non

551 4013 719 4085 igitur
769 4013 990 4068 eosdem
1048 4013 1175 4084 quis
1222 4012 1497 4085 proferret
1543 4030 1848 4084 sermones,
1901 4032 2041 4086 quos
2093 4025 2149 4071 ct

550 4108 619 4163 de
660 4108 919 4179 paradiso
942 4116 997 4163 et
1022 4110 1086 4164 de
1117 4108 1388 4179 ejectione
1417 4129 1429 4164 :
1469 4119 1524 4165 et
1558 4110 1720 4180 cujus
1750 4111 1925 4182 gratia
1962 4111 2146 4182 inqui-

548 4209 635 4256 ret
661 4209 715 4255 et
738 4200 997 4272 litigabit,
1038 4216 1257 4257 corona:
1288 4202 1668 4272 plectebantur
1694 4212 1748 4258 et
1779 4204 2145 4274 par.:bantur:

549 4292 595 4347 si
632 4306 762 4347 vero
801 4295 903 4347 hoc
947 4293 1189 4349 nondum
1228 4294 1540 4363 paradisus,
1586 4304 1642 4351 et
1685 4296 1859 4351 Adam
1887 4306 1942 4352 et
1969 4306 2151 4352 exter-

548 4386 780 4440 minium
827 4387 1094 4442 rationem
1145 4388 1401 4459 exigitur.
1450 4388 1557 4445 Sed
1606 4389 1674 4445 de
1720 4391 1979 4448 omnibus
2010 4408 2152 4462 quo-

551 4488 676 4532 rum
717 4485 1040 4545 proventum
1091 4479 1328 4551 benigna
1361 4490 1415 4536 et
1445 4483 1682 4538 creatrix
1711 4484 1928 4540 bonitas
1962 4486 2155 4555 elegis-

553 4580 637 4625 set
662 4571 1007 4640 promittere,
1029 4572 1246 4639 iisdem,
1265 4575 1368 4629 etsi
1393 4589 1502 4629 non
1532 4576 1808 4632 fateantur
1821 4578 1914 4648 qui
1934 4578 2150 4634 illorum

2255 3464 2427 3535 ’Λδὰμ
2457 3462 2717 3535 πράξεώς
2755 3472 2898 3527 τινος
2928 3462 3024 3516 καί,
3053 3462 3334 3533 ἐνεργείας
3386 3460 3477 3516 τδν
3506 3462 3841 3532 πρωτόπλα-

2244 3572 2368 3608 στον
2410 3554 2511 3625 οὑχ
2567 3552 2896 3625 ὑϐριζούσης
2949 3552 3269 3621 ἐπιμέλειαν
3314 3552 3591 3622 Εχειν,ἱ’να
3639 3551 3714 3625 μὴ
3750 3554 3847 3625 ἁρ-

2242 3647 2337 3715 γὸν
2389 3646 2472 3716 εἰη
2512 3647 2607 3699 καί¹
2636 3645 2952 3714 ἀδιανόητον
2982 3644 3043 3697 τὸ
3077 3643 3293 3713 λογικὸν
3313 3643 3450 3709 ζῶον
3475 3646 3504 3698 ό
3527 3643 3843 3715 ἄνθρωπος.

2246 3740 2462 3810 Ταύτην
2494 3739 2551 3793 δὲ
2578 3738 2929 3811 κατορθοῦντι
2966 3740 3262 3804 στεφάνους
3300 3739 3395 3792 καὶ
3441 3737 3619 3805 δόξαν,
3670 3755 3846 3792 κατα-

2250 3829 2505 3902 μελοῦντι
2535 3828 2591 3882 δὲ
2623 3829 2897 3900 τιμωρίαν
2927 3828 3023 3883 καὶ
3055 3827 3273 3894 ἀδοξίαν
3311 3827 3567 3883 ἕπεσθαι·
3600 3828 3849 3900 ῥέψαντα

2248 3924 2306 3977 δὲ
2343 3923 2481 3996 πρὸς
2533 3921 2594 3976 τὸ
2630 3923 2827 3993 ῥᾷστον
2857 3923 2891 3993 ὴ
2937 3920 3160 3984 κόλασις
3199 3919 3591 3991 ἠκολούθησεν·
3644 3920 3847 3974 οὐκοῦν

2248 4020 2377 4083 τοὺς
2421 4018 2622 4083 αὑτοὺς
2678 4018 2746 4073 ἄν
2812 4035 2897 4080 τις
2929 4016 3289 4090 προϐάλλοιτο
3332 4017 3546 4087 λόγους,
3603 4016 3698 4082 οὓς
3755 4019 3849 4071 καὶ

2249 4111 2499 4183 περὶτοῦ
2532 4110 2863 4183 παραδείσου
2891 4112 2989 4165 καὶ
3023 4110 3155 4182 περί
3191 4110 3290 4183 τῆς
3319 4110 3573 4181 ἐκϐολῆς·
3614 4108 3713 4164 καὶ
3768 4112 3848 4165 τί-

2250 4222 2343 4270 νος
2370 4205 2530 4277 χάριν
2576 4202 2901 4274 ἐπιζητήσει
2943 4202 3038 4257 καί
3068 4202 3477 4275 ζυγομαχήσει,
3509 4204 3559 4257 οἰ
3588 4204 3850 4275 στέφανοι

2251 4298 2542 4354 ἐπλέκοντό
2577 4315 2637 4352 τε
2670 4298 2765 4352 καὶ
2792 4297 3206 4369 ηὐτρεπίζοντο·
3238 4299 3287 4351 εἰ
3339 4297 3397 4350 δὲ
3426 4296 3586 4351 τοῦτο
3638 4297 3739 4351 οὑκ
3768 4298 3849 4353 ἔτι

2255 4392 2608 4464 παράδεισος,
2654 4392 2751 4444 καὶ
2792 4392 2967 4462 Ἀδὰμ
3014 4391 3110 4444 καὶ
3153 4389 3420 4462 ὑπερορία
3457 4389 3847 4459 λογοθετεῖταιε

2266 4484 2426 4539 Ἀλλὰ
2483 4486 2625 4538 κατὰ
2690 4482 2891 4547 παντὸς
2949 4475 3121 4554 οὗπερ
3143 4481 3211 4537 ἂν
3266 4481 3367 4553 τὴν
3419 4482 3757 4554 προαγωγὴν
3815 4485 3849 4553 ἡ

2256 4577 2641 4649 φιλάνθρωπος
2680 4577 2774 4629 καὶ
2824 4574 3200 4648 δημιουργικὴ
3238 4576 3514 4647 ἁγαθότης
3566 4576 3852 4647 προείλετο

550 4662 819 4717 rationem
850 4664 1098 4734 exigunt,
1134 4666 1478 4736 subjicerent
1533 4669 1934 4738 quaestionibus
1979 4671 2139 4726 Crea-

2256 4671 2693 4741 ὑποστήσασθαι,
2749 4672 2870 4734 ταῖς
2924 4670 3115 4732 αὑταῖς
3146 4668 3251 4723 κᾶν
3286 4670 3361 4741 μὴ
3420 4668 3761 4742 ὁμολογῶσιν
3802 4669 3851 4722 oi

552 4756 693 4810 toris
727 4772 838 4812 non
869 4758 1115 4813 contenti
1148 4758 1442 4831 sapientia.
1487 4760 1759 4832 Inspicere
1802 4772 1983 4817 autem
2021 4764 2139 4818 licet

2256 4764 2437 4817 ἐκεῖνα
2488 4761 2901 4831 λογοθετοῦντες
2924 4803 2940 4829 ,
2999 4761 3301 4816 ὑπέϐαλλον
3362 4761 3430 4816 ἂν
3464 4763 3855 4833 πολυπραγμςά

548 4857 604 4904 et
627 4847 772 4903 istud
802 4868 815 4904 :
845 4848 1097 4917 Quanam
1121 4861 1270 4908 certe
1290 4853 1463 4908 Adam
1494 4855 1849 4926 cognovisset
1880 4868 2001 4926 post
2023 4872 2147 4927 pce-

548 4949 739 4996 eatum
789 4957 956 4998 sensu
1005 4943 1244 5001 discreta
1287 4944 1553 5003 fruitione
1597 4964 1657 5004 se
1705 4950 2000 5019 privatum,
2034 4966 2144 5006 non

548 5035 789 5106 paradisi
821 5038 1240 5093 conversatione
1282 5042 1521 5096 extorris
1562 5041 1778 5097 factus?
1828 5043 1931 5097 liae
1959 5053 2142 5099 autem

549 5126 827 5197 agnitione
896 5128 1241 5195 destitutum,
1318 5133 1597 5202 quomodo
1654 5150 1777 5189 eum
1846 5137 2157 5192 tenuissent

551 5234 821 5275 nuerores
852 5236 915 5277 ac
949 5221 1208 5277 dolores?
1244 5225 1391 5280 nulla
1448 5234 1628 5281 autem
1669 5236 1923 5297 tangente
1954 5239 2007 5283 et
2034 5246 2156 5299 pre-

552 5322 735 5368 mente
765 5330 954 5369 earum
982 5331 1167 5371 rerum
1199 5333 1322 5388 qtae
1346 5320 1668 5375 maestitiam
1696 5321 1952 5389 aﬂ‘erunt,
1982 5325 2156 5378 unde-

552 5420 679 5460 nam
729 5407 1078 5477 cognovisset
1125 5412 1558 5481 magnitudinem
1601 5414 1829 5469 delicti?
1875 5417 2153 5486 quomodo

555 5508 686 5552 vero
720 5501 995 5569 paenitens
1036 5501 1215 5558 factus
1252 5513 1398 5559 esset
1436 5515 1490 5560 et
1539 5508 1782 5563 divinam
1820 5509 2154 5565 benevolen-

555 5591 683 5644 tiam
744 5595 1068 5662 deprecatus
1121 5606 1290 5663 esset,
1344 5610 1405 5654 ιιι
1440 5616 1507 5653 ne
1547 5603 1702 5659 venia
1737 5613 1789 5660 et
1829 5606 2155 5661 remissione

556 5680 784 5736 omnino
816 5691 869 5737 et
895 5684 948 5739 in
980 5701 1156 5742 rerum
1183 5688 1614 5749 destitueretur?

2261 4854 2449 4921 σύναις
2495 4858 2562 4927 τῇ
2593 4855 2688 4908 τοῦ
2735 4854 3247 4926 δημιουργήσαντος
3281 4855 3355 4925 μὴ
3393 4856 3853 4927 συναρεσκόμενοι

2257 4951 2443 5021 σοιρίᾳ.
2482 4949 2832 5002 Ἐπισκοπείν
2852 4940 3104 5015 δ’έξεστι
3136 4948 3230 5002 καὶ
3264 4947 3442 5002 τοῦτο.
3469 4949 3623 5011 Τίνος
3647 4948 3757 5018 γὰρ
3790 4948 3857 5000 ἂν

2253 5044 2282 5096 ὁ
2329 5041 2501 5113 Ἀδὰμ
2531 5040 2674 5110 ἔγνω
2704 5040 2840 5111 μετὰ
2870 5039 2967 5111 τὴν
2994 5040 3274 5112 ἁμαρτίαν
3302 5040 3557 5111 αἰσθήσει
3592 5038 3854 5110 κρινομέ-

2259 5153 2358 5207 νης
2394 5134 2769 5197 ἀπολαύσεως,
2802 5134 3191 5205 ἐστερημένος,
3223 5133 3298 5204 μὴ
3336 5133 3432 5200 τῆς
3470 5130 3562 5186 τοῦ
3597 5130 3856 5203 παραδεί·

2261 5246 2354 5282 σου
2413 5226 2693 5297 διαγωγῆς
2752 5227 3044 5300 ὑπερόριος
3095 5225 3462 5296 γεγενημένος
3494 5242 3508 5292 ;
3538 5223 3745 5295 ταύτην
3800 5222 3857 5276 δὲ

2260 5321 2360 5391 τὴν
2398 5322 2697 5390 ἐπίγνωσιν
2730 5321 3120 5391 ἐστερημένος,
3151 5320 3268 5383 πῶς
3302 5320 3368 5374 ἂν
3404 5318 3568 5374 αὑτὸν
3596 5316 3855 5387 συνέσχον

2257 5410 2426 5464 λύπαι
2459 5411 2555 5465 καί⁸
2586 5409 2809 5477 όδύναι;
2846 5411 3075 5483 μηδενὸς
3133 5410 3191 5463 δὲ
3222 5411 3549 5479 πλήττοντος
3598 5409 3694 5461 καὶ
3730 5425 3857 5459 συν-

2256 5503 2531 5568 θλίϐοντος
2560 5504 2669 5557 τῶν
2701 5503 3190 5576 παραλυπούντων,
3243 5502 3406 5557 πόθεν
3457 5504 3522 5555 ἂν
3554 5501 3770 5571 ἐπέγνω
3796 5498 3855 5551 τὸ

2261 5596 2490 5664 μέγεθος
2522 5596 2615 5648 τοῦ
2650 5595 3061 5667 ἁμαρτηθέντος
3086 5614 3100 5663 ;
3124 5596 3240 5657 πῶς
3271 5595 3314 5648 δ’
3345 5595 3411 5649 ἂν
3436 5595 3533 5665 τῆς
3568 5591 3855 5665 μετανοίας

2258 5689 2495 5756 ἐγένετο,
2534 5690 2629 5742 καὶ
2655 5689 2753 5759 τὴν
2807 5688 2958 5743 θείαν
2983 5690 3273 5757 εὐμένειαν
3316 5688 3689 5759 ἐδυσώπησεν,
3714 5684 3853 5737 ὥστε

2262 5781 2336 5851 μὴ
2358 5784 2455 5851 τῆς
2493 5780 2826 5851 συγγνώμης
2858 5781 3006 5851 αὑτῷ
3034 5783 3128 5834 καὶ
3156 5781 3255 5850 τῆς
3280 5782 3616 5850 ἀςέεεωςεὶς
3632 5780 3692 5834 τὸ
3718 5794 3852 5831 παν-

2258 5874 2409 5939 τελὲς
2445 5874 2537 5929 καὶ
2561 5872 2625 5931 δι’
2656 5874 2853 5938 αἰῶνος
2902 5873 3343 5946 ἀποστερηθῆναι
3372 5892 3386 5942 ;
