4144 6502
318 443 427 529 :85
1323 440 1424 518 ιι)
1458 428 2064 518 AMPHILOCHIUM
2105 430 2450 524 Q'Unas'rio
2491 447 2598 514 LII

3502 445 3611 517 386

382 576 444 628 Ei
474 574 533 628 δὲ
567 571 662 626 καὶ
717 571 877 626 τοῦτό
921 589 1006 638 τις
1054 567 1472 642 ἐπιλογίσασθαι
1523 572 1790 642 βούλοιτο,
1833 571 1911 633 ὡς

2099 569 2158 624 Si
2192 581 2375 626 autem
2409 579 2465 626 et
2495 570 2641 626 istud
2691 569 2817 642 quis
2867 570 3112 643 cogitare
3153 572 3305 640 velit,
3335 572 3405 630 ab
3434 589 3502 632 eo
3535 576 3623 631 ida

302 665 396 721 διὰ
428 665 588 719 τοῦτο
618 663 712 718 τὸν
757 664 1087 736 παράδεισον
1110 664 1409 738 ὑπέστησε,
1458 665 1663 738 καίπερ
1694 665 1913 736 μέλλον-

302 777 398 822 τος
458 756 554 810 τοῦ
597 755 770 828 Ἀδάμ
819 756 916 810 καὶ
955 757 1294 828 ἁμαρτάνειν
1333 758 1429 812 καὶ
1482 757 1541 824 ἐξ
1577 758 1745 811 αὐτοῦ
1803 758 1913 811 ἀπ-

305 849 652 916 ελαύνεσθαι,
691 849 775 902 ἶνα
801 849 875 919 μὴ
896 848 1022 921 δόξῃ
1048 849 1240 921 θνητὸν
1271 852 1366 903 ἀπ’
1393 849 1572 921 ἀρχῆς
1596 849 1912 921 πλαστουρ-

304 945 476 1015 γῆσαι
499 943 589 996 τὸν
618 942 928 1015 ἄνθρωπον,
953 939 1259 1014 ἐπιτήδειον
1302 944 1434 1014 πρὸς
1465 943 1770 998 ἀθανασίαν
1802 963 1914 1016 χω-

309 1036 452 1108 βίον,
485 1034 583 1088 καὶ¹
620 1034 798 1106 λύπης
829 1036 924 1088 καὶ
981 1035 1167 1088 κόπων
1197 1037 1292 1090 καὶ
1329 1035 1583 1090 ἀκανθῶν
1619 1039 1713 1092 καὶ
1753 1037 1914 1109 ἱδρώς

303 1146 415 1182 των
463 1125 776 1198 ἐλεύθερον,
842 1128 1094 1198 μηδόλως
1132 1129 1612 1201 ὑποστησάμενος,
1673 1130 1914 1185 ἀλλ’ἵνα

309 1221 488 1275 πάντα
540 1219 636 1273 καὶ
689 1219 760 1273 τὰ
795 1221 1150 1292 πραττόμενα
1208 1222 1304 1276 καὶ
1351 1222 1422 1276 τά
1479 1224 1914 1295 οἱκονομούμενα

305 1313 457 1388 δείξῃ
485 1312 770 1383 πρέποντα
801 1311 950 1383 αὐτῷ
1002 1314 1098 1367 καί⁸
1134 1314 1234 1383 τῆς
1280 1315 1602 1386 ἀπορρήτου
1658 1315 1915 1387 προνοίας

304 1409 406 1477 τὴν
435 1405 630 1473 σοφίαν
659 1404 1107 1477 ἀνακηρύττοντα
1131 1421 1146 1437 ·
1177 1406 1268 1459 καὶ
1292 1406 1400 1477 μὴν
1430 1409 1522 1459 καὶ
1549 1407 1616 1460 δι’
1651 1407 1770 1471 ἑνὸς
1801 1407 1914 1462 τῶν

311 1498 519 1554 ὑλικῶν
541 1498 861 1570 κτισμάτων
889 1497 1037 1570 ἔργῳ
1060 1499 1449 1569 προδιατυπῶν
1486 1518 1546 1554 τε
1577 1501 1672 1554 καὶ
1702 1515 1913 1573 προαγ-

306 1591 517 1660 γέλλων
546 1591 622 1654 ὡς
653 1590 842 1644 ἅπασα
867 1592 901 1660 ἡ
937 1590 1115 1654 κτίσις
1140 1591 1284 1645 κατά
1303 1591 1402 1664 τὴν
1452 1591 1717 1662 δευτέραν
1749 1593 1914 1648 αὑτοῦ

305 1685 404 1739 καὶ
431 1685 668 1757 φρικτὴν
695 1682 1000 1755 παρουσίαν
1026 1684 1107 1747 είς
1142 1682 1350 1755 ἀμείνω
1383 1685 1709 1756 μεταλλάξει
1734 1685 1912 1756 λῆξιν,

302 1777 462 1831 οὐδὲν
492 1776 591 1846 τῆς
626 1775 817 1830 ὲνύλου
847 1774 1358 1847 ἀνεπιτηδειότητος
1384 1776 1808 1846 ἐναντιουμένης
1836 1775 1914 1848 τῷ

302 1866 691 1941 δημιουργικῷ
721 1867 818 1922 καὶ
848 1866 979 1938 θείῳ
1038 1867 1376 1938 βουλήματι·
1418 1861 1512 1921 καὶ
1542 1868 1651 1939 γὰρ
1679 1868 1816 1940 πρὸς
1843 1867 1906 1922 τὺ

306 1961 561 2031 κρεῖττον
599 1956 1156 2029 ἀνακαινισθήσεσθαι
1212 1956 1303 2010 τὸν
1335 1957 1567 2029 οὐρανὸν
1619 1958 1716 2014 καὶ
1747 1959 1850 2029 γῆν
1879 1961 1908 2013 ὁ

308 2054 608 2126 κορυφαῖος
628 2051 743 2105 τῶν
775 2050 1038 2123 μαθητῶν
1063 2053 1212 2122 ἡμᾶς
1263 2051 1556 2119 ὲξεδίδαξε,
1588 2055 1654 2124 τῇ
1703 2053 1798 2108 τοῦ
1827 2053 1910 2108 δι-

306 2142 586 2197 δασκάλου
617 2141 928 2213 ἐπαγγελίᾳ
964 2133 1023 2194 τὸ
1075 2141 1304 2212 ἀψευδὲς
1350 2143 1698 2206 διδασκαλίας
1726 2143 1911 2198 διαδε-

308 2235 670 2305 6αιούμενος·
704 2233 829 2287 οὐδὲ
853 2232 1029 2287 ταῦτα
1060 2234 1126 2289 ἂν
1181 2237 1268 2306 εἴη
1301 2234 1476 2288 ταῦτα
1505 2235 1694 2307 πόρρω
1730 2237 1909 2306 θεοφι-

309 2327 435 2391 λοῦς
461 2325 809 2398 ὑπολήψεως.
844 2325 1054 2390 ΙἌλλως
1084 2344 1142 2379 τε
1168 2327 1224 2380 δὲ
1255 2326 1376 2381 οὐδὲ
1401 2327 1462 2381 τὸ
1491 2329 1778 2383 κάλλιστον
1805 2329 1912 2384 ἔδει

308 2418 417 2472 τῶν
433 2417 694 2487 ἐπιγείων
714 2417 892 2488 ἔργων
923 2418 1142 2472 πάντων
1164 2417 1392 2490 ἔσχατον
1409 2419 1910 2492 δημιουργηθῆναι,

309 2510 446 2564 ἀλλὰ
481 2511 574 2564 καὶ
604 2509 740 2562 αὐτὸ
777 2511 900 2563 κατ’
927 2510 1103 2581 ἀρχάς
1130 2513 1196 2583 τῇ
1229 2512 1525 2586 ὁλοκληρία
1553 2513 1655 2584 τῆς
1680 2514 1913 2580 κτίσεως

311 2600 832 2673 συγκαταᾶληθῆναι
857 2617 871 2632 ·
899 2601 961 2655 τὸ
981 2604 1080 2673 μὲν
1103 2604 1214 2676 γὰρ
1239 2606 1320 2668 εἰς
1339 2605 1701 2677 δημιουργίαν
1718 2606 1914 2678 προελ-

309 2693 448 2763 θεῖν,
478 2695 783 2763 ἀναγκαῖον
815 2689 905 2766 ἦν,
935 2694 1168 2766 ἐπείπερ
1199 2695 1306 2750 ἔδει
1341 2700 1453 2760 τοῖς
1479 2700 1621 2753 κατὰ
1639 2700 1914 2771 δαιμόνων

311 2787 408 2840 καὶ
435 2785 626 2840 παθῶν
665 2785 1026 2857 ἀριστεύσασι
1055 2786 1266 2841 δίαιταν
1319 2789 1412 2841 καὶ
1450 2788 1653 2860 κλῆρον
1700 2790 1914 2862 ἐξαίρε-

310 2888 404 2932 τον
436 2876 895 2949 ἀπονεμηθῆναι·
930 2877 993 2930 τὸ
1021 2877 1078 2931 δὲ
1108 2877 1251 2932 θεῖον
1282 2880 1473 2934 εἴωθεν
1511 2881 1600 2934 ἀεὶ
1638 2881 1738 2946 τὰς
1767 2883 1916 2936 ἀντι-

312 2971 539 3041 μισθίας
589 2969 953 3043 προτίθεσθαι
985 2970 1081 3025 καὶ
1128 2971 1635 3041 προκαταϐὁιλλειν⁹
1699 2991 1718 3025 ι
1749 2973 1914 3026 Δεῦτε

309 3065 440 3136 γὰρ,
479 3064 668 3134 φησὶν,
701 3063 751 3116 oi
775 3061 1134 3134 εὐλογημένοι
1181 3063 1276 3116 τοῦ
1308 3066 1520 3135 Πατρός
1553 3083 1680 3136 μου,
1713 3065 1914 3138 κληροε

307 3158 600 3228 νομήσατε
633 3156 734 3226 τὴν
753 3156 1170 3228 ἡτοιμασμένην
1198 3157 1330 3228 ὑμῖν
1360 3156 1641 3229 βασιλείαν
1669 3159 1780 3213 ἀπὸ
1809 3177 1912 3214 κα·-

308 3247 556 3317 ταϐυλῆς
589 3246 816 3318 κόσμου.
855 3266 874 3299 ι
903 3247 1116 3301 Οὐκοῦν
1160 3247 1269 3301 ἔδει
1300 3249 1396 3304 καὶ
1423 3248 1514 3303 τὸν
1571 3250 1898 3321 παράδεισον

311 3341 430 3394 εἴτε
465 3313 664 3392 θάττον
690 3313 912 3411 ἐμελλεν
966 3339 996 3392 ὁ
1029 3340 1334 3412 προπάτωρ
1363 3341 1524 3412 ἡμῶν
1558 3313 1920 3396 ἐκέάλλεσθαί

315 3432 508 3499 αὐτοῦ,
531 3435 640 3487 εἴτε
665 3434 761 3506 μὴ,
783 3435 1306 3508 προκαταϐληοῆναι
1339 3435 1440 3506 μὲν
1462 3435 1572 3489 τῶν
1603 3437 1922 3506 ἀγωνιστῶν

317 3525 416 3580 καὶ
443 3526 553 3580 τῶν
589 3528 990 3600 ἀγωνισμάτων
1013 3522 1088 3582 ὧν
1108 3528 1204 3581 καὶ
1231 3527 1468 3583 ἔπαθλον
1495 3527 1677 3600 ὤφθη,
1714 3547 1923 3599 συγκα-

315 3619 659 3692 τασληθῆναι
686 3621 744 3677 δὲ
767 3624 835 3694 τῇ
872 3622 1256 3695 κοσμογενείᾳ,
1292 3623 1382 3678 ἵνα
1411 3622 1486 3696 μὴ
1507 3624 1738 3696 νομισθῇ
1762 3623 1924 3696 ἔργον

313 3711 740 3786 ὑστεροὸουλίας
772 3715 864 3768 καὶ
897 3714 1265 3786 μεταμελείας
1288 3713 1594 3784 γεγονέναι,
1636 3715 1774 3769 ἀλλὰ
1821 3715 1922 3786 τῆς

314 3805 414 3860 ἀπ’
437 3807 617 3877 ἀρχῆς
640 3807 818 3862 πάντα
849 3805 1032 3877 σοφῶς
1074 3807 1534 3879 ὑποστησαμὲνης
1577 3808 1816 3880 κρίσεώς
1861 3826 1922 3862 τε

313 3901 417 3954 καὶ
450 3899 814 3974 ἀγαθότητος.

864 4020 1202 4074 ΕΡΩΤΠΣΙΣ
1251 4020 1376 4076 NB’.

329 4136 451 4192 Τοῦ
505 4137 840 4192 θεσπεσίου
897 4137 1146 4191 Παύλου
1198 4138 1640 4206 παραινοῦντος
1662 4155 1675 4168 ·
1743 4158 1760 4189 ι
1783 4141 1924 4195 Ἐὰν

393 4206 575 4276 πεινᾷ
603 4211 635 4261 d
666 4207 883 4277 ἐχθρός
918 4224 1057 4273 σου,
1088 4208 1309 4278 ἐῥιώμιζε
1337 4209 1554 4262 αὐτόν·
1594 4208 1704 4262 ἐὰν
1749 4208 1919 4276 διψᾷ,

391 4279 593 4339 πότιζε
626 4280 844 4332 αὐτόν’
879 4278 1058 4332 τοῦτο
1091 4279 1202 4347 γὰρ
1247 4278 1438 4334 ποιῶν
1479 4279 1782 4346 ἄνθρακας
1813 4297 1924 4332 πυ-

386 4351 500 4420 ρὸς
521 4349 856 4420 σωρεύσεις
893 4348 992 4402 ἐπὶ
1026 4349 1141 4415 τὴν
1173 4350 1452 4420 κεφαλὴν
1478 4350 1667 4404 αὑτοῦ
1688 4367 1701 4380 ·
1738 4369 1756 4402 ι
1797 4351 1924 4416 πῶς

390 4419 704 4488 νοήσομεν
729 4419 819 4482 τὸ,
858 4438 877 4472 ι
907 4421 1234 4487 Ἀνθρακας
1249 4419 1448 4489 πυρὸς
1473 4422 1802 4488 σωρεύσεις
1827 4421 1924 4472 ἐπὶ

397 4491 510 4561 τὴν
536 4489 820 4559 κεφαλὴν
839 4489 1064 4555 autat};
1104 4509 1121 4540 ι

1939 1913 1988 1980 Β

2022 663 2172 718 circo
2213 664 2530 734 paradisum
2562 663 2923 718 constitutum
2957 679 3082 720 esse
3129 666 3255 722 licet
3282 676 3336 723 et
3363 677 3623 739 peccatu-

2017 769 2114 811 rus
2156 754 2329 810 Adam
2385 765 2440 811 et
2463 771 2531 810 ex
2578 771 2644 811 eo
2694 755 2980 826 pellendus
3021 767 3186 824 esset,
3239 773 3309 814 ne
3343 760 3620 816 videretur

2021 848 2309 903 mortalem
2340 864 2370 902 a
2411 848 2684 918 principio
2718 848 2946 904 ﬁnxisse
2997 850 3298 916 hominem,
3333 861 3516 923 aptum
3549 856 3617 908 ad

2017 939 2487 994 immortalitatem
2536 940 2741 1008 locum,
2782 950 2835 996 et
2883 941 3137 996 mceroris
3169 947 3233 997 a'c
3270 943 3517 998 laborum
3562 955 3620 1000 et

2016 1031 2302 1102 spinarum
2336 1039 2394 1087 et
2423 1032 2688 1088 sudorum
2725 1033 3050 1099 immunem,
3107 1035 3258 1089 nullo
3293 1036 3456 1090 modo
3499 1037 3619 1106 pol-

2015 1127 2220 1195 licitus,
2257 1127 2351 1184 sed
2386 1135 2447 1182 ut
2490 1135 2687 1182 cuncta
2719 1136 2773 1183 et
2807 1125 2950 1182 facta
3001 1134 3056 1182 et
3094 1128 3399 1198 gubernata
3432 1137 3616 1185 osten-

2015 1219 2170 1274 deret
2226 1218 2610 1274 convenientia
2662 1218 2767 1288 ipsi
2818 1229 2873 1273 et
2920 1215 3209 1273 inell‘abilis
3263 1219 3620 1288 providentiae

2017 1311 2344 1382 sapientiam
2377 1310 2731 1381 praedi’cantia
2761 1327 2776 1366 :
2809 1319 2864 1366 et
2884 1325 3016 1366 vero
3049 1326 3147 1381 per
3176 1326 3341 1366 unam
3365 1311 3621 1367 materia-

2018 1404 2152 1459 lium
2186 1414 2570 1460 creaturarum
2609 1403 2751 1459 facto
2786 1404 3142 1475 praeﬁgurans
3164 1413 3218 1460 et
3245 1405 3620 1475 praenuntians

2019 1504 2188 1550 totam
2222 1495 2558 1551 creationem
2593 1497 2660 1550 ad
2697 1497 2998 1552 secundam
3030 1497 3149 1567 ejus
3186 1506 3240 1553 et
3275 1498 3617 1554 tremendam

2017 1590 2366 1659 praesentiam
2424 1589 2478 1644 in
2530 1589 2811 1646 meliorem
2860 1605 2919 1646 se
2967 1599 3310 1646 mutaturum
3369 1601 3618 1658 sortem,

2017 1681 2156 1736 nihil
2204 1682 2478 1737 materiali
2532 1682 2899 1753 ineptitudine
2955 1683 3215 1740 obstante
3257 1684 3512 1739 creatrici
3565 1694 3622 1739 et

2015 1775 2218 1830 divina:
2267 1774 2538 1829 voluntati
2590 1775 2840 1830 :etenim
2889 1775 2943 1829 in
2990 1775 3188 1830 melius
3245 1776 3620 1831 renovandum

2020 1881 2145 1924 esse
2192 1866 2392 1923 cmlum
2458 1875 2511 1921 et
2563 1875 2766 1921 terram
2831 1867 3158 1939 coryphae'us
3218 1867 3619 1939 discipulorum

2019 1973 2124 2016 nos
2179 1959 2407 2026 docuit,
2449 1958 2700 2029 magistri
2760 1957 3132 2028 promissione
3182 1959 3470 2014 veritatem
3519 1959 3621 2014 do-

2016 2053 2207 2109 ctrinaa
2237 2053 2464 2107 ﬁrmans
2494 2067 2508 2103 :
2549 2067 2729 2122 neque
2773 2051 2890 2107 haec
2927 2061 3113 2107 essent
3159 2052 3352 2122 procul
3384 2066 3415 2107 a
3444 2051 3619 2108 Deum

2017 2153 2241 2200 amante
2291 2158 2480 2199 sensu.
2532 2142 2706 2199 Aliter
2752 2158 2886 2198 vero
2944 2157 3126 2213 neque
3179 2143 3618 2214 pulcherrimum

2017 2236 2306 2308 oportebat
2363 2244 2705 2291 terrenarum
2772 2250 3001 2306 operum
3058 2237 3306 2290 omnium
3362 2236 3620 2291 ultimum

2019 2331 2216 2398 creari,
2252 2329 2345 2386 sed
2379 2339 2432 2385 et
2471 2329 2651 2401 ipsum
2682 2344 2714 2385 a
2753 2329 3028 2400 principio
3076 2344 3203 2384 cum
3258 2329 3620 2386 universitate

2019 2421 2312 2478 creationis
2341 2421 2508 2476 simul
2537 2420 2702 2491 dejici
2739 2439 2752 2475 :
2789 2421 2991 2476 etenim
3024 2421 3079 2476 in
3110 2404 3450 2478 creationem
3483 2437 3616 2492 pro-

2019 2512 2192 2584 gredi,
2221 2526 2447 2566 necesse
2480 2521 2620 2578 erat,
2639 2510 2770 2582 quia
2797 2511 3086 2581 oportebat
3117 2521 3308 2566 contra
3338 2511 3619 2567 daemones

2019 2614 2076 2660 et
2105 2605 2396 2675 passiones
2433 2603 2669 2660 feliciter
2698 2604 3019 2676 congressis
3052 2604 3534 2662 conversationem
3563 2614 3621 2659 ct

2021 2707 2224 2754 sortem
2252 2699 2482 2754 electam
2514 2697 2774 2753 distribui
2808 2713 2823 2750 :
2859 2697 3106 2752 divinum
3135 2706 3318 2753 autem
3355 2691 3620 2770 [Numen]

2021 2789 2161 2846 solet
2190 2805 2409 2861 semper
2437 2788 2828 2846 retribtitiones
2860 2803 3165 2860 proponere
3208 2798 3265 2844 et
3300 2787 3569 2858 projicere
3602 2803 3618 2840 :

2026 2901 2045 2935 α
2088 2881 2281 2938 Venite
2307 2882 2480 2949 enim,
2497 2882 2575 2937 ait
2597 2879 2957 2955 [Scriptura],
2993 2881 3263 2937 benedicti
3279 2879 3460 2937 Patris
3484 2880 3618 2948 mei,

2024 2974 2345 3030 haereditate
2373 2974 2656 3045 possidete
2692 2984 2948 3045 paratum
2981 2975 3142 3031 vobis
3174 2990 3401 3046 regnum
3426 2990 3457 3030 a
3486 2989 3620 3031 cons

2024 3069 2311 3124 stitutloue
2341 3068 2535 3124 mundi
2568 3061 2616 3101 ⁸³
2647 3084 2660 3121 :
2698 3085 2716 3119 ι
2759 3069 2929 3140 igitur
2958 3069 3252 3140 oportebat
3277 3084 3496 3140 quoque
3519 3084 3620 3140 pa-

2023 3161 2292 3225 radisum,
2334 3159 2452 3217 sive
2481 3161 2646 3217 citius
2680 3170 3041 3231 protoparens
3090 3169 3281 3218 noster
3311 3160 3618 3231 ejiciendus

1949 3279 1992 3337 ο
2027 3264 2179 3310 esset
2213 3268 2282 3310 ex
2319 3267 2407 3319 eo,
2442 3252 2559 3308 sive
2589 3267 2718 3316 non,
2750 3253 2981 3322 proponi
3019 3252 3243 3322 quidem
3276 3250 3616 3307 luctantibus

2025 3354 2080 3400 et
2131 3343 2527 3400 luctaminibus
2582 3359 2817 3415 quorum
2850 3352 2907 3400 et
2935 3343 3224 3414 praemium
3274 3344 3454 3399 visum
3506 3352 3615 3406 est,

2025 3436 2285 3492 constitui
2318 3447 2451 3492 vero
2487 3451 2594 3490 una
2625 3451 2751 3491 cum
2789 3436 2982 3491 mundi
3014 3434 3256 3506 origine,
3287 3449 3358 3490 ne
3389 3443 3617 3504 reputa-

2026 3526 2178 3584 retur
2207 3543 2347 3599 opus
2381 3527 2658 3599 sequioris
2687 3527 2907 3584 consilii
2948 3536 3006 3584 et
3051 3526 3391 3598 poenitentiae
3419 3524 3617 3587 fuisse.

2028 3621 2124 3677 sed
2160 3636 2191 3676 a
2225 3621 2499 3692 principio
2544 3628 2743 3676 cuncta
2790 3620 3068 3691 sapienter
3111 3617 3502 3676 constituentis
3531 3619 3621 3688 ju-

2025 3711 2154 3767 dieii
2186 3722 2241 3765 et
2272 3711 2560 3767 bonitatis.

2469 4031 2801 4098 onmsno
2841 4031 2929 4086 Lll
2969 4030 3070 4103 [αι.
3096 4030 3206 4101 LI].

2030 4143 2218 4205 Divino’
2256 4149 2423 4203 Paulo
2456 4148 2702 4201 hortante
2741 4164 2758 4200 :
2805 4165 2824 4198 ι
2859 4145 3185 4199 Siesurierit
3214 4143 3458 4198 inimicus
3476 4153 3568 4196 tun
3583 4156 3619 4209 τι

2100 4221 2220 4276 ciba
2267 4220 2422 4273 illum
2454 4233 2472 4270 :
2502 4220 2548 4270 si
2580 4219 2719 4280 sitit,
2765 4225 2947 4286 potum
2976 4219 3048 4268 da
3078 4214 3162 4269 illi
3204 4215 3336 4267 'hoc
3375 4215 3517 4286 enirn
3539 4215 3623 4280 [αι

2104 4293 2267 4356 ciens,
2319 4287 2571 4343 carbones
2612 4284 3031 4358 ignis'eongeres
3069 4300 3230 4358 super
3260 4293 3442 4358 caput_
3466 4284 3622 4353 ejus;

2101 4354 2366 4431 quomodo
2399 4354 2757 4431 intelligemus
2791 4354 2962 4431 illud,
2993 4375 3011 4409 ι
3057 4354 3310 4410 carbones
3332 4354 3469 4424 ignis
3496 4370 3625 4408 cou-

2105 4428 2251 4501 geres
2279 4447 2436 4501 super
2457 4438 2616 4498 caput
2645 4428 2763 4497 ejus
2787 4428 2808 4484 Γ

1226 4651 1369 4701 Edita
1393 4665 1419 4703 a
1447 4652 1594 4714 Maio,
1632 4654 1666 4701 I.
1690 4667 1757 4711 c.,
1785 4667 1836 4717 p.
1863 4653 1996 4703 56-8.
2025 4651 2324 4715 Explanatio
2353 4652 2497 4702 Rom.
2528 4664 2616 4710 χιι,
2642 4649 2718 4700 40.

400 4758 721 4828 Ἀνθρακας
755 4757 854 4829 μὲν
877 4757 908 4811 ὁ
936 4758 1040 4830 τῆς
1077 4759 1370 4830 ἀναγωγῆς
1400 4759 1580 4828 λόγος,
1618 4761 1747 4824 τοὺς
1779 4761 1918 4815 ἀπο-

2095 4760 2377 4819 Carbones
2427 4757 2649 4830 quidem
2706 4754 2994 4827 anagogiaa
3057 4768 3272 4820 sermo,
3339 4754 3622 4825 apostolos

323 4850 548 4912 στόλους
581 4849 791 4919 Κυρίου
824 4848 923 4903 καὶ
956 4848 1243 4921 μάρτυρας
1271 4849 1531 4920 ὀνομάζει
1553 4889 1569 4915 ,
1618 4847 1715 4903 τοῦ
1774 4848 1924 4903 θείου

318 4941 570 5015 δηλονότι
629 4939 1004 5012 καθαρτηρίου
1033 4942 1130 4996 καὶ
1162 4943 1343 4996 πᾶσαν
1377 4943 1582 4997 κακίαν
1633 4943 1928 5014 φλέγοντος

320 5053 384 5090 τε
416 5036 510 5090 καὶ
541 5033 1032 5099 καταναλίσκοντος
1058 5035 1228 5108 πυρὸς
1251 5037 1618 5106 ἀναφθέντας’
1643 5037 1794 5106 (Πῧρ
1815 5037 1927 5106 γὰρ

321 5128 458 5192 Θεὸς
480 5127 663 5199 ἡμῶν,
693 5128 787 5182 καὶ
812 5127 924 5199 πῦρ
957 5127 1355 5182 καταναλίσκον
1390 5147 1410 5181 ι
1445 5129 1545 5199 τὴν
1597 5129 1922 5202 μοχθηρίαν.

326 5221 535 5278 Ψάλλει
564 5223 623 5278 δὲ
657 5221 753 5277 καὶ
783 5223 812 5277 ὁ
844 5221 1103 5293 Μελῳδός
1128 5235 1142 5251 ·
1194 5241 1212 5274 ι
1241 5222 1549 5292 Ἀνθρακες
1597 5221 1918 5292 ἀνήφθησαν

323 5314 422 5370 ἀπ’
445 5315 634 5382 αὐτοῦ,
677 5315 960 5379 κλίναντος
991 5315 1257 5385 οὐρανοὺς
1277 5315 1372 5368 καὶ⁸
1403 5313 1764 5380 καταϐάντος,
1789 5333 1807 5366 ι
1836 5317 1934 5368 καὶ

323 5397 416 5465 οἷα
431 5411 631 5481 γνόφον
653 5412 776 5471 τινά
803 5411 903 5474 τὰς
932 5409 1222 5482 ἀστραπὰς
1253 5410 1352 5480 τῆς
1368 5409 1620 5480 θεότητος
1648 5409 1934 5481 περιστέλ-

324 5505 530 5561 λουσαν
553 5504 653 5578 τὴν
674 5499 954 5577 ἡμετέραν
980 5504 1442 5577 περιϐαλλομένου
1477 5503 1676 5574 σάρκα.
1697 5502 1933 5574 Ἀνθρα-

324 5616 432 5664 κας
460 5600 520 5654 δὲ
581 5600 744 5655 πάλιν
787 5599 944 5654 καλεῖ
977 5599 1073 5652 καὶ
1109 5596 1210 5660 τὰς
1236 5595 1600 5666 φλογιζούσας
1621 5611 1679 5649 τε
1718 5594 1814 5649 καὶ
1837 5593 1935 5647 δα-

326 5691 591 5757 πανώσας
621 5693 952 5756 κολαστικάς
979 5692 1074 5744 καὶ
1105 5688 1309 5760 πικράς
1344 5687 1635 5758 βασάνους,
1672 5685 1817 5742 κατὰ
1870 5686 1935 5740 τὸ

326 5788 655 5860 εἰρημένονο
723 5805 743 5841 ι
777 5787 860 5842 Τὰ
914 5785 1052 5858 βέλη
1078 5783 1174 5839 τοῦ
1205 5782 1434 5838 δυνατοῦ
1476 5783 1794 5854 ἠκονημένα
1833 5783 1934 5836 σὺν

405 5926 452 5959 ⁸³
494 5925 684 5983 Matth.
728 5929 970 5995 xxv-,34.

659 6022 932 6081 Ριτιιοι.
979 6019 1098 6080 Gn.
1133 6019 1230 6080 Cl.

2034 4853 2253 4909 Domini
2287 4863 2340 4909 et
2370 4861 2639 4924 martyres
2679 4858 2858 4913 vocat,
2909 4847 3095 4905 divino
3129 4845 3382 4901 videlicet
3419 4860 3623 4916 purga-

2033 4948 2174 5003 torio
2188 4955 2242 5001 et
2267 4960 2486 5000 omnem
2514 4942 2780 4998 malitiam
2798 4940 3157 4996 comburente
3187 4947 3242 4994 et
3259 4947 3624 4994 consumente

2036 5043 2161 5114 igne
2191 5055 2456 5097 accensos
2487 5054 2502 5095 :
2542 5055 2562 5089 ι
2595 5035 2741 5108 Ignis
2771 5035 2921 5090 enim
2955 5033 3097 5089 Dens
3129 5041 3339 5097 noster,
3381 5041 3437 5087 et
3481 5032 3624 5105 ignis

2036 5150 2372 5191 consumens
2399 5132 2444 5165 ⁸³
2485 5151 2505 5184 ι
2539 5131 2841 5200 nequitiam
2885 5143 2902 5181 :
2945 5127 3128 5199 psallit
3167 5136 3351 5182 autem
3385 5137 3440 5182 et
3469 5125 3624 5181 Psal-

2037 5236 2160 5283 tes:
2199 5246 2218 5279 ι
2257 5227 2538 5284 Carbones
2586 5222 2840 5279 succensi
2892 5228 3024 5278 sunt
3063 5219 3132 5274 ab
3183 5234 3269 5286 eo,
3319 5219 3625 5276 inclinante

2029 5321 2201 5375 cados
2225 5330 2279 5375 et
2307 5317 2732 5374 descendente”
2755 5337 2770 5368 ι
2803 5324 2860 5370 et
2882 5314 3050 5371 veluti
3074 5313 3328 5370 tenebras
3352 5313 3618 5384 quasdam

2029 5413 2296 5486 fulgorem
2315 5411 2544 5468 Deitatis
2564 5411 3050 5480 circumtegentem
3083 5415 3329 5464 nostram
3357 5405 3621 5462 induente

2028 5521 2274 5563 carnem.
2310 5505 2593 5561 Carbones
2625 5511 2808 5560 autem
2836 5515 3061 5558 rursum
3090 5508 3254 5557 vocat
3282 5508 3337 5555 et
3364 5498 3622 5554 ardentes

2028 5606 2085 5652 et
2121 5604 2508 5653 consumentes
2557 5594 2891 5665 castigantes
2940 5599 2996 5646 et
3040 5591 3270 5647 acerbos
3317 5590 3619 5653 cruciatus,-

2023 5689 2184 5760 juxta
2214 5689 2422 5742 dictum
2457 5704 2470 5741 :
2505 5690 2528 5740 ι
2572 5685 2804 5757 Sagittae
2836 5685 3078 5758 potentis
3116 5691 3294 5740 acuta:
3341 5697 3469 5739 cum
3499 5697 3612 5738 care

2031 5781 2271 5839 bonibus
2303 5780 2654 5838 desolatoriis
2687 5780 2757 5845 ",
2814 5797 2832 5833 ι
2889 5776 2944 5833 id
2989 5787 3074 5834 est
3116 5775 3514 5847 dissipantibus
3565 5779 3623 5830 et

1083 5926 1128 5958 8'
1172 5925 1330 5980 Dent.
1361 5940 1433 5991 tv,
1467 5923 1558 5980 24.
1613 5923 1661 5956 ‘°
1701 5921 1846 5978 Psalt
1884 5939 2018 5989 xvn,
2050 5922 2106 5978 9.
2167 5923 2211 5956 εί
2250 5921 2395 5977 Psal.
2429 5937 2572 5989 exis,
2603 5921 2656 5978 4.

3127 6011 3197 6072 13
