4144 6442
534 423 636 486 337
1703 407 1968 470 ruorn
1997 402 2505 468 PATRIARCH/B
2547 401 2656 464 CP.
3718 407 3828 469 εδδ

531 536 876 593 xastantibus
902 534 1080 605 poenis
1111 544 1234 602 quae
1263 526 1580 585 destruendi
1613 526 1918 596 subjectum
1950 523 2129 595 impo-

2243 526 2343 586 τοῖς
2374 521 2604 594 ἄνθραξι
2626 523 2739 586 τοῖς
2763 520 3082 593 ἐρημικοίς,
3119 540 3137 573 ι
3181 521 3429 576 τουτέστι
3464 522 3584 587 ταῖς
3632 524 3833 592 ἀφανι-

533 640 738 688 tentem
771 630 972 688 habent
1006 627 1114 681 vim
1151 644 1164 679 :
1200 633 1254 679 et
1289 623 1341 678 in
1374 622 1500 678 aliis
1534 623 1724 676 multis
1766 628 1850 674 est
1881 619 2124 689 reperire

2243 616 2437 676 πτικαῖς
2469 629 2529 664 τε
2585 611 2682 664 καὶ
2732 613 3090 682 ἓρημοποιοῖς
3135 611 3450 683 τιμωρίαις,
3499 610 3557 665 αἶ
3621 630 3831 667 καταν-

531 724 760 787 ultrices
789 723 1018 778 virtutes
1046 727 1269 775 vocatas
1302 717 1592 773 carbones.
1617 713 1780 768 Juxta
1818 711 2122 768 secundum

2243 704 2475 757 ιλίσκειν
2507 703 2599 759 τὸν
2649 703 2951 758 ὑπεύθυνον
2989 703 3273 776 ἀμήχανον
3302 705 3486 774 ἔχουσι
3515 703 3613 776 τὴν
3639 705 3793 775 ἰσχύν
3812 722 3830 738 ο

533 816 704 889 igitur
755 813 1128 884 signiﬁcatum
1161 809 1430 863 carbones
1461 807 1798 874 castigantes
1836 802 2027 871 plagas
2070 808 2126 854 ct

2243 803 2321 855 ιαὶ
2354 804 2412 854 ἐν
2443 800 2623 864 ἄλλοις
2649 800 2706 853 δὲ
2753 799 2967 863 πολλοῖς
3011 800 3159 853 ἔστιν
3187 800 3369 872 εὑρεῖν
3399 801 3498 864 τὰς
3526 819 3834 873 τιμωρητιο

534 909 890 966 immissuras
925 913 1106 967 vocat,
1140 918 1168 956 a
1197 898 1533 956 carbonibus
1561 896 1654 966 qui
1685 892 1968 949 sensibilis
1996 899 2127 946 sunt

2243 896 2330 959 ιάς
2369 895 2628 965 δυνάμεις
2655 893 2997 964 καλουμένας
3022 893 3322 964 ἄνθρακας.
3373 893 3533 948 Κατά
3565 893 3627 947 τὸ
3653 894 3837 948 δεύτε-

534 1011 590 1057 et
625 996 1005 1056 consumcntis
1046 995 1539 1049 circumterrenam
1572 987 1858 1042 materiam
1893 983 2127 1038 ﬂammae

534 1090 1029 1153 excandesccnlize,
1063 1085 1399 1141 transferens
1421 1092 1478 1139 ct
1503 1079 1867 1137 transvehens
1895 1075 2132 1147 appella-

533 1191 765 1244 tionem.
817 1183 1080 1238 Ilortatnr
1126 1180 1289 1250 igitur
1354 1177 1687 1233 esurientem
1747 1171 1966 1243 quidem
2027 1169 2131 1223 ini-

536 1282 740 1335 micum
771 1278 977 1342 cibare,
1012 1275 1293 1331 sitientem
1327 1285 1459 1324 vero
1505 1277 1695 1338 potare
1731 1283 1744 1320 :
1777 1264 1828 1319 id
1869 1273 1954 1318 est
1982 1262 2128 1317 mul-

537 1372 760 1428 timodis
819 1367 1144 1424 benefacere
1194 1373 1252 1418 et
1317 1361 1610 1430 benignum
1682 1371 1803 1411 esse
1871 1372 1885 1409 :
1948 1351 2133 1408 cibare

536 1479 775 1535 namque
828 1472 882 1517 et
939 1469 1160 1531 potare,
1214 1453 1585 1511 beneﬁcentiae
1637 1446 2048 1504 universitatem
2097 1460 2126 1497 a

535 1569 694 1630 parte
735 1554 1042 1611 describit:
1076 1548 1275 1606 deinde
1307 1545 1662 1602 benefaciens
1693 1543 1774 1597 ait
1817 1537 2044 1595 inimico
2076 1546 2129 1592 et

441 1699 443 1701 .
537 1648 856 1705 humaniter
879 1661 1008 1715 erga
1053 1657 1179 1698 eum
1211 1640 1535 1710 dispositus,
1568 1635 1838 1691 carbones
1867 1643 2130 1702 congeris

537 1757 706 1811 super
733 1751 900 1810 caput
931 1739 1074 1807 ejus.

2237 1004 2331 1057 ρον
2357 983 2450 1042 οὖν
2503 986 2905 1057 σημαινόμενον
2967 985 3247 1055 ἄνθρακας
3301 986 3399 1049 τὰς
3453 987 3836 1057 τιμωρητικάς

2235 1079 2450 1148 πληγὰς
2479 1079 2574 1132 καὶ
2622 1077 2940 1149 εἰσπράξεις
2976 1077 3405 1150 προσαγορεύει,
3437 1079 3546 1131 ἀπὸ
3571 1079 3681 1131 τῶν
3732 1080 3836 1132 ἀν-

2237 1167 2456 1240 θράκων
2475 1169 2524 1222 οἳ
2557 1168 2658 1239 τῆς
2678 1169 2939 1241 αἰσθητῆς
2969 1171 3078 1222 εἰσι
3111 1169 3204 1222 καὶ
3242 1169 3573 1237 δαπανώσης
3599 1169 3698 1240 τὴν
3735 1186 3837 1222 πε-

2237 1261 2443 1335 ρίγειον
2475 1253 2607 1333 ὕλην
2661 1261 2857 1331 φλογὸς
2913 1261 3336 1330 ὑπεκκαύματα,
3385 1262 3714 1334 μεταφέρων
3771 1277 3838 1316 τε

2234 1354 2330 1406 καὶ.
2363 1351 2745 1424 μεταδιϐάζων
2775 1353 2874 1424 τὴν
2924 1352 3141 1421 κλῆσιν.
3177 1353 3445 1424 Παραινεῖ
3498 1351 3684 1405 τοίνυν
3706 1371 3834 1406 πει-

2235 1440 2416 1496 νῶντα
2447 1444 2548 1512 μὲν
2571 1442 2663 1497 τὸν
2689 1443 2882 1514 ἐχθρὸν
2910 1441 3453 1514 ψωμίζειν,διψῶντα
3483 1444 3538 1498 δὲ
3569 1445 3834 1510 ποτίζει-ι’

2238 1534 2487 1588 τουτέστι
2520 1535 2876 1608 πολυτρόπως
2903 1536 3215 1607 εὐεργετεῖν
3257 1555 3318 1591 τε
3365 1539 3460 1591 καὶ
3504 1537 3796 1606 ἀγαθύνειν
3819 1555 3835 1568 ο

2238 1626 2300 1679 τὸ
2353 1627 2462 1699 γὰρ
2511 1627 2782 1698 ψωμίζειν
2816 1631 2913 1684 καὶ
2973 1627 3240 1694 ποτίζειν,
3270 1629 3333 1682 τὸ
3374 1629 3473 1700 τῆς
3513 1629 3839 1702 εὐεργεσίας

2240 1717 2536 1790 ὁλόκληρον
2567 1721 2674 1773 ἀπὸ
2699 1719 2794 1774 τοῦ
2833 1724 3030 1793 μέρους
3053 1721 3393 1792 ὑπογράφει·
3421 1719 3561 1789 εἶτα,
3595 1724 3837 1794 Εὐεργε-

488 1907 491 1914 ι
535 1841 669 1905 τῶν,
701 1839 858 1908 φησὶ,
881 1835 972 1887 τὸν
989 1831 1181 1902 ἐχθρὸν
1205 1829 1300 1883 καὶ
1324 1823 1720 1899 φιλανθρώπως
1746 1819 1883 1892 πρὸς
1914 1814 2076 1871 αὐτὸν
2109 1811 2470 1884 διακείμενος,
2499 1814 2776 1886 ἄνθρακας
2805 1816 3102 1887 σωρεύσεις
3131 1817 3225 1872 ἐπὶ
3252 1819 3353 1888 τῆς
3368 1818 3610 1889 κεφαλῆς
3643 1819 3837 1874 αὐτοῦ.

610 1937 668 1992 in
691 1933 966 2003 duplicem
997 1930 1163 2001 igitur
1197 1941 1422 1982 sensum
1457 1922 1589 1976 illud
1629 1938 1644 1974 :
1675 1917 1939 1988 COngeres
1970 1909 2138 1984 parti-

2314 1909 2408 1972 Είς
2434 1910 2627 1982 διπλῆν
2661 1909 2755 1966 οὖν
2779 1912 3056 1984 σημασίαν
3085 1915 3146 1967 τὸ
3168 1915 3500 1982 Σωρεύσεις
3535 1916 3839 1988 μεριζόμε-

543 2038 682 2093 tum,
719 2025 996 2096 duplicem
1033 2018 1281 2092 proferre
1319 2029 1372 2074 et
1402 2014 1740 2070 intellectum
1773 2006 2129 2080 supponitur.

541 2121 728 2177 Unum
755 2117 1002 2187 quidem,
1034 2124 1321 2181 congeres,
1360 2105 1741 2163 manifestaret
1782 2099 1941 2164 illud,
1967 2097 2131 2153 desu-

541 2231 641 2286 per
683 2225 866 2280 coges,
903 2223 999 2278 per
1043 2206 1188 2276 quod
1245 2212 1298 2258 et
1339 2199 1626 2272 sequentia
1669 2190 2136 2263 interpretationis

541 2307 846 2375 dirigetur;
895 2317 962 2356 ex
994 2307 1149 2369 parte
1173 2295 1340 2359 enim,
1379 2295 1476 2359 ait,
1504 2300 1558 2346 et
1606 2299 1855 2358 tempore
1885 2296 2138 2353 compre-

542 2397 784 2451 hensura
839 2389 1142 2446 inimicitiae
1193 2385 1498 2442 tentamina
1526 2381 1813 2437 inimicum
1853 2397 1866 2432 :
1903 2385 1960 2430 tu
1990 2372 2138 2444 quod

542 2486 748 2542 malum
796 2497 895 2553 pro
935 2482 1080 2536 malo
1131 2494 1242 2533 non
1292 2475 1613 2530 redditurus
1656 2484 1891 2540 surgas.
1941 2465 2034 2522 sed
2085 2471 2140 2517 et

544 2576 865 2640 beneﬁciis,
903 2589 1027 2644 quae
1085 2571 1270 2626 divino
1326 2565 1594 2641 [Nurnini]
1638 2579 1736 2618 nos
1772 2560 1982 2618 similes
2023 2556 2140 2612 etii-

544 2672 720 2736 ciunt,
737 2667 1015 2737 excipiens
1031 2664 1378 2734 aﬁligentem,
1399 2661 1608 2730 justum
1630 2655 1867 2728 judicent
1899 2660 1954 2709 et
1974 2665 2137 2723 quem

547 2764 686 2820 nihil
716 2765 846 2818 latet
899 2774 1174 2831 praeparas
1204 2755 1367 2812 simul
1421 2767 1614 2808 omnes
1664 2762 1996 2820 congregare
2026 2745 2143 2799 vin-

547 2858 722 2914 dictas
751 2865 805 2910 et
833 2868 1026 2922 poenas
1056 2859 1244 2905 contra
1275 2845 1566 2917 impudens
1595 2843 1726 2898 illud
1747 2850 1802 2896 et
1822 2838 2143 2910 imprudens

549 2957 716 3018 caput
737 2966 750 3001 :
772 2967 790 2998 ε
814 2945 942 2999 Mihi
967 2945 1113 2998 enim
1134 2940 1392 3004 vindicta,
1410 2953 1508 3009 ego
1525 2936 1848 3000 retribuam,
1869 2933 1944 2987 ait
1963 2930 2145 2986 Domi-

550 3055 656 3096 nus
671 3041 740 3073 ³⁸·
765 3057 784 3090 ι
811 3057 824 3092 :
845 3036 1122 3108 quomodo
1140 3034 1303 3104 igitur
1323 3036 1596 3087 humanus
1614 3029 1638 3083 ?
1658 3026 1935 3098 quomodo
1958 3035 2143 3079 autem

549 3128 929 3200 compatiens?
957 3125 1234 3196 quomodo
1282 3123 1557 3178 benelicus
1607 3120 1737 3175 talia
1782 3119 1850 3173 de
1892 3113 2144 3170 hostibus

549 3221 813 3278 ordinans
842 3229 895 3273 et
917 3217 1186 3272 meditans
1207 3225 1262 3270 et
1291 3214 1439 3268 illius
1468 3225 1811 3283 prosequens
1839 3207 2137 3262 vindictam

549 3309 1092 3382 etvcastigationem?
1119 3315 1267 3363 certe
1303 3306 1429 3377 quia
1469 3319 1575 3360 non
1631 3304 1750 3374 ipse
1799 3301 1915 3356 baic
1970 3313 2132 3369 popo-

539 3404 680 3468 .scit,
719 3403 962 3472 sedipse
999 3401 1222 3472 quidem
1255 3399 1372 3454 haec
1400 3397 1653 3464 faciebat,
1686 3395 1753 3450 ad
1804 3392 2136 3450 servandum

551 3496 801 3552 divinum
831 3493 1151 3550 mandatum
1183 3500 1238 3545 et
1265 3490 1489 3544 inimico
1518 3487 1782 3543 beneﬁcia
1839 3483 2141 3554 rependen-

551 3591 685 3646 dnm
722 3605 736 3642 :
767 3588 818 3642 si
855 3599 985 3640 vero
1011 3583 1141 3638 lazsa
1167 3581 1380 3652 justitia
1403 3577 1754 3635 exacerbavit
1793 3577 1847 3631 in
1879 3575 2139 3629 ultionem

549 3680 816 3753 j'utiicem,
847 3678 959 3748 jam
994 3690 1104 3730 non
1137 3681 1277 3728 esset
1311 3669 1637 3741 excipientis
1679 3665 2028 3739 providentia:
2052 3669 2144 3736 ju-

553 3772 698 3830 dicia
744 3785 874 3840 erga
921 3769 1185 3823 ultionem
1228 3763 1638 3820 dissimulanter
1679 3775 1740 3815 se
1790 3757 2042 3814 habentis
2090 3767 2145 3813 et

551 3878 668 3921 non
697 3860 970 3930 stupentis
1000 3873 1064 3913 ac
1101 3855 1378 3912 laudantis
1418 3851 1622 3924 judicis
1653 3849 2141 3920 incorruptionem.

552 3957 701 4012 Bene
758 3954 937 4009 facere
972 3951 1228 4022 equidem
1288 3957 1342 4004 et
1382 3961 1626 4017 quaerere
1659 3943 1825 4000 simul
1857 3941 2050 3998 ulcisci
2078 3940 2146 3996 de

552 4049 802 4114 inimico,
857 4043 1266 4116 incompatibile
1318 4050 1374 4098 et
1429 4040 1628 4095 mentis
1691 4036 1935 4093 confusae
1982 4045 2037 4090 et
2075 4035 2142 4090 ad

553 4155 852 4214 atrumque
905 4139 1320 4197 contrariorum
1371 4135 1632 4190 inclinate
1693 4146 1752 4188 se
1791 4130 2042 4186 habentis
2092 4139 2146 4184 et

551 4240 612 4296 in
665 4239 970 4293 vanitatem
1004 4231 1268 4290 solventis
1305 4231 1516 4285 lucrum
1549 4235 1697 4283 recte
1739 4224 1873 4280 facti
1924 4241 1937 4276 :
1972 4222 2144 4277 Bene-

552 4332 762 4390 factum
787 4344 920 4385 vero
955 4326 1272 4383 immemori
1319 4322 1536 4393 injuria:
1565 4334 1762 4376 sensus
1799 4327 1854 4372 et
1888 4329 2146 4386 compas-

554 4426 713 4484 sione
745 4437 872 4493 erga
916 4419 1162 4490 ejusdem
1196 4417 1413 4488 generis
1463 4411 1780 4469 hominem?
1825 4409 1891 4465 Et
1926 4416 2149 4479 propter

552 4520 888 4585 praeceptum
917 4518 970 4564 et
997 4515 1216 4578 propter
1237 4500 1614 4560 similitudinis
1643 4499 1817 4554 zelum
1841 4512 1966 4552 cum
1989 4493 2150 4549 Patre

2237 2019 2346 2069 νον,
2374 2002 2569 2075 διπλῆν
2596 2005 2862 2076 προάγειν
2927 2008 3020 2061 κα)⁵
3049 2006 3149 2078 τὴν
3208 2007 3448 2062 διάνοιαν
3496 2009 3836 2064 ὑποτίθεται.

2242 2097 2338 2149 ’Ἐν
2370 2098 2468 2168 μὲν
2501 2099 2581 2161 τδ,
2609 2099 2930 2170 σωρεύσεις,
2954 2100 3246 2171 δηλώσειεν
3265 2099 3330 2154 ἂν
3347 2101 3428 2165 τὸ,
3463 2101 3838 2169 ἐπισυνάξεις,

2236 2190 2302 2243 δι’
2329 2184 2392 2242 οὗ
2416 2193 2510 2245 καὶ
2536 2191 2596 2245 τὸ
2623 2192 2968 2264 ἐπαγόμενον
3022 2191 3120 2263 τῆς
3152 2193 3450 2264 ἑρμηνείας
3499 2193 3840 2248 κατευθύνε-

2237 2300 2326 2336 ται
2346 2298 2360 2312 ·
2388 2282 2456 2336 τά
2483 2283 2624 2337 κατά
2661 2285 2829 2355 μέρος
2884 2283 2994 2355 γάρ
3026 2300 3156 2354 φησι
3187 2287 3282 2339 καὶ
3338 2285 3516 2356 χρόνῳ
3571 2285 3842 2355 μέλλοντα

2239 2375 2681 2444 καταλαμϐάνειν
2714 2376 2815 2446 τῆς
2851 2376 3148 2448 ἀπεχθείας
3183 2377 3438 2448 ἐπίχειρα
3476 2378 3568 2429 τὸν
3602 2377 3838 2448 ἐχθρόν·

2239 2467 2312 2520 Σὺ
2335 2465 2403 2520 δι’
2437 2459 2515 2521 ὧν
2567 2466 2736 2521 κακὸν
2769 2466 2893 2522 ἀντὶ
2949 2466 3118 2520 κακοῦ
3155 2467 3544 2522 ἀνταποδοῦναι
3581 2467 3658 2538 μὴ
3688 2467 3840 2522 διαν-

2239 2560 2422 2630 έστης,
2447 2560 2583 2615 ἀλλά
2612 2561 2704 2615 καὶ
2730 2561 3068 2631 εὐεργεσίας,
3106 2561 3161 2615 αἳ
3198 2561 3349 2635 πρὸς.
3387 2562 3446 2615 τὺ
3493 2562 3650 2615 Θεῖον
3689 2562 3842 2633 ἡμᾶς

2240 2650 2586 2722 ἀφομοιοῦσι,
2603 2651 3002 2722 δεξιωσάμενος
3021 2651 3112 2705 τὸν
3138 2652 3504 2722 λελυπηκὲτα,
3524 2651 3612 2704 τὸν
3630 2651 3844 2704 δίκαιον

2240 2741 2436 2814 κριτὴν
2461 2747 2556 2796 καὶ
2589 2743 2858 2816 ἀλάθητον
2884 2743 3330 2814 παρασκευάζεις
3364 2742 3480 2812 ἃμα
3512 2743 3694 2806 πάσας
3720 2743 3847 2794 ἐπι-

2244 2834 2515 2905 σωρεῦσαι
2547 2835 2646 2899 τὰς
2671 2835 2937 2906 τιμωρίας
2971 2836 3061 2888 καὶ
3084 2835 3274 2898 ποινὰς
3300 2833 3442 2888 κατά
3466 2835 3564 2905 τῆς
3582 2833 3846 2898 ἀλαζόνος

2243 2927 2460 2997 ἐκείνης
2491 2929 2585 2981 καὶ
2637 2927 2955 2998 ἀγνώμονος
2991 2927 3233 2998 κεφαλῆς
3255 2944 3267 2956 ·
3309 2947 3327 2980 ι
3374 2928 3528 2997 Ἐμοὶ
3559 2926 3668 2997 γὰρ
3693 2925 3847 2980 ἐκδίο

2243 3034 2425 3086 κησις,
2459 3015 2569 3086 ἐγὼ
2597 3016 2989 3081 ἀνταποδώσω,
3044 3017 3194 3086 λέγει
3235 3017 3474 3088 Κύριος·
3519 3037 3536 3068 ι
3597 3017 3720 3081 πῶς
3748 3015 3848 3071 οὖν

2244 3106 2659 3178 φιλάνθρωπος;
2695 3106 2810 3171 πῶς
2838 3107 2895 3160 δέ
2935 3109 3264 3178 συμπαθής;
3300 3108 3417 3172 πῶς
3453 3109 3510 3161 δὲ
3542 3108 3848 3180 εὐεργέτης

2244 3201 2271 3253 ὁ
2302 3199 2476 3254 ταῦτα
2515 3202 2644 3271 περὶ
2673 3201 2783 3254 τῶν
2830 3201 3040 3272 ἐχθρῶν
3095 3201 3401 3273 μεθοδεύων
3450 3203 3543 3256 καὶ
3582 3218 3851 3274 πραγμα-

2243 3294 2532 3364 τευόμενος
2574 3293 2668 3348 καὶ
2721 3293 2818 3364 τὴν
2859 3294 3071 3348 ἐκείνου
3115 3294 3704 3366 φιλανθρωπευόμενος
3761 3311 3851 3348 τι·

2245 3386 2461 3456 μωρίαν
2486 3386 2579 3440 καὶ
2603 3385 2860 3451 κόλασιν;
2893 3386 2925 3456 ἧ
2962 3388 3044 3440 ὅτι
3070 3388 3169 3441 οὐκ
3195 3387 3357 3446 αὐτὸς
3385 3387 3557 3441 ταῦτα
3578 3389 3848 3458 ᾐτήσατο,

2241 3476 2356 3530 ἀλλ’
2392 3477 2556 3541 αὐτὸς
2590 3478 2689 3548 μὲν
2740 3477 2913 3532 ταῦτα
2965 3480 3256 3551 ἔπραττεν,
3309 3480 3453 3533 ὥστε
3505 3480 3849 3550 συντηρῆσαι

2241 3569 2342 3641 τὴν
2365 3569 2514 3624 θείαν
2553 3570 2777 3640 ἐντολὴν
2822 3571 2918 3624 καὶ
2962 3572 3052 3626 τὸν
3081 3572 3278 3643 ἐχθρὸν
3306 3573 3652 3645 εὐεργεσίαις
3681 3573 3848 3645 ἀμείο

2243 3659 2450 3731 ψασθαι
2472 3679 2485 3692 ·
2515 3662 2564 3715 εί
2595 3662 2735 3716 δὲτὸ
2769 3663 3123 3734 ὑϐριζόμενον
3158 3665 3368 3720 δίκαιον
3396 3667 3716 3737 παρώξυνεν
3763 3670 3854 3732 είς

2245 3753 2528 3826 ἐκδίκησιν
2561 3753 2652 3808 τὸν
2681 3755 2902 3826 κριτὴν,
2943 3756 3044 3810 οὐκ
3093 3756 3172 3810 ἔτι
3201 3756 3267 3812 ἂν
3321 3757 3406 3830 εἴη
3443 3759 3850 3829 ἀποδεχομένου

2244 3850 2345 3921 τῆς
2379 3851 2639 3920 προνοίας
2688 3851 2759 3905 τὰ
2796 3849 3043 3922 κρίματα
3097 3850 3194 3905 τοῦ
3243 3851 3380 3923 πρὸς
3414 3851 3514 3924 τὴν
3562 3851 3853 3922 ἐκδίκησιν

2249 3942 2617 4015 ἀκκιζομένου
2649 3943 2742 3998 καὶ
2784 3942 2860 4014 μὴ
2886 3943 3189 4014 τεθηπότος
3223 3961 3282 3997 τε
3339 3945 3436 3998 καὶ
3478 3943 3855 4015 ἀνυμνοῦντος

2251 4033 2345 4088 τοῦ
2371 4033 2558 4106 κριτοῦ
2593 4035 2654 4088 τὸ
2681 4033 3004 4089 ἀδέκαστον.
3035 4034 3109 4089 Τὺ
3150 4034 3250 4105 μὲν
3277 4035 3586 4105 εὐεργετεῖν
3621 4035 3719 4089 καὶ
3745 4035 3854 4103 ζη-

2249 4129 2364 4180 τεῖν
2397 4129 2513 4199 ἅμα
2539 4127 2812 4199 τιμωρίαν
2835 4127 3023 4182 λαϐεῖν
3054 4127 3206 4198 παρὰ
3228 4127 3322 4181 τοῦ
3352 4127 3571 4198 ἐχθροῦ,
3597 4127 3857 4198 ἀσύμϐα-

2247 4221 2340 4274 τόν
2367 4237 2427 4273 τε
2463 4220 2556 4273 καὶ
2587 4220 2780 4292 φρενὸς
2817 4221 3233 4292 συγκεχυμένης
3281 4222 3374 4273 καὶ
3409 4220 3545 4291 πρὸς
3584 4221 3855 4293 ἑκάτερον

2249 4315 2358 4368 τῶν
2383 4314 2642 4368 ἐναντίων
2667 4313 2985 4387 ἐπιρῤεπῶς
3013 4313 3264 4384 ἐχούσης,
3301 4315 3396 4368 καὶ
3448 4315 3585 4385 πρὸς
3620 4316 3857 4386 ματαιό-

2251 4424 2390 4478 τητα
2417 4405 2740 4476 διαλυούσης
2762 4405 2822 4460 τὸ
2859 4405 3049 4477 κέρδος
3078 4404 3172 4458 τοῦ
3206 4406 3634 4476 κατορθώματος
3658 4421 3673 4435 ⁸
3704 4407 3764 4460 τὸ
3795 4407 3852 4461 δέ

2250 4497 2350 4568 τὴν
2375 4497 2694 4567 εὐεργεσίαν
2725 4495 2804 4567 τῷ
2829 4497 3193 4569 ἀμνησικάκῳ
3221 4497 3318 4566 τῆς
3370 4497 3596 4569 γνώμης
3649 4499 3743 4552 καὶ
3784 4501 3852 4572 τῇ

553 4613 746 4660 nostro
774 4602 868 4672 qui
898 4600 953 4654 in
987 4599 1142 4655 coelis
1165 4594 1317 4669 [est],
1345 4592 1616 4649 tendentis
1647 4603 1732 4647 est
1764 4589 1830 4645 ad
1851 4585 2139 4658 perfectio-

2254 4589 2571 4660 συμπαθείᾳ
2610 4587 2705 4643 τοῦ
2747 4589 3058 4660 ὀμοφυοῦς,
3105 4593 3199 4643 καὶ
3249 4589 3337 4643 διὰ
3373 4589 3470 4660 τὴν
3503 4589 3725 4660 ἐντολὴν
3755 4592 3854 4644 καὶ

553 4715 680 4754 nem
705 4695 925 4751 virtutis
947 4712 960 4748 ι
980 4703 1032 4748 et
1062 4707 1167 4747 non
1193 4691 1294 4745 iste
1321 4688 1553 4742 libenter
1573 4683 1984 4753 castigationem
2008 4693 2139 4734 con-

554 4790 853 4859 templatus
873 4793 1020 4841 esset
1041 4781 1270 4848 inimici,
1291 4780 1495 4836 nedum
1519 4776 1650 4848 quid
1675 4789 1894 4830 sumere
1909 4780 2138 4843 quaerat;

556 4881 669 4937 Deo
694 4889 876 4935 autem
900 4877 1185 4947 judicante
1205 4882 1259 4929 et
1299 4871 1543 4928 rationes
1579 4869 1828 4937 exigente
1861 4865 1931 4920 ab
1950 4879 2016 4919 eo
2046 4862 2139 4933 qui

554 4976 813 5047 injuriam
838 4973 1045 5037 intulit,
1067 4970 1313 5042 ejusdem
1336 4975 1484 5023 esset
1502 4974 1699 5035 eterga
1721 4963 1883 5016 Deum
1917 4955 2139 5029 pietatis

554 5082 667 5123 non
716 5067 957 5122 rationes
996 5064 1214 5135 exigere
1241 5077 1282 5118 -a
1323 5059 1531 5132 judice,
1572 5072 1673 5112 nec
1705 5069 1832 5124 erga
1865 5049 2136 5124 judicium

556 5159 912 5224 stomachari,

627 5337 875 5392 Alterum
933 5334 1102 5405 igitur
1152 5332 1319 5398 illius,
1351 5344 1620 5400 conger-es,
1664 5326 2026 5397 signiﬁcatum
2081 5339 2146 5380 ac

558 5430 721 5485 talem
746 5443 847 5484 nos
872 5427 1141 5482 theoriam
1172 5423 1527 5479 transmittit:
1559 5420 1827 5490 reliquum
1851 5433 1979 5473 vero
2000 5416 2145 5487 quod

558 5525 850 5594 signiﬁcat,
884 5540 1152 5592 congeras,
1187 5530 1242 5577 et
1291 5521 1560 5584 detrahas,
1590 5526 1644 5573 et
1674 5515 1920 5570 liberabis
1961 5531 1993 5568 α
2020 5531 2143 5568 car-

561 5614 782 5669 bonibus
823 5615 1048 5668 odieutis
1090 5624 1273 5682 caput,
1306 5611 1466 5665 talem
1499 5609 1791 5680 verborum
1825 5606 1933 5660 vim
1961 5615 2147 5660 osten-

559 5707 701 5762 derit
756 5707 932 5772 forte;
964 5705 1333 5770 benefaciens,
1393 5703 1488 5769 ait,
1532 5712 1587 5756 ct
1632 5703 1774 5756 bona
1840 5699 2149 5754 retribuens

562 5798 1176 5867 inimico,depasccntes
1201 5797 1467 5854 carbones
1490 5805 1543 5851 et
1572 5794 1738 5851 citius
1760 5793 2150 5861 absumpturos

633 5913 702 5945 σι’
737 5910 899 5966 hom.
942 5926 1043 5979 xu,
1080 5910 1158 5965 l9.

1570 6001 1632 6010 ...-

2249 4681 2337 4736 διὰ
2363 4681 2423 4736 τὸ
2450 4681 2788 4752 ὁμοιωθῆναι
2831 4681 2911 4750 τῷ
2941 4681 3118 4752 Πατρὶ
3147 4681 3305 4752 ἡμῶν
3328 4681 3406 4753 τῷ
3446 4683 3504 4734 ἐν
3537 4682 3651 4744 τοῖς
3677 4681 3850 4751 οὐρα-

2250 4777 2384 4840 νοῖς,
2416 4771 2512 4827 τοῦ
2537 4773 2840 4843 φθάσαντός
2872 4775 3022 4827 ἐστιν
3057 4775 3134 4837 εἰς
3160 4773 3222 4827 τὸ
3259 4774 3462 4827 τέλειον
3496 4773 3598 4843 τῆς
3619 4774 3849 4844 ἀρετῆςο

2249 4865 2347 4920 καὶ
2409 4865 2510 4919 οὐκ
2549 4866 2615 4918 ἂν
2670 4860 2825 4928 οὗτος
2883 4865 3053 4935 ἡδέως
3108 4867 3381 4936 τιμωρίαν
3441 4865 3696 4920 θεάσαιτο
3752 4865 3851 4919 τοῦ

2249 4955 2469 5037 ἐχθροῦ,
2507 4957 2581 5029 μή
2602 4974 2654 5009 τι
2683 4973 2749 5025 γε
2777 4955 2962 5008 λαϐεῖν
2995 4955 3354 5026 ἐπιζητήσει·
3382 4954 3518 5008 Θεοῦ
3550 4955 3608 5008 δὲ
3636 4953 3854 5026 κρίνον·

2247 5067 2340 5112 τος
2363 5047 2460 5102 καὶ
2487 5048 2588 5111 τὰς
2623 5047 2857 5111 εὐθύνας
2887 5047 3246 5110 ἀπαιτοῦντος
3277 5047 3370 5102 τὸν
3397 5045 3718 5117 ἠδικηκότα,
3748 5045 3852 5117 τῆς

2241 5142 2413 5213 αὐτῆς
2467 5141 2535 5196 ἂν
2569 5141 2656 5213 εἴη
2705 5141 2900 5212 φρενὸς
2939 5142 3034 5194 καὶ
3063 5141 3386 5204 -θεοσεεείας
3429 5141 3502 5211 μὴ
3543 5139 3852 5208 λογοθετεῖν

2244 5237 2336 5288 τὸν
2360 5235 2575 5306 κριτὴν,
2609 5235 2744 5305 μηδὲ
2771 5234 2906 5305 πρὸς
2937 5233 3038 5302 τὴν
3063 5232 3246 5303 κρίσιν
3272 5231 3676 5302 δυσχεραίνειν.

2317 5328 2392 5381 Τὸ
2422 5326 2520 5397 μὲν
2551 5323 2643 5381 οὖν
2672 5326 2862 5396 ἓτερον
2893 5325 3011 5390 τοῦ,
3053 5326 3408 5392 Σωρεύσεις,
3443 5323 3850 5395 σημαινόμενον

2247 5421 2387 5492 πρὸς
2417 5419 2675 5492 τοιαύτην
2703 5419 2850 5489 ἡμᾶς
2880 5417 3116 5488 θεωρίαν
3138 5417 3505 5488 παραπέμπει
3525 5430 3540 5445 ⁶
3579 5414 3641 5470 τὸ
3661 5414 3717 5468 δὲ
3734 5413 3848 5468 λοι-

2245 5513 2348 5567 πὸν
2372 5512 2400 5566 ὃ
2428 5512 2705 5585 σημαίνει,
2726 5510 2810 5578 τὸ,
2838 5509 3250 5576 ἐπισυνάξεις,
3281 5509 3376 5563 καὶ
3401 5510 3720 5577 περιέλοις,
3751 5506 3848 5561 καὶ

2250 5605 2625 5670 ἀπαλλάξεις
2680 5602 2801 5656 τῶν
2851 5603 3170 5671 ἀνθράκων
3217 5601 3332 5671 τὴν
3369 5601 3476 5656 τοῦ
3505 5600 3844 5670 μισοῦντος

2251 5696 2550 5765 κεφαλὴν,
2587 5695 2841 5767 τοιαύτην
2887 5695 2952 5748 ἂν
2998 5695 3098 5765 τὴν
3128 5693 3239 5748 τῶν
3297 5694 3563 5766 ῥημάτων
3613 5693 3844 5762 δύναμιν

2257 5789 2616 5863 ὐποδη).ώσῃ’
2643 5789 2960 5857 Εὐεργετῶν
2989 5827 3004 5854 ,
3052 5789 3183 5861 φησὶ
3265 5789 3360 5843 καὶ
3416 5786 3704 5857 ἀγαθύνων
3749 5784 3843 5838 τὸν
