4144 6458
412 421 519 487 389

1407 418 1506 483 AD
1538 420 2134 484 AMPHILOCIIIUM
2175 422 2524 494 QUESTIO
2559 425 2722 487 LIII.

3607 424 3716 489 390

412 539 628 615 ἔχθρδν,
660 538 789 602 τοὺς
817 536 1302 610 κατανεμομένους
1329 538 1612 610 ἄνθρακας
1660 540 1756 594 καὶ
1814 540 2010 594 θᾶττον

2135 538 2258 627 rjus’
2285 549 2471 610 caput,
2509 540 2615 597 nisi
2664 540 2791 611 quis
2813 540 2881 596 ab
2903 557 2971 598 eo
3011 540 3301 599 abstulerit
3348 549 3404 598 et
3434 540 3714 599 liberatio-

415 636 482 690 ἂν
503 631 935 704 διαφθεροῦντας
978 628 1146 685 αὐτοῦ
1180 630 1278 701 τὴν
1302 630 1567 703 κεφαλὴν,
1595 631 1661 686 ἂν
1693 633 1767 703 μή
1805 650 1889 696 τις
1916 633 2015 685 αὑ-

414 728 509 781 τοῦ
541 727 920 796 ἀφαιρήσηται
937 723 1036 778 καὶ
1059 724 1158 796 τὴν
1179 723 1504 796 ἀπαλλαγὴν
1527 724 1849 797 μεθοδεύση,
1872 725 2016 795 μέγα

415 822 477 876 τὸ
503 820 701 892 κέρδος
739 820 833 872 καὶ
862 818 1105 889 ψυχικῆς
1154 819 1433 889 σωτηρίας
1467 819 1727 891 πρόξενον
1765 820 2009 890 εὑρήσει.

428 908 899 978 Ἀνακαλούμενος
943 909 1055 979 γάρ
1088 908 1180 961 τὸν
1241 909 1471 979 πλησίον
1536 912 1636 980 τῆς
1694 909 2016 979 σωματικῆς

417 1007 513 1060 καὶ
552 1002 757 1075 μᾶλλον
809 999 1195 1070 διαϐαινούσης
1222 1000 1303 1063 είς
1332 1000 1429 1071 τὴν
1459 1000 1636 1071 ψυχὴν
1668 999 1875 1071 βλάϐης
1924 1000 2019 1052 καὶ

417 1096 696 1159 ἀπωλείας
737 1094 874 1165 πρὸς
928 1093 1028 1163 τὴν
1070 1093 1168 1147 τοῦ
1197 1093 1473 1146 Δεσπότου
1531 1091 1768 1164 μίμησιν
1807 1109 1868 1146 τε
1924 1092 2019 1145 καὶ

415 1190 679 1261 ὁμοίωσιν
712 1186 1031 1258 ἀνατρέχει·
1071 1186 1252 1259 ψυχὴν
1279 1187 1389 1257 γάρ
1410 1188 1438 1241 6
1473 1186 1686 1252 σώζων,
1718 1186 1905 1257 φησὶν,
1942 1185 2020 1249 ὡς

416 1285 445 1336 6
476 1282 669 1345 κτίσας
710 1279 905 1351 αὐτήν.
935 1278 1058 1343 Πῶς
1101 1279 1157 1333 δὲ
1180 1279 1269 1332 διά
1292 1282 1391 1349 τῆς
1418 1279 1739 1351 εὐεργεσίας
1762 1279 2021 1347 συνάγον-

417 1392 508 1428 ται
546 1374 640 1427 καὶ
667 1370 1037 1442 ἀποσύρωνται
1075 1372 1177 1442 τῆς
1212 1370 1695 1442 φιλαπεχθήμονος
1729 1369 1779 1422 οί
1814 1368 2020 1440 ἀνθρα-

419 1484 515 1532 κες
546 1467 823 1536 κεφαλῆς;
856 1464 1000 1518 Διὸτι
1031 1467 1205 1536 τροφῇ
1236 1463 1331 1517 καὶ
1358 1462 1508 1534 ποτῷ
1541 1460 1883 1532 δεξιούμενος
1924 1458 2020 1513 καὶ

419 1561 609 1624 ἁπλῶς
654 1558 1115 1631 εὐεργετούμενος
1157 1559 1186 1611 6
1214 1556 1431 1629 ἐχθρὸς,
1468 1557 1514 1609 εί
1546 1556 1643 1609 καὶ
1673 1552 1748 1625 μὴ
1781 1554 1847 1608 δι’
1886 1551 2022 1607 αὐτὸ

419 1654 482 1707 τὸ
540 1651 723 1717 καλὸν,
774 1650 912 1705 ἀλλά
974 1666 1037 1717 γε
1077 1649 1167 1703 διά
1203 1651 1304 1718 τὴν
1339 1648 1547 1701 οἰκείαν
1581 1647 1882 1701 εὐπάθειαν
1928 1645 2021 1699 καὶ

420 1746 726 1802 ἀπόλαυσιν
786 1744 895 1797 τῶν
952 1744 1213 1813 ἀγαθῶν,
1265 1743 1500 1797 παύεται
1548 1740 1650 1812 μὲν
1701 1732 1859 1804 οὗτος
1923 1739 2022 1809 τῆς

422 1839 647 1910 ἔχθρας,
687 1836 971 1903 ἐξίσταται
1008 1835 1067 1889 δὲ
1097 1836 1197 1906 τῆς
1235 1835 1567 1906 ὲπιϐουλῆςο
1601 1835 1694 1887 καὶ
1717 1833 1860 1887 κατᾶ
1927 1849 2020 1903 μι-

2126 648 2253 687 nem
2282 633 2577 703 paraverit,
2607 648 2867 704 magnum
2882 635 3310 691 emolumentum
3332 644 3385 691 et
3412 636 3612 691 anima:
3627 653 3715 691 sn.

2124 728 2295 784 lutem
2329 745 2636 800 procurans
2676 730 2939 790 inveniet.
2991 732 3279 789 Revocans
3328 734 3477 789 enim
3529 734 3718 805 proxi-

2125 835 2278 876 mum
2309 835 2636 891 acorporeo
2684 829 2740 876 et
2784 822 2957 893 magis
3014 822 3459 894 transgrediente
3506 823 3561 878 in
3591 824 3717 879 ani-

2125 926 2274 967 mam
2311 910 2513 965 damno
2552 918 2608 964 et
2635 909 2961 981 perditione,
2993 910 3059 965 ad
3093 911 3310 969 Domini
3352 916 3716 973 imitationem

2125 1014 2179 1060 et
2208 1002 2629 1059 similitudinem
2666 1002 2936 1071 recurrit;
2967 1005 3207 1059 animam
3258 1008 3405 1062 enim
3462 1010 3713 1075 salvans,

2125 1095 2221 1159 ait,
2246 1094 2504 1165 sicutqui
2533 1094 2744 1151 creavit
2764 1093 2937 1150 illam.
2969 1093 3261 1161 Quomodo
3284 1106 3466 1151 autem
3495 1114 3591 1168 per
3622 1100 3719 1154 be-

2129 1186 2479 1242 nellcentiam
2498 1195 2901 1257 congregantur
2954 1195 3006 1242 et
3040 1186 3443 1243 abstrahuntur
3495 1189 3564 1245 ab
3611 1190 3719 1247 ini-

2126 1277 2277 1333 mico
2329 1281 2605 1333 carbones
2638 1278 2858 1348 capite?
2890 1276 3029 1346 Quia
3068 1279 3195 1334 cibo
3236 1289 3291 1335 et
3321 1290 3450 1351 potu
3482 1280 3721 1339 donatus

2127 1379 2183 1424 ct
2212 1369 2539 1439 simpliciter
2576 1369 2842 1424 beneﬁcio
2889 1369 3119 1426 allectus
3154 1370 3430 1436 inimicus,
3464 1374 3583 1429 etsi
3610 1388 3720 1429 non

2128 1474 2225 1529 per
2250 1459 2428 1530 ipsum
2470 1462 2699 1528 bonum,
2730 1468 2788 1515 at
2820 1461 3015 1516 saltem
3058 1472 3280 1532 propter
3316 1464 3590 1534 propriam
3626 1465 3724 1520 be-

2130 1553 2308 1609 neficii
2336 1554 2730 1624 experientiam
2767 1564 2821 1610 et
2854 1553 3173 1611 fruitionem
3228 1557 3523 1622 bonorum,
3574 1558 3724 1615 desi-

2128 1646 2214 1700 nit
2268 1646 2492 1717 quidem
2524 1646 2629 1701 iste
2671 1646 2740 1700 ab
2774 1645 3089 1713 inimicitia,
3116 1656 3171 1701 ct
3226 1646 3444 1703 desistit
3482 1648 3552 1702 ab
3588 1649 3727 1704 insi-

2128 1737 2275 1807 diis;
2310 1746 2367 1795 et
2397 1738 2605 1794 sensim
2640 1738 2973 1807 resipiscens
3004 1738 3076 1794 ab
3097 1737 3316 1799 affectu,
3344 1750 3399 1795 et
3429 1756 3549 1795 eam
3599 1758 3725 1813 quae

2129 1840 2214 1886 est
2246 1831 2300 1885 in
2336 1830 2760 1901 cogitationibus
2815 1846 2913 1901 per
2953 1830 3299 1887 inimicitiam
3332 1832 3727 1891 inflammatio-

422 1931 555 2001 κρὺν
592 1930 884 1999 ἀνανήφων
918 1926 1013 1981 τοῦ
1050 1928 1263 1993 πάθους
1288 1966 1303 1992 ,
1340 1931 1438 1981 καὶ
1479 1927 1581 1999 τὴν
1620 1927 1679 1978 ὲν
1717 1928 1829 1989 τοῖς
1876 1924 2023 1993 λογι-

2135 1937 2252 1977 nem
2292 1932 2348 1978 et
2376 1920 2888 1977 excandescentiam
2940 1923 3244 1994 deponens,
3273 1924 3341 1979 ad
3373 1940 3619 1982 amorem
3669 1936 3727 1982 et

425 2026 582 2095 σμοῖς
610 2022 699 2076 διά
731 2024 828 2093 τῆς
846 2020 1045 2091 ἔχθρας
1076 2020 1323 2092 πύρωσίν
1350 2038 1409 2074 τε
1439 2021 1529 2074 καὶ
1557 2018 1869 2090 φλεγμονὴν
1893 2018 2031 2071 ἀπο-

422 2116 727 2186 τιθέμενος,
763 2114 857 2167 ἐπὶ
898 2114 958 2165 τὸ
990 2113 1166 2182 φιλεῖν
1195 2113 1291 2167 καὶ
1324 2112 1575 2186 στέργειν
1600 2113 1695 2167 καὶ
1712 2112 1912 2165 εἰδέναι
1935 2111 2027 2164 τὸν

425 2210 723 2281 εὐεργέτην
758 2208 1074 2262 ἐλεύσεται·
1118 2208 1377 2261 κάκεῖθεν
1434 2205 1579 2261 καιτά
1629 2204 1824 2277 μικρὸν
1854 2203 2029 2260 ὲνεθι-

428 2304 576 2366 elisi;
610 2301 869 2372 γλῶσσαν
923 2299 1146 2371 φεύγειν
1178 2299 1448 2365 διάϐολον,
1490 2299 1582 2353 καὶ
1623 2293 1703 2362 οἷς
1732 2299 1761 2352 6
1799 2296 2027 2368 πλησίον

426 2400 610 2469 ἔργοις
652 2395 862 2467 βλάϐην
893 2397 1209 2465 ὑφίσταται,
1252 2394 1354 2464 τῆς
1386 2392 1591 2466 ἀρετῆς
1628 2390 1866 2463 ἐραστής
1893 2393 2030 2444 ἁπο-

424 2490 779 2543 καθίσταται.
814 2489 924 2542 Ka‘t
953 2490 1037 2551 τίς
1090 2489 1157 2541 ἂν
1213 2486 1568 2559 ἐπιζητήσειε
1604 2483 1700 2539 τοῦ
1755 2483 2029 2556 ψωμίζειν

425 2587 520 2638 καὶ
556 2582 799 2646 ποτίζειν
836 2582 929 2635 τὸν
967 2582 1197 2654 ἐχθρὸν,
1251 2578 1603 2651 ἀντιμισθίαν
1640 2577 1847 2650 ταύτης
1910 2577 2030 2648 μεί-

425 2678 593 2743 ζονα;
633 2676 687 2730 τί
734 2676 793 2729 δὲ
848 2675 1054 2744 ταύτης
1113 2672 1603 2745 ὲπικερδέστερονς
1645 2671 1709 2724 Et
1774 2669 1833 2724 δὲ
1890 2669 2030 2741 μετά

425 2768 698 2839 τοσαύτην
736 2768 1088 2839 εὐεργεσίαν,
1129 2765 1229 2835 τῆς
1273 2764 1576 2837 μοχθηρίας
1625 2763 1721 2817 καὶ
1758 2763 2031 2833 φαυλότη-

424 2879 515 2926 τος
542 2862 570 2914 6
598 2859 1062 2931 εὐεργετούμενος
1084 2859 1186 2913 οὐκ
1224 2857 1400 2913 ἐθέλει
1426 2854 1811 2928 μεθίστασθαι,
1841 2855 2032 2926 θηρίον

429 2954 530 3027 μὲν
562 2956 629 3009 ἂν
659 2953 748 3023 εἴη
778 2955 807 3006 6
839 2953 1102 3015 τοιοῦτος,
1159 2951 1282 3006 ἀντὶ
1322 2950 1418 3004 τοῦ
1461 2950 1713 3020 μετέχειν
1750 2947 2031 3021 ἀνθρωπί-

427 3066 527 3118 νης
568 3048 805 3119 φύσεως.
847 3048 920 3099 Σὺ
967 3044 1022 3099 δὲ
1054 3045 1207 3098 οὐδὲν
1246 3044 1396 3113 ὅμως
1446 3044 1670 3097 ἔλαττον
1708 3044 1833 3106 τοὺς
1860 3058 2033 3095 κατα-

428 3139 795 3209 ϐοσκομένους
838 3137 1007 3193 αὐτοῦ
1033 3137 1131 3208 τὴν
1149 3136 1389 3207 κεφαλὴν
1411 3138 1690 3209 ἄνθρακας
1717 3136 1786 3206 τῇ
1806 3151 1866 3188 τε
1893 3131 2032 3202 γνώ-

2136 2016 2489 2071 dilectionem
2520 2022 2577 2070 et
2622 2016 2961 2089 agnitionem
3022 2016 3395 2073 benefactoris
3430 2020 3642 2087 veniet;
3670 2030 3727 2075 et

2130 2108 2259 2163 inde
2318 2107 2523 2163 sensim
2580 2107 2927 2166 assuefactus
2988 2109 3231 2182 linguam
3285 2110 3476 2181 fugere
3532 2114 3728 2168 convi-

2128 2202 2365 2257 ciantem
2390 2212 2445 2256 et
2464 2201 2665 2272 quibus
2684 2203 2965 2272 proximus
2987 2205 3149 2260 factis
3171 2206 3437 2261 damnum
3464 2207 3725 2273 sustinet,

2128 2294 2347 2350 virtutis
2393 2303 2613 2350 amator
2665 2297 3043 2352 constituitur.
3096 2297 3162 2352 Et
3205 2298 3465 2369 quisnam
3509 2311 3726 2372 quaerat

2130 2388 2351 2443 cibandi
2383 2396 2438 2443 et
2470 2389 2696 2460 potandi
2743 2389 3028 2445 inimicum
3078 2392 3576 2450 remunerationem
3619 2395 3723 2451 ista

2130 2480 2437 2550 majorem?
2456 2481 2567 2535 Aut
2589 2481 2720 2551 quid
2739 2497 2801 2536 ea
2826 2481 3053 2537 utilius?
3074 2482 3133 2538 Si
3152 2493 3335 2540 autem
3360 2497 3485 2557 post
3508 2495 3721 2543 tantum

2130 2571 2481 2637 beneﬁcium,
2506 2573 2575 2629 ab
2613 2573 3030 2643 importunitate
3046 2585 3100 2630 et
3124 2575 3327 2632 vilitate
3348 2577 3614 2634 beneficio
3644 2582 3727 2635 af-

2131 2662 2311 2719 fectus
2338 2680 2447 2719 non
2482 2664 2596 2719 vult
2612 2665 2902 2732 desistere,
2924 2666 3104 2722 bellua
3136 2684 3270 2724 sane
3292 2680 3438 2727 esset
3470 2672 3613 2737 talis,
3638 2688 3730 2728 ne-

2131 2756 2263 2812 dum
2288 2757 2559 2828 particeps
2591 2769 2736 2815 esset
2757 2760 3012 2818 humana:
3032 2772 3277 2832 naturae;
3311 2773 3369 2820 tu
3393 2781 3527 2822 vero
3556 2766 3728 2825 nihilo

2133 2856 2321 2905 tamen
2358 2849 2544 2906 minus
2575 2851 2932 2923 depascentes
2953 2854 3074 2927 ejus
3097 2865 3259 2927 caput
3294 2859 3563 2917 carbones
3591 2876 3727 2933 pru-

2132 2939 2317 2995 dentia
2332 2948 2387 2995 et
2407 2940 2523 2996 zelo
2538 2946 2970 3011 exacervasti,et
2998 2949 3499 3006 remunerationem
3528 2952 3732 3008 nihilo-

2132 3032 2320 3088 minus
2360 3032 2595 3090 haberes
2620 3052 2634 3101 ;
2658 3050 2837 3107 neque
2862 3038 3235 3096 characterem
3273 3042 3383 3097 ullo
3428 3044 3594 3098 modo
3635 3045 3732 3100 dc-

2133 3125 2314 3181 levisti
2344 3126 2438 3195 qui
2473 3127 2538 3182 ad
2594 3124 2851 3184 Numinis
2877 3139 2929 3186 te
2959 3132 3237 3202 colligavit
3266 3135 3727 3205 similitudinem;

438 3252 515 3305 μῃ
555 3234 650 3287 καὶ
698 3235 765 3305 τῇ
807 3231 1011 3303 σπουδῇ
1070 3229 1500 3301 ἀπεσὼρευσας’
1543 3228 1640 3282 καὶ
1677 3225 2030 3297 ἀντιμισθίαν

2137 3216 2432 3273 illeautem
2454 3216 2635 3274 ferens
2682 3229 2855 3275 totum
2898 3222 3140 3293 scipsum
3194 3225 3247 3279 in
3295 3227 3629 3297 supplicium
3676 3241 3734 3285 et

438 3325 591 3377 οὐδὲν
621 3324 837 3378 ἔλαττον
889 3324 1079 3395 ἔσχες·
1122 3322 1244 3377 οὐδὲ
1275 3322 1368 3374 τὸν
1401 3319 1730 3392 χαρακτῆρα
1769 3317 1903 3389 παρ’
1934 3315 2031 3369 οὐ-

437 3419 523 3471 δὲν
551 3416 963 3489 παρεχάραξας,
994 3416 1054 3478 ὃς
1087 3414 1186 3485 τὴν
1217 3412 1352 3484 πρὸς
1398 3413 1459 3464 τὸ
1484 3410 1637 3464 Θεῖόν
1660 3427 1719 3464 σε
1761 3409 2034 3479 συνῆπτεν

434 3510 696 3579 ὁμοίωσιν
717 3524 730 3538 ⁸
774 3509 983 3571 ἐκεῖνος
1016 3506 1075 3560 δὲ
1128 3505 1311 3576 φέρων
1335 3504 1456 3559 ὅλον
1494 3502 1710 3568 ἑαυτὸν,
1761 3500 1838 3571 τῷ
1872 3499 2036 3553 κολα-

436 3602 645 3673 στηρίῳ
683 3602 779 3655 καὶ
817 3600 1068 3669 ἀσϐέστῳ
1117 3600 1252 3669 πυρὶ
1296 3595 1685 3669 ὲναπέρριψεν.
1729 3591 2037 3665 ’Δνθρακες

436 3696 538 3766 μὲν
565 3711 649 3748 τοι
686 3709 751 3763 γε
806 3694 918 3747 τισὶ
968 3690 1406 3764 παρελήφθησαν
1454 3690 1511 3743 al
1548 3683 1902 3757 ζωπυροῦσαι
1939 3683 2037 3737 καὶ

432 3787 846 3843 ἁναθάλπουσαι
875 3784 939 3839 τὸ
968 3784 1298 3856 ἡγεμονικὸν
1331 3783 1587 3855 ἐργασίαι
1608 3799 1666 3835 τε
1708 3780 1801 3834 καὶ
1832 3793 2033 3847 παραι-

434 3881 635 3944 νέσεις,
667 3877 880 3933 καὶτὸν
908 3879 1075 3931 πολὺν
1099 3876 1201 3946 τῆς
1237 3875 1437 3947 ἔχθρας
1467 3872 1712 3945 χειμιῖινα
1758 3870 1842 3934 είς
1880 3871 2033 3938 εἰρη-

434 3972 594 4044 νικὴν
616 3971 863 4042 γαλήνην
897 3968 1413 4042 μεταϐάλλουσαίτε
1447 3967 1543 4022 καὶ
1562 3964 1897 4020 διαλύουσαι·
1932 3960 2028 4026 οὓς

438 4081 606 4132 φασιν
646 4059 1005 4132 ὲπισωρεύων
1055 4063 1083 4114 6
1136 4058 1445 4132 εὐεργετῶν
1491 4060 1557 4129 τῇ
1592 4055 1685 4111 τοῦ
1724 4050 2029 4123 δυσμενοῦς

438 4156 676 4227 κεφαλῇ,
717 4158 815 4210 καὶ
865 4158 967 4228 τὴν
1008 4154 1329 4228 νεκροποιὸν
1397 4152 1466 4206 δι’

2148 3310 2655 3380 inexstinguibilem
2683 3314 2861 3385 ignem
2885 3314 3093 3385 injecit.
3120 3315 3401 3375 Carbones
3418 3329 3600 3376 tamen
3626 3322 3731 3377 ali-

2138 3403 2342 3473 quibus
2386 3404 2592 3474 accepti
2627 3418 2757 3461 sunt
2789 3405 3153 3465 accendentcs
3185 3419 3240 3465 et
3279 3414 3584 3469 excitantes
3612 3418 3735 3470 aui-

2140 3511 2286 3550 mam
2311 3497 2657 3567 operationes
2679 3507 2734 3553 et
2756 3499 3185 3568 admonitiones,
3210 3512 3265 3558 et
3289 3506 3515 3560 multam
3548 3507 3735 3563 inimi-

2137 3588 2283 3642 citiae
2305 3588 2599 3659 procellam
2625 3590 2679 3644 in
2721 3591 3003 3662 paciﬁcam
3048 3596 3287 3665 quietem
3337 3597 3734 3656 transferentes

2139 3690 2195 3734 et
2225 3680 2587 3737 dissolventes
2607 3697 2621 3747 ;
2644 3698 2804 3753 quos,
2817 3685 2987 3750 aiunt,
3010 3702 3317 3759 eongerens
3336 3688 3653 3748 benefactor
3677 3694 3736 3749 in

2140 3772 2456 3829 exacerbati
2495 3785 2681 3845 caput.
2710 3786 2766 3831 et
2792 3778 3122 3834 mortiticam
3156 3780 3228 3835 ita
3254 3782 3533 3851 expellens
3553 3785 3739 3841 inimi-

2140 3865 2355 3932 citiam,
2389 3877 2441 3922 et
2468 3869 2838 3926 corroborans
2863 3870 2916 3926 in
2947 3872 3294 3930 dilectionem
3321 3892 3447 3932 eum
3476 3879 3571 3948 qui
3597 3882 3740 3951 pati-

2142 3970 2251 4025 tur,
2270 3960 2415 4015 lntnc
2430 3963 2650 4032 quidem
2682 3979 2881 4035 magno
2906 3974 2962 4021 et
2982 3968 3194 4024 exitiali
3221 3970 3415 4026 morbo
3438 3971 3711 4039 liberavit,

2137 4055 2243 4109 sibi
2267 4070 2400 4110 vero
2427 4072 2549 4111 eam
2568 4074 2691 4127 qua:
2714 4059 2913 4115 exinde
2934 4068 3021 4116 est
3050 4061 3366 4119 felicitatem
3396 4068 3735 4134 procuravit.

1571 4151 1736 4205 αὐτὸν
1790 4149 2033 4205 ἐλαύνων
2081 4149 2313 4222 ἔχθραν,
2364 4152 2461 4204 καὶ
2507 4153 2863 4223 ἀναρῤωννύς
2908 4156 2990 4220 είς
3030 4156 3256 4226 ἀγάπην
3307 4159 3403 4213 τὸν
3432 4161 3735 4234 πάσχοντα,

437 4249 650 4303 ἐκεῖνον
703 4263 764 4300 τε
806 4246 1055 4319 μεγάλης
1104 4248 1199 4301 καὶ
1247 4244 1501 4316 ὀλεθρίας
1531 4245 1688 4298 νόσου
1716 4240 2055 4313 ἀπήλλαξεν,
2091 4237 2272 4311 ἑαυτῷ
2303 4256 2365 4293 τε
2403 4240 2507 4311 τὴν
2536 4241 2749 4295 ἐκεῖθεν
2780 4245 3167 4318 μακαριότητα
3206 4245 3596 4325 προεξὼησεν,

980 4340 1317 4393 ΕΡΩΤΗΣΙΣ
1356 4337 1481 4393 ΝΓ’.

440 4431 575 4500 Πῶς
622 4431 881 4500 νοητέον
904 4429 969 4500 τὸ
1004 4429 1324 4500 εἰρημένον
1386 4428 1546 4496 παρὰ
1584 4430 1690 4485 τοῦ
1744 4427 1893 4483 Θεοῦ
1952 4425 2033 4494 τῷ

585 4503 810 4568 Μωυσεῖ,
852 4520 871 4555 ι
896 4499 1051 4560 Ἰδοὺ
1083 4499 1315 4555 δέδωκά
1340 4517 1414 4555 σε
1432 4501 1574 4557 θεὸν
1596 4501 1807 4571 Φαραώ
1822 4516 1842 4566 ;
1866 4517 1884 4551 ι

2531 4334 2863 4405 QUzESTIO
2896 4338 3010 4396 Llll
3046 4339 3162 4414 [οι.
3206 4343 3355 4419 Lll].

2142 4431 2419 4501 Quomodo
2443 4428 2846 4514 intelligendum
2873 4436 3079 4514 dictant
3109 4454 3143 4491 a
3176 4438 3282 4514 Deo
3312 4440 3523 4514 Moysi:
3548 4462 3568 4497 ι
3600 4444 3738 4501 Ecce

2519 4503 2645 4559 dedi
2685 4513 2735 4560 te
2780 4504 2936 4561 deum
2966 4504 3246 4565 Pharaoni
3268 4514 3296 4567 2
3333 4531 3353 4566 ι

1342 4617 1487 4668 Edita
1518 4632 1546 4667 a
1567 4616 1710 4679 Maio,
1734 4618 1770 4668 l.
1794 4632 1861 4679 c.,
1882 4632 1933 4681 p.
1961 4618 2039 4669 58.
2070 4618 2128 4668 in
2163 4619 2312 4671 verba
2334 4621 2491 4673 Exod.
2527 4624 2658 4684 γιι,1
2685 4636 2828 4688 εείιίι·

526 4704 623 4759 Ἐκ
653 4703 764 4758 τῶν
804 4703 947 4757 κατά
990 4702 1156 4763 πόδας
1190 4701 1450 4773 ῥημάτων
1485 4704 1519 4773 ή
1553 4701 1648 4755 τοῦ
1702 4701 2030 4774 ζητουμένου

2218 4709 2291 4762 Ex
2314 4707 2581 4778 subjectis
2610 4710 2791 4767 verbis
2821 4710 3037 4782 qumsiti
3068 4711 3444 4786 interpretatio
3468 4715 3687 4792 [infert]
3720 4739 3737 4787 ;

439 4797 739 4870 ἑρμηνεία⁶
764 4797 962 4867 ἐπάγει
995 4796 1105 4865 γάρ
1126 4808 1140 4823 ⁸
1187 4813 1206 4847 ι
1239 4795 1351 4848 Καὶ
1399 4793 1611 4867 ’.ὶαρὼν
1634 4796 1663 4848 6
1694 4795 1923 4865 ἀδελφός
1941 4813 2035 4850 σου

439 4894 598 4946 ἔσται
638 4908 721 4944 σοι
753 4891 1041 4963 προφήτης
1064 4905 1078 4919 ·
1112 4907 1175 4943 συ
1202 4888 1259 4943 δὲ
1301 4888 1560 4961 λαλήσεις
1589 4889 1770 4945 πάντα
1820 4893 1921 4945 ὅσα
1950 4893 2038 4944 ὲν-

437 4981 703 5053 τέλλομαί
736 4995 853 5033 σοι’
886 4980 914 5032 6
939 4978 996 5032 δὲ
1040 4978 1251 5050 Ἀαρὼν
1272 4980 1501 5049 ἀδελφός
1535 4998 1628 5034 σου
1650 4980 1876 5053 λαλήσει
1901 4982 2038 5053 πρὸς

438 5070 665 5143 Φαραώ.
691 5090 710 5122 ι
759 5070 848 5134 Ὦς
875 5065 970 5124 οὖν
997 5066 1271 5142 ἐχρήσατο
1292 5071 1370 5143 τῷ
1399 5073 1589 5127 Μωσεῖ
1610 5073 1639 5125 6
1664 5071 1798 5137 Θεὸς
1828 5073 2038 5144 ὐπηρευ

436 5169 608 5237 τῆσαι
635 5168 759 5228 ταῖς
788 5164 932 5218 κατὰ
956 5165 1160 5235 Φαραὼ
1186 5165 1282 5219 καὶ
1305 5166 1625 5235 Αἰγυπτίων
1660 5165 1915 5238 πληγαῖς,
1947 5166 2039 5220 οὐ-

439 5274 549 5320 τως
589 5258 862 5329 ἐχρήσατο
890 5258 1098 5329 Μωσῆς
1124 5258 1204 5329 τῷ
1246 5256 1459 5330 ’Δαρών
1486 5272 1499 5287 ·
1527 5257 1693 5322 αὐτὸς
1745 5258 1843 5329 μὲν
1876 5275 2048 5329 προσ-

440 5348 665 5403 τάσσων
723 5352 751 5403 ὁ
787 5350 942 5423 παρά
975 5350 1114 5405 Θεοῦ
1157 5351 1667 5424 προστασσόμενος·
1711 5350 1963 5426 ὑπηρέτῃ
1990 5352 2049 5406 δὲ

439 5441 729 5519 χρώμενος
755 5444 893 5514 πρὸς
926 5445 1019 5498 τὸν
1053 5442 1256 5517 Φαραὼ
1285 5442 1364 5514 τῷ
1383 5442 1620 5514 ἀδελφῷ.
1652 5441 1764 5496 Kal.
1788 5442 2048 5508 διέσωζεν

444 5537 480 5604 ὴ
506 5536 706 5606 πρᾶξις
732 5538 790 5589 ὲν
820 5537 897 5607 τῷ
936 5538 1189 5608 ἀναλόγῳ
1212 5537 1275 5591 τὸ
1318 5535 1746 5607 ἀπαράλλακτον
1766 5552 1780 5566 ο
1820 5535 1899 5601 ὡς
1937 5538 2047 5609 γὰρ

442 5629 579 5692 Θεὸς
615 5630 751 5701 πρὸς
786 5630 989 5704 Φαραὼ
1028 5631 1120 5685 διά
1163 5631 1331 5701 μέσου
1358 5630 1601 5694 Μωσέως
1638 5628 1812 5695 οὕτως
1837 5629 2047 5701 Μωσῆς

445 5721 589 5790 πρὸς
618 5723 823 5795 Φαραὼ
849 5723 938 5779 διά
971 5723 1141 5796 μέσου
1185 5721 1399 5796 Ἀαρὼν
1453 5724 1552 5787 τάς
1582 5722 1913 5797 θεοσημείας
1943 5722 2042 5777 ἑπ-

446 5816 640 5871 ετὲλει.
689 5817 1020 5872 Ἑπέτασσεν
1064 5817 1125 5871 ἐν
1165 5819 1237 5887 τῇ
1270 5816 1463 5888 ἐρήμῳ
1500 5816 1706 5890 Χωρὴϐ
1746 5816 1824 5890 τῷ
1852 5817 2044 5875 Μωσεῖ

446 5909 605 5983 ῥίψαι
638 5910 736 5983 τὴν
772 5911 970 5986 ῥάϐδον
1007 5912 1038 5966 6
1067 5910 1220 5978 θεὸς,
1248 5911 1344 5965 καὶ
1386 5911 1747 5982 μετεϐάλλετο
1768 5912 1849 5977 είς
1880 5910 2035 5981 δφιντ

2142 4799 2293 4854 addit
2308 4800 2486 4857 enim:
2513 4818 2532 4852 ι
2553 4799 2622 4857 Ει
2647 4804 2830 4857 Aaron
2855 4802 3020 4860 frater
3039 4814 3167 4861 tuus
3181 4807 3285 4862 erit
3304 4807 3400 4864 tibi
3422 4810 3689 4881 propheta
3718 4829 3736 4881 ;

2144 4901 2202 4947 tu
2238 4908 2368 4949 vero
2406 4895 2652 4965 loqueris
2689 4896 2872 4952 omnia
2923 4914 3268 4971 quzecunque
3306 4904 3564 4974 praecipio
3615 4906 3738 4963 tibi.

2142 4987 2326 5043 Aaron
2408 4997 2590 5044 autem
2642 4988 2812 5046 frater
2866 5000 2995 5047 tnns
3072 4993 3329 5064 loquetur
3374 4998 3442 5052 ad
3488 4998 3740 5056 Pharao—

2146 5072 2275 5134 nem
2309 5098 2321 5133 :
2364 5098 2382 5131 ι
2424 5078 2580 5137 Sicut
2612 5081 2779 5151 igitur
2820 5098 2953 5139 usus
3006 5094 3092 5139 est
3150 5084 3333 5157 Moyse
3369 5087 3513 5145 Dens
3541 5100 3604 5144 ut
3636 5092 3739 5145 mi-

2144 5169 2406 5225 nistraret
2429 5179 2622 5226 contra
2656 5169 2999 5229 Pharaonem
3030 5183 3085 5229 et
3115 5174 3399 5247 :‘Egyptios
3425 5180 3633 5253 plagas,
3664 5183 3738 5237 ita

2149 5277 2281 5317 usus
2313 5270 2399 5316 est
2423 5260 2637 5333 Moyses
2666 5261 2886 5319 Aarone
2913 5281 2928 5329 ;
2958 5264 3074 5335 ipse
3098 5265 3297 5335 jnbens
3320 5284 3351 5322 a
3374 5268 3485 5325 Deo
3497 5272 3693 5341 jussus
3719 5292 3735 5341 ;

2148 5354 2404 5409 ministro
2427 5362 2611 5409 autem
2641 5364 2801 5409 utens
2830 5355 2898 5409 ad
2930 5356 3275 5413 Pharaonem
3310 5358 3497 5416 fratre.
3535 5361 3600 5417 Et
3620 5379 3739 5421 ser-

2142 5446 2291 5500 vavit
2322 5456 2478 5501 actns
2510 5445 2564 5501 in
2594 5446 2827 5518 analogo
2853 5448 3228 5506 omnimodam
3274 5451 3691 5514 similitudinem
3719 5477 3738 5528 ς

2146 5547 2207 5594 ut
2241 5540 2389 5595 enim
2424 5537 2569 5594 Deus
2606 5537 2882 5595 Pharaoni
2913 5555 3011 5611 per
3055 5541 3447 5602 intermedium
3488 5546 3736 5623 Moysen,

2146 5631 2220 5686 ita
2260 5630 2474 5703 Moyses
2501 5629 2773 5687 Pharaoni
2804 5646 2901 5702 per
2922 5632 3313 5692 intermedium
3341 5638 3524 5697 Aaron
3548 5642 3737 5698 divina

2149 5733 2401 5797 portenta
2463 5724 2769 5781 mandavit.
2826 5723 3095 5799 Praecepit
3160 5728 3216 5785 in
3278 5730 3499 5789 deserto
3554 5734 3739 5793 llorcb

2150 5819 2323 5893 Moysi
2354 5829 2415 5877 ut
2446 5820 2741 5891 projicerét
2775 5821 2983 5894 virgam
3045 5822 3216 5891 Deus,
3264 5836 3319 5882 et
3352 5827 3409 5883 in
3439 5828 3737 5887 draconem

2148 5915 2356 5990 lignum
2409 5914 2705 5973 formatum
2737 5924 2821 5972 est
2864 5978 2873 5987 ο
2924 5924 2976 5972 et
3018 5916 3341 5991 simpliciter
3396 5940 3737 5999 quaecunque
