4144 6466
396 457 500 524 391
1559 454 1824 516 PIIOTII
1864 454 2142 514 PATRIA
2156 454 2376 515 RCII.‘E
2409 455 2519 515 (ΣΡ.
3601 449 3707 514 392

400 572 617 645 Moyses
677 570 972 641 jubebatur
1022 569 1178 640 signa
1240 567 1496 638 operari,
1547 568 1728 622 omnia
1774 566 2034 638 Moysesi

2138 567 2402 620 πέτασσεν
2442 564 2609 618 πάλιν
2653 564 2793 616 κατᾶ
2814 563 3108 635 πρόσωπον
3146 561 3344 636 Φαραὼ
3496 560 3706 632 Ἀαρὼν

401 680 718 736 proponens
758 674 813 718 et
853 664 906 716 in
955 677 1179 716 manum
1231 661 1452 716 mittens
1491 659 1670 726 fratri,
1713 675 1810 730 per
1852 661 1999 715 hunc

2172 658 2378 727 Μωσῆς
2423 656 2576 728 ῥίψαι
2601 655 2701 728 τὴν
2733 655 2954 727 ῥάϐδον,
2978 655 3073 709 καὶ
3117 659 3198 720 εἰς
3225 655 3500 724 δράκοντα
3529 655 3589 709 τὸ
3619 655 3698 721 ξύ-

403 761 556 829 jus.~a
597 756 927 812 mirabiliter
970 770 1209 826 operans
1254 753 1598 825 perﬁciebat.
1646 752 1722 807 Ita
1759 752 1997 807 manife-

2138 768 2196 804 ον
2251 749 2721 816 ἐζωοπλαστεῖτο·
2773 749 2870 802 καλ¹
2901 747 3090 812 ἀπλῶς
3125 750 3222 802 ὅσα
3253 750 3448 803 Μωσεῖ
3485 767 3712 802 κατεπι-

407 861 552 906 stum
574 860 660 908 est
683 852 814 921 quid
846 850 1119 922 significet
1137 849 1310 904 illud:
1342 865 1360 900 ι
1396 847 1537 903 Ecce
1559 846 1684 902 dedi
1736 857 1787 902 te
1833 847 1994 903 deum

2145 844 2331 898 τεύετο
2386 844 2799 914 τερατουργεῖν,
2837 841 3018 895 πάντα
3066 843 3274 913 Μωσῆς
3328 842 3710 913 παραθέμενος

401 941 700 999 Pharaoni.
746 963 764 994 ο
2106 938 2201 990 καὶ
2235 937 2551 1006 ἐγχειρίσας
2613 935 2690 1007 τῷ
2747 936 3001 1008 ἀδελφῷ,
3041 935 3109 988 δι’
3149 936 3360 990 ἐκείνου
3419 937 3488 988 τὰ
3542 951 3700 1002 προσο

401 1036 716 1108 τεταγμένα
755 1035 1193 1107 θαυματουργῷν
1233 1034 1572 1106 διεπέραινεν
1596 1051 1612 1066 ’
1650 1033 1793 1087 ὥστε
1835 1030 2070 1102 φανερὸν
2093 1031 2285 1100 γέγονε
2307 1030 2362 1084 τί
2400 1047 2531 1084 ποτε
2562 1029 2814 1101 βούλεται
2846 1030 3042 1102 δηλοῦν
3075 1030 3156 1096 τὸ,
3193 1049 3212 1082 ι
3261 1031 3393 1084 Ἰδοὺ
3419 1030 3626 1084 δέδωκά
3655 1047 3710 1084 σε

410 1130 533 1184 θεὸν
571 1127 794 1200 Φαραώ.
841 1147 860 1181 ι

805 1237 1139 1308 ΟυᾹὲὃἸῚΟ
1170 1237 1284 1294 LIV
1313 1237 1414 1311 [αι.
1455 1237 1619 1311 LIII].

405 1331 682 1399 Quomodo
737 1333 1138 1402 intelligendum
1179 1330 1536 1397 apostolicum
1591 1331 1845 1384 dictum:
1881 1349 1899 1381 ‹
1948 1330 2004 1386 Si

476 1406 696 1458 invicem
732 1403 983 1457 mordetia
1017 1411 1065 1457 et
1099 1403 1373 1456 comeditis
1394 1444 1409 1468 ,
1439 1403 1605 1455 videte
1635 1418 1698 1456 ne
1747 1403 1810 1455 ab
1863 1403 1997 1454 inri-

475 1491 585 1528 cem
616 1475 1028 1540 consumamini,
1074 1493 1092 1524 ›
1129 1483 1178 1527 et
1215 1473 1338 1527 lmic
1368 1487 1607 1528 connexa
1631 1473 1657 1526 2’

2652 1230 2992 1284 ΕΡΩΤΗΣΙΣ
3026 1229 3150 1284 NA'.

2114 1327 2243 1390 Πῶς
2269 1323 2524 1393 νοητέον
2547 1325 2616 1379 τὸ
2648 1325 3064 1379 ἀποστολικὸν
3083 1322 3304 1392 ῥητὸν,
3351 1342 3370 1373 ‹
3403 1317 3468 1377 El
3520 1321 3587 1376 δὲ
3611 1322 3720 1376 ἀλ-

2181 1397 2417 1464 ,ίήλους
2448 1397 2703 1450 δάκνετε
2757 1397 2858 1449 καὶ
2903 1397 3270 1456 κατεσθίετε,
3325 1395 3596 1458 βλέπετε
3628 1394 3717 1462 μὴ

2186 1469 2288 1522 ὑπ’
2308 1467 2608 1590 ἓῌλήλων
2635 1466 3041 1535 ἁγαλωθῆτε,ι
3095 1465 3198 1521 καί
3241 1465 3312 1521 τὰ
3346 1467 3540 1532 τούτῳ
3568 1479 3722 1517 οὐν·Ι

2181 1557 2305 1608 ημμ
2345 1555 2438 1592 ra.

1432 1647 1576 1701 Edita
1599 1661 1629 1700 α
1653 1649 1800 1711 Maio,
1836 1650 1872 1700 l.
1914 1663 1980 1710 c.,
2007 1663 2057 1713 p.
2087 1649 2259 1700 58-60.
2297 1650 2350 1700 In
2400 1649 2507 1700 Gal.
2536 1661 2584 1709 v,
2621 1646 2694 1698 l5.

481 1758 625 1813 Sunt
666 1757 770 1814 viri
810 1757 955 1814 sacri
1000 1756 1429 1827 apostolicorum
1462 1755 1733 1812 dictorum
1772 1757 1827 1811 in
1878 1770 2002 1827 pro~

2187 1757 2341 1810 Εἰσὶν
2377 1754 2573 1826 ἄνδρες
2613 1754 2750 1825 ἱεροὶ
2788 1752 2898 1805 τῶν
2925 1752 3302 1806 ἀποστολικῶν
3328 1752 3594 1823 ῥημάτων
3620 1755 3726 1826 τὴν

411 1849 586 1906 fundo
618 1849 964 1906 reconditum
1018 1863 1244 1904 sensum
1296 1849 1530 1920 gratiam
1561 1848 1828 1904 habentes
1849 1864 2005 1904 reve-

2138 1866 2165 1899 ν
2204 1845 2283 1918 τῷ
2321 1844 2480 1916 βάθει
2512 1844 3028 1916 τεθησαυριςμένην
3057 1843 3320 1908 διάνοιαν,
3367 1846 3530 1917 χάριν
3571 1846 3726 1917 ἔχον·-

413 1942 584 2006 landi,
610 1943 812 2014 quibus
829 1942 1175 2013 propositum
1205 1942 1450 2012 aperitur
1476 1942 1684 1998 dictum
1716 1960 1729 1995 :
1764 1956 2004 2012 quorum

2138 1959 2209 2005 re;
2248 1940 2680 2004 ἀνακαλύπτειν,
2712 1932 2791 2001 οἷς
2817 1937 2877 1989 τὸ
2916 1938 3277 2008 προκείμενον
3318 1938 3726 1994 ἀναπτύσσεται

415 2034 687 2090 theoriam
721 2034 1055 2104 accipientes
1082 2044 1136 2089 et
1167 2043 1226 2089 ut
1255 2049 1311 2088 tu
1345 2033 1612 2105 intelligas
1675 2043 1828 2089 tuum
1860 2034 2008 2089 circa

2138 2034 2277 2103 ὸητόν
2301 2048 2314 2062 ⁸
2347 2027 2421 2085 ὼν
2461 2032 2562 2102 τὴν
2582 2031 2817 2101 θεωρίαν
2836 2029 3228 2099 ἀποδεχόμενοι
3265 2032 3359 2084 καὶ
3390 2032 3448 2084 σὲ
3482 2035 3726 2087 συνεῖναι

413 2128 529 2182 haec
556 2126 800 2182 studium
859 2125 1194 2182 laboriosum
1254 2124 1414 2181 nobis
1472 2126 2009 2197 suadet(curare);

2138 2127 2174 2180 πὸ
2215 2126 2344 2197 περὶ
2383 2125 2560 2178 ταῦτά
2599 2141 2692 2178 σου
2728 2124 3019 2193 φιλόπονον
3064 2125 3212 2195 ἡμᾶς
3251 2123 3538 2178 ἀναπείθει
3561 2141 3577 2157 ο
3611 2126 3726 2179 οὐδ’

415 2240 596 2296 neque
625 2224 672 2280 si
706 2222 837 2294 quid
870 2221 1020 2276 aliud
1052 2222 1282 2278 scaturit
1331 2221 1484 2278 Pauli
1515 2222 1788 2278 dictorum
1841 2221 2014 2291 negli-

2138 2223 2169 2277 :i'
2203 2240 2253 2276 τι
2281 2221 2410 2276 ἄλλο
2441 2221 2682 2291 πηγάζει
2719 2219 2827 2274 τῶν
2856 2219 2952 2272 τοῦ
2987 2219 3199 2272 Παύλου
3250 2218 3515 2290 ῥημάτων
3555 2221 3730 2293 ὑπερ-

413 2331 604 2387 gemus
657 2313 927 2370 derivare.
957 2313 1095 2369 Cum
1157 2315 1303 2370 enim
1347 2314 1580 2371 dixisset
1631 2314 1788 2383 cujus
1830 2313 2017 2384 lingua

2138 2315 2364 2387 ιψόμεθα
2391 2312 2832 2388 ἁπορρύσασθαι.
2857 2313 3040 2366 Εἰπὼν
3065 2313 3194 2384 γὰρ,
3217 2308 3278 2367 οὗ
3318 2315 3352 2385 ἡ
3385 2313 3604 2381 γλῶσσα
3628 2315 3727 2369 τοῦ

423 2406 763 2464 sanctissimi
799 2406 1038 2476 Spiritus
1077 2422 1343 2478 organum
1377 2423 1391 2461 :
1429 2425 1447 2459 ‹
1486 2404 1597 2462 Vos
1622 2404 1675 2460 in
1709 2405 2018 2460 libertatem

2138 2406 2399 2474 παναγίου
2435 2404 2758 2475 Πνεύματος
2785 2403 3037 2474 δργανον,
3068 2423 3088 2456 ι
3112 2403 3302 2474 Ὑμεῖς
3329 2403 3415 2456 ἐπ’
3439 2403 3730 2477 ἐλευθερίᾳ

415 2498 600 2556 vocati
657 2497 815 2566 estis,
852 2498 1073 2565 fratres,
1111 2517 1132 2552 ι
1164 2507 1216 2554 et
1277 2500 1555 2556 docuisset
1587 2514 1698 2554 non
1734 2498 2022 2568 subjacere

2138 2499 2414 2570 ἐκλήθητε,
2457 2497 2698 2566 ἀδελφοὶ,
2739 2515 2757 2549 ›
2798 2498 2894 2550 καὶ
2933 2496 3149 2564 διδάξας
3207 2496 3283 2560 ὡς
3319 2497 3418 2568 οὐχ
3439 2499 3731 2551 ὑπόκειται

415 2589 666 2646 servituti
729 2589 1170 2645 circumcisionis
1223 2592 1411 2662 gratia:
1464 2590 1627 2656 ﬁlios,
1663 2605 1838 2658 neque
1867 2589 2024 2645 valde

2138 2590 2336 2662 Ξουλείᾳ
2361 2589 2668 2661 περιτομῆς
2703 2587 2776 2642 τά
2809 2588 2910 2658 τῆς
2971 2589 3196 2659 χάριτος
3247 2590 3435 2654 τέκνα,
3476 2591 3597 2643 οὐδὲ
3649 2591 3732 2662 τῷ

428 2682 582 2753 gravi
609 2691 665 2736 et
691 2680 896 2736 dillicili
927 2681 994 2736 ad
1023 2683 1349 2752 portandum
1363 2682 1496 2752 jugo
1513 2681 1646 2752 legis
1659 2682 1940 2738 continere
1971 2690 2027 2736 et

2138 2681 2460 2753 πολυμόχοῳ
2495 2683 2590 2736 καὶ
2628 2680 3011 2753 δυσεξανύστῳ
3046 2680 3200 2753 ζυγῷ
3249 2681 3343 2736 τοῦ
3386 2683 3555 2754 νόμου
3599 2700 3732 2736 συν-

420 2771 588 2842 allligi
620 2771 842 2839 debere,
884 2786 950 2826 ne
981 2772 1288 2827 libertatem
1333 2772 1438 2827 sibi
1510 2788 1733 2844 quoque
1791 2773 2026 2828 aliorum

2138 2774 2350 2845 ἑχεσθαι
2401 2774 2496 2827 καὶ
2533 2772 3004 2845 ταλαιπωρεῖσθαι
3057 2774 3496 2847 κεχρεώστηκεν,
3539 2776 3626 2828 ἵνα
3652 2775 3732 2848 μὴ

425 2879 551 2936 qua:
582 2879 693 2920 non
725 2873 940 2935 oportet
965 2879 1127 2933 agere
1155 2864 1348 2920 donari
1384 2873 1660 2935 putarent,
1693 2875 1748 2922 et
1778 2867 2030 2922 occasio-

2138 2867 2230 2937 τὴν
2290 2864 2606 2937 ἐλευθερίαν
2659 2867 2846 2930 αὐτοῖς
2885 2867 2981 2920 καὶ
3029 2867 3138 2921 τῷν
3177 2867 3354 2920 ἄλλων
3391 2869 3487 2920 ὅσα
3527 2867 3600 2938 μὴ
3648 2867 3734 2920 δεῖ

421 2973 549 3013 nem
607 2956 878 3012 libertatis
909 2955 1169 3025 injuriam
1229 2957 1476 3013 facerent
1531 2958 1801 3013 libertatis
1831 2958 2028 3014 subse-

421 3060 611 3108 cautes
655 3051 808 3106 carni
845 3059 897 3105 et
925 3050 1276 3122 passiunihus
1307 3065 1649 3121 quaecunque
1693 3051 1878 3106 carnis
1909 3067 2034 3122 ger-

2133 2957 2398 3029 πράττειν
2435 2957 2758 3028 χαρίζεσθαι
2793 2959 3068 3030 νομιοῦσι,
3094 2961 3188 3014 καὶ
3228 2959 3327 3028 τὴν
3356 2960 3612 3031 ἀφορμὴν
3631 2960 3734 3030 τῆς

2137 3051 2452 3122 ἐλευθερίας
2491 3052 2650 3124 ὕϐριν
2691 3053 3027 3126 ποιήσωνται
3064 3054 3164 3124 τῆς
3213 3053 3527 3125 ἐλευθερίας
3593 3053 3733 3106 ὑπο-

423 3143 640 3197 minant
684 3149 740 3197 et
790 3117 1116 3198 nascuntur.
1172 3117 1468 3212 Propterea
1517 3117 1769 3212 adjunxit
1806 3160 1821 3196 :
1866 3160 1884 3194 ι
1912 3117 2030 3197 ἒθᾱ

2138 3143 2430 3207 κόπτοντες
2471 3144 2636 3215 σαρκὶ
2674 3145 2767 3198 καὶ
2798 3145 3053 3205 πάθεσιν,
3110 3148 3214 3200 ὅσα
3240 3149 3336 3216 τῆς
3360 3148 3559 3219 σαρκὸς,
3595 3149 3738 3202 ἀπο-

421 3250 522 3305 pcr
547 3235 872 3292 cbaritatem
907 3235 1108 3292 servile
1153 3235 1410 3300 invicem,
1455 3254 1476 3288 ι
1506 3237 1663 3306 quasi
1694 3235 1980 3307 (diceret)
2015 3253 2029 3290 ι

424 3325 684 3383 Revocati
747 3327 885 3384 estis
909 3341 940 3381 a
974 3327 1238 3382 servitute
1278 3326 1418 3382 dura
1469 3328 1523 3382 in
1553 3329 1954 3400 inexpectatam
1979 3337 2035 3384 et

432 3422 652 3478 beatam
684 3421 1015 3488 libertatem,
1048 3420 1219 3492 fugite
1251 3421 1434 3478 carnis
1461 3421 1894 3477 dominationem
1937 3437 2034 3492 per

423 3529 591 3584 quam
614 3513 770 3569 vobis
787 3521 1116 3584 aggravatur
1144 3512 1407 3579 servitus,
1433 3528 1610 3582 neque
1635 3513 1756 3583 ejus
1785 3513 2035 3582 subjacet

423 3604 658 3673 legibus.
707 3602 907 3658 Carnis
938 3617 1070 3657 vero
1128 3603 1449 3658 servitutem
1499 3602 1853 3659 manifestum
1892 3603 2036 3658 mul-

430 3706 612 3751 tarum
659 3709 882 3765 quoque
905 3695 1140 3749 aliarum
1179 3697 1500 3766 passionum
1531 3703 1588 3751 et
1619 3696 1842 3750 malitiae
1878 3711 2034 3751 creaa

430 3790 621 3844 tricem
644 3795 700 3842 et
735 3788 999 3842 artificem
1021 3786 1266 3859 [essejet
1295 3787 1644 3843 machinatur
1676 3799 1893 3844 vastare
1924 3787 2036 3842 vir-

433 3881 569 3937 tutis
589 3890 643 3936 et
661 3882 930 3937 libertatis
956 3879 1237 3936 decorem.
1261 3878 1396 3952 [Sed
1425 3879 1503 3953 et]
1523 3896 1772 3937 amorem
1797 3892 2034 3937 conatur

434 3972 694 4029 humanis
738 3972 1017 4029 mentibus
1051 3972 1343 4044 expellere.
1373 3974 1439 4029 Ut
1463 3973 1649 4044 igitur,
1673 3975 1772 4040 ait,
1792 3976 2034 4046 reliquas

434 4081 614 4138 usque
631 4067 894 4136 nequitia:
917 4065 1344 4121 insurreetiones
1365 4075 1709 4136 praeteream,
1738 4082 1861 4138 quae
1877 4067 2035 4138 geni-

435 4160 585 4214 mina
611 4158 798 4214 carnis
823 4166 880 4213 et
904 4158 1146 4214 carnalis
1165 4169 1295 4214 sunt
1318 4173 1538 4221 sensus,
1559 4159 1646 4215 bis
1663 4160 1789 4216 inde
1808 4161 2032 4215 venien-

435 4254 583 4309 tibus
606 4251 824 4308 insidiis
851 4260 905 4307 et
921 4251 1094 4322 plagis
1110 4259 1300 4308 contra
1320 4268 1441 4318 vos,
1475 4251 1764 4318 mortiftco,
1785 4253 2031 4322 inquam,

439 4347 638 4413 amori,
669 4346 883 4401 fortiter
917 4355 1242 4417 repugnate,
1272 4361 1451 4416 neque
1490 4357 1549 4400 ut
1570 4349 1859 4402 transitum
1878 4362 2033 4417 repe-

2136 3235 2428 3291 ϐλαστάνει
2467 3238 2563 3290 καὶ
2592 3235 2808 3305 φύεται.
2834 3236 2934 3291 Διά
2971 3237 3129 3292 τοῦτο
3151 3241 3431 3311 ἐπήγαγεν
3454 3257 3467 3270 ·
3508 3260 3527 3292 ‹
3570 3240 3736 3294 Ἀλλὰ

2134 3328 2222 3382 διὰ
2260 3329 2362 3400 τῆς
2398 3328 2619 3401 ἀγάπης
2657 3328 2940 3383 δουλεύετε
3000 3330 3252 3403 ἀλλήλοις
3293 3347 3309 3362 °
3357 3351 3376 3384 ι
3437 3327 3569 3398 οἷον,
3609 3333 3736 3386 ’Λν-

2135 3421 2399 3493 εκλήθητε
2416 3422 2665 3484 δουλείας
2691 3421 2940 3492 χαλεπῆς
2970 3423 3050 3484 εἰς
3070 3421 3480 3494 ἀπροσδόκητον
3504 3423 3596 3477 καὶ
3627 3441 3738 3494 μαι

2135 3514 2336 3585 καρίαν
2366 3514 2700 3584 ἐλευθερίαν,
2731 3514 2963 3583 φεύγετε
2987 3514 3084 3582 τῆς
3126 3514 3330 3583 σαρκὸς
3362 3513 3462 3585 τὴν
3501 3515 3738 3586 ἐπικρά-

2135 3620 2308 3670 τειαν,
2344 3602 2411 3656 δι’
2443 3598 2511 3674 ἦς
2550 3604 2679 3673 ὑμῖν
2736 3603 3088 3676 βαρύνεταιὴ
3125 3605 3380 3657 ὃουλεία’
3444 3605 3580 3676 μηδὲ
3621 3611 3739 3670 τοῖς

2135 3697 2352 3768 ἐκείνης
2389 3696 2784 3750 κατακλίνεσθε
2818 3698 3023 3768 νόμοις.
3069 3699 3132 3750 'H
3163 3698 3220 3751 δὲ
3254 3699 3354 3768 τῆς
3385 3700 3589 3770 σαρκὸς
3615 3699 3740 3753 δου-

2136 3788 2257 3842 λεία
2285 3789 2441 3860 δῆλον
2473 3789 2548 3852 ὡς
2567 3789 2780 3843 πολλῶν
2808 3791 2907 3860 μὲν
2946 3790 3041 3843 καὶ
3066 3791 3242 3844 ἄλλων
3281 3791 3399 3844 ἐστὶ⁵
3429 3792 3618 3846 παθῶν
3640 3797 3740 3847 καὶ

2135 3883 2337 3946 κακίας
2393 3884 2727 3955 δημιουργὲ-ς
2769 3885 2862 3937 καὶ
2901 3887 3158 3954 τεχνῖτις,
3196 3886 3292 3937 καὶ
3329 3883 3739 3956 διαμηχανᾶται

2134 3971 2494 4042 λυμαίνεσθαι
2521 3975 2620 4041 τῆς
2661 3976 2864 4046 ἀρετῆς
2893 3975 2987 4029 καὶ
3043 3975 3140 4046 τῆς
3170 3975 3487 4048 ἐλευθερίας
3519 3979 3580 4032 τὸ
3608 3981 3743 4032 mila

2134 4064 2253 4128 λος’
2282 4065 2423 4138 ἀτὰρ
2460 4066 2524 4137 δὴ
2565 4068 2662 4120 καὶ
2682 4068 2782 4138 τὴν
2821 4069 3042 4139 ἀγάπην
3082 4069 3358 4140 ἐπιχειρεῖ
3383 4069 3500 4124 τῶν
3527 4070 3744 4141 ἀνθρω-

2137 4158 2308 4212 πίνων
2345 4157 2533 4229 ψυχῶν
2572 4159 2926 4216 ἀπελαύνειν.
2973 4162 3087 4214 Ἵνα
3108 4163 3311 4227 τοίνυν,
3341 4165 3496 4235 φησὶ,
3525 4165 3621 4228 τὰς
3645 4166 3744 4220 ιὶίλι⁵

2134 4252 2230 4315 λας
2263 4251 2402 4315 τέως
2428 4252 2528 4321 τῆς
2557 4253 2760 4317 κακίας
2791 4253 3198 4318 ἐπαναστάσεις
3237 4255 3403 4321 ἐάσω,
3461 4256 3518 4310 αἳ
3547 4261 3742 4328 γεννή-

2138 4362 2287 4416 ματα
2313 4347 2412 4418 τῆς
2451 4348 2652 4418 σαρκὸς
2719 4348 2814 4400 καὶ
2873 4347 2968 4401 τοῦ
3027 4348 3295 4420 σαρκικοῦ
3361 4347 3742 4423 καθεστήκασι

440 4439 547 4492 riat
589 4437 645 4491 in
693 4435 851 4492 vobis
909 4435 1153 4490 animam
1191 4434 1462 4488 occidenti
1496 4434 1625 4490 huic
1655 4435 1864 4504 peccati
1922 4435 2030 4491 telo

2138 4439 2508 4511 φρονήματος,
2536 4440 2673 4510 πρὸς
2695 4440 2898 4509 ταύτην
2929 4440 3027 4512 τὴν
3053 4441 3264 4494 ἐκεῖθεν
3287 4441 3590 4513 ἐρχομένην
3617 4444 3742 4496 ἐπι-

441 4536 766 4600 przetextum
811 4527 1049 4590 aliquem
1106 4526 1372 4597 przebete.
1403 4524 1519 4582 Hoc
1554 4536 1734 4582 autem
1758 4530 1862 4584 erit
1891 4529 2031 4586 forte

442 4635 549 4676 non
573 4634 867 4689 operosum
893 4632 1070 4687 neque
1095 4616 1311 4672 dillicile
1332 4617 1601 4688 perfectu,
1623 4619 1716 4673 sed
1739 4629 1792 4674 et
1816 4618 1973 4675 facile
1987 4632 2042 4676 et

441 4711 785 4778 salvificum;
816 4711 864 4766 si
898 4709 1045 4764 enim
1080 4724 1176 4779 per
1209 4710 1533 4765 cbaritatem
1556 4711 2038 4780 δοτνίιὶεἱηνίεθηι,

440 4820 603 4860 omne
661 4803 828 4859 telum
887 4801 1146 4873 nequitia:
1195 4811 1385 4857 contra
1409 4818 1504 4857 vos
1538 4802 1747 4872 jactum
1798 4804 2040 4859 inefﬁcax

441 4896 545 4952 erit
567 4914 583 4965 ;
604 4896 657 4950 in
683 4904 901 4951 scutum
920 4895 1066 4950 enim
1087 4893 1375 4950 offendens
1394 4895 1643 4966 ejusdem
1661 4911 1785 4966 erga
1807 4896 2040 4953 invicem

444 5005 642 5045 sensus
665 4997 722 5044 et
747 4989 1030 5055 amicitiae,
1057 4997 1111 5044 et
1136 4998 1338 5043 tortum
1374 4987 1648 5060 frangitur
1677 4999 1730 5046 et
1758 4991 2038 5061 repulsum

442 5082 497 5136 in
527 5079 799 5136 imbellem
851 5080 1067 5136 decidet
1099 5081 1293 5148 ictum,
1322 5094 1386 5135 ac
1418 5079 1582 5135 simul
1630 5080 1924 5151 jacientcm
1975 5099 2041 5137 eo

441 5189 553 5245 quo
570 5189 666 5243 par
685 5182 768 5228 est
789 5174 998 5244 pudore
1017 5173 1203 5242 implet
1222 5188 1238 5240 ;
1255 5173 1384 5244 quia
1403 5187 1529 5243 erga
1549 5173 1782 5228 invicem
1799 5188 1895 5243 per
1911 5175 2043 5230 cha-

445 5270 659 5323 ritatem
682 5269 918 5323 servitus
937 5267 1068 5321 illud
1096 5283 1220 5336 qua:
1235 5269 1467 5337 desuper
1486 5275 1870 5323 estassecurat
1885 5269 2038 5324 auxi.

449 5360 578 5413 lium
608 5370 663 5414 et
687 5375 878 5430 puram
910 5368 965 5416 et
1001 5359 1219 5415 beatam
1271 5369 1533 5430 operatur
1580 5359 1889 5415 libertatem
1941 5376 2038 5430 per

447 5465 569 5506 eam
608 5467 732 5523 quae
786 5452 840 5506 iu
898 5451 1132 5508 invicem
1166 5461 1250 5509 est
1303 5467 1516 5524 paceni,
1548 5461 1604 5508 et
1647 5453 2040 5509 insubstantia-

449 5551 560 5597 tam
600 5557 791 5614 pacem
848 5541 1139 5598 Dominum
1191 5551 1444 5599 nostrum
1503 5541 1693 5598 J-csum
1753 5544 2035 5599 Christum

449 5634 647 5690 vestris
703 5634 1011 5690 inhabitare
1045 5634 1253 5691 faciens
1285 5636 1570 5694 cordibus.

2145 4532 2345 4602 ϐουλὴν
2380 4532 2475 4586 καὶ
2529 4531 2745 4604 πληγὴν
2785 4532 2908 4585 καθ’
2937 4532 3116 4602 ὑμῶν,
3173 4533 3272 4604 τὴν
3309 4533 3742 4605 νεκροποιοῦσαν

2143 4625 2288 4693 λέγω
2318 4623 2417 4695 τὴν
2485 4626 2730 4696 ἀγάπην,
2760 4627 3027 4693 γενναίως
3082 4624 3549 4694 ἀνταγωνίσασθε,
3605 4627 3744 4696 μηδὲ

2147 4717 2382 4789 πάροδον
2421 4718 2601 4788 εὑρεῖν
2637 4721 2695 4771 ἐν
2754 4719 2883 4789 ὑμῖν
2913 4719 2995 4789 τῷ
3059 4718 3388 4790 ψυχοφθόρῳ
3431 4719 3606 4790 τούτῳ
3642 4719 3747 4788 τῆς

2147 4808 2424 4878 ἁμαρτίας
2453 4808 2596 4878 βέλει
2631 4807 2904 4878 πρόφασίν
2935 4826 3057 4864 τινα
3093 4807 3435 4878 παράσχητε.
3490 4806 3662 4859 Τοῦτο
3685 4809 3743 4858 δὲ

2150 4899 2448 4961 saroterra);
2480 4899 2580 4950 οὐκ
2602 4898 2841 4967 ἐργῶδες
2881 4899 3000 4951 οὐδὲ
3025 4897 3261 4970 χαλεπὸν
3321 4896 3520 4950 ἀνύσαι
3543 4937 3557 4962 ,
3606 4895 3744 4949 ἀλλά

2141 4989 2234 5043 καὶ
2275 4988 2458 5061 ῥᾴδιον
2519 4990 2615 5041 καὶ
2655 4989 2956 5060 σωτήριον·
3007 4991 3059 5042 εί
3096 4989 3205 5058 γὰρ
3250 4987 3340 5041 διὰ
3390 4989 3489 5058 τῆς
3519 4986 3745 5056 ἀγάπης

2139 5083 2421 5138 δουλεύετε
2451 5083 2702 5156 ἀλλήλοις
2743 5086 2890 5136 ἁπαν
2918 5083 3082 5136 ὅπλον
3127 5082 3397 5155 πονηρίας
3430 5081 3553 5137 καθ’
3587 5081 3745 5152 ὑμῶν

2142 5175 2474 5248 βαλλόμενον
2497 5177 2879 5248 ἀπρακτήσει·
2912 5176 2990 5247 τῷ
3013 5175 3192 5248 θυρεῷ
3215 5179 3323 5248 γὰρ
3347 5176 3621 5246 ἐμπίπτον
3643 5174 3746 5244 τῆς

2141 5267 2245 5342 [ὲν]
2267 5269 2514 5340 ἀλλήλοις
2529 5271 2782 5339 ὁμονοίας
2801 5288 2858 5323 τε
2883 5269 3026 5342 [καὶ]
3044 5271 3254 5340 φιλίας,
3266 5270 3359 5323 καὶ
3377 5270 3568 5322 θᾶττον
3585 5284 3746 5337 περι-

2141 5361 2428 5432 θραύεται,
2487 5364 2582 5416 καὶ
2615 5365 3061 5434 ἀποκρουόμενον
3098 5365 3177 5426 εἰς
3220 5363 3411 5436 κωφὴν
3455 5362 3744 5416 διαπίπτει

2143 5450 2345 5522 βολίδα,
2391 5454 2529 5521 μετά
2567 5453 2660 5506 τοῦ
2693 5458 2787 5506 καὶ
2846 5456 2939 5507 τὸν
2981 5455 3250 5525 βάλλοντα
3297 5457 3395 5525 τῆς
3432 5453 3749 5525 προσηκού-

2145 5562 2247 5617 σης
2270 5545 2534 5617 αἰσχύνης
2565 5546 2882 5617 ἀναπλῆσαι
2902 5565 2914 5576 ·
2948 5548 3183 5620 ἐπείπερ
3216 5549 3249 5619 ὴ
3308 5549 3446 5619 πρὸς
3480 5546 3748 5617 ἀλλήλους

2143 5636 2232 5689 διά
2262 5636 2362 5707 τῆς
2382 5637 2607 5710 ἀγάπης
2635 5639 2873 5704 δουλεία,
2898 5641 2998 5712 τὴν
3045 5640 3254 5696 ἀνωθεν
3307 5639 3747 5711 ἀρραϐωνίζεται

453 5726 794 5800 συμμαχίαν,
823 5727 920 5780 καὶ
965 5727 1065 5799 τὴν
1121 5729 1371 5802 καθαρὰν
1433 5731 1531 5787 καὶ
1599 5732 1878 5804 μακαρίαν
1948 5733 2392 5804 καταπράττεται
2452 5731 2770 5804 ἐλευθερίαν
2807 5733 2894 5787 διὰ
2923 5737 3022 5806 τῆς
3075 5735 3134 5787 ὲν
3175 5732 3426 5804 ἀλλήλοις
3494 5731 3744 5810 είρήντςς⁹

453 5820 548 5871 καὶ
577 5819 675 5890 τὴν
697 5820 1061 5874 ἐνυπόστατον
1093 5822 1319 5894 εἰρήνην
1363 5823 1455 5876 τὸν
1475 5822 1685 5895 Κύριον
1708 5824 1866 5895 ἡμῶν
1927 5827 2134 5897 Ἰησοῦν
2167 5825 2399 5897 Χριστὸν
2429 5827 2548 5888 ταῖς
2572 5825 2726 5896 ὑμῶν
2765 5826 3227 5896 ἐγκατοικίζουσα
3257 5825 3527 5898 καρδίαις.

525 5902 731 5971 Deinde
759 5915 944 5986 adjicit
976 5927 1026 5973 et
1051 5916 1185 5986 legis
1206 5933 1482 5973 summam
1505 5928 1627 5975 esse
1647 5920 1873 5990 diligere
1899 5919 2045 5978 sicut

2223 5916 2354 5974 Εἶτα
2394 5919 2755 5991 προστίθησιν
2793 5923 2992 5977 ὅτικαὶ
3018 5923 3184 5993 νόμου
3231 5921 3525 5990 κεφάλαιόν
3549 5921 3660 5972 ἐστι
3685 5915 3747 5976 τὸ
