4144 6508
346 536 450 600 3‘33

1269 535 1370 596 AD
1393 537 1990 600 AMPHILOCHIUM
2029 542 2376 613 ΟΗιΕΞΤΙΟ
2415 551 2559 625 LIV,
2595 554 2708 617 LV.

3520 553 3626 620 394

345 650 566 720 ἀ’;·ιπᾷν
612 648 688 712 ὼς
747 647 938 703 ἑαυτὸν
978 647 1068 702 τὸν
1124 647 1384 719 πλησίον’
1445 651 1540 704 καὶ
1581 651 1784 720 ταύτης
1830 652 1929 723 τῆς

2058 655 2278 724 μείρευιιι
2309 664 2618 730 proximum
2653 686 2667 722 :
2699 677 2754 722 et
2781 668 2943 738 hujus
2969 670 3276 726 dilectionis
3314 671 3624 726 sublimita-

347 743 566 813 ἀγάπης
595 741 656 795 τὸ
683 741 888 813 ὑψηλὸν
913 741 1008 796 καὶ
1059 740 1355 812 ὠφέλιμον,
1393 745 1560 812 ἱεροῖς
1605 760 1665 796 τε
1697 743 1940 814 ἐνθυμή-

351 853 481 904 μασι
511 833 941 900 κατασκευάζων
993 837 1087 889 καὶ
1143 835 1522 890 ἐπιδεικνύων.
1559 837 1669 890 Καὶ
1717 836 1806 892 διὰ
1830 837 1940 890 τῶν

345 935 746 1013 παρεπομένων
801 932 857 985 δὲ
912 929 1273 1002 ἀνθρωπίνων
1299 927 1376 1000 τῷ
1411 929 1512 1000 βίῳ
1558 931 1938 1002 παραστήσας.

348 1033 668 1104 ὲπισφίγγει
694 1030 790 1085 καὶ
811 1029 1101 1098 συγκροτεῖ
1118 1025 1218 1097 τὴν
1258 1023 1608 1079 διδασκαλίαν
1636 1040 1650 1055 ’
1679 1025 1804 1090 ἐπεὶ,
1833 1024 1942 1096 γὰρ

347 1131 377 1183 ὁ
406 1126 573 1189 πολὺς
601 1122 886 1194 ἄνθρωπος
941 1119 1003 1174 οὐ
1034 1118 1289 1173 τοσοῦτον
1345 1120 1458 1181 τοῖς
1486 1117 1672 1187 νόμοις
1698 1117 1794 1171 καὶ
1823 1120 1942 1181 ταῖς

347 1220 597 1282 ἀπειλαῖς
627 1217 684 1272 αἳ
707 1215 787 1287 τῷ
808 1212 1008 1285 μακρῷ
1028 1211 1207 1284 χρόνῳ
1224 1210 1322 1274 τὰς
1345 1210 1597 1274 κολάσεις
1621 1211 1942 1282 ἐπιφέρουσι

349 1312 782 1386 σωφρονίζεσθαι
811 1311 978 1375 θέλει,
1017 1310 1142 1363 ὅσον
1163 1307 1271 1361 ἀπὸ
1294 1307 1404 1360 τῶν
1434 1307 1730 1378 ὁρωμένων
1759 1325 1820 1361 τε
1845 1307 1942 1361 καὶ

348 1409 636 1480 ἐπικήρων
657 1405 752 1460 καὶ
775 1405 875 1476 τὴν
902 1401 1175 1473 τιμωρίαν
1208 1400 1537 1455 δεικνύντων
1589 1401 1939 1470 ἐγγίζουσαν,

347 1502 470 1557 οὐδὲ
503 1501 602 1570 τὴν
639 1500 748 1553 ἀπὸ
775 1497 981 1552 τούτων
1005 1494 1327 1568 παραίνεσιν
1371 1493 1697 1564 ἀποτρέχει·
1723 1492 1803 1545 διὸ
1845 1509 1943 1562 μο-

347 1592 745 1663 νονουχί-φησιν
767 1608 782 1624 ⁸
819 1591 884 1644 Ei
919 1589 1059 1660 μήτε
1083 1589 1112 1641 ὁ
1143 1588 1239 1656 τῆς
1256 1585 1570 1655 ἐλευθερίας
1601 1587 1745 1657 ὑμᾶς
1767 1585 1942 1638 δυσω-

350 1688 445 1738 πεῖ
485 1683 684 1748 πόθος,
749 1682 888 1754 μήτε
938 1681 1000 1734 τὸ
1046 1679 1156 1733 ἀπὸ
1201 1679 1300 1750 τῆς
1344 1680 1423 1742 είς
1456 1677 1650 1740 ἄλλους
1699 1675 1943 1739 δουλείας

351 1773 666 1846 παρακαλεῖ
703 1772 914 1842 κέρδος,
961 1769 1085 1839 μηδ’
1114 1771 1197 1824 ὅτι
1226 1767 1386 1822 τοῦτο
1425 1767 1525 1839 μὲν
1558 1764 1824 1836 ἐπιθυμία
1845 1764 1941 1818 τοῦ

353 1866 685 1934 πνεύματος,
719 1865 782 1916 τὸ
803 1863 848 1916 δ’
879 1861 1122 1915 ἐναντίον
1145 1858 1410 1930 ἐπιθυμία
1441 1859 1539 1926 τῆς
1564 1857 1788 1928 σαρκὸς,
1821 1855 1942 1927 μηδ’

350 1960 442 2022 ὅτι,
460 1959 739 2028 πλήρωμα
765 1956 930 2026 νόμου
958 1954 1020 2008 τὸ
1047 1953 1148 2023 τῆς
1173 1952 1395 2022 ἀγάπης
1423 1949 1776 2021 κατόρθωμα,
1809 1948 1944 2002 ἁλλά

352 2051 457 2110 κᾶν
478 2051 608 2120 γοῦν
628 2050 727 2121 τὴν
745 2049 866 2102 κατ’
888 2047 1132 2118 ἀλλήλων
1151 2045 1357 2117 φθορὰν
1375 2045 1467 2098 καὶ
1484 2042 1761 2098 ἀπώλειαν
1787 2041 1944 2094 εύλα·
1971 2017 2018 2076 Β

356 2141 580 2214 ϐήθητε·
601 2141 661 2194 τὺ
680 2141 790 2212 γάρ
808 2139 1070 2211 ἀλλήλους
1087 2138 1301 2192 δάκνειν
1319 2137 1412 2191 καὶ
1436 2134 1738 2189 κατεσθίειν
1763 2133 1942 2203 φθόνῳ

351 2251 412 2288 τε
447 2230 882 2305 [καηδιαϐολαῖς
913 2231 1008 2283 καὶ
1036 2231 1156 2292 ταῖς
1193 2226 1582 2297 συκοφαντίαις
1619 2225 1680 2290 ἐξ
1724 2218 1798 2278 ὧν
1847 2223 1942 2278 καὶ

350 2327 382 2378 ὁ
414 2323 607 2393 φθόνος
635 2319 1135 2394 παρρησιάζεσθαι,
1157 2319 1276 2382 πῶς
1292 2320 1391 2373 οὐκ
1408 2317 1475 2372 ἂν
1507 2318 1591 2388 εἴη
1619 2317 1940 2387 βδελυκτόν;

353 2415 472 2480 πῶς
505 2414 550 2468 δ’
591 2414 652 2468 οὐ
687 2412 958 2483 φευκτόν;
987 2411 1105 2476 πῶς
1130 2410 1173 2464 δ’
1202 2410 1324 2481 οὐχὶ
1352 2409 1447 2464 καὶ
1473 2409 1643 2480 χωρὶς
1677 2407 1943 2478 παραινέσι

356 2525 492 2570 cem;
524 2507 934 2578 ἀποτρόπαιονς
983 2505 1074 2558 Διὸ
1115 2504 1194 2558 δεῖ
1251 2503 1620 2574 φυλάττεσθαι
1655 2502 1730 2573 μὴ
1759 2502 1944 2554 διαπε-

353 2603 468 2654 σεῖν
521 2601 621 2671 τῆς
672 2597 929 2667 ἀγάπης·
979 2596 1040 2650 τὺ
1070 2594 1178 2666 γὰρ
1219 2594 1424 2664 ταύτης
1470 2595 1816 2665 ἀπορρυῆναι
1863 2594 1944 2656 εἰς

357 2695 534 2765 μάχας
564 2695 680 2746 ἐστὶ
709 2694 804 2746 καὶ
835 2707 1056 2754 στασεις
1079 2690 1173 2744 καὶ
1206 2689 1388 2759 ἐριδας
1420 2686 1825 2756 καταποθῆναι,
1851 2687 1945 2739 καὶ

355 2790 473 2844 κατ’
503 2787 750 2857 ἀλλήλων
797 2783 1119 2850 ὁπλίζεσθαι
1175 2779 1609 2852 παρασκευάζει,
1654 2779 1723 2832 τὰ
1765 2778 1946 2846 δὲτὴν

353 2881 561 2951 φθοράν
596 2880 752 2950 ὑμῶν
778 2878 877 2933 καὶ
921 2876 1202 2932 ἀπώλειαν
1265 2871 1802 2943 συγκατασκευάζει.
1835 2872 1944 2926 Καὶ

356 2973 551 3027 σκόπει
577 2973 726 3033 ὅπως
756 2969 855 3041 τὴν
885 2968 1106 3038 ἀγάπην
1159 2965 1395 3021 ἐνταῦθα
1425 2963 1704 3035 παρέϐαλε
1723 2979 1737 2994 ο
1770 2963 1946 3016 καίτοι

353 3062 454 3132 τὴν
473 3061 575 3131 τῆς
601 3059 900 3131 περιτομῆς
916 3057 1246 3126 ἀποθέτησιν
1277 3057 1304 3109 ὁ
1322 3054 1482 3122 λόγος
1506 3054 1653 3123 αύτῷ
1685 3070 1948 3124 προηγου-

360 3154 538 3224 μένως
587 3153 882 3222 εἰσηγεῖτο.
938 3150 1050 3204 Καὶ
1107 3148 1312 3216 ταύτης
1369 3145 1519 3216 αὐτῷ
1570 3147 1668 3214 τῆς
1710 3143 1948 3213 σπουδῆς

357 3244 754 3316 προκειμένης,
791 3243 852 3296 τὸ
877 3243 977 3313 τῆς
1032 3243 1257 3312 ἀγάπης
1308 3239 1515 3308 ἀγαθὸν
1543 3241 1692 3308 ὅμως
1721 3239 1786 3307 τῇ
1816 3253 1950 3307 προ-

358 3338 506 3392 θέσει
544 3334 1016 3390 συνδιαπλέκεται.
1039 3335 1138 3389 Διά
1174 3333 1259 3399 τί;
1287 3333 1404 3386 Ἵνα
1431 3331 1508 3403 μὴ
1528 3329 1665 3401 πρὸς
1687 3329 1950 3400 ἀλλήλους

359 3429 718 3501 διισταμένων
749 3428 860 3482 τῶν
911 3425 1211 3498 περιτομὴν
1256 3422 1642 3496 σεμνολόγημα
1695 3419 1954 3490 ποιουμέ-

364 3538 499 3589 νων,
542 3522 640 3574 καὶ
699 3513 781 3583 οἷς
842 3519 877 3590 ἡ
923 3516 1017 3570 τοῦ
1079 3516 1292 3570 Παύλου
1349 3515 1675 3584 παραίνεσις
1712 3511 1956 3579 ἐγεγόνει

365 3617 631 3688 κρείττων
652 3616 878 3669 στάσεσι
896 3616 989 3668 καὶ
1007 3611 1363 3682 φιλονεικίαις
1391 3611 1487 3665 καὶ
1511 3610 1653 3681 ἔρισι
1681 3625 1959 3678 συγκατα-

367 3710 670 3782 μερξσωσιν
699 3709 925 3772 ἑαυτούς
945 3724 958 3738 °
995 3707 1061 3760 δι’
1092 3700 1165 3760 ὧν
1196 3705 1255 3759 τὸ
1279 3705 1372 3758 ὑπ’
1399 3704 1646 3775 ἀλλήλων
1663 3702 1958 3757 δάκνεσθαι

366 3801 464 3856 καὶ
520 3799 908 3856 κατεσθίεσθαι
962 3799 1160 3852 θᾶττον
1215 3795 1584 3867 συνεπόμενον
1610 3797 1806 3867 ὁρᾶται
1834 3812 1846 3824 ·
1879 3786 1958 3849 ὧν

366 3897 467 3966 τὴν
497 3893 822 3966 ἀπαλλαγὴν
864 3894 1028 3957 αὐτὸς
1083 3892 1280 3963 ἄριστα
1329 3890 1635 3966 φιλοσοφῶν
1683 3889 1840 3960 παρά
1889 3907 1954 3959 γε

1979 3385 2024 3445 C

2045 756 2151 805 tem
2176 762 2232 809 et
2255 755 2541 814 utilitatem
2571 761 2744 817 sacris
2768 770 2821 816 et
2845 763 3346 834 enthymematibus
3367 772 3625 820 astruens

2043 850 2098 896 et
2129 843 2539 904 demonstrans.
2592 851 2657 904 Et
2692 867 2787 920 per
2817 867 2879 906 ea
2929 868 3050 922 quae
3093 863 3400 923 sequuntur
3439 853 3626 909 homi-

2043 951 2175 990 num
2203 939 2371 994 vitam
2394 942 2780 1011 comprobatus,
2801 943 3022 1013 stringit
3042 953 3091 998 et
3113 945 3395 999 concludit
3417 943 3627 1000 doctri-

2045 1043 2206 1095 nam;
2243 1030 2371 1101 quia
2400 1033 2545 1087 enim
2571 1033 2815 1104 plerique
2834 1035 3085 1091 homines
3117 1051 3226 1091 non
3255 1044 3462 1091 tantum
3488 1034 3628 1107 legi-

2044 1121 2149 1178 bus
2177 1134 2230 1179 et
2261 1127 2424 1182 minis
2452 1144 2574 1198 quae
2621 1130 2883 1185 diuturno
2931 1140 3175 1201 tempore
3236 1133 3628 1204 castigationes

2045 1213 2310 1271 inducunt
2332 1220 2603 1290 sapientes
2637 1222 2752 1278 fieri
2781 1224 2968 1278 volunt
3001 1233 3266 1294 quantum
3293 1224 3358 1279 iis
3391 1240 3512 1294 qua:
3540 1225 3628 1278 vi-

2046 1309 2242 1365 dentur
2274 1320 2328 1366 ct
2362 1314 2804 1385 contingentibus
2834 1327 2887 1371 et
2918 1332 3136 1388 pinnam
3191 1316 3628 1372 monstrantibus

2044 1401 2520 1471 pt‘Opinquantem,
2555 1421 2730 1477 neque
2769 1423 2890 1463 eam
2929 1409 2999 1464 ab
3037 1409 3159 1464 istis
3188 1408 3628 1464 exhortationem

2044 1498 2430 1566 praatercurrit.
2471 1498 2594 1555 Ideo
2651 1501 2805 1571 quasi
2843 1502 2976 1557 dicit
3007 1520 3020 1556 :
3059 1501 3117 1557 Si
3155 1516 3333 1572 neque
3361 1500 3632 1556 libertatis

2044 1601 2143 1641 vos
2174 1596 2354 1642 movet
2379 1588 2736 1655 desiderium,
2763 1606 2942 1660 neque
2997 1589 3276 1646 servitutis
3311 1589 3364 1645 in
3395 1589 3629 1644 invicem

2044 1687 2304 1748 provocat
2337 1680 2794 1746 emolumentum,
2833 1697 3009 1752 neque
3036 1683 3182 1752 quod
3211 1681 3354 1737 istud
3410 1680 3629 1751 quidem

2045 1766 2375 1824 desiderium
2427 1770 2500 1824 sit
2549 1770 2797 1840 spiritus.
2854 1772 3194 1827 contrarium
3230 1786 3360 1826 vero
3413 1770 3633 1826 deside-

2047 1859 2188 1914 rium
2214 1862 2419 1928 carnis,
2451 1876 2630 1934 neque
2651 1864 2800 1935 quod
2832 1864 3118 1935 plenitudo
3152 1864 3291 1934 legis
3321 1862 3634 1920 dilectionis

2045 1952 2325 2023 egregium
2371 1969 2531 2024 opus,
2562 1964 2618 2010 at
2651 1956 2845 2012 saltem
2905 1967 3154 2012 mutuam
3188 1956 3548 2028 perditionem
3579 1961 3637 2009 ct

2047 2043 2275 2098 exitium
2313 2046 2656 2101 reveremini.
2696 2047 2932 2102 Invicem
2957 2049 3102 2102 enim
3139 2047 3390 2102 mordere
3423 2054 3476 2100 et
3499 2059 3633 2100 con-

2049 2153 2268 2193 sumere
2297 2137 2500 2194 invidia
2534 2149 2588 2195 et
2616 2141 2909 2196 calumniis
2939 2151 2994 2207 et
3024 2141 3461 2196 detractionibus
3490 2137 3637 2193 unde

2049 2238 2104 2284 et
2134 2228 2339 2286 invidia
2371 2230 2671 2302 indulgere,
2694 2234 2971 2303 quomodo
3003 2250 3110 2288 non
3148 2232 3637 2290 essetabominan-

2049 2320 2218 2376 dum?
2245 2323 2524 2393 quomodo
2572 2339 2681 2379 non
2728 2325 3088 2395 fugiendum?
3120 2324 3396 2396 quomodo
3429 2337 3539 2378 non
3583 2330 3640 2377 et

2053 2414 2260 2485 absque
2311 2415 2622 2474 hortatione
2664 2417 2982 2472 vitandum?
3010 2419 3138 2473 Ideo
3188 2424 3402 2487 oportet
3441 2427 3639 2469 cavere

2053 2524 2122 2562 ne
2151 2509 2278 2579 quis
2308 2510 2524 2566 excidat
2551 2511 2839 2566 cbaritate.
2868 2512 2951 2564 Ab
2982 2516 3083 2565 hac
3099 2510 3243 2565 enim
3277 2507 3435 2563 avelli
3461 2506 3518 2561 in
3543 2520 3641 2576 pu-

2052 2616 2188 2671 gnas
2219 2610 2274 2659 et
2307 2604 2603 2660 seditiones
2628 2615 2684 2659 et
2711 2603 3093 2660 contentiones
3141 2611 3229 2658 est
3283 2598 3536 2670 immergi
3587 2605 3644 2652 et

2053 2706 2244 2753 contra
2281 2697 2515 2753 invicem
2543 2713 2694 2752 arma
2732 2696 2918 2761 struit,
2953 2696 3073 2750 haec
3097 2709 3229 2751 vero
3275 2691 3640 2764 perditionem

2055 2800 2292 2846 vestram
2320 2799 2374 2846 et
2398 2790 2615 2846 ruinam
2647 2800 2860 2860 parant.
2897 2789 2962 2844 Et
2989 2789 3113 2844 vide
3145 2786 3426 2858 quomodo
3454 2783 3644 2839 chari-

2056 2894 2219 2940 tutem
2264 2885 2395 2940 illuc
2455 2883 2726 2955 injecerit,
2759 2884 2888 2939 licet
2917 2881 3359 2939 cirrumcisiouis
3407 2878 3644 2934 destitu-

2057 2979 2260 3033 tionem
2317 2992 2502 3033 scrmo
2563 2977 2667 3049 ipsi
2711 2976 3061 3048 potissimum
3096 2974 3399 3029 induceret.
3443 2969 3510 3025 Et
3541 2969 3648 3025 hoc

2057 3068 2174 3136 ipse
2205 3068 2386 3123 studio
2421 3069 2726 3139 proposito,
2762 3066 3050 3124 charitalis
3072 3075 3255 3120 tamen
3288 3065 3496 3119 bonum
3524 3075 3650 3130 pro-

2057 3156 2237 3227 posito
2266 3157 2432 3212 simul
2453 3158 2814 3229 implectltur.
2837 3157 3020 3224 Quare
3043 3154 3158 3212 ?Ne
3176 3154 3247 3212 ad
3273 3154 3505 3209 invicem
3533 3149 3650 3206 dis—
3681 3185 3685 3192 -

2057 3251 2418 3306 sentientibus
2448 3250 2516 3306 iis
2546 3253 2638 3322 qui
2669 3251 3149 3306 circnmcisionem
3202 3248 3498 3319 gloriosam
3538 3242 3648 3299 sibi

2058 3343 2332 3399 ducebant
2357 3353 2411 3399 et
2438 3344 2505 3400 iis
2536 3345 2736 3414 quibus
2763 3344 2913 3399 Pauli
2939 3344 3252 3399 exhortatio
3281 3346 3402 3396 erat
3428 3337 3644 3402 melior,
3676 3375 3682 3381 .

2056 3436 2421 3493 seditionibus
2455 3447 2509 3492 et
2535 3436 2756 3492 invidiis
2780 3446 2834 3492 et
2865 3434 3307 3491 contentionibus
3338 3430 3653 3488 scinderent

2056 3527 2121 3584 in
2150 3536 2332 3597 partes
2397 3528 2629 3598 seipsos.
2691 3526 2848 3582 Unde
2873 3527 3006 3582 illud
3046 3547 3060 3581 :
3094 3525 3179 3581 Ab
3207 3524 3443 3579 invicem
3504 3534 3652 3575 mor—

2055 3616 2173 3673 deri
2192 3626 2248 3674 et
2265 3618 2480 3674 comedi
2497 3618 2662 3673 citius
2685 3633 2942 3673 securum
2966 3616 3467 3686 videturijQuorum
3499 3625 3654 3666 amo.-

2057 3710 2259 3765 tionem
2289 3709 2404 3780 ipse
2424 3708 2629 3780 optime
2650 3709 3063 3780 philosopharis,
3089 3723 3178 3763 me
3199 3706 3420 3778 quidem
3440 3703 3650 3776 judice.

2061 3811 2210 3858 esset
2234 3812 2288 3858 et
2319 3803 2598 3872 proximos
2628 3803 2795 3860 simul
2825 3799 3208 3873 philosophari
3239 3808 3302 3856 ut
3335 3807 3463 3854 actu
3489 3796 3565 3852 ita
3599 3805 3658 3850 et

2064 3894 2413 3950 sermonibus
2453 3893 2732 3949 erudiens.

372 3989 495 4059 ἐμοὶ
523 3992 706 4060 κριτῇ,
747 3989 833 4059 εἴη
877 3987 974 4042 καὶ
1017 3986 1148 4050 τοὺς
1188 3984 1591 4057 πλησιάζοντας
1666 3983 2117 4058 συμφιλοσοφεῖν,
2170 3988 2360 4059 ὥσπερ
2427 3992 2494 4060 τῇ
2555 3989 2772 4061 πράξει,
2805 3986 2950 4042 οὕτω
2996 3987 3238 4048 καὶτοῖς
3296 3985 3477 4046 λόνοις
3513 3981 3661 4035 ἐκδι-

372 4085 603 4140 δάσκων.

926 4197 1261 4256 ΕΡΩΤΗΣΙΣ
1287 4199 1392 4253 NE'

375 4292 508 4362 Πῶς
533 4298 566 4365 ό
589 4295 747 4364 ἱερὸς
775 4295 1046 4365 χρησμὸς
1073 4292 1278 4360 ὥσπερ
1305 4291 1439 4365 ἐστὶ
1467 4289 1750 4365 κρείττων
1773 4289 1966 4365 αίτίιζς

447 4359 899 4434 άζτάσὴςίόῧτω
932 4359 1052 4418 ’καὶ
1110 4359 1373 4434 δειχθείη
1405 4364 1626 4434 ταύτης
1648 4359 1963 4434 impacati-

445 4429 681 4502 λαστοξ
703 4452 717 4466 ⁶
754 4437 855 4503 ὡς,
898 4455 916 4487 ι
954 4434 1163 4503 Ἀμὴν,
1181 4429 1347 4501 ἀμὴν
1378 4430 1534 4503 ,λέγω
1562 4429 1723 4503 ὑμῖν)
1750 4429 1964 4498 φησιν,

449 4504 604 4561 ὅπου
654 4499 740 4562 ὃν
1076 4499 1140 4559 τὸ
1190 4499 1563 4576 Εὑαγγέλιον
1611 4499 1823 4576 τοῦτο,
1857 4503 1966 4576 λιι-

450 4579 783 4646 ληΰήσεται
838 4571 966 4631 Ral."
1013 4571 1044 4632 ὃ
1089 4575 1382 4646 ἐποίησεν⁹
1414 4571 1568 4639 αὕτη
1600 4571 1689 4646 είς
1726 4571 1961 4646 μνῃμό-

451 4641 648 4703 σὺνόν
678 4647 971 4718 ain-ﬁcri
997 4650 1065 4701 Ei
1122 4641 1396 4718 μὲνηῖάρ
1440 4659 1532 4707 τις
1593 4641 1966 4718 Εραγγςέλιρν

2463 4192 2790 4260 QUIESTIO
2843 4192 2929 4246 LV
2977 4191 3071 4264 [ιιι.
3108 4189 3268 4260 LIV].

2071 4289 2346 4355 Quomodo
2390 4303 2603 4343 sacrum
2635 4285 2912 4340 oraculum
2967 4293 3023 4338 ut
3084 4292 3160 4355 est
3204 4281 3392 4355 melius
3443 4296 3663 4334 accusa-

2131 4363 2271 4414 tione
2301 4359 2444 4413 omni
2465 4400 2478 4422 ,
2509 4360 2590 4411 ita
2614 4368 2664 4410 et
2690 4357 3082 4410 demonstretur
3125 4353 3246 4407 huic
3280 4353 3607 4406 inaccessum
3643 4367 3662 4415 ;

2141 4446 2321 4498 nempe
2347 4445 2366 4484 :
2399 4448 2418 4480 ‹
2456 4429 2641 4492 Amen,
2675 4443 2826 4498 amen
2874 4427 2990 4498 dico
3013 4423 3178 4498 vobis,
3221 4425 3332 4498 ait,
3356 4423 3668 4498 ubicumque

2133 4490 2485 4568 praedicatum
2512 4490 2672 4569 fuerit
2704 4495 3501 4569 anngeliunt‘hoc.’dice‘tur_et
3526 4490 3667 4562 quod

2134 4561 2245 4628 luet:
2275 4572 2394 4640 fecit
2416 4571 2472 4625 in
2495 4561 2802 4623 memoriam
2849 4561 2962 4636 ejus
2982 4568 3006 4621 ξ)
3118 4568 3234 4640 quis
3257 4565 3398 4640 enim
3427 4561 3669 4640 Euange-

2145 4633 2460 4710 lium'ponat
2484 4643 2653 4708 ipsum
2690 4633 2890 4708 factum
2922 4633 3180 4710 mulieris,
3215 4633 3539 4710 insipientia
3565 4648 3670 4684 non

449 4721 648 4788 αὐτὴν
675 4719 791 4786 τὴν
818 4705 1055 4787 ’πρᾶξιν
1103 4705 1232 4784 (iam
1417 4705 1743 4788 τιζκαίκὸςς
1759 4705 1954 4788 (169.18-

2139 4705 2344 4769 videtur
2368 4705 2597 4788 cﬁ‘itgei'e
2614 4705 2835 4788 crimen.
2867 4728 2886 4760 ι
2917 4707 2976 4763 Si
3002 4723 3116 4762 vero
3144 4715 3315 4788 totum
3334 4705 3667 4782 Scripturam

451 4781 637 4858 σχίιὶς
666 4781 746 4844 οὔ
758 4781 929 4844 δοκεῖ
944 4781 1189 4859 φεύγειν·
1211 4781 1447 4859 αἰτίαν-ὀ
1473 4783 1550 4859 die
1569 4782 1638 4859 δὲ
1671 4784 1788 4859 τὴς
1817 4781 1974 4859 ξεί-ην

455 4851 710 4931 Γξραρὴν
739 4860 857 4914 τῶν
873 4851 1348 4931 σύνταξαμέζων
1369 4851 1784 4931 μαθητῶν-τοῦ
1807 4851 1976 4931 διόατ

458 4922 696 4987 ahala};
733 4932 831 4985 καὶ
861 4931 1068 4985 κοινοῦ
1089 4922 1378 4993 Σωτῆρος
1401 4922 1680 4992 ὑπερφυῆ
1713 4924 1858 4990 ἔργα
1876 4922 1975 4993 καί

458 5004 889 5070 πολιτεύματα,
941 4999 1087 5055 οὐδὲ
1128 4991 1305 5053 τοῦέυ
1349 4993 1648 5070 ῖομίζετξιι
1672 4993 1884 5070 σώζειν
1910 4991 1979 5046 τὸ

459 5061 827 5129 ἀκόλουᾶον·
876 5061 1051 5126 ὀὔπω
1101 5070 1213 5138 γὰρ
1275 5061 1466 5120 ταῦτα
1513 5061 1638 5129 τοῖς
1679 5062 1984 5133 γράμμασι

458 5143 867 5212 παρατέθειτο.

2143 4772 2566 4852 componentium
2605 4781 2989 4851 discipulorum
3016 4778 3275 4852 magistri
3297 4785 3348 4852 et
3377 4772 3670 4852 communis

2150 4846 2448 4911 Saluatoris
2479 4846 2790 4907 excellentia
2814 4866 2975 4919 opera
3021 4858 3070 4903 et
3107 4846 3627 4919 administrationes
3651 4879 3669 4906 ,

2153 4941 2328 5008 neque.
2361 4925 2414 4976 id
2443 4933 2666 5008 mittitur
2690 4914 2901 5008 servare
2922 4919 3348 4988 consequentiam
3382 4931 3401 4971 .'
3433 4914 3670 4970 nondum

2151 4991 2290 5050 enim
2309 4995 2420 5053 Ittec
2445 4991 2676 5063 Scriptis
2702 4991 2961 5046 mandata
2994 4998 3149 5043 erant

1357 5251 1499 5301 Edita
1533 5265 1559 5299 a
1581 5251 1726 5310 Maio,
1753 5251 1785 5299 l.
1814 5263 1879 5310 c.,
1905 5263 1955 5312 p.
1979 5247 2147 5298 60-61.
2183 5247 2238 5297 In
2271 5244 2441 5296 Matth.
2466 5257 2596 5304 xxvi,
2632 5243 2706 5292 13.

460 5353 536 5412 Τὸ
563 5351 661 5423 μὲν
706 5350 802 5404 οὖν
853 5350 947 5402 σὺν
992 5349 1309 5420 διαπόρημα
1361 5347 1690 5420 δριμύτερον
1733 5345 1983 5400 ἐπελθεῖν

391 5445 573 5512 τοῦτο,
604 5445 758 5505 οὐδὲν
790 5443 835 5497 δ’
860 5443 1121 5512 ἐργῶδες,
1164 5441 1288 5496 οὐδὲ
1315 5441 1517 5511 πολλῆς
1563 5440 1837 5511 προσοχῆς
1870 5438 1986 5492 δεό-

399 5554 561 5609 μενον
587 5535 650 5590 τό
673 5552 735 5589 τε
765 5535 1059 5589 ἀκόλουθον
1105 5534 1166 5586 ὲν
1220 5533 1334 5596 τοῖς
1384 5529 1769 5602 προκειμένοις
1820 5529 1988 5593 θείοις

399 5630 634 5684 συνιδεῖν
655 5627 882 5697 λογίοις,
916 5628 1014 5681 καὶ
1036 5626 1097 5680 τὸ
1119 5624 1302 5696 πολλῷ
1343 5624 1680 5678 καθεστάναι
1715 5623 1920 5694 μεῖζον.
1951 5623 1985 5692 ἢ

396 5725 719 5796 ἀδολεσχίας
764 5723 1190 5794 εἰσπράττεσθαι
1263 5722 1552 5793 πρόφασιν.
1617 5718 1837 5790 Πρῶτον
1889 5715 1989 5785 μὲν

398 5822 510 5893 γὰρ
537 5821 698 5874 εἰκαὶ
734 5820 902 5892 μήπω
930 5819 1000 5873 τά
1043 5815 1361 5885 Εὑαγγέλια
1404 5811 1845 5882 συνεγέγραπτο,
1870 5809 1988 5865 ἀλλ’

399 5911 495 5970 οὖν
544 5917 779 5987 ἀγράφῳ
819 5913 965 5984 λόγῳ
1018 5913 1076 5967 αἱ
1132 5909 1416 5982 θεουργίαι
1459 5906 1556 5960 τοῦ
1614 5905 1820 5977 Ἰησοῦ,
1857 5907 1990 5960 πᾶσι

406 6006 888 6080 τ.εριηγγὲ).).οντο.
947 6004 1007 6061 Ei
1035 6003 1091 6060 δὲ
1135 6005 1232 6059 καὶ
1287 6001 1392 6073 πρὸ
1439 5998 1710 6069 γενέσεως
1759 5998 1990 6052 ἕκαστον

2159 5344 2275 5400 Tua
2301 5358 2433 5413 ergo
2465 5340 2756 5396 diﬂicultas
2801 5336 3054 5392 subtilior
3113 5333 3337 5403 quidem
3373 5331 3520 5386 aditu
3571 5330 3675 5385 ista

2089 5438 2222 5494 nihil
2257 5444 2438 5491 autem
2471 5447 2788 5504 operosum,
2811 5443 2912 5484 nec
2945 5428 3116 5483 multa
3138 5425 3501 5498 applicatione
3531 5424 3678 5479 indi-

2090 5544 2222 5600 gens
2243 5526 2463 5596 sequela
2492 5525 2546 5579 in
2573 5521 2867 5594 propositis
2885 5518 3086 5576 divinis
3108 5529 3190 5574 est
3209 5517 3532 5588 cormpicere
3552 5531 3680 5572 orac

2091 5623 2229 5677 culis
2253 5629 2306 5675 et
2327 5618 2499 5673 multo
2519 5616 2766 5672 stabilire
2783 5613 2960 5683 majus
2985 5627 3149 5682 quam
3179 5611 3509 5680 insipientia:
3533 5610 3683 5680 iuge-

2097 5731 2218 5770 rere
2236 5721 2579 5784 praetextum.
2595 5707 2841 5764 Primum
2873 5707 3016 5762 enim
3041 5705 3143 5761 etsi
3176 5706 3418 5760 nondum
3437 5704 3686 5772 Evange-

2100 5807 2170 5861 lia
2203 5805 2405 5875 scripta
2435 5799 2610 5867 erant,
2633 5809 2780 5856 certe
2801 5801 2966 5871 igitur
3022 5815 3130 5854 non
3159 5797 3365 5869 scripto
3392 5796 3559 5852 verbo
3596 5794 3684 5849 di-

2100 5900 2239 5954 vina;
2259 5897 2602 5967 operationcs
2614 5892 2745 5950 Jesu
2768 5892 3027 5948 omnibus
3057 5890 3682 5947 circumnuntiabantur.

2103 5993 2161 6049 Si
2189 6006 2314 6049 vero
2344 5999 2393 6048 et
2439 5997 2565 6046 ante
2599 6000 2777 6046 ortum
2813 5985 3242 6058 unumquodque
3273 5983 3390 6056 ipse
3430 5992 3512 6040 est
3542 5982 3688 6037 clare
