4144 6488
427 513 537 578 395
1592 517 1860 581 ΡΗΟἸἸΙ
1896 514 2017 585 lPA'

2124 517 2435 579 IARCHKE
2475 517 2566 578 CP
3625 515 3730 582 390

422 639 698 691 noscens,
741 625 873 695 quid
908 623 1136 697 impedit
1184 625 1366 699 ipsum
1419 625 1731 700 Evangelia,
1763 644 1886 700 qua!
1909 643 2017 701 posl

2138 628 2302 692 αὐτός
2329 628 2478 680 ἐστιν
2525 629 2554 681 ὁ
2605 624 2792 695 σαφῶς
2826 624 3004 692 είδως,
3034 626 3088 680 τί
3118 624 3319 682 κωλύει
3357 625 3520 682 αὐτὸν
3554 629 3728 699 Εὑαγ·

420 736 531 777 non
586 720 823 777 multum
906 730 1125 794 tempus
1205 731 1261 779 et
1315 721 1659 793 Scripturam
1726 732 2017 794 exceptura

2132 722 2310 791 γέλια,
2344 720 2380 773 ἀ
2407 720 2526 789 μετ’
2550 717 2611 771 οὐ
2643 717 2813 771 πολὺν
2844 716 3037 788 χρόνον
3069 718 3163 772 καὶ
3192 719 3293 791 τήν
3317 718 3540 791 Γραφὴν
3565 720 3730 792 ἐμελ-

418 813 617 869 erant?
644 810 881 869 Ubinam
914 815 1104 886 itaque
1143 814 1418 871 inveniam
1453 816 1635 871 locum
1680 816 2017 873 incohaeren-

2126 813 2217 868 λεν
2244 810 2638 879 ἀναδέξασθαις
2681 811 2845 864 Ὥστε
2882 810 2986 864 ποῦ
3045 812 3113 866 ἂν
3134 811 3286 881 εὖροι
3316 814 3418 883 μέν
3451 812 3637 886 χώραν
3658 816 3731 885 {ab

416 917 509 963 ttae
539 906 592 961 in
619 907 823 977 quibus
852 907 1061 962 dictum
1089 916 1176 963 est
1207 925 1252 961 ει
1290 906 1612 978 Ubicunque
1673 908 2017 979 praedicatum

2125 905 2507 975 ἀσυνάρτητον
2529 905 2586 956 ἐν
2613 898 2695 964 οἷς
2724 901 2968 974 είρηται·
3008 922 3025 954 ι
3058 903 3235 956 Ὅπου
3254 904 3348 957 ἐὰν
3382 905 3639 977 κηρυχθῇ
3670 907 3731 960 τὸ

420 998 585 1054 fuerit
608 998 962 1070 Evangelium
987 999 1114 1066 hoc,
1144 999 1359 1055 dicetur
1380 1009 1432 1055 et
1468 1000 1614 1070 quod
1646 1000 1762 1056 haec
1790 998 1965 1056 fecit?
1999 1019 2017 1054 ι

2124 997 2457 1065 Εὑαγγέλιον
2472 994 2651 1060 τοῦτο,
2671 994 3039 1065 λαληθήσεται
3057 997 3150 1049 καὶ
3174 995 3202 1048 ὃ
3224 997 3483 1068 ἐποίησεν
3502 996 3677 1069 αῦτη;
3705 1016 3727 1049 ι

419 1089 642 1147 Sivcro
673 1088 1030 1162 Evangelium
1060 1090 1237 1161 ipsam
1268 1092 1409 1160 piam
1458 1092 1729 1147 actionem
1760 1093 1886 1164 quis
1918 1109 2021 1164 pu-

421 1182 618 1235 taverit
652 1180 923 1245 mulieris,
986 1196 1167 1252 neque
1220 1181 1302 1237 sic
1352 1181 1487 1249 ipsis
1534 1182 1646 1236 ullo
1687 1182 1851 1237 modo
1880 1183 2021 1238 insi-

418 1273 637 1345 pientiae
690 1272 989 1328 adhaerebit
1040 1273 1278 1330 macula.
1323 1272 1443 1329 Non
1494 1276 1641 1330 enim
1695 1274 2020 1346 simpliciter

416 1366 559 1421 dixit
589 1381 602 1417 :
643 1382 661 1415 ι
699 1363 1024 1436 Ubicunque
1051 1365 1407 1437 praedicatum
1434 1366 1900 1434 fuerit,dicetur,i
1922 1370 2017 1425 sed

422 1477 441 1510 ι
484 1455 811 1529 Ubicunque
843 1458 1201 1529 praedicatum
1235 1458 1420 1527 fuerit,
1469 1460 1524 1515 in
1548 1461 1869 1516 memoriam
1897 1462 2018 1532 ejus

416 1550 631 1607 dicetur
650 1567 699 1617 ς»
720 1551 771 1606 id
800 1559 882 1607 est
914 1551 1142 1621 gloriam
1170 1552 1345 1623 ipsius
1375 1568 1670 1623 perennem
1702 1554 2014 1621 suscitabit,

415 1651 470 1696 ct
503 1642 708 1713 ubique
754 1643 1085 1699 admiratum
1134 1645 1569 1701 circumsonabit
1601 1647 1806 1701 amoris
1840 1646 2013 1702 divini

418 1733 819 1790 testimonium.
850 1734 1167 1791 Memoriam
1197 1735 1349 1792 enim
1382 1753 1542 1792 sacra
1575 1736 1803 1810 Eloquia
1834 1739 2016 1795 solent

417 1827 669 1899 accipere
695 1843 795 1899 pro
824 1828 1078 1887 laudibus
1107 1832 1388 1901 praeclare,
1424 1844 1477 1888 et
1506 1834 1736 1905 gloriam
1760 1834 2015 1891 subindi-

416 1936 545 1976 care
563 1920 847 1977 ﬂorentem
877 1930 933 1977 et
961 1937 1087 1978 cum
1115 1927 1379 1995 temporis
1406 1942 1573 1981 cursu
1610 1927 1904 1998 vigentem.
1942 1926 2013 1983 Ut

2124 1089 2186 1143 Ei
2215 1090 2270 1143 δέ
2299 1089 2360 1143 τὸ
2392 1089 2727 1158 Εύαγγέλιον
2776 1088 2946 1161 αὐτὴν
3006 1088 3339 1143 εύσεϐοῦσαν
3386 1090 3590 1162 πρᾶξίν
3632 1109 3718 1157 τις

2127 1182 2378 1253 ἐννοήσει
2412 1180 2512 1252 τῆς
2540 1180 2822 1251 γυναικὸς,
2854 1182 2963 1236 οὐδ’
2986 1181 3160 1246 οὕτως
3196 1182 3382 1247 αὐτοῖς
3413 1182 3672 1254 οὐδαμῶς
3698 1186 3732 1237 ὁ

2119 1273 2223 1344 τῆς
2261 1272 2578 1344 ἀδολεσχίας
2613 1273 2956 1345 προσάψαιτο
2996 1273 3208 1345 μῶμος.
3254 1274 3331 1328 Ού
3379 1276 3488 1347 γάρ
3536 1276 3728 1339 ἁπλῶς

2120 1364 2263 1437 ἔφη,
2329 1385 2349 1418 t
2403 1367 2580 1419 Ὅπου
2633 1367 2732 1420 ἐάν
2800 1367 3088 1440 κηρυχθῇ,
3145 1368 3555 1440 λαληθήσεται,
3610 1370 3726 1425 ἀλλ’

2126 1476 2147 1512 t
2187 1459 2365 1514 Ὅπου
2414 1461 2508 1515 ἐάν
2542 1460 2829 1533 κηρυχθῇ,
2854 1462 2939 1525 είς
2968 1461 3314 1533 μνημόσυνον
3341 1462 3516 1533 αὐτῆς
3556 1463 3727 1533 λαλη-

2119 1549 2383 1621 θήσεται·
2434 1570 2453 1603 ι
2504 1550 2751 1605 τουτέστι
2804 1550 2963 1618 δόξαν
3013 1550 3200 1613 αὐτοῖς
3236 1551 3318 1614 είς
3377 1552 3727 1623 μνημόσυνον

2117 1642 2297 1715 αὐτῆς
2352 1643 2684 1716 ἀείμνηστον
2741 1644 3079 1714 ἀναστήσει,
3127 1644 3223 1699 καὶ
3262 1645 3538 1715 πανταχοῦ
3589 1645 3723 1701 θαυ-

2122 1735 2429 1808 μαζόμενον
2473 1737 2787 1809 περιηχήσῃ
2823 1736 2886 1790 τδ
2923 1736 3191 1805 φιλόθεον.
3238 1738 3312 1791 Τὸ
3358 1738 3469 1811 γὰρ
3516 1740 3731 1812 μνημό-

2120 1846 2278 1883 συνον
2336 1830 2406 1884 τὰ
2461 1829 2581 1902 ἱερά
2640 1829 2812 1899 Λόγια
2880 1827 3039 1883 εῐωθε
3098 1829 3559 1901 παραλαμϐάνειν
3624 1831 3726 1885 ἐπὶ
3834 1854 3835 1857 η

2118 1925 2414 1996 ἐγκωμίων
2444 1925 2751 1998 λαμπρῶς,
2787 1927 2882 1981 καὶ
2914 1925 3074 1993 δόξαν
3114 1923 3416 1996 ὑποδηλοῦν
3455 1924 3730 1979 ἀνθοῦσαν

417 2013 550 2070 illud
571 2032 615 2069 ιι
646 2013 703 2069 In
739 2018 1065 2072 memoriam
1097 2031 1361 2074 aeternam
1393 2021 1499 2076 erit
1512 2019 1697 2089 justus
1725 2022 1793 2077 ".
1828 2040 1848 2074 ›
1889 2021 1956 2077 Ει
1990 2039 2005 2077 :

2121 2018 2216 2073 καὶ
2231 2018 2308 2090 τῷ
2323 2017 2418 2073 τοῦ
2440 2019 2636 2090 χρόνου
2659 2018 2844 2092 δρόμῳ
2871 2016 3351 2088 συνακμάζουσανο
3377 2017 3459 2081 ὡς
3477 2017 3561 2071 τό⁸
3579 2035 3598 2070 t
3627 2017 3726 2081 Εἰς

422 2124 441 2157 ι
481 2105 652 2163 Periit
696 2109 963 2165 memoria
1011 2126 1205 2165 eorum
1235 2128 1361 2167 cum
1408 2113 1593 2169 sonitu
1622 2114 1707 2179 ⁹⁸;
1746 2133 1765 2168 ι
1793 2124 1847 2170 ct
1877 2116 2008 2171 talia

417 2199 613 2254 multa.
646 2197 816 2256 Recte
849 2216 983 2256 vero
1026 2202 1258 2273 gloriam
1312 2202 1545 2273 inducit,
1601 2205 1850 2263 mulieris
1881 2223 2013 2263 san-

415 2299 565 2346 ctum
592 2289 795 2347 factum
829 2292 1169 2363 proclamat;
1197 2310 1321 2350 cum
1345 2296 1491 2351 enim
1541 2296 1620 2353 illi
1677 2297 2013 2369 vituperium

416 2394 473 2439 et
505 2384 778 2440 maculam
831 2384 1214 2454 imprimerent
1268 2386 1437 2444 Deum
1485 2390 1694 2445 amanti
1746 2389 1894 2448 iacto
1924 2406 2015 2448 sa-

416 2474 620 2547 pientis
652 2478 963 2535 meretricis
991 2488 1046 2533 ct
1075 2495 1171 2550 per
1206 2480 1638 2551 increpationem
1675 2483 1849 2552 ipsam
1883 2498 2013 2554 age-

419 2576 563 2637 rent,
595 2583 661 2625 ea
692 2569 759 2626 de
797 2585 969 2626 causa
1005 2572 1263 2628 Salvator
1303 2574 1427 2629 aliis
1465 2575 1854 2645 praetermissis
1892 2592 2017 2647 qua:

417 2665 763 2735 propositum
792 2676 1096 2722 consecuta
1128 2676 1257 2722 sunt
1284 2667 1514 2734 factum,
1553 2668 1769 2725 laudem
1797 2672 2014 2742 prtemi-

420 2758 492 2811 sit
521 2764 577 2811 et
606 2758 861 2827 gloriam,
888 2759 1259 2815 celebritatem
1297 2760 1427 2815 facti
1464 2761 1669 2832 ubique
1690 2764 2012 2836 pervolgan-

417 2849 564 2906 dam.
588 2849 887 2920 Oportebat
913 2852 1061 2907 enim
1090 2867 1285 2909 eorum
1312 2854 1515 2925 quibus
1548 2856 1625 2911 illi
1653 2857 1849 2912 acerba
1893 2858 2017 2914 huic

419 2945 801 3017 partiebantur
832 2947 1180 3018 increpantes
1211 2954 1267 3004 ct'
1298 2950 1539 3006 animam
1585 2950 2012 3015 confundebant,

419 3036 713 3093 contrariis
743 3038 951 3095 hortari
980 3048 1036 3096 et
1066 3056 1335 3109 recreare,
1366 3054 1416 3099 et
1452 3058 1677 3099 sensum
1721 3044 1902 3099 laetum
1937 3045 2015 3101 illi

418 3138 475 3185 et
500 3129 869 3186 exsultantem
900 3131 1213 3199 restituere,
1257 3133 1423 3189 simul
1443 3150 1573 3191 vero
1612 3145 1666 3191 et
1708 3137 2015 3209 praccipita-

421 3222 626 3276 tiouem
655 3223 1036 3279 accusantium
1062 3222 1298 3280 frenare.
1331 3226 1500 3294 Quasi
1536 3244 1551 3283 :
1581 3227 1742 3299 Apud
1779 3245 1880 3286 vos
1905 3229 2016 3286 cri-

419 3312 818 3369 minatiOnibus
849 3315 1158 3385 subjectum
1202 3318 1406 3371 factum
1432 3319 1785 3389 proclamans
1822 3320 2015 3376 Salva-

418 3405 557 3461 toris
610 3421 813 3473 sermo,
845 3422 953 3462 non
1009 3416 1222 3463 tantum
1276 3417 1361 3466 est
1407 3411 1695 3468 absolutus
1746 3412 1815 3467 ab
1864 3416 2012 3470 omni

419 3500 678 3564 crimine,
714 3502 809 3556 sed
839 3508 895 3557 et
920 3500 1126 3568 ubique
1151 3502 1558 3573 praedicabilur,
1592 3521 1660 3560 ex
1686 3507 2019 3563 meretriciis

421 3592 763 3665 germinibus
794 3591 983 3649 liorem
1009 3594 1299 3664 prudentia
1335 3595 1588 3651 eliciente
1619 3598 1943 3667 speciosum
1962 3610 2020 3654 et

422 3686 960 3747 itnmarcescibilem,
992 3696 1047 3740 et
1095 3686 1480 3742 admirabilem
1536 3704 1759 3743 sensum
1799 3690 2020 3744 demou-

422 3779 642 3844 strabit,
668 3788 724 3834 et
747 3778 1123 3835 sublimiorem
1168 3795 1327 3851 quam
1355 3796 1452 3850 pro
1490 3780 1694 3835 femina
1730 3781 2019 3853 rogitatio-

422 3889 549 3929 nem
605 3873 903 3943 accepisse,
943 3870 1110 3927 Deum
1154 3874 1375 3930 novisse
1408 3881 1463 3928 et
1495 3873 1784 3929 sacriﬁciis
1833 3874 2019 3929 divino

423 3965 689 4021 instinctu
748 3964 1009 4033 coluisse,
1069 3982 1230 4037 quem
1293 3966 1531 4022 humana
1576 3966 1756 4023 forma
1782 3968 2021 4024 circum-

425 4058 658 4128 tegebat.
687 4055 813 4114 Ideo
842 4069 896 4113 et
921 4057 1057 4114 lines
1085 4067 1245 4114 terra:
1267 4057 1598 4115 videbuntur
1624 4058 2017 4116 beatitudinem

424 4152 503 4211 illi
532 4152 741 4210 donare
769 4159 827 4208 et
857 4151 1073 4209 laudes.

808 4421 1136 4490 ρυιεετιο
1176 4422 1291 4479 LVI
1340 4424 1440 4497 [aL
1477 4424 1617 4501 LV].

426 4514 723 4589 Quenmatu
747 4530 960 4589 sensum
998 4526 1078 4589 est
1119 4534 1438 4587 consequens
1479 4530 1527 4573 ct
1564 4519 2021 4589 irrepreltensibile

497 4586 816 4659 προσετίθει-ε
839 4598 891 4641 et
924 4588 1216 4659 intelligere
1237 4586 1329 4659 per
1364 4590 1626 4644 Davidica
1658 4586 1812 4644 rerba
1842 4591 2022 4644 dicen-

498 4658 576 4731 tia
609 4654 953 4731 {‘t'Tibisoli
977 4654 1187 4731 pecc'at'i
1207 4654 1257 4713 et
1288 4660 1491 4714 malum
1528 4676 1709 4713 coram
1733 4673 1781 4714 te
1811 4662 1931 4731 feci,
1962 4671 2019 4714 ut

2122 2112 2470 2183 μνημόσυνον
2488 2111 2705 2166 αίὼνιον
2732 2112 2883 2167 ἔσται
2901 2112 3127 2175 δίκαιος·
3154 2130 3171 2163 ι
3192 2110 3308 2163 καί·
3331 2127 3349 2161 t
3375 2109 3649 2163 Ἀπώλετο
3661 2110 3730 2163 τὸ

2120 2205 2468 2275 μνημόσυνον
2513 2205 2681 2259 αὑτοῦ
2721 2206 2841 2276 μετ’
2870 2205 3027 2276 ήχου·
3068 2222 3085 2255 ι
3121 2204 3214 2257 καὶ
3251 2202 3427 2257 πολλά
3471 2200 3721 2256 τοιαῦτα.

2117 2292 2358 2356 Εἰκότως
2379 2294 2436 2349 δὲ
2463 2294 2624 2363 δόξαν
2647 2295 2867 2363 ἐπάγει,
2885 2295 2986 2367 τὴν
3009 2293 3106 2364 τῆς
3123 2293 3383 2363 γυναικὸς
3405 2292 3730 2366 ἱερουργίαν

2115 2387 2527 2457 προαγορεύει·
2568 2387 2694 2440 ἐπεὶ
2742 2387 2853 2459 γὰρ
2902 2386 3103 2441 ἐκεῖνοι
3164 2385 3337 2456 ψόγον
3381 2386 3477 2440 καὶ
3525 2383 3727 2456 μῶμον

2116 2479 2407 2552 ἐπέτριὸον
2434 2482 2501 2551 τῇ
2532 2478 2763 2552 φιλοθέῳ
2795 2478 2995 2551 πράξει
3048 2478 3151 2549 τῆς
3202 2479 3481 2549 σώφρονος
3510 2476 3724 2549 πόρνης

2118 2571 2213 2627 καὶ
2238 2572 2307 2625 δι’
2337 2572 2714 2643 ἐπιτιμήσεως
2748 2571 2917 2641 αὐτὴν
2948 2567 3104 2643 ἦγον,
3142 2572 3337 2626 τούτου
3371 2571 3532 2643 χάριν
3554 2572 3582 2625 ό
3613 2571 3729 2625 Σω-

2117 2662 2220 2734 τὴρ
2244 2663 2312 2717 τά
2342 2662 2478 2718 ἄλλα
2507 2664 2704 2736 παρεὶς
2729 2663 2765 2718 ἀ
2791 2666 2856 2736 τῇ
2885 2666 3230 2738 προκειμένῃ
3262 2665 3549 2721 συνείπετο
3573 2667 3724 2738 πρά-

2118 2755 2221 2822 ξει,
2250 2753 2347 2809 τὸν
2390 2754 2616 2810 ἔπαινον
2664 2756 2929 2829 ἀντέθηκε
2968 2759 3063 2811 καὶ
3098 2758 3198 2827 τὴν
3226 2757 3408 2823 δόξαν,
3443 2760 3506 2812 τὸ
3556 2776 3724 2831 περι-

2116 2846 2334 2919 ώνυμον
2356 2847 2455 2917 τῆς
2488 2848 2754 2919 ἐργασίας
2805 2849 3085 2920 πανταχοῦ
3130 2851 3522 2924 διαπλωθῆναι.
3566 2853 3724 2907 Ἔδει

2117 2938 2229 3009 γάρ
2281 2935 2364 3003 οἷς
2408 2941 2608 2994 ἐκεῖνοι
2666 2942 2728 2995 τὸ
2758 2942 3086 3013 σκυθρωπὸν
3128 2944 3269 3017 αὐτῇ
3318 2944 3726 3011 κατεσκέδαζον

2117 3030 2484 3103 ἐπιτιμῶντες
2547 3033 2642 3086 καὶ
2687 3034 2786 3105 τὴν
2825 3035 3004 3105 ψυχὴν
3057 3036 3332 3107 συνέχεον,
3358 3038 3565 3092 τούτων
3603 3041 3723 3103 τοῖς

2117 3121 2385 3187 ἐναντίοις
2434 3124 2796 3195 παρακαλεῖν,
2835 3127 2932 3180 καὶ
2969 3127 3334 3192 ἀνακτᾶσθαι,
3370 3129 3464 3183 καὶ
3493 3130 3557 3183 τὸ
3593 3132 3726 3201 φρόο

2118 3229 2267 3284 νημα
2291 3215 2485 3285 χαῖρον
2510 3216 2646 3287 αὐτῇ
2676 3218 2771 3269 καὶ
2794 3217 3206 3289 ἀγαλλιώμενον
3231 3220 3722 3289 ἀποκαθιστάνειν,

2118 3305 2235 3377 ἅμα
2259 3308 2315 3361 δὲ
2338 3309 2433 3362 καὶ
2478 3311 2579 3380 τὴν
2617 3311 2951 3383 προπέτειαν
2985 3312 3095 3367 τῶν
3145 3315 3554 3387 αίτιασαμένων
3584 3318 3725 3373 ἀνα-

2120 3399 2426 3469 χαιτίζειψ
2460 3403 2748 3473 μονονουχὶ
2783 3404 2845 3458 τὸ
2894 3404 3027 3477 παρ’
3052 3406 3208 3476 ὑμῶν
3241 3407 3445 3471 αἰτίαις
3478 3408 3722 3464 ὑποϐαλ-

2120 3494 2349 3565 λόμενον
2398 3495 2562 3566 ἔργον
2610 3498 2860 3552 ἀναϐοῶν
2903 3500 2932 3553 ό
2992 3503 3262 3573 σωτήριος
3292 3503 3451 3573 λόγος
3481 3520 3495 3533 θ
3543 3503 3621 3569 ὡς
3656 3506 3723 3560 ού

2124 3588 2285 3658 μόνον
2338 3589 2489 3645 ἐστὶν
2532 3592 2940 3664 ἀπολελυμένος
2985 3595 3170 3666 πάσης
3212 3596 3393 3661 αίτίας
3435 3597 3573 3652 ἀλλά
3622 3600 3724 3654 καὶ

2122 3679 2404 3751 πανταχοῦ
2437 3682 2869 3753 κηρυχθήσεται,
2932 3686 3032 3756 τῆς
3076 3687 3142 3740 ἐκ
3171 3686 3448 3760 πορνικῶν
3484 3687 3724 3760 βλαστη-

2125 3772 2312 3843 μάτων
2335 3773 2495 3838 ἄνθος
2533 3775 2891 3846 σωφροσύνης
2927 3777 3269 3848 ἀνασχούσης
3288 3779 3496 3852 ὡραῖόν
3524 3797 3583 3833 τε
3620 3782 3725 3836 καὶ

2122 3866 2465 3938 ἀμάραντον,
2521 3868 2614 3921 καὶ
2674 3866 2989 3938 θαυμασίαν
3028 3870 3126 3941 τὴν
3181 3872 3407 3943 γνώμην
3432 3872 3721 3941 ἐπιδείξει,

2122 3958 2217 4011 καὶ
2246 3957 2588 4030 ὑψηλοτέραν
2616 3960 2647 4031 ἢ
2669 3960 2811 4015 κατά
2837 3964 3075 4030 γυναῖκα
3093 3964 3349 4035 φρόνημα
3374 3964 3562 4020 λαϐεῖν
3584 3967 3725 4023 Θεὸν

2123 4050 2422 4120 ἐπιγνῶναι
2445 4052 2540 4106 καὶ
2561 4052 2775 4117 θυσίαις
2794 4052 3029 4119 θειάσαι,
3047 4054 3106 4108 ὃν
3128 4057 3161 4127 ή
3191 4056 3506 4130 ἀνθρωπίνη
3533 4059 3724 4130 μορφὴ

2122 4144 2479 4218 περιέστελλε
2508 4164 2522 4178 '
2567 4147 2648 4202 διὸ
2700 4149 2799 4203 καὶ⁸
2846 4150 2917 4203 τὰ
2966 4150 3185 4221 πέρατα
3234 4151 3334 4221 τῆς
3387 4151 3725 4222 οἰκουμένης

2123 4240 2425 4311 όψθήσεται
2465 4240 2557 4294 τὸν
2612 4242 2967 4314 μακαρισμὸν
2999 4244 3143 4315 αὐτῇ
3172 4242 3594 4316 δωροφοροῦντα
3621 4245 3723 4299 καὶ

2123 4333 2190 4388 τὰ
2223 4333 2496 4405 ἐγκώμια.

2668 4427 3009 4481 sparum
3032 4427 3178 4495 Nq'.

2129 4518 2269 4573 Τίνα
2310 4518 2461 4574 νοῦν
2512 4519 2685 4574 ἐστιν
2733 4520 3080 4590 ἀκόλουθον
3131 4510 3228 4574 καί
3274 4519 3725 4590 ἀδυσφήμητον

2194 4590 2554 4659 ἀνιχνεῦσαι
2579 4590 2677 4644 καί
2710 4589 3085 4659 κατανοῆσαι
3119 4591 3218 4645 διὰ
3249 4592 3367 4645 τῶν
3381 4589 3723 4645 Δαυϊδικῶν

2188 4660 2844 4745 ῥημάτωνελεγόξοτωγ,
2881 4681 2897 4712 ι
2942 4662 3044 4745 Σοί
3081 4665 3251 4745 μᾴνῳ
3289 4662 3561 4745 ῆιίιιρτοζ
3618 4660 3725 4745 κμαι

496 4726 806 4802 iustiﬁcari;
841 4728 893 4783 in
920 4724 1249 4785 sermonibus
1296 4731 1401 4785 tuis
1434 4740 1484 4786 et
1511 4730 1691 4785 vincas
1727 4724 1848 4785 cuin
1874 4724 2017 4802 judi-

2189 4724 2559 4802 ⁷ιτῗπονῃοὸν
2588 4724 2847 4785 ἐνώπιόν
2873 4749 2991 4786 σου
3019 4724 3496 4799 ἐθίοίησα,”ὅσὶως
3529 4730 3607 4787 ἂν
3631 4731 3724 4786 δι-

496 4799 636 4852 caris
661 4799 687 4852 2
723 4816 744 4851 ι

2200 4800 2460 4874 καιωθῇς
2491 4802 2563 4855 ἐν
2586 4803 2711 4870 τοῖς
2740 4805 2946 4874 λόγοις
2969 4820 3087 4858 σου
3120 4805 3221 4858 καὶ
3251 4803 3514 4872 νικήσῃς
3537 4804 3608 4857 ἐν
3637 4803 3727 4868 τῷ

2201 4872 2513 4941 κρίνεσθαί
2539 4889 2613 4927 σε
2636 4890 2658 4940 ;

1460 5005 1603 5059 Edita
1621 5022 1649 5058 a
1673 5008 1817 5068 Maio,
1848 5012 1881 5060 Ι.
1910 5024 1976 5073 c.,
1998 5024 2046 5074 p.
2067 5010 2119 5060 6|
2143 5010 2235 5061 εδδ.
2274 5010 2331 5061 In
2355 5009 2485 5062 Psal.
2513 5025 2559 5071 ι,
2595 5008 2645 5059 6.

500 5119 729 5192 Propria
758 5118 981 5190 quidem
1010 5119 1344 5176 diﬂicultatis
1382 5121 1585 5177 solutio
1613 5132 1668 5179 et
1694 5122 1764 5178 ad
1797 5122 2013 5179 Davidi-

428 5229 552 5269 catn
578 5212 907 5284 sapientiam
958 5223 1155 5282 aptans
1208 5213 1262 5268 id
1308 5214 1455 5285 quod
1497 5214 1713 5271 videtur
1740 5215 2024 5272 declarare

428 5304 727 5360 verborum
762 5303 845 5359 vel
866 5303 934 5359 ad
965 5303 1364 5360 dissonantiam
1395 5306 1818 5376 propensionem
1848 5306 2021 5378 majo-

429 5412 572 5463 rem,
600 5396 767 5452 talis:
798 5393 915 5452 Non
947 5404 1031 5451 est
1073 5396 1360 5467 responsio
1386 5396 1453 5452 ad
1486 5397 1620 5453 illud
1653 5412 1666 5446 :
1703 5415 1724 5450 ι
1761 5396 1884 5454 Tibi
1916 5400 2019 5457 soli

432 5488 691 5559 peccavi;
726 5506 745 5540 ι
784 5487 916 5543 illud
950 5504 965 5540 :
1006 5508 1022 5537 ι
1060 5486 1131 5544 Ut
1174 5489 1495 5561 justiﬁceris
1545 5490 1602 5546 in
1669 5493 2020 5548 sermonibus

434 5581 567 5649 tuis,
606 5600 625 5635 ι
656 5583 759 5639 etsi
790 5583 972 5637 locum
1010 5585 1337 5651 praecedenti
1378 5586 1833 5658 propinquiorem
1874 5588 2020 5644 obti—

433 5675 651 5741 nuerit;
683 5676 1005 5732 redderetur
1036 5688 1216 5733 autem
1248 5682 1423 5751 magis
1456 5681 1679 5752 proprie
1718 5691 1774 5737 et
1798 5683 2023 5752 sapien-

438 5767 567 5833 tius,
599 5766 645 5822 si
668 5776 816 5823 certe
843 5767 911 5823 ad
955 5783 1019 5823 ea
1054 5784 1177 5840 qua:
1204 5769 1277 5825 ab
1317 5771 1477 5826 initio
1517 5774 1851 5842 praecedunt,
1881 5772 2023 5829 rela-

434 5863 640 5917 tionem
669 5870 1016 5919 sumerentur
1050 5862 1336 5925 habentia.
1364 5864 1538 5934 Quale
1566 5876 1652 5926 est
1685 5885 1729 5924 ιι
1761 5866 2022 5927 Miserere

511 6046 554 6077 νδ
587 6044 709 6100 l’sat
762 6057 851 6125 ct,
891 6044 939 6100 ι.
1043 6045 1060 6076 ³
1098 6043 1241 6102 Psal.
1277 6065 1351 6117 ts,
1388 6048 1437 6102 7.

2209 5120 2510 5185 Ἰδιάζουσα
2534 5119 2635 5191 μὲν
2653 5117 2747 5174 τοῦ
2764 5120 2999 5193 διαπορή
3009 5136 3177 5190 ματος
3209 5119 3453 5183 ἐπίλυσις
3471 5119 3565 5173 καὶ
3584 5117 3729 5190 πρὸς

2124 5215 2225 5289 τὴν
2267 5214 2560 5286 Δαυῖδικὴν
2621 5212 2814 5283 σοφίαν
2858 5211 3387 5288 καταρῤυθμίζουσα
3427 5212 3487 5266 τὸ
3527 5210 3729 5266 δοκοῦν

2124 5307 2494 5378 ἀπεμφαίνειν
2513 5306 2621 5360 τῶν
2650 5306 2914 5377 ῥημάτων
2946 5306 3043 5359 καὶ
3065 5305 3202 5389 πρὸς
3232 5302 3534 5372 διαφωνίαν
3558 5303 3730 5375 ἐπιρ-

2127 5401 2481 5473 ρεπέστερον,
2505 5397 2729 5469 τοιαύτη
2754 5398 2856 5452 οὐκ
2871 5397 3018 5453 ἐστιν
3041 5397 3401 5461 ἀνταπόδοσις
3422 5395 3541 5461 τοῦ,
3579 5414 3599 5448 ι
3627 5394 3731 5449 Σοὶ

2130 5495 2279 5567 μόνῳ
2303 5495 2575 5566 ἥμαρτον,
2603 5493 2683 5554 τὸ,
2713 5512 2731 5546 ι
2761 5494 2959 5558 Ὅπως
2994 5492 3061 5546 ἂν
3083 5490 3381 5561 δικαιωθῇς
3404 5492 3463 5543 ἐν
3495 5490 3609 5553 τοῖς
3631 5488 3731 5543 λό⁸

2126 5606 2245 5659 γοις
2274 5605 2392 5654 σου,
2430 5606 2449 5640 ι
2482 5587 2531 5640 εί
2562 5588 2658 5641 καὶ
2695 5587 2794 5657 τὴν
2829 5586 2984 5651 τάξιν
3021 5585 3114 5640 τοῦ
3168 5582 3587 5655 προηγουμένου
3621 5582 3725 5651 ἐγ-

2127 5680 2368 5753 γυτέραν
2396 5680 2590 5753 ἔλαχεν
2612 5697 2626 5712 ο
2654 5679 2947 5750 ἀποδοθείη
2979 5679 3025 5732 δ’
3060 5678 3126 5733 ἂν
3157 5677 3490 5749 οίκειότερόν
3525 5693 3584 5730 τε
3616 5674 3728 5730 καὶ

2128 5774 2460 5849 σοφώτερον,
2496 5774 2552 5828 εί
2585 5792 2649 5844 γε
2676 5774 2762 5847 ’τῷ
2817 5774 2915 5828 ἀπ’
2944 5772 3122 5845 ἀρχῆς
3174 5770 3575 5845 προηγουμένῳ
3617 5766 3731 5841 τὴν

2126 5869 2409 5941 ἀναφορὰν
2442 5866 2828 5941 παραληφθείη
2859 5864 3236 5940 παρεχόμενον
3261 5879 3276 5895 ο
3303 5858 3436 5931 οἷον,
3465 5880 3484 5917 t
3526 5858 3730 5933 Ἐλέη-
