4144 6432
307 345 412 410 391

1317 346 1417 406 AD
1447 345 2046 411 AMPHILOCHIUM
2078 348 2428 420 QUJESTIO
2465 348 2613 412 LVI.

3502 349 3610 412 398

312 456 405 510 σόν
427 472 518 526 με,
546 455 576 511 ὁ
604 454 762 520 Θεὸς,
793 453 934 510 κατὰ
981 455 1125 528 μέγα
1156 455 1307 524 ἔλεός
1339 475 1456 525 σου,
1506 462 1601 516 καὶ
1645 462 1790 518 κατᾶ
1842 462 1904 517 τὸ

2037 463 2149 528 nei,
2175 463 2343 529 Deus,
2367 464 2670 521 secundum
2693 479 2949 535 magnam
2968 465 3410 524 misericordiam
3437 476 3608 532 tuam,

309 548 516 620 πλῆθος
532 547 641 602 τῶν
663 548 965 620 οἰκτιρμῶν
988 567 1081 604 σου
1104 550 1388 623 ἑξάλειψον
1411 554 1473 608 τδ
1491 556 1753 627 άνὸμημᾶ
1778 576 1904 628 μου,

309 641 460 704 ὅπως
481 639 547 692 ἂν
576 638 869 711 δικαιωθῇς
902 643 960 695 ἐν
983 644 1094 704 τοῖς
1124 643 1305 712 λόγοις
1332 661 1427 698 σου
1461 646 1555 698 καὶ
1587 649 1818 719 νικήσῃς
1857 651 1915 702 ὲν

311 730 394 802 τῷ
420 730 701 802 κρίνεσθαί
729 749 789 785 σε
813 749 825 763 ·
857 751 878 784 ι
903 731 1042 786 τὰδὲ
1057 733 1193 788 ἄλλα
1213 736 1609 806 μεταξυλογίας
1623 737 1835 810 ἔχοντα,
1855 740 1916 794 οὑ

315 824 712 897 περικόψειτὸν
732 826 922 896 εἱρμὸν
940 825 1065 881 οὔτε
1087 826 1185 896 τῆς
1201 828 1440 894 διανοίας
1451 829 1574 883 οὔτε
1600 835 1699 902 τῆς
1719 832 1918 887 συντά-

319 917 476 982 ξεως.
497 918 647 973 Ποῖοι
668 918 714 972 δ’
735 917 800 972 ἂν
817 913 927 972 εἷεν
951 918 1100 988 λόγοι
1124 920 1192 974 δι’
1215 915 1289 974 ὧν
1309 923 1338 974 ὁ
1355 921 1486 986 Θεὸς
1503 923 1669 978 ἐλεῶν
1685 923 1920 980 δικαιοῦ-

315 1028 442 1077 me;
483 1029 502 1062 ι
536 1013 605 1064 Ἢ
629 1012 754 1081 λέγε
786 1013 850 1066 σὺ
878 1012 1094 1084 πρῶτος
1125 1013 1228 1078 τὰς
1260 1015 1538 1087 ἁμαρτίας
1563 1035 1657 1071 σου
1674 1018 1824 1082 ὅπως
1843 1018 1920 1072 δι-

316 1101 566 1172 καιωθῇς
589 1119 605 1136 ο
633 1122 650 1152 ι
679 1103 794 1165 καὶ,
821 1104 902 1157 ὅτι
933 1122 956 1156 ι
983 1103 1076 1176 Μὴ
1102 1104 1320 1176 θελήσει
1344 1106 1557 1179 θελήσω
1577 1108 1668 1162 τὸν
1689 1109 1920 1164 θάνατον

316 1193 416 1247 τοῦ
462 1195 814 1264 άμαρτωλοῦ,
864 1195 940 1261 ώς
983 1198 1044 1251 τὸ
1093 1198 1450 1269 ἐπιστρέφειν
1478 1201 1642 1255 αὑτὸν
1688 1202 1796 1256 ἀπὸ
1818 1203 1921 1272 τῆς

317 1284 444 1339 ὁδοῦ
474 1285 640 1340 αὑτοῦ
665 1287 764 1357 τῆς
797 1289 1044 1361 πονηρᾶς
1070 1290 1166 1344 καὶ
1197 1289 1298 1362 ζῇν
1324 1308 1339 1325 ο
1383 1312 1402 1344 ι
1437 1293 1536 1346 καὶ
1564 1294 1748 1350 πάλιν.
1788 1314 1807 1348 ι
1842 1297 1916 1350 Οὑ

320 1378 467 1431 θέλω
491 1379 580 1432 τὸν
610 1378 712 1432 τοῦ
731 1379 1174 1453 ἀποθνήσκοντος
1217 1383 1470 1450 θάνατον,
1507 1386 1624 1440 ἀλλ’
1657 1387 1918 1459 ἐπιστρέ-

319 1471 461 1540 ψατε
497 1473 592 1526 καὶ
641 1471 900 1544 ζήσεσθε.
937 1494 956 1527 ι
995 1469 1157 1530 Οὗτοι
1198 1477 1306 1551 γὰρ
1356 1480 1406 1532 οἱ
1454 1479 1606 1550 λόγοι
1648 1481 1919 1537 δικαιοῦσι

320 1565 417 1616 τὸν
449 1563 606 1628 Θεὸν,
631 1563 816 1636 ἔργοις
842 1566 1252 1638 φιλανθρώποις
1284 1569 1636 1640 βεϐαιοῦντος
1652 1576 1750 1627 καὶ
1777 1592 1918 1643 συμ-

321 1656 564 1722 παθείας
589 1660 899 1731 οἰκτιρμοῖς
924 1661 1335 1734 ἐκπληροῦντος
1352 1665 1572 1730 αὑτούς.
1607 1667 1670 1720 Εἰ
1693 1667 1803 1741 γὰρ
1822 1670 1921 1740 τῆς

321 1749 622 1822 Δαυῖδικῆς
691 1751 971 1822 ἁμαρτίας
1027 1754 1124 1808 καὶ
1196 1757 1563 1827 μεταμελείας
1616 1761 1695 1833 τῷ
1743 1763 1920 1834 χρόνῳ

320 1841 760 1913 δευτερεύουσιν,
793 1843 910 1898 ἀλλ’
940 1840 1034 1899 οὗν
1062 1847 1165 1918 τῆς
1196 1849 1254 1901 ἐν
1278 1847 1354 1918 τῷ
1384 1848 1548 1904 Δαυῖδ
1574 1854 1920 1925 προφητικῆς

321 1934 388 1987 οὑ
431 1935 843 2005 δευτερεύουσιν
883 1937 1159 2006 γνώσεως.
1208 1941 1362 1994 Ἐπεὶ
1409 1943 1505 1996 καὶ
1537 1943 1699 2009 αὐτὸς
1727 1946 1754 1998 ὁ
1782 1945 1920 2014 ψαλ-

325 2027 432 2098 μδς
457 2027 557 2081 οὑκ
585 2027 808 2084 ἔλαττον
835 2030 936 2101 τὴν
980 2030 1076 2084 τοῦ
1117 2031 1284 2087 Δαυῒδ
1332 2035 1708 2106 στηλογραιρεῖ
1749 2037 1920 2106 μετά-

321 2137 481 2175 νοιαν
515 2121 611 2176 καὶ
640 2121 1054 2194 ἐξομολόγησιν,
1098 2125 1196 2179 καὶ
1225 2125 1316 2179 τὸν
1346 2128 1436 2180 ἐπὶ
1470 2129 1586 2193 τοῖς
1615 2131 1921 2199 παραπτώ-

326 2229 497 2284 μασιν
544 2213 695 2268 ἔλεον
739 2215 772 2286 ἢ
821 2215 924 2288 τὴν
961 2215 1212 2290 ὑστέροις
1271 2219 1487 2290 χρόνοις
1542 2222 1926 2292 αἰχμαλωσίαν

321 2305 424 2360 τοῦ
488 2306 708 2378 Ἰσραὴλ
771 2308 1175 2379 προαγγέλλει·
1227 2311 1324 2366 καὶ
1383 2312 1568 2378 ἐλέους
1624 2315 1925 2388 ἀξιωθῆναι

323 2399 556 2465 τούτους
584 2400 678 2455 καὶ
702 2401 1119 2474 φιλανθρωπίας
1146 2405 1204 2458 ὲν
1230 2403 1568 2461 διατυπώσει
1593 2425 1652 2461 τε
1675 2410 1768 2462 καὶ
1795 2427 1928 2482 axi;-

329 2493 594 2565 ματισμῷ
633 2493 892 2566 δεομένου
923 2495 1308 2567 προθεσπίζει,
1333 2500 1831 2572 ἀκουτισθήσεσθαί
1865 2519 1926 2555 τε

325 2586 654 2654 ἁγαλλίασιν
681 2587 777 2641 καὶ
799 2587 1146 2660 εὐφροσύνην
1196 2593 1511 2662 προφητικῇ
1553 2593 1930 2663 χρησμολογεῖ

325 2677 649 2748 διαγνώσει,
691 2680 1126 2750 ἀγαλλιάσεσθαί
1168 2699 1228 2735 τε
1270 2681 1436 2735 ὀστέα
1471 2684 1930 2755 ταταπεινωμένα

327 2775 430 2826 καὶ
455 2775 730 2845 πνεύματι
786 2774 1104 2846 ἡγεμονικῷ
1152 2774 1667 2846 στηριχθῆναι,ςκαὶ
1693 2778 1932 2847 ἁγαθυν-

333 2867 498 2935 θῆναι
523 2864 646 2937 θείᾳ
674 2867 890 2937 εὑδοκίει
921 2865 1022 2938 τὴν
1043 2866 1204 2930 Σιὼν,
1240 2867 1735 2939 ἁνοικοδομηθῆναί
1775 2888 1833 2923 τε
1862 2872 1932 2926 τὰ

332 2955 734 3029 πεπορθημένα
761 2957 917 3027 τείχη
964 2957 1058 3010 καὶ
1093 2957 1564 3028 κατηρειπωμένα
1590 2961 1690 3028 τῆς
1735 2958 1931 3029 Ἰερουο

333 3049 472 3120 σαλή
481 3067 540 3120 μ.
577 3049 699 3103 Τῶν
721 3049 1028 3104 Δαυῖδικῶν
1048 3049 1230 3103 τοίνυν
1249 3048 1514 3121 ῥημάτων
1539 3049 1664 3102 ἀντὶ
1681 3048 1776 3104 τοῦ
1796 3067 1931 3121 σχη-

2021 566 2076 612 et
2112 557 2415 614 secundum
2451 557 2859 612 multitudinem
2900 559 3316 616 miserationum
3367 567 3610 624 tuarum,

2022 652 2142 707 dele
2173 651 2517 722 iniquitatem
2551 667 2750 716 meam,
2792 662 2851 706 ut
2882 651 3203 722 justiticcris
3236 655 3293 708 in
3334 653 3612 710 sermoni-

2023 744 2126 798 bus
2155 744 2261 800 tuis
2289 751 2344 800 et
2369 743 2558 798 vincas
2605 759 2728 798 cum
2767 742 3034 813 judicaris
3063 747 3131 798 ⁸⁸.
3174 764 3193 798 ι
3228 745 3436 800 Czetera
3480 760 3613 800 vero

2022 838 2260 894 medium
2295 837 2555 902 tenentia,
2583 853 2687 891 non
2722 838 2976 892 scindent
3007 853 3210 892 nexum
3261 853 3438 910 neque
3482 854 3611 894 sen-

2022 945 2120 987 sus
2149 943 2325 1001 neque
2369 928 2602 984 ordinis.
2636 928 2874 995 Quinam
2911 937 3094 983 autem
3117 936 3303 984 essent
3329 944 3614 984 sermones

2022 1023 2226 1093 quibus
2267 1021 2412 1078 Deus
2469 1023 2739 1076 miserans
2793 1022 3167 1093 justiticatur?
3205 1040 3224 1074 ‹
3259 1021 3368 1078 Aut
3413 1022 3504 1077 die
3558 1031 3615 1076 tu

2023 1117 2236 1187 primus
2266 1123 2489 1186 peccata
2516 1123 2606 1170 tua
2646 1123 2705 1169 ut
2745 1113 3066 1186 justiﬁceris
3101 1116 3179 1176 ’δι
3218 1133 3234 1166 ι
3285 1124 3376 1170 et:
3414 1134 3433 1166 ι
3479 1114 3646 1171 Nolo.

2023 1217 2260 1264 mortem
2300 1208 2628 1279 peccatoris,
2652 1207 2748 1264 sed
2781 1208 3028 1264 converti
3082 1207 3261 1278 ipsum
3297 1223 3328 1263 a
3383 1209 3488 1263 via.
3517 1224 3617 1263 sua

2023 1301 2165 1357 mala
2196 1308 2251 1356 et
2294 1303 2478 1356 vivere
2509 1301 2578 1354 ³⁸.
2617 1319 2636 1352 ι
2665 1297 2730 1354 Et
2785 1315 2983 1355 rursus
3017 1318 3031 1354 :
3068 1317 3087 1351 ι
3130 1297 3270 1354 Nolo
3330 1299 3619 1355 morientis

2024 1403 2280 1458 mortem,
2344 1393 2440 1448 sed
2489 1392 2826 1448 revertimini
2875 1400 2929 1446 et
2998 1391 3166 1447 vivite
3193 1392 3263 1446 ’7.
3303 1410 3322 1444 ι
3359 1389 3423 1445 Hi
3473 1391 3620 1445 enim

2025 1501 2308 1542 sermones
2342 1485 2648 1556 justiticant
2682 1483 2877 1550 Deum,
2921 1483 3081 1540 factis
3107 1483 3366 1540 humanis
3394 1483 3622 1538 ﬁrman-

2026 1587 2134 1633 tem
2191 1587 2246 1634 et
2303 1577 2708 1648 compassionis
2772 1577 3226 1632 miserationibus
3302 1576 3620 1646 implentem

2026 1673 2168 1728 illos.
2199 1669 2256 1726 Si
2293 1671 2734 1727 enimbavidico
2765 1678 2992 1741 peccato
3027 1681 3079 1724 et
3107 1670 3424 1741 poenitentia
3478 1679 3620 1724 tem-

2026 1781 2154 1836 pore
2184 1764 2518 1836 posteriores
2550 1773 2701 1830 sunt,
2737 1773 2792 1819 at
2821 1775 3002 1820 tamen
3030 1765 3084 1818 in
3111 1764 3282 1818 David
3305 1761 3623 1834 prophetica

2026 1874 2133 1915 non
2167 1867 2299 1914 sunt
2325 1858 2660 1928 posteriores
2686 1856 2937 1912 scientia.
2969 1854 3111 1922 Quia
3144 1863 3198 1910 et
3227 1857 3344 1925 ipse
3375 1853 3622 1924 psalmus

2025 1965 2135 2005 non
2186 1950 2370 2005 minus
2406 1947 2629 2004 Davidis
2671 1949 2931 2017 insculpit
2978 1947 3362 2018 paenitentiam
3403 1955 3458 2002 et
3486 1961 3624 2003 con-

2027 2040 2322 2096 fessionem
2381 2048 2436 2095 et
2470 2054 2636 2110 super
2669 2037 2916 2108 lapsibus
2971 2035 3409 2093 misericordiam
3455 2049 3623 2105 quam

2027 2131 2424 2202 posterioribus
2459 2129 2800 2200 temporibus
2844 2128 3223 2198 captivitatem
3282 2125 3444 2182 Israel
3483 2141 3624 2196 pra:-

2031 2224 2266 2288 nuntiat,
2292 2231 2347 2279 et
2379 2221 2761 2278 misericordia
2803 2221 3056 2291 dignatas
3082 2235 3205 2274 esse
3230 2219 3330 2275 hos
3352 2226 3408 2274 et
3429 2218 3626 2272 huma-

2031 2315 2197 2370 nitate
2227 2315 2282 2369 in
2314 2313 2456 2386 typis
2491 2321 2544 2368 et
2576 2313 2750 2384 ﬁgura
2787 2312 3076 2382 implorata
3115 2310 3380 2365 divinitus
3427 2308 3625 2379 praedio

2030 2407 2142 2470 cit,
2197 2405 2525 2461 audiendam
2579 2419 2701 2460 esse
2764 2403 3184 2459 exsultationem
3265 2410 3321 2457 et
3378 2399 3620 2456 laetitiam

2029 2497 2348 2569 prophetica
2402 2495 2727 2566 pronuntiat
2777 2493 3112 2565 cognitione,
3171 2491 3626 2563 exsultaturaque

2032 2604 2158 2644 ossa
2190 2587 2470 2644 humiliata
2503 2595 2558 2642 et
2589 2587 2786 2657 spiritu
2819 2584 3108 2656 principali
3151 2584 3532 2641 conﬁrmanda
3573 2591 3630 2639 et

2033 2681 2196 2736 bonis
2248 2680 2590 2735 adiciendam
2635 2679 2823 2733 divino
2855 2679 3201 2749 beneplacito
3231 2677 3389 2744 Sion,
3438 2677 3632 2732 remdi-

2035 2771 2359 2842 ﬁcandaque
2407 2772 2591 2826 diruta
2651 2771 2852 2825 Incenia
2904 2780 2958 2825 et
3011 2785 3206 2825 eversa
3295 2766 3627 2823 Jerusalem.

2034 2864 2312 2920 Davidicis
2361 2865 2526 2936 igitur
2571 2865 2795 2930 verbis,
2857 2863 3058 2919 nedum
3109 2865 3389 2935 liugantur
3447 2871 3633 2918 trans-

2036 2974 2258 3030 gresso,
2288 2958 2461 3029 tropis
2503 2967 2651 3014 recta
2708 2957 2942 3012 iuncem
2999 2955 3431 3024 cohaerentibus,
3471 2953 3630 3021 nihil,

2037 3059 2097 3105 ut
2119 3050 2328 3106 dictum
2381 3057 2485 3115 est,
2536 3047 2828 3105 discedens
2886 3065 2918 3103 a
2975 3048 3306 3105 rectitudine
3347 3056 3402 3103 et
3466 3060 3635 3102 sensu

338 3142 666 3214 ματξζεσθαι
700 3141 778 3212 τῷ
830 3141 1256 3214 ὑπερϐεϐηκότι,
1300 3141 1411 3194 τῶν
1461 3141 1682 3212 τρόπων
1717 3141 1803 3195 ἐπ’
1834 3142 1927 3195 εὑ-

2042 3142 2488 3214 propheticorum
2530 3157 2850 3196 sermonum
2891 3139 3170 3207 occurrit;
3203 3139 3459 3194 invocant
3488 3137 3636 3192 enim

339 3236 489 3300 θείας
509 3235 761 3306 ἀλλήλοις
777 3233 1226 3304 συναπτομένων,
1244 3233 1419 3299 οὐδὲν,
1444 3232 1518 3297 ώς
1543 3233 1781 3305 εἴρηται,
1800 3250 1900 3288 στα
1915 3264 1932 3276 -

339 3328 527 3394 σιάζον
561 3328 699 3400 πρὸς
731 3327 832 3399 τὴν
852 3326 1122 3399 ὀρθότητα
1163 3325 1260 3380 καὶ
1309 3324 1529 3379 σύνεσιν
1571 3325 1682 3378 τῶν
1717 3343 1934 3396 προφη-

338 3424 507 3476 τικῶν
562 3421 738 3490 λάγων
792 3421 1011 3492 ἀπαντᾷ
1039 3435 1052 3448 ·
1087 3417 1448 3473 ἐκκαλοῦνται
1487 3416 1596 3489 γὰρ
1625 3416 1684 3469 τὸ
1729 3415 1937 3470 ἄνωθεν

340 3516 487 3579 ἔλεος
544 3513 639 3568 καὶ
695 3511 797 3585 τὴν
845 3511 1159 3583 εὐμένειαν,
1210 3511 1280 3565 δι’
1309 3503 1386 3566 ὧν
1423 3509 1626 3580 μᾶλλον
1673 3509 1939 3579 ἡδικαιο·

343 3608 477 3678 σὺνη
506 3606 807 3678 διαλάμπει
843 3605 938 3659 τοῦ
986 3605 1122 3658 Θεοῦ
1155 3604 1310 3675 καλὴ
1350 3601 1601 3674 ἀλήθεια.
1636 3601 1792 3655 Οὕτω
1840 3602 1939 3673 μὲν

341 3697 438 3754 οὖν
473 3699 601 3772 ῥᾷόν
636 3701 754 3754 ἐστι
787 3701 883 3752 καὶ
916 3697 1301 3769 ἀταλαίπωρον
1327 3697 1584 3768 συνορᾷν,
1612 3696 1760 3759 ὅπως
1785 3712 1844 3749 τε
1873 3694 1936 3748 τὸ

347 3790 867 3863 ἀμφισϐητούμενον
892 3790 986 3844 διάι¹
1023 3791 1120 3861 τῆς
1151 3792 1448 3859 συγγενοῦς
1492 3789 1798 3860 ἱερολογίας
1844 3790 1940 3843 ἁν-

349 3883 635 3956 εκαθάρθη
658 3885 755 3940 καὶ
782 3885 884 3955 τὴν
918 3884 1266 3957 προφητικὴν
1290 3882 1582 3953 θεοσοφίαν
1609 3883 1706 3937 καὶ
1737 3883 1940 3955 ἀρετὴν

2045 3235 2389 3304 superiorem
2443 3235 2879 3291 misericordiam
2926 3243 2982 3289 et
3035 3232 3494 3296 benevolentiam,
3541 3247 3638 3302 per

2035 3345 2174 3398 quas
2217 3329 2390 3400 magis
2433 3328 2648 3400 iustitia
2675 3329 2856 3385 elucet
2910 3327 3005 3382 Dei
3046 3337 3101 3384 et
3140 3327 3364 3383 veritas.
3397 3326 3473 3382 Ita
3507 3339 3640 3395 ergo

2037 3420 2194 3476 facile
2227 3430 2312 3476 est
2341 3431 2395 3477 et
2418 3421 2560 3476 haud
2598 3420 2902 3477 infaustum
2928 3421 3252 3491 conspicere
3278 3418 3560 3491 quomodo
3585 3425 3643 3472 ct

2038 3517 2357 3586 ambiguum
2402 3531 2498 3585 per
2525 3512 2739 3570 atlinem
2779 3523 2990 3570 textum
3031 3530 3252 3570 sacrum
3311 3512 3641 3569 mundatum

2041 3609 2113 3665 sit
2165 3619 2220 3664 cl
2269 3609 2548 3679 propheta:
2597 3608 2842 3662 divinam
2895 3608 3222 3678 sapientiam
3276 3614 3332 3661 et
3380 3605 3638 3660 virtutem

2047 3718 2154 3758 non
2206 3703 2552 3767 adulterarit,
2612 3716 2790 3771 neque
2831 3701 3072 3769 aliquem
3127 3698 3646 3756 ratiocinationibus

2048 3793 2262 3863 injiciat
2295 3793 2662 3849 turbationem
2694 3806 2818 3863 qua:
2865 3807 2897 3846 a
2918 3792 3091 3848 Deum
3134 3790 3348 3847 decenti
3373 3789 3553 3845 aliena
3576 3787 3650 3843 sit

2051 3887 2357 3957 proposito.

346 3979 450 4034 οὒκ
506 3979 810 4044 ὲνόθευσεν,
866 3978 990 4033 οὑδέ
1047 3995 1170 4032 τινα
1223 3979 1504 4048 λογισμοῖς
1559 3977 1820 4047 ἐμϐάλλει
1878 3977 2183 4052 δισταγμδν
2247 3983 2342 4036 καὶ
2393 3982 2497 4054 τῆς
2539 3979 2887 4052 θεοπρεποῦς
2945 3980 3228 4052 ἀλλότριον
3289 3978 3648 4050 ὑπολήψεως.

433 4077 587 4131 Ἐπεὶ
646 4076 706 4131 δὲ
750 4076 808 4128 τδ
863 4075 964 4144 μὲν
1022 4071 1305 4126 Δαυῖοικδν
1353 4070 1517 4143 ῥητὸν
1549 4070 1822 4137 ἰδιάζοντα
1850 4069 1943 4124 τὸν

346 4167 727 4241 καταρτισμὸν
777 4167 1023 4238 εὑρίσκει
1071 4165 1166 4219 καὶ
1212 4165 1312 4237 τὴν
1350 4163 1679 4236 εὐμάρειαν,
1725 4164 1832 4217 εἰσὶ
1885 4163 1943 4216 δὲ

347 4264 444 4319 καὶ
474 4262 613 4316 ἄλλα
643 4259 818 4315 πολλὰ
849 4258 959 4314 τῶν
993 4257 1193 4328 λογίων
1227 4256 1326 4329 τὴν
1374 4257 1544 4324 αὑτὴν
1584 4256 1683 4326 μὲν
1715 4255 1945 4326 ζήτησιν

349 4357 742 4427 ἀναδεχόμενα,
779 4354 839 4408 οὑ
873 4353 967 4407 διὰ
1009 4353 1106 4422 τῆς
1158 4351 1331 4422 αὑτῆς
1363 4349 1420 4403 δὲ
1465 4348 1687 4419 μεθόδου
1721 4348 1938 4402 ἐπιλυο-

352 4466 511 4520 μενα,
540 4448 766 4520 ἄμεινον
795 4448 888 4502 ἐπὶ
931 4446 1031 4517 τὴν
1083 4443 1521 4515 καθολικώτερον
1545 4442 1720 4498 ταῦτα
1754 4442 1942 4515 θεουρ·

2126 4074 2264 4130 Cum
2297 4090 2426 4130 vero
2477 4073 2794 4129 Davidicum
2845 4071 3069 4142 quidem
3120 4071 3328 4126 dictum
3363 4070 3646 4142 propriam

2054 4166 2453 4222 connexionem
2509 4165 2750 4220 inveniat
2792 4173 2848 4220 et
2875 4165 3074 4218 bonam
3136 4163 3510 4232 partitionem,
3541 4163 3652 4218 sint

2053 4269 2108 4314 et
2133 4259 2239 4313 alia
2271 4257 2444 4312 multa
2481 4257 2699 4326 eloquia
2739 4256 2989 4311 eamdem
3040 4254 3457 4325 inquisitionem
3495 4255 3646 4310 exci-

2054 4351 2279 4423 pientia,
2311 4365 2422 4407 non
2457 4360 2640 4406 autem
2682 4365 2778 4421 per
2806 4349 3056 4404 eamdem
3089 4346 3410 4404 methodum
3445 4347 3645 4411 soluta,

2056 4446 2254 4504 melius
2297 4453 2382 4502 est
2415 4446 2484 4502 ad
2516 4444 2690 4516 magis
2735 4443 3007 4499 catholice
3044 4443 3160 4498 haec
3202 4441 3469 4497 divinitus
3515 4429 3647 4512 ope"-

350 4540 556 4610 γοῦσαν
609 4539 706 4594 καὶ
777 4534 1220 4600 διευθετίζουσαν
1282 4535 1618 4606 ἀναδραμεῖν
1681 4533 1932 4604 θεωρίαν,

2051 4547 2267 4594 rantcm
2301 4545 2358 4594 et
2384 4537 2524 4594 bene
2554 4545 2886 4592 statuentem
2929 4551 3215 4592 recurrere
3271 4534 3562 4596 theoriam,
3595 4542 3652 4587 et

352 4630 612 4685 κάκεῖθεν
630 4630 737 4684 ἀπὸ
759 4629 858 4698 τῆς
884 4628 1070 4699 κοινῆς
1093 4627 1312 4682 πάντων
1329 4625 1660 4696 διακρίσεως
1694 4627 1793 4698 τὴν
1816 4625 1948 4680 ἀκό-

359 4723 553 4778 λουθον
582 4722 680 4777 καὶ
717 4722 1022 4794 ἱεροπρεπῆ
1053 4718 1291 4773 διάνοιαν
1323 4719 1399 4783 ώς
1422 4711 1533 4773 οἷον
1566 4719 1626 4773 τέ
1670 4720 1819 4773 ἐστιν
1847 4721 1947 4791 ἐμ-

355 4818 498 4890 φανῆ
527 4815 898 4886 καταστῆσαι.
936 4815 1095 4868 Ἔστι
1123 4813 1168 4868 δ’
1199 4812 1293 4867 οὖν
1324 4810 1361 4868 ἃ
1397 4811 1490 4865 τὸν
1540 4812 1703 4866 αὑτὸν
1729 4829 1947 4885 σχημα-

354 4910 550 4981 τισμὸν
581 4906 952 4962 ὑποϐάλλεται
975 4906 1076 4977 τῆς
1105 4904 1408 4968 συνθέσεως
1430 4903 1525 4957 καὶ
1556 4903 1692 4976 πρὸς
1729 4903 1829 4973 τὴν
1850 4903 1948 4957 αὑ-

356 5005 455 5076 τὴν
479 5003 577 5058 τοῦ
599 5003 762 5070 λόγου
789 5001 965 5055 δεῖται
984 4999 1224 5070 φυσικὴν
1245 4996 1640 5068 ἀναπλωθῆναι
1661 4997 1753 5050 καὶ
1779 4997 1949 5068 ἀσχη-

359 5100 623 5171 μάτιστον
657 5095 917 5166 ἰδιότητα,
955 5094 1032 5158 ὡς
1077 5094 1142 5147 ὲκ
1184 5090 1397 5145 πολλῶν
1426 5091 1584 5158 ὀλίγα
1616 5089 1945 5160 παραθεῖναι

354 5191 564 5247 ταῦτα’
604 5208 623 5242 ‹
669 5187 979 5242 Ἀποστελῶ
1001 5257 1006 5260 _
1029 5183 1128 5256 τὴν
1151 5185 1314 5255 χεῖρὰ
1361 5203 1463 5255 μου
1499 5183 1738 5250 πατάξαι
1766 5199 1824 5235 σε
1855 5182 1949 5235 καὶ

351 5287 446 5340 τὸν
488 5284 621 5338 λαόν
671 5299 790 5347 σου,
837 5282 935 5335 καὶ
974 5278 1282 5350 ἐκτριϐήσῃ
1323 5277 1432 5331 ἀπὸ
1463 5277 1562 5348 τῆς
1594 5277 1720 5346 γῆς,
1761 5295 1778 5328 ι
1812 5275 1946 5345 πρὸς

350 5376 666 5449 τονΦαρῑὼ
706 5377 855 5446 λέγει
887 5373 976 5428 διὰ
1008 5371 1251 5434 Μωσέως
1289 5372 1525 5442 Κύριοςι
1562 5370 1690 5424 καί·
1731 5389 1748 5419 ι
1791 5369 1951 5422 ’Ἑνε-

352 5490 451 5527 κεν
488 5470 678 5525 τούτου
724 5465 1054 5538 διετηρήθης
1105 5464 1194 5518 ἵνα
1242 5464 1564 5534 ἐνδείξωμαι
1613 5465 1671 5516 ὲν
1733 5464 1816 5516 σοὶ
1849 5463 1947 5532 τὴν

357 5564 515 5636 ἰσχύν
551 5580 675 5632 μου,
709 5563 806 5616 καὶ
837 5561 986 5623 ὅπως
1030 5557 1293 5626 διαγγελῇ
1329 5557 1390 5609 τὸ
1415 5556 1588 5626 ὄνομα
1619 5573 1721 5626 μου
1755 5557 1814 5609 ὲν
1843 5557 1948 5608 πά-

357 5674 428 5731 σῃ
458 5659 524 5729 τῇ
555 5660 627 5728 γῇ
654 5674 668 5690 ο
699 5675 719 5709 ι
757 5655 854 5709 καὶ
875 5653 1038 5708 πάλιν
1063 5670 1076 5683 ο
1108 5671 1127 5704 ί
1172 5648 1314 5719 Ἐγὼ
1333 5649 1574 5722 ἐϐάρυνα
1595 5651 1695 5720 τὴν
1719 5649 1947 5720 καρδίαν

357 5750 526 5806 αὑτοῦ
549 5751 644 5804 καὶ
671 5747 781 5804 τῶν
802 5745 1149 5820 θεραπόντων
1181 5742 1369 5816 αὺτοῦ,
1399 5743 1485 5797 ἵνα
1520 5743 1720 5815 ἐπέλθῃ
1745 5744 1812 5796 τὰ
1845 5761 1942 5811 ση-

430 5865 475 5899 “
509 5863 648 5924 Psal.
672 5878 724 5933 ι,
757 5859 884 5930 1,2.

2049 4632 2176 4687 inde
2203 4647 2237 4687 a
2268 4631 2548 4688 communi
2578 4629 2826 4686 omnium
2853 4629 3186 4684 discretione
3215 4635 3647 4696 consequentem

2048 4737 2105 4780 et
2131 4724 2305 4781 sacris
2339 4723 2502 4780 rebus
2538 4723 2767 4794 dignum
2805 4736 3028 4778 sensum
3061 4735 3159 4791 pro
3186 4719 3399 4774 viribus
3423 4717 3648 4772 eviden-

2049 4827 2158 4874 tem
2191 4825 2453 4874 statuere.
2485 4815 2626 4870 Sunt
2662 4829 2795 4884 ergo
2825 4828 2948 4885 quae
2987 4811 3236 4867 eamdem
3285 4809 3521 4864 formam
3566 4811 3651 4861 iu-

2048 4911 2230 4968 duunt
2282 4919 2573 4967 contextus
2621 4918 2674 4965 et
2741 4908 2808 4964 ad
2858 4906 3108 4963 eamdem
3174 4902 3447 4960 sermonis
3507 4916 3648 4972 epus

2060 5006 2268 5062 habent
2299 5004 2605 5060 naturalem
2637 5001 2963 5072 simpliciter
2991 4998 3164 5070 aptari
3213 5007 3267 5052 et
3296 4997 3647 5065 intiguratam

2055 5098 2482 5170 proprietatem,
2534 5104 2595 5151 ut
2648 5112 2716 5150 ex
2771 5095 2959 5149 multis
3046 5107 3219 5163 pauca
3294 5088 3651 5160 proponimus

2057 5194 2174 5250 haec
2220 5210 2236 5247 :
2296 5211 2315 5245 ‹
2360 5189 2569 5246 Mittam
2629 5204 2850 5243 manum
2914 5201 3090 5241 meam
3144 5194 3197 5240 ut
3247 5182 3547 5254 percutiam
3599 5192 3649 5233 te

2055 5294 2112 5342 et
2160 5284 2421 5358 pepulum
2487 5294 2679 5346 tuum,
2723 5290 2779 5334 et
2828 5278 3063 5334 delearis
3103 5277 3172 5331 de
3229 5285 3372 5331 terra
3410 5273 3478 5337 ”,
3531 5291 3549 5325 ι
3583 5274 3650 5326 ad

2057 5377 2401 5434 Pharaonem
2423 5376 2500 5431 ait
2529 5390 2623 5444 per
2649 5372 2871 5444 Moysen
2903 5371 3171 5425 Dominus
3209 5384 3224 5421 :
3261 5388 3280 5422 ι
3307 5367 3370 5421 Et
3398 5376 3650 5438 propter-

2057 5489 2119 5528 ea
2179 5479 2432 5529 servatus
2497 5483 2558 5524 es
2617 5475 2676 5522 ut
2741 5464 3026 5522 ostendam
3097 5464 3152 5518 in
3202 5471 3269 5518 'te
3351 5461 3651 5531 potentiam

2057 5583 2269 5630 meam,
2325 5577 2380 5620 et
2431 5573 2489 5619 ut
2552 5562 2817 5632 praedices
2885 5572 3085 5613 nomen
3165 5571 3348 5610 meum
3419 5555 3473 5608 in
3539 5563 3649 5608 tota

2056 5671 2198 5716 terra
2225 5659 2292 5712 ³⁸.
2352 5677 2370 5709 ι
2414 5657 2478 5710 Ει
2535 5655 2777 5709 iterum:
2829 5669 2848 5701 ι
2908 5649 3020 5722 Ego
3077 5647 3322 5703 induravi
3381 5661 3477 5700 cor
3531 5645 3652 5711 ejus

2053 5763 2106 5809 et
2131 5767 2414 5810 servorum
2459 5748 2602 5819 ejus.
2651 5756 2708 5801 ut
2753 5744 2974 5800 veniant
3028 5742 3184 5812 signa
3221 5755 3385 5809 super
3431 5755 3547 5801 eos,
3590 5749 3646 5789 ut

941 5859 984 5892 "
1018 5857 1122 5914 lsa.
1147 5855 1402 5924 xuuﬂt}.
1483 5855 1528 5885 Μ
1560 5851 1928 5918 lia-remum,
1958 5850 2050 5906 53.
2108 5844 2366 5902 "Ezech.
2402 5855 2591 5906 χχχιιι,
2621 5839 2704 5892 ll.
2764 5839 2806 5870 9”
2840 5833 3013 5890 Exod.
3051 5848 3123 5896 Ix,
3169 5832 3250 5887 lii.
3326 5833 3371 5862 ’³
3408 5830 3538 5885 ibid.
3574 5828 3656 5882 IU.
