4144 6432
499 377 606 442 399

1665 371 1929 432 PHOTII
1961 369 2467 431 PAT-RIARCHZE
2506 370 2616 428 ΟΡ.

3675 348 3781 421 40’)

499 489 867 567 praedicentur
912 485 1069 556 signa
1115 498 1236 543 mea
1268 483 1323 539 in
1372 496 1537 537 aures
1588 480 1826 537 tlliorum
1879 490 2095 537 vestro-

2218 480 2334 549 αείά
2375 495 2479 548 μου
2534 477 2621 529 ἐπ’
2651 475 2874 536 αύτούς,
2914 472 3062 532 ὅπως
3112 467 3444 567 διηγήσηνται
3484 460 3552 514 τά
3586 463 3790 567 σημεξά

501 598 623 637 rum
655 581 695 636 ⁸.
732 598 751 634 ι
787 578 1029 634 Deinde:
1064 594 1083 630 ‹
1121 577 1188 633 Et
1219 591 1329 631 non
1382 574 1565 629 audiet
1611 589 1710 630 vos
1747 572 1983 639 Pharao,
2038 581 2097 627 ut

501 672 757 743 impleam
791 670 948 740 signa
980 684 1096 723 mea
1129 678 1181 723 et
1206 667 1455 738 prodigia
1494 681 1612 721 mea
1645 666 1698 720 in
1753 676 1898 720 terra
1945 665 2094 735 ipso-

502 783 625 822 rum
658 768 701 824 '.
741 784 760 818 ι
796 763 1007 820 Horum
1048 762 1194 819 enim
1227 761 1670 830 unumquodque
1727 771 1781 813 et
1836 774 2099 829 quaecun-

500 875 608 932 que
642 858 749 914 alia
781 871 877 927 per
905 856 1115 911 similes
1144 854 1502 925 proferuntur
1535 868 1697 906 voces
1732 851 1891 921 juxta
1941 851 2098 907 :etio-

504 953 737 1024 Iogicum
758 950 967 1004 reddita
993 948 1211 1019 phrasis
1240 948 1503 1010 habitum,
1526 946 1857 1015 proprietate
1880 943 2099 1012 quidem

502 1043 907 1099 annuntiantur
934 1055 1105 1095 sacrae
1152 1048 1358 1095 nostra:
1380 1037 1699 1106 Scriptura‘.
1736 1034 1820 1090 Ad
1872 1043 2100 1088 natura-

503 1138 610 1192 lem
654 1144 837 1191 autem
891 1133 1164 1190 sermonis
1226 1139 1451 1201 accepta
1526 1130 1785 1193 formam,
1844 1127 2101 1197 pietatem

505 1226 761 1299 aperiunt
792 1234 846 1280 et
869 1225 936 1279 ad
967 1224 1309 1293 theosophiae
1344 1230 1548 1277 nostrae
1596 1219 1809 1274 aﬁinem
1843 1226 2105 1287 aptantur

507 1334 754 1375 sensum.
812 1316 1025 1370 Etenim
1082 1330 1235 1370 more
1293 1314 1544 1371 ﬁrmatur
1595 1312 1824 1380 antiquo
1869 1326 1934 1366 ea
1982 1324 2105 1380 quze

508 1409 734 1465 omnino
762 1418 1024 1469 eventura
1052 1416 1181 1463 sunt
1220 1416 1273 1462 et
1303 1422 1424 1477 qua:
1466 1419 1574 1460 non
1610 1413 1842 1475 possunt
1888 1411 2109 1473 propter

511 1497 985 1569 imperfectionem
1043 1498 1225 1552 exitus
1271 1495 1593 1552 circumcidi
1649 1494 1848 1565 saepius
1895 1493 1948 1547 in
2004 1493 2111 1547 hoc

510 1589 796 1659 divulgare
839 1588 1165 1654 schismate;
1198 1586 1328 1657 quia
1381 1594 1436 1642 et
1489 1599 1836 1656 quaecunque
1882 1581 2105 1653 phrasin

512 1692 714 1733 causas
747 1675 1078 1743 indicantem
1133 1676 1326 1730 sortita
1382 1684 1530 1734 sunt.
1594 1673 1849 1727 ordinem
1908 1671 2109 1726 habent

514 1783 707 1822 eorum
738 1781 863 1836 qua:
886 1780 1207 1821 concessam
1243 1764 1446 1822 habent
1471 1762 1863 1817 substantiam.

586 1948 691 2004 Sed
719 1949 865 2009 enim
903 1948 1212 2019 proprietas
1247 1947 1372 2003 talis
1403 1944 1721 2017 Scriptum,
1769 1943 1933 2014 quale
1979 1951 2104 1998 est:

522 2064 541 2095 σ
582 2042 904 2100 lncredulus
953 2041 1054 2096 fuit
1087 2042 1301 2099 Pharao
1332 2049 1387 2095 et
1418 2040 1705 2094 induratus
1748 2038 1904 2103 est’,
1948 2055 1966 2087 ι
2005 2037 2110 2089 ini--

517 2136 684 2191 riﬁcae
713 2136 885 2204 plagae
931 2144 985 2190 et
1013 2135 1242 2199 verbera
1283 2134 1485 2189 inﬂicta
1518 2130 1904 2196 inobedientia:
1928 2129 2108 2199 ipsum

516 2237 574 2283 et
611 2228 827 2282 duritia:
873 2235 1063 2282 secuta
1114 2234 1262 2281 sunt.
1308 2224 1430 2281 Haec
1460 2234 1641 2280 autem
1695 2224 2111 2279 circumsonue—

519 2328 665 2383 runt,
690 2328 744 2374 et
764 2333 860 2389 per
887 2334 1104 2373 omnem
1135 2327 1334 2379 terram
1368 2318 1647 2388 divulgata
1690 2326 1837 2381 sunt,
1877 2314 1969 2370 Dei
2012 2328 2111 2384 po-

518 2409 745 2465 tentiam
803 2409 1311 2467 circumclamantia
1357 2418 1411 2464 et
1470 2407 1820 2464 admirationi
1872 2421 1994 2463 esse
2056 2415 2112 2460 et

517 2503 729 2574 superi
752 2502 986 2557 validam
1012 2517 1235 2556 manum
1264 2501 1358 2556 Dei
1378 2501 1740 2571 przeparantia
1765 2518 1779 2567 ;
1806 2501 1911 2554 hoc
1946 2499 2114 2569 igitur

518 2595 744 2650 omnino
780 2609 845 2650 ex
870 2595 1017 2652 illius
1044 2592 1246 2649 duritie
1292 2602 1616 2659 eventurum
1658 2592 1713 2645 in
1750 2592 2110 2661 aetiOIOgicam

519 2686 755 2745 formam
822 2686 1107 2757 Scriptura
1172 2685 1386 2755 ﬁngens
1447 2683 1677 2755 protulit
1731 2683 2112 2753 praenuntiatus

522 2790 683 2851 tropo
708 2778 887 2835 exitus
916 2779 1202 2833 immotam
1234 2777 1547 2832 ﬁrmitatem
1574 2793 1590 2844 ;
1636 2775 1839 2831 etenim
1885 2774 2115 2830 omnino

521 2887 587 2926 ea
616 2886 853 2942 quorum
894 2886 1063 2941 causa
1114 2870 1346 2941 allegata
1388 2877 1471 2924 est
1511 2885 1577 2923 ex
1630 2867 1929 2923 stabilitate
1981 2880 2113 2936 pro-

522 2963 701 3019 dromi
751 2963 881 3033 ﬁngi
950 2963 1130 3018 solent
1175 2971 1230 3017 et
1270 2960 1554 3031 explicari.
1606 2960 1918 3031 Castigatur
1951 2959 2117 3030 igitur

522 3057 758 3127 Pharao,
805 3073 913 3113 non
968 3065 1029 3112 ut
1084 3056 1417 3127 gloriﬁcetur
1475 3054 1642 3119 Deus,
1705 3054 1806 3109 etsi
1854 3053 2005 3109 vocis
2061 3061 2115 3108 et

523 3159 814 3211 contextus
850 3149 1025 3206 forma
1078 3148 1237 3203 talem
1298 3150 1536 3217 Speciem
1577 3146 1789 3212 subeat,
1831 3144 1927 3200 sed
1986 3144 2117 3215 quia

525 3261 636 3301 non
664 3243 908 3299 obedivit
936 3240 1398 3297 etinobedientia:
1427 3239 1533 3311 ipsi
1586 3238 1879 3309 oportebat
1927 3252 2119 3308 poenas

523 3336 780 3407 irrogari,
810 3335 922 3391 Etsi
955 3349 1087 3396 vero
1119 3349 1231 3397 non
1281 3333 1348 3388 ad
1382 3332 1485 3388 hoc
1516 3331 1888 3402 respiciebant
1921 3345 2117 3401 meum,

525 3442 599 3483 ne
652 3427 806 3481 ﬁeret
848 3425 967 3493 ipse
1011 3424 1394 3481 inobedientiae
1439 3423 1815 3493 mancipium,
1877 3431 2119 3477 attamen

525 3519 657 3588 quia
703 3516 887 3573 statim
940 3528 1143 3572 secutae
1186 3527 1316 3572 sunt
1358 3515 1588 3585 impium
1623 3514 1988 3584 castigantes,
2037 3512 2122 3567 his

528 3616 710 3672 autem
737 3607 1026 3661 verberum
1058 3615 1113 3661 et
1146 3606 1428 3676 plagarum
1462 3605 1748 3675 stupendis
1769 3604 1969 3660 divinis
1994 3619 2124 3673 por-

528 3700 697 3756 tentis
718 3706 780 3754 ut
804 3698 1011 3753 dictum
1045 3706 1130 3753 est
1159 3698 1336 3753 virtus
1365 3706 1417 3752 et
1445 3697 1615 3767 gloria
1646 3696 1740 3753 Dei
1767 3695 1932 3752 simul
1962 3704 2124 3749 aucta

528 3801 614 3853 est
644 3801 699 3847 et
722 3791 981 3856 eﬁloruit,
1024 3805 1133 3846 non
1180 3791 1390 3862 absque
1433 3791 1645 3853 ratione
1690 3806 1752 3845 ea
1797 3804 1919 3860 qua:
1969 3788 2124 3860 juxta

529 3885 858 3953 aetiologiam
885 3894 968 3939 est
992 3883 1296 3947 narrationi
1326 3884 1503 3943 forma
1536 3892 1590 3939 et
1610 3893 1864 3954 aspectus
1884 3882 2125 3941 circum-

528 3977 778 4047 ponitur,
804 3985 1129 4041 eventurum
1153 3976 1401 4041 omnino,
1425 3985 1478 4031 et
1504 3985 1799 4046 antequam
1824 3975 2121 4040 evenisset,

527 4070 859 4126 testiﬁcante
884 4077 937 4124 et
967 4067 1325 4123 annuntiante
1361 4068 1713 4122 oraculorum
1765 4064 2123 4139 [divinorum]

528 4160 1190 4244 praecognitione.Eadem
1223 4162 1305 4215 via
1338 4170 1392 4216 et
1419 4160 1805 4221 Davidicorum
1834 4161 2123 4216 verborum

528 4268 652 4322 qua:
694 4260 857 4307 antea
895 4251 1171 4322 propriam
1215 4251 1407 4312 sortita
1453 4262 1582 4313 sunt
1620 4251 2041 4307 elucidationem
2072 4260 2127 4307 et

531 4345 979 4400 constitutionem
1016 4344 1070 4403 in
1092 4345 1340 4400 eamdem
1364 4354 1417 4398 et
1444 4345 1678 4400 similem
1707 4343 1867 4400 dictis
1883 4343 2127 4415 coaptati

531 4444 760 4507 possent
781 4433 1171 4507 perfectionem
1198 4453 1212 4500 ;
1259 4436 1501 4506 peccavit
1521 4436 1688 4491 David
1705 4444 1759 4491 et
1779 4444 2124 4506 peccatorum

2204 550 2308 642 μου
2341 571 2422 632 εἰς
2450 569 2517 621 τὰ
2533 562 2649 619 ὦτα
2687 564 2796 617 τῶν
2818 563 3025 616 τέκνων
3050 556 3207 631 ὑμῶν
3231 569 3280 608 ἰ
3314 550 3434 607 εἶτα
3464 568 3508 604 ἰ
3547 552 3658 605 Καὶ
3691 551 3793 605 οὐκ

2202 660 2584 717 είσακούσεται
2613 656 2767 727 ὑμῶν
2800 652 3023 723 Φαραὼ,
3062 651 3150 703 ἵνα
3184 645 3441 718 πληθύνω
3478 642 3545 697 τὰ
3586 641 3793 711 σημεῖά

2205 768 2306 823 μου
2336 752 2431 804 καὶ
2457 750 2524 803 τὰ
2556 746 2760 819 τέρατά
2803 762 2903 815 μου
2947 744 3005 795 ἐν
3041 743 3108 811 τῇ
3144 741 3214 810 γῇ
3275 735 3478 792 αὐτῶν.
3521 752 3539 785 ι
3572 730 3793 785 Τούτων

2202 847 2312 916 γὰρ
2343 845 2574 897 ἕκαστον
2620 841 2714 893 καὶ
2760 839 2862 892 ὅσα
2890 835 3027 891 ἄλλα
3059 833 3147 887 διά
3176 830 3286 885 τῶν
3314 827 3517 901 ὁμοίων
3548 825 3791 897 προάγε-

2204 957 2295 993 ται
2321 935 2516 1007 φωνῶν
2561 932 2702 987 κατά
2740 931 2829 984 τὸν
2883 925 3249 995 αἰτιολογικὸν
3293 919 3656 989 ἀποδιδόμενα
3694 916 3797 985 τῆς

2206 1032 2461 1103 φράσεως
2495 1024 2904 1099 σχηματισμὸν,
2951 1018 3206 1090 ιδιώματι
3255 1016 3353 1087 μὲν
3384 1010 3799 1103 ἀπαγγέλλεται

2205 1102 2304 1197 τῆς
2336 1127 2379 1177 is
2391 1125 2488 1195 ρᾶς
2514 1123 2546 1192 ἡ
2557 1120 2676 1190 μῶν
2704 1117 2925 1190 Γραφῆς
2951 1132 2965 1145 ·
2989 1114 3130 1183 πρὸς
3157 1110 3219 1164 τὸ
3240 1106 3470 1179 φύσικὸν
3492 1105 3549 1159 δὲ
3581 1102 3678 1197 τοῦ
3702 1102 3797 1155 λό-

2206 1194 2304 1288 γου
2336 1212 2867 1287 μεταλαμϐανόμενα
2896 1202 3057 1272 εἶδος,
3088 1203 3149 1256 τὸ
3184 1200 3407 1264 εὐσεϐὲς
3436 1194 3797 1256 ἀναπτύσσει,

2210 1314 2304 1367 καὶ
2335 1309 2471 1381 πρὸς
2501 1307 2563 1361 τὸ
2586 1306 2687 1375 τῆς
2733 1302 3023 1373 θεοσοφίας
3052 1298 3209 1369 ἡμῶν
3245 1292 3506 1363 συγγενὲς
3537 1288 3802 1381 καταᾷρτίῗ-

2210 1405 2294 1469 ζει
2327 1377 2393 1455 τό
2412 1399 2689 1471 φρόνημα.
2718 1397 2828 1452 Καὶ
2854 1396 2963 1462 γὰρ
2997 1390 3108 1443 ἔθει
3143 1386 3471 1458 κρατύνεται
3494 1377 3805 1471 παλαιῷλτά

2210 1468 2434 1554 πάντως
2457 1468 2851 1558 ἀποϐησόμενα
2875 1484 2969 1536 καὶ
3003 1480 3077 1551 μὴ
3122 1473 3214 1532 οἷά
3245 1494 3305 1529 τε
3336 1476 3467 1529 ὂντα
3497 1472 3577 1543 τῷ
3610 1468 3799 1524 ἀτελεῐ

2209 1587 2309 1653 τῆς
2356 1582 2635 1645 ἐκϐάσεως
2697 1574 3131 1651 περικόπτεσθαι
3191 1570 3456 1631 πολλάκις
3514 1566 3574 1618 ἐν
3624 1562 3805 1632 τούτῳ

2214 1674 2634 1749 περιαγγέλλειν
2660 1672 2741 1742 τῷ
2785 1670 3050 1740 σχίσματι
3073 1683 3088 1697 ·
3126 1663 3251 1719 ἐπεὶ
3280 1662 3375 1715 καὶ
3402 1661 3504 1714 ὅσα
3526 1656 3625 1729 τὴν
3660 1654 3807 1724 φρά-

2214 1789 2298 1825 σιν
2325 1768 2786 1837 αίτολογουμένην
2808 1764 2992 1833 ἔλαχε,
3021 1760 3122 1830 τὴν
3145 1757 3299 1824 τάξιν
3321 1754 3515 1824 ἐπέχει
3543 1750 3652 1804 τῶν
3674 1752 3808 1819 όμομ

2213 1862 2554 1933 λογουμὲνην
2590 1860 2825 1930 ἐχόντων
2856 1856 2956 1925 τὴν
2985 1850 3243 1922 ὓπαρξιν.

2297 1954 2459 2009 Ἀλλὰ
2500 1952 2611 2022 γὰρ
2655 1950 2716 2003 τὸ
2749 1949 2847 2019 μὲν
2899 1947 3099 2016 ἰδίωμα
3128 1939 3372 1996 τοιοῦτον
3411 1938 3510 2008 τῆς
3552 1932 3807 2007 Γραφῆςν

2213 2043 2345 2112 οἷον,
2372 2066 2389 2099 ι
2432 2042 2680 2098 Ἦπείθει
2700 2039 2899 2112 Φαραὼ
2927 2039 3019 2091 καί
3079 2028 3465 2104 ἐσκληρύνετο,
3496 2048 3513 2081 ο
3542 2029 3597 2081 αί
3620 2025 3808 2096 παρά-

2213 2140 2353 2206 δοξοι
2377 2135 2584 2208 πληγαὶ
2611 2134 2704 2187 καὶ
2727 2133 2992 2203 μάστιγες
3018 2124 3480 2196 εἰσπραττόμεναι
3511 2120 3610 2184 τῆς
3644 2118 3808 2169 ἀπει-

2215 2230 2337 2293 θίας
2363 2228 2523 2283 αὐτὸν
2542 2226 2637 2279 καὶ
2662 2223 3030 2295 σκληρότητος
3056 2220 3290 2272 εἵποντο.
3317 2213 3507 2268 Ταῦτα
3531 2212 3589 2265 δὲ
3617 2210 3679 2265 τὺ
3703 2226 3777 2263 πε
3794 2242 3809 2249 -

2219 2323 2471 2397 ριϐόητον
2498 2316 2637 2391 εἶχε,
2672 2318 2765 2370 καὶ
2813 2315 2919 2369 ἀνδι
2964 2314 3146 2366 πᾶσαν
3192 2310 3291 2379 τὴν
3324 2308 3429 2378 γῆν
3465 2303 3678 2374 ἐφοίτα,
3706 2302 3811 2370 τὴν

2216 2415 2310 2471 τοῦ
2349 2412 2485 2467 Θεοῦ
2530 2408 2852 2465 δυναστείαν
2911 2419 3324 2477 περιηχουμενα
3364 2399 3461 2454 καὶ
3504 2394 3813 2466 θαυμάζειν

2216 2507 2307 2561 καὶ
2335 2498 2885 2573 ὑπερεκπλήττεσθαι
2916 2499 3015 2565 τὴν
3047 2492 3319 2566 κραταιὰν
3349 2491 3511 2561 χεῖρα
3549 2486 3643 2539 τού
3667 2482 3811 2538 (ἢεοῦ

2216 2594 2709 2669 παρασκευάζοντα
2733 2607 2746 2621 ·
2775 2590 2935 2644 τοῦτο
2962 2584 3054 2641 οὖν
3080 2587 3138 2641 τὸ
3184 2585 3405 2645 πάντως
3433 2584 3508 2633 ὲκ⁴
3527 2581 3623 2648 τῆς
3661 2576 3812 2637 ἐκείέ

2215 2666 2311 2748 νου
2334 2688 2705 2760 σκληρότητος
2736 2682 3126 2754 ἐκϐησόμενον,
3162 2680 3243 2743 είς
3272 2672 3639 2741 αἰτιολογικὸν
3666 2666 3814 2734 εἶδος

2216 2784 2249 2854 ἡ
2284 2781 2476 2854 Γραφὴ
2515 2778 2897 2849 σχηματίσασα
2945 2774 3277 2847 προενήνοχε
3342 2764 3815 2841 προκηρύττουσα

2216 2872 2295 2943 τῷ
2326 2872 2514 2943 τρόπῳ
2546 2871 2607 2924 τὸ
2638 2870 2738 2940 τῆς
2772 2868 3055 2931 ἐκϐάσεως
3076 2864 3415 2937 ἀμετάθετον
3442 2877 3457 2892 ⁶
3484 2861 3578 2915 καί⁵
3601 2857 3715 2929 γάρ
3736 2856 3817 2920 ὡς

2218 2961 2422 3014 ἐπίπαν
2467 2962 2564 3016 καὶ
2618 2962 2686 3015 τά
2731 2959 3182 3029 αἱτιολογούμενα
3222 2957 3301 3026 τῷ
3343 2952 3684 3024 ἀπαραϐἀτῳ
3713 2951 3817 3018 τῆς

2221 3055 2452 3127 προόδου
2474 3052 2857 3108 είδοποιεῖσθαι
2882 3050 3139 3105 θέλεικαὶ
3170 3046 3440 3119 ἐρμηνεύε
3454 3044 3598 3105 σθαι.
3636 3040 3819 3127 Κολα-

2144 3173 2188 3233 C
2223 3125 2374 3211 ζέται
2397 3144 2574 3199 τοίνυν
2600 3146 2818 3216 Φαραὼ,
2842 3143 2941 3213 οὐχ
2973 3142 3060 3195 ἵνα
3084 3138 3320 3206 δοξασθῇ
3359 3139 3385 3189 ό
3432 3133 3565 3187 Θεὸς
3624 3125 3677 3187 εἰ
3724 3128 3818 3181 καὶ

2221 3241 2318 3311 τῆς
2348 3236 2534 3309 φωνῆς
2576 3235 2673 3288 καὶ
2706 3236 2804 3305 τῆς
2865 3233 3170 3287 συνθέσεως
3218 3231 3277 3283 τε
3319 3229 3505 3299 σλῆμα
3552 3236 3819 3290 τνιαυτην

2223 3330 2532 3402 φαντασίαν
2561 3326 2883 3398 ὑπέρχεται,
2918 3320 3030 3375 ἀλλ’
3051 3324 3133 3376 ὅτι
3152 3320 3372 3391 ἠπείθει
3410 3318 3507 3373 καὶ
3530 3318 3628 3386 τῆς
3651 3316 3817 3365 ἀπει-

2224 3426 2374 3487 θείας
2402 3421 2564 3478 αύτὺν
2590 3421 2699 3474 ἔδει
2726 3418 2824 3481 τὰς
2848 3416 3003 3477 δίκας
3034 3407 3485 3480 εισπράττεσθαι.
3519 3408 3582 3463 Ei
3627 3406 3684 3458 δέ
3715 3402 3820 3456 κᾶν

2228 3517 2303 3587 μὴ
2344 3513 2480 3584 πρὸς
2523 3509 2683 3565 τοῦτο
2729 3508 2918 3578 ἐώρων
2971 3505 3029 3559 αἱ
3074 3503 3359 3573 τιμωρίαι,
3401 3499 3536 3571 μηδέ
3578 3498 3719 3587 πρὸς
3756 3494 3820 3587 τὸ

2225 3605 2485 3675 γενέσθαι
2514 3602 2678 3656 αὐτὸν
2723 3603 2823 3669 τῆς
2870 3595 3155 3657 ἀπειθείας
3184 3588 3542 3661 ἀνδράποδον,
3581 3585 3699 3640 ἀλλ’
3724 3580 3823 3643 οὖν

2226 3698 2456 3767 ἐπείπερ
2479 3694 2621 3749 κατά
2658 3692 2824 3754 πόδας
2864 3687 3241 3759 ἠκολούθησαν
3289 3682 3380 3735 τὸν
3431 3681 3715 3751 ἀλιτήριον
3741 3694 3823 3731 τις

2230 3790 2606 3862 μωρούμεναι,
2637 3784 2867 3846 ταύταις
2894 3781 2950 3834 δὲ
2973 3782 3093 3842 ταῖς
3119 3778 3229 3831 τῶν
3261 3774 3538 3849 μαστίγων
3561 3770 3658 3825 καὶ
3686 3769 3800 3840 πλη

2226 3884 2340 3953 γῶν
2370 3878 2697 3950 παραδόξοις
2731 3873 3103 3945 θεοσημείαις,
3122 3870 3197 3934 ὼς
3226 3870 3464 3941 εἴρηται,
3487 3867 3519 3936 ἡ
3542 3865 3701 3934 ἰσχὺς
3727 3863 3825 3916 καὶ

2227 3977 2260 4045 ἡ
2310 3971 2438 4037 δόξα
2468 3971 2563 4023 τοῦ
2606 3966 2743 4021 Θεοῦ
2798 3964 3109 4035 συνηυξήθη
3156 3962 3251 4021 καὶ
3290 3957 3822 4017 συνανεϐλάστανεν,

2226 4067 2326 4121 ούκ
2351 4062 2655 4125 ἀπεικότως
2684 4062 2717 4131 ἡ
2748 4058 2891 4112 κατὰ
2923 4058 3023 4127 τὴν
3048 4053 3380 4122 αἰτιολογίαν
3405 4051 3484 4122 τῲ
3510 4050 3672 4119 διηγή
3684 4065 3823 4118 ματι

2230 4159 2414 4232 μορφὴ
2440 4157 2535 4211 καὶ
2564 4154 2679 4208 ἰδέα
2712 4150 3082 4221 περιτίθεται,
3109 4146 3170 4199 τὸ
3201 4144 3573 4215 ἐκϐησόμενον
3598 4138 3823 4202 πάντως

2230 4229 2326 4303 καὶ
2360 4246 2468 4318 πρὸ
2494 4243 2588 4298 τοῦ
2615 4240 2977 4315 ἐκϐεϐηκέναι
3016 4232 3540 4308 διαμαρτυρομένης
3588 4229 3685 4284 καὶ
3714 4230 3827 4282 ἀπ·-

2228 4336 2601 4409 αγγελλούσης
2639 4335 2740 4405 τῆς
2787 4333 2894 4386 τῶν
2925 4330 3137 4399 Λογίων
3181 4328 3568 4400 προγνώσεως.
3592 4322 3693 4375 Διὰ
3725 4321 3826 4397 τῆς

2227 4434 2397 4503 αὐτῆς
2419 4432 2462 4485 δ’
2493 4430 2557 4485 ἂν
2594 4428 2786 4499 ἐφόδου
2841 4425 2937 4479 καὶ
2981 4424 3091 4478 τῶν
3142 4420 3443 4476 Δαυῖδικῶν
3486 4417 3752 4489 ῥημάτων
3787 4412 3825 4467 ἂ

529 4528 807 4594 maximis,
826 4542 932 4582 non
950 4537 1009 4583 ut
1027 4528 1168 4582 Deus
1196 4527 1562 4595 iustiﬁcetur;
1597 4543 1703 4582 non
1728 4538 1812 4583 est
1830 4529 2115 4597 enim,non

2231 4525 2497 4597 πρότερον
2534 4518 2842 4588 ἰδιαζούσης
2867 4515 3027 4586 ἔτυχε
3064 4512 3369 4583 σαφηνείας
3400 4510 3497 4564 καὶ
3540 4508 3821 4562 καταστά-

528 4620 795 4679 οειείιιιίιιε
812 4629 1096 4691 peccatum
1116 4618 1230 4689 Deo
1239 4620 1509 4687 Justitiam
1528 4620 1999 4688 circumfundens.
2018 4622 2127 4678 Sed

531 4723 822 4785 pestquani
840 4711 1344 4783 peccavitquidein,
1368 4728 1475 4768 non
1509 4716 1664 4768 auxit
1690 4729 1869 4785 neque
1885 4716 2130 4771 caecitate

534 4819 711 4874 neque
743 4804 1032 4860 inscientia
1082 4812 1397 4874 peccatum,
1468 4806 1717 4876 confugit
1771 4821 1903 4863 vero
1948 4809 2126 4878 magis

532 4899 597 4957 ad
625 4898 1003 4969 paenitentiam
1043 4907 1098 4953 et
1130 4899 1423 4969 lacrymas,
1459 4900 1817 4970 semetipsum
1852 4899 2123 4956 festinans

533 4991 759 5045 abluere
791 5000 1043 5062 peccato.
1077 4991 1175 5057 Dat
1202 5003 1387 5058 autem
1425 4992 1570 5049 Dens
1613 4991 1832 5051 veniam
1873 4994 1928 5048 in
1963 4993 2123 5049 beni-

532 5082 761 5152 gnitate,
794 5082 1069 5152 propriam
1099 5082 1370 5153 justitiam
1393 5094 1448 5140 et
1474 5084 1743 5155 majorem
1773 5099 1939 5155 quam
1962 5083 2122 5155 juxta

531 5173 833 5231 humanum
857 5189 1082 5230 sensum
1119 5175 1457 5245 splendidam
1479 5177 1737 5232 omnibus
1772 5176 2040 5233 exhibens
2069 5186 2124 5232 et

532 5260 1122 5331 circumspectabilem.
1156 5264 1286 5318 Ideo
1313 5278 1440 5319 cum
1470 5264 1701 5321 dixisset
1728 5263 1899 5319 David
1921 5280 1967 5317 ει
1998 5263 2120 5319 Tibi

533 5352 638 5408 soli
667 5354 916 5423 peccavi,
954 5355 1370 5423 utjustiﬁccris,
1409 5376 1428 5409 ι
1461 5357 1734 5428 adjunxit,
1772 5375 1791 5409 ι
1829 5358 1884 5412 in
1917 5372 2124 5413 sermo-

533 5445 697 5502 nibus
728 5447 858 5513 tuis,
900 5467 917 5499 ι
959 5447 1306 5519 iniquitatem
1338 5451 1562 5520 quidem
1606 5450 1935 5521 paenitentia
1969 5449 2121 5505 exci-

530 5536 733 5605 piente,
767 5539 1147 5607 paenitentiam
1179 5556 1311 5596 vero
1338 5541 1676 5611 benignitate
1705 5557 1869 5610 supra
1893 5556 2113 5596 omnem

532 5642 868 5696 sermonem,
908 5633 958 5685 in
994 5632 1327 5704 benignitate
1369 5635 1569 5690 veroin
1595 5634 1950 5691 sermonibus
2004 5634 2118 5689 clu-

605 5802 824 5870 ilixod.
856 5823 911 5873 χ,
945 5807 995 5862 l.
1070 5810 1089 5839 '
1122 5808 1288 5867 Exod.
1328 5829 1426 5879 vn,
1459 5812 1511 5870 4.
1593 5815 1613 5848 ³
1636 5815 1770 5872 ibid.
1800 5815 1888 5870 15.

2230 4633 2370 4678 σεως
2392 4616 2471 4677 εἰς
2496 4612 2594 4682 τὴν
2618 4614 2740 4680 ῑσην
2768 4608 2863 4662 καὶ
2886 4608 3075 4679 ὁμοίαν
3119 4608 3231 4669 τοῖς
3284 4603 3598 4675 εἰρημένοις
3640 4603 3826 4670 ἀπαρ-

2227 4706 2439 4776 τισθείη
2464 4702 2781 4772 τελειότητα
2808 4716 2821 4729 ’
2850 4701 3102 4772 ἥμαρτεν
3133 4697 3162 4749 ὁ
3192 4694 3359 4751 Δαυτδ
3391 4696 3489 4748 καὶ
3508 4694 3614 4747 τῶν
3637 4694 3826 4765 ἀμαρ-

2229 4799 2489 4870 τημάτων
2535 4797 2607 4848 τὰ
2658 4793 2927 4865 μέγισταο
2967 4792 3067 4861 οὐχ
3113 4790 3201 4843 ἵνα
3234 4789 3369 4847 Θεὸς
3416 4784 3684 4853 δικαιωθῇ
3711 4799 3725 4812 ”
3763 4783 3823 4834 ού

2232 4893 2342 4964 γάρ
2371 4892 2538 4951 ἐστιν,
2567 4887 2669 4940 οὐκ
2699 4885 2847 4939 ἔστιν
2884 4884 3098 4946 οὐδενὸς
3123 4880 3371 4951 ἁμαρτία
3400 4878 3519 4949 Θεῷ
3543 4876 3823 4930 δικαιοτηό⁹

2233 5002 2331 5055 νην
2391 4980 2804 5053 περιάπτουσα·
2842 4975 2956 5029 ἀλλ’
2994 4975 3225 5045 ἐπείπερ
3287 4972 3508 5041 ἥμαρτε
3570 4967 3691 5037 μὲν,
3723 4967 3825 5017 οὐκ

2229 5080 2438 5150 ηὔξησε
2476 5075 2533 5128 δέ
2567 5072 2693 5127 οὔτε
2726 5073 2793 5143 τῇ
2830 5069 3089 5141 πωρώσει
3125 5063 3250 5120 οὗτε
3285 5067 3350 5137 τῇ
3380 5060 3692 5134 προγνώσει
3724 5060 3825 5126 τὴν

2230 5170 2530 5242 ἁμαρτίαν,
2564 5164 2904 5234 καταφεύγει
2931 5163 2989 5216 δέ
3016 5161 3219 5231 μᾶλλον
3241 5158 3377 5230 πρὸς
3400 5156 3500 5227 τὴν
3529 5153 3825 5225 μετάνοιαν

2230 5268 2324 5320 καὶ
2381 5265 2448 5317 τὰ
2502 5263 2735 5332 δάκρυα,
2762 5258 2956 5313 ἑαυτὸν
3011 5254 3331 5318 σπουδάζων
3360 5250 3697 5307 ἀποπλύνειν
3724 5245 3821 5299 τοῦ

2228 5356 2644 5426 ἁμαρτήματος.
2664 5350 2856 5403 Δίδωσι
2881 5349 2937 5403 δὲ
2966 5348 3099 5410 Θεὸς
3145 5343 3481 5415 συγγνώμην
3514 5344 3570 5394 ἐν
3599 5341 3665 5409 τῇ
3697 5335 3822 5406 φιλ-

2228 5448 2536 5519 ανθρωπία,
2570 5444 2632 5496 τὸ
2654 5444 2854 5496 οἰκεῖον
2892 5440 3104 5494 δίκαιον
3154 5439 3249 5492 καὶ
3271 5434 3515 5508 μεῖζονῆ
3552 5431 3696 5486 κατὰ
3722 5432 3824 5483 ἀν-

2228 5542 2505 5612 θρωπίνην
2535 5537 2801 5600 διάνοιαν,
2844 5533 3099 5603 λαμπρόν
3146 5533 3319 5586 ἅπασι
3379 5526 3690 5587 ἐπιδεικνὺς
3726 5521 3821 5576 καὶ

2230 5634 2617 5701 περίϐλεπτον.
2660 5629 2753 5681 Διά
2790 5627 2951 5682 τοῦτο
2977 5624 3148 5680 εἰπὼν
3180 5627 3208 5679 ὁ
3238 5624 3425 5690 Δαυῖδ,
3462 5640 3481 5674 ι
3523 5622 3612 5675 Σοὶ
3634 5619 3820 5690 ἤμαρο
