4144 6438
406 396 506 463 tul

1404 397 1504 457 AD
1537 396 2135 459 AMPHILOCHIUM
2170 395 2519 469 QUzESTIO
2548 395 2694 457 LVI.

3574 388 3686 452 402

404 532 518 583 τυν,
544 514 693 578 ὅπως
725 512 792 567 ἀν
823 511 1141 583 δικαιωθῇς,
1178 531 1199 565 ι
1231 512 1588 584 ἐπισυνῆψεν,
1625 533 1644 566 ι
1681 517 1740 566 ἐν
1770 517 1882 578 τοῖς
1902 514 1991 567 λό-

2100 519 2251 567 cente
2278 511 2489 582 justitia
2518 519 2573 564 et
2596 508 2776 563 omnis
2807 504 3310 564 commiserationis
3337 512 3391 560 et
3422 502 3685 561 bonitatis

405 626 521 678 γοις
555 623 681 660 σου·
720 625 740 659 ›
774 605 872 677 τὴν
907 606 1006 677 μὲν
1047 606 1280 676 ἀνομίαν
1326 606 1428 677 τῆς
1475 606 1769 677 μετανοίας
1816 608 1993 661 διαδε-

411 699 649 772 ξάμένης
668 716 681 729 ο
697 698 795 769 τὴν
825 698 1121 767 μετάνοιαν
1142 699 1196 751 δὲ
1223 700 1323 768 τῆς
1346 699 1489 769 ὑπὲρ
1508 699 1667 768 λόγον
1690 699 1993 771 φιλανθρω-

408 789 539 851 πίας
559 805 575 819 ο
604 790 662 840 ἐν
687 788 741 841 δὲ
768 789 834 858 τῇ
884 788 1274 859 φιλανθρωπίᾳ
1304 788 1399 840 τοῦ
1436 790 1493 842 ἐν
1537 793 1652 853 τοῖς
1694 790 1875 859 λόγοις
1906 790 1995 855 ἐξ-

408 881 813 952 αστράπτοντος
866 880 1077 934 δικαίου
1136 883 1231 935 καὶ
1292 882 1477 953 πάσης
1520 883 1868 954 συμπαθείας
1899 884 1994 936 καὶ

409 973 745 1042 ἀγαθότητος
781 973 1033 1040 ἀφιέντος
1065 974 1310 1038 ἀκτῖνας.
1338 976 1448 1028 Καὶ
1484 976 1634 1044 λόγοι
1669 975 1735 1029 ἂν
1756 974 1996 1030 ἐνταῦθα

410 1064 653 1135 νοηθεῖεν
679 1064 777 1117 τοῦ
806 1063 966 1127 Θεοῦ,
998 1068 1064 1137 τῇ
1098 1066 1417 1139 ἀνθρωπίνῃ
1466 1068 1995 1137 συγκαταϐαίνοντος

411 1156 669 1227 ἀσθενείᾳ
694 1158 789 1210 καὶ
821 1158 902 1219 εἰς
945 1157 1139 1225 λόγους
1192 1159 1286 1212 καὶ
1332 1160 1518 1230 κρίσιν
1565 1160 1992 1230 καθισταμένου.

408 1248 519 1301 Καὶ
545 1248 654 1319 γάρ
690 1266 822 1318 φησι
847 1266 861 1281 ο
897 1267 915 1299 ι
960 1249 1123 1302 Δεῦτε
1148 1254 1243 1304 καὶ
1268 1251 1657 1322 διελεχθῶμεν,
1694 1252 1845 1321 λέγει
1880 1253 1995 1305 Κύ-

411 1358 548 1410 ριος.
580 1360 600 1393 ›
653 1340 1085 1408 Ἀντεξετάσεως
1121 1344 1177 1397 δὲ
1223 1345 1623 1416 συνισταμένης
1658 1338 1734 1401 ὧν
1778 1346 1997 1416 δωρεῶν

410 1432 698 1502 ἀπήλαυσε
732 1433 825 1487 καὶ
848 1433 1180 1503 εὐεργεσιῶν
1207 1439 1235 1489 ὁ
1264 1436 1430 1490 Δαυῖδ
1483 1438 1620 1508 πρὸς
1653 1437 1718 1502 ἂς
1756 1437 1995 1491 κατωλί-

412 1524 612 1596 σθησεν
636 1524 913 1595 ἀθέσμους
944 1527 1175 1598 πράξεις
1196 1544 1211 1558 ο
1246 1530 1353 1582 ἀπὸ
1378 1528 1624 1600 γλώττης
1664 1529 1994 1601 καλαμίνης,

409 1620 505 1671 καὶ
538 1618 726 1673 αὐλεῖν
754 1619 966 1688 ἀλόγως
1008 1623 1205 1693 τέχνην
1253 1624 1617 1693 ποιουμένης,
1649 1623 1870 1691 γλῶσσα
1899 1622 1994 1676 τοῦ

409 1707 753 1776 Πνεύματος,
787 1711 881 1764 καὶ
908 1711 1007 1781 τῆς
1036 1712 1177 1782 ὑπὲρ
1200 1713 1357 1781 λόγον
1390 1714 1582 1782 σοφίας
1621 1715 1714 1768 καὶ
1740 1714 1996 1782 γνώσεως

408 1798 645 1870 ὄργανον
672 1818 686 1831 ο
720 1804 783 1854 ἐκ
818 1804 1105 1874 μειρακίου
1151 1805 1658 1877 μυκτηριζομένου,
1688 1807 1994 1877 στρατηγὸς

2094 608 2378 661 emittente
2411 603 2623 658 radios.
2647 601 2713 656 Et
2747 606 3030 655 sermones
3070 599 3162 654 hic
3185 598 3420 668 intelligi
3445 606 3688 666 possent

2094 701 2188 756 Dei
2224 700 2477 753 humanae
2512 692 3003 751 condescendentis
3051 691 3358 745 inlirmitati
3407 699 3461 745 et
3508 691 3561 744 in
3600 706 3686 745 ra-

2103 796 2284 850 tiones
2316 802 2369 847 et
2393 790 2661 862 judicium
2687 803 2746 843 se
2771 788 3083 841 statuentis.
3116 784 3357 849 Etenim,
3384 785 3495 838 ait:
3525 803 3542 835 ‹
3581 782 3688 839 Ve-

2103 889 2220 943 nite
2246 897 2302 942 et
2329 884 2727 941 contendamus
2757 880 2945 941 simul,
2971 878 3047 931 ait
3083 876 3348 932 Dominus
3374 876 3418 932 δ.
3449 896 3468 929 ι
3503 878 3688 947 lnqni-

2097 981 2298 1036 sitione
2336 986 2517 1033 autem
2563 975 2705 1029 facta
2738 989 2804 1027 ex
2856 971 3109 1041 opposito
3148 970 3216 1025 de
3261 970 3424 1025 donis
3479 971 3685 1041 quibus

2098 1072 2301 1127 fruitus
2334 1079 2419 1124 est
2465 1075 2520 1123 et
2566 1064 2847 1121 beneficiis
2901 1062 3071 1116 David
3119 1071 3173 1115 et
3215 1061 3282 1115 de
3319 1061 3387 1116 iis
3423 1062 3490 1115 ad
3544 1078 3687 1133 quos

2098 1165 2286 1233 lapsus
2313 1170 2398 1216 est
2421 1159 2734 1230 illegitimos
2765 1169 2921 1211 actus
2960 1172 2974 1208 :
3026 1168 3055 1209 a
3092 1154 3275 1224 lingua
3305 1154 3503 1209 calami
3533 1164 3589 1210 ct
3622 1155 3689 1210 ti-

2098 1261 2215 1315 bias
2246 1257 2441 1313 inﬂare
2478 1256 2675 1311 inscite
2701 1262 2875 1308 artem
2904 1252 3008 1307 sibi
3043 1252 3300 1321 fingente,
3338 1250 3527 1321 lingua
3581 1252 3691 1321 spi-

2097 1354 2236 1409 ritus
2261 1362 2316 1407 et
2346 1349 2626 1421 sapientiae
2656 1362 2822 1417 supra
2852 1355 3071 1415 captum
3103 1345 3333 1400 rationis
3360 1356 3415 1399 et
3444 1345 3691 1400 scientiae

2098 1458 2408 1514 organum;
2451 1458 2517 1495 ex
2552 1437 2965 1493 adolescentulo
3018 1435 3243 1490 irrisore
3278 1435 3390 1488 dux
3433 1433 3691 1495 fortuitus

2098 1537 2225 1591 belli
2258 1544 2313 1590 et
2344 1536 2508 1589 totius
2530 1532 2692 1593 aciei.
2725 1539 2781 1585 et
2825 1530 2977 1585 solus
3007 1539 3062 1584 et
3102 1529 3311 1598 absque
3348 1529 3469 1583 telis
3499 1538 3552 1584 et
3598 1545 3688 1583 ar-

2097 1631 2203 1684 mis
2226 1640 2279 1683 et
2329 1628 2541 1696 reliquo
2577 1632 2843 1694 apparatu
2874 1632 2928 1676 et
2957 1620 3296 1691 experientia
3346 1620 3689 1687 certaminis,

2098 1730 2389 1790 reportans
2420 1716 2713 1772 victoriam
2760 1722 2813 1768 et
2845 1713 3088 1767 hostium
3129 1710 3389 1779 frangens
3437 1709 3691 1765 domina-

2100 1816 2325 1878 tionem,
2358 1828 2424 1866 ex
2448 1826 2511 1865 ea
2538 1824 2661 1880 quae
2684 1815 2768 1861 est
2796 1808 2895 1860 sub
2949 1804 3041 1859 dio
3074 1802 3319 1867 miseria,
3376 1801 3693 1873 duplicibus

411 1893 757 1962 αὐτοσχέδιος
790 1893 886 1946 τοῦ
920 1896 1161 1966 πολέμου
1203 1899 1297 1951 καὶ
1325 1898 1427 1966 τῆς
1466 1900 1595 1969 ὅλης
1637 1901 1995 1972 παρατάξεως

2100 1914 2153 1959 ct
2183 1902 2492 1974 triplicibus
2524 1879 2683 1955 tectis
2720 1898 3014 1953 domorum
3054 1894 3375 1965 splendores
3415 1902 3471 1948 et
3501 1895 3689 1964 splen-

411 1986 507 2037 καὶ
541 1985 702 2055 μόνος
737 1989 832 2039 καὶ
861 1988 1029 2057 χωρὶς
1062 1988 1234 2058 βελῶν
1286 1991 1383 2044 καὶ
1418 1992 1599 2046 ὃπλων
1646 1993 1742 2045 καὶ
1776 1994 1870 2063 τῆς
1903 1994 1993 2048 ἄλο

410 2077 510 2147 λης
538 2082 900 2150 παρασκευῆς
947 2082 1040 2135 καὶ
1091 2084 1384 2155 ἐμπειρίας
1437 2086 1531 2138 τοῦ
1583 2087 1996 2156 ἀγωνίσματος,

410 2170 829 2242 τροπαιοφορῶν
883 2172 984 2243 τὴν
1028 2172 1210 2245 νίκην,
1254 2176 1350 2229 καὶ
1385 2176 1486 2245 τὴν
1526 2175 1736 2246 ἐχθρῶν
1769 2174 1999 2230 ἀναδού-

414 2279 575 2331 μενος
596 2264 985 2335 ἐπικράτειανσ
1024 2266 1083 2331 ἐξ
1132 2268 1400 2338 ὑπαίθρου
1435 2270 1835 2340 ταλαιπωρίας,
1868 2269 1998 2324 διω-

414 2353 593 2425 ρόξων
622 2356 717 2408 καὶ
756 2358 1079 2427 τριωρόφων
1112 2359 1277 2412 οἴκων
1319 2361 1701 2433 λαμπρότητες
1731 2363 1825 2416 καὶ
1854 2363 1999 2433 λαμ-

410 2446 676 2516 πρότεραι
728 2448 1032 2519 διαγωγαὶ,
1082 2453 1176 2505 καὶ
1217 2452 1532 2522 ὑπωρόφιος
1593 2456 1689 2509 καὶ⁸
1732 2455 1997 2526 τρυφῶσα

410 2536 627 2591 δίαιτα·
660 2540 757 2593 καὶ
795 2542 1005 2595 πολλῶν
1034 2544 1243 2597 πόλεων
1263 2546 1291 2597 ὁ
1314 2549 1596 2616 κωμήτης,
1624 2548 1843 2619 κύριος·
1875 2550 1998 2602 ἀντὶ

413 2632 731 2701 ποιμενικοῦ
750 2635 1007 2688 καδίσκου
1026 2638 1115 2689 καὶ
1140 2639 1340 2709 πήρας,
1368 2640 1643 2711 σκῆπτρον
1660 2641 1717 2693 ἐν
1744 2644 1806 2710 τῇ
1832 2641 1995 2710 χειρὶ,

412 2725 505 2776 καὶ
533 2725 660 2795 περὶ
686 2725 782 2797 τὴν
807 2730 1050 2801 κεφαλὴν
1092 2732 1343 2802 στροφίον
1378 2731 1654 2802 βασιλείας
1675 2750 1687 2764 ·
1713 2733 1772 2798 ἐξ
1794 2733 1999 2802 ἀγέλης

413 2812 778 2893 βοσκημάτων
808 2819 902 2870 καὶ
937 2820 1196 2891 σύριγγος
1223 2811 1316 2876 κάι
1367 2824 1439 2892 τῷ
1467 2825 1583 2894 ἤχῳ
1616 2824 1991 2894 κατακηλοῦν-

408 2926 501 2972 τος
530 2910 713 2964 αὑτῶν
742 2911 812 2965 τά
846 2907 985 2979 ὦτα,
1021 2916 1401 2986 χρησμολόγος
1421 2917 1531 2969 τῶν
1558 2918 1698 2987 ὑπὲρ
1721 2918 1877 2985 λόγον
1906 2916 1997 2987 ἕρ-

1751 3008 1774 3029 P
1840 3009 1955 3029 ,’\,'

408 3018 522 3071 γων
566 3006 661 3058 καὶ
714 3007 1053 3078 προφητείας
1104 3008 1283 3078 βρύων
1328 3009 1684 3078 χαρίσματα*
1717 3008 1776 3072 ἐξ
1816 3009 1997 3063 αὐλῶν

2099 1994 2314 2050 didiora
2348 1990 2679 2054 habitacula,
2708 1998 2761 2044 et
2792 1988 2894 2043 sub
2929 1994 3073 2042 tecto
3119 1995 3173 2040 et
3207 1986 3421 2041 deliciis
3459 1985 3692 2041 aﬂlueus

2103 2087 2306 2150 victus,
2339 2094 2393 2138 ct
2418 2084 2709 2137 multarum
2750 2081 2966 2135 urbium
3005 2095 3069 2135 ex
3118 2095 3253 2150 pago
3278 2079 3568 2147 oriundus,
3600 2079 3692 2134 do-

2099 2178 2321 2243 minus;
2354 2191 2455 2247 pro
2482 2174 2743 2245 pastorali
2779 2174 2985 2228 doliolo
3015 2185 3069 2227 et
3106 2188 3260 2243 pera,
3298 2180 3577 2244 seeptrum
3634 2174 3690 2228 in

2100 2285 2286 2333 manu,
2336 2276 2393 2323 et
2448 2268 2655 2323 circum
2713 2274 2878 2332 caput
2921 2266 3175 2320 diadema
3235 2265 3423 2337 regni;
3455 2281 3487 2320 e
3532 2280 3693 2335 grege

2104 2363 2271 2418 boum
2287 2369 2343 2418 et
2364 2361 2492 2415 tibia
2520 2371 2573 2415 et
2592 2359 2778 2414 sonitu
2804 2358 3076 2412 mulcente
3108 2372 3298 2412 eorum
3333 2372 3517 2421 aures,
3541 2369 3691 2412 Vates

2104 2470 2295 2511 eorum
2325 2469 2448 2525 qua:
2486 2469 2652 2523 supra
2688 2466 2998 2506 sermonem
3025 2459 3155 2506 sunt
3186 2466 3414 2520 operum
3462 2460 3515 2504 et
3568 2466 3692 2519 pro-

2104 2543 2301 2613 phetiaa
2333 2541 2551 2596 eﬂluerc
2588 2541 2797 2595 faciens
2826 2541 3201 2607 charismata;
3243 2557 3308 2595 ca
3339 2540 3565 2595 sedibus
3602 2540 3689 2593 in-

2104 2636 2271 2691 certis
2292 2644 2346 2691 et
2376 2652 2508 2691 cura
2531 2650 2798 2705 agnorum
2830 2641 2884 2687 et
2912 2634 3053 2704 pelle
3072 2632 3279 2688 ferente
3301 2634 3690 2704 corpusculum

2106 2730 2293 2783 labore
2350 2736 2655 2798 gravatum,
2713 2728 2940 2781 thronus
2998 2728 3181 2796 regius
3238 2736 3293 2780 et
3343 2742 3586 2796 purpura
3637 2733 3692 2779 rt

2107 2822 2336 2877 hastarii
2370 2830 2424 2876 et
2458 2834 2695 2884 corona;
2738 2828 2798 2874 ut
2831 2820 2998 2873 verbo
3019 2819 3221 2882 dicam,
3251 2833 3317 2871 ex
3353 2817 3521 2872 idiota
3562 2832 3694 2886 pro-

2106 2915 2266 2985 pheta
2295 2922 2348 2969 et
2381 2930 2476 2969 rex
2500 2929 2565 2968 ex
2597 2913 2825 2983 fugitivo
2857 2920 2912 2966 et
2933 2919 3126 2966 contra
3173 2919 3361 2965 hostes
3404 2909 3694 2965 victoriam

2106 3019 2437 3064 consecutus
2460 3008 2668 3077 absque
2699 3023 2904 3078 pugna.

406 3100 658 3167 νομάὶων
685 3076 778 3152 καί
810 3076 1470 3172 θεραπείας-θρεμμάτῶν
1495 3076 1590 3155 καὶ
1626 3103 1898 3172 σκυτάλης
1948 3100 2251 3173 ἀνεχούσης
2290 3102 2351 3153 τὸ
2381 3076 2659 3169 σωμάτιον
2701 3076 2866 3169 ⁷κόπῳ
2923 3096 3314 3168 βαρυνόμενον,
3356 3076 3545 3161 θρόνος
3598 3092 3694 3163 βα-

408 3194 611 3258 σίλεεος
658 3196 752 3249 καὶ
799 3195 1057 3267 πορφύρα
1106 3202 1199 3253 καὶ
1240 3200 1535 3274 δορυφόροι
1568 3200 1661 3253 καὶ
1698 3198 1961 3267 στέφανος
1989 3212 2003 3226 ·
2046 3195 2319 3249 συνελόντι
2386 3195 2575 3263 φάναι,
2602 3193 2662 3259 ἐξ
2725 3192 2939 3247 ίδιώτου
2976 3191 3287 3262 προφήτης,
3313 3190 3408 3242 καὶ
3443 3179 3697 3259 βασιλεὺς

405 3291 472 3357 ἐκ
507 3291 766 3359 φυγάδος,
800 3292 895 3344 καὶ
925 3292 984 3345 τὸ
1020 3294 1142 3347 κατ’
1172 3295 1384 3366 ἐχθρῶν
1420 3295 1621 3366 κράτος
1675 3290 2202 3362 συγκληρωσάμενος
2235 3288 2466 3357 ἄμαχον.

480 3473 560 3528 Τά
597 3472 697 3542 μὲν
724 3471 818 3526 οὖν
851 3472 972 3527 θεῖα
1014 3476 1143 3547 περὶ
1182 3476 1272 3529 τὸν
1316 3476 1501 3541 Δαϐὶδ,
1527 3475 1721 3541 ταῦτα,
1754 3474 1849 3528 καὶ
1874 3472 2003 3527 πολ-
2032 3475 2078 3540 (Ζ

409 3568 486 3640 λῷ
515 3569 740 3621 πλείονα
769 3568 837 3622 τά
863 3568 1185 3640 λειπόμενα.
1212 3571 1292 3623 Τά
1318 3571 1374 3623 δὲ
1407 3571 1506 3641 τῆς
1536 3572 1680 3641 ἐμῆς
1717 3568 1997 3631 ἀσθενείας

410 3658 629 3721 καὶτοῦ
670 3660 856 3725 Δαϐὶδ,
892 3663 1149 3731 γυναικὸς
1208 3666 1431 3735 ἡττᾶτο,
1478 3661 1571 3717 τοῦ
1625 3662 1864 3731 πολέμου
1901 3661 1998 3714 λα-

410 3753 521 3807 ϐῶν
552 3757 843 3825 ἐπίκουρον
892 3758 1103 3831 ἐρωτα’
1138 3760 1356 3830 μοιχεία
1402 3760 1498 3813 καὶ
1548 3760 1709 3829 φόνος
1732 3760 1874 3812 κατὰ
1903 3758 1996 3812 τοῦ

416 3852 683 3929 μεγέθους
713 3852 972 3927 ἐχόρευον
1002 3852 1111 3906 τῶν
1147 3853 1458 3923 εὐεργετῶν
1482 3869 1495 3883 ·
1533 3852 1755 3923 ὕϐριζεν
1786 3854 1818 3923 η
1860 3852 1997 3922 σάρξ

409 3950 473 4015 ea
508 3947 746 4019 πνεῦμα,
780 3947 877 4002 καὶ
909 3946 1176 4016 ἐπιθυμία
1209 3946 1450 4016 ἄθεσμος
1490 3950 1603 4011 τοῖς
1638 3948 1747 3999 τῶν
1779 3946 1998 4016 δωρεῶν

407 4045 745 4114 χαρίσμασιν
804 4039 1156 4109 ἐπεκώμαζε,
1204 4046 1299 4094 καὶ
1342 4041 1487 4094 πόσα
1512 4039 1768 4093 τοιαῦταί
1804 4042 1831 4091 ὁ
1866 4058 1999 4110 προ-

406 4136 587 4206 φήτης
621 4134 717 4188 καὶ
748 4134 1022 4203 βασιλεὺς,
1055 4132 1323 4202 κάπηλος,
1376 4132 1475 4189 οὐκ
1514 4127 1658 4185 οἶνον
1704 4131 1857 4184 ὕδατι
1900 4149 1995 4186 κε-

410 4224 631 4296 ραννὺς,
660 4223 797 4276 ἀλλὰ
818 4223 917 4286 τάς
941 4223 1081 4294 ὑπὲρ
1100 4222 1258 4291 λόγον
1278 4222 1486 4291 δωρεάς
1511 4224 1876 4291 καταμιγνὺς,
1903 4222 1999 4275 καὶ

408 4315 745 4387 κιϐδηλεύων
777 4319 890 4378 τοῖς
916 4315 1015 4385 τῆς
1044 4316 1248 4387 σαρκὸς
1268 4316 1464 4368 πάθεσι
1488 4317 1581 4367 καὶ
1606 4317 1995 4385 σκιρτήμασιν.

422 4407 512 4458 ἰεἰν
533 4405 744 4470 τούτοις
779 4407 873 4460 καὶ
906 4408 1020 4469 τοῖς
1057 4406 1323 4470 τοιούτοις
1368 4406 1548 4473 λόγοις
1578 4409 1605 4459 ὁ
1630 4406 1768 4469 Θεὸς
1814 4406 1998 4475 κρινό-

412 4494 573 4563 μενός
595 4511 655 4546 τε
688 4493 785 4546 καὶ
811 4492 1317 4564 δικαιολογούμενος
1348 4496 1482 4565 πρὸς
1530 4495 1624 4547 τὸν
1667 4496 1832 4553 Δαϐὶδ
1856 4538 1869 4562 ,
1909 4492 1997 4564 ἆρ’

408 4585 558 4637 ἔστιν
584 4587 761 4639 εἰπεῖν
785 4588 864 4650 είς
904 4587 1029 4642 ὅσον
1071 4587 1149 4658 τῷ
1172 4589 1364 4661 δικαίῳ
1410 4590 1736 4661 ὑπερέϐαλε,
1780 4591 1997 4660 καὶτῆς

410 4678 576 4731 αὑτοῦ
608 4680 955 4750 παρέστησεν
984 4680 1125 4749 ἀγαο
1138 4682 1323 4751 ότητος
1347 4683 1407 4736 τὸ
1435 4683 1867 4754 ἀνυπέρϐλητον,
1899 4685 1996 4756 μά-

407 4770 568 4836 λιστα
596 4771 651 4825 δὲ
681 4773 818 4842 μηδὲ
848 4774 1145 4845 τιμωρίαις
1186 4776 1413 4843 ὑπάγων
1445 4777 1535 4830 τὸν
1565 4778 1689 4831 ἀντὶ
1725 4777 1995 4831 τοσούτων

408 4862 631 4929 ἀγαθῶν
694 4868 887 4927 κακοῖς
935 4866 1343 4939 άμειψάμενον;
1389 4869 1727 4940 ὑπετέμνετο
1768 4870 1878 4942 γάρ
1929 4872 1996 4924 ἂν

406 4954 581 5019 οὕτως
609 4956 669 5008 τὸ
699 4958 908 5023 ἄφατον
939 4957 1086 5023 ἕλεος
1108 4959 1200 5013 τοῦ
1233 4960 1367 5014 Θεοῦ
1394 4962 1485 5015 καὶ
1519 4963 1578 5014 τ’)
1601 4964 1656 5015 ἐν
1684 4964 1830 5035 αὑτῷ
1859 4963 1997 5033 λαμ-

336 5102 341 5106 ,
408 5045 548 5115 πρὸν
597 5046 692 5099 καὶ
736 5049 838 5101 οὑκ
881 5049 1002 5120 ἔχον
1043 5051 1414 5120 ἀπαγγέλλειν
1446 5054 1604 5121 λόγον
1630 5053 1692 5107 τὸ
1721 5055 1991 5125 μέγεθοςο

403 5140 648 5213 τιμωρία
679 5143 789 5213 γάρ
826 5144 919 5196 καὶ
945 5143 1167 5198 κολάσει
1197 5148 1224 5199 ὁ
1254 5147 1583 5218 ἠδικημένος
1621 5149 1992 5219 ζημιούμενος

403 5231 474 5284 τά
507 5234 678 5286 πολλὰ
710 5235 820 5289 τῶν
862 5236 1197 5308 ὀφλημάτων
1248 5240 1373 5309 ἄγει
1420 5242 1557 5313 πρὸς
1603 5243 1866 5297 διάλυσιν.
1914 5245 1997 5297 Τά

401 5329 587 5381 τοίνυν
621 5329 883 5386 Δαυῖδικά
911 5331 1012 5403 τῆς
1069 5335 1358 5404 μετανοίας
1410 5337 1504 5390 καὶ
1554 5337 1996 5408 ἐξομολογήσεως

408 5424 634 5493 ῥήματα
668 5426 762 5480 καὶ
790 5426 900 5480 τῶν
941 5428 1338 5499 παραπλησίων
1368 5430 1598 5483 ἕκαστον
1626 5432 1657 5500 ή
1695 5431 1804 5484 τῶν
1834 5431 1995 5501 ἱερῶν

404 5516 617 5583 Λογίων
652 5519 909 5590 συνήθεια
963 5520 1024 5574 τὸ
1071 5524 1288 5586 πάντως
1319 5523 1733 5594 ἀποϐησόμενον
1778 5541 1996 5596 προμη-

405 5611 633 5675 νύουσα,
686 5613 1066 5683 αίτιολογικῶς
1115 5615 1475 5683 ἀπαγγέλλει,
1536 5617 1629 5669 καὶ
1659 5617 1992 5670 διατυποῦσα

402 5699 485 5772 τῷ
515 5702 755 5774 σχήματι
784 5706 845 5760 τὸ
880 5708 1144 5777 συγγενὲς
1174 5707 1269 5761 τοῦ
1295 5707 1593 5773 ἀκωλύτως
1618 5708 1992 5784 ἐκϐησόμενον

473 5886 501 5937 ἴ
528 5882 630 5940 lea.
669 5900 705 5953 ι,
734 5885 819 5941 i3.

2021 4822 2075 4881 D

2178 3471 2349 3542 Igitur
2378 3469 2560 3524 divina
2595 3468 2741 3524 circa
2786 3467 2977 3533 David,
3015 3467 3163 3531 talia,
3187 3474 3242 3520 et
3279 3463 3453 3520 multo
3484 3462 3697 3533 majora

2100 3563 2488 3635 praetermissa.
2524 3560 2655 3628 Qum
2680 3570 2861 3615 autem
2890 3574 3026 3613 meae
3048 3557 3387 3612 infirmitatis
3412 3562 3466 3610 et
3502 3555 3695 3623 David,

2100 3672 2130 3710 a
2157 3655 2387 3710 muliere
2415 3654 2593 3709 victus
2634 3660 2739 3717 est,
2770 3652 2893 3705 belli
2925 3658 3212 3718 assumpto
3265 3648 3414 3703 socio
3446 3662 3632 3702 amore
3673 3664 3689 3701 :

2100 3747 2427 3802 adulterium
2483 3754 2536 3799 ct
2581 3743 2939 3799 homicidium
3000 3751 3193 3797 contra
3249 3738 3689 3809 magnitudinem

2101 3840 2440 3894 incesserunt
2475 3838 2610 3893 bene
2649 3836 2942 3893 fat-torum.
2977 3834 3184 3904 lnjuria
3209 3831 3391 3887 aﬂ‘ecit
3424 3848 3554 3887 caro
3579 3832 3699 3901 spi-

2100 3931 2287 3995 ritum,
2324 3938 2377 3984 et
2402 3929 2849 3999 concupiscentia
2881 3927 3161 3998 illcgitima
3216 3925 3485 3980 donorum
3514 3924 3697 3979 chari-

2101 4024 2370 4079 smatibus
2401 4024 2595 4087 illusit,
2623 4033 2679 4078 ct
2709 4038 2957 4092 quaenam
3008 4022 3141 4077 illa?
3183 4021 3451 4091 Propheta
3495 4029 3549 4074 et
3578 4034 3695 4081 rex,

2100 4132 2293 4185 caupo,
2322 4132 2430 4169 non
2454 4115 2641 4169 vinum
2673 4130 2830 4184 aqua:
2864 4114 3125 4179 miscens,
3154 4112 3249 4167 sed
3281 4128 3344 4166 ea
3378 4127 3499 4181 quae
3521 4126 3691 4179 supra

2100 4222 2408 4265 sermonem
2442 4215 2572 4261 sunt
2611 4206 2752 4259 dona
2783 4206 3024 4259 miscens
3048 4213 3102 4259 et
3148 4203 3465 4258 adulterans
3502 4203 3693 4263 carnis

2099 4301 2451 4374 passionibus
2483 4310 2537 4355 et
2575 4300 2900 4356 assultibus.
2932 4297 2988 4353 In
3017 4298 3104 4353 his
3133 4305 3188 4353 et
3223 4298 3427 4353 talibus
3474 4312 3689 4353 sermo-

2102 4398 2263 4454 nibus
2291 4395 2436 4451 Deus
2467 4394 2744 4465 judicatus
2794 4403 2848 4449 et
2891 4392 3226 4464 justiﬁcatus
3268 4392 3449 4460 quoad
3494 4390 3685 4445 David.

2101 4491 2257 4545 (terte
2310 4495 2396 4542 est
2455 4486 2636 4540 dicere
2690 4486 2743 4539 in
2819 4492 3087 4555 quantum
3173 4483 3388 4554 justitia
3459 4497 3690 4549 supera-

2099 4583 2286 4650 verit,
2375 4590 2430 4638 et
2519 4595 2633 4635 sum
2723 4578 3028 4634 ostenderit
3146 4576 3405 4632 bonitatis
3512 4574 3693 4630 excel—

2100 4676 2321 4732 lentiam
2348 4716 2364 4742 ,
2419 4672 2718 4743 praesertim
2776 4686 2884 4725 non
2932 4670 3188 4724 vindicue
3227 4668 3527 4739 subjiciens
3562 4683 3691 4725 eum

2101 4771 2196 4842 qui
2247 4784 2348 4839 pro
2400 4767 2569 4823 tantis
2630 4764 2790 4820 bonis
2858 4763 2998 4818 mala
3051 4761 3316 4832 rependit.
3383 4761 3477 4815 Sic
3544 4762 3691 4815 enim

2105 4863 2357 4917 subsecta
2398 4859 2589 4914 fuisset
2616 4856 2907 4911 ineiIabilis
2932 4855 3308 4910 misericordia
3343 4855 3434 4909 Dei
3464 4855 3690 4924 etquod

2104 4956 2157 5011 iu
2192 4969 2254 5008 ca
2281 4953 2572 5023 splendens
2616 4964 2794 5020 neque
2812 4963 3121 5003 sermonem
3167 4947 3378 5002 habens
3424 4948 3490 5001 ad
3530 4962 3693 5002 enar-

2102 5048 2331 5103 randam
2375 5046 2495 5116 ejus
2551 5042 2980 5116 magnitudinem
3006 5058 3022 5109 ;
3048 5041 3290 5096 vindicta
3324 5040 3468 5096 enim
3509 5049 3563 5095 et
3597 5056 3694 5097 ca-

2099 5142 2391 5213 stigatione
2423 5140 2470 5194 is
2495 5139 2587 5210 qui
2618 5139 2818 5208 injuste
2840 5138 3041 5191 damno
3067 5135 3296 5190 aﬂ‘ectus
3326 5143 3409 5190 est
3431 5134 3693 5204 pleraque

2100 5236 2420 5289 delictorum
2451 5232 2719 5288 dissolvit.
2756 5230 3012 5284 Davidira
3061 5228 3228 5299 igitur
3272 5227 3607 5297 poenitentia:
3635 5235 3691 5281 et

2100 5326 2465 5381 confessionis
2519 5325 2683 5378 verba
2725 5331 2780 5377 et
2816 5321 3079 5375 similium
3126 5319 3359 5388 quodvis
3405 5331 3688 5373 sacrorum

2099 5420 2457 5490 Eloquiorum
2498 5433 2622 5473 mos
2673 5417 2902 5470 omnino
2932 5422 3259 5470 eventurum
3297 5410 3686 5482 prazindicans,

2099 5514 2398 5587 aetiologice
2457 5512 2708 5568 enuntiat
2755 5521 2807 5565 et
2854 5508 3115 5579 efﬁngens
3176 5506 3363 5561 habitu
3425 5504 3475 5559 id
3539 5503 3688 5572 quod

2100 5609 2355 5667 aﬂineest
2399 5608 2517 5677 eius
2572 5604 2719 5677 quod
2772 5601 3196 5658 ineluctabiliter
3234 5607 3557 5654 eventurum
3604 5609 3692 5649 co-

2104 5723 2218 5765 ram
2272 5706 2434 5763 sistit.
2497 5703 2601 5771 Qui
2671 5699 2837 5775 igitur
2905 5695 3260 5767 Eloquiorum
3310 5683 3688 5765 [sacrorum]
