  <div class='ocr_page' id='page_1' title='image "/cluster/home/n/w/nwhite01/storage/ocr_20150623/101:no.1/coo.31924054870054/227.png"; bbox 0 0 4144 6430; ppageno 0'>
   <div class='ocr_carea' id='block_1_1' title="bbox 411 361 517 430">
    <p class='ocr_par' dir='ltr' id='par_1_1' title="bbox 411 361 517 430">
     <span class='ocr_line' id='line_1_1' title="bbox 411 361 517 430; baseline 0.019 -3"><span class='ocrx_word' id='word_1_1' title='bbox 411 361 517 430; x_wconf 67' lang='grc'><strong>403</strong></span> 
     </span>
    </p>
   </div>
   <div class='ocr_carea' id='block_1_2' title="bbox 1576 365 2534 431">
    <p class='ocr_par' dir='ltr' id='par_1_2' title="bbox 1576 365 2534 431">
     <span class='ocr_line' id='line_1_2' title="bbox 1576 365 2534 431; baseline -0.002 -1"><span class='ocrx_word' id='word_1_2' title='bbox 1576 365 1845 431; x_wconf 84' lang='lat' dir='ltr'><strong>PHOTII</strong></span> <span class='ocrx_word' id='word_1_3' title='bbox 1877 366 2322 429; x_wconf 80' lang='lat' dir='ltr'><strong>PATRIARCII</strong></span> <span class='ocrx_word' id='word_1_4' title='bbox 2353 366 2393 426; x_wconf 81' lang='grc' dir='ltr'>Ε</span> <span class='ocrx_word' id='word_1_5' title='bbox 2423 368 2534 428; x_wconf 77' lang='lat' dir='ltr'><strong>GP.</strong></span> 
     </span>
    </p>
   </div>
   <div class='ocr_carea' id='block_1_3' title="bbox 3596 357 3704 424">
    <p class='ocr_par' dir='ltr' id='par_1_3' title="bbox 3596 357 3704 424">
     <span class='ocr_line' id='line_1_3' title="bbox 3596 357 3704 424; baseline 0 -2"><span class='ocrx_word' id='word_1_6' title='bbox 3596 357 3704 424; x_wconf 69' lang='grc'><strong>404</strong></span> 
     </span>
    </p>
   </div>
   <div class='ocr_carea' id='block_1_4' title="bbox 404 473 2038 556">
    <p class='ocr_par' dir='ltr' id='par_1_4' title="bbox 404 484 2038 556">
     <span class='ocr_line' id='line_1_4' title="bbox 404 484 2038 556; baseline -0.002 -15"><span class='ocrx_word' id='word_1_7' title='bbox 404 499 616 542; x_wconf 89' lang='lat' dir='ltr'><strong>morem</strong></span> <span class='ocrx_word' id='word_1_8' title='bbox 656 493 712 540; x_wconf 88' lang='lat' dir='ltr'><strong>et</strong></span> <span class='ocrx_word' id='word_1_9' title='bbox 737 499 1006 552; x_wconf 79' lang='lat' dir='ltr'><strong>canonem</strong></span> <span class='ocrx_word' id='word_1_10' title='bbox 1034 484 1410 556; x_wconf 84' lang='lat' dir='ltr'><strong>intelligentiae</strong></span> <span class='ocrx_word' id='word_1_11' title='bbox 1437 495 1588 542; x_wconf 89' lang='lat' dir='ltr'><strong>recta</strong></span> <span class='ocrx_word' id='word_1_12' title='bbox 1619 484 1998 556; x_wconf 80' lang='lat' dir='ltr'><strong>prosequitur,</strong></span> <span class='ocrx_word' id='word_1_13' title='bbox 2029 530 2038 545; x_wconf 38' lang='grc' dir='ltr'><em>Α</em></span> 
     </span>
    </p>
   </div>
   <div class='ocr_carea' id='block_1_5' title="bbox 2142 473 3704 556">
    <p class='ocr_par' dir='ltr' id='par_1_5' title="bbox 2142 473 3704 553">
     <span class='ocr_line' id='line_1_5' title="bbox 2142 473 3704 553; baseline -0.004 -19"><span class='ocrx_word' id='word_1_14' title='bbox 2142 481 2444 553; x_wconf 74' lang='grc' dir='ltr'><strong>παρίστησιν</strong></span> <span class='ocrx_word' id='word_1_15' title='bbox 2465 499 2478 510; x_wconf 87' lang='grc'><strong>·</strong></span> <span class='ocrx_word' id='word_1_16' title='bbox 2511 482 2541 534; x_wconf 89' lang='grc' dir='ltr'><strong>ό</strong></span> <span class='ocrx_word' id='word_1_17' title='bbox 2561 478 2740 533; x_wconf 79' lang='grc' dir='ltr'>τοίνυν</span> <span class='ocrx_word' id='word_1_18' title='bbox 2763 479 2842 546; x_wconf 83' lang='grc' dir='ltr'>τῷ</span> <span class='ocrx_word' id='word_1_19' title='bbox 2875 478 2984 532; x_wconf 86' lang='grc' dir='ltr'><strong>τῶν</strong></span> <span class='ocrx_word' id='word_1_20' title='bbox 3006 477 3219 548; x_wconf 84' lang='grc' dir='ltr'>Δογίων</span> <span class='ocrx_word' id='word_1_21' title='bbox 3237 476 3348 530; x_wconf 74' lang='grc' dir='ltr'>ἔθει</span> <span class='ocrx_word' id='word_1_22' title='bbox 3379 473 3472 530; x_wconf 74' lang='grc' dir='ltr'>καὶ</span> <span class='ocrx_word' id='word_1_23' title='bbox 3494 473 3573 544; x_wconf 78' lang='grc' dir='ltr'><strong>τῷ</strong></span> <span class='ocrx_word' id='word_1_24' title='bbox 3600 492 3704 528; x_wconf 83' lang='grc' dir='ltr'>κα·</span> 
     </span>
    </p>
   </div>
   <div class='ocr_carea' id='block_1_6' title="bbox 406 576 2003 649">
    <p class='ocr_par' dir='ltr' id='par_1_6' title="bbox 406 576 2003 649">
     <span class='ocr_line' id='line_1_6' title="bbox 406 576 2003 649; baseline -0.001 -17"><span class='ocrx_word' id='word_1_25' title='bbox 406 586 699 648; x_wconf 85' lang='lat' dir='ltr'><strong>postquam</strong></span> <span class='ocrx_word' id='word_1_26' title='bbox 730 576 833 648; x_wconf 89' lang='lat' dir='ltr'><strong>ipsi</strong></span> <span class='ocrx_word' id='word_1_27' title='bbox 859 579 1164 634; x_wconf 87' lang='lat' dir='ltr'><strong>occurrerit</strong></span> <span class='ocrx_word' id='word_1_28' title='bbox 1188 593 1415 635; x_wconf 79' lang='lat' dir='ltr'><strong>causam</strong></span> <span class='ocrx_word' id='word_1_29' title='bbox 1449 578 1777 649; x_wconf 84' lang='lat' dir='ltr'><strong>allegantem</strong></span> <span class='ocrx_word' id='word_1_30' title='bbox 1809 587 2003 647; x_wconf 89' lang='lat' dir='ltr'><strong>tropo-</strong></span> 
     </span>
    </p>
   </div>
   <div class='ocr_carea' id='block_1_7' title="bbox 2105 565 3708 644">
    <p class='ocr_par' dir='ltr' id='par_1_7' title="bbox 2105 565 3708 644">
     <span class='ocr_line' id='line_1_7' title="bbox 2105 565 3708 644; baseline -0.004 -16"><span class='ocrx_word' id='word_1_31' title='bbox 2105 573 2218 628; x_wconf 88' lang='grc' dir='ltr'>νόνι</span> <span class='ocrx_word' id='word_1_32' title='bbox 2245 573 2346 644; x_wconf 84' lang='grc' dir='ltr'><strong>τῆς</strong></span> <span class='ocrx_word' id='word_1_33' title='bbox 2379 572 2625 635; x_wconf 83' lang='grc' dir='ltr'><strong>διανοίας</strong></span> <span class='ocrx_word' id='word_1_34' title='bbox 2657 570 3043 641; x_wconf 76' lang='grc' dir='ltr'>εύθυνόμενος,</span> <span class='ocrx_word' id='word_1_35' title='bbox 3093 570 3318 623; x_wconf 84' lang='grc' dir='ltr'>ἐπειδὰν</span> <span class='ocrx_word' id='word_1_36' title='bbox 3358 569 3440 631; x_wconf 84' lang='grc' dir='ltr'><strong>είς</strong></span> <span class='ocrx_word' id='word_1_37' title='bbox 3488 565 3708 638; x_wconf 82' lang='grc' dir='ltr'>ὁμιλίαν</span> 
     </span>
    </p>
   </div>
   <div class='ocr_carea' id='block_1_8' title="bbox 406 659 2038 744">
    <p class='ocr_par' dir='ltr' id='par_1_8' title="bbox 406 669 2004 744">
     <span class='ocr_line' id='line_1_8' title="bbox 406 669 2004 744; baseline -0.002 -18"><span class='ocrx_word' id='word_1_38' title='bbox 406 672 606 744; x_wconf 77' lang='lat' dir='ltr'><strong>logiam</strong></span> <span class='ocrx_word' id='word_1_39' title='bbox 646 686 759 742; x_wconf 63' lang='lat' dir='ltr'><strong>prae</strong></span> <span class='ocrx_word' id='word_1_40' title='bbox 788 688 848 726; x_wconf 89' lang='lat' dir='ltr'><strong>se</strong></span> <span class='ocrx_word' id='word_1_41' title='bbox 874 669 1055 726; x_wconf 80' lang='lat' dir='ltr'><strong>ferens</strong></span> <span class='ocrx_word' id='word_1_42' title='bbox 1079 671 1258 742; x_wconf 89' lang='lat' dir='ltr'><strong>aliqua</strong></span> <span class='ocrx_word' id='word_1_43' title='bbox 1290 671 1616 742; x_wconf 85' lang='lat' dir='ltr'><strong>propositio,</strong></span> <span class='ocrx_word' id='word_1_44' title='bbox 1647 671 2004 726; x_wconf 81' lang='lat' dir='ltr'><strong>manifestum</strong></span> 
     </span>
    </p>
   </div>
   <div class='ocr_carea' id='block_1_9' title="bbox 2142 659 3709 744">
    <p class='ocr_par' dir='ltr' id='par_1_9' title="bbox 2142 659 3709 738">
     <span class='ocr_line' id='line_1_9' title="bbox 2142 659 3709 738; baseline -0.003 -21"><span class='ocrx_word' id='word_1_45' title='bbox 2142 668 2357 738; x_wconf 69' lang='lat' dir='ltr'><strong>,a&#39;caatﬁ</strong></span> <span class='ocrx_word' id='word_1_46' title='bbox 2385 669 2451 737; x_wconf 83' lang='grc' dir='ltr'>τῇ</span> <span class='ocrx_word' id='word_1_47' title='bbox 2477 664 2767 735; x_wconf 77' lang='grc' dir='ltr'>αιτιολόγῳ</span> <span class='ocrx_word' id='word_1_48' title='bbox 2816 663 3148 735; x_wconf 77' lang='grc' dir='ltr'>τροπολογίᾳ</span> <span class='ocrx_word' id='word_1_49' title='bbox 3187 659 3709 731; x_wconf 77' lang='grc' dir='ltr'>κατεσχηματισμέ-</span> 
     </span>
    </p>
   </div>
   <div class='ocr_carea' id='block_1_10' title="bbox 406 749 2038 834">
    <p class='ocr_par' dir='ltr' id='par_1_10' title="bbox 406 763 2008 834">
     <span class='ocr_line' id='line_1_10' title="bbox 406 763 2008 834; baseline -0.001 -16"><span class='ocrx_word' id='word_1_50' title='bbox 406 772 490 819; x_wconf 85' lang='lat' dir='ltr'><strong>est</strong></span> <span class='ocrx_word' id='word_1_51' title='bbox 545 763 758 817; x_wconf 88' lang='lat' dir='ltr'><strong>nullum</strong></span> <span class='ocrx_word' id='word_1_52' title='bbox 810 765 1109 818; x_wconf 83' lang='lat' dir='ltr'><strong>tumultum</strong></span> <span class='ocrx_word' id='word_1_53' title='bbox 1164 780 1343 834; x_wconf 90' lang='lat' dir='ltr'><strong>neque</strong></span> <span class='ocrx_word' id='word_1_54' title='bbox 1399 766 1772 820; x_wconf 84' lang='lat' dir='ltr'><strong>turbationem</strong></span> <span class='ocrx_word' id='word_1_55' title='bbox 1828 777 2008 832; x_wconf 90' lang='lat' dir='ltr'><strong>neque</strong></span> 
     </span>
    </p>
   </div>
   <div class='ocr_carea' id='block_1_11' title="bbox 2142 749 3711 834">
    <p class='ocr_par' dir='ltr' id='par_1_11' title="bbox 2142 749 3711 826">
     <span class='ocr_line' id='line_1_11' title="bbox 2142 749 3711 826; baseline -0.005 -16"><span class='ocrx_word' id='word_1_56' title='bbox 2142 773 2198 810; x_wconf 84' lang='grc' dir='ltr'><strong>ου</strong></span> <span class='ocrx_word' id='word_1_57' title='bbox 2250 755 2399 818; x_wconf 77' lang='grc' dir='ltr'>τινὸς</span> <span class='ocrx_word' id='word_1_58' title='bbox 2452 753 2876 826; x_wconf 82' lang='grc' dir='ltr'>προϐλήματος,</span> <span class='ocrx_word' id='word_1_59' title='bbox 2905 754 3064 824; x_wconf 85' lang='grc' dir='ltr'>δῆλον</span> <span class='ocrx_word' id='word_1_60' title='bbox 3109 752 3186 816; x_wconf 86' lang='grc' dir='ltr'><strong>ὡς</strong></span> <span class='ocrx_word' id='word_1_61' title='bbox 3237 751 3428 804; x_wconf 77' lang='grc' dir='ltr'>οὐδένα</span> <span class='ocrx_word' id='word_1_62' title='bbox 3479 749 3711 822; x_wconf 75' lang='grc' dir='ltr'>θόρυϐον</span> 
     </span>
    </p>
   </div>
   <div class='ocr_carea' id='block_1_12' title="bbox 408 855 2008 927">
    <p class='ocr_par' dir='ltr' id='par_1_12' title="bbox 408 855 2008 927">
     <span class='ocr_line' id='line_1_12' title="bbox 408 855 2008 927; baseline -0.002 -15"><span class='ocrx_word' id='word_1_63' title='bbox 408 855 810 913; x_wconf 87' lang='lat' dir='ltr'><strong>dubitationem</strong></span> <span class='ocrx_word' id='word_1_64' title='bbox 845 857 1088 927; x_wconf 84' lang='lat' dir='ltr'><strong>aliquam</strong></span> <span class='ocrx_word' id='word_1_65' title='bbox 1125 858 1401 912; x_wconf 86' lang='lat' dir='ltr'><strong>rationem</strong></span> <span class='ocrx_word' id='word_1_66' title='bbox 1437 867 1715 913; x_wconf 88' lang='lat' dir='ltr'><strong>tenentem</strong></span> <span class='ocrx_word' id='word_1_67' title='bbox 1757 871 1880 912; x_wconf 85' lang='lat' dir='ltr'><strong>esse</strong></span> <span class='ocrx_word' id='word_1_68' title='bbox 1911 870 2008 911; x_wconf 85' lang='lat' dir='ltr'><strong>su-</strong></span> 
     </span>
    </p>
   </div>
   <div class='ocr_carea' id='block_1_13' title="bbox 409 947 2003 1021">
    <p class='ocr_par' dir='ltr' id='par_1_13' title="bbox 409 947 2003 1021">
     <span class='ocr_line' id='line_1_13' title="bbox 409 947 2003 1021; baseline -0.002 -18"><span class='ocrx_word' id='word_1_69' title='bbox 409 947 693 1016; x_wconf 87' lang='lat' dir='ltr'><strong>biturum;</strong></span> <span class='ocrx_word' id='word_1_70' title='bbox 750 949 846 1005; x_wconf 88' lang='lat' dir='ltr'><strong>sed</strong></span> <span class='ocrx_word' id='word_1_71' title='bbox 895 949 1112 1005; x_wconf 86' lang='lat' dir='ltr'><strong>ratione</strong></span> <span class='ocrx_word' id='word_1_72' title='bbox 1163 951 1497 1006; x_wconf 86' lang='lat' dir='ltr'><strong>eontrahens</strong></span> <span class='ocrx_word' id='word_1_73' title='bbox 1527 950 1714 1021; x_wconf 70' lang='lat' dir='ltr'><strong>ﬁgurze</strong></span> <span class='ocrx_word' id='word_1_74' title='bbox 1756 963 2003 1013; x_wconf 88' lang='lat' dir='ltr'><strong>sensum,</strong></span> 
     </span>
    </p>
   </div>
   <div class='ocr_carea' id='block_1_14' title="bbox 411 1037 2002 1112">
    <p class='ocr_par' dir='ltr' id='par_1_14' title="bbox 411 1037 2002 1112">
     <span class='ocr_line' id='line_1_14' title="bbox 411 1037 2002 1112; baseline -0.002 -17"><span class='ocrx_word' id='word_1_75' title='bbox 411 1057 545 1112; x_wconf 87' lang='lat' dir='ltr'><strong>pure</strong></span> <span class='ocrx_word' id='word_1_76' title='bbox 564 1049 895 1096; x_wconf 87' lang='lat' dir='ltr'><strong>eventurum</strong></span> <span class='ocrx_word' id='word_1_77' title='bbox 928 1041 1173 1108; x_wconf 83' lang='lat' dir='ltr'><strong>videbit;</strong></span> <span class='ocrx_word' id='word_1_78' title='bbox 1204 1041 1362 1112; x_wconf 85' lang='lat' dir='ltr'><strong>cujus</strong></span> <span class='ocrx_word' id='word_1_79' title='bbox 1382 1056 1606 1112; x_wconf 88' lang='lat' dir='ltr'><strong>quoque</strong></span> <span class='ocrx_word' id='word_1_80' title='bbox 1639 1041 1692 1094; x_wconf 91' lang='lat' dir='ltr'><strong>in</strong></span> <span class='ocrx_word' id='word_1_81' title='bbox 1721 1037 2002 1096; x_wconf 83' lang='lat' dir='ltr'><strong>ostensio-</strong></span> 
     </span>
    </p>
   </div>
   <div class='ocr_carea' id='block_1_15' title="bbox 413 1132 1675 1205">
    <p class='ocr_par' dir='ltr' id='par_1_15' title="bbox 413 1132 1675 1205">
     <span class='ocr_line' id='line_1_15' title="bbox 413 1132 1675 1205; baseline 0 -19"><span class='ocrx_word' id='word_1_82' title='bbox 413 1147 539 1187; x_wconf 88' lang='lat' dir='ltr'><strong>nem</strong></span> <span class='ocrx_word' id='word_1_83' title='bbox 569 1133 837 1204; x_wconf 74' lang='lat' dir='ltr'><strong>ﬁguratus</strong></span> <span class='ocrx_word' id='word_1_84' title='bbox 874 1133 1135 1205; x_wconf 86' lang='lat' dir='ltr'><strong>loquendi</strong></span> <span class='ocrx_word' id='word_1_85' title='bbox 1173 1149 1309 1191; x_wconf 90' lang='lat' dir='ltr'><strong>usus</strong></span> <span class='ocrx_word' id='word_1_86' title='bbox 1347 1132 1675 1190; x_wconf 84' lang='lat' dir='ltr'><strong>assumitur.</strong></span> 
     </span>
    </p>
   </div>
   <div class='ocr_carea' id='block_1_16' title="bbox 785 1327 1640 1402">
    <p class='ocr_par' dir='ltr' id='par_1_16' title="bbox 785 1327 1640 1402">
     <span class='ocr_line' id='line_1_16' title="bbox 785 1327 1640 1402; baseline -0.005 -14"><span class='ocrx_word' id='word_1_87' title='bbox 785 1329 1116 1400; x_wconf 62' lang='lat' dir='ltr'><strong>QUIESTIO</strong></span> <span class='ocrx_word' id='word_1_88' title='bbox 1155 1329 1292 1385; x_wconf 81' lang='lat' dir='ltr'><strong>LVII</strong></span> <span class='ocrx_word' id='word_1_89' title='bbox 1329 1328 1428 1402; x_wconf 80' lang='lat' dir='ltr'><strong>[aL</strong></span> <span class='ocrx_word' id='word_1_90' title='bbox 1469 1327 1640 1401; x_wconf 82' lang='lat' dir='ltr'><strong>LVI].</strong></span> 
     </span>
    </p>
   </div>
   <div class='ocr_carea' id='block_1_17' title="bbox 421 1419 2016 1495">
    <p class='ocr_par' dir='ltr' id='par_1_17' title="bbox 421 1419 2016 1495">
     <span class='ocr_line' id='line_1_17' title="bbox 421 1419 2016 1495; baseline -0.004 -16"><span class='ocrx_word' id='word_1_91' title='bbox 421 1424 632 1495; x_wconf 84' lang='lat' dir='ltr'><strong>Quare,</strong></span> <span class='ocrx_word' id='word_1_92' title='bbox 690 1423 990 1481; x_wconf 80' lang='lat' dir='ltr'><strong>Saluatoris</strong></span> <span class='ocrx_word' id='word_1_93' title='bbox 1034 1423 1429 1495; x_wconf 82' lang='lat' dir='ltr'><strong>baptizantibus</strong></span> <span class='ocrx_word' id='word_1_94' title='bbox 1477 1421 1788 1495; x_wconf 64' lang='lat' dir='ltr'><strong>discipulis,</strong></span> <span class='ocrx_word' id='word_1_95' title='bbox 1839 1419 2016 1475; x_wconf 80' lang='lat' dir='ltr'><strong>adhuc</strong></span> 
     </span>
    </p>
   </div>
   <div class='ocr_carea' id='block_1_18' title="bbox 911 1492 1520 1566">
    <p class='ocr_par' dir='ltr' id='par_1_18' title="bbox 911 1492 1520 1566">
     <span class='ocr_line' id='line_1_18' title="bbox 911 1492 1520 1566; baseline -0.002 -17"><span class='ocrx_word' id='word_1_96' title='bbox 911 1494 1215 1566; x_wconf 71' lang='lat' dir='ltr'><strong>baptizabat</strong></span> <span class='ocrx_word' id='word_1_97' title='bbox 1247 1492 1520 1548; x_wconf 77' lang='lat' dir='ltr'><strong>Joannes?</strong></span> 
     </span>
    </p>
   </div>
   <div class='ocr_carea' id='block_1_19' title="bbox 2119 841 3714 919">
    <p class='ocr_par' dir='ltr' id='par_1_19' title="bbox 2119 841 3714 919">
     <span class='ocr_line' id='line_1_19' title="bbox 2119 841 3714 919; baseline -0.005 -19"><span class='ocrx_word' id='word_1_98' title='bbox 2119 847 2246 901; x_wconf 80' lang='grc' dir='ltr'>οὐδὲ</span> <span class='ocrx_word' id='word_1_99' title='bbox 2278 846 2528 919; x_wconf 75' lang='grc' dir='ltr'>ταραχὴν</span> <span class='ocrx_word' id='word_1_100' title='bbox 2557 845 2666 898; x_wconf 81' lang='grc' dir='ltr'>οὐδ’</span> <span class='ocrx_word' id='word_1_101' title='bbox 2691 845 2928 917; x_wconf 76' lang='grc' dir='ltr'>ἀπορίαν</span> <span class='ocrx_word' id='word_1_102' title='bbox 2957 843 3082 897; x_wconf 82' lang='grc' dir='ltr'><strong>τινά</strong></span> <span class='ocrx_word' id='word_1_103' title='bbox 3107 843 3234 906; x_wconf 78' lang='grc' dir='ltr'>τοὺς</span> <span class='ocrx_word' id='word_1_104' title='bbox 3259 841 3558 912; x_wconf 79' lang='grc' dir='ltr'>λογισμοὺς</span> <span class='ocrx_word' id='word_1_105' title='bbox 3587 857 3714 893; x_wconf 85' lang='grc' dir='ltr'>συν-</span> 
     </span>
    </p>
   </div>
   <div class='ocr_carea' id='block_1_20' title="bbox 2114 931 3713 1010">
    <p class='ocr_par' dir='ltr' id='par_1_20' title="bbox 2114 931 3713 1010">
     <span class='ocr_line' id='line_1_20' title="bbox 2114 931 3713 1010; baseline -0.006 -17"><span class='ocrx_word' id='word_1_106' title='bbox 2114 939 2346 1010; x_wconf 84' lang='grc' dir='ltr'>έχουσαν</span> <span class='ocrx_word' id='word_1_107' title='bbox 2391 939 2798 1010; x_wconf 77' lang='grc' dir='ltr'>ὑποστήσεταιο</span> <span class='ocrx_word' id='word_1_108' title='bbox 2835 937 2972 991; x_wconf 86' lang='grc' dir='ltr'><strong>ἀλλά</strong></span> <span class='ocrx_word' id='word_1_109' title='bbox 3019 935 3100 1006; x_wconf 82' lang='grc' dir='ltr'>τῷ</span> <span class='ocrx_word' id='word_1_110' title='bbox 3127 935 3272 1006; x_wconf 88' lang='grc' dir='ltr'>λόγῳ</span> <span class='ocrx_word' id='word_1_111' title='bbox 3325 931 3594 1005; x_wconf 85' lang='grc' dir='ltr'>περιελὼν</span> <span class='ocrx_word' id='word_1_112' title='bbox 3618 931 3713 985; x_wconf 87' lang='grc' dir='ltr'><strong>τοῦ</strong></span> 
     </span>
    </p>
   </div>
   <div class='ocr_carea' id='block_1_21' title="bbox 2118 1025 3715 1105">
    <p class='ocr_par' dir='ltr' id='par_1_21' title="bbox 2118 1025 3715 1105">
     <span class='ocr_line' id='line_1_21' title="bbox 2118 1025 3715 1105; baseline -0.012 -16"><span class='ocrx_word' id='word_1_113' title='bbox 2118 1032 2400 1100; x_wconf 86' lang='grc' dir='ltr'>σχήματος</span> <span class='ocrx_word' id='word_1_114' title='bbox 2444 1031 2546 1100; x_wconf 77' lang='grc' dir='ltr'>τὴν</span> <span class='ocrx_word' id='word_1_115' title='bbox 2593 1029 2876 1094; x_wconf 84' lang='grc' dir='ltr'>ἐπίνοιαν,</span> <span class='ocrx_word' id='word_1_116' title='bbox 2926 1027 3187 1105; x_wconf 52' lang='grc' dir='ltr'>ῃαθαρῶς</span> <span class='ocrx_word' id='word_1_117' title='bbox 3230 1026 3293 1080; x_wconf 78' lang='grc' dir='ltr'>τὸ</span> <span class='ocrx_word' id='word_1_118' title='bbox 3346 1025 3715 1094; x_wconf 76' lang='grc' dir='ltr'>ἐκϐησόμενον</span> 
     </span>
    </p>
   </div>
   <div class='ocr_carea' id='block_1_22' title="bbox 2115 1116 3713 1196">
    <p class='ocr_par' dir='ltr' id='par_1_22' title="bbox 2115 1116 3713 1196">
     <span class='ocr_line' id='line_1_22' title="bbox 2115 1116 3713 1196; baseline -0.005 -19"><span class='ocrx_word' id='word_1_119' title='bbox 2115 1123 2310 1194; x_wconf 75' lang='grc' dir='ltr'>ὄψεται</span> <span class='ocrx_word' id='word_1_120' title='bbox 2328 1141 2343 1156; x_wconf 75' lang='grc' dir='ltr'><strong><em>ο</em></strong></span> <span class='ocrx_word' id='word_1_121' title='bbox 2378 1116 2554 1196; x_wconf 77' lang='grc' dir='ltr'>οὗπερ</span> <span class='ocrx_word' id='word_1_122' title='bbox 2573 1125 2670 1178; x_wconf 80' lang='grc' dir='ltr'>καὶ</span> <span class='ocrx_word' id='word_1_123' title='bbox 2702 1124 2782 1187; x_wconf 78' lang='grc' dir='ltr'>εἰς</span> <span class='ocrx_word' id='word_1_124' title='bbox 2807 1122 3042 1194; x_wconf 75' lang='grc' dir='ltr'><strong>δήλωσιν</strong></span> <span class='ocrx_word' id='word_1_125' title='bbox 3061 1121 3090 1174; x_wconf 90' lang='lat'><strong>6</strong></span> <span class='ocrx_word' id='word_1_126' title='bbox 3117 1118 3500 1192; x_wconf 80' lang='grc' dir='ltr'>σχηματισμὸς</span> <span class='ocrx_word' id='word_1_127' title='bbox 3533 1133 3713 1188; x_wconf 86' lang='grc' dir='ltr'>παρα-</span> 
     </span>
    </p>
   </div>
   <div class='ocr_carea' id='block_1_23' title="bbox 2115 1214 2484 1288">
    <p class='ocr_par' dir='ltr' id='par_1_23' title="bbox 2115 1214 2484 1288">
     <span class='ocr_line' id='line_1_23' title="bbox 2115 1214 2484 1288; baseline -0.003 -20"><span class='ocrx_word' id='word_1_128' title='bbox 2115 1215 2184 1268; x_wconf 92' lang='grc' dir='ltr'><strong>λα</strong></span> <span class='ocrx_word' id='word_1_129' title='bbox 2192 1214 2484 1288; x_wconf 81' lang='grc' dir='ltr'>μσάνεται.</span> 
     </span>
    </p>
   </div>
   <div class='ocr_carea' id='block_1_24' title="bbox 2681 1321 3183 1376">
    <p class='ocr_par' dir='ltr' id='par_1_24' title="bbox 2681 1321 3183 1376">
     <span class='ocr_line' id='line_1_24' title="bbox 2681 1321 3183 1376; baseline -0.002 0"><span class='ocrx_word' id='word_1_130' title='bbox 2681 1321 3024 1376; x_wconf 80' lang='grc' dir='ltr'><strong>ΕΡΩΤΙΙΣΙΣ</strong></span> <span class='ocrx_word' id='word_1_131' title='bbox 3059 1321 3183 1375; x_wconf 86' lang='grc' dir='ltr'><strong>ΝΖ’.</strong></span> 
     </span>
    </p>
   </div>
   <div class='ocr_carea' id='block_1_25' title="bbox 2123 1407 3720 1484">
    <p class='ocr_par' dir='ltr' id='par_1_25' title="bbox 2123 1407 3720 1484">
     <span class='ocr_line' id='line_1_25' title="bbox 2123 1407 3720 1484; baseline -0.007 -13"><span class='ocrx_word' id='word_1_132' title='bbox 2123 1417 2229 1472; x_wconf 88' lang='grc' dir='ltr'>Διά</span> <span class='ocrx_word' id='word_1_133' title='bbox 2252 1416 2311 1471; x_wconf 84' lang='grc' dir='ltr'><strong>τί</strong></span> <span class='ocrx_word' id='word_1_134' title='bbox 2350 1414 2472 1470; x_wconf 81' lang='grc' dir='ltr'><strong>τῶν</strong></span> <span class='ocrx_word' id='word_1_135' title='bbox 2497 1413 2607 1469; x_wconf 82' lang='grc' dir='ltr'><strong>τοῦ</strong></span> <span class='ocrx_word' id='word_1_136' title='bbox 2643 1413 2921 1484; x_wconf 80' lang='grc' dir='ltr'><strong>Σωτῆρος</strong></span> <span class='ocrx_word' id='word_1_137' title='bbox 2959 1410 3380 1484; x_wconf 68' lang='grc' dir='ltr'>,βασανιζόντων</span> <span class='ocrx_word' id='word_1_138' title='bbox 3409 1407 3720 1479; x_wconf 75' lang='grc' dir='ltr'><strong>μαθητῶν,</strong></span> 
     </span>
    </p>
   </div>
   <div class='ocr_carea' id='block_1_26' title="bbox 2484 1481 3382 1548">
    <p class='ocr_par' dir='ltr' id='par_1_26' title="bbox 2484 1481 3382 1548">
     <span class='ocr_line' id='line_1_26' title="bbox 2484 1481 3382 1548; baseline -0.003 -8"><span class='ocrx_word' id='word_1_139' title='bbox 2484 1487 2576 1543; x_wconf 69' lang='grc' dir='ltr'>ἔτι</span> <span class='ocrx_word' id='word_1_140' title='bbox 2637 1481 2945 1545; x_wconf 66' lang='grc' dir='ltr'>ἐϐάπτιζεν</span> <span class='ocrx_word' id='word_1_141' title='bbox 2983 1486 3015 1538; x_wconf 87' lang='grc' dir='ltr'><strong>ό</strong></span> <span class='ocrx_word' id='word_1_142' title='bbox 3059 1481 3382 1548; x_wconf 70' lang='grc' dir='ltr'>ἰωάννηςς</span> 
     </span>
    </p>
   </div>
   <div class='ocr_carea' id='block_1_27' title="bbox 1651 1631 2458 1696">
    <p class='ocr_par' dir='ltr' id='par_1_27' title="bbox 1651 1631 2458 1696">
     <span class='ocr_line' id='line_1_27' title="bbox 1651 1631 2458 1696; baseline -0.006 -9"><span class='ocrx_word' id='word_1_143' title='bbox 1651 1633 1797 1687; x_wconf 85' lang='lat' dir='ltr'><strong>Edita</strong></span> <span class='ocrx_word' id='word_1_144' title='bbox 1823 1647 1849 1684; x_wconf 90' lang='lat' dir='ltr'><strong>a</strong></span> <span class='ocrx_word' id='word_1_145' title='bbox 1884 1631 2028 1694; x_wconf 80' lang='lat' dir='ltr'><strong>Maio,</strong></span> <span class='ocrx_word' id='word_1_146' title='bbox 2056 1633 2091 1684; x_wconf 92' lang='grc'><strong>1.</strong></span> <span class='ocrx_word' id='word_1_147' title='bbox 2118 1645 2182 1694; x_wconf 89' lang='lat' dir='ltr'><strong>c.,</strong></span> <span class='ocrx_word' id='word_1_148' title='bbox 2208 1646 2258 1696; x_wconf 88' lang='lat' dir='ltr'><strong>p.</strong></span> <span class='ocrx_word' id='word_1_149' title='bbox 2291 1631 2458 1682; x_wconf 78' lang='lat'><strong>65-66.</strong></span> 
     </span>
    </p>
   </div>
   <div class='ocr_carea' id='block_1_28' title="bbox 496 1733 2038 1814">
    <p class='ocr_par' dir='ltr' id='par_1_28' title="bbox 496 1742 2013 1814">
     <span class='ocr_line' id='line_1_28' title="bbox 496 1742 2013 1814; baseline -0.003 -16"><span class='ocrx_word' id='word_1_150' title='bbox 496 1742 635 1813; x_wconf 84' lang='lat' dir='ltr'><strong>Quia</strong></span> <span class='ocrx_word' id='word_1_151' title='bbox 673 1743 921 1798; x_wconf 84' lang='lat' dir='ltr'><strong>eamdem</strong></span> <span class='ocrx_word' id='word_1_152' title='bbox 971 1745 1298 1800; x_wconf 87' lang='lat' dir='ltr'><strong>sententiam</strong></span> <span class='ocrx_word' id='word_1_153' title='bbox 1345 1758 1521 1814; x_wconf 88' lang='lat' dir='ltr'><strong>usque</strong></span> <span class='ocrx_word' id='word_1_154' title='bbox 1561 1743 1629 1798; x_wconf 90' lang='lat' dir='ltr'><strong>ad</strong></span> <span class='ocrx_word' id='word_1_155' title='bbox 1675 1742 2013 1797; x_wconf 88' lang='lat' dir='ltr'><strong>immolatio-</strong></span> 
     </span>
    </p>
   </div>
   <div class='ocr_carea' id='block_1_29' title="bbox 2142 1733 3723 1814">
    <p class='ocr_par' dir='ltr' id='par_1_29' title="bbox 2189 1733 3723 1812">
     <span class='ocr_line' id='line_1_29' title="bbox 2189 1733 3723 1812; baseline -0.005 -19"><span class='ocrx_word' id='word_1_156' title='bbox 2189 1739 2335 1794; x_wconf 87' lang='grc' dir='ltr'>Διότι</span> <span class='ocrx_word' id='word_1_157' title='bbox 2374 1741 2472 1812; x_wconf 80' lang='grc' dir='ltr'>τὴν</span> <span class='ocrx_word' id='word_1_158' title='bbox 2492 1739 2664 1811; x_wconf 82' lang='grc' dir='ltr'>αὐτὴν</span> <span class='ocrx_word' id='word_1_159' title='bbox 2689 1737 2919 1809; x_wconf 84' lang='grc' dir='ltr'>γνώμην</span> <span class='ocrx_word' id='word_1_160' title='bbox 2947 1737 3109 1808; x_wconf 84' lang='grc' dir='ltr'>μέχρι</span> <span class='ocrx_word' id='word_1_161' title='bbox 3128 1736 3226 1807; x_wconf 84' lang='grc' dir='ltr'><strong>τῆς</strong></span> <span class='ocrx_word' id='word_1_162' title='bbox 3259 1735 3478 1804; x_wconf 79' lang='grc' dir='ltr'><strong>σφαγῆς</strong></span> <span class='ocrx_word' id='word_1_163' title='bbox 3503 1733 3723 1803; x_wconf 72' lang='grc' dir='ltr'>ἀπαρά-</span> 
     </span>
    </p>
   </div>
   <div class='ocr_carea' id='block_1_30' title="bbox 425 1824 2038 1906">
    <p class='ocr_par' dir='ltr' id='par_1_30' title="bbox 425 1833 2022 1903">
     <span class='ocr_line' id='line_1_30' title="bbox 425 1833 2022 1903; baseline -0.003 -13"><span class='ocrx_word' id='word_1_164' title='bbox 425 1851 553 1890; x_wconf 88' lang='lat' dir='ltr'><strong>nem</strong></span> <span class='ocrx_word' id='word_1_165' title='bbox 606 1833 1004 1889; x_wconf 87' lang='lat' dir='ltr'><strong>immutabilem</strong></span> <span class='ocrx_word' id='word_1_166' title='bbox 1056 1833 1444 1899; x_wconf 88' lang='lat' dir='ltr'><strong>conservabat,</strong></span> <span class='ocrx_word' id='word_1_167' title='bbox 1483 1841 1710 1903; x_wconf 87' lang='lat' dir='ltr'><strong>propter</strong></span> <span class='ocrx_word' id='word_1_168' title='bbox 1743 1847 1914 1902; x_wconf 90' lang='lat' dir='ltr'><strong>quam</strong></span> <span class='ocrx_word' id='word_1_169' title='bbox 1967 1840 2022 1886; x_wconf 92' lang='lat' dir='ltr'><strong>et</strong></span> 
     </span>
    </p>
   </div>
   <div class='ocr_carea' id='block_1_31' title="bbox 2142 1824 3727 1906">
    <p class='ocr_par' dir='ltr' id='par_1_31' title="bbox 2142 1824 3727 1906">
     <span class='ocr_line' id='line_1_31' title="bbox 2142 1824 3727 1906; baseline -0.008 -19"><span class='ocrx_word' id='word_1_170' title='bbox 2142 1851 2358 1906; x_wconf 69' lang='lat' dir='ltr'><strong>:psntov</strong></span> <span class='ocrx_word' id='word_1_171' title='bbox 2433 1833 2762 1902; x_wconf 74' lang='grc' dir='ltr'><strong>συνετήρει,</strong></span> <span class='ocrx_word' id='word_1_172' title='bbox 2810 1830 2877 1884; x_wconf 81' lang='grc' dir='ltr'>δι’</span> <span class='ocrx_word' id='word_1_173' title='bbox 2921 1829 2991 1898; x_wconf 81' lang='grc' dir='ltr'>ἢν</span> <span class='ocrx_word' id='word_1_174' title='bbox 3049 1829 3145 1882; x_wconf 69' lang='grc' dir='ltr'>καὶ</span> <span class='ocrx_word' id='word_1_175' title='bbox 3209 1827 3331 1879; x_wconf 85' lang='grc' dir='ltr'>κατ’</span> <span class='ocrx_word' id='word_1_176' title='bbox 3380 1824 3556 1897; x_wconf 73' lang='grc' dir='ltr'>ἀρχὰς</span> <span class='ocrx_word' id='word_1_177' title='bbox 3624 1825 3727 1876; x_wconf 84' lang='grc' dir='ltr'><strong>ὑπ-</strong></span> 
     </span>
    </p>
   </div>
   <div class='ocr_carea' id='block_1_32' title="bbox 429 1921 2020 1993">
    <p class='ocr_par' dir='ltr' id='par_1_32' title="bbox 429 1921 2020 1993">
     <span class='ocr_line' id='line_1_32' title="bbox 429 1921 2020 1993; baseline -0.003 -12"><span class='ocrx_word' id='word_1_178' title='bbox 429 1928 500 1981; x_wconf 89' lang='lat' dir='ltr'><strong>ab</strong></span> <span class='ocrx_word' id='word_1_179' title='bbox 545 1925 706 1980; x_wconf 86' lang='lat' dir='ltr'><strong>initio</strong></span> <span class='ocrx_word' id='word_1_180' title='bbox 752 1924 1008 1980; x_wconf 91' lang='lat' dir='ltr'><strong>minister</strong></span> <span class='ocrx_word' id='word_1_181' title='bbox 1049 1924 1204 1980; x_wconf 89' lang='lat' dir='ltr'><strong>visus</strong></span> <span class='ocrx_word' id='word_1_182' title='bbox 1239 1934 1326 1980; x_wconf 90' lang='lat' dir='ltr'><strong>est</strong></span> <span class='ocrx_word' id='word_1_183' title='bbox 1376 1921 1751 1993; x_wconf 83' lang='lat' dir='ltr'><strong>baptismatis.</strong></span> <span class='ocrx_word' id='word_1_184' title='bbox 1801 1921 2020 1978; x_wconf 88' lang='lat' dir='ltr'><strong>Etenim</strong></span> 
     </span>
    </p>
   </div>
   <div class='ocr_carea' id='block_1_33' title="bbox 431 2011 2023 2086">
    <p class='ocr_par' dir='ltr' id='par_1_33' title="bbox 431 2011 2023 2086">
     <span class='ocr_line' id='line_1_33' title="bbox 431 2011 2023 2086; baseline -0.004 -15"><span class='ocrx_word' id='word_1_185' title='bbox 431 2026 566 2072; x_wconf 90' lang='lat' dir='ltr'><strong>tunc</strong></span> <span class='ocrx_word' id='word_1_186' title='bbox 592 2015 811 2086; x_wconf 81' lang='lat' dir='ltr'><strong>quidem</strong></span> <span class='ocrx_word' id='word_1_187' title='bbox 839 2015 1184 2085; x_wconf 80' lang='lat' dir='ltr'><strong>baptizabat,</strong></span> <span class='ocrx_word' id='word_1_188' title='bbox 1213 2023 1273 2070; x_wconf 92' lang='lat' dir='ltr'><strong>ut</strong></span> <span class='ocrx_word' id='word_1_189' title='bbox 1297 2014 1622 2085; x_wconf 67' lang='lat' dir='ltr'><strong>praedicaret</strong></span> <span class='ocrx_word' id='word_1_190' title='bbox 1648 2011 2023 2068; x_wconf 82' lang='lat' dir='ltr'><strong>accedentium</strong></span> 
     </span>
    </p>
   </div>
   <div class='ocr_carea' id='block_1_34' title="bbox 431 2103 2029 2176">
    <p class='ocr_par' dir='ltr' id='par_1_34' title="bbox 431 2103 2029 2176">
     <span class='ocr_line' id='line_1_34' title="bbox 431 2103 2029 2176; baseline -0.003 -15"><span class='ocrx_word' id='word_1_191' title='bbox 431 2106 774 2162; x_wconf 83' lang='lat' dir='ltr'><strong>multitudini</strong></span> <span class='ocrx_word' id='word_1_192' title='bbox 840 2121 1192 2161; x_wconf 89' lang='lat' dir='ltr'><strong>communem</strong></span> <span class='ocrx_word' id='word_1_193' title='bbox 1257 2105 1599 2161; x_wconf 89' lang='lat' dir='ltr'><strong>Salvatorem</strong></span> <span class='ocrx_word' id='word_1_194' title='bbox 1660 2103 1921 2176; x_wconf 75' lang='lat' dir='ltr'><strong>generis;</strong></span> <span class='ocrx_word' id='word_1_195' title='bbox 1973 2110 2029 2158; x_wconf 92' lang='lat' dir='ltr'><strong>et</strong></span> 
     </span>
    </p>
   </div>
   <div class='ocr_carea' id='block_1_35' title="bbox 432 2198 2029 2269">
    <p class='ocr_par' dir='ltr' id='par_1_35' title="bbox 432 2198 2029 2269">
     <span class='ocr_line' id='line_1_35' title="bbox 432 2198 2029 2269; baseline -0.003 -14"><span class='ocrx_word' id='word_1_196' title='bbox 432 2200 699 2269; x_wconf 75' lang='lat' dir='ltr'><strong>deinceps</strong></span> <span class='ocrx_word' id='word_1_197' title='bbox 732 2207 792 2252; x_wconf 90' lang='lat' dir='ltr'><strong>ut</strong></span> <span class='ocrx_word' id='word_1_198' title='bbox 824 2214 892 2252; x_wconf 88' lang='lat' dir='ltr'><strong>ne</strong></span> <span class='ocrx_word' id='word_1_199' title='bbox 924 2199 1295 2254; x_wconf 90' lang='lat' dir='ltr'><strong>intensionem</strong></span> <span class='ocrx_word' id='word_1_200' title='bbox 1333 2199 1620 2253; x_wconf 81' lang='lat' dir='ltr'><strong>remittens</strong></span> <span class='ocrx_word' id='word_1_201' title='bbox 1659 2198 2029 2268; x_wconf 86' lang='lat' dir='ltr'><strong>corriperetur</strong></span> 
     </span>
    </p>
   </div>
   <div class='ocr_carea' id='block_1_36' title="bbox 431 2288 2032 2361">
    <p class='ocr_par' dir='ltr' id='par_1_36' title="bbox 431 2288 2032 2361">
     <span class='ocr_line' id='line_1_36' title="bbox 431 2288 2032 2361; baseline -0.002 -16"><span class='ocrx_word' id='word_1_202' title='bbox 431 2289 710 2361; x_wconf 86' lang='lat' dir='ltr'><strong>ejusmodi</strong></span> <span class='ocrx_word' id='word_1_203' title='bbox 746 2288 914 2344; x_wconf 91' lang='lat' dir='ltr'><strong>Deum</strong></span> <span class='ocrx_word' id='word_1_204' title='bbox 963 2289 1204 2345; x_wconf 87' lang='lat' dir='ltr'><strong>amantis</strong></span> <span class='ocrx_word' id='word_1_205' title='bbox 1240 2289 1544 2344; x_wconf 91' lang='lat' dir='ltr'><strong>testimonii</strong></span> <span class='ocrx_word' id='word_1_206' title='bbox 1579 2298 1635 2344; x_wconf 92' lang='lat' dir='ltr'><strong>et</strong></span> <span class='ocrx_word' id='word_1_207' title='bbox 1672 2297 1894 2345; x_wconf 90' lang='lat' dir='ltr'><strong>sanctos</strong></span> <span class='ocrx_word' id='word_1_208' title='bbox 1934 2288 2032 2343; x_wconf 88' lang='lat' dir='ltr'><strong>de-</strong></span> 
     </span>
    </p>
   </div>
   <div class='ocr_carea' id='block_1_37' title="bbox 431 2381 2030 2454">
    <p class='ocr_par' dir='ltr' id='par_1_37' title="bbox 431 2381 2030 2454">
     <span class='ocr_line' id='line_1_37' title="bbox 431 2381 2030 2454; baseline -0.003 -13"><span class='ocrx_word' id='word_1_209' title='bbox 431 2384 616 2441; x_wconf 82' lang='lat' dir='ltr'><strong>centis</strong></span> <span class='ocrx_word' id='word_1_210' title='bbox 690 2384 980 2454; x_wconf 87' lang='lat' dir='ltr'><strong>propositi.</strong></span> <span class='ocrx_word' id='word_1_211' title='bbox 1043 2382 1409 2454; x_wconf 86' lang='lat' dir='ltr'><strong>Baptizabant</strong></span> <span class='ocrx_word' id='word_1_212' title='bbox 1479 2383 1652 2453; x_wconf 84' lang='lat' dir='ltr'><strong>igitur</strong></span> <span class='ocrx_word' id='word_1_213' title='bbox 1721 2381 2030 2437; x_wconf 84' lang='lat' dir='ltr'><strong>Salvatoris</strong></span> 
     </span>
    </p>
   </div>
   <div class='ocr_carea' id='block_1_38' title="bbox 433 2475 2034 2546">
    <p class='ocr_par' dir='ltr' id='par_1_38' title="bbox 433 2475 2034 2546">
     <span class='ocr_line' id='line_1_38' title="bbox 433 2475 2034 2546; baseline -0.002 -14"><span class='ocrx_word' id='word_1_214' title='bbox 433 2475 690 2546; x_wconf 87' lang='lat' dir='ltr'><strong>dicipuli,</strong></span> <span class='ocrx_word' id='word_1_215' title='bbox 746 2475 1174 2546; x_wconf 78' lang='lat' dir='ltr'><strong>Redemptorem</strong></span> <span class='ocrx_word' id='word_1_216' title='bbox 1217 2477 1434 2546; x_wconf 78' lang='lat' dir='ltr'><strong>generis</strong></span> <span class='ocrx_word' id='word_1_217' title='bbox 1481 2475 1886 2546; x_wconf 61' lang='lat' dir='ltr'><strong>praedicantes;</strong></span> <span class='ocrx_word' id='word_1_218' title='bbox 1938 2475 2034 2529; x_wconf 83' lang='lat' dir='ltr'><strong>ba-</strong></span> 
     </span>
    </p>
   </div>
   <div class='ocr_carea' id='block_1_39' title="bbox 434 2565 2035 2638">
    <p class='ocr_par' dir='ltr' id='par_1_39' title="bbox 434 2565 2035 2638">
     <span class='ocr_line' id='line_1_39' title="bbox 434 2565 2035 2638; baseline -0.001 -16"><span class='ocrx_word' id='word_1_219' title='bbox 434 2568 679 2638; x_wconf 82' lang='lat' dir='ltr'><strong>ptizabat</strong></span> <span class='ocrx_word' id='word_1_220' title='bbox 723 2577 906 2623; x_wconf 87' lang='lat' dir='ltr'><strong>autem</strong></span> <span class='ocrx_word' id='word_1_221' title='bbox 960 2577 1018 2623; x_wconf 91' lang='lat' dir='ltr'><strong>et</strong></span> <span class='ocrx_word' id='word_1_222' title='bbox 1056 2565 1320 2634; x_wconf 82' lang='lat' dir='ltr'><strong>Joannes,</strong></span> <span class='ocrx_word' id='word_1_223' title='bbox 1365 2567 1708 2638; x_wconf 84' lang='lat' dir='ltr'><strong>primitivum</strong></span> <span class='ocrx_word' id='word_1_224' title='bbox 1749 2568 2035 2638; x_wconf 76' lang='lat' dir='ltr'><strong>exemplar</strong></span> 
     </span>
    </p>
   </div>
   <div class='ocr_carea' id='block_1_40' title="bbox 438 2660 2033 2734">
    <p class='ocr_par' dir='ltr' id='par_1_40' title="bbox 438 2660 2033 2734">
     <span class='ocr_line' id='line_1_40' title="bbox 438 2660 2033 2734; baseline -0.005 -14"><span class='ocrx_word' id='word_1_225' title='bbox 438 2663 665 2720; x_wconf 86' lang='lat' dir='ltr'><strong>illorum</strong></span> <span class='ocrx_word' id='word_1_226' title='bbox 717 2679 892 2719; x_wconf 64' lang='lat' dir='ltr'><strong>sacrae</strong></span> <span class='ocrx_word' id='word_1_227' title='bbox 944 2665 1284 2734; x_wconf 83' lang='lat' dir='ltr'><strong>operationis</strong></span> <span class='ocrx_word' id='word_1_228' title='bbox 1321 2662 1524 2731; x_wconf 78' lang='lat' dir='ltr'><strong>factus,</strong></span> <span class='ocrx_word' id='word_1_229' title='bbox 1579 2677 1750 2732; x_wconf 87' lang='lat' dir='ltr'><strong>seque</strong></span> <span class='ocrx_word' id='word_1_230' title='bbox 1794 2660 2033 2728; x_wconf 89' lang='lat' dir='ltr'><strong>conjun-</strong></span> 
     </span>
    </p>
   </div>
   <div class='ocr_carea' id='block_1_41' title="bbox 441 2752 2037 2827">
    <p class='ocr_par' dir='ltr' id='par_1_41' title="bbox 441 2752 2037 2827">
     <span class='ocr_line' id='line_1_41' title="bbox 441 2752 2037 2827; baseline -0.004 -16"><span class='ocrx_word' id='word_1_231' title='bbox 441 2771 577 2827; x_wconf 86' lang='lat' dir='ltr'><strong>gens</strong></span> <span class='ocrx_word' id='word_1_232' title='bbox 603 2756 687 2810; x_wconf 88' lang='lat' dir='ltr'><strong>his</strong></span> <span class='ocrx_word' id='word_1_233' title='bbox 707 2757 1138 2813; x_wconf 89' lang='lat' dir='ltr'><strong>colluctantibus</strong></span> <span class='ocrx_word' id='word_1_234' title='bbox 1157 2765 1212 2812; x_wconf 93' lang='lat' dir='ltr'><strong>et</strong></span> <span class='ocrx_word' id='word_1_235' title='bbox 1233 2765 1561 2827; x_wconf 85' lang='lat' dir='ltr'><strong>cooperator</strong></span> <span class='ocrx_word' id='word_1_236' title='bbox 1583 2754 1844 2812; x_wconf 76' lang='lat' dir='ltr'><strong>salvilica:</strong></span> <span class='ocrx_word' id='word_1_237' title='bbox 1867 2752 2037 2823; x_wconf 87' lang='lat' dir='ltr'><strong>hujus</strong></span> 
     </span>
    </p>
   </div>
   <div class='ocr_carea' id='block_1_42' title="bbox 440 2845 2036 2920">
    <p class='ocr_par' dir='ltr' id='par_1_42' title="bbox 440 2845 2036 2920">
     <span class='ocr_line' id='line_1_42' title="bbox 440 2845 2036 2920; baseline -0.003 -17"><span class='ocrx_word' id='word_1_238' title='bbox 440 2857 497 2904; x_wconf 89' lang='lat' dir='ltr'><strong>et</strong></span> <span class='ocrx_word' id='word_1_239' title='bbox 530 2848 729 2918; x_wconf 64' lang='lat' dir='ltr'><strong>praevio</strong></span> <span class='ocrx_word' id='word_1_240' title='bbox 761 2849 1104 2920; x_wconf 85' lang='lat' dir='ltr'><strong>puriﬁcantis</strong></span> <span class='ocrx_word' id='word_1_241' title='bbox 1143 2852 1482 2906; x_wconf 87' lang='lat' dir='ltr'><strong>constitutus</strong></span> <span class='ocrx_word' id='word_1_242' title='bbox 1531 2848 1785 2904; x_wconf 85' lang='lat' dir='ltr'><strong>actionis.</strong></span> <span class='ocrx_word' id='word_1_243' title='bbox 1822 2845 2036 2902; x_wconf 88' lang='lat' dir='ltr'><strong>Etenim</strong></span> 
     </span>
    </p>
   </div>
   <div class='ocr_carea' id='block_1_43' title="bbox 442 2937 2040 3008">
    <p class='ocr_par' dir='ltr' id='par_1_43' title="bbox 442 2937 2040 3008">
     <span class='ocr_line' id='line_1_43' title="bbox 442 2937 2040 3008; baseline -0.001 -16"><span class='ocrx_word' id='word_1_244' title='bbox 442 2937 707 2992; x_wconf 79' lang='lat' dir='ltr'><strong>clamavit</strong></span> <span class='ocrx_word' id='word_1_245' title='bbox 756 2938 1064 3008; x_wconf 83' lang='lat' dir='ltr'><strong>baptizans,</strong></span> <span class='ocrx_word' id='word_1_246' title='bbox 1095 2937 1229 2995; x_wconf 84' lang='lat' dir='ltr'><strong>Jesu</strong></span> <span class='ocrx_word' id='word_1_247' title='bbox 1276 2939 1536 2994; x_wconf 88' lang='lat' dir='ltr'><strong>omnibus</strong></span> <span class='ocrx_word' id='word_1_248' title='bbox 1569 2937 1915 2992; x_wconf 83' lang='lat' dir='ltr'><strong>divinitatem</strong></span> <span class='ocrx_word' id='word_1_249' title='bbox 1961 2943 2040 2990; x_wconf 88' lang='lat' dir='ltr'><strong>te-</strong></span> 
     </span>
    </p>
   </div>
   <div class='ocr_carea' id='block_1_44' title="bbox 445 3028 2035 3100">
    <p class='ocr_par' dir='ltr' id='par_1_44' title="bbox 445 3028 2035 3100">
     <span class='ocr_line' id='line_1_44' title="bbox 445 3028 2035 3100; baseline -0.003 -15"><span class='ocrx_word' id='word_1_250' title='bbox 445 3030 720 3086; x_wconf 77' lang='lat' dir='ltr'><strong>stiﬁcans.</strong></span> <span class='ocrx_word' id='word_1_251' title='bbox 752 3030 811 3085; x_wconf 87' lang='lat' dir='ltr'><strong>Id</strong></span> <span class='ocrx_word' id='word_1_252' title='bbox 860 3031 1008 3086; x_wconf 91' lang='lat' dir='ltr'><strong>enim</strong></span> <span class='ocrx_word' id='word_1_253' title='bbox 1045 3031 1290 3087; x_wconf 71' lang='lat' dir='ltr'><strong>cmlestis</strong></span> <span class='ocrx_word' id='word_1_254' title='bbox 1343 3031 1562 3086; x_wconf 88' lang='lat' dir='ltr'><strong>illorum</strong></span> <span class='ocrx_word' id='word_1_255' title='bbox 1606 3045 1845 3100; x_wconf 84' lang='lat' dir='ltr'><strong>sponsus</strong></span> <span class='ocrx_word' id='word_1_256' title='bbox 1888 3028 2035 3084; x_wconf 82' lang='lat' dir='ltr'><strong>vole-</strong></span> 
     </span>
    </p>
   </div>
   <div class='ocr_carea' id='block_1_45' title="bbox 442 3095 2107 3194">
    <p class='ocr_par' dir='ltr' id='par_1_45' title="bbox 442 3095 2107 3194">
     <span class='ocr_line' id='line_1_45' title="bbox 442 3095 2107 3194; baseline -0.002 -17"><span class='ocrx_word' id='word_1_257' title='bbox 442 3122 572 3188; x_wconf 87' lang='lat' dir='ltr'><strong>bat,</strong></span> <span class='ocrx_word' id='word_1_258' title='bbox 625 3131 681 3178; x_wconf 92' lang='lat' dir='ltr'><strong>et</strong></span> <span class='ocrx_word' id='word_1_259' title='bbox 728 3139 1039 3194; x_wconf 76' lang='lat' dir='ltr'><strong>praeparare</strong></span> <span class='ocrx_word' id='word_1_260' title='bbox 1097 3125 1386 3191; x_wconf 86' lang='lat' dir='ltr'><strong>studebat,</strong></span> <span class='ocrx_word' id='word_1_261' title='bbox 1449 3135 1503 3180; x_wconf 91' lang='lat' dir='ltr'><strong>et</strong></span> <span class='ocrx_word' id='word_1_262' title='bbox 1561 3095 2107 3193; x_wconf 73' lang='lat' dir='ltr'><strong>superetninenterC</strong></span> 
     </span>
    </p>
   </div>
   <div class='ocr_carea' id='block_1_46' title="bbox 444 3213 2039 3284">
    <p class='ocr_par' dir='ltr' id='par_1_46' title="bbox 444 3213 2039 3284">
     <span class='ocr_line' id='line_1_46' title="bbox 444 3213 2039 3284; baseline -0.001 -16"><span class='ocrx_word' id='word_1_263' title='bbox 444 3215 626 3284; x_wconf 89' lang='lat' dir='ltr'><strong>major</strong></span> <span class='ocrx_word' id='word_1_264' title='bbox 671 3216 928 3271; x_wconf 88' lang='lat' dir='ltr'><strong>omnibus</strong></span> <span class='ocrx_word' id='word_1_265' title='bbox 971 3225 1026 3271; x_wconf 92' lang='lat' dir='ltr'><strong>et</strong></span> <span class='ocrx_word' id='word_1_266' title='bbox 1075 3233 1102 3271; x_wconf 92' lang='lat' dir='ltr'><strong>a</strong></span> <span class='ocrx_word' id='word_1_267' title='bbox 1159 3216 1272 3271; x_wconf 87' lang='lat' dir='ltr'><strong>Deo</strong></span> <span class='ocrx_word' id='word_1_268' title='bbox 1324 3217 1554 3281; x_wconf 87' lang='lat' dir='ltr'><strong>missus,</strong></span> <span class='ocrx_word' id='word_1_269' title='bbox 1610 3223 1666 3270; x_wconf 90' lang='lat' dir='ltr'><strong>et</strong></span> <span class='ocrx_word' id='word_1_270' title='bbox 1715 3213 1812 3269; x_wconf 91' lang='lat' dir='ltr'><strong>Dei</strong></span> <span class='ocrx_word' id='word_1_271' title='bbox 1872 3213 2039 3268; x_wconf 89' lang='lat' dir='ltr'><strong>verba</strong></span> 
     </span>
    </p>
   </div>
   <div class='ocr_carea' id='block_1_47' title="bbox 444 3305 2041 3378">
    <p class='ocr_par' dir='ltr' id='par_1_47' title="bbox 444 3305 2041 3378">
     <span class='ocr_line' id='line_1_47' title="bbox 444 3305 2041 3378; baseline -0.003 -16"><span class='ocrx_word' id='word_1_272' title='bbox 444 3305 678 3376; x_wconf 89' lang='lat' dir='ltr'><strong>loquens</strong></span> <span class='ocrx_word' id='word_1_273' title='bbox 708 3316 762 3362; x_wconf 87' lang='lat' dir='ltr'><strong>et</strong></span> <span class='ocrx_word' id='word_1_274' title='bbox 788 3307 882 3378; x_wconf 91' lang='lat' dir='ltr'><strong>qui</strong></span> <span class='ocrx_word' id='word_1_275' title='bbox 910 3309 1122 3378; x_wconf 85' lang='lat' dir='ltr'><strong>accepit</strong></span> <span class='ocrx_word' id='word_1_276' title='bbox 1150 3319 1203 3362; x_wconf 92' lang='lat' dir='ltr'><strong>et</strong></span> <span class='ocrx_word' id='word_1_277' title='bbox 1239 3309 1403 3363; x_wconf 84' lang='lat' dir='ltr'><strong>habet</strong></span> <span class='ocrx_word' id='word_1_278' title='bbox 1443 3307 1698 3377; x_wconf 85' lang='lat' dir='ltr'><strong>spiritum</strong></span> <span class='ocrx_word' id='word_1_279' title='bbox 1730 3322 1842 3361; x_wconf 89' lang='lat' dir='ltr'><strong>non</strong></span> <span class='ocrx_word' id='word_1_280' title='bbox 1884 3321 2041 3360; x_wconf 88' lang='lat' dir='ltr'><strong>men-</strong></span> 
     </span>
    </p>
   </div>
   <div class='ocr_carea' id='block_1_48' title="bbox 447 3399 2041 3470">
    <p class='ocr_par' dir='ltr' id='par_1_48' title="bbox 447 3399 2041 3470">
     <span class='ocr_line' id='line_1_48' title="bbox 447 3399 2041 3470; baseline -0.003 -15"><span class='ocrx_word' id='word_1_281' title='bbox 447 3413 580 3455; x_wconf 84' lang='lat' dir='ltr'><strong>sura</strong></span> <span class='ocrx_word' id='word_1_282' title='bbox 626 3399 943 3456; x_wconf 87' lang='lat' dir='ltr'><strong>donationis</strong></span> <span class='ocrx_word' id='word_1_283' title='bbox 978 3411 1035 3455; x_wconf 88' lang='lat' dir='ltr'><strong>et</strong></span> <span class='ocrx_word' id='word_1_284' title='bbox 1077 3401 1422 3470; x_wconf 86' lang='lat' dir='ltr'><strong>operationis</strong></span> <span class='ocrx_word' id='word_1_285' title='bbox 1474 3399 1926 3470; x_wconf 85' lang='lat' dir='ltr'><strong>participatione,</strong></span> <span class='ocrx_word' id='word_1_286' title='bbox 1980 3407 2041 3452; x_wconf 91' lang='lat' dir='ltr'><strong>ut</strong></span> 
     </span>
    </p>
   </div>
   <div class='ocr_carea' id='block_1_49' title="bbox 447 3491 2046 3564">
    <p class='ocr_par' dir='ltr' id='par_1_49' title="bbox 447 3491 2046 3564">
     <span class='ocr_line' id='line_1_49' title="bbox 447 3491 2046 3564; baseline -0.003 -16"><span class='ocrx_word' id='word_1_287' title='bbox 447 3507 646 3548; x_wconf 88' lang='lat' dir='ltr'><strong>omnes</strong></span> <span class='ocrx_word' id='word_1_288' title='bbox 696 3495 1002 3563; x_wconf 68' lang='lat' dir='ltr'><strong>prophetat,</strong></span> <span class='ocrx_word' id='word_1_289' title='bbox 1050 3493 1148 3550; x_wconf 88' lang='lat' dir='ltr'><strong>sed</strong></span> <span class='ocrx_word' id='word_1_290' title='bbox 1193 3493 1677 3564; x_wconf 80' lang='lat' dir='ltr'><strong>congenerationis</strong></span> <span class='ocrx_word' id='word_1_291' title='bbox 1705 3491 1940 3561; x_wconf 78' lang='lat' dir='ltr'><strong>iustitia,</strong></span> <span class='ocrx_word' id='word_1_292' title='bbox 1991 3501 2046 3544; x_wconf 87' lang='lat' dir='ltr'><strong>et</strong></span> 
     </span>
    </p>
   </div>
   <div class='ocr_carea' id='block_1_50' title="bbox 450 3584 2042 3654">
    <p class='ocr_par' dir='ltr' id='par_1_50' title="bbox 450 3584 2042 3654">
     <span class='ocr_line' id='line_1_50' title="bbox 450 3584 2042 3654; baseline -0.003 -14"><span class='ocrx_word' id='word_1_293' title='bbox 450 3585 1010 3654; x_wconf 86' lang='lat' dir='ltr'><strong>supersubstantialis</strong></span> <span class='ocrx_word' id='word_1_294' title='bbox 1070 3585 1671 3640; x_wconf 86' lang='lat' dir='ltr'><strong>consubstantialitatis</strong></span> <span class='ocrx_word' id='word_1_295' title='bbox 1749 3584 2042 3654; x_wconf 81' lang='lat' dir='ltr'><strong>dignitate.</strong></span> 
     </span>
    </p>
   </div>
   <div class='ocr_carea' id='block_1_51' title="bbox 450 3670 2048 3743">
    <p class='ocr_par' dir='ltr' id='par_1_51' title="bbox 450 3670 2048 3743">
     <span class='ocr_line' id='line_1_51' title="bbox 450 3670 2048 3743; baseline -0.004 -13"><span class='ocrx_word' id='word_1_296' title='bbox 450 3674 706 3730; x_wconf 75' lang='lat' dir='ltr'><strong>Attamen</strong></span> <span class='ocrx_word' id='word_1_297' title='bbox 747 3673 1056 3740; x_wconf 88' lang='lat' dir='ltr'><strong>baptismus</strong></span> <span class='ocrx_word' id='word_1_298' title='bbox 1086 3671 1316 3729; x_wconf 87' lang='lat' dir='ltr'><strong>Joannis</strong></span> <span class='ocrx_word' id='word_1_299' title='bbox 1363 3681 1418 3727; x_wconf 91' lang='lat' dir='ltr'><strong>et</strong></span> <span class='ocrx_word' id='word_1_300' title='bbox 1469 3673 1867 3743; x_wconf 79' lang='lat' dir='ltr'><strong>discipulorum</strong></span> <span class='ocrx_word' id='word_1_301' title='bbox 1922 3670 2048 3725; x_wconf 82' lang='lat' dir='ltr'><strong>Sal-</strong></span> 
     </span>
    </p>
   </div>
   <div class='ocr_carea' id='block_1_52' title="bbox 451 3764 2049 3834">
    <p class='ocr_par' dir='ltr' id='par_1_52' title="bbox 451 3764 2049 3834">
     <span class='ocr_line' id='line_1_52' title="bbox 451 3764 2049 3834; baseline -0.002 -14"><span class='ocrx_word' id='word_1_302' title='bbox 451 3768 666 3820; x_wconf 85' lang='lat' dir='ltr'><strong>vatoris</strong></span> <span class='ocrx_word' id='word_1_303' title='bbox 696 3765 850 3819; x_wconf 89' lang='lat' dir='ltr'><strong>nullo</strong></span> <span class='ocrx_word' id='word_1_304' title='bbox 880 3764 1206 3819; x_wconf 89' lang='lat' dir='ltr'><strong>discrimine</strong></span> <span class='ocrx_word' id='word_1_305' title='bbox 1238 3764 1343 3819; x_wconf 91' lang='lat' dir='ltr'><strong>nisi</strong></span> <span class='ocrx_word' id='word_1_306' title='bbox 1383 3780 1745 3834; x_wconf 84' lang='lat' dir='ltr'><strong>personarum</strong></span> <span class='ocrx_word' id='word_1_307' title='bbox 1781 3765 2049 3818; x_wconf 88' lang='lat' dir='ltr'><strong>immuta-</strong></span> 
     </span>
    </p>
   </div>
   <div class='ocr_carea' id='block_1_53' title="bbox 457 3853 2048 3926">
    <p class='ocr_par' dir='ltr' id='par_1_53' title="bbox 457 3853 2048 3926">
     <span class='ocr_line' id='line_1_53' title="bbox 457 3853 2048 3926; baseline -0.004 -14"><span class='ocrx_word' id='word_1_308' title='bbox 457 3858 606 3912; x_wconf 90' lang='lat' dir='ltr'><strong>tione</strong></span> <span class='ocrx_word' id='word_1_309' title='bbox 658 3854 972 3910; x_wconf 73' lang='lat' dir='ltr'><strong>differebat.</strong></span> <span class='ocrx_word' id='word_1_310' title='bbox 1045 3853 1262 3909; x_wconf 85' lang='lat' dir='ltr'><strong>Etenim</strong></span> <span class='ocrx_word' id='word_1_311' title='bbox 1325 3855 1556 3926; x_wconf 83' lang='lat' dir='ltr'><strong>parabat</strong></span> <span class='ocrx_word' id='word_1_312' title='bbox 1615 3855 1797 3925; x_wconf 87' lang='lat' dir='ltr'><strong>quivis</strong></span> <span class='ocrx_word' id='word_1_313' title='bbox 1855 3868 2048 3909; x_wconf 90' lang='lat' dir='ltr'><strong>eorum</strong></span> 
     </span>
    </p>
   </div>
   <div class='ocr_carea' id='block_1_54' title="bbox 456 3947 2050 4018">
    <p class='ocr_par' dir='ltr' id='par_1_54' title="bbox 456 3947 2050 4018">
     <span class='ocr_line' id='line_1_54' title="bbox 456 3947 2050 4018; baseline -0.002 -15"><span class='ocrx_word' id='word_1_314' title='bbox 456 3947 774 4018; x_wconf 85' lang='lat' dir='ltr'><strong>baptizatos</strong></span> <span class='ocrx_word' id='word_1_315' title='bbox 805 3957 963 4015; x_wconf 85' lang='lat' dir='ltr'><strong>aptos</strong></span> <span class='ocrx_word' id='word_1_316' title='bbox 995 3947 1114 4001; x_wconf 81' lang='lat' dir='ltr'><strong>lieri</strong></span> <span class='ocrx_word' id='word_1_317' title='bbox 1168 3947 1233 4001; x_wconf 87' lang='lat' dir='ltr'><strong>ad</strong></span> <span class='ocrx_word' id='word_1_318' title='bbox 1275 3947 1692 4018; x_wconf 86' lang='lat' dir='ltr'><strong>suscipiendqu</strong></span> <span class='ocrx_word' id='word_1_319' title='bbox 1739 3964 1835 4018; x_wconf 89' lang='lat' dir='ltr'><strong>per</strong></span> <span class='ocrx_word' id='word_1_320' title='bbox 1869 3947 2050 4017; x_wconf 80' lang='lat' dir='ltr'><strong>ignem</strong></span> 
     </span>
    </p>
   </div>
   <div class='ocr_carea' id='block_1_55' title="bbox 457 4042 2042 4114">
    <p class='ocr_par' dir='ltr' id='par_1_55' title="bbox 457 4042 2042 4114">
     <span class='ocr_line' id='line_1_55' title="bbox 457 4042 2042 4114; baseline -0.002 -16"><span class='ocrx_word' id='word_1_321' title='bbox 457 4052 514 4098; x_wconf 90' lang='lat' dir='ltr'><strong>et</strong></span> <span class='ocrx_word' id='word_1_322' title='bbox 551 4042 810 4112; x_wconf 89' lang='lat' dir='ltr'><strong>spiritum</strong></span> <span class='ocrx_word' id='word_1_323' title='bbox 849 4042 1244 4112; x_wconf 87' lang='lat' dir='ltr'><strong>perliciendum</strong></span> <span class='ocrx_word' id='word_1_324' title='bbox 1279 4043 1579 4114; x_wconf 88' lang='lat' dir='ltr'><strong>baptisma,</strong></span> <span class='ocrx_word' id='word_1_325' title='bbox 1616 4051 1872 4098; x_wconf 87' lang='lat' dir='ltr'><strong>neutrum</strong></span> <span class='ocrx_word' id='word_1_326' title='bbox 1910 4055 2042 4096; x_wconf 89' lang='lat' dir='ltr'><strong>vero</strong></span> 
     </span>
    </p>
   </div>
   <div class='ocr_carea' id='block_1_56' title="bbox 460 4133 2048 4206">
    <p class='ocr_par' dir='ltr' id='par_1_56' title="bbox 460 4133 2048 4206">
     <span class='ocr_line' id='line_1_56' title="bbox 460 4133 2048 4206; baseline -0.002 -16"><span class='ocrx_word' id='word_1_327' title='bbox 460 4134 687 4190; x_wconf 88' lang='lat' dir='ltr'><strong>illorum</strong></span> <span class='ocrx_word' id='word_1_328' title='bbox 735 4135 1016 4206; x_wconf 73' lang='lat' dir='ltr'><strong>praebebat</strong></span> <span class='ocrx_word' id='word_1_329' title='bbox 1052 4135 1292 4206; x_wconf 86' lang='lat' dir='ltr'><strong>Spiritus</strong></span> <span class='ocrx_word' id='word_1_330' title='bbox 1341 4136 1577 4206; x_wconf 81' lang='lat' dir='ltr'><strong>gratiam</strong></span> <span class='ocrx_word' id='word_1_331' title='bbox 1621 4143 1675 4192; x_wconf 89' lang='lat' dir='ltr'><strong>et</strong></span> <span class='ocrx_word' id='word_1_332' title='bbox 1727 4133 2048 4200; x_wconf 85' lang='lat' dir='ltr'><strong>ellicaciam,</strong></span> 
     </span>
    </p>
   </div>
   <div class='ocr_carea' id='block_1_57' title="bbox 459 4227 2051 4300">
    <p class='ocr_par' dir='ltr' id='par_1_57' title="bbox 459 4227 2051 4300">
     <span class='ocr_line' id='line_1_57' title="bbox 459 4227 2051 4300; baseline -0.001 -16"><span class='ocrx_word' id='word_1_333' title='bbox 459 4243 641 4300; x_wconf 88' lang='lat' dir='ltr'><strong>neque</strong></span> <span class='ocrx_word' id='word_1_334' title='bbox 672 4229 1043 4284; x_wconf 87' lang='lat' dir='ltr'><strong>omnimodam</strong></span> <span class='ocrx_word' id='word_1_335' title='bbox 1076 4238 1430 4300; x_wconf 88' lang='lat' dir='ltr'><strong>peccatorum</strong></span> <span class='ocrx_word' id='word_1_336' title='bbox 1475 4229 1884 4285; x_wconf 87' lang='lat' dir='ltr'><strong>remissionem.</strong></span> <span class='ocrx_word' id='word_1_337' title='bbox 1917 4227 2051 4283; x_wconf 91' lang='lat' dir='ltr'><strong>Tale</strong></span> 
     </span>
    </p>
   </div>
   <div class='ocr_carea' id='block_1_58' title="bbox 461 4319 2052 4393">
    <p class='ocr_par' dir='ltr' id='par_1_58' title="bbox 461 4319 2052 4393">
     <span class='ocr_line' id='line_1_58' title="bbox 461 4319 2052 4393; baseline 0.001 -17"><span class='ocrx_word' id='word_1_338' title='bbox 461 4319 629 4376; x_wconf 75' lang='lat' dir='ltr'><strong>enim&#39;</strong></span> <span class='ocrx_word' id='word_1_339' title='bbox 657 4337 819 4393; x_wconf 88' lang='lat' dir='ltr'><strong>super</strong></span> <span class='ocrx_word' id='word_1_340' title='bbox 865 4338 1175 4378; x_wconf 83' lang='lat' dir='ltr'><strong>sermonem</strong></span> <span class='ocrx_word' id='word_1_341' title='bbox 1209 4324 1412 4377; x_wconf 90' lang='lat' dir='ltr'><strong>donum</strong></span> <span class='ocrx_word' id='word_1_342' title='bbox 1446 4329 1571 4392; x_wconf 86' lang='lat' dir='ltr'><strong>post</strong></span> <span class='ocrx_word' id='word_1_343' title='bbox 1600 4321 2052 4378; x_wconf 87' lang='lat' dir='ltr'><strong>distributionem</strong></span> 
     </span>
    </p>
   </div>
   <div class='ocr_carea' id='block_1_59' title="bbox 2126 1915 3728 1996">
    <p class='ocr_par' dir='ltr' id='par_1_59' title="bbox 2126 1915 3728 1996">
     <span class='ocr_line' id='line_1_59' title="bbox 2126 1915 3728 1996; baseline -0.007 -17"><span class='ocrx_word' id='word_1_344' title='bbox 2126 1926 2330 1996; x_wconf 81' lang='grc' dir='ltr'>ηρέτης</span> <span class='ocrx_word' id='word_1_345' title='bbox 2380 1923 2537 1995; x_wconf 68' lang='grc' dir='ltr'>ὤφθη</span> <span class='ocrx_word' id='word_1_346' title='bbox 2577 1923 2675 1978; x_wconf 86' lang='grc' dir='ltr'><strong>τοῦ</strong></span> <span class='ocrx_word' id='word_1_347' title='bbox 2719 1923 3120 1994; x_wconf 86' lang='grc' dir='ltr'>βαπτισματος.</span> <span class='ocrx_word' id='word_1_348' title='bbox 3176 1920 3287 1973; x_wconf 81' lang='grc' dir='ltr'><strong>Καὶ</strong></span> <span class='ocrx_word' id='word_1_349' title='bbox 3331 1918 3454 1971; x_wconf 86' lang='grc' dir='ltr'>τότε</span> <span class='ocrx_word' id='word_1_350' title='bbox 3487 1916 3586 1987; x_wconf 88' lang='grc' dir='ltr'>μὲν</span> <span class='ocrx_word' id='word_1_351' title='bbox 3617 1915 3728 1987; x_wconf 77' lang='grc' dir='ltr'>γὰρ</span> 
     </span>
    </p>
   </div>
   <div class='ocr_carea' id='block_1_60' title="bbox 2127 2006 3729 2085">
    <p class='ocr_par' dir='ltr' id='par_1_60' title="bbox 2127 2006 3729 2085">
     <span class='ocr_line' id='line_1_60' title="bbox 2127 2006 3729 2085; baseline -0.007 -15"><span class='ocrx_word' id='word_1_352' title='bbox 2127 2016 2447 2083; x_wconf 78' lang='grc' dir='ltr'>ἐϐάπτιζεν,</span> <span class='ocrx_word' id='word_1_353' title='bbox 2493 2017 2581 2069; x_wconf 80' lang='grc' dir='ltr'>ἵνα</span> <span class='ocrx_word' id='word_1_354' title='bbox 2616 2014 2863 2085; x_wconf 79' lang='grc' dir='ltr'>κηρύττη</span> <span class='ocrx_word' id='word_1_355' title='bbox 2895 2011 3007 2065; x_wconf 86' lang='grc' dir='ltr'><strong>τῶν</strong></span> <span class='ocrx_word' id='word_1_356' title='bbox 3041 2011 3379 2083; x_wconf 75' lang='grc' dir='ltr'>προσιόντων</span> <span class='ocrx_word' id='word_1_357' title='bbox 3422 2008 3502 2080; x_wconf 82' lang='grc' dir='ltr'><strong>τῷ</strong></span> <span class='ocrx_word' id='word_1_358' title='bbox 3529 2006 3729 2077; x_wconf 75' lang='grc' dir='ltr'>πλήθει</span> 
     </span>
    </p>
   </div>
   <div class='ocr_carea' id='block_1_61' title="bbox 2125 2099 3732 2179">
    <p class='ocr_par' dir='ltr' id='par_1_61' title="bbox 2125 2099 3732 2179">
     <span class='ocr_line' id='line_1_61' title="bbox 2125 2099 3732 2179; baseline -0.006 -16"><span class='ocrx_word' id='word_1_359' title='bbox 2125 2109 2220 2163; x_wconf 66' lang='grc' dir='ltr'><strong>τὸν</strong></span> <span class='ocrx_word' id='word_1_360' title='bbox 2247 2108 2426 2162; x_wconf 80' lang='grc' dir='ltr'>κοινὸν</span> <span class='ocrx_word' id='word_1_361' title='bbox 2455 2107 2686 2179; x_wconf 83' lang='grc' dir='ltr'>Σωτῆρα</span> <span class='ocrx_word' id='word_1_362' title='bbox 2730 2106 2825 2160; x_wconf 92' lang='grc' dir='ltr'><strong>τοῦ</strong></span> <span class='ocrx_word' id='word_1_363' title='bbox 2858 2107 3051 2176; x_wconf 84' lang='grc' dir='ltr'>γένους</span> <span class='ocrx_word' id='word_1_364' title='bbox 3075 2123 3088 2136; x_wconf 84' lang='grc'><strong>-</strong></span> <span class='ocrx_word' id='word_1_365' title='bbox 3127 2103 3222 2157; x_wconf 68' lang='grc' dir='ltr'>καὶ</span> <span class='ocrx_word' id='word_1_366' title='bbox 3257 2102 3489 2173; x_wconf 80' lang='grc' dir='ltr'>ὓστερον</span> <span class='ocrx_word' id='word_1_367' title='bbox 3533 2101 3590 2155; x_wconf 91' lang='grc' dir='ltr'><strong>δέ</strong></span> <span class='ocrx_word' id='word_1_368' title='bbox 3642 2099 3732 2153; x_wconf 77' lang='grc' dir='ltr'>ἵνα</span> 
     </span>
    </p>
   </div>
   <div class='ocr_carea' id='block_1_62' title="bbox 2135 2191 3734 2269">
    <p class='ocr_par' dir='ltr' id='par_1_62' title="bbox 2135 2191 3734 2269">
     <span class='ocr_line' id='line_1_62' title="bbox 2135 2191 3734 2269; baseline -0.004 -17"><span class='ocrx_word' id='word_1_369' title='bbox 2135 2199 2210 2269; x_wconf 79' lang='grc' dir='ltr'>μὴ</span> <span class='ocrx_word' id='word_1_370' title='bbox 2231 2198 2324 2254; x_wconf 78' lang='grc' dir='ltr'>τὸν</span> <span class='ocrx_word' id='word_1_371' title='bbox 2347 2199 2505 2254; x_wconf 80' lang='grc' dir='ltr'>τόνον</span> <span class='ocrx_word' id='word_1_372' title='bbox 2538 2199 2824 2269; x_wconf 84' lang='grc' dir='ltr'>ύποχαλῶν</span> <span class='ocrx_word' id='word_1_373' title='bbox 2853 2195 3141 2267; x_wconf 75' lang='grc' dir='ltr'><strong>ἐλεγχθείη</strong></span> <span class='ocrx_word' id='word_1_374' title='bbox 3179 2196 3280 2266; x_wconf 87' lang='grc' dir='ltr'><strong>τῆς</strong></span> <span class='ocrx_word' id='word_1_375' title='bbox 3316 2192 3578 2263; x_wconf 82' lang='grc' dir='ltr'>τοιαύτης</span> <span class='ocrx_word' id='word_1_376' title='bbox 3613 2191 3734 2246; x_wconf 83' lang='grc' dir='ltr'>θεο-</span> 
     </span>
    </p>
   </div>
   <div class='ocr_carea' id='block_1_63' title="bbox 2130 2286 3732 2364">
    <p class='ocr_par' dir='ltr' id='par_1_63' title="bbox 2130 2286 3732 2364">
     <span class='ocr_line' id='line_1_63' title="bbox 2130 2286 3732 2364; baseline -0.002 -20"><span class='ocrx_word' id='word_1_377' title='bbox 2130 2293 2321 2362; x_wconf 75' lang='grc' dir='ltr'>φιλοῦς</span> <span class='ocrx_word' id='word_1_378' title='bbox 2370 2291 2680 2364; x_wconf 77' lang='grc' dir='ltr'>μαρτυρίας</span> <span class='ocrx_word' id='word_1_379' title='bbox 2734 2291 2828 2345; x_wconf 76' lang='grc' dir='ltr'>καὶ</span> <span class='ocrx_word' id='word_1_380' title='bbox 2893 2287 3273 2362; x_wconf 86' lang='grc' dir='ltr'>ἀγιοπρεποῦς</span> <span class='ocrx_word' id='word_1_381' title='bbox 3324 2286 3732 2359; x_wconf 77' lang='grc' dir='ltr'>προαιρέσεως.</span> 
     </span>
    </p>
   </div>
   <div class='ocr_carea' id='block_1_64' title="bbox 2143 2377 3735 2454">
    <p class='ocr_par' dir='ltr' id='par_1_64' title="bbox 2143 2377 3735 2454">
     <span class='ocr_line' id='line_1_64' title="bbox 2143 2377 3735 2454; baseline -0.006 -16"><span class='ocrx_word' id='word_1_382' title='bbox 2143 2383 2467 2450; x_wconf 76' lang='grc' dir='ltr'>Ἐϐάπτιζον</span> <span class='ocrx_word' id='word_1_383' title='bbox 2523 2379 2618 2438; x_wconf 73' lang='grc' dir='ltr'>οὖν</span> <span class='ocrx_word' id='word_1_384' title='bbox 2669 2386 2718 2436; x_wconf 80' lang='grc' dir='ltr'>οἱ</span> <span class='ocrx_word' id='word_1_385' title='bbox 2766 2381 3010 2454; x_wconf 73' lang='grc' dir='ltr'>μαθηταὶ</span> <span class='ocrx_word' id='word_1_386' title='bbox 3041 2378 3137 2434; x_wconf 85' lang='grc' dir='ltr'><strong>τοῦ</strong></span> <span class='ocrx_word' id='word_1_387' title='bbox 3175 2380 3452 2449; x_wconf 83' lang='grc' dir='ltr'>Σωτῆρος,</span> <span class='ocrx_word' id='word_1_388' title='bbox 3487 2377 3581 2430; x_wconf 69' lang='grc' dir='ltr'><strong>τὸν</strong></span> <span class='ocrx_word' id='word_1_389' title='bbox 3620 2378 3735 2430; x_wconf 85' lang='grc' dir='ltr'><strong>Λυ-</strong></span> 
     </span>
    </p>
   </div>
   <div class='ocr_carea' id='block_1_65' title="bbox 2131 2468 3732 2548">
    <p class='ocr_par' dir='ltr' id='par_1_65' title="bbox 2131 2468 3732 2548">
     <span class='ocr_line' id='line_1_65' title="bbox 2131 2468 3732 2548; baseline -0.007 -16"><span class='ocrx_word' id='word_1_390' title='bbox 2131 2477 2347 2548; x_wconf 74' lang='grc' dir='ltr'>τοωτὴν</span> <span class='ocrx_word' id='word_1_391' title='bbox 2391 2476 2485 2529; x_wconf 82' lang='grc' dir='ltr'><strong>τοῦ</strong></span> <span class='ocrx_word' id='word_1_392' title='bbox 2538 2476 2732 2545; x_wconf 82' lang='grc' dir='ltr'>γένους</span> <span class='ocrx_word' id='word_1_393' title='bbox 2774 2474 3179 2546; x_wconf 82' lang='grc' dir='ltr'>κηρύττοντες’</span> <span class='ocrx_word' id='word_1_394' title='bbox 3217 2469 3482 2534; x_wconf 77' lang='grc' dir='ltr'>ἐϐάπτιζε</span> <span class='ocrx_word' id='word_1_395' title='bbox 3535 2468 3594 2522; x_wconf 81' lang='grc' dir='ltr'><strong>δέ</strong></span> <span class='ocrx_word' id='word_1_396' title='bbox 3636 2469 3732 2523; x_wconf 76' lang='grc' dir='ltr'>καὶ</span> 
     </span>
    </p>
   </div>
   <div class='ocr_carea' id='block_1_66' title="bbox 2153 2563 3737 2641">
    <p class='ocr_par' dir='ltr' id='par_1_66' title="bbox 2153 2563 3737 2641">
     <span class='ocr_line' id='line_1_66' title="bbox 2153 2563 3737 2641; baseline -0.005 -17"><span class='ocrx_word' id='word_1_397' title='bbox 2153 2570 2437 2641; x_wconf 80' lang='grc' dir='ltr'>Ἰωάννης,</span> <span class='ocrx_word' id='word_1_398' title='bbox 2468 2570 2694 2641; x_wconf 83' lang='grc' dir='ltr'><strong>ἀπαρχὴ</strong></span> <span class='ocrx_word' id='word_1_399' title='bbox 2729 2568 2828 2639; x_wconf 77' lang='grc' dir='ltr'>μὲν</span> <span class='ocrx_word' id='word_1_400' title='bbox 2857 2565 3214 2637; x_wconf 87' lang='grc' dir='ltr'>παράδειγμα</span> <span class='ocrx_word' id='word_1_401' title='bbox 3258 2565 3358 2634; x_wconf 88' lang='grc' dir='ltr'><strong>τῆς</strong></span> <span class='ocrx_word' id='word_1_402' title='bbox 3401 2563 3627 2618; x_wconf 81' lang='grc' dir='ltr'>ἐκείνων</span> <span class='ocrx_word' id='word_1_403' title='bbox 3659 2563 3737 2616; x_wconf 78' lang='lat' dir='ltr'><strong>Is-</strong></span> 
     </span>
    </p>
   </div>
   <div class='ocr_carea' id='block_1_67' title="bbox 2138 2655 3746 2737">
    <p class='ocr_par' dir='ltr' id='par_1_67' title="bbox 2138 2655 3746 2737">
     <span class='ocr_line' id='line_1_67' title="bbox 2138 2655 3746 2737; baseline -0.006 -20"><span class='ocrx_word' id='word_1_404' title='bbox 2138 2664 2238 2737; x_wconf 81' lang='grc' dir='ltr'><strong>ρᾶς</strong></span> <span class='ocrx_word' id='word_1_405' title='bbox 2273 2663 2542 2735; x_wconf 78' lang='grc' dir='ltr'>ἐργασίας</span> <span class='ocrx_word' id='word_1_406' title='bbox 2570 2661 2888 2733; x_wconf 86' lang='grc' dir='ltr'>γενόμενος,</span> <span class='ocrx_word' id='word_1_407' title='bbox 2924 2658 3404 2728; x_wconf 81' lang='grc' dir='ltr'>συνεφαπτόμενος</span> <span class='ocrx_word' id='word_1_408' title='bbox 3439 2656 3496 2709; x_wconf 83' lang='grc' dir='ltr'>δὲ</span> <span class='ocrx_word' id='word_1_409' title='bbox 3524 2655 3746 2720; x_wconf 75' lang='grc' dir='ltr'>τούτοις</span> 
     </span>
    </p>
   </div>
   <div class='ocr_carea' id='block_1_68' title="bbox 2140 2745 3742 2824">
    <p class='ocr_par' dir='ltr' id='par_1_68' title="bbox 2140 2745 3742 2824">
     <span class='ocr_line' id='line_1_68' title="bbox 2140 2745 3742 2824; baseline -0.007 -16"><span class='ocrx_word' id='word_1_410' title='bbox 2140 2753 2669 2824; x_wconf 77' lang='grc' dir='ltr'>συναγωνιζομένοις</span> <span class='ocrx_word' id='word_1_411' title='bbox 2710 2752 2808 2806; x_wconf 72' lang='grc' dir='ltr'>καὶ</span> <span class='ocrx_word' id='word_1_412' title='bbox 2867 2750 3130 2821; x_wconf 81' lang='grc' dir='ltr'>συνεργὸς</span> <span class='ocrx_word' id='word_1_413' title='bbox 3161 2749 3263 2818; x_wconf 84' lang='grc' dir='ltr'><strong>τῆς</strong></span> <span class='ocrx_word' id='word_1_414' title='bbox 3294 2747 3570 2819; x_wconf 86' lang='grc' dir='ltr'>σωτηρίου</span> <span class='ocrx_word' id='word_1_415' title='bbox 3602 2745 3742 2800; x_wconf 80' lang='grc' dir='ltr'>ταύ-</span> 
     </span>
    </p>
   </div>
   <div class='ocr_carea' id='block_1_69' title="bbox 2139 2837 3741 2918">
    <p class='ocr_par' dir='ltr' id='par_1_69' title="bbox 2139 2837 3741 2918">
     <span class='ocr_line' id='line_1_69' title="bbox 2139 2837 3741 2918; baseline -0.008 -16"><span class='ocrx_word' id='word_1_416' title='bbox 2139 2864 2238 2918; x_wconf 70' lang='grc' dir='ltr'><strong>⁸της</strong></span> <span class='ocrx_word' id='word_1_417' title='bbox 2276 2847 2372 2901; x_wconf 79' lang='grc' dir='ltr'>καὶ</span> <span class='ocrx_word' id='word_1_418' title='bbox 2405 2843 2818 2917; x_wconf 85' lang='grc' dir='ltr'>προκαθαρσίου</span> <span class='ocrx_word' id='word_1_419' title='bbox 2874 2841 3284 2911; x_wconf 80' lang='grc' dir='ltr'>καθιστάμενος</span> <span class='ocrx_word' id='word_1_420' title='bbox 3317 2839 3572 2910; x_wconf 85' lang='grc' dir='ltr'>πράξεως</span> <span class='ocrx_word' id='word_1_421' title='bbox 3595 2855 3609 2870; x_wconf 90' lang='grc'><strong>·</strong></span> <span class='ocrx_word' id='word_1_422' title='bbox 3643 2837 3741 2891; x_wconf 71' lang='grc' dir='ltr'>καὶ</span> 
     </span>
    </p>
   </div>
   <div class='ocr_carea' id='block_1_70' title="bbox 2141 2928 3743 3010">
    <p class='ocr_par' dir='ltr' id='par_1_70' title="bbox 2141 2928 3743 3010">
     <span class='ocr_line' id='line_1_70' title="bbox 2141 2928 3743 3010; baseline -0.006 -18"><span class='ocrx_word' id='word_1_423' title='bbox 2141 2939 2253 3010; x_wconf 78' lang='grc' dir='ltr'><strong>γάρ</strong></span> <span class='ocrx_word' id='word_1_424' title='bbox 2287 2938 2634 3008; x_wconf 82' lang='grc' dir='ltr'>ἀνακέκραγε</span> <span class='ocrx_word' id='word_1_425' title='bbox 2666 2934 2967 3006; x_wconf 82' lang='grc' dir='ltr'>βαπτίζων,</span> <span class='ocrx_word' id='word_1_426' title='bbox 3005 2931 3104 3004; x_wconf 80' lang='grc' dir='ltr'>τὴν</span> <span class='ocrx_word' id='word_1_427' title='bbox 3142 2931 3316 3002; x_wconf 81' lang='grc' dir='ltr'>Ἰησοῦ</span> <span class='ocrx_word' id='word_1_428' title='bbox 3342 2931 3477 2984; x_wconf 81' lang='grc' dir='ltr'>πᾶσι</span> <span class='ocrx_word' id='word_1_429' title='bbox 3507 2928 3743 2999; x_wconf 75' lang='grc' dir='ltr'>θεότητα</span> 
     </span>
    </p>
   </div>
   <div class='ocr_carea' id='block_1_71' title="bbox 2143 3019 3744 3104">
    <p class='ocr_par' dir='ltr' id='par_1_71' title="bbox 2143 3019 3744 3104">
     <span class='ocr_line' id='line_1_71' title="bbox 2143 3019 3744 3104; baseline -0.009 -17"><span class='ocrx_word' id='word_1_430' title='bbox 2143 3030 2673 3104; x_wconf 69' lang='grc' dir='ltr'>διαμαρτυρόμενος.</span> <span class='ocrx_word' id='word_1_431' title='bbox 2736 3025 2911 3080; x_wconf 87' lang='grc' dir='ltr'>Τοῦτο</span> <span class='ocrx_word' id='word_1_432' title='bbox 2961 3026 3075 3096; x_wconf 81' lang='grc' dir='ltr'>γὰρ</span> <span class='ocrx_word' id='word_1_433' title='bbox 3132 3027 3160 3078; x_wconf 91' lang='lat'><strong>6</strong></span> <span class='ocrx_word' id='word_1_434' title='bbox 3207 3023 3531 3094; x_wconf 80' lang='grc' dir='ltr'>ἐπουράνιος</span> <span class='ocrx_word' id='word_1_435' title='bbox 3558 3019 3744 3074; x_wconf 80' lang='grc' dir='ltr'>αὐτῶν</span> 
     </span>
    </p>
   </div>
   <div class='ocr_carea' id='block_1_72' title="bbox 2141 3111 3740 3195">
    <p class='ocr_par' dir='ltr' id='par_1_72' title="bbox 2141 3111 3740 3195">
     <span class='ocr_line' id='line_1_72' title="bbox 2141 3111 3740 3195; baseline -0.009 -17"><span class='ocrx_word' id='word_1_436' title='bbox 2141 3123 2371 3195; x_wconf 77' lang='grc' dir='ltr'>νυμφίος</span> <span class='ocrx_word' id='word_1_437' title='bbox 2411 3120 2692 3185; x_wconf 75' lang='grc' dir='ltr'>ἐϐούλετο,</span> <span class='ocrx_word' id='word_1_438' title='bbox 2725 3118 2822 3174; x_wconf 78' lang='grc' dir='ltr'>καὶ</span> <span class='ocrx_word' id='word_1_439' title='bbox 2851 3116 3296 3182; x_wconf 76' lang='grc' dir='ltr'>κατασκευάζειν</span> <span class='ocrx_word' id='word_1_440' title='bbox 3343 3111 3740 3177; x_wconf 80' lang='grc' dir='ltr'>ἐσπουδάζετο,</span> 
     </span>
    </p>
   </div>
   <div class='ocr_carea' id='block_1_73' title="bbox 2143 3207 3745 3285">
    <p class='ocr_par' dir='ltr' id='par_1_73' title="bbox 2143 3207 3745 3285">
     <span class='ocr_line' id='line_1_73' title="bbox 2143 3207 3745 3285; baseline -0.007 -13"><span class='ocrx_word' id='word_1_441' title='bbox 2143 3218 2242 3272; x_wconf 72' lang='grc' dir='ltr'>καὶ</span> <span class='ocrx_word' id='word_1_442' title='bbox 2267 3217 2296 3270; x_wconf 84' lang='grc' dir='ltr'><strong>ὁ</strong></span> <span class='ocrx_word' id='word_1_443' title='bbox 2339 3215 2462 3268; x_wconf 82' lang='grc' dir='ltr'>καθ’</span> <span class='ocrx_word' id='word_1_444' title='bbox 2496 3213 2807 3285; x_wconf 78' lang='grc' dir='ltr'>ὑπερϐολὴν</span> <span class='ocrx_word' id='word_1_445' title='bbox 2854 3211 3058 3282; x_wconf 79' lang='grc' dir='ltr'>μείζων</span> <span class='ocrx_word' id='word_1_446' title='bbox 3117 3211 3397 3275; x_wconf 84' lang='grc' dir='ltr'>ἁπάντων,</span> <span class='ocrx_word' id='word_1_447' title='bbox 3435 3208 3531 3261; x_wconf 75' lang='grc' dir='ltr'>καὶ</span> <span class='ocrx_word' id='word_1_448' title='bbox 3571 3209 3599 3262; x_wconf 88' lang='grc' dir='ltr'>ὁ</span> <span class='ocrx_word' id='word_1_449' title='bbox 3635 3207 3745 3260; x_wconf 69' lang='grc' dir='ltr'>ἀπὸ</span> 
     </span>
    </p>
   </div>
   <div class='ocr_carea' id='block_1_74' title="bbox 2143 3301 3745 3376">
    <p class='ocr_par' dir='ltr' id='par_1_74' title="bbox 2143 3301 3745 3376">
     <span class='ocr_line' id='line_1_74' title="bbox 2143 3301 3745 3376; baseline -0.006 -13"><span class='ocrx_word' id='word_1_450' title='bbox 2143 3309 2280 3363; x_wconf 77' lang='grc' dir='ltr'>Θεοῦ</span> <span class='ocrx_word' id='word_1_451' title='bbox 2305 3307 2744 3376; x_wconf 82' lang='grc' dir='ltr'>ἀπεσταλμένος,</span> <span class='ocrx_word' id='word_1_452' title='bbox 2799 3306 2895 3359; x_wconf 74' lang='grc' dir='ltr'>καὶ</span> <span class='ocrx_word' id='word_1_453' title='bbox 2922 3306 2950 3358; x_wconf 87' lang='grc' dir='ltr'><strong>ὀ</strong></span> <span class='ocrx_word' id='word_1_454' title='bbox 2997 3303 3135 3358; x_wconf 84' lang='grc' dir='ltr'>Θεοῦ</span> <span class='ocrx_word' id='word_1_455' title='bbox 3183 3304 3406 3375; x_wconf 79' lang='grc' dir='ltr'>ῥήματα</span> <span class='ocrx_word' id='word_1_456' title='bbox 3446 3301 3628 3355; x_wconf 85' lang='grc' dir='ltr'>λαλῶν</span> <span class='ocrx_word' id='word_1_457' title='bbox 3652 3302 3745 3353; x_wconf 63' lang='grc' dir='ltr'><strong>κει)⁸</strong></span> 
     </span>
    </p>
   </div>
   <div class='ocr_carea' id='block_1_75' title="bbox 2142 3395 3744 3470">
    <p class='ocr_par' dir='ltr' id='par_1_75' title="bbox 2142 3395 3744 3470">
     <span class='ocr_line' id='line_1_75' title="bbox 2142 3395 3744 3470; baseline -0.007 -13"><span class='ocrx_word' id='word_1_458' title='bbox 2142 3405 2171 3457; x_wconf 92' lang='lat'><strong>6</strong></span> <span class='ocrx_word' id='word_1_459' title='bbox 2195 3400 2378 3456; x_wconf 75' lang='grc' dir='ltr'>λαϐὼν</span> <span class='ocrx_word' id='word_1_460' title='bbox 2406 3400 2500 3454; x_wconf 70' lang='grc' dir='ltr'>καὶ</span> <span class='ocrx_word' id='word_1_461' title='bbox 2539 3399 2679 3470; x_wconf 79' lang='grc' dir='ltr'>ἔχων</span> <span class='ocrx_word' id='word_1_462' title='bbox 2706 3413 2768 3453; x_wconf 91' lang='grc' dir='ltr'><strong>το</strong></span> <span class='ocrx_word' id='word_1_463' title='bbox 2797 3397 3023 3468; x_wconf 81' lang='grc' dir='ltr'>Πνεῦμα</span> <span class='ocrx_word' id='word_1_464' title='bbox 3054 3397 3114 3450; x_wconf 86' lang='grc' dir='ltr'><strong>ού</strong></span> <span class='ocrx_word' id='word_1_465' title='bbox 3163 3397 3348 3468; x_wconf 80' lang='grc' dir='ltr'>μέτρῳ</span> <span class='ocrx_word' id='word_1_466' title='bbox 3389 3395 3600 3465; x_wconf 75' lang='grc' dir='ltr'>δωρεᾶς</span> <span class='ocrx_word' id='word_1_467' title='bbox 3651 3398 3744 3447; x_wconf 66' lang='grc' dir='ltr'>καὶ</span> 
     </span>
    </p>
   </div>
   <div class='ocr_carea' id='block_1_76' title="bbox 2145 3487 3746 3566">
    <p class='ocr_par' dir='ltr' id='par_1_76' title="bbox 2145 3487 3746 3566">
     <span class='ocr_line' id='line_1_76' title="bbox 2145 3487 3746 3566; baseline -0.006 -17"><span class='ocrx_word' id='word_1_468' title='bbox 2145 3495 2433 3566; x_wconf 86' lang='grc' dir='ltr'>ἐνεργείας</span> <span class='ocrx_word' id='word_1_469' title='bbox 2493 3491 2733 3563; x_wconf 79' lang='grc' dir='ltr'>μεθέξει,</span> <span class='ocrx_word' id='word_1_470' title='bbox 2804 3491 2997 3562; x_wconf 77' lang='grc' dir='ltr'>ὥσπερ</span> <span class='ocrx_word' id='word_1_471' title='bbox 3050 3489 3293 3552; x_wconf 76' lang='grc' dir='ltr'>ἅπαντες</span> <span class='ocrx_word' id='word_1_472' title='bbox 3347 3489 3397 3542; x_wconf 79' lang='grc' dir='ltr'>οἱ</span> <span class='ocrx_word' id='word_1_473' title='bbox 3446 3487 3746 3561; x_wconf 78' lang='grc' dir='ltr'>προφῆται,</span> 
     </span>
    </p>
   </div>
   <div class='ocr_carea' id='block_1_77' title="bbox 2148 3578 3747 3655">
    <p class='ocr_par' dir='ltr' id='par_1_77' title="bbox 2148 3578 3747 3655">
     <span class='ocr_line' id='line_1_77' title="bbox 2148 3578 3747 3655; baseline -0.007 -14"><span class='ocrx_word' id='word_1_474' title='bbox 2148 3587 2285 3642; x_wconf 89' lang='grc' dir='ltr'><strong>ἀλλά</strong></span> <span class='ocrx_word' id='word_1_475' title='bbox 2317 3585 2644 3655; x_wconf 86' lang='grc' dir='ltr'>συγγενείας</span> <span class='ocrx_word' id='word_1_476' title='bbox 2672 3583 2866 3654; x_wconf 85' lang='grc' dir='ltr'>δικαίῳ</span> <span class='ocrx_word' id='word_1_477' title='bbox 2893 3585 2990 3636; x_wconf 75' lang='grc' dir='ltr'>καὶ</span> <span class='ocrx_word' id='word_1_478' title='bbox 3030 3581 3358 3654; x_wconf 76' lang='grc' dir='ltr'>ὑπερουσίου</span> <span class='ocrx_word' id='word_1_479' title='bbox 3383 3578 3747 3650; x_wconf 80' lang='grc' dir='ltr'>ὁμοουσιότη-</span> 
     </span>
    </p>
   </div>
   <div class='ocr_carea' id='block_1_78' title="bbox 2148 3670 3748 3749">
    <p class='ocr_par' dir='ltr' id='par_1_78' title="bbox 2148 3670 3748 3749">
     <span class='ocr_line' id='line_1_78' title="bbox 2148 3670 3748 3749; baseline -0.006 -16"><span class='ocrx_word' id='word_1_480' title='bbox 2148 3697 2240 3743; x_wconf 87' lang='grc' dir='ltr'><strong>τος</strong></span> <span class='ocrx_word' id='word_1_481' title='bbox 2298 3677 2593 3749; x_wconf 82' lang='grc' dir='ltr'>ἀξιώματι.</span> <span class='ocrx_word' id='word_1_482' title='bbox 2649 3677 2724 3730; x_wconf 78' lang='grc' dir='ltr'>Τὸ</span> <span class='ocrx_word' id='word_1_483' title='bbox 2789 3676 2974 3747; x_wconf 78' lang='grc' dir='ltr'>μέντοι</span> <span class='ocrx_word' id='word_1_484' title='bbox 3033 3674 3320 3745; x_wconf 81' lang='grc' dir='ltr'>βάπτισμα</span> <span class='ocrx_word' id='word_1_485' title='bbox 3355 3672 3450 3726; x_wconf 86' lang='grc' dir='ltr'><strong>τοῦ</strong></span> <span class='ocrx_word' id='word_1_486' title='bbox 3498 3670 3748 3725; x_wconf 86' lang='grc' dir='ltr'>Ἰωάννου</span> 
     </span>
    </p>
   </div>
   <div class='ocr_carea' id='block_1_79' title="bbox 2150 3763 3748 3839">
    <p class='ocr_par' dir='ltr' id='par_1_79' title="bbox 2150 3763 3748 3839">
     <span class='ocr_line' id='line_1_79' title="bbox 2150 3763 3748 3839; baseline -0.008 -12"><span class='ocrx_word' id='word_1_487' title='bbox 2150 3771 2380 3828; x_wconf 75' lang='grc' dir='ltr'>καὶτῶν</span> <span class='ocrx_word' id='word_1_488' title='bbox 2415 3769 2675 3839; x_wconf 80' lang='grc' dir='ltr'>μαθητῶν</span> <span class='ocrx_word' id='word_1_489' title='bbox 2700 3767 2794 3822; x_wconf 90' lang='grc' dir='ltr'><strong>τοῦ</strong></span> <span class='ocrx_word' id='word_1_490' title='bbox 2831 3769 3083 3838; x_wconf 78' lang='grc' dir='ltr'>Σωτῆρος</span> <span class='ocrx_word' id='word_1_491' title='bbox 3117 3766 3295 3820; x_wconf 72' lang='grc' dir='ltr'>οὐδενὶ</span> <span class='ocrx_word' id='word_1_492' title='bbox 3324 3764 3569 3834; x_wconf 79' lang='grc' dir='ltr'>διαφόρῳ</span> <span class='ocrx_word' id='word_1_493' title='bbox 3609 3763 3748 3832; x_wconf 78' lang='grc' dir='ltr'>πλὴν</span> 
     </span>
    </p>
   </div>
   <div class='ocr_carea' id='block_1_80' title="bbox 2150 3849 3750 3936">
    <p class='ocr_par' dir='ltr' id='par_1_80' title="bbox 2150 3849 3750 3936">
     <span class='ocr_line' id='line_1_80' title="bbox 2150 3849 3750 3936; baseline -0.007 -16"><span class='ocrx_word' id='word_1_494' title='bbox 2150 3868 2249 3936; x_wconf 85' lang='grc' dir='ltr'><strong>τῆς</strong></span> <span class='ocrx_word' id='word_1_495' title='bbox 2275 3865 2385 3918; x_wconf 86' lang='grc' dir='ltr'>τῶν</span> <span class='ocrx_word' id='word_1_496' title='bbox 2415 3861 2730 3935; x_wconf 82' lang='grc' dir='ltr'>προσώπων</span> <span class='ocrx_word' id='word_1_497' title='bbox 2756 3859 3060 3930; x_wconf 85' lang='grc' dir='ltr'>ἐναλλαγῆς</span> <span class='ocrx_word' id='word_1_498' title='bbox 3100 3849 3435 3912; x_wconf 79' lang='grc' dir='ltr'>διεστέλλετο</span> <span class='ocrx_word' id='word_1_499' title='bbox 3459 3873 3476 3888; x_wconf 86' lang='grc'><strong>·</strong></span> <span class='ocrx_word' id='word_1_500' title='bbox 3510 3857 3607 3910; x_wconf 80' lang='grc' dir='ltr'>καὶ</span> <span class='ocrx_word' id='word_1_501' title='bbox 3640 3857 3750 3927; x_wconf 85' lang='grc' dir='ltr'><strong>γάρ</strong></span> 
     </span>
    </p>
   </div>
   <div class='ocr_carea' id='block_1_81' title="bbox 2153 3947 3752 4025">
    <p class='ocr_par' dir='ltr' id='par_1_81' title="bbox 2153 3947 3752 4025">
     <span class='ocr_line' id='line_1_81' title="bbox 2153 3947 3752 4025; baseline -0.006 -16"><span class='ocrx_word' id='word_1_502' title='bbox 2153 3955 2572 4025; x_wconf 80' lang='grc' dir='ltr'>παρεσκεύαζεν</span> <span class='ocrx_word' id='word_1_503' title='bbox 2613 3954 2713 4024; x_wconf 85' lang='grc' dir='ltr'>μὲν</span> <span class='ocrx_word' id='word_1_504' title='bbox 2743 3951 3002 4023; x_wconf 78' lang='grc' dir='ltr'>ἑκάτερον</span> <span class='ocrx_word' id='word_1_505' title='bbox 3038 3951 3220 4005; x_wconf 79' lang='grc' dir='ltr'>αὐτῶν</span> <span class='ocrx_word' id='word_1_506' title='bbox 3252 3949 3379 4014; x_wconf 73' lang='grc' dir='ltr'>τοὺς</span> <span class='ocrx_word' id='word_1_507' title='bbox 3412 3947 3752 4020; x_wconf 80' lang='grc' dir='ltr'>βαπτιζομέ-</span> 
     </span>
    </p>
   </div>
   <div class='ocr_carea' id='block_1_82' title="bbox 2155 4040 3750 4114">
    <p class='ocr_par' dir='ltr' id='par_1_82' title="bbox 2155 4040 3750 4114">
     <span class='ocr_line' id='line_1_82' title="bbox 2155 4040 3750 4114; baseline -0.004 -14"><span class='ocrx_word' id='word_1_508' title='bbox 2155 4064 2281 4111; x_wconf 85' lang='grc' dir='ltr'>νους</span> <span class='ocrx_word' id='word_1_509' title='bbox 2315 4045 2659 4114; x_wconf 85' lang='grc' dir='ltr'>ἐπιτηδείους</span> <span class='ocrx_word' id='word_1_510' title='bbox 2696 4044 2942 4112; x_wconf 84' lang='grc' dir='ltr'>ἔσεσθαι,</span> <span class='ocrx_word' id='word_1_511' title='bbox 2973 4043 3034 4097; x_wconf 82' lang='grc' dir='ltr'><strong>τὺ</strong></span> <span class='ocrx_word' id='word_1_512' title='bbox 3053 4043 3145 4096; x_wconf 75' lang='grc' dir='ltr'><strong>διὰ</strong></span> <span class='ocrx_word' id='word_1_513' title='bbox 3173 4041 3347 4112; x_wconf 82' lang='grc' dir='ltr'>πυρὸς</span> <span class='ocrx_word' id='word_1_514' title='bbox 3369 4041 3465 4096; x_wconf 74' lang='grc' dir='ltr'>καὶ</span> <span class='ocrx_word' id='word_1_515' title='bbox 3492 4040 3750 4111; x_wconf 82' lang='grc' dir='ltr'>Πνεύμα-</span> 
     </span>
    </p>
   </div>
   <div class='ocr_carea' id='block_1_83' title="bbox 2151 4133 3752 4208">
    <p class='ocr_par' dir='ltr' id='par_1_83' title="bbox 2151 4133 3752 4208">
     <span class='ocr_line' id='line_1_83' title="bbox 2151 4133 3752 4208; baseline -0.004 -16"><span class='ocrx_word' id='word_1_516' title='bbox 2151 4155 2246 4203; x_wconf 89' lang='grc' dir='ltr'><strong>τος</strong></span> <span class='ocrx_word' id='word_1_517' title='bbox 2301 4136 2772 4208; x_wconf 82' lang='grc' dir='ltr'>τελεσθησόμενον</span> <span class='ocrx_word' id='word_1_518' title='bbox 2817 4135 3082 4202; x_wconf 79' lang='grc' dir='ltr'>δέξασθαι</span> <span class='ocrx_word' id='word_1_519' title='bbox 3128 4133 3436 4205; x_wconf 84' lang='grc' dir='ltr'>βάπτισμα,</span> <span class='ocrx_word' id='word_1_520' title='bbox 3471 4133 3752 4203; x_wconf 81' lang='grc' dir='ltr'>οὐδέτερον</span> 
     </span>
    </p>
   </div>
   <div class='ocr_carea' id='block_1_84' title="bbox 2153 4227 3753 4301">
    <p class='ocr_par' dir='ltr' id='par_1_84' title="bbox 2153 4227 3753 4301">
     <span class='ocr_line' id='line_1_84' title="bbox 2153 4227 3753 4301; baseline -0.005 -16"><span class='ocrx_word' id='word_1_521' title='bbox 2153 4231 2212 4285; x_wconf 92' lang='grc' dir='ltr'><strong>δέ</strong></span> <span class='ocrx_word' id='word_1_522' title='bbox 2246 4228 2426 4284; x_wconf 87' lang='grc' dir='ltr'>αύτῶν</span> <span class='ocrx_word' id='word_1_523' title='bbox 2460 4233 2724 4301; x_wconf 85' lang='grc' dir='ltr'>παρεῖχεν</span> <span class='ocrx_word' id='word_1_524' title='bbox 2747 4227 2844 4300; x_wconf 84' lang='grc' dir='ltr'>τὴν</span> <span class='ocrx_word' id='word_1_525' title='bbox 2877 4227 2971 4280; x_wconf 86' lang='grc' dir='ltr'><strong>τοῦ</strong></span> <span class='ocrx_word' id='word_1_526' title='bbox 3004 4229 3327 4297; x_wconf 82' lang='grc' dir='ltr'>Πνεύματος</span> <span class='ocrx_word' id='word_1_527' title='bbox 3353 4227 3516 4300; x_wconf 85' lang='grc' dir='ltr'>χάριν</span> <span class='ocrx_word' id='word_1_528' title='bbox 3547 4227 3643 4280; x_wconf 71' lang='grc' dir='ltr'>καὶ</span> <span class='ocrx_word' id='word_1_529' title='bbox 3662 4227 3753 4278; x_wconf 89' lang='grc' dir='ltr'>ἐν-</span> 
     </span>
    </p>
   </div>
   <div class='ocr_carea' id='block_1_85' title="bbox 2156 4318 3756 4396">
    <p class='ocr_par' dir='ltr' id='par_1_85' title="bbox 2156 4318 3756 4396">
     <span class='ocr_line' id='line_1_85' title="bbox 2156 4318 3756 4396; baseline -0.004 -19"><span class='ocrx_word' id='word_1_530' title='bbox 2156 4323 2400 4396; x_wconf 81' lang='grc' dir='ltr'>έργειαν,</span> <span class='ocrx_word' id='word_1_531' title='bbox 2442 4319 2565 4373; x_wconf 83' lang='grc' dir='ltr'><strong>ούδέ</strong></span> <span class='ocrx_word' id='word_1_532' title='bbox 2603 4320 2703 4391; x_wconf 84' lang='grc' dir='ltr'>τὴν</span> <span class='ocrx_word' id='word_1_533' title='bbox 2735 4318 2975 4390; x_wconf 85' lang='grc' dir='ltr'>παντελῆ</span> <span class='ocrx_word' id='word_1_534' title='bbox 3025 4319 3136 4372; x_wconf 84' lang='grc' dir='ltr'><strong>τῶν</strong></span> <span class='ocrx_word' id='word_1_535' title='bbox 3191 4319 3610 4389; x_wconf 83' lang='grc' dir='ltr'>ἁμαρτημάτων</span> <span class='ocrx_word' id='word_1_536' title='bbox 3649 4319 3756 4387; x_wconf 69' lang='grc' dir='ltr'><strong>ἄφ-</strong></span> 
     </span>
    </p>
   </div>
   <div class='ocr_carea' id='block_1_86' title="bbox 463 4411 2038 4499">
    <p class='ocr_par' dir='ltr' id='par_1_86' title="bbox 463 4414 2038 4488">
     <span class='ocr_line' id='line_1_86' title="bbox 463 4414 2038 4488; baseline 0.003 -19"><span class='ocrx_word' id='word_1_537' title='bbox 463 4414 765 4486; x_wconf 85' lang='lat' dir='ltr'><strong>ignitarum</strong></span> <span class='ocrx_word' id='word_1_538' title='bbox 814 4415 1127 4484; x_wconf 79' lang='lat' dir='ltr'><strong>linguarum</strong></span> <span class='ocrx_word' id='word_1_539' title='bbox 1178 4423 1236 4471; x_wconf 90' lang='lat' dir='ltr'><strong>et</strong></span> <span class='ocrx_word' id='word_1_540' title='bbox 1263 4430 1362 4486; x_wconf 91' lang='lat' dir='ltr'><strong>per</strong></span> <span class='ocrx_word' id='word_1_541' title='bbox 1409 4416 1558 4486; x_wconf 90' lang='lat' dir='ltr'><strong>ipsas</strong></span> <span class='ocrx_word' id='word_1_542' title='bbox 1607 4415 1784 4473; x_wconf 89' lang='lat' dir='ltr'><strong>sancti</strong></span> <span class='ocrx_word' id='word_1_543' title='bbox 1813 4414 2038 4488; x_wconf 71' lang='lat' dir='ltr'><strong>Spiritu:</strong></span> 
     </span>
    </p>
   </div>
   <div class='ocr_carea' id='block_1_87' title="bbox 2142 4411 3756 4499">
    <p class='ocr_par' dir='ltr' id='par_1_87' title="bbox 2161 4411 3756 4483">
     <span class='ocr_line' id='line_1_87' title="bbox 2161 4411 3756 4483; baseline -0.006 -12"><span class='ocrx_word' id='word_1_544' title='bbox 2161 4433 2299 4471; x_wconf 89' lang='grc' dir='ltr'>εσιν.</span> <span class='ocrx_word' id='word_1_545' title='bbox 2343 4413 2410 4468; x_wconf 87' lang='grc' dir='ltr'><strong>Ἦ</strong></span> <span class='ocrx_word' id='word_1_546' title='bbox 2441 4413 2665 4481; x_wconf 82' lang='grc' dir='ltr'>τοιαύτη</span> <span class='ocrx_word' id='word_1_547' title='bbox 2713 4411 2823 4483; x_wconf 77' lang='grc' dir='ltr'><strong>γὰρ</strong></span> <span class='ocrx_word' id='word_1_548' title='bbox 2867 4412 3007 4482; x_wconf 82' lang='grc' dir='ltr'>ὑπὲρ</span> <span class='ocrx_word' id='word_1_549' title='bbox 3054 4413 3213 4481; x_wconf 88' lang='grc' dir='ltr'>λόγον</span> <span class='ocrx_word' id='word_1_550' title='bbox 3261 4411 3442 4482; x_wconf 87' lang='grc' dir='ltr'>δωρεά</span> <span class='ocrx_word' id='word_1_551' title='bbox 3477 4411 3617 4482; x_wconf 83' lang='grc' dir='ltr'><strong>μετά</strong></span> <span class='ocrx_word' id='word_1_552' title='bbox 3655 4411 3756 4480; x_wconf 82' lang='grc' dir='ltr'>τὴν</span> 
     </span>
    </p>
   </div>
   <div class='ocr_carea' id='block_1_88' title="bbox 463 4506 1508 4579">
    <p class='ocr_par' dir='ltr' id='par_1_88' title="bbox 463 4506 1508 4579">
     <span class='ocr_line' id='line_1_88' title="bbox 463 4506 1508 4579; baseline 0 -15"><span class='ocrx_word' id='word_1_553' title='bbox 463 4506 816 4578; x_wconf 66' lang='lat' dir='ltr'><strong>praesentiam</strong></span> <span class='ocrx_word' id='word_1_554' title='bbox 853 4507 1148 4579; x_wconf 86' lang='lat' dir='ltr'><strong>baptizatis</strong></span> <span class='ocrx_word' id='word_1_555' title='bbox 1176 4507 1508 4566; x_wconf 87' lang='lat' dir='ltr'><strong>donabatur.</strong></span> 
     </span>
    </p>
   </div>
   <div class='ocr_carea' id='block_1_89' title="bbox 800 4797 1734 4873">
    <p class='ocr_par' dir='ltr' id='par_1_89' title="bbox 800 4797 1734 4873">
     <span class='ocr_line' id='line_1_89' title="bbox 800 4797 1734 4873; baseline -0.003 -16"><span class='ocrx_word' id='word_1_556' title='bbox 800 4799 1132 4869; x_wconf 56' lang='lat' dir='ltr'><strong>quasue</strong></span> <span class='ocrx_word' id='word_1_557' title='bbox 1171 4799 1358 4861; x_wconf 84' lang='lat' dir='ltr'><strong>Lvnt.</strong></span> <span class='ocrx_word' id='word_1_558' title='bbox 1402 4799 1515 4873; x_wconf 76' lang='lat' dir='ltr'><strong>[AL</strong></span> <span class='ocrx_word' id='word_1_559' title='bbox 1545 4797 1734 4873; x_wconf 83' lang='lat' dir='ltr'><strong>Lvn.]</strong></span> 
     </span>
    </p>
   </div>
   <div class='ocr_carea' id='block_1_90' title="bbox 469 4892 2062 4966">
    <p class='ocr_par' dir='ltr' id='par_1_90' title="bbox 469 4892 2062 4966">
     <span class='ocr_line' id='line_1_90' title="bbox 469 4892 2062 4966; baseline 0 -17"><span class='ocrx_word' id='word_1_560' title='bbox 469 4892 649 4965; x_wconf 82' lang='lat' dir='ltr'><strong>Quare</strong></span> <span class='ocrx_word' id='word_1_561' title='bbox 681 4894 886 4966; x_wconf 81' lang='lat' dir='ltr'><strong>Moyses</strong></span> <span class='ocrx_word' id='word_1_562' title='bbox 910 4895 1200 4966; x_wconf 44' lang='lat' dir='ltr'><strong>sequacium</strong></span> <span class='ocrx_word' id='word_1_563' title='bbox 1235 4894 1448 4965; x_wconf 85' lang='lat' dir='ltr'><strong>genesin</strong></span> <span class='ocrx_word' id='word_1_564' title='bbox 1477 4895 1839 4965; x_wconf 84' lang='lat' dir='ltr'><strong>genealogiam</strong></span> <span class='ocrx_word' id='word_1_565' title='bbox 1883 4905 2062 4950; x_wconf 79' lang='lat' dir='ltr'><strong>texens</strong></span> 
     </span>
    </p>
   </div>
   <div class='ocr_carea' id='block_1_91' title="bbox 539 4964 2064 5037">
    <p class='ocr_par' dir='ltr' id='par_1_91' title="bbox 539 4964 2064 5037">
     <span class='ocr_line' id='line_1_91' title="bbox 539 4964 2064 5037; baseline -0.001 -18"><span class='ocrx_word' id='word_1_566' title='bbox 539 4964 942 5037; x_wconf 84' lang='lat' dir='ltr'><strong>principatuum</strong></span> <span class='ocrx_word' id='word_1_567' title='bbox 967 4964 1134 5028; x_wconf 85' lang='lat' dir='ltr'><strong>Esau,</strong></span> <span class='ocrx_word' id='word_1_568' title='bbox 1167 4964 1501 5037; x_wconf 71' lang='lat' dir='ltr'><strong>reliquorum</strong></span> <span class='ocrx_word' id='word_1_569' title='bbox 1516 4964 1728 5034; x_wconf 80' lang='lat' dir='ltr'><strong>quidem</strong></span> <span class='ocrx_word' id='word_1_570' title='bbox 1749 4966 2064 5034; x_wconf 79' lang='lat' dir='ltr'><strong>simpliciter</strong></span> 
     </span>
    </p>
   </div>
   <div class='ocr_carea' id='block_1_92' title="bbox 546 5035 2062 5104">
    <p class='ocr_par' dir='ltr' id='par_1_92' title="bbox 546 5035 2062 5104">
     <span class='ocr_line' id='line_1_92' title="bbox 546 5035 2062 5104; baseline -0.001 -12"><span class='ocrx_word' id='word_1_571' title='bbox 546 5038 692 5092; x_wconf 84' lang='lat' dir='ltr'><strong>nuda</strong></span> <span class='ocrx_word' id='word_1_572' title='bbox 719 5046 950 5092; x_wconf 84' lang='lat' dir='ltr'><strong>recenset</strong></span> <span class='ocrx_word' id='word_1_573' title='bbox 986 5038 1225 5094; x_wconf 86' lang='lat' dir='ltr'><strong>nomina.</strong></span> <span class='ocrx_word' id='word_1_574' title='bbox 1267 5035 1342 5088; x_wconf 79' lang='lat' dir='ltr'><strong>ad-</strong></span> <span class='ocrx_word' id='word_1_575' title='bbox 1371 5036 1543 5104; x_wconf 5' lang='lat' dir='ltr'><strong>Aginan</strong></span> <span class='ocrx_word' id='word_1_576' title='bbox 1572 5051 1693 5090; x_wconf 84' lang='lat' dir='ltr'><strong>vero</strong></span> <span class='ocrx_word' id='word_1_577' title='bbox 1721 5038 2062 5104; x_wconf 82' lang='lat' dir='ltr'><strong>progrediens</strong></span> 
     </span>
    </p>
   </div>
   <div class='ocr_carea' id='block_1_93' title="bbox 541 5103 2063 5178">
    <p class='ocr_par' dir='ltr' id='par_1_93' title="bbox 541 5103 2063 5178">
     <span class='ocr_line' id='line_1_93' title="bbox 541 5103 2063 5178; baseline -0.003 -14"><span class='ocrx_word' id='word_1_578' title='bbox 541 5110 618 5164; x_wconf 83' lang='lat' dir='ltr'><strong>ait</strong></span> <span class='ocrx_word' id='word_1_579' title='bbox 647 5125 664 5163; x_wconf 89' lang='lat'><strong><em>:</em></strong></span> <span class='ocrx_word' id='word_1_580' title='bbox 692 5127 711 5159; x_wconf 82' lang='grc' dir='ltr'><strong>ι</strong></span> <span class='ocrx_word' id='word_1_581' title='bbox 755 5107 864 5163; x_wconf 83' lang='lat' dir='ltr'><strong>Iste</strong></span> <span class='ocrx_word' id='word_1_582' title='bbox 905 5117 982 5161; x_wconf 84' lang='lat' dir='ltr'><strong>est</strong></span> <span class='ocrx_word' id='word_1_583' title='bbox 1021 5107 1112 5178; x_wconf 85' lang='lat' dir='ltr'><strong>qui</strong></span> <span class='ocrx_word' id='word_1_584' title='bbox 1146 5107 1356 5178; x_wconf 72' lang='lat' dir='ltr'><strong>invenit</strong></span> <span class='ocrx_word' id='word_1_585' title='bbox 1394 5103 1568 5178; x_wconf 78' lang='lat' dir='ltr'><strong>lamin</strong></span> <span class='ocrx_word' id='word_1_586' title='bbox 1592 5103 1888 5178; x_wconf 79' lang='lat' dir='ltr'><strong>in_deserto</strong></span> <span class='ocrx_word' id='word_1_587' title='bbox 1943 5123 2063 5160; x_wconf 86' lang='lat' dir='ltr'><strong>cum</strong></span> 
     </span>
    </p>
   </div>
   <div class='ocr_carea' id='block_1_94' title="bbox 542 5175 2067 5253">
    <p class='ocr_par' dir='ltr' id='par_1_94' title="bbox 542 5175 2067 5253">
     <span class='ocr_line' id='line_1_94' title="bbox 542 5175 2067 5253; baseline -0.001 -20"><span class='ocrx_word' id='word_1_588' title='bbox 542 5188 783 5253; x_wconf 84' lang='lat' dir='ltr'><strong>pasceret</strong></span> <span class='ocrx_word' id='word_1_589' title='bbox 801 5175 1107 5253; x_wconf 79' lang='lat' dir='ltr'><strong>subjugalia</strong></span> <span class='ocrx_word' id='word_1_590' title='bbox 1132 5177 1328 5246; x_wconf 87' lang='lat' dir='ltr'><strong>Seegon</strong></span> <span class='ocrx_word' id='word_1_591' title='bbox 1349 5177 1520 5245; x_wconf 82' lang='lat' dir='ltr'><strong>patris</strong></span> <span class='ocrx_word' id='word_1_592' title='bbox 1547 5177 1632 5253; x_wconf 77' lang='lat' dir='ltr'><strong>sui</strong></span> <span class='ocrx_word' id='word_1_593' title='bbox 1651 5175 1677 5228; x_wconf 82' lang='lat'><strong><em>?</em></strong></span> <span class='ocrx_word' id='word_1_594' title='bbox 1705 5195 1723 5227; x_wconf 74' lang='grc' dir='ltr'><strong>ι</strong></span> <span class='ocrx_word' id='word_1_595' title='bbox 1748 5177 1879 5253; x_wconf 66' lang='lat' dir='ltr'><strong>quid</strong></span> <span class='ocrx_word' id='word_1_596' title='bbox 1903 5179 2067 5247; x_wconf 86' lang='lat' dir='ltr'><strong>igitur</strong></span> 
     </span>
    </p>
   </div>
   <div class='ocr_carea' id='block_1_95' title="bbox 541 5246 2064 5378">
    <p class='ocr_par' dir='ltr' id='par_1_95' title="bbox 541 5246 2064 5378">
     <span class='ocr_line' id='line_1_95' title="bbox 541 5246 2064 5378; baseline -0.001 -74"><span class='ocrx_word' id='word_1_597' title='bbox 541 5246 1086 5378; x_wconf 53' lang='grc' dir='ltr'>Ξειὺςιιιοάγὶηὐεὶιὶιῖ</span> <span class='ocrx_word' id='word_1_598' title='bbox 1127 5258 1179 5304; x_wconf 77' lang='lat' dir='ltr'><strong>et</strong></span> <span class='ocrx_word' id='word_1_599' title='bbox 1221 5262 1386 5319; x_wconf 87' lang='lat' dir='ltr'><strong>quare</strong></span> <span class='ocrx_word' id='word_1_600' title='bbox 1413 5249 1676 5303; x_wconf 88' lang='lat' dir='ltr'><strong>mentione</strong></span> <span class='ocrx_word' id='word_1_601' title='bbox 1723 5246 1947 5318; x_wconf 82' lang='lat' dir='ltr'><strong>dignum</strong></span> <span class='ocrx_word' id='word_1_602' title='bbox 1988 5259 2064 5303; x_wconf 83' lang='lat' dir='ltr'><strong>est</strong></span> 
     </span>
     <span class='ocr_line' id='line_1_96' title="bbox 585 5330 788 5376; baseline -0.02 0"><span class='ocrx_word' id='word_1_603' title='bbox 585 5341 614 5376; x_wconf 82' lang='grc' dir='ltr'>α</span> <span class='ocrx_word' id='word_1_604' title='bbox 653 5330 788 5375; x_wconf 76' lang='lat' dir='ltr'><strong>stum</strong></span> 
     </span>
    </p>
   </div>
   <div class='ocr_carea' id='block_1_96' title="bbox 585 5330 788 5376">
    <p class='ocr_par' dir='ltr' id='par_1_96' title="bbox 585 5330 788 5376">
     <span class='ocr_line' id='line_1_97' title="bbox 585 5330 788 5376; baseline -0.02 0"><span class='ocrx_word' id='word_1_605' title='bbox 585 5330 788 5376; x_wconf 81' lang='lat' dir='ltr'><strong>abitum</strong></span> 
     </span>
    </p>
   </div>
   <div class='ocr_carea' id='block_1_97' title="bbox 2154 4503 3759 4579">
    <p class='ocr_par' dir='ltr' id='par_1_97' title="bbox 2154 4503 3759 4579">
     <span class='ocr_line' id='line_1_98' title="bbox 2154 4503 3759 4579; baseline -0.006 -14"><span class='ocrx_word' id='word_1_606' title='bbox 2154 4507 2415 4579; x_wconf 78' lang='grc' dir='ltr'>διανομὴν</span> <span class='ocrx_word' id='word_1_607' title='bbox 2463 4505 2575 4559; x_wconf 83' lang='grc' dir='ltr'>τῶν</span> <span class='ocrx_word' id='word_1_608' title='bbox 2622 4505 2866 4576; x_wconf 89' lang='grc' dir='ltr'>πυρίνων</span> <span class='ocrx_word' id='word_1_609' title='bbox 2911 4503 3175 4573; x_wconf 84' lang='grc' dir='ltr'>γλωσσῶν</span> <span class='ocrx_word' id='word_1_610' title='bbox 3210 4505 3305 4558; x_wconf 71' lang='grc' dir='ltr'>καὶ</span> <span class='ocrx_word' id='word_1_611' title='bbox 3349 4503 3448 4574; x_wconf 86' lang='grc' dir='ltr'>τὴν</span> <span class='ocrx_word' id='word_1_612' title='bbox 3478 4503 3546 4556; x_wconf 79' lang='grc' dir='ltr'><strong>δι’</strong></span> <span class='ocrx_word' id='word_1_613' title='bbox 3576 4503 3759 4556; x_wconf 75' lang='grc' dir='ltr'>αὐτῶν</span> 
     </span>
    </p>
   </div>
   <div class='ocr_carea' id='block_1_98' title="bbox 2160 4593 3762 4666">
    <p class='ocr_par' dir='ltr' id='par_1_98' title="bbox 2160 4593 3762 4666">
     <span class='ocr_line' id='line_1_99' title="bbox 2160 4593 3762 4666; baseline -0.006 -13"><span class='ocrx_word' id='word_1_614' title='bbox 2160 4599 2256 4654; x_wconf 88' lang='grc' dir='ltr'><strong>τοῦ</strong></span> <span class='ocrx_word' id='word_1_615' title='bbox 2287 4595 2444 4665; x_wconf 86' lang='grc' dir='ltr'>ἁγίου</span> <span class='ocrx_word' id='word_1_616' title='bbox 2477 4594 2800 4666; x_wconf 86' lang='grc' dir='ltr'>Πνεύματος</span> <span class='ocrx_word' id='word_1_617' title='bbox 2849 4593 3158 4666; x_wconf 77' lang='grc' dir='ltr'>παρουσίαν</span> <span class='ocrx_word' id='word_1_618' title='bbox 3187 4596 3302 4657; x_wconf 84' lang='grc' dir='ltr'>τοῖς</span> <span class='ocrx_word' id='word_1_619' title='bbox 3333 4593 3762 4666; x_wconf 76' lang='grc' dir='ltr'>βαπτιζομένοις</span> 
     </span>
    </p>
   </div>
   <div class='ocr_carea' id='block_1_99' title="bbox 2160 4687 2479 4764">
    <p class='ocr_par' dir='ltr' id='par_1_99' title="bbox 2160 4687 2479 4764">
     <span class='ocr_line' id='line_1_100' title="bbox 2160 4687 2479 4764; baseline -0.013 -18"><span class='ocrx_word' id='word_1_620' title='bbox 2160 4687 2479 4764; x_wconf 80' lang='grc' dir='ltr'>ἐχαρίζετο.</span> 
     </span>
    </p>
   </div>
   <div class='ocr_carea' id='block_1_100' title="bbox 2718 4797 3216 4855">
    <p class='ocr_par' dir='ltr' id='par_1_100' title="bbox 2718 4797 3216 4855">
     <span class='ocr_line' id='line_1_101' title="bbox 2718 4797 3216 4855; baseline -0.002 0"><span class='ocrx_word' id='word_1_621' title='bbox 2718 4799 3056 4855; x_wconf 80' lang='grc' dir='ltr'><strong>ΕΡΩἸἩΣΙΣ</strong></span> <span class='ocrx_word' id='word_1_622' title='bbox 3081 4797 3216 4854; x_wconf 80' lang='lat' dir='ltr'><strong>NH’.</strong></span> 
     </span>
    </p>
   </div>
   <div class='ocr_carea' id='block_1_101' title="bbox 2167 4890 3764 4964">
    <p class='ocr_par' dir='ltr' id='par_1_101' title="bbox 2167 4890 3764 4964">
     <span class='ocr_line' id='line_1_102' title="bbox 2167 4890 3764 4964; baseline -0.007 -9"><span class='ocrx_word' id='word_1_623' title='bbox 2167 4898 2340 4964; x_wconf 86' lang='grc' dir='ltr'>Τίνος</span> <span class='ocrx_word' id='word_1_624' title='bbox 2350 4896 2560 4950; x_wconf 76' lang='grc' dir='ltr'>ἕνεκεν</span> <span class='ocrx_word' id='word_1_625' title='bbox 2576 4897 2608 4950; x_wconf 86' lang='grc' dir='ltr'><em>ὀ</em></span> <span class='ocrx_word' id='word_1_626' title='bbox 2631 4893 2855 4960; x_wconf 84' lang='grc' dir='ltr'>Μωσῆς</span> <span class='ocrx_word' id='word_1_627' title='bbox 2874 4892 3026 4948; x_wconf 80' lang='grc' dir='ltr'>κατὰ</span> <span class='ocrx_word' id='word_1_628' title='bbox 3054 4892 3171 4960; x_wconf 78' lang='grc' dir='ltr'><strong>τὴν</strong></span> <span class='ocrx_word' id='word_1_629' title='bbox 3191 4890 3457 4964; x_wconf 55' lang='grc' dir='ltr'>Γένεσιιή</span> <span class='ocrx_word' id='word_1_630' title='bbox 3480 4894 3764 4964; x_wconf 62' lang='grc' dir='ltr'>γενεαλο-</span> 
     </span>
    </p>
   </div>
   <div class='ocr_carea' id='block_1_102' title="bbox 2235 4962 3766 5039">
    <p class='ocr_par' dir='ltr' id='par_1_102' title="bbox 2235 4962 3766 5039">
     <span class='ocr_line' id='line_1_103' title="bbox 2235 4962 3766 5039; baseline -0.005 -19"><span class='ocrx_word' id='word_1_631' title='bbox 2235 4962 2360 5039; x_wconf 56' lang='grc' dir='ltr'><strong>τῶν</strong></span> <span class='ocrx_word' id='word_1_632' title='bbox 2387 4968 2513 5039; x_wconf 47' lang='grc' dir='ltr'>-τὰς</span> <span class='ocrx_word' id='word_1_633' title='bbox 2569 4966 2893 5039; x_wconf 59' lang='grc' dir='ltr'>ἡγεμονίας</span> <span class='ocrx_word' id='word_1_634' title='bbox 2948 4964 3135 5039; x_wconf 65' lang='grc' dir='ltr'>Ἡσαῦ</span> <span class='ocrx_word' id='word_1_635' title='bbox 3162 5003 3176 5024; x_wconf 88' lang='grc'><strong>,</strong></span> <span class='ocrx_word' id='word_1_636' title='bbox 3202 4962 3349 5039; x_wconf 64' lang='grc' dir='ltr'><strong>τῶν</strong></span> <span class='ocrx_word' id='word_1_637' title='bbox 3386 4962 3518 5039; x_wconf 31' lang='grc' dir='ltr'><strong>μὲν.</strong></span> <span class='ocrx_word' id='word_1_638' title='bbox 3557 4962 3766 5039; x_wconf 48' lang='lat' dir='ltr'><strong>dilegi-</strong></span> 
     </span>
    </p>
   </div>
   <div class='ocr_carea' id='block_1_103' title="bbox 2241 5032 3768 5106">
    <p class='ocr_par' dir='ltr' id='par_1_103' title="bbox 2241 5032 3768 5106">
     <span class='ocr_line' id='line_1_104' title="bbox 2241 5032 3768 5106; baseline -0.006 -12"><span class='ocrx_word' id='word_1_639' title='bbox 2241 5032 2451 5104; x_wconf 67' lang='grc' dir='ltr'>ἅπλῶς</span> <span class='ocrx_word' id='word_1_640' title='bbox 2484 5032 2641 5106; x_wconf 65' lang='grc' dir='ltr'><em>ψιλὰ</em></span> <span class='ocrx_word' id='word_1_641' title='bbox 2660 5035 2957 5104; x_wconf 81' lang='grc' dir='ltr'>διέρχεται</span> <span class='ocrx_word' id='word_1_642' title='bbox 2982 5035 3079 5106; x_wconf 31' lang='grc' dir='ltr'>τὰῄ</span> <span class='ocrx_word' id='word_1_643' title='bbox 3103 5035 3389 5106; x_wconf 70' lang='grc' dir='ltr'>ὀνόματα,</span> <span class='ocrx_word' id='word_1_644' title='bbox 3425 5032 3626 5106; x_wconf 50' lang='grc' dir='ltr'>ἐπὶ-δέ</span> <span class='ocrx_word' id='word_1_645' title='bbox 3658 5033 3768 5106; x_wconf 63' lang='grc' dir='ltr'><strong>τῷν</strong></span> 
     </span>
    </p>
   </div>
   <div class='ocr_carea' id='block_1_104' title="bbox 2244 5100 3769 5176">
    <p class='ocr_par' dir='ltr' id='par_1_104' title="bbox 2244 5100 3769 5176">
     <span class='ocr_line' id='line_1_105' title="bbox 2244 5100 3769 5176; baseline -0.007 -11"><span class='ocrx_word' id='word_1_646' title='bbox 2244 5100 2442 5165; x_wconf 51' lang='grc' dir='ltr'><strong>Αὶνᾶῦ</strong></span> <span class='ocrx_word' id='word_1_647' title='bbox 2457 5100 2657 5163; x_wconf 58' lang='grc' dir='ltr'>ἐλθὼν</span> <span class='ocrx_word' id='word_1_648' title='bbox 2679 5100 2873 5176; x_wconf 49' lang='lat' dir='ltr'><strong>pndis;</strong></span> <span class='ocrx_word' id='word_1_649' title='bbox 2897 5123 2910 5176; x_wconf 63' lang='grc' dir='ltr'>ὲ</span> <span class='ocrx_word' id='word_1_650' title='bbox 2952 5124 2970 5156; x_wconf 85' lang='grc' dir='ltr'><strong>ι</strong></span> <span class='ocrx_word' id='word_1_651' title='bbox 2997 5100 3188 5170; x_wconf 83' lang='grc' dir='ltr'>Οὗτός</span> <span class='ocrx_word' id='word_1_652' title='bbox 3208 5100 3390 5158; x_wconf 50' lang='grc' dir='ltr'>’ἐστιν</span> <span class='ocrx_word' id='word_1_653' title='bbox 3411 5103 3480 5176; x_wconf 73' lang='grc' dir='ltr'><strong>ὃς</strong></span> <span class='ocrx_word' id='word_1_654' title='bbox 3495 5101 3636 5172; x_wconf 73' lang='grc' dir='ltr'>εὗρε</span> <span class='ocrx_word' id='word_1_655' title='bbox 3659 5103 3769 5155; x_wconf 79' lang='grc' dir='ltr'><strong>τὸν</strong></span> 
     </span>
    </p>
   </div>
   <div class='ocr_carea' id='block_1_105' title="bbox 2253 5174 3768 5247">
    <p class='ocr_par' dir='ltr' id='par_1_105' title="bbox 2253 5174 3768 5247">
     <span class='ocr_line' id='line_1_106' title="bbox 2253 5174 3768 5247; baseline -0.004 -14"><span class='ocrx_word' id='word_1_656' title='bbox 2253 5178 2436 5247; x_wconf 80' lang='grc' dir='ltr'><strong>Ἰαμὶν</strong></span> <span class='ocrx_word' id='word_1_657' title='bbox 2463 5179 2535 5232; x_wconf 80' lang='grc' dir='ltr'>ἐν</span> <span class='ocrx_word' id='word_1_658' title='bbox 2563 5176 2637 5245; x_wconf 76' lang='grc' dir='ltr'><strong>τῇ</strong></span> <span class='ocrx_word' id='word_1_659' title='bbox 2661 5174 2860 5246; x_wconf 78' lang='grc' dir='ltr'>ἐρήμῳ</span> <span class='ocrx_word' id='word_1_660' title='bbox 2883 5175 3183 5247; x_wconf 15' lang='grc' dir='ltr'>ὅτεᾲὲνεμε</span> <span class='ocrx_word' id='word_1_661' title='bbox 3209 5176 3280 5247; x_wconf 72' lang='grc' dir='ltr'>τὰ</span> <span class='ocrx_word' id='word_1_662' title='bbox 3298 5174 3768 5247; x_wconf 34' lang='grc' dir='ltr'>ῥποζύγιαΑΣεξ-</span> 
     </span>
    </p>
   </div>
   <div class='ocr_carea' id='block_1_106' title="bbox 2240 5240 3768 5320">
    <p class='ocr_par' dir='ltr' id='par_1_106' title="bbox 2240 5240 3768 5320">
     <span class='ocr_line' id='line_1_107' title="bbox 2240 5240 3768 5320; baseline -0.002 -16"><span class='ocrx_word' id='word_1_663' title='bbox 2240 5240 2364 5320; x_wconf 57' lang='grc' dir='ltr'>γὼῶο</span> <span class='ocrx_word' id='word_1_664' title='bbox 2399 5248 2506 5303; x_wconf 79' lang='grc' dir='ltr'><strong>τοῦ</strong></span> <span class='ocrx_word' id='word_1_665' title='bbox 2565 5240 2790 5320; x_wconf 46' lang='lat' dir='ltr'><strong>author}</strong></span> <span class='ocrx_word' id='word_1_666' title='bbox 2829 5240 3059 5320; x_wconf 58' lang='lat' dir='ltr'><strong>homo;</strong></span> <span class='ocrx_word' id='word_1_667' title='bbox 3094 5240 3122 5297; x_wconf 70' lang='grc' dir='ltr'>ι’</span> <span class='ocrx_word' id='word_1_668' title='bbox 3159 5240 3368 5320; x_wconf 29' lang='grc' dir='ltr'>τίμοιξν</span> <span class='ocrx_word' id='word_1_669' title='bbox 3396 5240 3573 5299; x_wconf 75' lang='grc' dir='ltr'>ἐστιν</span> <span class='ocrx_word' id='word_1_670' title='bbox 3600 5244 3632 5299; x_wconf 87' lang='grc' dir='ltr'><em>ὃ</em></span> <span class='ocrx_word' id='word_1_671' title='bbox 3663 5240 3768 5302; x_wconf 82' lang='grc' dir='ltr'><strong>εὖ·</strong></span> 
     </span>
    </p>
   </div>
   <div class='ocr_carea' id='block_1_107' title="bbox 2235 5314 3485 5388">
    <p class='ocr_par' dir='ltr' id='par_1_107' title="bbox 2235 5314 3485 5388">
     <span class='ocr_line' id='line_1_108' title="bbox 2235 5314 3485 5388; baseline -0.002 -14"><span class='ocrx_word' id='word_1_672' title='bbox 2235 5314 2301 5388; x_wconf 80' lang='grc' dir='ltr'><strong>ρε</strong></span> <span class='ocrx_word' id='word_1_673' title='bbox 2319 5336 2338 5385; x_wconf 88' lang='lat'><strong>;</strong></span> <span class='ocrx_word' id='word_1_674' title='bbox 2359 5320 2458 5373; x_wconf 81' lang='grc' dir='ltr'><strong>καὶ</strong></span> <span class='ocrx_word' id='word_1_675' title='bbox 2498 5319 2659 5384; x_wconf 71' lang='grc' dir='ltr'>τίνος</span> <span class='ocrx_word' id='word_1_676' title='bbox 2681 5314 2870 5372; x_wconf 53' lang='grc' dir='ltr'>’ἕνεκα</span> <span class='ocrx_word' id='word_1_677' title='bbox 2893 5316 3139 5387; x_wconf 80' lang='grc' dir='ltr'>μνήμης</span> <span class='ocrx_word' id='word_1_678' title='bbox 3163 5314 3437 5382; x_wconf 76' lang='grc' dir='ltr'>ἀξιοῦται</span> <span class='ocrx_word' id='word_1_679' title='bbox 3460 5333 3485 5381; x_wconf 78' lang='lat'><strong>;</strong></span> 
     </span>
    </p>
   </div>
   <div class='ocr_carea' id='block_1_108' title="bbox 1445 5458 2678 5524">
    <p class='ocr_par' dir='ltr' id='par_1_108' title="bbox 1445 5458 2678 5524">
     <span class='ocr_line' id='line_1_109' title="bbox 1445 5458 2678 5524; baseline -0.002 -14"><span class='ocrx_word' id='word_1_680' title='bbox 1445 5458 1633 5510; x_wconf 82' lang='lat' dir='ltr'><strong>Edilaa</strong></span> <span class='ocrx_word' id='word_1_681' title='bbox 1657 5458 1803 5521; x_wconf 81' lang='lat' dir='ltr'><strong>Maio,</strong></span> <span class='ocrx_word' id='word_1_682' title='bbox 1834 5460 1870 5510; x_wconf 93' lang='grc'><strong>1.</strong></span> <span class='ocrx_word' id='word_1_683' title='bbox 1898 5472 1964 5521; x_wconf 89' lang='lat' dir='ltr'><strong>c.,</strong></span> <span class='ocrx_word' id='word_1_684' title='bbox 1986 5474 2035 5524; x_wconf 88' lang='lat' dir='ltr'><strong>p.</strong></span> <span class='ocrx_word' id='word_1_685' title='bbox 2061 5459 2144 5510; x_wconf 80' lang='lat'><strong>66.</strong></span> <span class='ocrx_word' id='word_1_686' title='bbox 2174 5460 2232 5511; x_wconf 86' lang='lat' dir='ltr'><strong>In</strong></span> <span class='ocrx_word' id='word_1_687' title='bbox 2258 5462 2373 5511; x_wconf 83' lang='lat' dir='ltr'><strong>Gen.</strong></span> <span class='ocrx_word' id='word_1_688' title='bbox 2401 5471 2573 5519; x_wconf 64' lang='grc' dir='ltr'>χχχιιι,</span> <span class='ocrx_word' id='word_1_689' title='bbox 2599 5458 2678 5508; x_wconf 74' lang='grc'><strong>21.</strong></span> 
     </span>
    </p>
   </div>
   <div class='ocr_carea' id='block_1_109' title="bbox 554 5561 2067 5640">
    <p class='ocr_par' dir='ltr' id='par_1_109' title="bbox 554 5561 2067 5640">
     <span class='ocr_line' id='line_1_110' title="bbox 554 5561 2067 5640; baseline 0.005 -23"><span class='ocrx_word' id='word_1_690' title='bbox 554 5561 783 5635; x_wconf 82' lang='lat' dir='ltr'><strong>Syriaca</strong></span> <span class='ocrx_word' id='word_1_691' title='bbox 812 5580 919 5620; x_wconf 78' lang='lat' dir='ltr'><strong>vox</strong></span> <span class='ocrx_word' id='word_1_692' title='bbox 953 5563 1158 5631; x_wconf 81' lang='lat' dir='ltr'><strong>lamin,</strong></span> <span class='ocrx_word' id='word_1_693' title='bbox 1205 5565 1314 5633; x_wconf 85' lang='lat' dir='ltr'><strong>vel,</strong></span> <span class='ocrx_word' id='word_1_694' title='bbox 1346 5574 1407 5622; x_wconf 89' lang='lat' dir='ltr'><strong>ut</strong></span> <span class='ocrx_word' id='word_1_695' title='bbox 1451 5568 1646 5640; x_wconf 84' lang='lat' dir='ltr'><strong>aliqui,</strong></span> <span class='ocrx_word' id='word_1_696' title='bbox 1677 5567 1908 5632; x_wconf 87' lang='lat' dir='ltr'><strong>Elmein,</strong></span> <span class='ocrx_word' id='word_1_697' title='bbox 1941 5567 2067 5624; x_wconf 80' lang='lat' dir='ltr'><strong>fon-</strong></span> 
     </span>
    </p>
   </div>
   <div class='ocr_carea' id='block_1_110' title="bbox 479 5656 2067 5733">
    <p class='ocr_par' dir='ltr' id='par_1_110' title="bbox 479 5656 2067 5733">
     <span class='ocr_line' id='line_1_111' title="bbox 479 5656 2067 5733; baseline 0.003 -19"><span class='ocrx_word' id='word_1_698' title='bbox 479 5665 590 5714; x_wconf 90' lang='lat' dir='ltr'><strong>tem</strong></span> <span class='ocrx_word' id='word_1_699' title='bbox 630 5656 983 5725; x_wconf 89' lang='lat' dir='ltr'><strong>denominat;</strong></span> <span class='ocrx_word' id='word_1_700' title='bbox 1038 5659 1218 5717; x_wconf 80' lang='lat' dir='ltr'><strong>fontes</strong></span> <span class='ocrx_word' id='word_1_701' title='bbox 1271 5675 1404 5715; x_wconf 88' lang='lat' dir='ltr'><strong>vero</strong></span> <span class='ocrx_word' id='word_1_702' title='bbox 1452 5669 1509 5718; x_wconf 89' lang='lat' dir='ltr'><strong>et</strong></span> <span class='ocrx_word' id='word_1_703' title='bbox 1558 5663 1709 5733; x_wconf 90' lang='lat' dir='ltr'><strong>putei</strong></span> <span class='ocrx_word' id='word_1_704' title='bbox 1758 5662 2067 5718; x_wconf 76' lang='lat' dir='ltr'><strong>desiderata</strong></span> 
     </span>
    </p>
   </div>
   <div class='ocr_carea' id='block_1_111' title="bbox 2259 5565 3768 5642">
    <p class='ocr_par' dir='ltr' id='par_1_111' title="bbox 2259 5565 3768 5642">
     <span class='ocr_line' id='line_1_112' title="bbox 2259 5565 3768 5642; baseline -0.003 -20"><span class='ocrx_word' id='word_1_705' title='bbox 2259 5567 2325 5622; x_wconf 84' lang='lat' dir='ltr'><strong>&#39;H</strong></span> <span class='ocrx_word' id='word_1_706' title='bbox 2341 5569 2488 5642; x_wconf 89' lang='grc' dir='ltr'>Σύρα</span> <span class='ocrx_word' id='word_1_707' title='bbox 2523 5567 2676 5640; x_wconf 82' lang='grc' dir='ltr'>φωνὴ</span> <span class='ocrx_word' id='word_1_708' title='bbox 2707 5566 2801 5621; x_wconf 82' lang='grc' dir='ltr'>τὸν</span> <span class='ocrx_word' id='word_1_709' title='bbox 2841 5565 3023 5637; x_wconf 77' lang='grc' dir='ltr'>Ἰαμίν</span> <span class='ocrx_word' id='word_1_710' title='bbox 3051 5567 3085 5638; x_wconf 82' lang='grc' dir='ltr'>ἢ</span> <span class='ocrx_word' id='word_1_711' title='bbox 3115 5566 3192 5631; x_wconf 84' lang='grc' dir='ltr'><strong>ὡς</strong></span> <span class='ocrx_word' id='word_1_712' title='bbox 3213 5565 3346 5620; x_wconf 77' lang='grc' dir='ltr'>ἔνιοι</span> <span class='ocrx_word' id='word_1_713' title='bbox 3384 5565 3476 5620; x_wconf 73' lang='grc' dir='ltr'><strong>τὸν</strong></span> <span class='ocrx_word' id='word_1_714' title='bbox 3513 5565 3768 5635; x_wconf 71' lang='grc' dir='ltr'><strong>Ἐλμεῒνν</strong></span> 
     </span>
    </p>
   </div>
   <div class='ocr_carea' id='block_1_112' title="bbox 2183 5658 3769 5733">
    <p class='ocr_par' dir='ltr' id='par_1_112' title="bbox 2183 5658 3769 5733">
     <span class='ocr_line' id='line_1_113' title="bbox 2183 5658 3769 5733; baseline -0.001 -19"><span class='ocrx_word' id='word_1_715' title='bbox 2183 5662 2366 5733; x_wconf 52' lang='grc' dir='ltr'><strong>ιπηγὴν</strong></span> <span class='ocrx_word' id='word_1_716' title='bbox 2394 5661 2571 5716; x_wconf 78' lang='grc' dir='ltr'>ἐθέλει</span> <span class='ocrx_word' id='word_1_717' title='bbox 2602 5660 2817 5716; x_wconf 76' lang='grc' dir='ltr'>καλεϊνο</span> <span class='ocrx_word' id='word_1_718' title='bbox 2847 5662 2904 5715; x_wconf 85' lang='grc' dir='ltr'>αἱ</span> <span class='ocrx_word' id='word_1_719' title='bbox 2935 5661 3109 5731; x_wconf 72' lang='grc' dir='ltr'>πηγαὶ</span> <span class='ocrx_word' id='word_1_720' title='bbox 3138 5660 3196 5714; x_wconf 78' lang='grc' dir='ltr'><strong>δέ</strong></span> <span class='ocrx_word' id='word_1_721' title='bbox 3229 5659 3324 5714; x_wconf 70' lang='grc' dir='ltr'>καὶ</span> <span class='ocrx_word' id='word_1_722' title='bbox 3344 5658 3413 5713; x_wconf 71' lang='grc' dir='ltr'><strong>τὰ</strong></span> <span class='ocrx_word' id='word_1_723' title='bbox 3440 5659 3653 5729; x_wconf 80' lang='grc' dir='ltr'>φρέατα</span> <span class='ocrx_word' id='word_1_724' title='bbox 3675 5675 3769 5713; x_wconf 82' lang='grc' dir='ltr'>πε-</span> 
     </span>
    </p>
   </div>
   <div class='ocr_carea' id='block_1_113' title="bbox 481 5749 2038 5826">
    <p class='ocr_par' dir='ltr' id='par_1_113' title="bbox 481 5751 2038 5822">
     <span class='ocr_line' id='line_1_114' title="bbox 481 5751 2038 5822; baseline 0.002 -17"><span class='ocrx_word' id='word_1_725' title='bbox 481 5756 643 5805; x_wconf 86' lang='lat' dir='ltr'><strong>erant</strong></span> <span class='ocrx_word' id='word_1_726' title='bbox 678 5764 768 5806; x_wconf 84' lang='lat' dir='ltr'><strong>res</strong></span> <span class='ocrx_word' id='word_1_727' title='bbox 808 5751 877 5806; x_wconf 85' lang='lat' dir='ltr'><strong>iis</strong></span> <span class='ocrx_word' id='word_1_728' title='bbox 912 5751 1005 5822; x_wconf 86' lang='lat' dir='ltr'><strong>qui</strong></span> <span class='ocrx_word' id='word_1_729' title='bbox 1059 5766 1125 5806; x_wconf 81' lang='lat' dir='ltr'><strong>ex</strong></span> <span class='ocrx_word' id='word_1_730' title='bbox 1178 5751 1491 5819; x_wconf 84' lang='lat' dir='ltr'><strong>Abraham;</strong></span> <span class='ocrx_word' id='word_1_731' title='bbox 1522 5769 1647 5809; x_wconf 89' lang='lat' dir='ltr'><strong>cum</strong></span> <span class='ocrx_word' id='word_1_732' title='bbox 1695 5753 1845 5809; x_wconf 89' lang='lat' dir='ltr'><strong>enim</strong></span> <span class='ocrx_word' id='word_1_733' title='bbox 1890 5771 2038 5809; x_wconf 75' lang='lat' dir='ltr'><strong>esset:</strong></span> 
     </span>
    </p>
   </div>
   <div class='ocr_carea' id='block_1_114' title="bbox 2142 5749 3768 5826">
    <p class='ocr_par' dir='ltr' id='par_1_114' title="bbox 2187 5749 3768 5826">
     <span class='ocr_line' id='line_1_115' title="bbox 2187 5749 3768 5826; baseline -0.003 -20"><span class='ocrx_word' id='word_1_734' title='bbox 2187 5751 2576 5826; x_wconf 81' lang='grc' dir='ltr'>ρισπούδαστον</span> <span class='ocrx_word' id='word_1_735' title='bbox 2608 5751 2822 5824; x_wconf 81' lang='grc' dir='ltr'>ὑπῆρχε</span> <span class='ocrx_word' id='word_1_736' title='bbox 2850 5751 3042 5823; x_wconf 84' lang='grc' dir='ltr'>χρῆμα</span> <span class='ocrx_word' id='word_1_737' title='bbox 3074 5751 3184 5814; x_wconf 80' lang='grc' dir='ltr'>τοῖς</span> <span class='ocrx_word' id='word_1_738' title='bbox 3223 5749 3282 5816; x_wconf 83' lang='grc' dir='ltr'>ἐξ</span> <span class='ocrx_word' id='word_1_739' title='bbox 3320 5749 3573 5822; x_wconf 74' lang='grc' dir='ltr'>Ἀϐραάμ</span> <span class='ocrx_word' id='word_1_740' title='bbox 3600 5765 3615 5780; x_wconf 73' lang='grc' dir='ltr'><strong>ο</strong></span> <span class='ocrx_word' id='word_1_741' title='bbox 3653 5767 3768 5805; x_wconf 73' lang='grc' dir='ltr'>πει-</span> 
     </span>
    </p>
   </div>
   <div class='ocr_carea' id='block_1_115' title="bbox 484 5844 2073 5917">
    <p class='ocr_par' dir='ltr' id='par_1_115' title="bbox 484 5844 2073 5917">
     <span class='ocr_line' id='line_1_116' title="bbox 484 5844 2073 5917; baseline 0.003 -21"><span class='ocrx_word' id='word_1_742' title='bbox 484 5849 736 5914; x_wconf 80' lang='lat' dir='ltr'><strong>pastores</strong></span> <span class='ocrx_word' id='word_1_743' title='bbox 759 5852 812 5900; x_wconf 87' lang='lat' dir='ltr'><strong>et</strong></span> <span class='ocrx_word' id='word_1_744' title='bbox 835 5844 1206 5902; x_wconf 82' lang='lat' dir='ltr'><strong>substantiam</strong></span> <span class='ocrx_word' id='word_1_745' title='bbox 1239 5853 1406 5902; x_wconf 85' lang='lat' dir='ltr'><strong>totam</strong></span> <span class='ocrx_word' id='word_1_746' title='bbox 1448 5844 1551 5902; x_wconf 84' lang='lat' dir='ltr'><strong>sibi</strong></span> <span class='ocrx_word' id='word_1_747' title='bbox 1590 5855 1972 5917; x_wconf 86' lang='lat' dir='ltr'><strong>compararent</strong></span> <span class='ocrx_word' id='word_1_748' title='bbox 2003 5860 2073 5901; x_wconf 74' lang='lat' dir='ltr'><strong>ex</strong></span> 
     </span>
    </p>
   </div>
   <div class='ocr_carea' id='block_1_116' title="bbox 2191 5842 3766 5917">
    <p class='ocr_par' dir='ltr' id='par_1_116' title="bbox 2191 5842 3766 5917">
     <span class='ocr_line' id='line_1_117' title="bbox 2191 5842 3766 5917; baseline 0.001 -19"><span class='ocrx_word' id='word_1_749' title='bbox 2191 5844 2350 5916; x_wconf 74' lang='grc' dir='ltr'>μένες</span> <span class='ocrx_word' id='word_1_750' title='bbox 2377 5845 2485 5917; x_wconf 69' lang='grc' dir='ltr'><strong>γὰρ</strong></span> <span class='ocrx_word' id='word_1_751' title='bbox 2515 5844 2667 5910; x_wconf 78' lang='grc' dir='ltr'>ὄντες</span> <span class='ocrx_word' id='word_1_752' title='bbox 2698 5845 2792 5900; x_wconf 68' lang='grc' dir='ltr'>καὶ</span> <span class='ocrx_word' id='word_1_753' title='bbox 2819 5845 2910 5900; x_wconf 64' lang='grc' dir='ltr'>τὸν</span> <span class='ocrx_word' id='word_1_754' title='bbox 2937 5845 3048 5916; x_wconf 84' lang='grc' dir='ltr'>βίον</span> <span class='ocrx_word' id='word_1_755' title='bbox 3078 5845 3197 5901; x_wconf 69' lang='grc' dir='ltr'>ὅλον</span> <span class='ocrx_word' id='word_1_756' title='bbox 3243 5842 3558 5914; x_wconf 77' lang='grc' dir='ltr'>ποιούμενοι</span> <span class='ocrx_word' id='word_1_757' title='bbox 3585 5843 3766 5914; x_wconf 59' lang='lat' dir='ltr'><strong>sicsi;</strong></span> 
     </span>
    </p>
   </div>
  </div>
