4144 6508
368 461 479 528 405

1179 465 1280 526 AD
1311 463 1912 531 AMPHILOCHIUM
1945 463 2294 540 QU.ESTIO
2331 467 2679 531 LVII—LIX.

3547 475 3653 542 406

365 582 480 636 τῶν
511 580 802 654 προϐάτων
833 580 1240 653 πολυπληθείας
1266 600 1325 637 τε
1351 586 1449 638 καὶ
1477 583 1755 655 εὐθηνίας,
1785 584 1956 640 πολὺν

2059 586 2246 640 ovium
2293 600 2494 654 magno
2545 599 2776 640 numero
2822 592 2876 640 et
2907 587 3295 657 prosperitate,
3351 591 3534 661 magni
3575 590 3654 646 fa-

367 673 528 743 λόγον
555 667 703 744 εἶχον
728 673 837 729 τῶν
863 675 1059 745 πηγῶν
1080 675 1173 729 καὶ
1195 676 1446 748 φρεάτων
1472 693 1486 707 ο
1515 677 1610 732 ἅτε
1633 678 1696 749 δὴ
1721 680 1822 750 τῆς
1839 695 1963 751 τρο-

368 765 481 837 φῆς
511 765 573 820 οὗ
598 767 735 819 πολὺ
762 765 986 821 ἔλαττον
1011 767 1133 821 οὐδὲ
1163 767 1258 820 τοῦ
1295 768 1542 840 πόματος
1571 770 1962 824 καταπιαίνον-

368 874 463 921 τος
494 858 590 912 καὶ
616 857 951 923 διατιθέντος
1006 861 1100 914 ἐπὶ
1133 859 1194 912 τὸ
1240 860 1466 931 ἄμεινον
1504 859 1572 914 τὰ
1601 860 1949 930 βοσκήματα.

367 951 529 1006 Οὕτω
552 950 618 1022 δὴ
651 951 902 1020 φαίνεται
933 952 1028 1005 καὶ
1056 955 1084 1006 6
1125 953 1380 1024 Ἀϐραὰμ
1411 953 1507 1007 καὶ
1524 951 1692 1024 ἄλλης
1719 951 1962 1005 ἀπολαύ-

365 1062 467 1110 σας
495 1045 651 1115 παρά
680 1043 775 1098 τοῦ
823 1045 1114 1117 Ἀϐιμέλεχ
1141 1045 1459 1155 θερᾝτείας,
1496 1045 1597 1099 οὐκ
1629 1043 1958 1115 ἀγνωμοσύ-

365 1156 465 1208 νην
520 1137 816 1208 ᾐτούμενος
868 1137 1167 1207 διελέγχειν
1218 1134 1378 1192 αὗτὸν
1419 1139 1547 1209 περὶ
1591 1137 1691 1207 τῆς
1725 1134 1960 1207 ἀφαιρέ⁹

367 1245 509 1292 σεως
549 1221 625 1280 ὧν
669 1227 833 1290 αὐτδς
882 1227 1200 1297 ἀνωρύξατο
1259 1229 1513 1300 φρεάτων
1539 1245 1555 1261 ο
1591 1227 1700 1281 οὐδ’
1747 1229 1958 1291 ἐκεῖνος

365 1320 458 1374 τὸν
487 1320 712 1390 ἔλεγχον
745 1318 1075 1391 μυκτηρίζει
1099 1335 1113 1351 ο
1137 1321 1353 1390 ἀγνοεῖν
1374 1320 1430 1374 δὲ
1457 1320 1557 1392 τὴν
1579 1317 1780 1391 πρᾶξιν
1807 1319 1958 1389 παρὰ

363 1413 473 1468 τῶν
501 1412 670 1468 αὐτοῦ
703 1412 1056 1484 θεραπόντων
1089 1413 1459 1485 τολμηθεῖσαν
1487 1413 1842 1484 ὑποκρίνεται
1863 1412 1958 1464 καὶ

364 1504 712 1567 σπουδάζειό
752 1504 1009 1576 Ἀϐραάμ
1061 1504 1148 1558 διά
1196 1504 1306 1559 τῶν
1365 1503 1509 1558 ἑπτὰ
1557 1503 1816 1574 ἀμνάδων
1857 1501 1956 1573 τὴν

361 1596 459 1652 τοῦ
505 1596 802 1667 Ἀϐιμέλεχ
830 1595 1123 1668 ὁμολογίαν
1154 1595 1231 1660 ὡς
1261 1595 1348 1666 εἴη
1381 1597 1444 1649 τὸ
1473 1597 1651 1668 φρέαρ
1677 1595 1838 1667 ἔργον
1861 1596 1955 1648 καὶ

362 1690 525 1751 πόνος
541 1687 634 1741 τοῦ
666 1687 921 1758 Ἀϐραάμ
944 1686 1350 1758 βεϐαιώσασθαι
1376 1704 1391 1719 ο
1416 1688 1510 1740 καὶ
1533 1688 1692 1758 ὅρκος
1717 1691 1812 1740 καὶ
1832 1703 1958 1738 συν-

363 1781 532 1851 θῆκαι
585 1779 942 1850 προϐαίνουσι
965 1795 977 1808 °
1013 1779 1108 1832 καὶ
1135 1781 1169 1850 ἡ
1202 1779 1354 1850 πηγὴ
1391 1777 1662 1848 λαμϐάνει
1717 1778 1816 1850 τὴν
1849 1779 1949 1829 ἐπ-

362 1873 612 1942 ωνυμίαν
643 1872 750 1926 ἀπὸ
779 1873 876 1943 τῆς
901 1871 1156 1942 πράξεως
1207 1869 1383 1942 φρέαρ
1440 1868 1741 1942 Ὀρκισμοῦ
1768 1871 1957 1923 ἐπονο-

365 1965 672 2036 μασθεῖσα·
702 1964 795 2020 καὶ
829 1967 877 2018 οῖ
911 1964 1231 2036 Φυλιστιεὶμ
1269 1964 1328 2017 δὲ
1374 1963 1551 2035 χρόνῳ
1587 1961 1816 2034 ὕστερον
1853 1963 1954 2033 τῆς
1988 1951 2028 2006 Β

365 2058 506 2124 ιδίας
539 2056 724 2130 χώρας
759 2051 874 2132 ὲνῇ
902 2057 1154 2129 παρῴκει
1190 2059 1218 2111 6
1267 2057 1452 2111 Ἰσαάκ
1505 2058 1725 2127 φεύγων
1771 2055 1866 2109 τὸν
1897 2057 1957 2108 ὲν

361 2153 431 2224 τῇ
483 2149 706 2220 πατρίδι
752 2150 934 2221 λιμὸν,
986 2150 1261 2203 ἀπελάσαι
1303 2149 1486 2220 φθόνῳ
1534 2148 1953 2220 μελετήσαντες,

363 2246 740 2318 ἐμφράττουσι
771 2245 840 2300 τὰ
865 2244 968 2317 φρέ
981 2262 1083 2300 ατο,
1117 2244 1212 2297 τοῦ
1235 2244 1443 2317 πατρὸς
1474 2241 1661 2306 αὐτοῦ,
1688 2243 1813 2306 τοὺς
1837 2260 1960 2296 ποι-

365 2338 536 2409 μένας
570 2337 772 2403 εἰδότες
803 2338 880 2411 μὴ
907 2337 1171 2392 δύνασθαι
1224 2337 1347 2409 ζῇν,
1386 2337 1487 2408 τῆς
1541 2335 1650 2389 τῶν
1704 2337 1958 2408 φρεάτων

359 2431 874 2502 ἀποστερουμένους
902 2432 1180 2503 χρήσεως·
1212 2431 1307 2484 καὶ
1344 2427 1553 2497 Μωσῆς
1575 2429 1658 2482 ὅτι
1683 2432 1808 2494 τοὺς
1835 2445 1951 2499 χει-

362 2523 473 2596 ρῶν
511 2523 717 2579 ἀδίκων
749 2523 1027 2595 ἄρξαντας
1080 2523 1348 2594 ποιμένας
1390 2521 1759 2592 ἀπωσάμενος
1812 2539 1956 2594 παρ-

357 2621 485 2691 ἐσχε
514 2621 637 2682 ταῖς
661 2617 972 2689 θυγατράσι
1019 2616 1115 2671 τοῦ
1163 2617 1334 2686 Ἰοθὺρ
1363 2615 1562 2670 θᾶττον
1594 2615 1626 2688 ἦ
1657 2616 1804 2670 κατά
1855 2616 1955 2680 τὰς

354 2710 521 2775 ἄλλας
575 2710 796 2782 ἡμέρας
843 2709 1066 2764 ποτίσαι
1091 2709 1160 2764 τά
1202 2708 1502 2780 Θρέμματα
1545 2706 1626 2778 τῷ
1653 2708 1821 2779 πατρὶ
1854 2725 1956 2778 κη·-

353 2801 522 2870 δεύει,
555 2803 654 2857 καὶ
681 2801 870 2874 κύριος
912 2801 1092 2866 οἰκίας
1136 2802 1260 2856 ἀντὶ
1308 2800 1656 2871 προσηλύτου
1695 2800 1945 2870 γίνεται·

353 2899 452 2953 καὶ
502 2896 678 2970 μυρία
720 2896 857 2951 ἄλλα
906 2896 1021 2950 ἔστι
1051 2895 1238 2949 λαϐεῖν
1266 2895 1334 2950 δι’
1365 2888 1442 2949 ὧν
1475 2894 1949 2965 περισπούδαστον

353 2993 450 3045 καὶ
485 2991 630 3061 μέγα
664 2990 852 3061 κτῆμα
885 2992 998 3052 τοῖς
1021 2989 1079 3056 ἐξ
1122 2988 1374 3059 Ἀϐραὰμ
1422 2987 1492 3041 τὰ
1524 2988 1734 3062 φρέατα
1768 2988 1950 3058 ἐνομίο

353 3083 506 3150 ζετοο
543 3082 572 3136 ὂ
603 3082 668 3154 δὴ
699 3083 794 3136 καὶ
823 3081 1226 3153 ἀταλαιπώρως
1259 3078 1437 3151 εὑρὼν
1467 3079 1496 3132 6
1521 3080 1689 3133 Αίνάν
1730 3079 1764 3150 ἢ
1801 3081 1829 3133 6
1867 3081 1952 3133 Ὠ-

2065 680 2284 736 eiebant
2319 676 2496 734 fontes
2541 688 2594 734 et
2638 687 2858 749 puteos,
2891 678 3049 749 quasi
3080 682 3300 750 pascuis
3346 698 3452 738 non
3496 684 3654 739 valde

2065 770 2252 824 minus
2279 769 2354 824 ita
2379 777 2434 824 et
2457 779 2588 839 potu
2619 771 2904 840 saginante
2930 778 2984 824 et
3016 771 3344 841 disponente
3372 776 3425 830 in
3453 777 3654 831 melius

2063 869 2335 916 armenta.
2381 860 2473 914 Sic
2507 868 2656 914 certe
2696 861 2912 914 videtur
2951 869 3008 915 et
3039 860 3312 918 Abraham
3357 876 3410 920 et
3442 868 3652 937 reliqua

2061 953 2264 1009 fruitus
2317 953 2460 1023 apud
2513 951 2832 1007 Abimelech
2893 968 3047 1018 cura,
3109 971 3216 1008 non
3277 958 3650 1027 insipientiam

2061 1046 2275 1101 ducens
2323 1045 2725 1115 reprehendere
2780 1045 2962 1116 ipsum
3010 1046 3078 1102 de
3129 1048 3406 1103 ablatione
3455 1066 3648 1107 eorum

2059 1153 2200 1208 quos
2230 1138 2346 1208 ipse
2385 1137 2600 1194 fuderat
2636 1149 2963 1209 puteorum;
3003 1155 3183 1210 neque
3226 1141 3318 1197 ille
3355 1146 3654 1212 reprehen-

2059 1233 2274 1288 sionem
2321 1232 2554 1298 irridet,
2611 1232 2868 1303 ignorare
2925 1248 3055 1288 vero
3114 1235 3388 1290 actionem
3451 1251 3482 1291 a
3538 1239 3655 1292 suis

2058 1326 2234 1383 servis
2283 1341 2476 1382 ansam
2517 1326 2814 1396 respondet
2865 1334 2920 1382 et
2956 1325 3186 1382 festinat
3232 1327 3516 1383 Abraham
3554 1344 3654 1400 per

2056 1427 2262 1490 septem
2288 1434 2462 1490 agnos
2486 1419 2803 1474 Ahimelech
2827 1419 3252 1486 confessionem,
3277 1436 3400 1477 esse
3424 1431 3652 1491 puteum

2055 1527 2195 1582 opus
2228 1520 2283 1568 et
2311 1511 2554 1566 laborem
2585 1511 2842 1580 Abrahae,
2876 1512 3150 1569 stabilire.
3183 1511 3649 1582 Etjuramentuut

2056 1617 2111 1664 et
2134 1606 2526 1664 conventiones
2555 1607 2879 1678 procedunt,
2913 1616 2965 1662 et
2985 1607 3110 1662 fons
3134 1607 3306 1663 sumit
3337 1622 3651 1676 cognomen

2056 1703 2123 1756 ah
2157 1711 2307 1766 actu,
2339 1709 2538 1770 puteus
2575 1699 2881 1770 jurameuti
2912 1699 3364 1771 cognominatus.
3412 1701 3482 1756 Et
3516 1700 3652 1755 Phi-

2056 1787 2244 1844 Iistiim
2271 1796 2518 1856 tempore
2549 1786 2905 1857 subscquenti
2935 1787 3158 1858 propria
3193 1788 3417 1858 regione
3451 1787 3504 1842 in
3539 1805 3652 1859 qua

2059 1879 2513 1952 peregrinabatur
2573 1879 2731 1935 Isaac
2777 1878 2999 1950 fugiens
3058 1881 3115 1935 in
3167 1881 3346 1950 patria
3403 1879 3647 1948 famem,

2057 1973 2330 2045 expellere
2369 1971 2576 2027 invidia
2623 1988 2749 2027 cum
2795 1973 3045 2029 meditati
3094 1983 3305 2038 essent,
3348 1974 3652 2030 obstruunt

2055 2074 2253 2137 puteos
2293 2063 2467 2136 patris
2515 2063 2660 2134 ejus,
2717 2071 2966 2134 pastores
3019 2065 3260 2121 scientes
3312 2081 3424 2121 non
3485 2081 3649 2136 posse

2055 2159 2271 2225 vivere,
2329 2165 2620 2228 puteorum
2678 2156 2974 2213 destitutos
3026 2157 3288 2212 utilitate.
3354 2156 3420 2210 Et
3470 2155 3653 2213 Moses

2056 2252 2203 2324 quod
2265 2247 2523 2305 manibus
2591 2247 2796 2318 iniquis
2851 2248 3064 2319 patrari
3118 2257 3301 2318 coepta
3361 2258 3648 2318 pastorum

2058 2343 2314 2401 amolitus
2339 2343 2668 2415 pragbuisset
2687 2341 2902 2397 filiabus
2929 2339 3121 2396 Jetltro
3143 2342 3302 2397 ocius
3326 2357 3492 2412 quam
3523 2341 3648 2396 aliis

2056 2438 2249 2494 diebus
2293 2432 2809 2510 [opportunitatem]
2859 2434 3173 2504 adaquandi
3211 2449 3448 2504 greges,
3501 2434 3644 2504 patri

2053 2529 2269 2600 placet,
2331 2535 2386 2582 et
2437 2527 2696 2582 dominus
2758 2524 2956 2580 domus
3021 2540 3121 2595 pro
3177 2524 3386 2580 advena
3445 2524 3530 2579 Iit.
3583 2522 3651 2579 Et

2056 2631 2316 2680 sexcenta
2349 2623 2457 2677 alia
2498 2635 2722 2676 sumere
2752 2627 2836 2674 est
2872 2633 2967 2689 per
3001 2634 3126 2689 quae
3159 2618 3547 2674 desiderabilis
3594 2627 3652 2672 et

2057 2730 2254 2786 magna
2275 2713 2554 2785 possessio
2583 2711 2815 2783 posteris
2837 2710 3074 2764 Abrahae
3103 2711 3250 2781 putei
3286 2710 3647 2781 putabantur.

2059 2804 2215 2870 Quod
2252 2819 2385 2858 sane
2429 2811 2486 2858 et
2531 2802 2766 2858 feliciter
2815 2816 2940 2856 cum
2979 2799 3282 2856 invenisset
3315 2801 3496 2855 Ainan
3550 2815 3648 2855 seu

2059 2895 2257 2963 Ouan,
2312 2906 2551 2966 utraque
2601 2893 2748 2948 enim
2798 2905 2934 2947 voce
2981 2892 3345 2958 nominatur,
3408 2890 3656 2946 historiae

2059 2986 2294 3059 praebuit
2343 2986 2634 3042 materiam
2682 2984 2776 3041 Dei
2826 2987 3159 3058 speculatori
3213 2983 3384 3056 Moysi
3439 2983 3534 3053 qui
3587 2982 3658 3039 de

2059 3081 2414 3153 cosmogonia
2447 3090 2501 3136 et
2523 3079 2591 3135 de
2614 3079 2758 3136 Esau
2798 3079 3008 3135 familia
3044 3079 3424 3151 genealogiam
3455 3077 3654 3137 texuit.

354 3181 457 3234 νίν
500 3181 799 3252 (ἑκατέρας
828 3180 938 3254 γὰρ
965 3180 1068 3250 τῆς
1095 3179 1280 3249 φωνῆς
1321 3178 1695 3252 ὀνομάζεται),
1738 3176 1982 3246 ἱστορίας
2047 3177 2324 3248 παρέσχεν
2367 3175 2623 3230 ὑπόθεσιν
2669 3175 2748 3248 τῷ
2793 3174 2996 3247 θεόπτῃ
3025 3176 3216 3230 Μωσεῖ
3258 3173 3402 3228 κατά
3451 3191 3514 3243 γε
3554 3173 3657 3244 τὴν

355 3272 758 3343 κοσμογένειαν
785 3273 880 3325 καὶ
907 3269 1006 3341 τὴν
1032 3270 1130 3323 τοῦ
1173 3268 1348 3324 Ἦσαῦ
1397 3269 1571 3341 φυλὴν
1621 3268 2103 3339 γενεαλογῆσαντι.

899 3361 1238 3416 ΕΡΩΤΗΣΙΣ
1286 3362 1414 3418 ΝΘ’.

364 3456 426 3512 Τί
447 3453 633 3525 δηλοῖ
648 3455 716 3525 τό
735 3454 806 3508 ἐν
827 3455 1265 3524 Δευτερονομίῳ
1285 3456 1696 3525 γεγραμμένον
1717 3471 1731 3485 ·
1759 3472 1778 3506 ι
1815 3453 1958 3525 Ἐὰν

429 3523 518 3581 δέ
553 3524 964 3594 οίκοδομήσῃς
1005 3523 1216 3578 οὶκίαν
1267 3523 1640 3593 acati-hiscat
1690 3523 1949 3590 ποιήσῃς

429 3595 747 3665 στεφάνην
804 3594 884 3666 τῷ
931 3595 1206 3666 δωματίῳ
1237 3611 1376 3662 σου,
1413 3595 1514 3650 καί
1555 3597 1629 3650 οὐ
1675 3594 1956 3660 ποιήσεις

431 3670 626 3740 φόνον
656 3667 728 3721 ἐν
755 3665 828 3735 τῇ
867 3665 1025 3735 οἰκίᾳ
1053 3679 1171 3721 σου
1201 3683 1214 3696 °
1257 3684 1276 3719 ι

1980 3362 2027 3422 C

2392 3355 2723 3424 QUASSTIO
2762 3355 2876 3410 LIX
2933 3353 3030 3428 [αι.
3067 3353 3279 3426 LVIII].

2067 3449 2212 3516 Quid
2237 3451 2505 3520 signiﬁcat
2535 3449 2674 3520 quod
2711 3453 2765 3504 in
2799 3450 3208 3506 Deuterouomio
3239 3449 3495 3518 scriptum
3522 3456 3612 3520 est
3635 3463 3655 3501 :

2148 3540 2168 3575 ι
2198 3520 2257 3576 Si
2291 3519 2779 3590 tedi/ices’domum
2817 3538 3026 3588 novam,
3064 3522 3228 3590 facies
3271 3531 3320 3573 et
3349 3519 3655 3573 coronidem

2136 3593 2320 3648 domui
2350 3601 2476 3660 tum,
2510 3608 2600 3646 nec
2631 3591 2796 3661 [acies
2820 3592 3166 3647 homicidium
3199 3591 3255 3645 in
3282 3590 3438 3645 domo
3464 3591 3598 3644 tua?
3628 3606 3647 3639 ι

1265 3775 1408 3854 Edita
1433 3817 1461 3853 a
1495 3801 1641 3865 Maio,
1675 3803 1709 3852 l.
1731 3816 1798 3861 c.,
1824 3815 1872 3866 p.
1897 3799 2062 3851 67-69.
2087 3797 2142 3847 In
2163 3797 2524 3848 Deuteronom.
2555 3809 2678 3857 χχιι,
2698 3795 2746 3846 8.

440 3912 668 3983 Εἴρηται
702 3910 802 3982 μὲν
829 3911 944 3974 τοῖς
978 3909 1084 3983 πρὸ
1112 3909 1275 3981 ἡμῶν
1317 3911 1447 3979 περὶ
1489 3911 1695 3980 ταύτης
1721 3909 1819 3978 τῆς
1855 3909 1954 3980 pf]-

361 4021 504 4069 σεως
531 4001 658 4057 οὔτε
688 4005 788 4074 τῆς
835 4001 1138 4073 σαφηνείας
1165 4001 1318 4055 οὐδὲν
1368 4001 1496 4055 οὔτε
1535 4005 1637 4074 τῆς
1664 4001 1955 4072 ὀρθότητος

359 4095 727 4167 ἐνδεέστερον.
772 4094 920 4165 Πλὴν
953 4095 1186 4167 ἐπείπερ
1231 4109 1313 4147 σοι
1357 4093 1511 4165 φίλον
1560 4094 1654 4148 καὶ
1698 4093 1735 4148 ἃ
1773 4093 1954 4166 ρᾲδιόν

360 4191 478 4244 ἔστι
506 4188 638 4259 παρ’
669 4186 872 4256 ἑτέρων
911 4188 1128 4259 μαθεῖν,
1155 4186 1327 4241 ταῦτα
1355 4188 1489 4256 παρ’
1517 4185 1678 4258 ἡμῶν
1703 4186 1951 4251 ἀκούειν,

361 4284 680 4357 συνᾴδοντες
701 4282 796 4337 καὶ
817 4283 980 4354 ἡμεῖς
1000 4282 1254 4348 ἐκείνοις,
1277 4283 1372 4336 καὶ
1399 4282 1637 4351 μάλιστα
1667 4276 1748 4345 οἷς
1768 4298 1821 4334 τι
1845 4279 1956 4334 τῶν

358 4376 538 4432 ἄλλων
589 4375 683 4429 ἐπὶ
715 4374 778 4428 τὸ
829 4374 1053 4446 ἄμεινον
1099 4373 1463 4446 τεθεώρηται,
1507 4376 1604 4428 καὶ
1664 4374 1956 4445 σύμφωνον

361 4470 681 4540 ποιούμενοι
721 4470 821 4541 τὴν
855 4467 1178 4534 ἀνάπτυξιν,
1211 4469 1428 4540 πρῶτον
1479 4468 1581 4538 μὲν
1609 4468 1811 4521 εἰδέναι
1847 4484 1954 4537 φα-

367 4562 467 4632 μὲν
496 4562 630 4629 δεῖν,
671 4561 748 4626 ὡς
787 4564 815 4615 6
841 4561 941 4616 καὶ
979 4561 1242 4623 πολλάκις
1291 4561 1591 4630 σύνδεσμος
1624 4559 1812 4632 ὥσπερ
1857 4559 1954 4614 καὶ

2135 3902 2356 3959 Dictum
2395 3912 2480 3960 est
2523 3903 2745 3972 quidem
2795 3918 2826 3958 a
2866 3903 3171 3974 majoribus
3202 3901 3410 3958 nostris
3441 3899 3512 3956 de
3551 3899 3655 3957 hac

2060 3997 2342 4053 locutione
2392 3996 2540 4066 quod
2592 4011 2770 4066 neque
2824 3997 3197 4052 illustratione
3245 4009 3426 4064 neque
3477 4006 3659 4048 corrc-

2059 4090 2246 4144 ctioue
2284 4088 2507 4157 indiget.
2541 4088 2795 4143 Attamen
2831 4089 2963 4158 quia
2995 4088 3092 4142 tibi
3129 4087 3396 4159 placitum
3433 4094 3489 4141 et
3531 4099 3657 4153 quae

2061 4179 2223 4235 facile
2247 4189 2334 4235 est
2363 4179 2434 4233 ab
2457 4179 2582 4234 aliis
2606 4179 2841 4247 discere,
2873 4180 2991 4234 haec
3020 4194 3050 4233 a
3081 4179 3242 4234 nobis
3269 4178 3483 4243 audire,
3517 4191 3654 4231 con-

2061 4273 2311 4327 cinentes
2355 4277 2410 4325 et
2452 4285 2552 4325 nos
2595 4271 2723 4338 illis,
2760 4281 2815 4326 ct
2847 4271 3155 4341 praesertim
3187 4270 3389 4340 quibus
3443 4268 3652 4338 aliquid

2060 4367 2294 4420 aliorum
2341 4363 2395 4417 in
2434 4363 2632 4421 melius
2684 4364 3029 4436 speculatum
3079 4371 3186 4428 est,
3241 4371 3298 4417 et
3343 4375 3648 4417 consonam

2065 4454 2332 4510 facientes
2393 4455 2852 4524 replicationem,
2913 4454 3152 4525 primum
3202 4451 3428 4524 quidem
3488 4465 3654 4506 nosse

2058 4546 2294 4602 dicimus
2345 4556 2616 4620 oportere,
2671 4543 2818 4616 quod
2876 4559 3020 4615 saepe
3069 4545 3410 4614 conjunctio,
3460 4553 3534 4608 et,
3574 4542 3653 4597 s’i-

359 4654 520 4710 ἄλλαι
554 4655 749 4710 πολλαὶ
775 4655 883 4709 τῶν
911 4653 1110 4722 λέξεων
1153 4653 1306 4726 παρά
1342 4657 1454 4719 τοῖς
1493 4653 1810 4718 Μωσαῖκοῖς
1841 4653 1956 4708 δια-

2064 4651 2160 4698 cut
2186 4653 2242 4699 et
2272 4642 2394 4698 aliae
2440 4640 2627 4695 multa:
2665 4654 2732 4694 ex
2795 4637 3131 4692 dictionibus
3173 4636 3224 4691 in
3271 4634 3524 4690 Mosaicis
3567 4648 3654 4689 or-

366 4753 620 4821 τάγμασι
663 4748 1030 4821 παρέλκοντος
1077 4749 1266 4819 ἐπέχει
1297 4746 1482 4819 χώραν
1508 4762 1524 4776 °
1560 4747 1644 4801 διὸ
1687 4748 1783 4800 καὶ
1815 4746 1954 4818 πρὸς

362 4841 424 4895 τδ
452 4839 746 4914 εὐθύτερον
765 4839 1144 4910 άναγνωσθείη
1171 4839 1238 4893 ἂν
1259 4839 1318 4892 τὸ
1337 4839 1524 4910 ῥητὸν,
1559 4840 1654 4892 τοῦ
1688 4837 1833 4892 κατὰ
1855 4838 1954 4908 τὴν

364 4930 542 5003 ἀρχὴν
584 4930 891 5002 συνδέσμου
939 4927 1419 5001 περιαιρεθέντοςο
1470 4926 1684 4992 διπλαῖς
1731 4927 1790 4980 δὲ
1833 4925 1955 4979 δια-

362 5022 536 5088 νοίαις
583 5023 618 5094 ἡ
660 5023 930 5094 ἑρμηνεία
962 5023 1271 5093 μερίζεται.
1313 5021 1378 5073 'II
1425 5020 1524 5091 μὲν
1573 5020 1683 5090 γὰρ
1717 5018 1854 5090 πρὸς
1896 5015 1955 5070 τὸ

361 5115 602 5187 γράμμα
645 5115 913 5169 διαϐαίνει
943 5116 1040 5169 καὶ
1069 5115 1156 5168 διά
1192 5114 1300 5168 τῶν
1342 5111 1618 5186 αἰσθητῶν
1650 5111 1955 5166 ἀπευθύνε-

359 5226 472 5276 ται,
507 5210 542 5280 ἡ
564 5208 624 5263 δὲ
670 5209 808 5282 πρὸς
843 5207 1080 5281 θεωρίαν
1130 5209 1276 5264 θέλει
1326 5208 1527 5279 μᾶλλον
1560 5205 1954 5276 ἀνάγεσθαι·ή

365 5299 468 5371 μὲν
493 5294 589 5354 οὖν
617 5298 718 5372 τὴν
753 5299 981 5371 πρόοδον
1015 5299 1082 5353 δι’
1111 5292 1186 5353 ὧν
1217 5301 1250 5371 ἡ
1275 5297 1422 5364 λέξις
1446 5298 1652 5368 μᾶλλον
1686 5299 1780 5350 καὶ
1807 5299 1840 5366 ἡ
1874 5296 1956 5350 αῖς

364 5393 561 5464 σθησις
593 5395 907 5466 ἐπικρατεῖ,
935 5393 1262 5466 ποιουμένη,
1289 5387 1394 5447 ὧδέ
1421 5410 1498 5463 πη
1529 5392 1590 5445 τὸ
1621 5390 1955 5462 δηλούμενον

361 5485 726 5542 ἀναπτύσσει.
757 5487 951 5542 Οἰκίαν
984 5487 1094 5559 γάρ
1129 5504 1235 5552 σοι,
1259 5485 1446 5557 φησὶν,
1481 5483 1804 5555 προθεμένῳ
1831 5499 1958 5536 σκο-

362 5577 465 5630 πὸν
495 5579 938 5653 ἀνοικοδομῆσαι,
964 5581 1061 5635 καὶ
1081 5581 1274 5652 τάφον,
1303 5579 1380 5643 ὡς
1405 5564 1576 5645 εἰκὸς,
1610 5571 1957 5650 κρηπιδῶσαι

363 5669 464 5724 καὶ
511 5671 842 5726 καταϐαλεῖν
893 5673 962 5728 τὰ
1011 5671 1240 5742 θεμέλια
1288 5669 1700 5742 ἀνορυξαμένφν
1737 5669 1799 5722 οὐ
1848 5666 1955 5739 χρὴ

363 5761 692 5818 καταλιπεῖν
735 5767 806 5819 τὰ
840 5764 1192 5838 βοθρεύματα
1241 5764 1370 5836 πρὶν
1412 5765 1494 5825 είς
1541 5761 1693 5824 τέλος
1724 5760 1956 5829 ἀγαγεῖν

364 5853 429 5908 τὸ
457 5852 619 5924 ἔργον
648 5857 816 5930 χωρὶς
838 5857 938 5928 τῆς
969 5855 1320 5930 ἁρμοζούσης
1341 5853 1635 5925 περιϐολῆς
1661 5851 1755 5906 καὶ
1781 5852 1956 5920 ἀσφα-

364 5944 548 6014 λείας·
583 5949 670 6006 ἵνα
701 5950 776 6025 μὴ
809 5949 884 6024 τῷ
916 5949 1013 6024 τὴν
1047 5949 1146 6026 σὴν
1167 5949 1499 6024 ἀγνοήσαντι
1534 5945 1750 6022 πρᾶξιν,
1781 5944 1954 6010 αἴτιος

2057 4735 2454 4801 dinationibus,
2526 4730 2892 4788 redundantis
2976 4730 3131 4786 vocis
3198 4728 3361 4784 habet
3443 4728 3646 4782 locum.

2056 4829 2182 4883 Ideo
2243 4838 2297 4884 et
2357 4826 2561 4882 rectius
2617 4826 2888 4895 legeretur
2957 4822 3184 4885 dictum,
3251 4835 3316 4875 ea
3399 4835 3518 4890 qua:
3581 4817 3652 4872 ab

2057 4919 2216 4975 initio
2269 4929 2354 4975 est
2409 4917 2798 4989 conjunctione
2835 4916 3096 4981 sublata;
3154 4911 3469 4983 duplicibus
3518 4925 3652 4966 vero

2071 5011 2446 5068 iutellectibus
2491 5008 2875 5080 interpretatio
2918 5006 3203 5061 dividitur.
3235 5004 3363 5060 Haec
3393 5003 3540 5058 enim
3581 5002 3650 5058 ad

2058 5109 2297 5164 litteram
2326 5107 2522 5163 transit
2557 5116 2612 5161 et
2633 5120 2729 5176 per
2759 5103 3039 5159 sensibilia
3073 5100 3354 5171 dirigitur,
3392 5099 3484 5154 illa
3516 5113 3650 5153 vero

2058 5202 2124 5257 ad
2179 5200 2449 5256 theoriam
2500 5198 2615 5252 vult
2663 5199 2838 5268 magis
2886 5209 3106 5252 sursum
3160 5195 3267 5264 agi.
3325 5193 3421 5248 Illa
3473 5192 3643 5262 igitur

2058 5293 2322 5365 praevium
2376 5292 2500 5355 iter,
2557 5303 2655 5359 per
2701 5303 2824 5358 quae
2881 5286 3052 5342 dictio
3115 5284 3292 5355 magis
3341 5293 3398 5339 et
3451 5297 3652 5338 sensus

2058 5387 2291 5452 obtinet,
2325 5385 2430 5441 sibi
2462 5383 2696 5450 laciens,
2738 5384 2819 5438 sic
2850 5384 2991 5435 forte
3026 5378 3394 5450 significatum
3427 5375 3644 5446 aperit:

2063 5481 2292 5534 Domum
2317 5479 2465 5533 enim
2502 5477 2620 5544 tibi,
2664 5476 2761 5539 ait,
2788 5490 2913 5530 cum
2941 5472 3192 5544 posueris
3223 5485 3450 5541 scopum
3481 5467 3646 5524 aditi-

2059 5587 2207 5637 care,
2249 5579 2305 5626 et
2328 5569 2542 5626 foveam
2593 5579 2653 5622 ut
2681 5567 2838 5622 decet
2872 5563 3104 5620 fundare
3146 5572 3202 5620 et
3233 5563 3418 5632 jacere
3444 5561 3646 5616 funda-

2062 5673 2246 5717 menta
2277 5677 2404 5717 cum
2442 5659 2668 5725 foderis,
2705 5673 2815 5713 non
2848 5665 3064 5730 oportet
3102 5655 3416 5727 relinquere
3445 5653 3646 5710 fossio-

2060 5771 2161 5812 nes
2201 5763 2494 5827 antequam
2540 5755 2609 5810 ad
2655 5753 2818 5809 ﬁnem
2848 5751 3176 5825 pet-duxeris
3221 5765 3386 5822 opus,
3439 5749 3647 5818 absq‘ue

2060 5847 2406 5906 couvenieuti
2459 5847 2709 5904 cinctura
2757 5854 2814 5902 et
2861 5845 3205 5911 munimine,
3259 5852 3319 5899 ut
3372 5857 3444 5900 ne
3494 5851 3644 5898 tuam

2064 5940 2334 6015 ignoranti
2389 5941 2686 6010 actionem,
2731 5953 2896 5996 causa
2930 5936 3167 5997 videaris
3199 5933 3506 6002 honiicidii,
3554 5925 3647 5987 illo
