4144 6430
507 405 612 470 407

1679 401 1946 463 PHOTII
1976 398 2486 465 PATRIARCH/E
2525 404 2634 465 (ΣΡ.

3696 401 3805 466 £08

509 516 732 589 quidem
770 517 923 586 lapso
947 516 1002 571 in
1042 514 1400 586 profundum,
1430 524 1617 586 utpote
1656 516 1794 571 nihil
1827 528 2097 571 novorum

2222 517 2531 587 ιναφανήσῃ
2566 514 2749 585 φόνου,
2796 512 2891 567 τοῦ
2926 513 3027 584 μὲν
3079 513 3413 583 ἐμπεσόντος
3447 512 3525 583 τῷ
3568 513 3801 587 βοθύνῳ,

510 626 739 681 operum
787 619 946 665 antea
991 610 1220 674 sciente,
1271 617 1324 664 te
1357 624 1492 665 vero
1532 608 1741 664 nullam
1792 624 1986 664 curam
2036 624 2106 665 ne

509 702 639 774 quid
677 702 892 757 accidat
928 702 1056 767 tale,
1103 701 1420 756 adhibente.
1461 702 1679 756 Etenim
1726 709 1781 755 et
1821 701 1994 756 multa
2037 716 2106 755 ex

512 794 932 851 irrationalibus
972 810 1081 850 non
1114 794 1227 848 veri
1264 795 1518 850 absimile
1553 804 1638 849 est
1660 811 1852 850 casura
1892 796 1947 850 in
1980 811 2108 865 pro-

516 887 743 943 fundum
792 897 848 942 et
894 886 1222 953 interitura;
1287 886 1381 941 sed
1442 897 1495 941 et
1553 887 1840 941 hominum
1889 886 2107 955 aliquos

514 997 656 1052 quos
685 980 834 1052 prior
872 980 1118 1035 locorum
1148 980 1349 1050 positio
1384 989 1437 1033 et
1461 980 1803 1034 consuetudo
1838 978 2108 1033 transitus

515 1084 569 1128 ct
613 1073 777 1127 breve
827 1080 951 1143 post
1002 1086 1201 1126 novam
1251 1079 1589 1126 structuram
1637 1083 1853 1141 tempus
1908 1071 2110 1125 obum-

516 1164 731 1218 brantia
764 1178 827 1218 ea
852 1178 976 1233 quae
1016 1163 1231 1217 noviter
1276 1161 1419 1217 facta
1451 1172 1600 1229 sunt,
1626 1174 1680 1217 et
1715 1162 1853 1217 nihil
1905 1178 2108 1217 novum

518 1273 696 1326 neque
729 1256 937 1311 dictum
972 1256 1233 1311 damnum
1265 1272 1334 1312 ne
1378 1258 1800 1326 suspicarentur
1836 1256 2113 1326 decipien-

516 1348 619 1412 tia,
656 1347 1024 1417 perditionem
1070 1347 1320 1403 invenire
1364 1364 1462 1418 pro
1495 1348 1826 1417 praecedenti
1876 1349 2111 1405 utilitate

518 1449 844 1512 coegerunt.
879 1439 1113 1511 Oportet
1139 1440 1307 1511 igitur
1338 1450 1563 1511 propter
1604 1443 1719 1496 haec
1759 1441 1947 1497 omnia
1984 1442 2113 1498 nul-

520 1535 626 1591 lam
655 1535 929 1599 omittere,
972 1534 1027 1588 in
1062 1534 1130 1589 iis
1159 1550 1284 1606 qua:
1328 1536 1564 1605 agimus,
1608 1537 1985 1602 securitatem,
2014 1551 2114 1607 per

519 1643 683 1697 quam
731 1642 1064 1699 congeneres
1114 1636 1169 1682 et
1216 1629 1561 1684 contribules
1608 1631 1757 1684 omni
1794 1630 2005 1685 hesioni
2061 1640 2115 1686 et

519 1720 724 1774 damno
769 1718 1070 1790 itnpervios
1113 1734 1531 1775 conservemus.
1573 1720 1927 1792 “legitimum
1963 1723 2112 1778 enim

519 1820 575 1866 et
607 1812 828 1875 crudele
866 1828 897 1868 a
933 1814 1134 1882 quibus
1181 1829 1284 1869 nos
1312 1814 1582 1870 utilitates
1627 1815 1929 1886 carpimus,
1964 1817 2115 1884 ejus-

521 1903 644 1958 dem
696 1907 916 1975 generis
973 1917 1029 1965 et
1082 1908 1330 1979 ejusdem
1390 1906 1563 1963 tribus
1614 1908 1868 1964 homines
1930 1910 2114 1965 sinere
2149 1886 2188 1940 Β

519 2001 944 2069 perpessionum
984 2011 1040 2057 et
1065 2003 1320 2058 dolorum
1350 2003 1626 2059 sustinere
1660 2003 1879 2059 ultima.
1917 2003 2113 2061 Debita

521 2097 704 2140 autem
746 2089 1089 2157 providentia
1130 2090 1400 2156 adhibita,
1447 2100 1502 2145 et
1552 2090 1681 2146 inde
1710 2107 1931 2163 quoque
1963 2094 2116 2148 nullo

524 2183 930 2238 transeuntium
965 2184 1018 2251 in
1045 2184 1320 2243 fossiones
1356 2186 1607 2256 abrupto,
1634 2201 1743 2241 non
1776 2186 1880 2241 erit
1905 2188 2116 2243 occisio

523 2274 633 2328 ulla
679 2275 735 2330 in
790 2276 1004 2333 noviter
1045 2280 1318 2334 aediﬁcata
1373 2280 1539 2335 domo
1561 2298 1579 2351 ς
1617 2288 1673 2335 et
1703 2281 1851 2337 circa
1883 2282 2111 2336 domum

520 2376 817 2435 conspecta
860 2369 1108 2425 cinctura
1138 2381 1193 2425 et
1244 2371 1466 2427 coronis
1508 2380 1563 2427 et
1606 2372 1911 2433 homicidio
1956 2390 2117 2427 mun-

521 2456 645 2510 dam
694 2456 921 2511 domum
970 2458 1275 2514 declaravit
1324 2468 1382 2513 et
1418 2476 1546 2528 erga
1584 2459 1895 2529 proximum
1936 2460 2118 2528 provi-

520 2548 764 2605 dentiam
793 2552 943 2606 clare
983 2554 1240 2608 omnibus
1290 2553 1680 2618 manifestans,
1730 2553 2029 2609 multarum
2062 2562 2117 2609 et

523 2641 819 2710 insignium
867 2644 1091 2700 laudum
1143 2661 1310 2700 causa
1363 2646 1595 2716 provido
1657 2645 1869 2701 auctori
1921 2646 2014 2715 fit;
2064 2657 2119 2703 et

524 2734 648 2791 talis
671 2751 819 2791 curae
846 2736 1165 2793 frnitionem
1197 2739 1250 2793 in
1281 2739 1557 2794 similibus
1598 2738 1862 2809 operibus
1893 2747 1949 2795 et
1975 2756 2115 2810 prae-

524 2829 854 2899 scriptiones
883 2830 933 2885 ei
967 2831 1063 2902 qui
1095 2832 1245 2902 prior
1270 2831 1394 2887 illas
1420 2831 1734 2892 constituit.
1768 2832 2118 2896 thesauriza~

527 2918 625 2973 vit.
682 2918 748 2972 Et
810 2920 912 2975 hoc
966 2921 1191 2991 quidem
1256 2922 1404 2993 quod
1456 2921 1568 2977 Deo
1616 2923 1995 2993 gratissimum
2034 2933 2121 2981 est

524 3009 888 3078 legislationis
937 3013 1225 3080 stabilivit,
1276 3024 1335 3069 et
1370 3024 1566 3086 potens
1612 3023 1667 3070 et
1712 3015 2018 3071 salviftcum
2063 3025 2122 3073 et

524 3104 907 3159 reverendum.
954 3102 1117 3159 Juxta
1167 3106 1391 3177 quidem
1451 3105 1601 3176 quod
1665 3107 1930 3163 sensibile
1997 3117 2118 3173 est,

526 3196 685 3250 talem
740 3205 827 3252 est
868 3198 1116 3269 accipere
1158 3206 1212 3254 et
1262 3199 1533 3273 propositi
1582 3201 1857 3257 sermonis
1911 3200 2188 3292 intelliec

522 3290 784 3361 gentiam.

593 3388 726 3455 Quae
756 3404 887 3444 vero
934 3389 1001 3446 ad
1046 3390 1317 3445 theoriam
1359 3390 1535 3461 magis
1589 3390 1845 3461 spiritum
1890 3392 2116 3456 attollit,

520 3483 640 3537 haec
683 3492 738 3538 et
768 3485 926 3539 vellet
960 3485 1259 3539 hortatioui
1304 3485 1581 3539 actionem
1624 3496 1974 3539 connectere.
2009 3485 2118 3552 Qui

519 3575 866 3645 philosophia
905 3576 1193 3631 recentiori
1226 3584 1278 3630 et
1324 3592 1487 3645 supra
1533 3586 1751 3647 captum
1803 3578 2118 3632 multitudi«

523 3667 610 3720 nis
659 3667 836 3735 posita
892 3675 1147 3734 utuntur,
1204 3676 1261 3721 et
1299 3668 1466 3722 vitam
1527 3668 1753 3722 liberam
1821 3684 1852 3723 a
1906 3670 2118 3739 vulgari

521 3758 943 3813 conversatione
975 3769 1191 3826 curant,
1222 3776 1331 3815 non
1360 3761 1559 3815 debent
1590 3761 1627 3815 ii
1658 3776 1861 3816 novum
1894 3763 2116 3833 quidem

521 3849 943 3911 fundamentum
993 3850 1176 3921 figere,
1224 3866 1423 3905 noram
1478 3866 1606 3907 vero
1654 3867 1851 3923 parare
1907 3862 2119 3911 tentare

522 3945 769 4009 domum,
812 3958 913 3998 nec
959 3944 1013 3997 in
1061 3944 1170 3999 ullo
1213 3944 1279 3999 ad
1322 3945 1730 4001 multitudinem
1775 3946 2116 4015 inclinatam,

523 4048 704 4103 neque
736 4047 766 4088 a
802 4046 1073 4089 consueta
1115 4035 1537 4095 conversatione
1582 4037 1649 4091 ad
1702 4037 1929 4109 vestigia
1965 4039 2118 4094 deci-

523 4123 780 4191 dcntcm;
831 4125 883 4179 in
940 4125 1075 4195 ipsis
1133 4135 1317 4181 autem
1370 4128 1567 4183 mediis
1631 4130 1893 4200 operibus
1949 4129 2115 4197 facti,

524 4214 891 4274 intcnsionem
960 4216 1323 4272 luctatninum
1382 4218 1704 4287 remittere,
1747 4230 1804 4275 et
1853 4220 2120 4277 facilitate

522 4308 786 4362 similium
822 4309 1076 4364 laborum
1131 4312 1415 4380 putridum
1461 4322 1515 4367 et
1563 4314 1833 4368 caducum
1876 4315 1928 4369 id
1972 4315 2121 4385 quod

522 4399 664 4454 bene
696 4409 937 4469 emptum
984 4412 1069 4457 est
1098 4402 1375 4458 aedificare
1409 4406 1641 4475 egregiae
1669 4406 1807 4461 artis
1857 4421 2032 4476 opus;
2066 4417 2121 4463 et

524 4491 747 4546 dmnum
803 4508 899 4562 per
952 4508 1117 4562 quam
1186 4494 1384 4549 licebat
1436 4505 1489 4552 et
1542 4496 1859 4553 decidentes
1914 4498 2120 4556 imbres

2207 606 2303 660 ἆτε
2338 606 2508 677 μηδὲν
2543 606 2653 659 τῶν
2690 604 3202 675 καινουργηθέντων
3248 605 3581 677 προειδότος,
3618 606 3712 660 σοῦ
3746 609 3807 662 δὲ

2210 696 2482 766 μηδεμίαν
2506 696 2826 767 ἐπιμέλειαν
2853 713 2919 750 πε
2928 694 2983 765 ρὶ
3008 695 3099 749 τοῦ
3127 695 3294 766 μηδὲν
3317 696 3595 767 συμϐῆναι
3619 698 3801 751 τοιοῦ-

2206 807 2305 857 τον
2332 790 2805 862 εἰσηγησαμένου.
2840 791 2950 844 Καὶ
2980 789 3090 860 γάρ
3124 790 3221 842 καὶ
3257 789 3428 842 πολλά
3455 790 3563 842 τῶν
3591 791 3809 861 ἀλόγων

2208 882 2360 936 οὐδὲν
2395 884 2626 947 ἀπεικὸς
2678 884 3095 954 παρεμπίπτειν
3136 882 3213 952 τῷ
3244 882 3452 951 βοθύνῳ
3499 884 3593 937 καὶ
3636 885 3810 937 ἀπόλ-

2210 978 2405 1043 λυσθαι
2431 996 2443 1008 ·
2482 977 2622 1033 ἀλλά
2653 996 2717 1048 γε
2746 978 2856 1031 τῶν
2902 975 3208 1048 ἀνθρώπων
3250 976 3425 1039 ἐνίους
3462 976 3619 1047 οὒςή
3669 994 3809 1048 προ-

2210 1071 2346 1142 τέρα
2375 1070 2484 1124 τῶν
2525 1047 2739 1141 χωρίων
2771 1047 2932 1133 θέσθ
2952 1070 3045 1123 καὶ
3082 1070 3142 1122 τὸ
3167 1068 3287 1133 ἔθος
3316 1070 3417 1140 τῆς
3456 1069 3625 1123 διόδου
3657 1047 3752 1123 καὶ
3779 1072 3809 1124 ὁ

2214 1164 2425 1235 βραχὺς
2466 1163 2610 1234 μετὰ
2641 1163 2741 1234 τὴν
2776 1160 3131 1231 καινοτομίαν
3180 1160 3371 1231 χρόνος
3414 1162 3809 1225 ἐπισκιάζοντα

2211 1261 2279 1309 τά
2306 1255 2711 1326 νεοχμωθέντα,
2765 1254 2859 1308 καὶ
2896 1253 3063 1325 μηδὲν
3103 1252 3288 1306 καινὸν
3325 1251 3463 1323 μηδὲ⁹
3490 1255 3809 1324 πρόσφατον

2216 1349 2424 1420 βλάϐην
2472 1347 2785 1419 ὑφορᾶσθαι
2835 1345 3298 1411 συνεξαπατῶντα
3350 1346 3575 1416 ὄλεθρον
3627 1348 3813 1417 εὑρεῖν

2214 1443 2335 1496 ἀντὶ
2365 1442 2463 1513 τῆς
2498 1440 2877 1513 προκειμένης
2923 1439 3113 1511 χρείας
3162 1437 3497 1508 συνώθησεν.
3530 1440 3621 1491 Δεῖ
3642 1438 3685 1490 δ’
3717 1435 3814 1491 οὖν

2214 1534 2303 1588 διὰ
2342 1535 2515 1588 ταῦτα
2558 1535 2738 1587 πάντα
2787 1533 3061 1605 μηδεμίαν
3115 1530 3565 1601 παραλιμπάνειν
3612 1530 3695 1600 ἐφ’
3729 1524 3815 1595 οἷς

2216 1630 2551 1699 πράττομεν,
2596 1626 2928 1694 ἀσφάλειαν·
2962 1626 3028 1679 δι’
3061 1620 3129 1699 ἦς
3158 1624 3219 1677 τὸ
3264 1625 3525 1694 ὁμογενὲς
3556 1624 3651 1677 καὶ
3678 1623 3816 1695 ὁμό-

2217 1722 2383 1790 φυλον
2408 1720 2591 1790 πάσης
2636 1719 2844 1790 βλάϐης
2884 1718 2979 1771 καὶ
3010 1717 3219 1788 ζημίας
3269 1716 3570 1785 ἀπείρατον
3614 1730 3815 1785 συντη-

2219 1815 2459 1885 ρήσομεν
2484 1830 2495 1842 ο
2533 1812 2804 1883 ἔκθεσμον
2839 1811 2949 1883 γάρ
2981 1810 3077 1863 καὶ
3107 1810 3396 1881 ὠμότητος
3424 1809 3508 1877 ἐφ’
3540 1802 3622 1872 οἷς
3650 1809 3818 1878 ἡμεῖς

2218 1907 2314 1968 τὰς
2345 1904 2613 1973 ὠφελείας
2638 1903 2970 1976 δρεπόμεθα,
2999 1902 3127 1965 τοὺς
3167 1904 3457 1972 ὁμογενεῖς
3486 1902 3583 1955 καὶ
3602 1900 3816 1971 ὁμοφύ-

2218 1998 2343 2061 λους
2375 1999 2637 2069 περιορᾴν
2663 1996 2731 2050 τὰ
2753 1996 2860 2050 τῶν
2892 1994 3231 2067 παθημάτων
3260 1994 3356 2047 καὶ
3391 1992 3661 2061 ἀλγεινῶν
3714 1994 3819 2062 ὑφ-

2223 2091 2474 2145 ίστασθαι
2508 2091 2713 2160 ἔσχατα
2740 2108 2753 2121 ·
2805 2090 2903 2160 τῆς
2942 2090 3126 2160 μέντοι
3167 2087 3631 2160 χρεωστουμένης
3674 2104 3816 2155 προ-

2217 2186 2366 2249 νοίας
2412 2184 2696 2240 κάνταύθα
2748 2189 2844 2237 καὶ
2903 2183 3069 2253 μηδὲν
3112 2182 3223 2235 τῶν
3269 2181 3818 2254 παραπορευομένων

2216 2281 2330 2342 τοῖς
2358 2278 2603 2349 βοθύνοις
2635 2277 3088 2348 ὑποφερομένων,
3120 2276 3222 2329 οὑκ
3256 2275 3410 2328 ἔσται
3446 2275 3607 2343 φόνος
3634 2274 3817 2335 οὐδεὶς

2220 2375 2279 2427 ὲν
2320 2375 2385 2443 τῇ
2436 2371 2839 2444 νεουργουμένῃ
2871 2370 3054 2441 οἰκίᾳ·
3103 2370 3263 2439 καὶὴ
3321 2368 3453 2438 περὶ
3500 2367 3591 2422 τὸν
3618 2368 3819 2439 βόθρον

2220 2465 2610 2537 περινοηθεῖσα
2641 2463 2908 2535 περιϐολὴ
2934 2463 3029 2517 καὶ
3054 2462 3296 2532 στεφάνη
3327 2462 3425 2515 καὶ
3448 2462 3612 2531 φόνου
3642 2462 3820 2515 καθα·

2222 2560 2321 2631 ράν
2351 2558 2451 2630 τὴν
2484 2557 2661 2611 οίκίαν
2689 2558 2972 2627 ἀπέφηνεν
3012 2558 3106 2610 καὶ
3143 2558 3244 2625 τὴν
3278 2553 3373 2608 τοῦ
3411 2554 3645 2625 πλησίον
3680 2554 3817 2625 πρό-

2219 2670 2371 2706 νοιαν
2426 2650 2696 2725 λαμπρῶς
2742 2652 2909 2704 πᾶσιν
2965 2647 3383 2721 ἐμφανίζουσα,
3447 2647 3662 2700 πολλῶν
3719 2648 3821 2701 καὶ

2220 2747 2405 2800 καλῶν
2435 2746 2675 2799 ἐπαίνων
2706 2743 2967 2815 πρόξενος
3000 2742 3079 2814 τῷ
3106 2742 3540 2812 προνοησαμένῳ
3564 2741 3775 2811 γίνεται
3801 2758 3817 2771 ’

2220 2840 2318 2893 καὶ
2376 2840 2476 2909 τῆς
2520 2836 2779 2906 τοιαύτης
2834 2835 3167 2907 κηδεμονίας
3231 2834 3328 2904 τὴν
3396 2835 3699 2888 ἀπόλαυσιν
3758 2834 3821 2887 ἐν

2220 2931 2425 3001 ὁμοίοις
2446 2930 2629 3000 ἔργοις
2664 2928 2761 2981 καὶ
2791 2926 3197 2999 συγχωρήματα
3228 2925 3306 2997 τῷ
3341 2923 3818 2996 προκαταδαλόντι

2220 3024 2632 3095 ἀπεθησαύρισε
2658 3037 2671 3051 ⁸
2701 3022 2797 3076 καλ⁴
2827 3021 2955 3091 τόγε
2998 3020 3413 3089 θεοφιλέστατον
3448 3018 3546 3090 τῆς
3591 3014 3825 3089 νομοθε-

2224 3120 2345 3183 σίας
2372 3117 2697 3181 ἐϐεϐαίωσε,
2728 3115 2792 3169 τό
2822 3131 2881 3169 τε
2916 3114 3143 3168 δυνατὸν
3173 3114 3268 3166 καὶ
3298 3113 3567 3183 σωτήριον
3607 3111 3704 3171 καὶ
3730 3112 3823 3164 ai-

2220 3206 2442 3277 δέσιμον
2466 3222 2480 3236 ο
2514 3206 2650 3259 ἀλλά
2676 3204 2818 3259 κατὰ
2862 3204 2963 3274 μὲν
3004 3203 3064 3258 τὸ
3098 3203 3378 3273 αἰσθητὸν,
3411 3202 3670 3274 τοιαύτην
3702 3201 3825 3255 ἐστι

2226 3299 2414 3353 λαϐεῖν
2442 3298 2537 3351 καὶ
2574 3297 2672 3369 τὴν
2722 3296 2817 3351 τοῦ
2863 3298 3227 3367 προκειμένου
3276 3296 3438 3365 λόγου
3485 3296 3820 3366 εὑκρίνειαν.

2311 3390 2373 3445 Ἢ
2405 3390 2464 3444 δὲ
2491 3390 2627 3462 πρὸς
2660 3389 2893 3459 θεωρίαν
2919 3388 3121 3459 μᾶλλον
3152 3390 3243 3443 τὸν
3272 3388 3399 3441 νοῦν
3443 3388 3822 3459 ἀναφέρουσα,

2225 3484 2451 3537 τοιαῦτα
2481 3485 2547 3536 ἂν
2573 3484 2657 3548 εἴη
2691 3483 2784 3541 καὶ
2812 3481 3113 3553 βουλομένη
3145 3485 3237 3535 κα¹ι
3273 3486 3337 3551 τῇ
3365 3483 3690 3553 παραινέσει
3722 3480 3827 3553 τὴν

2227 3576 2428 3648 πρᾶξιν
2482 3576 2884 3645 συσφίγγουσα.
2915 3576 2979 3628 Οἱ
3035 3575 3325 3647 φιλοσοφίᾳ
3383 3576 3679 3647 καινοτὲρᾳ
3728 3575 3827 3628 καὶ

2224 3669 2337 3722 τῶν
2372 3667 2582 3720 πολλῶν
2605 3666 2865 3737 ὑπεράνω
2893 3665 3122 3736 κειμένῃ
3165 3664 3440 3735 χρώμενοι
3469 3664 3678 3718 καὶτὸν
3708 3662 3826 3733 βίον

2227 3761 2569 3832 ἐξῃρημένον
2590 3760 2690 3831 τῆς
2730 3758 3013 3829 δημώδους
3055 3758 3335 3821 πολιτείας
3380 3756 3825 3826 ἐπιτηδεύοντες,

2226 3852 2327 3904 οὑκ
2356 3851 2666 3922 ὀφείλουσιν
2696 3842 2844 3903 οὑτοι
2871 3848 3055 3902 καινὸν
3084 3849 3184 3918 μὲν
3210 3848 3301 3901 τὸν
3325 3846 3579 3917 θεμέλιον
3610 3846 3827 3921 πηγνύ-

2227 3962 2337 4007 ναι,
2381 3944 2572 4015 καινὴν
2600 3944 2658 3997 δὲ
2692 3941 3135 4006 κατασκευάζειν
3169 3942 3471 4011 ἐπιχειρεῖν
3514 3940 3615 4011 τὴν
3645 3940 3828 3994 οίκίαν

2228 4039 2323 4092 καὶ
2361 4037 2527 4109 μηδὲν
2559 4038 2697 4107 πρὸς
2733 4037 2791 4090 τὸ
2824 4034 3029 4107 πλῆθος
3060 4034 3490 4105 συμφερομένην
3512 4050 3526 4065 ο
3561 4034 3700 4104 μήτε
3724 4034 3828 4103 τῆς

2227 4131 2418 4202 ἐθίμου
2468 4130 2747 4200 διαγωγῆς
2776 4130 2914 4200 πρὸς
2958 4128 3028 4182 τὰ
3072 4130 3194 4200 ῖχνη
3233 4126 3730 4181 καταπίπτουσανο
3770 4129 3828 4181 ὲν

2228 4226 2414 4287 αὐτοῖς
2461 4222 2518 4276 δὲ
2571 4223 2758 4295 μέσοις
2801 4225 2913 4285 τοῖς
2960 4222 3146 4295 ἔργοις
3200 4220 3508 4290 γενόμενοι,
3546 4220 3635 4273 τὸν
3670 4220 3829 4274 τόνον

2228 4316 2336 4370 τῶν
2369 4315 2775 4385 ἀγωνισμάτων
2824 4314 3124 4385 ὑποχαλᾷν,
3176 4312 3271 4366 καὶ
3313 4315 3380 4383 τῇ
3421 4311 3677 4383 ῥαστώνῃ
3716 4312 3828 4365 τῶν

2227 4410 2430 4480 ὁμοίων
2487 4408 2668 4461 πόνων
2718 4405 2919 4477 σαθρὸν
2970 4407 3067 4459 καὶ
3118 4405 3496 4459 εὑδιάπτωτον
3531 4405 3591 4459 τὸ
3640 4405 3828 4469 καλῶς

2227 4503 2539 4576 ἀρξάμενον
2590 4500 2995 4571 οἰκοδομεῖσθαι
3029 4498 3434 4570 φιλοτέχνημα”
3485 4502 3581 4552 καὶ
3621 4500 3718 4571 τὴν
3742 4500 3827 4553 οί-

528 4584 892 4643 tentationum
929 4584 1203 4654 procellas
1236 4586 1450 4640 fortiter
1488 4588 1749 4657 repellere
1798 4598 1852 4644 et
1898 4590 2119 4646 intlam-

2228 4596 2353 4651 κίαν
2377 4596 2443 4648 δι’
2470 4591 2537 4667 ἧς
2567 4596 2693 4663 ἐνῆν
2723 4595 2817 4647 καὶ
2865 4592 3427 4665 καταρῤηγνυμένους
3456 4592 3698 4665 ὄμϐρους
3726 4593 3829 4657 τάς

526 4686 736 4731 inatum
770 4676 984 4731 radium
1017 4678 1336 4748 passionum
1371 4681 1553 4750 sopire
1577 4693 1632 4736 et
1664 4681 1925 4738 cohibere
1959 4684 2123 4740 ardo-

528 4786 678 4837 rem;
718 4770 865 4825 hanc
910 4786 1039 4825 vero
1084 4771 1310 4826 domum
1348 4772 1637 4843 splendide
1667 4782 1907 4845 emptam
1949 4776 2123 4831 aedifi-

527 4863 665 4925 cari.
719 4862 794 4918 ita
846 4879 979 4919 vero
1036 4865 1103 4919 ad
1149 4864 1575 4921 admirationem
1620 4882 1847 4921 suavem
1899 4884 2126 4939 progre-

526 4956 767 5012 dientem
797 4973 906 5011 non
938 4966 1156 5027 oportet
1180 4958 1508 5014 remissione
1546 4959 1835 5015 sententia:
1857 4962 2124 5034 deinceps

528 5050 713 5109 sinere
767 5049 821 5104 in
855 5052 1025 5105 risum
1063 5052 1334 5118 decidere,
1360 5061 1415 5107 et
1445 5052 1497 5107 in
1531 5054 1718 5108 odium
1750 5064 1805 5111 et
1852 5057 1907 5111 in
1938 5066 2127 5112 contu-

528 5144 749 5199 meliam
802 5144 1039 5215 priorem
1101 5145 1297 5199 bonam
1342 5143 1543 5199 famam
1596 5148 1973 5214 commutari;
2029 5148 2125 5204 sed

529 5248 744 5306 oportet
769 5239 912 5293 hanc
943 5238 1157 5292 noviter
1182 5250 1418 5308 cteptam
1444 5237 1726 5307 aedificari,
1759 5240 1814 5295 in
1852 5240 2128 5299 similibus

532 5347 754 5391 servare
790 5347 1133 5397 successum,
1178 5341 1232 5386 et
1275 5332 1591 5387 coronidem
1618 5333 1878 5404 jucunda:
1911 5335 2041 5391 huic
2073 5344 2128 5390 ct

534 5424 764 5495 egregia:
818 5424 1144 5480 habitationi
1198 5426 1569 5493 circumdare,
1616 5427 1668 5481 id
1715 5436 1801 5483 est
1850 5442 2027 5498 usque
2071 5428 2127 5481 in

536 5518 699 5572 linem
732 5518 799 5570 ad
833 5534 1067 5575 coronas
1088 5520 1380 5574 ducentem
1414 5521 1824 5576 accurationem
1848 5530 1903 5577 et
1931 5537 2126 5576 curam

538 5623 766 5682 parare;
805 5610 1048 5682 legitime
1094 5611 1243 5667 enim
1284 5621 1339 5668 et
1378 5614 1443 5667 ad
1479 5615 1642 5669 finem
1673 5631 1849 5685 usque
1882 5630 2132 5686 pugnan-

540 5701 678 5773 tium
708 5718 947 5758 coronae.
988 5724 1006 5756 ι
1036 5703 1208 5760 Nemo
1242 5704 1413 5769 enim,
1454 5725 1472 5758 ι
1525 5706 1602 5761 ait
1631 5707 1893 5763 Ecclesia:
1924 5723 2129 5777 praero,

550 5816 566 5845 ι
601 5804 919 5862 coronatur,
946 5797 1052 5853 nisi
1074 5797 1316 5869 legitime
1344 5798 1688 5855 certaverit“.
1717 5818 1735 5853 ι
1767 5797 1925 5856 Novit
1950 5811 2130 5857 autem

612 5910 703 5973 ιιι
744 5911 886 5967 ’1“ἱιιι.
922 5930 983 5977 ιι,
1014 5914 1067 5968 5.

2226 4690 2337 4744 τῶν
2369 4688 2695 4761 πειρασμῶν
2722 4688 2953 4757 νιφάδας
2993 4685 3239 4758 στερρῶς
3269 4686 3698 4759 ἀποκρούεσθαι,
3733 4688 3831 4742 καὶ

2228 4781 2594 4851 φλογίζουσαν
2640 4780 2840 4834 ἀκτῖνα
2869 4781 2991 4851 ἤτοι
3030 4781 3139 4833 τῶν
3171 4779 3364 4834 παθῶν
3402 4782 3726 4850 ἀποστέγειν
3765 4798 3828 4834 τε

2228 4874 2321 4931 καὶ
2350 4874 2701 4930 ἀναστέλλειν
2740 4872 2838 4945 τὴν
2866 4873 3115 4945 πύρωσιν
3137 4890 3150 4904 ·
3180 4872 3388 4945 ταύτην
3417 4874 3481 4947 δὴ
3520 4875 3620 4945 τὴν
3646 4874 3827 4928 οἰκίαν

2227 4969 2370 5023 οὑτω
2403 4971 2503 5039 μὲν
2538 4967 2811 5039 λαμπρῶς
2850 4967 3173 5039 ἀρξαμένην
3207 4968 3636 5039 οἰκοδομεῖσθαι,
3680 4968 3828 5022 οὕτω

2228 5063 2285 5115 δὲ
2314 5060 2449 5133 πρὸς
2474 5060 2657 5132 θαῦμα
2674 5060 2847 5129 γλυκὺ
2874 5060 3173 5131 προϊοῦσαν
3199 5061 3257 5113 οὑ
3284 5061 3391 5132 χρὴ
3422 5060 3667 5133 ῥᾳθυμίᾳ
3686 5062 3830 5130 γνῶ.

2234 5172 2340 5225 μης
2373 5153 2602 5223 ὕστερον
2641 5154 2738 5223 ὲᾷν
2793 5155 2874 5217 εἰς
2920 5152 3137 5221 γέλωτα
3184 5152 3572 5217 καταπίπτειν,
3622 5154 3715 5207 καὶ
3765 5153 3829 5207 τδ

2235 5248 2562 5320 σκυθρωπὸν
2608 5250 2703 5302 καὶ
2741 5248 3205 5319 περιυϐρισμένον
3248 5248 3349 5318 τῆς
3396 5249 3530 5317 πρὶν
3572 5246 3829 5313 εὐκλείας

2232 5340 2695 5394 ἁνταλλάττεσθαι
2714 5357 2726 5371 ·
2752 5340 2890 5395 ἀλλὰ
2932 5341 3015 5393 δεῖ
3039 5341 3246 5410 ταύτην
3274 5341 3478 5405 καινῶς
3510 5341 3829 5411 ἀρξαμένην

2230 5430 2657 5503 οἰκοδομεῖσθαι,
2684 5434 2742 5485 ὲν
2768 5435 2881 5497 τοῖς
2907 5434 3114 5500 ὁμοίοις
3140 5437 3429 5504 συντηρεῖν
3452 5434 3786 5506 κατόρθωμα
3810 5449 3826 5465 ·

2235 5526 2327 5580 καὶ
2359 5525 2630 5597 στεφάνην
2664 5525 2743 5595 τῷ
2769 5524 2987 5596 τερπνῷ
3030 5528 3206 5596 τούτῳ
3248 5528 3337 5579 καὶ
3377 5527 3700 5595 περικαλλεῖ
3720 5528 3828 5581 δω-

2237 5620 2414 5692 ματίῳ
2454 5620 2782 5693 περιθεῖναι,
2832 5621 3083 5673 τουτέστι
3121 5620 3286 5691 μέχρι
3326 5621 3514 5684 τέλους
3543 5622 3643 5691 τὴν
3689 5621 3828 5691 πρὸς

2234 5717 2359 5779 τοὺς
2397 5713 2696 5785 στεφάνους
2728 5713 2969 5783 ἄγουσαν
2991 5714 3279 5783 ἀκρίϐειάν
3305 5731 3359 5768 τε
3386 5715 3482 5768 καὶ
3509 5714 3826 5785 ἐπιμέλειαν

2238 5809 2583 5879 ἐπιτηδεύειν
2602 5825 2615 5839 ·
2648 5807 2754 5862 τῶν
2783 5807 2891 5879 γάρ
2920 5806 3169 5877 νομίμως
3190 5808 3289 5861 καὶ»
3312 5807 3421 5862 τῶν
3454 5807 3618 5879 μέχρι
3642 5807 3826 5870 τέλους
