4144 6468
332 363 439 429 403

1321 366 1418 426 AD
1455 360 2054 429 AMPHILOCHIUM
2081 365 2428 440 QUIESTIO
2473 369 2595 428 LX.

3508 369 3614 442 “0

331 477 640 534 ἀθλούντων
673 480 720 533 οί
755 475 1037 547 στέφανοι·
1065 497 1083 531 ι
1113 480 1302 544 Οὐδεὶς
1330 481 1462 553 γὰρ,
1509 484 1643 553 φησὶ
1671 484 1770 554 τῆς
1794 483 1923 536 Ἐκ-

2030 493 2084 539 et
2138 500 2334 540 novam
2381 493 2690 540 creaturam
2745 487 3046 543 secundum
3091 489 3375 549 Christum
3438 496 3615 564 profe-

329 573 570 645 κλησίας
615 574 644 627 ό
691 574 910 644 κῆρυξ,
953 575 1335 643 στεφανοῦται,
1383 575 1479 630 ἐὰν
1542 577 1618 648 μὴ
1677 577 1926 647 νομίμως

328 665 564 737 ἀθλήσῃ.
601 685 620 719 ι
652 663 774 720 Οἱδε
811 667 867 720 δὲ
898 667 994 720 καὶ
1032 668 1228 739 καινὴν
1271 670 1451 722 κτίσιν
1488 671 1587 739 τὴν
1615 669 1760 724 κατὰ
1792 671 1926 741 Χρι-

331 758 461 812 στὸν
496 759 785 830 προκοπὴν
834 761 929 813 καὶ
959 761 1238 815 τελείωσιν
1270 764 1297 816 ὁ
1343 766 1453 827 τοῖς
1484 764 1669 827 αὐτοῖς
1718 767 1928 827 καινοῖς

327 843 727 920 πολιτεύμασιν
764 850 864 922 τὴν
915 853 1110 923 καινὴν
1151 853 1420 926 διαθήκην
1472 855 1794 926 καινοτέραν
1840 856 1928 910 ἀεὶ

331 942 706 1012 συν-τηρήσας.
745 963 764 994 ι
803 944 870 995 Εἴ
903 962 986 1007 τις
1040 947 1170 1017 γὰρ,
1211 949 1410 1018 φησὶν,
1443 949 1502 1002 ἐν
1551 949 1730 1020 χρόνῳ
1761 949 1925 1021 καινὴ

329 1033 533 1098 κτίσις,
561 1053 580 1085 ι
617 1035 1096 1101 ἀνακαινίζεσθαι·
1132 1041 1380 1095 τουτέστι
1403 1041 1491 1096 διὰ
1519 1043 1739 1097 πάντων
1769 1045 1826 1097 ἐν
1858 1047 1925 1115 τῇ

332 1126 516 1196 σοφῶς
550 1144 610 1179 τε
648 1127 744 1181 καὶ
794 1129 933 1204 ὑπὲρ
979 1129 1139 1200 λόγον
1185 1133 1605 1207 οίκονομηθείσῃ
1646 1135 1926 1206 καινότητι

327 1218 677 1289 διατηρείσθε
727 1220 1122 1292 καινιζόμενοι,
1163 1224 1329 1296 μηδὲν
1379 1225 1608 1280 παλαιὸν
1663 1227 1798 1297 μηδέ
1831 1245 1928 1280 σα-

332 1311 594 1384 θρότητος
626 1312 784 1366 νόσον
834 1315 1212 1386 ἐπιφέροντες.
1267 1318 1329 1370 Εἰ
1371 1319 1482 1390 γάρ
1524 1319 1600 1391 μὴ
1645 1321 1923 1392 ἐπιτεθείη

331 1401 572 1473 στεφάνη
596 1401 674 1471 τῷ
696 1403 1064 1476 καινιζομένῳ
1084 1406 1345 1478 δωματίῳ
1371 1410 1484 1472 τοῖς
1506 1401 1922 1482 κατορθώμασι,

326 1495 610 1548 τουτέστιν
661 1497 710 1548 εί
752 1496 828 1568 μὴ
877 1497 1041 1569 μέχρι
1087 1499 1276 1562 τέλους
1321 1502 1451 1565 τοὺς
1491 1505 1776 1567 νεανικοὺς
1832 1503 1926 1557 καὶ

326 1587 552 1650 καινοὺς
578 1588 672 1641 καὶ
698 1590 898 1653 καλοὺς
932 1592 1153 1660 ἀγῶνας
1187 1593 1316 1657 τοὺς
1343 1594 1636 1664 προξένους
1663 1598 1795 1666 ἡμῖν
1817 1597 1926 1652 τῶν

327 1678 613 1746 στεφάνων
647 1697 811 1752 συντη
823 1681 1084 1753 ρήσομεν,
1117 1684 1276 1752 φόνος
1302 1685 1396 1739 καὶ
1421 1686 1597 1754 φόνων
1618 1688 1647 1740 ὁ
1676 1687 1926 1758 χαλεπῶς

323 1787 486 1831 τατος
506 1770 563 1823 ἐν
591 1773 656 1842 τῇ
709 1773 1006 1847 σαθρότητι
1041 1775 1135 1829 τοῦ
1172 1778 1609 1850 οἰκοδομήματος
1630 1794 1642 1808 ·
1684 1798 1926 1848 συγκατ-

2030 588 2178 634 ctum
2233 588 2290 634 et
2330 577 2723 648 perfectionem
2765 581 2860 650 qui
2907 581 3101 638 iisdem
3146 587 3300 643 novis
3345 588 3614 644 institutis

2031 686 2250 726 novum-
2269 680 2653 727 testamentum
2679 674 2963 728 noviorem
2994 690 3214 745 semper
3241 682 3611 739 conservavit.

2036 781 2055 816 ι
2089 761 2147 818 Si
2206 780 2314 835 qua
2364 765 2537 830 enim,
2570 783 2588 817 ι
2653 766 2749 830 ait,
2819 786 2837 818 ι
2869 768 2922 821 in
2980 776 3226 840 tempore
3274 788 3414 828 nova
3459 790 3616 830 erea-

2031 865 2150 912 tura
2173 858 2215 924 ⁸,
2249 876 2266 909 ι
2324 859 2577 914 renovari
2609 878 2622 914 :
2653 860 2705 914 id
2756 870 2858 926 est,
2894 876 2992 930 per
3016 864 3198 918 omnia
3252 864 3305 918 in
3343 868 3616 938 sapienter

2029 962 2083 1006 et
2131 967 2296 1022 supra
2344 969 2653 1008 sermonem
2687 954 2955 1010 aedificata
2998 958 3238 1013 novitate
3275 974 3618 1028 perseverate

2030 1044 2298 1111 innovati,
2330 1047 2461 1100 nihil
2500 1049 2787 1118 antiquum
2811 1065 2988 1120 neque
3020 1052 3328 1120 putredinis
3363 1057 3616 1113 morbum

2029 1137 2347 1196 inferentes.
2393 1139 2450 1195 Si
2492 1142 2638 1196 enim
2689 1158 2800 1196 non
2840 1143 3158 1212 imponatur
3194 1149 3419 1202 coronis
3460 1150 3619 1205 inno-

2027 1240 2168 1286 vatae
2217 1233 2404 1287 domui
2440 1249 2536 1304 per
2566 1235 2821 1298 virtutes,
2861 1236 2915 1290 id
2961 1247 3064 1303 est,
3099 1237 3144 1292 si
3190 1253 3298 1292 non
3347 1256 3518 1310 usque
3549 1241 3617 1296 ad

2031 1321 2194 1377 finem
2221 1323 2488 1394 juvenilia
2519 1334 2574 1381 et
2614 1342 2757 1381 nova
2790 1336 2845 1382 et
2880 1329 3109 1398 pulchra
3158 1334 3458 1386 certamina
3494 1349 3618 1404 qua:

2029 1422 2333 1482 procurant
2376 1414 2537 1471 nobis
2576 1431 2814 1475 coronas
2860 1419 3288 1486 servaverimus,
3338 1424 3515 1478 czcdes
3562 1432 3620 1482 et

2029 1504 2260 1559 caedium
2300 1507 2539 1578 pessima
2584 1509 2638 1563 in
2670 1511 2963 1580 putredine
2999 1511 3253 1580 aedificii;
3302 1529 3427 1570 cum
3454 1516 3618 1572 deora

2030 1610 2152 1652 sum
2208 1595 2348 1652 ferat
2399 1607 2454 1654 et
2489 1600 2748 1657 suffodiat
2791 1603 2873 1658 vel
2922 1603 3075 1659 illum
3122 1605 3215 1673 qui
3264 1621 3295 1660 a
3348 1607 3616 1677 principio

2030 1687 2294 1745 novitatis
2323 1690 2565 1755 aediﬁcii,
2600 1694 2810 1749 utinam
2843 1710 2950 1750 non
2983 1694 3277 1766 profecerit
3304 1697 3358 1752 in
3389 1715 3614 1767 vanum,-

2031 1781 2260 1836 meliora
2309 1784 2600 1840 aemulatus
2637 1795 2740 1842 est.
2773 1789 2852 1842 Ita
2889 1788 3088 1844 misere
3133 1790 3278 1844 enim
3308 1791 3527 1859 dejecto
3563 1803 3620 1849 et

323 1863 644 1932 ενεγκόντος
659 1865 716 1919 δὲ
745 1867 841 1920 καὶ
867 1867 1379 1939 συγκατορύξαντος
1403 1872 1498 1926 καὶ
1519 1873 1608 1924 τὸν
1634 1873 1728 1925 ἀπ’
1753 1873 1923 1944 ἀρχῆς

2030 1884 2154 1944 post
2209 1883 2289 1930 tot
2337 1877 2556 1934 labores
2596 1888 2651 1933 et
2712 1879 2944 1935 sudores
2986 1883 3148 1952 quasi
3188 1897 3254 1938 ex
3293 1845 3618 1952 poenitentia

321 1953 425 2024 τῆς
457 1955 782 2027 καινότητος
832 1957 930 2029 τῆς
977 1958 1288 2030 οἰκοδομῆς,
1325 1961 1399 2024 ὡς
1445 1962 1558 2015 εἴθε
1611 1963 1684 2032 μὴ
1717 1961 1926 2030 ὤφελεν

322 2050 404 2103 εἰς
439 2048 639 2119 μάτην,
671 2048 1204 2121 φιλοτιμησάμενον·
1235 2053 1313 2124 τῷ
1362 2054 1471 2125 γὰρ
1504 2052 1681 2116 οὕτως
1723 2055 1925 2119 ἀθλίως

328 2141 736 2212 περιενεχθέντι
768 2144 864 2196 καὶ
905 2145 1046 2214 μετὰ
1077 2145 1370 2211 τοσούτους
1403 2148 1596 2212 πόνους
1632 2147 1730 2202 καὶ
1759 2148 1924 2219 ἱδρῶ-

322 2250 423 2295 τας
451 2232 644 2305 ὥσπερ
675 2236 740 2288 ἐκ
769 2237 1140 2307 μεταμελείας
1181 2239 1466 2310 ἐνυϐρίσαι
1500 2239 1568 2294 τὰ
1613 2238 1922 2310 φθάσαντα,

323 2324 418 2376 καὶ
457 2324 646 2379 παθῶν
679 2327 1020 2398 ἀνδράποδον
1048 2329 1304 2398 γενέσθαι
1344 2333 1441 2386 καὶ
1469 2330 1564 2385 τοῦ
1592 2331 1788 2403 ἐχθροῦ
1816 2333 1915 2405 θή-

325 2431 500 2484 ραμα,
530 2416 686 2469 οὐδεν
711 2415 779 2470 ἂν
805 2417 892 2489 εἴη
928 2422 1133 2492 χεῖρον,
1175 2421 1311 2492 μηδέ
1350 2423 1447 2494 τὴν
1487 2423 1662 2495 ἀρχὴν
1698 2423 1914 2478 ἑλέσθαι

321 2509 421 2582 τὴν
448 2512 743 2584 καινότητα
766 2511 862 2566 τοῦ
891 2513 1304 2585 πολιτεύματος,
1343 2515 1376 2585 ἢ
1405 2515 1803 2587 προελομένους
1838 2515 1912 2587 μὴ

321 2599 624 2672 διενεγκεῖν
656 2604 821 2676 μέχρι
852 2604 1062 2671 τέλους,
1102 2605 1220 2659 ἀλλ’
1261 2607 1585 2660 ἀνθελέσθαι
1611 2608 1721 2662 τῶν
1753 2625 1920 2662 σπου-

2027 1965 2232 2036 injuria
2288 1966 2505 2024 aﬂiccre
2549 1986 2672 2040 quze
2718 1983 3144 2041 prmcesserunt,
3192 1985 3246 2030 et
3295 1978 3616 2046 passionum

2026 2060 2364 2130 mancipium
2425 2061 2545 2117 fieri
2595 2075 2649 2119 et
2695 2065 2904 2120 inimici
2953 2068 3171 2136 praeda,
3232 2069 3408 2124 nihilo
3460 2071 3618 2142 pejus

2024 2160 2192 2214 esset,
2219 2168 2397 2222 neque
2436 2169 2466 2207 a
2496 2155 2766 2225 principio
2795 2157 3028 2228 elegisse
3059 2157 3358 2213 novitatem
3387 2175 3620 2216 conver-

2023 2242 2283 2308 sationis,
2308 2255 2403 2300 aut
2427 2255 2716 2318 postquam
2740 2249 2926 2320 elegit,
2957 2265 3064 2305 non
3089 2252 3414 2321 perduxisse
3437 2270 3617 2325 usque

2031 2336 2099 2391 ad
2135 2339 2324 2404 tinem,
2374 2342 2471 2398 sed
2519 2345 2899 2417 anteposuisse
2949 2347 3220 2403 temulatis
3271 2364 3334 2404 ea
3373 2366 3498 2421 qua".
3529 2355 3618 2408 de-

2029 2433 2332 2499 prceabilia
2387 2447 2536 2493 sunt.
2601 2439 2669 2494 Et
2715 2456 2783 2496 ex
2836 2441 3043 2510 quibus
3101 2453 3362 2513 petet-unt
3422 2459 3618 2502 osor-es

2031 2522 2291 2581 delectari
2344 2528 2699 2587 irrisionibus
2769 2541 2820 2587 et
2884 2534 3442 2602 exprobrationibus,
3503 2551 3616 2594 non

2032 2612 2218 2669 divina
2254 2617 2470 2675 locutus
2496 2622 2649 2676 siluit
2675 2622 2913 2694 Cyrillus
2946 2634 3192 2680 sanctus.

321 2697 635 2791 οαςομένων
662 2699 732 2752 τὰ
776 2699 1129 2754 ἀπευκταῖα⁴
1172 2702 1267 2754 καὶ
1330 2699 1414 2764 οἷς
1451 2700 1518 2755 ἂν
1579 2702 1793 2768 ἕξουσιν
1856 2703 1906 2755 οἱ
1971 2708 2253 2776 μισοῦντες
2307 2713 2580 2787 ἐντρυφᾷν
2624 2717 2689 2787 τῇ
2723 2715 2890 2787 χλεύῃ
2931 2717 3026 2769 καὶ
3071 2719 3184 2780 τοῖς
3223 2717 3617 2791 όνειδίσμασινν
3664 2724 3677 2740 ‘

321 2788 445 2842 σειδέ
494 2791 588 2848 τὸν
638 2794 928 2848 θεσπέσιον
983 2792 1041 2846 δέ
1104 2792 1586 2864 παρασιωπεῖσθαι
1647 2791 1919 2864 Κύριλλον
1955 2796 2121 2853 ὅσιον.

891 2912 1232 2966 ΕΡΩἸἩΣΙΣ
1270 2909 1346 2966 Ξ’.

327 3006 391 3058 Ti
409 3005 638 3070 δήποτε
654 3006 761 3061 τοῦ
779 3007 969 3076 νόμου
987 3006 1222 3076 κωλῷον
1231 3023 1333 3072 τος
1346 3004 1640 3060 ἅπτεσθαι
1660 3005 1912 3076 λεπροῦ,

397 3081 447 3132 et
480 3077 550 3130 δὲ
576 3077 687 3146 μὴ,
720 3073 1061 3146 ἀκάθαρτον
1088 3073 1242 3131 εἶναι
1283 3075 1397 3140 ἕως
1421 3075 1711 3146 ἑσπέρας,
1739 3073 1809 3129 ἐν
1833 3075 1916 3142 τῷ

394 3150 747 3216 θεραπεύειν
795 3145 1165 3215 τὸκλεπρὸν
1194 3148 1227 3198 ό
1280 3145 1484 3213 Σωτὴρ
1527 3145 1774 3201 ἅπτεται
1808 3149 1916 3202 αὑ*

395 3219 524 3284 τοῦ,
558 3220 750 3272 καίτοι
779 3219 940 3288 λόγῳ
970 3216 1325 3286 θεραπεύειν
1353 3216 1614 3283 δυνατὸς
1645 3217 1768 3282 (iw;

2375 2923 2707 2992 00235110
2763 2923 2855 2978 [Χ
2905 2923 3003 2997 [αι.
3049 2923 3213 2997 LIX].

2026 3012 2137 3088 Cur
2163 3011 2413 3088 Christus
2437 3013 2706 3088 leprosum
2735 3016 2986 3088 tetigerit,
3019 3031 3124 3069 non
3168 3015 3411 3071 obstante
3453 3016 3618 3088 legali

2095 3085 2464 3140 inmunditia.
2492 3101 2610 3138 cum
2627 3085 2740 3139 solo
2759 3085 2911 3139 verba
2931 3103 3049 3139 eum
3070 3102 3262 3140 sonare
3274 3085 3545 3158 potuerit?

1631 3324 1770 3376 Edita
1796 3340 1823 3375 a
1856 3325 2001 3386 Maio,
2031 3325 2064 3375 l.
2087 3338 2150 3383 0.,
2173 3339 2220 3388 p.
2245 3323 2413 3373 69—72.

395 3419 624 3492 Πρῶτον
657 3418 758 3490 μὲν
801 3419 979 3472 ἐκεῖνο
1009 3417 1292 3490 προσῆκεν
1331 3417 1552 3478 εἰδέναι,
1584 3415 1660 3480 ὡς
1701 3416 1758 3482 ἐξ
1785 3407 1860 3468 ὧν
1890 3417 1918 3468 ό

2092 3415 2334 3470 Primum
2370 3415 2590 3486 quidem
2615 3415 2666 3470 id
2685 3413 2941 3471 convenit
2963 3413 3125 3478 scire,
3143 3427 3207 3466 ex
3232 3427 3343 3482 quo
3359 3409 3614 3465 Salvator

324 3507 515 3584 Σωτὴρ
544 3511 641 3565 νῦν
674 3512 771 3582 μὲν
798 3511 889 3564 τὸν
937 3510 1103 3580 νόμον
1145 3510 1329 3583 ἔκρινε
1379 3509 1694 3580 φυλάττειν,
1737 3508 1833 3562 νῦν
1859 3509 1917 3561 δὲ

322 3607 434 3660 τῶν
465 3605 796 3677 κρειττόνων
825 3605 919 3657 καὶ
969 3603 1111 3673 ὺπέρ
1143 3603 1432 3676 ἄνθρωπον
1473 3601 1652 3673 ἔργων
1684 3602 1923 3670 ἀπέφαι-

321 3715 418 3752 νεν
452 3698 678 3768 ἥττονα,
711 3695 822 3748 οὐδ’
857 3695 947 3749 ὅτε
999 3694 1400 3766 νομοφυλακεῖν
1445 3689 1792 3766 ἐδοκίμαζεν,
1846 3693 1922 3757 ὡς

325 3787 690 3859 ὑποκείμενος
727 3791 839 3851 τοῖς
878 3787 1068 3860 νόμοις
1100 3789 1429 3858 ἐφύλαττενο
1469 3788 1608 3843 ἀλλὰ
1635 3787 1794 3843 τοῦτο
1822 3788 1922 3859 μὲν

324 3881 644 3952 οἰκονομίαν
679 3881 930 3953 πληρῶν,
978 3881 1072 3935 καὶ
1102 3882 1319 3946 δεικνὺς
1352 3876 1439 3935 οἶα
1469 3883 1535 3952 δὴ
1579 3881 1680 3954 τὴν
1709 3880 1922 3950 ἀνθρω-

325 3975 491 4046 πίνην
522 3977 687 4046 φύσιν
719 3977 795 4049 μὴ
826 3977 1152 4043 ἀπαξιώσας
1177 3976 1490 4041 ἀναλαϐεῖν,
1525 3975 1608 4029 ὅτι
1633 3976 1727 4028 καὶ
1760 3974 1923 4039 αὐτὸς

322 4069 426 4124 οὐκ
459 4071 720 4142 ἀτιμάζει
766 4070 835 4125 τὰ
871 4072 938 4126 δι’
967 4065 1042 4126 ὧν
1078 4072 1179 4142 ἤδη
1225 4069 1551 4141 ῥυθμίζεται
1585 4068 1655 4122 τὰ
1704 4067 1920 4138 ἀνθρώ-

323 4180 480 4228 πινα,
526 4163 664 4218 ἀλλὰ
697 4165 790 4218 καὶ
822 4165 1148 4237 μετέρχεται
1173 4163 1349 4218 ταῦτα
1398 4162 1528 4215 ὅταν
1573 4159 1741 4231 μηδὲν
1795 4159 1924 4213 ἄλλο

322 4255 435 4308 τῶν
502 4257 835 4329 κρειττόνων
891 4259 972 4322 εἰς
1047 4258 1240 4310 ἐαυτὸν
1304 4254 1542 4328 μεθέλκῃ
1601 4253 1696 4306 καὶ
1757 4269 1924 4323 μετα-

324 4350 528 4422 ϐιϐάζῃ
559 4351 661 4420 τὴν
713 4350 1005 4422 πρόνοιανο
1041 4348 1201 4403 τοῦτο
1245 4348 1302 4402 δὲ
1349 4347 1445 4401 καὶ
1500 4346 1610 4400 τῶν
1652 4345 1922 4398 Ἰουδαίων

325 4443 446 4513 ἅμα
473 4445 804 4514 ἐμφράττων
828 4444 895 4496 τὰ
917 4443 1214 4514 βλάσφημα
1243 4441 1338 4494 καὶ
1365 4440 1629 4492 ensum
1652 4436 1920 4506 στόματα,

324 4535 422 4588 καὶ
448 4536 507 4587 τὸ
537 4535 787 4588 ἀντίθεον
813 4536 907 4590 καὶ
935 4536 1256 4606 παράνομον
1283 4533 1472 4602 ὥσπερ
1495 4535 1575 4596 εἰς
1603 4531 1695 4583 τὸν
1724 4529 1924 4583 Δεσπό-

324 4638 427 4698 την
467 4630 896 4701 ὲναπορῤίπτειν
941 4629 1042 4682 οὐκ
1072 4629 1325 4699 ἕφριττεν
1359 4627 1393 4696 ἡ
1427 4625 1701 4696 θεομάχος
1740 4621 1922 4676 αὐτῶν

326 4720 578 4786 ἀπόνοια,
609 4724 688 4782 είς
717 4720 816 4784 τὰς
846 4719 1073 4773 ἐκείνων
1105 4717 1452 4788 περιτρέπων
1489 4715 1760 4785 κεφαλάς·
1799 4713 1921 4766 ἐπεὶ

2026 3524 2172 3563 nunc
2195 3510 2366 3580 legem
2390 3507 2672 3578 judicabat
2697 3523 2938 3573 servare,
2972 3521 3118 3560 nunc
3144 3521 3277 3560 vero
3310 3504 3534 3574 optimis
3557 3511 3614 3558 et

2025 3615 2193 3671 supra
2241 3601 2521 3655 hominem
2571 3599 2831 3670 cperibus
2872 3597 3286 3652 demonstrabat
3328 3595 3612 3660 inferiora,

2025 3709 2126 3748 nec
2155 3693 2377 3764 quando
2400 3694 2574 3764 legem
2607 3709 2827 3748 servare
2851 3693 3088 3746 ducebat
3119 3693 3346 3757 bonum,
3381 3699 3441 3744 ut
3481 3690 3616 3746 sub-

2020 3785 2229 3857 jectum
2249 3787 2460 3858 legibus
2481 3805 2604 3842 eum
2634 3803 2885 3842 servasse
2911 3804 2926 3854 ;
2959 3787 3053 3841 sed
3089 3787 3191 3841 hoc
3208 3785 3427 3856 quidem
3459 3799 3617 3841 (nco-

2025 3883 2266 3937 nomiam
2298 3883 2528 3952 intplens
2573 3891 2628 3936 ct
2658 3881 2952 3936 ostendens
2984 3880 3129 3935 sicut
3183 3880 3486 3935 humanam
3512 3896 3584 3934 na

2025 3985 2203 4032 turam
2239 3991 2345 4030 non
2383 3975 2712 4045 dedignatus
2741 3989 3045 4036 assumere,
3063 3973 3137 4027 ita
3170 3988 3271 4027 nec
3302 3971 3617 4044 ipsumjam

2025 4068 2308 4140 dedignari
2327 4083 2387 4121 ea
2412 4083 2509 4137 per
2529 4083 2650 4135 qua:
2669 4066 2997 4120 ordinantur
3029 4065 3405 4128 humana,sed
3437 4073 3492 4120 et
3540 4081 3620 4118 se-

2026 4163 2160 4218 ctari
2212 4176 2269 4215 se
2311 4161 2400 4213 illa
2440 4160 2656 4229 quando
2703 4157 2839 4212 nihil
2888 4157 3036 4212 aliud
3068 4157 3519 4212 excellentiorum
3563 4158 3621 4211 in

2025 4256 2271 4325 seipsum
2315 4252 2542 4306 attrahit
2586 4258 2642 4306 et
2695 4249 2958 4305 transfert
3019 4265 3117 4320 per
3175 4249 3616 4319 providentiam;

2025 4348 2155 4403 illud
2174 4355 2350 4402 autem
2373 4355 2428 4400 et
2454 4344 2770 4400 .ludzeorum
2792 4344 2957 4399 simul
2979 4343 3272 4398 obstrueus
3297 4341 3619 4414 blasphema

2025 4450 2079 4498 et
2107 4442 2318 4511 absque
2355 4439 2511 4494 ostiis
2557 4453 2676 4502 ora,
2709 4447 2766 4492 et
2800 4437 2949 4504 quod
2993 4444 3186 4490 contra
3223 4433 3392 4490 Deum
3422 4440 3511 4490 est
3561 4444 3620 4491 et

2026 4548 2217 4594 contra
2248 4537 2419 4606 legem
2455 4546 2512 4589 ut
2545 4535 2600 4589 in
2651 4533 2944 4589 Dominum
2973 4532 3184 4600 jactare
3216 4549 3325 4587 non
3361 4532 3621 4588 horrebat

2026 4639 2219 4686 contra
2253 4628 2421 4682 Deum
2461 4642 2714 4699 pugnans
2755 4626 2973 4682 illorum
3001 4626 3240 4689 insania,
3285 4625 3337 4678 in
3373 4625 3616 4693 ipsorum

2026 4733 2357 4794 retorquens
2381 4723 2582 4792 capita.
2620 4719 2890 4786 Quoniam
2918 4727 2972 4774 et
2995 4717 3300 4788 discipulos
3331 4727 3618 4772 accusatos

328 4815 424 4866 καὶ
453 4780 579 4866 τοὺς
614 4780 863 4882 μαθητάς
908 4780 1349 4882 ἐγκαλουμένους
1379 4809 1462 4862 ὅτι
1509 4780 1652 4861 κατᾶ
1689 4807 1749 4860 τὸ
1783 4806 1918 4860 Σάϐ-

2028 4815 2176 4886 quod
2223 4824 2414 4870 contra
2457 4815 2760 4869 Sabbatum
2801 4822 2998 4866 euntes
3023 4814 3202 4880 spicas
3246 4810 3530 4875 vellerent,
3565 4815 3620 4864 et

326 4903 492 4958 ϐατον
534 4903 897 4975 πορευόμενοι
950 4905 1078 4966 τοὺς
1134 4902 1355 4972 στάχεις
1407 4899 1638 4963 ἔτιλλον,
1679 4899 1775 4952 καὶ
1820 4899 1923 4966 ιξὺ-

328 5014 517 5067 χοντες
545 4995 710 5068 λιμοῦ
761 4996 864 5068 τὴν
918 4992 1268 5064 αὐτοσχέδιον
1314 4991 1598 5064 τράπεζαν
1646 4988 1929 5043 ἐποιοῦντο

327 5092 490 5161 ἴαμα,
529 5091 709 5160 ἱεραῖς
741 5099 804 5142 τε
856 5087 1046 5151 ἄλλαις
1095 5085 1311 5156 ἐφόδοις
1339 5084 1436 5138 καὶ
1481 5083 1548 5156 δὴ
1600 5082 1698 5137 καὶ
1744 5098 1930 5152 παρα-

325 5185 642 5256 ὃειγμάτων
673 5185 912 5255 ἐπιφορᾷ
945 5183 1142 5252 κράτει
1169 5180 1264 5233 καὶ
1293 5177 1568 5248 ἀξιώματι
1615 5175 1676 5230 τὸ
1707 5175 1928 5246 ἀπαρά-

324 5287 577 5351 γραπτον
614 5276 1078 5350 προϐαλλομένων
1104 5272 1433 5337 ἀνευθύνους
1461 5271 1673 5325 ἐδείκνυ
1703 5269 1798 5322 καὶ
1830 5267 1929 5320 πά-

327 5382 431 5444 θης
455 5370 769 5439 ἀνεπάφους
807 5368 1067 5440 μέμψεως
1086 5383 1100 5396 ·
1148 5366 1237 5419 ναὶ
1275 5364 1382 5435 μὴν
1426 5363 1522 5416 καὶ
1550 5361 1644 5415 τὸν
1674 5358 1804 5412 Υίὺν
1826 5355 1923 5410 τοῦ

323 5462 621 5536 ἀνθρώπου
673 5463 884 5535 Κύριον
939 5456 1080 5513 εἶναι
1129 5458 1224 5511 τοῦ
1260 5455 1565 5520 Σαϐϐάτου,
1602 5453 1724 5524 οὐχὶ
1771 5450 1827 5504 δὲ
1857 5451 1924 5521 τῇ

326 5554 544 5608 ἐκείνου
577 5553 964 5624 παρατηρήσει
1008 5547 1332 5603 δουλεύοντα
1375 5542 1694 5616 περιφανῶς
1723 5539 1925 5624 ἀνεκή-

328 5664 513 5720 ρυττε.
565 5646 659 5700 Διὸ
688 5645 784 5700 καὶ
833 5644 1103 5715 παρόντος
1155 5637 1321 5695 αὐτοῦ
1364 5639 1426 5691 τὸ
1476 5623 1784 5707 προνόμιον
1827 5628 1923 5685 τοῦ

326 5735 614 5794 Σαϐϐάτου
651 5737 1054 5801 συνεστέλλετο,
1087 5734 1278 5804 ὥσπερ
1311 5730 1634 5792 ἐπιστάντος
1661 5725 1922 5781 δεσπότου

403 5857 426 5887 ⁸
449 5856 490 5910 ιι
523 5854 650 5910 Cor.
687 5870 743 5917 ν,
778 5855 864 5906 l7.

2025 4909 2332 4964 esurientes
2366 4907 2526 4962 famis
2553 4915 2748 4976 sponte
2788 4907 3026 4961 oblatam
3073 4918 3317 4959 mensam
3375 4900 3620 4957 facerent

2027 5003 2381 5065 medicinam,
2405 5001 2580 5058 sacris
2613 5009 2666 5054 et
2695 5000 2819 5054 aliis
2842 4999 2946 5054 viis
2976 5010 3030 5053 et
3059 4997 3440 5067 exemplorum
3477 5012 3622 5066 quod

2026 5113 2133 5166 que
2162 5095 2490 5166 allegatione
2519 5094 2571 5148 vi
2603 5103 2654 5147 et
2686 5093 2950 5164 dig-nitate
2983 5091 3322 5161 Scripturam
3353 5107 3461 5145 non
3500 5093 3620 5144 νίοα

2028 5187 2193 5242 latam
2227 5185 2651 5257 proponentium
2687 5185 2806 5240 sine
2854 5184 3015 5254 culpa
3051 5198 3174 5238 esse
3218 5184 3620 5237 demonstravit

2026 5290 2082 5336 et
2109 5280 2258 5336 omni
2284 5280 2521 5334 intactos
2547 5277 2954 5332 criminatione.
2985 5275 3100 5332 lino
3127 5286 3179 5330 ct
3202 5274 3400 5330 Filium
3436 5276 3617 5328 homi-a

2026 5370 2115 5424 nis
2145 5367 2429 5424 dominum
2455 5383 2577 5422 esse
2609 5365 2860 5431 Sabbati,
2901 5381 3007 5420 non
3044 5374 3226 5420 autem
3259 5365 3409 5419 illius
3431 5365 3622 5418 obser-

2026 5463 2232 5520 vationi
2254 5461 2547 5518 servientia
2574 5461 2860 5533 insigniter
2883 5459 3217 5532 praedicavit.
3249 5458 3375 5512 Ideo
3405 5467 3459 5512 et
3482 5473 3619 5528 prte-

2027 5569 2183 5618 scnte
2221 5559 2339 5630 ipso
2373 5555 2712 5628 praescriptio
2762 5555 2984 5608 Sabbati
3037 5552 3473 5610 contrahebatur
3503 5593 3518 5616 ,
3562 5561 3617 5604 nt

2029 5663 2246 5709 astante
2280 5650 2504 5707 domino
2543 5648 2686 5704 servi
2724 5648 2946 5703 libertas
2985 5647 3289 5711 evanescit,
3340 5643 3620 5700 dot-iniit)

2029 5757 2212 5802 autem
2268 5743 2663 5816 circumagitur
2693 5753 2852 5799 nutu.
2905 5741 3152 5814 Namque
3194 5741 3249 5796 in
3283 5738 3484 5812 quibus
3516 5739 3618 5794 bo-
