4144 6446
589 337 688 405 Ui
1754 348 1955 410 ΡΗοΤ
1975 350 1995 410 l
2008 351 2031 410 1
2069 349 2153 410 ΡΑ

2253 352 2574 416 ΠΑΒΟΗΕ
2599 357 2710 418 CP.
3762 365 3874 430 412

587 452 802 509 minum
851 451 1113 506 divinitus
1163 453 1496 524 operabatur
1537 453 1795 521 salutem,
1838 457 2089 516 homines
2135 459 2149 516 i

2253 464 2324 533 ιὴ
2357 463 2454 517 τοῦ
2495 466 2686 521 δούλου
2740 467 3023 541 παρρησία
3074 471 3297 543 ἠρεμεῖ.
3340 473 3419 547 τῷ
3466 474 3773 551 δεσποτικῷ
3817 480 3875 535 δὲ

588 543 657 600 iis
713 543 1012 599 educantes
1079 545 1225 616 leges
1265 545 1566 613 tacebant;
1617 548 1813 606 melius
1857 552 2004 605 enim
2056 567 2153 607 esst

2284 557 2614 628 περιάγεται
2658 558 2910 632 νεύματι.
2959 561 3120 618 Ἀλλὰ
3147 564 3258 636 γὰρ
3284 566 3341 619 ἐν
3372 543 3454 629 οἷς
3497 567 3598 637 τὴν
3633 543 3756 622 τῶν.
3775 571 3874 625 ἀν-

587 636 762 692 multo
797 636 1019 706 propria
1049 639 1368 710 pzedagOgia
1394 639 1575 709 ipsum
1606 655 1748 712 opus
1785 642 1980 697 salutis
2016 643 2147 698 intel

2283 647 2520 720 θρὼπων
2572 651 2854 725 ἐθεούργει
2911 655 3222 726 σωτηρίαν,
3275 659 3325 711 οί
3371 660 3498 722 τοὺς
3548 660 3874 732 ἀνθρώπους

589 727 854 800 ligebant.
895 727 953 782 In
981 730 1185 798 quibus
1217 740 1400 786 autem
1432 749 1536 787 non
1570 740 1690 788 erat
1710 733 1892 800 legum
1925 735 2153 791 custodi:

2280 744 2756 812 παιδαγωγοῦντες
2785 747 2939 817 νόμοι
2961 749 3237 820 ἡσύχαζον
3263 767 3277 781 ·
3308 755 3566 820 κρεῖσσον
3600 727 3709 824 γαρ
3733 751 3872 810 εἶναι

583 821 920 877 mirabilium
947 822 1325 892 operationem
1359 840 1758 895 superponens,
1781 842 1955 896 neque
1993 827 2176 881 homi-

582 914 970 969 ηριιιλεοιιιιθιιι
998 914 1333 985 despiciens,
1361 924 1494 972 tunc
1522 926 1580 972 et
1609 916 1745 987 ipsa:
1774 918 2050 988 propriam
2082 917 2176 988 ju-

583 1002 971 1058 stiﬂcationem
1008 1005 1397 1074 agnoscebant.
1432 1003 1604 1074 Magis
1633 1020 1764 1059 vero
1797 1005 1930 1076 ipsis
1957 1021 2179 1077 semper

582 1105 859 1151 servatum
887 1096 1140 1151 exstabat
1177 1112 1243 1152 ex
1281 1097 1350 1152 iis
1381 1114 1504 1168 qua:
1530 1097 1781 1152 Salvator
1823 1100 2171 1169 operabatur.

582 1187 794 1242 Etenim
829 1189 1006 1258 legum
1041 1189 1212 1243 illatio
1244 1204 1370 1245 cum
1402 1199 1456 1245 et
1491 1190 1663 1260 magis
1714 1191 1958 1260 vigentes
2022 1191 2175 1245 vide-

583 1287 796 1342 rentur,
823 1278 1028 1349 lignum
1054 1277 1264 1335 eaadere
1287 1288 1342 1336 et
1365 1281 1544 1352 ignem
1567 1281 1864 1336 accendere
1888 1289 1943 1336 et
1974 1297 2172 1338 carnes

580 1370 746 1425 dividi
772 1386 802 1425 a
836 1371 1215 1426 sacerdotibus
1249 1387 1359 1427 non
1405 1373 1661 1443 iniuriam
1697 1373 1974 1428 ducebant
2003 1383 2057 1429 et
2088 1376 2172 1444 ip-

579 1481 767 1520 sarum
807 1465 1027 1522 roboris
1070 1467 1499 1522 destructionem
1538 1467 1632 1523 sed
1684 1475 1739 1522 et
1779 1467 2032 1523 decorem
2063 1467 2169 1524 sibi

576 1555 852 1632 faciebant
883 1566 938 1613 et
975 1559 1296 1628 dignitatem
1333 1557 1567 1613 tolerare
1613 1557 1720 1614 illis
1747 1559 2081 1630 posteriora;
2116 1566 2171 1614 et

574 1650 770 1706 bovem
800 1663 855 1706 et
880 1650 1102 1706 asinum
1132 1652 1348 1707 solvere
1379 1665 1409 1706 a
1445 1651 1696 1721 prmsepi,
1733 1660 1787 1705 et
1814 1650 2082 1706 abducere
2111 1660 2170 1706 ut

575 1750 736 1812 potus
767 1742 1063 1813 participes
1093 1753 1278 1798 essent
1323 1744 1562 1814 promite
1595 1743 1973 1813 temperantiae
2008 1742 2162 1797 inﬁr-

2279 836 2464 908 πολλῴ
2493 841 2590 909 τῆς
2622 839 2759 903 ἰδίας
2779 840 3174 910 παιδαγωγίας,
3202 842 3334 896 αὐτὸ
3362 843 3420 896 τὸ
3453 842 3613 914 ἔργον
3638 845 3737 915 τῆς
3765 864 3874 900 σω·

2277 929 2472 999 τηρίας
2502 929 2779 984 συνίεσαν.
2821 931 2911 986 Ἐν
2935 928 3017 996 οἷς
3051 931 3097 985 δ’
3127 933 3227 986 οὐκ
3257 928 3326 1004 ἦν
3358 933 3467 987 τῶν
3500 934 3683 1004 νόμων
3710 938 3743 1006 ὴ
3771 954 3874 1005 φυο

2276 1018 2420 1092 λακὴ
2439 1019 2538 1090 τὴν
2559 1019 3006 1093 θαυματουργίαν
3029 1023 3457 1094 ὑπερτιθεμένη,
3485 1025 3609 1078 οὐδὲ
3633 1026 3731 1096 τῆς
3761 1027 3871 1080 τῶν

2275 1111 2581 1185 ἀνθρώπων
2620 1114 2894 1186 σωτηρίας
2927 1113 3397 1186 κατολιγωροῦσα,
3433 1117 3736 1188 τηνικαῦτα
3773 1119 3870 1174 καὶ

2276 1206 2434 1261 αὐτοὶ
2461 1207 2523 1261 τὸ
2546 1210 2749 1261 οἰκεῖον
2786 1208 3066 1278 δικαίωμα
3113 1211 3487 1279 ἐπεγίνωσκον
3509 1227 3524 1242 ο
3579 1211 3782 1282 μᾶλλον
3819 1213 3868 1268 δ’

2273 1299 2461 1363 αὐτοῖς
2493 1301 2581 1354 ἀεὶ
2604 1302 3110 1372 συνδιασωζόμενον
3141 1303 3391 1375 ὑπῆρχεν
3423 1304 3484 1370 ἐξ
3505 1299 3582 1360 ὧν
3612 1308 3642 1360 ό
3671 1309 3864 1380 Σωτὴρ

2272 1391 2646 1463 διεπράττετο.
2691 1395 2802 1449 Καὶ
2831 1396 2940 1467 γὰρ
2967 1397 3000 1467 ἡ
3028 1397 3135 1450 τῶν
3177 1397 3357 1466 νόμων
3387 1398 3618 1469 εἰσφορὰ
3645 1400 3736 1454 ὅτε
3768 1401 3865 1454 καὶ

2275 1485 2478 1556 μᾶλλον
2523 1483 2813 1550 ἀνθοῦντες
2839 1487 3143 1554 ἐφαίνοντο,
3175 1488 3239 1541 τὸ
3279 1488 3601 1554 ξυλοκοπεῖν
3629 1494 3724 1548 καὶ
3751 1493 3866 1566 πῦρ

2271 1577 2536 1633 ἀνάπτειν
2591 1578 2685 1634 καὶ
2737 1582 3066 1650 κρεανομείν
3119 1581 3247 1644 τοὺς
3311 1582 3476 1654 ἱερεῖς
3549 1585 3646 1654 οὐχ
3701 1585 3865 1654 ὕϐριν

2271 1669 2504 1740 ἡγοῦντο
2531 1669 2654 1724 ούδέ
2677 1669 2776 1738 τῆς
2800 1669 2982 1724 αὐτῶν
3009 1669 3191 1742 ἰσχύος
3215 1671 3536 1744 καθαίρεσιν
3555 1690 3570 1705 ⁸
3598 1674 3736 1730 ἀλλὰ
3764 1676 3862 1730 καὶ

2270 1761 2476 1832 κόσμον
2503 1761 2789 1816 ἐποιοῦντο
2839 1761 2934 1816 καὶ
2969 1761 3355 1835 σεμνολόγημα
3397 1762 3584 1834 φέρειν
3629 1763 3860 1818 ἐκείνων

576 1833 874 1887 mationem
908 1847 1015 1887 non
1037 1833 1323 1902 putabant,
1367 1850 1466 1888 nec
1497 1833 1697 1889 solutio
1717 1833 1851 1905 ipsis
1882 1834 2153 1889 videbatur

2267 1853 2336 1908 τὰ
2366 1820 2596 1926 δεύτερα
2620 1870 2634 1884 ’
2664 1855 2760 1908 καὶ
2784 1854 2910 1924 βοῦν
2935 1855 2992 1908 δὲ
3025 1820 3121 1909 καὶ
3149 1820 3452 1908 δνδιῗλύείν
3471 1820 3574 1924 τῆς
3612 1858 3821 1927 φάτνης
3839 1873 3856 1888 ο

573 1925 718 1992 quod
751 1937 851 1976 nec
881 1923 972 1976 illa
999 1925 1269 1978 servirent
1291 1932 1582 1992 praeupto.
1610 1924 1752 1990 Quid
1784 1934 1966 1979 autent
2001 1940 2164 1994 opor-

575 2021 650 2067 tet
677 2010 826 2081 loqui
855 2026 1010 2064 ovem
1039 2026 1069 2065 e
1101 2009 1254 2065 fovea
1281 2020 1583 2065 extractam
1613 2021 1668 2066 et
1697 2011 1888 2067 bovem
1911 2019 1968 2067 et
1991 2011 2161 2067 lilium

576 2103 816 2158 hominis
850 2118 880 2157 e
923 2102 1098 2172 puteis
1140 2102 1270 2156 laris
1312 2111 1617 2158 extractum
1645 2147 1660 2170 ,
1709 2115 1763 2158 et
1813 2117 2162 2174 quacunque

573 2195 702 2249 talia
730 2195 868 2261 alia;
895 2209 1132 2264 quorum
1163 2191 1382 2249 Sabbati
1409 2193 1554 2265 leges
1575 2195 1682 2248 vim
1713 2207 2046 2260 reverentes,
2068 2196 2162 2266 ju-

571 2289 844 2342 vabantur
871 2286 1049 2355 magis
1087 2296 1144 2341 et
1168 2285 1550 2341 exaltabantur
1573 2303 1588 2354 ;
1615 2287 1815 2357 quibus
1843 2303 1873 2341 a
1891 2287 2160 2358 principio

572 2380 809 2447 illatum,
853 2379 1149 2433 multorum
1195 2378 1427 2433 aliorum
1484 2393 1714 2450 operum
1759 2382 2044 2452 complexu
2105 2390 2158 2436 et

569 2473 916 2529 exhibitione
949 2487 1138 2528 earum
1163 2487 1286 2542 qua:
1318 2471 1372 2526 in
1406 2471 1541 2541 ipsis
1562 2474 1957 2545 separabantur
1987 2474 2157 2531 actio-

571 2582 724 2621 num.

645 2913 769 2969 llaec
799 2894 998 2985 quippe
1018 2923 1070 2970 et
1106 2915 1256 2979 talia.
1282 2917 1779 2989 transgressionem
1799 2917 2019 2974 Sabbati
2053 2917 2155 2973 im-

570 3005 936 3075 prudentibus
971 3004 1176 3062 Jndazis
1226 3007 1560 3064 mirabilium
1612 3010 1957 3080 operationes
1983 3018 2036 3064 et
2065 3011 2152 3064 in-

569 3101 902 3155 sanabilium
938 3100 1258 3155 morborum
1306 3102 1649 3157 curationem
1698 3102 2149 3166 inelamantibns,

569 3191 822 3250 Salvator
849 3194 902 3248 in
940 3194 1178 3249 medium
1205 3194 1452 3265 protulit,
1480 3210 1767 3266 opponens
1811 3211 1875 3251 ea
1909 3211 2031 3266 quae
2056 3213 2148 3252 su-
2182 3176 2222 3232 ο

564 3300 663 3356 per
693 3300 1002 3340 sermonem
1030 3293 1162 3342 sunt
1184 3301 1352 3358 opera
1378 3286 1710 3344 manufactis
1736 3289 2069 3354 actionibus,
2102 3297 2157 3345 et

563 3378 861 3434 ostendens
899 3391 1167 3448 quantum
1202 3388 1566 3448 utrorumque
1599 3380 1916 3438 discrimen.
1949 3380 2017 3436 Et
2045 3397 2152 3436 non

561 3479 681 3526 erat
720 3486 823 3526 nec
862 3471 1272 3540 impudentibus
1322 3487 1521 3542 negare
1560 3470 1764 3528 Judaais
1815 3475 1985 3528 multo
2017 3479 2155 3529 ‘ma-

559 3563 700 3632 joris
733 3563 894 3634 pretii
935 3578 1060 3618 esse
1087 3572 1145 3617 et
1200 3564 1565 3620 mirabiliores
1595 3565 1868 3622 salvilicas
1911 3567 2152 3624 actiones

563 3669 727 3724 quam
759 3654 1035 3723 lignorum
1067 3653 1231 3709 caesio
1255 3663 1309 3709 et
1353 3656 1600 3710 carnium
1633 3655 1832 3712 divisio
1861 3666 1916 3712 et
1942 3673 1973 3712 e
1995 3657 2152 3713 fovea

563 3752 618 3798 et
643 3754 805 3814 puteo
839 3743 959 3798 ovis
991 3753 1046 3799 et
1095 3745 1254 3800 bovis
1289 3747 1578 3813 estraetio,
1612 3755 1667 3802 et
1693 3764 2038 3820 quaecunque
2063 3749 2148 3805 bis

563 3837 785 3901 similia,
811 3837 914 3893 etsi
959 3837 1028 3893 ab
1072 3838 1242 3899 impio
1284 3853 1452 3894 sensu
1485 3847 1538 3893 et
1586 3838 1753 3894 Deum
1795 3840 2149 3912 impugnante

562 3947 672 3986 non
689 3931 1039 3987 desisterent.
1070 3931 1208 3988 Vide
1245 3941 1428 3989 autem
1456 3943 1512 3989 tu
1537 3935 2145 4006 incompreltensibilem

563 4023 658 4080 Dei
695 4026 1019 4097 sapientiam
1052 4035 1106 4082 et
1142 4026 1477 4084 ineﬂ'abilem
1521 4029 1962 4098 providentiam,
2005 4045 2148 4100 quo-

557 4118 722 4175 modo
766 4119 914 4190 quod
945 4119 1176 4176 debebat
1207 4122 1609 4192 posterioribus
1647 4123 1986 4194 temporibus
2025 4140 2146 4179 om-

559 4213 689 4268 nino
717 4213 857 4269 solvi
889 4214 1076 4285 gratiae
1107 4214 1398 4280 abolitum,
1442 4216 1614 4288 legem
1670 4217 1796 4274 dico
1820 4260 1834 4283 ,
1868 4221 1916 4273 vi
1949 4231 2002 4276 et
2045 4217 2146 4272 do-

557 4315 760 4374 gmate,
782 4306 832 4360 id
857 4323 888 4360 a
916 4307 1184 4378 principio
1212 4309 1491 4364 inductum
1510 4311 1778 4367 ctvictum
1809 4319 2144 4388 constringe-

557 4411 729 4465 rctur,
782 4410 843 4456 nt
892 4403 1208 4458 omnimoda
1246 4405 1460 4460 instans
1507 4406 1710 4462 solutio
1753 4424 1873 4463 eam
1916 4426 2039 4480 qua:
2073 4427 2139 4466 ex

2265 1946 2360 2000 καὶ
2395 1947 2636 2016 ἀπάγειν
2667 1947 2834 2000 ποτοῦ
2877 1950 3172 2017 μετασχεῖν
3193 1949 3289 2016 τῆς
3322 1949 3458 2013 ἰδίας
3493 1949 3860 2020 ἐπικρατείας

2263 2035 2547 2091 ἀσθένειαν
2579 2037 2680 2090 οὐκ
2716 2038 2977 2103 ἐτίθεντο,
3001 2039 3121 2092 ούδέ
3161 2039 3314 2102 λύσις
3351 2042 3536 2104 αὐτοῖς
3569 2041 3858 2114 ἐνομίζετο

2261 2128 2324 2182 τὸ
2360 2129 2435 2200 μὴ
2476 2129 2770 2184 καὶταῦτα
2809 2130 3085 2186 δουλεύειν
3111 2131 3187 2203 τῷ
3218 2133 3666 2204 παραγγέλματι.
3701 2135 3767 2189 Τί
3791 2136 3856 2190 δι

2261 2220 2343 2274 δεί
2370 2221 2554 2290 λέγειν
2581 2222 2855 2295 πρόϐατον
2888 2223 3114 2295 βοθύνου
3158 2224 3558 2297 ἁνασπώμενον
3592 2229 3686 2282 καὶ
3719 2228 3854 2299 βοῦν

2260 2317 2357 2370 καὶ
2389 2317 2502 2370 υἱὸν
2541 2317 2833 2388 ἀνθρώπου
2873 2319 2984 2372 τῶν
3032 2321 3286 2390 φρεάτων
3327 2320 3713 2394 ἀνιμὼμενονο
3751 2325 3854 2380 καὶ

2261 2409 2404 2464 πόσα
2434 2409 2660 2464 τοιαῦτα
2713 2411 2911 2484 ἓτερας
2942 2406 3017 2467 ὧν
3049 2415 3099 2467 οί
3131 2414 3228 2468 τοῦ
3267 2415 3549 2471 Σαϐϐάτου
3591 2417 3748 2488 νόμοι
3784 2421 3851 2472 τὸ

2257 2503 2462 2574 κράτος
2483 2503 2768 2584 διευλαϐού
2778 2523 2948 2574 μενοι,
2975 2506 3244 2577 ἠρκοῦντο
3271 2509 3474 2579 μᾶλλον
3497 2510 3590 2564 καὶ
3613 2511 3852 2582 ἐσεμνύ-

2258 2609 2446 2646 νοντοο
2491 2589 2572 2658 οἷς
2607 2593 2701 2647 ἀπ’
2745 2595 2919 2666 ἀρχῆς
2966 2595 3378 2666 είσφερόμενον,
3412 2595 3623 2652 πολλῶν
3668 2596 3851 2652 ἄλλων

2258 2684 2436 2757 ἔργων
2460 2690 2687 2758 περιοχῇ
2709 2695 2805 2742 καὶ
2829 2692 2892 2760 τῇ
2919 2689 3257 2743 διατυπώσει
3281 2689 3390 2743 τῶν
3427 2691 3485 2745 ἐν
3514 2691 3700 2756 αὐτοῖς
3739 2691 3851 2762 ἀφ-

2256 2777 2521 2850 ωρὶζοντο
2550 2780 2828 2852 πράξεων.

2329 2930 2516 2984 Ταῦτα
2559 2933 2850 3004 τοιγαροῦν
2892 2935 2986 2988 κοιλ⁹
3019 2936 3089 2990 τὰ
3133 2937 3358 2992 τοιαῦτα
3399 2938 3713 3012 παράϐασιν
3743 2941 3848 2996 τοῦ

2255 3022 2535 3076 Σαδὸάτου
2566 3024 2674 3078 τῶν
2703 3026 3038 3096 ἀγνωμόνων
3069 3029 3336 3085 Ἰουδαίων
3369 3033 3466 3096 τὰς
3493 3031 3850 3106 θαυματουρ-

2257 3113 2385 3182 γίας
2411 3132 2471 3168 τε
2499 3117 2594 3170 καὶ
2639 3117 2737 3188 τὴν
2765 3119 2873 3173 τῶν
2896 3121 3135 3175 ἀνιάτων
3182 3123 3354 3178 νόσων
3390 3125 3690 3196 θεραπείαν
3717 3127 3848 3180 ἐπι-

2257 3205 2568 3277 ϐοωμένων,
2595 3211 2623 3261 ὁ
2648 3211 2838 3283 Σωτὴρ
2861 3213 2942 3277 είς
2972 3213 3136 3284 μέσον
3168 3218 3510 3288 προήνεγκεν
3539 3221 3852 3291 ἀντιπαραο

2254 3297 2425 3363 τιθεὶς
2439 3301 2506 3354 τὰ
2527 3301 2668 3374 ὑπὲρ
2685 3302 2844 3372 λόγον
2863 3305 3002 3377 ἔργα
3020 3310 3142 3371 ταῖς
3167 3311 3558 3381 χειροκμήτοις
3578 3311 3841 3382 πράξεσι,

2254 3393 2352 3447 καὶ
2397 3394 2608 3460 δεικνὺς
2639 3398 2764 3452 ὅσον
2809 3400 3088 3473 ἑκατέρων
3135 3403 3196 3457 τὸ
3229 3405 3432 3476 μέσον·
3483 3408 3578 3460 καὶ
3625 3409 3728 3462 οὐκ
3771 3405 3849 3480 ἦν
3906 3457 3918 3468 .

2253 3484 2376 3537 οὐδὲ
2437 3489 2552 3546 τοῖς
2599 3489 2979 3560 ἀναισχύντοις
3034 3494 3381 3566 ὲξαρνεῑσθαι
3435 3497 3710 3564 Ἰουδαίοις
3762 3502 3844 3574 μὴ

2252 3577 2376 3648 οὐχὶ
2406 3579 2587 3651 πολλῷ
2609 3584 2946 3655 τιμιωτέρας
2971 3581 3110 3640 εἶναι
3139 3590 3232 3642 καὶ
3258 3589 3716 3666 θαυμασιωτέρας
3737 3595 3845 3660 τὰς

2255 3671 2558 3742 σωτηρίους
2604 3675 2832 3747 πράξεις
2882 3677 3206 3746 ξυλοκοπίας
3257 3699 3316 3735 τε
3357 3682 3453 3737 καὶ
3503 3687 3846 3758 κρεανομίας

2252 3762 2347 3816 καὶ
2377 3761 2574 3834 βόθρου
2605 3766 2698 3818 καὶ
2725 3770 2960 3837 φρέατος
2983 3772 3254 3842 πρὶεατον
3281 3774 3375 3827 καὶ
3406 3775 3536 3845 βοῦν
3562 3780 3841 3851 ἀνασπᾷν,

2250 3853 2346 3905 καὶ
2387 3853 2489 3908 ὅσα
2517 3855 2730 3921 τούτοις
2773 3858 3058 3931 ἐνάμιλλα,
3088 3863 3190 3916 κᾶν
3220 3864 3319 3934 τῆς
3357 3867 3662 3940 ἁσεόούσης
3689 3871 3841 3939 γνὼ-

2252 3963 2363 4016 μης
2404 3948 2498 4000 καὶ
2545 3951 2921 4024 θεομαχούσης
2975 3955 3036 4007 ού
3093 3956 3434 4026 μεθίσταντο.
3482 3962 3625 4033 Ὅρα
3655 3964 3714 4016 δὲ
3767 3968 3838 4021 σὺ

2248 4039 2349 4110 τὴν
2393 4040 2777 4113 ἀκατάληπτον
2812 4045 2906 4100 τοῦ
2955 4047 3090 4102 Θεοῦ
3133 4052 3327 4120 σοφίαν
3381 4055 3473 4108 καὶ
3519 4057 3840 4130 ἀπόρρητον

2247 4135 2506 4206 πρόνοιαν
2527 4154 2540 4168 ·
2575 4139 2723 4202 ὅπως
2771 4141 2910 4214 ὅπερ
2957 4145 3192 4218 ἤμελλεν
3225 4148 3473 4218 ὑστέροις
3509 4153 3720 4221 χρόνοις
3751 4157 3838 4220 εἰς

2243 4225 2305 4280 τὸ
2336 4229 2616 4293 παντελῶς
2643 4229 2899 4288 λελύσθαι
2927 4237 3005 4309 τῷ
3034 4237 3132 4308 τῆς
3160 4240 3378 4310 χάριτος
3401 4243 3837 4315 ύπεξιστάμενον

2243 4319 2293 4390 (ὁ
2322 4321 2484 4392 νόμος
2509 4322 2675 4395 λέγω)
2705 4327 2898 4397 κράτει
2918 4331 3013 4394 καὶ
3044 4331 3296 4404 δόγματι,
3322 4335 3483 4391 τοῦτο
3506 4341 3626 4393 κατ’
3651 4342 3835 4412 ἀρχὰς

2243 4415 2600 4486 εἰσαγόμενον
2641 4420 2735 4473 καὶ
2761 4423 3161 4495 κρατυνόμενον
3203 4430 3616 4500 συνεσφίγγετο,
3655 4433 3732 4498 ὡς
3761 4435 3834 4489 ἂν

557 4501 710 4561 parte
727 4501 780 4546 et
806 4508 930 4546 cum
956 4509 1061 4563 qua
1087 4509 1376 4564 progressa
1393 4506 1480 4551 est
1501 4497 1585 4552 lex
1608 4512 1939 4568 proponens.
1960 4517 2137 4572 neque

2253 4508 2276 4596 η
2305 4508 2575 4577 παντελὴς
2613 4511 2887 4567 ἐπιστᾶσα
2916 4513 3071 4580 λύσις
3104 4516 3199 4588 τὴν
3227 4519 3320 4572 ἐπὶ
3355 4497 3556 4591 μέρους
3582 4497 3676 4576 καὶ
3705 4526 3831 4594 μεθ’

554 4598 758 4639 novum
798 4601 971 4654 neque
985 4587 1322 4655 paradoxum
1359 4588 1589 4644 allatum
1613 4592 1777 4646 simul
1799 4595 2132 4661 ostenderet,

554 4674 648 4729 scd
679 4683 734 4728 et
758 4671 1073 4728 Judaeorum
1107 4673 1470 4730 confunderet
1495 4685 1548 4731 et
1571 4676 1854 4734 obturaret
1885 4679 2137 4736 incredu-

553 4767 784 4831 litatem,
802 4779 855 4823 et
871 4777 1062 4823 contra
1095 4768 1266 4838 legem
1293 4784 1404 4824 non
1435 4769 1751 4842 intempore
1777 4761 1894 4828 zelo
1919 4775 2134 4840 tuitam,

555 4861 712 4931 quasi
750 4875 858 4914 non
894 4876 1037 4915 nunc
1069 4860 1185 4930 lege
1205 4859 1272 4915 ad
1310 4861 1639 4917 solutionem
1672 4875 1949 4936 vergente,
1981 4869 2076 4924 sed
2105 4886 2135 4924 a

551 4951 820 5023 principio
845 4967 971 5007 cum
1007 4951 1279 5008 solutione
1304 4967 1586 5024 progressa
1613 4965 1814 5010 etcum
1865 4959 2136 5016 solutione

551 5045 910 5108 consistente,
955 5042 1336 5099 insolubilitati
1366 5060 1495 5099 vero
1515 5061 1617 5100 nec
1644 5063 1674 5102 a
1708 5049 1977 5122 principio
2002 5054 2136 5108 sub-

545 5136 714 5207 jecta.
747 5133 812 5191 Et
840 5151 948 5189 non
982 5135 1160 5206 quoad
1202 5137 1318 5191 sola
1350 5136 1584 5193 Sabbata
1621 5140 2016 5211 legislationem
2047 5162 2137 5202 εον

551 5224 688 5280 lntio
725 5225 780 5280 in
817 5225 936 5281 suis
988 5227 1160 5296 ipsius
1198 5227 1469 5282 limitibus
1511 5231 1771 5297 servavit,
1808 5234 1902 5288 sed
1935 5244 1991 5290 et
2038 5251 2136 5306 pro

551 5317 935 5386 adimpletione
1002 5319 1279 5389 pascbatis
1327 5319 1612 5377 deﬁnitum
1669 5335 1883 5396 tempus
1944 5328 2134 5384 distri-

553 5409 750 5473 buens,
783 5418 838 5462 et
876 5409 930 5463 in
962 5426 1024 5465 ea
1063 5427 1186 5482 quae
1227 5427 1321 5481 per
1354 5423 1537 5482 partes
1563 5424 1648 5472 est
1697 5421 2136 5490 super-positione

551 5500 787 5554 actionis
825 5502 1236 5558 universitatem
1279 5505 1564 5577 colligens.
1595 5507 1757 5564 Certo
1789 5521 1842 5566 et
1871 5516 2134 5585 templum

553 5606 724 5646 unum
757 5606 856 5660 pro
897 5593 1184 5651 sacriﬁciis
1245 5607 1560 5667 separatum
1605 5600 1809 5672 ubique
1851 5612 2009 5662 terra:
2050 5607 2137 5661 di-

554 5682 760 5749 spersis
780 5680 981 5739 Judmis
1005 5685 1283 5741 victimam
1317 5687 1460 5744 baud
1484 5689 1821 5750 immolatam
1851 5707 1904 5752 et
1943 5700 2133 5770 ingra-

551 5779 665 5825 tam
701 5774 1016 5831 omnimodo
1037 5779 1420 5847 praenuntiavit
1453 5780 1731 5857 futuram;
1767 5790 1871 5846 hoc
1911 5793 2131 5862 quidem

2239 4591 2309 4669 ἦς
2339 4598 2610 4670 προῆλθεν
2653 4603 2681 4656 ὁ
2726 4604 2890 4673 νόμος
2940 4607 3380 4682 προϐαλλομένη,
3428 4613 3582 4667 οὐδὲν
3638 4591 3831 4670 καινὸν

2237 4688 2360 4743 οὐδὲ
2389 4691 2694 4763 παράδοξον
2715 4695 2778 4749 τὸ
2805 4699 3124 4768 συνενεχθὲν
3181 4702 3499 4769 ἐπιδείξειεν
3526 4723 3540 4737 °
3567 4707 3706 4763 ἀλλὰ
3728 4710 3829 4764 καὶ

2236 4781 2344 4835 τῶν
2385 4784 2653 4841 Ἰουδαίων
2696 4789 3032 4862 καταισχύνῃ
3079 4793 3171 4845 καὶ
3214 4795 3546 4871 ἐπιστομίσῃ
3572 4800 3634 4853 τὸ
3667 4801 3829 4855 ἀπει-

2237 4874 2351 4938 θὲς,
2383 4876 2478 4929 καὶ
2510 4879 2659 4948 παρὰ
2684 4880 2775 4934 τὸν
2816 4885 2979 4953 νόμον
3003 4886 3102 4939 οὐκ
3141 4889 3197 4940 έν
3247 4889 3423 4960 καιρῷ
3453 4894 3825 4962 περισπούδα-

2238 4983 2382 5033 στον,
2429 4969 2506 5033 ὡς
2543 4971 2604 5024 ού
2647 4973 2741 5025 νῦν
2767 4974 2860 5028 τοῦ
2907 4978 3073 5048 νόμου
3126 4981 3263 5049 πρὸς
3306 4981 3458 5037 λύσιν
3492 4985 3824 5057 χωροῦντος,

2235 5059 2351 5115 ἀλλ’
2376 5061 2472 5115 ἀπ’
2497 5063 2673 5133 ἀρχῆς
2710 5069 2849 5136 μετὰ
2881 5069 3088 5134 λύσεως
3120 5075 3572 5144 προεληλυθότος,
3602 5079 3696 5132 καὶ
3725 5081 3823 5134 λύ-

2236 5168 2318 5206 σει
2361 5154 2460 5224 μὲν
2490 5159 2905 5229 συνισταμένου,
2934 5163 3010 5233 τῷ
3039 5165 3222 5236 ἀλύτῳ
3247 5167 3303 5220 δὲ
3340 5169 3475 5240 μηδὲ
3513 5171 3614 5242 τὴν
3643 5175 3823 5244 ἀρχὴν

2235 5243 2608 5316 ὑφισταμένου
2631 5267 2646 5282 ο
2680 5252 2770 5304 καὶ
2799 5255 2899 5307 οὐκ
2930 5255 3024 5309 ἐπὶ
3054 5257 3234 5328 μόνων
3261 5260 3369 5314 τῶν
3398 5262 3695 5318 Σαϐϐάτων

2235 5338 2556 5408 νομοθεσίαν
2588 5345 2620 5413 ὴ
2647 5342 2799 5409 λύσις
2833 5348 2893 5400 ἐν
2919 5353 3032 5413 τοῖς
3062 5350 3261 5422 ἑαυτῆς
3282 5354 3428 5425 ὅροις
3461 5357 3820 5430 περιέσωζεν,

2232 5429 2371 5485 ἀλλὰ
2406 5433 2501 5487 καὶ
2526 5435 2621 5489 ἐπὶ
2650 5437 2748 5507 τῆς
2774 5439 2996 5512 τελετῆς
3023 5442 3117 5496 τοῦ
3151 5444 3336 5517 πάσχα
3371 5447 3464 5500 τὸν
3510 5429 3822 5521 ὡρισμένον

2234 5525 2425 5618 καιρὸν
2450 5617 2457 5618 7
2479 5528 2896 5601 ἐπιμερίζουσα,
2933 5536 3028 5590 καὶ
3061 5539 3120 5591 ἐν
3170 5543 3236 5610 τῇ
3269 5541 3413 5596 κατὰ
3447 5544 3612 5615 μέρος
3648 5547 3821 5618 ὕπερ-

2234 5613 2380 5669 θέσει
2409 5617 2506 5690 τὴν
2543 5621 2642 5691 τῆς
2691 5623 2944 5695 πράξεως
2972 5628 3296 5704 ὁλοκληρίαν
3341 5613 3673 5702 συνάγουσα.
3708 5613 3820 5694 Ναὶ

2233 5705 2297 5779 δὴ
2326 5709 2422 5762 καὶ
2452 5712 2576 5804 ναὸς
2614 5709 2695 5778 εἷς
2745 5717 2838 5772 ἐπὶ
2874 5723 2993 5785 ταῖς
3027 5721 3241 5790 θυσίαις
3275 5727 3672 5804 ἀφοριζόμενος
3705 5736 3820 5795 τοῖς

2234 5803 2542 5873 πανταχόσε
2576 5805 2681 5877 γῆς
2713 5807 3136 5884 διεσπαρμένοις
3177 5818 3452 5887 Ἰουδαίοις
3495 5803 3594 5896 τῂν
3626 5825 3818 5880 θυσίαν
