  <div class='ocr_page' id='page_1' title='image "/cluster/home/n/w/nwhite01/storage/ocr_20150623/101:no.1/coo.31924054870054/233.png"; bbox 0 0 4144 6466; ppageno 0'>
   <div class='ocr_carea' id='block_1_1' title="bbox 416 358 525 427">
    <p class='ocr_par' dir='ltr' id='par_1_1' title="bbox 416 358 525 427">
     <span class='ocr_line' id='line_1_1' title="bbox 416 358 525 427; baseline 0.055 -6"><span class='ocrx_word' id='word_1_1' title='bbox 416 358 525 427; x_wconf 73' lang='grc' dir='ltr'><strong>4Ξ5</strong></span> 
     </span>
    </p>
   </div>
   <div class='ocr_carea' id='block_1_2' title="bbox 1590 348 2531 416">
    <p class='ocr_par' dir='ltr' id='par_1_2' title="bbox 1590 348 2531 416">
     <span class='ocr_line' id='line_1_2' title="bbox 1590 348 2531 416; baseline 0.004 -4"><span class='ocrx_word' id='word_1_2' title='bbox 1590 351 1856 413; x_wconf 82' lang='grc' dir='ltr'><strong>ΡΙΙΟἸἾΙ</strong></span> <span class='ocrx_word' id='word_1_3' title='bbox 1895 348 2406 414; x_wconf 74' lang='lat' dir='ltr'><strong>PATRIARCH/E</strong></span> <span class='ocrx_word' id='word_1_4' title='bbox 2444 355 2531 416; x_wconf 89' lang='lat' dir='ltr'><strong>CP</strong></span> 
     </span>
    </p>
   </div>
   <div class='ocr_carea' id='block_1_3' title="bbox 3606 358 3714 429">
    <p class='ocr_par' dir='ltr' id='par_1_3' title="bbox 3606 358 3714 429">
     <span class='ocr_line' id='line_1_3' title="bbox 3606 358 3714 429; baseline 0.074 -8"><span class='ocrx_word' id='word_1_5' title='bbox 3606 358 3714 429; x_wconf 74' lang='grc'><strong>416</strong></span> 
     </span>
    </p>
   </div>
   <div class='ocr_carea' id='block_1_4' title="bbox 412 462 2026 545">
    <p class='ocr_par' dir='ltr' id='par_1_4' title="bbox 412 462 2011 534">
     <span class='ocr_line' id='line_1_4' title="bbox 412 462 2011 534; baseline -0.009 -8"><span class='ocrx_word' id='word_1_6' title='bbox 412 470 545 527; x_wconf 89' lang='lat' dir='ltr'><strong>dum</strong></span> <span class='ocrx_word' id='word_1_7' title='bbox 578 481 719 534; x_wconf 85' lang='lat' dir='ltr'><strong>esse,</strong></span> <span class='ocrx_word' id='word_1_8' title='bbox 741 465 1061 521; x_wconf 87' lang='lat' dir='ltr'><strong>mundatum</strong></span> <span class='ocrx_word' id='word_1_9' title='bbox 1094 479 1223 519; x_wconf 83' lang='lat' dir='ltr'><strong>vero</strong></span> <span class='ocrx_word' id='word_1_10' title='bbox 1239 471 1292 518; x_wconf 87' lang='lat' dir='ltr'><strong>et</strong></span> <span class='ocrx_word' id='word_1_11' title='bbox 1323 478 1519 518; x_wconf 86' lang='lat' dir='ltr'><strong>sanum</strong></span> <span class='ocrx_word' id='word_1_12' title='bbox 1546 477 1643 534; x_wconf 83' lang='lat' dir='ltr'><strong>per</strong></span> <span class='ocrx_word' id='word_1_13' title='bbox 1666 462 2011 516; x_wconf 82' lang='lat' dir='ltr'><strong>Dominicum</strong></span> 
     </span>
    </p>
   </div>
   <div class='ocr_carea' id='block_1_5' title="bbox 2133 462 3710 545">
    <p class='ocr_par' dir='ltr' id='par_1_5' title="bbox 2133 464 3710 545">
     <span class='ocr_line' id='line_1_5' title="bbox 2133 464 3710 545; baseline 0.009 -30"><span class='ocrx_word' id='word_1_14' title='bbox 2133 464 2318 535; x_wconf 74' lang='grc' dir='ltr'>ιεπρδν</span> <span class='ocrx_word' id='word_1_15' title='bbox 2341 467 2524 521; x_wconf 85' lang='grc' dir='ltr'>ούκέτι</span> <span class='ocrx_word' id='word_1_16' title='bbox 2555 469 2756 540; x_wconf 75' lang='grc' dir='ltr'>λεπρὸν</span> <span class='ocrx_word' id='word_1_17' title='bbox 2776 470 3212 541; x_wconf 76' lang='grc' dir='ltr'>οὐδ’ἁκάθαρτον</span> <span class='ocrx_word' id='word_1_18' title='bbox 3241 466 3399 525; x_wconf 75' lang='grc' dir='ltr'>εἶναι</span> <span class='ocrx_word' id='word_1_19' title='bbox 3430 475 3710 545; x_wconf 83' lang='grc' dir='ltr'>κεκαθαρ-</span> 
     </span>
    </p>
   </div>
   <div class='ocr_carea' id='block_1_6' title="bbox 415 553 2016 629">
    <p class='ocr_par' dir='ltr' id='par_1_6' title="bbox 415 553 2016 629">
     <span class='ocr_line' id='line_1_6' title="bbox 415 553 2016 629; baseline -0.007 -12"><span class='ocrx_word' id='word_1_20' title='bbox 415 570 623 618; x_wconf 88' lang='lat' dir='ltr'><strong>tactum</strong></span> <span class='ocrx_word' id='word_1_21' title='bbox 643 568 697 614; x_wconf 93' lang='lat' dir='ltr'><strong>et</strong></span> <span class='ocrx_word' id='word_1_22' title='bbox 719 557 959 629; x_wconf 73' lang='lat' dir='ltr'><strong>reputari</strong></span> <span class='ocrx_word' id='word_1_23' title='bbox 987 557 1057 612; x_wconf 90' lang='lat' dir='ltr'><strong>ab</strong></span> <span class='ocrx_word' id='word_1_24' title='bbox 1093 555 1349 612; x_wconf 78' lang='lat' dir='ltr'><strong>omnibus</strong></span> <span class='ocrx_word' id='word_1_25' title='bbox 1383 563 1440 611; x_wconf 86' lang='lat' dir='ltr'><strong>et</strong></span> <span class='ocrx_word' id='word_1_26' title='bbox 1475 553 1715 618; x_wconf 85' lang='lat' dir='ltr'><strong>ostendi,</strong></span> <span class='ocrx_word' id='word_1_27' title='bbox 1735 568 1861 608; x_wconf 91' lang='lat' dir='ltr'><strong>eum</strong></span> <span class='ocrx_word' id='word_1_28' title='bbox 1885 568 2016 606; x_wconf 88' lang='lat' dir='ltr'><strong>vero</strong></span> 
     </span>
    </p>
   </div>
   <div class='ocr_carea' id='block_1_7' title="bbox 414 646 2015 722">
    <p class='ocr_par' dir='ltr' id='par_1_7' title="bbox 414 646 2015 722">
     <span class='ocr_line' id='line_1_7' title="bbox 414 646 2015 722; baseline -0.003 -17"><span class='ocrx_word' id='word_1_29' title='bbox 414 652 509 722; x_wconf 86' lang='lat' dir='ltr'><strong>qui</strong></span> <span class='ocrx_word' id='word_1_30' title='bbox 538 650 985 705; x_wconf 89' lang='lat' dir='ltr'><strong>emundationem</strong></span> <span class='ocrx_word' id='word_1_31' title='bbox 1043 648 1148 719; x_wconf 87' lang='lat' dir='ltr'><strong>ipsi</strong></span> <span class='ocrx_word' id='word_1_32' title='bbox 1184 648 1422 718; x_wconf 89' lang='lat' dir='ltr'><strong>benigne</strong></span> <span class='ocrx_word' id='word_1_33' title='bbox 1464 657 1517 702; x_wconf 89' lang='lat' dir='ltr'><strong>et</strong></span> <span class='ocrx_word' id='word_1_34' title='bbox 1546 646 1893 703; x_wconf 84' lang='lat' dir='ltr'><strong>abundanter</strong></span> <span class='ocrx_word' id='word_1_35' title='bbox 1914 646 2015 700; x_wconf 87' lang='lat' dir='ltr'><strong>do-</strong></span> 
     </span>
    </p>
   </div>
   <div class='ocr_carea' id='block_1_8' title="bbox 414 738 2017 808">
    <p class='ocr_par' dir='ltr' id='par_1_8' title="bbox 414 738 2017 808">
     <span class='ocr_line' id='line_1_8' title="bbox 414 738 2017 808; baseline -0.002 -12"><span class='ocrx_word' id='word_1_36' title='bbox 414 744 587 806; x_wconf 90' lang='lat' dir='ltr'><strong>navit,</strong></span> <span class='ocrx_word' id='word_1_37' title='bbox 618 738 982 794; x_wconf 70' lang='lat' dir='ltr'><strong>immunditiaa</strong></span> <span class='ocrx_word' id='word_1_38' title='bbox 1026 738 1347 808; x_wconf 75' lang='lat' dir='ltr'><strong>participem</strong></span> <span class='ocrx_word' id='word_1_39' title='bbox 1395 748 1669 807; x_wconf 89' lang='lat' dir='ltr'><strong>reputare.</strong></span> <span class='ocrx_word' id='word_1_40' title='bbox 1705 752 1866 807; x_wconf 89' lang='lat' dir='ltr'><strong>quam</strong></span> <span class='ocrx_word' id='word_1_41' title='bbox 1914 752 2017 793; x_wconf 87' lang='lat' dir='ltr'><strong>nee</strong></span> 
     </span>
    </p>
   </div>
   <div class='ocr_carea' id='block_1_9' title="bbox 417 832 2013 904">
    <p class='ocr_par' dir='ltr' id='par_1_9' title="bbox 417 832 2013 904">
     <span class='ocr_line' id='line_1_9' title="bbox 417 832 2013 904; baseline -0.002 -14"><span class='ocrx_word' id='word_1_42' title='bbox 417 837 473 891; x_wconf 88' lang='lat' dir='ltr'><strong>in</strong></span> <span class='ocrx_word' id='word_1_43' title='bbox 505 836 613 889; x_wconf 89' lang='lat' dir='ltr'><strong>alio</strong></span> <span class='ocrx_word' id='word_1_44' title='bbox 650 848 883 904; x_wconf 89' lang='lat' dir='ltr'><strong>corpore</strong></span> <span class='ocrx_word' id='word_1_45' title='bbox 911 832 1193 887; x_wconf 86' lang='lat' dir='ltr'><strong>concessit</strong></span> <span class='ocrx_word' id='word_1_46' title='bbox 1240 833 1498 887; x_wconf 84' lang='lat' dir='ltr'><strong>manere?</strong></span> <span class='ocrx_word' id='word_1_47' title='bbox 1528 832 1700 903; x_wconf 87' lang='lat' dir='ltr'><strong>Igitur</strong></span> <span class='ocrx_word' id='word_1_48' title='bbox 1738 848 1846 887; x_wconf 92' lang='lat' dir='ltr'><strong>non</strong></span> <span class='ocrx_word' id='word_1_49' title='bbox 1886 848 2013 887; x_wconf 88' lang='lat' dir='ltr'><strong>eum</strong></span> 
     </span>
    </p>
   </div>
   <div class='ocr_carea' id='block_1_10' title="bbox 415 926 2014 999">
    <p class='ocr_par' dir='ltr' id='par_1_10' title="bbox 415 926 2014 999">
     <span class='ocr_line' id='line_1_10' title="bbox 415 926 2014 999; baseline -0.003 -15"><span class='ocrx_word' id='word_1_50' title='bbox 415 930 507 999; x_wconf 90' lang='lat' dir='ltr'><strong>qui</strong></span> <span class='ocrx_word' id='word_1_51' title='bbox 541 944 637 999; x_wconf 90' lang='lat' dir='ltr'><strong>per</strong></span> <span class='ocrx_word' id='word_1_52' title='bbox 678 938 882 982; x_wconf 89' lang='lat' dir='ltr'><strong>tactum</strong></span> <span class='ocrx_word' id='word_1_53' title='bbox 910 926 1116 980; x_wconf 90' lang='lat' dir='ltr'><strong>malum</strong></span> <span class='ocrx_word' id='word_1_54' title='bbox 1158 926 1406 996; x_wconf 88' lang='lat' dir='ltr'><strong>corporis</strong></span> <span class='ocrx_word' id='word_1_55' title='bbox 1436 927 1662 991; x_wconf 79' lang='lat' dir='ltr'><strong>abrasit,</strong></span> <span class='ocrx_word' id='word_1_56' title='bbox 1704 927 1851 982; x_wconf 90' lang='lat' dir='ltr'><strong>hunc</strong></span> <span class='ocrx_word' id='word_1_57' title='bbox 1879 928 2014 998; x_wconf 90' lang='lat' dir='ltr'><strong>quin</strong></span> 
     </span>
    </p>
   </div>
   <div class='ocr_carea' id='block_1_11' title="bbox 416 1016 2016 1091">
    <p class='ocr_par' dir='ltr' id='par_1_11' title="bbox 416 1016 2016 1091">
     <span class='ocr_line' id='line_1_11' title="bbox 416 1016 2016 1091; baseline -0.003 -16"><span class='ocrx_word' id='word_1_58' title='bbox 416 1028 667 1091; x_wconf 78' lang='lat' dir='ltr'><strong>tangeret</strong></span> <span class='ocrx_word' id='word_1_59' title='bbox 705 1019 792 1072; x_wconf 81' lang='lat' dir='ltr'><strong>lex</strong></span> <span class='ocrx_word' id='word_1_60' title='bbox 826 1018 1134 1089; x_wconf 86' lang='lat' dir='ltr'><strong>prohibuit.</strong></span> <span class='ocrx_word' id='word_1_61' title='bbox 1175 1016 1595 1089; x_wconf 69' lang='lat' dir='ltr'><strong>Misantbmpite</strong></span> <span class='ocrx_word' id='word_1_62' title='bbox 1624 1019 1769 1073; x_wconf 90' lang='lat' dir='ltr'><strong>enim</strong></span> <span class='ocrx_word' id='word_1_63' title='bbox 1800 1033 1908 1071; x_wconf 89' lang='lat' dir='ltr'><strong>non</strong></span> <span class='ocrx_word' id='word_1_64' title='bbox 1941 1018 2016 1072; x_wconf 82' lang='lat' dir='ltr'><strong>ef-</strong></span> 
     </span>
    </p>
   </div>
   <div class='ocr_carea' id='block_1_12' title="bbox 416 1111 2016 1186">
    <p class='ocr_par' dir='ltr' id='par_1_12' title="bbox 416 1111 2016 1186">
     <span class='ocr_line' id='line_1_12' title="bbox 416 1111 2016 1186; baseline -0.003 -17"><span class='ocrx_word' id='word_1_65' title='bbox 416 1116 649 1186; x_wconf 80' lang='lat' dir='ltr'><strong>fugisset</strong></span> <span class='ocrx_word' id='word_1_66' title='bbox 679 1115 915 1177; x_wconf 85' lang='lat' dir='ltr'><strong>crimen,</strong></span> <span class='ocrx_word' id='word_1_67' title='bbox 958 1111 1052 1166; x_wconf 88' lang='lat' dir='ltr'><strong>sed</strong></span> <span class='ocrx_word' id='word_1_68' title='bbox 1086 1126 1182 1167; x_wconf 87' lang='lat' dir='ltr'><strong>eos</strong></span> <span class='ocrx_word' id='word_1_69' title='bbox 1210 1112 1304 1182; x_wconf 88' lang='lat' dir='ltr'><strong>qui</strong></span> <span class='ocrx_word' id='word_1_70' title='bbox 1334 1113 1385 1165; x_wconf 89' lang='lat' dir='ltr'><strong>iu</strong></span> <span class='ocrx_word' id='word_1_71' title='bbox 1423 1112 1694 1181; x_wconf 87' lang='lat' dir='ltr'><strong>tangendo</strong></span> <span class='ocrx_word' id='word_1_72' title='bbox 1726 1112 1859 1166; x_wconf 88' lang='lat' dir='ltr'><strong>nihil</strong></span> <span class='ocrx_word' id='word_1_73' title='bbox 1891 1113 2016 1182; x_wconf 89' lang='lat' dir='ltr'><strong>qui-</strong></span> 
     </span>
    </p>
   </div>
   <div class='ocr_carea' id='block_1_13' title="bbox 417 1204 2016 1274">
    <p class='ocr_par' dir='ltr' id='par_1_13' title="bbox 417 1204 2016 1274">
     <span class='ocr_line' id='line_1_13' title="bbox 417 1204 2016 1274; baseline -0.002 -11"><span class='ocrx_word' id='word_1_74' title='bbox 417 1210 539 1263; x_wconf 86' lang='lat' dir='ltr'><strong>dem</strong></span> <span class='ocrx_word' id='word_1_75' title='bbox 572 1208 932 1262; x_wconf 69' lang='lat' dir='ltr'><strong>immunditia:</strong></span> <span class='ocrx_word' id='word_1_76' title='bbox 982 1204 1329 1269; x_wconf 81' lang='lat' dir='ltr'><strong>auferebam,</strong></span> <span class='ocrx_word' id='word_1_77' title='bbox 1368 1214 1652 1274; x_wconf 84' lang='lat' dir='ltr'><strong>tangentes</strong></span> <span class='ocrx_word' id='word_1_78' title='bbox 1683 1215 1864 1259; x_wconf 81' lang='lat' dir='ltr'><strong>tamen</strong></span> <span class='ocrx_word' id='word_1_79' title='bbox 1916 1220 2016 1260; x_wconf 88' lang='lat' dir='ltr'><strong>eos</strong></span> 
     </span>
    </p>
   </div>
   <div class='ocr_carea' id='block_1_14' title="bbox 418 1298 2019 1373">
    <p class='ocr_par' dir='ltr' id='par_1_14' title="bbox 418 1298 2019 1373">
     <span class='ocr_line' id='line_1_14' title="bbox 418 1298 2019 1373; baseline 0 -20"><span class='ocrx_word' id='word_1_80' title='bbox 418 1303 509 1373; x_wconf 90' lang='lat' dir='ltr'><strong>qui</strong></span> <span class='ocrx_word' id='word_1_81' title='bbox 533 1301 713 1355; x_wconf 87' lang='lat' dir='ltr'><strong>adhuc</strong></span> <span class='ocrx_word' id='word_1_82' title='bbox 745 1301 899 1369; x_wconf 81' lang='lat' dir='ltr'><strong>plaga</strong></span> <span class='ocrx_word' id='word_1_83' title='bbox 926 1298 1310 1354; x_wconf 84' lang='lat' dir='ltr'><strong>detinebantur</strong></span> <span class='ocrx_word' id='word_1_84' title='bbox 1348 1308 1403 1354; x_wconf 91' lang='lat' dir='ltr'><strong>et</strong></span> <span class='ocrx_word' id='word_1_85' title='bbox 1447 1298 1685 1369; x_wconf 83' lang='lat' dir='ltr'><strong>amigere</strong></span> <span class='ocrx_word' id='word_1_86' title='bbox 1729 1298 2019 1354; x_wconf 82' lang='lat' dir='ltr'><strong>transmis-</strong></span> 
     </span>
    </p>
   </div>
   <div class='ocr_carea' id='block_1_15' title="bbox 420 1389 2015 1462">
    <p class='ocr_par' dir='ltr' id='par_1_15' title="bbox 420 1389 2015 1462">
     <span class='ocr_line' id='line_1_15' title="bbox 420 1389 2015 1462; baseline -0.002 -16"><span class='ocrx_word' id='word_1_87' title='bbox 420 1392 579 1447; x_wconf 89' lang='lat' dir='ltr'><strong>sione</strong></span> <span class='ocrx_word' id='word_1_88' title='bbox 607 1391 792 1462; x_wconf 88' lang='lat' dir='ltr'><strong>potius</strong></span> <span class='ocrx_word' id='word_1_89' title='bbox 822 1398 1097 1460; x_wconf 84' lang='lat' dir='ltr'><strong>poterant,</strong></span> <span class='ocrx_word' id='word_1_90' title='bbox 1120 1406 1285 1460; x_wconf 85' lang='lat' dir='ltr'><strong>quam</strong></span> <span class='ocrx_word' id='word_1_91' title='bbox 1306 1391 1650 1446; x_wconf 91' lang='lat' dir='ltr'><strong>curationem</strong></span> <span class='ocrx_word' id='word_1_92' title='bbox 1680 1406 1773 1459; x_wconf 87' lang='lat' dir='ltr'><strong>per</strong></span> <span class='ocrx_word' id='word_1_93' title='bbox 1795 1389 2015 1445; x_wconf 91' lang='lat' dir='ltr'><strong>illorum</strong></span> 
     </span>
    </p>
   </div>
   <div class='ocr_carea' id='block_1_16' title="bbox 420 1480 2018 1552">
    <p class='ocr_par' dir='ltr' id='par_1_16' title="bbox 420 1480 2018 1552">
     <span class='ocr_line' id='line_1_16' title="bbox 420 1480 2018 1552; baseline -0.001 -14"><span class='ocrx_word' id='word_1_94' title='bbox 420 1498 644 1538; x_wconf 87' lang='lat' dir='ltr'><strong>manum</strong></span> <span class='ocrx_word' id='word_1_95' title='bbox 678 1482 912 1548; x_wconf 90' lang='lat' dir='ltr'><strong>lucrari;</strong></span> <span class='ocrx_word' id='word_1_96' title='bbox 962 1482 1107 1536; x_wconf 91' lang='lat' dir='ltr'><strong>unde</strong></span> <span class='ocrx_word' id='word_1_97' title='bbox 1136 1480 1267 1552; x_wconf 86' lang='lat' dir='ltr'><strong>quia</strong></span> <span class='ocrx_word' id='word_1_98' title='bbox 1324 1490 1379 1536; x_wconf 92' lang='lat' dir='ltr'><strong>et</strong></span> <span class='ocrx_word' id='word_1_99' title='bbox 1412 1482 1669 1536; x_wconf 85' lang='lat' dir='ltr'><strong>dominds</strong></span> <span class='ocrx_word' id='word_1_100' title='bbox 1699 1495 1818 1538; x_wconf 88' lang='lat' dir='ltr'><strong>erat</strong></span> <span class='ocrx_word' id='word_1_101' title='bbox 1845 1481 2018 1538; x_wconf 84' lang='lat' dir='ltr'><strong>Filius</strong></span> 
     </span>
    </p>
   </div>
   <div class='ocr_carea' id='block_1_17' title="bbox 421 1574 2014 1645">
    <p class='ocr_par' dir='ltr' id='par_1_17' title="bbox 421 1574 2014 1645">
     <span class='ocr_line' id='line_1_17' title="bbox 421 1574 2014 1645; baseline -0.001 -15"><span class='ocrx_word' id='word_1_102' title='bbox 421 1575 663 1631; x_wconf 85' lang='lat' dir='ltr'><strong>hominis</strong></span> <span class='ocrx_word' id='word_1_103' title='bbox 685 1584 741 1629; x_wconf 93' lang='lat' dir='ltr'><strong>et</strong></span> <span class='ocrx_word' id='word_1_104' title='bbox 768 1575 1004 1645; x_wconf 89' lang='lat' dir='ltr'><strong>ponendi</strong></span> <span class='ocrx_word' id='word_1_105' title='bbox 1037 1584 1090 1629; x_wconf 89' lang='lat' dir='ltr'><strong>et</strong></span> <span class='ocrx_word' id='word_1_106' title='bbox 1116 1592 1225 1630; x_wconf 90' lang='lat' dir='ltr'><strong>non</strong></span> <span class='ocrx_word' id='word_1_107' title='bbox 1252 1574 1487 1645; x_wconf 89' lang='lat' dir='ltr'><strong>ponendi</strong></span> <span class='ocrx_word' id='word_1_108' title='bbox 1519 1575 1715 1645; x_wconf 83' lang='lat' dir='ltr'><strong>legem,</strong></span> <span class='ocrx_word' id='word_1_109' title='bbox 1739 1590 1848 1630; x_wconf 89' lang='lat' dir='ltr'><strong>non</strong></span> <span class='ocrx_word' id='word_1_110' title='bbox 1867 1578 2014 1631; x_wconf 91' lang='lat' dir='ltr'><strong>enim</strong></span> 
     </span>
    </p>
   </div>
   <div class='ocr_carea' id='block_1_18' title="bbox 422 1665 2008 1735">
    <p class='ocr_par' dir='ltr' id='par_1_18' title="bbox 422 1665 2008 1735">
     <span class='ocr_line' id='line_1_18' title="bbox 422 1665 2008 1735; baseline 0 -15"><span class='ocrx_word' id='word_1_111' title='bbox 422 1665 609 1720; x_wconf 89' lang='lat' dir='ltr'><strong>carnis</strong></span> <span class='ocrx_word' id='word_1_112' title='bbox 638 1666 941 1734; x_wconf 82' lang='lat' dir='ltr'><strong>assumptio</strong></span> <span class='ocrx_word' id='word_1_113' title='bbox 966 1666 1267 1735; x_wconf 80' lang='lat' dir='ltr'><strong>potentiam</strong></span> <span class='ocrx_word' id='word_1_114' title='bbox 1298 1666 1523 1721; x_wconf 86' lang='lat' dir='ltr'><strong>abstulit</strong></span> <span class='ocrx_word' id='word_1_115' title='bbox 1552 1667 1878 1732; x_wconf 75' lang='lat' dir='ltr'><strong>divinitatis,</strong></span> <span class='ocrx_word' id='word_1_116' title='bbox 1914 1667 2008 1722; x_wconf 90' lang='lat' dir='ltr'><strong>sed</strong></span> 
     </span>
    </p>
   </div>
   <div class='ocr_carea' id='block_1_19' title="bbox 422 1757 2014 1832">
    <p class='ocr_par' dir='ltr' id='par_1_19' title="bbox 422 1757 2014 1832">
     <span class='ocr_line' id='line_1_19' title="bbox 422 1757 2014 1832; baseline 0.001 -19"><span class='ocrx_word' id='word_1_117' title='bbox 422 1767 743 1829; x_wconf 82' lang='lat' dir='ltr'><strong>assumptus</strong></span> <span class='ocrx_word' id='word_1_118' title='bbox 774 1757 942 1812; x_wconf 92' lang='lat' dir='ltr'><strong>homo</strong></span> <span class='ocrx_word' id='word_1_119' title='bbox 997 1759 1294 1829; x_wconf 87' lang='lat' dir='ltr'><strong>potentiam</strong></span> <span class='ocrx_word' id='word_1_120' title='bbox 1326 1760 1446 1830; x_wconf 87' lang='lat' dir='ltr'><strong>ejus</strong></span> <span class='ocrx_word' id='word_1_121' title='bbox 1477 1761 1566 1831; x_wconf 88' lang='lat' dir='ltr'><strong>qui</strong></span> <span class='ocrx_word' id='word_1_122' title='bbox 1594 1762 1891 1832; x_wconf 88' lang='lat' dir='ltr'><strong>assumpsit</strong></span> <span class='ocrx_word' id='word_1_123' title='bbox 1914 1762 2014 1816; x_wconf 87' lang='lat' dir='ltr'><strong>sibi</strong></span> 
     </span>
    </p>
   </div>
   <div class='ocr_carea' id='block_1_20' title="bbox 423 1850 2017 1925">
    <p class='ocr_par' dir='ltr' id='par_1_20' title="bbox 423 1850 2017 1925">
     <span class='ocr_line' id='line_1_20' title="bbox 423 1850 2017 1925; baseline 0 -18"><span class='ocrx_word' id='word_1_124' title='bbox 423 1853 704 1924; x_wconf 80' lang='lat' dir='ltr'><strong>prapriam</strong></span> <span class='ocrx_word' id='word_1_125' title='bbox 736 1850 899 1918; x_wconf 82' lang='lat' dir='ltr'><strong>fecit;</strong></span> <span class='ocrx_word' id='word_1_126' title='bbox 947 1860 1002 1907; x_wconf 91' lang='lat' dir='ltr'><strong>et</strong></span> <span class='ocrx_word' id='word_1_127' title='bbox 1035 1853 1164 1922; x_wconf 82' lang='lat' dir='ltr'><strong>quia</strong></span> <span class='ocrx_word' id='word_1_128' title='bbox 1197 1853 1291 1922; x_wconf 90' lang='lat' dir='ltr'><strong>qui</strong></span> <span class='ocrx_word' id='word_1_129' title='bbox 1327 1854 1708 1923; x_wconf 85' lang='lat' dir='ltr'><strong>principaliter</strong></span> <span class='ocrx_word' id='word_1_130' title='bbox 1736 1864 1793 1909; x_wconf 92' lang='lat' dir='ltr'><strong>et</strong></span> <span class='ocrx_word' id='word_1_131' title='bbox 1842 1855 2017 1925; x_wconf 83' lang='lat' dir='ltr'><strong>origi-</strong></span> 
     </span>
    </p>
   </div>
   <div class='ocr_carea' id='block_1_21' title="bbox 424 1944 2022 2017">
    <p class='ocr_par' dir='ltr' id='par_1_21' title="bbox 424 1944 2022 2017">
     <span class='ocr_line' id='line_1_21' title="bbox 424 1944 2022 2017; baseline 0.001 -16"><span class='ocrx_word' id='word_1_132' title='bbox 424 1946 625 2001; x_wconf 88' lang='lat' dir='ltr'><strong>naliter</strong></span> <span class='ocrx_word' id='word_1_133' title='bbox 648 1955 733 2000; x_wconf 91' lang='lat' dir='ltr'><strong>est</strong></span> <span class='ocrx_word' id='word_1_134' title='bbox 761 1944 1046 2016; x_wconf 87' lang='lat' dir='ltr'><strong>legislator</strong></span> <span class='ocrx_word' id='word_1_135' title='bbox 1062 1960 1158 2001; x_wconf 90' lang='lat' dir='ltr'><strong>eos</strong></span> <span class='ocrx_word' id='word_1_136' title='bbox 1192 1947 1285 2016; x_wconf 91' lang='lat' dir='ltr'><strong>qui</strong></span> <span class='ocrx_word' id='word_1_137' title='bbox 1327 1947 1429 2001; x_wconf 89' lang='lat' dir='ltr'><strong>sub</strong></span> <span class='ocrx_word' id='word_1_138' title='bbox 1454 1962 1618 2001; x_wconf 86' lang='lat' dir='ltr'><strong>manu</strong></span> <span class='ocrx_word' id='word_1_139' title='bbox 1648 1957 1775 2001; x_wconf 87' lang='lat' dir='ltr'><strong>sunt</strong></span> <span class='ocrx_word' id='word_1_140' title='bbox 1799 1948 2022 2017; x_wconf 77' lang='grc' dir='ltr'>ευ1›]ἰοίι</span> 
     </span>
    </p>
   </div>
   <div class='ocr_carea' id='block_1_22' title="bbox 424 2037 2024 2109">
    <p class='ocr_par' dir='ltr' id='par_1_22' title="bbox 424 2037 2024 2109">
     <span class='ocr_line' id='line_1_22' title="bbox 424 2037 2024 2109; baseline 0.001 -17"><span class='ocrx_word' id='word_1_141' title='bbox 424 2037 779 2109; x_wconf 88' lang='lat' dir='ltr'><strong>legislationi,</strong></span> <span class='ocrx_word' id='word_1_142' title='bbox 819 2053 928 2093; x_wconf 94' lang='lat' dir='ltr'><strong>non</strong></span> <span class='ocrx_word' id='word_1_143' title='bbox 959 2037 1123 2093; x_wconf 86' lang='lat' dir='ltr'><strong>simul</strong></span> <span class='ocrx_word' id='word_1_144' title='bbox 1147 2038 1438 2108; x_wconf 87' lang='lat' dir='ltr'><strong>subjicitur</strong></span> <span class='ocrx_word' id='word_1_145' title='bbox 1465 2054 1565 2093; x_wconf 90' lang='lat' dir='ltr'><strong>nec</strong></span> <span class='ocrx_word' id='word_1_146' title='bbox 1596 2039 1757 2094; x_wconf 89' lang='lat' dir='ltr'><strong>simul</strong></span> <span class='ocrx_word' id='word_1_147' title='bbox 1786 2040 2024 2095; x_wconf 89' lang='lat' dir='ltr'><strong>circum-</strong></span> 
     </span>
    </p>
   </div>
   <div class='ocr_carea' id='block_1_23' title="bbox 426 2129 2022 2202">
    <p class='ocr_par' dir='ltr' id='par_1_23' title="bbox 426 2129 2022 2202">
     <span class='ocr_line' id='line_1_23' title="bbox 426 2129 2022 2202; baseline 0.001 -15"><span class='ocrx_word' id='word_1_148' title='bbox 426 2133 611 2201; x_wconf 87' lang='lat' dir='ltr'><strong>agitur</strong></span> <span class='ocrx_word' id='word_1_149' title='bbox 641 2146 768 2185; x_wconf 87' lang='lat' dir='ltr'><strong>cum</strong></span> <span class='ocrx_word' id='word_1_150' title='bbox 808 2131 912 2201; x_wconf 87' lang='lat' dir='ltr'><strong>legi</strong></span> <span class='ocrx_word' id='word_1_151' title='bbox 946 2129 1234 2201; x_wconf 89' lang='lat' dir='ltr'><strong>subjectis.</strong></span> <span class='ocrx_word' id='word_1_152' title='bbox 1278 2129 1345 2186; x_wconf 85' lang='lat' dir='ltr'><strong>Et</strong></span> <span class='ocrx_word' id='word_1_153' title='bbox 1366 2132 1495 2202; x_wconf 90' lang='lat' dir='ltr'><strong>quia</strong></span> <span class='ocrx_word' id='word_1_154' title='bbox 1546 2147 1642 2201; x_wconf 88' lang='lat' dir='ltr'><strong>per</strong></span> <span class='ocrx_word' id='word_1_155' title='bbox 1689 2134 2022 2188; x_wconf 88' lang='lat' dir='ltr'><strong>solutionem</strong></span> 
     </span>
    </p>
   </div>
   <div class='ocr_carea' id='block_1_24' title="bbox 427 2223 2020 2293">
    <p class='ocr_par' dir='ltr' id='par_1_24' title="bbox 427 2223 2020 2293">
     <span class='ocr_line' id='line_1_24' title="bbox 427 2223 2020 2293; baseline 0.002 -16"><span class='ocrx_word' id='word_1_156' title='bbox 427 2231 586 2278; x_wconf 87' lang='lat' dir='ltr'><strong>vetus</strong></span> <span class='ocrx_word' id='word_1_157' title='bbox 627 2223 711 2278; x_wconf 80' lang='lat' dir='ltr'><strong>lex</strong></span> <span class='ocrx_word' id='word_1_158' title='bbox 763 2224 1033 2293; x_wconf 80' lang='lat' dir='ltr'><strong>originem</strong></span> <span class='ocrx_word' id='word_1_159' title='bbox 1086 2223 1278 2278; x_wconf 88' lang='lat' dir='ltr'><strong>habuit</strong></span> <span class='ocrx_word' id='word_1_160' title='bbox 1335 2235 1388 2279; x_wconf 92' lang='lat' dir='ltr'><strong>et</strong></span> <span class='ocrx_word' id='word_1_161' title='bbox 1422 2234 1839 2279; x_wconf 87' lang='lat' dir='ltr'><strong>concurrentem</strong></span> <span class='ocrx_word' id='word_1_162' title='bbox 1895 2240 2020 2280; x_wconf 91' lang='lat' dir='ltr'><strong>cum</strong></span> 
     </span>
    </p>
   </div>
   <div class='ocr_carea' id='block_1_25' title="bbox 428 2314 2024 2387">
    <p class='ocr_par' dir='ltr' id='par_1_25' title="bbox 428 2314 2024 2387">
     <span class='ocr_line' id='line_1_25' title="bbox 428 2314 2024 2387; baseline 0 -16"><span class='ocrx_word' id='word_1_163' title='bbox 428 2314 706 2371; x_wconf 85' lang='lat' dir='ltr'><strong>solutione</strong></span> <span class='ocrx_word' id='word_1_164' title='bbox 732 2315 1087 2371; x_wconf 87' lang='lat' dir='ltr'><strong>securitatem</strong></span> <span class='ocrx_word' id='word_1_165' title='bbox 1127 2316 1403 2387; x_wconf 90' lang='lat' dir='ltr'><strong>promisit,</strong></span> <span class='ocrx_word' id='word_1_166' title='bbox 1438 2331 1549 2370; x_wconf 90' lang='lat' dir='ltr'><strong>non</strong></span> <span class='ocrx_word' id='word_1_167' title='bbox 1596 2317 1769 2371; x_wconf 84' lang='lat' dir='ltr'><strong>altero</strong></span> <span class='ocrx_word' id='word_1_168' title='bbox 1792 2316 2024 2371; x_wconf 88' lang='lat' dir='ltr'><strong>alterum</strong></span> 
     </span>
    </p>
   </div>
   <div class='ocr_carea' id='block_1_26' title="bbox 430 2406 2029 2478">
    <p class='ocr_par' dir='ltr' id='par_1_26' title="bbox 430 2406 2029 2478">
     <span class='ocr_line' id='line_1_26' title="bbox 430 2406 2029 2478; baseline 0.001 -17"><span class='ocrx_word' id='word_1_169' title='bbox 430 2406 736 2471; x_wconf 77' lang='lat' dir='ltr'><strong>auferente,</strong></span> <span class='ocrx_word' id='word_1_170' title='bbox 770 2422 865 2477; x_wconf 95' lang='lat' dir='ltr'><strong>per</strong></span> <span class='ocrx_word' id='word_1_171' title='bbox 893 2416 1193 2477; x_wconf 90' lang='lat' dir='ltr'><strong>utrumque</strong></span> <span class='ocrx_word' id='word_1_172' title='bbox 1240 2423 1369 2462; x_wconf 88' lang='lat' dir='ltr'><strong>vero</strong></span> <span class='ocrx_word' id='word_1_173' title='bbox 1402 2407 1820 2462; x_wconf 84' lang='lat' dir='ltr'><strong>subsistentiam</strong></span> <span class='ocrx_word' id='word_1_174' title='bbox 1863 2408 2029 2478; x_wconf 78' lang='lat' dir='ltr'><strong>legis-</strong></span> 
     </span>
    </p>
   </div>
   <div class='ocr_carea' id='block_1_27' title="bbox 431 2499 2031 2570">
    <p class='ocr_par' dir='ltr' id='par_1_27' title="bbox 431 2499 2031 2570">
     <span class='ocr_line' id='line_1_27' title="bbox 431 2499 2031 2570; baseline 0 -17"><span class='ocrx_word' id='word_1_175' title='bbox 431 2499 635 2555; x_wconf 82' lang='lat' dir='ltr'><strong>lutioue</strong></span> <span class='ocrx_word' id='word_1_176' title='bbox 653 2499 992 2569; x_wconf 89' lang='lat' dir='ltr'><strong>accipiente;</strong></span> <span class='ocrx_word' id='word_1_177' title='bbox 1026 2508 1080 2553; x_wconf 91' lang='lat' dir='ltr'><strong>et</strong></span> <span class='ocrx_word' id='word_1_178' title='bbox 1106 2499 1237 2570; x_wconf 89' lang='lat' dir='ltr'><strong>quia</strong></span> <span class='ocrx_word' id='word_1_179' title='bbox 1263 2515 1368 2553; x_wconf 89' lang='lat' dir='ltr'><strong>non</strong></span> <span class='ocrx_word' id='word_1_180' title='bbox 1395 2515 1492 2569; x_wconf 91' lang='lat' dir='ltr'><strong>per</strong></span> <span class='ocrx_word' id='word_1_181' title='bbox 1526 2507 1733 2554; x_wconf 87' lang='lat' dir='ltr'><strong>tactum</strong></span> <span class='ocrx_word' id='word_1_182' title='bbox 1757 2500 1843 2554; x_wconf 80' lang='lat' dir='ltr'><strong>lex</strong></span> <span class='ocrx_word' id='word_1_183' title='bbox 1865 2514 2031 2553; x_wconf 88' lang='lat' dir='ltr'><strong>mun-</strong></span> 
     </span>
    </p>
   </div>
   <div class='ocr_carea' id='block_1_28' title="bbox 430 2590 2028 2662">
    <p class='ocr_par' dir='ltr' id='par_1_28' title="bbox 430 2590 2028 2662">
     <span class='ocr_line' id='line_1_28' title="bbox 430 2590 2028 2662; baseline 0.003 -18"><span class='ocrx_word' id='word_1_184' title='bbox 430 2590 627 2646; x_wconf 85' lang='lat' dir='ltr'><strong>dantes</strong></span> <span class='ocrx_word' id='word_1_185' title='bbox 658 2592 728 2646; x_wconf 90' lang='lat' dir='ltr'><strong>ab</strong></span> <span class='ocrx_word' id='word_1_186' title='bbox 779 2590 1129 2647; x_wconf 86' lang='lat' dir='ltr'><strong>immunditia</strong></span> <span class='ocrx_word' id='word_1_187' title='bbox 1163 2591 1443 2646; x_wconf 87' lang='lat' dir='ltr'><strong>hominem</strong></span> <span class='ocrx_word' id='word_1_188' title='bbox 1482 2600 1703 2662; x_wconf 83' lang='lat' dir='ltr'><strong>tangere</strong></span> <span class='ocrx_word' id='word_1_189' title='bbox 1754 2593 2028 2662; x_wconf 87' lang='lat' dir='ltr'><strong>prohibet,</strong></span> 
     </span>
    </p>
   </div>
   <div class='ocr_carea' id='block_1_29' title="bbox 431 2682 2033 2753">
    <p class='ocr_par' dir='ltr' id='par_1_29' title="bbox 431 2682 2033 2753">
     <span class='ocr_line' id='line_1_29' title="bbox 431 2682 2033 2753; baseline 0.002 -18"><span class='ocrx_word' id='word_1_190' title='bbox 431 2683 527 2736; x_wconf 83' lang='lat' dir='ltr'><strong>sed</strong></span> <span class='ocrx_word' id='word_1_191' title='bbox 551 2696 649 2737; x_wconf 90' lang='lat' dir='ltr'><strong>eos</strong></span> <span class='ocrx_word' id='word_1_192' title='bbox 678 2683 772 2753; x_wconf 90' lang='lat' dir='ltr'><strong>qui</strong></span> <span class='ocrx_word' id='word_1_193' title='bbox 808 2698 986 2751; x_wconf 88' lang='lat' dir='ltr'><strong>neque</strong></span> <span class='ocrx_word' id='word_1_194' title='bbox 1014 2698 1180 2752; x_wconf 90' lang='lat' dir='ltr'><strong>quam</strong></span> <span class='ocrx_word' id='word_1_195' title='bbox 1214 2683 1410 2737; x_wconf 79' lang='lat' dir='ltr'><strong>tiielius</strong></span> <span class='ocrx_word' id='word_1_196' title='bbox 1457 2682 1752 2752; x_wconf 90' lang='lat' dir='ltr'><strong>disponere</strong></span> <span class='ocrx_word' id='word_1_197' title='bbox 1801 2691 2033 2753; x_wconf 87' lang='lat' dir='ltr'><strong>possunt</strong></span> 
     </span>
    </p>
   </div>
   <div class='ocr_carea' id='block_1_30' title="bbox 435 2775 2032 2847">
    <p class='ocr_par' dir='ltr' id='par_1_30' title="bbox 435 2775 2032 2847">
     <span class='ocr_line' id='line_1_30' title="bbox 435 2775 2032 2847; baseline -0.001 -16"><span class='ocrx_word' id='word_1_198' title='bbox 435 2775 639 2847; x_wconf 86' lang='lat' dir='ltr'><strong>injuria</strong></span> <span class='ocrx_word' id='word_1_199' title='bbox 670 2775 925 2831; x_wconf 78' lang='lat' dir='ltr'><strong>affectum</strong></span> <span class='ocrx_word' id='word_1_200' title='bbox 963 2792 1060 2846; x_wconf 85' lang='lat' dir='ltr'><strong>per</strong></span> <span class='ocrx_word' id='word_1_201' title='bbox 1090 2775 1532 2843; x_wconf 90' lang='lat' dir='ltr'><strong>immunditiam;</strong></span> <span class='ocrx_word' id='word_1_202' title='bbox 1585 2785 1639 2831; x_wconf 91' lang='lat' dir='ltr'><strong>et</strong></span> <span class='ocrx_word' id='word_1_203' title='bbox 1676 2776 1806 2847; x_wconf 88' lang='lat' dir='ltr'><strong>quia</strong></span> <span class='ocrx_word' id='word_1_204' title='bbox 1835 2792 1934 2847; x_wconf 91' lang='lat' dir='ltr'><strong>per</strong></span> <span class='ocrx_word' id='word_1_205' title='bbox 1966 2790 2032 2830; x_wconf 87' lang='lat' dir='ltr'><strong>ea</strong></span> 
     </span>
    </p>
   </div>
   <div class='ocr_carea' id='block_1_31' title="bbox 437 2868 2032 2939">
    <p class='ocr_par' dir='ltr' id='par_1_31' title="bbox 437 2868 2032 2939">
     <span class='ocr_line' id='line_1_31' title="bbox 437 2868 2032 2939; baseline 0 -17"><span class='ocrx_word' id='word_1_206' title='bbox 437 2884 561 2939; x_wconf 63' lang='lat' dir='ltr'><strong>quae</strong></span> <span class='ocrx_word' id='word_1_207' title='bbox 591 2868 844 2924; x_wconf 86' lang='lat' dir='ltr'><strong>Salvator</strong></span> <span class='ocrx_word' id='word_1_208' title='bbox 875 2868 1027 2930; x_wconf 80' lang='lat' dir='ltr'><strong>fecit,</strong></span> <span class='ocrx_word' id='word_1_209' title='bbox 1061 2868 1463 2938; x_wconf 85' lang='lat' dir='ltr'><strong>legislationem</strong></span> <span class='ocrx_word' id='word_1_210' title='bbox 1495 2868 1669 2937; x_wconf 87' lang='lat' dir='ltr'><strong>magis</strong></span> <span class='ocrx_word' id='word_1_211' title='bbox 1720 2868 2032 2924; x_wconf 84' lang='lat' dir='ltr'><strong>honorabat</strong></span> 
     </span>
    </p>
   </div>
   <div class='ocr_carea' id='block_1_32' title="bbox 436 2959 2035 3030">
    <p class='ocr_par' dir='ltr' id='par_1_32' title="bbox 436 2959 2035 3030">
     <span class='ocr_line' id='line_1_32' title="bbox 436 2959 2035 3030; baseline -0.002 -14"><span class='ocrx_word' id='word_1_212' title='bbox 436 2972 549 3016; x_wconf 83' lang='lat' dir='ltr'><strong>non</strong></span> <span class='ocrx_word' id='word_1_213' title='bbox 581 2960 805 3016; x_wconf 89' lang='lat' dir='ltr'><strong>obstare</strong></span> <span class='ocrx_word' id='word_1_214' title='bbox 832 2975 953 3015; x_wconf 91' lang='lat' dir='ltr'><strong>eam</strong></span> <span class='ocrx_word' id='word_1_215' title='bbox 976 2959 1181 3015; x_wconf 87' lang='lat' dir='ltr'><strong>divinis</strong></span> <span class='ocrx_word' id='word_1_216' title='bbox 1212 2961 1385 3030; x_wconf 77' lang='lat' dir='ltr'><strong>signis</strong></span> <span class='ocrx_word' id='word_1_217' title='bbox 1412 2959 1769 3025; x_wconf 82' lang='lat' dir='ltr'><strong>convincens,</strong></span> <span class='ocrx_word' id='word_1_218' title='bbox 1802 2961 1859 3015; x_wconf 93' lang='lat' dir='ltr'><strong>in</strong></span> <span class='ocrx_word' id='word_1_219' title='bbox 1900 2976 2035 3016; x_wconf 88' lang='lat' dir='ltr'><strong>eon-</strong></span> 
     </span>
    </p>
   </div>
   <div class='ocr_carea' id='block_1_33' title="bbox 438 3049 2035 3123">
    <p class='ocr_par' dir='ltr' id='par_1_33' title="bbox 438 3049 2035 3123">
     <span class='ocr_line' id='line_1_33' title="bbox 438 3049 2035 3123; baseline -0.001 -15"><span class='ocrx_word' id='word_1_220' title='bbox 438 3068 667 3109; x_wconf 89' lang='lat' dir='ltr'><strong>cursum</strong></span> <span class='ocrx_word' id='word_1_221' title='bbox 700 3068 828 3109; x_wconf 91' lang='lat' dir='ltr'><strong>vero</strong></span> <span class='ocrx_word' id='word_1_222' title='bbox 863 3053 1039 3123; x_wconf 85' lang='lat' dir='ltr'><strong>magis</strong></span> <span class='ocrx_word' id='word_1_223' title='bbox 1059 3052 1450 3108; x_wconf 88' lang='lat' dir='ltr'><strong>demonstrans</strong></span> <span class='ocrx_word' id='word_1_224' title='bbox 1481 3059 1838 3122; x_wconf 89' lang='lat' dir='ltr'><strong>assumptam.</strong></span> <span class='ocrx_word' id='word_1_225' title='bbox 1862 3049 2035 3123; x_wconf 87' lang='lat' dir='ltr'><strong>Prop-</strong></span> 
     </span>
    </p>
   </div>
   <div class='ocr_carea' id='block_1_34' title="bbox 2126 557 3743 632">
    <p class='ocr_par' dir='ltr' id='par_1_34' title="bbox 2126 557 3743 632">
     <span class='ocr_line' id='line_1_34' title="bbox 2126 557 3743 632; baseline 0.004 -24"><span class='ocrx_word' id='word_1_226' title='bbox 2126 557 2288 625; x_wconf 83' lang='grc' dir='ltr'>μένον</span> <span class='ocrx_word' id='word_1_227' title='bbox 2320 557 2377 610; x_wconf 81' lang='grc' dir='ltr'>δὲ</span> <span class='ocrx_word' id='word_1_228' title='bbox 2410 561 2504 612; x_wconf 73' lang='grc' dir='ltr'><strong>καὶ</strong></span> <span class='ocrx_word' id='word_1_229' title='bbox 2544 560 2673 629; x_wconf 84' lang='grc' dir='ltr'>ὑγιᾶ</span> <span class='ocrx_word' id='word_1_230' title='bbox 2703 560 2790 614; x_wconf 81' lang='grc' dir='ltr'>διὰ</span> <span class='ocrx_word' id='word_1_231' title='bbox 2818 560 2918 630; x_wconf 87' lang='grc' dir='ltr'>τῆς</span> <span class='ocrx_word' id='word_1_232' title='bbox 2947 561 3287 632; x_wconf 83' lang='grc' dir='ltr'>Δεσποτικῆς</span> <span class='ocrx_word' id='word_1_233' title='bbox 3316 561 3463 631; x_wconf 78' lang='grc' dir='ltr'>ἁφῆς</span> <span class='ocrx_word' id='word_1_234' title='bbox 3499 564 3593 615; x_wconf 73' lang='grc' dir='ltr'>καὶ</span> <span class='ocrx_word' id='word_1_235' title='bbox 3622 580 3743 615; x_wconf 67' lang='grc' dir='ltr'>νο·-</span> 
     </span>
    </p>
   </div>
   <div class='ocr_carea' id='block_1_35' title="bbox 2126 649 3718 725">
    <p class='ocr_par' dir='ltr' id='par_1_35' title="bbox 2126 649 3718 725">
     <span class='ocr_line' id='line_1_35' title="bbox 2126 649 3718 725; baseline 0.004 -23"><span class='ocrx_word' id='word_1_236' title='bbox 2126 649 2383 720; x_wconf 74' lang='grc' dir='ltr'>μίξεσθαι</span> <span class='ocrx_word' id='word_1_237' title='bbox 2410 653 2543 705; x_wconf 81' lang='grc' dir='ltr'>πᾶσι</span> <span class='ocrx_word' id='word_1_238' title='bbox 2568 652 2663 705; x_wconf 76' lang='grc' dir='ltr'>καὶ</span> <span class='ocrx_word' id='word_1_239' title='bbox 2692 652 3126 718; x_wconf 90' lang='grc' dir='ltr'>ἐπιδείκνυσθαι,</span> <span class='ocrx_word' id='word_1_240' title='bbox 3164 656 3255 706; x_wconf 63' lang='grc' dir='ltr'><strong>τὶν</strong></span> <span class='ocrx_word' id='word_1_241' title='bbox 3291 654 3347 707; x_wconf 80' lang='grc' dir='ltr'><strong>δὲ</strong></span> <span class='ocrx_word' id='word_1_242' title='bbox 3373 654 3473 725; x_wconf 81' lang='grc' dir='ltr'><strong>τὴν</strong></span> <span class='ocrx_word' id='word_1_243' title='bbox 3507 653 3718 725; x_wconf 83' lang='grc' dir='ltr'>κάθαρ-</span> 
     </span>
    </p>
   </div>
   <div class='ocr_carea' id='block_1_36' title="bbox 2125 744 3714 818">
    <p class='ocr_par' dir='ltr' id='par_1_36' title="bbox 2125 744 3714 818">
     <span class='ocr_line' id='line_1_36' title="bbox 2125 744 3714 818; baseline 0.003 -23"><span class='ocrx_word' id='word_1_244' title='bbox 2125 760 2209 796; x_wconf 87' lang='grc' dir='ltr'><strong>σιν</strong></span> <span class='ocrx_word' id='word_1_245' title='bbox 2235 744 2385 814; x_wconf 83' lang='grc' dir='ltr'>αὑτῷ</span> <span class='ocrx_word' id='word_1_246' title='bbox 2434 744 2835 816; x_wconf 78' lang='grc' dir='ltr'><strong>φιλανθρώπως</strong></span> <span class='ocrx_word' id='word_1_247' title='bbox 2876 746 2971 799; x_wconf 74' lang='grc' dir='ltr'>καὶ</span> <span class='ocrx_word' id='word_1_248' title='bbox 3003 746 3301 817; x_wconf 75' lang='grc' dir='ltr'><strong>ὑπερφυῶς</strong></span> <span class='ocrx_word' id='word_1_249' title='bbox 3345 746 3714 818; x_wconf 77' lang='grc' dir='ltr'><strong>δωρούμενον,</strong></span> 
     </span>
    </p>
   </div>
   <div class='ocr_carea' id='block_1_37' title="bbox 2122 836 3720 911">
    <p class='ocr_par' dir='ltr' id='par_1_37' title="bbox 2122 836 3720 911">
     <span class='ocr_line' id='line_1_37' title="bbox 2122 836 3720 911; baseline 0.001 -22"><span class='ocrx_word' id='word_1_250' title='bbox 2122 836 2467 909; x_wconf 81' lang='grc' dir='ltr'>ἀκαθαρσίας</span> <span class='ocrx_word' id='word_1_251' title='bbox 2500 841 2790 909; x_wconf 84' lang='grc' dir='ltr'><strong>μετασχεῖν</strong></span> <span class='ocrx_word' id='word_1_252' title='bbox 2812 840 3076 910; x_wconf 70' lang='grc' dir='ltr'>νομίζειν,</span> <span class='ocrx_word' id='word_1_253' title='bbox 3099 842 3165 911; x_wconf 81' lang='grc' dir='ltr'>ἣν</span> <span class='ocrx_word' id='word_1_254' title='bbox 3190 840 3298 893; x_wconf 78' lang='grc' dir='ltr'>οὐδ’</span> <span class='ocrx_word' id='word_1_255' title='bbox 3326 842 3383 893; x_wconf 87' lang='grc' dir='ltr'><strong>ἐν</strong></span> <span class='ocrx_word' id='word_1_256' title='bbox 3408 840 3583 909; x_wconf 80' lang='grc' dir='ltr'>ἑτέρῳ</span> <span class='ocrx_word' id='word_1_257' title='bbox 3613 839 3720 892; x_wconf 81' lang='grc' dir='ltr'><strong>σώ-</strong></span> 
     </span>
    </p>
   </div>
   <div class='ocr_carea' id='block_1_38' title="bbox 2128 930 3719 1003">
    <p class='ocr_par' dir='ltr' id='par_1_38' title="bbox 2128 930 3719 1003">
     <span class='ocr_line' id='line_1_38' title="bbox 2128 930 3719 1003; baseline 0.001 -21"><span class='ocrx_word' id='word_1_258' title='bbox 2128 948 2256 1000; x_wconf 87' lang='grc' dir='ltr'>ματι</span> <span class='ocrx_word' id='word_1_259' title='bbox 2287 931 2669 1003; x_wconf 81' lang='grc' dir='ltr'>συνεχώρησεν</span> <span class='ocrx_word' id='word_1_260' title='bbox 2722 932 2935 1002; x_wconf 78' lang='grc' dir='ltr'>μένειν;</span> <span class='ocrx_word' id='word_1_261' title='bbox 2972 933 3187 987; x_wconf 72' lang='grc' dir='ltr'>Οὐκοῦν</span> <span class='ocrx_word' id='word_1_262' title='bbox 3229 931 3352 1001; x_wconf 74' lang='grc' dir='ltr'>οὑχὶ</span> <span class='ocrx_word' id='word_1_263' title='bbox 3379 931 3471 983; x_wconf 79' lang='grc' dir='ltr'><strong>τὸν</strong></span> <span class='ocrx_word' id='word_1_264' title='bbox 3500 930 3589 983; x_wconf 78' lang='grc' dir='ltr'>διὰ</span> <span class='ocrx_word' id='word_1_265' title='bbox 3616 931 3719 1000; x_wconf 76' lang='grc' dir='ltr'>τῆς</span> 
     </span>
    </p>
   </div>
   <div class='ocr_carea' id='block_1_39' title="bbox 2123 1020 3719 1093">
    <p class='ocr_par' dir='ltr' id='par_1_39' title="bbox 2123 1020 3719 1093">
     <span class='ocr_line' id='line_1_39' title="bbox 2123 1020 3719 1093; baseline -0.001 -17"><span class='ocrx_word' id='word_1_266' title='bbox 2123 1022 2270 1091; x_wconf 70' lang='grc' dir='ltr'><strong>ἁφῆς</strong></span> <span class='ocrx_word' id='word_1_267' title='bbox 2303 1023 2362 1074; x_wconf 71' lang='grc' dir='ltr'>τὸ</span> <span class='ocrx_word' id='word_1_268' title='bbox 2410 1024 2578 1087; x_wconf 78' lang='grc' dir='ltr'>πάθος</span> <span class='ocrx_word' id='word_1_269' title='bbox 2626 1022 2721 1076; x_wconf 84' lang='grc' dir='ltr'>τοῦ</span> <span class='ocrx_word' id='word_1_270' title='bbox 2772 1024 2979 1093; x_wconf 67' lang='grc' dir='ltr'>χρωτὸς</span> <span class='ocrx_word' id='word_1_271' title='bbox 3030 1023 3359 1089; x_wconf 84' lang='grc' dir='ltr'>ἀποξύοντα,</span> <span class='ocrx_word' id='word_1_272' title='bbox 3412 1020 3604 1074; x_wconf 79' lang='grc' dir='ltr'>τοῦτον</span> <span class='ocrx_word' id='word_1_273' title='bbox 3641 1020 3719 1093; x_wconf 84' lang='grc' dir='ltr'>μὴ</span> 
     </span>
    </p>
   </div>
   <div class='ocr_carea' id='block_1_40' title="bbox 2124 1112 3715 1185">
    <p class='ocr_par' dir='ltr' id='par_1_40' title="bbox 2124 1112 3715 1185">
     <span class='ocr_line' id='line_1_40' title="bbox 2124 1112 3715 1185; baseline -0.002 -16"><span class='ocrx_word' id='word_1_274' title='bbox 2124 1115 2392 1169; x_wconf 78' lang='grc' dir='ltr'>ἅπτεσθαι</span> <span class='ocrx_word' id='word_1_275' title='bbox 2422 1115 2449 1168; x_wconf 90' lang='lat'><strong>6</strong></span> <span class='ocrx_word' id='word_1_276' title='bbox 2476 1116 2636 1185; x_wconf 87' lang='grc' dir='ltr'>νόμος</span> <span class='ocrx_word' id='word_1_277' title='bbox 2670 1116 2876 1168; x_wconf 83' lang='grc' dir='ltr'>ἐκώλυε</span> <span class='ocrx_word' id='word_1_278' title='bbox 2903 1114 3346 1185; x_wconf 73' lang='grc' dir='ltr'>(μισανθρωπίας</span> <span class='ocrx_word' id='word_1_279' title='bbox 3377 1114 3485 1184; x_wconf 79' lang='grc' dir='ltr'>γὰρ</span> <span class='ocrx_word' id='word_1_280' title='bbox 3515 1113 3615 1167; x_wconf 84' lang='grc' dir='ltr'><strong>οὑκ</strong></span> <span class='ocrx_word' id='word_1_281' title='bbox 3645 1112 3715 1167; x_wconf 80' lang='grc' dir='ltr'>ἂν</span> 
     </span>
    </p>
   </div>
   <div class='ocr_carea' id='block_1_41' title="bbox 2125 1204 3720 1278">
    <p class='ocr_par' dir='ltr' id='par_1_41' title="bbox 2125 1204 3720 1278">
     <span class='ocr_line' id='line_1_41' title="bbox 2125 1204 3720 1278; baseline -0.001 -19"><span class='ocrx_word' id='word_1_282' title='bbox 2125 1206 2297 1276; x_wconf 79' lang='grc' dir='ltr'>ἔφυγε</span> <span class='ocrx_word' id='word_1_283' title='bbox 2339 1206 2541 1278; x_wconf 83' lang='grc' dir='ltr'>δίκην),</span> <span class='ocrx_word' id='word_1_284' title='bbox 2574 1206 2711 1259; x_wconf 77' lang='grc' dir='ltr'>ἀλλὰ</span> <span class='ocrx_word' id='word_1_285' title='bbox 2735 1208 2860 1271; x_wconf 81' lang='grc' dir='ltr'>τοὺς</span> <span class='ocrx_word' id='word_1_286' title='bbox 2895 1208 2953 1259; x_wconf 85' lang='grc' dir='ltr'><strong>ἐν</strong></span> <span class='ocrx_word' id='word_1_287' title='bbox 2989 1205 3067 1276; x_wconf 82' lang='grc' dir='ltr'>τῷ</span> <span class='ocrx_word' id='word_1_288' title='bbox 3100 1205 3371 1259; x_wconf 70' lang='grc' dir='ltr'>ἅπτεσθαι</span> <span class='ocrx_word' id='word_1_289' title='bbox 3412 1204 3579 1275; x_wconf 83' lang='grc' dir='ltr'>μηδὲν</span> <span class='ocrx_word' id='word_1_290' title='bbox 3616 1204 3720 1274; x_wconf 80' lang='grc' dir='ltr'><strong>μὲν</strong></span> 
     </span>
    </p>
   </div>
   <div class='ocr_carea' id='block_1_42' title="bbox 2124 1296 3719 1368">
    <p class='ocr_par' dir='ltr' id='par_1_42' title="bbox 2124 1296 3719 1368">
     <span class='ocr_line' id='line_1_42' title="bbox 2124 1296 3719 1368; baseline -0.001 -17"><span class='ocrx_word' id='word_1_291' title='bbox 2124 1298 2222 1367; x_wconf 85' lang='grc' dir='ltr'>τῆς</span> <span class='ocrx_word' id='word_1_292' title='bbox 2250 1298 2598 1368; x_wconf 85' lang='grc' dir='ltr'>ἀκαθαρσίας</span> <span class='ocrx_word' id='word_1_293' title='bbox 2623 1298 3083 1368; x_wconf 79' lang='grc' dir='ltr'>ἀφαιρουμένους,</span> <span class='ocrx_word' id='word_1_294' title='bbox 3116 1298 3459 1366; x_wconf 80' lang='grc' dir='ltr'>ἁπτομένους</span> <span class='ocrx_word' id='word_1_295' title='bbox 3489 1296 3536 1350; x_wconf 79' lang='grc' dir='ltr'>δ’</span> <span class='ocrx_word' id='word_1_296' title='bbox 3565 1298 3719 1368; x_wconf 87' lang='grc' dir='ltr'>ὅμως</span> 
     </span>
    </p>
   </div>
   <div class='ocr_carea' id='block_1_43' title="bbox 2124 1388 3715 1462">
    <p class='ocr_par' dir='ltr' id='par_1_43' title="bbox 2124 1388 3715 1462">
     <span class='ocr_line' id='line_1_43' title="bbox 2124 1388 3715 1462; baseline 0.001 -21"><span class='ocrx_word' id='word_1_297' title='bbox 2124 1388 2234 1443; x_wconf 84' lang='grc' dir='ltr'>τῶν</span> <span class='ocrx_word' id='word_1_298' title='bbox 2263 1390 2346 1444; x_wconf 83' lang='grc' dir='ltr'>ἔτι</span> <span class='ocrx_word' id='word_1_299' title='bbox 2389 1394 2455 1461; x_wconf 83' lang='grc' dir='ltr'>τῇ</span> <span class='ocrx_word' id='word_1_300' title='bbox 2488 1391 2756 1462; x_wconf 79' lang='grc' dir='ltr'>διαφθορᾷ</span> <span class='ocrx_word' id='word_1_301' title='bbox 2787 1391 3165 1461; x_wconf 79' lang='grc' dir='ltr'>συνεχομένων</span> <span class='ocrx_word' id='word_1_302' title='bbox 3205 1391 3302 1443; x_wconf 76' lang='grc' dir='ltr'>καὶ</span> <span class='ocrx_word' id='word_1_303' title='bbox 3348 1390 3715 1458; x_wconf 65' lang='grc' dir='ltr'>λυμαίνεσθαι</span> 
     </span>
    </p>
   </div>
   <div class='ocr_carea' id='block_1_44' title="bbox 2124 1483 3718 1555">
    <p class='ocr_par' dir='ltr' id='par_1_44' title="bbox 2124 1483 3718 1555">
     <span class='ocr_line' id='line_1_44' title="bbox 2124 1483 3718 1555; baseline -0.001 -19"><span class='ocrx_word' id='word_1_304' title='bbox 2124 1486 2192 1554; x_wconf 84' lang='grc' dir='ltr'>τῇ</span> <span class='ocrx_word' id='word_1_305' title='bbox 2245 1484 2529 1554; x_wconf 80' lang='grc' dir='ltr'>μεταδόσει</span> <span class='ocrx_word' id='word_1_306' title='bbox 2576 1484 2776 1554; x_wconf 81' lang='grc' dir='ltr'>μᾶλλον</span> <span class='ocrx_word' id='word_1_307' title='bbox 2817 1484 3224 1554; x_wconf 81' lang='grc' dir='ltr'>δυναμένων,ἢ</span> <span class='ocrx_word' id='word_1_308' title='bbox 3274 1483 3371 1555; x_wconf 77' lang='grc' dir='ltr'><strong>τὴν</strong></span> <span class='ocrx_word' id='word_1_309' title='bbox 3416 1484 3718 1555; x_wconf 84' lang='grc' dir='ltr'>θεραπείαν</span> 
     </span>
    </p>
   </div>
   <div class='ocr_carea' id='block_1_45' title="bbox 2126 1574 3718 1647">
    <p class='ocr_par' dir='ltr' id='par_1_45' title="bbox 2126 1574 3718 1647">
     <span class='ocr_line' id='line_1_45' title="bbox 2126 1574 3718 1647; baseline 0.001 -20"><span class='ocrx_word' id='word_1_310' title='bbox 2126 1574 2215 1628; x_wconf 85' lang='grc' dir='ltr'>διὰ</span> <span class='ocrx_word' id='word_1_311' title='bbox 2242 1575 2341 1644; x_wconf 86' lang='grc' dir='ltr'><strong>τῆς</strong></span> <span class='ocrx_word' id='word_1_312' title='bbox 2376 1576 2602 1628; x_wconf 76' lang='grc' dir='ltr'>ἐκείνων</span> <span class='ocrx_word' id='word_1_313' title='bbox 2627 1576 2809 1647; x_wconf 83' lang='grc' dir='ltr'>χειρὸς·</span> <span class='ocrx_word' id='word_1_314' title='bbox 2832 1576 3339 1646; x_wconf 83' lang='grc' dir='ltr'>ἀποκερδαινόντων</span> <span class='ocrx_word' id='word_1_315' title='bbox 3361 1592 3374 1605; x_wconf 81' lang='lat'>&#39;</span> <span class='ocrx_word' id='word_1_316' title='bbox 3412 1575 3554 1628; x_wconf 78' lang='grc' dir='ltr'>ὥστε</span> <span class='ocrx_word' id='word_1_317' title='bbox 3579 1574 3718 1629; x_wconf 68' lang='grc' dir='ltr'>διότι</span> 
     </span>
    </p>
   </div>
   <div class='ocr_carea' id='block_1_46' title="bbox 2125 1664 3720 1739">
    <p class='ocr_par' dir='ltr' id='par_1_46' title="bbox 2125 1664 3720 1739">
     <span class='ocr_line' id='line_1_46' title="bbox 2125 1664 3720 1739; baseline 0.001 -19"><span class='ocrx_word' id='word_1_318' title='bbox 2125 1685 2185 1721; x_wconf 87' lang='grc' dir='ltr'><strong>τε</strong></span> <span class='ocrx_word' id='word_1_319' title='bbox 2230 1669 2433 1739; x_wconf 79' lang='grc' dir='ltr'>Κύριος</span> <span class='ocrx_word' id='word_1_320' title='bbox 2465 1664 2533 1739; x_wconf 83' lang='grc' dir='ltr'>ἦν</span> <span class='ocrx_word' id='word_1_321' title='bbox 2564 1671 2592 1722; x_wconf 95' lang='lat'><strong>6</strong></span> <span class='ocrx_word' id='word_1_322' title='bbox 2636 1669 2768 1732; x_wconf 85' lang='grc' dir='ltr'>Υίὸς</span> <span class='ocrx_word' id='word_1_323' title='bbox 2814 1667 2908 1722; x_wconf 81' lang='grc' dir='ltr'>τοῦ</span> <span class='ocrx_word' id='word_1_324' title='bbox 2942 1667 3235 1739; x_wconf 84' lang='grc' dir='ltr'>ἀνθρώπου</span> <span class='ocrx_word' id='word_1_325' title='bbox 3268 1669 3362 1720; x_wconf 70' lang='grc' dir='ltr'><strong>καὶ</strong></span> <span class='ocrx_word' id='word_1_326' title='bbox 3403 1667 3576 1720; x_wconf 87' lang='grc' dir='ltr'>θεῖναι</span> <span class='ocrx_word' id='word_1_327' title='bbox 3622 1668 3720 1722; x_wconf 74' lang='grc' dir='ltr'>καὶ</span> 
     </span>
    </p>
   </div>
   <div class='ocr_carea' id='block_1_47' title="bbox 2132 1757 3723 1831">
    <p class='ocr_par' dir='ltr' id='par_1_47' title="bbox 2132 1757 3723 1831">
     <span class='ocr_line' id='line_1_47' title="bbox 2132 1757 3723 1831; baseline -0.002 -19"><span class='ocrx_word' id='word_1_328' title='bbox 2132 1758 2205 1831; x_wconf 80' lang='grc' dir='ltr'><strong>μὴ</strong></span> <span class='ocrx_word' id='word_1_329' title='bbox 2246 1760 2415 1813; x_wconf 84' lang='grc' dir='ltr'>θεῖναι</span> <span class='ocrx_word' id='word_1_330' title='bbox 2452 1762 2541 1812; x_wconf 74' lang='grc' dir='ltr'><strong>τὸν</strong></span> <span class='ocrx_word' id='word_1_331' title='bbox 2592 1761 2749 1827; x_wconf 65' lang='grc' dir='ltr'>νόμον</span> <span class='ocrx_word' id='word_1_332' title='bbox 2790 1759 2873 1831; x_wconf 90' lang='grc' dir='ltr'>(οὑ</span> <span class='ocrx_word' id='word_1_333' title='bbox 2904 1760 3009 1829; x_wconf 78' lang='grc' dir='ltr'>γὰρ</span> <span class='ocrx_word' id='word_1_334' title='bbox 3037 1761 3070 1829; x_wconf 82' lang='grc' dir='ltr'><strong>ἡ</strong></span> <span class='ocrx_word' id='word_1_335' title='bbox 3118 1759 3217 1828; x_wconf 78' lang='grc' dir='ltr'><strong>τῆς</strong></span> <span class='ocrx_word' id='word_1_336' title='bbox 3250 1758 3449 1827; x_wconf 74' lang='grc' dir='ltr'>σαρκὸς</span> <span class='ocrx_word' id='word_1_337' title='bbox 3479 1757 3723 1829; x_wconf 82' lang='grc' dir='ltr'>πρόσλη-</span> 
     </span>
    </p>
   </div>
   <div class='ocr_carea' id='block_1_48' title="bbox 2123 1849 3724 1923">
    <p class='ocr_par' dir='ltr' id='par_1_48' title="bbox 2123 1849 3724 1923">
     <span class='ocr_line' id='line_1_48' title="bbox 2123 1849 3724 1923; baseline -0.001 -20"><span class='ocrx_word' id='word_1_338' title='bbox 2123 1852 2214 1921; x_wconf 74' lang='grc' dir='ltr'><strong>ψις</strong></span> <span class='ocrx_word' id='word_1_339' title='bbox 2245 1852 2345 1922; x_wconf 79' lang='grc' dir='ltr'><strong>τὴν</strong></span> <span class='ocrx_word' id='word_1_340' title='bbox 2372 1849 2621 1916; x_wconf 80' lang='grc' dir='ltr'>ἐξουσίαν</span> <span class='ocrx_word' id='word_1_341' title='bbox 2652 1852 2893 1923; x_wconf 76' lang='grc' dir='ltr'>περιεῖλε</span> <span class='ocrx_word' id='word_1_342' title='bbox 2915 1852 3013 1921; x_wconf 81' lang='grc' dir='ltr'>τῆς</span> <span class='ocrx_word' id='word_1_343' title='bbox 3038 1850 3310 1922; x_wconf 82' lang='grc' dir='ltr'>θεότητος,</span> <span class='ocrx_word' id='word_1_344' title='bbox 3339 1850 3475 1902; x_wconf 76' lang='grc' dir='ltr'>ἀλλὰ</span> <span class='ocrx_word' id='word_1_345' title='bbox 3496 1851 3524 1902; x_wconf 87' lang='grc' dir='ltr'>ὁ</span> <span class='ocrx_word' id='word_1_346' title='bbox 3548 1867 3724 1920; x_wconf 83' lang='grc' dir='ltr'>προσ-</span> 
     </span>
    </p>
   </div>
   <div class='ocr_carea' id='block_1_49' title="bbox 2125 1941 3726 2013">
    <p class='ocr_par' dir='ltr' id='par_1_49' title="bbox 2125 1941 3726 2013">
     <span class='ocr_line' id='line_1_49' title="bbox 2125 1941 3726 2013; baseline -0.001 -18"><span class='ocrx_word' id='word_1_347' title='bbox 2125 1942 2357 2013; x_wconf 76' lang='grc' dir='ltr'>ληφθεὶς</span> <span class='ocrx_word' id='word_1_348' title='bbox 2430 1944 2717 2013; x_wconf 80' lang='grc' dir='ltr'>ἄνθρωπος</span> <span class='ocrx_word' id='word_1_349' title='bbox 2776 1943 2839 1997; x_wconf 80' lang='grc' dir='ltr'><strong>τὸ</strong></span> <span class='ocrx_word' id='word_1_350' title='bbox 2898 1944 3101 2012; x_wconf 77' lang='grc' dir='ltr'>κράτος</span> <span class='ocrx_word' id='word_1_351' title='bbox 3168 1941 3263 1996; x_wconf 83' lang='grc' dir='ltr'><strong>τοῦ</strong></span> <span class='ocrx_word' id='word_1_352' title='bbox 3322 1941 3726 2011; x_wconf 77' lang='grc' dir='ltr'>προσλαϐόντος</span> 
     </span>
    </p>
   </div>
   <div class='ocr_carea' id='block_1_50' title="bbox 2126 2034 3725 2108">
    <p class='ocr_par' dir='ltr' id='par_1_50' title="bbox 2126 2034 3725 2108">
     <span class='ocr_line' id='line_1_50' title="bbox 2126 2034 3725 2108; baseline -0.003 -18"><span class='ocrx_word' id='word_1_353' title='bbox 2126 2035 2492 2108; x_wconf 80' lang='grc' dir='ltr'>ᾠκειώσατο),</span> <span class='ocrx_word' id='word_1_354' title='bbox 2524 2036 2618 2089; x_wconf 77' lang='grc' dir='ltr'>καὶ</span> <span class='ocrx_word' id='word_1_355' title='bbox 2656 2036 2791 2089; x_wconf 81' lang='grc' dir='ltr'>διότι</span> <span class='ocrx_word' id='word_1_356' title='bbox 2826 2035 2854 2087; x_wconf 87' lang='grc' dir='ltr'>ὁ</span> <span class='ocrx_word' id='word_1_357' title='bbox 2887 2035 3092 2105; x_wconf 83' lang='grc' dir='ltr'>κυρίως</span> <span class='ocrx_word' id='word_1_358' title='bbox 3133 2036 3225 2088; x_wconf 73' lang='grc' dir='ltr'><strong>καὶ</strong></span> <span class='ocrx_word' id='word_1_359' title='bbox 3259 2034 3472 2088; x_wconf 78' lang='grc' dir='ltr'>οἴκοθεν</span> <span class='ocrx_word' id='word_1_360' title='bbox 3495 2035 3725 2104; x_wconf 78' lang='grc' dir='ltr'>νομοθέ-</span> 
     </span>
    </p>
   </div>
   <div class='ocr_carea' id='block_1_51' title="bbox 2127 2126 3723 2200">
    <p class='ocr_par' dir='ltr' id='par_1_51' title="bbox 2127 2126 3723 2200">
     <span class='ocr_line' id='line_1_51' title="bbox 2127 2126 3723 2200; baseline -0.003 -17"><span class='ocrx_word' id='word_1_361' title='bbox 2127 2147 2225 2199; x_wconf 85' lang='grc' dir='ltr'>της</span> <span class='ocrx_word' id='word_1_362' title='bbox 2272 2130 2397 2193; x_wconf 84' lang='grc' dir='ltr'><strong>τοὺς</strong></span> <span class='ocrx_word' id='word_1_363' title='bbox 2426 2130 2531 2182; x_wconf 75' lang='grc' dir='ltr'>ὑπὸ</span> <span class='ocrx_word' id='word_1_364' title='bbox 2556 2131 2711 2200; x_wconf 83' lang='grc' dir='ltr'>χεῖρα</span> <span class='ocrx_word' id='word_1_365' title='bbox 2744 2129 2843 2199; x_wconf 89' lang='grc' dir='ltr'><strong>μέν</strong></span> <span class='ocrx_word' id='word_1_366' title='bbox 2886 2128 3175 2181; x_wconf 85' lang='grc' dir='ltr'>ὑποτάττει</span> <span class='ocrx_word' id='word_1_367' title='bbox 3208 2129 3273 2197; x_wconf 85' lang='grc' dir='ltr'>τῇ</span> <span class='ocrx_word' id='word_1_368' title='bbox 3311 2126 3623 2197; x_wconf 81' lang='grc' dir='ltr'>νομοθεσίᾳ,</span> <span class='ocrx_word' id='word_1_369' title='bbox 3660 2127 3723 2179; x_wconf 59' lang='grc' dir='ltr'><strong>’.ὑ</strong></span> 
     </span>
    </p>
   </div>
   <div class='ocr_carea' id='block_1_52' title="bbox 2130 2220 3717 2292">
    <p class='ocr_par' dir='ltr' id='par_1_52' title="bbox 2130 2220 3717 2292">
     <span class='ocr_line' id='line_1_52' title="bbox 2130 2220 3717 2292; baseline -0.003 -16"><span class='ocrx_word' id='word_1_370' title='bbox 2130 2224 2503 2291; x_wconf 79' lang='grc' dir='ltr'>συνυπάγεται</span> <span class='ocrx_word' id='word_1_371' title='bbox 2535 2222 2593 2275; x_wconf 86' lang='grc' dir='ltr'><strong>δέ</strong></span> <span class='ocrx_word' id='word_1_372' title='bbox 2621 2221 2740 2275; x_wconf 79' lang='grc' dir='ltr'>οὑδὲ</span> <span class='ocrx_word' id='word_1_373' title='bbox 2772 2222 3210 2292; x_wconf 86' lang='grc' dir='ltr'>συμπεριάγεται</span> <span class='ocrx_word' id='word_1_374' title='bbox 3239 2222 3351 2284; x_wconf 84' lang='grc' dir='ltr'>τοῖς</span> <span class='ocrx_word' id='word_1_375' title='bbox 3396 2220 3717 2291; x_wconf 82' lang='grc' dir='ltr'>νομοθετου-</span> 
     </span>
    </p>
   </div>
   <div class='ocr_carea' id='block_1_53' title="bbox 2132 2313 3727 2389">
    <p class='ocr_par' dir='ltr' id='par_1_53' title="bbox 2132 2313 3727 2389">
     <span class='ocr_line' id='line_1_53' title="bbox 2132 2313 3727 2389; baseline -0.003 -19"><span class='ocrx_word' id='word_1_376' title='bbox 2132 2318 2344 2389; x_wconf 81' lang='grc' dir='ltr'><strong>μένοις⁹</strong></span> <span class='ocrx_word' id='word_1_377' title='bbox 2382 2317 2475 2369; x_wconf 75' lang='grc' dir='ltr'><strong>καὶ</strong></span> <span class='ocrx_word' id='word_1_378' title='bbox 2507 2316 2588 2369; x_wconf 77' lang='grc' dir='ltr'>ὅτι</span> <span class='ocrx_word' id='word_1_379' title='bbox 2621 2314 2710 2368; x_wconf 74' lang='grc' dir='ltr'>διὰ</span> <span class='ocrx_word' id='word_1_380' title='bbox 2753 2313 2960 2377; x_wconf 88' lang='grc' dir='ltr'>λύσεως</span> <span class='ocrx_word' id='word_1_381' title='bbox 2990 2316 3018 2367; x_wconf 98' lang='lat'><strong>6</strong></span> <span class='ocrx_word' id='word_1_382' title='bbox 3046 2314 3279 2377; x_wconf 84' lang='grc' dir='ltr'>παλαιὸς</span> <span class='ocrx_word' id='word_1_383' title='bbox 3314 2313 3479 2383; x_wconf 82' lang='grc' dir='ltr'>νόμος</span> <span class='ocrx_word' id='word_1_384' title='bbox 3509 2313 3607 2385; x_wconf 80' lang='grc' dir='ltr'>τὴν</span> <span class='ocrx_word' id='word_1_385' title='bbox 3634 2314 3727 2383; x_wconf 84' lang='grc' dir='ltr'>γέ-</span> 
     </span>
    </p>
   </div>
   <div class='ocr_carea' id='block_1_54' title="bbox 2129 2404 3726 2479">
    <p class='ocr_par' dir='ltr' id='par_1_54' title="bbox 2129 2404 3726 2479">
     <span class='ocr_line' id='line_1_54' title="bbox 2129 2404 3726 2479; baseline -0.003 -17"><span class='ocrx_word' id='word_1_386' title='bbox 2129 2427 2277 2462; x_wconf 89' lang='grc' dir='ltr'>νεσιν</span> <span class='ocrx_word' id='word_1_387' title='bbox 2303 2408 2460 2479; x_wconf 75' lang='grc' dir='ltr'>ἔσχεν</span> <span class='ocrx_word' id='word_1_388' title='bbox 2496 2408 2595 2461; x_wconf 75' lang='grc' dir='ltr'>καὶ</span> <span class='ocrx_word' id='word_1_389' title='bbox 2642 2406 2942 2478; x_wconf 77' lang='grc' dir='ltr'>σύνδρομον</span> <span class='ocrx_word' id='word_1_390' title='bbox 2971 2408 3036 2475; x_wconf 83' lang='grc' dir='ltr'>τῇ</span> <span class='ocrx_word' id='word_1_391' title='bbox 3090 2404 3241 2459; x_wconf 81' lang='grc' dir='ltr'>λύσει</span> <span class='ocrx_word' id='word_1_392' title='bbox 3290 2406 3388 2477; x_wconf 78' lang='grc' dir='ltr'>τὴν</span> <span class='ocrx_word' id='word_1_393' title='bbox 3419 2406 3726 2475; x_wconf 80' lang='grc' dir='ltr'>ἀσφάλειαν</span> 
     </span>
    </p>
   </div>
   <div class='ocr_carea' id='block_1_55' title="bbox 2133 2498 3728 2573">
    <p class='ocr_par' dir='ltr' id='par_1_55' title="bbox 2133 2498 3728 2573">
     <span class='ocr_line' id='line_1_55' title="bbox 2133 2498 3728 2573; baseline -0.003 -18"><span class='ocrx_word' id='word_1_394' title='bbox 2133 2502 2363 2573; x_wconf 82' lang='grc' dir='ltr'>ὑπέστη,</span> <span class='ocrx_word' id='word_1_395' title='bbox 2395 2501 2456 2553; x_wconf 90' lang='grc' dir='ltr'><strong>οὑ</strong></span> <span class='ocrx_word' id='word_1_396' title='bbox 2492 2499 2723 2571; x_wconf 84' lang='grc' dir='ltr'>θατέρου</span> <span class='ocrx_word' id='word_1_397' title='bbox 2767 2499 2826 2553; x_wconf 83' lang='grc' dir='ltr'><strong>τὸ</strong></span> <span class='ocrx_word' id='word_1_398' title='bbox 2865 2499 3053 2570; x_wconf 73' lang='grc' dir='ltr'>ἕτερον</span> <span class='ocrx_word' id='word_1_399' title='bbox 3102 2498 3479 2573; x_wconf 80' lang='grc' dir='ltr'>ἀναιροῦντος,</span> <span class='ocrx_word' id='word_1_400' title='bbox 3519 2500 3585 2551; x_wconf 74' lang='grc' dir='ltr'>δι’</span> <span class='ocrx_word' id='word_1_401' title='bbox 3616 2500 3728 2568; x_wconf 84' lang='grc' dir='ltr'><strong>ἀμ-</strong></span> 
     </span>
    </p>
   </div>
   <div class='ocr_carea' id='block_1_56' title="bbox 2134 2590 3725 2665">
    <p class='ocr_par' dir='ltr' id='par_1_56' title="bbox 2134 2590 3725 2665">
     <span class='ocr_line' id='line_1_56' title="bbox 2134 2590 3725 2665; baseline -0.003 -17"><span class='ocrx_word' id='word_1_402' title='bbox 2134 2598 2254 2664; x_wconf 85' lang='grc' dir='ltr'>φοῖν</span> <span class='ocrx_word' id='word_1_403' title='bbox 2282 2594 2338 2647; x_wconf 82' lang='grc' dir='ltr'>δὲ</span> <span class='ocrx_word' id='word_1_404' title='bbox 2366 2592 2465 2665; x_wconf 82' lang='grc' dir='ltr'>τὴν</span> <span class='ocrx_word' id='word_1_405' title='bbox 2500 2593 2761 2647; x_wconf 86' lang='grc' dir='ltr'>σύστασιν</span> <span class='ocrx_word' id='word_1_406' title='bbox 2798 2592 2901 2661; x_wconf 82' lang='grc' dir='ltr'>τῆς</span> <span class='ocrx_word' id='word_1_407' title='bbox 2936 2590 3260 2662; x_wconf 88' lang='grc' dir='ltr'>νομοθεσίας</span> <span class='ocrx_word' id='word_1_408' title='bbox 3300 2590 3686 2661; x_wconf 73' lang='grc' dir='ltr'>λαμϐανούσης</span> <span class='ocrx_word' id='word_1_409' title='bbox 3709 2604 3725 2619; x_wconf 88' lang='grc'><strong>·</strong></span> 
     </span>
    </p>
   </div>
   <div class='ocr_carea' id='block_1_57' title="bbox 2134 2682 3728 2755">
    <p class='ocr_par' dir='ltr' id='par_1_57' title="bbox 2134 2682 3728 2755">
     <span class='ocr_line' id='line_1_57' title="bbox 2134 2682 3728 2755; baseline -0.004 -14"><span class='ocrx_word' id='word_1_410' title='bbox 2134 2688 2228 2741; x_wconf 75' lang='grc' dir='ltr'><strong>καὶ</strong></span> <span class='ocrx_word' id='word_1_411' title='bbox 2254 2688 2339 2740; x_wconf 85' lang='grc' dir='ltr'><strong>ὅτι</strong></span> <span class='ocrx_word' id='word_1_412' title='bbox 2373 2686 2495 2755; x_wconf 70' lang='grc' dir='ltr'>οὑχ).</span> <span class='ocrx_word' id='word_1_413' title='bbox 2530 2686 2654 2748; x_wconf 75' lang='grc' dir='ltr'>τοὺς</span> <span class='ocrx_word' id='word_1_414' title='bbox 2684 2684 2751 2738; x_wconf 88' lang='grc' dir='ltr'>δι’</span> <span class='ocrx_word' id='word_1_415' title='bbox 2784 2684 2931 2754; x_wconf 83' lang='grc' dir='ltr'><strong>ἁφῆς</strong></span> <span class='ocrx_word' id='word_1_416' title='bbox 2967 2685 2995 2737; x_wconf 89' lang='lat'><strong>6</strong></span> <span class='ocrx_word' id='word_1_417' title='bbox 3023 2683 3187 2753; x_wconf 82' lang='grc' dir='ltr'>νόμος</span> <span class='ocrx_word' id='word_1_418' title='bbox 3233 2682 3598 2754; x_wconf 78' lang='grc' dir='ltr'>καθαίροντας</span> <span class='ocrx_word' id='word_1_419' title='bbox 3624 2682 3728 2751; x_wconf 78' lang='grc' dir='ltr'>τῆς</span> 
     </span>
    </p>
   </div>
   <div class='ocr_carea' id='block_1_58' title="bbox 2135 2773 3729 2848">
    <p class='ocr_par' dir='ltr' id='par_1_58' title="bbox 2135 2773 3729 2848">
     <span class='ocr_line' id='line_1_58' title="bbox 2135 2773 3729 2848; baseline -0.003 -15"><span class='ocrx_word' id='word_1_420' title='bbox 2135 2778 2475 2848; x_wconf 81' lang='grc' dir='ltr'>ἀκαθαρσίας</span> <span class='ocrx_word' id='word_1_421' title='bbox 2529 2777 2619 2830; x_wconf 76' lang='grc' dir='ltr'>τὸν</span> <span class='ocrx_word' id='word_1_422' title='bbox 2667 2776 2954 2848; x_wconf 80' lang='grc' dir='ltr'>ἄνθρωπον</span> <span class='ocrx_word' id='word_1_423' title='bbox 2993 2773 3261 2828; x_wconf 69' lang='grc' dir='ltr'>ἅπτεσθαι</span> <span class='ocrx_word' id='word_1_424' title='bbox 3319 2774 3553 2829; x_wconf 81' lang='grc' dir='ltr'>κωλύει·</span> <span class='ocrx_word' id='word_1_425' title='bbox 3588 2774 3729 2828; x_wconf 71' lang='grc' dir='ltr'>ἀλλὰ</span> 
     </span>
    </p>
   </div>
   <div class='ocr_carea' id='block_1_59' title="bbox 2135 2868 3731 2942">
    <p class='ocr_par' dir='ltr' id='par_1_59' title="bbox 2135 2868 3731 2942">
     <span class='ocr_line' id='line_1_59' title="bbox 2135 2868 3731 2942; baseline -0.004 -17"><span class='ocrx_word' id='word_1_426' title='bbox 2135 2874 2263 2936; x_wconf 71' lang='grc' dir='ltr'>τοὺς</span> <span class='ocrx_word' id='word_1_427' title='bbox 2296 2871 2463 2942; x_wconf 85' lang='grc' dir='ltr'>μηδὲν</span> <span class='ocrx_word' id='word_1_428' title='bbox 2492 2871 2715 2939; x_wconf 82' lang='grc' dir='ltr'>ἄμεινον</span> <span class='ocrx_word' id='word_1_429' title='bbox 2740 2868 3005 2922; x_wconf 77' lang='grc' dir='ltr'>διαθεῖναι</span> <span class='ocrx_word' id='word_1_430' title='bbox 3031 2868 3365 2939; x_wconf 81' lang='grc' dir='ltr'>δυναμένους</span> <span class='ocrx_word' id='word_1_431' title='bbox 3389 2868 3479 2921; x_wconf 69' lang='grc' dir='ltr'>τὸν</span> <span class='ocrx_word' id='word_1_432' title='bbox 3511 2868 3731 2940; x_wconf 70' lang='grc' dir='ltr'>ἐξυϐρι-</span> 
     </span>
    </p>
   </div>
   <div class='ocr_carea' id='block_1_60' title="bbox 2139 2954 3729 3036">
    <p class='ocr_par' dir='ltr' id='par_1_60' title="bbox 2139 2954 3729 3036">
     <span class='ocr_line' id='line_1_60' title="bbox 2139 2954 3729 3036; baseline -0.003 -18"><span class='ocrx_word' id='word_1_433' title='bbox 2139 2965 2336 3036; x_wconf 91' lang='grc' dir='ltr'>σμένον</span> <span class='ocrx_word' id='word_1_434' title='bbox 2366 2966 2429 3034; x_wconf 86' lang='grc' dir='ltr'>τῇ</span> <span class='ocrx_word' id='word_1_435' title='bbox 2458 2962 2771 3033; x_wconf 79' lang='grc' dir='ltr'>ἀκαθαρσίᾳ</span> <span class='ocrx_word' id='word_1_436' title='bbox 2790 2978 2803 2992; x_wconf 85' lang='grc'><strong>·</strong></span> <span class='ocrx_word' id='word_1_437' title='bbox 2828 2961 2924 3015; x_wconf 74' lang='grc' dir='ltr'><strong>καί</strong></span> <span class='ocrx_word' id='word_1_438' title='bbox 2948 2962 3031 3015; x_wconf 78' lang='grc' dir='ltr'><strong>δτι</strong></span> <span class='ocrx_word' id='word_1_439' title='bbox 3056 2961 3124 3013; x_wconf 90' lang='grc' dir='ltr'>δι’</span> <span class='ocrx_word' id='word_1_440' title='bbox 3154 2954 3274 3015; x_wconf 82' lang='grc' dir='ltr'><strong>ὧνὸ</strong></span> <span class='ocrx_word' id='word_1_441' title='bbox 3298 2960 3490 3034; x_wconf 80' lang='grc' dir='ltr'>Σωτὴρ</span> <span class='ocrx_word' id='word_1_442' title='bbox 3522 2962 3729 3032; x_wconf 60' lang='lat' dir='ltr'><strong>Erigat“:-</strong></span> 
     </span>
    </p>
   </div>
   <div class='ocr_carea' id='block_1_61' title="bbox 2136 3054 3728 3128">
    <p class='ocr_par' dir='ltr' id='par_1_61' title="bbox 2136 3054 3728 3128">
     <span class='ocr_line' id='line_1_61' title="bbox 2136 3054 3728 3128; baseline -0.003 -17"><span class='ocrx_word' id='word_1_443' title='bbox 2136 3075 2250 3121; x_wconf 87' lang='grc' dir='ltr'>τεν,</span> <span class='ocrx_word' id='word_1_444' title='bbox 2285 3059 2384 3128; x_wconf 82' lang='grc' dir='ltr'><strong>τὴν</strong></span> <span class='ocrx_word' id='word_1_445' title='bbox 2418 3055 2743 3127; x_wconf 85' lang='grc' dir='ltr'>νομοθεσίαν</span> <span class='ocrx_word' id='word_1_446' title='bbox 2782 3054 2984 3126; x_wconf 79' lang='grc' dir='ltr'>μᾶλλον</span> <span class='ocrx_word' id='word_1_447' title='bbox 3007 3054 3171 3125; x_wconf 86' lang='grc' dir='ltr'>ἐτίμα</span> <span class='ocrx_word' id='word_1_448' title='bbox 3194 3054 3296 3107; x_wconf 91' lang='grc' dir='ltr'><strong>οὑκ</strong></span> <span class='ocrx_word' id='word_1_449' title='bbox 3317 3054 3728 3125; x_wconf 73' lang='grc' dir='ltr'>ἁνθισταμένην</span> 
     </span>
    </p>
   </div>
   <div class='ocr_carea' id='block_1_62' title="bbox 436 3143 2026 3230">
    <p class='ocr_par' dir='ltr' id='par_1_62' title="bbox 436 3144 2026 3217">
     <span class='ocr_line' id='line_1_62' title="bbox 436 3144 2026 3217; baseline -0.001 -17"><span class='ocrx_word' id='word_1_450' title='bbox 436 3152 523 3200; x_wconf 88' lang='lat' dir='ltr'><strong>ter</strong></span> <span class='ocrx_word' id='word_1_451' title='bbox 550 3146 666 3199; x_wconf 84' lang='lat' dir='ltr'><strong>haec</strong></span> <span class='ocrx_word' id='word_1_452' title='bbox 700 3144 869 3215; x_wconf 86' lang='lat' dir='ltr'><strong>igitur</strong></span> <span class='ocrx_word' id='word_1_453' title='bbox 929 3145 1139 3209; x_wconf 87' lang='lat' dir='ltr'><strong>omnia,</strong></span> <span class='ocrx_word' id='word_1_454' title='bbox 1199 3153 1467 3217; x_wconf 90' lang='lat' dir='ltr'><strong>quantum</strong></span> <span class='ocrx_word' id='word_1_455' title='bbox 1520 3144 1575 3199; x_wconf 88' lang='lat' dir='ltr'><strong>in</strong></span> <span class='ocrx_word' id='word_1_456' title='bbox 1608 3159 1694 3199; x_wconf 91' lang='lat' dir='ltr'><strong>me</strong></span> <span class='ocrx_word' id='word_1_457' title='bbox 1726 3145 1872 3200; x_wconf 90' lang='lat' dir='ltr'><strong>seire</strong></span> <span class='ocrx_word' id='word_1_458' title='bbox 1927 3152 2026 3209; x_wconf 85' lang='lat' dir='ltr'><strong>est,</strong></span> 
     </span>
    </p>
   </div>
   <div class='ocr_carea' id='block_1_63' title="bbox 2133 3143 3730 3230">
    <p class='ocr_par' dir='ltr' id='par_1_63' title="bbox 2138 3143 3730 3218">
     <span class='ocr_line' id='line_1_63' title="bbox 2138 3143 3730 3218; baseline -0.003 -16"><span class='ocrx_word' id='word_1_459' title='bbox 2138 3151 2259 3212; x_wconf 89' lang='grc' dir='ltr'>ταῖς</span> <span class='ocrx_word' id='word_1_460' title='bbox 2308 3147 2659 3218; x_wconf 79' lang='grc' dir='ltr'>θεοσημείαις</span> <span class='ocrx_word' id='word_1_461' title='bbox 2703 3145 3017 3216; x_wconf 82' lang='grc' dir='ltr'>διελέγχων,</span> <span class='ocrx_word' id='word_1_462' title='bbox 3064 3143 3367 3215; x_wconf 84' lang='grc' dir='ltr'>σύνδρομον</span> <span class='ocrx_word' id='word_1_463' title='bbox 3413 3143 3470 3197; x_wconf 82' lang='grc' dir='ltr'><strong>δὲ</strong></span> <span class='ocrx_word' id='word_1_464' title='bbox 3525 3144 3730 3214; x_wconf 73' lang='grc' dir='ltr'>μᾶλλον</span> 
     </span>
    </p>
   </div>
   <div class='ocr_carea' id='block_1_64' title="bbox 440 3233 2026 3311">
    <p class='ocr_par' dir='ltr' id='par_1_64' title="bbox 440 3233 2026 3308">
     <span class='ocr_line' id='line_1_64' title="bbox 440 3233 2026 3308; baseline -0.002 -16"><span class='ocrx_word' id='word_1_465' title='bbox 440 3236 697 3293; x_wconf 85' lang='lat' dir='ltr'><strong>Salvator</strong></span> <span class='ocrx_word' id='word_1_466' title='bbox 728 3246 914 3293; x_wconf 91' lang='lat' dir='ltr'><strong>noster</strong></span> <span class='ocrx_word' id='word_1_467' title='bbox 953 3248 1001 3293; x_wconf 91' lang='lat' dir='ltr'><strong>et</strong></span> <span class='ocrx_word' id='word_1_468' title='bbox 1038 3233 1182 3293; x_wconf 89' lang='lat' dir='ltr'><strong>Deus</strong></span> <span class='ocrx_word' id='word_1_469' title='bbox 1224 3238 1502 3308; x_wconf 83' lang='lat' dir='ltr'><strong>leprosum</strong></span> <span class='ocrx_word' id='word_1_470' title='bbox 1540 3251 1741 3293; x_wconf 89' lang='lat' dir='ltr'><strong>curans</strong></span> <span class='ocrx_word' id='word_1_471' title='bbox 1781 3245 1835 3292; x_wconf 93' lang='lat' dir='ltr'><strong>et</strong></span> <span class='ocrx_word' id='word_1_472' title='bbox 1869 3235 2026 3291; x_wconf 76' lang='lat' dir='ltr'><strong>verbo</strong></span> 
     </span>
    </p>
   </div>
   <div class='ocr_carea' id='block_1_65' title="bbox 2133 3233 3729 3311">
    <p class='ocr_par' dir='ltr' id='par_1_65' title="bbox 2138 3236 3729 3311">
     <span class='ocr_line' id='line_1_65' title="bbox 2138 3236 3729 3311; baseline -0.003 -16"><span class='ocrx_word' id='word_1_473' title='bbox 2138 3240 2446 3303; x_wconf 80' lang='grc' dir='ltr'>ἐπιδεικνὺς</span> <span class='ocrx_word' id='word_1_474' title='bbox 2500 3237 3097 3311; x_wconf 75' lang='grc' dir='ltr'>παραλαμϐανομένην.</span> <span class='ocrx_word' id='word_1_475' title='bbox 3156 3238 3256 3292; x_wconf 82' lang='grc' dir='ltr'><strong>Διὰ</strong></span> <span class='ocrx_word' id='word_1_476' title='bbox 3308 3236 3491 3291; x_wconf 86' lang='grc' dir='ltr'>τοίνυν</span> <span class='ocrx_word' id='word_1_477' title='bbox 3550 3236 3729 3291; x_wconf 77' lang='grc' dir='ltr'>ταῦτα</span> 
     </span>
    </p>
   </div>
   <div class='ocr_carea' id='block_1_66' title="bbox 441 3330 2037 3403">
    <p class='ocr_par' dir='ltr' id='par_1_66' title="bbox 441 3330 2037 3403">
     <span class='ocr_line' id='line_1_66' title="bbox 441 3330 2037 3403; baseline -0.001 -19"><span class='ocrx_word' id='word_1_478' title='bbox 441 3340 644 3385; x_wconf 87' lang='lat' dir='ltr'><strong>tactum</strong></span> <span class='ocrx_word' id='word_1_479' title='bbox 671 3330 1012 3403; x_wconf 89' lang='lat' dir='ltr'><strong>conjungens</strong></span> <span class='ocrx_word' id='word_1_480' title='bbox 1039 3345 1207 3402; x_wconf 87' lang='lat' dir='ltr'><strong>supra</strong></span> <span class='ocrx_word' id='word_1_481' title='bbox 1240 3344 1553 3387; x_wconf 86' lang='lat' dir='ltr'><strong>sermonem</strong></span> <span class='ocrx_word' id='word_1_482' title='bbox 1598 3330 1841 3385; x_wconf 88' lang='lat' dir='ltr'><strong>ostendit</strong></span> <span class='ocrx_word' id='word_1_483' title='bbox 1872 3343 2037 3383; x_wconf 92' lang='lat' dir='ltr'><strong>mun-</strong></span> 
     </span>
    </p>
   </div>
   <div class='ocr_carea' id='block_1_67' title="bbox 441 3427 653 3480">
    <p class='ocr_par' dir='ltr' id='par_1_67' title="bbox 441 3427 653 3480">
     <span class='ocr_line' id='line_1_67' title="bbox 441 3427 653 3480; baseline 0.005 -1"><span class='ocrx_word' id='word_1_484' title='bbox 441 3427 653 3480; x_wconf 79' lang='lat' dir='ltr'><strong>datum.</strong></span> 
     </span>
    </p>
   </div>
   <div class='ocr_carea' id='block_1_68' title="bbox 843 3626 1660 3702">
    <p class='ocr_par' dir='ltr' id='par_1_68' title="bbox 843 3626 1660 3702">
     <span class='ocr_line' id='line_1_68' title="bbox 843 3626 1660 3702; baseline -0.005 -17"><span class='ocrx_word' id='word_1_485' title='bbox 843 3629 1167 3697; x_wconf 65' lang='lat' dir='ltr'><strong>QUESTIO</strong></span> <span class='ocrx_word' id='word_1_486' title='bbox 1217 3628 1331 3685; x_wconf 79' lang='lat' dir='ltr'><strong>LXI</strong></span> <span class='ocrx_word' id='word_1_487' title='bbox 1369 3629 1465 3701; x_wconf 75' lang='lat' dir='ltr'><strong>[aL</strong></span> <span class='ocrx_word' id='word_1_488' title='bbox 1522 3626 1660 3702; x_wconf 77' lang='lat' dir='ltr'><strong>LX].</strong></span> 
     </span>
    </p>
   </div>
   <div class='ocr_carea' id='block_1_69' title="bbox 445 3719 2038 3791">
    <p class='ocr_par' dir='ltr' id='par_1_69' title="bbox 445 3719 2038 3791">
     <span class='ocr_line' id='line_1_69' title="bbox 445 3719 2038 3791; baseline 0.002 -16"><span class='ocrx_word' id='word_1_489' title='bbox 445 3721 588 3787; x_wconf 78' lang='lat' dir='ltr'><strong>Quid</strong></span> <span class='ocrx_word' id='word_1_490' title='bbox 643 3721 918 3791; x_wconf 83' lang='lat' dir='ltr'><strong>signiﬁcat</strong></span> <span class='ocrx_word' id='word_1_491' title='bbox 969 3720 1160 3774; x_wconf 83' lang='lat' dir='ltr'><strong>illud:</strong></span> <span class='ocrx_word' id='word_1_492' title='bbox 1211 3739 1230 3771; x_wconf 85' lang='grc' dir='ltr'><strong>ι</strong></span> <span class='ocrx_word' id='word_1_493' title='bbox 1284 3719 1381 3773; x_wconf 76' lang='lat' dir='ltr'><strong>Est</strong></span> <span class='ocrx_word' id='word_1_494' title='bbox 1402 3737 1516 3789; x_wconf 80' lang='lat' dir='ltr'><strong>spes</strong></span> <span class='ocrx_word' id='word_1_495' title='bbox 1568 3737 1750 3775; x_wconf 84' lang='lat' dir='ltr'><strong>canem</strong></span> <span class='ocrx_word' id='word_1_496' title='bbox 1787 3725 2038 3779; x_wconf 77' lang='lat' dir='ltr'><strong>viventem</strong></span> 
     </span>
    </p>
   </div>
   <div class='ocr_carea' id='block_1_70' title="bbox 819 3791 1688 3846">
    <p class='ocr_par' dir='ltr' id='par_1_70' title="bbox 819 3791 1688 3846">
     <span class='ocr_line' id='line_1_70' title="bbox 819 3791 1688 3846; baseline 0 -1"><span class='ocrx_word' id='word_1_497' title='bbox 819 3791 1085 3846; x_wconf 84' lang='lat' dir='ltr'><strong>meliorem</strong></span> <span class='ocrx_word' id='word_1_498' title='bbox 1122 3806 1236 3846; x_wconf 76' lang='lat' dir='ltr'><strong>esse</strong></span> <span class='ocrx_word' id='word_1_499' title='bbox 1260 3791 1403 3845; x_wconf 82' lang='lat' dir='ltr'><strong>leone</strong></span> <span class='ocrx_word' id='word_1_500' title='bbox 1432 3803 1641 3845; x_wconf 83' lang='lat' dir='ltr'><strong>mortuo</strong></span> <span class='ocrx_word' id='word_1_501' title='bbox 1660 3793 1688 3845; x_wconf 69' lang='grc'><em>2</em></span> 
     </span>
    </p>
   </div>
   <div class='ocr_carea' id='block_1_71' title="bbox 2133 3327 3730 3401">
    <p class='ocr_par' dir='ltr' id='par_1_71' title="bbox 2133 3327 3730 3401">
     <span class='ocr_line' id='line_1_71' title="bbox 2133 3327 3730 3401; baseline -0.003 -16"><span class='ocrx_word' id='word_1_502' title='bbox 2133 3333 2332 3396; x_wconf 81' lang='grc' dir='ltr'>πάντα,</span> <span class='ocrx_word' id='word_1_503' title='bbox 2362 3332 2462 3384; x_wconf 79' lang='grc' dir='ltr'><strong>ὅσα</strong></span> <span class='ocrx_word' id='word_1_504' title='bbox 2490 3347 2556 3399; x_wconf 90' lang='grc' dir='ltr'><strong>γε</strong></span> <span class='ocrx_word' id='word_1_505' title='bbox 2608 3330 2708 3401; x_wconf 78' lang='grc' dir='ltr'><strong>ἐμὲ</strong></span> <span class='ocrx_word' id='word_1_506' title='bbox 2739 3329 2958 3390; x_wconf 85' lang='grc' dir='ltr'>εἰδέναι,</span> <span class='ocrx_word' id='word_1_507' title='bbox 2993 3329 3022 3380; x_wconf 91' lang='lat'><strong>6</strong></span> <span class='ocrx_word' id='word_1_508' title='bbox 3053 3329 3247 3399; x_wconf 82' lang='grc' dir='ltr'>Σωτὴρ</span> <span class='ocrx_word' id='word_1_509' title='bbox 3276 3328 3438 3399; x_wconf 78' lang='grc' dir='ltr'>ἡμῶν</span> <span class='ocrx_word' id='word_1_510' title='bbox 3472 3327 3566 3382; x_wconf 82' lang='grc' dir='ltr'>καὶ</span> <span class='ocrx_word' id='word_1_511' title='bbox 3597 3328 3730 3392; x_wconf 78' lang='grc' dir='ltr'>Θεὸς</span> 
     </span>
    </p>
   </div>
   <div class='ocr_carea' id='block_1_72' title="bbox 2130 3420 3728 3496">
    <p class='ocr_par' dir='ltr' id='par_1_72' title="bbox 2130 3420 3728 3496">
     <span class='ocr_line' id='line_1_72' title="bbox 2130 3420 3728 3496; baseline -0.003 -18"><span class='ocrx_word' id='word_1_512' title='bbox 2130 3425 2223 3479; x_wconf 82' lang='grc' dir='ltr'><strong>τὸν</strong></span> <span class='ocrx_word' id='word_1_513' title='bbox 2248 3424 2449 3496; x_wconf 74' lang='grc' dir='ltr'>λεπρδν</span> <span class='ocrx_word' id='word_1_514' title='bbox 2477 3422 2796 3494; x_wconf 79' lang='grc' dir='ltr'>θεραπεύων</span> <span class='ocrx_word' id='word_1_515' title='bbox 2824 3423 2920 3475; x_wconf 71' lang='grc' dir='ltr'>καὶ</span> <span class='ocrx_word' id='word_1_516' title='bbox 2952 3421 3098 3493; x_wconf 83' lang='grc' dir='ltr'>λόγῳ</span> <span class='ocrx_word' id='word_1_517' title='bbox 3125 3420 3224 3492; x_wconf 75' lang='grc' dir='ltr'>τὴν</span> <span class='ocrx_word' id='word_1_518' title='bbox 3257 3421 3401 3492; x_wconf 69' lang='grc' dir='ltr'>ἁφὴν</span> <span class='ocrx_word' id='word_1_519' title='bbox 3434 3422 3728 3475; x_wconf 75' lang='grc' dir='ltr'>συνάπτων</span> 
     </span>
    </p>
   </div>
   <div class='ocr_carea' id='block_1_73' title="bbox 2133 3513 3126 3590">
    <p class='ocr_par' dir='ltr' id='par_1_73' title="bbox 2133 3513 3126 3590">
     <span class='ocr_line' id='line_1_73' title="bbox 2133 3513 3126 3590; baseline -0.005 -18"><span class='ocrx_word' id='word_1_520' title='bbox 2133 3517 2274 3590; x_wconf 78' lang='grc' dir='ltr'>ὑπὲρ</span> <span class='ocrx_word' id='word_1_521' title='bbox 2300 3517 2460 3586; x_wconf 83' lang='grc' dir='ltr'>λόγον</span> <span class='ocrx_word' id='word_1_522' title='bbox 2491 3515 2658 3580; x_wconf 76' lang='grc' dir='ltr'>ἔδειξε</span> <span class='ocrx_word' id='word_1_523' title='bbox 2689 3513 3126 3585; x_wconf 80' lang='grc' dir='ltr'>κεκαθαρμένον.</span> 
     </span>
    </p>
   </div>
   <div class='ocr_carea' id='block_1_74' title="bbox 2685 3624 3181 3679">
    <p class='ocr_par' dir='ltr' id='par_1_74' title="bbox 2685 3624 3181 3679">
     <span class='ocr_line' id='line_1_74' title="bbox 2685 3624 3181 3679; baseline 0.002 -1"><span class='ocrx_word' id='word_1_524' title='bbox 2685 3626 3023 3679; x_wconf 79' lang='grc' dir='ltr'><strong>ΕΡΩΤΗΣΙΣ</strong></span> <span class='ocrx_word' id='word_1_525' title='bbox 3060 3624 3181 3679; x_wconf 65' lang='grc' dir='ltr'><strong>ΞΝ.</strong></span> 
     </span>
    </p>
   </div>
   <div class='ocr_carea' id='block_1_75' title="bbox 2152 3710 3729 3788">
    <p class='ocr_par' dir='ltr' id='par_1_75' title="bbox 2152 3710 3729 3788">
     <span class='ocr_line' id='line_1_75' title="bbox 2152 3710 3729 3788; baseline -0.002 -12"><span class='ocrx_word' id='word_1_526' title='bbox 2152 3722 2213 3776; x_wconf 89' lang='grc' dir='ltr'><em>Τί</em></span> <span class='ocrx_word' id='word_1_527' title='bbox 2242 3720 2425 3788; x_wconf 78' lang='grc' dir='ltr'>δηλοῖ</span> <span class='ocrx_word' id='word_1_528' title='bbox 2449 3721 2538 3783; x_wconf 84' lang='grc' dir='ltr'>τὸ,</span> <span class='ocrx_word' id='word_1_529' title='bbox 2563 3739 2581 3770; x_wconf 77' lang='grc' dir='ltr'><strong>ι</strong></span> <span class='ocrx_word' id='word_1_530' title='bbox 2617 3719 2831 3773; x_wconf 81' lang='grc' dir='ltr'>Ἔστιν</span> <span class='ocrx_word' id='word_1_531' title='bbox 2858 3717 3036 3783; x_wconf 73' lang='grc' dir='ltr'>ἐλπὶς</span> <span class='ocrx_word' id='word_1_532' title='bbox 3066 3718 3152 3771; x_wconf 79' lang='grc' dir='ltr'>ὅτι</span> <span class='ocrx_word' id='word_1_533' title='bbox 3179 3722 3211 3773; x_wconf 87' lang='grc' dir='ltr'><em>ὀ</em></span> <span class='ocrx_word' id='word_1_534' title='bbox 3234 3720 3444 3775; x_wconf 78' lang='grc' dir='ltr'>κύωνό</span> <span class='ocrx_word' id='word_1_535' title='bbox 3474 3710 3729 3783; x_wconf 49' lang='lat' dir='ltr'><strong>(tingui)-</strong></span> 
     </span>
    </p>
   </div>
   <div class='ocr_carea' id='block_1_76' title="bbox 2214 3787 3727 3927">
    <p class='ocr_par' dir='ltr' id='par_1_76' title="bbox 2214 3787 3727 3927">
     <span class='ocr_line' id='line_1_76' title="bbox 2216 3787 3727 3915; baseline -0.001 -70"><span class='ocrx_word' id='word_1_536' title='bbox 2216 3793 2317 3915; x_wconf 55' lang='grc' dir='ltr'>τιὲς</span> <span class='ocrx_word' id='word_1_537' title='bbox 2344 3793 2563 3861; x_wconf 73' lang='grc' dir='ltr'>ἁγαθός</span> <span class='ocrx_word' id='word_1_538' title='bbox 2595 3791 2768 3843; x_wconf 77' lang='grc' dir='ltr'>ἐστιν</span> <span class='ocrx_word' id='word_1_539' title='bbox 2800 3787 2953 3858; x_wconf 83' lang='grc' dir='ltr'>ὑπὲρ</span> <span class='ocrx_word' id='word_1_540' title='bbox 2986 3791 3093 3841; x_wconf 67' lang='grc' dir='ltr'>τὸν</span> <span class='ocrx_word' id='word_1_541' title='bbox 3120 3789 3341 3844; x_wconf 71' lang='lat' dir='ltr'><strong>.Iéorta</strong></span> <span class='ocrx_word' id='word_1_542' title='bbox 3381 3791 3488 3844; x_wconf 82' lang='grc' dir='ltr'><strong>τὸν</strong></span> <span class='ocrx_word' id='word_1_543' title='bbox 3520 3796 3727 3861; x_wconf 72' lang='grc' dir='ltr'>τεθνη-</span> 
     </span>
     <span class='ocr_line' id='line_1_77' title="bbox 2214 3878 2456 3927; baseline -0.017 -9"><span class='ocrx_word' id='word_1_544' title='bbox 2214 3882 2250 3918; x_wconf 84' lang='grc' dir='ltr'><strong>κ</strong></span> <span class='ocrx_word' id='word_1_545' title='bbox 2292 3878 2402 3927; x_wconf 84' lang='grc' dir='ltr'>τα;</span> <span class='ocrx_word' id='word_1_546' title='bbox 2439 3882 2456 3915; x_wconf 75' lang='grc' dir='ltr'><strong>ι</strong></span> 
     </span>
    </p>
   </div>
   <div class='ocr_carea' id='block_1_77' title="bbox 1386 3993 2691 4063">
    <p class='ocr_par' dir='ltr' id='par_1_77' title="bbox 1386 3993 2691 4063">
     <span class='ocr_line' id='line_1_78' title="bbox 1386 3993 2691 4063; baseline 0.001 -16"><span class='ocrx_word' id='word_1_547' title='bbox 1386 4034 1391 4037; x_wconf 95' lang='grc'><strong>-</strong></span> <span class='ocrx_word' id='word_1_548' title='bbox 1477 3993 1619 4047; x_wconf 87' lang='lat' dir='ltr'><strong>Edita</strong></span> <span class='ocrx_word' id='word_1_549' title='bbox 1645 4009 1669 4044; x_wconf 90' lang='lat' dir='ltr'><strong>a</strong></span> <span class='ocrx_word' id='word_1_550' title='bbox 1697 3996 1840 4057; x_wconf 82' lang='lat' dir='ltr'><strong>Maio,</strong></span> <span class='ocrx_word' id='word_1_551' title='bbox 1866 3998 1901 4048; x_wconf 92' lang='lat' dir='ltr'><strong>l.</strong></span> <span class='ocrx_word' id='word_1_552' title='bbox 1925 4012 1990 4060; x_wconf 54' lang='grc' dir='ltr'>(κ,</span> <span class='ocrx_word' id='word_1_553' title='bbox 2016 4013 2065 4063; x_wconf 89' lang='lat' dir='ltr'><strong>p.</strong></span> <span class='ocrx_word' id='word_1_554' title='bbox 2090 4000 2248 4050; x_wconf 74' lang='lat'><strong>72-75.</strong></span> <span class='ocrx_word' id='word_1_555' title='bbox 2272 4001 2323 4049; x_wconf 88' lang='lat' dir='ltr'><strong>ln</strong></span> <span class='ocrx_word' id='word_1_556' title='bbox 2348 3998 2516 4049; x_wconf 88' lang='lat' dir='ltr'><strong>Eccle.</strong></span> <span class='ocrx_word' id='word_1_557' title='bbox 2550 4012 2619 4059; x_wconf 80' lang='lat' dir='ltr'><strong>Ix,</strong></span> <span class='ocrx_word' id='word_1_558' title='bbox 2644 3998 2691 4048; x_wconf 71' lang='grc'><strong>4.</strong></span> 
     </span>
    </p>
   </div>
   <div class='ocr_carea' id='block_1_78' title="bbox 517 4080 2028 4153">
    <p class='ocr_par' dir='ltr' id='par_1_78' title="bbox 517 4080 2028 4153">
     <span class='ocr_line' id='line_1_79' title="bbox 517 4080 2028 4153; baseline 0.001 -15"><span class='ocrx_word' id='word_1_559' title='bbox 517 4082 829 4139; x_wconf 84' lang='lat' dir='ltr'><strong>Secundum</strong></span> <span class='ocrx_word' id='word_1_560' title='bbox 866 4081 1105 4137; x_wconf 90' lang='lat' dir='ltr'><strong>litteram</strong></span> <span class='ocrx_word' id='word_1_561' title='bbox 1141 4080 1384 4150; x_wconf 87' lang='lat' dir='ltr'><strong>quidem,</strong></span> <span class='ocrx_word' id='word_1_562' title='bbox 1410 4080 1465 4135; x_wconf 91' lang='lat' dir='ltr'><strong>in</strong></span> <span class='ocrx_word' id='word_1_563' title='bbox 1510 4086 1797 4153; x_wconf 88' lang='lat' dir='ltr'><strong>propatulo</strong></span> <span class='ocrx_word' id='word_1_564' title='bbox 1831 4102 2028 4142; x_wconf 88' lang='lat' dir='ltr'><strong>sensus</strong></span> 
     </span>
    </p>
   </div>
   <div class='ocr_carea' id='block_1_79' title="bbox 442 4172 2036 4245">
    <p class='ocr_par' dir='ltr' id='par_1_79' title="bbox 442 4172 2036 4245">
     <span class='ocr_line' id='line_1_80' title="bbox 442 4172 2036 4245; baseline -0.001 -12"><span class='ocrx_word' id='word_1_565' title='bbox 442 4186 555 4239; x_wconf 89' lang='lat' dir='ltr'><strong>est;</strong></span> <span class='ocrx_word' id='word_1_566' title='bbox 593 4176 660 4229; x_wconf 85' lang='lat' dir='ltr'><strong>ad</strong></span> <span class='ocrx_word' id='word_1_567' title='bbox 697 4175 832 4228; x_wconf 88' lang='lat' dir='ltr'><strong>nihil</strong></span> <span class='ocrx_word' id='word_1_568' title='bbox 863 4181 1048 4229; x_wconf 89' lang='lat' dir='ltr'><strong>autem</strong></span> <span class='ocrx_word' id='word_1_569' title='bbox 1071 4172 1292 4227; x_wconf 86' lang='lat' dir='ltr'><strong>videtur</strong></span> <span class='ocrx_word' id='word_1_570' title='bbox 1324 4173 1542 4229; x_wconf 85' lang='lat' dir='ltr'><strong>utilium</strong></span> <span class='ocrx_word' id='word_1_571' title='bbox 1570 4190 1753 4245; x_wconf 85' lang='lat' dir='ltr'><strong>neque</strong></span> <span class='ocrx_word' id='word_1_572' title='bbox 1784 4190 2036 4232; x_wconf 89' lang='lat' dir='ltr'><strong>necessa-</strong></span> 
     </span>
    </p>
   </div>
   <div class='ocr_carea' id='block_1_80' title="bbox 443 4266 2032 4341">
    <p class='ocr_par' dir='ltr' id='par_1_80' title="bbox 443 4266 2032 4341">
     <span class='ocr_line' id='line_1_81' title="bbox 443 4266 2032 4341; baseline -0.001 -17"><span class='ocrx_word' id='word_1_573' title='bbox 443 4270 652 4324; x_wconf 84' lang='lat' dir='ltr'><strong>riorum</strong></span> <span class='ocrx_word' id='word_1_574' title='bbox 703 4266 978 4334; x_wconf 88' lang='lat' dir='ltr'><strong>tendere;</strong></span> <span class='ocrx_word' id='word_1_575' title='bbox 1034 4268 1238 4322; x_wconf 88' lang='lat' dir='ltr'><strong>etenim</strong></span> <span class='ocrx_word' id='word_1_576' title='bbox 1291 4268 1549 4325; x_wconf 89' lang='lat' dir='ltr'><strong>omnibus</strong></span> <span class='ocrx_word' id='word_1_577' title='bbox 1622 4277 1678 4323; x_wconf 90' lang='lat' dir='ltr'><strong>et</strong></span> <span class='ocrx_word' id='word_1_578' title='bbox 1726 4270 2032 4341; x_wconf 86' lang='lat' dir='ltr'><strong>cognitum,</strong></span> 
     </span>
    </p>
   </div>
   <div class='ocr_carea' id='block_1_81' title="bbox 443 4358 2031 4427">
    <p class='ocr_par' dir='ltr' id='par_1_81' title="bbox 443 4358 2031 4427">
     <span class='ocr_line' id='line_1_82' title="bbox 443 4358 2031 4427; baseline -0.002 -11"><span class='ocrx_word' id='word_1_579' title='bbox 443 4377 555 4416; x_wconf 90' lang='lat' dir='ltr'><strong>non</strong></span> <span class='ocrx_word' id='word_1_580' title='bbox 582 4359 759 4415; x_wconf 89' lang='lat' dir='ltr'><strong>solum</strong></span> <span class='ocrx_word' id='word_1_581' title='bbox 796 4372 989 4413; x_wconf 85' lang='lat' dir='ltr'><strong>canem</strong></span> <span class='ocrx_word' id='word_1_582' title='bbox 1038 4358 1224 4413; x_wconf 87' lang='lat' dir='ltr'><strong>vivum</strong></span> <span class='ocrx_word' id='word_1_583' title='bbox 1272 4368 1490 4414; x_wconf 91' lang='lat' dir='ltr'><strong>mortuo</strong></span> <span class='ocrx_word' id='word_1_584' title='bbox 1534 4360 1693 4415; x_wconf 84' lang='lat' dir='ltr'><strong>leone</strong></span> <span class='ocrx_word' id='word_1_585' title='bbox 1731 4360 2031 4427; x_wconf 85' lang='lat' dir='ltr'><strong>meliorem,</strong></span> 
     </span>
    </p>
   </div>
   <div class='ocr_carea' id='block_1_82' title="bbox 443 4450 2035 4523">
    <p class='ocr_par' dir='ltr' id='par_1_82' title="bbox 443 4450 2035 4523">
     <span class='ocr_line' id='line_1_83' title="bbox 443 4450 2035 4523; baseline -0.001 -16"><span class='ocrx_word' id='word_1_586' title='bbox 443 4452 541 4508; x_wconf 86' lang='lat' dir='ltr'><strong>sed</strong></span> <span class='ocrx_word' id='word_1_587' title='bbox 570 4459 623 4506; x_wconf 90' lang='lat' dir='ltr'><strong>et</strong></span> <span class='ocrx_word' id='word_1_588' title='bbox 652 4465 817 4505; x_wconf 90' lang='lat' dir='ltr'><strong>omne</strong></span> <span class='ocrx_word' id='word_1_589' title='bbox 850 4450 938 4506; x_wconf 88' lang='lat' dir='ltr'><strong>cui</strong></span> <span class='ocrx_word' id='word_1_590' title='bbox 967 4450 1122 4506; x_wconf 85' lang='lat' dir='ltr'><strong>adest</strong></span> <span class='ocrx_word' id='word_1_591' title='bbox 1144 4450 1269 4505; x_wconf 73' lang='lat' dir='ltr'><strong>vitae</strong></span> <span class='ocrx_word' id='word_1_592' title='bbox 1296 4451 1588 4523; x_wconf 88' lang='lat' dir='ltr'><strong>vestigium</strong></span> <span class='ocrx_word' id='word_1_593' title='bbox 1623 4467 1688 4506; x_wconf 89' lang='lat' dir='ltr'><strong>eo</strong></span> <span class='ocrx_word' id='word_1_594' title='bbox 1713 4452 1857 4520; x_wconf 89' lang='lat' dir='ltr'><strong>quod</strong></span> <span class='ocrx_word' id='word_1_595' title='bbox 1892 4452 2035 4506; x_wconf 93' lang='lat' dir='ltr'><strong>hanc</strong></span> 
     </span>
    </p>
   </div>
   <div class='ocr_carea' id='block_1_83' title="bbox 2215 4084 3725 4159">
    <p class='ocr_par' dir='ltr' id='par_1_83' title="bbox 2215 4084 3725 4159">
     <span class='ocr_line' id='line_1_84' title="bbox 2215 4084 3725 4159; baseline 0.001 -19"><span class='ocrx_word' id='word_1_596' title='bbox 2215 4089 2369 4141; x_wconf 84' lang='grc' dir='ltr'>Κατὰ</span> <span class='ocrx_word' id='word_1_597' title='bbox 2403 4088 2501 4158; x_wconf 84' lang='grc' dir='ltr'><strong>μὲν</strong></span> <span class='ocrx_word' id='word_1_598' title='bbox 2526 4086 2588 4139; x_wconf 83' lang='grc' dir='ltr'><strong>τδ</strong></span> <span class='ocrx_word' id='word_1_599' title='bbox 2612 4086 2868 4157; x_wconf 86' lang='grc' dir='ltr'>γράμμα,</span> <span class='ocrx_word' id='word_1_600' title='bbox 2891 4084 2952 4139; x_wconf 69' lang='grc' dir='ltr'>τὸ</span> <span class='ocrx_word' id='word_1_601' title='bbox 2974 4084 3265 4157; x_wconf 76' lang='grc' dir='ltr'>πρόχειρον</span> <span class='ocrx_word' id='word_1_602' title='bbox 3292 4087 3325 4156; x_wconf 80' lang='grc' dir='ltr'><strong>ἡ</strong></span> <span class='ocrx_word' id='word_1_603' title='bbox 3357 4084 3565 4141; x_wconf 81' lang='grc' dir='ltr'>διάνοια</span> <span class='ocrx_word' id='word_1_604' title='bbox 3590 4086 3725 4159; x_wconf 79' lang='grc' dir='ltr'>ἔχει’</span> 
     </span>
    </p>
   </div>
   <div class='ocr_carea' id='block_1_84' title="bbox 2140 4176 3728 4253">
    <p class='ocr_par' dir='ltr' id='par_1_84' title="bbox 2140 4176 3728 4253">
     <span class='ocr_line' id='line_1_85' title="bbox 2140 4176 3728 4253; baseline -0.001 -18"><span class='ocrx_word' id='word_1_605' title='bbox 2140 4182 2277 4253; x_wconf 75' lang='grc' dir='ltr'>πρδς</span> <span class='ocrx_word' id='word_1_606' title='bbox 2328 4180 2482 4235; x_wconf 81' lang='grc' dir='ltr'>οὐδὲν</span> <span class='ocrx_word' id='word_1_607' title='bbox 2538 4179 2595 4232; x_wconf 76' lang='grc' dir='ltr'>δὲ</span> <span class='ocrx_word' id='word_1_608' title='bbox 2647 4179 2794 4231; x_wconf 86' lang='grc' dir='ltr'>δοκεῖ</span> <span class='ocrx_word' id='word_1_609' title='bbox 2843 4177 2952 4233; x_wconf 85' lang='grc' dir='ltr'><strong>τῶν</strong></span> <span class='ocrx_word' id='word_1_610' title='bbox 3007 4176 3431 4233; x_wconf 87' lang='grc' dir='ltr'>λυσιτελούντων</span> <span class='ocrx_word' id='word_1_611' title='bbox 3464 4179 3582 4232; x_wconf 75' lang='grc' dir='ltr'>ούδέ</span> <span class='ocrx_word' id='word_1_612' title='bbox 3617 4179 3728 4234; x_wconf 76' lang='grc' dir='ltr'>τῶν</span> 
     </span>
    </p>
   </div>
   <div class='ocr_carea' id='block_1_85' title="bbox 2140 4268 3726 4341">
    <p class='ocr_par' dir='ltr' id='par_1_85' title="bbox 2140 4268 3726 4341">
     <span class='ocr_line' id='line_1_86' title="bbox 2140 4268 3726 4341; baseline -0.003 -15"><span class='ocrx_word' id='word_1_613' title='bbox 2140 4271 2455 4341; x_wconf 79' lang='grc' dir='ltr'>ἀναγκαίων</span> <span class='ocrx_word' id='word_1_614' title='bbox 2508 4268 2839 4323; x_wconf 88' lang='grc' dir='ltr'>συντείνειν·</span> <span class='ocrx_word' id='word_1_615' title='bbox 2882 4268 2978 4322; x_wconf 74' lang='grc' dir='ltr'><strong>καὶ</strong></span> <span class='ocrx_word' id='word_1_616' title='bbox 3022 4269 3133 4341; x_wconf 79' lang='grc' dir='ltr'>γὰρ</span> <span class='ocrx_word' id='word_1_617' title='bbox 3166 4269 3335 4322; x_wconf 76' lang='grc' dir='ltr'>πᾶσίν</span> <span class='ocrx_word' id='word_1_618' title='bbox 3365 4271 3512 4325; x_wconf 87' lang='grc' dir='ltr'>ἐστιν</span> <span class='ocrx_word' id='word_1_619' title='bbox 3552 4272 3726 4338; x_wconf 85' lang='grc' dir='ltr'>ἐγνω-</span> 
     </span>
    </p>
   </div>
   <div class='ocr_carea' id='block_1_86' title="bbox 2142 4360 3730 4438">
    <p class='ocr_par' dir='ltr' id='par_1_86' title="bbox 2142 4360 3730 4438">
     <span class='ocr_line' id='line_1_87' title="bbox 2142 4360 3730 4438; baseline -0.003 -19"><span class='ocrx_word' id='word_1_620' title='bbox 2142 4368 2358 4438; x_wconf 83' lang='grc' dir='ltr'>σμένον,</span> <span class='ocrx_word' id='word_1_621' title='bbox 2385 4365 2461 4429; x_wconf 82' lang='grc' dir='ltr'>ὡς</span> <span class='ocrx_word' id='word_1_622' title='bbox 2498 4365 2558 4418; x_wconf 89' lang='grc' dir='ltr'><strong>οὑ</strong></span> <span class='ocrx_word' id='word_1_623' title='bbox 2607 4364 2766 4433; x_wconf 87' lang='grc' dir='ltr'>μόνον</span> <span class='ocrx_word' id='word_1_624' title='bbox 2809 4366 2837 4417; x_wconf 92' lang='lat'><strong>6</strong></span> <span class='ocrx_word' id='word_1_625' title='bbox 2872 4360 3020 4417; x_wconf 86' lang='grc' dir='ltr'>κύων</span> <span class='ocrx_word' id='word_1_626' title='bbox 3049 4364 3076 4415; x_wconf 93' lang='lat'><strong>6</strong></span> <span class='ocrx_word' id='word_1_627' title='bbox 3110 4361 3219 4427; x_wconf 77' lang='grc' dir='ltr'><strong>ζῶν</strong></span> <span class='ocrx_word' id='word_1_628' title='bbox 3267 4361 3359 4414; x_wconf 75' lang='grc' dir='ltr'>τοῦ</span> <span class='ocrx_word' id='word_1_629' title='bbox 3404 4360 3730 4429; x_wconf 77' lang='grc' dir='ltr'>τεθνηκότος</span> 
     </span>
    </p>
   </div>
   <div class='ocr_carea' id='block_1_87' title="bbox 2140 4448 3729 4529">
    <p class='ocr_par' dir='ltr' id='par_1_87' title="bbox 2140 4448 3729 4529">
     <span class='ocr_line' id='line_1_88' title="bbox 2140 4448 3729 4529; baseline -0.001 -18"><span class='ocrx_word' id='word_1_630' title='bbox 2140 4460 2354 4520; x_wconf 88' lang='grc' dir='ltr'>λέοντος</span> <span class='ocrx_word' id='word_1_631' title='bbox 2380 4458 2640 4529; x_wconf 84' lang='grc' dir='ltr'>ἀμείνων,</span> <span class='ocrx_word' id='word_1_632' title='bbox 2677 4456 2812 4510; x_wconf 84' lang='grc' dir='ltr'>ἀλλὰ</span> <span class='ocrx_word' id='word_1_633' title='bbox 2833 4456 2926 4510; x_wconf 78' lang='grc' dir='ltr'><strong>καὶ</strong></span> <span class='ocrx_word' id='word_1_634' title='bbox 2955 4457 3063 4509; x_wconf 83' lang='grc' dir='ltr'>πᾶν</span> <span class='ocrx_word' id='word_1_635' title='bbox 3091 4448 3134 4524; x_wconf 81' lang='grc' dir='ltr'>ᾧ</span> <span class='ocrx_word' id='word_1_636' title='bbox 3160 4457 3381 4524; x_wconf 84' lang='grc' dir='ltr'>μέτεστι</span> <span class='ocrx_word' id='word_1_637' title='bbox 3411 4456 3552 4526; x_wconf 76' lang='grc' dir='ltr'>ζωῆς</span> <span class='ocrx_word' id='word_1_638' title='bbox 3584 4458 3729 4526; x_wconf 59' lang='grc' dir='ltr'>ἴχνος</span> 
     </span>
    </p>
   </div>
   <div class='ocr_carea' id='block_1_88' title="bbox 444 4527 2026 4621">
    <p class='ocr_par' dir='ltr' id='par_1_88' title="bbox 444 4541 2026 4614">
     <span class='ocr_line' id='line_1_89' title="bbox 444 4541 2026 4614; baseline -0.001 -17"><span class='ocrx_word' id='word_1_639' title='bbox 444 4544 670 4614; x_wconf 88' lang='lat' dir='ltr'><strong>abjeeit,</strong></span> <span class='ocrx_word' id='word_1_640' title='bbox 699 4551 755 4597; x_wconf 92' lang='lat' dir='ltr'><strong>et</strong></span> <span class='ocrx_word' id='word_1_641' title='bbox 781 4543 826 4598; x_wconf 88' lang='lat' dir='ltr'><strong>si</strong></span> <span class='ocrx_word' id='word_1_642' title='bbox 855 4541 942 4597; x_wconf 88' lang='lat' dir='ltr'><strong>leo</strong></span> <span class='ocrx_word' id='word_1_643' title='bbox 976 4542 1067 4607; x_wconf 91' lang='lat' dir='ltr'><strong>sit,</strong></span> <span class='ocrx_word' id='word_1_644' title='bbox 1097 4542 1206 4597; x_wconf 87' lang='lat' dir='ltr'><strong>etsi</strong></span> <span class='ocrx_word' id='word_1_645' title='bbox 1242 4541 1461 4597; x_wconf 89' lang='lat' dir='ltr'><strong>leonum</strong></span> <span class='ocrx_word' id='word_1_646' title='bbox 1489 4551 1701 4596; x_wconf 81' lang='lat' dir='ltr'><strong>naturae</strong></span> <span class='ocrx_word' id='word_1_647' title='bbox 1741 4551 1795 4597; x_wconf 83' lang='lat' dir='ltr'><strong>et</strong></span> <span class='ocrx_word' id='word_1_648' title='bbox 1819 4542 2026 4597; x_wconf 80' lang='lat' dir='ltr'><strong>roboris</strong></span> 
     </span>
    </p>
   </div>
   <div class='ocr_carea' id='block_1_89' title="bbox 2133 4527 3729 4621">
    <p class='ocr_par' dir='ltr' id='par_1_89' title="bbox 2140 4544 3729 4621">
     <span class='ocr_line' id='line_1_90' title="bbox 2140 4544 3729 4621; baseline -0.004 -15"><span class='ocrx_word' id='word_1_649' title='bbox 2140 4551 2233 4607; x_wconf 79' lang='grc' dir='ltr'>τοῦ</span> <span class='ocrx_word' id='word_1_650' title='bbox 2270 4552 2476 4621; x_wconf 78' lang='grc' dir='ltr'>ταύτην</span> <span class='ocrx_word' id='word_1_651' title='bbox 2507 4549 2953 4619; x_wconf 77' lang='grc' dir='ltr'>ἀποϐεϐληκότος</span> <span class='ocrx_word' id='word_1_652' title='bbox 2978 4547 3081 4602; x_wconf 87' lang='grc' dir='ltr'><strong>κᾶν</strong></span> <span class='ocrx_word' id='word_1_653' title='bbox 3106 4548 3243 4601; x_wconf 87' lang='grc' dir='ltr'>λέων</span> <span class='ocrx_word' id='word_1_654' title='bbox 3273 4544 3330 4621; x_wconf 80' lang='grc' dir='ltr'><strong>ᾖ,</strong></span> <span class='ocrx_word' id='word_1_655' title='bbox 3364 4546 3466 4601; x_wconf 83' lang='grc' dir='ltr'><strong>κᾶν</strong></span> <span class='ocrx_word' id='word_1_656' title='bbox 3489 4548 3589 4618; x_wconf 80' lang='grc' dir='ltr'>τῆς</span> <span class='ocrx_word' id='word_1_657' title='bbox 3620 4549 3729 4601; x_wconf 84' lang='grc' dir='ltr'><strong>τῶν</strong></span> 
     </span>
    </p>
   </div>
   <div class='ocr_carea' id='block_1_90' title="bbox 444 4635 2033 4706">
    <p class='ocr_par' dir='ltr' id='par_1_90' title="bbox 444 4635 2033 4706">
     <span class='ocr_line' id='line_1_91' title="bbox 444 4635 2033 4706; baseline -0.003 -14"><span class='ocrx_word' id='word_1_658' title='bbox 444 4638 501 4692; x_wconf 89' lang='lat' dir='ltr'><strong>in</strong></span> <span class='ocrx_word' id='word_1_659' title='bbox 542 4637 875 4692; x_wconf 87' lang='lat' dir='ltr'><strong>immensum</strong></span> <span class='ocrx_word' id='word_1_660' title='bbox 931 4635 1186 4690; x_wconf 90' lang='lat' dir='ltr'><strong>sortitum</strong></span> <span class='ocrx_word' id='word_1_661' title='bbox 1226 4636 1297 4690; x_wconf 90' lang='lat' dir='ltr'><strong>sit</strong></span> <span class='ocrx_word' id='word_1_662' title='bbox 1348 4635 1814 4706; x_wconf 83' lang='lat' dir='ltr'><strong>superioritatem,</strong></span> <span class='ocrx_word' id='word_1_663' title='bbox 1860 4635 2033 4690; x_wconf 90' lang='lat' dir='ltr'><strong>multo</strong></span> 
     </span>
    </p>
   </div>
   <div class='ocr_carea' id='block_1_91' title="bbox 444 4728 2035 4799">
    <p class='ocr_par' dir='ltr' id='par_1_91' title="bbox 444 4728 2035 4799">
     <span class='ocr_line' id='line_1_92' title="bbox 444 4728 2035 4799; baseline -0.001 -14"><span class='ocrx_word' id='word_1_664' title='bbox 444 4729 691 4785; x_wconf 78' lang='lat' dir='ltr'><strong>melioris</strong></span> <span class='ocrx_word' id='word_1_665' title='bbox 720 4729 931 4784; x_wconf 86' lang='lat' dir='ltr'><strong>ordinis</strong></span> <span class='ocrx_word' id='word_1_666' title='bbox 960 4728 1137 4783; x_wconf 89' lang='lat' dir='ltr'><strong>vivum</strong></span> <span class='ocrx_word' id='word_1_667' title='bbox 1180 4737 1399 4784; x_wconf 91' lang='lat' dir='ltr'><strong>mortuo</strong></span> <span class='ocrx_word' id='word_1_668' title='bbox 1424 4728 1688 4799; x_wconf 85' lang='lat' dir='ltr'><strong>judicari.</strong></span> <span class='ocrx_word' id='word_1_669' title='bbox 1721 4728 1893 4798; x_wconf 89' lang='lat' dir='ltr'><strong>Igitur</strong></span> <span class='ocrx_word' id='word_1_670' title='bbox 1926 4744 2035 4784; x_wconf 83' lang='lat' dir='ltr'><strong>me—</strong></span> 
     </span>
    </p>
   </div>
   <div class='ocr_carea' id='block_1_92' title="bbox 443 4818 2035 4892">
    <p class='ocr_par' dir='ltr' id='par_1_92' title="bbox 443 4818 2035 4892">
     <span class='ocr_line' id='line_1_93' title="bbox 443 4818 2035 4892; baseline -0.004 -14"><span class='ocrx_word' id='word_1_671' title='bbox 443 4822 552 4878; x_wconf 84' lang='lat' dir='ltr'><strong>lius</strong></span> <span class='ocrx_word' id='word_1_672' title='bbox 577 4832 660 4879; x_wconf 86' lang='lat' dir='ltr'><strong>est</strong></span> <span class='ocrx_word' id='word_1_673' title='bbox 691 4838 721 4876; x_wconf 89' lang='lat' dir='ltr'><strong>a</strong></span> <span class='ocrx_word' id='word_1_674' title='bbox 753 4823 932 4877; x_wconf 87' lang='lat' dir='ltr'><strong>littera</strong></span> <span class='ocrx_word' id='word_1_675' title='bbox 966 4822 1031 4876; x_wconf 87' lang='lat' dir='ltr'><strong>ad</strong></span> <span class='ocrx_word' id='word_1_676' title='bbox 1085 4821 1339 4892; x_wconf 89' lang='lat' dir='ltr'><strong>spiritum</strong></span> <span class='ocrx_word' id='word_1_677' title='bbox 1374 4822 1632 4886; x_wconf 83' lang='lat' dir='ltr'><strong>transire,</strong></span> <span class='ocrx_word' id='word_1_678' title='bbox 1673 4830 1729 4875; x_wconf 93' lang='lat' dir='ltr'><strong>et</strong></span> <span class='ocrx_word' id='word_1_679' title='bbox 1767 4821 1832 4874; x_wconf 88' lang='lat' dir='ltr'><strong>ad</strong></span> <span class='ocrx_word' id='word_1_680' title='bbox 1873 4818 2035 4873; x_wconf 80' lang='lat' dir='ltr'><strong>intel-</strong></span> 
     </span>
    </p>
   </div>
   <div class='ocr_carea' id='block_1_93' title="bbox 441 4912 2034 4985">
    <p class='ocr_par' dir='ltr' id='par_1_93' title="bbox 441 4912 2034 4985">
     <span class='ocr_line' id='line_1_94' title="bbox 441 4912 2034 4985; baseline -0.006 -11"><span class='ocrx_word' id='word_1_681' title='bbox 441 4917 759 4974; x_wconf 88' lang='lat' dir='ltr'><strong>lectualium</strong></span> <span class='ocrx_word' id='word_1_682' title='bbox 783 4931 1000 4971; x_wconf 90' lang='lat' dir='ltr'><strong>sursum</strong></span> <span class='ocrx_word' id='word_1_683' title='bbox 1020 4912 1150 4970; x_wconf 83' lang='lat' dir='ltr'><strong>ferri</strong></span> <span class='ocrx_word' id='word_1_684' title='bbox 1170 4913 1711 4985; x_wconf 88' lang='lat' dir='ltr'><strong>contemplationem.</strong></span> <span class='ocrx_word' id='word_1_685' title='bbox 1731 4912 2034 4967; x_wconf 88' lang='lat' dir='ltr'><strong>Didicimus</strong></span> 
     </span>
    </p>
   </div>
   <div class='ocr_carea' id='block_1_94' title="bbox 442 5004 2031 5082">
    <p class='ocr_par' dir='ltr' id='par_1_94' title="bbox 442 5004 2031 5082">
     <span class='ocr_line' id='line_1_95' title="bbox 442 5004 2031 5082; baseline -0.006 -16"><span class='ocrx_word' id='word_1_686' title='bbox 442 5011 611 5082; x_wconf 86' lang='lat' dir='ltr'><strong>igitur</strong></span> <span class='ocrx_word' id='word_1_687' title='bbox 643 5026 709 5065; x_wconf 81' lang='lat' dir='ltr'><strong>ex</strong></span> <span class='ocrx_word' id='word_1_688' title='bbox 733 5010 908 5065; x_wconf 80' lang='lat' dir='ltr'><strong>sacris</strong></span> <span class='ocrx_word' id='word_1_689' title='bbox 946 5007 1198 5078; x_wconf 87' lang='lat' dir='ltr'><strong>Eloquiis</strong></span> <span class='ocrx_word' id='word_1_690' title='bbox 1231 5018 1404 5063; x_wconf 76' lang='lat' dir='ltr'><strong>carnes</strong></span> <span class='ocrx_word' id='word_1_691' title='bbox 1445 5004 1668 5075; x_wconf 89' lang='lat' dir='ltr'><strong>quidem</strong></span> <span class='ocrx_word' id='word_1_692' title='bbox 1703 5018 1799 5060; x_wconf 89' lang='lat' dir='ltr'><strong>eos</strong></span> <span class='ocrx_word' id='word_1_693' title='bbox 1827 5004 1921 5073; x_wconf 91' lang='lat' dir='ltr'><strong>qui</strong></span> <span class='ocrx_word' id='word_1_694' title='bbox 1965 5018 2031 5057; x_wconf 84' lang='lat' dir='ltr'><strong>ex</strong></span> 
     </span>
    </p>
   </div>
   <div class='ocr_carea' id='block_1_95' title="bbox 441 5099 2031 5174">
    <p class='ocr_par' dir='ltr' id='par_1_95' title="bbox 441 5099 2031 5174">
     <span class='ocr_line' id='line_1_96' title="bbox 441 5099 2031 5174; baseline -0.005 -15"><span class='ocrx_word' id='word_1_695' title='bbox 441 5104 698 5174; x_wconf 84' lang='lat' dir='ltr'><strong>gentibus</strong></span> <span class='ocrx_word' id='word_1_696' title='bbox 743 5103 1067 5173; x_wconf 88' lang='lat' dir='ltr'><strong>appellatos,</strong></span> <span class='ocrx_word' id='word_1_697' title='bbox 1124 5102 1339 5172; x_wconf 85' lang='lat' dir='ltr'><strong>regium</strong></span> <span class='ocrx_word' id='word_1_698' title='bbox 1405 5110 1535 5154; x_wconf 84' lang='lat' dir='ltr'><strong>vero</strong></span> <span class='ocrx_word' id='word_1_699' title='bbox 1584 5108 1638 5155; x_wconf 92' lang='lat' dir='ltr'><strong>et</strong></span> <span class='ocrx_word' id='word_1_700' title='bbox 1677 5099 2031 5154; x_wconf 75' lang='lat' dir='ltr'><strong>excellentem</strong></span> 
     </span>
    </p>
   </div>
   <div class='ocr_carea' id='block_1_96' title="bbox 440 5191 2031 5268">
    <p class='ocr_par' dir='ltr' id='par_1_96' title="bbox 440 5191 2031 5268">
     <span class='ocr_line' id='line_1_97' title="bbox 440 5191 2031 5268; baseline -0.004 -18"><span class='ocrx_word' id='word_1_701' title='bbox 440 5211 606 5268; x_wconf 92' lang='lat' dir='ltr'><strong>quem</strong></span> <span class='ocrx_word' id='word_1_702' title='bbox 654 5204 1073 5265; x_wconf 65' lang='lat' dir='ltr'><strong>repraesentaret</strong></span> <span class='ocrx_word' id='word_1_703' title='bbox 1111 5194 1215 5255; x_wconf 77' lang='lat' dir='ltr'><strong>leo,</strong></span> <span class='ocrx_word' id='word_1_704' title='bbox 1254 5193 1533 5264; x_wconf 90' lang='lat' dir='ltr'><strong>judaieum</strong></span> <span class='ocrx_word' id='word_1_705' title='bbox 1586 5191 2031 5262; x_wconf 86' lang='lat' dir='ltr'><strong>cognominatum</strong></span> 
     </span>
    </p>
   </div>
   <div class='ocr_carea' id='block_1_97' title="bbox 441 5284 2031 5358">
    <p class='ocr_par' dir='ltr' id='par_1_97' title="bbox 441 5284 2031 5358">
     <span class='ocr_line' id='line_1_98' title="bbox 441 5284 2031 5358; baseline -0.004 -16"><span class='ocrx_word' id='word_1_706' title='bbox 441 5288 727 5358; x_wconf 81' lang='lat' dir='ltr'><strong>p0pulum.</strong></span> <span class='ocrx_word' id='word_1_707' title='bbox 779 5287 921 5342; x_wconf 90' lang='lat' dir='ltr'><strong>Dicit</strong></span> <span class='ocrx_word' id='word_1_708' title='bbox 978 5287 1165 5356; x_wconf 88' lang='lat' dir='ltr'><strong>itaque</strong></span> <span class='ocrx_word' id='word_1_709' title='bbox 1213 5287 1574 5341; x_wconf 86' lang='lat' dir='ltr'><strong>Ecclesiastes</strong></span> <span class='ocrx_word' id='word_1_710' title='bbox 1623 5302 1694 5339; x_wconf 77' lang='grc' dir='ltr'><strong>ιι</strong></span> <span class='ocrx_word' id='word_1_711' title='bbox 1731 5284 1944 5339; x_wconf 88' lang='lat' dir='ltr'><strong>Etenim</strong></span> <span class='ocrx_word' id='word_1_712' title='bbox 1979 5284 2031 5337; x_wconf 92' lang='lat' dir='ltr'><strong>id</strong></span> 
     </span>
    </p>
   </div>
   <div class='ocr_carea' id='block_1_98' title="bbox 444 5375 2031 5449">
    <p class='ocr_par' dir='ltr' id='par_1_98' title="bbox 444 5375 2031 5449">
     <span class='ocr_line' id='line_1_99' title="bbox 444 5375 2031 5449; baseline -0.006 -14"><span class='ocrx_word' id='word_1_713' title='bbox 444 5380 732 5449; x_wconf 74' lang='lat' dir='ltr'><strong>sapientia:</strong></span> <span class='ocrx_word' id='word_1_714' title='bbox 763 5387 818 5435; x_wconf 90' lang='lat' dir='ltr'><strong>et</strong></span> <span class='ocrx_word' id='word_1_715' title='bbox 848 5380 915 5435; x_wconf 88' lang='lat' dir='ltr'><strong>ad</strong></span> <span class='ocrx_word' id='word_1_716' title='bbox 956 5380 1236 5449; x_wconf 62' lang='lat' dir='ltr'><strong>praeterita</strong></span> <span class='ocrx_word' id='word_1_717' title='bbox 1259 5389 1313 5432; x_wconf 91' lang='lat' dir='ltr'><strong>et</strong></span> <span class='ocrx_word' id='word_1_718' title='bbox 1344 5377 1412 5432; x_wconf 88' lang='lat' dir='ltr'><strong>ad</strong></span> <span class='ocrx_word' id='word_1_719' title='bbox 1453 5375 1638 5432; x_wconf 83' lang='lat' dir='ltr'><strong>futura</strong></span> <span class='ocrx_word' id='word_1_720' title='bbox 1686 5375 2031 5446; x_wconf 80' lang='lat' dir='ltr'><strong>explananda</strong></span> 
     </span>
    </p>
   </div>
   <div class='ocr_carea' id='block_1_99' title="bbox 445 5471 2029 5541">
    <p class='ocr_par' dir='ltr' id='par_1_99' title="bbox 445 5471 2029 5541">
     <span class='ocr_line' id='line_1_100' title="bbox 445 5471 2029 5541; baseline -0.003 -13"><span class='ocrx_word' id='word_1_721' title='bbox 445 5483 501 5529; x_wconf 89' lang='lat' dir='ltr'><strong>et</strong></span> <span class='ocrx_word' id='word_1_722' title='bbox 519 5474 849 5530; x_wconf 79' lang='lat' dir='ltr'><strong>conferenda</strong></span> <span class='ocrx_word' id='word_1_723' title='bbox 866 5473 1131 5529; x_wconf 76' lang='lat' dir='ltr'><strong>divinitus</strong></span> <span class='ocrx_word' id='word_1_724' title='bbox 1152 5475 1338 5528; x_wconf 90' lang='lat' dir='ltr'><strong>datum</strong></span> <span class='ocrx_word' id='word_1_725' title='bbox 1362 5480 1469 5536; x_wconf 89' lang='lat' dir='ltr'><strong>est;</strong></span> <span class='ocrx_word' id='word_1_726' title='bbox 1501 5489 1521 5525; x_wconf 72' lang='grc' dir='ltr'><strong>ι</strong></span> <span class='ocrx_word' id='word_1_727' title='bbox 1546 5471 1681 5526; x_wconf 92' lang='lat' dir='ltr'><strong>dicit</strong></span> <span class='ocrx_word' id='word_1_728' title='bbox 1718 5471 1903 5541; x_wconf 91' lang='lat' dir='ltr'><strong>itaque</strong></span> <span class='ocrx_word' id='word_1_729' title='bbox 1935 5484 2029 5524; x_wconf 89' lang='lat' dir='ltr'><strong>ca-</strong></span> 
     </span>
    </p>
   </div>
   <div class='ocr_carea' id='block_1_100' title="bbox 445 5563 2031 5637">
    <p class='ocr_par' dir='ltr' id='par_1_100' title="bbox 445 5563 2031 5637">
     <span class='ocr_line' id='line_1_101' title="bbox 445 5563 2031 5637; baseline -0.006 -12"><span class='ocrx_word' id='word_1_730' title='bbox 445 5574 595 5633; x_wconf 76' lang='lat' dir='ltr'><strong>nem,</strong></span> <span class='ocrx_word' id='word_1_731' title='bbox 628 5569 680 5623; x_wconf 91' lang='lat' dir='ltr'><strong>id</strong></span> <span class='ocrx_word' id='word_1_732' title='bbox 715 5578 801 5622; x_wconf 86' lang='lat' dir='ltr'><strong>est</strong></span> <span class='ocrx_word' id='word_1_733' title='bbox 827 5583 895 5622; x_wconf 74' lang='lat' dir='ltr'><strong>ex</strong></span> <span class='ocrx_word' id='word_1_734' title='bbox 930 5568 1184 5637; x_wconf 85' lang='lat' dir='ltr'><strong>gentibus</strong></span> <span class='ocrx_word' id='word_1_735' title='bbox 1237 5567 1542 5632; x_wconf 88' lang='lat' dir='ltr'><strong>hominem,</strong></span> <span class='ocrx_word' id='word_1_736' title='bbox 1581 5563 1661 5619; x_wconf 88' lang='lat' dir='ltr'><strong>sie</strong></span> <span class='ocrx_word' id='word_1_737' title='bbox 1710 5564 1858 5618; x_wconf 89' lang='lat' dir='ltr'><strong>enim</strong></span> <span class='ocrx_word' id='word_1_738' title='bbox 1904 5578 2031 5617; x_wconf 91' lang='lat' dir='ltr'><strong>eum</strong></span> 
     </span>
    </p>
   </div>
   <div class='ocr_carea' id='block_1_101' title="bbox 445 5655 2031 5729">
    <p class='ocr_par' dir='ltr' id='par_1_101' title="bbox 445 5655 2031 5729">
     <span class='ocr_line' id='line_1_102' title="bbox 445 5655 2031 5729; baseline -0.003 -14"><span class='ocrx_word' id='word_1_739' title='bbox 445 5661 633 5715; x_wconf 68' lang='lat' dir='ltr'><strong>Vocari</strong></span> <span class='ocrx_word' id='word_1_740' title='bbox 651 5674 749 5729; x_wconf 89' lang='lat' dir='ltr'><strong>per</strong></span> <span class='ocrx_word' id='word_1_741' title='bbox 768 5660 1134 5716; x_wconf 75' lang='lat' dir='ltr'><strong>Chananmam</strong></span> <span class='ocrx_word' id='word_1_742' title='bbox 1162 5664 1446 5724; x_wconf 88' lang='lat' dir='ltr'><strong>docemur,</strong></span> <span class='ocrx_word' id='word_1_743' title='bbox 1466 5660 1510 5715; x_wconf 90' lang='lat' dir='ltr'><strong>si</strong></span> <span class='ocrx_word' id='word_1_744' title='bbox 1540 5659 1695 5715; x_wconf 89' lang='lat' dir='ltr'><strong>illum</strong></span> <span class='ocrx_word' id='word_1_745' title='bbox 1728 5655 2031 5713; x_wconf 85' lang='lat' dir='ltr'><strong>secundum</strong></span> 
     </span>
    </p>
   </div>
   <div class='ocr_carea' id='block_1_102' title="bbox 446 5750 2036 5826">
    <p class='ocr_par' dir='ltr' id='par_1_102' title="bbox 446 5750 2036 5826">
     <span class='ocr_line' id='line_1_103' title="bbox 446 5750 2036 5826; baseline 0 -22"><span class='ocrx_word' id='word_1_746' title='bbox 446 5754 681 5805; x_wconf 66' lang='lat' dir='ltr'><strong>Virtutes</strong></span> <span class='ocrx_word' id='word_1_747' title='bbox 711 5752 821 5807; x_wconf 85' lang='lat' dir='ltr'><strong>vita</strong></span> <span class='ocrx_word' id='word_1_748' title='bbox 854 5770 964 5808; x_wconf 87' lang='lat' dir='ltr'><strong>non</strong></span> <span class='ocrx_word' id='word_1_749' title='bbox 996 5757 1224 5811; x_wconf 90' lang='lat' dir='ltr'><strong>omnino</strong></span> <span class='ocrx_word' id='word_1_750' title='bbox 1254 5754 1627 5826; x_wconf 82' lang='lat' dir='ltr'><strong>dereliquerlt,</strong></span> <span class='ocrx_word' id='word_1_751' title='bbox 1660 5768 1812 5824; x_wconf 91' lang='lat' dir='ltr'><strong>spem</strong></span> <span class='ocrx_word' id='word_1_752' title='bbox 1840 5750 2036 5822; x_wconf 64' lang='lat' dir='ltr'><strong>praebi-</strong></span> 
     </span>
    </p>
   </div>
   <div class='ocr_carea' id='block_1_103' title="bbox 449 5845 2032 5915">
    <p class='ocr_par' dir='ltr' id='par_1_103' title="bbox 449 5845 2032 5915">
     <span class='ocr_line' id='line_1_104' title="bbox 449 5845 2032 5915; baseline 0.001 -18"><span class='ocrx_word' id='word_1_753' title='bbox 449 5852 637 5897; x_wconf 84' lang='lat' dir='ltr'><strong>turum</strong></span> <span class='ocrx_word' id='word_1_754' title='bbox 665 5854 788 5895; x_wconf 86' lang='lat' dir='ltr'><strong>esse</strong></span> <span class='ocrx_word' id='word_1_755' title='bbox 816 5845 989 5915; x_wconf 83' lang='lat' dir='ltr'><strong>magis</strong></span> <span class='ocrx_word' id='word_1_756' title='bbox 1017 5862 1074 5904; x_wconf 87' lang='lat' dir='ltr'><strong>se</strong></span> <span class='ocrx_word' id='word_1_757' title='bbox 1106 5864 1171 5903; x_wconf 75' lang='lat' dir='ltr'><strong>ex</strong></span> <span class='ocrx_word' id='word_1_758' title='bbox 1203 5848 1448 5904; x_wconf 85' lang='lat' dir='ltr'><strong>bonitate</strong></span> <span class='ocrx_word' id='word_1_759' title='bbox 1479 5862 1588 5904; x_wconf 89' lang='lat' dir='ltr'><strong>non</strong></span> <span class='ocrx_word' id='word_1_760' title='bbox 1619 5860 1881 5903; x_wconf 84' lang='lat' dir='ltr'><strong>casurum</strong></span> <span class='ocrx_word' id='word_1_761' title='bbox 1910 5857 2032 5900; x_wconf 85' lang='lat' dir='ltr'><strong>esse</strong></span> 
     </span>
    </p>
   </div>
   <div class='ocr_carea' id='block_1_104' title="bbox 2141 4635 3729 4710">
    <p class='ocr_par' dir='ltr' id='par_1_104' title="bbox 2141 4635 3729 4710">
     <span class='ocr_line' id='line_1_105' title="bbox 2141 4635 3729 4710; baseline -0.003 -15"><span class='ocrx_word' id='word_1_762' title='bbox 2141 4642 2369 4696; x_wconf 77' lang='grc' dir='ltr'>λεόντων</span> <span class='ocrx_word' id='word_1_763' title='bbox 2418 4640 2634 4706; x_wconf 87' lang='grc' dir='ltr'>φύσεως</span> <span class='ocrx_word' id='word_1_764' title='bbox 2678 4640 2774 4692; x_wconf 70' lang='grc' dir='ltr'><strong>καὶ</strong></span> <span class='ocrx_word' id='word_1_765' title='bbox 2822 4635 3013 4709; x_wconf 70' lang='grc' dir='ltr'>ῥώμης</span> <span class='ocrx_word' id='word_1_766' title='bbox 3047 4637 3170 4692; x_wconf 81' lang='grc' dir='ltr'>καθ’</span> <span class='ocrx_word' id='word_1_767' title='bbox 3216 4638 3521 4710; x_wconf 77' lang='grc' dir='ltr'>ὑπερϐολὴν</span> <span class='ocrx_word' id='word_1_768' title='bbox 3562 4639 3729 4710; x_wconf 61' lang='grc' dir='ltr'>ἐκληδ</span> 
     </span>
    </p>
   </div>
   <div class='ocr_carea' id='block_1_105' title="bbox 2143 4730 3731 4806">
    <p class='ocr_par' dir='ltr' id='par_1_105' title="bbox 2143 4730 3731 4806">
     <span class='ocr_line' id='line_1_106' title="bbox 2143 4730 3731 4806; baseline 0 -20"><span class='ocrx_word' id='word_1_769' title='bbox 2143 4736 2357 4806; x_wconf 81' lang='grc' dir='ltr'>ρώσατο</span> <span class='ocrx_word' id='word_1_770' title='bbox 2387 4734 2453 4787; x_wconf 83' lang='grc' dir='ltr'><strong>τὸ</strong></span> <span class='ocrx_word' id='word_1_771' title='bbox 2494 4732 2783 4803; x_wconf 84' lang='grc' dir='ltr'>ὑπερέχον,</span> <span class='ocrx_word' id='word_1_772' title='bbox 2829 4731 3011 4800; x_wconf 78' lang='grc' dir='ltr'>πολλῷ</span> <span class='ocrx_word' id='word_1_773' title='bbox 3058 4731 3370 4801; x_wconf 81' lang='grc' dir='ltr'>κρείττονος</span> <span class='ocrx_word' id='word_1_774' title='bbox 3416 4730 3624 4802; x_wconf 75' lang='grc' dir='ltr'>λήξεως</span> <span class='ocrx_word' id='word_1_775' title='bbox 3668 4732 3731 4786; x_wconf 80' lang='grc' dir='ltr'><strong>τὸ</strong></span> 
     </span>
    </p>
   </div>
   <div class='ocr_carea' id='block_1_106' title="bbox 2141 4818 3731 4895">
    <p class='ocr_par' dir='ltr' id='par_1_106' title="bbox 2141 4818 3731 4895">
     <span class='ocr_line' id='line_1_107' title="bbox 2141 4818 3731 4895; baseline -0.001 -16"><span class='ocrx_word' id='word_1_776' title='bbox 2141 4825 2251 4889; x_wconf 75' lang='grc' dir='ltr'><strong>ζῶν</strong></span> <span class='ocrx_word' id='word_1_777' title='bbox 2294 4826 2389 4879; x_wconf 73' lang='grc' dir='ltr'>τοῦ</span> <span class='ocrx_word' id='word_1_778' title='bbox 2421 4818 2744 4895; x_wconf 64' lang='grc' dir='ltr'>τεθνηκότος</span> <span class='ocrx_word' id='word_1_779' title='bbox 2776 4822 3053 4891; x_wconf 72' lang='grc' dir='ltr'>ἀξιοῦται’</span> <span class='ocrx_word' id='word_1_780' title='bbox 3104 4822 3301 4876; x_wconf 71' lang='grc' dir='ltr'>οὐκοῦν</span> <span class='ocrx_word' id='word_1_781' title='bbox 3344 4823 3571 4893; x_wconf 84' lang='grc' dir='ltr'>ἄμεινον</span> <span class='ocrx_word' id='word_1_782' title='bbox 3623 4825 3731 4878; x_wconf 79' lang='grc' dir='ltr'><strong>ἀπὸ</strong></span> 
     </span>
    </p>
   </div>
   <div class='ocr_carea' id='block_1_107' title="bbox 2140 4915 3731 4988">
    <p class='ocr_par' dir='ltr' id='par_1_107' title="bbox 2140 4915 3731 4988">
     <span class='ocr_line' id='line_1_108' title="bbox 2140 4915 3731 4988; baseline -0.001 -16"><span class='ocrx_word' id='word_1_783' title='bbox 2140 4918 2233 4972; x_wconf 82' lang='grc' dir='ltr'>τοῦ</span> <span class='ocrx_word' id='word_1_784' title='bbox 2260 4919 2589 4988; x_wconf 73' lang='grc' dir='ltr'>γράμματος</span> <span class='ocrx_word' id='word_1_785' title='bbox 2627 4917 2719 4969; x_wconf 73' lang='grc' dir='ltr'><strong>ἐπὶ</strong></span> <span class='ocrx_word' id='word_1_786' title='bbox 2749 4917 2807 4969; x_wconf 78' lang='grc' dir='ltr'>τὸ</span> <span class='ocrx_word' id='word_1_787' title='bbox 2836 4915 3055 4985; x_wconf 81' lang='grc' dir='ltr'>πνεῦμα</span> <span class='ocrx_word' id='word_1_788' title='bbox 3079 4919 3300 4987; x_wconf 88' lang='grc' dir='ltr'>χωρεῖν,</span> <span class='ocrx_word' id='word_1_789' title='bbox 3337 4918 3434 4969; x_wconf 69' lang='grc' dir='ltr'><strong>καὶ</strong></span> <span class='ocrx_word' id='word_1_790' title='bbox 3468 4916 3606 4987; x_wconf 78' lang='grc' dir='ltr'>πρὸς</span> <span class='ocrx_word' id='word_1_791' title='bbox 3630 4919 3731 4987; x_wconf 75' lang='grc' dir='ltr'><strong>τὴν</strong></span> 
     </span>
    </p>
   </div>
   <div class='ocr_carea' id='block_1_108' title="bbox 2139 5006 3731 5080">
    <p class='ocr_par' dir='ltr' id='par_1_108' title="bbox 2139 5006 3731 5080">
     <span class='ocr_line' id='line_1_109' title="bbox 2139 5006 3731 5080; baseline -0.003 -16"><span class='ocrx_word' id='word_1_792' title='bbox 2139 5011 2247 5064; x_wconf 81' lang='grc' dir='ltr'><strong>τῶν</strong></span> <span class='ocrx_word' id='word_1_793' title='bbox 2279 5010 2486 5080; x_wconf 80' lang='grc' dir='ltr'>νοητῶν</span> <span class='ocrx_word' id='word_1_794' title='bbox 2537 5007 2907 5079; x_wconf 83' lang='grc' dir='ltr'>ἀναφέρεσθαι</span> <span class='ocrx_word' id='word_1_795' title='bbox 2955 5006 3211 5078; x_wconf 88' lang='grc' dir='ltr'>θεωρίαν.</span> <span class='ocrx_word' id='word_1_796' title='bbox 3262 5006 3576 5078; x_wconf 79' lang='grc' dir='ltr'>Ἐμάθομεν</span> <span class='ocrx_word' id='word_1_797' title='bbox 3616 5009 3731 5060; x_wconf 73' lang='grc' dir='ltr'>τοίι-</span> 
     </span>
    </p>
   </div>
   <div class='ocr_carea' id='block_1_109' title="bbox 2141 5098 3731 5174">
    <p class='ocr_par' dir='ltr' id='par_1_109' title="bbox 2141 5098 3731 5174">
     <span class='ocr_line' id='line_1_110' title="bbox 2141 5098 3731 5174; baseline -0.004 -14"><span class='ocrx_word' id='word_1_798' title='bbox 2141 5124 2234 5160; x_wconf 91' lang='grc' dir='ltr'><strong>νυν</strong></span> <span class='ocrx_word' id='word_1_799' title='bbox 2266 5104 2374 5159; x_wconf 82' lang='grc' dir='ltr'>ἀπὸ</span> <span class='ocrx_word' id='word_1_800' title='bbox 2399 5104 2507 5157; x_wconf 85' lang='grc' dir='ltr'><strong>τῶν</strong></span> <span class='ocrx_word' id='word_1_801' title='bbox 2536 5102 2698 5174; x_wconf 87' lang='grc' dir='ltr'>ἱερῶν</span> <span class='ocrx_word' id='word_1_802' title='bbox 2730 5101 2942 5170; x_wconf 88' lang='grc' dir='ltr'>Λογίων</span> <span class='ocrx_word' id='word_1_803' title='bbox 2967 5100 3135 5163; x_wconf 90' lang='grc' dir='ltr'>κύνας</span> <span class='ocrx_word' id='word_1_804' title='bbox 3174 5099 3275 5168; x_wconf 85' lang='grc' dir='ltr'><strong>μέν</strong></span> <span class='ocrx_word' id='word_1_805' title='bbox 3308 5102 3435 5162; x_wconf 73' lang='grc' dir='ltr'>τοὺς</span> <span class='ocrx_word' id='word_1_806' title='bbox 3464 5100 3524 5164; x_wconf 82' lang='grc' dir='ltr'><strong>ἐξ</strong></span> <span class='ocrx_word' id='word_1_807' title='bbox 3556 5098 3731 5153; x_wconf 83' lang='grc' dir='ltr'>ἐθνῶν</span> 
     </span>
    </p>
   </div>
   <div class='ocr_carea' id='block_1_110' title="bbox 2142 5192 3731 5268">
    <p class='ocr_par' dir='ltr' id='par_1_110' title="bbox 2142 5192 3731 5268">
     <span class='ocr_line' id='line_1_111' title="bbox 2142 5192 3731 5268; baseline -0.004 -16"><span class='ocrx_word' id='word_1_808' title='bbox 2142 5196 2528 5268; x_wconf 87' lang='grc' dir='ltr'>καλουμένους.</span> <span class='ocrx_word' id='word_1_809' title='bbox 2567 5194 2844 5266; x_wconf 75' lang='grc' dir='ltr'>βασιλικὸν</span> <span class='ocrx_word' id='word_1_810' title='bbox 2889 5194 2945 5246; x_wconf 79' lang='grc' dir='ltr'>δὲ</span> <span class='ocrx_word' id='word_1_811' title='bbox 2980 5194 3070 5245; x_wconf 65' lang='grc' dir='ltr'><strong>καὶ</strong></span> <span class='ocrx_word' id='word_1_812' title='bbox 3104 5192 3416 5263; x_wconf 81' lang='grc' dir='ltr'>περιούσιον</span> <span class='ocrx_word' id='word_1_813' title='bbox 3445 5192 3503 5244; x_wconf 84' lang='grc' dir='ltr'>ὃν</span> <span class='ocrx_word' id='word_1_814' title='bbox 3540 5192 3609 5245; x_wconf 85' lang='grc' dir='ltr'>ἂν</span> <span class='ocrx_word' id='word_1_815' title='bbox 3650 5193 3731 5246; x_wconf 79' lang='grc' dir='ltr'><strong>εξ-</strong></span> 
     </span>
    </p>
   </div>
   <div class='ocr_carea' id='block_1_111' title="bbox 2141 5283 3729 5354">
    <p class='ocr_par' dir='ltr' id='par_1_111' title="bbox 2141 5283 3729 5354">
     <span class='ocr_line' id='line_1_112' title="bbox 2141 5283 3729 5354; baseline -0.006 -10"><span class='ocrx_word' id='word_1_816' title='bbox 2141 5291 2409 5345; x_wconf 85' lang='grc' dir='ltr'>κονίσειεν</span> <span class='ocrx_word' id='word_1_817' title='bbox 2431 5292 2458 5342; x_wconf 91' lang='grc' dir='ltr'>ὁ</span> <span class='ocrx_word' id='word_1_818' title='bbox 2481 5288 2637 5349; x_wconf 84' lang='grc' dir='ltr'>λέων,</span> <span class='ocrx_word' id='word_1_819' title='bbox 2656 5286 2745 5340; x_wconf 78' lang='grc' dir='ltr'><strong>τὸν</strong></span> <span class='ocrx_word' id='word_1_820' title='bbox 2777 5286 3068 5339; x_wconf 67' lang='grc' dir='ltr'>Ἰουδαῖκδιν</span> <span class='ocrx_word' id='word_1_821' title='bbox 3088 5284 3561 5354; x_wconf 75' lang='grc' dir='ltr'>ἐπονομαζόμενον</span> <span class='ocrx_word' id='word_1_822' title='bbox 3578 5283 3729 5340; x_wconf 64' lang='grc' dir='ltr'>λαόν,</span> 
     </span>
    </p>
   </div>
   <div class='ocr_carea' id='block_1_112' title="bbox 2141 5374 3733 5454">
    <p class='ocr_par' dir='ltr' id='par_1_112' title="bbox 2141 5374 3733 5454">
     <span class='ocr_line' id='line_1_113' title="bbox 2141 5374 3733 5454; baseline -0.006 -15"><span class='ocrx_word' id='word_1_823' title='bbox 2141 5385 2306 5454; x_wconf 80' lang='grc' dir='ltr'>Λέγει</span> <span class='ocrx_word' id='word_1_824' title='bbox 2334 5383 2465 5452; x_wconf 85' lang='grc' dir='ltr'><strong>γοὺν</strong></span> <span class='ocrx_word' id='word_1_825' title='bbox 2489 5383 2517 5434; x_wconf 93' lang='lat'><strong>6</strong></span> <span class='ocrx_word' id='word_1_826' title='bbox 2547 5374 2983 5451; x_wconf 78' lang='grc' dir='ltr'>Ἐκκλησιαστής</span> <span class='ocrx_word' id='word_1_827' title='bbox 3005 5395 3019 5407; x_wconf 81' lang='grc'><strong>’</strong></span> <span class='ocrx_word' id='word_1_828' title='bbox 3045 5398 3062 5430; x_wconf 80' lang='grc' dir='ltr'><strong>ι</strong></span> <span class='ocrx_word' id='word_1_829' title='bbox 3087 5378 3198 5431; x_wconf 68' lang='lat' dir='ltr'><strong>Kal.</strong></span> <span class='ocrx_word' id='word_1_830' title='bbox 3220 5378 3331 5446; x_wconf 80' lang='grc' dir='ltr'><strong>γὰρ</strong></span> <span class='ocrx_word' id='word_1_831' title='bbox 3362 5378 3514 5449; x_wconf 83' lang='grc' dir='ltr'>αὑτῷ</span> <span class='ocrx_word' id='word_1_832' title='bbox 3542 5377 3605 5431; x_wconf 81' lang='grc' dir='ltr'><strong>τὸ</strong></span> <span class='ocrx_word' id='word_1_833' title='bbox 3632 5380 3733 5449; x_wconf 80' lang='grc' dir='ltr'>τῆς</span> 
     </span>
    </p>
   </div>
   <div class='ocr_carea' id='block_1_113' title="bbox 2144 5469 3733 5546">
    <p class='ocr_par' dir='ltr' id='par_1_113' title="bbox 2144 5469 3733 5546">
     <span class='ocr_line' id='line_1_114' title="bbox 2144 5469 3733 5546; baseline 0 -20"><span class='ocrx_word' id='word_1_834' title='bbox 2144 5474 2336 5544; x_wconf 72' lang='grc' dir='ltr'>σοφίας</span> <span class='ocrx_word' id='word_1_835' title='bbox 2383 5474 2629 5546; x_wconf 77' lang='grc' dir='ltr'>χάρισμα</span> <span class='ocrx_word' id='word_1_836' title='bbox 2670 5472 2804 5543; x_wconf 75' lang='grc' dir='ltr'>πρὸς</span> <span class='ocrx_word' id='word_1_837' title='bbox 2861 5473 2928 5524; x_wconf 74' lang='grc' dir='ltr'>τὰ</span> <span class='ocrx_word' id='word_1_838' title='bbox 2961 5471 3205 5542; x_wconf 87' lang='grc' dir='ltr'>παρόντα</span> <span class='ocrx_word' id='word_1_839' title='bbox 3249 5472 3341 5523; x_wconf 71' lang='grc' dir='ltr'><strong>καὶ</strong></span> <span class='ocrx_word' id='word_1_840' title='bbox 3386 5469 3451 5542; x_wconf 81' lang='grc' dir='ltr'>δὴ</span> <span class='ocrx_word' id='word_1_841' title='bbox 3479 5470 3548 5524; x_wconf 79' lang='grc' dir='ltr'>τὰ</span> <span class='ocrx_word' id='word_1_842' title='bbox 3593 5470 3733 5540; x_wconf 72' lang='grc' dir='ltr'>ιρθὰ-</span> 
     </span>
    </p>
   </div>
   <div class='ocr_carea' id='block_1_114' title="bbox 2145 5563 3730 5639">
    <p class='ocr_par' dir='ltr' id='par_1_114' title="bbox 2145 5563 3730 5639">
     <span class='ocr_line' id='line_1_115' title="bbox 2145 5563 3730 5639; baseline -0.002 -18"><span class='ocrx_word' id='word_1_843' title='bbox 2145 5583 2316 5621; x_wconf 87' lang='grc' dir='ltr'>σαντα</span> <span class='ocrx_word' id='word_1_844' title='bbox 2362 5568 2457 5619; x_wconf 79' lang='grc' dir='ltr'><strong>καὶ</strong></span> <span class='ocrx_word' id='word_1_845' title='bbox 2491 5566 2629 5639; x_wconf 85' lang='grc' dir='ltr'>πρός</span> <span class='ocrx_word' id='word_1_846' title='bbox 2670 5581 2733 5634; x_wconf 87' lang='grc' dir='ltr'><strong>γε</strong></span> <span class='ocrx_word' id='word_1_847' title='bbox 2785 5563 2854 5617; x_wconf 72' lang='grc' dir='ltr'>τὰ</span> <span class='ocrx_word' id='word_1_848' title='bbox 2906 5563 3169 5634; x_wconf 80' lang='grc' dir='ltr'>μέλλοντα</span> <span class='ocrx_word' id='word_1_849' title='bbox 3230 5564 3597 5618; x_wconf 80' lang='grc' dir='ltr'>πλατύνεσθαι</span> <span class='ocrx_word' id='word_1_850' title='bbox 3632 5566 3730 5618; x_wconf 80' lang='grc' dir='ltr'>καὶ</span> 
     </span>
    </p>
   </div>
   <div class='ocr_carea' id='block_1_115' title="bbox 2143 5656 3731 5731">
    <p class='ocr_par' dir='ltr' id='par_1_115' title="bbox 2143 5656 3731 5731">
     <span class='ocr_line' id='line_1_116' title="bbox 2143 5656 3731 5731; baseline -0.003 -18"><span class='ocrx_word' id='word_1_851' title='bbox 2143 5658 2683 5731; x_wconf 84' lang='grc' dir='ltr'>συμπαρατείνεσθαι</span> <span class='ocrx_word' id='word_1_852' title='bbox 2707 5657 2890 5710; x_wconf 77' lang='grc' dir='ltr'>θεόθεν</span> <span class='ocrx_word' id='word_1_853' title='bbox 2918 5656 3189 5727; x_wconf 85' lang='grc' dir='ltr'>ἐδωρήθη.</span> <span class='ocrx_word' id='word_1_854' title='bbox 3218 5676 3236 5708; x_wconf 70' lang='grc' dir='ltr'><strong>ι</strong></span> <span class='ocrx_word' id='word_1_855' title='bbox 3264 5656 3427 5724; x_wconf 85' lang='grc' dir='ltr'>Λέγει</span> <span class='ocrx_word' id='word_1_856' title='bbox 3453 5659 3631 5710; x_wconf 80' lang='grc' dir='ltr'>τοίνυν</span> <span class='ocrx_word' id='word_1_857' title='bbox 3653 5658 3731 5721; x_wconf 64' lang='grc' dir='ltr'>ὡς</span> 
     </span>
    </p>
   </div>
   <div class='ocr_carea' id='block_1_116' title="bbox 2141 5746 3729 5818">
    <p class='ocr_par' dir='ltr' id='par_1_116' title="bbox 2141 5746 3729 5818">
     <span class='ocr_line' id='line_1_117' title="bbox 2141 5746 3729 5818; baseline -0.003 -14"><span class='ocrx_word' id='word_1_858' title='bbox 2141 5753 2169 5804; x_wconf 94' lang='lat'><strong>6</strong></span> <span class='ocrx_word' id='word_1_859' title='bbox 2197 5750 2364 5815; x_wconf 86' lang='grc' dir='ltr'>κύων,</span> <span class='ocrx_word' id='word_1_860' title='bbox 2405 5748 2681 5801; x_wconf 88' lang='grc' dir='ltr'>τουτέστιν</span> <span class='ocrx_word' id='word_1_861' title='bbox 2720 5749 2747 5800; x_wconf 94' lang='lat'><strong>6</strong></span> <span class='ocrx_word' id='word_1_862' title='bbox 2781 5747 2839 5814; x_wconf 87' lang='grc' dir='ltr'><strong>ἐξ</strong></span> <span class='ocrx_word' id='word_1_863' title='bbox 2879 5746 3046 5799; x_wconf 81' lang='grc' dir='ltr'>ἐθνῶν</span> <span class='ocrx_word' id='word_1_864' title='bbox 3078 5746 3363 5817; x_wconf 82' lang='grc' dir='ltr'>ἄνθρωπος</span> <span class='ocrx_word' id='word_1_865' title='bbox 3409 5747 3589 5811; x_wconf 72' lang='grc' dir='ltr'>(τοῦτο</span> <span class='ocrx_word' id='word_1_866' title='bbox 3618 5749 3729 5818; x_wconf 69' lang='grc' dir='ltr'><strong>γὰρ</strong></span> 
     </span>
    </p>
   </div>
   <div class='ocr_carea' id='block_1_117' title="bbox 2144 5837 3729 5911">
    <p class='ocr_par' dir='ltr' id='par_1_117' title="bbox 2144 5837 3729 5911">
     <span class='ocr_line' id='line_1_118' title="bbox 2144 5837 3729 5911; baseline -0.002 -16"><span class='ocrx_word' id='word_1_867' title='bbox 2144 5841 2309 5895; x_wconf 75' lang='grc' dir='ltr'>αὑτὸν</span> <span class='ocrx_word' id='word_1_868' title='bbox 2337 5839 2615 5895; x_wconf 82' lang='grc' dir='ltr'>καλεῖσθαι</span> <span class='ocrx_word' id='word_1_869' title='bbox 2639 5840 2725 5894; x_wconf 80' lang='grc' dir='ltr'>διὰ</span> <span class='ocrx_word' id='word_1_870' title='bbox 2743 5840 2837 5910; x_wconf 77' lang='grc' dir='ltr'>τῆς</span> <span class='ocrx_word' id='word_1_871' title='bbox 2863 5838 3175 5901; x_wconf 74' lang='grc' dir='ltr'>Χαναναίας</span> <span class='ocrx_word' id='word_1_872' title='bbox 3198 5837 3612 5911; x_wconf 72' lang='grc' dir='ltr'>διδασκόμεθα),</span> <span class='ocrx_word' id='word_1_873' title='bbox 3635 5842 3729 5892; x_wconf 66' lang='grc' dir='ltr'><strong>ἐὰν</strong></span> 
     </span>
    </p>
   </div>
  </div>
