4144 6472
378 341 486 407 417

1272 342 1373 401 AD
1405 339 2002 401 AMPHILOCHIUM
2040 340 2390 413 QU/ESTIO
2426 345 2582 421 LXI,
2622 349 2811 415 LXII.

3557 349 3664 415 418

378 459 540 515 αὐτὸν
571 459 605 532 ἡ
637 456 779 512 κατὰ
807 456 903 521 τάς
952 455 1155 527 ἀρετὰς
1184 455 1297 527 ζωὴ
1330 457 1405 526 μὴ
1433 455 1716 519 παντελῶς
1740 455 1966 508 καταλί-

2073 472 2237 527 quam
2278 474 2407 513 eum
2439 462 2531 531 qui
2565 477 2631 518 ex
2656 465 2807 535 regio
2831 462 3047 535 quidem
3070 472 3127 519 et
3143 462 3311 519 nobili
3331 477 3533 534 genere
3564 463 3661 519 Ju-

378 572 494 617 ποι,
524 547 680 617 οὗτος
714 552 780 605 ἂν
827 550 1047 613 ἐλπίδας
1082 550 1171 620 εἴη
1220 550 1475 620 παρέχων
1524 548 1723 620 μᾶλλον
1752 548 1828 611 ὡς
1869 549 1970 618 τῆς

377 645 716 717 ἀγαθότητος
738 644 840 698 οὐκ
867 646 1207 707 ἐκπεσεῖται,
1240 643 1273 712 ἦ
1294 644 1322 696 6
1344 645 1409 696 ἐκ
1432 641 1528 697 τοῦ
1561 640 1845 711 βασιλικοῦ
1874 641 1973 713 μὲν

378 741 476 794 καὶ
508 738 719 807 γαύρου
765 736 959 805 γένους
1012 736 1122 789 τῶν
1167 736 1463 803 Ἰουδαίων,
1512 734 1707 805 νεκρὸς
1752 734 1809 788 δὲ
1857 737 1973 797 τοῖς

377 829 769 902 κατορθώμασι
814 828 1090 899 κείμενος.
1136 828 1195 881 '0
1244 829 1343 897 μὲν
1388 827 1498 899 γάρ
1534 826 1637 897 τῆς
1686 826 1972 897 ἀμείνονος

380 922 624 996 μετέχων
661 921 808 992 ζωῆς
858 920 1083 984 ἐλπίδας
1115 919 1388 974 ὑποτείνει
1427 919 1520 973 καὶ
1562 919 1699 991 πρὸς
1748 917 1849 989 τὴν
1879 934 1971 971 τε-

376 1018 632 1088 λειότητα
655 1017 763 1070 τῶν
784 1015 1231 1087 κατορθωμάτων
1249 1015 1585 1087 ἀναδραμεῖν
1603 1029 1615 1043 ο
1639 1015 1669 1067 6
1690 1013 1747 1067 δὲ
1770 1011 1973 1085 νεκρὰν

379 1104 564 1176 φέρων
593 1105 653 1158 ἐν
684 1102 864 1172 ἐαυτῷ
905 1103 1015 1157 τῶν
1047 1103 1263 1175 ἀρετῶν
1285 1104 1386 1175 τὴν
1424 1103 1731 1176 ἐνέργειαν,
1764 1105 1860 1160 καὶ
1880 1103 1973 1159 διὰ

377 1197 539 1251 τοῦτο
566 1200 784 1269 νεκροῖς
819 1196 893 1250 ὢν
942 1196 1261 1268 ἐναρίθμιος
1292 1197 1468 1269 μάτην
1508 1198 1601 1251 τὸν
1644 1197 1838 1252 λέοντα
1872 1214 1972 1268 με-

376 1289 663 1358 γαλαυχεί,
711 1286 810 1358 τῆς
842 1285 1110 1355 ἀληθινῆς
1140 1286 1286 1357 ζωῆς
1334 1288 1481 1357 ίχνος
1518 1287 1671 1340 οὐδὲν
1710 1287 1973 1358 ἐπιφερό-

379 1399 562 1456 μενος.
596 1381 705 1434 Nai
732 1382 840 1452 μὴν
866 1381 959 1434 καὶ
978 1381 1009 1431 6
1041 1379 1398 1450 νομιζόμενος
1424 1378 1734 1450 ἀκάθαρτος
1763 1379 1972 1450 ἀνθρω-

378 1494 502 1540 πος,
529 1475 625 1530 ἀτε
653 1473 717 1546 δὴ
750 1475 870 1537 ταῖς
905 1472 1206 1544 ἁμαρτίαις
1251 1470 1460 1541 ῥυπῶν,
1498 1473 1590 1525 καὶ
1618 1473 1715 1541 τῆς
1741 1472 1829 1525 διὰ
1861 1473 1969 1524 τῶν

378 1570 593 1643 ἀρετῶν
645 1568 1095 1639 ἀπεστερημένος
1144 1565 1544 1637 καθαρότητος,
1599 1560 1754 1630 οὗτος
1780 1566 1842 1637 δὴ
1874 1565 1970 1620 δά-

377 1681 543 1737 κρυσι
574 1663 671 1718 καὶ
703 1661 1043 1734 μεταμελείᾳ
1071 1662 1180 1715 τῶν
1207 1660 1398 1715 παθῶν
1424 1661 1516 1715 τὸν
1549 1661 1811 1734 βόρϐορον
1834 1664 1971 1717 ἀπο-

381 1757 746 1827 πλυνάμενος,
775 1753 871 1808 τοῦ
904 1754 1229 1827 φαινομένου
1277 1756 1516 1826 μεγάλου
1548 1757 1644 1810 καὶ
1680 1758 1802 1820 ταῖς
1833 1758 1968 1829 ἀρε-

2070 551 2340 616 daeorum,
2393 564 2649 612 mortuus
2710 567 2895 613 autem
2950 558 3251 614 virtutibus
3286 558 3503 629 jacens.
3565 559 3662 614 me

2069 647 2215 701 enim
2249 648 2494 704 melioris
2526 652 2802 721 particeps
2833 654 2959 708 vita:
2997 669 3149 722 spem
3182 653 3464 723 protendit
3509 668 3571 709 se
3610 665 3667 708 et

2071 741 2138 795 ad
2175 743 2568 812 perfectionem
2598 745 2860 800 virtutum
2890 762 3220 814 cursurum;
3249 747 3339 802 hic
3356 762 3488 802 vero
3512 762 3666 802 mor-

2072 845 2223 891 tuam
2259 838 2443 892 ferens
2474 837 2529 893 in
2570 838 2874 908 semetipoo
2932 839 3198 893 virtutum
3240 839 3374 904 vim,
3416 847 3473 894 et
3535 855 3667 910 pro-

2071 933 2196 997 pter
2239 926 2345 982 boc
2375 936 2626 983 mortuos
2653 928 2797 983 inter
2834 937 3190 998 compntatus
3217 927 3423 985 frustra
3450 930 3665 985 leonem

2072 1020 2309 1091 superbe
2346 1020 2480 1088 agit,
2517 1035 2660 1075 verre
2684 1021 2808 1076 vitae
2828 1020 3123 1092 vestigium
3159 1020 3373 1075 nullum
3404 1020 3663 1078 all‘erens.

2073 1110 2219 1168 Sane
2268 1112 2527 1183 equidem
2567 1122 2622 1168 et
2663 1122 3013 1185 respectatus
3061 1114 3312 1184 impurus
3339 1114 3529 1181 homo,
3577 1124 3667 1171 ut-

2071 1215 2197 1275 pote
2226 1204 2468 1274 peccatis
2502 1205 2850 1274 inquinatus,
2880 1215 2935 1259 et
2964 1222 3029 1260 ea
3055 1221 3181 1277 qum
3204 1221 3302 1277 per
3326 1206 3561 1263 virtutes
3582 1215 3668 1263 est

2069 1299 2371 1355 destitutus
2426 1299 2721 1364 munditie,
2780 1299 2871 1354 hic
2925 1300 3189 1372 lacrymis
3244 1307 3303 1355 et
3347 1300 3667 1371 pmnitentia

2072 1393 2395 1461 passionum
2442 1392 2618 1448 lutum
2673 1408 2802 1449 cum
2860 1394 3119 1458 abfuerit,
3164 1408 3232 1449 eo
3299 1393 3392 1463 qui
3441 1393 3659 1448 videtur

2071 1500 2306 1554 magnus
2336 1494 2391 1540 et
2420 1494 2639 1555 propter
2667 1487 2900 1543 virtutes
2922 1486 3198 1557 gloriosus
3233 1488 3439 1543 sentire
3469 1485 3658 1558 gravia

2072 1582 2127 1627 et
2178 1573 2327 1643 regia
2358 1588 2502 1643 saepe
2552 1574 2810 1630 inventus
2844 1584 2930 1630 est
2970 1573 3186 1641 melior,
3230 1583 3285 1629 et
3315 1574 3433 1645 ipse
3466 1575 3661 1630 sordes

2072 1676 2422 1737 peccatorum
2462 1668 2829 1723 continuitate
2858 1668 3168 1723 curationis
3203 1667 3508 1724 abstersus.
3562 1666 3666 1735 Qui

2072 1769 2257 1813 autem
2295 1758 2423 1813 fuco
2470 1759 2737 1814 virtutum
2796 1759 2848 1815 in
2884 1760 3096 1815 leonem
3147 1760 3328 1830 pictus
3369 1768 3473 1826 est,
3523 1774 3669 1831 saepe

376 1850 497 1913 ταῖς
544 1847 858 1919 ἐπηρμένου
921 1848 1138 1919 φρονεῖν
1184 1848 1496 1918 ὑπέρογκον
1543 1849 1640 1902 καὶ
1689 1848 1970 1920 βασιλικὸν

2075 1850 2307 1905 insanus
2340 1850 2521 1906 factus
2551 1851 2833 1907 inflatione
2886 1852 3137 1920 spiritus,
3187 1851 3431 1921 deiectus
3462 1860 3550 1909 est
3594 1853 3665 1906 ah

378 1941 642 2005 πολλάκις
698 1939 898 2012 εὑρέθη
961 1942 1251 2011 κρείττων,
1286 1945 1383 1994 καὶ
1435 1942 1600 2005 αὐτὸς
1660 1941 1758 2005 τὰς
1808 1942 1973 2006 οὐλὰς

376 2034 489 2088 τῶν
527 2034 944 2104 ἁμαρτημάτων
967 2035 1033 2103 τῇ
1072 2033 1327 2104 συνεχείᾳ
1356 2032 1457 2103 τῆς
1488 2032 1789 2105 θεραπείας
1824 2034 1972 2087 ἀπαέ

376 2131 726 2203 λειψάμενος.
771 2129 829 2184 '0
861 2130 919 2184 δέ
962 2146 1027 2199 γε
1062 2129 1140 2199 τῷ
1190 2127 1445 2199 χρώματι
1491 2128 1599 2182 τῶν
1646 2129 1859 2199 ἀρετῶν
1890 2130 1972 2192 είς

376 2226 568 2280 λέοντα
602 2223 1087 2297 ζωγραφούμενος,
1134 2221 1397 2285 πολλάκις
1432 2221 1736 2292 χαυνωθεὶς
1764 2219 1843 2291 τῷ
1872 2238 1972 2290 φυ-

379 2319 583 2390 σήματι
603 2316 697 2369 τοῦ
726 2317 1095 2386 φρονήματος,
1123 2315 1442 2386 κατερράγη
1470 2331 1530 2367 τε
1553 2313 1648 2366 τοῦ
1671 2314 1967 2384 φρυάγμα-

375 2430 469 2477 τος
503 2411 601 2465 καὶ
627 2409 821 2484 νεκρὸς
855 2409 1095 2477 ἐγένετο,
1127 2409 1225 2479 τῆς
1256 2407 1536 2478 ἁμαρτίας
1567 2407 1731 2461 αὑτὸν
1772 2406 1967 2460 ὑποδε-

375 2504 623 2576 ξαμένης
670 2504 784 2569 τοῖς
833 2503 1177 2573 νεκροποιοῐς
1236 2500 1408 2570 αύτῆς
1461 2500 1555 2553 καὶ
1615 2499 1970 2571 νεκροφόροις

377 2596 759 2669 σκηνώμασιν.
791 2594 855 2648 Εἰ
883 2593 1063 2663 βούλει
1093 2593 1154 2647 δὲ
1182 2594 1277 2647 καὶ
1302 2595 1330 2646 6
1354 2592 1443 2647 διὰ
1470 2592 1563 2647 τοῦ
1594 2593 1973 2664 βαπτίσματος

378 2692 462 2753 είς
489 2689 589 2762 τὴν
630 2687 774 2742 κατά
822 2687 1061 2759 Χριστὸν
1096 2684 1243 2756 ζωὴν
1290 2686 1820 2757 ἀναγεγεννημένος,
1866 2686 1970 2740 κᾶν

378 2782 541 2845 κυνὸς
571 2781 869 2851 διεμόρφου
900 2779 1168 2850 πρότερον
1200 2777 1363 2831 αὐτὸν
1395 2776 1661 2842 ἀναίδεια,
1694 2778 1799 2831 κᾶν
1833 2777 1971 2847 πρὸς

378 2877 508 2931 ἄλλο
536 2894 589 2929 τι
622 2875 734 2928 τῶν
768 2874 977 2943 ἀλόγων
1007 2870 1326 2925 διετυποῦτο
1372 2871 1593 2941 ἰδίωμα,
1624 2870 1849 2934 ἐλπίδας
1877 2865 1971 2924 οἷ)-

379 2988 472 3033 τος
501 2970 654 3039 ὅμως
685 2965 987 3039 παρέχεται
1020 2965 1159 3037 πρὸς
1186 2965 1500 3034 ἀγαθότητα
1530 2964 1972 3035 μεταμορφωθῆ-

378 3079 493 3125 ναι,
527 3061 623 3115 καὶ
650 3058 854 3128 ἀγαθὸς
893 3056 1261 3128 χρηματίσαι·
1303 3056 1331 3108 6
1354 3055 1411 3108 δὲ
1450 3054 1656 3126 ταύτης
1689 3055 1791 3125 τῆς
1834 3057 1964 3110 ἀνοι-

2071 1943 2182 1998 alto
2204 1952 2259 1997 et
2286 1950 2538 1997 mortuus
2563 1942 2741 1999 factus
2757 1949 2862 2004 est.
2884 1953 3111 2013 peccato
3138 1943 3319 2014 ipsum
3352 1944 3668 2013 excipiente

2072 2037 2127 2091 in
2169 2038 2443 2092 mortifica
2473 2052 2573 2092 sua
2606 2044 2662 2091 et
2699 2034 2984 2091 mortifera
3015 2036 3353 2092 habitacula.
3384 2036 3443 2091 Si
3477 2046 3663 2091 autem

2070 2132 2176 2195 vis,
2208 2140 2263 2185 et
2292 2131 2385 2200 qui
2413 2146 2507 2200 per
2530 2129 2864 2199 baptismum
2898 2130 2951 2183 in
2979 2130 3142 2183 vitam
3168 2128 3474 2184 secundum
3496 2128 3664 2184 Chri-

2072 2232 2217 2279 stum
2245 2232 2330 2277 est
2356 2232 2745 2293 regeneratus;
2770 2222 2873 2276 etsi
2899 2222 3055 2276 canis
3085 2221 3483 2277 deformaverit
3510 2221 3663 2291 prius

2068 2315 2246 2385 ipsum
2280 2315 2645 2384 impudentia,
2689 2315 2792 2369 etsi
2826 2313 2892 2369 ad
2941 2315 3088 2369 aliud
3119 2314 3397 2384 quoddam
3446 2314 3666 2369 irratio-

2069 2409 2337 2464 nabilium
2374 2407 2674 2478 fingeretur
2718 2409 3001 2478 proprium
3034 2409 3338 2478 exemplar,
3376 2423 3527 2478 spem
3559 2408 3666 2464 isto

2071 2510 2254 2556 tamen
2295 2501 2501 2570 praebet
2534 2501 2600 2555 ad
2634 2500 2938 2556 bonitatem
2993 2501 3447 2556 transformatum
3493 2517 3553 2557 se
3594 2501 3661 2555 iri

2071 2603 2127 2650 et
2156 2593 2359 2648 bonum
2407 2596 2692 2659 futurum;
2727 2593 2823 2663 qui
2864 2604 3049 2648 autem
3097 2594 3203 2649 hac
3244 2593 3663 2665 regeneratione

2076 2683 2283 2739 excidit
2312 2692 2369 2739 et
2398 2684 2526 2740 inde
2554 2685 2914 2755 proveniente
2943 2684 3244 2740 destitutus
3285 2694 3371 2740 est
3392 2685 3525 2749 vita,
3558 2685 3663 2739 etsi

2077 2776 2411 2847 quibusdam
2439 2776 2741 2832 virtutibus
2766 2777 3025 2833 decorari
3070 2777 3324 2831 videatur
3353 2784 3410 2832 et
3439 2777 3665 2848 gloriari

2079 2870 2420 2924 sublimitate
2497 2871 2975 2937 conversationis,
3031 2870 3395 2925 nihilominus
3482 2880 3669 2924 manet

2081 2973 2355 3031 Inoruius,
2383 2974 2440 3019 et
2477 2965 2651 3019 multo
2692 2965 2852 3035 pejus
2897 2980 3033 3020 cane
3062 2964 3288 3035 quidem
3312 2965 3447 3019 olim
3496 2962 3665 3027 facto,

2070 3057 2167 3127 qui
2195 3066 2378 3112 autem
2400 3058 2567 3111 vitam
2611 3057 2875 3112 ferentem
2906 3073 3012 3111 non
3044 3056 3231 3112 amisit
3257 3055 3513 3127 gratiam.

378 3153 695 3224 γεννήσεως
736 3150 989 3205 ἐκπεσὼν
1027 3148 1247 3219 καὶτῆς
1283 3146 1494 3202 ἐκεῖθεν
1525 3148 1978 3219 ἀπεστερημένος
2012 3148 2180 3220 ζωῆς,
2206 3153 2258 3203 εί
2290 3150 2385 3203 καί
2451 3167 2566 3203 τισι
2627 3150 2735 3203 τῶν
2776 3149 2990 3221 ἀρετῶν
3032 3149 3496 3220 ἐπισεμνύνεσθαι
3520 3146 3666 3212 δόξει

380 3249 480 3302 καὶ
508 3246 841 3315 ἐπιγαυριᾷν
884 3244 1183 3314 ἐπηρμένῳ
1223 3240 1318 3295 τοῦ
1362 3239 1781 3312 πολιτεύματος,
1823 3242 1980 3295 ούδὲν
2015 3238 2179 3315 ἦττον
2229 3242 2476 3313 διαμένει
2544 3243 2759 3314 νεκρὸς,
2798 3244 2892 3297 καὶ
2924 3241 3107 3314 πολλῷ
3134 3245 3318 3314 χεῖρον
3347 3239 3442 3294 τοῦ
3504 3238 3669 3302 κυνὸς

393 3343 495 3415 μέν
520 3342 690 3396 πάλαι
721 3338 1026 3409 γεγονότος,
1069 3338 1169 3407 τῆς
1202 3335 1493 3407 ζωηφόρου
1523 3335 1581 3389 δὲ
1632 3334 1709 3407 μὴ
1747 3335 2155 3408 ἀμοιρήσαντος
2188 3338 2432 3408 χάριτος.
3034 3330 3037 3331 ν

949 3451 1285 3506 ΕΡΩΤΗΣΙΣ
1310 3450 1429 3504 EB‘.

388 3573 452 3628 Τί
503 3572 795 3638 βούλεται
851 3565 1084 3634 δηλοῦν
1140 3565 1206 3618 τὸ
1263 3564 1426 3633 παρὰ
1480 3561 1562 3638 τῷ
1619 3563 1974 3638 Ἐκκλησια-

454 3633 575 3711 στῇ
622 3640 812 3709 ῥηθέν
856 3654 869 3666 ·
919 3633 944 3689 ί(
992 3637 1388 3711 ’ᾼσξᾴστειλοτ
1452 3634 1565 3711 τὸν
1612 3633 1798 3711 ἄρτον
1850 3650 1971 3711 σρυ

455 3703 902 3791 ὲπῖπρόσωπρν
935 3707 1040 3761 τοῦ
1073 3706 1313 3791 cautae,
1347 3704 1439 3759 ὅτι
1473 3705 1545 3757 ἐν
1581 3704 1800 3771 ,πλήθει
1852 3703 1974 3758 τῶν

458 3781 693 3854 ἡμερῶν
712 3780 997 3845 εὑρήσεις
1030 3779 1242 3834 αὐτόν.
1270 3794 1287 3827 ι

1996 3434 2047 3497 C

2452 3449 2787 3518 QUAESTIO
2824 3448 2959 3504 an
2987 3448 3088 3522 [αί.
3123 3447 3288 3522 LXI].
3387 3408 3391 3412 ’

2079 3564 2220 3632 Quid
2248 3569 2353 3619 vult
2388 3565 2688 3637 signiﬁcare
2709 3564 2851 3635 quod
2881 3564 3022 3634 apud
3057 3562 3416 3637 Ecclesiasten
3458 3560 3661 3637 dictum

2149 3646 2226 3690 est
2251 3653 2270 3691 :
2305 3656 2322 3687 ι
2363 3634 2513 3689 Mille
2540 3634 2728 3703 panem
2760 3646 2907 3688 timm
2932 3651 3087 3701 super
3115 3634 3307 3705 [aciem
3335 3649 3510 3705 aqum,
3531 3634 3663 3704 quia

2149 3709 2206 3760 in
2238 3706 2577 3761 multitudine
2607 3707 2810 3759 dierum
2836 3706 3063 3759 invenies
3098 3704 3277 3759 illum.
3314 3721 3335 3756 δ

1404 3891 1548 3941 Edita
1580 3906 1607 3940 a
1638 3888 1780 3949 Maio,
1805 3890 1839 3939 1.
1868 3902 1912 3938 c.
1939 3902 1988 3951 ιν.
2014 3888 2179 3939 75-73.
2218 3889 2269 3938 In
2295 3888 2452 3938 Eccle.
2485 3902 2553 3948 xu,
2581 3886 2622 3934 l.

456 4006 531 4059 Τὸ
571 4004 672 4076 τῆς
736 4000 1109 4073 ἐλεημοσύνης
1159 3998 1351 4070 χρῆμα
1392 4000 1482 4053 διὰ
1539 3997 1752 4052 πολλῶν
1810 3995 1972 4049 εἴωθε

381 4093 1028 4171 παραδηλοῦνὴΓραφὴ,
1076 4091 1429 4163 μάλισταςδὲ
1465 4092 1531 4161 τῇ
1584 4088 1820 4160 χορηγίᾳ
1878 4088 1975 4142 καὶ

382 4192 678 4266 μεταδόσει
705 4190 799 4245 τοῦ
832 4189 1031 4259 άρτου·
1064 4186 1160 4240 καὶ
1208 4185 1318 4256 γὰρ
1379 4184 1475 4238 καὶ
1505 4184 1538 4253 ἡ
1564 4182 1757 4235 τούτου
1801 4179 1967 4251 χρεία

378 4287 480 4359 τὴν
542 4283 895 4356 ἀνθρωπίνην
936 4281 1081 4352 ζωὴν
1117 4279 1318 4350 μᾶλλον
1357 4277 1594 4346 συνέχει.
1629 4276 1833 4343 Διόπερ
1864 4273 1974 4326 ἀπὸ

378 4379 476 4433 τοῦ
516 4376 990 4445 συνεκτικωτέρου
1057 4372 1261 4444 μέρους
1289 4370 1382 4424 τοῦ
1404 4370 1596 4439 ἄρτου,
1625 4367 1745 4422 ὅλον
1781 4369 1843 4420 τὸ
1869 4366 1971 4436 τῆς

378 4466 760 4538 ἐλεημοσύνης
812 4463 1147 4537 κατόρθωμα
1213 4460 1597 4530 διαλαμϐάνει.

462 4561 781 4630 Γέγραπται
810 4556 904 4611 οὖν
937 4574 950 4586 ·
988 4577 1007 4611 ι
1056 4554 1369 4627 Διάθρυπτε
1420 4552 1648 4605 πεινῶσι
1690 4551 1782 4604 τὸν
1806 4550 1972 4620 ἄρτον

382 4670 479 4706 σου
495 4668 509 4683 ο
524 4672 541 4704 ι
563 4652 659 4705 καὶ
688 4648 783 4702 νῦν
797 4648 854 4701 δέ
884 4650 911 4700 6
931 4646 1206 4717 Σολομὼν,
1234 4665 1253 4698 ι
1275 4642 1644 4709 Ἀπόστειλον,
1666 4641 1864 4711 λέγων,
1881 4639 1973 4693 τὸν

383 4744 548 4813 ἄρτον
580 4760 671 4796 σου
693 4742 788 4795 ἐπὶ
828 4741 1122 4813 πρόσωπον
1148 4738 1243 4792 τοῦ
1270 4736 1516 4802 ύδατος,»
1540 4735 1641 4807 τὴν
1672 4732 1974 4804 ἐλεημοσύ-

2144 3995 2512 4066 Eleemosynaa
2540 3995 2743 4049 bonum
2783 3991 2971 4045 multis
3004 3990 3145 4043 solet
3179 3986 3472 4042 ostendere
3513 3984 3669 4041 Scri-

2072 4097 2254 4158 ptura,
2278 4085 2583 4156 praesertim
2614 4100 2743 4139 vero
2770 4083 3057 4151 largitione
3083 4092 3136 4136 et
3162 4080 3660 4157 communicatione

2072 4176 2265 4247 panis;
2294 4175 2494 4229 etenim
2521 4183 2574 4228 et
2597 4174 2761 4243 hujus
2791 4187 2925 4226 usus
2964 4171 3262 4224 humanam
3290 4169 3457 4223 vitam
3490 4169 3666 4238 magis

2072 4269 2337 4323 continet.
2368 4265 2495 4321 Ideo
2528 4282 2559 4320 a
2592 4265 2767 4335 magis
2792 4272 3057 4318 consueta
3102 4270 3258 4333 parte
3296 4262 3456 4332 panis
3485 4269 3663 4317 totum

2072 4363 2435 4432 eleemosynae
2476 4360 2678 4413 bonum
2715 4356 2983 4412 desumit.

2148 4541 2430 4611 Scriptum
2461 4547 2548 4594 est
2580 4537 2748 4608 igitur
2778 4553 2793 4589 :
2834 4555 2853 4588 ι
2904 4534 3123 4606 Frange
3161 4534 3538 4591 esurientibus
3565 4549 3665 4604 pa-

2076 4652 2200 4692 nem
2241 4646 2397 4691 tuum
2430 4635 2485 4701 7;
2535 4654 2554 4687 ι
2598 4642 2655 4687 et
2689 4647 2837 4688 nunc
2872 4631 3098 4688 Salomo
3128 4648 3144 4686 :
3183 4649 3203 4683 ι
3239 4629 3413 4693 Mitte,
3450 4629 3664 4696 dicens,

2077 4747 2273 4802 panem
2303 4739 2456 4786 tuum
2487 4744 2653 4799 super
2678 4726 2871 4783 faciem
2902 4742 3115 4797 aqua,»
3149 4726 3551 4796 eleemosynam
3585 4723 3666 4777 si-

381 4855 481 4909 νην
496 4836 787 4907 ἐδήλωσεν,
802 4831 867 4907 ἦς
895 4835 976 4888 δεῖ
990 4832 1225 4904 χορηγὸν
1243 4826 1383 4885 εἶναι
1414 4832 1528 4893 τοῖς
1546 4832 1603 4882 ἐν
1625 4828 1803 4898 ἐνδείᾳ
1835 4826 1968 4879 καθ-

2075 4824 2375 4895 gnificavit,
2406 4823 2567 4893 cujus
2621 4830 2840 4892 Oportet
2887 4820 3275 4875 administrum
3309 4833 3432 4873 esse
3472 4817 3540 4872 iis
3569 4818 3664 4887 qui

380 4929 604 4991 εστῶσι,
634 4932 732 4980 καὶ
760 4927 898 4996 πρὸς
954 4927 1115 4996 χεῖρα
1150 4922 1312 4992 μόνον
1343 4920 1728 4990 φιλάνθρωπον
1757 4919 1970 4989 άφορᾷν

380 5022 483 5091 τὴν
506 5021 698 5075 ἐλπίδα
724 5019 819 5073 τοῦ
840 5018 956 5087 βίου
987 5016 1361 5088 κεκτημένην.
1388 5015 1609 5083 Ταύτην
1625 5013 1683 5066 δέ
1716 5030 1850 5082 φησι
1874 5010 1973 5081 τὴν

380 5113 761 5184 ἐλεημοσύνην
789 5113 854 5164 ἐκ
881 5110 1176 5171 διαθέσεως
1225 5110 1471 5178 προσῆκε
1526 5106 1713 5178 φέρειν
1748 5121 1970 5174 συμπα-

381 5204 510 5266 θοῦς
540 5205 636 5257 καὶ
670 5202 759 5255 διὰ
792 5201 1044 5273 δακρύων
1072 5196 1389 5270 προϊούσης·
1428 5197 1503 5267 μὴ
1546 5196 1730 5267 μέντοι
1782 5210 1845 5262 γε
1876 5192 1973 5264 τὴν

382 5297 480 5352 τοῦ
507 5296 736 5368 πλησίον
768 5294 1058 5365 συμφορὰν
1077 5333 1091 5355 ,
1125 5288 1439 5354 ἐπιδείξεως
1473 5289 1569 5341 καί
1597 5285 1973 5357 μεγαλαυχίας

380 5391 654 5463 ἁρπάζειν
683 5389 963 5444 ὑπόθεσιν.
1001 5386 1062 5440 '0
1089 5384 1199 5455 γὰρ
1227 5381 1467 5445 τοιοῦτος
1492 5380 1593 5434 ούκ
1654 5379 1747 5432 ἐπὶ
1802 5378 1974 5450 πρόσ-

378 5500 535 5537 ωπον
556 5480 651 5536 τοῦ
688 5479 882 5543 ὓδατος
908 5479 1001 5532 τὸν
1033 5477 1198 5548 ἄρτον
1226 5474 1461 5546 ἀφῆκεν,
1493 5471 1608 5526 ἀλλ’
1640 5470 1972 5543 ἐξυϐρισμέ-

391 5594 476 5630 δον
503 5578 571 5648 τῇ
603 5574 950 5647 μεγαλαυχίᾳ
1005 5572 1100 5626 καὶ
1157 5567 1566 5639 λελυμασμένον
1589 5567 1655 5636 τῇ
1681 5562 1973 5634 δοξοκοπίᾳ

387 5668 776 5746 προσέρριψεν.
842 5667 1033 5729 Ἔλεος
1081 5665 1191 5734 γὰρ
1221 5664 1288 5716 δι’
1314 5662 1485 5731 ὄγκου
1537 5659 1632 5714 καὶ
1682 5658 1974 5729 φιλαυτίας

457 5810 479 5839 ⁷
514 5809 620 5864 lsa.
652 5822 809 5871 Lvm,
842 5804 909 5870 7;
949 5803 1142 5857 Matth.
1176 5818 1307 5865 xxv,

668 5901 943 5961 Parnm.
979 5898 1096 5958 Gn.
1132 5895 1228 5957 Cl.

2082 4917 2134 4971 in
2168 4923 2408 4985 egestate
2436 4913 2726 4968 constituti
2760 4922 2913 4976 sunt,
2945 4919 3000 4966 et
3034 4911 3089 4965 in
3127 4924 3292 4964 manu
3327 4917 3540 4963 tantum
3570 4907 3669 4961 be-

2079 5010 2243 5081 nigna
2270 5008 2519 5078 aspicere
2541 5022 2693 5077 spem
2724 5005 2849 5060 vitae
2878 5006 3081 5071 sitam;
3110 5004 3253 5059 hanc
3273 5010 3482 5066 autem,
3504 5000 3661 5065 dicit,

2077 5103 2479 5173 eleemosynam
2518 5116 2585 5155 ex
2624 5100 2992 5170 dispositione
3035 5096 3292 5153 convenit
3331 5094 3475 5149 ferre
3508 5109 3666 5149 com-

2078 5194 2322 5266 patiente
2371 5202 2425 5248 et
2476 5208 2574 5260 per
2624 5191 2899 5263 lacrymas
2949 5188 3255 5260 prodiente,
3311 5201 3422 5240 non
3479 5193 3663 5238 tamen

2080 5282 2315 5354 proximi
2366 5280 2735 5336 calamitatem
2800 5277 3190 5335 ostentationis
3218 5284 3273 5331 et
3320 5272 3667 5347 gloriationis

2076 5375 2323 5445 arripere
2354 5380 2697 5444 praetextum.
2726 5369 2876 5425 Talis
2916 5370 3065 5425 enim
3112 5385 3223 5425 non
3256 5383 3423 5437 super
3466 5366 3664 5422 faciem

2077 5484 2235 5539 aquae
2270 5482 2465 5538 panem
2503 5466 2674 5531 misit,
2705 5466 2801 5520 sed
2836 5463 3039 5533 injuria
3071 5461 3325 5518 affectum
3350 5461 3425 5516 ob
3447 5459 3665 5530 jactan-

2077 5564 2208 5616 tiam
2249 5570 2301 5615 et
2330 5558 2749 5630 pessumdatum
2792 5556 2983 5629 gloria:
3031 5556 3364 5630 appetitione
3410 5552 3664 5626 projccit.

2078 5651 2458 5708 Misericordia
2486 5650 2634 5706 enim
2671 5665 2767 5719 per
2792 5649 2998 5706 fastum
3028 5660 3084 5707 et
3109 5663 3355 5705 amorem
3381 5644 3665 5719 proprium

3232 5876 3306 5937 1's
