  <div class='ocr_page' id='page_1' title='image "/cluster/home/n/w/nwhite01/storage/ocr_20150623/101:no.1/coo.31924054870054/235.png"; bbox 0 0 4144 6436; ppageno 0'>
   <div class='ocr_carea' id='block_1_1' title="bbox 522 330 628 398">
    <p class='ocr_par' dir='ltr' id='par_1_1' title="bbox 522 330 628 398">
     <span class='ocr_line' id='line_1_1' title="bbox 522 330 628 398; baseline 0.047 -5"><span class='ocrx_word' id='word_1_1' title='bbox 522 330 628 398; x_wconf 73' lang='grc'><strong>419</strong></span> 
     </span>
    </p>
   </div>
   <div class='ocr_carea' id='block_1_2' title="bbox 1693 336 2632 399">
    <p class='ocr_par' dir='ltr' id='par_1_2' title="bbox 1693 336 2632 399">
     <span class='ocr_line' id='line_1_2' title="bbox 1693 336 2632 399; baseline -0.001 0"><span class='ocrx_word' id='word_1_2' title='bbox 1693 337 1954 399; x_wconf 85' lang='grc' dir='ltr'><strong>ΡΗΟΤΙΙ</strong></span> <span class='ocrx_word' id='word_1_3' title='bbox 1994 336 2499 399; x_wconf 69' lang='grc' dir='ltr'><strong>ΡΑΤΙὶΙΑΒΟΗΑΞ</strong></span> <span class='ocrx_word' id='word_1_4' title='bbox 2521 337 2632 399; x_wconf 87' lang='lat' dir='ltr'><strong>CP.</strong></span> 
     </span>
    </p>
   </div>
   <div class='ocr_carea' id='block_1_3' title="bbox 3687 344 3797 409">
    <p class='ocr_par' dir='ltr' id='par_1_3' title="bbox 3687 344 3797 409">
     <span class='ocr_line' id='line_1_3' title="bbox 3687 344 3797 409; baseline 0.027 -2"><span class='ocrx_word' id='word_1_5' title='bbox 3687 344 3797 409; x_wconf 73' lang='lat'><strong>420</strong></span> 
     </span>
    </p>
   </div>
   <div class='ocr_carea' id='block_1_4' title="bbox 519 446 2081 533">
    <p class='ocr_par' dir='ltr' id='par_1_4' title="bbox 519 446 2081 523">
     <span class='ocr_line' id='line_1_4' title="bbox 519 446 2081 523; baseline 0.004 -24"><span class='ocrx_word' id='word_1_6' title='bbox 519 456 576 501; x_wconf 77' lang='lat' dir='ltr'><strong>et</strong></span> <span class='ocrx_word' id='word_1_7' title='bbox 599 446 1017 503; x_wconf 83' lang='lat' dir='ltr'><strong>ostentationem</strong></span> <span class='ocrx_word' id='word_1_8' title='bbox 1058 447 1227 503; x_wconf 80' lang='lat' dir='ltr'><strong>eﬂ&#39;usa</strong></span> <span class='ocrx_word' id='word_1_9' title='bbox 1254 488 1269 515; x_wconf 96' lang='lat'><strong>,</strong></span> <span class='ocrx_word' id='word_1_10' title='bbox 1319 448 1373 504; x_wconf 91' lang='lat' dir='ltr'><strong>in</strong></span> <span class='ocrx_word' id='word_1_11' title='bbox 1416 449 1674 520; x_wconf 66' lang='lat' dir='ltr'><strong>injuriam</strong></span> <span class='ocrx_word' id='word_1_12' title='bbox 1722 450 1896 523; x_wconf 89' lang='lat' dir='ltr'><strong>magis</strong></span> <span class='ocrx_word' id='word_1_13' title='bbox 1942 467 2081 523; x_wconf 88' lang='lat' dir='ltr'><strong>quan</strong></span> 
     </span>
    </p>
   </div>
   <div class='ocr_carea' id='block_1_5' title="bbox 2185 446 3795 533">
    <p class='ocr_par' dir='ltr' id='par_1_5' title="bbox 2185 447 3795 533">
     <span class='ocr_line' id='line_1_5' title="bbox 2185 447 3795 533; baseline 0.008 -32"><span class='ocrx_word' id='word_1_14' title='bbox 2185 447 2306 511; x_wconf 52' lang='lat' dir='ltr'><strong>erat</strong></span> <span class='ocrx_word' id='word_1_15' title='bbox 2363 449 2678 516; x_wconf 70' lang='grc' dir='ltr'><strong>ἐπιδείξεως</strong></span> <span class='ocrx_word' id='word_1_16' title='bbox 2729 450 3120 521; x_wconf 84' lang='grc' dir='ltr'>προχεόμενον,</span> <span class='ocrx_word' id='word_1_17' title='bbox 3179 454 3260 517; x_wconf 87' lang='grc' dir='ltr'><strong>είς</strong></span> <span class='ocrx_word' id='word_1_18' title='bbox 3317 454 3476 527; x_wconf 80' lang='grc' dir='ltr'>ὓϐριν</span> <span class='ocrx_word' id='word_1_19' title='bbox 3533 457 3795 533; x_wconf 80' lang='grc' dir='ltr'>μᾶλλονῆ</span> 
     </span>
    </p>
   </div>
   <div class='ocr_carea' id='block_1_6' title="bbox 522 537 2094 611">
    <p class='ocr_par' dir='ltr' id='par_1_6' title="bbox 522 537 2094 611">
     <span class='ocr_line' id='line_1_6' title="bbox 522 537 2094 611; baseline 0.004 -19"><span class='ocrx_word' id='word_1_20' title='bbox 522 539 577 593; x_wconf 91' lang='lat' dir='ltr'><strong>in</strong></span> <span class='ocrx_word' id='word_1_21' title='bbox 606 537 948 608; x_wconf 79' lang='lat' dir='ltr'><strong>refrigerium</strong></span> <span class='ocrx_word' id='word_1_22' title='bbox 973 539 1235 611; x_wconf 91' lang='lat' dir='ltr'><strong>indigenti</strong></span> <span class='ocrx_word' id='word_1_23' title='bbox 1266 540 1713 600; x_wconf 89' lang='lat' dir='ltr'><strong>circumsistitur.</strong></span> <span class='ocrx_word' id='word_1_24' title='bbox 1744 544 1957 600; x_wconf 87' lang='lat' dir='ltr'><strong>Etenim</strong></span> <span class='ocrx_word' id='word_1_25' title='bbox 1986 561 2094 600; x_wconf 93' lang='lat' dir='ltr'><strong>non</strong></span> 
     </span>
    </p>
   </div>
   <div class='ocr_carea' id='block_1_7' title="bbox 521 631 2096 708">
    <p class='ocr_par' dir='ltr' id='par_1_7' title="bbox 521 631 2096 708">
     <span class='ocr_line' id='line_1_7' title="bbox 521 631 2096 708; baseline 0.006 -25"><span class='ocrx_word' id='word_1_26' title='bbox 521 632 799 701; x_wconf 83' lang='lat' dir='ltr'><strong>despicere</strong></span> <span class='ocrx_word' id='word_1_27' title='bbox 826 631 1053 688; x_wconf 86' lang='lat' dir='ltr'><strong>fratrem</strong></span> <span class='ocrx_word' id='word_1_28' title='bbox 1094 642 1335 705; x_wconf 77' lang='lat' dir='ltr'><strong>egestate</strong></span> <span class='ocrx_word' id='word_1_29' title='bbox 1362 646 1775 706; x_wconf 88' lang='lat' dir='ltr'><strong>consumptum,</strong></span> <span class='ocrx_word' id='word_1_30' title='bbox 1819 650 1873 694; x_wconf 93' lang='lat' dir='ltr'><strong>et</strong></span> <span class='ocrx_word' id='word_1_31' title='bbox 1916 637 2096 708; x_wconf 87' lang='lat' dir='ltr'><strong>inopia</strong></span> 
     </span>
    </p>
   </div>
   <div class='ocr_carea' id='block_1_8' title="bbox 521 722 2095 800">
    <p class='ocr_par' dir='ltr' id='par_1_8' title="bbox 521 722 2095 800">
     <span class='ocr_line' id='line_1_8' title="bbox 521 722 2095 800; baseline 0.007 -25"><span class='ocrx_word' id='word_1_32' title='bbox 521 732 857 792; x_wconf 86' lang='lat' dir='ltr'><strong>pereuntem,</strong></span> <span class='ocrx_word' id='word_1_33' title='bbox 888 722 1135 780; x_wconf 81' lang='lat' dir='ltr'><strong>debitum</strong></span> <span class='ocrx_word' id='word_1_34' title='bbox 1161 726 1382 796; x_wconf 86' lang='lat' dir='ltr'><strong>quidem</strong></span> <span class='ocrx_word' id='word_1_35' title='bbox 1407 736 1462 783; x_wconf 92' lang='lat' dir='ltr'><strong>et</strong></span> <span class='ocrx_word' id='word_1_36' title='bbox 1492 729 1733 784; x_wconf 89' lang='lat' dir='ltr'><strong>debitum</strong></span> <span class='ocrx_word' id='word_1_37' title='bbox 1771 729 2095 800; x_wconf 86' lang='lat' dir='ltr'><strong>indepreca-</strong></span> 
     </span>
    </p>
   </div>
   <div class='ocr_carea' id='block_1_9' title="bbox 522 811 2093 885">
    <p class='ocr_par' dir='ltr' id='par_1_9' title="bbox 522 811 2093 885">
     <span class='ocr_line' id='line_1_9' title="bbox 522 811 2093 885; baseline 0.008 -18"><span class='ocrx_word' id='word_1_38' title='bbox 522 811 626 868; x_wconf 91' lang='lat' dir='ltr'><strong>bile</strong></span> <span class='ocrx_word' id='word_1_39' title='bbox 659 824 911 870; x_wconf 89' lang='lat' dir='ltr'><strong>sensatus</strong></span> <span class='ocrx_word' id='word_1_40' title='bbox 936 814 1231 885; x_wconf 89' lang='lat' dir='ltr'><strong>judicabit,</strong></span> <span class='ocrx_word' id='word_1_41' title='bbox 1280 828 1338 876; x_wconf 83' lang='lat' dir='ltr'><strong>et</strong></span> <span class='ocrx_word' id='word_1_42' title='bbox 1366 819 1645 876; x_wconf 89' lang='lat' dir='ltr'><strong>festinabit</strong></span> <span class='ocrx_word' id='word_1_43' title='bbox 1666 823 1948 879; x_wconf 77' lang='lat' dir='ltr'><strong>exsolvere</strong></span> <span class='ocrx_word' id='word_1_44' title='bbox 1994 839 2093 880; x_wconf 91' lang='lat' dir='ltr'><strong>nec</strong></span> 
     </span>
    </p>
   </div>
   <div class='ocr_carea' id='block_1_10' title="bbox 520 904 2091 984">
    <p class='ocr_par' dir='ltr' id='par_1_10' title="bbox 520 904 2091 984">
     <span class='ocr_line' id='line_1_10' title="bbox 520 904 2091 984; baseline 0.009 -26"><span class='ocrx_word' id='word_1_45' title='bbox 520 904 635 959; x_wconf 82' lang='lat' dir='ltr'><strong>ﬁeri</strong></span> <span class='ocrx_word' id='word_1_46' title='bbox 661 905 771 961; x_wconf 92' lang='lat' dir='ltr'><strong>ullo</strong></span> <span class='ocrx_word' id='word_1_47' title='bbox 800 907 962 963; x_wconf 86' lang='lat' dir='ltr'><strong>modo</strong></span> <span class='ocrx_word' id='word_1_48' title='bbox 1010 913 1458 979; x_wconf 87' lang='lat' dir='ltr'><strong>procrastiuator,</strong></span> <span class='ocrx_word' id='word_1_49' title='bbox 1508 913 1736 984; x_wconf 79' lang='lat' dir='ltr'><strong>gloriam</strong></span> <span class='ocrx_word' id='word_1_50' title='bbox 1784 924 1964 971; x_wconf 86' lang='lat' dir='ltr'><strong>autem</strong></span> <span class='ocrx_word' id='word_1_51' title='bbox 1996 931 2091 972; x_wconf 89' lang='lat' dir='ltr'><strong>ve-</strong></span> 
     </span>
    </p>
   </div>
   <div class='ocr_carea' id='block_1_11' title="bbox 519 997 2091 1072">
    <p class='ocr_par' dir='ltr' id='par_1_11' title="bbox 519 997 2091 1072">
     <span class='ocr_line' id='line_1_11' title="bbox 519 997 2091 1072; baseline 0.009 -22"><span class='ocrx_word' id='word_1_52' title='bbox 519 997 638 1051; x_wconf 86' lang='lat' dir='ltr'><strong>nari</strong></span> <span class='ocrx_word' id='word_1_53' title='bbox 670 1008 722 1052; x_wconf 87' lang='lat' dir='ltr'><strong>et</strong></span> <span class='ocrx_word' id='word_1_54' title='bbox 753 998 980 1056; x_wconf 84' lang='lat' dir='ltr'><strong>benefici</strong></span> <span class='ocrx_word' id='word_1_55' title='bbox 1009 1016 1107 1072; x_wconf 91' lang='lat' dir='ltr'><strong>per</strong></span> <span class='ocrx_word' id='word_1_56' title='bbox 1143 1003 1306 1059; x_wconf 86' lang='lat' dir='ltr'><strong>talem</strong></span> <span class='ocrx_word' id='word_1_57' title='bbox 1342 1007 1613 1060; x_wconf 82' lang='lat' dir='ltr'><strong>actionem</strong></span> <span class='ocrx_word' id='word_1_58' title='bbox 1663 1005 1766 1061; x_wconf 84' lang='lat' dir='ltr'><strong>sibi</strong></span> <span class='ocrx_word' id='word_1_59' title='bbox 1806 1022 2091 1064; x_wconf 81' lang='lat' dir='ltr'><strong>assumere</strong></span> 
     </span>
    </p>
   </div>
   <div class='ocr_carea' id='block_1_12' title="bbox 517 1087 2093 1163">
    <p class='ocr_par' dir='ltr' id='par_1_12' title="bbox 517 1087 2093 1163">
     <span class='ocr_line' id='line_1_12' title="bbox 517 1087 2093 1163; baseline 0.01 -22"><span class='ocrx_word' id='word_1_60' title='bbox 517 1087 757 1151; x_wconf 88' lang='lat' dir='ltr'><strong>titulum,</strong></span> <span class='ocrx_word' id='word_1_61' title='bbox 796 1089 1205 1149; x_wconf 87' lang='lat' dir='ltr'><strong>insensatorum</strong></span> <span class='ocrx_word' id='word_1_62' title='bbox 1236 1108 1403 1163; x_wconf 80' lang='lat' dir='ltr'><strong>esset,</strong></span> <span class='ocrx_word' id='word_1_63' title='bbox 1429 1108 1480 1152; x_wconf 90' lang='lat' dir='ltr'><strong>et</strong></span> <span class='ocrx_word' id='word_1_64' title='bbox 1512 1100 1717 1153; x_wconf 79' lang='lat' dir='ltr'><strong>bonum</strong></span> <span class='ocrx_word' id='word_1_65' title='bbox 1750 1100 1892 1154; x_wconf 86' lang='lat' dir='ltr'><strong>male</strong></span> <span class='ocrx_word' id='word_1_66' title='bbox 1920 1100 2093 1155; x_wconf 81' lang='lat' dir='ltr'><strong>scien-</strong></span> 
     </span>
    </p>
   </div>
   <div class='ocr_carea' id='block_1_13' title="bbox 516 1179 2091 1259">
    <p class='ocr_par' dir='ltr' id='par_1_13' title="bbox 516 1179 2091 1259">
     <span class='ocr_line' id='line_1_13' title="bbox 516 1179 2091 1259; baseline 0.01 -27"><span class='ocrx_word' id='word_1_67' title='bbox 516 1179 652 1234; x_wconf 91' lang='lat' dir='ltr'><strong>tium</strong></span> <span class='ocrx_word' id='word_1_68' title='bbox 699 1184 982 1253; x_wconf 86' lang='lat' dir='ltr'><strong>prosequi.</strong></span> <span class='ocrx_word' id='word_1_69' title='bbox 1031 1185 1157 1241; x_wconf 89' lang='lat' dir='ltr'><strong>Ideo</strong></span> <span class='ocrx_word' id='word_1_70' title='bbox 1208 1188 1298 1243; x_wconf 94' lang='lat' dir='ltr'><strong>ille</strong></span> <span class='ocrx_word' id='word_1_71' title='bbox 1351 1189 1571 1259; x_wconf 89' lang='lat' dir='ltr'><strong>quidem</strong></span> <span class='ocrx_word' id='word_1_72' title='bbox 1627 1190 1681 1245; x_wconf 88' lang='lat' dir='ltr'><strong>in</strong></span> <span class='ocrx_word' id='word_1_73' title='bbox 1740 1191 2091 1248; x_wconf 83' lang='lat' dir='ltr'><strong>multitudine</strong></span> 
     </span>
    </p>
   </div>
   <div class='ocr_carea' id='block_1_14' title="bbox 512 1271 2091 1351">
    <p class='ocr_par' dir='ltr' id='par_1_14' title="bbox 512 1271 2091 1351">
     <span class='ocr_line' id='line_1_14' title="bbox 512 1271 2091 1351; baseline 0.009 -25"><span class='ocrx_word' id='word_1_74' title='bbox 512 1271 748 1335; x_wconf 91' lang='lat' dir='ltr'><strong>dierum,</strong></span> <span class='ocrx_word' id='word_1_75' title='bbox 796 1273 850 1327; x_wconf 90' lang='lat' dir='ltr'><strong>id</strong></span> <span class='ocrx_word' id='word_1_76' title='bbox 891 1285 975 1329; x_wconf 91' lang='lat' dir='ltr'><strong>est</strong></span> <span class='ocrx_word' id='word_1_77' title='bbox 1002 1276 1055 1331; x_wconf 93' lang='lat' dir='ltr'><strong>in</strong></span> <span class='ocrx_word' id='word_1_78' title='bbox 1109 1277 1295 1332; x_wconf 88' lang='lat' dir='ltr'><strong>futuro</strong></span> <span class='ocrx_word' id='word_1_79' title='bbox 1334 1281 1573 1345; x_wconf 68' lang='lat' dir='ltr'><strong>sarculo,</strong></span> <span class='ocrx_word' id='word_1_80' title='bbox 1602 1297 1795 1351; x_wconf 74' lang='lat' dir='ltr'><strong>panem</strong></span> <span class='ocrx_word' id='word_1_81' title='bbox 1851 1284 2091 1340; x_wconf 84' lang='lat' dir='ltr'><strong>inveniet</strong></span> 
     </span>
    </p>
   </div>
   <div class='ocr_carea' id='block_1_15' title="bbox 513 1359 2089 1436">
    <p class='ocr_par' dir='ltr' id='par_1_15' title="bbox 513 1359 2089 1436">
     <span class='ocr_line' id='line_1_15' title="bbox 513 1359 2089 1436; baseline 0.011 -23"><span class='ocrx_word' id='word_1_82' title='bbox 513 1359 893 1432; x_wconf 72' lang='lat' dir='ltr'><strong>eleemosynae,</strong></span> <span class='ocrx_word' id='word_1_83' title='bbox 924 1364 1043 1419; x_wconf 88' lang='lat' dir='ltr'><strong>vice</strong></span> <span class='ocrx_word' id='word_1_84' title='bbox 1067 1367 1336 1436; x_wconf 89' lang='lat' dir='ltr'><strong>recipiens</strong></span> <span class='ocrx_word' id='word_1_85' title='bbox 1363 1369 1814 1435; x_wconf 85' lang='lat' dir='ltr'><strong>misericordiam,</strong></span> <span class='ocrx_word' id='word_1_86' title='bbox 1850 1372 1937 1428; x_wconf 86' lang='lat' dir='ltr'><strong>hic</strong></span> <span class='ocrx_word' id='word_1_87' title='bbox 1959 1389 2089 1429; x_wconf 78' lang='lat' dir='ltr'><strong>vero</strong></span> 
     </span>
    </p>
   </div>
   <div class='ocr_carea' id='block_1_16' title="bbox 513 1453 2088 1526">
    <p class='ocr_par' dir='ltr' id='par_1_16' title="bbox 513 1453 2088 1526">
     <span class='ocr_line' id='line_1_16' title="bbox 513 1453 2088 1526; baseline 0.01 -19"><span class='ocrx_word' id='word_1_88' title='bbox 513 1468 620 1507; x_wconf 89' lang='lat' dir='ltr'><strong>non</strong></span> <span class='ocrx_word' id='word_1_89' title='bbox 651 1453 909 1521; x_wconf 85' lang='lat' dir='ltr'><strong>inveniet,</strong></span> <span class='ocrx_word' id='word_1_90' title='bbox 941 1457 1125 1526; x_wconf 72' lang='lat' dir='ltr'><strong>glorizn</strong></span> <span class='ocrx_word' id='word_1_91' title='bbox 1154 1460 1298 1514; x_wconf 89' lang='lat' dir='ltr'><strong>enim</strong></span> <span class='ocrx_word' id='word_1_92' title='bbox 1323 1462 1609 1518; x_wconf 85' lang='lat' dir='ltr'><strong>venatione</strong></span> <span class='ocrx_word' id='word_1_93' title='bbox 1627 1476 1680 1517; x_wconf 86' lang='lat' dir='ltr'><strong>et</strong></span> <span class='ocrx_word' id='word_1_94' title='bbox 1698 1467 2088 1523; x_wconf 85' lang='lat' dir='ltr'><strong>ostentationis</strong></span> 
     </span>
    </p>
   </div>
   <div class='ocr_carea' id='block_1_17' title="bbox 513 1544 1777 1609">
    <p class='ocr_par' dir='ltr' id='par_1_17' title="bbox 513 1544 1777 1609">
     <span class='ocr_line' id='line_1_17' title="bbox 513 1544 1777 1609; baseline 0.011 -14"><span class='ocrx_word' id='word_1_95' title='bbox 513 1555 819 1600; x_wconf 87' lang='lat' dir='ltr'><strong>mercatura</strong></span> <span class='ocrx_word' id='word_1_96' title='bbox 850 1544 904 1599; x_wconf 92' lang='lat' dir='ltr'><strong>in</strong></span> <span class='ocrx_word' id='word_1_97' title='bbox 938 1556 1285 1604; x_wconf 86' lang='lat' dir='ltr'><strong>antecessum</strong></span> <span class='ocrx_word' id='word_1_98' title='bbox 1319 1549 1637 1609; x_wconf 89' lang='lat' dir='ltr'><strong>destructus</strong></span> <span class='ocrx_word' id='word_1_99' title='bbox 1669 1564 1777 1609; x_wconf 91' lang='lat' dir='ltr'><strong>est.</strong></span> 
     </span>
    </p>
   </div>
   <div class='ocr_carea' id='block_1_18' title="bbox 581 1634 2086 1710">
    <p class='ocr_par' dir='ltr' id='par_1_18' title="bbox 581 1634 2086 1710">
     <span class='ocr_line' id='line_1_18' title="bbox 581 1634 2086 1710; baseline 0.01 -21"><span class='ocrx_word' id='word_1_100' title='bbox 581 1634 777 1691; x_wconf 88' lang='lat' dir='ltr'><strong>Posses</strong></span> <span class='ocrx_word' id='word_1_101' title='bbox 829 1646 1008 1693; x_wconf 90' lang='lat' dir='ltr'><strong>autem</strong></span> <span class='ocrx_word' id='word_1_102' title='bbox 1060 1655 1156 1710; x_wconf 89' lang='lat' dir='ltr'><strong>per</strong></span> <span class='ocrx_word' id='word_1_103' title='bbox 1208 1642 1464 1710; x_wconf 69' lang='lat' dir='ltr'><strong>prmdicta</strong></span> <span class='ocrx_word' id='word_1_104' title='bbox 1526 1645 1686 1699; x_wconf 86' lang='lat' dir='ltr'><strong>verba</strong></span> <span class='ocrx_word' id='word_1_105' title='bbox 1740 1654 1795 1700; x_wconf 79' lang='lat' dir='ltr'><strong>et</strong></span> <span class='ocrx_word' id='word_1_106' title='bbox 1826 1646 1893 1702; x_wconf 91' lang='lat' dir='ltr'><strong>ad</strong></span> <span class='ocrx_word' id='word_1_107' title='bbox 1918 1648 2086 1704; x_wconf 84' lang='lat' dir='ltr'><strong>alium</strong></span> 
     </span>
    </p>
   </div>
   <div class='ocr_carea' id='block_1_19' title="bbox 510 1728 2081 1801">
    <p class='ocr_par' dir='ltr' id='par_1_19' title="bbox 510 1728 2081 1801">
     <span class='ocr_line' id='line_1_19' title="bbox 510 1728 2081 1801; baseline 0.011 -21"><span class='ocrx_word' id='word_1_108' title='bbox 510 1728 745 1782; x_wconf 90' lang='lat' dir='ltr'><strong>transire</strong></span> <span class='ocrx_word' id='word_1_109' title='bbox 773 1744 992 1784; x_wconf 86' lang='lat' dir='ltr'><strong>sensum</strong></span> <span class='ocrx_word' id='word_1_110' title='bbox 1028 1749 1041 1785; x_wconf 89' lang='lat'><strong>:</strong></span> <span class='ocrx_word' id='word_1_111' title='bbox 1081 1733 1296 1801; x_wconf 85' lang='lat' dir='ltr'><strong>qualem</strong></span> <span class='ocrx_word' id='word_1_112' title='bbox 1341 1735 1527 1793; x_wconf 86' lang='lat' dir='ltr'><strong>hunc?</strong></span> <span class='ocrx_word' id='word_1_113' title='bbox 1553 1735 1849 1794; x_wconf 85' lang='lat' dir='ltr'><strong>Hominum</strong></span> <span class='ocrx_word' id='word_1_114' title='bbox 1896 1743 2081 1797; x_wconf 87' lang='lat' dir='ltr'><strong>multi-</strong></span> 
     </span>
    </p>
   </div>
   <div class='ocr_carea' id='block_1_20' title="bbox 2204 537 3796 622">
    <p class='ocr_par' dir='ltr' id='par_1_20' title="bbox 2204 537 3796 622">
     <span class='ocr_line' id='line_1_20' title="bbox 2204 537 3796 622; baseline 0.008 -32"><span class='ocrx_word' id='word_1_115' title='bbox 2204 537 2537 609; x_wconf 78' lang='grc' dir='ltr'>παραψυχὴν</span> <span class='ocrx_word' id='word_1_116' title='bbox 2579 538 2660 609; x_wconf 84' lang='grc' dir='ltr'>τῷ</span> <span class='ocrx_word' id='word_1_117' title='bbox 2707 538 2950 611; x_wconf 85' lang='grc' dir='ltr'>δεομένῳ</span> <span class='ocrx_word' id='word_1_118' title='bbox 3011 541 3387 614; x_wconf 78' lang='grc' dir='ltr'>περιΐσταται.</span> <span class='ocrx_word' id='word_1_119' title='bbox 3430 546 3504 599; x_wconf 82' lang='grc' dir='ltr'><strong>Τὸ</strong></span> <span class='ocrx_word' id='word_1_120' title='bbox 3552 547 3663 620; x_wconf 85' lang='grc' dir='ltr'><strong>γὰρ</strong></span> <span class='ocrx_word' id='word_1_121' title='bbox 3717 553 3796 622; x_wconf 79' lang='grc' dir='ltr'><strong>μὴ</strong></span> 
     </span>
    </p>
   </div>
   <div class='ocr_carea' id='block_1_21' title="bbox 2205 629 3796 713">
    <p class='ocr_par' dir='ltr' id='par_1_21' title="bbox 2205 629 3796 713">
     <span class='ocr_line' id='line_1_21' title="bbox 2205 629 3796 713; baseline 0.008 -31"><span class='ocrx_word' id='word_1_122' title='bbox 2205 629 2456 700; x_wconf 81' lang='grc' dir='ltr'><strong>παριδεῖν</strong></span> <span class='ocrx_word' id='word_1_123' title='bbox 2485 629 2578 683; x_wconf 80' lang='grc' dir='ltr'><strong>τὸν</strong></span> <span class='ocrx_word' id='word_1_124' title='bbox 2612 629 2843 700; x_wconf 81' lang='grc' dir='ltr'>ἀδελφὸν</span> <span class='ocrx_word' id='word_1_125' title='bbox 2878 631 3056 704; x_wconf 77' lang='grc' dir='ltr'>ἐνδείᾳ</span> <span class='ocrx_word' id='word_1_126' title='bbox 3086 634 3412 704; x_wconf 84' lang='grc' dir='ltr'>τηκόμενον,</span> <span class='ocrx_word' id='word_1_127' title='bbox 3460 638 3553 691; x_wconf 79' lang='grc' dir='ltr'>καὶ</span> <span class='ocrx_word' id='word_1_128' title='bbox 3587 640 3796 713; x_wconf 72' lang='grc' dir='ltr'>ἀπορίᾳ</span> 
     </span>
    </p>
   </div>
   <div class='ocr_carea' id='block_1_22' title="bbox 2205 721 3795 804">
    <p class='ocr_par' dir='ltr' id='par_1_22' title="bbox 2205 721 3795 804">
     <span class='ocr_line' id='line_1_22' title="bbox 2205 721 3795 804; baseline 0.009 -31"><span class='ocrx_word' id='word_1_129' title='bbox 2205 721 2674 791; x_wconf 85' lang='grc' dir='ltr'>συνδιολλύμενον,</span> <span class='ocrx_word' id='word_1_130' title='bbox 2711 723 2874 793; x_wconf 83' lang='grc' dir='ltr'><strong>χρέος</strong></span> <span class='ocrx_word' id='word_1_131' title='bbox 2904 723 3006 793; x_wconf 78' lang='grc' dir='ltr'><strong>μὲν</strong></span> <span class='ocrx_word' id='word_1_132' title='bbox 3032 725 3126 778; x_wconf 76' lang='grc' dir='ltr'>καὶ</span> <span class='ocrx_word' id='word_1_133' title='bbox 3163 726 3343 797; x_wconf 85' lang='grc' dir='ltr'>χρεῶν</span> <span class='ocrx_word' id='word_1_134' title='bbox 3375 727 3439 781; x_wconf 84' lang='grc' dir='ltr'>τὸ</span> <span class='ocrx_word' id='word_1_135' title='bbox 3476 731 3795 804; x_wconf 85' lang='grc' dir='ltr'>ἀπαραίτη-</span> 
     </span>
    </p>
   </div>
   <div class='ocr_carea' id='block_1_23' title="bbox 2201 812 3795 886">
    <p class='ocr_par' dir='ltr' id='par_1_23' title="bbox 2201 812 3795 886">
     <span class='ocr_line' id='line_1_23' title="bbox 2201 812 3795 886; baseline 0.011 -24"><span class='ocrx_word' id='word_1_136' title='bbox 2201 826 2292 863; x_wconf 84' lang='grc' dir='ltr'>τον</span> <span class='ocrx_word' id='word_1_137' title='bbox 2311 812 2656 883; x_wconf 86' lang='grc' dir='ltr'>όεύγνὼμων</span> <span class='ocrx_word' id='word_1_138' title='bbox 2693 815 2985 886; x_wconf 76' lang='grc' dir='ltr'><strong>ἡγήσεται,</strong></span> <span class='ocrx_word' id='word_1_139' title='bbox 3013 820 3108 870; x_wconf 75' lang='grc' dir='ltr'><strong>καὶ</strong></span> <span class='ocrx_word' id='word_1_140' title='bbox 3131 819 3429 874; x_wconf 81' lang='grc' dir='ltr'><strong>σπουδάσει</strong></span> <span class='ocrx_word' id='word_1_141' title='bbox 3458 824 3795 880; x_wconf 75' lang='grc' dir='ltr'>καταλαϐεῖν</span> 
     </span>
    </p>
   </div>
   <div class='ocr_carea' id='block_1_24' title="bbox 2200 902 3794 983">
    <p class='ocr_par' dir='ltr' id='par_1_24' title="bbox 2200 902 3794 983">
     <span class='ocr_line' id='line_1_24' title="bbox 2200 902 3794 983; baseline 0.01 -28"><span class='ocrx_word' id='word_1_142' title='bbox 2200 902 2296 956; x_wconf 78' lang='grc' dir='ltr'>καὶ</span> <span class='ocrx_word' id='word_1_143' title='bbox 2356 903 2432 976; x_wconf 81' lang='grc' dir='ltr'><strong>μή</strong></span> <span class='ocrx_word' id='word_1_144' title='bbox 2465 905 2719 973; x_wconf 85' lang='grc' dir='ltr'>γενέσθαι</span> <span class='ocrx_word' id='word_1_145' title='bbox 2779 907 3048 978; x_wconf 83' lang='grc' dir='ltr'><strong>μηδαμῶς</strong></span> <span class='ocrx_word' id='word_1_146' title='bbox 3105 910 3487 983; x_wconf 74' lang='grc' dir='ltr'><strong>ὑπερήμερος·</strong></span> <span class='ocrx_word' id='word_1_147' title='bbox 3542 914 3707 981; x_wconf 78' lang='grc' dir='ltr'>δόξαν</span> <span class='ocrx_word' id='word_1_148' title='bbox 3734 917 3794 971; x_wconf 85' lang='grc' dir='ltr'><strong>δὲ</strong></span> 
     </span>
    </p>
   </div>
   <div class='ocr_carea' id='block_1_25' title="bbox 2202 991 3791 1079">
    <p class='ocr_par' dir='ltr' id='par_1_25' title="bbox 2202 991 3791 1079">
     <span class='ocr_line' id='line_1_25' title="bbox 2202 991 3791 1079; baseline 0.011 -34"><span class='ocrx_word' id='word_1_149' title='bbox 2202 991 2447 1065; x_wconf 82' lang='grc' dir='ltr'>θηρᾶσαι</span> <span class='ocrx_word' id='word_1_150' title='bbox 2490 996 2586 1049; x_wconf 81' lang='grc' dir='ltr'>καὶ</span> <span class='ocrx_word' id='word_1_151' title='bbox 2653 998 2946 1070; x_wconf 78' lang='grc' dir='ltr'>εὐεργέτου</span> <span class='ocrx_word' id='word_1_152' title='bbox 2975 999 3066 1054; x_wconf 79' lang='grc' dir='ltr'><strong>διὰ</strong></span> <span class='ocrx_word' id='word_1_153' title='bbox 3106 1002 3206 1072; x_wconf 86' lang='grc' dir='ltr'>τῆς</span> <span class='ocrx_word' id='word_1_154' title='bbox 3232 1004 3493 1076; x_wconf 81' lang='grc' dir='ltr'>τοιαύτης</span> <span class='ocrx_word' id='word_1_155' title='bbox 3529 1007 3791 1079; x_wconf 82' lang='grc' dir='ltr'>πράξεως</span> 
     </span>
    </p>
   </div>
   <div class='ocr_carea' id='block_1_26' title="bbox 2199 1083 3788 1172">
    <p class='ocr_par' dir='ltr' id='par_1_26' title="bbox 2199 1083 3788 1172">
     <span class='ocr_line' id='line_1_26' title="bbox 2199 1083 3788 1172; baseline 0.012 -35"><span class='ocrx_word' id='word_1_156' title='bbox 2199 1083 2592 1156; x_wconf 78' lang='grc' dir='ltr'>περιϐαλέσθαι</span> <span class='ocrx_word' id='word_1_157' title='bbox 2655 1087 2897 1160; x_wconf 78' lang='grc' dir='ltr'>ἀξίωμα,</span> <span class='ocrx_word' id='word_1_158' title='bbox 2933 1091 3045 1146; x_wconf 88' lang='grc' dir='ltr'><strong>τῶν</strong></span> <span class='ocrx_word' id='word_1_159' title='bbox 3088 1094 3426 1164; x_wconf 85' lang='grc' dir='ltr'>ἀγνωμόνων</span> <span class='ocrx_word' id='word_1_160' title='bbox 3462 1097 3530 1152; x_wconf 82' lang='grc' dir='ltr'><strong>ἂν</strong></span> <span class='ocrx_word' id='word_1_161' title='bbox 3558 1099 3667 1172; x_wconf 81' lang='grc' dir='ltr'>εἴη,</span> <span class='ocrx_word' id='word_1_162' title='bbox 3692 1103 3788 1155; x_wconf 74' lang='grc' dir='ltr'>καὶ</span> 
     </span>
    </p>
   </div>
   <div class='ocr_carea' id='block_1_27' title="bbox 2198 1176 3787 1263">
    <p class='ocr_par' dir='ltr' id='par_1_27' title="bbox 2198 1176 3787 1263">
     <span class='ocr_line' id='line_1_27' title="bbox 2198 1176 3787 1263; baseline 0.012 -35"><span class='ocrx_word' id='word_1_163' title='bbox 2198 1176 2261 1229; x_wconf 81' lang='grc' dir='ltr'>τὸ</span> <span class='ocrx_word' id='word_1_164' title='bbox 2298 1176 2465 1231; x_wconf 76' lang='grc' dir='ltr'>καλὸν</span> <span class='ocrx_word' id='word_1_165' title='bbox 2501 1179 2691 1244; x_wconf 87' lang='grc' dir='ltr'>κακῶς</span> <span class='ocrx_word' id='word_1_166' title='bbox 2721 1182 2943 1236; x_wconf 78' lang='grc' dir='ltr'><strong>εἰδότων</strong></span> <span class='ocrx_word' id='word_1_167' title='bbox 2972 1184 3360 1257; x_wconf 84' lang='grc' dir='ltr'>μετέρχεσθαι.</span> <span class='ocrx_word' id='word_1_168' title='bbox 3403 1189 3604 1261; x_wconf 77' lang='grc' dir='ltr'>Διόπερ</span> <span class='ocrx_word' id='word_1_169' title='bbox 3626 1193 3657 1245; x_wconf 89' lang='lat'><strong>6</strong></span> <span class='ocrx_word' id='word_1_170' title='bbox 3684 1194 3787 1263; x_wconf 78' lang='grc' dir='ltr'><strong>μὲν</strong></span> 
     </span>
    </p>
   </div>
   <div class='ocr_carea' id='block_1_28' title="bbox 2198 1267 3786 1353">
    <p class='ocr_par' dir='ltr' id='par_1_28' title="bbox 2198 1267 3786 1353">
     <span class='ocr_line' id='line_1_28' title="bbox 2198 1267 3786 1353; baseline 0.011 -33"><span class='ocrx_word' id='word_1_171' title='bbox 2198 1269 2257 1322; x_wconf 74' lang='grc' dir='ltr'><strong>ἐν</strong></span> <span class='ocrx_word' id='word_1_172' title='bbox 2288 1267 2366 1340; x_wconf 84' lang='grc' dir='ltr'><strong>τῷ</strong></span> <span class='ocrx_word' id='word_1_173' title='bbox 2395 1269 2592 1341; x_wconf 82' lang='grc' dir='ltr'>πλήθει</span> <span class='ocrx_word' id='word_1_174' title='bbox 2617 1271 2726 1325; x_wconf 88' lang='grc' dir='ltr'>τῶν</span> <span class='ocrx_word' id='word_1_175' title='bbox 2748 1274 2997 1346; x_wconf 82' lang='grc' dir='ltr'>ἡμερῶν,</span> <span class='ocrx_word' id='word_1_176' title='bbox 3025 1279 3310 1331; x_wconf 79' lang='grc' dir='ltr'><strong>τουτέστιν</strong></span> <span class='ocrx_word' id='word_1_177' title='bbox 3334 1281 3391 1332; x_wconf 82' lang='grc' dir='ltr'>ὲν</span> <span class='ocrx_word' id='word_1_178' title='bbox 3418 1280 3499 1352; x_wconf 85' lang='grc' dir='ltr'>τῷ</span> <span class='ocrx_word' id='word_1_179' title='bbox 3531 1282 3786 1353; x_wconf 87' lang='grc' dir='ltr'>μέλλοντι</span> 
     </span>
    </p>
   </div>
   <div class='ocr_carea' id='block_1_29' title="bbox 2197 1356 3789 1446">
    <p class='ocr_par' dir='ltr' id='par_1_29' title="bbox 2197 1356 3789 1446">
     <span class='ocr_line' id='line_1_29' title="bbox 2197 1356 3789 1446; baseline 0.011 -35"><span class='ocrx_word' id='word_1_180' title='bbox 2197 1356 2374 1423; x_wconf 82' lang='grc' dir='ltr'>αίῶνι,</span> <span class='ocrx_word' id='word_1_181' title='bbox 2401 1360 2493 1413; x_wconf 83' lang='grc' dir='ltr'><strong>τὸν</strong></span> <span class='ocrx_word' id='word_1_182' title='bbox 2515 1360 2679 1430; x_wconf 89' lang='grc' dir='ltr'>ἄρτον</span> <span class='ocrx_word' id='word_1_183' title='bbox 2704 1362 2929 1433; x_wconf 79' lang='grc' dir='ltr'>εὑρήσει</span> <span class='ocrx_word' id='word_1_184' title='bbox 2950 1366 3053 1435; x_wconf 82' lang='grc' dir='ltr'>τῆς</span> <span class='ocrx_word' id='word_1_185' title='bbox 3078 1366 3203 1439; x_wconf 90' lang='grc' dir='ltr'>ἐλεη</span> <span class='ocrx_word' id='word_1_186' title='bbox 3213 1368 3480 1440; x_wconf 87' lang='grc' dir='ltr'>μοσύνης,</span> <span class='ocrx_word' id='word_1_187' title='bbox 3517 1372 3789 1446; x_wconf 86' lang='grc' dir='ltr'>ἀντιλαμ-</span> 
     </span>
    </p>
   </div>
   <div class='ocr_carea' id='block_1_30' title="bbox 2197 1445 3790 1537">
    <p class='ocr_par' dir='ltr' id='par_1_30' title="bbox 2197 1445 3790 1537">
     <span class='ocr_line' id='line_1_30' title="bbox 2197 1445 3790 1537; baseline 0.014 -39"><span class='ocrx_word' id='word_1_188' title='bbox 2197 1445 2377 1501; x_wconf 89' lang='grc' dir='ltr'>ϐἀνων</span> <span class='ocrx_word' id='word_1_189' title='bbox 2430 1448 2523 1502; x_wconf 81' lang='grc' dir='ltr'><strong>τὸν</strong></span> <span class='ocrx_word' id='word_1_190' title='bbox 2567 1450 2716 1504; x_wconf 77' lang='grc' dir='ltr'>ἔλεον</span> <span class='ocrx_word' id='word_1_191' title='bbox 2736 1469 2750 1484; x_wconf 87' lang='grc'><strong>·</strong></span> <span class='ocrx_word' id='word_1_192' title='bbox 2781 1455 2810 1506; x_wconf 89' lang='grc' dir='ltr'><strong>ό</strong></span> <span class='ocrx_word' id='word_1_193' title='bbox 2834 1454 2891 1507; x_wconf 85' lang='grc' dir='ltr'><strong>δέ</strong></span> <span class='ocrx_word' id='word_1_194' title='bbox 2921 1457 3018 1526; x_wconf 84' lang='grc' dir='ltr'>οὑχ</span> <span class='ocrx_word' id='word_1_195' title='bbox 3048 1456 3274 1529; x_wconf 83' lang='grc' dir='ltr'>εὑρήσει</span> <span class='ocrx_word' id='word_1_196' title='bbox 3295 1476 3310 1490; x_wconf 76' lang='grc' dir='ltr'><strong>ο</strong></span> <span class='ocrx_word' id='word_1_197' title='bbox 3341 1458 3633 1535; x_wconf 69' lang='grc' dir='ltr'>δοξοκοπίςι</span> <span class='ocrx_word' id='word_1_198' title='bbox 3678 1445 3790 1537; x_wconf 71' lang='grc' dir='ltr'><strong>γαρ</strong></span> 
     </span>
    </p>
   </div>
   <div class='ocr_carea' id='block_1_31' title="bbox 2196 1538 3671 1620">
    <p class='ocr_par' dir='ltr' id='par_1_31' title="bbox 2196 1538 3671 1620">
     <span class='ocr_line' id='line_1_31' title="bbox 2196 1538 3671 1620; baseline 0.013 -31"><span class='ocrx_word' id='word_1_199' title='bbox 2196 1538 2292 1589; x_wconf 79' lang='grc' dir='ltr'>καὶ</span> <span class='ocrx_word' id='word_1_200' title='bbox 2314 1540 2381 1610; x_wconf 78' lang='grc' dir='ltr'><strong>τῇ</strong></span> <span class='ocrx_word' id='word_1_201' title='bbox 2408 1538 2509 1609; x_wconf 84' lang='grc' dir='ltr'>τῆς</span> <span class='ocrx_word' id='word_1_202' title='bbox 2532 1540 2845 1606; x_wconf 75' lang='grc' dir='ltr'><strong>ἐπιδείξεως</strong></span> <span class='ocrx_word' id='word_1_203' title='bbox 2874 1546 3119 1617; x_wconf 70' lang='grc' dir='ltr'>ἐμπορία</span> <span class='ocrx_word' id='word_1_204' title='bbox 3148 1549 3671 1620; x_wconf 80' lang='grc' dir='ltr'>προκατηνάλωται.</span> 
     </span>
    </p>
   </div>
   <div class='ocr_carea' id='block_1_32' title="bbox 2266 1630 3788 1713">
    <p class='ocr_par' dir='ltr' id='par_1_32' title="bbox 2266 1630 3788 1713">
     <span class='ocr_line' id='line_1_32' title="bbox 2266 1630 3788 1713; baseline 0.011 -31"><span class='ocrx_word' id='word_1_205' title='bbox 2266 1630 2465 1684; x_wconf 72' lang='grc' dir='ltr'>Δύναιο</span> <span class='ocrx_word' id='word_1_206' title='bbox 2486 1631 2532 1684; x_wconf 83' lang='grc' dir='ltr'>δ’</span> <span class='ocrx_word' id='word_1_207' title='bbox 2563 1633 2631 1687; x_wconf 85' lang='grc' dir='ltr'><strong>ἂν</strong></span> <span class='ocrx_word' id='word_1_208' title='bbox 2649 1633 2739 1687; x_wconf 88' lang='grc' dir='ltr'><strong>διά</strong></span> <span class='ocrx_word' id='word_1_209' title='bbox 2790 1634 2898 1688; x_wconf 88' lang='grc' dir='ltr'><strong>τῶν</strong></span> <span class='ocrx_word' id='word_1_210' title='bbox 2938 1639 3357 1707; x_wconf 82' lang='grc' dir='ltr'>προειρημένων</span> <span class='ocrx_word' id='word_1_211' title='bbox 3396 1642 3663 1713; x_wconf 74' lang='grc' dir='ltr'>ῥημάτων</span> <span class='ocrx_word' id='word_1_212' title='bbox 3691 1647 3788 1700; x_wconf 80' lang='grc' dir='ltr'>καὶ</span> 
     </span>
    </p>
   </div>
   <div class='ocr_carea' id='block_1_33' title="bbox 2195 1721 3787 1805">
    <p class='ocr_par' dir='ltr' id='par_1_33' title="bbox 2195 1721 3787 1805">
     <span class='ocr_line' id='line_1_33' title="bbox 2195 1721 3787 1805; baseline 0.011 -32"><span class='ocrx_word' id='word_1_213' title='bbox 2195 1721 2331 1792; x_wconf 83' lang='grc' dir='ltr'>πρὸς</span> <span class='ocrx_word' id='word_1_214' title='bbox 2401 1723 2596 1795; x_wconf 79' lang='grc' dir='ltr'>ἑτέραν</span> <span class='ocrx_word' id='word_1_215' title='bbox 2652 1726 2930 1796; x_wconf 72' lang='grc' dir='ltr'>μετελθεῖν</span> <span class='ocrx_word' id='word_1_216' title='bbox 2959 1728 3221 1784; x_wconf 83' lang='grc' dir='ltr'>διάνοιαν.</span> <span class='ocrx_word' id='word_1_217' title='bbox 3249 1730 3419 1787; x_wconf 88' lang='grc' dir='ltr'>Ποίαν</span> <span class='ocrx_word' id='word_1_218' title='bbox 3442 1733 3685 1805; x_wconf 84' lang='grc' dir='ltr'>ταύτην;</span> <span class='ocrx_word' id='word_1_219' title='bbox 3713 1738 3787 1791; x_wconf 81' lang='grc' dir='ltr'><strong>Τὸ</strong></span> 
     </span>
    </p>
   </div>
   <div class='ocr_carea' id='block_1_34' title="bbox 507 1808 2081 1903">
    <p class='ocr_par' dir='ltr' id='par_1_34' title="bbox 507 1818 2075 1903">
     <span class='ocr_line' id='line_1_34' title="bbox 507 1818 2075 1903; baseline 0.011 -31"><span class='ocrx_word' id='word_1_220' title='bbox 507 1818 777 1885; x_wconf 83' lang='lat' dir='ltr'><strong>tudinem,</strong></span> <span class='ocrx_word' id='word_1_221' title='bbox 801 1836 965 1890; x_wconf 87' lang='lat' dir='ltr'><strong>quam</strong></span> <span class='ocrx_word' id='word_1_222' title='bbox 1001 1832 1150 1877; x_wconf 89' lang='lat' dir='ltr'><strong>amat</strong></span> <span class='ocrx_word' id='word_1_223' title='bbox 1183 1823 1463 1895; x_wconf 78' lang='lat' dir='ltr'><strong>Scriptura</strong></span> <span class='ocrx_word' id='word_1_224' title='bbox 1495 1828 1856 1887; x_wconf 90' lang='lat' dir='ltr'><strong>denominare</strong></span> <span class='ocrx_word' id='word_1_225' title='bbox 1882 1846 2075 1903; x_wconf 84' lang='lat' dir='ltr'><strong>aquas.</strong></span> 
     </span>
    </p>
   </div>
   <div class='ocr_carea' id='block_1_35' title="bbox 2185 1808 3788 1903">
    <p class='ocr_par' dir='ltr' id='par_1_35' title="bbox 2185 1809 3788 1897">
     <span class='ocr_line' id='line_1_35' title="bbox 2185 1809 3788 1897; baseline 0.012 -34"><span class='ocrx_word' id='word_1_226' title='bbox 2185 1809 2290 1863; x_wconf 83' lang='grc' dir='ltr'><strong>τῶν</strong></span> <span class='ocrx_word' id='word_1_227' title='bbox 2308 1811 2613 1885; x_wconf 86' lang='grc' dir='ltr'>ἀνθρώπων</span> <span class='ocrx_word' id='word_1_228' title='bbox 2654 1815 2878 1886; x_wconf 82' lang='grc' dir='ltr'>πλῆθος,</span> <span class='ocrx_word' id='word_1_229' title='bbox 2935 1817 3088 1886; x_wconf 83' lang='grc' dir='ltr'>φίλον</span> <span class='ocrx_word' id='word_1_230' title='bbox 3132 1823 3199 1891; x_wconf 78' lang='grc' dir='ltr'><strong>τῇ</strong></span> <span class='ocrx_word' id='word_1_231' title='bbox 3234 1820 3425 1895; x_wconf 80' lang='grc' dir='ltr'>Γραφῇ</span> <span class='ocrx_word' id='word_1_232' title='bbox 3477 1829 3788 1897; x_wconf 83' lang='grc' dir='ltr'>κατονομά-</span> 
     </span>
    </p>
   </div>
   <div class='ocr_carea' id='block_1_36' title="bbox 512 1909 2088 1990">
    <p class='ocr_par' dir='ltr' id='par_1_36' title="bbox 512 1909 2088 1990">
     <span class='ocr_line' id='line_1_36' title="bbox 512 1909 2088 1990; baseline 0.012 -29"><span class='ocrx_word' id='word_1_233' title='bbox 512 1927 532 1961; x_wconf 74' lang='grc' dir='ltr'>ι</span> <span class='ocrx_word' id='word_1_234' title='bbox 573 1909 735 1978; x_wconf 89' lang='lat' dir='ltr'><strong>Eripe</strong></span> <span class='ocrx_word' id='word_1_235' title='bbox 779 1913 925 1965; x_wconf 91' lang='lat' dir='ltr'><strong>enim</strong></span> <span class='ocrx_word' id='word_1_236' title='bbox 961 1927 1063 1976; x_wconf 90' lang='lat' dir='ltr'><strong>me,</strong></span> <span class='ocrx_word' id='word_1_237' title='bbox 1104 1931 1122 1965; x_wconf 77' lang='grc' dir='ltr'>ι</span> <span class='ocrx_word' id='word_1_238' title='bbox 1173 1915 1250 1968; x_wconf 90' lang='lat' dir='ltr'><strong>ait</strong></span> <span class='ocrx_word' id='word_1_239' title='bbox 1290 1915 1343 1969; x_wconf 92' lang='lat' dir='ltr'><strong>in</strong></span> <span class='ocrx_word' id='word_1_240' title='bbox 1390 1916 1600 1986; x_wconf 86' lang='lat' dir='ltr'><strong>Spiritu</strong></span> <span class='ocrx_word' id='word_1_241' title='bbox 1653 1920 1915 1990; x_wconf 89' lang='lat' dir='ltr'><strong>psallens,</strong></span> <span class='ocrx_word' id='word_1_242' title='bbox 1963 1941 1982 1975; x_wconf 76' lang='grc' dir='ltr'>ι</span> <span class='ocrx_word' id='word_1_243' title='bbox 2020 1923 2088 1980; x_wconf 92' lang='lat' dir='ltr'><strong>de</strong></span> 
     </span>
    </p>
   </div>
   <div class='ocr_carea' id='block_1_37' title="bbox 505 2002 2079 2071">
    <p class='ocr_par' dir='ltr' id='par_1_37' title="bbox 505 2002 2079 2071">
     <span class='ocr_line' id='line_1_37' title="bbox 505 2002 2079 2071; baseline 0.01 -17"><span class='ocrx_word' id='word_1_244' title='bbox 505 2002 665 2071; x_wconf 88' lang='lat' dir='ltr'><strong>aquis</strong></span> <span class='ocrx_word' id='word_1_245' title='bbox 718 2004 944 2067; x_wconf 90' lang='lat' dir='ltr'><strong>multis,</strong></span> <span class='ocrx_word' id='word_1_246' title='bbox 999 2005 1067 2059; x_wconf 89' lang='lat' dir='ltr'><strong>de</strong></span> <span class='ocrx_word' id='word_1_247' title='bbox 1116 2021 1279 2061; x_wconf 90' lang='lat' dir='ltr'><strong>manu</strong></span> <span class='ocrx_word' id='word_1_248' title='bbox 1332 2009 1567 2064; x_wconf 81' lang='lat' dir='ltr'><strong>filiorum</strong></span> <span class='ocrx_word' id='word_1_249' title='bbox 1617 2012 1924 2068; x_wconf 89' lang='lat' dir='ltr'><strong>alienorum</strong></span> <span class='ocrx_word' id='word_1_250' title='bbox 1964 2015 2007 2070; x_wconf 84' lang='grc'><strong>⁸.</strong></span> <span class='ocrx_word' id='word_1_251' title='bbox 2061 2035 2079 2070; x_wconf 74' lang='grc' dir='ltr'>ι</span> 
     </span>
    </p>
   </div>
   <div class='ocr_carea' id='block_1_38' title="bbox 504 2093 2087 2177">
    <p class='ocr_par' dir='ltr' id='par_1_38' title="bbox 504 2093 2087 2177">
     <span class='ocr_line' id='line_1_38' title="bbox 504 2093 2087 2177; baseline 0.011 -31"><span class='ocrx_word' id='word_1_252' title='bbox 504 2093 673 2162; x_wconf 86' lang='lat' dir='ltr'><strong>Igitur</strong></span> <span class='ocrx_word' id='word_1_253' title='bbox 703 2109 982 2150; x_wconf 88' lang='lat' dir='ltr'><strong>sacrarum</strong></span> <span class='ocrx_word' id='word_1_254' title='bbox 1015 2097 1369 2154; x_wconf 89' lang='lat' dir='ltr'><strong>scientiarum</strong></span> <span class='ocrx_word' id='word_1_255' title='bbox 1399 2102 1656 2173; x_wconf 87' lang='lat' dir='ltr'><strong>magister</strong></span> <span class='ocrx_word' id='word_1_256' title='bbox 1692 2119 1818 2161; x_wconf 90' lang='lat' dir='ltr'><strong>eum</strong></span> <span class='ocrx_word' id='word_1_257' title='bbox 1860 2108 1954 2177; x_wconf 89' lang='lat' dir='ltr'><strong>qui</strong></span> <span class='ocrx_word' id='word_1_258' title='bbox 1984 2124 2087 2164; x_wconf 89' lang='lat' dir='ltr'><strong>nu-</strong></span> 
     </span>
    </p>
   </div>
   <div class='ocr_carea' id='block_1_39' title="bbox 504 2182 2083 2261">
    <p class='ocr_par' dir='ltr' id='par_1_39' title="bbox 504 2182 2083 2261">
     <span class='ocr_line' id='line_1_39' title="bbox 504 2182 2083 2261; baseline 0.011 -26"><span class='ocrx_word' id='word_1_259' title='bbox 504 2182 598 2236; x_wconf 91' lang='lat' dir='ltr'><strong>trit</strong></span> <span class='ocrx_word' id='word_1_260' title='bbox 621 2183 861 2238; x_wconf 89' lang='lat' dir='ltr'><strong>animam</strong></span> <span class='ocrx_word' id='word_1_261' title='bbox 893 2200 1088 2254; x_wconf 89' lang='lat' dir='ltr'><strong>panem</strong></span> <span class='ocrx_word' id='word_1_262' title='bbox 1116 2203 1278 2257; x_wconf 90' lang='lat' dir='ltr'><strong>quem</strong></span> <span class='ocrx_word' id='word_1_263' title='bbox 1302 2207 1331 2244; x_wconf 87' lang='lat' dir='ltr'><strong>a</strong></span> <span class='ocrx_word' id='word_1_264' title='bbox 1364 2189 1474 2246; x_wconf 88' lang='lat' dir='ltr'><strong>Deo</strong></span> <span class='ocrx_word' id='word_1_265' title='bbox 1502 2193 1862 2250; x_wconf 88' lang='lat' dir='ltr'><strong>commissum</strong></span> <span class='ocrx_word' id='word_1_266' title='bbox 1897 2197 2083 2261; x_wconf 85' lang='lat' dir='ltr'><strong>habet,</strong></span> 
     </span>
    </p>
   </div>
   <div class='ocr_carea' id='block_1_40' title="bbox 502 2274 2085 2355">
    <p class='ocr_par' dir='ltr' id='par_1_40' title="bbox 502 2274 2085 2355">
     <span class='ocr_line' id='line_1_40' title="bbox 502 2274 2085 2355; baseline 0.011 -27"><span class='ocrx_word' id='word_1_267' title='bbox 502 2274 661 2330; x_wconf 89' lang='lat' dir='ltr'><strong>debet</strong></span> <span class='ocrx_word' id='word_1_268' title='bbox 690 2276 1000 2332; x_wconf 88' lang='lat' dir='ltr'><strong>auditorum</strong></span> <span class='ocrx_word' id='word_1_269' title='bbox 1039 2281 1374 2339; x_wconf 89' lang='lat' dir='ltr'><strong>multitudini</strong></span> <span class='ocrx_word' id='word_1_270' title='bbox 1409 2284 1616 2355; x_wconf 89' lang='lat' dir='ltr'><strong>absque</strong></span> <span class='ocrx_word' id='word_1_271' title='bbox 1666 2302 1815 2342; x_wconf 93' lang='lat' dir='ltr'><strong>mora</strong></span> <span class='ocrx_word' id='word_1_272' title='bbox 1853 2289 2001 2345; x_wconf 88' lang='lat' dir='ltr'><strong>omni</strong></span> <span class='ocrx_word' id='word_1_273' title='bbox 2031 2299 2085 2345; x_wconf 90' lang='lat' dir='ltr'><strong>et</strong></span> 
     </span>
    </p>
   </div>
   <div class='ocr_carea' id='block_1_41' title="bbox 500 2370 2086 2451">
    <p class='ocr_par' dir='ltr' id='par_1_41' title="bbox 500 2370 2086 2451">
     <span class='ocr_line' id='line_1_41' title="bbox 500 2370 2086 2451; baseline 0.011 -29"><span class='ocrx_word' id='word_1_274' title='bbox 500 2370 852 2425; x_wconf 89' lang='lat' dir='ltr'><strong>cunctatione</strong></span> <span class='ocrx_word' id='word_1_275' title='bbox 885 2370 1183 2441; x_wconf 89' lang='lat' dir='ltr'><strong>dispertiri,</strong></span> <span class='ocrx_word' id='word_1_276' title='bbox 1206 2384 1261 2429; x_wconf 91' lang='lat' dir='ltr'><strong>et</strong></span> <span class='ocrx_word' id='word_1_277' title='bbox 1282 2391 1561 2447; x_wconf 89' lang='lat' dir='ltr'><strong>nunquam</strong></span> <span class='ocrx_word' id='word_1_278' title='bbox 1595 2379 1884 2451; x_wconf 88' lang='lat' dir='ltr'><strong>largitione</strong></span> <span class='ocrx_word' id='word_1_279' title='bbox 1918 2386 2086 2439; x_wconf 90' lang='lat' dir='ltr'><strong>desti-</strong></span> 
     </span>
    </p>
   </div>
   <div class='ocr_carea' id='block_1_42' title="bbox 501 2459 2081 2544">
    <p class='ocr_par' dir='ltr' id='par_1_42' title="bbox 501 2459 2081 2544">
     <span class='ocr_line' id='line_1_42' title="bbox 501 2459 2081 2544; baseline 0.012 -33"><span class='ocrx_word' id='word_1_280' title='bbox 501 2466 651 2512; x_wconf 82' lang='lat' dir='ltr'><strong>tuere</strong></span> <span class='ocrx_word' id='word_1_281' title='bbox 700 2459 752 2514; x_wconf 93' lang='lat' dir='ltr'><strong>in</strong></span> <span class='ocrx_word' id='word_1_282' title='bbox 800 2461 1098 2532; x_wconf 83' lang='lat' dir='ltr'><strong>indigentia</strong></span> <span class='ocrx_word' id='word_1_283' title='bbox 1150 2465 1269 2536; x_wconf 86' lang='lat' dir='ltr'><strong>ejus</strong></span> <span class='ocrx_word' id='word_1_284' title='bbox 1314 2469 1663 2526; x_wconf 83' lang='lat' dir='ltr'><strong>constitutos.</strong></span> <span class='ocrx_word' id='word_1_285' title='bbox 1716 2470 1784 2527; x_wconf 86' lang='lat' dir='ltr'><strong>Et</strong></span> <span class='ocrx_word' id='word_1_286' title='bbox 1831 2489 2081 2544; x_wconf 68' lang='lat' dir='ltr'><strong>quaenam</strong></span> 
     </span>
    </p>
   </div>
   <div class='ocr_carea' id='block_1_43' title="bbox 500 2551 2081 2636">
    <p class='ocr_par' dir='ltr' id='par_1_43' title="bbox 500 2551 2081 2636">
     <span class='ocr_line' id='line_1_43' title="bbox 500 2551 2081 2636; baseline 0.013 -35"><span class='ocrx_word' id='word_1_287' title='bbox 500 2565 710 2605; x_wconf 83' lang='lat' dir='ltr'><strong>merces</strong></span> <span class='ocrx_word' id='word_1_288' title='bbox 758 2551 974 2622; x_wconf 84' lang='lat' dir='ltr'><strong>benigni</strong></span> <span class='ocrx_word' id='word_1_289' title='bbox 1032 2556 1198 2627; x_wconf 86' lang='lat' dir='ltr'><strong>hujus</strong></span> <span class='ocrx_word' id='word_1_290' title='bbox 1258 2559 1485 2628; x_wconf 80' lang='lat' dir='ltr'><strong>operis?</strong></span> <span class='ocrx_word' id='word_1_291' title='bbox 1538 2560 1827 2619; x_wconf 83' lang='lat' dir='ltr'><strong>Mauifeste</strong></span> <span class='ocrx_word' id='word_1_292' title='bbox 1876 2566 1970 2636; x_wconf 90' lang='lat' dir='ltr'><strong>qui</strong></span> <span class='ocrx_word' id='word_1_293' title='bbox 2025 2568 2081 2621; x_wconf 91' lang='lat' dir='ltr'><strong>iu</strong></span> 
     </span>
    </p>
   </div>
   <div class='ocr_carea' id='block_1_44' title="bbox 500 2642 2080 2729">
    <p class='ocr_par' dir='ltr' id='par_1_44' title="bbox 500 2642 2080 2729">
     <span class='ocr_line' id='line_1_44' title="bbox 500 2642 2080 2729; baseline 0.013 -36"><span class='ocrx_word' id='word_1_294' title='bbox 500 2642 850 2699; x_wconf 87' lang='lat' dir='ltr'><strong>multitudine</strong></span> <span class='ocrx_word' id='word_1_295' title='bbox 887 2646 1106 2703; x_wconf 90' lang='lat' dir='ltr'><strong>dierum</strong></span> <span class='ocrx_word' id='word_1_296' title='bbox 1138 2650 1412 2709; x_wconf 75' lang='lat' dir='ltr'><strong>retribuit.</strong></span> <span class='ocrx_word' id='word_1_297' title='bbox 1449 2653 1722 2720; x_wconf 83' lang='lat' dir='ltr'><strong>Quoniam</strong></span> <span class='ocrx_word' id='word_1_298' title='bbox 1770 2673 1901 2713; x_wconf 87' lang='lat' dir='ltr'><strong>vero</strong></span> <span class='ocrx_word' id='word_1_299' title='bbox 1937 2674 2080 2729; x_wconf 91' lang='lat' dir='ltr'><strong>aqua</strong></span> 
     </span>
    </p>
   </div>
   <div class='ocr_carea' id='block_1_45' title="bbox 500 2734 2078 2819">
    <p class='ocr_par' dir='ltr' id='par_1_45' title="bbox 500 2734 2078 2819">
     <span class='ocr_line' id='line_1_45' title="bbox 500 2734 2078 2819; baseline 0.011 -30"><span class='ocrx_word' id='word_1_300' title='bbox 500 2734 749 2790; x_wconf 78' lang='lat' dir='ltr'><strong>diversas</strong></span> <span class='ocrx_word' id='word_1_301' title='bbox 797 2752 976 2792; x_wconf 88' lang='lat' dir='ltr'><strong>rerum</strong></span> <span class='ocrx_word' id='word_1_302' title='bbox 1027 2743 1286 2798; x_wconf 83' lang='lat' dir='ltr'><strong>materias</strong></span> <span class='ocrx_word' id='word_1_303' title='bbox 1343 2746 1655 2817; x_wconf 83' lang='lat' dir='ltr'><strong>significare</strong></span> <span class='ocrx_word' id='word_1_304' title='bbox 1706 2758 1906 2819; x_wconf 58' lang='lat' dir='ltr'><strong>potest,</strong></span> <span class='ocrx_word' id='word_1_305' title='bbox 1968 2766 2078 2806; x_wconf 94' lang='lat' dir='ltr'><strong>non</strong></span> 
     </span>
    </p>
   </div>
   <div class='ocr_carea' id='block_1_46' title="bbox 497 2825 2078 2908">
    <p class='ocr_par' dir='ltr' id='par_1_46' title="bbox 497 2825 2078 2908">
     <span class='ocr_line' id='line_1_46' title="bbox 497 2825 2078 2908; baseline 0.013 -29"><span class='ocrx_word' id='word_1_306' title='bbox 497 2836 644 2881; x_wconf 83' lang='lat' dir='ltr'><strong>esset</strong></span> <span class='ocrx_word' id='word_1_307' title='bbox 687 2825 829 2883; x_wconf 85' lang='lat' dir='ltr'><strong>forte</strong></span> <span class='ocrx_word' id='word_1_308' title='bbox 872 2829 1317 2890; x_wconf 85' lang='lat' dir='ltr'><strong>irrationabiliter</strong></span> <span class='ocrx_word' id='word_1_309' title='bbox 1383 2840 1723 2908; x_wconf 88' lang='lat' dir='ltr'><strong>pr0positum</strong></span> <span class='ocrx_word' id='word_1_310' title='bbox 1768 2857 2078 2899; x_wconf 87' lang='lat' dir='ltr'><strong>sermonem</strong></span> 
     </span>
    </p>
   </div>
   <div class='ocr_carea' id='block_1_47' title="bbox 498 2919 2079 2999">
    <p class='ocr_par' dir='ltr' id='par_1_47' title="bbox 498 2919 2079 2999">
     <span class='ocr_line' id='line_1_47' title="bbox 498 2919 2079 2999; baseline 0.013 -27"><span class='ocrx_word' id='word_1_311' title='bbox 498 2919 788 2987; x_wconf 87' lang='lat' dir='ltr'><strong>speculans</strong></span> <span class='ocrx_word' id='word_1_312' title='bbox 851 2921 945 2991; x_wconf 91' lang='lat' dir='ltr'><strong>qui</strong></span> <span class='ocrx_word' id='word_1_313' title='bbox 1007 2924 1408 2999; x_wconf 89' lang='lat' dir='ltr'><strong>eleemosynam</strong></span> <span class='ocrx_word' id='word_1_314' title='bbox 1470 2931 1601 2985; x_wconf 89' lang='lat' dir='ltr'><strong>dicit</strong></span> <span class='ocrx_word' id='word_1_315' title='bbox 1650 2932 1842 2989; x_wconf 84' lang='lat' dir='ltr'><strong>decere</strong></span> <span class='ocrx_word' id='word_1_316' title='bbox 1898 2934 2079 2993; x_wconf 84' lang='lat' dir='ltr'><strong>facere</strong></span> 
     </span>
    </p>
   </div>
   <div class='ocr_carea' id='block_1_48' title="bbox 498 3012 2076 3089">
    <p class='ocr_par' dir='ltr' id='par_1_48' title="bbox 498 3012 2076 3089">
     <span class='ocr_line' id='line_1_48' title="bbox 498 3012 2076 3089; baseline 0.013 -25"><span class='ocrx_word' id='word_1_317' title='bbox 498 3025 735 3080; x_wconf 85' lang='lat' dir='ltr'><strong>semper,</strong></span> <span class='ocrx_word' id='word_1_318' title='bbox 760 3012 825 3067; x_wconf 88' lang='lat' dir='ltr'><strong>ad</strong></span> <span class='ocrx_word' id='word_1_319' title='bbox 852 3029 1119 3083; x_wconf 84' lang='lat' dir='ltr'><strong>perennes</strong></span> <span class='ocrx_word' id='word_1_320' title='bbox 1142 3032 1407 3089; x_wconf 87' lang='lat' dir='ltr'><strong>aquarum</strong></span> <span class='ocrx_word' id='word_1_321' title='bbox 1435 3024 1766 3080; x_wconf 88' lang='lat' dir='ltr'><strong>attendendo</strong></span> <span class='ocrx_word' id='word_1_322' title='bbox 1816 3027 1996 3083; x_wconf 84' lang='lat' dir='ltr'><strong>fontes</strong></span> <span class='ocrx_word' id='word_1_323' title='bbox 2024 3038 2076 3083; x_wconf 92' lang='lat' dir='ltr'><strong>et</strong></span> 
     </span>
    </p>
   </div>
   <div class='ocr_carea' id='block_1_49' title="bbox 500 3103 2147 3215">
    <p class='ocr_par' dir='ltr' id='par_1_49' title="bbox 500 3103 2147 3215">
     <span class='ocr_line' id='line_1_49' title="bbox 500 3103 2147 3215; baseline 0.014 -60"><span class='ocrx_word' id='word_1_324' title='bbox 500 3103 695 3157; x_wconf 80' lang='lat' dir='ltr'><strong>borum</strong></span> <span class='ocrx_word' id='word_1_325' title='bbox 738 3106 970 3162; x_wconf 85' lang='lat' dir='ltr'><strong>activam</strong></span> <span class='ocrx_word' id='word_1_326' title='bbox 1016 3110 1125 3163; x_wconf 91' lang='lat' dir='ltr'><strong>vim</strong></span> <span class='ocrx_word' id='word_1_327' title='bbox 1173 3111 1241 3165; x_wconf 88' lang='lat' dir='ltr'><strong>ad</strong></span> <span class='ocrx_word' id='word_1_328' title='bbox 1288 3113 1723 3172; x_wconf 77' lang='lat' dir='ltr'><strong>miseriCordiam</strong></span> <span class='ocrx_word' id='word_1_329' title='bbox 1770 3119 2147 3215; x_wconf 72' lang='lat' dir='ltr'><strong>imitationec</strong></span> 
     </span>
     <span class='ocr_line' id='line_1_50' title="bbox 500 3193 2043 3215; baseline 0 0"><span class='ocrx_word' id='word_1_330' title='bbox 500 3193 789 3215; x_wconf 47' lang='grc' dir='ltr'><strong>,μυί---μ</strong></span> <span class='ocrx_word' id='word_1_331' title='bbox 1283 3202 1296 3215; x_wconf 93' lang='grc'>.</span> <span class='ocrx_word' id='word_1_332' title='bbox 1450 3205 1499 3215; x_wconf 92' lang='grc'><strong>..</strong></span> <span class='ocrx_word' id='word_1_333' title='bbox 1729 3208 1747 3215; x_wconf 83' lang='grc'><strong>-</strong></span> <span class='ocrx_word' id='word_1_334' title='bbox 1842 3212 1854 3215; x_wconf 87' lang='grc'><strong>-</strong></span> <span class='ocrx_word' id='word_1_335' title='bbox 2038 3214 2043 3215; x_wconf 63' lang='lat'><strong>,</strong></span> 
     </span>
    </p>
   </div>
   <div class='ocr_carea' id='block_1_50' title="bbox 497 3193 2080 3279">
    <p class='ocr_par' dir='ltr' id='par_1_50' title="bbox 497 3193 2080 3279">
     <span class='ocr_line' id='line_1_51' title="bbox 497 3193 2080 3279; baseline 0.015 -34"><span class='ocrx_word' id='word_1_336' title='bbox 497 3193 814 3263; x_wconf 85' lang='lat' dir='ltr'><strong>transferre,</strong></span> <span class='ocrx_word' id='word_1_337' title='bbox 840 3206 896 3251; x_wconf 91' lang='lat' dir='ltr'><strong>et</strong></span> <span class='ocrx_word' id='word_1_338' title='bbox 913 3213 1021 3252; x_wconf 89' lang='lat' dir='ltr'><strong>non</strong></span> <span class='ocrx_word' id='word_1_339' title='bbox 1042 3200 1336 3272; x_wconf 87' lang='lat' dir='ltr'><strong>aliquando</strong></span> <span class='ocrx_word' id='word_1_340' title='bbox 1370 3205 1589 3275; x_wconf 88' lang='lat' dir='ltr'><strong>quidem</strong></span> <span class='ocrx_word' id='word_1_341' title='bbox 1619 3208 1953 3279; x_wconf 88' lang='lat' dir='ltr'><strong>profundere</strong></span> <span class='ocrx_word' id='word_1_342' title='bbox 1976 3214 2080 3267; x_wconf 89' lang='lat' dir='ltr'><strong>mi-</strong></span> 
     </span>
    </p>
   </div>
   <div class='ocr_carea' id='block_1_51' title="bbox 494 3286 2077 3368">
    <p class='ocr_par' dir='ltr' id='par_1_51' title="bbox 494 3286 2077 3368">
     <span class='ocr_line' id='line_1_52' title="bbox 494 3286 2077 3368; baseline 0.017 -33"><span class='ocrx_word' id='word_1_343' title='bbox 494 3286 845 3351; x_wconf 88' lang='lat' dir='ltr'><strong>serationem,</strong></span> <span class='ocrx_word' id='word_1_344' title='bbox 877 3288 1173 3359; x_wconf 85' lang='lat' dir='ltr'><strong>aliquando</strong></span> <span class='ocrx_word' id='word_1_345' title='bbox 1202 3310 1331 3350; x_wconf 89' lang='lat' dir='ltr'><strong>vero</strong></span> <span class='ocrx_word' id='word_1_346' title='bbox 1380 3301 1729 3368; x_wconf 83' lang='lat' dir='ltr'><strong>contrahere,</strong></span> <span class='ocrx_word' id='word_1_347' title='bbox 1760 3304 1854 3359; x_wconf 88' lang='lat' dir='ltr'><strong>sed</strong></span> <span class='ocrx_word' id='word_1_348' title='bbox 1895 3306 2077 3361; x_wconf 85' lang='lat' dir='ltr'><strong>conti-</strong></span> 
     </span>
    </p>
   </div>
   <div class='ocr_carea' id='block_1_52' title="bbox 495 3376 2077 3465">
    <p class='ocr_par' dir='ltr' id='par_1_52' title="bbox 495 3376 2077 3465">
     <span class='ocr_line' id='line_1_53' title="bbox 495 3376 2077 3465; baseline 0.016 -38"><span class='ocrx_word' id='word_1_349' title='bbox 495 3391 603 3429; x_wconf 87' lang='lat' dir='ltr'><strong>nua</strong></span> <span class='ocrx_word' id='word_1_350' title='bbox 642 3376 855 3433; x_wconf 72' lang='lat' dir='ltr'><strong>[luenda</strong></span> <span class='ocrx_word' id='word_1_351' title='bbox 894 3390 948 3435; x_wconf 91' lang='lat' dir='ltr'><strong>et</strong></span> <span class='ocrx_word' id='word_1_352' title='bbox 978 3398 1086 3439; x_wconf 90' lang='lat' dir='ltr'><strong>non</strong></span> <span class='ocrx_word' id='word_1_353' title='bbox 1115 3383 1413 3459; x_wconf 89' lang='lat' dir='ltr'><strong>intercepta</strong></span> <span class='ocrx_word' id='word_1_354' title='bbox 1436 3394 1623 3461; x_wconf 84' lang='lat' dir='ltr'><strong>egenis</strong></span> <span class='ocrx_word' id='word_1_355' title='bbox 1665 3395 1898 3465; x_wconf 87' lang='lat' dir='ltr'><strong>aperire.</strong></span> <span class='ocrx_word' id='word_1_356' title='bbox 1940 3396 2077 3453; x_wconf 89' lang='lat' dir='ltr'><strong>Tota</strong></span> 
     </span>
    </p>
   </div>
   <div class='ocr_carea' id='block_1_53' title="bbox 491 3468 2077 3551">
    <p class='ocr_par' dir='ltr' id='par_1_53' title="bbox 491 3468 2077 3551">
     <span class='ocr_line' id='line_1_54' title="bbox 491 3468 2077 3551; baseline 0.015 -33"><span class='ocrx_word' id='word_1_357' title='bbox 491 3468 638 3519; x_wconf 86' lang='lat' dir='ltr'><strong>enim</strong></span> <span class='ocrx_word' id='word_1_358' title='bbox 671 3468 759 3523; x_wconf 86' lang='lat' dir='ltr'><strong>die</strong></span> <span class='ocrx_word' id='word_1_359' title='bbox 794 3470 1083 3527; x_wconf 89' lang='lat' dir='ltr'><strong>miseretur</strong></span> <span class='ocrx_word' id='word_1_360' title='bbox 1119 3485 1173 3530; x_wconf 93' lang='lat' dir='ltr'><strong>et</strong></span> <span class='ocrx_word' id='word_1_361' title='bbox 1218 3481 1534 3535; x_wconf 83' lang='lat' dir='ltr'><strong>commodat</strong></span> <span class='ocrx_word' id='word_1_362' title='bbox 1585 3481 1869 3551; x_wconf 85' lang='lat' dir='ltr'><strong>Dominus,</strong></span> <span class='ocrx_word' id='word_1_363' title='bbox 1906 3485 2077 3542; x_wconf 86' lang='lat' dir='ltr'><strong>David</strong></span> 
     </span>
    </p>
   </div>
   <div class='ocr_carea' id='block_1_54' title="bbox 490 3557 2076 3644">
    <p class='ocr_par' dir='ltr' id='par_1_54' title="bbox 490 3557 2076 3644">
     <span class='ocr_line' id='line_1_55' title="bbox 490 3557 2076 3644; baseline 0.015 -37"><span class='ocrx_word' id='word_1_364' title='bbox 490 3564 575 3608; x_wconf 89' lang='lat' dir='ltr'><strong>est</strong></span> <span class='ocrx_word' id='word_1_365' title='bbox 628 3557 822 3611; x_wconf 84' lang='lat' dir='ltr'><strong>audire</strong></span> <span class='ocrx_word' id='word_1_366' title='bbox 872 3560 1231 3631; x_wconf 84' lang='lat' dir='ltr'><strong>psallentem;</strong></span> <span class='ocrx_word' id='word_1_367' title='bbox 1261 3574 1316 3620; x_wconf 96' lang='lat' dir='ltr'><strong>et</strong></span> <span class='ocrx_word' id='word_1_368' title='bbox 1358 3567 1405 3621; x_wconf 87' lang='lat' dir='ltr'><strong>si</strong></span> <span class='ocrx_word' id='word_1_369' title='bbox 1455 3572 1744 3625; x_wconf 84' lang='lat' dir='ltr'><strong>miseretur</strong></span> <span class='ocrx_word' id='word_1_370' title='bbox 1790 3575 2076 3644; x_wconf 87' lang='lat' dir='ltr'><strong>pauperis,</strong></span> 
     </span>
    </p>
   </div>
   <div class='ocr_carea' id='block_1_55' title="bbox 495 3648 2079 3730">
    <p class='ocr_par' dir='ltr' id='par_1_55' title="bbox 495 3648 2079 3730">
     <span class='ocr_line' id='line_1_56' title="bbox 495 3648 2079 3730; baseline 0.013 -29"><span class='ocrx_word' id='word_1_371' title='bbox 495 3648 771 3703; x_wconf 85' lang='lat' dir='ltr'><strong>feneratur</strong></span> <span class='ocrx_word' id='word_1_372' title='bbox 847 3649 988 3717; x_wconf 81' lang='lat' dir='ltr'><strong>Deo,</strong></span> <span class='ocrx_word' id='word_1_373' title='bbox 1041 3659 1319 3725; x_wconf 89' lang='lat' dir='ltr'><strong>quomodo</strong></span> <span class='ocrx_word' id='word_1_374' title='bbox 1364 3661 1490 3730; x_wconf 89' lang='lat' dir='ltr'><strong>quis</strong></span> <span class='ocrx_word' id='word_1_375' title='bbox 1556 3665 1721 3719; x_wconf 92' lang='lat' dir='ltr'><strong>Deum</strong></span> <span class='ocrx_word' id='word_1_376' title='bbox 1773 3681 1970 3723; x_wconf 87' lang='lat' dir='ltr'><strong>amans</strong></span> <span class='ocrx_word' id='word_1_377' title='bbox 2024 3677 2079 3724; x_wconf 88' lang='lat' dir='ltr'><strong>et</strong></span> 
     </span>
    </p>
   </div>
   <div class='ocr_carea' id='block_1_56' title="bbox 491 3740 2077 3823">
    <p class='ocr_par' dir='ltr' id='par_1_56' title="bbox 491 3740 2077 3823">
     <span class='ocr_line' id='line_1_57' title="bbox 491 3740 2077 3823; baseline 0.014 -29"><span class='ocrx_word' id='word_1_378' title='bbox 491 3740 614 3810; x_wconf 83' lang='lat' dir='ltr'><strong>ejus</strong></span> <span class='ocrx_word' id='word_1_379' title='bbox 643 3743 709 3796; x_wconf 85' lang='lat' dir='ltr'><strong>ad</strong></span> <span class='ocrx_word' id='word_1_380' title='bbox 746 3742 1160 3803; x_wconf 88' lang='lat' dir='ltr'><strong>similitudinem</strong></span> <span class='ocrx_word' id='word_1_381' title='bbox 1196 3766 1425 3809; x_wconf 75' lang='lat' dir='ltr'><strong>servans</strong></span> <span class='ocrx_word' id='word_1_382' title='bbox 1458 3756 1821 3823; x_wconf 89' lang='lat' dir='ltr'><strong>nobilitatem,</strong></span> <span class='ocrx_word' id='word_1_383' title='bbox 1871 3762 2077 3816; x_wconf 83' lang='lat' dir='ltr'><strong>tolera-</strong></span> 
     </span>
    </p>
   </div>
   <div class='ocr_carea' id='block_1_57' title="bbox 494 3834 2077 3921">
    <p class='ocr_par' dir='ltr' id='par_1_57' title="bbox 494 3834 2077 3921">
     <span class='ocr_line' id='line_1_58' title="bbox 494 3834 2077 3921; baseline 0.014 -35"><span class='ocrx_word' id='word_1_384' title='bbox 494 3834 600 3887; x_wconf 85' lang='lat' dir='ltr'><strong>bile</strong></span> <span class='ocrx_word' id='word_1_385' title='bbox 626 3834 791 3889; x_wconf 84' lang='lat' dir='ltr'><strong>ducat</strong></span> <span class='ocrx_word' id='word_1_386' title='bbox 820 3853 925 3891; x_wconf 86' lang='lat' dir='ltr'><strong>non</strong></span> <span class='ocrx_word' id='word_1_387' title='bbox 963 3855 1178 3910; x_wconf 86' lang='lat' dir='ltr'><strong>semper</strong></span> <span class='ocrx_word' id='word_1_388' title='bbox 1202 3843 1307 3897; x_wconf 88' lang='lat' dir='ltr'><strong>sibi</strong></span> <span class='ocrx_word' id='word_1_389' title='bbox 1329 3861 1521 3915; x_wconf 80' lang='lat' dir='ltr'><strong>parare</strong></span> <span class='ocrx_word' id='word_1_390' title='bbox 1557 3848 1856 3906; x_wconf 89' lang='lat' dir='ltr'><strong>debitorem</strong></span> <span class='ocrx_word' id='word_1_391' title='bbox 1884 3851 2077 3921; x_wconf 89' lang='lat' dir='ltr'><strong>Deum,</strong></span> 
     </span>
    </p>
   </div>
   <div class='ocr_carea' id='block_1_58' title="bbox 493 3925 2076 4008">
    <p class='ocr_par' dir='ltr' id='par_1_58' title="bbox 493 3925 2076 4008">
     <span class='ocr_line' id='line_1_59' title="bbox 493 3925 2076 4008; baseline 0.013 -28"><span class='ocrx_word' id='word_1_392' title='bbox 493 3925 589 3981; x_wconf 88' lang='lat' dir='ltr'><strong>sed</strong></span> <span class='ocrx_word' id='word_1_393' title='bbox 652 3929 947 3997; x_wconf 72' lang='lat' dir='ltr'><strong>przccidcre</strong></span> <span class='ocrx_word' id='word_1_394' title='bbox 1002 3942 1055 3987; x_wconf 91' lang='lat' dir='ltr'><strong>et</strong></span> <span class='ocrx_word' id='word_1_395' title='bbox 1107 3935 1304 3990; x_wconf 87' lang='lat' dir='ltr'><strong>orbare</strong></span> <span class='ocrx_word' id='word_1_396' title='bbox 1359 3939 1601 4008; x_wconf 77' lang='lat' dir='ltr'><strong>seipsum</strong></span> <span class='ocrx_word' id='word_1_397' title='bbox 1664 3943 1788 3999; x_wconf 91' lang='lat' dir='ltr'><strong>talis</strong></span> <span class='ocrx_word' id='word_1_398' title='bbox 1832 3960 1897 4000; x_wconf 90' lang='lat' dir='ltr'><strong>ac</strong></span> <span class='ocrx_word' id='word_1_399' title='bbox 1939 3947 2076 4002; x_wconf 90' lang='lat' dir='ltr'><strong>tanti</strong></span> 
     </span>
    </p>
   </div>
   <div class='ocr_carea' id='block_1_59' title="bbox 492 4017 2075 4110">
    <p class='ocr_par' dir='ltr' id='par_1_59' title="bbox 492 4017 2075 4110">
     <span class='ocr_line' id='line_1_60' title="bbox 492 4017 2075 4110; baseline 0.015 -39"><span class='ocrx_word' id='word_1_400' title='bbox 492 4017 627 4072; x_wconf 91' lang='lat' dir='ltr'><strong>lucri</strong></span> <span class='ocrx_word' id='word_1_401' title='bbox 659 4020 1020 4078; x_wconf 80' lang='lat' dir='ltr'><strong>collectione?</strong></span> <span class='ocrx_word' id='word_1_402' title='bbox 1051 4023 1399 4084; x_wconf 75' lang='lat' dir='ltr'><strong>Manifestum</strong></span> <span class='ocrx_word' id='word_1_403' title='bbox 1431 4040 1615 4087; x_wconf 91' lang='lat' dir='ltr'><strong>autem</strong></span> <span class='ocrx_word' id='word_1_404' title='bbox 1658 4035 1824 4090; x_wconf 86' lang='lat' dir='ltr'><strong>talem</strong></span> <span class='ocrx_word' id='word_1_405' title='bbox 1856 4052 2075 4110; x_wconf 88' lang='lat' dir='ltr'><strong>semper</strong></span> 
     </span>
    </p>
   </div>
   <div class='ocr_carea' id='block_1_60' title="bbox 491 4111 2075 4188">
    <p class='ocr_par' dir='ltr' id='par_1_60' title="bbox 491 4111 2075 4188">
     <span class='ocr_line' id='line_1_61' title="bbox 491 4111 2075 4188; baseline 0.016 -24"><span class='ocrx_word' id='word_1_406' title='bbox 491 4111 735 4181; x_wconf 85' lang='lat' dir='ltr'><strong>quidem,</strong></span> <span class='ocrx_word' id='word_1_407' title='bbox 768 4119 1071 4186; x_wconf 65' lang='lat' dir='ltr'><strong>praesertim</strong></span> <span class='ocrx_word' id='word_1_408' title='bbox 1100 4135 1229 4175; x_wconf 83' lang='lat' dir='ltr'><strong>vero</strong></span> <span class='ocrx_word' id='word_1_409' title='bbox 1282 4121 1334 4176; x_wconf 90' lang='lat' dir='ltr'><strong>in</strong></span> <span class='ocrx_word' id='word_1_410' title='bbox 1366 4125 1717 4182; x_wconf 89' lang='lat' dir='ltr'><strong>multitudine</strong></span> <span class='ocrx_word' id='word_1_411' title='bbox 1745 4129 1959 4186; x_wconf 90' lang='lat' dir='ltr'><strong>dierum</strong></span> <span class='ocrx_word' id='word_1_412' title='bbox 1994 4133 2075 4188; x_wconf 86' lang='lat' dir='ltr'><strong>in-</strong></span> 
     </span>
    </p>
   </div>
   <div class='ocr_carea' id='block_1_61' title="bbox 491 4214 2072 4283">
    <p class='ocr_par' dir='ltr' id='par_1_61' title="bbox 491 4214 2072 4283">
     <span class='ocr_line' id='line_1_62' title="bbox 491 4214 2072 4283; baseline 0.015 -27"><span class='ocrx_word' id='word_1_413' title='bbox 491 4215 811 4271; x_wconf 87' lang='lat' dir='ltr'><strong>venturum,</strong></span> <span class='ocrx_word' id='word_1_414' title='bbox 863 4224 1027 4279; x_wconf 92' lang='lat' dir='ltr'><strong>quam</strong></span> <span class='ocrx_word' id='word_1_415' title='bbox 1078 4214 1237 4281; x_wconf 89' lang='lat' dir='ltr'><strong>panis</strong></span> <span class='ocrx_word' id='word_1_416' title='bbox 1282 4217 1710 4275; x_wconf 85' lang='lat' dir='ltr'><strong>communicatio</strong></span> <span class='ocrx_word' id='word_1_417' title='bbox 1754 4223 2072 4283; x_wconf 82' lang='lat' dir='ltr'><strong>continuum</strong></span> 
     </span>
    </p>
   </div>
   <div class='ocr_carea' id='block_1_62' title="bbox 491 4298 1476 4380">
    <p class='ocr_par' dir='ltr' id='par_1_62' title="bbox 491 4298 1476 4380">
     <span class='ocr_line' id='line_1_63' title="bbox 491 4298 1476 4380; baseline 0.014 -29"><span class='ocrx_word' id='word_1_418' title='bbox 491 4298 901 4357; x_wconf 86' lang='lat' dir='ltr'><strong>retributionem</strong></span> <span class='ocrx_word' id='word_1_419' title='bbox 930 4308 1320 4364; x_wconf 84' lang='lat' dir='ltr'><strong>Ihesaurizavit</strong></span> <span class='ocrx_word' id='word_1_420' title='bbox 1350 4310 1476 4380; x_wconf 85' lang='lat' dir='ltr'><strong>ipsi.</strong></span> 
     </span>
    </p>
   </div>
   <div class='ocr_carea' id='block_1_63' title="bbox 561 4504 2147 4600">
    <p class='ocr_par' dir='ltr' id='par_1_63' title="bbox 561 4504 2147 4600">
     <span class='ocr_line' id='line_1_64' title="bbox 561 4504 2147 4600; baseline 0.018 -42"><span class='ocrx_word' id='word_1_421' title='bbox 561 4504 894 4563; x_wconf 82' lang='lat' dir='ltr'><strong>Mittitcerte</strong></span> <span class='ocrx_word' id='word_1_422' title='bbox 914 4523 1106 4578; x_wconf 80' lang='lat' dir='ltr'><strong>panem</strong></span> <span class='ocrx_word' id='word_1_423' title='bbox 1148 4515 1731 4582; x_wconf 85' lang='lat' dir='ltr'><strong>supersubstantialem</strong></span> <span class='ocrx_word' id='word_1_424' title='bbox 1772 4534 1827 4580; x_wconf 91' lang='lat' dir='ltr'><strong>et</strong></span> <span class='ocrx_word' id='word_1_425' title='bbox 1874 4528 2063 4600; x_wconf 85' lang='lat' dir='ltr'><strong>mysti—</strong></span> <span class='ocrx_word' id='word_1_426' title='bbox 2101 4512 2147 4568; x_wconf 80' lang='grc' dir='ltr'><strong>Ῑ)</strong></span> 
     </span>
    </p>
   </div>
   <div class='ocr_carea' id='block_1_64' title="bbox 488 4602 2074 4690">
    <p class='ocr_par' dir='ltr' id='par_1_64' title="bbox 488 4602 2074 4690">
     <span class='ocr_line' id='line_1_65' title="bbox 488 4602 2074 4690; baseline 0.015 -38"><span class='ocrx_word' id='word_1_427' title='bbox 488 4613 613 4652; x_wconf 90' lang='lat' dir='ltr'><strong>cum</strong></span> <span class='ocrx_word' id='word_1_428' title='bbox 641 4607 695 4652; x_wconf 80' lang='lat' dir='ltr'><strong>ct</strong></span> <span class='ocrx_word' id='word_1_429' title='bbox 726 4602 1118 4670; x_wconf 87' lang='lat' dir='ltr'><strong>mysteriorum</strong></span> <span class='ocrx_word' id='word_1_430' title='bbox 1157 4605 1404 4661; x_wconf 89' lang='lat' dir='ltr'><strong>initiator</strong></span> <span class='ocrx_word' id='word_1_431' title='bbox 1431 4626 1595 4680; x_wconf 82' lang='lat' dir='ltr'><strong>super</strong></span> <span class='ocrx_word' id='word_1_432' title='bbox 1624 4612 1822 4671; x_wconf 83' lang='lat' dir='ltr'><strong>faciem</strong></span> <span class='ocrx_word' id='word_1_433' title='bbox 1853 4634 2074 4690; x_wconf 84' lang='lat' dir='ltr'><strong>regene-</strong></span> 
     </span>
    </p>
   </div>
   <div class='ocr_carea' id='block_1_65' title="bbox 488 4691 2071 4784">
    <p class='ocr_par' dir='ltr' id='par_1_65' title="bbox 488 4691 2071 4784">
     <span class='ocr_line' id='line_1_66' title="bbox 488 4691 2071 4784; baseline 0.016 -40"><span class='ocrx_word' id='word_1_434' title='bbox 488 4691 720 4746; x_wconf 86' lang='lat' dir='ltr'><strong>rationis</strong></span> <span class='ocrx_word' id='word_1_435' title='bbox 766 4707 923 4764; x_wconf 72' lang='lat' dir='ltr'><strong>aqua:</strong></span> <span class='ocrx_word' id='word_1_436' title='bbox 964 4695 1032 4749; x_wconf 92' lang='lat' dir='ltr'><strong>iis</strong></span> <span class='ocrx_word' id='word_1_437' title='bbox 1066 4697 1158 4765; x_wconf 90' lang='lat' dir='ltr'><strong>qui</strong></span> <span class='ocrx_word' id='word_1_438' title='bbox 1208 4701 1485 4769; x_wconf 84' lang='lat' dir='ltr'><strong>mysteriis</strong></span> <span class='ocrx_word' id='word_1_439' title='bbox 1534 4704 1822 4765; x_wconf 86' lang='lat' dir='ltr'><strong>initiantur</strong></span> <span class='ocrx_word' id='word_1_440' title='bbox 1867 4720 1923 4766; x_wconf 92' lang='lat' dir='ltr'><strong>et</strong></span> <span class='ocrx_word' id='word_1_441' title='bbox 1973 4713 2071 4784; x_wconf 88' lang='lat' dir='ltr'><strong>qui</strong></span> 
     </span>
    </p>
   </div>
   <div class='ocr_carea' id='block_1_66' title="bbox 490 4783 2072 4861">
    <p class='ocr_par' dir='ltr' id='par_1_66' title="bbox 490 4783 2072 4861">
     <span class='ocr_line' id='line_1_67' title="bbox 490 4783 2072 4861; baseline 0.016 -25"><span class='ocrx_word' id='word_1_442' title='bbox 490 4783 858 4855; x_wconf 82' lang='lat' dir='ltr'><strong>indigentibus</strong></span> <span class='ocrx_word' id='word_1_443' title='bbox 905 4787 1112 4844; x_wconf 73' lang='lat' dir='ltr'><strong>ccclesti</strong></span> <span class='ocrx_word' id='word_1_444' title='bbox 1153 4798 1207 4844; x_wconf 93' lang='lat' dir='ltr'><strong>et</strong></span> <span class='ocrx_word' id='word_1_445' title='bbox 1257 4793 1498 4849; x_wconf 91' lang='lat' dir='ltr'><strong>animam</strong></span> <span class='ocrx_word' id='word_1_446' title='bbox 1551 4799 1910 4858; x_wconf 82' lang='lat' dir='ltr'><strong>conlirmante</strong></span> <span class='ocrx_word' id='word_1_447' title='bbox 1948 4783 2072 4861; x_wconf 82' lang='lat' dir='ltr'><strong>cibo</strong></span> 
     </span>
    </p>
   </div>
   <div class='ocr_carea' id='block_1_67' title="bbox 484 4876 2073 4966">
    <p class='ocr_par' dir='ltr' id='par_1_67' title="bbox 484 4876 2073 4966">
     <span class='ocr_line' id='line_1_68' title="bbox 484 4876 2073 4966; baseline 0.016 -37"><span class='ocrx_word' id='word_1_448' title='bbox 484 4876 690 4947; x_wconf 67' lang='lat' dir='ltr'><strong>praebet</strong></span> <span class='ocrx_word' id='word_1_449' title='bbox 722 4879 923 4948; x_wconf 88' lang='lat' dir='ltr'><strong>ipsum.</strong></span> <span class='ocrx_word' id='word_1_450' title='bbox 944 4882 1161 4938; x_wconf 83' lang='lat' dir='ltr'><strong>Etenim</strong></span> <span class='ocrx_word' id='word_1_451' title='bbox 1190 4894 1314 4955; x_wconf 92' lang='lat' dir='ltr'><strong>post</strong></span> <span class='ocrx_word' id='word_1_452' title='bbox 1334 4901 1489 4956; x_wconf 71' lang='lat' dir='ltr'><strong>aqua:</strong></span> <span class='ocrx_word' id='word_1_453' title='bbox 1512 4889 1753 4946; x_wconf 87' lang='lat' dir='ltr'><strong>divinam</strong></span> <span class='ocrx_word' id='word_1_454' title='bbox 1782 4909 2073 4966; x_wconf 86' lang='lat' dir='ltr'><strong>regenera-</strong></span> 
     </span>
    </p>
   </div>
   <div class='ocr_carea' id='block_1_68' title="bbox 487 4969 2069 5060">
    <p class='ocr_par' dir='ltr' id='par_1_68' title="bbox 487 4969 2069 5060">
     <span class='ocr_line' id='line_1_69' title="bbox 487 4969 2069 5060; baseline 0.015 -37"><span class='ocrx_word' id='word_1_455' title='bbox 487 4969 692 5025; x_wconf 90' lang='lat' dir='ltr'><strong>tionem</strong></span> <span class='ocrx_word' id='word_1_456' title='bbox 719 4974 963 5028; x_wconf 87' lang='lat' dir='ltr'><strong>coelestis</strong></span> <span class='ocrx_word' id='word_1_457' title='bbox 989 4986 1041 5030; x_wconf 90' lang='lat' dir='ltr'><strong>et</strong></span> <span class='ocrx_word' id='word_1_458' title='bbox 1066 4978 1314 5034; x_wconf 82' lang='lat' dir='ltr'><strong>viviﬁcus</strong></span> <span class='ocrx_word' id='word_1_459' title='bbox 1350 4982 1505 5049; x_wconf 89' lang='lat' dir='ltr'><strong>panis</strong></span> <span class='ocrx_word' id='word_1_460' title='bbox 1552 4988 1888 5054; x_wconf 83' lang='lat' dir='ltr'><strong>regeneratis</strong></span> <span class='ocrx_word' id='word_1_461' title='bbox 1928 5005 2069 5060; x_wconf 69' lang='lat' dir='ltr'><strong>pra:-</strong></span> 
     </span>
    </p>
   </div>
   <div class='ocr_carea' id='block_1_69' title="bbox 485 5065 2067 5151">
    <p class='ocr_par' dir='ltr' id='par_1_69' title="bbox 485 5065 2067 5151">
     <span class='ocr_line' id='line_1_70' title="bbox 485 5065 2067 5151; baseline 0.014 -35"><span class='ocrx_word' id='word_1_462' title='bbox 485 5066 665 5129; x_wconf 86' lang='lat' dir='ltr'><strong>bctur,</strong></span> <span class='ocrx_word' id='word_1_463' title='bbox 699 5075 753 5119; x_wconf 88' lang='lat' dir='ltr'><strong>et</strong></span> <span class='ocrx_word' id='word_1_464' title='bbox 786 5065 879 5135; x_wconf 86' lang='lat' dir='ltr'><strong>qui</strong></span> <span class='ocrx_word' id='word_1_465' title='bbox 915 5066 1061 5123; x_wconf 86' lang='lat' dir='ltr'><strong>hunc</strong></span> <span class='ocrx_word' id='word_1_466' title='bbox 1094 5068 1149 5123; x_wconf 87' lang='lat' dir='ltr'><strong>in</strong></span> <span class='ocrx_word' id='word_1_467' title='bbox 1185 5071 1451 5140; x_wconf 85' lang='lat' dir='ltr'><strong>sapientia</strong></span> <span class='ocrx_word' id='word_1_468' title='bbox 1484 5074 1786 5141; x_wconf 85' lang='lat' dir='ltr'><strong>distribuit,</strong></span> <span class='ocrx_word' id='word_1_469' title='bbox 1816 5089 1872 5135; x_wconf 90' lang='lat' dir='ltr'><strong>et</strong></span> <span class='ocrx_word' id='word_1_470' title='bbox 1909 5081 2067 5151; x_wconf 79' lang='lat' dir='ltr'><strong>juxta</strong></span> 
     </span>
    </p>
   </div>
   <div class='ocr_carea' id='block_1_70' title="bbox 482 5154 2067 5244">
    <p class='ocr_par' dir='ltr' id='par_1_70' title="bbox 482 5154 2067 5244">
     <span class='ocr_line' id='line_1_71' title="bbox 482 5154 2067 5244; baseline 0.015 -35"><span class='ocrx_word' id='word_1_471' title='bbox 482 5154 803 5226; x_wconf 89' lang='lat' dir='ltr'><strong>dignitatem</strong></span> <span class='ocrx_word' id='word_1_472' title='bbox 836 5159 1139 5230; x_wconf 86' lang='lat' dir='ltr'><strong>dispensat,</strong></span> <span class='ocrx_word' id='word_1_473' title='bbox 1188 5164 1395 5219; x_wconf 85' lang='lat' dir='ltr'><strong>invenit</strong></span> <span class='ocrx_word' id='word_1_474' title='bbox 1433 5180 1628 5235; x_wconf 85' lang='lat' dir='ltr'><strong>panem</strong></span> <span class='ocrx_word' id='word_1_475' title='bbox 1677 5186 1806 5227; x_wconf 87' lang='lat' dir='ltr'><strong>vere</strong></span> <span class='ocrx_word' id='word_1_476' title='bbox 1857 5177 1950 5244; x_wconf 91' lang='lat' dir='ltr'><strong>qui</strong></span> <span class='ocrx_word' id='word_1_477' title='bbox 1998 5176 2067 5231; x_wconf 90' lang='lat' dir='ltr'><strong>de</strong></span> 
     </span>
    </p>
   </div>
   <div class='ocr_carea' id='block_1_71' title="bbox 482 5248 2068 5339">
    <p class='ocr_par' dir='ltr' id='par_1_71' title="bbox 482 5248 2068 5339">
     <span class='ocr_line' id='line_1_72' title="bbox 482 5248 2068 5339; baseline 0.013 -36"><span class='ocrx_word' id='word_1_478' title='bbox 482 5248 628 5303; x_wconf 63' lang='lat' dir='ltr'><strong>coelo</strong></span> <span class='ocrx_word' id='word_1_479' title='bbox 656 5250 957 5319; x_wconf 87' lang='lat' dir='ltr'><strong>descendit,</strong></span> <span class='ocrx_word' id='word_1_480' title='bbox 991 5265 1045 5309; x_wconf 89' lang='lat' dir='ltr'><strong>et</strong></span> <span class='ocrx_word' id='word_1_481' title='bbox 1081 5255 1253 5310; x_wconf 84' lang='lat' dir='ltr'><strong>vitam</strong></span> <span class='ocrx_word' id='word_1_482' title='bbox 1297 5260 1503 5313; x_wconf 84' lang='lat' dir='ltr'><strong>mundo</strong></span> <span class='ocrx_word' id='word_1_483' title='bbox 1530 5259 1643 5327; x_wconf 89' lang='lat' dir='ltr'><strong>dat,</strong></span> <span class='ocrx_word' id='word_1_484' title='bbox 1696 5279 1913 5335; x_wconf 88' lang='lat' dir='ltr'><strong>semper</strong></span> <span class='ocrx_word' id='word_1_485' title='bbox 1941 5270 2068 5339; x_wconf 73' lang='lat' dir='ltr'><strong>qui~</strong></span> 
     </span>
    </p>
   </div>
   <div class='ocr_carea' id='block_1_72' title="bbox 482 5338 2063 5429">
    <p class='ocr_par' dir='ltr' id='par_1_72' title="bbox 482 5338 2063 5429">
     <span class='ocr_line' id='line_1_73' title="bbox 482 5338 2063 5429; baseline 0.017 -37"><span class='ocrx_word' id='word_1_486' title='bbox 482 5338 604 5393; x_wconf 89' lang='lat' dir='ltr'><strong>dem</strong></span> <span class='ocrx_word' id='word_1_487' title='bbox 652 5340 935 5400; x_wconf 75' lang='lat' dir='ltr'><strong>vivificaris</strong></span> <span class='ocrx_word' id='word_1_488' title='bbox 984 5344 1161 5417; x_wconf 87' lang='lat' dir='ltr'><strong>ipsum</strong></span> <span class='ocrx_word' id='word_1_489' title='bbox 1215 5358 1269 5403; x_wconf 93' lang='lat' dir='ltr'><strong>et</strong></span> <span class='ocrx_word' id='word_1_490' title='bbox 1313 5352 1647 5408; x_wconf 84' lang='lat' dir='ltr'><strong>conﬁrmans</strong></span> <span class='ocrx_word' id='word_1_491' title='bbox 1693 5368 1745 5411; x_wconf 89' lang='lat' dir='ltr'><strong>et</strong></span> <span class='ocrx_word' id='word_1_492' title='bbox 1789 5362 2063 5429; x_wconf 82' lang='lat' dir='ltr'><strong>nutriens,</strong></span> 
     </span>
    </p>
   </div>
   <div class='ocr_carea' id='block_1_73' title="bbox 481 5435 2066 5512">
    <p class='ocr_par' dir='ltr' id='par_1_73' title="bbox 481 5435 2066 5512">
     <span class='ocr_line' id='line_1_74' title="bbox 481 5435 2066 5512; baseline 0.018 -30"><span class='ocrx_word' id='word_1_493' title='bbox 481 5435 782 5498; x_wconf 68' lang='lat' dir='ltr'><strong>praesertim</strong></span> <span class='ocrx_word' id='word_1_494' title='bbox 811 5451 941 5493; x_wconf 86' lang='lat' dir='ltr'><strong>vero</strong></span> <span class='ocrx_word' id='word_1_495' title='bbox 975 5439 1027 5494; x_wconf 93' lang='lat' dir='ltr'><strong>in</strong></span> <span class='ocrx_word' id='word_1_496' title='bbox 1061 5448 1305 5511; x_wconf 90' lang='lat' dir='ltr'><strong>tempore</strong></span> <span class='ocrx_word' id='word_1_497' title='bbox 1331 5443 1443 5499; x_wconf 87' lang='lat' dir='ltr'><strong>vita</strong></span> <span class='ocrx_word' id='word_1_498' title='bbox 1478 5446 1794 5505; x_wconf 71' lang='lat' dir='ltr'><strong>iuncturum</strong></span> <span class='ocrx_word' id='word_1_499' title='bbox 1836 5456 2066 5512; x_wconf 88' lang='lat' dir='ltr'><strong>retribu-</strong></span> 
     </span>
    </p>
   </div>
   <div class='ocr_carea' id='block_1_74' title="bbox 485 5519 2061 5603">
    <p class='ocr_par' dir='ltr' id='par_1_74' title="bbox 485 5519 2061 5603">
     <span class='ocr_line' id='line_1_75' title="bbox 485 5519 2061 5603; baseline 0.019 -31"><span class='ocrx_word' id='word_1_500' title='bbox 485 5519 668 5579; x_wconf 86' lang='lat' dir='ltr'><strong>tionis.</strong></span> <span class='ocrx_word' id='word_1_501' title='bbox 718 5523 858 5581; x_wconf 89' lang='lat' dir='ltr'><strong>Sunt</strong></span> <span class='ocrx_word' id='word_1_502' title='bbox 909 5536 1090 5584; x_wconf 89' lang='lat' dir='ltr'><strong>tamen</strong></span> <span class='ocrx_word' id='word_1_503' title='bbox 1121 5532 1344 5601; x_wconf 88' lang='lat' dir='ltr'><strong>quidam</strong></span> <span class='ocrx_word' id='word_1_504' title='bbox 1378 5536 1471 5602; x_wconf 86' lang='lat' dir='ltr'><strong>qui</strong></span> <span class='ocrx_word' id='word_1_505' title='bbox 1519 5545 1574 5593; x_wconf 91' lang='lat' dir='ltr'><strong>et</strong></span> <span class='ocrx_word' id='word_1_506' title='bbox 1626 5542 1790 5596; x_wconf 71' lang='lat' dir='ltr'><strong>talem</strong></span> <span class='ocrx_word' id='word_1_507' title='bbox 1838 5560 2061 5603; x_wconf 90' lang='lat' dir='ltr'><strong>sensum</strong></span> 
     </span>
    </p>
   </div>
   <div class='ocr_carea' id='block_1_75' title="bbox 484 5611 2059 5708">
    <p class='ocr_par' dir='ltr' id='par_1_75' title="bbox 484 5611 2059 5708">
     <span class='ocr_line' id='line_1_76' title="bbox 484 5611 2059 5708; baseline 0.019 -43"><span class='ocrx_word' id='word_1_508' title='bbox 484 5611 629 5670; x_wconf 87' lang='lat' dir='ltr'><strong>dicto</strong></span> <span class='ocrx_word' id='word_1_509' title='bbox 659 5617 943 5686; x_wconf 75' lang='lat' dir='ltr'><strong>subiacere</strong></span> <span class='ocrx_word' id='word_1_510' title='bbox 988 5634 1182 5692; x_wconf 89' lang='lat' dir='ltr'><strong>putant</strong></span> <span class='ocrx_word' id='word_1_511' title='bbox 1214 5646 1226 5682; x_wconf 92' lang='lat'>:</span> <span class='ocrx_word' id='word_1_512' title='bbox 1265 5643 1373 5684; x_wconf 92' lang='lat' dir='ltr'><strong>non</strong></span> <span class='ocrx_word' id='word_1_513' title='bbox 1420 5640 1635 5701; x_wconf 87' lang='lat' dir='ltr'><strong>oportet</strong></span> <span class='ocrx_word' id='word_1_514' title='bbox 1672 5636 1822 5691; x_wconf 83' lang='lat' dir='ltr'><strong>curis</strong></span> <span class='ocrx_word' id='word_1_515' title='bbox 1867 5639 2059 5708; x_wconf 87' lang='lat' dir='ltr'><strong>agitari</strong></span> 
     </span>
    </p>
   </div>
   <div class='ocr_carea' id='block_1_76' title="bbox 558 5746 1061 5814">
    <p class='ocr_par' dir='ltr' id='par_1_76' title="bbox 558 5746 1061 5814">
     <span class='ocr_line' id='line_1_77' title="bbox 558 5746 1061 5814; baseline 0.02 -17"><span class='ocrx_word' id='word_1_516' title='bbox 558 5747 579 5776; x_wconf 82' lang='lat'><strong><em>&quot;</em></strong></span> <span class='ocrx_word' id='word_1_517' title='bbox 610 5746 755 5802; x_wconf 85' lang='lat' dir='ltr'><strong>Psal.</strong></span> <span class='ocrx_word' id='word_1_518' title='bbox 786 5765 973 5814; x_wconf 76' lang='lat' dir='ltr'><strong>exuit,</strong></span> <span class='ocrx_word' id='word_1_519' title='bbox 1010 5755 1061 5808; x_wconf 92' lang='lat'><strong>7.</strong></span> 
     </span>
    </p>
   </div>
   <div class='ocr_carea' id='block_1_77' title="bbox 2191 1901 3783 1991">
    <p class='ocr_par' dir='ltr' id='par_1_77' title="bbox 2191 1901 3783 1991">
     <span class='ocr_line' id='line_1_78' title="bbox 2191 1901 3783 1991; baseline 0.014 -38"><span class='ocrx_word' id='word_1_520' title='bbox 2191 1901 2306 1966; x_wconf 81' lang='grc' dir='ltr'>ζειν</span> <span class='ocrx_word' id='word_1_521' title='bbox 2359 1904 2565 1959; x_wconf 77' lang='grc' dir='ltr'>ὑδατα’</span> <span class='ocrx_word' id='word_1_522' title='bbox 2614 1925 2633 1957; x_wconf 75' lang='grc' dir='ltr'>ι</span> <span class='ocrx_word' id='word_1_523' title='bbox 2670 1907 2861 1962; x_wconf 82' lang='grc' dir='ltr'>Ῥῦσαι</span> <span class='ocrx_word' id='word_1_524' title='bbox 2910 1911 3019 1980; x_wconf 76' lang='grc' dir='ltr'>γάρ</span> <span class='ocrx_word' id='word_1_525' title='bbox 3082 1929 3217 1981; x_wconf 73' lang='grc' dir='ltr'>με.»</span> <span class='ocrx_word' id='word_1_526' title='bbox 3276 1915 3447 1985; x_wconf 80' lang='grc' dir='ltr'>φησὶν</span> <span class='ocrx_word' id='word_1_527' title='bbox 3500 1918 3529 1970; x_wconf 91' lang='lat'><strong>6</strong></span> <span class='ocrx_word' id='word_1_528' title='bbox 3587 1920 3648 1973; x_wconf 80' lang='grc' dir='ltr'><strong>ἐν</strong></span> <span class='ocrx_word' id='word_1_529' title='bbox 3703 1922 3783 1991; x_wconf 83' lang='grc' dir='ltr'><strong>τῷ</strong></span> 
     </span>
    </p>
   </div>
   <div class='ocr_carea' id='block_1_78' title="bbox 2190 1992 3783 2085">
    <p class='ocr_par' dir='ltr' id='par_1_78' title="bbox 2190 1992 3783 2085">
     <span class='ocr_line' id='line_1_79' title="bbox 2190 1992 3783 2085; baseline 0.014 -39"><span class='ocrx_word' id='word_1_530' title='bbox 2190 1992 2469 2065; x_wconf 87' lang='grc' dir='ltr'>Πνεύματι</span> <span class='ocrx_word' id='word_1_531' title='bbox 2529 1997 2749 2067; x_wconf 77' lang='grc' dir='ltr'>ψάλλων</span> <span class='ocrx_word' id='word_1_532' title='bbox 2773 2041 2787 2066; x_wconf 93' lang='grc'><strong>,</strong></span> <span class='ocrx_word' id='word_1_533' title='bbox 2826 2020 2844 2052; x_wconf 82' lang='lat' dir='ltr'><strong>t</strong></span> <span class='ocrx_word' id='word_1_534' title='bbox 2872 2002 2928 2068; x_wconf 79' lang='grc' dir='ltr'>ἐξ</span> <span class='ocrx_word' id='word_1_535' title='bbox 2963 2004 3173 2057; x_wconf 76' lang='grc' dir='ltr'>ὑδάτων</span> <span class='ocrx_word' id='word_1_536' title='bbox 3232 2007 3468 2075; x_wconf 87' lang='grc' dir='ltr'>πολλῶν,</span> <span class='ocrx_word' id='word_1_537' title='bbox 3498 2011 3564 2065; x_wconf 88' lang='grc' dir='ltr'><strong>ἐκ</strong></span> <span class='ocrx_word' id='word_1_538' title='bbox 3599 2016 3783 2085; x_wconf 76' lang='grc' dir='ltr'>χειρὸς</span> 
     </span>
    </p>
   </div>
   <div class='ocr_carea' id='block_1_79' title="bbox 2188 2084 3782 2175">
    <p class='ocr_par' dir='ltr' id='par_1_79' title="bbox 2188 2084 3782 2175">
     <span class='ocr_line' id='line_1_80' title="bbox 2188 2084 3782 2175; baseline 0.015 -39"><span class='ocrx_word' id='word_1_539' title='bbox 2188 2084 2321 2139; x_wconf 89' lang='grc' dir='ltr'>υἱῶν</span> <span class='ocrx_word' id='word_1_540' title='bbox 2357 2087 2676 2161; x_wconf 88' lang='grc' dir='ltr'>ἀλλοτρίων.</span> <span class='ocrx_word' id='word_1_541' title='bbox 2702 2110 2722 2142; x_wconf 73' lang='grc' dir='ltr'>ι</span> <span class='ocrx_word' id='word_1_542' title='bbox 2762 2092 2821 2146; x_wconf 87' lang='grc' dir='ltr'>Ὀ</span> <span class='ocrx_word' id='word_1_543' title='bbox 2848 2093 3031 2147; x_wconf 87' lang='grc' dir='ltr'>τοίνυν</span> <span class='ocrx_word' id='word_1_544' title='bbox 3080 2096 3187 2150; x_wconf 88' lang='grc' dir='ltr'><strong>τῶν</strong></span> <span class='ocrx_word' id='word_1_545' title='bbox 3214 2099 3378 2170; x_wconf 82' lang='grc' dir='ltr'>ἱερῶν</span> <span class='ocrx_word' id='word_1_546' title='bbox 3435 2084 3782 2175; x_wconf 82' lang='grc' dir='ltr'>μαθημάτων</span> 
     </span>
    </p>
   </div>
   <div class='ocr_carea' id='block_1_80' title="bbox 2186 2173 3776 2262">
    <p class='ocr_par' dir='ltr' id='par_1_80' title="bbox 2186 2173 3776 2262">
     <span class='ocr_line' id='line_1_81' title="bbox 2186 2173 3776 2262; baseline 0.016 -35"><span class='ocrx_word' id='word_1_547' title='bbox 2186 2173 2502 2242; x_wconf 81' lang='grc' dir='ltr'>διδάσκαλος</span> <span class='ocrx_word' id='word_1_548' title='bbox 2526 2181 2616 2233; x_wconf 84' lang='grc' dir='ltr'>τὸν</span> <span class='ocrx_word' id='word_1_549' title='bbox 2648 2182 2923 2253; x_wconf 80' lang='grc' dir='ltr'>τρέφοντα</span> <span class='ocrx_word' id='word_1_550' title='bbox 2946 2185 3049 2256; x_wconf 82' lang='grc' dir='ltr'>τὴν</span> <span class='ocrx_word' id='word_1_551' title='bbox 3080 2186 3260 2261; x_wconf 73' lang='grc' dir='ltr'>ψυχὴν</span> <span class='ocrx_word' id='word_1_552' title='bbox 3302 2191 3468 2262; x_wconf 84' lang='grc' dir='ltr'>ἄρτον</span> <span class='ocrx_word' id='word_1_553' title='bbox 3490 2195 3550 2247; x_wconf 83' lang='grc' dir='ltr'>ὃν</span> <span class='ocrx_word' id='word_1_554' title='bbox 3576 2173 3776 2253; x_wconf 76' lang='grc' dir='ltr'>θεόθεν</span> 
     </span>
    </p>
   </div>
   <div class='ocr_carea' id='block_1_81' title="bbox 2186 2269 3776 2361">
    <p class='ocr_par' dir='ltr' id='par_1_81' title="bbox 2186 2269 3776 2361">
     <span class='ocr_line' id='line_1_82' title="bbox 2186 2269 3776 2361; baseline 0.018 -45"><span class='ocrx_word' id='word_1_555' title='bbox 2186 2269 2631 2342; x_wconf 80' lang='grc' dir='ltr'>κατεπιστεύθη,</span> <span class='ocrx_word' id='word_1_556' title='bbox 2688 2274 2879 2327; x_wconf 75' lang='grc' dir='ltr'>τοῦτον</span> <span class='ocrx_word' id='word_1_557' title='bbox 2936 2278 3143 2347; x_wconf 83' lang='grc' dir='ltr'>ὀφείλει</span> <span class='ocrx_word' id='word_1_558' title='bbox 3198 2282 3276 2353; x_wconf 85' lang='grc' dir='ltr'><strong>τῷ</strong></span> <span class='ocrx_word' id='word_1_559' title='bbox 3322 2283 3433 2340; x_wconf 86' lang='grc' dir='ltr'><strong>τῶν</strong></span> <span class='ocrx_word' id='word_1_560' title='bbox 3485 2288 3776 2361; x_wconf 81' lang='grc' dir='ltr'>ἀκροατῶν</span> 
     </span>
    </p>
   </div>
   <div class='ocr_carea' id='block_1_82' title="bbox 2186 2354 3779 2451">
    <p class='ocr_par' dir='ltr' id='par_1_82' title="bbox 2186 2354 3779 2451">
     <span class='ocr_line' id='line_1_83' title="bbox 2186 2354 3779 2451; baseline 0.019 -42"><span class='ocrx_word' id='word_1_561' title='bbox 2186 2354 2382 2426; x_wconf 85' lang='grc' dir='ltr'>πλήθει</span> <span class='ocrx_word' id='word_1_562' title='bbox 2440 2362 2611 2430; x_wconf 79' lang='grc' dir='ltr'>χωρὶς</span> <span class='ocrx_word' id='word_1_563' title='bbox 2670 2364 2944 2436; x_wconf 77' lang='grc' dir='ltr'>ἀναϐολῆς</span> <span class='ocrx_word' id='word_1_564' title='bbox 3012 2370 3193 2443; x_wconf 81' lang='grc' dir='ltr'>πάσης</span> <span class='ocrx_word' id='word_1_565' title='bbox 3256 2376 3350 2428; x_wconf 74' lang='grc' dir='ltr'>καὶ</span> <span class='ocrx_word' id='word_1_566' title='bbox 3426 2354 3779 2451; x_wconf 78' lang='grc' dir='ltr'>ὑπερθέσεως</span> 
     </span>
    </p>
   </div>
   <div class='ocr_carea' id='block_1_83' title="bbox 2184 2447 3781 2546">
    <p class='ocr_par' dir='ltr' id='par_1_83' title="bbox 2184 2447 3781 2546">
     <span class='ocr_line' id='line_1_84' title="bbox 2184 2447 3781 2546; baseline 0.019 -46"><span class='ocrx_word' id='word_1_567' title='bbox 2184 2447 2485 2519; x_wconf 83' lang='grc' dir='ltr'>διανέμειν,</span> <span class='ocrx_word' id='word_1_568' title='bbox 2526 2452 2621 2506; x_wconf 78' lang='grc' dir='ltr'>καὶ</span> <span class='ocrx_word' id='word_1_569' title='bbox 2676 2456 2949 2525; x_wconf 88' lang='grc' dir='ltr'>μηδέποτε</span> <span class='ocrx_word' id='word_1_570' title='bbox 2980 2462 3084 2532; x_wconf 84' lang='grc' dir='ltr'>τῆς</span> <span class='ocrx_word' id='word_1_571' title='bbox 3131 2466 3398 2537; x_wconf 82' lang='grc' dir='ltr'>χορηγίας</span> <span class='ocrx_word' id='word_1_572' title='bbox 3448 2447 3781 2546; x_wconf 81' lang='grc' dir='ltr'>ἀποστερεῖν</span> 
     </span>
    </p>
   </div>
   <div class='ocr_carea' id='block_1_84' title="bbox 2183 2540 3778 2631">
    <p class='ocr_par' dir='ltr' id='par_1_84' title="bbox 2183 2540 3778 2631">
     <span class='ocr_line' id='line_1_85' title="bbox 2183 2540 3778 2631; baseline 0.02 -41"><span class='ocrx_word' id='word_1_573' title='bbox 2183 2540 2311 2602; x_wconf 77' lang='grc' dir='ltr'>τοὺς</span> <span class='ocrx_word' id='word_1_574' title='bbox 2355 2541 2411 2593; x_wconf 88' lang='grc' dir='ltr'>ἐν</span> <span class='ocrx_word' id='word_1_575' title='bbox 2452 2543 2612 2613; x_wconf 75' lang='grc' dir='ltr'>χρείᾳ</span> <span class='ocrx_word' id='word_1_576' title='bbox 2675 2546 2881 2617; x_wconf 86' lang='grc' dir='ltr'>ταύτης</span> <span class='ocrx_word' id='word_1_577' title='bbox 2927 2552 3382 2626; x_wconf 81' lang='grc' dir='ltr'>καθισταμένους.</span> <span class='ocrx_word' id='word_1_578' title='bbox 3455 2563 3566 2616; x_wconf 77' lang='grc' dir='ltr'><strong>Καὶ</strong></span> <span class='ocrx_word' id='word_1_579' title='bbox 3625 2540 3711 2631; x_wconf 84' lang='grc' dir='ltr'><strong>τίς</strong></span> <span class='ocrx_word' id='word_1_580' title='bbox 3748 2570 3778 2622; x_wconf 89' lang='lat'><strong>6</strong></span> 
     </span>
    </p>
   </div>
   <div class='ocr_carea' id='block_1_85' title="bbox 2185 2627 3780 2726">
    <p class='ocr_par' dir='ltr' id='par_1_85' title="bbox 2185 2627 3780 2726">
     <span class='ocr_line' id='line_1_86' title="bbox 2185 2627 3780 2726; baseline 0.02 -47"><span class='ocrx_word' id='word_1_581' title='bbox 2185 2627 2378 2697; x_wconf 86' lang='grc' dir='ltr'>μισθὸς</span> <span class='ocrx_word' id='word_1_582' title='bbox 2406 2630 2505 2700; x_wconf 84' lang='grc' dir='ltr'>τῆς</span> <span class='ocrx_word' id='word_1_583' title='bbox 2536 2633 2919 2705; x_wconf 79' lang='grc' dir='ltr'>φιλανθρώπου</span> <span class='ocrx_word' id='word_1_584' title='bbox 2950 2641 3155 2711; x_wconf 83' lang='grc' dir='ltr'>ταύτης</span> <span class='ocrx_word' id='word_1_585' title='bbox 3204 2646 3510 2719; x_wconf 77' lang='grc' dir='ltr'>ἐργασίας;</span> <span class='ocrx_word' id='word_1_586' title='bbox 3549 2654 3581 2725; x_wconf 76' lang='grc' dir='ltr'>ἢ</span> <span class='ocrx_word' id='word_1_587' title='bbox 3617 2627 3780 2726; x_wconf 77' lang='grc' dir='ltr'>δῆλον</span> 
     </span>
    </p>
   </div>
   <div class='ocr_carea' id='block_1_86' title="bbox 2181 2719 3776 2812">
    <p class='ocr_par' dir='ltr' id='par_1_86' title="bbox 2181 2719 3776 2812">
     <span class='ocr_line' id='line_1_87' title="bbox 2181 2719 3776 2812; baseline 0.022 -43"><span class='ocrx_word' id='word_1_588' title='bbox 2181 2719 2211 2771; x_wconf 97' lang='lat'><strong>6</strong></span> <span class='ocrx_word' id='word_1_589' title='bbox 2240 2720 2297 2771; x_wconf 83' lang='grc' dir='ltr'>έν</span> <span class='ocrx_word' id='word_1_590' title='bbox 2328 2719 2406 2791; x_wconf 82' lang='grc' dir='ltr'>τῷ</span> <span class='ocrx_word' id='word_1_591' title='bbox 2436 2721 2632 2793; x_wconf 83' lang='grc' dir='ltr'>πλήθει</span> <span class='ocrx_word' id='word_1_592' title='bbox 2672 2727 2781 2780; x_wconf 88' lang='grc' dir='ltr'>τῶν</span> <span class='ocrx_word' id='word_1_593' title='bbox 2809 2730 3038 2802; x_wconf 87' lang='grc' dir='ltr'>ήμερῶν</span> <span class='ocrx_word' id='word_1_594' title='bbox 3069 2719 3582 2812; x_wconf 51' lang='grc' dir='ltr'>ἀνταποδιδόμενοςξ</span> <span class='ocrx_word' id='word_1_595' title='bbox 3620 2719 3776 2803; x_wconf 69' lang='grc' dir='ltr'>’έπει</span> 
     </span>
    </p>
   </div>
   <div class='ocr_carea' id='block_1_87' title="bbox 2181 2808 3776 2901">
    <p class='ocr_par' dir='ltr' id='par_1_87' title="bbox 2181 2808 3776 2901">
     <span class='ocr_line' id='line_1_88' title="bbox 2181 2808 3776 2901; baseline 0.022 -41"><span class='ocrx_word' id='word_1_596' title='bbox 2181 2808 2335 2863; x_wconf 84' lang='grc' dir='ltr'>δὲτὸ</span> <span class='ocrx_word' id='word_1_597' title='bbox 2391 2811 2535 2885; x_wconf 77' lang='grc' dir='ltr'>ὕδωρ</span> <span class='ocrx_word' id='word_1_598' title='bbox 2584 2816 2877 2891; x_wconf 72' lang='grc' dir='ltr'>διαφόρους</span> <span class='ocrx_word' id='word_1_599' title='bbox 2928 2826 3272 2896; x_wconf 83' lang='grc' dir='ltr'>πραγμάτων</span> <span class='ocrx_word' id='word_1_600' title='bbox 3327 2808 3615 2901; x_wconf 71' lang='grc' dir='ltr'>ὑποθέσεις</span> <span class='ocrx_word' id='word_1_601' title='bbox 3686 2842 3776 2894; x_wconf 78' lang='lat' dir='ltr'><strong>al-</strong></span> 
     </span>
    </p>
   </div>
   <div class='ocr_carea' id='block_1_88' title="bbox 2181 2905 3775 3001">
    <p class='ocr_par' dir='ltr' id='par_1_88' title="bbox 2181 2905 3775 3001">
     <span class='ocr_line' id='line_1_89' title="bbox 2181 2905 3775 3001; baseline 0.021 -48"><span class='ocrx_word' id='word_1_602' title='bbox 2181 2905 2524 2973; x_wconf 76' lang='grc' dir='ltr'>νιγματίζειν</span> <span class='ocrx_word' id='word_1_603' title='bbox 2560 2909 2805 2977; x_wconf 79' lang='grc' dir='ltr'>δύναται,</span> <span class='ocrx_word' id='word_1_604' title='bbox 2852 2914 2937 2986; x_wconf 84' lang='grc' dir='ltr'><strong>εἴη</strong></span> <span class='ocrx_word' id='word_1_605' title='bbox 2972 2916 3038 2969; x_wconf 85' lang='grc' dir='ltr'>ἂν</span> <span class='ocrx_word' id='word_1_606' title='bbox 3061 2919 3162 2971; x_wconf 68' lang='grc' dir='ltr'><strong>οὐκ</strong></span> <span class='ocrx_word' id='word_1_607' title='bbox 3189 2921 3402 2991; x_wconf 77' lang='grc' dir='ltr'>ἀλόγως</span> <span class='ocrx_word' id='word_1_608' title='bbox 3427 2926 3520 2981; x_wconf 86' lang='grc' dir='ltr'>τὸν</span> <span class='ocrx_word' id='word_1_609' title='bbox 3547 2932 3775 3001; x_wconf 82' lang='grc' dir='ltr'>προκεί-</span> 
     </span>
    </p>
   </div>
   <div class='ocr_carea' id='block_1_89' title="bbox 2182 2993 3763 3088">
    <p class='ocr_par' dir='ltr' id='par_1_89' title="bbox 2182 2993 3763 3088">
     <span class='ocr_line' id='line_1_90' title="bbox 2182 2993 3763 3088; baseline 0.022 -47"><span class='ocrx_word' id='word_1_610' title='bbox 2182 3008 2345 3061; x_wconf 88' lang='grc' dir='ltr'>μενον</span> <span class='ocrx_word' id='word_1_611' title='bbox 2411 2993 2568 3063; x_wconf 90' lang='grc' dir='ltr'>λόγον</span> <span class='ocrx_word' id='word_1_612' title='bbox 2636 2998 2861 3071; x_wconf 90' lang='grc' dir='ltr'>θεωρῶν</span> <span class='ocrx_word' id='word_1_613' title='bbox 2914 3005 2942 3057; x_wconf 90' lang='lat'><strong>6</strong></span> <span class='ocrx_word' id='word_1_614' title='bbox 2990 3005 3089 3077; x_wconf 80' lang='grc' dir='ltr'>τὴν</span> <span class='ocrx_word' id='word_1_615' title='bbox 3150 3010 3526 3088; x_wconf 76' lang='grc' dir='ltr'>ἐλεημοσύνην</span> <span class='ocrx_word' id='word_1_616' title='bbox 3586 2993 3763 3088; x_wconf 83' lang='grc' dir='ltr'>λέγων</span> 
     </span>
    </p>
   </div>
   <div class='ocr_carea' id='block_1_90' title="bbox 2182 3087 3775 3179">
    <p class='ocr_par' dir='ltr' id='par_1_90' title="bbox 2182 3087 3775 3179">
     <span class='ocr_line' id='line_1_91' title="bbox 2182 3087 3775 3179; baseline 0.02 -42"><span class='ocrx_word' id='word_1_617' title='bbox 2182 3087 2484 3158; x_wconf 79' lang='grc' dir='ltr'>προσήκειν</span> <span class='ocrx_word' id='word_1_618' title='bbox 2514 3091 2847 3161; x_wconf 82' lang='grc' dir='ltr'>ἐργάζεσθαι</span> <span class='ocrx_word' id='word_1_619' title='bbox 2868 3095 2960 3150; x_wconf 88' lang='grc' dir='ltr'><strong>διά</strong></span> <span class='ocrx_word' id='word_1_620' title='bbox 2989 3098 3191 3165; x_wconf 85' lang='grc' dir='ltr'>παντὸς</span> <span class='ocrx_word' id='word_1_621' title='bbox 3214 3104 3351 3175; x_wconf 85' lang='grc' dir='ltr'>πρὸς</span> <span class='ocrx_word' id='word_1_622' title='bbox 3372 3108 3471 3172; x_wconf 73' lang='grc' dir='ltr'><strong>τὰς</strong></span> <span class='ocrx_word' id='word_1_623' title='bbox 3508 3087 3775 3179; x_wconf 70' lang='grc' dir='ltr'>ἀεννάους</span> 
     </span>
    </p>
   </div>
   <div class='ocr_carea' id='block_1_91' title="bbox 2185 3175 3773 3271">
    <p class='ocr_par' dir='ltr' id='par_1_91' title="bbox 2185 3175 3773 3271">
     <span class='ocr_line' id='line_1_92' title="bbox 2185 3175 3773 3271; baseline 0.019 -43"><span class='ocrx_word' id='word_1_624' title='bbox 2185 3175 2294 3229; x_wconf 89' lang='grc' dir='ltr'>τῶν</span> <span class='ocrx_word' id='word_1_625' title='bbox 2338 3178 2545 3233; x_wconf 84' lang='grc' dir='ltr'>ὑδάτων</span> <span class='ocrx_word' id='word_1_626' title='bbox 2605 3183 2929 3251; x_wconf 79' lang='grc' dir='ltr'>ἐνατενίζων</span> <span class='ocrx_word' id='word_1_627' title='bbox 2982 3193 3189 3262; x_wconf 75' lang='grc' dir='ltr'>πηγὰς,</span> <span class='ocrx_word' id='word_1_628' title='bbox 3248 3198 3343 3249; x_wconf 76' lang='grc' dir='ltr'>καὶ</span> <span class='ocrx_word' id='word_1_629' title='bbox 3395 3199 3494 3271; x_wconf 78' lang='grc' dir='ltr'>τὴν</span> <span class='ocrx_word' id='word_1_630' title='bbox 3542 3175 3773 3259; x_wconf 78' lang='grc' dir='ltr'>ἐκείνων</span> 
     </span>
    </p>
   </div>
   <div class='ocr_carea' id='block_1_92' title="bbox 2186 3269 3776 3363">
    <p class='ocr_par' dir='ltr' id='par_1_92' title="bbox 2186 3269 3776 3363">
     <span class='ocr_line' id='line_1_93' title="bbox 2186 3269 3776 3363; baseline 0.018 -42"><span class='ocrx_word' id='word_1_631' title='bbox 2186 3269 2470 3341; x_wconf 83' lang='grc' dir='ltr'>ἐνέργειαν</span> <span class='ocrx_word' id='word_1_632' title='bbox 2491 3273 2587 3327; x_wconf 75' lang='grc' dir='ltr'>ἐπὶ</span> <span class='ocrx_word' id='word_1_633' title='bbox 2614 3275 2705 3329; x_wconf 81' lang='grc' dir='ltr'>τὸν</span> <span class='ocrx_word' id='word_1_634' title='bbox 2741 3277 2889 3332; x_wconf 74' lang='grc' dir='ltr'>ἔλεον</span> <span class='ocrx_word' id='word_1_635' title='bbox 2908 3283 2975 3352; x_wconf 82' lang='grc' dir='ltr'>τῇ</span> <span class='ocrx_word' id='word_1_636' title='bbox 3008 3288 3241 3355; x_wconf 84' lang='grc' dir='ltr'>μιμήσει</span> <span class='ocrx_word' id='word_1_637' title='bbox 3274 3269 3608 3363; x_wconf 77' lang='grc' dir='ltr'>μεταφέρειν</span> <span class='ocrx_word' id='word_1_638' title='bbox 3628 3310 3643 3325; x_wconf 81' lang='grc'><strong><em>⁸</em></strong></span> <span class='ocrx_word' id='word_1_639' title='bbox 3678 3297 3776 3350; x_wconf 73' lang='grc' dir='ltr'>καὶ</span> 
     </span>
    </p>
   </div>
   <div class='ocr_carea' id='block_1_93' title="bbox 2189 3358 3772 3453">
    <p class='ocr_par' dir='ltr' id='par_1_93' title="bbox 2189 3358 3772 3453">
     <span class='ocr_line' id='line_1_94' title="bbox 2189 3358 3772 3453; baseline 0.02 -43"><span class='ocrx_word' id='word_1_640' title='bbox 2189 3358 2265 3428; x_wconf 85' lang='grc' dir='ltr'>μὴ</span> <span class='ocrx_word' id='word_1_641' title='bbox 2300 3361 2432 3415; x_wconf 81' lang='grc' dir='ltr'>ποτὲ</span> <span class='ocrx_word' id='word_1_642' title='bbox 2462 3362 2563 3433; x_wconf 85' lang='grc' dir='ltr'><strong>μὲν</strong></span> <span class='ocrx_word' id='word_1_643' title='bbox 2594 3367 2850 3437; x_wconf 86' lang='grc' dir='ltr'>προχέειν</span> <span class='ocrx_word' id='word_1_644' title='bbox 2863 3368 2954 3424; x_wconf 76' lang='grc' dir='ltr'><strong>τὸν</strong></span> <span class='ocrx_word' id='word_1_645' title='bbox 2982 3371 3157 3440; x_wconf 76' lang='grc' dir='ltr'>ἔλεον,</span> <span class='ocrx_word' id='word_1_646' title='bbox 3177 3378 3309 3430; x_wconf 85' lang='grc' dir='ltr'>ποτέ</span> <span class='ocrx_word' id='word_1_647' title='bbox 3327 3379 3382 3432; x_wconf 82' lang='grc' dir='ltr'><strong>δὲ</strong></span> <span class='ocrx_word' id='word_1_648' title='bbox 3397 3358 3772 3453; x_wconf 72' lang='grc' dir='ltr'>ἀναστέλλειν,</span> 
     </span>
    </p>
   </div>
   <div class='ocr_carea' id='block_1_94' title="bbox 2184 3449 3766 3547">
    <p class='ocr_par' dir='ltr' id='par_1_94' title="bbox 2184 3449 3766 3547">
     <span class='ocr_line' id='line_1_95' title="bbox 2184 3449 3766 3547; baseline 0.019 -45"><span class='ocrx_word' id='word_1_649' title='bbox 2184 3449 2325 3504; x_wconf 88' lang='grc' dir='ltr'><strong>ἀλλά</strong></span> <span class='ocrx_word' id='word_1_650' title='bbox 2353 3451 2576 3525; x_wconf 84' lang='grc' dir='ltr'>διηνεκῆ</span> <span class='ocrx_word' id='word_1_651' title='bbox 2612 3456 2681 3509; x_wconf 86' lang='grc' dir='ltr'><strong>τά</strong></span> <span class='ocrx_word' id='word_1_652' title='bbox 2708 3459 2903 3532; x_wconf 77' lang='grc' dir='ltr'>ῥεῖθρα</span> <span class='ocrx_word' id='word_1_653' title='bbox 2933 3464 3025 3517; x_wconf 77' lang='grc' dir='ltr'>καὶ</span> <span class='ocrx_word' id='word_1_654' title='bbox 3045 3465 3304 3540; x_wconf 85' lang='grc' dir='ltr'>ἀδιάδοχα</span> <span class='ocrx_word' id='word_1_655' title='bbox 3326 3473 3440 3536; x_wconf 84' lang='grc' dir='ltr'>τοῖς</span> <span class='ocrx_word' id='word_1_656' title='bbox 3468 3449 3766 3547; x_wconf 71' lang='grc' dir='ltr'>χρῄζουσιν</span> 
     </span>
    </p>
   </div>
   <div class='ocr_carea' id='block_1_95' title="bbox 2185 3541 3773 3632">
    <p class='ocr_par' dir='ltr' id='par_1_95' title="bbox 2185 3541 3773 3632">
     <span class='ocr_line' id='line_1_96' title="bbox 2185 3541 3773 3632; baseline 0.02 -39"><span class='ocrx_word' id='word_1_657' title='bbox 2185 3541 2530 3632; x_wconf 77' lang='grc' dir='ltr'>ἀναϐλύζειν.</span> <span class='ocrx_word' id='word_1_658' title='bbox 2562 3547 2731 3621; x_wconf 88' lang='grc' dir='ltr'>Ὅλην</span> <span class='ocrx_word' id='word_1_659' title='bbox 2760 3552 2872 3625; x_wconf 90' lang='grc' dir='ltr'><strong>γάρ</strong></span> <span class='ocrx_word' id='word_1_660' title='bbox 2928 3555 3029 3627; x_wconf 82' lang='grc' dir='ltr'>τὴν</span> <span class='ocrx_word' id='word_1_661' title='bbox 3053 3559 3273 3632; x_wconf 81' lang='grc' dir='ltr'>ἡμέραν</span> <span class='ocrx_word' id='word_1_662' title='bbox 3309 3541 3574 3621; x_wconf 84' lang='grc' dir='ltr'>ἐλεεῖ</span> <span class='ocrx_word' id='word_1_663' title='bbox 3595 3568 3773 3625; x_wconf 83' lang='grc' dir='ltr'>δανεί-</span> 
     </span>
    </p>
   </div>
   <div class='ocr_carea' id='block_1_96' title="bbox 2185 3630 3769 3728">
    <p class='ocr_par' dir='ltr' id='par_1_96' title="bbox 2185 3630 3769 3728">
     <span class='ocr_line' id='line_1_97' title="bbox 2185 3630 3769 3728; baseline 0.021 -44"><span class='ocrx_word' id='word_1_664' title='bbox 2185 3630 2313 3696; x_wconf 82' lang='grc' dir='ltr'>ζειό</span> <span class='ocrx_word' id='word_1_665' title='bbox 2337 3634 2563 3708; x_wconf 85' lang='grc' dir='ltr'>Κύριος,</span> <span class='ocrx_word' id='word_1_666' title='bbox 2594 3640 2690 3695; x_wconf 82' lang='grc' dir='ltr'>τοῦ</span> <span class='ocrx_word' id='word_1_667' title='bbox 2744 3643 2908 3699; x_wconf 82' lang='grc' dir='ltr'>Δαυῒδ</span> <span class='ocrx_word' id='word_1_668' title='bbox 2962 3647 3111 3702; x_wconf 81' lang='grc' dir='ltr'>ἔστιν</span> <span class='ocrx_word' id='word_1_669' title='bbox 3145 3630 3367 3708; x_wconf 84' lang='grc' dir='ltr'>ἀκούειν</span> <span class='ocrx_word' id='word_1_670' title='bbox 3426 3658 3723 3728; x_wconf 80' lang='grc' dir='ltr'>ψάλλοντος</span> <span class='ocrx_word' id='word_1_671' title='bbox 3752 3679 3769 3694; x_wconf 77' lang='grc'><strong><em>⁸</em></strong></span> 
     </span>
    </p>
   </div>
   <div class='ocr_carea' id='block_1_97' title="bbox 2185 3724 3773 3818">
    <p class='ocr_par' dir='ltr' id='par_1_97' title="bbox 2185 3724 3773 3818">
     <span class='ocr_line' id='line_1_98' title="bbox 2185 3724 3773 3818; baseline 0.021 -43"><span class='ocrx_word' id='word_1_672' title='bbox 2185 3724 2280 3777; x_wconf 75' lang='grc' dir='ltr'><strong>καὶ</strong></span> <span class='ocrx_word' id='word_1_673' title='bbox 2305 3727 2354 3779; x_wconf 91' lang='grc' dir='ltr'>εί</span> <span class='ocrx_word' id='word_1_674' title='bbox 2380 3727 2407 3780; x_wconf 91' lang='lat'><strong>6</strong></span> <span class='ocrx_word' id='word_1_675' title='bbox 2439 3727 2606 3784; x_wconf 87' lang='grc' dir='ltr'>ἐλεῶν</span> <span class='ocrx_word' id='word_1_676' title='bbox 2665 3735 2908 3806; x_wconf 84' lang='grc' dir='ltr'>πτωχὸν,</span> <span class='ocrx_word' id='word_1_677' title='bbox 2955 3737 3189 3805; x_wconf 75' lang='grc' dir='ltr'>δανείζει</span> <span class='ocrx_word' id='word_1_678' title='bbox 3239 3743 3379 3816; x_wconf 82' lang='grc' dir='ltr'>Θεῷ,</span> <span class='ocrx_word' id='word_1_679' title='bbox 3586 3751 3653 3806; x_wconf 85' lang='grc' dir='ltr'>ἄν</span> <span class='ocrx_word' id='word_1_680' title='bbox 3688 3724 3773 3818; x_wconf 81' lang='grc' dir='ltr'>τις</span> 
     </span>
    </p>
   </div>
   <div class='ocr_carea' id='block_1_98' title="bbox 2186 3816 3770 3913">
    <p class='ocr_par' dir='ltr' id='par_1_98' title="bbox 2186 3816 3770 3913">
     <span class='ocr_line' id='line_1_99' title="bbox 2186 3816 3770 3913; baseline 0.02 -46"><span class='ocrx_word' id='word_1_681' title='bbox 2186 3816 2431 3884; x_wconf 78' lang='grc' dir='ltr'>φιλόθεος</span> <span class='ocrx_word' id='word_1_682' title='bbox 2451 3818 2525 3874; x_wconf 81' lang='grc' dir='ltr'><strong>ὢν</strong></span> <span class='ocrx_word' id='word_1_683' title='bbox 2554 3822 2650 3876; x_wconf 76' lang='grc' dir='ltr'>καὶ</span> <span class='ocrx_word' id='word_1_684' title='bbox 2698 3827 2790 3880; x_wconf 73' lang='grc' dir='ltr'><strong>τοῦ</strong></span> <span class='ocrx_word' id='word_1_685' title='bbox 2831 3830 2952 3882; x_wconf 85' lang='grc' dir='ltr'>κατ’</span> <span class='ocrx_word' id='word_1_686' title='bbox 2986 3832 3174 3886; x_wconf 73' lang='grc' dir='ltr'>εἰκόνα</span> <span class='ocrx_word' id='word_1_687' title='bbox 3209 3834 3399 3901; x_wconf 77' lang='grc' dir='ltr'>σώζων</span> <span class='ocrx_word' id='word_1_688' title='bbox 3429 3840 3490 3893; x_wconf 85' lang='grc' dir='ltr'><strong>τὸ</strong></span> <span class='ocrx_word' id='word_1_689' title='bbox 3520 3842 3770 3913; x_wconf 81' lang='grc' dir='ltr'>εὐγενὲς,</span> 
     </span>
    </p>
   </div>
   <div class='ocr_carea' id='block_1_99' title="bbox 2183 3908 3769 4005">
    <p class='ocr_par' dir='ltr' id='par_1_99' title="bbox 2183 3908 3769 4005">
     <span class='ocr_line' id='line_1_100' title="bbox 2183 3908 3769 4005; baseline 0.02 -45"><span class='ocrx_word' id='word_1_690' title='bbox 2183 3908 2412 3964; x_wconf 84' lang='grc' dir='ltr'>ἀνεκτὸν</span> <span class='ocrx_word' id='word_1_691' title='bbox 2436 3913 2703 3985; x_wconf 81' lang='grc' dir='ltr'>ἡγήσαιτο</span> <span class='ocrx_word' id='word_1_692' title='bbox 2735 3919 2811 3989; x_wconf 81' lang='grc' dir='ltr'>μὴ</span> <span class='ocrx_word' id='word_1_693' title='bbox 2841 3921 2929 3973; x_wconf 81' lang='grc' dir='ltr'><strong>διὰ</strong></span> <span class='ocrx_word' id='word_1_694' title='bbox 2967 3924 3168 3989; x_wconf 83' lang='grc' dir='ltr'>παντὸς</span> <span class='ocrx_word' id='word_1_695' title='bbox 3195 3926 3374 4000; x_wconf 86' lang='grc' dir='ltr'>ἐαυτῷ</span> <span class='ocrx_word' id='word_1_696' title='bbox 3409 3908 3769 4005; x_wconf 49' lang='grc' dir='ltr'>παρασδιευάέ</span> 
     </span>
    </p>
   </div>
   <div class='ocr_carea' id='block_1_100' title="bbox 2184 3998 3769 4091">
    <p class='ocr_par' dir='ltr' id='par_1_100' title="bbox 2184 3998 3769 4091">
     <span class='ocr_line' id='line_1_101' title="bbox 2184 3998 3769 4091; baseline 0.02 -40"><span class='ocrx_word' id='word_1_697' title='bbox 2184 3998 2298 4062; x_wconf 81' lang='grc' dir='ltr'>ζειν</span> <span class='ocrx_word' id='word_1_698' title='bbox 2344 4002 2627 4076; x_wconf 87' lang='grc' dir='ltr'>χρεώστην</span> <span class='ocrx_word' id='word_1_699' title='bbox 2686 4009 2776 4062; x_wconf 84' lang='grc' dir='ltr'>τὸν</span> <span class='ocrx_word' id='word_1_700' title='bbox 2825 4010 2961 4065; x_wconf 76' lang='grc' dir='ltr'>Θεὸν</span> <span class='ocrx_word' id='word_1_701' title='bbox 2995 4054 3011 4077; x_wconf 91' lang='grc'><strong>,</strong></span> <span class='ocrx_word' id='word_1_702' title='bbox 3066 4014 3205 4070; x_wconf 84' lang='grc' dir='ltr'>ἀλλὰ</span> <span class='ocrx_word' id='word_1_703' title='bbox 3264 3998 3625 4091; x_wconf 75' lang='grc' dir='ltr'>περικόπτειν</span> <span class='ocrx_word' id='word_1_704' title='bbox 3673 4030 3769 4082; x_wconf 73' lang='grc' dir='ltr'>καὶ</span> 
     </span>
    </p>
   </div>
   <div class='ocr_carea' id='block_1_101' title="bbox 2181 4091 3769 4176">
    <p class='ocr_par' dir='ltr' id='par_1_101' title="bbox 2181 4091 3769 4176">
     <span class='ocr_line' id='line_1_102' title="bbox 2181 4091 3769 4176; baseline 0.02 -33"><span class='ocrx_word' id='word_1_705' title='bbox 2181 4091 2509 4165; x_wconf 77' lang='grc' dir='ltr'>ἀποστερεῖν</span> <span class='ocrx_word' id='word_1_706' title='bbox 2563 4098 2758 4154; x_wconf 79' lang='grc' dir='ltr'>ἑαυτὸν</span> <span class='ocrx_word' id='word_1_707' title='bbox 2806 4102 2901 4155; x_wconf 79' lang='grc' dir='ltr'>τοῦ</span> <span class='ocrx_word' id='word_1_708' title='bbox 2970 4106 3294 4176; x_wconf 89' lang='grc' dir='ltr'>τηλικούτου</span> <span class='ocrx_word' id='word_1_709' title='bbox 3344 4113 3440 4167; x_wconf 80' lang='grc' dir='ltr'>καὶ</span> <span class='ocrx_word' id='word_1_710' title='bbox 3509 4119 3769 4174; x_wconf 89' lang='grc' dir='ltr'>τοσούτου</span> 
     </span>
    </p>
   </div>
   <div class='ocr_carea' id='block_1_102' title="bbox 2261 4547 3767 4635">
    <p class='ocr_par' dir='ltr' id='par_1_102' title="bbox 2261 4547 3767 4635">
     <span class='ocr_line' id='line_1_103' title="bbox 2261 4547 3767 4635; baseline 0.02 -35"><span class='ocrx_word' id='word_1_711' title='bbox 2261 4547 2603 4607; x_wconf 81' lang='grc' dir='ltr'>Ἀποστέλλει</span> <span class='ocrx_word' id='word_1_712' title='bbox 2651 4554 2834 4625; x_wconf 81' lang='grc' dir='ltr'>μέντοι</span> <span class='ocrx_word' id='word_1_713' title='bbox 2888 4575 2949 4627; x_wconf 90' lang='grc' dir='ltr'><strong>γε</strong></span> <span class='ocrx_word' id='word_1_714' title='bbox 2993 4559 3086 4615; x_wconf 83' lang='grc' dir='ltr'>τὸν</span> <span class='ocrx_word' id='word_1_715' title='bbox 3128 4560 3297 4635; x_wconf 83' lang='grc' dir='ltr'>ἄρτον</span> <span class='ocrx_word' id='word_1_716' title='bbox 3349 4566 3444 4623; x_wconf 79' lang='grc' dir='ltr'>τὸν</span> <span class='ocrx_word' id='word_1_717' title='bbox 3487 4571 3767 4630; x_wconf 87' lang='grc' dir='ltr'>ἐπιούσιον</span> 
     </span>
    </p>
   </div>
   <div class='ocr_carea' id='block_1_103' title="bbox 2177 4638 3762 4729">
    <p class='ocr_par' dir='ltr' id='par_1_103' title="bbox 2177 4638 3762 4729">
     <span class='ocr_line' id='line_1_104' title="bbox 2177 4638 3762 4729; baseline 0.019 -39"><span class='ocrx_word' id='word_1_718' title='bbox 2177 4638 2270 4691; x_wconf 73' lang='grc' dir='ltr'>καὶ</span> <span class='ocrx_word' id='word_1_719' title='bbox 2327 4642 2591 4709; x_wconf 78' lang='grc' dir='ltr'>μυστικὸν</span> <span class='ocrx_word' id='word_1_720' title='bbox 2624 4646 2718 4698; x_wconf 79' lang='grc' dir='ltr'>καὶ</span> <span class='ocrx_word' id='word_1_721' title='bbox 2742 4648 2771 4699; x_wconf 90' lang='lat'><strong>6</strong></span> <span class='ocrx_word' id='word_1_722' title='bbox 2808 4652 3172 4721; x_wconf 81' lang='grc' dir='ltr'>μυσταγωγὸς</span> <span class='ocrx_word' id='word_1_723' title='bbox 3204 4654 3299 4709; x_wconf 78' lang='grc' dir='ltr'>ἐπὶ</span> <span class='ocrx_word' id='word_1_724' title='bbox 3345 4658 3641 4729; x_wconf 91' lang='grc' dir='ltr'>πρόσωπον</span> <span class='ocrx_word' id='word_1_725' title='bbox 3668 4667 3762 4720; x_wconf 82' lang='grc' dir='ltr'><strong>τοῦ</strong></span> 
     </span>
    </p>
   </div>
   <div class='ocr_carea' id='block_1_104' title="bbox 2173 4729 3764 4825">
    <p class='ocr_par' dir='ltr' id='par_1_104' title="bbox 2173 4729 3764 4825">
     <span class='ocr_line' id='line_1_105' title="bbox 2173 4729 3764 4825; baseline 0.018 -42"><span class='ocrx_word' id='word_1_726' title='bbox 2173 4729 2277 4800; x_wconf 83' lang='grc' dir='ltr'>τῆς</span> <span class='ocrx_word' id='word_1_727' title='bbox 2331 4732 2752 4804; x_wconf 87' lang='grc' dir='ltr'>παλιγγενεσίας</span> <span class='ocrx_word' id='word_1_728' title='bbox 2802 4737 2995 4805; x_wconf 80' lang='grc' dir='ltr'>ὕδατος</span> <span class='ocrx_word' id='word_1_729' title='bbox 3041 4746 3155 4807; x_wconf 83' lang='grc' dir='ltr'>τοῖς</span> <span class='ocrx_word' id='word_1_730' title='bbox 3206 4757 3764 4825; x_wconf 86' lang='grc' dir='ltr'>μυσταγωγουμένοις</span> 
     </span>
    </p>
   </div>
   <div class='ocr_carea' id='block_1_105' title="bbox 2174 4824 3753 4919">
    <p class='ocr_par' dir='ltr' id='par_1_105' title="bbox 2174 4824 3753 4919">
     <span class='ocr_line' id='line_1_106' title="bbox 2174 4824 3753 4919; baseline 0.017 -43"><span class='ocrx_word' id='word_1_731' title='bbox 2174 4824 2271 4877; x_wconf 76' lang='grc' dir='ltr'>καὶ</span> <span class='ocrx_word' id='word_1_732' title='bbox 2298 4825 2575 4896; x_wconf 81' lang='grc' dir='ltr'>δεομένοις</span> <span class='ocrx_word' id='word_1_733' title='bbox 2607 4829 2864 4899; x_wconf 82' lang='grc' dir='ltr'>οὐρανίου</span> <span class='ocrx_word' id='word_1_734' title='bbox 2899 4833 2994 4887; x_wconf 62' lang='grc' dir='ltr'><strong>καὶ⁵</strong></span> <span class='ocrx_word' id='word_1_735' title='bbox 3016 4835 3193 4907; x_wconf 82' lang='grc' dir='ltr'>ψυχὴν</span> <span class='ocrx_word' id='word_1_736' title='bbox 3228 4824 3597 4916; x_wconf 72' lang='grc' dir='ltr'>στηριζούσης</span> <span class='ocrx_word' id='word_1_737' title='bbox 3624 4866 3753 4919; x_wconf 89' lang='grc' dir='ltr'>τρο-</span> 
     </span>
    </p>
   </div>
   <div class='ocr_carea' id='block_1_106' title="bbox 2174 4915 3765 5007">
    <p class='ocr_par' dir='ltr' id='par_1_106' title="bbox 2174 4915 3765 5007">
     <span class='ocr_line' id='line_1_107' title="bbox 2174 4915 3765 5007; baseline 0.011 -29"><span class='ocrx_word' id='word_1_738' title='bbox 2174 4915 2282 4984; x_wconf 83' lang='grc' dir='ltr'><strong>φῆς</strong></span> <span class='ocrx_word' id='word_1_739' title='bbox 2312 4917 2569 4988; x_wconf 84' lang='grc' dir='ltr'>παρέχων</span> <span class='ocrx_word' id='word_1_740' title='bbox 2619 4922 2801 4976; x_wconf 85' lang='grc' dir='ltr'>αὐτόν.</span> <span class='ocrx_word' id='word_1_741' title='bbox 2850 4925 2961 4979; x_wconf 75' lang='grc' dir='ltr'><strong>Καὶ</strong></span> <span class='ocrx_word' id='word_1_742' title='bbox 3001 4927 3107 5001; x_wconf 81' lang='grc' dir='ltr'><strong>γὰρ</strong></span> <span class='ocrx_word' id='word_1_743' title='bbox 3138 4930 3279 4999; x_wconf 77' lang='grc' dir='ltr'>μετὰ</span> <span class='ocrx_word' id='word_1_744' title='bbox 3304 4933 3403 5004; x_wconf 78' lang='grc' dir='ltr'>τὴν</span> <span class='ocrx_word' id='word_1_745' title='bbox 3440 4937 3535 4990; x_wconf 84' lang='grc' dir='ltr'><strong>τοῦ</strong></span> <span class='ocrx_word' id='word_1_746' title='bbox 3569 4915 3765 5007; x_wconf 74' lang='grc' dir='ltr'>ὕδατος</span> 
     </span>
    </p>
   </div>
   <div class='ocr_carea' id='block_1_107' title="bbox 2174 5006 3765 5101">
    <p class='ocr_par' dir='ltr' id='par_1_107' title="bbox 2174 5006 3765 5101">
     <span class='ocr_line' id='line_1_108' title="bbox 2174 5006 3765 5101; baseline 0.019 -43"><span class='ocrx_word' id='word_1_747' title='bbox 2174 5006 2328 5060; x_wconf 89' lang='grc' dir='ltr'>θείαν</span> <span class='ocrx_word' id='word_1_748' title='bbox 2388 5008 2749 5083; x_wconf 84' lang='grc' dir='ltr'>ἀναγέννησιν</span> <span class='ocrx_word' id='word_1_749' title='bbox 2775 5015 2803 5067; x_wconf 92' lang='lat'><strong>6</strong></span> <span class='ocrx_word' id='word_1_750' title='bbox 2836 5016 3090 5088; x_wconf 83' lang='grc' dir='ltr'>οὐράνιος</span> <span class='ocrx_word' id='word_1_751' title='bbox 3150 5021 3247 5075; x_wconf 71' lang='grc' dir='ltr'><strong>καὶ</strong></span> <span class='ocrx_word' id='word_1_752' title='bbox 3305 5022 3569 5093; x_wconf 82' lang='grc' dir='ltr'>ζωοποιὸς</span> <span class='ocrx_word' id='word_1_753' title='bbox 3597 5006 3765 5101; x_wconf 81' lang='grc' dir='ltr'>ἄρτος</span> 
     </span>
    </p>
   </div>
   <div class='ocr_carea' id='block_1_108' title="bbox 2172 5099 3766 5189">
    <p class='ocr_par' dir='ltr' id='par_1_108' title="bbox 2172 5099 3766 5189">
     <span class='ocr_line' id='line_1_109' title="bbox 2172 5099 3766 5189; baseline 0.019 -40"><span class='ocrx_word' id='word_1_754' title='bbox 2172 5100 2286 5161; x_wconf 85' lang='grc' dir='ltr'>τοῖς</span> <span class='ocrx_word' id='word_1_755' title='bbox 2344 5099 2758 5174; x_wconf 85' lang='grc' dir='ltr'>ἀναγεννηθείσι</span> <span class='ocrx_word' id='word_1_756' title='bbox 2806 5111 3217 5182; x_wconf 85' lang='grc' dir='ltr'>προσφέρεται·</span> <span class='ocrx_word' id='word_1_757' title='bbox 3279 5118 3428 5171; x_wconf 82' lang='grc' dir='ltr'>καὶὸ</span> <span class='ocrx_word' id='word_1_758' title='bbox 3463 5136 3527 5189; x_wconf 90' lang='grc' dir='ltr'><strong>γε</strong></span> <span class='ocrx_word' id='word_1_759' title='bbox 3572 5099 3766 5179; x_wconf 68' lang='grc' dir='ltr'>τούτο-ι</span> 
     </span>
    </p>
   </div>
   <div class='ocr_carea' id='block_1_109' title="bbox 2170 5190 3761 5287">
    <p class='ocr_par' dir='ltr' id='par_1_109' title="bbox 2170 5190 3761 5287">
     <span class='ocr_line' id='line_1_110' title="bbox 2170 5190 3761 5287; baseline 0.018 -46"><span class='ocrx_word' id='word_1_760' title='bbox 2170 5191 2229 5242; x_wconf 89' lang='grc' dir='ltr'>ἐν</span> <span class='ocrx_word' id='word_1_761' title='bbox 2250 5190 2412 5265; x_wconf 76' lang='grc' dir='ltr'>σοφίᾳ</span> <span class='ocrx_word' id='word_1_762' title='bbox 2460 5193 2730 5267; x_wconf 87' lang='grc' dir='ltr'>διανέμων</span> <span class='ocrx_word' id='word_1_763' title='bbox 2758 5198 2854 5253; x_wconf 76' lang='grc' dir='ltr'>καὶ</span> <span class='ocrx_word' id='word_1_764' title='bbox 2895 5203 3019 5254; x_wconf 86' lang='grc' dir='ltr'>κατ’</span> <span class='ocrx_word' id='word_1_765' title='bbox 3052 5204 3213 5270; x_wconf 80' lang='grc' dir='ltr'>ἀξίαν</span> <span class='ocrx_word' id='word_1_766' title='bbox 3242 5209 3566 5280; x_wconf 74' lang='grc' dir='ltr'>οἰκονομῶν,</span> <span class='ocrx_word' id='word_1_767' title='bbox 3629 5209 3761 5287; x_wconf 81' lang='grc' dir='ltr'>εὗρε</span> 
     </span>
    </p>
   </div>
   <div class='ocr_carea' id='block_1_110' title="bbox 2167 5282 3760 5381">
    <p class='ocr_par' dir='ltr' id='par_1_110' title="bbox 2167 5282 3760 5381">
     <span class='ocr_line' id='line_1_111' title="bbox 2167 5282 3760 5381; baseline 0.017 -46"><span class='ocrx_word' id='word_1_768' title='bbox 2167 5282 2261 5336; x_wconf 73' lang='grc' dir='ltr'>τὸν</span> <span class='ocrx_word' id='word_1_769' title='bbox 2305 5284 2471 5356; x_wconf 81' lang='grc' dir='ltr'>ἄρτον</span> <span class='ocrx_word' id='word_1_770' title='bbox 2498 5287 2574 5352; x_wconf 86' lang='grc' dir='ltr'>ὡς</span> <span class='ocrx_word' id='word_1_771' title='bbox 2599 5290 2821 5361; x_wconf 87' lang='grc' dir='ltr'>ἀληθῶς</span> <span class='ocrx_word' id='word_1_772' title='bbox 2851 5294 2942 5346; x_wconf 74' lang='grc' dir='ltr'>τὸν</span> <span class='ocrx_word' id='word_1_773' title='bbox 2964 5296 3027 5349; x_wconf 85' lang='grc' dir='ltr'><strong>ἐκ</strong></span> <span class='ocrx_word' id='word_1_774' title='bbox 3060 5297 3150 5350; x_wconf 84' lang='grc' dir='ltr'><strong>τοῦ</strong></span> <span class='ocrx_word' id='word_1_775' title='bbox 3182 5301 3414 5372; x_wconf 74' lang='grc' dir='ltr'>οὐρανοῦ</span> <span class='ocrx_word' id='word_1_776' title='bbox 3444 5282 3760 5381; x_wconf 76' lang='grc' dir='ltr'>καταϐεϐη-</span> 
     </span>
    </p>
   </div>
   <div class='ocr_carea' id='block_1_111' title="bbox 2170 5376 3761 5464">
    <p class='ocr_par' dir='ltr' id='par_1_111' title="bbox 2170 5376 3761 5464">
     <span class='ocr_line' id='line_1_112' title="bbox 2170 5376 3761 5464; baseline 0.017 -36"><span class='ocrx_word' id='word_1_777' title='bbox 2170 5376 2328 5443; x_wconf 86' lang='grc' dir='ltr'>κότα,</span> <span class='ocrx_word' id='word_1_778' title='bbox 2364 5380 2461 5432; x_wconf 78' lang='grc' dir='ltr'><strong>καὶ</strong></span> <span class='ocrx_word' id='word_1_779' title='bbox 2508 5378 2652 5453; x_wconf 76' lang='grc' dir='ltr'>ζωὴν</span> <span class='ocrx_word' id='word_1_780' title='bbox 2685 5382 2762 5454; x_wconf 79' lang='grc' dir='ltr'>τῷ</span> <span class='ocrx_word' id='word_1_781' title='bbox 2784 5384 2977 5459; x_wconf 88' lang='grc' dir='ltr'>κόσμῳ</span> <span class='ocrx_word' id='word_1_782' title='bbox 3009 5388 3241 5459; x_wconf 85' lang='grc' dir='ltr'>διδόντα,</span> <span class='ocrx_word' id='word_1_783' title='bbox 3270 5394 3357 5447; x_wconf 77' lang='grc' dir='ltr'>ἀεὶ</span> <span class='ocrx_word' id='word_1_784' title='bbox 3392 5395 3491 5464; x_wconf 80' lang='grc' dir='ltr'>μὲν</span> <span class='ocrx_word' id='word_1_785' title='bbox 3524 5376 3761 5462; x_wconf 78' lang='grc' dir='ltr'>ζωοποι-</span> 
     </span>
    </p>
   </div>
   <div class='ocr_carea' id='block_1_112' title="bbox 2168 5465 3755 5557">
    <p class='ocr_par' dir='ltr' id='par_1_112' title="bbox 2168 5465 3755 5557">
     <span class='ocr_line' id='line_1_113' title="bbox 2168 5465 3755 5557; baseline 0.016 -38"><span class='ocrx_word' id='word_1_786' title='bbox 2168 5465 2335 5521; x_wconf 85' lang='grc' dir='ltr'>οῦντα</span> <span class='ocrx_word' id='word_1_787' title='bbox 2364 5468 2527 5523; x_wconf 82' lang='grc' dir='ltr'>αὑτὸν</span> <span class='ocrx_word' id='word_1_788' title='bbox 2575 5472 2671 5526; x_wconf 81' lang='grc' dir='ltr'><strong>καὶ</strong></span> <span class='ocrx_word' id='word_1_789' title='bbox 2721 5473 3050 5545; x_wconf 77' lang='grc' dir='ltr'>στηρίζοντα</span> <span class='ocrx_word' id='word_1_790' title='bbox 3073 5482 3169 5534; x_wconf 77' lang='grc' dir='ltr'>καὶ</span> <span class='ocrx_word' id='word_1_791' title='bbox 3193 5483 3486 5554; x_wconf 84' lang='grc' dir='ltr'>τρέφοντα,</span> <span class='ocrx_word' id='word_1_792' title='bbox 3515 5489 3755 5557; x_wconf 78' lang='grc' dir='ltr'>μάλιστα</span> 
     </span>
    </p>
   </div>
   <div class='ocr_carea' id='block_1_113' title="bbox 2166 5559 3752 5646">
    <p class='ocr_par' dir='ltr' id='par_1_113' title="bbox 2166 5559 3752 5646">
     <span class='ocr_line' id='line_1_114' title="bbox 2166 5559 3752 5646; baseline 0.017 -35"><span class='ocrx_word' id='word_1_793' title='bbox 2166 5559 2223 5612; x_wconf 85' lang='grc' dir='ltr'><strong>δὲ</strong></span> <span class='ocrx_word' id='word_1_794' title='bbox 2270 5562 2327 5613; x_wconf 91' lang='grc' dir='ltr'><strong>ἐν</strong></span> <span class='ocrx_word' id='word_1_795' title='bbox 2368 5561 2546 5634; x_wconf 83' lang='grc' dir='ltr'>καιρῷ</span> <span class='ocrx_word' id='word_1_796' title='bbox 2592 5567 2696 5636; x_wconf 81' lang='grc' dir='ltr'>τῆς</span> <span class='ocrx_word' id='word_1_797' title='bbox 2752 5567 2861 5621; x_wconf 90' lang='grc' dir='ltr'><strong>τῶν</strong></span> <span class='ocrx_word' id='word_1_798' title='bbox 2924 5570 3275 5644; x_wconf 83' lang='grc' dir='ltr'>βεϐιωμένων</span> <span class='ocrx_word' id='word_1_799' title='bbox 3324 5577 3752 5646; x_wconf 83' lang='grc' dir='ltr'>ἀνταποδόσεως.</span> 
     </span>
    </p>
   </div>
   <div class='ocr_carea' id='block_1_114' title="bbox 2168 5650 3753 5738">
    <p class='ocr_par' dir='ltr' id='par_1_114' title="bbox 2168 5650 3753 5738">
     <span class='ocr_line' id='line_1_115' title="bbox 2168 5650 3753 5738; baseline 0.014 -33"><span class='ocrx_word' id='word_1_800' title='bbox 2168 5650 2289 5705; x_wconf 71' lang='grc' dir='ltr'><strong>Εἰσὶ</strong></span> <span class='ocrx_word' id='word_1_801' title='bbox 2349 5652 2535 5724; x_wconf 85' lang='grc' dir='ltr'>μέντοι</span> <span class='ocrx_word' id='word_1_802' title='bbox 2604 5673 2667 5726; x_wconf 89' lang='grc' dir='ltr'><strong>γε</strong></span> <span class='ocrx_word' id='word_1_803' title='bbox 2700 5658 2845 5724; x_wconf 79' lang='grc' dir='ltr'>τινὲς</span> <span class='ocrx_word' id='word_1_804' title='bbox 2902 5661 2951 5715; x_wconf 77' lang='grc' dir='ltr'><strong>οἳ</strong></span> <span class='ocrx_word' id='word_1_805' title='bbox 2994 5664 3087 5718; x_wconf 76' lang='grc' dir='ltr'>καὶ</span> <span class='ocrx_word' id='word_1_806' title='bbox 3138 5666 3397 5738; x_wconf 81' lang='grc' dir='ltr'>τοιαύτην</span> <span class='ocrx_word' id='word_1_807' title='bbox 3453 5670 3665 5729; x_wconf 84' lang='grc' dir='ltr'>ἔννοιαν</span> <span class='ocrx_word' id='word_1_808' title='bbox 3694 5675 3753 5728; x_wconf 77' lang='grc' dir='ltr'>τὸ</span> 
     </span>
    </p>
   </div>
  </div>
