4144 6508
420 446 521 513 421

1352 445 1454 505 AD
1492 441 2091 505 AMPHILOCHIUM
2162 440 2510 515 QUIESTIO
2547 442 2770 503 LXIII.

3596 436 3702 501 422

425 569 589 643 ῥητὸν
616 566 944 621 ὑποϐάλλειν
971 564 1309 636 νομίζουσιν·
1326 564 1387 618 οὐ
1413 564 1496 618 δεῖ
1524 564 2008 634 πολυπραγμονεῖν

2121 562 2380 617 nutritum
2410 570 2504 617 ant
2534 559 2969 617 misericordiam
2997 568 3307 631 expertum.
3340 558 3408 615 Et
3446 558 3534 616 his
3582 561 3700 616 evi—

422 662 512 715 τὸν
568 659 968 731 τρεφόμενονῆ
1002 658 1354 731 ἐλεούμενον·
1404 660 1497 713 καὶ
1546 657 1831 723 τούτοιςδέ
1853 657 2012 727 δῆλον

422 754 587 809 ὅτιτὸ
612 754 761 825 ὓδωρ
797 753 858 805 τὸ
885 753 996 806 τῶν
1052 752 1359 821 ἀνθρώπιον
1406 752 1662 822 σύστημα
1718 751 2011 822 σημαίνειν

426 845 940 918 παραλαμϐάνεται.
968 846 1041 899 Οὐ
1064 847 1147 898 δεῖ
1187 842 1302 909 οὖν,
1338 846 1493 914 φασὶ,
1526 845 1617 898 τὸν
1641 845 1743 915 τῆς
1776 844 2010 915 ἐλεημο-

429 941 593 1011 σύνης
640 939 895 1010 δεόμενον
930 937 1239 1006 λογοθετεῖν
1278 938 1570 1009 πρότερον,
1604 937 1754 1002 ἄξιός
1775 939 1893 991 ἐστι
1916 936 2010 991 τοῦ

427 1032 609 1095 ἐλέους
632 1031 724 1085 καὶ
750 1033 851 1101 τῆς
880 1029 1201 1100 εὐεργεσίας
1224 1030 1257 1101 ἢ
1283 1029 1344 1083 οὔ
1361 1046 1376 1061 ·
1410 1030 1549 1083 ἁλλά
1576 1030 1669 1084 τὸν
1707 1028 2014 1101 φιλανθρω-

428 1126 557 1188 πίας
622 1123 877 1189 ἀξιοῦντα
945 1126 1169 1194 τυχεῖν,
1223 1123 1429 1194 ταύτην
1493 1125 1664 1195 χωρὶς
1732 1123 2013 1195 λογισμῶν

427 1216 788 1281 διπαζὸντων
823 1216 1107 1287 παρέχειν.
1144 1216 1357 1287 Ὥσπερ
1378 1215 1487 1288 γὰρ
1515 1216 1543 1269 ό
1568 1214 1709 1269 κατά
1738 1215 2014 1284 πελάγους

425 1307 607 1376 ἀφιεὶς
641 1308 731 1360 τὸν
755 1307 920 1379 ἄρτον
948 1309 1032 1359 ἐπ’
1050 1307 1230 1378 ἀδήλῳ
1258 1307 1359 1377 μέν
1386 1306 1568 1373 ἔϐαλε,
1615 1307 1713 1361 καλ⁸
1740 1307 1841 1361 οὐκ
1866 1301 2010 1361 οἶδεν

425 1402 480 1453 ἐν
507 1392 552 1466 ᾧ
575 1398 635 1451 τὸ
664 1399 845 1469 ρεὖμα
874 1398 1061 1452 τοῦτον
1085 1399 1369 1469 ύποσύρει.
1404 1398 1483 1469 τῷ
1502 1398 1559 1452 δέ
1587 1398 1806 1452 πάντων
1833 1398 2014 1469 ἔχοντι

424 1488 519 1559 τὴν
551 1488 755 1557 γνῶσιν
784 1488 1047 1559 καθαρῶς
1078 1491 1275 1560 ὁρᾶται
1310 1489 1408 1542 καὶ
1446 1490 1514 1559 τῇ
1558 1487 1728 1543 αὑτοῦ
1761 1488 2017 1559 περιέχε-

424 1596 513 1634 ται
549 1582 1027 1651 παντοκρατορικῇ
1086 1579 1423 1651 καταλήψει⁶
1467 1580 1559 1633 τὸν
1601 1580 1767 1634 αὐτὸν
1810 1580 2016 1651 τρόπον

426 1672 521 1725 καὶ
550 1673 577 1724 ὁ
603 1673 696 1724 τὸν
749 1672 901 1725 ἔλεον
932 1673 994 1726 οὐ
1024 1672 1421 1747 διακρινομένη
1479 1673 1674 1746 γνώμῃ
1713 1674 1809 1728 καὶ
1838 1673 2016 1744 ἀμφι-

425 1764 619 1817 ϐαλλού
633 1783 694 1834 τῃ
723 1768 836 1828 τοῖς
865 1764 1189 1836 ἐπιζητοῦσι
1221 1766 1627 1837 παρεχόμενος,
1659 1767 1755 1820 νῦν
1786 1766 1886 1837 μὲν
1912 1765 2014 1819 οὐκ

424 1855 779 1925 ἐπιγινώσκει
810 1858 894 1921 τίς
924 1859 1071 1911 ἐστιν
1093 1860 1120 1911 ὁ
1143 1857 1343 1924 λαϐὼν,
1379 1862 1436 1913 ἐν
1467 1861 1523 1914 δὲ
1554 1859 1635 1931 τῷ
1662 1861 1857 1932 πλήθει
1900 1859 2011 1914 τῶν

423 1948 670 2019 ἡμερῶν,
700 1950 977 2004 τουτέστιν
1005 1951 1060 2003 ὲν
1084 1950 1163 2020 τῷ
1200 1952 1449 2022 μέλλοντι
1479 1953 1657 2018 αἰῶνι,
1710 1951 2016 2021 ἐπιγνώσε-

426 2058 513 2094 ται
533 2057 547 2071 °
580 2042 788 2096 καὶτὸν
818 2042 983 2113 ἄρτον
1005 2044 1212 2095 ἐκεῖνον
1235 2043 1328 2097 ἐπὶ
1359 2047 1458 2115 τῆς
1507 2044 1692 2115 χειρὸς
1741 2044 2015 2114 εὑρίσκων

427 2132 521 2186 τοῦ
547 2135 818 2190 Δεσπότου
844 2137 1249 2199 ἐπιδεικνύντος
1273 2138 1368 2192 καὶ
1401 2137 1654 2205 λέγοντος
1676 2154 1690 2169 ·
1723 2154 1743 2188 ‹
1768 2136 2012 2189 Ἐπείνα-

430 2240 519 2290 σα,
559 2226 662 2278 καὶ
696 2226 940 2281 ἐδώκατέ
976 2246 1066 2297 μοι
1091 2230 1308 2297 φαγεῖν,
1337 2246 1357 2278 ι
1415 2226 1574 2296 δῆλον
1602 2227 1685 2281 ὅτι
1717 2227 1900 2297 πάσης
1928 2225 2019 2278 εὐ-

429 2319 704 2389 φροσύνης
754 2320 849 2373 καὶ
886 2320 1267 2387 ἀγαλλιάσεως
1325 2318 1726 2390 πλησθήσεται*
1753 2319 1815 2372 οὗ
1852 2317 2015 2387 μόνον

2118 655 2254 709 dens
2286 669 2427 724 aqua
2462 654 2748 707 hominum
2773 663 3008 724 systema
3036 653 3335 727 significari
3376 652 3701 709 assumitur.

2115 741 2237 799 Non
2284 752 2501 813 oportet
2535 743 2721 814 igitur,
2762 742 2937 808 aiunt,
2979 743 3329 816 eleemosyna
3374 743 3703 813 indigentem

2116 835 2389 889 trntinare
2412 834 2585 904 prius,
2616 834 2814 901 dignus
2840 848 2907 887 ne
2934 840 3020 888 est
3060 833 3414 889 miseratione
3454 841 3509 890 et
3539 831 3707 889 bene-

2116 928 2240 985 ficio
2265 943 2334 982 an
2367 943 2501 994 non,
2542 926 2636 982 sed
2662 925 2958 997 benignum
2991 940 3114 982 esse
3140 925 3365 997 dignum
3389 926 3702 990 ducentem,

2116 1022 2532 1078 beneﬁcentiam
2562 1020 2773 1090 absque
2811 1018 3120 1075 rationibus
3152 1019 3525 1090 pugnantibus
3547 1021 3708 1075 exhi-

2116 1115 2266 1170 bere.
2298 1114 2536 1170 Utenim
2563 1113 2657 1183 qui
2685 1113 2741 1168 in
2772 1112 2947 1167 maria
2983 1112 3151 1167 mittit
3185 1127 3383 1181 panem
3432 1111 3487 1166 in
3520 1113 3707 1168 incer-

2114 1216 2232 1261 tum
2265 1205 2486 1277 quidem
2517 1205 2674 1276 jacit,
2702 1212 2758 1259 et
2779 1205 2955 1260 nescit
2976 1218 3087 1274 quo
3108 1203 3291 1261 ﬂuxus
3321 1204 3473 1260 illum
3501 1205 3698 1265 trahat.

2116 1299 2185 1355 ab
2217 1299 2465 1355 omnium
2530 1313 2661 1353 vero
2710 1297 2947 1354 habente
2978 1298 3267 1354 scientiam
3322 1314 3460 1370 pure
3494 1300 3710 1356 videtur

2115 1401 2170 1449 et
2215 1393 2337 1463 ejus
2382 1394 2697 1447 continetur
2753 1391 3117 1461 omnipotenti
3164 1393 3706 1462 comprehensione;

2117 1480 2310 1535 eodem
2345 1480 2510 1535 modo
2550 1491 2607 1536 et
2636 1481 2728 1551 qui
2767 1480 3183 1536 miserationem
3218 1497 3329 1537 non
3358 1481 3710 1537 discernente

2118 1572 2305 1627 animo
2331 1580 2385 1626 et
2421 1570 2683 1641 ambiguo
2727 1571 3103 1641 quaerentibus
3135 1573 3362 1643 praebet,
3397 1588 3546 1629 nunc
3579 1575 3709 1644 qui-

2117 1665 2240 1719 dem
2264 1678 2373 1717 non
2409 1662 2660 1731 agnoscit
2683 1662 2811 1732 quis
2842 1662 2915 1718 sit
2940 1661 3037 1732 qui
3082 1662 3322 1733 accepit,
3360 1663 3413 1718 in
3457 1662 3708 1719 multitu-

2117 1755 2245 1811 dine
2272 1769 2403 1811 vero
2430 1755 2667 1818 dierum,
2695 1754 2748 1809 id
2775 1764 2859 1809 est
2881 1754 2936 1809 in
2957 1753 3149 1811 futuro
3182 1754 3408 1820 saeculo,
3423 1764 3705 1827 agnoscet.

2119 1849 2185 1904 Et
2213 1863 2409 1920 panem
2447 1847 2600 1902 illum
2636 1847 2691 1901 in
2729 1862 2888 1902 manu
2936 1847 3222 1903 inveniens
3278 1848 3495 1904 Domini
3524 1858 3712 1905 osten-

2118 1939 2300 1995 dentis
2328 1947 2383 1995 et
2409 1938 2644 1993 dicentis
2680 1954 2694 1991 :
2735 1955 2755 1989 ι
2789 1938 3007 1994 Esurivi
3045 1946 3101 1993 et
3127 1938 3357 1995 dedistis
3384 1939 3519 1994 mihi
3550 1956 3711 1996 man-

2117 2032 2320 2088 ducare
2349 2033 2394 2097 ⁹,
2448 2050 2467 2083 ι
2510 2030 2734 2087 evidens
2784 2032 2934 2085 omni
2987 2030 3191 2101 gaudio
3242 2040 3296 2087 et
3343 2033 3712 2089 exsultatione

2118 2126 2385 2196 repletum
2436 2126 2526 2191 iri,
2577 2139 2701 2179 cum
2746 2140 2858 2178 non
2906 2122 3087 2179 solum
3130 2139 3295 2195 quem
3326 2125 3481 2181 misit
3509 2142 3706 2197 panem

2119 2234 2287 2289 super
2327 2218 2520 2273 faciem
2551 2231 2709 2287 aqua;
2734 2215 3017 2286 repererit,
3054 2214 3151 2271 sed
3191 2224 3247 2271 et
3286 2216 3458 2274 multo
3494 2217 3701 2273 factum

2119 2314 2499 2384 pretiosiorem
2536 2310 2641 2380 ipsi
2677 2319 2733 2365 et
2762 2311 3064 2365 utiliorem.

429 2411 488 2463 ὃν
519 2412 845 2465 ἀπέστειλεν
866 2413 1028 2484 ἄρτον
1057 2414 1151 2466 ἐπὶ
1177 2412 1476 2486 προσώπου
1542 2411 1637 2466 τοῦ
1698 2412 1891 2475 ὓδατος
1920 2407 2189 2482 ἀνευρὼν,
2247 2406 2385 2461 ἀλλὰ
2452 2404 2551 2458 κοιλ⁵
2605 2402 2787 2474 πολλῷ
2830 2403 3094 2473 γεγονότα
3118 2402 3445 2476 τιμιώτερόν
3478 2421 3536 2458 τε
3560 2402 3712 2474 αύτῷ

428 2504 523 2555 καὶ
550 2503 1008 2575 λυσιτελέστερον.

996 2640 1331 2692 ΕΡΩΤΠΣΙΣ
1361 2640 1483 2694 ΞΡ.

2474 2621 2802 2693 ρωΕδτιο
2838 2622 2999 2679 Lxm
3026 2623 3122 2698 [αι.
3154 2623 3337 2696 an].

436 2731 499 2785 Τί
526 2732 709 2799 δηλοῖ
735 2749 749 2761 ·
789 2749 807 2782 ι
838 2732 892 2784 Ὀ
921 2732 1203 2801 ὀρύσσων
1221 2734 1471 2800 βόθρον,
1500 2732 1595 2798 εἰς
1623 2732 1813 2786 αὐτὸν
1841 2731 2021 2803 ἐμπε-

2121 2718 2302 2791 ’ριιίά
2352 2719 2666 2792 signiﬁcat:
2702 2736 2721 2771 ι
2778 2717 2882 2784 Qui
2930 2718 3065 2787 fodit
3115 2720 3340 2789 famam,
3370 2725 3571 2782 incidet
3621 2727 3677 2783 in

1092 2803 1308 2855 σεῖε-(ιι.
1339 2820 1358 2853 ι

2807 2805 2945 2843 eam.
2987 2809 3006 2842 ι

1456 2913 1600 2964 Edita
1622 2929 1646 2963 a
1675 2914 1817 2975 Maio,
1841 2914 1876 2963 1.
1908 2927 1951 2965 c.
1999 2928 2049 2977 p.
2072 2911 2239 2964 75-76.
2264 2911 2321 2960 In
2344 2909 2511 2961 Eccle.
2536 2924 2585 2971 x,
2607 2908 2654 2959 8.

507 3017 709 3090 Βόθρον
773 3018 1007 3074 ἐνταῦθα.
1053 3020 1153 3091 τὴν
1201 3020 1346 3075 κατά
1392 3020 1487 3075 τοῦ
1525 3020 1753 3092 πλησίον
1787 3020 2018 3092 μελέτην

2196 3017 2434 3072 Foveam
2482 3018 2570 3072 hie
2618 3029 2810 3073 contra
2860 3018 3174 3089 proximum
3224 3020 3632 3077 meditationem
3659 3033 3716 3079 et

431 3112 528 3167 καὶ
555 3112 645 3165 τὸν
674 3112 898 3182 βόθυνον
958 3112 1180 3186 ὄλεθρον
1234 3114 1520 3185 ὀνομάζει,
1572 3114 1716 3170 κατά
1744 3132 1806 3184 γε
1836 3114 1898 3168 τδ
1926 3131 2021 3182 γε-

430 3203 785 3274 γραμμένον·
828 3222 845 3254 ι
873 3204 1094 3258 Δάκκον
1152 3204 1364 3277 ὤρυξεν
1399 3207 1493 3259 καὶ
1523 3206 1834 3275 ἀνέσκαψεν
1868 3206 2019 3278 αὐτῷ

432 3298 527 3352 καὶ
554 3298 877 3367 ἐμπεσεῖται
904 3299 983 3360 είς
1016 3298 1209 3369 βόθρον
1240 3298 1301 3351 ὃν
1334 3300 1682 3372 είργάσατο’»
1718 3298 1847 3353 καί·
1874 3318 1891 3351 t
1931 3300 2021 3354 'Ev

433 3391 549 3451 τοῖς
583 3388 766 3459 ἔργοις
793 3388 903 3442 τῶν
932 3390 1134 3461 χειρῶν
1161 3390 1327 3444 αὑτοῦ
1358 3391 1667 3464 συνελήφθη
1698 3395 1727 3445 ό
1758 3393 2020 3465 ἀμαρτω-

431 3481 544 3546 λός.
570 3502 587 3532 ι
610 3482 667 3536 '0
684 3482 859 3538 τοίνυν
888 3484 980 3538 τὸν
1012 3483 1255 3538 τοιοῦτον
1284 3484 1477 3557 βόθρον
1507 3484 1602 3538 καὶ
1625 3483 1721 3555 τὴν
1740 3484 2020 3539 ἀπώλειαν

434 3574 609 3645 ἑτέρῳ
658 3574 982 3646 διορύσσων,
1019 3576 1181 3640 αὐτὸς
1213 3578 1431 3647 πρῶτος
1480 3576 1747 3648 ἐμπίπτει
1771 3578 1828 3630 ὲν
1849 3575 2019 3647 αὐτῷ·

436 3668 496 3719 ἐν
523 3666 633 3736 γὰρ
653 3666 731 3737 τῷ
752 3667 926 3720 ταῦτα
954 3668 1395 3740 διαμηχανᾶσθαι
1416 3671 1523 3742 πρὸ
1552 3670 1649 3741 τῆς
1672 3669 1767 3724 τοῦ
1792 3668 2023 3740 πλησίον

432 3754 758 3823 κακώσεως,
807 3756 906 3828 τὴν
955 3758 1155 3813 ἑαυτοῦ
1186 3759 1423 3814 διόλλυσι
1447 3760 1629 3832 ψυχήν
1649 3773 1664 3791 ⁸
1698 3759 1765 3814 ἂν
1791 3760 1890 3831 μὲν
1911 3759 2022 3830 γὰρ

429 3845 512 3917 τῷ
542 3844 757 3918 σώματι
813 3848 913 3919 τὴν
969 3849 1176 3922 βλάϐην
1234 3852 1495 3927 ὐποτείνῃ
1552 3853 1651 3908 τοῦ
1697 3852 2019 3924 ὁμογενοῦς,

433 3940 700 4003 πολλάκις
757 3943 965 3995 ἐκεῖνον
1006 3943 1106 4013 μὲν
1139 3944 1391 4016 ὠφέλησε
1437 3946 1697 4017 μᾶλλονῆ
1741 3945 2021 4011 διώλεσεν,

433 4031 629 4084 ἐαυτὸν
656 4031 710 4083 δέ
743 4031 842 4101 τῆς
908 4033 1148 4104 ψυχικῆς
1182 4034 1261 4105 τῷ
1311 4034 1491 4106 βόθρῳ
1533 4034 1865 4105 συνώθησεν·
1899 4037 1928 4088 ό
1964 4035 2023 4088 δὲ

431 4125 534 4195 τῆς
552 4124 648 4178 τοῦ
664 4125 891 4197 πλησίον
911 4127 1088 4197 ψυχῆς
1112 4128 1571 4198 μηχανησάμενος
1594 4125 1697 4198 τὴν
1720 4126 2022 4193 ἀπώλειαν,

434 4210 593 4279 οὗτος
628 4218 694 4271 ἄν
719 4236 778 4272 τε
818 4214 988 4285 εἷλεν,
1030 4219 1096 4274 άν
1123 4239 1183 4273 τε
1239 4220 1313 4291 μὴ
1346 4214 1460 4272 εἷλε
1517 4221 1610 4273 τὸν
1644 4217 2026 4290 ἐπηρεαζόμε-

435 4327 552 4376 νον,
575 4310 728 4364 οὐδὲν
758 4311 985 4365 ἔλαττον
1014 4312 1113 4382 τὴν
1143 4310 1338 4365 ἑαυτοῦ
1374 4309 1788 4381 προαπώλεσεν.
1826 4310 1891 4363 Ἦ
1915 4309 2025 4379 γὰρ

435 4398 736 4463 ἀδέκαστος
766 4401 950 4472 κρίσις
980 4403 1119 4472 πρὸς
1149 4402 1248 4471 τὴν
1281 4401 1516 4471 σπουδὴν
1546 4402 1640 4455 καὶ
1671 4401 1769 4470 τὴν
1796 4398 2023 4469 γνώμην

435 4489 801 4559 λογοθετοῢσα
815 4492 876 4544 τὸ
896 4492 1161 4563 ἀδίκημα,
1186 4493 1236 4544 εί
1255 4492 1350 4545 καὶ
1367 4490 1630 4555 πολλάκις
1650 4491 1741 4544 τὸν
1764 4489 2027 4561 βλάπτειν

436 4578 775 4649 ὡρμημένον
804 4582 832 4632 ὁ
860 4580 1353 4652 ἐπιϐουλευόμενος
1411 4582 1766 4650 διαπέφευγε,
1826 4580 1928 4651 τὴν
1953 4598 2029 4633 τι-

437 4670 660 4740 μωρίαν
681 4671 835 4726 ούδὲν
869 4671 1093 4726 ἔλαττον
1113 4674 1528 4744 εἰσπράττεται.
1558 4674 1822 4743 Παραινεῖ
1847 4672 2029 4726 τοίνυν

2122 3108 2338 3164 foveam
2370 3109 2731 3179 perditionem
2782 3112 3049 3176 nominat,
3074 3112 3228 3179 juxta
3266 3113 3410 3182 quod
3445 3114 3713 3185 scriptum

2122 3212 2242 3258 est:
2273 3221 2291 3253 ι
2316 3202 2517 3257 Lacnm
2544 3202 2757 3272 aperuit
2790 3211 2845 3257 et
2875 3202 3063 3257 effodit
3090 3202 3215 3273 ipsi,
3238 3213 3291 3259 et
3314 3205 3517 3260 incidet
3542 3206 3596 3261 in
3629 3206 3715 3261 fo-

2124 3310 2278 3349 veam
2307 3310 2471 3365 quam
2515 3294 2646 3350 fecit
2676 3295 2741 3361 η,
2785 3313 2803 3346 ι
2838 3303 2892 3350 ει
2923 3314 2937 3351 ι
2977 3315 2997 3348 ι
3049 3296 3104 3350 1η
3140 3297 3400 3366 operibus
3443 3314 3709 3355 manuum

2124 3403 2349 3444 suarum
2376 3388 2812 3458 comprehensus
2859 3395 2943 3443 est
2987 3397 3242 3458 peccator
3266 3389 3329 3445 “.
3369 3408 3387 3442 ι
3427 3390 3598 3461 Igitur
3628 3401 3716 3447 ta-

2124 3478 2232 3534 lem
2278 3477 2493 3533 foveam
2544 3488 2598 3534 et
2638 3480 3003 3549 perditionem
3059 3480 3216 3535 alteri
3261 3480 3548 3547 effodiens,
3598 3481 3717 3552 ipse

2124 3572 2276 3642 prior
2322 3571 2515 3627 incidit
2550 3571 2605 3626 in
2635 3587 2795 3638 eam;
2835 3573 2966 3626 dum
3014 3572 3164 3627 enim
3215 3572 3333 3627 haec
3368 3574 3717 3630 machinatur

2126 3672 2253 3717 ante
2282 3663 2518 3733 proximi
2546 3662 2830 3733 iniuriam,
2856 3678 3013 3716 suam
3042 3663 3221 3732 ipsius
3253 3664 3427 3733 perdit
3449 3665 3713 3722 animam.

2127 3756 2183 3811 Si
2217 3756 2362 3811 enim
2393 3755 2615 3826 corpori
2662 3756 2927 3812 damnum
2980 3766 3158 3811 struat
3192 3759 3540 3827 congeneris,
3574 3774 3718 3829 omne

2128 3848 2280 3904 illum
2326 3850 2550 3920 quidem
2579 3849 2722 3919 juvit
2763 3851 2937 3920 magis
2974 3866 3141 3920 quam
3173 3851 3428 3920 perdidit,
3472 3852 3713 3923 seipsum

2128 3949 2308 3994 autem
2344 3942 2398 3994 in
2424 3941 2730 4011 spiritualis
2767 3942 2941 3996 ruinae
2969 3942 3291 3998 barathrum
3337 3945 3573 4014 impulit.
3611 3944 3714 4012 Qui

2127 4043 2312 4087 autem
2338 4033 2575 4103 proximi
2604 4034 2804 4088 anima:
2828 4034 3177 4091 machinatus
3202 4044 3288 4091 est
3325 4037 3714 4107 perditionem,

2131 4125 2220 4180 hie
2250 4125 2295 4179 si
2344 4125 2430 4180 vel
2463 4126 2628 4193 cepit,
2677 4126 2763 4180 vel
2810 4141 2919 4180 non
2975 4128 3123 4197 cepit
3158 4127 3491 4199 impetitum,
3541 4131 3718 4187 nihilo

2137 4218 2321 4271 minus
2352 4232 2511 4271 suam
2564 4216 2740 4286 ipsius
2778 4218 2932 4287 prior
2968 4218 3226 4288 perdidit.
3270 4218 3484 4274 Etenim
3529 4221 3715 4277 incor-

2128 4315 2348 4376 ruptum
2374 4307 2645 4377 judicium
2685 4309 2985 4364 secundum
3032 4310 3271 4365 studium
3301 4320 3355 4367 et
3388 4314 3715 4369 sententiam

2125 4400 2411 4455 aestimans
2439 4400 2808 4469 iniquitatem,
2848 4403 2953 4457 etsi
2993 4419 3137 4473 saepe
3186 4420 3389 4461 nocere
3428 4422 3713 4478 agressum

2126 4490 2346 4545 insidiis
2371 4492 2576 4561 petitus
2614 4492 2809 4559 evasit,
2857 4494 3157 4550 vindictam
3192 4497 3365 4552 nihilo
3406 4498 3592 4555 minus
3627 4500 3717 4554 in-

2127 4580 2255 4639 fert.
2287 4582 2549 4638 Hortatur
2578 4584 2765 4655 itaque
2787 4600 2882 4655 per
2903 4588 3019 4642 haec
3044 4586 3425 4655 Ecclesiastes,
3448 4591 3721 4646 absistere

2127 4675 2195 4729 ab
2225 4676 2375 4730 omni
2436 4676 2733 4732 malefacto
2772 4678 3112 4747 inexpertum
3162 4693 3499 4752 quaarentem
3533 4684 3717 4739 damni

435 4764 528 4816 διὰ
590 4766 800 4819 τούτων
846 4769 874 4819 ὁ
930 4766 1385 4836 Ἐκκλησιαστὴς,
1444 4765 1777 4835 ἀφίστασθαι
1840 4766 2021 4836 πάσης

2129 4772 2183 4819 ει
2211 4764 2523 4822 afﬂictionis
2551 4782 2610 4822 se
2644 4783 2886 4823 servate.
2916 4767 3130 4823 Etenim
3166 4773 3490 4827 machinans
3516 4775 3717 4829 malum

436 4855 781 4924 κακουργίας
836 4855 928 4909 τὸν
993 4857 1294 4927 ἀπείρατον
1348 4857 1620 4928 ζητοῦντα
1671 4857 1880 4927 βλάϐης
1927 4856 2021 4910 καὶ

2133 4869 2323 4914 contra
2374 4860 2687 4929 proximum
2740 4876 2848 4916 non
2902 4861 3125 4931 effugiet
3162 4879 3285 4919 eam
3330 4881 3454 4936 quae
3494 4882 3558 4921 ex
3605 4868 3722 4937 lege

438 4945 737 5011 κακώσεως
770 4949 1199 5019 συντηρηθῆναι.
1231 4949 1342 5002 Καὶ
1367 4949 1477 5019 μὴν
1494 4951 1520 5003 ὁ
1538 4947 2021 5020 διαμηχανώμενος

2135 4950 2452 5017 vindictam,
2483 4953 2576 5007 sed
2618 4952 2665 5007 si
2707 4955 2927 5008 Ot'ﬂllllll
2972 4955 3259 5023 exciderit,
3305 4959 3565 5028 proprius
3590 4961 3723 5016 effo-

436 5038 612 5091 κακὸν
651 5038 730 5110 τῷ
761 5040 989 5110 πλησίον
1013 5042 1074 5094 ού
1106 5040 1457 5111 διαφεύξεται
1513 5042 1612 5111 τὴν
1636 5044 1700 5095 ἐκ
1724 5040 1820 5094 τοῦ
1851 5040 2021 5111 νόμου

2132 5042 2331 5097 dictur.
2383 5043 2439 5097 Si
2482 5046 2699 5100 dentem
2754 5044 2922 5101 fuerit
2966 5058 3323 5119 extorquens,
3368 5052 3558 5121 perdet
3590 5069 3723 5124 pro-

436 5130 730 5201 τιμωρίαν,
783 5132 897 5185 ἀλλ’
934 5133 999 5186 ἀν
1027 5150 1088 5187 τε
1140 5133 1422 5204 ὀφθαλμόν
1482 5133 1721 5203 ἐκκόψας
1773 5132 1883 5205 εἴη,
1932 5131 2021 5185 τὸν

2131 5134 2349 5204 prium;
2380 5145 2437 5190 et
2471 5152 2581 5193 non
2609 5146 2691 5192 est
2722 5138 2987 5208 iniquitas
3022 5141 3329 5209 proximum
3366 5142 3572 5199 laedens
3601 5160 3723 5214 quae

438 5224 639 5276 οἰκεῖον
700 5223 1161 5296 ἐξορυχθήσεται⁸
1189 5226 1253 5280 ἄν
1286 5243 1344 5278 τε
1362 5226 1554 5279 ὀδόντα
1595 5224 1815 5292 ἐξελὼν,
1858 5241 2021 5295 προσ-

2135 5242 2245 5281 non
2276 5227 2466 5298 inique
2494 5238 2747 5299 agentem
2779 5230 3032 5287 vindicta:
3055 5233 3271 5300 tradat;
3310 5235 3389 5291 ita
3412 5244 3475 5291 ut
3506 5234 3721 5292 foveam

436 5313 697 5367 απολέσει
744 5316 835 5370 τὸν
870 5316 1018 5370 ῐδιον·
1054 5316 1150 5371 καὶ
1182 5318 1282 5370 οὐκ
1314 5317 1462 5370 ἔστιν
1497 5316 1742 5387 ἀδίκημα
1768 5314 1860 5369 τὸν
1883 5316 2021 5383 πλη-

2135 5320 2291 5374 alteri
2320 5318 2561 5386 fodiens,
2584 5321 2635 5376 id
2662 5331 2746 5376 est
2774 5323 3001 5392 perdere
3025 5340 3297 5393 quaerens,
3315 5341 3425 5381 non
3454 5341 3722 5381 evasurus

437 5407 556 5459 σίον
603 5406 1001 5479 λυμαινόμενον
1024 5409 1052 5462 ὃ
1078 5410 1152 5481 μὴ
1184 5409 1275 5463 τὸν
1322 5410 1663 5482 ἀδικήσαντα
1686 5411 1754 5479 τῇ
1782 5409 2021 5481 τιμωρία

2134 5412 2207 5468 sit
2230 5412 2363 5483 quin
2397 5413 2602 5469 incidat
2625 5413 2683 5469 in
2729 5415 2983 5471 vindictae
3031 5416 3241 5473 foveam
3278 5435 3444 5489 quam
3481 5420 3585 5476 sibi
3616 5420 3721 5492 ipsi

436 5498 811 5567 παραδίδωσιν
834 5516 851 5534 ο
882 5499 1026 5554 ὥστε
1060 5502 1089 5554 ὁ
1118 5501 1210 5555 τὸν
1247 5500 1440 5574 βόθρον
1490 5501 1665 5572 ἑτέρῳ
1700 5499 2021 5571 διορύσσων,

2135 5512 2324 5559 contra
2354 5504 2666 5575 proximum
2694 5505 2910 5563 foveam
2935 5506 3151 5565 fodiens
3177 5510 3387 5566 effodit.

435 5589 723 5643 τουτέστιν
769 5590 1033 5645 ἀπολέσαι
1087 5590 1289 5662 ζητῶν,
1351 5592 1413 5645 οὐ
1463 5590 1811 5660 διαφεύξεται
1843 5590 1905 5645 τὸ
1946 5590 2022 5663 μὴ
2060 5592 2328 5663 ἐμπεσεῖν
2378 5595 2466 5660 εἰς
2514 5595 2608 5652 τὸν
2659 5598 2936 5670 τιμωρίας
3006 5599 3202 5673 βόθρον
3270 5602 3332 5657 δν
3368 5604 3551 5677 ἐαυτῷ
3580 5601 3724 5659 κατά

437 5682 537 5736 τοῦ
562 5683 734 5747 πέλας
764 5682 857 5738 τὸν
880 5684 1071 5755 βόθρον
1101 5682 1400 5755 διορύττων
1434 5681 1756 5737 ἐϐαθύνατο.

578 5863 776 5921 Matth.
814 5883 939 5937 xxv,
971 5868 1059 5925 ει.
1143 5870 1187 5904 ¹⁰
1220 5870 1365 5929 Psal.
1402 5888 1502 5943 vn,
1537 5873 1624 5929 l6.
1704 5874 1744 5906 "
1779 5872 1928 5931 Psal.
1962 5890 2039 5941 ιι,
2072 5874 2157 5929 l7.
