4144 6458
519 426 625 493 423

852 538 1182 608 QUAESTIO
1216 536 1380 593 wa
1414 537 1510 611 [ιιι.
1546 535 1753 608 ann.

524 633 795 701 Quomodo
825 634 1225 703 intelligendum
1251 633 1391 703 quod
1419 632 1675 703 scriptum
1714 640 1789 703 est
1817 630 1893 703 ab_
1913 629 2095 703 Eccle-

589 709 753 762 siaste
790 720 807 757 :
852 724 870 757 ι
920 700 1175 759 Scindens
1222 700 1371 772 ligna
1410 702 1746 772 periclitatur
1776 702 1829 753 in
1876 700 2009 764 illis,
2051 703 2099 755 si

589 776 843 832 exciderit
871 775 1107 844 ferrum;
1141 784 1189 828 et
1221 770 1333 843 ipse
1370 773 1599 842 ﬁguram
1637 770 1873 844 turbavit
1904 781 1953 844 et
1987 772 2099 825 vir~

590 859 724 902 lutea
778 842 1046 900 roburabit
1093 854 1142 899 et
1191 842 1683 914 superabundantia
1749 842 1958 895 cordati
2013 860 2103 896 sa-

585 919 805 988 pientia.
840 937 858 969 ι

1672 418 1933 479 ΡΠΟΤῙΙ
1974 412 2480 477 ΡΑΤΒΙΑΒΟΗᾸΞ
2527 415 2635 476 CP.

3673 396 3737 476 42
3746 412 3770 474 ι

2776 527 3113 582 ΕΡΩΤΗΣΙΣ
3142 528 3255 579 ΞΝ.

2205 625 2337 692 Πῶς
2384 624 2637 692 νοητέον
2675 622 2706 676 ὃ
2758 624 3083 693 γέπριιπται
3143 618 3223 683 τῷ
3295 618 3770 686 Ἐκκλησιαστῇ·

2282 716 2299 741 ι
2333 695 2554 741 Σνίτων
2599 694 2755 741 Hyla
2812 691 3151 741 κινδυνεύει
3182 690 3251 740 ἐν
3280 687 3502 741 αὐτοῖς.
3550 689 3654 741 ἐὰν
3680 690 3770 741 ἐκ·

2282 691 2554 764 (Exler
2599 691 2774 757 sum
2812 691 3151 745 κινδυνεύει
3182 691 3251 740 ἐν
3280 691 3502 752 αὐτοῖς,
3550 691 3654 741 ἐὰν
3680 691 3773 741 ὲκ-

2278 766 2436 833 πέσῃ
2460 764 2526 819 τὸ
2584 764 2864 829 σιδήριον
2895 778 2909 793 ο
2940 762 3039 833 καὶ
3067 759 3251 833 αὐτὸς
3300 759 3623 833 πρόσωπον
3649 760 3774 833 ἐτά-

2281 828 2433 904 ραξὲ
2467 834 2563 888 καὶ
2589 828 2879 904 δυνάμεις
2934 829 3293 899 δυναμώσειο
3330 828 3429 882 καί
3472 832 3776 897 περισσεία

2278 907 2385 961 τοῦ
2417 906 2697 973 ἀνδρείου
2726 903 2967 972 σοφία.»

1501 1030 1641 1082 Edita
1665 1046 1689 1081 a
1715 1030 1857 1089 Maio,
1878 1032 1914 1080 1.
1938 1046 2006 1091 c.,
2030 1045 2081 1094 p.
2102 1030 2263 1081 76-77.
2293 1029 2350 1079 In
2375 1029 2544 1080 Eccle.
2577 1042 2630 1087 ι,
2660 1026 2709 1086 9,
2733 1024 2809 1073 10.

595 1138 950 1196 Ecclesiastes
978 1151 1220 1207 praesens
1250 1136 1386 1191 liber
1415 1146 1473 1191 ut
1498 1135 1723 1191 Cantica
1764 1136 2107 1190 canticorum

522 1228 858 1303 praecipuum
886 1226 1085 1280 habent
1118 1240 1347 1296 scopum
1382 1224 1805 1295 intelligihilium
1835 1232 1889 1279 et
1914 1238 2107 1278 eorum

522 1336 646 1394 qua:
673 1335 835 1391 super
874 1334 1094 1374 sensum
1131 1329 1261 1374 sunt
1309 1316 1844 1387 contemplationem,
1881 1326 1936 1371 et
1970 1315 2109 1371 Pro-

522 1413 707 1469 verbia
737 1412 1020 1467 hominum
1054 1425 1231 1465 mores
1254 1409 1531 1475 ordinare,
1579 1410 1652 1463 ita
1697 1418 1751 1463 et
1786 1408 1888 1463 iste
1913 1408 1979 1462 de
2014 1424 2109 1462 na-

524 1506 792 1563 turalibus
830 1504 979 1559 addit
1019 1503 1308 1568 disserere,
1351 1498 1687 1571 propositum
1724 1499 1824 1553 sibi
1858 1508 2107 1554 statuens

523 1600 803 1655 auditores
852 1598 919 1651 ad
971 1604 1183 1650 natura:
1245 1593 1614 1648 nianuduccre
1660 1590 2107 1660 comprehensio-

526 1704 673 1744 nem.
729 1686 948 1743 Nullum
998 1686 1218 1757 quidem
1271 1686 1437 1740 trium
1488 1699 1716 1755 Operum
1755 1684 1823 1738 ab
1865 1684 2102 1738 aliorum

2296 1133 2353 1188 '0
2392 1130 2827 1203 Ἐκκλησιαστὴς
2882 1126 2944 1181 et
2990 1126 3165 1197 παρὸν
3222 1124 3424 1195 βιϐλίον
3475 1124 3661 1193 ὥσπερ
3717 1125 3782 1177 τά

2211 1226 2467 1298 Ι’ᾼσματα
2516 1224 2625 1276 τῶν
2685 1221 2947 1293 ᾀσμάτων
3000 1216 3414 1290 προηγούμενον
3445 1216 3560 1286 ἔχει
3588 1216 3784 1269 σκοπὸν

2206 1319 2305 1389 τὴν
2358 1317 2469 1369 τῶν
2522 1315 2728 1386 νοητῶν
2770 1298 2867 1368 κάὶ
2924 1313 3064 1383 ὑπὲρ
3104 1312 3203 1382 τὴν
3235 1310 3491 1379 αἴσθησιν
3534 1309 3781 1379 Θεωρίαν,

2208 1412 2300 1465 καὶ
2321 1412 2375 1464 al.
2411 1409 2710 1480 Παροιμίαι
2734 1407 2803 1460 τά
2824 1406 2932 1459 τῶν
2985 1403 3290 1476 ἀνθρώπων
3349 1402 3453 1472 ἤθη
3489 1399 3783 1471 ῥυθμίζειν·

2210 1505 2353 1558 οὕτω
2390 1504 2483 1558 καὶ
2512 1497 2667 1565 οὗτος
2690 1501 2821 1571 περὶ
2849 1501 2958 1552 τῶν
2985 1498 3232 1569 φυσικῶν
3259 1495 3540 1549 ἐπιϐάλλει
3568 1493 3786 1562 διαλαμ-

2213 1598 2395 1651 ϐάνειν
2433 1637 2448 1661 ,
2501 1596 2757 1650 ὑπόθεσιν
2812 1593 3264 1665 προστησάμενος
3324 1590 3452 1651 τοὺς
3516 1587 3785 1659 ἀκροατὰς

2212 1690 2349 1761 πρὸς
2378 1690 2476 1758 τὴν
2509 1688 2610 1758 τῆς
2658 1687 2873 1757 φύσεως
2910 1684 3274 1756 χειραγωγεῖν
3324 1680 3675 1750 κατανόησιν.
3710 1678 3781 1729 Ού

526 1776 870 1849 philosophia
901 1777 1118 1846 penitus
1148 1775 1387 1828 alienum
1428 1781 1545 1840 est,
1581 1775 1675 1828 sed
1722 1782 1807 1828 est
1853 1773 2102 1827 invenire

2220 1784 2307 1855 μὲν
2338 1782 2562 1852 οὐδεμία
2600 1782 2709 1833 τῶν
2731 1779 2899 1849 τριῶν
2922 1773 3316 1848 πραγματειῶν
3346 1773 3447 1841 τῆς
3482 1771 3591 1823 τῶν
3621 1768 3789 1823 ἀλλων

523 1880 579 1926 et
610 1870 664 1923 in
699 1868 999 1924 moralibus
1031 1883 1129 1938 pro
1162 1868 1369 1921 minori
1410 1866 1628 1935 quidem
1662 1874 1816 1935 parte
1845 1874 2028 1919 tamen
2058 1873 2114 1919 et

526 1960 858 2018 naturalium
892 1972 947 2014 et
991 1959 1323 2014 diviniorum
1373 1958 1903 2026 contemplationum
1938 1958 2112 2011 tradi-

525 2052 753 2108 tionem.
808 2051 996 2105 ltidem
1044 2060 1102 2104 ct
1158 2050 1211 2104 in
1259 2049 1606 2120 philosophia
1649 2049 1717 2103 de
1746 2048 2113 2104 divinioribus

524 2158 742 2199 morum
790 2141 1233 2197 inlOrmationem
1288 2139 1531 2193 invenire
1574 2147 1659 2193 est
1717 2138 2023 2207 inspersam
2060 2146 2114 2193 et

526 2236 691 2291 etiam
725 2244 937 2289 natura:
966 2231 1414 2304 intelligentiam;
1451 2230 1545 2287 sed
1581 2241 1637 2285 et
1670 2231 1725 2285 in
1766 2247 1874 2300 quo
1903 2242 2114 2285 natura:

525 2338 612 2384 est
672 2326 945 2397 speculari
1006 2324 1404 2381 eonnexionem
1458 2334 1511 2379 et
1560 2324 1938 2388 harmoniam,
2006 2340 2113 2378 non

526 2436 699 2493 pauca
730 2420 1143 2489 deprehendere
1175 2426 1259 2473 est
1304 2432 1497 2471 eorum
1543 2432 1666 2485 quae
1718 2431 1812 2485 per
1860 2418 2116 2471 exhorta-

527 2515 733 2570 tionem
782 2511 1104 2581 anagogiam
1154 2523 1370 2562 morum
1417 2506 1679 2576 dirigunt.
1721 2506 1845 2560 Ideo
1875 2514 1929 2559 et
1968 2518 2117 2558 nunc

526 2606 882 2677 proclamans
931 2601 1266 2657 naturalium
1299 2597 1656 2654 Ecclesiastes
1686 2614 1781 2669 per
1807 2598 2115 2669 exemplum

531 2701 586 2753 in
625 2697 996 2751 hortationem
1041 2709 1139 2764 per
1177 2709 1343 2763 quam
1378 2702 1463 2747 est
1508 2692 1759 2762 progredi
1794 2700 2115 2760 praesentem

532 2790 699 2844 vitam
735 2798 884 2857 peste
940 2787 1165 2841 liberam
1197 2794 1250 2840 et
1272 2785 1338 2840 ad
1370 2795 1577 2839 rectum
1634 2798 1855 2838 cursum
1895 2798 2119 2838 conser-

532 2880 649 2935 vari
670 2880 971 2933 auditorem
996 2876 1260 2941 immittit,
1279 2885 1333 2931 et
1360 2876 1436 2930 ait
1462 2892 1475 2929 :
1508 2894 1526 2926 ι
1553 2874 1659 2940 Qui
1690 2873 1889 2928 si-indit
1927 2874 2067 2942 ligna
2094 2891 2113 2923 ι

536 2982 591 3028 et
613 2972 781 3025 vitam
810 2970 999 3024 talium
1026 2968 1127 3024 sibi
1166 2968 1294 3024 facit
1336 2978 1536 3032 artem,
1560 2966 1607 3021 si
1628 2967 1891 3020 exciderit
1912 2964 2118 3020 ferrum

533 3078 646 3133 quo
688 3062 1023 3117 scinduntur
1062 3060 1230 3130 ligna,
1273 3068 1367 3113 aut
1406 3075 1514 3112 non
1560 3068 1683 3129 post
1713 3058 1944 3127 primam
1979 3058 2119 3112 scis-

2216 1874 2528 1945 φιλοσοφίας
2584 1873 2757 1926 διόλου
2822 1870 3197 1942 ἀπήλλακται·
3250 1865 3364 1918 ἀλλ’
3406 1864 3557 1917 ἐστιν
3613 1862 3789 1931 εὑρεῖν

2215 1968 2317 2020 κάν
2356 1968 2467 2026 τοῖς
2526 1964 2734 2032 ἠθικοῖς
2758 1961 2843 2015 ἐπ’
2875 1960 3095 2013 ἔλαττον
3137 1958 3234 2026 μὲν
3261 1958 3409 2025 ὅμως
3431 1956 3526 2007 καὶ
3555 1952 3793 2023 φυσικῶν

2216 2057 2309 2111 καὶ
2366 2056 2653 2127 Θειοτέρων
2702 2052 3075 2124 Θεωρημάτων
3127 2048 3427 2119 παράδοσιν
3468 2062 3480 2075 ’
3536 2043 3793 2104 ὡσαύτως

2212 2149 2268 2202 δὲ
2293 2149 2395 2201 κάν
2429 2150 2495 2217 τῇ
2534 2146 2663 2217 περὶ
2706 2144 2817 2197 τῶν
2870 2143 3157 2213 Θειοτέρων
3209 2137 3504 2208 φιλοσοφίᾳ
3554 2134 3702 2204 ἠθῶν
3736 2150 3793 2185 τε

2213 2239 2574 2309 διακόσμησιν
2623 2237 2802 2307 εὑρεῖν
2854 2233 3031 2285 ἔνεστι
3092 2225 3702 2299 κατεσπαρμένην,καλ.
3732 2222 3794 2293 δη

2215 2332 2311 2386 καὶ
2362 2330 2575 2400 φύσεως
2626 2327 2954 2397 κατανόησιν
2996 2340 3010 2353 ·
3070 2322 3206 2377 ἀλλά
3254 2339 3316 2390 γε
3362 2321 3425 2392 δὴ
3478 2321 3570 2373 καὶ
3609 2311 3653 2386 ᾧ
3701 2317 3797 2385 τῆς

2219 2420 2432 2490 φύσεως
2493 2420 2640 2471 ἐστιν
2684 2416 3015 2486 ἀναθεωρεῖν
3068 2414 3167 2484 τὴν
3225 2409 3551 2465 ἀκολουθίαν
3602 2408 3696 2461 καὶ
3738 2407 3799 2457 τὸ

2218 2509 2577 2582 ἐναρμόνιον,
2634 2508 2735 2561 οὐκ
2782 2506 2939 2574 ὀλίγα
2987 2504 3174 2557 λαϐεῖν
3239 2502 3352 2555 ἐστι
3406 2500 3516 2553 τῶν
3563 2498 3653 2553 διά
3701 2498 3798 2567 τῆς

2216 2602 2589 2674 παραινέσεως
2606 2600 2702 2670 τὴν
2724 2598 3038 2667 ἀναγωγίαν
3057 2595 3149 2649 τοῦ
3168 2595 3331 2668 ἤθους
3356 2594 3522 2665 ἀνορο
3542 2612 3589 2645 λυ
3600 2593 3796 2663 μένων.

2219 2694 2309 2746 Διὸ
2370 2694 2463 2747 καὶ
2512 2692 2607 2746 νῦν
2638 2691 2998 2760 ἀπαγγέλλων
3042 2688 3151 2741 τῶν
3208 2687 3455 2757 φυσικῶν
3501 2687 3531 2739 ό
3570 2684 3801 2753 Ἐκκλη-

2221 2789 2445 2857 σιαστὴς
2500 2785 2586 2838 διὰ
2612 2784 2706 2837 τοῦ
2740 2783 3182 2853 παραδείγματος
3219 2782 3299 2843 είς
3328 2780 3427 2852 τὴν
3476 2779 3802 2849 παραίνεσιν

2219 2879 2287 2932 δι’
2340 2874 2409 2951 ἧς
2463 2879 2579 2930 ἐστι
2645 2876 2972 2947 πορεύεσθαι
3020 2876 3111 2929 τὸν
3162 2876 3409 2946 παρόντα
3460 2873 3579 2942 βίον
3627 2871 3803 2941 λύμης

2222 2972 2508 3043 ἐλεύθερον
2584 2972 2679 3023 καὶ
2744 2970 2879 3040 πρὸς
2944 2968 3165 3041 εὔροιαν
3239 2968 3633 3037 συντηρεῖσοαι
3711 2965 3801 3017 τὸν

2222 3063 2499 3134 ἀκροατὴν
2526 3062 2909 3133 παραπέμπει,
2942 3063 3036 3114 καὶ
3054 3061 3237 3131 φησίν·
3267 3079 3285 3111 ι
3308 3060 3367 3113 '0
3393 3059 3599 3127 σχίζων
3618 3056 3750 3123 ξύλα
3782 3074 3801 3106 ι

530 3154 745 3208 sionem
784 3151 960 3221 magis
1004 3162 1223 3219 separat
1268 3151 1336 3204 ab
1373 3151 1628 3214 invicem,
1680 3158 1735 3203 et
1778 3149 1833 3202 in
1881 3148 2116 3202 circum-

2220 3156 2314 3207 καὶ
2336 3155 2447 3224 βίον
2463 3154 2559 3225 τὴν
2600 3154 2805 3205 τούτων
2831 3151 3152 3220 ποιούμενος
3166 3152 3381 3220 τέχνην,
3406 3145 3810 3218 ὲάνρκπέσηζτὸ

534 3240 890 3311 scriptionem
937 3241 1101 3294 struit
1141 3239 1439 3309 propriam,
1464 3258 1482 3289 ι
1512 3238 1849 3309 periclitatur
1881 3239 2110 3303 initiis,»

533 3333 659 3389 inde
706 3332 961 3387 videlicet
1005 3331 1300 3387 destitutus
1351 3333 1625 3397 utilitate;
1670 3342 1725 3387 et
1768 3332 2121 3387 conturbabit

534 3426 767 3487 vultum.
795 3439 895 3494 pro
925 3423 1228 3493 splendenti
1276 3425 1331 3478 in
1360 3424 1654 3490 hilaritate,
1688 3433 1947 3479 moestum
1974 3425 2118 3478 acci-

533 3521 731 3590 piens;
757 3526 811 3573 et
844 3520 1075 3573 virtutes
1102 3518 1385 3573 roborabit
1412 3533 1534 3586 qua:
1560 3515 1909 3570 fascinahant
1939 3517 2116 3580 illum,

533 3615 653 3685 ejus
682 3613 1063 3684 impotentiam
1087 3623 1140 3667 et
1170 3612 1433 3682 impiam,
1465 3613 1575 3665 vim
1609 3613 1885 3681 propriam
1917 3611 2121 3665 inhibi-

536 3715 671 3772 tam,
695 3706 829 3761 nihil
856 3720 921 3760 ea
951 3720 1074 3775 qua:
1101 3703 1160 3761 in
1192 3704 1454 3757 virilitate
1492 3703 1613 3773 ejus
1650 3702 1900 3773 juvante,
1932 3703 2027 3758 sed
2064 3703 2117 3756 in

539 3812 741 3850 vanum
773 3806 827 3851 et
854 3795 1047 3851 inutile
1072 3806 1296 3866 promer
1322 3795 1569 3864 elapsum
1598 3794 1801 3849 ferrum
1828 3796 2119 3849 dissoluta.

543 3888 789 3959 Utigitur
807 3887 1147 3943 scindentem
1164 3888 1332 3957 ligna,
1352 3887 1397 3941 si
1417 3886 1677 3941 exciderit
1708 3886 1934 3953 ferrum,
1955 3897 2119 3942 tantae

538 3991 846 4054 sequuntur
864 3983 1203 4039 calamitates
1232 3991 1286 4036 ct
1302 3982 1769 4052 comprehendunt
1790 3998 1913 4036 eum
1940 3983 2030 4052 qui
2053 3998 2119 4035 ex

538 4074 667 4146 ligni
704 4074 971 4130 divisione
999 4083 1052 4129 et
1080 4073 1312 4128 artiﬁcio
1343 4074 1395 4127 in
1449 4074 1768 4128 sutlicientia
1802 4083 1981 4143 potest
2036 4074 2116 4127 vi-

539 4184 665 4223 vere
699 4169 820 4223 :sic
844 4177 895 4223 et
921 4167 1011 4237 qui
1042 4182 1294 4223 sermone
1340 4166 1509 4221 utitur
1538 4165 1827 4221 dortrinali
1858 4175 2119 4237 tanquam

538 4261 771 4330 quodam
789 4260 935 4314 ferro
958 4270 1013 4313 et
1037 4261 1404 4315 instrumento
1418 4258 1683 4313 divisorio
1703 4274 1796 4329 per
1814 4260 1961 4329 quod
1982 4260 2122 4314 divi-

541 4368 733 4407 narum
772 4350 1179 4419 Scripturarum
1224 4365 1289 4403 ex
1328 4349 1665 4404 obscuritate
1718 4360 2033 4405 contextum
2068 4361 2122 4405 et

540 4440 937 4495 connexionem
986 4439 1052 4493 ad
1078 4440 1308 4493 invicem
1352 4448 1405 4493 et
1428 4448 1550 4508 apte
1572 4449 1707 4493 etut
1736 4440 1974 4509 Spiritus
2004 4441 2121 4494 vult

538 4532 711 4603 gratia
732 4530 965 4599 explicat
984 4541 1036 4585 et
1053 4546 1144 4599 per
1165 4542 1351 4600 partes
1380 4532 1679 4586 subdividit
1704 4547 1800 4601 per
1826 4533 2121 4588 animabus

541 4626 725 4679 utilem
759 4623 1267 4693 interpretationem
1295 4623 1400 4677 sibi
1428 4624 1463 4692 ί,
1485 4624 1531 4679 si
1584 4624 1923 4694 spiritualem
1954 4625 2120 4679 vitam

539 4722 846 4778 conservat,
874 4713 1155 4769 auditores
1185 4714 1252 4768 ad
1280 4714 1421 4767 hanc
1457 4714 1665 4769 ducens
1688 4725 1741 4770 et
1766 4716 2013 4770 hortans.

2220 3245 2460 3315 σιδήριον
2483 3238 2633 3311 ᾧτινι
2656 3242 2896 3314 σχίζεται
2924 3248 2991 3296 τὰ
3014 3242 3166 3307 ξύλα,
3189 3242 3221 3313 ἢ
3248 3242 3291 3295 δ’
3308 3242 3369 3294 ού
3385 3242 3528 3311 μετά
3546 3240 3648 3312 τὴν
3672 3236 3813 3307 πρὼ-

2216 3353 2318 3404 την
2353 3337 2530 3405 σχίσιν
2559 3336 2652 3388 ἐπὶ
2698 3334 2861 3387 πλέον
2895 3333 3164 3387 διΐσταται
3194 3334 3287 3386 ἀπ’
3312 3332 3586 3403 ἀλλήλωι,
3620 3334 3713 3386 καὶ
3734 3333 3811 3391 εἰς

2220 3426 2566 3498 περιγραφὴν
2618 3424 2985 3494 ἀπαρτίζεται
3048 3425 3206 3491 ἰδίαν,
3245 3442 3263 3475 ι
3292 3423 3604 3477 κινδυνεύει
3635 3423 3695 3477 ὲν
3719 3422 3813 3475 αὐ-

2219 3521 2350 3582 τοῖς,
2376 3537 2395 3570 ι
2425 3517 2521 3587 τῆς
2549 3518 2757 3570 ἐκεῖθεν
2783 3516 3029 3584 δηλονότι
3070 3514 3483 3585 ἀφαιρούμενος
3516 3513 3807 3583 ὠφελείας⁶

2220 3610 2316 3664 καὶ
2349 3608 2667 3680 συνταράξει
2698 3609 2758 3662 τὸ
2790 3610 3102 3680 πρόσωπον,
3155 3608 3277 3661 ἀντὶ
3310 3606 3405 3661 τοῦ
3441 3608 3812 3679 φαιδρυνομέ-

2221 3720 2312 3755 νου
2366 3705 2421 3755 ὲν
2459 3702 2757 3771 ἱλαρότητι,
2830 3700 3157 3771 σκυθρωπὸν
3200 3700 3634 3772 ἀναδεδεγμένος
3662 3715 3677 3730 ⁸
3721 3698 3815 3754 καὶ

2221 3790 2477 3859 δυνάμεις
2528 3789 2838 3859 δυναμώσει
2890 3791 3012 3843 ὅσαι
3065 3789 3448 3845 διεϐάσκαινον
3496 3793 3688 3855 αὑτὸν,
3718 3790 3814 3859 τὴν

2223 3883 2387 3936 αὑτοῦ
2441 3883 2729 3936 ἀσῡένειαν
2763 3883 2857 3934 καὶ
2886 3883 3146 3951 ἀπορίαν,
3169 3884 3325 3954 ἰσχὺν
3369 3885 3513 3939 ίδίαν
3548 3886 3811 3957 περιϐαλ-

2222 3976 2479 4045 λομένην,
2535 3975 2691 4028 οὐδὲν
2726 3975 2826 4045 τῆς
2851 3976 2908 4028 ἐν
2936 3979 3001 4046 τῇ
3042 3977 3264 4048 ἀνδρείᾳ
3293 3978 3461 4030 αὑτοῦ
3487 3996 3812 4049 συνεπαμυ-

2223 4068 2443 4137 νούσης,
2497 4067 2611 4120 ἀλλ’
2646 4070 2723 4131 εἰς
2763 4069 2823 4119 τὸ
2856 4068 3110 4136 περιττὸν
3155 4072 3249 4123 καὶ
3304 4071 3585 4141 ἄχρηστον
3607 4072 3696 4127 διά
3718 4071 3815 4141 τὴν

2223 4161 2495 4214 ἔκπτωσιν
2548 4160 2641 4213 τού
2668 4161 2888 4232 σιδήρου
2925 4161 3313 4232 διαλυομένης.
3348 4164 3570 4236 Ὥσπερ
3606 4164 3703 4219 οὖν
3726 4164 3818 4217 ἐπὶ

2223 4252 2317 4307 τοῦ
2367 4253 2643 4323 σχίζοντος
2693 4253 2762 4307 τά
2808 4253 2958 4319 ξύλα,
3012 4254 3108 4307 ὲάν
3168 4255 3377 4327 ἐκπέσῃ
3434 4258 3499 4310 τὸ
3550 4259 3814 4329 σιδήριον,

2224 4344 2484 4398 τοσαῦται
2526 4345 2997 4417 παρακολουθούσι
3025 4349 3306 4419 συμφοραὶ
3334 4350 3427 4401 καὶ
3452 4350 3819 4421 καταλαμϐά-

2226 4456 2377 4491 νουσι
2407 4439 2506 4509 τὴν
2534 4441 2598 4492 ἐκ
2632 4440 2732 4509 τῆς
2762 4439 2858 4492 τοῦ
2885 4440 3044 4506 ξύλου
3077 4442 3397 4512 διαιρέσεως
3428 4447 3530 4498 καὶ
3565 4449 3823 4515 καλλιερ·

2229 4533 2352 4601 γίας
2375 4534 2433 4584 ὲν
2460 4532 2765 4603 αὐταρκείᾳ
2812 4533 3111 4603 δυνάμενον
3154 4532 3303 4603 βιοῦν
3328 4549 3341 4563 ⁸
3392 4533 3544 4588 οὕτω
3570 4536 3666 4588 καὶ
3699 4537 3727 4589 ό
3748 4534 3823 4604 τῷ

2229 4624 2373 4695 λόγῳ
2408 4623 2688 4694 χρώμενος
2718 4624 2795 4695 τῷ
2813 4624 3179 4697 διδασκαλικῷ
3203 4624 3459 4697 καθάπερ
3480 4630 3590 4680 τινὶ
3621 4628 3827 4698 σιδήρῳ

2230 4720 2324 4772 καὶ
2374 4719 2592 4788 ὀργάνῳ
2642 4718 2962 4788 διαιρετικῷ
2992 4718 3060 4770 δι’
3103 4713 3165 4774 οὗ
3205 4720 3306 4789 τὴν
3361 4722 3525 4772 οείων
3589 4719 3826 4793 Γραφῶν

538 4809 627 4865 διὰ
682 4809 782 4881 τῆς
834 4806 1104 4874 ἀσαφείας
1167 4804 1446 4875 σύμφυσίν
1483 4822 1542 4860 τε
1594 4807 1691 4859 καὶ
1726 4808 2036 4879 συναίρεσιν
2105 4811 2456 4881 καταλλήλως
2498 4829 2557 4865 τε
2588 4814 2682 4865 καὶ
2734 4812 3033 4883 προσφυῶς
3067 4814 3162 4866 καὶ
3188 4812 3263 4876 ὼς
3296 4814 3329 4883 ἡ
3363 4812 3458 4867 τοῦ
3505 4815 3829 4885 Πνεύματος

542 4906 790 4976 βούλεται
836 4902 999 4973 χάρις
1063 4900 1403 4954 ἀναπτύσσει
1464 4918 1525 4955 τε
1590 4903 1686 4955 καὶ
1751 4904 1855 4957 ἀνά
1900 4904 2065 4974 μέρος
2134 4907 2431 4977 συνδιαιρεῖ
2486 4906 2574 4960 3ιά
2616 4908 2714 4975 τῆς
2755 4905 3113 4976 ψυχωφελούς
3172 4906 3471 4977 ἑρμηνείας
3499 4907 3687 4977 ἑαυτῷ
3733 4906 3831 4977 τὴν

542 4997 922 5073 πνευματικὴν
968 4995 1116 5066 ζωὴν
1172 4997 1464 5067 συντηρεῖ,
1522 4996 1649 5057 τοὺς
1704 4996 1978 5066 ἀκροατὰς
2021 4998 2113 5050 ἐπὶ
2152 4997 2357 5067 ταύτην
2380 4998 2590 5067 ὁδηγῶν
2615 5016 2674 5050 τε
2705 4999 2799 5050 καὶ
2822 4996 3176 5067 παρακαλῶν.

613 5092 673 5148 Si
705 5106 831 5147 vero
865 5090 1130 5146 doctrina:
1159 5090 1514 5144 accuratione
1545 5099 1599 5143 et
1626 5089 1692 5143 ad
1721 5092 1976 5160 pietatem
2010 5090 2127 5145 siu-

542 5186 773 5244 ceritate
830 5195 885 5239 et
936 5184 1193 5239 acumine
1245 5183 1455 5238 latente
1508 5182 1688 5253 ipsum
1737 5184 2123 5240 discretionem

543 5279 877 5349 scriptorum
912 5284 968 5331 et
996 5275 1420 5345 explicationem
1460 5275 1788 5345 protulerit,
1826 5292 2005 5347 neque
2032 5292 2125 5331 or-

545 5368 798 5424 thodoxis
834 5367 1264 5423 theorematibus
1294 5382 1519 5422 sensum
1566 5366 1953 5437 interpretetur
1976 5408 1991 5434 ,
2033 5370 2127 5423 sed

545 5461 611 5515 ad
644 5460 878 5515 hatresin
912 5460 1211 5529 quamdam
1244 5466 1299 5513 et
1328 5458 1609 5527 opinionis
1634 5459 1898 5514 vilitatem
1929 5459 2130 5516 salvin-

546 5566 667 5603 cum
694 5550 919 5605 verbum
942 5550 1193 5605 decidere
1220 5550 1385 5613 sinat,
1414 5551 1467 5605 is
1498 5566 1625 5605 vere
1654 5559 1709 5606 et
1732 5551 1942 5607 vultum
1962 5567 2124 5622 quem

548 5656 577 5694 a
613 5642 882 5712 principio
925 5644 1182 5697 induebat
1226 5644 1516 5697 orthodoxi
1552 5645 1853 5714 magisterii
1885 5644 2127 5699 confun-

550 5733 630 5785 dit
676 5746 729 5787 ct
781 5733 1005 5795 turbat,
1058 5744 1111 5787 ιιι
1167 5735 1483 5788 auditorum
1538 5737 1751 5791 animas
1801 5751 1902 5807 pro
1952 5737 2129 5792 salute

552 5822 753 5875 damno
784 5822 1003 5889 implet:
1044 5835 1096 5878 et
1130 5824 1357 5877 virtutes
1398 5824 1616 5893 quidem
1650 5826 1973 5891 roboravit,
2007 5842 2130 5897 qua)

2311 5093 2436 5145 Ἐἀν
2466 5093 2522 5145 δὲ
2549 5093 2609 5144 τὸ
2642 5092 2739 5161 τῆς
2769 5091 3119 5154 διδασκαλίας
3149 5090 3378 5160 ἀκριϐὲς
3429 5092 3527 5143 καὶ
3558 5091 3705 5161 πρὸς
3728 5090 3831 5161 τὴν

2228 5183 2511 5236 εὐσέϐειαν
2535 5182 2822 5253 εἰλικρινὲς
2850 5183 2944 5237 καὶ
2967 5184 3307 5253 ἠκονημένον
3338 5181 3501 5236 λαθὸν
3531 5184 3705 5237 αὑτὸν
3733 5185 3834 5253 τὴν

2228 5274 2492 5342 διαίρεσιν
2515 5274 2623 5327 τῶν
2666 5274 3071 5346 γεγραμμένων
3106 5276 3199 5328 καὶ
3231 5276 3533 5344 σαφήνειαν
3564 5275 3833 5347 στροενέγ⁶

2232 5383 2325 5438 κῃ,
2360 5368 2485 5438 μηδ’
2525 5367 2826 5437 όρθοδόξοις
2844 5368 3164 5436 θεωρήμασι
3200 5366 3299 5435 τὴν
3323 5366 3571 5419 διάνοιαν
3603 5367 3834 5438 διερμηο

2233 5460 2385 5533 νεύῃ,
2417 5460 2553 5514 ἀλλά
2585 5460 2721 5531 πρὸς
2749 5460 2961 5531 αἵρεσίν
3007 5477 3131 5513 τινα
3168 5462 3263 5513 καὶ
3298 5459 3457 5529 δόξης
3513 5459 3836 5527 φαυλότητα

2232 5552 2322 5605 τὸν
2350 5555 2618 5624 σωτήριον
2648 5554 2807 5621 λόγον
2834 5553 3115 5608 διαπεσεῖν
3133 5553 3290 5626 ἐάσῃ,
3318 5547 3472 5615 οὗτος
3500 5552 3584 5616 ὡς
3620 5551 3839 5621 ἀληθῶς

2238 5644 2329 5695 καὶ
2353 5644 2413 5695 τὸ
2443 5657 2736 5713 πρόσωπον
2766 5645 2903 5714 οπερ
2937 5643 2995 5709 ἐξ
3026 5644 3204 5714 ἀρχῆς
3235 5644 3523 5716 περιέθετο
3554 5645 3654 5711 τῆς
3681 5642 3837 5712 6900-

2236 5732 2496 5803 δοξούσης
2529 5734 2881 5798 διδασκαλίας
2916 5737 3108 5805 συγχεῖ
3140 5735 3235 5788 καὶ
3265 5734 3560 5806 ταράσσει,
3606 5734 3707 5787 καὶ
3740 5734 3837 5791 τὸς

2238 5827 2347 5881 τῶν
2372 5826 2657 5897 ἀκροατῶν
2699 5826 2877 5897 ψυχὰς
2929 5828 3049 5882 ἀντὶ
3112 5828 3385 5896 σωτηρίας
3434 5824 3655 5895 βλάϐης
3706 5824 3837 5876 ἀνει-
