4144 6438
442 435 550 497 425

1293 442 1391 500 ΑΙ)
1430 440 2023 503 AMPHILOCHIUM
2076 440 2424 513 QUIESTIO
2480 439 2685 514 LXIV,
2724 439 2895 500 LXV.

3626 444 3736 511 426

442 547 673 618 πλήσσει
700 563 715 577 ⁸
749 549 845 602 καὶ
886 550 1140 621 δυνάμεις
1180 552 1279 621 μὲν
1303 554 1708 625 ἐνεδυνάμωσεν
1744 598 1757 622 ,
1795 555 1851 610 αἶ
1925 554 2041 608 δια-

2143 552 2450 608 invidentes
2478 552 2528 608 ei
2559 560 2705 607 recte
2729 550 3031 605 ambulanti
3058 552 3211 629 prius
3233 552 3553 623 quaerebant
3601 555 3735 612 insi-

442 639 637 707 φθονού
647 658 805 712 μεναι
830 643 993 696 αὑτὸν
1008 644 1191 697 εὐοδού
1200 664 1359 716 μενον
1386 649 1647 719 πρότερον
1669 649 1897 719 ἐζήτουν
1917 649 2037 703 ὲπι-

441 732 730 788 ϐουλεῦσαι
766 735 864 788 καὶ
885 736 1272 806 ἀντιπράττειν
1304 740 1674 807 ἐφιλονείκουν
1696 757 1708 770 ·
1747 740 1949 803 ὲαυτδνῖ
1979 740 2035 794 δὲ

442 826 643 897 ἀσθενῆ
674 827 766 880 καὶ
788 829 1097 899 καταϐεϐλη
1108 832 1267 901 μένον
1314 832 1505 900 ἔδειξε,
1542 835 1638 887 καὶ
1662 833 1760 905 τὴν
1784 834 2031 905 ἔμπροσ-

444 916 535 969 θεν
570 917 994 991 θαυμαζομένην
1029 921 1196 975 αὑτοῦ
1223 922 1418 992 σοφίαν
1464 927 1542 988 εἰς
1565 925 1625 977 τὸ
1653 926 1909 995 περιττὸν
1937 927 2031 979 καὶ

445 1010 673 1078 μάταιον
724 1014 1203 1087 κατενηνεγμένην
1252 1016 1561 1087 διήλεγξεν.
1604 1018 1662 1072 ὐ
1715 1019 1895 1091 μέντοι
1946 1019 2034 1073 τὸν

441 1098 562 1152 νοῦν
590 1100 850 1171 ἀνδρεῖος,
888 1102 984 1158 καὶ
1022 1106 1148 1169 τοὺς
1188 1106 1536 1179 ἐπηρμένους
1583 1106 1691 1161 τῶν
1742 1108 2035 1179 αἱρετικὼν

438 1189 730 1261 λογισμοὺς
748 1193 1062 1267 πολιορκεῖν
1087 1197 1250 1251 αὐτοῦ
1290 1197 1389 1269 τὴν
1417 1198 1585 1269 ὀρθὴν
1612 1198 1770 1264 δόξαν
1802 1198 2032 1253 διωθού-

438 1299 619 1353 μενος,
646 1285 741 1338 ml.
768 1285 847 1355 τῷ
879 1287 1134 1358 τμητικῷ
1172 1288 1269 1343 τοῦ
1302 1289 1622 1360 Πνεύματος
1670 1291 1834 1362 λόγῳ,
1886 1292 2030 1345 ὲκεί-

439 1394 544 1427 νων
574 1376 673 1446 μὲν
693 1380 819 1441 τοὺς
838 1380 1393 1452 παρεμϐαλλομένους
1435 1381 1623 1447 λοξοὺς
1682 1383 1897 1447 καὶτὰς
1937 1401 2028 1436 συ-

438 1469 677 1539 στροφὰς
705 1471 815 1523 τῶν
832 1475 1188 1543 σοφισμάτων
1230 1474 1531 1546 ἐκτέμνων,
1558 1475 1655 1546 τὴν
1683 1476 1727 1529 δ’
1772 1475 2031 1548 ἀληθινὴν

434 1558 594 1625 δόξαν
649 1562 745 1613 καὶ
776 1562 911 1616 θεὸν
963 1564 1216 1634 τιμῶσαν
1258 1567 1354 1620 καὶ
1408 1567 1615 1640 ἀρετῆς
1662 1569 2033 1639 ἁντεχομένην

436 1653 848 1727 περικαθαίρων
876 1673 936 1709 τε
952 1657 1062 1710 τῶν
1091 1659 1528 1724 ἐπισκιαζόντων
1554 1661 1649 1714 καὶ
1676 1662 2031 1733 ἀποδιαιρού-

439 1761 618 1812 μενος,
666 1744 721 1798 εί
752 1764 803 1799 τι
834 1747 1046 1813 τούτοις
1076 1750 1275 1818 ἔξωθεν
1319 1752 1415 1806 καὶ
1464 1752 1618 1824 παρὰ
1666 1754 1773 1807 τῶν
1821 1755 2033 1825 ὲχθρῶν

433 1837 823 1906 προστρίϐεται
868 1841 1042 1907 νόθον,
1080 1844 1270 1897 τοῦτον
1317 1844 1581 1899 οὐδέποτε
1638 1846 1701 1899 τὸ
1763 1846 2026 1919 σιδήριον.

432 1925 555 1980 οὔτε
592 1928 755 1983 λαθὸν
785 1931 1019 2007 διαπέσῃ
1071 1935 1192 1988 οὐδὲ
1233 1937 1298 1990 ἐκ
1339 1937 1632 2007 προδοσίας
1688 1939 1862 2003 οὐδεὶς
1898 1942 2034 1993 ἀπο-

431 2018 664 2074 λέσαντα
694 2022 957 2091 διελέγξει
988 2042 1003 2057 ·
1042 2026 1178 2080 ἀλλὰ
1216 2028 1391 2080 καὶτὸ
1420 2028 1477 2093 ἐξ
1510 2029 1687 2099 ἀρχῆς
1740 2030 2033 2100 πρόσωπον

430 2111 791 2169 ἀναλλοίωτον
821 2117 915 2170 καὶ
947 2121 1197 2189 ταραχῆς
1229 2122 1451 2191 ἀπάσης
1509 2121 2030 2194 ἀνακεκαθαρμένον

432 2208 761 2278 συντηρήσει
792 2224 806 2239 ·
839 2211 934 2265 καὶ
963 2213 1063 2276 τὰς
1095 2215 1154 2267 ὲν
1186 2214 1335 2285 αὐτῷ
1396 2215 1633 2283 φυσικὰς
1666 2214 1925 2285 δυνάμεις
1957 2218 2023 2286 τῇ

428 2295 715 2369 προσθήκῃ
736 2300 845 2353 τῶν
871 2302 979 2356 ἀπὸ
1008 2304 1108 2374 τῆς
1128 2305 1352 2376 χάριτος
1375 2307 1711 2377 δυναμώσει,
1739 2306 1921 2371 δείξας
1949 2306 2025 2371 ὡς

427 2386 641 2457 ἀληθῶς
688 2390 813 2445 ὅσον
856 2396 1173 2464 περισσεύει
1216 2396 1309 2451 τοῦ
1369 2397 1618 2469 ἀνδρείου
1649 2399 1682 2470 ἡ
1715 2398 1879 2467 σοφία
1926 2400 2026 2470 τῆς

425 2477 520 2530 τοῦ
546 2478 725 2533 δειλοῦ
758 2483 1027 2556 ῥᾳθυμίας
1077 2490 1172 2542 καὶ
1203 2490 1389 2561 ῥᾳδίου
1424 2492 1540 2555 τοῖς
1571 2489 1755 2561 ἔργοις
1811 2490 2025 2545 ἁλῶναι

428 2569 634 2642 πλλὴν
664 2572 723 2644 έχ
758 2593 880 2640 ντος
913 2578 1011 2648 τὴν
1044 2580 1406 2651 ἀναλγησίαν.

973 2694 1311 2748 ΕΡΩΤΗΣΙΣ
1342 2697 1464 2751 EE'.

423 2780 581 2846 Πρι¹ς
636 2783 770 2837 τίνα
806 2787 1045 2839 σκοπὸν
1091 2788 1424 2842 ἀποϐλέπει
1484 2790 1554 2842 τό
1587 2804 1600 2818 ο
1640 2808 1659 2839 ‹
1702 2788 1893 2841 Γενεὰ
1918 2804 2024 2841 πο-

486 2852 735 2931 Ρεῗρεταε
756 2855 853 2909 καὶ
900 2858 1076 2925 γενεὰ
1132 2858 1388 2929 ἔρχεται,
1438 2860 1475 2927 ἡ
1521 2859 1589 2912 δὲ
1635 2858 1713 2929 γῆ
1761 2861 1851 2925 εις
1912 2858 2022 2911 τὸν

490 2924 675 2977 αἰῶνα
703 2924 988 2995 ἕστηκεν.
1019 2947 1039 2980 ι

2141 644 2282 699 diari
2323 654 2377 699 et
2408 654 2597 698 contra
2634 657 2757 697 eum
2785 656 2946 712 agere
2968 641 3323 711 nitebantur;
3360 645 3600 716 seipsum
3635 660 3737 700 au-

2140 747 2249 792 tem
2286 736 2564 791 inﬁrmum
2599 743 2655 791 et
2686 734 2962 804 dejectqu
2989 736 3253 795 ostendit.
3288 745 3343 791 et
3371 748 3530 792 antea
3564 738 3739 793 admi-

2140 829 2344 885 rationi
2390 829 2633 883 habitam
2677 842 2838 883 suam
2878 826 3207 897 sapientiam
3245 828 3301 882 in
3334 844 3733 901 supervacuum

2138 935 2193 979 et
2222 938 2422 977 vanum
2452 922 2688 976 delatam
2716 920 2989 992 coarguit.
3014 919 3117 987 Qui
3145 928 3327 975 tamen
3351 933 3533 977 mente
3558 922 3735 978 virilis

2137 1026 2193 1072 et
2242 1017 2415 1071 elatas
2479 1014 2869 1069 hmreticorum
2926 1012 3173 1067 rationes
3228 1012 3297 1067 ad
3356 1012 3734 1069 debellandam

2137 1107 2311 1178 ipsius
2342 1113 2551 1163 rectam
2588 1104 2752 1161 ﬁdem
2791 1104 3064 1175 repellens
3087 1144 3102 1170 ,
3144 1103 3461 1159 et'incisivo
3495 1104 3735 1174 Spiritus

2135 1201 2344 1266 verbo.
2406 1200 2626 1256 illorum
2680 1197 2900 1267 quidem
2952 1196 3335 1252 immissiones
3381 1197 3636 1268 obliquas
3681 1205 3739 1253 et

2133 1307 2393 1363 perversa
2444 1292 2790 1362 sophismata
2832 1289 3164 1347 exscindens
3189 1328 3205 1354 ,
3242 1303 3434 1345 veram
3479 1288 3639 1344 ﬁdem
3682 1297 3738 1345 et

2134 1384 2305 1439 Deum
2355 1384 2721 1440 honorantem
2763 1392 2819 1439 et
2861 1381 3056 1437 virtuti
3094 1380 3465 1437 adhaerentem
3506 1381 3738 1439 mundat
3795 1417 3802 1423 -

2132 1485 2187 1531 et
2214 1477 2281 1531 ab
2308 1475 2776 1531 obumbrantibus
2806 1483 2860 1529 et
2884 1481 3139 1544 separat,
3173 1474 3220 1529 si
3251 1473 3385 1544 quid
3416 1472 3505 1529 his
3535 1473 3605 1529 ab
3633 1489 3734 1529 ex-

2136 1568 2380 1623 trinseco
2422 1577 2476 1622 et
2503 1567 2571 1622 ab
2595 1565 2840 1622 inimicis
2872 1564 3157 1621 aﬂrieatur
3186 1564 3533 1636 illegitimum
3555 1606 3571 1631 ,
3608 1564 3737 1620 huic

2136 1675 2421 1730 nunquam
2478 1658 2684 1713 ferrum
2742 1672 2812 1713 ne
2866 1657 3104 1712 latenter
3155 1657 3375 1728 quidem
3424 1655 3733 1720 exciderit,

2136 1769 2314 1824 neque
2340 1769 2404 1807 ex
2436 1753 2745 1823 proditione
2767 1752 2917 1807 ullus
2944 1752 3389 1822 pessumdantem
3412 1748 3731 1816 convincet;

2139 1847 2234 1903 sed
2264 1856 2317 1901 et
2358 1862 2389 1901 a
2432 1844 2703 1915 principio
2748 1845 2959 1899 vultum
3002 1843 3405 1898 immutabilem
3450 1850 3507 1897 et
3544 1840 3734 1895 turba-

2144 1942 2290 1997 tione
2323 1942 2474 1996 omni
2515 1940 2842 1996 mundatum
2880 1938 3267 2004 conservabit;
3316 1944 3371 1993 et
3396 1952 3491 1993 eas
3519 1952 3644 2008 qua:
3676 1936 3731 1991 in

2141 2051 2200 2091 se
2246 2045 2377 2090 sunt
2423 2035 2708 2090 naturales
2759 2034 2907 2088 vires
2956 2032 3237 2087 additione
3287 2046 3478 2087 earum
3533 2045 3658 2099 qua:
3700 2044 3731 2084 a

2139 2127 2313 2198 gratia
2366 2136 2494 2182 sunt
2550 2127 2866 2190 roborabit,
2896 2126 3193 2181 ostendens
3246 2139 3433 2179 revera
3462 2131 3731 2194 quantum

2131 2228 2351 2289 superet
2381 2219 2482 2274 viri
2517 2218 2728 2274 cordati
2764 2218 3033 2288 sapientia
3066 2217 3242 2271 timidi
3270 2216 3544 2286 ignaviam
3574 2225 3627 2269 et
3653 2212 3733 2269 fa-

2130 2309 2253 2363 cilis
2302 2309 2564 2380 operibus
2612 2308 2996 2383 capimultam
3032 2308 3287 2363 habentis
3334 2304 3732 2362 insensibilita-

2130 2409 2261 2456 tem.

2459 2688 2788 2757 ρυΑεδτιο
2823 2689 2959 2745 LXV
3010 2689 3119 2764 [αι.
3159 2688 3318 2745 LXIV
3337 2688 3381 2761 1.

2135 2784 2215 2837 Ad
2258 2800 2410 2853 quem
2451 2784 2609 2851 ﬁnem
2643 2792 2848 2853 spectat
2888 2783 3025 2837 illud
3063 2798 3082 2837 :
3122 2802 3139 2834 ι
3173 2782 3457 2837 ϐεηυγαιὶο
3494 2782 3733 2851 praeterit

2202 2864 2253 2908 et
2307 2855 2575 2923 generatio
2634 2855 2885 2917 advenit,
2937 2864 3081 2909 terra
3134 2864 3313 2909 autem
3368 2855 3426 2909 in
3475 2864 3732 2909 internum

2199 2934 2327 2979 stat.
2367 2944 2385 2975 ι

1475 3090 1617 3141 Edita
1638 3104 1666 3140 a
1687 3089 1829 3153 Maio,
1866 3091 1897 3140 l.
1925 3102 1968 3140 c.
1998 3102 2047 3153 p.
2085 3088 2252 3138 78-80.
2278 3088 2332 3138 In
2366 3087 2531 3137 Eccle.
2560 3100 2597 3149 ι,
2633 3088 2682 3139 4.

491 3236 673 3292 Εἰπὼν
700 3236 812 3291 τῶν
843 3238 1148 3311 ἀνθρώπων
1182 3243 1210 3296 ὁ
1240 3242 1493 3312 Σολομὼν
1523 3245 1589 3298 τὰ
1624 3244 2021 3315 σπουδάσματα

2194 3239 2331 3294 Cum
2377 3239 2608 3295 dixisset
2637 3238 2922 3295 hominum
2966 3237 3193 3295 Salomo
3234 3240 3414 3296 studia
3454 3248 3511 3297 et
3551 3241 3734 3298 conti-

417 3330 512 3384 καὶ
556 3331 683 3393 τοὺς
737 3330 1007 3402 διηνεκεῖς
1063 3332 1261 3398 πόνους
1295 3334 1390 3398 οὓς
1442 3338 1573 3408 περί
1612 3337 1714 3408 τὴν
1779 3337 1873 3392 τοῦ
1912 3337 2028 3407 βίου

414 3422 717 3476 ἀπόλαυσιν
769 3423 1224 3490 καταϐάλλονται,
1275 3426 1591 3498 διαθαρῤεῖν
1658 3430 1739 3492 είς
1804 3431 2027 3500 ματαιόο

414 3531 574 3585 τητα,
621 3514 717 3569 καὶ
764 3515 932 3585 μηδὲν
986 3516 1149 3570 πλέον
1203 3518 1480 3589 εὑρίσκειν
1532 3520 1725 3593 κέρδος
1760 3522 1851 3575 τὸν
1930 3540 2029 3593 μο-

413 3606 647 3677 χθοῦντα
678 3608 775 3662 καὶ
800 3609 1077 3664 κοπιῶντα
1115 3610 1209 3666 τοῦ
1243 3612 1379 3682 πρὸς
1415 3613 1585 3684 μηδὲν
1650 3616 1857 3669 τούτων
1908 3618 2029 3679 ταῖς

416 3701 714 3771 μερίμναις
743 3700 1169 3768 ἀποϐλέποντος,
1201 3704 1316 3758 ἀλλ’
1344 3706 1552 3775 ὁμοίως
1601 3706 1702 3777 μὲν
1760 3710 1873 3772 τοῖς
1918 3726 2026 3762 σω-

413 3794 673 3863 ματικοῖς
721 3793 949 3849 πάθεσιν
1011 3795 1392 3867 ὑποκείμενον,
1438 3799 1497 3853 ὲν
1538 3797 1638 3870 ἴσῳ
1674 3799 1731 3853 δὲ
1760 3801 1897 3872 πρὸς
1930 3802 2028 3855 ἀλ-

412 3886 632 3940 λοίωσιν
690 3888 787 3942 καὶ
836 3888 1045 3958 φθορὰν
1098 3891 1291 3959 ἔχοντα
1338 3890 1399 3944 τὸ
1442 3891 1603 3962 σῶμα
1645 3892 2020 3964 διακείμενον,

410 3979 552 4044 πρὸς
594 3981 782 4049 ὅμοιον
826 3980 883 4034 δὲ
938 3981 1089 4046 τέλος
1133 3982 1389 4036 ὁδεύοντα
1432 3983 1525 4036 καὶ
1575 3984 2013 4055 καταδυόμενον.

409 4069 601 4123 Ταῦτα
634 4069 805 4123 εἰπὼν
834 4072 925 4123 καὶ
951 4071 1360 4142 ἐπιδειξάμενος
1392 4072 1482 4125 διὰ
1507 4072 1602 4126 τοῦ
1630 4074 1806 4128 εἰπεῖν
1832 4091 1845 4104 ⁸
1876 4094 1894 4127 ι
1926 4075 2023 4138 Τίς

411 4162 702 4232 περισσεία
730 4162 808 4235 τῷ
830 4162 1106 4233 ἀνθρώπῳ
1132 4163 1190 4215 ὲν
1219 4164 1383 4216 παντὶ
1420 4164 1603 4234 μόχθῳ
1630 4165 1793 4218 αὐτοῦ
1841 4158 1885 4233 ᾧ
1919 4184 2019 4236 μο-

2140 3348 2284 3387 nuos
2308 3332 2525 3387 labores
2553 3348 2695 3402 quos
2728 3333 2797 3387 ad
2831 3333 2953 3386 vita:
2997 3330 3316 3387 ﬁnitionem
3368 3332 3729 3404 impendunt,

2138 3424 2334 3479 cedere
2370 3423 2423 3478 iu
2460 3424 2756 3478 vanitatem
2781 3463 2798 3488 ,
2829 3433 2885 3478 et
2909 3423 3124 3479 nullum
3157 3423 3337 3493 majus
3368 3424 3617 3480 invenire
3646 3425 3735 3481 lu-

2138 3531 2291 3570 crum
2331 3531 2563 3587 operose
2606 3523 2856 3586 agentem
2908 3523 2965 3571 et
3009 3514 3349 3571 laborantem
3397 3530 3465 3571 eo
3511 3515 3608 3586 qui
3659 3514 3730 3571 ad

2136 3609 2349 3664 nullum
2392 3608 2592 3664 horum
2637 3609 2786 3664 curis
2834 3608 3089 3679 respicit,
3117 3608 3214 3664 sed
3246 3608 3501 3664 similiter
3528 3622 3730 3679 corpo-

2136 3701 2348 3757 ralibus
2375 3700 2662 3757 aﬁ‘ectibus
2689 3699 3025 3771 subjectum,
3048 3715 3205 3771 atque
3229 3709 3412 3755 autem
3440 3699 3511 3755 ad
3534 3700 3731 3755 immu-

2135 3794 2401 3848 tationem
2434 3801 2489 3849 et
2525 3792 2937 3864 corruptionem
2986 3792 3274 3848 habentem
3304 3806 3507 3862 corpus
3534 3790 3729 3861 dispo-

2134 3886 2300 3940 situm
2323 3926 2338 3953 ,
2362 3893 2416 3940 et
2447 3884 2514 3940 ad
2551 3885 2810 3941 eumdem
2843 3884 3008 3941 ﬁnem
3038 3893 3353 3956 pergentem
3387 3891 3443 3940 et
3469 3882 3731 3939 occiden-

2134 3987 2239 4032 tem
2267 3993 2281 4043 ;
2318 3977 2431 4032 haec
2461 3992 2586 4032 cum
2622 3977 2852 4033 dixisset
2891 3984 2946 4032 et
2969 3977 3307 4032 ostendisset
3338 3991 3437 4047 per
3464 3975 3582 4030 haec
3608 3989 3730 4031 ver-

2132 4070 2199 4123 ba
2241 4086 2254 4124 :
2312 4090 2329 4121 ι
2363 4069 2504 4136 Quid
2558 4078 2812 4138 superest
2861 4070 3070 4123 homini
3118 4069 3173 4123 in
3210 4071 3361 4122 omni
3404 4068 3593 4122 labore
3615 4084 3729 4138 quo

2132 4162 2344 4217 laborat
2391 4163 2493 4218 sub
2538 4162 2691 4217 sole?
2729 4181 2748 4213 ι
2788 4160 3061 4232 (Etenim,
3108 4160 3258 4231 quid,
3284 4160 3394 4214 illic
3428 4175 3527 4229 pro
3558 4159 3727 4228 nihil,

421 4253 547 4322 χθεί
588 4254 694 4307 ὑπὸ
721 4253 814 4307 τὸν
838 4254 991 4325 ἥλιον
1021 4255 1135 4324 ein;
1168 4274 1186 4306 ι
1228 4254 1344 4322 (καὶ
1372 4254 1484 4325 γὰρ
1516 4254 1597 4318 τὸ,
1634 4256 1745 4322 τίς,
1780 4256 2018 4310 ἐνταῦθα

2132 4254 2369 4311 sumitur
2395 4272 2409 4319 ;
2446 4254 2609 4324 quale
2638 4262 2722 4307 est
2751 4272 2763 4308 :
2805 4253 2952 4306 nulla
2982 4252 3353 4307 abundantior
3388 4252 3599 4308 utilitas
3628 4254 3728 4309 bo-

410 4346 532 4397 ἀντὶ
560 4346 680 4410 τοῦ,
712 4346 982 4416 οὐδεμία,
1015 4346 1361 4415 λαμϐάνεται
1382 4363 1394 4375 ·
1422 4342 1534 4401 οἷον
1560 4348 1792 4418 οὐδεμία
1823 4366 2014 4419 περισ-

2132 4345 2261 4400 mini
2294 4346 2479 4414 prodit
2511 4344 2565 4398 in
2599 4344 2751 4400 omni
2785 4344 2974 4399 labore
3010 4360 3113 4399 suo
3154 4343 3258 4399 sub
3296 4344 3447 4411 sole,
3480 4358 3645 4413 quam
3676 4345 3724 4399 si

414 4436 619 4507 σοτέρα
652 4436 890 4505 ὠφέλεια
935 4436 1016 4507 τῷ
1060 4437 1337 4509 ἀνθρώπῳ
1386 4438 1731 4509 περιγίνεται
1762 4442 1822 4492 έν
1850 4440 2015 4494 παντὶ

2132 4439 2194 4493 ad
2245 4438 2380 4493 nihil
2435 4438 2637 4493 borum
2692 4437 3039 4492 atterebatur
3081 4447 3138 4492 et
3187 4437 3464 4493 tendebat.
3506 4435 3724 4491 Etenim

415 4528 604 4599 μόχθῳ
637 4529 807 4584 αὑτοῦ
831 4530 938 4584 ὑπὸ
959 4530 1050 4585 τὸν
1075 4531 1247 4601 ἥλιον,
1286 4531 1318 4601 ἢ
1355 4531 1405 4584 εί
1440 4532 1576 4602 πρὸς
1609 4533 1778 4603 μηδὲν
1802 4533 2012 4588 τούτων

2132 4547 2236 4586 non
2273 4530 2449 4585 libero
2480 4546 2510 4585 a
2550 4530 2644 4585 tali
2670 4529 2912 4585 vanitate
2947 4529 3148 4585 melius
3179 4529 3234 4584 in
3267 4527 3458 4599 aliquo
3485 4527 3725 4599 disposi-

410 4623 771 4693 κατετρίϐετό
816 4641 875 4678 τε
910 4625 1006 4679 καὶ
1052 4624 1433 4679 κατετείνετο·
1461 4626 1522 4679 οὐ
1556 4626 1663 4697 μὴν
1698 4628 1820 4681 οὐδὲ
1867 4629 2007 4700 πρὸς

2132 4637 2211 4684 tus
2234 4626 2586 4695 ostenditur),
2609 4626 2876 4683 absistere
2897 4626 3061 4697 igitur
3086 4642 3117 4682 a
3147 4626 3332 4683 studio
3355 4626 3502 4682 circa
3525 4625 3643 4682 haec
3666 4632 3724 4681 et

408 4714 505 4767 τὸν
534 4715 960 4787 ἀπηλλαγμένον
991 4717 1251 4789 τοιαύτης
1286 4720 1650 4789 ματαιότητος
1683 4720 1906 4790 ἄμεινόν
1953 4739 2006 4775 τι

2132 4720 2360 4774 vanitate
2416 4718 2631 4773 inducit
2673 4718 3143 4773 exhortationem.
3198 4716 3313 4774 Sub
3370 4716 3488 4774 sole
3536 4726 3717 4772 autem

409 4806 759 4877 διακείμενος
802 4808 1150 4876 δείκνυται·)
1196 4811 1498 4879 ἀφεστᾶναι
1541 4810 1631 4865 διὰ
1684 4812 1845 4866 τοῦτο
1907 4814 2007 4884 τῆς

2132 4810 2393 4880 appellare
2418 4810 2557 4865 solet
2608 4824 2956 4880 quaecunque
2987 4809 3165 4881 magis
3193 4809 3564 4880 generationis
3590 4816 3720 4866 sunt

409 4898 542 4968 περὶ
573 4897 751 4952 ταῦτα
786 4899 1024 4969 σπουδῆς
1058 4899 1156 4953 καὶ
1199 4900 1565 4971 ματαιότητος
1611 4902 1826 4971 εἰσάγει
1874 4919 2010 4974 παρο

2132 4890 2425 4959 Eninisteria
2472 4913 2527 4958 et
2556 4903 2969 4973 corruptionis;
3024 4910 3212 4972 utpote
3256 4902 3401 4956 illius
3442 4900 3718 4956 discrimi-

409 4992 645 5044 αἰνεσιν.
683 4990 819 5044 Ὑπὸ
845 4991 939 5045 τὸν
968 4992 1119 5061 ἥλιον
1142 4992 1200 5046 δὲ
1237 4992 1423 5047 καλεῖν
1453 4993 1645 5047 εἴωθεν
1674 4995 1775 5048 ὃσα
1806 4997 2009 5066 μᾶλλον

2132 4996 2236 5050 nari
2265 4994 2621 5065 corruptione
2644 4994 2922 5050 Creatoris
2952 4994 3121 5050 verbo
3147 4994 3441 5050 ordinante
3467 5001 3716 5048 aestatem

409 5080 684 5150 γενέσεώς
712 5086 864 5138 ἐστιν
895 5085 1299 5157 ὑπηρετήματα
1316 5087 1423 5168 ,καὶ
1452 5087 1660 5159 φθορᾶς
1681 5104 1694 5119 ο
1730 5088 1825 5142 ἅτε
1852 5089 1915 5161 δὴ
1939 5092 2006 5161 τῇ

409 5175 627 5230 ἐκείνου
689 5175 1145 5248 συνδιαφέρεσθαι
1220 5178 1399 5252 φθορᾷ
1455 5180 1552 5233 τοῦ
1608 5180 2007 5255 δημιουργικοῦ

408 5267 575 5333 λόγου
605 5267 871 5333 τάξαντος
903 5268 1062 5339 θέρος
1096 5270 1192 5323 καὶ
1217 5270 1488 5341 χειμῶνα,
1536 5273 1634 5326 καὶ
1676 5274 1746 5327 τὰ
1795 5276 2001 5345 μεταξὺ

402 5361 618 5412 τούτων
680 5360 781 5433 ἔαρ
839 5379 900 5415 τε
957 5363 1051 5415 καὶ
1110 5362 1451 5435 μετόπωρον.
1519 5366 1674 5419 Ἐπεὶ
1720 5361 1814 5421 οὖν
1858 5368 2003 5438 μέγα

407 5450 578 5521 μέρος
607 5452 922 5521 συνεισάγει
954 5455 985 5509 ό
1012 5452 1109 5508 τοῦ
1156 5455 1313 5526 ήλίου
1362 5455 1501 5528 πρὸς
1544 5457 1646 5521 τὰς
1698 5458 1807 5513 τῶν
1837 5459 1999 5531 ὡρῶν

403 5548 653 5615 γενέσεις
687 5551 910 5623 δρόμος,
941 5554 995 5608 αἱ
1022 5552 1079 5606 δὲ
1108 5555 1229 5618 ταῖς
1275 5558 1621 5624 σωματικαῖς
1660 5558 1756 5610 καὶ
1784 5558 1999 5630 ἀνθρω·

404 5642 597 5706 πίναις
634 5645 729 5698 ἐπὶ
758 5644 819 5699 τὸ
847 5648 1029 5718 χεῖρον
1070 5645 1103 5717 ἢ
1154 5646 1216 5699 τὸ
1254 5648 1506 5705 κρεῖττον
1554 5648 1877 5704 ἀλλοιώσεσι
1908 5653 2004 5708 καὶ

410 5732 739 5801 μεταϐολαῖς
766 5734 972 5799 πολλὰς
997 5734 1257 5809 ἀφορμὰς
1284 5738 1727 5806 συνεισάγουσιν,
1773 5743 2000 5808 εἰκότως

2113 5102 2166 5146 et
2198 5089 2455 5154 hiemem,
2475 5098 2528 5143 et
2558 5104 2680 5159 qua:
2707 5091 2847 5143 inter
2872 5088 2987 5143 haec
3004 5094 3137 5142 sunt
3161 5101 3257 5141 ver
3283 5095 3338 5141 et
3364 5095 3715 5141 autumnum.

2115 5182 2253 5250 Quia
2282 5181 2449 5251 igitur
2472 5194 2725 5250 magnam
2758 5189 2971 5249 partem
2998 5177 3255 5233 conducit
3285 5176 3421 5231 solis
3449 5175 3516 5230 ad
3559 5174 3716 5230 hora-

2118 5290 2238 5329 rum
2290 5273 2675 5344 generationes
2714 5286 2915 5326 cursus
2940 5309 2955 5334 ,
2994 5271 3077 5325 ba.-
3117 5276 3299 5324 autem
3333 5265 3717 5337 corporalibus

2110 5377 2165 5423 et
2206 5368 2464 5422 humanis
2518 5366 2574 5420 in
2627 5365 2783 5435 pejus
2832 5373 2929 5418 aut
2978 5362 3179 5418 melius
3219 5360 3620 5417 mutationibus
3651 5366 3709 5415 et

2111 5458 2572 5514 translationibus
2620 5457 2819 5512 multas
2862 5455 3189 5511 occasiones
3228 5454 3532 5520 inducunt,
3572 5454 3710 5508 bene

2116 5555 2264 5609 circa
2292 5553 2408 5607 haec
2433 5550 2676 5606 studium
2709 5558 2763 5604 et
2788 5564 2978 5604 curam
3015 5548 3337 5604 denomiuat
3372 5548 3615 5605 laborem
3654 5558 3711 5605 et

2115 5647 2421 5705 molestiam
2479 5645 2583 5701 sub
2633 5643 2786 5710 sole,
2836 5643 2891 5698 in
2928 5656 3131 5698 vanum
3206 5642 3487 5699 studiosos
3518 5656 3707 5699 eorum

2114 5743 2413 5801 testiﬁcans
2440 5742 2618 5798 atteri.

402 5825 504 5896 τὴν
522 5826 653 5895 περὶ
675 5825 745 5879 τὰ
765 5824 992 5881 τοιαῦτα
1018 5828 1255 5900 σπουδὴν
1278 5830 1373 5883 καὶ
1398 5830 1655 5901 φροντίδα
1680 5836 2046 5906 κατονομάζει
2109 5839 2280 5893 κόπον
2322 5840 2416 5893 καὶ
2448 5835 2653 5907 μόχθον
2680 5835 2786 5889 ὑπὸ
2818 5833 2910 5889 τὸν
2936 5833 3113 5905 ἣλιον,
3169 5835 3250 5900 εἰς
3320 5835 3499 5907 μάνην
3569 5836 3691 5901 τοὺς

405 5918 751 5983 σπουδαστὰς
812 5919 994 5975 αὐτῶν
1056 5923 1472 5993 μαρτυρόμενος
1523 5926 1969 5997 κατατρίϐεσθαι.
