  <div class='ocr_page' id='page_1' title='image "/cluster/home/n/w/nwhite01/storage/ocr_20150623/101:no.1/coo.31924054870054/239.png"; bbox 0 0 4144 6452; ppageno 0'>
   <div class='ocr_carea' id='block_1_1' title="bbox 503 405 609 473">
    <p class='ocr_par' dir='ltr' id='par_1_1' title="bbox 503 405 609 473">
     <span class='ocr_line' id='line_1_1' title="bbox 503 405 609 473; baseline 0.019 -2"><span class='ocrx_word' id='word_1_1' title='bbox 503 405 609 473; x_wconf 69' lang='grc'><strong>427</strong></span> 
     </span>
    </p>
   </div>
   <div class='ocr_carea' id='block_1_2' title="bbox 506 618 2091 687">
    <p class='ocr_par' dir='ltr' id='par_1_2' title="bbox 506 618 2091 687">
     <span class='ocr_line' id='line_1_2' title="bbox 506 618 2091 687; baseline 0.003 -17"><span class='ocrx_word' id='word_1_2' title='bbox 506 635 652 675; x_wconf 86' lang='lat' dir='ltr'><strong>nunc</strong></span> <span class='ocrx_word' id='word_1_3' title='bbox 673 618 807 674; x_wconf 88' lang='lat' dir='ltr'><strong>dicit</strong></span> <span class='ocrx_word' id='word_1_4' title='bbox 837 634 947 674; x_wconf 81' lang='lat' dir='ltr'><strong>non</strong></span> <span class='ocrx_word' id='word_1_5' title='bbox 979 618 1158 673; x_wconf 82' lang='lat' dir='ltr'><strong>solum</strong></span> <span class='ocrx_word' id='word_1_6' title='bbox 1188 630 1642 687; x_wconf 81' lang='lat' dir='ltr'><strong>unumquemque</strong></span> <span class='ocrx_word' id='word_1_7' title='bbox 1668 633 1860 672; x_wconf 89' lang='lat' dir='ltr'><strong>eorum</strong></span> <span class='ocrx_word' id='word_1_8' title='bbox 1888 619 2091 674; x_wconf 86' lang='lat' dir='ltr'><strong>nullum</strong></span> 
     </span>
    </p>
   </div>
   <div class='ocr_carea' id='block_1_3' title="bbox 502 706 2094 779">
    <p class='ocr_par' dir='ltr' id='par_1_3' title="bbox 502 706 2094 779">
     <span class='ocr_line' id='line_1_3' title="bbox 502 706 2094 779; baseline 0 -14"><span class='ocrx_word' id='word_1_9' title='bbox 502 708 856 768; x_wconf 75' lang='lat' dir='ltr'><strong>commodum</strong></span> <span class='ocrx_word' id='word_1_10' title='bbox 894 708 1181 779; x_wconf 84' lang='lat' dir='ltr'><strong>percipere</strong></span> <span class='ocrx_word' id='word_1_11' title='bbox 1227 722 1293 762; x_wconf 82' lang='lat' dir='ltr'><strong>ex</strong></span> <span class='ocrx_word' id='word_1_12' title='bbox 1342 706 1621 762; x_wconf 89' lang='lat' dir='ltr'><strong>continuis</strong></span> <span class='ocrx_word' id='word_1_13' title='bbox 1660 706 2094 766; x_wconf 88' lang='lat' dir='ltr'><strong>distensionibus</strong></span> 
     </span>
    </p>
   </div>
   <div class='ocr_carea' id='block_1_4' title="bbox 504 800 2091 871">
    <p class='ocr_par' dir='ltr' id='par_1_4' title="bbox 504 800 2091 871">
     <span class='ocr_line' id='line_1_4' title="bbox 504 800 2091 871; baseline -0.001 -14"><span class='ocrx_word' id='word_1_14' title='bbox 504 815 560 858; x_wconf 76' lang='lat' dir='ltr'><strong>et</strong></span> <span class='ocrx_word' id='word_1_15' title='bbox 584 802 868 859; x_wconf 88' lang='lat' dir='ltr'><strong>laboribus</strong></span> <span class='ocrx_word' id='word_1_16' title='bbox 894 841 909 866; x_wconf 90' lang='lat'><strong>,</strong></span> <span class='ocrx_word' id='word_1_17' title='bbox 941 808 1130 871; x_wconf 89' lang='lat' dir='ltr'><strong>utpote</strong></span> <span class='ocrx_word' id='word_1_18' title='bbox 1158 815 1255 870; x_wconf 91' lang='lat' dir='ltr'><strong>per</strong></span> <span class='ocrx_word' id='word_1_19' title='bbox 1284 801 1693 870; x_wconf 70' lang='lat' dir='ltr'><strong>generationem</strong></span> <span class='ocrx_word' id='word_1_20' title='bbox 1721 811 1775 855; x_wconf 94' lang='lat' dir='ltr'><strong>ct</strong></span> <span class='ocrx_word' id='word_1_21' title='bbox 1811 800 2091 856; x_wconf 91' lang='lat' dir='ltr'><strong>interitum</strong></span> 
     </span>
    </p>
   </div>
   <div class='ocr_carea' id='block_1_5' title="bbox 506 892 2091 964">
    <p class='ocr_par' dir='ltr' id='par_1_5' title="bbox 506 892 2091 964">
     <span class='ocr_line' id='line_1_5' title="bbox 506 892 2091 964; baseline -0.001 -12"><span class='ocrx_word' id='word_1_22' title='bbox 506 895 823 961; x_wconf 83' lang='lat' dir='ltr'><strong>ﬂuentibus,</strong></span> <span class='ocrx_word' id='word_1_23' title='bbox 856 894 1099 949; x_wconf 86' lang='lat' dir='ltr'><strong>studium</strong></span> <span class='ocrx_word' id='word_1_24' title='bbox 1132 892 1462 948; x_wconf 84' lang='lat' dir='ltr'><strong>incessabile</strong></span> <span class='ocrx_word' id='word_1_25' title='bbox 1488 901 1543 947; x_wconf 90' lang='lat' dir='ltr'><strong>et</strong></span> <span class='ocrx_word' id='word_1_26' title='bbox 1567 907 1758 947; x_wconf 87' lang='lat' dir='ltr'><strong>curam</strong></span> <span class='ocrx_word' id='word_1_27' title='bbox 1789 894 2091 964; x_wconf 84' lang='lat' dir='ltr'><strong>exciperet,</strong></span> 
     </span>
    </p>
   </div>
   <div class='ocr_carea' id='block_1_6' title="bbox 504 984 2095 1058">
    <p class='ocr_par' dir='ltr' id='par_1_6' title="bbox 504 984 2095 1058">
     <span class='ocr_line' id='line_1_6' title="bbox 504 984 2095 1058; baseline -0.002 -14"><span class='ocrx_word' id='word_1_28' title='bbox 504 988 601 1045; x_wconf 88' lang='lat' dir='ltr'><strong>sed</strong></span> <span class='ocrx_word' id='word_1_29' title='bbox 640 998 695 1044; x_wconf 89' lang='lat' dir='ltr'><strong>et</strong></span> <span class='ocrx_word' id='word_1_30' title='bbox 728 1001 896 1057; x_wconf 87' lang='lat' dir='ltr'><strong>super</strong></span> <span class='ocrx_word' id='word_1_31' title='bbox 925 985 1334 1058; x_wconf 74' lang='lat' dir='ltr'><strong>generationem</strong></span> <span class='ocrx_word' id='word_1_32' title='bbox 1371 994 1539 1041; x_wconf 90' lang='lat' dir='ltr'><strong>totam</strong></span> <span class='ocrx_word' id='word_1_33' title='bbox 1571 984 1751 1039; x_wconf 88' lang='lat' dir='ltr'><strong>simile</strong></span> <span class='ocrx_word' id='word_1_34' title='bbox 1787 984 1950 1041; x_wconf 88' lang='lat' dir='ltr'><strong>inane</strong></span> <span class='ocrx_word' id='word_1_35' title='bbox 1980 995 2095 1041; x_wconf 86' lang='lat' dir='ltr'><strong>stu-</strong></span> 
     </span>
    </p>
   </div>
   <div class='ocr_carea' id='block_1_7' title="bbox 505 1078 2094 1148">
    <p class='ocr_par' dir='ltr' id='par_1_7' title="bbox 505 1078 2094 1148">
     <span class='ocr_line' id='line_1_7' title="bbox 505 1078 2094 1148; baseline 0 -12"><span class='ocrx_word' id='word_1_36' title='bbox 505 1083 657 1137; x_wconf 84' lang='lat' dir='ltr'><strong>dium</strong></span> <span class='ocrx_word' id='word_1_37' title='bbox 691 1080 827 1135; x_wconf 88' lang='lat' dir='ltr'><strong>nihil</strong></span> <span class='ocrx_word' id='word_1_38' title='bbox 863 1080 1047 1134; x_wconf 89' lang='lat' dir='ltr'><strong>minus</strong></span> <span class='ocrx_word' id='word_1_39' title='bbox 1075 1078 1259 1134; x_wconf 87' lang='lat' dir='ltr'><strong>videre</strong></span> <span class='ocrx_word' id='word_1_40' title='bbox 1298 1093 1423 1135; x_wconf 86' lang='lat' dir='ltr'><strong>esse</strong></span> <span class='ocrx_word' id='word_1_41' title='bbox 1455 1078 1950 1148; x_wconf 89' lang='lat' dir='ltr'><strong>supervenientcm.</strong></span> <span class='ocrx_word' id='word_1_42' title='bbox 1984 1080 2094 1136; x_wconf 85' lang='lat' dir='ltr'><strong>Ge-</strong></span> 
     </span>
    </p>
   </div>
   <div class='ocr_carea' id='block_1_8' title="bbox 508 1170 2096 1241">
    <p class='ocr_par' dir='ltr' id='par_1_8' title="bbox 508 1170 2096 1241">
     <span class='ocr_line' id='line_1_8' title="bbox 508 1170 2096 1241; baseline -0.001 -13"><span class='ocrx_word' id='word_1_43' title='bbox 508 1173 858 1230; x_wconf 86' lang='lat' dir='ltr'><strong>nerationum</strong></span> <span class='ocrx_word' id='word_1_44' title='bbox 905 1172 1053 1227; x_wconf 91' lang='lat' dir='ltr'><strong>enim</strong></span> <span class='ocrx_word' id='word_1_45' title='bbox 1099 1188 1211 1227; x_wconf 85' lang='lat' dir='ltr'><strong>una</strong></span> <span class='ocrx_word' id='word_1_46' title='bbox 1238 1170 1457 1241; x_wconf 89' lang='lat' dir='ltr'><strong>quidem</strong></span> <span class='ocrx_word' id='word_1_47' title='bbox 1509 1171 1716 1241; x_wconf 82' lang='lat' dir='ltr'><strong>optimo</strong></span> <span class='ocrx_word' id='word_1_48' title='bbox 1750 1171 1990 1227; x_wconf 67' lang='lat' dir='ltr'><strong>adhaeret</strong></span> <span class='ocrx_word' id='word_1_49' title='bbox 2040 1181 2096 1227; x_wconf 88' lang='lat' dir='ltr'><strong>et</strong></span> 
     </span>
    </p>
   </div>
   <div class='ocr_carea' id='block_1_9' title="bbox 509 1261 2095 1336">
    <p class='ocr_par' dir='ltr' id='par_1_9' title="bbox 509 1261 2095 1336">
     <span class='ocr_line' id='line_1_9' title="bbox 509 1261 2095 1336; baseline 0 -16"><span class='ocrx_word' id='word_1_50' title='bbox 509 1267 618 1320; x_wconf 87' lang='lat' dir='ltr'><strong>alia</strong></span> <span class='ocrx_word' id='word_1_51' title='bbox 652 1266 869 1336; x_wconf 89' lang='lat' dir='ltr'><strong>quidem</strong></span> <span class='ocrx_word' id='word_1_52' title='bbox 894 1264 961 1320; x_wconf 87' lang='lat' dir='ltr'><strong>ad</strong></span> <span class='ocrx_word' id='word_1_53' title='bbox 989 1264 1119 1319; x_wconf 86' lang='lat' dir='ltr'><strong>vilia</strong></span> <span class='ocrx_word' id='word_1_54' title='bbox 1141 1276 1364 1335; x_wconf 89' lang='lat' dir='ltr'><strong>quoque</strong></span> <span class='ocrx_word' id='word_1_55' title='bbox 1396 1261 1626 1317; x_wconf 85' lang='lat' dir='ltr'><strong>inclinat</strong></span> <span class='ocrx_word' id='word_1_56' title='bbox 1654 1280 1673 1330; x_wconf 81' lang='lat'><strong>;</strong></span> <span class='ocrx_word' id='word_1_57' title='bbox 1722 1263 1809 1317; x_wconf 82' lang='lat' dir='ltr'><strong>illa</strong></span> <span class='ocrx_word' id='word_1_58' title='bbox 1847 1264 1952 1319; x_wconf 86' lang='lat' dir='ltr'><strong>sub</strong></span> <span class='ocrx_word' id='word_1_59' title='bbox 1980 1264 2095 1320; x_wconf 88' lang='lat' dir='ltr'><strong>sole</strong></span> 
     </span>
    </p>
   </div>
   <div class='ocr_carea' id='block_1_10' title="bbox 512 1353 2095 1425">
    <p class='ocr_par' dir='ltr' id='par_1_10' title="bbox 512 1353 2095 1425">
     <span class='ocr_line' id='line_1_10' title="bbox 512 1353 2095 1425; baseline -0.002 -12"><span class='ocrx_word' id='word_1_60' title='bbox 512 1358 891 1413; x_wconf 81' lang='lat' dir='ltr'><strong>laborantibus</strong></span> <span class='ocrx_word' id='word_1_61' title='bbox 921 1356 1113 1413; x_wconf 88' lang='lat' dir='ltr'><strong>abiens</strong></span> <span class='ocrx_word' id='word_1_62' title='bbox 1151 1356 1363 1411; x_wconf 90' lang='lat' dir='ltr'><strong>tristem</strong></span> <span class='ocrx_word' id='word_1_63' title='bbox 1397 1353 1605 1409; x_wconf 80' lang='lat' dir='ltr'><strong>invenit</strong></span> <span class='ocrx_word' id='word_1_64' title='bbox 1635 1365 1688 1409; x_wconf 91' lang='lat' dir='ltr'><strong>et</strong></span> <span class='ocrx_word' id='word_1_65' title='bbox 1718 1354 1953 1411; x_wconf 77' lang='lat' dir='ltr'><strong>miseria:</strong></span> <span class='ocrx_word' id='word_1_66' title='bbox 1978 1356 2095 1425; x_wconf 88' lang='lat' dir='ltr'><strong>ple-</strong></span> 
     </span>
    </p>
   </div>
   <div class='ocr_carea' id='block_1_11' title="bbox 514 1446 2095 1515">
    <p class='ocr_par' dir='ltr' id='par_1_11' title="bbox 514 1446 2095 1515">
     <span class='ocr_line' id='line_1_11' title="bbox 514 1446 2095 1515; baseline -0.006 -12"><span class='ocrx_word' id='word_1_67' title='bbox 514 1465 642 1504; x_wconf 85' lang='lat' dir='ltr'><strong>num</strong></span> <span class='ocrx_word' id='word_1_68' title='bbox 670 1463 947 1505; x_wconf 78' lang='lat' dir='ltr'><strong>recessum</strong></span> <span class='ocrx_word' id='word_1_69' title='bbox 972 1490 987 1515; x_wconf 93' lang='lat'><strong>,</strong></span> <span class='ocrx_word' id='word_1_70' title='bbox 1014 1458 1070 1504; x_wconf 92' lang='lat' dir='ltr'><strong>et</strong></span> <span class='ocrx_word' id='word_1_71' title='bbox 1099 1447 1324 1503; x_wconf 88' lang='lat' dir='ltr'><strong>veniens</strong></span> <span class='ocrx_word' id='word_1_72' title='bbox 1362 1448 1429 1501; x_wconf 89' lang='lat' dir='ltr'><strong>ad</strong></span> <span class='ocrx_word' id='word_1_73' title='bbox 1465 1446 1601 1500; x_wconf 84' lang='lat' dir='ltr'><strong>nihil</strong></span> <span class='ocrx_word' id='word_1_74' title='bbox 1629 1446 1762 1499; x_wconf 87' lang='lat' dir='ltr'><strong>utile</strong></span> <span class='ocrx_word' id='word_1_75' title='bbox 1791 1446 1932 1499; x_wconf 87' lang='lat' dir='ltr'><strong>viam</strong></span> <span class='ocrx_word' id='word_1_76' title='bbox 1965 1461 2095 1515; x_wconf 86' lang='lat' dir='ltr'><strong>per.</strong></span> 
     </span>
    </p>
   </div>
   <div class='ocr_carea' id='block_1_12' title="bbox 511 1538 2097 1607">
    <p class='ocr_par' dir='ltr' id='par_1_12' title="bbox 511 1538 2097 1607">
     <span class='ocr_line' id='line_1_12' title="bbox 511 1538 2097 1607; baseline -0.003 -11"><span class='ocrx_word' id='word_1_77' title='bbox 511 1543 646 1597; x_wconf 85' lang='lat' dir='ltr'><strong>licit.</strong></span> <span class='ocrx_word' id='word_1_78' title='bbox 676 1539 781 1596; x_wconf 90' lang='lat' dir='ltr'><strong>Sed</strong></span> <span class='ocrx_word' id='word_1_79' title='bbox 815 1557 845 1596; x_wconf 91' lang='lat' dir='ltr'><strong>e</strong></span> <span class='ocrx_word' id='word_1_80' title='bbox 877 1540 1157 1595; x_wconf 81' lang='lat' dir='ltr'><strong>contrario</strong></span> <span class='ocrx_word' id='word_1_81' title='bbox 1184 1540 1450 1595; x_wconf 74' lang='lat' dir='ltr'><strong>molestiae</strong></span> <span class='ocrx_word' id='word_1_82' title='bbox 1481 1547 1536 1593; x_wconf 89' lang='lat' dir='ltr'><strong>et</strong></span> <span class='ocrx_word' id='word_1_83' title='bbox 1559 1538 1773 1592; x_wconf 71' lang='lat' dir='ltr'><strong>labores</strong></span> <span class='ocrx_word' id='word_1_84' title='bbox 1804 1538 1948 1592; x_wconf 85' lang='lat' dir='ltr'><strong>hanc</strong></span> <span class='ocrx_word' id='word_1_85' title='bbox 1982 1553 2097 1607; x_wconf 84' lang='lat' dir='ltr'><strong>pre-</strong></span> 
     </span>
    </p>
   </div>
   <div class='ocr_carea' id='block_1_13' title="bbox 512 1629 2093 1705">
    <p class='ocr_par' dir='ltr' id='par_1_13' title="bbox 512 1629 2093 1705">
     <span class='ocr_line' id='line_1_13' title="bbox 512 1629 2093 1705; baseline -0.003 -18"><span class='ocrx_word' id='word_1_86' title='bbox 512 1643 742 1700; x_wconf 87' lang='lat' dir='ltr'><strong>mentes,</strong></span> <span class='ocrx_word' id='word_1_87' title='bbox 776 1648 883 1705; x_wconf 86' lang='lat' dir='ltr'><strong>pro</strong></span> <span class='ocrx_word' id='word_1_88' title='bbox 899 1650 965 1688; x_wconf 90' lang='lat' dir='ltr'><strong>eo</strong></span> <span class='ocrx_word' id='word_1_89' title='bbox 989 1643 1047 1687; x_wconf 90' lang='lat' dir='ltr'><strong>ut</strong></span> <span class='ocrx_word' id='word_1_90' title='bbox 1070 1631 1347 1700; x_wconf 83' lang='lat' dir='ltr'><strong>praebeant</strong></span> <span class='ocrx_word' id='word_1_91' title='bbox 1375 1629 1694 1691; x_wconf 81' lang='lat' dir='ltr'><strong>utilitatem,</strong></span> <span class='ocrx_word' id='word_1_92' title='bbox 1720 1630 1947 1684; x_wconf 87' lang='lat' dir='ltr'><strong>irrident</strong></span> <span class='ocrx_word' id='word_1_93' title='bbox 1973 1644 2093 1684; x_wconf 85' lang='lat' dir='ltr'><strong>eam</strong></span> 
     </span>
    </p>
   </div>
   <div class='ocr_carea' id='block_1_14' title="bbox 508 1722 2093 1794">
    <p class='ocr_par' dir='ltr' id='par_1_14' title="bbox 508 1722 2093 1794">
     <span class='ocr_line' id='line_1_14' title="bbox 508 1722 2093 1794; baseline -0.004 -13"><span class='ocrx_word' id='word_1_94' title='bbox 508 1729 576 1782; x_wconf 91' lang='lat' dir='ltr'><strong>de</strong></span> <span class='ocrx_word' id='word_1_95' title='bbox 607 1727 877 1792; x_wconf 87' lang='lat' dir='ltr'><strong>vanitate;</strong></span> <span class='ocrx_word' id='word_1_96' title='bbox 913 1727 1026 1781; x_wconf 74' lang='lat' dir='ltr'><strong>bzec</strong></span> <span class='ocrx_word' id='word_1_97' title='bbox 1059 1739 1189 1781; x_wconf 86' lang='lat' dir='ltr'><strong>vero</strong></span> <span class='ocrx_word' id='word_1_98' title='bbox 1222 1740 1285 1779; x_wconf 85' lang='lat' dir='ltr'><strong>ea</strong></span> <span class='ocrx_word' id='word_1_99' title='bbox 1320 1739 1445 1794; x_wconf 64' lang='lat' dir='ltr'><strong>quae</strong></span> <span class='ocrx_word' id='word_1_100' title='bbox 1484 1723 1534 1776; x_wconf 92' lang='lat' dir='ltr'><strong>in</strong></span> <span class='ocrx_word' id='word_1_101' title='bbox 1566 1722 1921 1794; x_wconf 79' lang='lat' dir='ltr'><strong>generatione</strong></span> <span class='ocrx_word' id='word_1_102' title='bbox 1951 1732 2005 1775; x_wconf 93' lang='lat' dir='ltr'><strong>et</strong></span> <span class='ocrx_word' id='word_1_103' title='bbox 2042 1722 2093 1774; x_wconf 92' lang='lat' dir='ltr'><strong>in</strong></span> 
     </span>
    </p>
   </div>
   <div class='ocr_carea' id='block_1_15' title="bbox 510 1812 2091 1889">
    <p class='ocr_par' dir='ltr' id='par_1_15' title="bbox 510 1812 2091 1889">
     <span class='ocr_line' id='line_1_15' title="bbox 510 1812 2091 1889; baseline -0.008 -14"><span class='ocrx_word' id='word_1_104' title='bbox 510 1818 896 1889; x_wconf 84' lang='lat' dir='ltr'><strong>corruptione,</strong></span> <span class='ocrx_word' id='word_1_105' title='bbox 924 1817 978 1872; x_wconf 88' lang='lat' dir='ltr'><strong>id</strong></span> <span class='ocrx_word' id='word_1_106' title='bbox 1008 1827 1092 1872; x_wconf 83' lang='lat' dir='ltr'><strong>est</strong></span> <span class='ocrx_word' id='word_1_107' title='bbox 1129 1814 1234 1871; x_wconf 90' lang='lat' dir='ltr'><strong>sub</strong></span> <span class='ocrx_word' id='word_1_108' title='bbox 1259 1815 1377 1870; x_wconf 89' lang='lat' dir='ltr'><strong>sole</strong></span> <span class='ocrx_word' id='word_1_109' title='bbox 1409 1822 1583 1879; x_wconf 84' lang='lat' dir='ltr'><strong>sunt,</strong></span> <span class='ocrx_word' id='word_1_110' title='bbox 1629 1812 1888 1884; x_wconf 91' lang='lat' dir='ltr'><strong>prudenti</strong></span> <span class='ocrx_word' id='word_1_111' title='bbox 1928 1828 2091 1867; x_wconf 90' lang='lat' dir='ltr'><strong>sensu</strong></span> 
     </span>
    </p>
   </div>
   <div class='ocr_carea' id='block_1_16' title="bbox 1666 408 2614 473">
    <p class='ocr_par' dir='ltr' id='par_1_16' title="bbox 1666 408 2614 473">
     <span class='ocr_line' id='line_1_16' title="bbox 1666 408 2614 473; baseline 0.004 -4"><span class='ocrx_word' id='word_1_112' title='bbox 1666 408 1931 470; x_wconf 85' lang='lat' dir='ltr'><strong>PHOTII</strong></span> <span class='ocrx_word' id='word_1_113' title='bbox 1955 408 2465 472; x_wconf 61' lang='lat' dir='ltr'><strong>PATRIARCHJE</strong></span> <span class='ocrx_word' id='word_1_114' title='bbox 2504 411 2614 473; x_wconf 80' lang='grc' dir='ltr'><strong>ΟΡ.</strong></span> 
     </span>
    </p>
   </div>
   <div class='ocr_carea' id='block_1_17' title="bbox 574 523 2170 598">
    <p class='ocr_par' dir='ltr' id='par_1_17' title="bbox 574 523 2170 598">
     <span class='ocr_line' id='line_1_17' title="bbox 574 523 2170 598; baseline -0.002 -13"><span class='ocrx_word' id='word_1_115' title='bbox 574 526 685 585; x_wconf 83' lang='lat' dir='ltr'><strong>Sed</strong></span> <span class='ocrx_word' id='word_1_116' title='bbox 713 526 831 583; x_wconf 58' lang='lat' dir='ltr'><strong>haec</strong></span> <span class='ocrx_word' id='word_1_117' title='bbox 850 524 919 582; x_wconf 89' lang='lat' dir='ltr'><strong>de</strong></span> <span class='ocrx_word' id='word_1_118' title='bbox 939 523 1171 598; x_wconf 75' lang='lat' dir='ltr'><strong>singulis</strong></span> <span class='ocrx_word' id='word_1_119' title='bbox 1189 523 1506 581; x_wconf 84' lang='lat' dir='ltr'><strong>hominibus</strong></span> <span class='ocrx_word' id='word_1_120' title='bbox 1533 536 1657 579; x_wconf 90' lang='lat' dir='ltr'><strong>cum</strong></span> <span class='ocrx_word' id='word_1_121' title='bbox 1694 526 2053 595; x_wconf 66' lang='lat' dir='ltr'><strong>praemisisset</strong></span> <span class='ocrx_word' id='word_1_122' title='bbox 2071 564 2093 591; x_wconf 81' lang='grc'><strong>,</strong></span> <span class='ocrx_word' id='word_1_123' title='bbox 2126 531 2170 588; x_wconf 76' lang='grc' dir='ltr'><strong>Α</strong></span> 
     </span>
    </p>
   </div>
   <div class='ocr_carea' id='block_1_18' title="bbox 3680 412 3781 477">
    <p class='ocr_par' dir='ltr' id='par_1_18' title="bbox 3680 412 3781 477">
     <span class='ocr_line' id='line_1_18' title="bbox 3680 412 3781 477; baseline 0.02 -2"><span class='ocrx_word' id='word_1_124' title='bbox 3680 412 3781 477; x_wconf 73' lang='grc'><strong>428</strong></span> 
     </span>
    </p>
   </div>
   <div class='ocr_carea' id='block_1_19' title="bbox 2286 525 3780 601">
    <p class='ocr_par' dir='ltr' id='par_1_19' title="bbox 2286 525 3780 601">
     <span class='ocr_line' id='line_1_19' title="bbox 2286 525 3780 601; baseline 0.004 -19"><span class='ocrx_word' id='word_1_125' title='bbox 2286 528 2447 582; x_wconf 77' lang='grc' dir='ltr'>’Λλλά</span> <span class='ocrx_word' id='word_1_126' title='bbox 2477 528 2586 599; x_wconf 86' lang='grc' dir='ltr'><strong>γάρ</strong></span> <span class='ocrx_word' id='word_1_127' title='bbox 2627 526 2801 581; x_wconf 81' lang='grc' dir='ltr'>ταῦτα</span> <span class='ocrx_word' id='word_1_128' title='bbox 2838 526 2970 595; x_wconf 67' lang='grc' dir='ltr'>περὶ</span> <span class='ocrx_word' id='word_1_129' title='bbox 3004 525 3113 580; x_wconf 88' lang='grc' dir='ltr'><strong>τῶν</strong></span> <span class='ocrx_word' id='word_1_130' title='bbox 3142 526 3462 582; x_wconf 85' lang='grc' dir='ltr'>καθέκαστα</span> <span class='ocrx_word' id='word_1_131' title='bbox 3493 532 3780 601; x_wconf 76' lang='grc' dir='ltr'>προδιαλα-</span> 
     </span>
    </p>
   </div>
   <div class='ocr_carea' id='block_1_20' title="bbox 2205 619 3747 693">
    <p class='ocr_par' dir='ltr' id='par_1_20' title="bbox 2205 619 3747 693">
     <span class='ocr_line' id='line_1_20' title="bbox 2205 619 3747 693; baseline 0.003 -19"><span class='ocrx_word' id='word_1_132' title='bbox 2205 619 2318 675; x_wconf 86' lang='grc' dir='ltr'><strong>ϐὼν</strong></span> <span class='ocrx_word' id='word_1_133' title='bbox 2343 620 2671 693; x_wconf 85' lang='grc' dir='ltr'>ἀνθρώπων,</span> <span class='ocrx_word' id='word_1_134' title='bbox 2693 620 2788 674; x_wconf 84' lang='grc' dir='ltr'>νῦν</span> <span class='ocrx_word' id='word_1_135' title='bbox 2822 636 2988 690; x_wconf 83' lang='grc' dir='ltr'>φησιν</span> <span class='ocrx_word' id='word_1_136' title='bbox 3016 619 3092 683; x_wconf 85' lang='grc' dir='ltr'>ὼς</span> <span class='ocrx_word' id='word_1_137' title='bbox 3122 620 3184 674; x_wconf 77' lang='grc' dir='ltr'><strong>ού</strong></span> <span class='ocrx_word' id='word_1_138' title='bbox 3228 621 3391 690; x_wconf 82' lang='grc' dir='ltr'>μόνον</span> <span class='ocrx_word' id='word_1_139' title='bbox 3418 620 3644 688; x_wconf 73' lang='grc' dir='ltr'>ἕκαστος</span> <span class='ocrx_word' id='word_1_140' title='bbox 3682 628 3747 680; x_wconf 86' lang='grc' dir='ltr'><strong>αὑ</strong></span> 
     </span>
    </p>
   </div>
   <div class='ocr_carea' id='block_1_21' title="bbox 2201 712 3782 789">
    <p class='ocr_par' dir='ltr' id='par_1_21' title="bbox 2201 712 3782 789">
     <span class='ocr_line' id='line_1_21' title="bbox 2201 712 3782 789; baseline 0.003 -22"><span class='ocrx_word' id='word_1_141' title='bbox 2201 713 2313 767; x_wconf 84' lang='grc' dir='ltr'><strong>τῶν</strong></span> <span class='ocrx_word' id='word_1_142' title='bbox 2341 714 2495 767; x_wconf 77' lang='grc' dir='ltr'>οὐδὲν</span> <span class='ocrx_word' id='word_1_143' title='bbox 2546 714 2738 785; x_wconf 79' lang='grc' dir='ltr'><strong>κέρδος</strong></span> <span class='ocrx_word' id='word_1_144' title='bbox 2780 712 3195 784; x_wconf 79' lang='grc' dir='ltr'>προσλαμϐάνει</span> <span class='ocrx_word' id='word_1_145' title='bbox 3241 713 3333 766; x_wconf 87' lang='grc' dir='ltr'><strong>διά</strong></span> <span class='ocrx_word' id='word_1_146' title='bbox 3391 714 3500 767; x_wconf 87' lang='grc' dir='ltr'><strong>τῶν</strong></span> <span class='ocrx_word' id='word_1_147' title='bbox 3547 719 3782 789; x_wconf 80' lang='grc' dir='ltr'>συνεχῶς</span> 
     </span>
    </p>
   </div>
   <div class='ocr_carea' id='block_1_22' title="bbox 2204 797 3780 878">
    <p class='ocr_par' dir='ltr' id='par_1_22' title="bbox 2204 797 3780 878">
     <span class='ocr_line' id='line_1_22' title="bbox 2204 797 3780 878; baseline 0.002 -21"><span class='ocrx_word' id='word_1_148' title='bbox 2204 805 2607 878; x_wconf 85' lang='grc' dir='ltr'>περισπασμῶν</span> <span class='ocrx_word' id='word_1_149' title='bbox 2629 804 2725 859; x_wconf 75' lang='grc' dir='ltr'>καὶ</span> <span class='ocrx_word' id='word_1_150' title='bbox 2754 804 2864 858; x_wconf 88' lang='grc' dir='ltr'><strong>τῶν</strong></span> <span class='ocrx_word' id='word_1_151' title='bbox 2894 803 3095 864; x_wconf 78' lang='grc' dir='ltr'>πόνων,</span> <span class='ocrx_word' id='word_1_152' title='bbox 3125 797 3237 857; x_wconf 76' lang='grc' dir='ltr'>οἷον</span> <span class='ocrx_word' id='word_1_153' title='bbox 3269 804 3378 857; x_wconf 87' lang='grc' dir='ltr'><strong>τῶν</strong></span> <span class='ocrx_word' id='word_1_154' title='bbox 3402 804 3489 859; x_wconf 77' lang='grc' dir='ltr'>διὰ</span> <span class='ocrx_word' id='word_1_155' title='bbox 3520 807 3780 874; x_wconf 87' lang='grc' dir='ltr'>γενέσεως</span> 
     </span>
    </p>
   </div>
   <div class='ocr_carea' id='block_1_23' title="bbox 2204 898 3781 970">
    <p class='ocr_par' dir='ltr' id='par_1_23' title="bbox 2204 898 3781 970">
     <span class='ocr_line' id='line_1_23' title="bbox 2204 898 3781 970; baseline -0.001 -16"><span class='ocrx_word' id='word_1_156' title='bbox 2204 901 2297 954; x_wconf 74' lang='grc' dir='ltr'><strong>καὶ</strong></span> <span class='ocrx_word' id='word_1_157' title='bbox 2321 899 2529 970; x_wconf 81' lang='grc' dir='ltr'>φθορᾶς</span> <span class='ocrx_word' id='word_1_158' title='bbox 2561 899 2814 964; x_wconf 80' lang='grc' dir='ltr'><strong>ῥεόντων,</strong></span> <span class='ocrx_word' id='word_1_159' title='bbox 2840 898 2942 970; x_wconf 81' lang='grc' dir='ltr'>τὴν</span> <span class='ocrx_word' id='word_1_160' title='bbox 2969 899 3210 969; x_wconf 81' lang='grc' dir='ltr'>σπουδὴν</span> <span class='ocrx_word' id='word_1_161' title='bbox 3236 899 3514 952; x_wconf 82' lang='grc' dir='ltr'><strong>ἄπαυστον</strong></span> <span class='ocrx_word' id='word_1_162' title='bbox 3542 900 3634 952; x_wconf 73' lang='grc' dir='ltr'>καὶ</span> <span class='ocrx_word' id='word_1_163' title='bbox 3663 900 3781 953; x_wconf 83' lang='grc' dir='ltr'>ἐπι-</span> 
     </span>
    </p>
   </div>
   <div class='ocr_carea' id='block_1_24' title="bbox 2207 990 3781 1063">
    <p class='ocr_par' dir='ltr' id='par_1_24' title="bbox 2207 990 3781 1063">
     <span class='ocr_line' id='line_1_24' title="bbox 2207 990 3781 1063; baseline 0.001 -20"><span class='ocrx_word' id='word_1_164' title='bbox 2207 990 2429 1061; x_wconf 85' lang='grc' dir='ltr'>μέλειαν</span> <span class='ocrx_word' id='word_1_165' title='bbox 2458 990 2832 1060; x_wconf 74' lang='grc' dir='ltr'><strong>ἀναδέχονται,</strong></span> <span class='ocrx_word' id='word_1_166' title='bbox 2884 991 3023 1044; x_wconf 85' lang='grc' dir='ltr'><strong>ἀλλά</strong></span> <span class='ocrx_word' id='word_1_167' title='bbox 3057 992 3152 1044; x_wconf 74' lang='grc' dir='ltr'>καὶ</span> <span class='ocrx_word' id='word_1_168' title='bbox 3197 990 3291 1043; x_wconf 74' lang='grc' dir='ltr'>ἐπὶ</span> <span class='ocrx_word' id='word_1_169' title='bbox 3326 992 3516 1059; x_wconf 83' lang='grc' dir='ltr'>γενεᾶς</span> <span class='ocrx_word' id='word_1_170' title='bbox 3537 991 3663 1063; x_wconf 85' lang='grc' dir='ltr'>ὅλης</span> <span class='ocrx_word' id='word_1_171' title='bbox 3688 990 3781 1062; x_wconf 84' lang='grc' dir='ltr'>τὴν</span> 
     </span>
    </p>
   </div>
   <div class='ocr_carea' id='block_1_25' title="bbox 2203 1079 3785 1153">
    <p class='ocr_par' dir='ltr' id='par_1_25' title="bbox 2203 1079 3785 1153">
     <span class='ocr_line' id='line_1_25' title="bbox 2203 1079 3785 1153; baseline -0.001 -18"><span class='ocrx_word' id='word_1_172' title='bbox 2203 1079 2398 1152; x_wconf 80' lang='grc' dir='ltr'><strong>ὁμοίαν</strong></span> <span class='ocrx_word' id='word_1_173' title='bbox 2422 1081 2813 1135; x_wconf 72' lang='grc' dir='ltr'><strong>κενοσπουδίαν</strong></span> <span class='ocrx_word' id='word_1_174' title='bbox 2850 1081 3005 1134; x_wconf 79' lang='grc' dir='ltr'>οὐδὲν</span> <span class='ocrx_word' id='word_1_175' title='bbox 3038 1081 3269 1134; x_wconf 77' lang='grc' dir='ltr'>ἔλαττον</span> <span class='ocrx_word' id='word_1_176' title='bbox 3319 1082 3453 1152; x_wconf 80' lang='grc' dir='ltr'>όρᾷν</span> <span class='ocrx_word' id='word_1_177' title='bbox 3486 1081 3600 1135; x_wconf 76' lang='grc' dir='ltr'>ἔστι</span> <span class='ocrx_word' id='word_1_178' title='bbox 3652 1099 3785 1153; x_wconf 87' lang='grc' dir='ltr'>συμ-</span> 
     </span>
    </p>
   </div>
   <div class='ocr_carea' id='block_1_26' title="bbox 2206 1171 3785 1244">
    <p class='ocr_par' dir='ltr' id='par_1_26' title="bbox 2206 1171 3785 1244">
     <span class='ocr_line' id='line_1_26' title="bbox 2206 1171 3785 1244; baseline 0.003 -21"><span class='ocrx_word' id='word_1_179' title='bbox 2206 1172 2523 1227; x_wconf 88' lang='grc' dir='ltr'>ϐαίνουσαν.</span> <span class='ocrx_word' id='word_1_180' title='bbox 2557 1171 2680 1224; x_wconf 86' lang='grc' dir='ltr'><strong>Τῶν</strong></span> <span class='ocrx_word' id='word_1_181' title='bbox 2703 1172 2815 1243; x_wconf 82' lang='grc' dir='ltr'>γὰρ</span> <span class='ocrx_word' id='word_1_182' title='bbox 2846 1172 3052 1241; x_wconf 77' lang='grc' dir='ltr'>γενεῶν</span> <span class='ocrx_word' id='word_1_183' title='bbox 3084 1173 3118 1243; x_wconf 73' lang='grc' dir='ltr'>ἦ</span> <span class='ocrx_word' id='word_1_184' title='bbox 3146 1188 3207 1226; x_wconf 88' lang='grc' dir='ltr'><strong>τε</strong></span> <span class='ocrx_word' id='word_1_185' title='bbox 3232 1172 3326 1226; x_wconf 84' lang='grc' dir='ltr'>τοῦ</span> <span class='ocrx_word' id='word_1_186' title='bbox 3351 1172 3661 1244; x_wconf 85' lang='grc' dir='ltr'>κρείττονος</span> <span class='ocrx_word' id='word_1_187' title='bbox 3692 1174 3785 1227; x_wconf 86' lang='grc' dir='ltr'>ἀν-</span> 
     </span>
    </p>
   </div>
   <div class='ocr_carea' id='block_1_27' title="bbox 2202 1262 3781 1336">
    <p class='ocr_par' dir='ltr' id='par_1_27' title="bbox 2202 1262 3781 1336">
     <span class='ocr_line' id='line_1_27' title="bbox 2202 1262 3781 1336; baseline 0.001 -19"><span class='ocrx_word' id='word_1_188' title='bbox 2202 1262 2473 1335; x_wconf 88' lang='grc' dir='ltr'>τεχομένη</span> <span class='ocrx_word' id='word_1_189' title='bbox 2510 1264 2605 1317; x_wconf 78' lang='grc' dir='ltr'>καὶ</span> <span class='ocrx_word' id='word_1_190' title='bbox 2630 1264 2694 1335; x_wconf 84' lang='grc' dir='ltr'>δὴ</span> <span class='ocrx_word' id='word_1_191' title='bbox 2722 1264 2817 1317; x_wconf 74' lang='grc' dir='ltr'><strong>καὶ</strong></span> <span class='ocrx_word' id='word_1_192' title='bbox 2842 1267 2875 1335; x_wconf 87' lang='grc' dir='ltr'><strong>ή</strong></span> <span class='ocrx_word' id='word_1_193' title='bbox 2904 1265 3042 1336; x_wconf 74' lang='grc' dir='ltr'>πρδς</span> <span class='ocrx_word' id='word_1_194' title='bbox 3077 1265 3138 1318; x_wconf 85' lang='grc' dir='ltr'><strong>τὸ</strong></span> <span class='ocrx_word' id='word_1_195' title='bbox 3173 1264 3379 1335; x_wconf 81' lang='grc' dir='ltr'>φαῦλον</span> <span class='ocrx_word' id='word_1_196' title='bbox 3400 1266 3781 1329; x_wconf 85' lang='grc' dir='ltr'>ἀποκλίνουσα,</span> 
     </span>
    </p>
   </div>
   <div class='ocr_carea' id='block_1_28' title="bbox 2203 1355 3785 1430">
    <p class='ocr_par' dir='ltr' id='par_1_28' title="bbox 2203 1355 3785 1430">
     <span class='ocr_line' id='line_1_28' title="bbox 2203 1355 3785 1430; baseline 0.003 -23"><span class='ocrx_word' id='word_1_197' title='bbox 2203 1357 2238 1427; x_wconf 81' lang='grc' dir='ltr'><strong>ή</strong></span> <span class='ocrx_word' id='word_1_198' title='bbox 2265 1356 2363 1425; x_wconf 81' lang='grc' dir='ltr'><strong>μὲν</strong></span> <span class='ocrx_word' id='word_1_199' title='bbox 2396 1355 2501 1409; x_wconf 74' lang='grc' dir='ltr'>ὑπὸ</span> <span class='ocrx_word' id='word_1_200' title='bbox 2526 1357 2619 1410; x_wconf 85' lang='grc' dir='ltr'><strong>τὸν</strong></span> <span class='ocrx_word' id='word_1_201' title='bbox 2641 1356 2794 1426; x_wconf 74' lang='grc' dir='ltr'>ἥλιον</span> <span class='ocrx_word' id='word_1_202' title='bbox 2827 1356 3136 1428; x_wconf 84' lang='grc' dir='ltr'>μοχθήσασι</span> <span class='ocrx_word' id='word_1_203' title='bbox 3167 1359 3521 1429; x_wconf 82' lang='grc' dir='ltr'><strong>ἀπερχομένη</strong></span> <span class='ocrx_word' id='word_1_204' title='bbox 3547 1358 3785 1430; x_wconf 77' lang='grc' dir='ltr'>σκυθρωο</span> 
     </span>
    </p>
   </div>
   <div class='ocr_carea' id='block_1_29' title="bbox 2204 1444 3782 1521">
    <p class='ocr_par' dir='ltr' id='par_1_29' title="bbox 2204 1444 3782 1521">
     <span class='ocr_line' id='line_1_29' title="bbox 2204 1444 3782 1521; baseline 0.004 -24"><span class='ocrx_word' id='word_1_205' title='bbox 2204 1445 2306 1498; x_wconf 73' lang='grc' dir='ltr'><strong>πδν</strong></span> <span class='ocrx_word' id='word_1_206' title='bbox 2333 1444 2579 1517; x_wconf 79' lang='grc' dir='ltr'>εὑρίσκει</span> <span class='ocrx_word' id='word_1_207' title='bbox 2616 1448 2711 1500; x_wconf 74' lang='grc' dir='ltr'>καὶ</span> <span class='ocrx_word' id='word_1_208' title='bbox 2744 1446 3062 1517; x_wconf 81' lang='grc' dir='ltr'><strong>ἀθλιότητος</strong></span> <span class='ocrx_word' id='word_1_209' title='bbox 3092 1446 3273 1518; x_wconf 84' lang='grc' dir='ltr'>πλήρη</span> <span class='ocrx_word' id='word_1_210' title='bbox 3304 1447 3401 1519; x_wconf 80' lang='grc' dir='ltr'>τὴν</span> <span class='ocrx_word' id='word_1_211' title='bbox 3420 1447 3782 1521; x_wconf 84' lang='grc' dir='ltr'><strong>ἀναχώρησιν,</strong></span> 
     </span>
    </p>
   </div>
   <div class='ocr_carea' id='block_1_30' title="bbox 2203 1538 3787 1612">
    <p class='ocr_par' dir='ltr' id='par_1_30' title="bbox 2203 1538 3787 1612">
     <span class='ocr_line' id='line_1_30' title="bbox 2203 1538 3787 1612; baseline 0.003 -22"><span class='ocrx_word' id='word_1_212' title='bbox 2203 1539 2297 1591; x_wconf 72' lang='grc' dir='ltr'><strong>καὶ</strong></span> <span class='ocrx_word' id='word_1_213' title='bbox 2346 1538 2618 1609; x_wconf 76' lang='grc' dir='ltr'>ἐρχομένη</span> <span class='ocrx_word' id='word_1_214' title='bbox 2663 1539 2799 1608; x_wconf 80' lang='grc' dir='ltr'>πρὸς</span> <span class='ocrx_word' id='word_1_215' title='bbox 2824 1539 2977 1593; x_wconf 75' lang='grc' dir='ltr'>οὐδὲν</span> <span class='ocrx_word' id='word_1_216' title='bbox 3020 1539 3131 1593; x_wconf 89' lang='grc' dir='ltr'><strong>τῶν</strong></span> <span class='ocrx_word' id='word_1_217' title='bbox 3182 1539 3471 1612; x_wconf 87' lang='grc' dir='ltr'>χρησίμων</span> <span class='ocrx_word' id='word_1_218' title='bbox 3527 1542 3625 1611; x_wconf 78' lang='grc' dir='ltr'>τὴν</span> <span class='ocrx_word' id='word_1_219' title='bbox 3673 1541 3787 1595; x_wconf 75' lang='grc' dir='ltr'>ὁδὸν</span> 
     </span>
    </p>
   </div>
   <div class='ocr_carea' id='block_1_31' title="bbox 2202 1628 3787 1703">
    <p class='ocr_par' dir='ltr' id='par_1_31' title="bbox 2202 1628 3787 1703">
     <span class='ocr_line' id='line_1_31' title="bbox 2202 1628 3787 1703; baseline 0.002 -21"><span class='ocrx_word' id='word_1_220' title='bbox 2202 1628 2395 1682; x_wconf 85' lang='grc' dir='ltr'>ἀνύει·</span> <span class='ocrx_word' id='word_1_221' title='bbox 2432 1630 2570 1683; x_wconf 88' lang='grc' dir='ltr'><strong>ἀλλά</strong></span> <span class='ocrx_word' id='word_1_222' title='bbox 2625 1632 2939 1685; x_wconf 85' lang='grc' dir='ltr'>τούναντίον</span> <span class='ocrx_word' id='word_1_223' title='bbox 2996 1632 3186 1703; x_wconf 85' lang='grc' dir='ltr'>μόχθοι</span> <span class='ocrx_word' id='word_1_224' title='bbox 3236 1631 3332 1685; x_wconf 70' lang='grc' dir='ltr'><strong>καὶ</strong></span> <span class='ocrx_word' id='word_1_225' title='bbox 3387 1633 3550 1686; x_wconf 86' lang='grc' dir='ltr'>κόποι</span> <span class='ocrx_word' id='word_1_226' title='bbox 3588 1632 3787 1703; x_wconf 87' lang='grc' dir='ltr'>ταύτην</span> 
     </span>
    </p>
   </div>
   <div class='ocr_carea' id='block_1_32' title="bbox 2204 1721 3788 1794">
    <p class='ocr_par' dir='ltr' id='par_1_32' title="bbox 2204 1721 3788 1794">
     <span class='ocr_line' id='line_1_32' title="bbox 2204 1721 3788 1794; baseline 0.001 -20"><span class='ocrx_word' id='word_1_227' title='bbox 2204 1721 2599 1787; x_wconf 84' lang='grc' dir='ltr'>συνθλίϐοντες,</span> <span class='ocrx_word' id='word_1_228' title='bbox 2632 1723 2754 1778; x_wconf 71' lang='grc' dir='ltr'>ἀντὶ</span> <span class='ocrx_word' id='word_1_229' title='bbox 2772 1723 2867 1776; x_wconf 83' lang='grc' dir='ltr'>τοῦ</span> <span class='ocrx_word' id='word_1_230' title='bbox 2903 1723 3162 1794; x_wconf 85' lang='grc' dir='ltr'>παρέχειν</span> <span class='ocrx_word' id='word_1_231' title='bbox 3207 1723 3427 1792; x_wconf 73' lang='grc' dir='ltr'>ὄφελος,</span> <span class='ocrx_word' id='word_1_232' title='bbox 3473 1722 3788 1792; x_wconf 74' lang='grc' dir='ltr'>ἐπιγελῶσιν</span> 
     </span>
    </p>
   </div>
   <div class='ocr_carea' id='block_1_33' title="bbox 2206 1811 3786 1884">
    <p class='ocr_par' dir='ltr' id='par_1_33' title="bbox 2206 1811 3786 1884">
     <span class='ocr_line' id='line_1_33' title="bbox 2206 1811 3786 1884; baseline -0.001 -18"><span class='ocrx_word' id='word_1_233' title='bbox 2206 1811 2374 1883; x_wconf 75' lang='grc' dir='ltr'>αὐτὴν</span> <span class='ocrx_word' id='word_1_234' title='bbox 2404 1813 2502 1882; x_wconf 85' lang='grc' dir='ltr'><strong>τῆς</strong></span> <span class='ocrx_word' id='word_1_235' title='bbox 2529 1814 2895 1884; x_wconf 81' lang='grc' dir='ltr'>ματαιότητος</span> <span class='ocrx_word' id='word_1_236' title='bbox 2920 1830 2933 1843; x_wconf 89' lang='grc'>·</span> <span class='ocrx_word' id='word_1_237' title='bbox 2962 1815 2995 1883; x_wconf 82' lang='grc' dir='ltr'><strong>ή</strong></span> <span class='ocrx_word' id='word_1_238' title='bbox 3019 1813 3166 1866; x_wconf 83' lang='grc' dir='ltr'><strong>δέτά</strong></span> <span class='ocrx_word' id='word_1_239' title='bbox 3200 1814 3259 1866; x_wconf 88' lang='grc' dir='ltr'><strong>ἐν</strong></span> <span class='ocrx_word' id='word_1_240' title='bbox 3294 1814 3511 1882; x_wconf 81' lang='grc' dir='ltr'>γενέσει</span> <span class='ocrx_word' id='word_1_241' title='bbox 3538 1814 3631 1866; x_wconf 74' lang='grc' dir='ltr'><strong>καὶ</strong></span> <span class='ocrx_word' id='word_1_242' title='bbox 3662 1812 3786 1882; x_wconf 84' lang='grc' dir='ltr'>φθο-</span> 
     </span>
    </p>
   </div>
   <div class='ocr_carea' id='block_1_34' title="bbox 509 1898 2106 1982">
    <p class='ocr_par' dir='ltr' id='par_1_34' title="bbox 509 1910 2095 1982">
     <span class='ocr_line' id='line_1_34' title="bbox 509 1910 2095 1982; baseline -0.004 -16"><span class='ocrx_word' id='word_1_243' title='bbox 509 1911 813 1982; x_wconf 82' lang='lat' dir='ltr'><strong>abjiciens,</strong></span> <span class='ocrx_word' id='word_1_244' title='bbox 858 1918 913 1965; x_wconf 89' lang='lat' dir='ltr'><strong>et</strong></span> <span class='ocrx_word' id='word_1_245' title='bbox 971 1910 1238 1964; x_wconf 88' lang='lat' dir='ltr'><strong>rationem</strong></span> <span class='ocrx_word' id='word_1_246' title='bbox 1280 1923 1470 1963; x_wconf 90' lang='lat' dir='ltr'><strong>eorum</strong></span> <span class='ocrx_word' id='word_1_247' title='bbox 1507 1921 1850 1978; x_wconf 73' lang='lat' dir='ltr'><strong>quaecunque</strong></span> <span class='ocrx_word' id='word_1_248' title='bbox 1889 1916 2095 1960; x_wconf 68' lang='lat' dir='ltr'><strong>natura:</strong></span> 
     </span>
    </p>
   </div>
   <div class='ocr_carea' id='block_1_35' title="bbox 2210 1898 3791 1982">
    <p class='ocr_par' dir='ltr' id='par_1_35' title="bbox 2210 1904 3791 1977">
     <span class='ocr_line' id='line_1_35' title="bbox 2210 1904 3791 1977; baseline 0.001 -21"><span class='ocrx_word' id='word_1_249' title='bbox 2210 1905 2574 1974; x_wconf 79' lang='grc' dir='ltr'>ρᾷ,τουτέστιν</span> <span class='ocrx_word' id='word_1_250' title='bbox 2600 1906 2666 1958; x_wconf 74' lang='grc' dir='ltr'>τὰ</span> <span class='ocrx_word' id='word_1_251' title='bbox 2700 1904 2805 1958; x_wconf 78' lang='grc' dir='ltr'>ὑπὸ</span> <span class='ocrx_word' id='word_1_252' title='bbox 2829 1904 2920 1957; x_wconf 81' lang='grc' dir='ltr'>τὸν</span> <span class='ocrx_word' id='word_1_253' title='bbox 2948 1905 3365 1977; x_wconf 78' lang='grc' dir='ltr'>ἥλιον,σώφρονι</span> <span class='ocrx_word' id='word_1_254' title='bbox 3388 1906 3635 1976; x_wconf 86' lang='grc' dir='ltr'>λογισμῷ</span> <span class='ocrx_word' id='word_1_255' title='bbox 3656 1922 3791 1976; x_wconf 78' lang='grc' dir='ltr'>παρ-</span> 
     </span>
    </p>
   </div>
   <div class='ocr_carea' id='block_1_36' title="bbox 510 1997 2099 2069">
    <p class='ocr_par' dir='ltr' id='par_1_36' title="bbox 510 1997 2099 2069">
     <span class='ocr_line' id='line_1_36' title="bbox 510 1997 2099 2069; baseline -0.003 -13"><span class='ocrx_word' id='word_1_256' title='bbox 510 2002 789 2057; x_wconf 82' lang='lat' dir='ltr'><strong>vinculum</strong></span> <span class='ocrx_word' id='word_1_257' title='bbox 846 1998 1333 2069; x_wconf 84' lang='lat' dir='ltr'><strong>indeprecabiliter</strong></span> <span class='ocrx_word' id='word_1_258' title='bbox 1383 2014 1490 2053; x_wconf 93' lang='lat' dir='ltr'><strong>non</strong></span> <span class='ocrx_word' id='word_1_259' title='bbox 1544 1997 1843 2068; x_wconf 79' lang='lat' dir='ltr'><strong>exigebat,</strong></span> <span class='ocrx_word' id='word_1_260' title='bbox 1894 1997 2099 2051; x_wconf 81' lang='lat' dir='ltr'><strong>nullam</strong></span> 
     </span>
    </p>
   </div>
   <div class='ocr_carea' id='block_1_37' title="bbox 510 2090 2105 2164">
    <p class='ocr_par' dir='ltr' id='par_1_37' title="bbox 510 2090 2105 2164">
     <span class='ocr_line' id='line_1_37' title="bbox 510 2090 2105 2164; baseline -0.004 -13"><span class='ocrx_word' id='word_1_261' title='bbox 510 2096 749 2163; x_wconf 82' lang='lat' dir='ltr'><strong>habens,</strong></span> <span class='ocrx_word' id='word_1_262' title='bbox 769 2093 869 2149; x_wconf 88' lang='lat' dir='ltr'><strong>sed</strong></span> <span class='ocrx_word' id='word_1_263' title='bbox 916 2108 1040 2164; x_wconf 68' lang='lat' dir='ltr'><strong>quae</strong></span> <span class='ocrx_word' id='word_1_264' title='bbox 1085 2108 1249 2163; x_wconf 87' lang='lat' dir='ltr'><strong>supra</strong></span> <span class='ocrx_word' id='word_1_265' title='bbox 1290 2091 1464 2147; x_wconf 85' lang='lat' dir='ltr'><strong>solem</strong></span> <span class='ocrx_word' id='word_1_266' title='bbox 1491 2130 1506 2155; x_wconf 94' lang='lat'><strong>,</strong></span> <span class='ocrx_word' id='word_1_267' title='bbox 1549 2090 1600 2145; x_wconf 90' lang='lat' dir='ltr'><strong>id</strong></span> <span class='ocrx_word' id='word_1_268' title='bbox 1638 2098 1723 2144; x_wconf 85' lang='lat' dir='ltr'><strong>est</strong></span> <span class='ocrx_word' id='word_1_269' title='bbox 1761 2104 2105 2161; x_wconf 64' lang='lat' dir='ltr'><strong>quaecunque</strong></span> 
     </span>
    </p>
   </div>
   <div class='ocr_carea' id='block_1_38' title="bbox 510 2183 2100 2255">
    <p class='ocr_par' dir='ltr' id='par_1_38' title="bbox 510 2183 2100 2255">
     <span class='ocr_line' id='line_1_38' title="bbox 510 2183 2100 2255; baseline -0.005 -13"><span class='ocrx_word' id='word_1_270' title='bbox 510 2187 739 2243; x_wconf 81' lang='lat' dir='ltr'><strong>meliora</strong></span> <span class='ocrx_word' id='word_1_271' title='bbox 766 2194 1013 2242; x_wconf 88' lang='lat' dir='ltr'><strong>sunt.....</strong></span> <span class='ocrx_word' id='word_1_272' title='bbox 1041 2185 1115 2240; x_wconf 89' lang='lat' dir='ltr'><strong>iis</strong></span> <span class='ocrx_word' id='word_1_273' title='bbox 1144 2200 1266 2255; x_wconf 69' lang='lat' dir='ltr'><strong>quae</strong></span> <span class='ocrx_word' id='word_1_274' title='bbox 1295 2184 1349 2239; x_wconf 92' lang='lat' dir='ltr'><strong>in</strong></span> <span class='ocrx_word' id='word_1_275' title='bbox 1385 2186 1737 2254; x_wconf 80' lang='lat' dir='ltr'><strong>generatione</strong></span> <span class='ocrx_word' id='word_1_276' title='bbox 1765 2192 1821 2237; x_wconf 91' lang='lat' dir='ltr'><strong>et</strong></span> <span class='ocrx_word' id='word_1_277' title='bbox 1855 2183 2100 2251; x_wconf 86' lang='lat' dir='ltr'><strong>interitu,</strong></span> 
     </span>
    </p>
   </div>
   <div class='ocr_carea' id='block_1_39' title="bbox 506 2278 2103 2350">
    <p class='ocr_par' dir='ltr' id='par_1_39' title="bbox 506 2278 2103 2350">
     <span class='ocr_line' id='line_1_39' title="bbox 506 2278 2103 2350; baseline -0.003 -14"><span class='ocrx_word' id='word_1_278' title='bbox 506 2281 811 2350; x_wconf 78' lang='lat' dir='ltr'><strong>exquirens</strong></span> <span class='ocrx_word' id='word_1_279' title='bbox 832 2286 886 2333; x_wconf 86' lang='lat' dir='ltr'><strong>et</strong></span> <span class='ocrx_word' id='word_1_280' title='bbox 918 2278 1317 2348; x_wconf 78' lang='lat' dir='ltr'><strong>philosopharis</strong></span> <span class='ocrx_word' id='word_1_281' title='bbox 1344 2316 1359 2343; x_wconf 92' lang='lat'><strong>,</strong></span> <span class='ocrx_word' id='word_1_282' title='bbox 1393 2278 1592 2331; x_wconf 78' lang='lat' dir='ltr'><strong>aninue</strong></span> <span class='ocrx_word' id='word_1_283' title='bbox 1623 2278 1917 2347; x_wconf 85' lang='lat' dir='ltr'><strong>puritatem</strong></span> <span class='ocrx_word' id='word_1_284' title='bbox 1945 2317 1960 2341; x_wconf 94' lang='lat'><strong>,</strong></span> <span class='ocrx_word' id='word_1_285' title='bbox 2003 2278 2103 2331; x_wconf 88' lang='lat' dir='ltr'><strong>mi-</strong></span> 
     </span>
    </p>
   </div>
   <div class='ocr_carea' id='block_1_40' title="bbox 508 2368 2101 2440">
    <p class='ocr_par' dir='ltr' id='par_1_40' title="bbox 508 2368 2101 2440">
     <span class='ocr_line' id='line_1_40' title="bbox 508 2368 2101 2440; baseline -0.003 -13"><span class='ocrx_word' id='word_1_286' title='bbox 508 2370 876 2427; x_wconf 89' lang='lat' dir='ltr'><strong>sericordiam</strong></span> <span class='ocrx_word' id='word_1_287' title='bbox 909 2369 1145 2440; x_wconf 77' lang='lat' dir='ltr'><strong>proximi</strong></span> <span class='ocrx_word' id='word_1_288' title='bbox 1181 2369 1406 2424; x_wconf 88' lang='lat' dir='ltr'><strong>hilarem</strong></span> <span class='ocrx_word' id='word_1_289' title='bbox 1435 2368 1729 2425; x_wconf 81' lang='lat' dir='ltr'><strong>iacientem</strong></span> <span class='ocrx_word' id='word_1_290' title='bbox 1761 2374 1815 2421; x_wconf 91' lang='lat' dir='ltr'><strong>et</strong></span> <span class='ocrx_word' id='word_1_291' title='bbox 1844 2369 2101 2439; x_wconf 86' lang='lat' dir='ltr'><strong>mitigan-</strong></span> 
     </span>
    </p>
   </div>
   <div class='ocr_carea' id='block_1_41' title="bbox 506 2461 2105 2534">
    <p class='ocr_par' dir='ltr' id='par_1_41' title="bbox 506 2461 2105 2534">
     <span class='ocr_line' id='line_1_41' title="bbox 506 2461 2105 2534; baseline -0.004 -14"><span class='ocrx_word' id='word_1_292' title='bbox 506 2477 614 2520; x_wconf 82' lang='lat' dir='ltr'><strong>tem</strong></span> <span class='ocrx_word' id='word_1_293' title='bbox 650 2480 746 2521; x_wconf 76' lang='lat' dir='ltr'><strong>ras</strong></span> <span class='ocrx_word' id='word_1_294' title='bbox 776 2480 899 2534; x_wconf 68' lang='lat' dir='ltr'><strong>qua:</strong></span> <span class='ocrx_word' id='word_1_295' title='bbox 934 2472 1063 2519; x_wconf 86' lang='lat' dir='ltr'><strong>sunt</strong></span> <span class='ocrx_word' id='word_1_296' title='bbox 1110 2478 1139 2517; x_wconf 92' lang='lat' dir='ltr'><strong>a</strong></span> <span class='ocrx_word' id='word_1_297' title='bbox 1182 2471 1505 2533; x_wconf 86' lang='lat' dir='ltr'><strong>paupertate</strong></span> <span class='ocrx_word' id='word_1_298' title='bbox 1538 2461 1762 2532; x_wconf 80' lang='lat' dir='ltr'><strong>plagas;</strong></span> <span class='ocrx_word' id='word_1_299' title='bbox 1800 2461 1845 2516; x_wconf 90' lang='lat' dir='ltr'><strong>si</strong></span> <span class='ocrx_word' id='word_1_300' title='bbox 1874 2476 2006 2514; x_wconf 91' lang='lat' dir='ltr'><strong>vero</strong></span> <span class='ocrx_word' id='word_1_301' title='bbox 2050 2471 2105 2515; x_wconf 92' lang='lat' dir='ltr'><strong>et</strong></span> 
     </span>
    </p>
   </div>
   <div class='ocr_carea' id='block_1_42' title="bbox 504 2552 2091 2623">
    <p class='ocr_par' dir='ltr' id='par_1_42' title="bbox 504 2552 2091 2623">
     <span class='ocr_line' id='line_1_42' title="bbox 504 2552 2091 2623; baseline -0.004 -10"><span class='ocrx_word' id='word_1_302' title='bbox 504 2557 731 2614; x_wconf 90' lang='lat' dir='ltr'><strong>omnino</strong></span> <span class='ocrx_word' id='word_1_303' title='bbox 762 2573 793 2612; x_wconf 87' lang='lat' dir='ltr'><strong>a</strong></span> <span class='ocrx_word' id='word_1_304' title='bbox 823 2556 1145 2612; x_wconf 83' lang='lat' dir='ltr'><strong>vulneribus</strong></span> <span class='ocrx_word' id='word_1_305' title='bbox 1189 2554 1479 2610; x_wconf 87' lang='lat' dir='ltr'><strong>liberantia</strong></span> <span class='ocrx_word' id='word_1_306' title='bbox 1509 2563 1564 2608; x_wconf 88' lang='lat' dir='ltr'><strong>et</strong></span> <span class='ocrx_word' id='word_1_307' title='bbox 1596 2553 1742 2623; x_wconf 82' lang='lat' dir='ltr'><strong>quod</strong></span> <span class='ocrx_word' id='word_1_308' title='bbox 1777 2554 1945 2608; x_wconf 92' lang='lat' dir='ltr'><strong>totius</strong></span> <span class='ocrx_word' id='word_1_309' title='bbox 1984 2552 2091 2608; x_wconf 87' lang='lat' dir='ltr'><strong>dis-</strong></span> 
     </span>
    </p>
   </div>
   <div class='ocr_carea' id='block_1_43' title="bbox 506 2644 2104 2720">
    <p class='ocr_par' dir='ltr' id='par_1_43' title="bbox 506 2644 2104 2720">
     <span class='ocr_line' id='line_1_43' title="bbox 506 2644 2104 2720; baseline -0.004 -17"><span class='ocrx_word' id='word_1_310' title='bbox 506 2650 800 2720; x_wconf 83' lang='lat' dir='ltr'><strong>positionis</strong></span> <span class='ocrx_word' id='word_1_311' title='bbox 828 2646 1209 2704; x_wconf 77' lang='lat' dir='ltr'><strong>felicissimum</strong></span> <span class='ocrx_word' id='word_1_312' title='bbox 1238 2656 1292 2700; x_wconf 90' lang='lat' dir='ltr'><strong>et</strong></span> <span class='ocrx_word' id='word_1_313' title='bbox 1321 2644 1430 2700; x_wconf 87' lang='lat' dir='ltr'><strong>Deo</strong></span> <span class='ocrx_word' id='word_1_314' title='bbox 1464 2645 1809 2700; x_wconf 88' lang='lat' dir='ltr'><strong>simillimum</strong></span> <span class='ocrx_word' id='word_1_315' title='bbox 1842 2653 1945 2707; x_wconf 79' lang='lat' dir='ltr'><strong>est,</strong></span> <span class='ocrx_word' id='word_1_316' title='bbox 1974 2660 2104 2714; x_wconf 88' lang='lat' dir='ltr'><strong>pru—</strong></span> 
     </span>
    </p>
   </div>
   <div class='ocr_carea' id='block_1_44' title="bbox 505 2736 2104 2808">
    <p class='ocr_par' dir='ltr' id='par_1_44' title="bbox 505 2736 2104 2808">
     <span class='ocr_line' id='line_1_44' title="bbox 505 2736 2104 2808; baseline -0.006 -10"><span class='ocrx_word' id='word_1_317' title='bbox 505 2742 707 2799; x_wconf 61' lang='lat' dir='ltr'><strong>dentiae</strong></span> <span class='ocrx_word' id='word_1_318' title='bbox 731 2756 918 2795; x_wconf 89' lang='lat' dir='ltr'><strong>amore</strong></span> <span class='ocrx_word' id='word_1_319' title='bbox 937 2737 1416 2808; x_wconf 88' lang='lat' dir='ltr'><strong>intemperantiam</strong></span> <span class='ocrx_word' id='word_1_320' title='bbox 1442 2737 1869 2791; x_wconf 79' lang='lat' dir='ltr'><strong>exterminantia</strong></span> <span class='ocrx_word' id='word_1_321' title='bbox 1893 2744 1946 2790; x_wconf 92' lang='lat' dir='ltr'><strong>ct</strong></span> <span class='ocrx_word' id='word_1_322' title='bbox 1971 2736 2104 2789; x_wconf 87' lang='lat' dir='ltr'><strong>cho-</strong></span> 
     </span>
    </p>
   </div>
   <div class='ocr_carea' id='block_1_45' title="bbox 508 2829 2105 2899">
    <p class='ocr_par' dir='ltr' id='par_1_45' title="bbox 508 2829 2105 2899">
     <span class='ocr_line' id='line_1_45' title="bbox 508 2829 2105 2899; baseline -0.006 -8"><span class='ocrx_word' id='word_1_323' title='bbox 508 2852 578 2892; x_wconf 77' lang='lat' dir='ltr'><strong>ro</strong></span> <span class='ocrx_word' id='word_1_324' title='bbox 615 2835 850 2890; x_wconf 88' lang='lat' dir='ltr'><strong>aliarum</strong></span> <span class='ocrx_word' id='word_1_325' title='bbox 882 2833 1147 2888; x_wconf 84' lang='lat' dir='ltr'><strong>virtutum</strong></span> <span class='ocrx_word' id='word_1_326' title='bbox 1175 2831 1560 2886; x_wconf 79' lang='lat' dir='ltr'><strong>consonantia.</strong></span> <span class='ocrx_word' id='word_1_327' title='bbox 1627 2829 1779 2884; x_wconf 77' lang='lat' dir='ltr'><strong>llanc</strong></span> <span class='ocrx_word' id='word_1_328' title='bbox 1815 2830 1981 2899; x_wconf 85' lang='lat' dir='ltr'><strong>igitur</strong></span> <span class='ocrx_word' id='word_1_329' title='bbox 2011 2845 2105 2899; x_wconf 85' lang='lat' dir='ltr'><strong>ge-</strong></span> 
     </span>
    </p>
   </div>
   <div class='ocr_carea' id='block_1_46' title="bbox 507 2925 2106 2995">
    <p class='ocr_par' dir='ltr' id='par_1_46' title="bbox 507 2925 2106 2995">
     <span class='ocr_line' id='line_1_46' title="bbox 507 2925 2106 2995; baseline -0.005 -10"><span class='ocrx_word' id='word_1_330' title='bbox 507 2929 848 2985; x_wconf 89' lang='lat' dir='ltr'><strong>nerationem</strong></span> <span class='ocrx_word' id='word_1_331' title='bbox 889 2937 944 2983; x_wconf 87' lang='lat' dir='ltr'><strong>et</strong></span> <span class='ocrx_word' id='word_1_332' title='bbox 986 2926 1380 2995; x_wconf 90' lang='lat' dir='ltr'><strong>complentinm</strong></span> <span class='ocrx_word' id='word_1_333' title='bbox 1429 2940 1550 2979; x_wconf 90' lang='lat' dir='ltr'><strong>eam</strong></span> <span class='ocrx_word' id='word_1_334' title='bbox 1584 2925 1893 2994; x_wconf 81' lang='lat' dir='ltr'><strong>catalogum</strong></span> <span class='ocrx_word' id='word_1_335' title='bbox 1919 2964 1933 2988; x_wconf 97' lang='lat'><strong>,</strong></span> <span class='ocrx_word' id='word_1_336' title='bbox 1986 2934 2106 2978; x_wconf 85' lang='lat' dir='ltr'><strong>tan-</strong></span> 
     </span>
    </p>
   </div>
   <div class='ocr_carea' id='block_1_47' title="bbox 507 3018 2106 3094">
    <p class='ocr_par' dir='ltr' id='par_1_47' title="bbox 507 3018 2106 3094">
     <span class='ocr_line' id='line_1_47' title="bbox 507 3018 2106 3094; baseline -0.006 -16"><span class='ocrx_word' id='word_1_337' title='bbox 507 3038 672 3092; x_wconf 87' lang='lat' dir='ltr'><strong>quam</strong></span> <span class='ocrx_word' id='word_1_338' title='bbox 703 3036 825 3094; x_wconf 55' lang='lat' dir='ltr'><strong>qua).</strong></span> <span class='ocrx_word' id='word_1_339' title='bbox 868 3019 1001 3076; x_wconf 88' lang='lat' dir='ltr'><strong>nihil</strong></span> <span class='ocrx_word' id='word_1_340' title='bbox 1049 3034 1240 3074; x_wconf 90' lang='lat' dir='ltr'><strong>eorum</strong></span> <span class='ocrx_word' id='word_1_341' title='bbox 1282 3034 1402 3087; x_wconf 75' lang='lat' dir='ltr'><strong>qua:</strong></span> <span class='ocrx_word' id='word_1_342' title='bbox 1442 3018 1548 3073; x_wconf 86' lang='lat' dir='ltr'><strong>sub</strong></span> <span class='ocrx_word' id='word_1_343' title='bbox 1590 3018 1708 3073; x_wconf 88' lang='lat' dir='ltr'><strong>sole</strong></span> <span class='ocrx_word' id='word_1_344' title='bbox 1759 3026 1890 3072; x_wconf 88' lang='lat' dir='ltr'><strong>sunt</strong></span> <span class='ocrx_word' id='word_1_345' title='bbox 1922 3032 2106 3087; x_wconf 83' lang='lat' dir='ltr'><strong>prose—</strong></span> 
     </span>
    </p>
   </div>
   <div class='ocr_carea' id='block_1_48' title="bbox 507 3111 2102 3185">
    <p class='ocr_par' dir='ltr' id='par_1_48' title="bbox 507 3111 2102 3185">
     <span class='ocr_line' id='line_1_48' title="bbox 507 3111 2102 3185; baseline -0.005 -15"><span class='ocrx_word' id='word_1_346' title='bbox 507 3125 720 3182; x_wconf 87' lang='lat' dir='ltr'><strong>cutam,</strong></span> <span class='ocrx_word' id='word_1_347' title='bbox 745 3129 924 3185; x_wconf 90' lang='lat' dir='ltr'><strong>neque</strong></span> <span class='ocrx_word' id='word_1_348' title='bbox 944 3129 1067 3169; x_wconf 86' lang='lat' dir='ltr'><strong>cum</strong></span> <span class='ocrx_word' id='word_1_349' title='bbox 1103 3112 1168 3166; x_wconf 88' lang='lat' dir='ltr'><strong>iis</strong></span> <span class='ocrx_word' id='word_1_350' title='bbox 1193 3127 1317 3182; x_wconf 68' lang='lat' dir='ltr'><strong>quae</strong></span> <span class='ocrx_word' id='word_1_351' title='bbox 1341 3112 1393 3166; x_wconf 93' lang='lat' dir='ltr'><strong>in</strong></span> <span class='ocrx_word' id='word_1_352' title='bbox 1426 3112 1781 3183; x_wconf 88' lang='lat' dir='ltr'><strong>generatione</strong></span> <span class='ocrx_word' id='word_1_353' title='bbox 1803 3122 1855 3166; x_wconf 91' lang='lat' dir='ltr'><strong>et</strong></span> <span class='ocrx_word' id='word_1_354' title='bbox 1879 3111 2102 3166; x_wconf 88' lang='lat' dir='ltr'><strong>interitu</strong></span> 
     </span>
    </p>
   </div>
   <div class='ocr_carea' id='block_1_49' title="bbox 510 3203 2105 3277">
    <p class='ocr_par' dir='ltr' id='par_1_49' title="bbox 510 3203 2105 3277">
     <span class='ocr_line' id='line_1_49' title="bbox 510 3203 2105 3277; baseline -0.004 -14"><span class='ocrx_word' id='word_1_355' title='bbox 510 3208 677 3263; x_wconf 81' lang='lat' dir='ltr'><strong>simul</strong></span> <span class='ocrx_word' id='word_1_356' title='bbox 718 3210 1006 3277; x_wconf 84' lang='lat' dir='ltr'><strong>abreptam</strong></span> <span class='ocrx_word' id='word_1_357' title='bbox 1035 3214 1089 3259; x_wconf 90' lang='lat' dir='ltr'><strong>et</strong></span> <span class='ocrx_word' id='word_1_358' title='bbox 1121 3204 1467 3274; x_wconf 82' lang='lat' dir='ltr'><strong>absumptam</strong></span> <span class='ocrx_word' id='word_1_359' title='bbox 1494 3246 1509 3272; x_wconf 95' lang='lat'><strong>,</strong></span> <span class='ocrx_word' id='word_1_360' title='bbox 1543 3203 1898 3261; x_wconf 83' lang='lat' dir='ltr'><strong>manifestum</strong></span> <span class='ocrx_word' id='word_1_361' title='bbox 1930 3204 2105 3259; x_wconf 89' lang='lat' dir='ltr'><strong>multo</strong></span> 
     </span>
    </p>
   </div>
   <div class='ocr_carea' id='block_1_50' title="bbox 509 3297 2105 3370">
    <p class='ocr_par' dir='ltr' id='par_1_50' title="bbox 509 3297 2105 3370">
     <span class='ocr_line' id='line_1_50' title="bbox 509 3297 2105 3370; baseline -0.003 -15"><span class='ocrx_word' id='word_1_362' title='bbox 509 3299 684 3370; x_wconf 86' lang='lat' dir='ltr'><strong>magis</strong></span> <span class='ocrx_word' id='word_1_363' title='bbox 757 3298 882 3355; x_wconf 87' lang='lat' dir='ltr'><strong>aliis</strong></span> <span class='ocrx_word' id='word_1_364' title='bbox 943 3297 1011 3354; x_wconf 89' lang='lat' dir='ltr'><strong>ad</strong></span> <span class='ocrx_word' id='word_1_365' title='bbox 1082 3299 1312 3354; x_wconf 86' lang='lat' dir='ltr'><strong>meliora</strong></span> <span class='ocrx_word' id='word_1_366' title='bbox 1383 3298 1727 3368; x_wconf 78' lang='lat' dir='ltr'><strong>respexisse,</strong></span> <span class='ocrx_word' id='word_1_367' title='bbox 1795 3307 2105 3352; x_wconf 86' lang='lat' dir='ltr'><strong>manentem</strong></span> 
     </span>
    </p>
   </div>
   <div class='ocr_carea' id='block_1_51' title="bbox 508 3391 2106 3463">
    <p class='ocr_par' dir='ltr' id='par_1_51' title="bbox 508 3391 2106 3463">
     <span class='ocr_line' id='line_1_51' title="bbox 508 3391 2106 3463; baseline -0.004 -13"><span class='ocrx_word' id='word_1_368' title='bbox 508 3404 565 3450; x_wconf 84' lang='lat' dir='ltr'><strong>et</strong></span> <span class='ocrx_word' id='word_1_369' title='bbox 612 3392 819 3448; x_wconf 86' lang='lat' dir='ltr'><strong>erroris</strong></span> <span class='ocrx_word' id='word_1_370' title='bbox 877 3400 1161 3463; x_wconf 77' lang='lat' dir='ltr'><strong>expertem</strong></span> <span class='ocrx_word' id='word_1_371' title='bbox 1214 3391 1689 3446; x_wconf 82' lang='lat' dir='ltr'><strong>conversationem</strong></span> <span class='ocrx_word' id='word_1_372' title='bbox 1742 3391 2106 3461; x_wconf 81' lang='lat' dir='ltr'><strong>amplexatam</strong></span> 
     </span>
    </p>
   </div>
   <div class='ocr_carea' id='block_1_52' title="bbox 511 3480 2111 3555">
    <p class='ocr_par' dir='ltr' id='par_1_52' title="bbox 511 3480 2111 3555">
     <span class='ocr_line' id='line_1_52' title="bbox 511 3480 2111 3555; baseline -0.001 -18"><span class='ocrx_word' id='word_1_373' title='bbox 511 3499 613 3555; x_wconf 85' lang='lat' dir='ltr'><strong>pro</strong></span> <span class='ocrx_word' id='word_1_374' title='bbox 644 3490 867 3539; x_wconf 85' lang='lat' dir='ltr'><strong>errante</strong></span> <span class='ocrx_word' id='word_1_375' title='bbox 911 3491 967 3538; x_wconf 91' lang='lat' dir='ltr'><strong>et</strong></span> <span class='ocrx_word' id='word_1_376' title='bbox 1004 3482 1280 3538; x_wconf 82' lang='lat' dir='ltr'><strong>dillluente</strong></span> <span class='ocrx_word' id='word_1_377' title='bbox 1319 3482 1390 3536; x_wconf 84' lang='lat' dir='ltr'><strong>ad</strong></span> <span class='ocrx_word' id='word_1_378' title='bbox 1418 3481 1710 3535; x_wconf 81' lang='lat' dir='ltr'><strong>vanitatem</strong></span> <span class='ocrx_word' id='word_1_379' title='bbox 1742 3496 1756 3532; x_wconf 90' lang='lat'><strong>:</strong></span> <span class='ocrx_word' id='word_1_380' title='bbox 1814 3483 1929 3535; x_wconf 75' lang='lat' dir='ltr'><strong>hmc</strong></span> <span class='ocrx_word' id='word_1_381' title='bbox 1976 3480 2111 3535; x_wconf 74' lang='lat' dir='ltr'><strong>aeni-</strong></span> 
     </span>
    </p>
   </div>
   <div class='ocr_carea' id='block_1_53' title="bbox 508 3570 2106 3645">
    <p class='ocr_par' dir='ltr' id='par_1_53' title="bbox 508 3570 2106 3645">
     <span class='ocr_line' id='line_1_53' title="bbox 508 3570 2106 3645; baseline 0 -18"><span class='ocrx_word' id='word_1_382' title='bbox 508 3575 749 3645; x_wconf 79' lang='lat' dir='ltr'><strong>gmatico</strong></span> <span class='ocrx_word' id='word_1_383' title='bbox 792 3583 850 3629; x_wconf 88' lang='lat' dir='ltr'><strong>et</strong></span> <span class='ocrx_word' id='word_1_384' title='bbox 894 3574 1115 3629; x_wconf 81' lang='lat' dir='ltr'><strong>concise</strong></span> <span class='ocrx_word' id='word_1_385' title='bbox 1148 3587 1405 3628; x_wconf 75' lang='lat' dir='ltr'><strong>sermone</strong></span> <span class='ocrx_word' id='word_1_386' title='bbox 1441 3571 1836 3641; x_wconf 85' lang='lat' dir='ltr'><strong>perstringens,</strong></span> <span class='ocrx_word' id='word_1_387' title='bbox 1877 3570 2106 3627; x_wconf 87' lang='lat' dir='ltr'><strong>inducit.</strong></span> 
     </span>
    </p>
   </div>
   <div class='ocr_carea' id='block_1_54' title="bbox 591 3663 2107 3731">
    <p class='ocr_par' dir='ltr' id='par_1_54' title="bbox 591 3663 2107 3731">
     <span class='ocr_line' id='line_1_54' title="bbox 591 3663 2107 3731; baseline -0.003 -11"><span class='ocrx_word' id='word_1_388' title='bbox 591 3685 611 3720; x_wconf 77' lang='grc' dir='ltr'><strong>ι</strong></span> <span class='ocrx_word' id='word_1_389' title='bbox 639 3664 811 3721; x_wconf 88' lang='lat' dir='ltr'><strong>Terra</strong></span> <span class='ocrx_word' id='word_1_390' title='bbox 828 3674 1012 3720; x_wconf 90' lang='lat' dir='ltr'><strong>autem</strong></span> <span class='ocrx_word' id='word_1_391' title='bbox 1030 3665 1085 3719; x_wconf 81' lang='lat' dir='ltr'><strong>in</strong></span> <span class='ocrx_word' id='word_1_392' title='bbox 1104 3674 1369 3719; x_wconf 86' lang='lat' dir='ltr'><strong>aeternum</strong></span> <span class='ocrx_word' id='word_1_393' title='bbox 1391 3672 1501 3719; x_wconf 88' lang='lat' dir='ltr'><strong>stat</strong></span> <span class='ocrx_word' id='word_1_394' title='bbox 1522 3679 1568 3729; x_wconf 84' lang='grc'><strong>;›</strong></span> <span class='ocrx_word' id='word_1_395' title='bbox 1588 3672 1856 3717; x_wconf 83' lang='lat' dir='ltr'><strong>aeternum</strong></span> <span class='ocrx_word' id='word_1_396' title='bbox 1887 3663 2107 3731; x_wconf 86' lang='lat' dir='ltr'><strong>quidem</strong></span> 
     </span>
    </p>
   </div>
   <div class='ocr_carea' id='block_1_55' title="bbox 516 3755 2112 3828">
    <p class='ocr_par' dir='ltr' id='par_1_55' title="bbox 516 3755 2112 3828">
     <span class='ocr_line' id='line_1_55' title="bbox 516 3755 2112 3828; baseline -0.001 -16"><span class='ocrx_word' id='word_1_397' title='bbox 516 3774 728 3816; x_wconf 74' lang='lat' dir='ltr'><strong>verens</strong></span> <span class='ocrx_word' id='word_1_398' title='bbox 760 3767 981 3828; x_wconf 84' lang='lat' dir='ltr'><strong>tempus</strong></span> <span class='ocrx_word' id='word_1_399' title='bbox 1012 3758 1066 3811; x_wconf 92' lang='lat' dir='ltr'><strong>iu</strong></span> <span class='ocrx_word' id='word_1_400' title='bbox 1097 3771 1207 3824; x_wconf 87' lang='lat' dir='ltr'><strong>quo</strong></span> <span class='ocrx_word' id='word_1_401' title='bbox 1239 3756 1323 3811; x_wconf 90' lang='lat' dir='ltr'><strong>sol</strong></span> <span class='ocrx_word' id='word_1_402' title='bbox 1354 3764 1409 3811; x_wconf 88' lang='lat' dir='ltr'><strong>et</strong></span> <span class='ocrx_word' id='word_1_403' title='bbox 1446 3756 1575 3809; x_wconf 90' lang='lat' dir='ltr'><strong>luna</strong></span> <span class='ocrx_word' id='word_1_404' title='bbox 1616 3764 1672 3809; x_wconf 89' lang='lat' dir='ltr'><strong>et</strong></span> <span class='ocrx_word' id='word_1_405' title='bbox 1704 3755 1946 3810; x_wconf 87' lang='lat' dir='ltr'><strong>siderum</strong></span> <span class='ocrx_word' id='word_1_406' title='bbox 1979 3756 2112 3811; x_wconf 78' lang='lat' dir='ltr'><strong>clio-</strong></span> 
     </span>
    </p>
   </div>
   <div class='ocr_carea' id='block_1_56' title="bbox 513 3847 2111 3921">
    <p class='ocr_par' dir='ltr' id='par_1_56' title="bbox 513 3847 2111 3921">
     <span class='ocr_line' id='line_1_56' title="bbox 513 3847 2111 3921; baseline -0.001 -16"><span class='ocrx_word' id='word_1_407' title='bbox 513 3867 612 3906; x_wconf 89' lang='lat' dir='ltr'><strong>rus</strong></span> <span class='ocrx_word' id='word_1_408' title='bbox 644 3860 700 3907; x_wconf 91' lang='lat' dir='ltr'><strong>et</strong></span> <span class='ocrx_word' id='word_1_409' title='bbox 741 3851 921 3921; x_wconf 88' lang='lat' dir='ltr'><strong>ipsum</strong></span> <span class='ocrx_word' id='word_1_410' title='bbox 950 3848 1174 3905; x_wconf 71' lang='lat' dir='ltr'><strong>caeleste</strong></span> <span class='ocrx_word' id='word_1_411' title='bbox 1199 3848 1385 3919; x_wconf 90' lang='lat' dir='ltr'><strong>polum</strong></span> <span class='ocrx_word' id='word_1_412' title='bbox 1412 3850 1464 3903; x_wconf 90' lang='lat' dir='ltr'><strong>in</strong></span> <span class='ocrx_word' id='word_1_413' title='bbox 1498 3847 1753 3918; x_wconf 85' lang='lat' dir='ltr'><strong>opposito</strong></span> <span class='ocrx_word' id='word_1_414' title='bbox 1776 3862 1946 3903; x_wconf 89' lang='lat' dir='ltr'><strong>cursu</strong></span> <span class='ocrx_word' id='word_1_415' title='bbox 1974 3848 2111 3903; x_wconf 77' lang='lat' dir='ltr'><strong>bene</strong></span> 
     </span>
    </p>
   </div>
   <div class='ocr_carea' id='block_1_57' title="bbox 515 3941 2109 4012">
    <p class='ocr_par' dir='ltr' id='par_1_57' title="bbox 515 3941 2109 4012">
     <span class='ocr_line' id='line_1_57' title="bbox 515 3941 2109 4012; baseline -0.001 -14"><span class='ocrx_word' id='word_1_416' title='bbox 515 3944 833 3999; x_wconf 85' lang='lat' dir='ltr'><strong>ordinatum</strong></span> <span class='ocrx_word' id='word_1_417' title='bbox 865 3951 921 3998; x_wconf 92' lang='lat' dir='ltr'><strong>et</strong></span> <span class='ocrx_word' id='word_1_418' title='bbox 953 3944 1381 3998; x_wconf 82' lang='lat' dir='ltr'><strong>concordantetn</strong></span> <span class='ocrx_word' id='word_1_419' title='bbox 1416 3942 1680 4012; x_wconf 86' lang='lat' dir='ltr'><strong>impetum</strong></span> <span class='ocrx_word' id='word_1_420' title='bbox 1711 3942 1778 3996; x_wconf 90' lang='lat' dir='ltr'><strong>ad</strong></span> <span class='ocrx_word' id='word_1_421' title='bbox 1809 3941 2019 3996; x_wconf 88' lang='lat' dir='ltr'><strong>dierum</strong></span> <span class='ocrx_word' id='word_1_422' title='bbox 2054 3951 2109 3997; x_wconf 90' lang='lat' dir='ltr'><strong>et</strong></span> 
     </span>
    </p>
   </div>
   <div class='ocr_carea' id='block_1_58' title="bbox 514 4034 2111 4104">
    <p class='ocr_par' dir='ltr' id='par_1_58' title="bbox 514 4034 2111 4104">
     <span class='ocr_line' id='line_1_58' title="bbox 514 4034 2111 4104; baseline 0 -15"><span class='ocrx_word' id='word_1_423' title='bbox 514 4034 765 4090; x_wconf 78' lang='lat' dir='ltr'><strong>molium</strong></span> <span class='ocrx_word' id='word_1_424' title='bbox 821 4043 877 4090; x_wconf 89' lang='lat' dir='ltr'><strong>et</strong></span> <span class='ocrx_word' id='word_1_425' title='bbox 922 4043 1229 4104; x_wconf 88' lang='lat' dir='ltr'><strong>temporum</strong></span> <span class='ocrx_word' id='word_1_426' title='bbox 1275 4034 1664 4089; x_wconf 79' lang='lat' dir='ltr'><strong>discretionem</strong></span> <span class='ocrx_word' id='word_1_427' title='bbox 1712 4043 1765 4088; x_wconf 89' lang='lat' dir='ltr'><strong>et</strong></span> <span class='ocrx_word' id='word_1_428' title='bbox 1798 4035 2111 4090; x_wconf 89' lang='lat' dir='ltr'><strong>renovatio-</strong></span> 
     </span>
    </p>
   </div>
   <div class='ocr_carea' id='block_1_59' title="bbox 516 4125 2110 4197">
    <p class='ocr_par' dir='ltr' id='par_1_59' title="bbox 516 4125 2110 4197">
     <span class='ocr_line' id='line_1_59' title="bbox 516 4125 2110 4197; baseline 0.001 -17"><span class='ocrx_word' id='word_1_429' title='bbox 516 4142 637 4180; x_wconf 83' lang='lat' dir='ltr'><strong>nem</strong></span> <span class='ocrx_word' id='word_1_430' title='bbox 689 4125 745 4181; x_wconf 89' lang='lat' dir='ltr'><strong>in</strong></span> <span class='ocrx_word' id='word_1_431' title='bbox 790 4142 926 4197; x_wconf 81' lang='lat' dir='ltr'><strong>gyro</strong></span> <span class='ocrx_word' id='word_1_432' title='bbox 973 4136 1177 4197; x_wconf 87' lang='lat' dir='ltr'><strong>agunt;</strong></span> <span class='ocrx_word' id='word_1_433' title='bbox 1236 4134 1437 4182; x_wconf 81' lang='lat' dir='ltr'><strong>terram</strong></span> <span class='ocrx_word' id='word_1_434' title='bbox 1484 4137 1665 4181; x_wconf 88' lang='lat' dir='ltr'><strong>autem</strong></span> <span class='ocrx_word' id='word_1_435' title='bbox 1720 4127 1919 4182; x_wconf 88' lang='lat' dir='ltr'><strong>iterum</strong></span> <span class='ocrx_word' id='word_1_436' title='bbox 1947 4143 2110 4182; x_wconf 90' lang='lat' dir='ltr'><strong>assu-</strong></span> 
     </span>
    </p>
   </div>
   <div class='ocr_carea' id='block_1_60' title="bbox 515 4217 2112 4288">
    <p class='ocr_par' dir='ltr' id='par_1_60' title="bbox 515 4217 2112 4288">
     <span class='ocr_line' id='line_1_60' title="bbox 515 4217 2112 4288; baseline 0.001 -17"><span class='ocrx_word' id='word_1_437' title='bbox 515 4232 673 4273; x_wconf 86' lang='lat' dir='ltr'><strong>mens</strong></span> <span class='ocrx_word' id='word_1_438' title='bbox 730 4232 831 4288; x_wconf 89' lang='lat' dir='ltr'><strong>pro</strong></span> <span class='ocrx_word' id='word_1_439' title='bbox 886 4218 1276 4287; x_wconf 86' lang='lat' dir='ltr'><strong>redargutione</strong></span> <span class='ocrx_word' id='word_1_440' title='bbox 1328 4217 1495 4273; x_wconf 90' lang='lat' dir='ltr'><strong>studii</strong></span> <span class='ocrx_word' id='word_1_441' title='bbox 1551 4234 1742 4273; x_wconf 88' lang='lat' dir='ltr'><strong>eorum</strong></span> <span class='ocrx_word' id='word_1_442' title='bbox 1781 4219 1871 4287; x_wconf 89' lang='lat' dir='ltr'><strong>qui</strong></span> <span class='ocrx_word' id='word_1_443' title='bbox 1926 4228 2112 4273; x_wconf 89' lang='lat' dir='ltr'><strong>terunt</strong></span> 
     </span>
    </p>
   </div>
   <div class='ocr_carea' id='block_1_61' title="bbox 515 4310 2107 4382">
    <p class='ocr_par' dir='ltr' id='par_1_61' title="bbox 515 4310 2107 4382">
     <span class='ocr_line' id='line_1_61' title="bbox 515 4310 2107 4382; baseline 0.001 -17"><span class='ocrx_word' id='word_1_444' title='bbox 515 4325 655 4365; x_wconf 19' lang='lat' dir='ltr'><strong>suas,</strong></span> <span class='ocrx_word' id='word_1_445' title='bbox 690 4310 1056 4381; x_wconf 84' lang='lat' dir='ltr'><strong>cogitationes</strong></span> <span class='ocrx_word' id='word_1_446' title='bbox 1109 4320 1165 4367; x_wconf 92' lang='lat' dir='ltr'><strong>et</strong></span> <span class='ocrx_word' id='word_1_447' title='bbox 1205 4311 1522 4381; x_wconf 89' lang='lat' dir='ltr'><strong>deprimunt</strong></span> <span class='ocrx_word' id='word_1_448' title='bbox 1578 4312 1917 4382; x_wconf 85' lang='lat' dir='ltr'><strong>prepositum</strong></span> <span class='ocrx_word' id='word_1_449' title='bbox 1961 4312 2107 4367; x_wconf 84' lang='lat' dir='ltr'><strong>circa</strong></span> 
     </span>
    </p>
   </div>
   <div class='ocr_carea' id='block_1_62' title="bbox 513 4403 2109 4474">
    <p class='ocr_par' dir='ltr' id='par_1_62' title="bbox 513 4403 2109 4474">
     <span class='ocr_line' id='line_1_62' title="bbox 513 4403 2109 4474; baseline 0.003 -20"><span class='ocrx_word' id='word_1_450' title='bbox 513 4418 682 4469; x_wconf 74' lang='lat' dir='ltr'><strong>vana,</strong></span> <span class='ocrx_word' id='word_1_451' title='bbox 736 4419 836 4474; x_wconf 87' lang='lat' dir='ltr'><strong>pro</strong></span> <span class='ocrx_word' id='word_1_452' title='bbox 880 4419 946 4459; x_wconf 92' lang='lat' dir='ltr'><strong>eo</strong></span> <span class='ocrx_word' id='word_1_453' title='bbox 993 4413 1053 4459; x_wconf 93' lang='lat' dir='ltr'><strong>ut</strong></span> <span class='ocrx_word' id='word_1_454' title='bbox 1094 4403 1356 4459; x_wconf 90' lang='lat' dir='ltr'><strong>deberent</strong></span> <span class='ocrx_word' id='word_1_455' title='bbox 1391 4405 1624 4460; x_wconf 85' lang='lat' dir='ltr'><strong>libenter</strong></span> <span class='ocrx_word' id='word_1_456' title='bbox 1660 4405 1914 4461; x_wconf 89' lang='lat' dir='ltr'><strong>insistere</strong></span> <span class='ocrx_word' id='word_1_457' title='bbox 1940 4407 2109 4460; x_wconf 88' lang='lat' dir='ltr'><strong>salvi-</strong></span> 
     </span>
    </p>
   </div>
   <div class='ocr_carea' id='block_1_63' title="bbox 515 4493 2109 4569">
    <p class='ocr_par' dir='ltr' id='par_1_63' title="bbox 515 4493 2109 4569">
     <span class='ocr_line' id='line_1_63' title="bbox 515 4493 2109 4569; baseline 0.002 -19"><span class='ocrx_word' id='word_1_458' title='bbox 515 4496 636 4551; x_wconf 78' lang='lat' dir='ltr'><strong>ticis</strong></span> <span class='ocrx_word' id='word_1_459' title='bbox 668 4504 722 4550; x_wconf 90' lang='lat' dir='ltr'><strong>et</strong></span> <span class='ocrx_word' id='word_1_460' title='bbox 745 4496 944 4549; x_wconf 74' lang='lat' dir='ltr'><strong>anima:</strong></span> <span class='ocrx_word' id='word_1_461' title='bbox 987 4493 1295 4550; x_wconf 82' lang='lat' dir='ltr'><strong>allaborare</strong></span> <span class='ocrx_word' id='word_1_462' title='bbox 1324 4494 1493 4551; x_wconf 90' lang='lat' dir='ltr'><strong>lucris</strong></span> <span class='ocrx_word' id='word_1_463' title='bbox 1521 4512 1536 4549; x_wconf 88' lang='lat'><strong>:</strong></span> <span class='ocrx_word' id='word_1_464' title='bbox 1567 4504 1775 4550; x_wconf 87' lang='lat' dir='ltr'><strong>tantum</strong></span> <span class='ocrx_word' id='word_1_465' title='bbox 1805 4513 1940 4563; x_wconf 85' lang='lat' dir='ltr'><strong>non,</strong></span> <span class='ocrx_word' id='word_1_466' title='bbox 1976 4499 2109 4569; x_wconf 92' lang='lat' dir='ltr'><strong>quid</strong></span> 
     </span>
    </p>
   </div>
   <div class='ocr_carea' id='block_1_64' title="bbox 2205 1997 3791 2071">
    <p class='ocr_par' dir='ltr' id='par_1_64' title="bbox 2205 1997 3791 2071">
     <span class='ocr_line' id='line_1_64' title="bbox 2205 1997 3791 2071; baseline 0 -20"><span class='ocrx_word' id='word_1_467' title='bbox 2205 1998 2487 2069; x_wconf 82' lang='grc' dir='ltr'>ωσαμένη,</span> <span class='ocrx_word' id='word_1_468' title='bbox 2510 1998 2608 2052; x_wconf 72' lang='grc' dir='ltr'>καὶ</span> <span class='ocrx_word' id='word_1_469' title='bbox 2630 1997 2787 2067; x_wconf 89' lang='grc' dir='ltr'>λόγον</span> <span class='ocrx_word' id='word_1_470' title='bbox 2826 2000 3005 2053; x_wconf 80' lang='grc' dir='ltr'>αὐτῶν</span> <span class='ocrx_word' id='word_1_471' title='bbox 3032 2000 3132 2053; x_wconf 81' lang='grc' dir='ltr'>ὅσα</span> <span class='ocrx_word' id='word_1_472' title='bbox 3175 1998 3251 2071; x_wconf 84' lang='grc' dir='ltr'>μὴ</span> <span class='ocrx_word' id='word_1_473' title='bbox 3282 1999 3427 2070; x_wconf 79' lang='grc' dir='ltr'>ὁτῆς</span> <span class='ocrx_word' id='word_1_474' title='bbox 3461 1998 3673 2069; x_wconf 86' lang='grc' dir='ltr'>φύσεως</span> <span class='ocrx_word' id='word_1_475' title='bbox 3710 1999 3791 2051; x_wconf 84' lang='grc' dir='ltr'>δε-</span> 
     </span>
    </p>
   </div>
   <div class='ocr_carea' id='block_1_65' title="bbox 2208 2090 3791 2164">
    <p class='ocr_par' dir='ltr' id='par_1_65' title="bbox 2208 2090 3791 2164">
     <span class='ocr_line' id='line_1_65' title="bbox 2208 2090 3791 2164; baseline 0.001 -21"><span class='ocrx_word' id='word_1_476' title='bbox 2208 2091 2346 2162; x_wconf 80' lang='grc' dir='ltr'>σμὸς</span> <span class='ocrx_word' id='word_1_477' title='bbox 2374 2093 2763 2163; x_wconf 82' lang='grc' dir='ltr'>ἀπαραιτήτως</span> <span class='ocrx_word' id='word_1_478' title='bbox 2787 2092 3009 2164; x_wconf 73' lang='grc' dir='ltr'>ἀπῄτει,</span> <span class='ocrx_word' id='word_1_479' title='bbox 3045 2092 3253 2162; x_wconf 79' lang='grc' dir='ltr'>μηδένα</span> <span class='ocrx_word' id='word_1_480' title='bbox 3278 2091 3481 2164; x_wconf 87' lang='grc' dir='ltr'>θεμένη</span> <span class='ocrx_word' id='word_1_481' title='bbox 3508 2108 3522 2123; x_wconf 79' lang='grc' dir='ltr'><strong>ο</strong></span> <span class='ocrx_word' id='word_1_482' title='bbox 3568 2091 3700 2145; x_wconf 85' lang='grc' dir='ltr'><strong>ἀλλά</strong></span> <span class='ocrx_word' id='word_1_483' title='bbox 3726 2090 3791 2145; x_wconf 78' lang='grc' dir='ltr'>τὰ</span> 
     </span>
    </p>
   </div>
   <div class='ocr_carea' id='block_1_66' title="bbox 2209 2182 3791 2255">
    <p class='ocr_par' dir='ltr' id='par_1_66' title="bbox 2209 2182 3791 2255">
     <span class='ocr_line' id='line_1_66' title="bbox 2209 2182 3791 2255; baseline 0.001 -19"><span class='ocrx_word' id='word_1_484' title='bbox 2209 2182 2352 2255; x_wconf 81' lang='grc' dir='ltr'>ὑπὲρ</span> <span class='ocrx_word' id='word_1_485' title='bbox 2378 2184 2470 2237; x_wconf 71' lang='grc' dir='ltr'><strong>τὸν</strong></span> <span class='ocrx_word' id='word_1_486' title='bbox 2508 2184 2683 2255; x_wconf 74' lang='grc' dir='ltr'>ἥλιον,</span> <span class='ocrx_word' id='word_1_487' title='bbox 2713 2184 2993 2239; x_wconf 78' lang='grc' dir='ltr'>τουτέστιν</span> <span class='ocrx_word' id='word_1_488' title='bbox 3024 2185 3127 2238; x_wconf 87' lang='grc' dir='ltr'><strong>ὃσα</strong></span> <span class='ocrx_word' id='word_1_489' title='bbox 3166 2184 3404 2254; x_wconf 81' lang='grc' dir='ltr'>κρείττω</span> <span class='ocrx_word' id='word_1_490' title='bbox 3450 2184 3662 2254; x_wconf 84' lang='grc' dir='ltr'>πέφυκε</span> <span class='ocrx_word' id='word_1_491' title='bbox 3686 2184 3791 2237; x_wconf 80' lang='grc' dir='ltr'><strong>τῶν</strong></span> 
     </span>
    </p>
   </div>
   <div class='ocr_carea' id='block_1_67' title="bbox 2206 2274 3790 2349">
    <p class='ocr_par' dir='ltr' id='par_1_67' title="bbox 2206 2274 3790 2349">
     <span class='ocr_line' id='line_1_67' title="bbox 2206 2274 3790 2349; baseline 0 -22"><span class='ocrx_word' id='word_1_492' title='bbox 2206 2276 2266 2328; x_wconf 76' lang='grc' dir='ltr'>ἐν</span> <span class='ocrx_word' id='word_1_493' title='bbox 2298 2275 2514 2343; x_wconf 77' lang='grc' dir='ltr'>γενέσει</span> <span class='ocrx_word' id='word_1_494' title='bbox 2536 2277 2632 2329; x_wconf 78' lang='grc' dir='ltr'>καὶ</span> <span class='ocrx_word' id='word_1_495' title='bbox 2661 2277 2841 2349; x_wconf 77' lang='grc' dir='ltr'>φθορᾷ</span> <span class='ocrx_word' id='word_1_496' title='bbox 2878 2274 3165 2346; x_wconf 80' lang='grc' dir='ltr'>ζητήσασά</span> <span class='ocrx_word' id='word_1_497' title='bbox 3183 2292 3239 2328; x_wconf 90' lang='grc' dir='ltr'><strong>τε</strong></span> <span class='ocrx_word' id='word_1_498' title='bbox 3264 2275 3357 2329; x_wconf 70' lang='grc' dir='ltr'><strong>καὶ</strong></span> <span class='ocrx_word' id='word_1_499' title='bbox 3382 2274 3790 2346; x_wconf 83' lang='grc' dir='ltr'>φλοσοφήσασα,</span> 
     </span>
    </p>
   </div>
   <div class='ocr_carea' id='block_1_68' title="bbox 2202 2365 3791 2441">
    <p class='ocr_par' dir='ltr' id='par_1_68' title="bbox 2202 2365 3791 2441">
     <span class='ocr_line' id='line_1_68' title="bbox 2202 2365 3791 2441; baseline -0.003 -20"><span class='ocrx_word' id='word_1_500' title='bbox 2202 2369 2386 2440; x_wconf 81' lang='grc' dir='ltr'>ψυχῆς</span> <span class='ocrx_word' id='word_1_501' title='bbox 2420 2368 2794 2441; x_wconf 81' lang='grc' dir='ltr'>καθαρότητα,</span> <span class='ocrx_word' id='word_1_502' title='bbox 2823 2369 2973 2422; x_wconf 76' lang='grc' dir='ltr'>ἔλεον</span> <span class='ocrx_word' id='word_1_503' title='bbox 3007 2368 3104 2421; x_wconf 79' lang='grc' dir='ltr'>τοῦ</span> <span class='ocrx_word' id='word_1_504' title='bbox 3130 2367 3358 2438; x_wconf 79' lang='grc' dir='ltr'>πλησίον</span> <span class='ocrx_word' id='word_1_505' title='bbox 3390 2365 3711 2438; x_wconf 85' lang='grc' dir='ltr'>ἱλαρύνοντά</span> <span class='ocrx_word' id='word_1_506' title='bbox 3733 2381 3791 2418; x_wconf 79' lang='grc' dir='ltr'><strong>τε</strong></span> 
     </span>
    </p>
   </div>
   <div class='ocr_carea' id='block_1_69' title="bbox 2208 2456 3790 2531">
    <p class='ocr_par' dir='ltr' id='par_1_69' title="bbox 2208 2456 3790 2531">
     <span class='ocr_line' id='line_1_69' title="bbox 2208 2456 3790 2531; baseline -0.003 -17"><span class='ocrx_word' id='word_1_507' title='bbox 2208 2461 2306 2514; x_wconf 72' lang='grc' dir='ltr'>καὶ</span> <span class='ocrx_word' id='word_1_508' title='bbox 2331 2459 2739 2531; x_wconf 79' lang='grc' dir='ltr'>διαπραΰνοντα</span> <span class='ocrx_word' id='word_1_509' title='bbox 2766 2461 2864 2525; x_wconf 84' lang='grc' dir='ltr'><strong>τὰς</strong></span> <span class='ocrx_word' id='word_1_510' title='bbox 2886 2460 2997 2515; x_wconf 78' lang='grc' dir='ltr'><strong>ἀπὸ</strong></span> <span class='ocrx_word' id='word_1_511' title='bbox 3026 2460 3126 2531; x_wconf 84' lang='grc' dir='ltr'>τῆς</span> <span class='ocrx_word' id='word_1_512' title='bbox 3158 2460 3350 2521; x_wconf 79' lang='grc' dir='ltr'>πενίας</span> <span class='ocrx_word' id='word_1_513' title='bbox 3381 2458 3597 2528; x_wconf 85' lang='grc' dir='ltr'>πληγάς</span> <span class='ocrx_word' id='word_1_514' title='bbox 3616 2474 3631 2489; x_wconf 83' lang='lat'><strong><em>°</em></strong></span> <span class='ocrx_word' id='word_1_515' title='bbox 3658 2459 3705 2511; x_wconf 80' lang='grc' dir='ltr'>εἰ</span> <span class='ocrx_word' id='word_1_516' title='bbox 3736 2456 3790 2510; x_wconf 84' lang='grc' dir='ltr'><strong>δέ</strong></span> 
     </span>
    </p>
   </div>
   <div class='ocr_carea' id='block_1_70' title="bbox 2209 2551 3793 2627">
    <p class='ocr_par' dir='ltr' id='par_1_70' title="bbox 2209 2551 3793 2627">
     <span class='ocr_line' id='line_1_70' title="bbox 2209 2551 3793 2627; baseline -0.004 -17"><span class='ocrx_word' id='word_1_517' title='bbox 2209 2558 2303 2611; x_wconf 78' lang='grc' dir='ltr'><strong>καὶ</strong></span> <span class='ocrx_word' id='word_1_518' title='bbox 2336 2556 2615 2620; x_wconf 86' lang='grc' dir='ltr'>παντελῶς</span> <span class='ocrx_word' id='word_1_519' title='bbox 2636 2555 2746 2609; x_wconf 89' lang='grc' dir='ltr'><strong>τῶν</strong></span> <span class='ocrx_word' id='word_1_520' title='bbox 2774 2555 3107 2627; x_wconf 87' lang='grc' dir='ltr'>τραυμάτων</span> <span class='ocrx_word' id='word_1_521' title='bbox 3137 2553 3553 2607; x_wconf 85' lang='grc' dir='ltr'>ἀπαλλάττοντα</span> <span class='ocrx_word' id='word_1_522' title='bbox 3582 2552 3673 2607; x_wconf 74' lang='grc' dir='ltr'><strong>καὶ</strong></span> <span class='ocrx_word' id='word_1_523' title='bbox 3698 2551 3793 2621; x_wconf 81' lang='grc' dir='ltr'>τῆς</span> 
     </span>
    </p>
   </div>
   <div class='ocr_carea' id='block_1_71' title="bbox 2209 2644 3789 2721">
    <p class='ocr_par' dir='ltr' id='par_1_71' title="bbox 2209 2644 3789 2721">
     <span class='ocr_line' id='line_1_71' title="bbox 2209 2644 3789 2721; baseline -0.008 -16"><span class='ocrx_word' id='word_1_524' title='bbox 2209 2651 2338 2721; x_wconf 84' lang='grc' dir='ltr'>ὅλης</span> <span class='ocrx_word' id='word_1_525' title='bbox 2366 2649 2662 2713; x_wconf 81' lang='grc' dir='ltr'>διαθέσεως</span> <span class='ocrx_word' id='word_1_526' title='bbox 2707 2646 3131 2719; x_wconf 83' lang='grc' dir='ltr'>μακαριώτατόν</span> <span class='ocrx_word' id='word_1_527' title='bbox 3158 2662 3219 2698; x_wconf 87' lang='grc' dir='ltr'><strong>τε</strong></span> <span class='ocrx_word' id='word_1_528' title='bbox 3250 2646 3345 2699; x_wconf 80' lang='grc' dir='ltr'>καὶ</span> <span class='ocrx_word' id='word_1_529' title='bbox 3374 2644 3789 2715; x_wconf 77' lang='grc' dir='ltr'>θεοειδέστερον,</span> 
     </span>
    </p>
   </div>
   <div class='ocr_carea' id='block_1_72' title="bbox 2212 2735 3792 2815">
    <p class='ocr_par' dir='ltr' id='par_1_72' title="bbox 2212 2735 3792 2815">
     <span class='ocr_line' id='line_1_72' title="bbox 2212 2735 3792 2815; baseline -0.006 -19"><span class='ocrx_word' id='word_1_530' title='bbox 2212 2741 2573 2815; x_wconf 80' lang='grc' dir='ltr'>σωφροσύνης</span> <span class='ocrx_word' id='word_1_531' title='bbox 2603 2741 2767 2813; x_wconf 78' lang='grc' dir='ltr'>ἔρωτι</span> <span class='ocrx_word' id='word_1_532' title='bbox 2792 2740 2894 2809; x_wconf 77' lang='grc' dir='ltr'>τὴν</span> <span class='ocrx_word' id='word_1_533' title='bbox 2923 2738 3221 2793; x_wconf 78' lang='grc' dir='ltr'>ἀκολασίαν</span> <span class='ocrx_word' id='word_1_534' title='bbox 3274 2735 3678 2808; x_wconf 80' lang='grc' dir='ltr'>ὑπερορίζουσα</span> <span class='ocrx_word' id='word_1_535' title='bbox 3703 2736 3792 2787; x_wconf 72' lang='grc' dir='ltr'><strong>καὶ</strong></span> 
     </span>
    </p>
   </div>
   <div class='ocr_carea' id='block_1_73' title="bbox 2208 2824 3796 2906">
    <p class='ocr_par' dir='ltr' id='par_1_73' title="bbox 2208 2824 3796 2906">
     <span class='ocr_line' id='line_1_73' title="bbox 2208 2824 3796 2906; baseline -0.006 -18"><span class='ocrx_word' id='word_1_536' title='bbox 2208 2835 2287 2906; x_wconf 80' lang='grc' dir='ltr'><strong>τῷ</strong></span> <span class='ocrx_word' id='word_1_537' title='bbox 2337 2833 2482 2905; x_wconf 81' lang='grc' dir='ltr'>χορῷ</span> <span class='ocrx_word' id='word_1_538' title='bbox 2514 2832 2621 2886; x_wconf 87' lang='grc' dir='ltr'><strong>τῶν</strong></span> <span class='ocrx_word' id='word_1_539' title='bbox 2672 2831 2851 2886; x_wconf 81' lang='grc' dir='ltr'>ἄλλων</span> <span class='ocrx_word' id='word_1_540' title='bbox 2912 2829 3125 2901; x_wconf 84' lang='grc' dir='ltr'>ἀρετῶν</span> <span class='ocrx_word' id='word_1_541' title='bbox 3184 2826 3615 2899; x_wconf 77' lang='grc' dir='ltr'>συγχορεύουσα.</span> <span class='ocrx_word' id='word_1_542' title='bbox 3650 2824 3796 2895; x_wconf 74' lang='grc' dir='ltr'>Αὕτη</span> 
     </span>
    </p>
   </div>
   <div class='ocr_carea' id='block_1_74' title="bbox 2209 2919 3797 2997">
    <p class='ocr_par' dir='ltr' id='par_1_74' title="bbox 2209 2919 3797 2997">
     <span class='ocr_line' id='line_1_74' title="bbox 2209 2919 3797 2997; baseline -0.004 -17"><span class='ocrx_word' id='word_1_543' title='bbox 2209 2928 2390 2981; x_wconf 80' lang='grc' dir='ltr'>τοίνυν</span> <span class='ocrx_word' id='word_1_544' title='bbox 2412 2928 2445 2997; x_wconf 88' lang='grc' dir='ltr'><strong>ή</strong></span> <span class='ocrx_word' id='word_1_545' title='bbox 2474 2925 2637 2995; x_wconf 86' lang='grc' dir='ltr'>γενεά</span> <span class='ocrx_word' id='word_1_546' title='bbox 2655 2924 2877 2977; x_wconf 76' lang='grc' dir='ltr'>καὶτῶν</span> <span class='ocrx_word' id='word_1_547' title='bbox 2907 2941 2969 2977; x_wconf 91' lang='grc' dir='ltr'><strong>συ</strong></span> <span class='ocrx_word' id='word_1_548' title='bbox 2979 2923 3128 2993; x_wconf 88' lang='grc' dir='ltr'>μπλη</span> <span class='ocrx_word' id='word_1_549' title='bbox 3138 2922 3378 2994; x_wconf 88' lang='grc' dir='ltr'>ρούντων</span> <span class='ocrx_word' id='word_1_550' title='bbox 3394 2920 3565 2992; x_wconf 82' lang='grc' dir='ltr'>αὐτὴν</span> <span class='ocrx_word' id='word_1_551' title='bbox 3585 2922 3613 2974; x_wconf 85' lang='grc' dir='ltr'><strong>ό</strong></span> <span class='ocrx_word' id='word_1_552' title='bbox 3638 2919 3797 2973; x_wconf 80' lang='grc' dir='ltr'>κατά-</span> 
     </span>
    </p>
   </div>
   <div class='ocr_carea' id='block_1_75' title="bbox 2208 3014 3796 3088">
    <p class='ocr_par' dir='ltr' id='par_1_75' title="bbox 2208 3014 3796 3088">
     <span class='ocr_line' id='line_1_75' title="bbox 2208 3014 3796 3088; baseline -0.005 -15"><span class='ocrx_word' id='word_1_553' title='bbox 2208 3021 2394 3088; x_wconf 78' lang='grc' dir='ltr'>λογος,</span> <span class='ocrx_word' id='word_1_554' title='bbox 2421 3019 2498 3083; x_wconf 87' lang='grc' dir='ltr'>ὼς</span> <span class='ocrx_word' id='word_1_555' title='bbox 2542 3018 2713 3088; x_wconf 81' lang='grc' dir='ltr'>μηδὲν</span> <span class='ocrx_word' id='word_1_556' title='bbox 2763 3016 2871 3071; x_wconf 88' lang='grc' dir='ltr'><strong>τῶν</strong></span> <span class='ocrx_word' id='word_1_557' title='bbox 2916 3016 3023 3070; x_wconf 80' lang='grc' dir='ltr'><strong>ὑπὸ</strong></span> <span class='ocrx_word' id='word_1_558' title='bbox 3079 3015 3172 3068; x_wconf 75' lang='grc' dir='ltr'><strong>τὸν</strong></span> <span class='ocrx_word' id='word_1_559' title='bbox 3215 3015 3366 3086; x_wconf 79' lang='grc' dir='ltr'>ἥλιον</span> <span class='ocrx_word' id='word_1_560' title='bbox 3423 3014 3796 3077; x_wconf 82' lang='grc' dir='ltr'>σπουδάσασα,</span> 
     </span>
    </p>
   </div>
   <div class='ocr_carea' id='block_1_76' title="bbox 2214 3104 3796 3185">
    <p class='ocr_par' dir='ltr' id='par_1_76' title="bbox 2214 3104 3796 3185">
     <span class='ocr_line' id='line_1_76' title="bbox 2214 3104 3796 3185; baseline -0.006 -19"><span class='ocrx_word' id='word_1_561' title='bbox 2214 3112 2349 3185; x_wconf 82' lang='grc' dir='ltr'>μηδὲ</span> <span class='ocrx_word' id='word_1_562' title='bbox 2375 3113 2489 3176; x_wconf 89' lang='grc' dir='ltr'>τοῖς</span> <span class='ocrx_word' id='word_1_563' title='bbox 2551 3113 2610 3165; x_wconf 82' lang='grc' dir='ltr'><strong>ὲν</strong></span> <span class='ocrx_word' id='word_1_564' title='bbox 2643 3110 2856 3180; x_wconf 78' lang='grc' dir='ltr'>γενέσει</span> <span class='ocrx_word' id='word_1_565' title='bbox 2907 3111 3001 3162; x_wconf 71' lang='grc' dir='ltr'><strong>καὶ</strong></span> <span class='ocrx_word' id='word_1_566' title='bbox 3037 3107 3215 3179; x_wconf 76' lang='grc' dir='ltr'>φθορᾷ</span> <span class='ocrx_word' id='word_1_567' title='bbox 3269 3104 3796 3178; x_wconf 84' lang='grc' dir='ltr'>συμπεριενεχθεῖσα</span> 
     </span>
    </p>
   </div>
   <div class='ocr_carea' id='block_1_77' title="bbox 2214 3197 3795 3273">
    <p class='ocr_par' dir='ltr' id='par_1_77' title="bbox 2214 3197 3795 3273">
     <span class='ocr_line' id='line_1_77' title="bbox 2214 3197 3795 3273; baseline -0.005 -16"><span class='ocrx_word' id='word_1_568' title='bbox 2214 3205 2309 3259; x_wconf 68' lang='grc' dir='ltr'>καὶ</span> <span class='ocrx_word' id='word_1_569' title='bbox 2341 3202 2822 3273; x_wconf 78' lang='grc' dir='ltr'>συγκαταδύσασα,</span> <span class='ocrx_word' id='word_1_570' title='bbox 2856 3201 3017 3272; x_wconf 85' lang='grc' dir='ltr'>δῆλον</span> <span class='ocrx_word' id='word_1_571' title='bbox 3047 3201 3131 3255; x_wconf 86' lang='grc' dir='ltr'>ὅτι</span> <span class='ocrx_word' id='word_1_572' title='bbox 3162 3202 3302 3254; x_wconf 79' lang='grc' dir='ltr'>πολὺ</span> <span class='ocrx_word' id='word_1_573' title='bbox 3326 3201 3434 3253; x_wconf 89' lang='grc' dir='ltr'><strong>τῶν</strong></span> <span class='ocrx_word' id='word_1_574' title='bbox 3461 3200 3640 3254; x_wconf 81' lang='grc' dir='ltr'>ἄλλων</span> <span class='ocrx_word' id='word_1_575' title='bbox 3665 3197 3795 3270; x_wconf 69' lang='grc' dir='ltr'>πρδς</span> 
     </span>
    </p>
   </div>
   <div class='ocr_carea' id='block_1_78' title="bbox 2212 3290 3797 3367">
    <p class='ocr_par' dir='ltr' id='par_1_78' title="bbox 2212 3290 3797 3367">
     <span class='ocr_line' id='line_1_78' title="bbox 2212 3290 3797 3367; baseline -0.003 -16"><span class='ocrx_word' id='word_1_576' title='bbox 2212 3299 2273 3351; x_wconf 87' lang='grc' dir='ltr'>τὸ</span> <span class='ocrx_word' id='word_1_577' title='bbox 2307 3298 2556 3367; x_wconf 82' lang='grc' dir='ltr'>κρεῖττον</span> <span class='ocrx_word' id='word_1_578' title='bbox 2608 3293 2913 3364; x_wconf 76' lang='grc' dir='ltr'>ἀπέϐλεψε,</span> <span class='ocrx_word' id='word_1_579' title='bbox 2953 3294 3053 3364; x_wconf 78' lang='grc' dir='ltr'><strong>τὴν</strong></span> <span class='ocrx_word' id='word_1_580' title='bbox 3116 3292 3383 3364; x_wconf 87' lang='grc' dir='ltr'>μένουσαν</span> <span class='ocrx_word' id='word_1_581' title='bbox 3438 3292 3535 3346; x_wconf 75' lang='grc' dir='ltr'>καὶ</span> <span class='ocrx_word' id='word_1_582' title='bbox 3587 3290 3797 3361; x_wconf 83' lang='grc' dir='ltr'>ἀπλανῆ</span> 
     </span>
    </p>
   </div>
   <div class='ocr_carea' id='block_1_79' title="bbox 2213 3385 3801 3458">
    <p class='ocr_par' dir='ltr' id='par_1_79' title="bbox 2213 3385 3801 3458">
     <span class='ocr_line' id='line_1_79' title="bbox 2213 3385 3801 3458; baseline -0.004 -15"><span class='ocrx_word' id='word_1_583' title='bbox 2213 3390 2495 3444; x_wconf 81' lang='grc' dir='ltr'>πολιτείαν</span> <span class='ocrx_word' id='word_1_584' title='bbox 2526 3388 2957 3457; x_wconf 78' lang='grc' dir='ltr'>ἀπαλλαξαμένη</span> <span class='ocrx_word' id='word_1_585' title='bbox 2987 3387 3088 3458; x_wconf 79' lang='grc' dir='ltr'>τῆς</span> <span class='ocrx_word' id='word_1_586' title='bbox 3116 3386 3479 3456; x_wconf 77' lang='grc' dir='ltr'>πλανωμένης</span> <span class='ocrx_word' id='word_1_587' title='bbox 3512 3386 3607 3439; x_wconf 72' lang='grc' dir='ltr'><strong>καὶ</strong></span> <span class='ocrx_word' id='word_1_588' title='bbox 3652 3385 3801 3455; x_wconf 79' lang='grc' dir='ltr'>διαρ-</span> 
     </span>
    </p>
   </div>
   <div class='ocr_carea' id='block_1_80' title="bbox 2214 3479 3799 3557">
    <p class='ocr_par' dir='ltr' id='par_1_80' title="bbox 2214 3479 3799 3557">
     <span class='ocr_line' id='line_1_80' title="bbox 2214 3479 3799 3557; baseline -0.003 -21"><span class='ocrx_word' id='word_1_589' title='bbox 2214 3483 2445 3557; x_wconf 76' lang='grc' dir='ltr'>ρεούσης</span> <span class='ocrx_word' id='word_1_590' title='bbox 2476 3482 2614 3552; x_wconf 75' lang='grc' dir='ltr'>πρὸς</span> <span class='ocrx_word' id='word_1_591' title='bbox 2656 3481 2996 3553; x_wconf 85' lang='grc' dir='ltr'>ματαιότητα</span> <span class='ocrx_word' id='word_1_592' title='bbox 3015 3498 3028 3512; x_wconf 66' lang='grc'><strong><em>⁸</em></strong></span> <span class='ocrx_word' id='word_1_593' title='bbox 3062 3480 3237 3533; x_wconf 84' lang='grc' dir='ltr'>ταῦτα</span> <span class='ocrx_word' id='word_1_594' title='bbox 3263 3481 3338 3550; x_wconf 83' lang='grc' dir='ltr'>τῷ</span> <span class='ocrx_word' id='word_1_595' title='bbox 3368 3479 3799 3551; x_wconf 74' lang='grc' dir='ltr'>αἰνιγματίξοντι</span> 
     </span>
    </p>
   </div>
   <div class='ocr_carea' id='block_1_81' title="bbox 2214 3571 3527 3645">
    <p class='ocr_par' dir='ltr' id='par_1_81' title="bbox 2214 3571 3527 3645">
     <span class='ocr_line' id='line_1_81' title="bbox 2214 3571 3527 3645; baseline -0.002 -17"><span class='ocrx_word' id='word_1_596' title='bbox 2214 3575 2310 3628; x_wconf 70' lang='grc' dir='ltr'><strong>καὶ</strong></span> <span class='ocrx_word' id='word_1_597' title='bbox 2340 3575 2770 3645; x_wconf 86' lang='grc' dir='ltr'>συντετμημένῳ</span> <span class='ocrx_word' id='word_1_598' title='bbox 2801 3573 2946 3643; x_wconf 87' lang='grc' dir='ltr'>λόγῳ</span> <span class='ocrx_word' id='word_1_599' title='bbox 2979 3571 3217 3639; x_wconf 78' lang='grc' dir='ltr'>διεξιὼν,</span> <span class='ocrx_word' id='word_1_600' title='bbox 3248 3572 3527 3642; x_wconf 77' lang='grc' dir='ltr'>ἐπιφέρει.</span> 
     </span>
    </p>
   </div>
   <div class='ocr_carea' id='block_1_82' title="bbox 2291 3662 3802 3737">
    <p class='ocr_par' dir='ltr' id='par_1_82' title="bbox 2291 3662 3802 3737">
     <span class='ocr_line' id='line_1_82' title="bbox 2291 3662 3802 3737; baseline -0.003 -17"><span class='ocrx_word' id='word_1_601' title='bbox 2291 3686 2309 3719; x_wconf 77' lang='grc' dir='ltr'><strong>ι</strong></span> <span class='ocrx_word' id='word_1_602' title='bbox 2351 3667 2495 3720; x_wconf 80' lang='grc' dir='ltr'><strong>Ἡδὲ</strong></span> <span class='ocrx_word' id='word_1_603' title='bbox 2532 3666 2605 3737; x_wconf 82' lang='grc' dir='ltr'>γῆ</span> <span class='ocrx_word' id='word_1_604' title='bbox 2653 3668 2733 3729; x_wconf 78' lang='grc' dir='ltr'><strong>εἰς</strong></span> <span class='ocrx_word' id='word_1_605' title='bbox 2780 3665 2871 3719; x_wconf 82' lang='grc' dir='ltr'><strong>τὸν</strong></span> <span class='ocrx_word' id='word_1_606' title='bbox 2894 3664 3066 3718; x_wconf 78' lang='grc' dir='ltr'>αἰῶνα</span> <span class='ocrx_word' id='word_1_607' title='bbox 3097 3664 3360 3736; x_wconf 71' lang='grc' dir='ltr'>ἒστηκεψ</span> <span class='ocrx_word' id='word_1_608' title='bbox 3409 3683 3427 3715; x_wconf 76' lang='grc' dir='ltr'><strong>ι</strong></span> <span class='ocrx_word' id='word_1_609' title='bbox 3484 3664 3659 3718; x_wconf 82' lang='grc' dir='ltr'>αἰῶνα</span> <span class='ocrx_word' id='word_1_610' title='bbox 3706 3662 3802 3735; x_wconf 79' lang='grc' dir='ltr'>μὲν</span> 
     </span>
    </p>
   </div>
   <div class='ocr_carea' id='block_1_83' title="bbox 2214 3750 3801 3830">
    <p class='ocr_par' dir='ltr' id='par_1_83' title="bbox 2214 3750 3801 3830">
     <span class='ocr_line' id='line_1_83' title="bbox 2214 3750 3801 3830; baseline -0.004 -17"><span class='ocrx_word' id='word_1_611' title='bbox 2214 3760 2395 3813; x_wconf 88' lang='grc' dir='ltr'>καλῶν</span> <span class='ocrx_word' id='word_1_612' title='bbox 2429 3758 2521 3813; x_wconf 83' lang='grc' dir='ltr'><strong>τὸν</strong></span> <span class='ocrx_word' id='word_1_613' title='bbox 2559 3759 2750 3830; x_wconf 90' lang='grc' dir='ltr'>χρόνον</span> <span class='ocrx_word' id='word_1_614' title='bbox 2783 3759 2840 3810; x_wconf 88' lang='grc' dir='ltr'><strong>ἐν</strong></span> <span class='ocrx_word' id='word_1_615' title='bbox 2877 3750 3032 3828; x_wconf 81' lang='grc' dir='ltr'>ᾧπερ</span> <span class='ocrx_word' id='word_1_616' title='bbox 3052 3757 3203 3828; x_wconf 73' lang='grc' dir='ltr'>ἥλιος</span> <span class='ocrx_word' id='word_1_617' title='bbox 3241 3756 3389 3827; x_wconf 77' lang='grc' dir='ltr'>καὶή</span> <span class='ocrx_word' id='word_1_618' title='bbox 3424 3756 3621 3827; x_wconf 83' lang='grc' dir='ltr'>σελήνη</span> <span class='ocrx_word' id='word_1_619' title='bbox 3658 3754 3801 3824; x_wconf 76' lang='grc' dir='ltr'>καὶὴ</span> 
     </span>
    </p>
   </div>
   <div class='ocr_carea' id='block_1_84' title="bbox 2212 3848 3800 3923">
    <p class='ocr_par' dir='ltr' id='par_1_84' title="bbox 2212 3848 3800 3923">
     <span class='ocr_line' id='line_1_84' title="bbox 2212 3848 3800 3923; baseline -0.006 -16"><span class='ocrx_word' id='word_1_620' title='bbox 2212 3853 2322 3908; x_wconf 87' lang='grc' dir='ltr'><strong>τῶν</strong></span> <span class='ocrx_word' id='word_1_621' title='bbox 2352 3853 2569 3923; x_wconf 86' lang='grc' dir='ltr'>ἄστρων</span> <span class='ocrx_word' id='word_1_622' title='bbox 2609 3851 2797 3923; x_wconf 83' lang='grc' dir='ltr'>χορεία</span> <span class='ocrx_word' id='word_1_623' title='bbox 2853 3851 2948 3904; x_wconf 75' lang='grc' dir='ltr'><strong>καὶ</strong></span> <span class='ocrx_word' id='word_1_624' title='bbox 2997 3849 3158 3904; x_wconf 76' lang='grc' dir='ltr'>αὐτὸς</span> <span class='ocrx_word' id='word_1_625' title='bbox 3194 3850 3222 3903; x_wconf 84' lang='grc' dir='ltr'><strong>ὁ</strong></span> <span class='ocrx_word' id='word_1_626' title='bbox 3265 3848 3521 3919; x_wconf 80' lang='grc' dir='ltr'>οὐράνιος</span> <span class='ocrx_word' id='word_1_627' title='bbox 3556 3848 3713 3909; x_wconf 81' lang='grc' dir='ltr'>πόλος</span> <span class='ocrx_word' id='word_1_628' title='bbox 3745 3848 3800 3899; x_wconf 84' lang='grc' dir='ltr'><strong>ἐν</strong></span> 
     </span>
    </p>
   </div>
   <div class='ocr_carea' id='block_1_85' title="bbox 2214 3936 3800 4017">
    <p class='ocr_par' dir='ltr' id='par_1_85' title="bbox 2214 3936 3800 4017">
     <span class='ocr_line' id='line_1_85' title="bbox 2214 3936 3800 4017; baseline -0.004 -18"><span class='ocrx_word' id='word_1_629' title='bbox 2214 3936 2481 4017; x_wconf 83' lang='grc' dir='ltr'>ἀντιθέτῳ</span> <span class='ocrx_word' id='word_1_630' title='bbox 2508 3946 2706 4017; x_wconf 78' lang='grc' dir='ltr'>πορεία</span> <span class='ocrx_word' id='word_1_631' title='bbox 2729 3944 2829 4015; x_wconf 89' lang='grc' dir='ltr'>τὴν</span> <span class='ocrx_word' id='word_1_632' title='bbox 2865 3941 3128 3996; x_wconf 76' lang='grc' dir='ltr'>εὖτακτόν</span> <span class='ocrx_word' id='word_1_633' title='bbox 3158 3959 3217 3995; x_wconf 89' lang='grc' dir='ltr'><strong>τε</strong></span> <span class='ocrx_word' id='word_1_634' title='bbox 3244 3944 3337 3995; x_wconf 74' lang='grc' dir='ltr'><strong>καὶ</strong></span> <span class='ocrx_word' id='word_1_635' title='bbox 3355 3943 3674 4013; x_wconf 74' lang='grc' dir='ltr'>ἐναρμόνιον</span> <span class='ocrx_word' id='word_1_636' title='bbox 3708 3956 3800 4010; x_wconf 85' lang='grc' dir='ltr'>φο-</span> 
     </span>
    </p>
   </div>
   <div class='ocr_carea' id='block_1_86' title="bbox 2218 4034 3800 4112">
    <p class='ocr_par' dir='ltr' id='par_1_86' title="bbox 2218 4034 3800 4112">
     <span class='ocr_line' id='line_1_86' title="bbox 2218 4034 3800 4112; baseline -0.005 -18"><span class='ocrx_word' id='word_1_637' title='bbox 2218 4042 2315 4112; x_wconf 85' lang='grc' dir='ltr'><strong>ράν</strong></span> <span class='ocrx_word' id='word_1_638' title='bbox 2357 4040 2493 4111; x_wconf 82' lang='grc' dir='ltr'>πρὸς</span> <span class='ocrx_word' id='word_1_639' title='bbox 2519 4038 2741 4111; x_wconf 86' lang='grc' dir='ltr'>ήμερῶν</span> <span class='ocrx_word' id='word_1_640' title='bbox 2774 4038 2869 4092; x_wconf 79' lang='grc' dir='ltr'><strong>καὶ</strong></span> <span class='ocrx_word' id='word_1_641' title='bbox 2900 4038 3113 4093; x_wconf 87' lang='grc' dir='ltr'>νυκτῶν</span> <span class='ocrx_word' id='word_1_642' title='bbox 3144 4038 3237 4090; x_wconf 75' lang='grc' dir='ltr'><strong>καὶ</strong></span> <span class='ocrx_word' id='word_1_643' title='bbox 3285 4036 3496 4107; x_wconf 86' lang='grc' dir='ltr'>καιρῶν</span> <span class='ocrx_word' id='word_1_644' title='bbox 3535 4034 3800 4106; x_wconf 73' lang='grc' dir='ltr'>διάκρισίν</span> 
     </span>
    </p>
   </div>
   <div class='ocr_carea' id='block_1_87' title="bbox 2212 4126 3797 4200">
    <p class='ocr_par' dir='ltr' id='par_1_87' title="bbox 2212 4126 3797 4200">
     <span class='ocr_line' id='line_1_87' title="bbox 2212 4126 3797 4200; baseline -0.006 -12"><span class='ocrx_word' id='word_1_645' title='bbox 2212 4151 2272 4188; x_wconf 90' lang='grc' dir='ltr'><strong>τε</strong></span> <span class='ocrx_word' id='word_1_646' title='bbox 2304 4135 2399 4187; x_wconf 79' lang='grc' dir='ltr'><strong>καὶ</strong></span> <span class='ocrx_word' id='word_1_647' title='bbox 2422 4133 2870 4187; x_wconf 78' lang='grc' dir='ltr'>ἀποκατάστασιν</span> <span class='ocrx_word' id='word_1_648' title='bbox 2914 4128 3257 4184; x_wconf 83' lang='grc' dir='ltr'>ἀνελίσσουσι</span> <span class='ocrx_word' id='word_1_649' title='bbox 3282 4144 3296 4158; x_wconf 90' lang='grc'><strong>·</strong></span> <span class='ocrx_word' id='word_1_650' title='bbox 3341 4127 3440 4200; x_wconf 80' lang='grc' dir='ltr'><strong>τήν</strong></span> <span class='ocrx_word' id='word_1_651' title='bbox 3475 4129 3580 4199; x_wconf 80' lang='grc' dir='ltr'>γῆν</span> <span class='ocrx_word' id='word_1_652' title='bbox 3610 4127 3665 4182; x_wconf 87' lang='grc' dir='ltr'>δὲ</span> <span class='ocrx_word' id='word_1_653' title='bbox 3695 4126 3797 4179; x_wconf 83' lang='grc' dir='ltr'>πά-</span> 
     </span>
    </p>
   </div>
   <div class='ocr_carea' id='block_1_88' title="bbox 2212 4222 3801 4297">
    <p class='ocr_par' dir='ltr' id='par_1_88' title="bbox 2212 4222 3801 4297">
     <span class='ocr_line' id='line_1_88' title="bbox 2212 4222 3801 4297; baseline -0.005 -18"><span class='ocrx_word' id='word_1_654' title='bbox 2212 4228 2295 4280; x_wconf 93' lang='grc' dir='ltr'><strong>λιν</strong></span> <span class='ocrx_word' id='word_1_655' title='bbox 2331 4224 2662 4297; x_wconf 86' lang='grc' dir='ltr'>παραλαϐὼν</span> <span class='ocrx_word' id='word_1_656' title='bbox 2696 4226 2783 4278; x_wconf 85' lang='grc' dir='ltr'>ἐπ’</span> <span class='ocrx_word' id='word_1_657' title='bbox 2814 4222 3024 4294; x_wconf 80' lang='grc' dir='ltr'>ἐλέγχῳ</span> <span class='ocrx_word' id='word_1_658' title='bbox 3049 4223 3149 4293; x_wconf 78' lang='grc' dir='ltr'>τῆς</span> <span class='ocrx_word' id='word_1_659' title='bbox 3205 4222 3439 4293; x_wconf 72' lang='grc' dir='ltr'>σπουδῆς</span> <span class='ocrx_word' id='word_1_660' title='bbox 3473 4222 3583 4275; x_wconf 85' lang='grc' dir='ltr'><strong>τῶν</strong></span> <span class='ocrx_word' id='word_1_661' title='bbox 3634 4237 3801 4275; x_wconf 85' lang='grc' dir='ltr'>κατα-</span> 
     </span>
    </p>
   </div>
   <div class='ocr_carea' id='block_1_89' title="bbox 2212 4310 3799 4388">
    <p class='ocr_par' dir='ltr' id='par_1_89' title="bbox 2212 4310 3799 4388">
     <span class='ocr_line' id='line_1_89' title="bbox 2212 4310 3799 4388; baseline -0.005 -18"><span class='ocrx_word' id='word_1_662' title='bbox 2212 4315 2520 4388; x_wconf 72' lang='grc' dir='ltr'>τριψάντων</span> <span class='ocrx_word' id='word_1_663' title='bbox 2551 4314 2730 4367; x_wconf 78' lang='grc' dir='ltr'>αὐτῶν</span> <span class='ocrx_word' id='word_1_664' title='bbox 2749 4314 2876 4377; x_wconf 71' lang='grc' dir='ltr'>τοὺς</span> <span class='ocrx_word' id='word_1_665' title='bbox 2905 4312 3203 4381; x_wconf 81' lang='grc' dir='ltr'>λογισμοὺς</span> <span class='ocrx_word' id='word_1_666' title='bbox 3240 4312 3335 4365; x_wconf 78' lang='grc' dir='ltr'><strong>καὶ</strong></span> <span class='ocrx_word' id='word_1_667' title='bbox 3379 4310 3799 4365; x_wconf 83' lang='grc' dir='ltr'>καταναλωσάν-</span> 
     </span>
    </p>
   </div>
   <div class='ocr_carea' id='block_1_90' title="bbox 2212 4396 3799 4480">
    <p class='ocr_par' dir='ltr' id='par_1_90' title="bbox 2212 4396 3799 4480">
     <span class='ocr_line' id='line_1_90' title="bbox 2212 4396 3799 4480; baseline -0.004 -18"><span class='ocrx_word' id='word_1_668' title='bbox 2212 4426 2321 4463; x_wconf 90' lang='grc' dir='ltr'><strong>των</strong></span> <span class='ocrx_word' id='word_1_669' title='bbox 2349 4409 2449 4480; x_wconf 84' lang='grc' dir='ltr'>τὴν</span> <span class='ocrx_word' id='word_1_670' title='bbox 2486 4405 2814 4478; x_wconf 86' lang='grc' dir='ltr'>προαίρεσιν</span> <span class='ocrx_word' id='word_1_671' title='bbox 2843 4405 2973 4474; x_wconf 65' lang='grc' dir='ltr'>περὶ</span> <span class='ocrx_word' id='word_1_672' title='bbox 3005 4403 3074 4456; x_wconf 84' lang='grc' dir='ltr'><strong>τὰ</strong></span> <span class='ocrx_word' id='word_1_673' title='bbox 3116 4405 3349 4475; x_wconf 76' lang='grc' dir='ltr'>μάταια,</span> <span class='ocrx_word' id='word_1_674' title='bbox 3389 4403 3508 4456; x_wconf 83' lang='grc' dir='ltr'>ἀνθ’</span> <span class='ocrx_word' id='word_1_675' title='bbox 3529 4396 3603 4457; x_wconf 82' lang='grc' dir='ltr'><strong>ὧν</strong></span> <span class='ocrx_word' id='word_1_676' title='bbox 3638 4402 3799 4472; x_wconf 75' lang='grc' dir='ltr'>ὥφει·</span> 
     </span>
    </p>
   </div>
   <div class='ocr_carea' id='block_1_91' title="bbox 2212 4492 3799 4571">
    <p class='ocr_par' dir='ltr' id='par_1_91' title="bbox 2212 4492 3799 4571">
     <span class='ocr_line' id='line_1_91' title="bbox 2212 4492 3799 4571; baseline -0.005 -18"><span class='ocrx_word' id='word_1_677' title='bbox 2212 4500 2303 4555; x_wconf 89' lang='grc' dir='ltr'><strong>λον</strong></span> <span class='ocrx_word' id='word_1_678' title='bbox 2362 4498 2760 4571; x_wconf 71' lang='grc' dir='ltr'>ἐμφιλοχωρεῖν</span> <span class='ocrx_word' id='word_1_679' title='bbox 2827 4499 2939 4559; x_wconf 87' lang='grc' dir='ltr'>τοῖς</span> <span class='ocrx_word' id='word_1_680' title='bbox 2991 4495 3361 4567; x_wconf 80' lang='grc' dir='ltr'>σωτηριώδεσι</span> <span class='ocrx_word' id='word_1_681' title='bbox 3424 4496 3684 4567; x_wconf 74' lang='grc' dir='ltr'>καὶπερὶ</span> <span class='ocrx_word' id='word_1_682' title='bbox 3735 4492 3799 4546; x_wconf 82' lang='grc' dir='ltr'><strong>τὰ</strong></span> 
     </span>
    </p>
   </div>
   <div class='ocr_carea' id='block_1_92' title="bbox 518 4586 2106 4666">
    <p class='ocr_par' dir='ltr' id='par_1_92' title="bbox 518 4586 2104 4656">
     <span class='ocr_line' id='line_1_92' title="bbox 518 4586 2104 4656; baseline 0.001 -14"><span class='ocrx_word' id='word_1_683' title='bbox 518 4588 704 4655; x_wconf 86' lang='lat' dir='ltr'><strong>enim,</strong></span> <span class='ocrx_word' id='word_1_684' title='bbox 734 4601 769 4642; x_wconf 90' lang='grc' dir='ltr'><strong>ο</strong></span> <span class='ocrx_word' id='word_1_685' title='bbox 802 4587 967 4641; x_wconf 89' lang='lat' dir='ltr'><strong>homo</strong></span> <span class='ocrx_word' id='word_1_686' title='bbox 988 4625 1003 4648; x_wconf 93' lang='lat'><strong>,</strong></span> <span class='ocrx_word' id='word_1_687' title='bbox 1034 4586 1263 4651; x_wconf 75' lang='lat' dir='ltr'><strong>dicens,</strong></span> <span class='ocrx_word' id='word_1_688' title='bbox 1303 4601 1371 4639; x_wconf 79' lang='lat' dir='ltr'><strong>ex</strong></span> <span class='ocrx_word' id='word_1_689' title='bbox 1413 4595 1562 4640; x_wconf 88' lang='lat' dir='ltr'><strong>tanta</strong></span> <span class='ocrx_word' id='word_1_690' title='bbox 1596 4586 2009 4656; x_wconf 89' lang='lat' dir='ltr'><strong>importunitate</strong></span> <span class='ocrx_word' id='word_1_691' title='bbox 2049 4599 2104 4643; x_wconf 90' lang='lat' dir='ltr'><strong>et</strong></span> 
     </span>
    </p>
   </div>
   <div class='ocr_carea' id='block_1_93' title="bbox 2210 4586 3801 4666">
    <p class='ocr_par' dir='ltr' id='par_1_93' title="bbox 2210 4586 3801 4666">
     <span class='ocr_line' id='line_1_93' title="bbox 2210 4586 3801 4666; baseline -0.005 -19"><span class='ocrx_word' id='word_1_692' title='bbox 2210 4594 2417 4666; x_wconf 84' lang='grc' dir='ltr'>ψυχικά</span> <span class='ocrx_word' id='word_1_693' title='bbox 2447 4589 2853 4663; x_wconf 82' lang='grc' dir='ltr'>φιλοπονεῖσθαι</span> <span class='ocrx_word' id='word_1_694' title='bbox 2884 4588 3073 4661; x_wconf 85' lang='grc' dir='ltr'>κέρδη.</span> <span class='ocrx_word' id='word_1_695' title='bbox 3116 4590 3435 4661; x_wconf 74' lang='grc' dir='ltr'>Μονονουχὶ,</span> <span class='ocrx_word' id='word_1_696' title='bbox 3466 4589 3533 4642; x_wconf 87' lang='grc' dir='ltr'>Τί</span> <span class='ocrx_word' id='word_1_697' title='bbox 3564 4588 3691 4662; x_wconf 80' lang='grc' dir='ltr'>γὰρ,</span> <span class='ocrx_word' id='word_1_698' title='bbox 3712 4586 3801 4640; x_wconf 69' lang='grc' dir='ltr'>ἀνα</span> 
     </span>
    </p>
   </div>
   <div class='ocr_carea' id='block_1_94' title="bbox 520 4674 2111 4749">
    <p class='ocr_par' dir='ltr' id='par_1_94' title="bbox 520 4674 2111 4749">
     <span class='ocr_line' id='line_1_94' title="bbox 520 4674 2111 4749; baseline -0.001 -16"><span class='ocrx_word' id='word_1_699' title='bbox 520 4678 704 4734; x_wconf 76' lang='lat' dir='ltr'><strong>stttdio</strong></span> <span class='ocrx_word' id='word_1_700' title='bbox 738 4678 985 4733; x_wconf 85' lang='lat' dir='ltr'><strong>lucratus</strong></span> <span class='ocrx_word' id='word_1_701' title='bbox 1033 4676 1137 4730; x_wconf 81' lang='lat' dir='ltr'><strong>es?</strong></span> <span class='ocrx_word' id='word_1_702' title='bbox 1190 4674 1387 4731; x_wconf 82' lang='lat' dir='ltr'><strong>Nonne</strong></span> <span class='ocrx_word' id='word_1_703' title='bbox 1435 4675 1693 4731; x_wconf 87' lang='lat' dir='ltr'><strong>similiter</strong></span> <span class='ocrx_word' id='word_1_704' title='bbox 1728 4678 1960 4732; x_wconf 89' lang='lat' dir='ltr'><strong>aliorum</strong></span> <span class='ocrx_word' id='word_1_705' title='bbox 2016 4679 2111 4749; x_wconf 88' lang='lat' dir='ltr'><strong>qui</strong></span> 
     </span>
    </p>
   </div>
   <div class='ocr_carea' id='block_1_95' title="bbox 519 4770 2113 4843">
    <p class='ocr_par' dir='ltr' id='par_1_95' title="bbox 519 4770 2113 4843">
     <span class='ocr_line' id='line_1_95' title="bbox 519 4770 2113 4843; baseline -0.001 -16"><span class='ocrx_word' id='word_1_706' title='bbox 519 4773 725 4828; x_wconf 83' lang='lat' dir='ltr'><strong>nullam</strong></span> <span class='ocrx_word' id='word_1_707' title='bbox 760 4772 921 4827; x_wconf 81' lang='lat' dir='ltr'><strong>talem</strong></span> <span class='ocrx_word' id='word_1_708' title='bbox 951 4770 1322 4825; x_wconf 82' lang='lat' dir='ltr'><strong>turbationem</strong></span> <span class='ocrx_word' id='word_1_709' title='bbox 1350 4773 1750 4835; x_wconf 89' lang='lat' dir='ltr'><strong>sustinuerunt,</strong></span> <span class='ocrx_word' id='word_1_710' title='bbox 1784 4785 1962 4843; x_wconf 90' lang='lat' dir='ltr'><strong>neque</strong></span> <span class='ocrx_word' id='word_1_711' title='bbox 1993 4772 2113 4826; x_wconf 80' lang='lat' dir='ltr'><strong>tali—</strong></span> 
     </span>
    </p>
   </div>
   <div class='ocr_carea' id='block_1_96' title="bbox 521 4860 2114 4935">
    <p class='ocr_par' dir='ltr' id='par_1_96' title="bbox 521 4860 2114 4935">
     <span class='ocr_line' id='line_1_96' title="bbox 521 4860 2114 4935; baseline -0.002 -14"><span class='ocrx_word' id='word_1_712' title='bbox 521 4867 627 4922; x_wconf 82' lang='lat' dir='ltr'><strong>bus</strong></span> <span class='ocrx_word' id='word_1_713' title='bbox 659 4865 928 4921; x_wconf 84' lang='lat' dir='ltr'><strong>ﬂuctuum</strong></span> <span class='ocrx_word' id='word_1_714' title='bbox 971 4864 1225 4935; x_wconf 88' lang='lat' dir='ltr'><strong>procellis</strong></span> <span class='ocrx_word' id='word_1_715' title='bbox 1252 4862 1443 4933; x_wconf 83' lang='lat' dir='ltr'><strong>jactati</strong></span> <span class='ocrx_word' id='word_1_716' title='bbox 1484 4863 1657 4917; x_wconf 86' lang='lat' dir='ltr'><strong>sunt?</strong></span> <span class='ocrx_word' id='word_1_717' title='bbox 1699 4860 1891 4917; x_wconf 83' lang='lat' dir='ltr'><strong>Nonne</strong></span> <span class='ocrx_word' id='word_1_718' title='bbox 1920 4879 2114 4934; x_wconf 86' lang='lat' dir='ltr'><strong>quem-</strong></span> 
     </span>
    </p>
   </div>
   <div class='ocr_carea' id='block_1_97' title="bbox 522 4955 2115 5015">
    <p class='ocr_par' dir='ltr' id='par_1_97' title="bbox 522 4955 2115 5015">
     <span class='ocr_line' id='line_1_97' title="bbox 522 4955 2115 5015; baseline -0.003 -3"><span class='ocrx_word' id='word_1_719' title='bbox 522 4959 821 5015; x_wconf 86' lang='lat' dir='ltr'><strong>admodum</strong></span> <span class='ocrx_word' id='word_1_720' title='bbox 878 4958 985 5012; x_wconf 83' lang='lat' dir='ltr'><strong>iliis</strong></span> <span class='ocrx_word' id='word_1_721' title='bbox 1035 4965 1091 5012; x_wconf 90' lang='lat' dir='ltr'><strong>ct</strong></span> <span class='ocrx_word' id='word_1_722' title='bbox 1132 4958 1361 5011; x_wconf 85' lang='lat' dir='ltr'><strong>veniens</strong></span> <span class='ocrx_word' id='word_1_723' title='bbox 1410 4955 1567 5010; x_wconf 88' lang='lat' dir='ltr'><strong>venis</strong></span> <span class='ocrx_word' id='word_1_724' title='bbox 1618 4964 1675 5010; x_wconf 90' lang='lat' dir='ltr'><strong>et</strong></span> <span class='ocrx_word' id='word_1_725' title='bbox 1715 4956 1835 5010; x_wconf 89' lang='lat' dir='ltr'><strong>abis</strong></span> <span class='ocrx_word' id='word_1_726' title='bbox 1881 4956 2115 5011; x_wconf 85' lang='lat' dir='ltr'><strong>abiens?</strong></span> 
     </span>
    </p>
   </div>
   <div class='ocr_carea' id='block_1_98' title="bbox 524 5048 2116 5121">
    <p class='ocr_par' dir='ltr' id='par_1_98' title="bbox 524 5048 2116 5121">
     <span class='ocr_line' id='line_1_98' title="bbox 524 5048 2116 5121; baseline -0.001 -14"><span class='ocrx_word' id='word_1_727' title='bbox 524 5052 759 5121; x_wconf 84' lang='lat' dir='ltr'><strong>teipsum</strong></span> <span class='ocrx_word' id='word_1_728' title='bbox 799 5066 931 5108; x_wconf 84' lang='lat' dir='ltr'><strong>vero</strong></span> <span class='ocrx_word' id='word_1_729' title='bbox 971 5052 1200 5105; x_wconf 91' lang='lat' dir='ltr'><strong>omnino</strong></span> <span class='ocrx_word' id='word_1_730' title='bbox 1250 5049 1452 5103; x_wconf 90' lang='lat' dir='ltr'><strong>misere</strong></span> <span class='ocrx_word' id='word_1_731' title='bbox 1509 5048 1754 5119; x_wconf 89' lang='lat' dir='ltr'><strong>privabis</strong></span> <span class='ocrx_word' id='word_1_732' title='bbox 1810 5049 2116 5105; x_wconf 78' lang='lat' dir='ltr'><strong>felicitate?</strong></span> 
     </span>
    </p>
   </div>
   <div class='ocr_carea' id='block_1_99' title="bbox 521 5142 2117 5217">
    <p class='ocr_par' dir='ltr' id='par_1_99' title="bbox 521 5142 2117 5217">
     <span class='ocr_line' id='line_1_99' title="bbox 521 5142 2117 5217; baseline -0.003 -16"><span class='ocrx_word' id='word_1_733' title='bbox 521 5145 726 5217; x_wconf 81' lang='lat' dir='ltr'><strong>quibus</strong></span> <span class='ocrx_word' id='word_1_734' title='bbox 753 5161 816 5201; x_wconf 91' lang='lat' dir='ltr'><strong>ea</strong></span> <span class='ocrx_word' id='word_1_735' title='bbox 848 5160 971 5215; x_wconf 80' lang='lat' dir='ltr'><strong>qua:</strong></span> <span class='ocrx_word' id='word_1_736' title='bbox 1000 5158 1166 5214; x_wconf 88' lang='lat' dir='ltr'><strong>super</strong></span> <span class='ocrx_word' id='word_1_737' title='bbox 1197 5142 1370 5198; x_wconf 89' lang='lat' dir='ltr'><strong>solem</strong></span> <span class='ocrx_word' id='word_1_738' title='bbox 1404 5153 1531 5197; x_wconf 88' lang='lat' dir='ltr'><strong>sunt</strong></span> <span class='ocrx_word' id='word_1_739' title='bbox 1561 5152 1870 5213; x_wconf 67' lang='lat' dir='ltr'><strong>quaerentes</strong></span> <span class='ocrx_word' id='word_1_740' title='bbox 1901 5152 1955 5197; x_wconf 85' lang='lat' dir='ltr'><strong>et</strong></span> <span class='ocrx_word' id='word_1_741' title='bbox 1992 5144 2117 5213; x_wconf 88' lang='lat' dir='ltr'><strong>phi-</strong></span> 
     </span>
    </p>
   </div>
   <div class='ocr_carea' id='block_1_100' title="bbox 525 5232 2116 5308">
    <p class='ocr_par' dir='ltr' id='par_1_100' title="bbox 525 5232 2116 5308">
     <span class='ocr_line' id='line_1_100' title="bbox 525 5232 2116 5308; baseline -0.003 -17"><span class='ocrx_word' id='word_1_742' title='bbox 525 5238 888 5308; x_wconf 30' lang='lat' dir='ltr'><strong>losophantes,</strong></span> <span class='ocrx_word' id='word_1_743' title='bbox 930 5236 1213 5295; x_wconf 74' lang='lat' dir='ltr'><strong>fruuntur.</strong></span> <span class='ocrx_word' id='word_1_744' title='bbox 1278 5232 1348 5289; x_wconf 88' lang='lat' dir='ltr'><strong>Et</strong></span> <span class='ocrx_word' id='word_1_745' title='bbox 1398 5235 1543 5301; x_wconf 88' lang='lat' dir='ltr'><strong>quod</strong></span> <span class='ocrx_word' id='word_1_746' title='bbox 1602 5234 1966 5291; x_wconf 79' lang='lat' dir='ltr'><strong>miserrimum</strong></span> <span class='ocrx_word' id='word_1_747' title='bbox 2031 5242 2116 5289; x_wconf 80' lang='lat' dir='ltr'><strong>est</strong></span> 
     </span>
    </p>
   </div>
   <div class='ocr_carea' id='block_1_101' title="bbox 526 5326 2114 5400">
    <p class='ocr_par' dir='ltr' id='par_1_101' title="bbox 526 5326 2114 5400">
     <span class='ocr_line' id='line_1_101' title="bbox 526 5326 2114 5400; baseline -0.001 -17"><span class='ocrx_word' id='word_1_748' title='bbox 526 5330 705 5400; x_wconf 78' lang='lat' dir='ltr'><strong>quoad</strong></span> <span class='ocrx_word' id='word_1_749' title='bbox 747 5331 1044 5385; x_wconf 87' lang='lat' dir='ltr'><strong>multorum</strong></span> <span class='ocrx_word' id='word_1_750' title='bbox 1093 5328 1345 5383; x_wconf 87' lang='lat' dir='ltr'><strong>laborum</strong></span> <span class='ocrx_word' id='word_1_751' title='bbox 1391 5335 1448 5381; x_wconf 91' lang='lat' dir='ltr'><strong>et</strong></span> <span class='ocrx_word' id='word_1_752' title='bbox 1496 5326 1872 5382; x_wconf 88' lang='lat' dir='ltr'><strong>molestiarum</strong></span> <span class='ocrx_word' id='word_1_753' title='bbox 1919 5327 2114 5381; x_wconf 84' lang='lat' dir='ltr'><strong>discri-</strong></span> 
     </span>
    </p>
   </div>
   <div class='ocr_carea' id='block_1_102' title="bbox 529 5417 2113 5491">
    <p class='ocr_par' dir='ltr' id='par_1_102' title="bbox 529 5417 2113 5491">
     <span class='ocr_line' id='line_1_102' title="bbox 529 5417 2113 5491; baseline -0.003 -15"><span class='ocrx_word' id='word_1_754' title='bbox 529 5438 652 5478; x_wconf 87' lang='lat' dir='ltr'><strong>men</strong></span> <span class='ocrx_word' id='word_1_755' title='bbox 680 5464 693 5490; x_wconf 85' lang='lat'><strong>,</strong></span> <span class='ocrx_word' id='word_1_756' title='bbox 744 5424 847 5478; x_wconf 89' lang='lat' dir='ltr'><strong>heu</strong></span> <span class='ocrx_word' id='word_1_757' title='bbox 887 5423 1233 5477; x_wconf 79' lang='lat' dir='ltr'><strong>intolerabile</strong></span> <span class='ocrx_word' id='word_1_758' title='bbox 1261 5431 1315 5476; x_wconf 89' lang='lat' dir='ltr'><strong>et</strong></span> <span class='ocrx_word' id='word_1_759' title='bbox 1342 5420 1550 5491; x_wconf 79' lang='lat' dir='ltr'><strong>absque</strong></span> <span class='ocrx_word' id='word_1_760' title='bbox 1579 5420 1776 5475; x_wconf 90' lang='lat' dir='ltr'><strong>solatio</strong></span> <span class='ocrx_word' id='word_1_761' title='bbox 1809 5417 2070 5473; x_wconf 87' lang='lat' dir='ltr'><strong>damnum</strong></span> <span class='ocrx_word' id='word_1_762' title='bbox 2098 5421 2113 5473; x_wconf 77' lang='lat'><strong>1</strong></span> 
     </span>
    </p>
   </div>
   <div class='ocr_carea' id='block_1_103' title="bbox 529 5510 2114 5585">
    <p class='ocr_par' dir='ltr' id='par_1_103' title="bbox 529 5510 2114 5585">
     <span class='ocr_line' id='line_1_103' title="bbox 529 5510 2114 5585; baseline -0.002 -18"><span class='ocrx_word' id='word_1_763' title='bbox 529 5515 583 5568; x_wconf 87' lang='lat' dir='ltr'><strong>in</strong></span> <span class='ocrx_word' id='word_1_764' title='bbox 611 5514 770 5585; x_wconf 88' lang='lat' dir='ltr'><strong>pejus</strong></span> <span class='ocrx_word' id='word_1_765' title='bbox 800 5514 1059 5570; x_wconf 90' lang='lat' dir='ltr'><strong>invenisti</strong></span> <span class='ocrx_word' id='word_1_766' title='bbox 1092 5524 1143 5570; x_wconf 92' lang='lat' dir='ltr'><strong>te</strong></span> <span class='ocrx_word' id='word_1_767' title='bbox 1169 5525 1225 5569; x_wconf 91' lang='lat' dir='ltr'><strong>et</strong></span> <span class='ocrx_word' id='word_1_768' title='bbox 1257 5523 1349 5569; x_wconf 86' lang='lat' dir='ltr'><strong>tua</strong></span> <span class='ocrx_word' id='word_1_769' title='bbox 1377 5512 1778 5577; x_wconf 86' lang='lat' dir='ltr'><strong>detrahentem,</strong></span> <span class='ocrx_word' id='word_1_770' title='bbox 1811 5510 1877 5565; x_wconf 88' lang='lat' dir='ltr'><strong>ad</strong></span> <span class='ocrx_word' id='word_1_771' title='bbox 1910 5511 2114 5566; x_wconf 61' lang='lat' dir='ltr'><strong>nuliam</strong></span> 
     </span>
    </p>
   </div>
   <div class='ocr_carea' id='block_1_104' title="bbox 528 5600 2115 5662">
    <p class='ocr_par' dir='ltr' id='par_1_104' title="bbox 528 5600 2115 5662">
     <span class='ocr_line' id='line_1_104' title="bbox 528 5600 2115 5662; baseline -0.001 -5"><span class='ocrx_word' id='word_1_772' title='bbox 528 5616 709 5661; x_wconf 80' lang='lat' dir='ltr'><strong>autem</strong></span> <span class='ocrx_word' id='word_1_773' title='bbox 763 5607 1053 5662; x_wconf 81' lang='lat' dir='ltr'><strong>meliorum</strong></span> <span class='ocrx_word' id='word_1_774' title='bbox 1101 5621 1287 5662; x_wconf 86' lang='lat' dir='ltr'><strong>rerum</strong></span> <span class='ocrx_word' id='word_1_775' title='bbox 1336 5604 1741 5661; x_wconf 89' lang='lat' dir='ltr'><strong>sustollentem.</strong></span> <span class='ocrx_word' id='word_1_776' title='bbox 1789 5600 1923 5658; x_wconf 81' lang='lat' dir='ltr'><strong>Vide</strong></span> <span class='ocrx_word' id='word_1_777' title='bbox 1967 5604 2115 5657; x_wconf 91' lang='lat' dir='ltr'><strong>enim</strong></span> 
     </span>
    </p>
   </div>
   <div class='ocr_carea' id='block_1_105' title="bbox 530 5698 2120 5768">
    <p class='ocr_par' dir='ltr' id='par_1_105' title="bbox 530 5698 2120 5768">
     <span class='ocr_line' id='line_1_105' title="bbox 530 5698 2120 5768; baseline -0.001 -18"><span class='ocrx_word' id='word_1_778' title='bbox 530 5714 707 5768; x_wconf 81' lang='lat' dir='ltr'><strong>neque</strong></span> <span class='ocrx_word' id='word_1_779' title='bbox 735 5700 801 5754; x_wconf 91' lang='lat' dir='ltr'><strong>ad</strong></span> <span class='ocrx_word' id='word_1_780' title='bbox 839 5700 1143 5755; x_wconf 90' lang='lat' dir='ltr'><strong>inanimum</strong></span> <span class='ocrx_word' id='word_1_781' title='bbox 1178 5700 1323 5754; x_wconf 87' lang='lat' dir='ltr'><strong>istud</strong></span> <span class='ocrx_word' id='word_1_782' title='bbox 1359 5708 1413 5753; x_wconf 91' lang='lat' dir='ltr'><strong>et</strong></span> <span class='ocrx_word' id='word_1_783' title='bbox 1453 5698 1742 5755; x_wconf 87' lang='lat' dir='ltr'><strong>immotum</strong></span> <span class='ocrx_word' id='word_1_784' title='bbox 1774 5704 1830 5751; x_wconf 87' lang='lat' dir='ltr'><strong>et</strong></span> <span class='ocrx_word' id='word_1_785' title='bbox 1866 5710 2120 5752; x_wconf 86' lang='lat' dir='ltr'><strong>commu-</strong></span> 
     </span>
    </p>
   </div>
   <div class='ocr_carea' id='block_1_106' title="bbox 532 5792 2119 5864">
    <p class='ocr_par' dir='ltr' id='par_1_106' title="bbox 532 5792 2119 5864">
     <span class='ocr_line' id='line_1_106' title="bbox 532 5792 2119 5864; baseline 0.003 -21"><span class='ocrx_word' id='word_1_786' title='bbox 532 5793 674 5847; x_wconf 86' lang='lat' dir='ltr'><strong>niter</strong></span> <span class='ocrx_word' id='word_1_787' title='bbox 702 5794 957 5849; x_wconf 87' lang='lat' dir='ltr'><strong>omnibus</strong></span> <span class='ocrx_word' id='word_1_788' title='bbox 988 5795 1299 5864; x_wconf 82' lang='lat' dir='ltr'><strong>subjectum</strong></span> <span class='ocrx_word' id='word_1_789' title='bbox 1334 5802 1495 5849; x_wconf 68' lang='lat' dir='ltr'><strong>terra:</strong></span> <span class='ocrx_word' id='word_1_790' title='bbox 1524 5792 1941 5849; x_wconf 74' lang='lat' dir='ltr'><strong>fundamentum</strong></span> <span class='ocrx_word' id='word_1_791' title='bbox 1971 5834 1987 5857; x_wconf 95' lang='lat'><strong>,</strong></span> <span class='ocrx_word' id='word_1_792' title='bbox 2023 5808 2119 5848; x_wconf 82' lang='lat' dir='ltr'><strong>ne-</strong></span> 
     </span>
    </p>
   </div>
   <div class='ocr_carea' id='block_1_107' title="bbox 529 5883 2114 5955">
    <p class='ocr_par' dir='ltr' id='par_1_107' title="bbox 529 5883 2114 5955">
     <span class='ocr_line' id='line_1_107' title="bbox 529 5883 2114 5955; baseline 0.003 -19"><span class='ocrx_word' id='word_1_793' title='bbox 529 5899 636 5952; x_wconf 66' lang='lat' dir='ltr'><strong>que</strong></span> <span class='ocrx_word' id='word_1_794' title='bbox 666 5883 735 5938; x_wconf 75' lang='lat' dir='ltr'><strong>ad</strong></span> <span class='ocrx_word' id='word_1_795' title='bbox 769 5885 912 5941; x_wconf 89' lang='lat' dir='ltr'><strong>istud</strong></span> <span class='ocrx_word' id='word_1_796' title='bbox 971 5901 1065 5955; x_wconf 87' lang='lat' dir='ltr'><strong>per</strong></span> <span class='ocrx_word' id='word_1_797' title='bbox 1132 5886 1361 5941; x_wconf 90' lang='lat' dir='ltr'><strong>multum</strong></span> <span class='ocrx_word' id='word_1_798' title='bbox 1406 5885 1540 5943; x_wconf 90' lang='lat' dir='ltr'><strong>illud</strong></span> <span class='ocrx_word' id='word_1_799' title='bbox 1602 5885 1766 5941; x_wconf 85' lang='lat' dir='ltr'><strong>inane</strong></span> <span class='ocrx_word' id='word_1_800' title='bbox 1835 5884 2114 5953; x_wconf 84' lang='lat' dir='ltr'><strong>studium,</strong></span> 
     </span>
    </p>
   </div>
   <div class='ocr_carea' id='block_1_108' title="bbox 2217 4683 3801 4765">
    <p class='ocr_par' dir='ltr' id='par_1_108' title="bbox 2217 4683 3801 4765">
     <span class='ocr_line' id='line_1_108' title="bbox 2217 4683 3801 4765; baseline -0.01 -19"><span class='ocrx_word' id='word_1_801' title='bbox 2217 4693 2423 4765; x_wconf 86' lang='grc' dir='ltr'>θρωπε,</span> <span class='ocrx_word' id='word_1_802' title='bbox 2454 4688 2652 4756; x_wconf 87' lang='grc' dir='ltr'>λέγων,</span> <span class='ocrx_word' id='word_1_803' title='bbox 2674 4684 2782 4739; x_wconf 83' lang='grc' dir='ltr'>ἀπὺ</span> <span class='ocrx_word' id='word_1_804' title='bbox 2796 4685 2894 4755; x_wconf 81' lang='grc' dir='ltr'>τῆς</span> <span class='ocrx_word' id='word_1_805' title='bbox 2912 4684 3183 4754; x_wconf 83' lang='grc' dir='ltr'>τοσαύτης</span> <span class='ocrx_word' id='word_1_806' title='bbox 3213 4683 3488 4756; x_wconf 80' lang='grc' dir='ltr'>ὀχλήσεως</span> <span class='ocrx_word' id='word_1_807' title='bbox 3521 4683 3617 4738; x_wconf 76' lang='grc' dir='ltr'>καὶ</span> <span class='ocrx_word' id='word_1_808' title='bbox 3644 4690 3801 4734; x_wconf 81' lang='grc' dir='ltr'>σπου’</span> 
     </span>
    </p>
   </div>
   <div class='ocr_carea' id='block_1_109' title="bbox 2216 4771 3800 4854">
    <p class='ocr_par' dir='ltr' id='par_1_109' title="bbox 2216 4771 3800 4854">
     <span class='ocr_line' id='line_1_109' title="bbox 2216 4771 3800 4854; baseline -0.009 -18"><span class='ocrx_word' id='word_1_809' title='bbox 2216 4784 2314 4854; x_wconf 84' lang='grc' dir='ltr'>δῆς</span> <span class='ocrx_word' id='word_1_810' title='bbox 2352 4779 2652 4849; x_wconf 76' lang='grc' dir='ltr'>ἐκέρδησας</span> <span class='ocrx_word' id='word_1_811' title='bbox 2674 4793 2689 4841; x_wconf 87' lang='grc'>;</span> <span class='ocrx_word' id='word_1_812' title='bbox 2716 4777 2814 4845; x_wconf 79' lang='grc' dir='ltr'><strong>οὐχ</strong></span> <span class='ocrx_word' id='word_1_813' title='bbox 2835 4774 3035 4845; x_wconf 79' lang='grc' dir='ltr'>ὁμοίως</span> <span class='ocrx_word' id='word_1_814' title='bbox 3050 4775 3149 4845; x_wconf 81' lang='grc' dir='ltr'>μὲν</span> <span class='ocrx_word' id='word_1_815' title='bbox 3180 4774 3290 4826; x_wconf 86' lang='grc' dir='ltr'><strong>τῶν</strong></span> <span class='ocrx_word' id='word_1_816' title='bbox 3318 4773 3495 4828; x_wconf 75' lang='grc' dir='ltr'>ἄλλων</span> <span class='ocrx_word' id='word_1_817' title='bbox 3519 4773 3569 4827; x_wconf 83' lang='grc' dir='ltr'>οἳ</span> <span class='ocrx_word' id='word_1_818' title='bbox 3602 4771 3800 4843; x_wconf 83' lang='grc' dir='ltr'>μηδένα</span> 
     </span>
    </p>
   </div>
   <div class='ocr_carea' id='block_1_110' title="bbox 2215 4864 3799 4941">
    <p class='ocr_par' dir='ltr' id='par_1_110' title="bbox 2215 4864 3799 4941">
     <span class='ocr_line' id='line_1_110' title="bbox 2215 4864 3799 4941; baseline -0.01 -12"><span class='ocrx_word' id='word_1_819' title='bbox 2215 4872 2457 4929; x_wconf 80' lang='grc' dir='ltr'>τοιοῦτον</span> <span class='ocrx_word' id='word_1_820' title='bbox 2490 4871 2729 4941; x_wconf 86' lang='grc' dir='ltr'>τάραχον</span> <span class='ocrx_word' id='word_1_821' title='bbox 2769 4867 3110 4935; x_wconf 85' lang='grc' dir='ltr'>ὑπέστησαν,</span> <span class='ocrx_word' id='word_1_822' title='bbox 3149 4865 3284 4937; x_wconf 83' lang='grc' dir='ltr'>μηδὲ</span> <span class='ocrx_word' id='word_1_823' title='bbox 3311 4864 3590 4929; x_wconf 87' lang='grc' dir='ltr'>τοιαύταις</span> <span class='ocrx_word' id='word_1_824' title='bbox 3613 4879 3799 4935; x_wconf 85' lang='grc' dir='ltr'>τρικυ-</span> 
     </span>
    </p>
   </div>
   <div class='ocr_carea' id='block_1_111' title="bbox 2217 4953 3800 5036">
    <p class='ocr_par' dir='ltr' id='par_1_111' title="bbox 2217 4953 3800 5036">
     <span class='ocr_line' id='line_1_111' title="bbox 2217 4953 3800 5036; baseline -0.009 -18"><span class='ocrx_word' id='word_1_825' title='bbox 2217 4966 2368 5036; x_wconf 89' lang='grc' dir='ltr'>μίαις</span> <span class='ocrx_word' id='word_1_826' title='bbox 2395 4962 2845 5034; x_wconf 85' lang='grc' dir='ltr'>ὲχειμάσθησαν;</span> <span class='ocrx_word' id='word_1_827' title='bbox 2873 4960 2997 5028; x_wconf 79' lang='grc' dir='ltr'>οὐχὶ</span> <span class='ocrx_word' id='word_1_828' title='bbox 3023 4956 3421 5029; x_wconf 82' lang='grc' dir='ltr'>παραπλησίως</span> <span class='ocrx_word' id='word_1_829' title='bbox 3471 4956 3681 5018; x_wconf 88' lang='grc' dir='ltr'>τούτοις</span> <span class='ocrx_word' id='word_1_830' title='bbox 3712 4953 3800 5007; x_wconf 69' lang='grc' dir='ltr'><strong>καὶ</strong></span> 
     </span>
    </p>
   </div>
   <div class='ocr_carea' id='block_1_112' title="bbox 2215 5043 3799 5127">
    <p class='ocr_par' dir='ltr' id='par_1_112' title="bbox 2215 5043 3799 5127">
     <span class='ocr_line' id='line_1_112' title="bbox 2215 5043 3799 5127; baseline -0.008 -18"><span class='ocrx_word' id='word_1_831' title='bbox 2215 5056 2506 5127; x_wconf 79' lang='grc' dir='ltr'>ἐρχόμενος</span> <span class='ocrx_word' id='word_1_832' title='bbox 2532 5052 2696 5126; x_wconf 81' lang='grc' dir='ltr'>ἔρχῃ,</span> <span class='ocrx_word' id='word_1_833' title='bbox 2724 5050 2820 5105; x_wconf 64' lang='grc' dir='ltr'>καλ.</span> <span class='ocrx_word' id='word_1_834' title='bbox 2836 5050 3052 5121; x_wconf 84' lang='grc' dir='ltr'>ἀπέρχῃ</span> <span class='ocrx_word' id='word_1_835' title='bbox 3078 5050 3490 5120; x_wconf 86' lang='grc' dir='ltr'>ἀπερχόμενος;</span> <span class='ocrx_word' id='word_1_836' title='bbox 3527 5047 3720 5102; x_wconf 83' lang='grc' dir='ltr'>σαυτὸν</span> <span class='ocrx_word' id='word_1_837' title='bbox 3746 5043 3799 5097; x_wconf 81' lang='grc' dir='ltr'>δὲ</span> 
     </span>
    </p>
   </div>
   <div class='ocr_carea' id='block_1_113' title="bbox 2214 5134 3801 5213">
    <p class='ocr_par' dir='ltr' id='par_1_113' title="bbox 2214 5134 3801 5213">
     <span class='ocr_line' id='line_1_113' title="bbox 2214 5134 3801 5213; baseline -0.007 -14"><span class='ocrx_word' id='word_1_838' title='bbox 2214 5147 2431 5208; x_wconf 81' lang='grc' dir='ltr'>πάντως</span> <span class='ocrx_word' id='word_1_839' title='bbox 2460 5143 2659 5207; x_wconf 82' lang='grc' dir='ltr'>ἀθλίως</span> <span class='ocrx_word' id='word_1_840' title='bbox 2684 5143 3007 5213; x_wconf 87' lang='grc' dir='ltr'>ἀποστερεῖς</span> <span class='ocrx_word' id='word_1_841' title='bbox 3028 5142 3125 5211; x_wconf 83' lang='grc' dir='ltr'><strong>τῆς</strong></span> <span class='ocrx_word' id='word_1_842' title='bbox 3163 5141 3601 5213; x_wconf 86' lang='grc' dir='ltr'>μακαριότητος;</span> <span class='ocrx_word' id='word_1_843' title='bbox 3631 5134 3711 5202; x_wconf 80' lang='grc' dir='ltr'>οἷς</span> <span class='ocrx_word' id='word_1_844' title='bbox 3735 5136 3801 5189; x_wconf 85' lang='grc' dir='ltr'><strong>τά</strong></span> 
     </span>
    </p>
   </div>
   <div class='ocr_carea' id='block_1_114' title="bbox 2216 5235 3801 5309">
    <p class='ocr_par' dir='ltr' id='par_1_114' title="bbox 2216 5235 3801 5309">
     <span class='ocr_line' id='line_1_114' title="bbox 2216 5235 3801 5309; baseline -0.004 -18"><span class='ocrx_word' id='word_1_845' title='bbox 2216 5237 2357 5309; x_wconf 79' lang='grc' dir='ltr'>ὑπὲρ</span> <span class='ocrx_word' id='word_1_846' title='bbox 2387 5238 2478 5290; x_wconf 75' lang='grc' dir='ltr'><strong>τὸν</strong></span> <span class='ocrx_word' id='word_1_847' title='bbox 2500 5237 2652 5308; x_wconf 60' lang='grc' dir='ltr'><strong>¹ἣλιον</strong></span> <span class='ocrx_word' id='word_1_848' title='bbox 2680 5237 2731 5288; x_wconf 77' lang='grc' dir='ltr'>οἱ</span> <span class='ocrx_word' id='word_1_849' title='bbox 2751 5235 3040 5306; x_wconf 76' lang='grc' dir='ltr'>ζητοῦντες</span> <span class='ocrx_word' id='word_1_850' title='bbox 3068 5236 3160 5289; x_wconf 77' lang='grc' dir='ltr'>καὶ</span> <span class='ocrx_word' id='word_1_851' title='bbox 3182 5235 3644 5306; x_wconf 81' lang='grc' dir='ltr'>φιλοσοφήσαντες</span> <span class='ocrx_word' id='word_1_852' title='bbox 3671 5236 3801 5286; x_wconf 79' lang='grc' dir='ltr'>ἀπο-</span> 
     </span>
    </p>
   </div>
   <div class='ocr_carea' id='block_1_115' title="bbox 2214 5327 3799 5400">
    <p class='ocr_par' dir='ltr' id='par_1_115' title="bbox 2214 5327 3799 5400">
     <span class='ocr_line' id='line_1_115' title="bbox 2214 5327 3799 5400; baseline -0.002 -17"><span class='ocrx_word' id='word_1_853' title='bbox 2214 5331 2469 5385; x_wconf 85' lang='grc' dir='ltr'>λαύουσι·</span> <span class='ocrx_word' id='word_1_854' title='bbox 2500 5331 2596 5384; x_wconf 75' lang='grc' dir='ltr'>καὶ</span> <span class='ocrx_word' id='word_1_855' title='bbox 2624 5331 2685 5383; x_wconf 90' lang='grc' dir='ltr'><strong>τό</strong></span> <span class='ocrx_word' id='word_1_856' title='bbox 2715 5347 2777 5395; x_wconf 85' lang='grc' dir='ltr'><strong>γε</strong></span> <span class='ocrx_word' id='word_1_857' title='bbox 2837 5328 3222 5399; x_wconf 83' lang='grc' dir='ltr'>χαλεπώτατον</span> <span class='ocrx_word' id='word_1_858' title='bbox 3254 5331 3353 5400; x_wconf 82' lang='grc' dir='ltr'>τὴν</span> <span class='ocrx_word' id='word_1_859' title='bbox 3387 5330 3494 5384; x_wconf 82' lang='grc' dir='ltr'><strong>ἀπὸ</strong></span> <span class='ocrx_word' id='word_1_860' title='bbox 3528 5330 3637 5382; x_wconf 88' lang='grc' dir='ltr'><strong>τῶν</strong></span> <span class='ocrx_word' id='word_1_861' title='bbox 3673 5327 3799 5381; x_wconf 82' lang='grc' dir='ltr'>πολ-</span> 
     </span>
    </p>
   </div>
   <div class='ocr_carea' id='block_1_116' title="bbox 2216 5421 3797 5493">
    <p class='ocr_par' dir='ltr' id='par_1_116' title="bbox 2216 5421 3797 5493">
     <span class='ocr_line' id='line_1_116' title="bbox 2216 5421 3797 5493; baseline -0.004 -18"><span class='ocrx_word' id='word_1_862' title='bbox 2216 5421 2322 5475; x_wconf 90' lang='grc' dir='ltr'><strong>λῶν</strong></span> <span class='ocrx_word' id='word_1_863' title='bbox 2355 5422 2534 5475; x_wconf 89' lang='grc' dir='ltr'>πόνων</span> <span class='ocrx_word' id='word_1_864' title='bbox 2582 5421 2678 5474; x_wconf 72' lang='grc' dir='ltr'>καὶ</span> <span class='ocrx_word' id='word_1_865' title='bbox 2704 5422 2890 5475; x_wconf 82' lang='grc' dir='ltr'>κόπων</span> <span class='ocrx_word' id='word_1_866' title='bbox 2915 5422 3203 5493; x_wconf 79' lang='grc' dir='ltr'>διαφορὰν,</span> <span class='ocrx_word' id='word_1_867' title='bbox 3255 5422 3355 5492; x_wconf 83' lang='grc' dir='ltr'><strong>φεῦ</strong></span> <span class='ocrx_word' id='word_1_868' title='bbox 3396 5428 3493 5491; x_wconf 76' lang='grc' dir='ltr'><strong>τῆς</strong></span> <span class='ocrx_word' id='word_1_869' title='bbox 3524 5421 3797 5491; x_wconf 74' lang='grc' dir='ltr'>ἀφορήτου</span> 
     </span>
    </p>
   </div>
   <div class='ocr_carea' id='block_1_117' title="bbox 2220 5510 3800 5587">
    <p class='ocr_par' dir='ltr' id='par_1_117' title="bbox 2220 5510 3800 5587">
     <span class='ocr_line' id='line_1_117' title="bbox 2220 5510 3800 5587; baseline -0.004 -17"><span class='ocrx_word' id='word_1_870' title='bbox 2220 5518 2312 5571; x_wconf 72' lang='grc' dir='ltr'><strong>καὶ</strong></span> <span class='ocrx_word' id='word_1_871' title='bbox 2349 5516 2742 5587; x_wconf 87' lang='grc' dir='ltr'>ἀπαρακλήτου</span> <span class='ocrx_word' id='word_1_872' title='bbox 2760 5515 2985 5586; x_wconf 79' lang='grc' dir='ltr'>ζημίας,</span> <span class='ocrx_word' id='word_1_873' title='bbox 3018 5517 3111 5568; x_wconf 76' lang='grc' dir='ltr'>ἐπὶ</span> <span class='ocrx_word' id='word_1_874' title='bbox 3149 5514 3210 5568; x_wconf 79' lang='grc' dir='ltr'><strong>τὸ</strong></span> <span class='ocrx_word' id='word_1_875' title='bbox 3250 5518 3433 5587; x_wconf 80' lang='grc' dir='ltr'>χεῖρον</span> <span class='ocrx_word' id='word_1_876' title='bbox 3462 5510 3615 5584; x_wconf 78' lang='grc' dir='ltr'>εὗρες</span> <span class='ocrx_word' id='word_1_877' title='bbox 3645 5513 3702 5565; x_wconf 88' lang='grc' dir='ltr'><strong>σέ</strong></span> <span class='ocrx_word' id='word_1_878' title='bbox 3743 5526 3800 5562; x_wconf 88' lang='grc' dir='ltr'><strong>τε</strong></span> 
     </span>
    </p>
   </div>
   <div class='ocr_carea' id='block_1_118' title="bbox 2219 5605 3797 5678">
    <p class='ocr_par' dir='ltr' id='par_1_118' title="bbox 2219 5605 3797 5678">
     <span class='ocr_line' id='line_1_118' title="bbox 2219 5605 3797 5678; baseline -0.005 -17"><span class='ocrx_word' id='word_1_879' title='bbox 2219 5607 2315 5661; x_wconf 75' lang='grc' dir='ltr'><strong>καὶ</strong></span> <span class='ocrx_word' id='word_1_880' title='bbox 2334 5607 2401 5661; x_wconf 87' lang='grc' dir='ltr'><strong>τά</strong></span> <span class='ocrx_word' id='word_1_881' title='bbox 2434 5608 2501 5660; x_wconf 76' lang='grc' dir='ltr'>σὰ</span> <span class='ocrx_word' id='word_1_882' title='bbox 2528 5606 2972 5677; x_wconf 86' lang='grc' dir='ltr'>κατασύρουσαν,</span> <span class='ocrx_word' id='word_1_883' title='bbox 3030 5606 3164 5678; x_wconf 85' lang='grc' dir='ltr'>πρὸς</span> <span class='ocrx_word' id='word_1_884' title='bbox 3190 5608 3344 5661; x_wconf 81' lang='grc' dir='ltr'>οὐδὲν</span> <span class='ocrx_word' id='word_1_885' title='bbox 3393 5607 3449 5660; x_wconf 82' lang='grc' dir='ltr'>δὲ</span> <span class='ocrx_word' id='word_1_886' title='bbox 3478 5605 3585 5657; x_wconf 86' lang='grc' dir='ltr'><strong>τῶν</strong></span> <span class='ocrx_word' id='word_1_887' title='bbox 3621 5620 3797 5674; x_wconf 80' lang='grc' dir='ltr'>κρειτ-</span> 
     </span>
    </p>
   </div>
   <div class='ocr_carea' id='block_1_119' title="bbox 2220 5692 3799 5773">
    <p class='ocr_par' dir='ltr' id='par_1_119' title="bbox 2220 5692 3799 5773">
     <span class='ocr_line' id='line_1_119' title="bbox 2220 5692 3799 5773; baseline -0.005 -20"><span class='ocrx_word' id='word_1_888' title='bbox 2220 5699 2390 5753; x_wconf 86' lang='grc' dir='ltr'>τόνων</span> <span class='ocrx_word' id='word_1_889' title='bbox 2427 5700 2826 5771; x_wconf 85' lang='grc' dir='ltr'>ἀναφέρουσαν.</span> <span class='ocrx_word' id='word_1_890' title='bbox 2881 5702 3022 5773; x_wconf 87' lang='grc' dir='ltr'>’Όρα</span> <span class='ocrx_word' id='word_1_891' title='bbox 3076 5702 3186 5772; x_wconf 82' lang='grc' dir='ltr'>γὰρ</span> <span class='ocrx_word' id='word_1_892' title='bbox 3239 5702 3320 5754; x_wconf 84' lang='grc' dir='ltr'>ὅτι</span> <span class='ocrx_word' id='word_1_893' title='bbox 3378 5699 3511 5770; x_wconf 85' lang='grc' dir='ltr'>μηδὲ</span> <span class='ocrx_word' id='word_1_894' title='bbox 3570 5696 3703 5767; x_wconf 82' lang='grc' dir='ltr'>πρὸς</span> <span class='ocrx_word' id='word_1_895' title='bbox 3740 5692 3799 5745; x_wconf 85' lang='grc' dir='ltr'>τὸ</span> 
     </span>
    </p>
   </div>
   <div class='ocr_carea' id='block_1_120' title="bbox 2222 5788 3801 5866">
    <p class='ocr_par' dir='ltr' id='par_1_120' title="bbox 2222 5788 3801 5866">
     <span class='ocr_line' id='line_1_120' title="bbox 2222 5788 3801 5866; baseline -0.006 -19"><span class='ocrx_word' id='word_1_896' title='bbox 2222 5792 2428 5863; x_wconf 67' lang='grc' dir='ltr'>ἄψυχον</span> <span class='ocrx_word' id='word_1_897' title='bbox 2445 5792 2601 5846; x_wconf 78' lang='grc' dir='ltr'>τοῦτο</span> <span class='ocrx_word' id='word_1_898' title='bbox 2623 5795 2717 5846; x_wconf 78' lang='grc' dir='ltr'><strong>καὶ</strong></span> <span class='ocrx_word' id='word_1_899' title='bbox 2741 5795 2997 5865; x_wconf 83' lang='grc' dir='ltr'>ἀκίνητον</span> <span class='ocrx_word' id='word_1_900' title='bbox 3026 5797 3120 5849; x_wconf 75' lang='grc' dir='ltr'>καὶ</span> <span class='ocrx_word' id='word_1_901' title='bbox 3150 5798 3300 5866; x_wconf 84' lang='grc' dir='ltr'>κοινῇ</span> <span class='ocrx_word' id='word_1_902' title='bbox 3337 5797 3499 5848; x_wconf 83' lang='grc' dir='ltr'>πᾶσιν</span> <span class='ocrx_word' id='word_1_903' title='bbox 3514 5788 3801 5856; x_wconf 76' lang='grc' dir='ltr'><strong>ὑποκείμε-⁵</strong></span> 
     </span>
    </p>
   </div>
   <div class='ocr_carea' id='block_1_121' title="bbox 2222 5879 3802 5960">
    <p class='ocr_par' dir='ltr' id='par_1_121' title="bbox 2222 5879 3802 5960">
     <span class='ocr_line' id='line_1_121' title="bbox 2222 5879 3802 5960; baseline 0.001 -21"><span class='ocrx_word' id='word_1_904' title='bbox 2222 5901 2312 5940; x_wconf 91' lang='grc' dir='ltr'><strong>νον</strong></span> <span class='ocrx_word' id='word_1_905' title='bbox 2350 5888 2453 5957; x_wconf 79' lang='grc' dir='ltr'>γῆς</span> <span class='ocrx_word' id='word_1_906' title='bbox 2490 5886 2721 5958; x_wconf 74' lang='grc' dir='ltr'>ἔδαφος,</span> <span class='ocrx_word' id='word_1_907' title='bbox 2777 5888 2896 5943; x_wconf 82' lang='grc' dir='ltr'>οὐδὲ</span> <span class='ocrx_word' id='word_1_908' title='bbox 2958 5889 3093 5960; x_wconf 68' lang='grc' dir='ltr'>πρὸς</span> <span class='ocrx_word' id='word_1_909' title='bbox 3148 5887 3311 5944; x_wconf 80' lang='grc' dir='ltr'>τοῦτο</span> <span class='ocrx_word' id='word_1_910' title='bbox 3352 5887 3440 5942; x_wconf 62' lang='lat' dir='ltr'><strong>ea</strong></span> <span class='ocrx_word' id='word_1_911' title='bbox 3468 5886 3566 5955; x_wconf 74' lang='grc' dir='ltr'>τῆς</span> <span class='ocrx_word' id='word_1_912' title='bbox 3603 5879 3802 5950; x_wconf 71' lang='grc' dir='ltr'>πολλῆς</span> 
     </span>
    </p>
   </div>
  </div>
