4144 6438
462 406 574 474 429

1456 414 1557 476 ΑΒ
1593 416 2187 480 AMPHILOCHIUM
2226 421 2573 493 QUIESTlO
2610 424 2813 487 LXVI.

3647 426 3756 493 430

464 525 681 593 ἒκείνης
714 525 1125 589 κενοσπουδίας,
1156 526 1279 582 οὐδὲ
1317 529 1461 584 κατά
1484 546 1550 597 γε
1584 530 1675 585 τὸν
1704 531 1898 602 χρόνον
1947 550 2054 587 πα-

2172 550 2335 606 neque
2363 538 2663 593 secundum
2698 547 2913 608 tempus
2951 539 3167 596 extendi
3204 549 3255 597 te
3285 542 3380 598 tibi
3414 541 3748 614 perfecisse,

470 615 811 686 ρατείνεσθαι
862 617 1048 689 σαυτῷ
1096 619 1395 691 διεπράξω,
1452 621 1577 676 οὐδέ
1626 640 1749 678 τινα
1785 625 2059 696 πρόφασιν

469 708 643 761 πολλά
670 709 1098 782 διανοησάμενος
1154 706 1332 783 εὗρες.
1392 713 1554 769 Ἀλλά
1582 716 1690 786 γὰρ
1734 717 1801 770 σὺ
1832 718 1930 788 μὲν
1960 736 2066 789 μα-

468 804 770 859 ταιοπονῶν
800 806 894 860 καὶ
912 807 980 861 τὰ
1001 807 1114 862 ἀνω
1139 807 1292 863 κάτω
1337 809 1508 863 ποιῶν
1560 810 1758 865 θᾶττον
1810 812 2065 887 παρέρχῃ

472 899 566 952 καὶ
597 898 732 970 πρὸς
759 898 794 953 ἃ
829 900 953 971 μηδ’
976 902 1112 972 ἀκοῇ
1138 900 1325 974 φέρειν
1370 902 1600 957 ἀνεκτὸν
1629 904 1897 973 νομίζειν,
1934 905 2062 975 τρέ-

476 1006 593 1059 μων
625 988 723 1042 καὶ
753 989 1055 1060 ἀμηχανῶν
1106 992 1425 1057 καταδύεις·
1476 993 1629 1046 οὐδὲν
1652 995 1697 1048 δ’
1736 995 1830 1049 ἐπὶ
1866 995 2067 1067 βραχύ-

472 1099 635 1135 τατον
671 1080 854 1154 σαυτῷ
880 1083 1193 1155 προστιθεὶς
1226 1084 1321 1138 τοῦ
1353 1086 1570 1157 χρόνου,
1615 1087 1691 1158 μὴ
1746 1087 1829 1142 ὃτι
1876 1106 1941 1159 γε
1996 1091 2063 1161 τῇ

472 1171 777 1243 παρατάξει
810 1178 1388 1249 συμπαρατεινόμενος
1425 1179 1524 1234 τοῦ
1553 1179 1768 1252 ἀψύχου
1817 1182 1911 1236 καὶ
1941 1184 2068 1237 ἀκι-

471 1265 662 1335 νήτουο
723 1266 859 1321 αὐτὸ
906 1268 965 1321 δὲ
1018 1270 1079 1323 ab
1142 1270 1483 1342 πατούμενον
1536 1272 1792 1347 ἔδαφοςή
1831 1273 1993 1344 φύσις
2031 1276 2066 1347 ἡ

471 1357 801 1430 ἀναίσθητος
829 1360 925 1415 καὶ
956 1361 1032 1434 μὴ
1064 1365 1360 1436 κινουμένη
1411 1365 1648 1437 ἕστηκεν
1683 1370 1780 1422 καὶ
1799 1367 2065 1439 διαμένει,

471 1449 532 1501 ού
560 1448 789 1512 πολλοὺς
823 1450 985 1519 μόνον
998 1451 1432 1529 ἔξαλλάττουσα,
1454 1456 1763 1529 κατηγόρου
1798 1458 1896 1528 μὲν
1914 1457 2069 1525 τάξιν

472 1540 661 1593 λαϐεῖν
688 1516 843 1612 παρά
871 1540 965 1595 σοῦ
988 1516 1822 1619 ἕυνελασθεῖσα,’κατηγοροῦσα
1859 1548 1917 1602 δὲ
1966 1516 2067 1620 τῖῆς

475 1632 576 1702 σῆς
607 1633 995 1699 κενοσπουδίας
1046 1636 1273 1693 καὶτῶν
1327 1639 1576 1712 σοϐαρῶν
1604 1640 1955 1712 ἐνθυμήσεως
1979 1642 2069 1697 διά

473 1740 532 1776 τε
552 1722 654 1793 τῆς
686 1725 743 1777 ἐν
766 1724 1006 1796 τοσούτῳ
1038 1727 1216 1797 χρόνῳ
1239 1728 1499 1800 διαμονῆς
1522 1730 1614 1784 καὶ
1632 1733 2027 1803 παραστάσεως
2049 1750 2063 1764 °

474 1816 567 1869 καὶ
585 1816 718 1869 διότι
744 1816 911 1888 μηδὲν
945 1817 1341 1883 ὲξαλλάττουσα
1364 1822 1518 1893 ῶφθη
1539 1823 1644 1876 τῶν
1672 1823 1778 1877 ὑπὸ
1802 1824 1901 1895 τῆς
1928 1825 2067 1895 Προ-

2167 644 2345 700 ueque
2374 631 2614 701 aliquem
2662 642 2982 702 praetextum
3032 635 3203 691 multa
3245 636 3566 693 meditatum
3603 639 3754 693 inve-

2168 721 2341 777 nisse.
2377 722 2484 778 Sed
2518 732 2575 778 tu
2604 725 2826 794 quidem
2868 726 3077 781 frustra
3104 727 3360 785 laborans
3387 738 3441 784 et
3466 731 3752 800 superiora

2166 811 2426 868 deorsum
2456 813 2669 871 faciens
2699 816 2862 873 citius
2888 817 3091 873 transis
3111 858 3127 885 ,
3160 828 3213 874 et
3236 819 3300 873 ad
3331 835 3396 875 ea
3425 836 3547 890 quae
3576 837 3754 891 neque

2167 903 2355 957 auditu
2410 904 2557 962 ferre
2607 906 2890 962 tolerabile
2934 908 3159 978 putari,
3237 920 3479 966 tremens
3511 920 3564 966 et
3594 912 3754 980 inops

2166 998 2389 1053 consilii
2416 998 2734 1067 descendis;
2768 998 2905 1054 nihil
2936 1006 3116 1054 autem
3149 999 3215 1054 ad
3237 998 3620 1057 brevissimum
3654 1002 3750 1057 tibi

2171 1093 2436 1163 adjiciens
2477 1091 2762 1162 temporis,
2796 1091 2968 1146 multo
2998 1091 3181 1148 minus
3210 1093 3556 1163 dispositioni
3590 1110 3753 1149 coex-

2168 1195 2366 1241 tensus
2412 1183 2783 1238 inanimarum
2832 1192 2888 1238 et
2936 1183 3291 1238 immotarum
3332 1199 3538 1239 rerum.
3571 1183 3752 1254 Ipsum

2171 1285 2355 1333 autem
2392 1273 2662 1329 calcatum
2686 1273 2863 1330 solum
2890 1313 2907 1341 ,
2962 1283 3159 1329 natura
3189 1275 3525 1331 insensibilis
3560 1285 3618 1331 et
3652 1276 3756 1330 im-

2171 1378 2321 1425 mota
2353 1375 2464 1423 stat
2490 1374 2545 1422 et
2585 1365 2885 1436 perdurat,
2926 1380 3038 1421 non
3076 1367 3276 1421 multos
3306 1377 3516 1421 tantum
3557 1368 3758 1422 immu-

2171 1467 2316 1525 tans,
2358 1455 2700 1512 accusatoris
2742 1455 2964 1525 quidem
3014 1454 3263 1512 ordinem
3305 1471 3525 1512 sumere
3561 1468 3755 1511 contra

2171 1560 2224 1605 te
2268 1550 2542 1605 concitata
2569 1590 2587 1616 ,
2643 1563 2915 1604 accusans
2952 1564 3083 1605 vero
3121 1558 3276 1605 tuum
3316 1550 3477 1605 inane
3514 1549 3755 1606 studium

2168 1655 2224 1698 et
2250 1642 2523 1697 violentiae
2552 1640 3015 1711 concupiscentiae
3052 1656 3149 1711 per
3195 1643 3657 1712 perseverantiam
3702 1642 3755 1696 in

2169 1741 2323 1788 tanto
2363 1742 2606 1802 tempore
2641 1741 2695 1788 et
2736 1733 3180 1803 persistentiam;
3240 1742 3296 1789 et
3322 1733 3449 1804 quia
3479 1733 3615 1788 nihil
3652 1733 3758 1788 im—

2168 1836 2391 1881 mutans
2431 1825 2611 1880 visum
2657 1833 2741 1879 est
2772 1840 2962 1880 eorum
3004 1840 3127 1895 qua:
3172 1840 3203 1879 a
3250 1823 3597 1880 Providentia
3651 1826 3756 1896 ipsi

474 1910 622 1971 νοὶας
645 1909 783 1980 αὐτῇ
826 1911 1241 1982 κεχαρισμένων
1266 1928 1281 1943 ’
1317 1914 1411 1968 σοῦ
1436 1914 1529 1968 τοῦ
1559 1915 1707 1987 λόγῳ
1739 1916 2064 1986 τιμηθέντος

2172 1920 2370 1975 donata
2401 1926 2529 1991 sunt
2559 1933 2573 1972 :
2609 1925 2661 1972 te
2692 1932 2789 1987 per
2819 1917 3089 1973 rationem
3120 1918 3390 1973 honorato
3418 1919 3488 1973 ob
3513 1919 3756 1974 studium

472 1999 561 2053 διὰ
584 2002 684 2070 τῆς
721 2002 851 2073 περὶ
896 2002 966 2056 τὰ
1027 2005 1234 2073 μάταια
1274 2006 1511 2077 σπουδῆς
1560 2010 1655 2061 καὶ
1711 2008 2063 2079 φιλονεικίας,

473 2091 653 2145 πάντα
709 2093 972 2146 τάναντία
1024 2094 1124 2163 τῆς
1174 2094 1576 2167 δημιουργικῆς
1621 2099 2064 2171 διαπραξαμένου

472 2184 801 2255 κηδεμονίας
832 2188 927 2239 καὶ
972 2188 1317 2260 ἀνεπισχέτῳ
1356 2189 1504 2262 ῥύμῃ
1534 2192 1840 2263 φερομένου
1874 2192 2009 2265 πρὸς
2032 2192 2068 2248 ἃ

469 2293 529 2328 τε
564 2277 719 2346 νόμοι
748 2276 881 2331 θεῖοι
907 2276 1221 2344 διεκώλυον,
1250 2280 1345 2333 καὶ
1373 2279 1569 2350 θεσμοὶ
1609 2281 1826 2351 φύσεως
1860 2283 2067 2338 ἀνωθεν

471 2368 910 2439 καταϐληθέντες
953 2370 1357 2442 ἐδυσχέραινον,
1427 2371 1585 2444 ὓϐριν
1640 2374 1915 2446 ἀφόρητον
1965 2375 2066 2447 τὴν

473 2464 573 2532 σὴν
606 2464 996 2517 κενοσπουδίαν
1040 2466 1133 2518 καὶ
1163 2465 1225 2518 τὸ
1259 2464 1563 2537 ὀξύρροπον
1594 2466 1727 2538 περὶ
1758 2466 1827 2520 τά
1862 2467 2067 2537 μάταια

471 2556 761 2626 φέροντες·
801 2556 876 2619 ὡς
920 2556 987 2610 δι’
1034 2556 1215 2611 αὐτῶν
1247 2558 1348 2628 τῆς
1390 2558 1647 2628 διαϐολῆς
1690 2576 2065 2632 παραπεμπο-

473 2649 642 2719 μένης
671 2651 754 2712 εἰς
781 2649 872 2702 τὸν
900 2650 1192 2718 πανσόφως
1221 2668 1280 2703 τε
1306 2651 1401 2704 καὶ
1432 2652 1853 2722 φιλανθρώπως,
1889 2652 1982 2705 καὶ
2005 2646 2065 2705 οὗ

473 2739 549 2809 μή
582 2740 698 2792 ἐστι
725 2741 863 2809 μήτε
896 2740 1411 2812 φιλανθρωπότερον
1457 2742 1595 2812 μήτε
1617 2742 1862 2811 ἄμεινον,
1927 2742 2066 2813 μήτε

468 2832 613 2903 λόγῳ
637 2832 868 2902 φράσαι,
903 2834 1043 2904 μήτε
1077 2832 1361 2902 λογισμοῖς
1392 2832 1704 2886 ἀναπλάσαι
1732 2832 2069 2902 δημιουργή-

471 2923 639 2978 σαντά
668 2939 729 2975 τε
761 2923 857 2976 καὶ
888 2922 1331 2994 προνοησάμενον
1371 2920 1717 2991 τάἡμέτερα.
1768 2920 1933 2974 Ἀλλά
1958 2922 2066 2991 γὰρ

471 3014 557 3068 σοὶ⁸
583 3014 680 3085 μὲν
714 3015 844 3078 ἴσως
880 3014 1043 3067 ίκανὲι
1081 3011 1389 3066 καὶταῦτα.
1418 3013 1613 3083 Εὑρεῖν
1633 3012 1677 3065 δ’
1708 3011 1856 3065 ἐστιν
1890 3012 2067 3075 ἐνίους

469 3107 665 3177 γενεὰν
739 3108 839 3178 μὲν
899 3106 1347 3178 ὲκπορευομένην
1400 3106 1495 3158 καὶ
1552 3104 1959 3176 ὲκϐαλλομένην
2004 3104 2066 3157 τὸ

483 3200 753 3254 Ἰουδαίων
780 3199 937 3268 γένος
964 3199 1431 3270 ὲκλαμϐἀνοντας,
1459 3196 1653 3266 γενεὰν
1687 3198 1744 3250 δὲ
1761 3196 2065 3267 ἐρχομένην

471 3294 567 3348 καὶ
598 3293 1053 3364 διαμένουσαντά
1090 3293 1255 3346 τέκνα
1302 3292 1400 3360 τῆς
1450 3293 1676 3363 χάριτος
1712 3292 1807 3344 ἅτε
1854 3291 1919 3360 δὴ
1975 3289 2069 3343 τοῦ

472 3385 618 3440 θείου
648 3386 851 3457 σπόρου
885 3385 1107 3457 καὶτῆς
1152 3386 1294 3439 κατά
1327 3384 1564 3454 Χριστὸν
1618 3382 1894 3453 γεωργίας
1942 3382 2076 3435 ἀνα-

2171 2012 2317 2067 circa
2360 2028 2500 2066 vana
2535 2021 2588 2067 et
2626 2012 2977 2083 cupiditatem
3001 2054 3017 2079 ,
3057 2012 3243 2067 omnia
3280 2012 3557 2066 contraria
3603 2028 3761 2068 crea-

2169 2104 2325 2159 tricis
2347 2108 2588 2173 foperato
2612 2119 2793 2171 curae,
2842 2113 2898 2159 et
2926 2104 3261 2159 incoercibili
3293 2104 3498 2173 impetu
3539 2104 3650 2159 lato
3687 2105 3757 2160 ad

2168 2212 2231 2251 ea
2258 2213 2381 2268 quae
2412 2198 2556 2268 leges
2578 2196 2776 2252 divina:
2806 2197 3191 2268 prohibebant,
3222 2206 3276 2252 et
3303 2197 3519 2251 vincula
3548 2207 3758 2253 natura:

2170 2287 2408 2358 desuper
2448 2290 2689 2346 demissa
2718 2290 3145 2360 improbabant,
3191 2289 3448 2359 injuriam
3495 2291 3756 2346 intolera-

2171 2380 2337 2436 bilem
2381 2388 2528 2435 tuam
2572 2395 2842 2436 vanorum
2877 2380 3266 2450 appetitionem
3315 2389 3371 2435 et
3420 2382 3754 2452 praecipitem

2173 2470 2436 2540 impetum
2465 2471 2531 2526 ad
2567 2471 2755 2526 inania
2800 2470 3077 2538 ferentes;
3115 2472 3273 2541 quasi
3304 2487 3400 2543 per
3426 2488 3492 2527 ea
3526 2488 3755 2529 accusa-

2170 2562 2321 2617 tione
2359 2562 2565 2631 perlata
2608 2562 2677 2618 ad
2718 2564 2943 2617 omnino
2986 2563 3263 2633 sapienter
3299 2571 3355 2619 et
3398 2565 3758 2636 benigne,-et

2170 2668 2279 2708 non
2323 2663 2408 2708 est
2444 2669 2624 2724 neque
2648 2654 2779 2724 quid
2817 2654 3110 2723 benignius
3145 2667 3322 2723 neque
3354 2654 3551 2709 melius
3578 2669 3758 2726 neque

2172 2746 2338 2800 verbo
2366 2746 2515 2801 dictu
2553 2762 2732 2817 neque
2757 2746 3181 2817 cogitationibus
3210 2746 3362 2812 ﬁetu,
3394 2756 3673 2802 creantetn
3702 2756 3757 2802 et

2169 2837 2545 2907 providentem
2580 2845 2789 2893 nostra.
2817 2836 2923 2891 Sed
2951 2836 3097 2891 enim
3129 2835 3274 2891 forte
3304 2837 3401 2892 tibi
3430 2837 3756 2892 sullicientia

2169 2938 2224 2982 et
2251 2928 2397 2983 ista:
2451 2928 2694 2998 reperire
2736 2942 2867 2983 vero
2909 2937 2993 2983 est
3030 2927 3298 2998 quosdam
3346 2929 3759 3001 generationem

2168 3034 2455 3076 exeuntem
2489 3030 2545 3076 et
2580 3021 2833 3089 eiectam,
2856 3018 3174 3075 Judaeurum
3208 3037 3381 3092 genus
3407 3022 3759 3093 accipientes,

2168 3112 2578 3183 generationem
2608 3127 2739 3166 vero
2766 3112 3145 3167 advenientem
3172 3123 3226 3167 et
3257 3124 3666 3183 permanentem
3696 3116 3763 3169 [i-

2181 3205 2282 3257 lios
2309 3202 2517 3272 gratiae,
2549 3208 2738 3268 utpote
2765 3199 2861 3271 qui
2896 3200 3131 3256 adivino
3160 3201 3373 3257 semine
3411 3211 3467 3257 et
3507 3204 3577 3258 ab
3613 3204 3763 3274 agri-

2180 3295 2392 3351 cultura
2439 3293 2743 3349 secundum
2778 3292 3059 3347 Christum
3095 3308 3314 3348 sursum
3347 3295 3761 3366 germinarunt;

2176 3397 2378 3441 terram
2417 3393 2597 3438 autem
2628 3384 2682 3437 in
2711 3382 2973 3438 smculum
3007 3392 3153 3438 stare
3186 3381 3443 3439 Veterem
3476 3393 3530 3439 ει
3553 3384 3764 3440 Novam

491 3479 913 3550 ϐλαστήσανταο
950 3479 1053 3548 γῆν
1082 3478 1139 3531 δὲ
1174 3479 1253 3541 εἰς
1292 3479 1383 3531 τὸν
1423 3477 1596 3531 αἰῶνα
1633 3478 1856 3529 ὲστᾶναι
1887 3476 1989 3546 τήν
2020 3491 2068 3527 τε

2179 3479 2563 3549 Scripturam;
2600 3478 2745 3547 quod
2785 3486 2968 3531 autem
3013 3474 3337 3546 frugiferum
3379 3485 3464 3532 est
3502 3478 3763 3533 virtutum

472 3570 722 3625 Παλαιὰν
745 3572 842 3624 καὶ
867 3570 1012 3625 Νέαν
1040 3570 1283 3642 Γραφήν·
1313 3571 1395 3623 ὅτι
1420 3587 1480 3622 τε
1506 3570 1566 3622 τὸ
1594 3568 1945 3640 καρποφόρον
1968 3567 2068 3619 τῶτ

2177 3573 2363 3627 videre
2389 3585 2511 3627 esse
2533 3571 2587 3624 in
2619 3570 2753 3640 ipsis
2779 3578 3126 3640 congestum,
3153 3578 3208 3624 et
3234 3569 3415 3641 legum
3446 3579 3501 3625 et
3528 3572 3769 3641 promis-

474 3664 687 3735 ἀρετῶν
711 3664 846 3735 ὁρᾷν
876 3662 1027 3717 ἐστιν
1050 3663 1242 3726 αὑταῖς
1293 3662 1776 3734 ὲνευθηνούμενον,
1811 3662 1907 3715 καὶ
1959 3660 2074 3713 τῶν

476 3756 658 3825 νόμων
688 3757 784 3807 καὶ
801 3754 911 3808 τῶν
954 3753 1302 3823 ἐπαγγελιῶν
1330 3754 1393 3807 τὸ
1440 3753 1507 3807 δι’
1553 3753 1749 3817 αἰῶνος
1778 3754 2032 3823 ἀκίνητον
2055 3768 2070 3783 ·

476 3838 553 3899 ὧν
584 3847 683 3908 τὰς
720 3844 818 3915 μὲν
852 3847 965 3909 τοῖς
992 3845 1224 3909 δικαίοις
1256 3845 1648 3916 ἀπενείμαντο,
1680 3846 1800 3909 ταῖς
1839 3844 1897 3899 δὲ
1946 3845 2075 3908 τοὺς

478 3936 838 4007 ἁμαρτωλοὺς
867 3936 961 3989 καὶ
987 3936 1333 4008 ἀμετανόητα
1359 3936 1860 4008 πλημμελήσαντας
1898 3953 2073 4007 παρα-

477 4027 810 4099 πέμπουσιν.

1012 4137 1348 4191 Ε-ΡΩΤΗΣΙΣ
1392 4134 1527 4204 squ

482 4227 626 4283 Τίνα
648 4229 799 4283 νοῦν
824 4229 1201 4283 ἀναπτύσσει
1220 4228 1287 4281 τό
1306 4246 1319 4259 ε
1364 4246 1383 4279 ι
1417 4229 1585 4280 Ἔστι
1617 4226 1847 4293 δίκαιος
1876 4226 2066 4281 ἀπολ-

554 4301 816 4368 λύμενος
841 4300 912 4353 ἐν
954 4299 1162 4363 δικαίῳ
1208 4298 1417 4362 αὐτοῦ,
1466 4297 1564 4351 καί
1604 4296 1779 4350 ἐστιν
1833 4297 2064 4364 ἀσεϐὴς

554 4370 759 4439 μένων
783 4371 853 4423 ἐν
884 4369 1064 4437 κακίᾳ
1085 4368 1271 4423 αὐτοῦ
1291 4385 1311 4434 ;
1332 4387 1351 4421 ι

2181 3664 2397 3717 sionum
2430 3678 2528 3732 per
2555 3661 2819 3718 saeculum
2855 3659 3207 3726 firmitatem;
3241 3674 3479 3729 quarum
3509 3661 3610 3715 has
3639 3660 3767 3731 qui-

2181 3756 2305 3811 dem
2332 3754 2501 3826 justis
2540 3753 2983 3819 distribuebant,
3023 3752 3090 3807 ad
3131 3752 3253 3808 illas
3288 3760 3471 3807 autem
3511 3762 3770 3822 peccato-

2182 3862 2270 3902 res
2311 3854 2368 3901 et
2399 3845 2550 3900 nulla
2588 3843 2910 3915 paenitentia
2949 3842 3173 3901 functos
3210 3844 3518 3899 remittunt.

2514 4131 2845 4200 QUASSTIO
2888 4129 3054 4185 LXVI
3087 4129 3193 4203 [αι.
3228 4129 3425 4202 LXV].

2176 4224 2473 4290 Quemnam
2527 4240 2741 4277 sensum
2786 4222 2958 4290 aperit
3004 4219 3192 4273 illud:
3242 4238 3271 4271 ι.
3312 4219 3411 4273 Est
3448 4219 3633 4288 justus
3673 4223 3767 4291 qui

2240 4295 2373 4363 perit
2430 4295 2483 4346 in
2525 4293 2748 4361 justitia
2794 4308 2933 4358 sua,
2984 4300 3035 4345 et
3090 4298 3167 4343 est
3215 4291 3409 4359 impius
3453 4306 3668 4347 manem
3710 4292 3772 4347 in

2234 4363 2568 4431 improbitate
2602 4379 2721 4416 sua.
2760 4381 2779 4414 ι

1496 4500 1640 4552 Edita
1660 4515 1687 4551 a
1707 4500 1853 4561 Maio,
1874 4502 1910 4550 l.
1934 4514 1981 4550 c.
2006 4514 2055 4563 p.
2079 4498 2247 4549 80-81.
2274 4497 2328 4548 In
2355 4496 2524 4549 Eccle.
2544 4511 2629 4557 vn,
2652 4495 2730 4548 16.

554 4628 575 4662 ι
611 4609 830 4673 Δίκαιος
857 4607 956 4680 μὲν
977 4607 1052 4672 ὡς
1078 4609 1253 4677 φοῖνιξ
1273 4608 1627 4682 ἀνθήσει,καὶ
1653 4607 1729 4673 ὡς
1755 4609 1790 4679 ή
1820 4608 2011 4678 κέδρος
2033 4609 2065 4679 ἡ

2254 4624 2275 4658 ι
2306 4604 2499 4661 Justus
2522 4604 2744 4675 quidem
2770 4613 2829 4658 ut
2850 4603 3029 4674 palma
3053 4602 3538 4667 ﬁorebit,et'sicut
3567 4602 3781 4659 cedrus

478 4703 538 4756 ὲν
574 4700 653 4772 τῷ
686 4700 904 4771 Λιϐάνῳ
930 4699 1395 4771 πληθυνθήσεται.
1434 4718 1453 4752 ι
1481 4698 1560 4751 Δι’
1584 4698 1852 4770 ἑκατέρας
1876 4696 2076 4763 λέξεως

476 4795 580 4862 τῆς
608 4791 961 4862 δικαιοσύνης
980 4791 1040 4844 τὸ
1080 4790 1295 4863 κέρδος,
1330 4789 1426 4844 καὶ
1457 4788 1566 4844 τῶν
1593 4788 1776 4842 καλῶν
1809 4790 1843 4860 ἡ
1876 4787 2074 4859 εὐφθο-

478 4885 570 4939 νία
598 4902 661 4938 τε
687 4885 782 4939 καὶ
804 4883 1032 4955 εύθηνία
1053 4882 1457 4951 διαγγέλλεται,
1484 4881 1573 4935 διά
1594 4899 1657 4934 τε
1694 4879 1791 4935 τοῦ
1816 4880 2075 4950 ἀνθήσει

478 4976 725 5047 δηλονότι
746 4976 839 5029 καὶ
860 4975 955 5030 τοῦ
1004 4975 1517 5043 πληθυνθὴσεται.
1549 4965 1720 5035 Οὗτος
1761 4974 1791 5026 ὁ
1842 4970 2073 5038 δίκαιος,

481 5068 586 5122 κάν
619 5068 973 5139 μαστίςηται,
994 5066 1097 5121 κᾶν
1122 5064 1499 5137 στρεϐλοῦται,
1524 5065 1630 5119 κᾶν
1656 5064 1839 5135 πάσχῃ
1870 5063 1939 5117 τὰ
1972 5063 2071 5117 ἀλ-

481 5161 788 5232 γεινότερα,
809 5160 914 5214 κᾶν
931 5158 1069 5230 πρὸς
1092 5157 1326 5229 σφαγὴν,
1357 5157 1463 5211 κᾶν
1500 5156 1638 5228 πρὸς
1684 5155 1938 5222 θάνατον,
1965 5156 2072 5210 κᾶν

482 5253 621 5322 πρὸς
645 5251 882 5322 σταυρὸν
917 5248 1394 5323 ἀπάγηται,ούδὲν
1421 5243 1584 5320 ἦττον
1613 5245 1689 5310 ὡς
1713 5246 1890 5316 φοῖνιξ
1919 5246 2075 5301 ἀνθεῖ

482 5343 578 5400 καὶ
619 5342 753 5396 ὡσεὶ
782 5341 974 5413 κέδρος
1003 5340 1465 5412 πληθυνθήσεται,
1525 5336 1912 5392 πολλαπλασίω
1965 5336 2073 5391 τῶν

482 5436 662 5493 πόνων
688 5435 780 5488 καὶ
808 5434 1151 5505 παθημάτων
1204 5433 1303 5505 τὴν
1328 5432 1629 5488 ἀπόλαυσιν
1654 5430 1946 5500 εὑρίσκων,
1978 5429 2077 5486 καὶ

481 5530 595 5593 τοῖς
616 5527 934 5598 ἀδιηγήτοις
964 5526 1192 5596 ἀγαθοῖς
1234 5525 1519 5599 ἐντρυφῶν
1542 5542 1602 5579 τε
1622 5526 1720 5579 καὶ
1746 5522 2071 5594 ὲνευθηνού-

484 5635 669 5689 μενος.
720 5618 817 5681 Τίς
836 5613 930 5671 οὖν
956 5618 1107 5672 ἐστιν
1146 5620 1175 5673 ὁ
1206 5616 1416 5681 δίκαιος
1453 5618 1483 5671 ό
1508 5619 1567 5671 ὲν
1588 5613 1667 5687 τῷ
1689 5613 1882 5685 δικαίῳ
1906 5612 2074 5669 αὑτοῦ

481 5700 888 5774 ἀπολλύμενος,
916 5706 1014 5761 καὶ
1037 5705 1161 5763 τίνα
1190 5707 1394 5779 τρόπον
1421 5705 1721 5761 ἀπόλλυται
1740 5721 1755 5773 ;
1775 5703 1811 5775 ἢ
1831 5702 2078 5776 δηλονότι

556 5842 601 5875 ⁸³
640 5839 784 5897 Psal.
820 5854 905 5895 XCI
936 5880 952 5909 ,
994 5843 1082 5901 l5.

2178 4695 2373 4751 Libani
2394 4694 2847 4765 multiplicabitur
2872 4694 2917 4724 “
2948 4712 2995 4761 ι,
3033 4708 3129 4764 per
3155 4702 3445 4764 utramque
3470 4693 3763 4750 dictionem

2174 4788 2405 4860 iustitiae
2450 4789 2710 4853 lucrum,
2756 4795 2811 4842 et
2852 4786 3125 4841 bonorum
3167 4784 3453 4840 beatitudo
3484 4793 3539 4840 et
3563 4784 3767 4840 divitiae

2178 4888 2543 4949 enarrantur,
2566 4895 2665 4951 per
2694 4878 2830 4935 illud
2859 4878 3067 4948 ﬁorebit
3100 4877 3349 4934 videlicet
3382 4887 3437 4933 et
3462 4878 3594 4933 illud
3625 4881 3767 4932 mul-

2176 4970 2641 5042 tiplicabitur.llic
2656 4970 2864 5042 justus,
2892 4972 2996 5027 etsi
3018 4968 3345 5041 ﬂagelletur,
3373 4970 3476 5025 etsi
3506 4978 3769 5041 torquea-

2176 5074 2289 5130 tur,
2322 5065 2452 5121 licet
2479 5064 2719 5135 patiatur
2756 5062 2980 5119 duriora
3006 5104 3023 5131 ,
3065 5063 3169 5119 etsi
3212 5062 3279 5117 ad
3314 5062 3628 5127 victimam,
3659 5060 3765 5117 etsi

2176 5156 2245 5211 ad
2277 5166 2535 5220 mortem,
2565 5156 2668 5211 etsi
2702 5156 2769 5210 ad
2796 5169 3016 5211 crucem
3043 5153 3765 5222 abducatur,,nihilominus

2178 5255 2239 5301 ut
2262 5247 2441 5317 palma
2469 5246 2685 5302 llorebit
2723 5256 2779 5302 et
2798 5253 2857 5301 ut
2885 5247 3085 5303 cedrus
3103 5245 3570 5315 multiplicabitur,
3589 5244 3763 5300 multo

2178 5337 2446 5408 majorem
2476 5337 2759 5395 laboribus
2786 5348 2842 5394 et
2871 5338 3224 5409 passionibus
3259 5336 3577 5392 {tuitionem
3610 5336 3763 5391 inve-

2178 5428 2373 5494 niens,
2392 5438 2448 5484 et
2470 5428 2937 5487 inenarrabilibus
2960 5429 3123 5486 bonis
3148 5428 3392 5500 gaudens
3420 5438 3475 5484 et
3507 5428 3757 5484 amuens.

2174 5520 2312 5589 Quis
2346 5521 2516 5594 igitur
2550 5530 2635 5580 est
2663 5523 2847 5593 justus
2883 5523 2979 5594 qui
3012 5523 3069 5577 in
3106 5522 3317 5595 iustitia
3354 5538 3451 5577 sua
3482 5522 3661 5594 perit,
3702 5530 3773 5577 et.

2170 5611 2449 5682 quomodo
2480 5612 2658 5684 perit?
2693 5610 2961 5670 Videlicet
2986 5613 3081 5685 qui
3106 5613 3241 5685 justi
3275 5613 3498 5685 quidem
3534 5612 3679 5683 rapit
3701 5621 3769 5667 et.

2173 5702 2357 5762 induit
2399 5718 2604 5763 nomen
2655 5711 2712 5763 et
2759 5705 2969 5763 vultum
2992 5747 3027 5774 ,.
3060 5705 3165 5763 sed,
3200 5705 3256 5763 in
3291 5721 3390 5763 sua
3418 5702 3758 5778 justitiaille
