4144 6440
492 397 593 463 431

1686 405 1953 466 ῙἮΟΤῙΙ
1979 407 2254 467 PATRIA
2266 408 2360 468 RC
2370 408 2489 468 [LE
2524 408 2634 469 (ΖΡ.

3691 405 3796 473 439

486 521 701 592 justum
737 527 799 569 se
832 510 989 568 ﬁnxit
1028 524 1187 577 esse,
1230 510 1365 582 justi
1392 511 1602 567 vultum
1642 528 1750 566 non
1788 531 1856 567 ex
1888 514 1957 569 iis
1981 530 2095 584 quae

2207 518 2234 567 ὁ
2253 514 2350 569 τοῦ
2380 516 2590 569 δικαίου
2630 515 2730 585 μὲν
2756 512 3021 583 ἁρπάζων
3049 511 3145 566 καὶ
3184 514 3793 584 κατασχηματιζόμενος

410 652 415 655 Α
490 609 634 672 erat,
663 603 758 659 sed
789 620 855 664 ex
885 604 952 659 iis
980 619 1103 674 qum
1133 603 1440 671 ﬁngebatur
1476 604 1733 660 induens.
1756 605 1905 660 Talis
1934 606 2104 677 igitur

487 698 699 769 justus.
735 698 837 753 etsi
874 712 1070 753 omnes
1106 698 1258 753 illuni
1296 698 1609 762 celebrent,
1643 702 1745 754 etsi
1773 716 1967 755 omnes
1998 700 2102 771 ipsi

488 790 760 859 justitiam
792 790 1059 860 plaudant
1081 830 1097 855 ,
1143 790 1198 845 in
1245 793 1364 860 ipso
1414 791 1603 847 habitu
1638 794 1871 863 justitite
1904 810 2018 849 suae
2047 804 2101 849 et

492 882 719 936 nomine
773 884 839 936 ad
888 891 1195 937 extremam
1249 884 1592 954 iniquitatem
1642 896 1696 940 et
1737 886 2100 955 perditionem

495 991 741 1045 princeps
787 975 982 1030 fertur.
1026 976 1185 1042 Quod
1240 977 1387 1031 enim
1456 978 1635 1047 majus
1683 980 1888 1033 hirtum
1936 996 2099 1050 quam

491 1068 624 1136 justi
658 1068 825 1123 furari
859 1070 1286 1139 appellationem
1321 1070 1467 1125 inter
1509 1071 1745 1141 injustos
1785 1072 2057 1141 jacenteni
2079 1072 2105 1125 ?

499 1159 643 1223 Quid
696 1172 880 1214 autem
940 1162 1319 1231 impudentius
1374 1178 1541 1232 quam
1602 1179 1792 1216 amore
1843 1164 2099 1231 insigniri

497 1250 976 1308 excellentissima:
1019 1254 1283 1308 virtutum
1338 1263 1393 1309 et
1437 1270 1535 1323 per
1570 1271 1763 1309 omnes
1814 1256 1939 1310 illas
1979 1272 2099 1324 per-

498 1344 772 1401 venientia
800 1354 855 1400 et
884 1346 1269 1417 symphoniam
1307 1348 1643 1417 perﬁcientis
1663 1350 1991 1403 concordem
2031 1350 2098 1404 ad

499 1451 667 1505 quam
717 1437 873 1492 nullo
914 1438 1230 1507 disponitur
1260 1438 1463 1509 pejus?
1509 1440 1592 1493 An
1636 1440 1805 1510 igitur
1833 1442 1956 1496 talis
1988 1457 2095 1495 non

501 1528 557 1582 in
585 1544 685 1584 sua
709 1529 924 1599 justitia
956 1529 1107 1601 juste
1130 1530 1307 1601 perit?
1335 1531 1602 1598 Quaereris
1644 1547 1766 1602 quae
1798 1549 1906 1587 non
1934 1533 2099 1589 habet

502 1622 823 1689 ostendere,
856 1631 912 1679 et
940 1634 1167 1694 propter
1190 1640 1315 1694 quae
1344 1625 1654 1680 celebratur
1677 1627 1930 1697 decipere
1961 1627 2099 1683 alios

456 1718 459 1719 '
502 1711 726 1768 fictione
756 1715 915 1785 quasi
950 1714 1198 1786 diligeret
1227 1716 1331 1771 ista
1367 1717 1726 1782 machinans,
1753 1728 1807 1772 et
1835 1734 1945 1788 pra:
1973 1720 2098 1775 aliis

506 1804 752 1874 seipsum
785 1806 958 1861 multo
985 1808 1143 1881 pejus
1182 1819 1236 1863 et
1267 1808 1562 1864 infelicius.
1604 1808 1817 1865 Etenim
1855 1826 1921 1864 eo
1948 1812 2092 1880 quod

506 1894 806 1968 confugere
850 1898 918 1952 ad
971 1900 1022 1953 id
1057 1900 1205 1969 quod
1254 1901 1466 1970 justum
1507 1910 1593 1955 est
1634 1915 1692 1956 se
1742 1901 1935 2004 lingit,
1980 1903 2097 1973 ipse
2132 1896 2173 1951 Β

506 1990 692 2046 sciens
724 1999 778 2046 et
803 1991 996 2047 nolens
1017 1994 1312 2047 conﬁtetur
1346 2010 1403 2049 se
1433 1995 1594 2064 pejus
1626 1990 1959 2064 anteponere
1988 2012 2101 2049 me-

506 2085 672 2153 iiuri;
711 2102 825 2141 non
858 2086 1006 2142 enim
1035 2099 1305 2157 quaereret
1336 2088 1571 2145 formam
1604 2091 1840 2146 alienam
1872 2092 2100 2147 induere

501 2191 602 2246 per
624 2191 791 2247 quam
820 2179 1095 2249 propriam
1121 2180 1455 2237 abscondere
1484 2183 1678 2252 possit.
1698 2183 1901 2239 Deinde
1929 2199 1942 2236 :
1976 2202 1993 2235 ι
2032 2184 2101 2241 Et

500 2277 588 2325 est
620 2269 822 2340 impius
865 2288 1098 2330 manens
1146 2273 1201 2329 in
1238 2275 1587 2345 improbitate
1620 2292 1754 2344 sua;
1795 2296 1815 2329 ι
1844 2277 1950 2332 alia
1997 2278 2097 2333 ista

502 2362 856 2420 ratiocinatio
888 2375 944 2421 et
987 2367 1092 2420 alia
1132 2365 1447 2425 Salomonis
1489 2370 1555 2424 ad
1597 2371 1780 2439 priora
1828 2372 2097 2426 sententia

498 2456 767 2525 opposita.
800 2458 915 2513 Illic
943 2458 1089 2513 enim
1123 2468 1403 2529 putantem
1448 2477 1509 2516 se
1546 2462 1759 2532 justum
1791 2479 1933 2529 esse,
1972 2480 2097 2519 cum

498 2563 609 2604 non
643 2550 717 2604 sit
742 2550 799 2605 in
829 2550 946 2621 ipsa
972 2552 1107 2607 dicit
1140 2568 1280 2607 vana
1308 2553 1729 2624 subsumptione
1779 2569 1829 2610 et
1865 2556 2103 2611 artiﬁcio

497 2640 722 2709 perire;
756 2641 846 2697 hic
875 2658 1006 2697 vero
1034 2643 1090 2698 in
1116 2660 1240 2714 quin
1272 2645 1432 2701 [ictus
1464 2646 1758 2716 illejustus
1787 2648 2000 2701 incidit.
2034 2650 2099 2703 Et

501 2731 731 2801 impium
770 2734 858 2788 his
884 2734 1117 2790 detineri
1145 2737 1328 2792 sciens
1356 2778 1369 2799 .
1399 2747 1581 2793 tamen
1613 2754 1721 2794 non
1746 2756 1809 2795 ex
1845 2741 1957 2795 illis
1979 2742 2099 2807 ejus

499 2825 685 2895 arguit
712 2825 1016 2896 nequitiam
1048 2837 1103 2881 et
1139 2829 1495 2894 atheismum,
1527 2832 1624 2887 sed
1656 2848 1719 2887 ex
1746 2833 1863 2903 ipsa
1897 2836 1947 2888 in
1985 2835 2095 2888 im-

498 2916 706 2987 pietate
733 2921 1146 2988 perseverantia
1175 2930 1227 2976 et
1263 2922 1608 2979 habitatione
1646 2927 1910 2996 prOpria;
1965 2944 2096 2997 pro-

499 3019 623 3081 pter
666 3010 811 3080 quod
867 3020 923 3066 et
972 3021 1273 3069 extremam
1328 3016 1590 3071 ultionem
1640 3028 1694 3072 et
1735 3020 2093 3088 perditionem

498 3103 749 3172 protulit.
784 3122 802 3155 ι
833 3102 937 3171 Qui
970 3106 1119 3161 enim
1166 3122 1273 3161 non
1325 3109 1501 3165 credit
1545 3111 1598 3164 in
1648 3111 1848 3166 Filium
1903 3112 2032 3179 Dei,
2068 3133 2086 3166 ι

495 3194 921 3251 insubstantiata
955 3198 1097 3253 dixit
1138 3198 1351 3257 Veritas
1377 3243 1394 3268 ,
1457 3221 1475 3254 ι
1501 3202 1613 3273 jam
1650 3204 1930 3273 judicatus
1967 3217 2089 3271 est,

492 3288 622 3358 quia
656 3304 767 3344 non
799 3290 976 3347 credit
1024 3291 1079 3346 in
1122 3308 1321 3349 nomen
1356 3295 1621 3367 unigeniti
1663 3297 1785 3352 Filii
1838 3297 1926 3353 Dei
1962 3300 2024 3353 ⁸³.
2068 3320 2089 3352 ι

493 3384 845 3442 Manifestum
863 3402 993 3442 vero
1018 3388 1070 3443 in
1096 3386 1295 3445 Filium
1318 3392 1757 3448 incredulitatem
1780 3404 1829 3449 et
1849 3397 2093 3465 ejusdem

492 3487 703 3534 natura:
731 3490 785 3537 et
809 3480 1055 3550 ejusdem
1093 3482 1417 3539 substantia:
1453 3483 1634 3541 Patris
1665 3496 1718 3539 et
1744 3487 1984 3553 Spiritus
2015 3490 2091 3544 si-

495 3566 608 3619 mul
648 3566 913 3624 inducere
949 3569 1389 3626 incredulitatem
1413 3614 1427 3635 ,
1463 3584 1522 3629 ut
1545 3585 1599 3629 et
1632 3578 1792 3631 Iidem
1826 3581 2089 3650 causequi

495 3659 640 3714 solet
678 3660 835 3716 ﬁdes.
884 3661 1029 3717 Dicit
1078 3663 1242 3733 igitur
1294 3665 1544 3722 Salvator
1582 3669 1983 3739 blasphemanti
2034 3672 2089 3724 in

497 3746 762 3818 Spiritum
798 3759 1076 3819 sanctum,
1104 3751 1155 3806 id
1188 3763 1273 3807 est
1300 3754 1355 3808 in
1392 3770 1557 3809 unam
1589 3757 2090 3823 supernaturalium

494 3850 548 3897 et
583 3845 709 3898 vitae
744 3844 1141 3915 principiorum
1191 3856 1244 3902 et
1289 3847 1536 3917 ejusdem
1582 3858 1794 3905 natura:
1832 3850 2092 3921 hyposta-

495 3932 640 3988 sium
679 3934 1073 4004 omnipotentis
1106 3948 1161 3993 et
1193 3939 1475 3994 creatricis
1508 3939 1771 4006 Deitatis,
1829 3942 1957 3996 huic
1990 3943 2089 3995 etsi

493 4026 766 4082 virtutum
801 4044 992 4085 amore
1037 4032 1360 4102 passionum
1392 4034 1645 4088 videatur
1673 4050 1798 4089 esse
1836 4035 2094 4090 immuni-

2203 607 2304 675 τὴν
2344 606 2535 677 κλῆσιν
2562 607 2655 659 καὶ
2690 606 2751 658 τὸ
2777 605 3092 674 πρόσωπον,
3125 605 3184 657 ἐν
3207 606 3344 674 αὐτῇ
3374 604 3431 657 δὲ
3461 606 3528 676 τῇ
3580 611 3793 678 μηχανῇ

2203 702 2368 755 αὑτοῦ
2394 702 2487 754 καὶ
2524 701 2814 771 περιεργίᾳ
2844 698 3216 769 διολλύμενος.
3265 698 3341 751 υὺ
3371 698 3481 769 γὰρ
3508 698 3694 763 ἁπλῶς
3715 695 3794 754 εἷ-

2204 811 2307 847 πεν
2340 797 2399 848 ὲν
2430 793 2506 864 τῷ
2540 794 2793 864 δικαίῳῆ
2827 796 2885 846 ὲν
2909 796 2975 864 τῇ
3036 791 3353 862 δικαιοσύνῃ
3405 790 3794 861 ἀπολλύμενος,

2203 887 2319 941 ἀλλ’
2343 891 2399 940 ἐν
2433 889 2511 959 τῷ
2537 890 2729 959 δικαίῳ
2771 887 2937 941 αὑτοῦ
2966 888 2994 939 ὃ
3039 889 3246 949 ἐκεῖνος
3275 886 3485 939 δίκαιον
3518 886 3795 956 ἐμηχανή-

2205 993 2335 1030 σατο
2376 974 2539 1041 εἶναι,
2563 978 2623 1031 τὸ
2649 977 2742 1030 τοῦ
2780 977 2992 1031 δικαίου
3029 978 3321 1046 πρόσωπον
3362 978 3465 1028 οὑκ
3500 975 3560 1041 ἐξ
3599 970 3675 1028 ὧν
3705 972 3792 1046 ἦν,

2204 1070 2319 1122 ἀλλ’
2348 1069 2407 1133 ἐξ
2432 1063 2507 1122 ὧν
2537 1069 2959 1140 ἐσχηματίςετο,
3016 1068 3498 1139 περιϐαλλόμενος.
3539 1068 3595 1120 '0
3626 1066 3797 1120 τοιοῦοι

2202 1179 2291 1225 τος
2314 1158 2407 1215 οῦν
2438 1162 2665 1225 δίκαιος,
2697 1161 2801 1220 κᾶν
2836 1163 3037 1225 πάντες
3069 1161 3233 1215 αὑτὸν
3253 1160 3518 1230 ὑμνῶσιν,
3539 1159 3644 1213 κᾶν
3667 1162 3798 1213 πάν-

2200 1272 2291 1319 τες
2324 1255 2471 1326 αύτῴ
2496 1256 2557 1308 τὸ
2580 1255 2785 1308 δίκαιον
2807 1259 2932 1308 ὲπικ
2943 1254 3190 1325 ροτῶσιν,
3212 1256 3270 1306 ἐν
3292 1253 3440 1324 αὑτῷ
3456 1252 3533 1322 τῷ
3560 1254 3798 1322 σχήματι

2200 1350 2301 1417 τῆς
2352 1349 2698 1418 δικαιοσύνης
2754 1348 2918 1401 αὑτοῦ
2958 1350 3051 1401 καὶ
3101 1346 3180 1417 τῷ
3236 1347 3463 1416 ὀνόματι
3514 1346 3651 1416 πρὸς
3701 1345 3798 1416 τὴν

2201 1442 2438 1512 ἐσχάτην
2472 1442 2686 1494 ἀδικίαν
2715 1442 2809 1493 καὶ
2832 1441 3110 1494 ἀπώλειαν
3138 1440 3528 1510 καταφέρεται.
3568 1438 3664 1501 Τίς
3691 1438 3799 1509 γὰρ

2206 1535 2410 1605 μείζων
2448 1534 2623 1603 κλοπὴ
2686 1533 2785 1605 τὴν
2818 1532 2912 1585 τοῦ
2962 1532 3174 1585 δικαίου
3209 1530 3464 1587 κλέπτειν
3520 1547 3797 1602 προσηγο-

2202 1629 2326 1699 ρίαν
2363 1631 2474 1692 τοϊς
2528 1628 2734 1691 ἀδίκοις
2764 1626 3160 1697 ἀνακείμενονς
3209 1626 3275 1679 Τί
3329 1626 3375 1678 δ’
3419 1625 3800 1695 ἀναιδέστερον

2200 1722 2365 1793 ἔρωτι
2400 1721 2762 1792 σεμνύνεσθαι
2790 1722 2889 1789 τῆς
2938 1718 3230 1790 καλλίστης
3264 1718 3377 1772 τῶν
3408 1718 3647 1789 ἀρετῶν,
3705 1719 3799 1772 καὶ

2198 1815 2263 1868 δι’
2302 1815 2532 1868 ἀπασῶν
2556 1814 2739 1866 αὑτῶν
2755 1813 3047 1884 διηκούσης
3083 1812 3175 1865 καὶ
3194 1810 3293 1883 τὴν
3320 1809 3645 1882 συμφωνίαν
3670 1811 3799 1865 ἀπο·-

2200 1909 2459 1977 τελούσης
2515 1908 2858 1977 ἐναρμόνιον,
2928 1906 3064 1977 πρὸς
3129 1907 3195 1976 ἡν
3255 1905 3468 1968 οὐδενὸς
3526 1905 3799 1958 διάκειται

2200 2000 2657 2070 δυσμενέστερον;
2687 1996 2754 2051 τΛ
2768 2002 2814 2070 ρ’
2844 1996 2940 2052 οὖν
2979 2001 3007 2053 ὁ
3040 1998 3283 2062 τοιοῦτος
3302 1998 3402 2051 οὑκ
3428 1999 3489 2051 ὲν
3516 1997 3598 2069 τῷ
3632 1997 3798 2050 αὑτοῦ

2199 2092 2393 2162 δικαίῳ
2417 2091 2639 2151 δικαίω,
2680 2090 3017 2154 ἀπόλλυται;
3048 2088 3226 2160 ζητῶν
3256 2087 3292 2143 ἃ
3333 2089 3408 2158 μὴ
3438 2088 3553 2159 ἔχει
3582 2088 3797 2141 δεικνύ-

2202 2203 2312 2251 ναι,
2348 2187 2441 2239 καὶ
2470 2186 2605 2257 πρὸς
2628 2185 2667 2238 ἃ
2689 2185 3041 2251 διαϐέϐληται
3084 2184 3303 2253 ἀπατᾷν
3323 2185 3453 2245 τοὺς
3484 2181 3683 2243 ἄλλους
3730 2184 3797 2251 τῇ

2203 2278 2566 2348 προσποιήσει
2599 2277 2679 2329 ὃτι
2712 2278 2933 2346 στέργει
2984 2275 3159 2329 ταῦτα
3216 2273 3653 2344 μηχανώμενος’
3702 2272 3797 2325 καὶ

2201 2370 2431 2441 πρδτῶν
2469 2368 2665 2435 ἀλλων,
2707 2370 2903 2422 ἑαυτὸν
2953 2368 3136 2438 πολλῴ
3163 2369 3356 2421 κάκιον
3394 2367 3492 2421 καὶ
3536 2364 3797 2420 ἀθλιώτε-

2205 2482 2317 2532 ρον.
2341 2464 2453 2517 Καὶ
2479 2464 2589 2534 γὰρ
2618 2464 2676 2528 ἐξ
2705 2455 2779 2514 ὧν
2811 2462 2907 2531 μὲν
2932 2461 3303 2530 καταφεύγειν
3332 2460 3470 2529 πρὸς
3496 2459 3559 2513 τὸ
3592 2459 3800 2514 δίκαιον

2203 2555 2627 2624 σχηματίξεται,
2654 2552 2816 2615 αὑτὸς
2845 2551 3131 2619 γινώσκων
3165 2552 3259 2604 καὶ
3281 2549 3433 2604 ἄκων
3463 2550 3721 2621 ὁμολογεῖ
3737 2549 3800 2602 τὺ

2200 2650 2382 2717 χεῖρον
2416 2644 2741 2715 προελέσθαι
2771 2643 2868 2697 τοῦ
2916 2643 3223 2714 κρείττονος
3245 2658 3259 2670 ·
3295 2643 3356 2695 οὑ
3387 2642 3497 2712 γὰρ
3523 2641 3594 2695 ἂν
3618 2640 3799 2711 ἐζήτει

2204 2740 2419 2809 μορφὴν
2446 2737 2736 2808 ἀλλοτρίαν
2762 2735 3083 2805 περιθέσθαι
3105 2734 3173 2789 δι’
3194 2730 3261 2806 ἧς
3299 2734 3399 2807 τὴν
3438 2735 3650 2788 οἰκείαν
3677 2735 3796 2787 ὲπι-

2202 2831 2481 2901 κρύψειεν.
2506 2826 2639 2883 Εἶτα
2667 2845 2681 2860 ·
2717 2849 2737 2882 ι
2773 2829 2883 2882 Καὶ
2912 2828 3028 2881 ἐστι
3061 2827 3267 2900 ἀσεϐὴς
3301 2826 3479 2897 μένων
3507 2828 3572 2880 ὲν
3600 2830 3665 2897 τῇ
3701 2843 3805 2880 και

2199 2924 2295 2995 κία
2315 2923 2505 2977 αὑτοῦ.
2539 2941 2557 2973 ι
2596 2921 2790 2984 Ἀλλος
2830 2914 2989 2983 οὗτος
3017 2920 3276 2990 λογισμὸς
3305 2919 3399 2974 καὶ
3417 2918 3557 2990 ἄλλη
3583 2919 3676 2973 τοῦ
3702 2920 3799 2971 Σο-

2197 3015 2472 3084 λομῶντος
2504 3014 2639 3084 πρὸς
2667 3015 2736 3067 τὰ
2765 3013 3034 3084 πρότερον
3064 3013 3272 3065 διάνοια
3305 3011 3793 3083 παραλλάσσουσα.

2210 3109 2355 3162 Ἑκεί
2386 3107 2484 3177 μὲν
2506 3108 2614 3177 γὰρ
2638 3107 2729 3159 τὸν
2752 3107 3043 3173 νομίζοντα
3076 3105 3268 3158 ἑαυτὸν
3292 3104 3498 3157 δίκαιον
3529 3100 3693 3167 εἶναι,
3724 3103 3799 3173 μὴ

2196 3202 2325 3255 ὄντα
2348 3200 2404 3253 δέ
2427 3215 2440 3230 ·
2479 3200 2537 3253 ὲν
2570 3200 2708 3269 αὐτῇ
2744 3197 2891 3266 λέγει
2920 3201 2987 3268 τῇ
3020 3197 3227 3269 ματαίᾳ⁴
3259 3195 3526 3266 ὑπολήψει
3570 3197 3666 3250 καὶ
3691 3213 3798 3266 μη-

2199 3292 2502 3366 χανουργίᾳ
2531 3291 2838 3345 διόλλυσθαι
2862 3306 2877 3320 ο
2918 3289 3159 3344 ἐνταῦθα
3213 3289 3292 3355 δὲ,
3341 3283 3423 3352 οἷς
3455 3288 3562 3357 μὲν
3585 3288 3614 3341 ὁ
3671 3304 3799 3341 κατ-

2196 3383 2676 3456 εσχηματισμένος
2709 3385 2918 3442 ἐκεῖνος
2952 3381 3159 3445 δίκαιος
3192 3381 3517 3451 περιέπιπτε
3538 3398 3558 3412 ’
3587 3381 3682 3434 καὶ
3709 3380 3801 3435 τὸν

2193 3478 2366 3549 ἀσεϐῆ
2394 3477 2605 3539 τούτοις
2620 3474 2913 3545 ,ἐνέχεσθαι
2937 3474 3111 3538 εἰδὼς,
3130 3475 3280 3543 ὅμως
3311 3473 3412 3527 οὑκ
3457 3473 3518 3538 ἐξ
3575 3473 3797 3528 ἐκείνων

2190 3571 2357 3624 αὑτοῦ
2405 3570 2671 3640 διελέγχει
2700 3569 2797 3641 τὴν
2822 3571 3091 3641 πονηρίαν
3141 3569 3237 3622 καὶ
3271 3568 3571 3638 ἀθεότητα,
3603 3567 3718 3623 ἀλλ’
3739 3566 3799 3635 ἐξ

2190 3664 2361 3733 αὐτῆς
2394 3665 2493 3731 τῆς
2532 3663 2624 3716 ἐπὶ
2653 3662 2716 3715 τὸ
2742 3663 2960 3717 ἀσεϐεῖν
2998 3663 3260 3731 διαμονῆς
3297 3661 3393 3715 καὶ
3421 3662 3537 3714 οἶκε
3550 3659 3756 3722 ιὼσεως
3780 3669 3793 3689 ⁵

2190 3757 2259 3808 δι’
2289 3750 2350 3809 οῦ
2374 3757 2468 3809 καὶ
2488 3756 2587 3825 τὴν
2617 3756 2852 3826 ἐσχάτην
2869 3755 3027 3827 δίκην
3050 3754 3145 3808 καὶ
3173 3752 3450 3808 ἀπώλειαν
3475 3752 3797 3824 ἀπηνέγκα-

2190 3864 2280 3902 τα.
2317 3867 2335 3899 ι
2389 3846 2447 3901 Ὀ
2479 3849 2590 3918 γὰρ
2626 3847 2702 3920 μὴ
2750 3847 3023 3902 πιστεύων
3078 3850 3158 3911 εἱς
3188 3847 3279 3901 τὸν
3333 3846 3462 3899 Υίὸν
3513 3846 3678 3909 Θεοῦ,
3713 3865 3730 3898 ι
3761 3846 3796 3914 ἡ

2190 3940 2559 4003 ὲνυπὸστατος
2585 3936 2738 3994 εἶπεν
2782 3941 3060 4010 Ἀλήθεια,
3102 3960 3119 3991 ι
3159 3940 3262 4010 ἤδη
3308 3939 3587 4011 κέκριται,
3615 3938 3696 3992 ὅτι
3720 3938 3794 4006 μὴ

2193 4034 2559 4087 πεπίστευκεν
2599 4037 2679 4098 είς
2723 4034 2786 4086 τὸ
2815 4033 2988 4104 ὄνομα
3011 4035 3105 4086 τοῦ
3166 4029 3493 4103 μονογενοῦς
3536 4031 3671 4085 Υίοῦ
3700 4027 3795 4081 τοῦ

494 4127 621 4185 tas,
675 4134 787 4174 non
822 4128 1009 4176 tamen
1050 4123 1441 4179 remittendum
1486 4140 1612 4179 esse
1658 4134 1944 4195 peccatum
1995 4142 2095 4182 nec

2197 4125 2342 4179 Βεοῦ.
2385 4146 2402 4177 ι
2437 4127 2609 4196 Δῆλον
2642 4127 2699 4179 δὲ
2733 4128 2926 4197 ὅτιπερ
2973 4127 3006 4194 ὴ
3042 4128 3122 4189 εἰς
3159 4125 3251 4178 τὸν
3285 4126 3411 4178 Υἱὸν
3439 4125 3672 4178 ἀπιστία
3697 4124 3793 4177 καὶ

491 4226 549 4282 in
600 4210 858 4281 praesenti
893 4211 1123 4281 szeculo,
1161 4230 1263 4269 nec
1298 4215 1352 4268 in
1390 4213 1575 4271 futuro
1609 4217 1676 4271 “.
1971 4217 1974 4220 ’

2197 4218 2289 4289 τὴν
2311 4218 2421 4270 τῶν
2449 4218 2706 4288 ὁμοφυῶν
2735 4219 2830 4271 καὶ
2862 4220 3166 4288 ὁμοουσίων
3215 4215 3430 4286 Πατρδς
3463 4219 3560 4270 καὶ
3622 4213 3792 4267 Πνεύ-

494 4319 665 4373 ματος
746 4306 1056 4375 συνεισάγει
1094 4306 1388 4361 ἀπιστίαν·
1435 4307 1623 4380 ὥσπερ
1680 4308 1777 4362 καὶ
1848 4310 1914 4381 τῇ
1969 4308 2153 4361 πίστει
2195 4307 2610 4363 συνακολουθεῖν
2667 4309 2859 4362 εἴωθεν
2895 4311 2929 4381 ἡ
2960 4308 3163 4370 πίστις.
3195 4307 3364 4376 Φησὶν
3394 4306 3488 4359 οῦν
3536 4305 3569 4357 ὀ
3600 4303 3792 4373 Σωτὴρ

488 4394 566 4458 ὡς
624 4393 703 4465 τῷ
734 4394 1192 4468 βλασφημήσαντι
1209 4400 1285 4460 είς
1313 4398 1376 4451 τὸ
1404 4399 1631 4471 Πνεῦμα
1656 4400 1718 4452 τὸ
1767 4398 1945 4469 ἆγιον,
1978 4402 2259 4454 τουτέστιν
2332 4401 2411 4463 είς
2453 4400 2586 4471 μίαν
2650 4400 2760 4453 τῶν
2809 4396 3106 4471 ὑπερφυῶν
3142 4398 3253 4452 ’καὶ
3309 4396 3642 4468 ζωαρχικῶν
3696 4406 3788 4457 καὶ

489 4485 749 4557 ὁμοφυῶν
803 4488 1156 4544 ὑποστάσεων
1194 4493 1294 4561 τῆς
1345 4493 1856 4563 παντοκρατορικῆς
1905 4508 1967 4545 τε
2021 4493 2116 4546 καὶ
2152 4493 2490 4563 δημιουργοῦ
2553 4492 2842 4562 Θεὸτητος,
2909 4491 3098 4560 τούτῳ⁴
3141 4490 3243 4543 κᾶν
3276 4490 3387 4543 τῶν
3456 4489 3677 4561 ἀρετῶν
3712 4487 3795 4558 τῷ

489 4575 655 4649 ἔρωτι
690 4580 801 4635 τῶν
830 4583 1023 4637 παθῶν
1044 4583 1192 4637 δοκεῖ
1220 4578 1361 4638 εἶναι
1397 4585 1459 4639 τὸ
1492 4584 1810 4652 ἀνεύθυνον,
1830 4586 2099 4657 οὑμενουν
2142 4589 2243 4641 οὑκ
2303 4588 2639 4659 ἀφεθήσεται
2672 4590 2733 4641 τὸ
2766 4586 3075 4658 ἁμάρτημα
3102 4585 3228 4639 οὔτε
3262 4587 3320 4637 ὲν
3349 4582 3430 4655 τῷ
3457 4582 3554 4639 νῦν
3601 4582 3789 4639 αἰνῶνι

491 4667 619 4725 οὔτε
645 4673 707 4727 ὲν
732 4671 811 4745 τῷ
843 4673 1114 4744 μέλλοντι.

799 4784 1131 4854 ουΑεῑδτιο
1174 4787 1359 4845 vau
1397 4790 1494 4866 εαι.
1536 4790 1750 4863 LXVI],

491 4880 769 4949 Quomodo
794 4883 1200 4959 intelligendum,
1219 4887 1355 4940 illud
1382 4900 1402 4940 :
1433 4906 1451 4938 ι
1478 4886 1537 4941 Si
1577 4897 1757 4942 autem
1819 4888 2078 4959 iniquitas

833 4967 1019 5009 nostra
1056 4956 1151 5010 Dei
1174 4957 1449 5026 justitiam
1479 4960 1687 5012 statuit.
1715 4978 1734 5010 ›

2746 4794 3080 4849 ararum}:
3134 4770 3252 4847 Ξῖ.

2186 4896 2322 4961 Πῶς
2371 4892 2627 4962 remeo»
2687 4891 2755 4944 τό
2780 4907 2792 4920 ·
2826 4908 2843 4938 ι
2877 4890 2946 4941 El
2990 4888 3059 4940 δὲ
3092 4884 3366 4962 ή-ἀδικία
3418 4881 3593 4954 ἡμῶν
3638 4880 3791 4937 Θεοῦ

2571 4961 2969 5029 δικαιοσύνην
3004 4959 3396 5025 συνίστησιν.
3409 4973 3429 5009 ι

1535 5095 1679 5145 Edita
1702 5111 1729 5145 a
1750 5097 1895 5160 Maio,
1933 5100 1965 5149 l.
1994 5115 2063 5161 c.,
2088 5117 2137 5165 p.
2163 5103 2330 5152 81-85.
2357 5102 2411 5150 Iit
2436 5100 2574 5148 Rom.
2599 5112 2671 5157 ut,
2692 5099 2738 5146 ii.

556 5190 677 5258 llic,
704 5194 897 5248 statuit
926 5239 939 5259 ,
960 5193 1146 5252 divina
1171 5196 1407 5267 loquenti
1439 5198 1610 5255 Paulo
1629 5202 1832 5257 dictum
1858 5215 1940 5260 est
1976 5222 2082 5259 non

485 5284 761 5340 sulliciens
810 5301 1011 5353 causa,
1062 5297 1158 5343 aut
1210 5290 1460 5346 absolute
1504 5308 1671 5348 causa
1719 5294 1813 5349 Dei
1852 5296 2084 5365 justitiae

485 5388 731 5436 nostram
775 5380 1101 5451 injustitiam
1145 5383 1428 5440 statuenti.
1462 5383 1753 5452 Quomodo
1794 5388 1938 5442 enim
1977 5389 2083 5444 hoc

486 5471 834 5526 ratiocinatio
852 5488 961 5528 non
995 5473 1255 5529 auferens
1273 5475 1503 5530 liberam
1526 5477 1884 5545 voluntatem,
1902 5495 2081 5548 neque

486 5562 687 5629 injuria
720 5562 962 5619 adiciens
986 5565 1127 5632 quod
1157 5564 1315 5634 juxta
1346 5566 1635 5636 imaginem
1666 5576 1770 5629 cst,
1797 5568 1864 5624 de
1891 5569 2079 5623 divino

485 5650 656 5707 Paulo
677 5651 919 5722 cogitare
950 5654 1166 5723 potest?
1197 5654 1325 5720 Sed,
1362 5658 1578 5721 statuit,
1612 5674 1757 5713 nunc
1787 5674 1917 5728 pro,
1946 5676 2074 5713 con—

485 5740 663 5793 stituit
686 5740 1051 5809 manifestam,
1088 5746 1411 5808 assumitur,
1437 5747 1695 5805 omnibus
1723 5750 2065 5809 innotescere

558 5854 789 5911 υιυεω.
817 5874 911 5925 ιιι,
946 5858 1031 5916 18.
1110 5862 1151 5892 1"
1186 5861 1319 5916 Luc.
1347 5878 1456 5931 xit,
1497 5864 1581 5919 lO.

2277 5204 2542 5260 Ἐνταῦθα
2590 5203 2669 5267 τὸ,
2735 5202 3089 5270 συνίστησι,
3130 5199 3209 5270 τῷ
3273 5199 3546 5271 Θεσπεσίῳ
3586 5198 3789 5269 Παύλῳ

2191 5298 2405 5369 εἴρηται
2450 5297 2571 5365 οὑχ).
2604 5294 3086 5365 προκαταρκτικὸν
3126 5294 3318 5350 αἴτιον,
3357 5293 3389 5361 ἢ
3443 5293 3579 5355 ὅλως
3608 5290 3785 5344 αἴτιον

2188 5392 2287 5460 τῆς
2325 5390 2417 5443 τοῦ
2452 5389 2587 5441 Θεοῦ
2613 5388 2959 5458 δικαιοσύνης
2989 5386 3088 5458 τὴν
3130 5385 3291 5455 ἡμῶν
3323 5385 3535 5439 ἀδικίαν
3570 5385 3782 5453 δογμα-

2187 5482 2408 5547 τίζοντι.
2440 5481 2551 5535 Ποῦ
2576 5483 2685 5550 γάρ
2705 5480 2863 5533 τοῦτο
2899 5479 3160 5548 λογισμὸς
3201 5480 3299 5531 οὑκ
3331 5478 3690 5551 ἀφῃρημένος
3721 5477 3780 5528 τὸ

2186 5573 2552 5637 αὐτεξούσιον,
2603 5572 2726 5625 οὕτε
2783 5572 3245 5643 περιυϐρισμένος
3283 5572 3345 5624 τὸ
3406 5572 3527 5624 κατ’
3570 5570 3779 5634 εἰκόνα,

2189 5669 2316 5737 περὶ
2348 5668 2442 5719 τοῦ
2472 5667 2618 5719 θείου
2644 5666 2855 5720 Παύλου
2874 5666 3195 5734 λογίσασθαι
3219 5666 3471 5732 δύναται;
3503 5663 3669 5719 Ἀλλά
3692 5665 3775 5726 τὸ,

2186 5759 2542 5827 συνίστησι,
2589 5757 2682 5811 νῦν
2742 5758 2827 5810 ὅτι
2857 5758 2979 5812 ἀντὶ
3017 5757 3112 5811 τοῦ
3145 5759 3509 5829 καθίστησιν
3533 5757 3776 5832 ἐμφανῆ
