4144 6494
499 440 607 504 433

1430 438 1533 498 AD
1567 431 2159 498 AMPHILOCIIIUM
2189 431 2536 504 QUESTIO
2571 437 2802 498 LXVII.

3668 434 3775 502 434

501 553 900 624 παρείληπται,
941 553 1108 606 πᾶσιν
1147 547 1606 618 ἑπιγινὼσκεσθαι
1632 550 1797 604 ποιεῖ.
1830 547 1962 602 Οὐδὲ
1988 545 2092 615 γάρ

2202 543 2365 612 facit;
2421 560 2529 599 non
2585 547 2728 600 enim
2781 547 2833 600 in
2887 546 3298 603 subsistentiam
3356 549 3772 618 productionem

501 650 622 703 οὐδὲ
649 648 750 718 τὴν
784 647 865 703 εἰς
897 644 1132 716 ὓπαρξιν
1156 644 1490 715 προαγωγὴν
1519 643 1639 696 νυνὶ
1670 642 1731 695 τὸ
1763 643 1860 713 τῆς
1897 641 2095 708 λέξεως

506 739 794 809 σημαίνειο
862 737 983 791 οὐδὲ
1015 740 1115 806 τῆς
1149 735 1366 800 ἀδικίας
1420 735 1578 806 ἡμῶν
1629 735 1842 806 καρπός
1880 736 2028 787 ἐστιν
2061 735 2094 804 ἠ

503 831 598 885 τοῦ
625 829 759 884 Θεοῦ
793 829 1105 900 δικαιοσύνη
1124 843 1138 858 '
1175 828 1233 882 ού
1280 829 1376 898 μὲν
1405 829 1526 883 οὐδὲ
1551 830 1608 882 ἐν
1631 829 1887 900 ἀπορίας,
1926 828 1999 891 ὡς
2030 827 2094 880 ἄν

505 939 615 975 τισι
646 921 838 986 δόξειε,
875 919 1216 990 προάγεσθαι
1281 921 1523 992 σχήματι
1561 919 1754 992 καιρὸν
1811 920 2093 990 εὑρίσκειο

509 1014 646 1085 πρὸς
668 1011 866 1082 χλεύην
894 1011 1004 1083 γὰρ
1055 1012 1149 1066 καὶ
1177 1011 1321 1064 οὕτω
1367 1011 1712 1082 τυπούμενον
1758 1011 2092 1082 καταλήγει·

508 1105 759 1170 καὶπρὸς
788 1102 850 1158 τὸ
889 1104 1120 1173 μάταιον
1164 1103 1526 1175 ἀποφέρεται.
1585 1105 1696 1157 Καὶ
1738 1103 1845 1174 γὰρ
1882 1105 1976 1156 καὶ
2035 1103 2094 1156 τὸ

507 1197 696 1266 σχῆμα
722 1194 831 1250 τῶν
872 1196 1142 1266 ἀποριῶν,
1182 1196 1250 1249 δι’
1309 1195 1537 1267 ἐρεύνης
1589 1195 1746 1249 εἴωθε
1793 1196 2094 1266 βαθυτέρας

505 1285 688 1338 καὶτὸ
718 1285 1086 1358 ἐπιπροσθοῦν
1126 1285 1480 1338 ἀποτίθεσθαι
1519 1285 1613 1338 καὶ
1651 1287 1712 1338 τὸ
1758 1287 1926 1355 σαφὲς
1969 1285 2090 1338 δια-

504 1376 750 1430 λύεσθαι·
771 1379 872 1431 ὅσα
902 1378 958 1431 δὲ
992 1377 1084 1430 τοῦ
1118 1377 1322 1430 ἀτόπου
1354 1377 1446 1430 τὸν
1469 1377 1693 1447 ἔλεγχον
1722 1376 1832 1446 ἔχει
1860 1393 2094 1447 προφαι-

504 1470 752 1539 νόμενον,
789 1469 1080 1541 πρόχειρόν
1110 1485 1169 1522 τε
1201 1470 1297 1522 καὶ
1345 1470 1756 1540 ἐμφανεστάτην
1785 1468 1883 1542 τὴν
1925 1468 2102 1523 κατά-

504 1579 708 1631 γνωσιν
759 1564 1125 1631 συνεπάγεται
1145 1580 1158 1594 ·
1190 1561 1360 1616 ταῦτα
1399 1563 1455 1615 δὲ
1484 1564 1592 1634 ἀρα
1627 1563 1738 1616 οὐδ’
1761 1563 1838 1625 είς
1862 1561 2096 1633 ἀπορίας

502 1652 671 1705 τύπον
703 1652 1142 1723 σχηματίζεσθαι
1203 1653 1671 1725 παρρησιάζεται,
1728 1652 1995 1724 φλυαρίας
2039 1651 2096 1705 δὲ

505 1745 622 1812 ἃμα
685 1744 781 1797 καὶ
844 1745 1229 1814 ματαιολογίας
1286 1745 1680 1815 σπουδάσματα
1737 1744 2092 1816 διελέγχεται.

505 1837 628 1890 Ὅτι
655 1837 712 1890 δὲ
743 1837 804 1891 τὸ
830 1838 1207 1905 συνίστησιν
1236 1838 1360 1892 ἀντὶ
1378 1837 1473 1891 τοῦ
1503 1837 1848 1904 κατάδηλον
1875 1836 2095 1906 ἐργάζε-

501 1946 598 1984 ται
631 1928 1025 2000 παρείληπται,
1066 1929 1286 2001 ἐμφανῆ
1323 1930 1734 2001 παρασκευάζει
1785 1933 1950 1984 πᾶσιν
1975 1932 2096 1984 ἐπι-

499 2018 891 2088 γινώσκεσθαι,
919 2021 1082 2086 αὐτὸς
1110 2021 1305 2075 ἑαυτοῦ
1350 2022 1562 2092 μάρτυς
1600 2025 1628 2076 ό
1676 2022 1778 2092 τῆς
1830 2023 2094 2094 ἀληθείας

501 2109 679 2181 κῆρυξ
711 2113 805 2165 καὶ
837 2112 1174 2182 παρίσταται
1206 2114 1300 2167 καὶ
1326 2113 1427 2183 τὴν
1454 2114 1803 2168 διδασκαλίαν
1830 2117 1962 2186 ἡμῖν
1989 2119 2093 2187 ὲμ-

501 2203 844 2273 φανεστάτην
870 2203 959 2256 διά
987 2205 1086 2273 τῆς
1123 2205 1435 2276 μαρτυρίας
1482 2206 1806 2276 παρέχεται.
1839 2207 1949 2260 Kal
1981 2207 2092 2276 γὰρ

513 2291 801 2363 Ῥωμαίοις
855 2296 1083 2366 γράφων
1144 2295 1316 2366 φησί’
1404 2314 1423 2348 ι
1463 2296 1762 2368 Συνίστημι
1847 2297 1907 2351 δὲ
1962 2296 2092 2369 ὑμῖν

499 2386 699 2458 Φοίϐην
728 2386 828 2457 τὴν
866 2387 1104 2459 ἀδελφὴν
1148 2387 1306 2459 ήμῶν
1331 2387 1498 2441 οὖσαν
1539 2387 1785 2443 διάκονον
1832 2390 1932 2460 τῆς
1965 2389 2091 2442 Ἐκ-

501 2477 729 2547 κλησίας
753 2477 855 2548 τῆς
875 2481 932 2532 ὲν
962 2480 1271 2548 Κεγχρεαῖς
1293 2494 1308 2510 ο
1342 2496 1363 2530 ι
1400 2479 1558 2550 δῆλον
1596 2480 1705 2551 γὰρ
1738 2479 1813 2543 ὡς
1852 2481 1974 2534 ἀντὶ
1993 2479 2089 2534 τοῦ

501 2571 859 2638 παρατίθημι
877 2570 1242 2640 παρείληπται
1257 2571 1338 2637 τὸ,
1357 2572 1688 2641 συνίστημι
1707 2587 1721 2602 ο
1738 2571 2092 2641 ἐπιγινώσκε-

503 2660 626 2713 σοαι
662 2659 958 2731 βούλομαι,
1013 2661 1378 2732 γνωρίζεσθαι
1406 2662 1610 2734 ταύτην
1657 2665 1785 2734 ὑμῖν
1819 2665 2086 2736 παραινῶ.

502 2751 603 2805 Διά
631 2751 721 2818 τί;
759 2769 778 2804 ι
822 2753 939 2806 ’Ὶνα
977 2753 1147 2824 αὐτὴν
1186 2755 1555 2826 προσδέξησθε
1611 2757 1670 2810 ἐν
1704 2757 1895 2827 Κυρίῳ
1925 2757 2091 2823 ἀξίως

501 2844 611 2897 τῶν
661 2845 850 2912 ἀγίων.
891 2863 912 2896 ι
977 2847 1186 2918 Ὠσπερ
1234 2844 1327 2902 οὖν
1377 2847 1609 2903 ἐνταῦθα
1642 2850 1703 2903 τὸ
1735 2852 2086 2921 συνίστημι,

501 2937 601 2990 οὐκ
623 2939 746 2991 ἀντὶ
767 2936 862 2992 τοῦ
895 2938 1250 3007 ὑφεστάναι,
1277 2941 1400 2994 οὐδὲ
1430 2941 1581 3010 πρὸς
1619 2942 1880 3011 ὕπαρξιν
1923 2944 2091 3014 ἄγειν

501 3029 1010 3101 παραλαμϐάνεται,
1039 3031 1176 3086 ἀλλά
1204 3033 1266 3086 τὸ
1294 3033 1661 3101 γινώσκεσθαι
1697 3036 1792 3088 καὶ
1828 3037 2091 3107 γνωρίζε-

503 3122 625 3175 σθαι
649 3123 744 3176 καὶ
786 3123 1004 3193 ἐμφανῆ
1026 3123 1361 3178 καθεστάναι
1390 3127 1503 3188 τοῖς
1523 3127 1581 3178 ὲν
1634 3126 1822 3202 Ῥώμῃ
1851 3128 1949 3200 τὴν
1984 3149 2081 3197 μα.

501 3209 698 3281 καρίαν
724 3211 923 3281 Φοίῦην
952 3213 1396 3285 ἐπισημαίνεται,
1445 3214 1586 3268 οὕτω
1626 3219 1928 3275 κάνταῦθα.
1965 3222 2088 3286 Πῶς
2116 3251 2158 3308 C

500 3303 613 3372 δὲή
653 3303 838 3358 ἀδικία
885 3304 1042 3374 ὑμῶν
1084 3307 1184 3375 τὴν
1211 3305 1308 3358 τοῦ
1351 3307 1488 3360 Θεοῦ
1543 3307 1892 3382 δικαιοσύνην
1944 3331 2089 3384 παρ-

503 3394 754 3466 ίστησιν;
781 3395 950 3466 ὠςτῷ
991 3399 1132 3465 φωτὶ
1164 3400 1226 3450 τὸ
1261 3400 1454 3462 σκότος
1487 3400 1923 3472 παρατιθέμενον
1958 3405 2094 3474 μᾶλ-

499 3485 589 3537 λον
615 3485 877 3554 αύγάζειν
911 3485 1344 3551 ἀποϐλέποντας,
1379 3488 1456 3552 ὡς
1509 3489 1569 3542 τὸ
1607 3491 1804 3562 πικρὸν
1831 3493 1908 3563 τῷ
1957 3494 2088 3562 γλυ·

499 3575 720 3641 κάζοντι
743 3576 1086 3647 γλυκυτέραν
1113 3580 1376 3649 ἐμποιοῦν
1401 3583 1466 3651 τῇ
1496 3581 1683 3648 γεύσει
1712 3583 1811 3652 τὴν
1841 3583 1934 3637 τοῦ
1962 3587 2092 3651 γλυ-

498 3668 625 3732 κέος
650 3671 940 3740 ποιότηταο
975 3670 1049 3732 ὡς
1079 3669 1355 3743 τὸ’τραχὺ
1379 3676 1491 3726 ‘xal
1524 3675 1760 3744 πλῆττον
1793 3675 1894 3745 τὴν
1948 3679 2091 3750 ἁφὴν

501 3761 703 3831 μᾶλλον
730 3763 879 3835 ἡμᾶς
917 3763 1222 3832 διατίθησιν
1267 3765 1367 3836 τὴν
1411 3766 1505 3820 τοῦ
1552 3766 1696 3821 λείου
1732 3769 1955 3842 ἰσότητα
1995 3774 2092 3827 καὶ

495 3850 808 3921 ὁμαλότητα
868 3849 1328 3907 ὲπαισθάνεσθαι·
1374 3855 1450 3918 ὡς
1489 3856 1551 3909 τὸ
1605 3856 1799 3926 ψεῦδος
1848 3862 2089 3930 ἐμφανε-

499 3945 698 4014 στέραν
725 3963 784 3998 τε
818 3946 912 3998 καὶ
948 3947 1334 4018 ποθεινοτέραν
1373 3948 1465 4003 καὶ
1490 3949 1689 4019 μᾶλλον
1720 3953 2090 4026 αἱρετωτέραν

495 4033 787 4103 ἀποφαίνει
815 4038 880 4106 τῇ
909 4035 1213 4106 παραθέσει
1242 4037 1340 4108 τὴν
1373 4038 1632 4110 ἀληθειαν
1654 4056 1667 4068 ·
1699 4042 1777 4105 ὡς
1829 4043 2090 4114 ἑκάτερον

495 4127 604 4181 τῶν
637 4128 921 4198 διαφοραῖς
951 4129 1436 4199 ἁντιτεταγμέναις
1483 4133 1818 4204 πορρωτέρω
1866 4134 2089 4188 διεστώ-

496 4235 607 4271 των
639 4218 734 4271 ἀπ⁹
760 4218 1027 4286 ἀλλήλων,
1076 4219 1136 4271 τὸ
1179 4218 1277 4287 μὲν
1335 4220 1432 4290 τὴν
1472 4221 1782 4294 φαυλότητα
1827 4225 1922 4278 τοῦ
1977 4227 2092 4298 χεί-

504 4325 654 4378 ρονος
680 4307 775 4361 ἐπὶ
807 4307 971 4362 πλέον
1005 4309 1290 4379 διελέγχει,
1346 4310 1408 4363 τὸ
1436 4310 1493 4363 δὲ
1539 4311 1637 4382 τὴν
1688 4313 1781 4367 τοῦ
1808 4315 2088 4386 κρίνοντος

496 4398 794 4470 ἐμφανίζει
820 4399 1156 4470 ἀγαθότητα.
1186 4402 1293 4455 Kal
1334 4401 1444 4472 γάρ
1468 4403 1562 4470 ἀφ’
1584 4404 1817 4458 ἑκάστου
1855 4406 1964 4460 τῶν
1994 4409 2090 4462 ἀν-

495 4489 823 4559 τικειμένων
864 4489 956 4542 ἐπὶ
1007 4489 1236 4561 θάτερον
1283 4493 1331 4544 oi
1373 4492 1790 4562 μεταϐαίνοντες
1835 4495 1942 4550 ἀπὸ
1987 4497 2087 4568 μὲν

2198 650 2343 690 nunc
2376 637 2490 690 haec
2520 637 2689 692 dictio
2737 637 3041 707 significat;
3092 655 3193 696 nec
3243 640 3526 710 injustitiat
3575 651 3775 697 nostra:

2197 729 2408 784 fructus
2437 739 2520 786 est
2549 730 2639 785 Dei
2672 731 2904 800 justitia.
2949 731 3136 801 Neque
3190 734 3246 787 in
3301 734 3660 790 dubitationis
3715 746 3776 791 ut

2197 823 2526 893 quibusdam
2563 823 2733 880 videri
2768 832 2948 891 posset
2975 824 3205 893 proferri
3251 826 3424 881 forma
3467 827 3647 881 lot‘tnn
3686 829 3773 884 in-

2195 915 2380 981 venit;
2427 915 2492 969 ad
2537 916 2840 971 irrisiouem
2883 918 3028 972 enim
3055 926 3108 971 ct
3137 917 3214 971 sic
3243 918 3528 988 figuratum
3569 921 3774 976 desinit

2195 1020 2247 1062 et
2277 1009 2329 1062 in
2357 1025 2556 1064 vanum
2591 1010 2898 1064 abducitur.
2940 1010 3152 1064 Etenim
3186 1019 3240 1064 et
3274 1011 3444 1066 forma
3480 1013 3773 1068 dubitatiov

2199 1111 2346 1156 num,
2385 1112 2479 1164 per
2511 1100 2903 1152 scrutationem
2938 1098 3076 1153 solet
3106 1099 3509 1168 profundiorem
3536 1113 3592 1158 et
3629 1114 3777 1159 aute-

2198 1187 2339 1242 riora
2375 1189 2644 1259 dcpoucre
2673 1201 2722 1245 et
2759 1193 2906 1245 clara
2947 1192 3188 1255 diluere;
3216 1207 3556 1262 quaecunque
3589 1206 3771 1250 autem

2197 1279 2389 1334 insulsi
2422 1281 2858 1351 redargutionetu
2907 1282 3105 1337 habent
3133 1293 3485 1353 apparentem
3512 1326 3528 1353 ,
3575 1285 3660 1340 his
3692 1285 3773 1341 fe«

2197 1374 2397 1426 stittam
2434 1385 2487 1428 et
2523 1375 2990 1430 evidentissimam
3034 1378 3548 1432 condemnationem
3575 1395 3771 1447 super-

2197 1464 2345 1518 ducit
2374 1487 2389 1531 ;
2417 1465 2530 1520 haec
2561 1481 2691 1519 vero
2724 1478 2870 1521 certe
2896 1484 3002 1521 non
3042 1468 3094 1522 in
3131 1468 3493 1526 dubitationis
3543 1470 3772 1526 fortnam

2197 1555 2324 1624 fingi
2355 1555 2691 1609 confidenter
2723 1557 2940 1620 asserit,
2972 1557 3350 1613 blaterationis
3381 1575 3510 1613 vero
3534 1560 3692 1617 simul
3721 1571 3774 1617 et

2198 1661 2349 1699 vana:
2375 1646 2662 1715 loquentia:
2688 1648 2865 1700 studia
2899 1650 3194 1719 redarguit.
3231 1648 3383 1715 Quod
3426 1660 3608 1706 autem
3642 1654 3773 1708 illud

2195 1739 2385 1791 statuit
2419 1755 2516 1808 pro
2542 1739 2747 1792 evidens
2784 1739 3272 1811 [acitassmnptum
3297 1756 3398 1809 est,
3422 1745 3771 1800 manifestum

2197 1830 2400 1899 praebet
2427 1829 2685 1885 omnibus
2723 1834 2942 1901 COgnitu
2993 1835 3108 1899 ipse
3165 1835 3249 1890 sui
3313 1837 3468 1893 testis
3526 1841 3773 1895 veritatis

2197 1935 2376 1990 praeco
2391 1929 2445 1975 et
2461 1921 2673 1976 stabilit-
2691 1931 2747 1977 et
2775 1918 3080 1978 doctrinam
3114 1927 3271 1981 nobis
3302 1929 3769 1986 evidentissimam

2194 2028 2292 2083 per
2332 2013 2708 2070 testimonium
2751 2015 2928 2072 affert.
2970 2015 3184 2072 Etenim
3220 2019 3285 2074 ad
3320 2019 3598 2079 Romanos
3632 2025 3772 2080 scri-

2195 2108 2331 2163 bens
2375 2109 2447 2163 ait
2482 2125 2496 2161 :
2537 2127 2555 2160 ι
2577 2107 2916 2164 Commendo
2943 2118 3128 2166 autem
3166 2113 3318 2168 vobis
3343 2113 3583 2169 Pltmben
3617 2131 3773 2172 soro-

2195 2213 2310 2253 rem
2351 2209 2598 2255 nostram
2645 2217 2768 2272 quae
2801 2210 2885 2256 est
2937 2201 2990 2256 itt
3042 2202 3348 2258 ministerio
3392 2205 3648 2262 Ecclesia:
3711 2208 3767 2262 in

2192 2290 2457 2347 Cenchris
2503 2292 2584 2358 “;
2642 2311 2660 2344 ›
2707 2292 2931 2348 evidens
2985 2293 3130 2347 enim
3175 2311 3276 2365 pro
3326 2294 3644 2352 Praesentem
3693 2299 3772 2354 si-

2191 2392 2272 2437 sto
2298 2423 2314 2448 ,
2343 2393 2683 2454 assumplum
2715 2392 2798 2440 est
2847 2383 2979 2440 illud
3017 2384 3381 2454 Commendo;
3421 2400 3603 2443 notant
3647 2405 3773 2447 esse

2190 2477 2354 2541 volo,
2408 2491 2705 2547 agnoscere
2759 2478 2899 2532 hanc
2955 2494 3054 2533 vos
3103 2479 3316 2533 hortor.
3382 2478 3606 2545 Quare?
3643 2500 3662 2533 ι
3711 2493 3770 2538 ιιι

2190 2583 2309 2622 eam
2367 2567 2650 2637 excipiatis
2708 2566 2761 2621 in
2835 2567 3066 2623 Domino
3130 2570 3290 2640 digne
3349 2572 3555 2627 sanctis
3601 2574 3681 2629 ¹⁶.
3743 2591 3763 2626 ι

2192 2657 2264 2715 Ut
2315 2674 2446 2730 ergo
2497 2658 2586 2713 hic
2641 2658 2772 2713 illttd
2832 2657 3188 2728 Commendo,
3221 2676 3328 2716 non
3388 2678 3485 2732 pro
3535 2671 3772 2718 statuero

2192 2767 2294 2807 nec
2325 2753 2393 2805 ad
2423 2751 2790 2805 exsistenliatn
2829 2750 3090 2805 adducere
3141 2751 3474 2819 assumitur,
3515 2753 3609 2808 sed
3669 2767 3769 2807 co-

2191 2845 2378 2914 gnosci
2430 2851 2484 2897 et
2543 2857 2728 2897 netam
2789 2842 2967 2896 facere
3005 2851 3058 2896 et
3092 2843 3434 2896 manifestam
3480 2844 3672 2898 sistere
3702 2844 3771 2900 iis

2191 2935 2284 3004 qui
2317 2933 2506 2988 Roma:
2534 2943 2666 2989 sunt
2700 2933 2912 2989 beatam
2947 2934 3186 2989 Pltmben
3234 2935 3503 3007 significat
3525 2977 3542 3003 ,
3589 2937 3670 2993 sic
3717 2947 3773 2992 et

2193 3027 2321 3081 illic.
2348 3024 2635 3092 Quomodo
2657 3035 2837 3080 autem
2875 3026 3135 3098 iniquitas
3180 3037 3360 3083 vestra
3386 3027 3481 3083 Dei
3497 3028 3772 3100 justitiam

2191 3120 2416 3174 statuit?
2436 3129 2494 3173 ut
2525 3119 2632 3172 lttci
2655 3119 2892 3174 tenebrat
2911 3121 3172 3190 apposita:
3194 3121 3258 3175 ad
3285 3121 3455 3192 magis
3486 3121 3774 3176 illustran-

2192 3211 2318 3265 dum
2356 3209 2702 3280 aspicientes.
2741 3221 3064 3264 atatnarum
3100 3211 3433 3268 dulcescenti
3469 3214 3770 3268 dula-iorem

2195 3301 2403 3355 faciens
2447 3301 2632 3370 gustui
2674 3301 2853 3356 dulcis
2902 3304 3257 3372 qualitatem;
3304 3313 3363 3360 ut
3413 3321 3670 3374 asperum
3715 3314 3772 3361 et

2194 3397 2508 3464 percutiens
2551 3401 2754 3448 tactum
2787 3397 2963 3465 magis
2997 3411 3096 3449 nos
3127 3397 3370 3466 disponit
3403 3397 3554 3466 politi
3585 3413 3774 3467 atqua-

2194 3486 2402 3540 litatctn
2434 3496 2489 3541 et
2524 3485 2788 3541 unitatem
2817 3489 2884 3542 ad
2921 3488 3301 3553 sentiendum;
3337 3499 3394 3542 ιιι
3431 3489 3626 3543 falsum
3666 3505 3773 3542 nta-

2194 3576 2538 3630 nifcstiot-cm
2572 3587 2627 3632 ct
2649 3577 3155 3633 desitlerabiliorem
3191 3588 3245 3634 et
3275 3581 3448 3648 magis
3475 3578 3769 3650 eligibilt-m

2192 3668 2434 3722 declarat
2469 3669 2810 3739 appositione
2849 3671 3169 3736 veritatem;
3230 3680 3287 3723 ιιι
3342 3681 3638 3741 utrumque
3682 3673 3770 3724 di-

2193 3761 2552 3816 versitatibus
2601 3762 2870 3831 oppositis
2913 3761 3129 3833 longius
3159 3761 3483 3816 distantium
3526 3764 3594 3816 ab
3629 3763 3773 3817 invi-

2193 3869 2334 3920 cem,
2364 3870 2533 3908 unutn
2569 3853 2790 3922 quidem
2819 3854 3086 3910 vilitatem
3135 3857 3342 3926 pejoris
3387 3857 3509 3926 plus
3568 3861 3775 3927 arguit,

2193 3946 2424 3998 alterum
2463 3961 2594 4000 vero
2621 3946 2923 4016 judicantis
2955 3945 3269 4002 manifestat
3295 3948 3617 4003 bonitatem.
3677 3947 3772 4004 Et-

2191 4034 2338 4089 enim
2363 4034 2431 4088 ab
2461 4051 2790 4106 unoquoque
2819 4037 3191 4106 oppositorum
3218 4039 3284 4093 ad
3319 4040 3550 4094 alterum
3584 4047 3770 4096 trans-

2193 4134 2386 4178 euntes
2412 4140 2440 4179 a
2470 4126 2656 4195 pejore
2686 4128 2928 4182 melioris
2959 4130 3398 4198 superioritatetn
3425 4171 3438 4194 ,
3496 4145 3526 4184 a
3559 4132 3770 4186 meliori

2191 4225 2370 4267 autem
2413 4214 2646 4284 oppositi
2677 4215 2979 4283 vilitatem;
3031 4224 3090 4270 ut
3125 4233 3222 4287 per
3271 4234 3494 4275 sensum
3528 4221 3770 4275 sensibi-

2191 4306 2364 4372 lium;
2403 4306 2475 4358 ita
2508 4317 2656 4362 certe
2673 4313 2728 4360 et
2749 4308 2930 4360 omnia
2957 4309 3189 4378 sapienti
3210 4307 3401 4375 Paulo,
3433 4311 3534 4366 etsi
3569 4327 3770 4366 secun-

2190 4393 2318 4448 dum
2339 4393 2570 4448 formant
2596 4396 2774 4450 dubia:
2807 4399 3247 4467 suppositionis;
3280 4400 3358 4455 sic
3380 4401 3469 4456 Dei
3494 4403 3769 4472 justitiam

2190 4494 2380 4541 nostra
2419 4485 2688 4556 injustitia
2732 4491 2945 4544 statuit.
2983 4487 3110 4546 ldeo
3153 4502 3359 4546 etcum
3388 4495 3771 4562 conjunxissct

496 4579 591 4634 τοῦ
614 4581 860 4652 χείρονος
895 4584 995 4654 τὴν
1032 4583 1126 4637 τοῦ
1182 4585 1490 4655 κρείττονος
1523 4586 1851 4660 ὑπερϐολὴν,
1886 4589 1994 4644 ἀπὸ
2029 4590 2086 4644 δὲ

2193 4583 2627 4652 pmcedentibus
2661 4583 2792 4639 illud
2826 4601 2841 4638 :
2879 4603 2896 4635 t
2925 4584 3063 4639 Num
3106 4585 3344 4656 injustus
3369 4587 3510 4644 Deus
3543 4589 3636 4658 qui
3689 4590 3772 4644 itt-

496 4672 592 4726 τοῦ
650 4674 957 4744 κρείττονος
1021 4676 1120 4748 τὴν
1173 4677 1268 4730 τοῦ
1314 4679 1693 4749 ἀντικειμένου
1741 4682 2087 4755 φαυλότηταο

497 4763 688 4836 ὥσπερ
722 4765 790 4819 δι’
816 4767 1124 4838 αἰσθήσεως
1162 4769 1272 4824 τῶν
1309 4770 1620 4842 αίσθητῶν·
1668 4773 1811 4828 οὕτω
1854 4776 1919 4846 δὴ
1948 4775 2091 4830 οὕτω

497 4855 594 4908 καὶ
625 4855 703 4927 τῷ
731 4857 991 4929 πανσόφῳ
1027 4859 1224 4931 Παύλῳ
1252 4861 1303 4914 εί
1360 4862 1455 4915 καὶ
1497 4863 1639 4916 κατά
1686 4865 1874 4935 σχῆμα
1895 4867 2087 4920 διαπο-

499 4947 774 5019 ρουμένης
812 4948 1124 5014 ὑποθέσεως
1143 4967 1158 4982 ·
1189 4952 1265 5015 ὡς
1290 4951 1389 5021 τὴν
1415 4951 1509 5006 τοῦ
1542 4953 1680 5006 Θεοῦ
1713 4954 2084 5028 δικαιοσύνην,

497 5037 654 5106 ἡμῶν
676 5041 710 5109 ή
739 5040 922 5094 ἀδικία
954 5043 1288 5115 συνίστησιν.
1312 5044 1402 5097 Διδ
1430 5044 1528 5098 καὶ
1554 5045 1794 5113 συνάψας
1821 5048 1937 5109 τοῖς
1957 5065 2087 5118 προ-

497 5127 721 5188 λαβοῦσι
747 5133 808 5185 τό
828 5151 842 5164 ο
881 5151 900 5185 ι
935 5133 1027 5206 Μὴ
1065 5135 1248 5198 ἄδικος
1278 5137 1306 5189 ό
1331 5135 1465 5198 Θεὸς
1492 5138 1520 5189 ό
1546 5136 1826 5207 ἐπιφέρων
1863 5135 1964 5206 τὴν
1995 5139 2090 5209 όρ-

499 5220 635 5288 γήν;
671 5240 690 5274 ι
728 5223 926 5294 ἐπάγει
953 5226 1015 5280 τό
1037 5241 1052 5258 ·
1094 5246 1112 5278 ι
1132 5226 1224 5296 Μὴ
1258 5226 1489 5294 γένοιτο.
1521 5245 1539 5278 ι
1567 5226 1758 5294 Διατί;
1793 5228 1941 5280 Διοτὶ
1965 5228 2088 5299 οὐχὶ

501 5309 985 5385 εύγνωμονούντων
1035 5318 1194 5390 ἡμῶν
1227 5319 1320 5372 καὶ
1361 5317 1692 5388 θεραπεύειν
1720 5317 1782 5372 τὺ
1812 5319 1966 5372 Θεῖον
1989 5319 2085 5391 ζη-

495 5403 752 5473 τούντων,
784 5410 818 5479 ἡ
847 5408 1031 5464 ἀδικία
1069 5412 1100 5480 ἡ
1112 5409 1229 5481 μῶν
1257 5408 1746 5483 διαμαρτυρομένη
1767 5410 1860 5464 καὶ¹
1889 5413 2087 5481 κηρύτ-

2191 4675 2294 4731 fert
2326 4676 2464 4730 iram
2499 4676 2540 4707 "
2571 4676 2594 4730 ?
2623 4695 2641 4728 ι
2711 4677 2864 4731 addit
2895 4677 3030 4732 illttd
3066 4697 3079 4732 :
3121 4697 3140 4730 ι
3173 4679 3328 4733 Absit
3354 4680 3430 4734 "l
3472 4698 3491 4731 ι
3552 4683 3774 4747 Quare?

2189 4767 2326 4838 Quia
2375 4782 2485 4822 non
2521 4769 2820 4838 prudenter
2851 4770 3140 4839 agentibus
3175 4772 3332 4826 nobis
3362 4781 3415 4826 et
3446 4775 3654 4828 servire
3685 4773 3774 4828 Di-

2189 4864 2402 4919 vinitati
2424 4866 2820 4935 quaerentibus,
2855 4866 3124 4934 injustitia
3180 4879 3366 4922 nostra
3390 4869 3696 4926 testificans
3716 4880 3774 4926 et

2189 4956 2490 5026 praedicans
2514 4958 2785 5028 justitiam
2807 4960 2927 5029 ejus
2959 4962 3298 5017 manifestam
3332 4961 3480 5030 fecit,
3509 4964 3602 5021 sed
3633 4982 3774 5036 quo-

2192 5048 2355 5104 modo
2381 5049 2588 5105 dictum
2619 5061 2704 5107 est
2735 5051 3032 5109 bonitatem
3068 5069 3164 5125 per
3202 5053 3606 5126 improbitatem
3659 5075 3772 5112 tua-

2193 5138 2536 5196 nifestiorem
2569 5142 2712 5198 sisti.
2753 5142 2887 5208 Quae
2916 5153 3099 5200 autem
3134 5156 3444 5218 sequuntur
3488 5149 3596 5204 lori
3641 5150 3772 5204 diffi-

2189 5231 2313 5285 cilia
2345 5233 2627 5314 speculatu
2667 5235 2840 5305 magis
2865 5239 3084 5306 prapria
3113 5236 3255 5294 forte
3275 5227 3770 5305 solutione,divina

2191 5321 2532 5392 providentia
2575 5327 2868 5398 benignius
2913 5344 3017 5383 nos
3064 5329 3431 5400 inspiciente,
3485 5347 3593 5386 non
3624 5348 3773 5389 carc-

2191 5415 2346 5468 bttnt.

494 5509 664 5551 τουσα
697 5501 798 5571 τὴν
851 5500 1199 5574 δικαιοσύνην
1240 5499 1406 5554 αὐτοῦ
1463 5502 1816 5570 ἐνεφάνισεν,
1877 5501 1992 5556 ἀλλ’
2045 5503 2105 5558 ὃν
2143 5505 2346 5576 τρόπον
2365 5508 2579 5579 εἴρηται
2609 5510 2709 5581 τὴν
2771 5509 3084 5582 ἀγαθότητα
3113 5513 3201 5566 διὰ
3227 5515 3326 5585 τῆς
3359 5516 3560 5580 κακίας
3589 5515 3775 5586 ἐμφα-

495 5591 756 5660 νεστέραν
779 5593 1160 5647 καθίστασθαι.
1182 5593 1264 5647 Τά
1287 5594 1344 5646 δὲ
1361 5594 1487 5663 ἑξῆς
1512 5592 1605 5646 τοῦ
1630 5595 1829 5665 χωρίου
1857 5595 2208 5668 δυσθεώρητα
2249 5599 2544 5674 ίδιαιτέρας
2599 5602 2729 5668 ἴσως
2790 5605 3114 5673 ἐπιλύσεως,
3150 5605 3246 5679 τῆς
3322 5609 3472 5675 θείας
3515 5615 3772 5682 προνοίας

495 5679 886 5752 εὓμενέστερον
914 5685 1047 5753 ἡμῖν
1078 5683 1384 5754 ὲφορώσης,
1411 5685 1513 5737 οὐκ
1538 5685 1917 5752 ἀποτεύξεται.

571 5859 615 5892 ³⁵
651 5859 804 5917 Βοιιι.
843 5877 952 5926 xw,
993 5863 1037 5912 i.

1119 5862 1160 5892 ¹⁸
1196 5862 1326 5916 ibid.
1409 5863 1449 5894 ”
1486 5860 1641 5917 Rom.
1688 5878 1771 5928 tn,
1801 5862 1853 5916 5.
1938 5864 1978 5894 ⁸⁸³
2009 5863 2141 5920 ibid.
2175 5865 2227 5920 6.
