4144 6598
1574 410 1840 474 ΡΗΟΤΙῙ
1865 410 2368 474 ΡΛΤΒῙᾹΒΟΗᾹΞ
2405 414 2514 475 CP.

707 525 1034 595 OIUESTIO
1065 522 1273 581 vaut
1309 521 1408 597 [αι.
1449 522 1681 597 vau].
2018 531 2067 589 Α
2637 526 2970 581 εροτηειε
2998 526 3125 584 Ξιιο.

410 623 556 679 Illud
584 640 603 676 :
638 640 658 674 ι
693 620 752 677 Si
787 620 1022 691 genuerit
1070 620 1150 673 vir
1202 627 1442 691 centum,
1468 628 1529 691 et
1585 634 1751 672 annos
1790 616 1987 691 multos

2128 614 2256 691 ’ὀὶ-ι
2293 615 2437 671 Ἐὰν
2464 617 2731 691 γεννήσῃ
2765 620 2919 691 ἀνὴρ
2951 621 3185 685 ἑκατὸν.
3206 622 3301 677 καὶ
3337 622 3455 688 ἐτη
3489 625 3707 676 ,πολλὰ

477 695 701 757 uixerit,
750 684 808 747 et
850 706 1099 761 numerus
1130 690 1218 757 qui
1246 696 1401 742 erunt
1442 688 1553 761 dies
1588 689 1991 761 annorumejns

2166 684 2428 761 ζήσεζαι,
2450 684 2561 761 παὶ.
2585 684 2820 755 πλῆθος
2844 760 2852 761 7
2877 684 2964 743 ὄτι
3009 684 3252 745 ἔσονται
3283 684 3515 761 ἡμὲῥαι
3548 692 3708 745 ἐτῶν

475 782 580 820 non
614 764 919 831 implebitur
950 760 1183 814 bonitate
1205 776 1235 831 ;_
1255 767 1304 813 et
1337 759 1637 831 sepulcrum
1659 775 1763 831 non
1792 757 1895 831 fuit
1922 758 1993 821 ei,

2165 757 2354 811 αὑτοῦ
2401 759 2511 831 οὐκ
2539 757 3027 831 ἐμπλησθήσεται
3078 761 3197 814 ἀπὸ
3224 757 3338 828 τῆξ
3363 757 3707 831 ἀγαθωσύ-

475 837 593 888 tlixi
629 828 819 887 bonum
852 847 1010 899 super
1032 846 1151 883 eum
1183 829 1484 882 abortivum
1509 846 1526 893 ;
1548 829 1884 900 quoniamin
1914 845 2000 881 ra-

2164 842 2281 900 me
2301 829 2447 900 '1‘?“
2474 828 2725 900 Τενταφὴ
2751 832 2862 900 οὐκ
2890 831 3125 900 ἐγένετο
3152 831 3334 895 αὐτῷ,
3372 828 3529 886 εἶπα
3554 832 3708 900 ἀγα-

482 907 648 959 nitate
682 904 850 965 venit,
880 894 929 957 et
964 902 1021 954 in
1051 900 1277 954 tenebris
1318 916 1507 954 nomen
1536 894 1651 968 ejus
1682 899 1997 969 involvetur,

2168 894 2277 949 θὸν
2304 898 2457 969 ὑπὲρ
2480 894 2680 969 αὑτῶ·
2718 894 2793 952 ⁷τό
2828 894 3093 969 ἕκτρωμα
3122 918 3136 933 ·
3195 901 3283 955 ὅτι
3321 894 3401 954 ἐν
3445 894 3713 969 ματαιό-

485 986 535 1030 et
573 976 736 1030 solem
769 990 873 1028 non
907 972 1038 1026 vidit
1072 987 1162 1024 nec
1196 970 1476 1039 cognovit;
1517 972 1717 1039 requies
1766 968 1889 1021 huic
1917 984 2001 1021 su-

2168 982 2297 1040 Tﬂtt
2320 968 2503 1040 ἦλθε,
2534 968 2633 1021 καὶ
2680 969 2749 1040 ἐν
2776 972 2981 1040 σκότει
3012 968 3098 1023 τὸ
3121 970 3309 1040 ὄνομα
3351 968 3562 1025 αὐτοῦ
3594 989 3710 1025 κα-

481 1064 574 1119 per
614 1046 785 1100 illum.
820 1064 843 1119 ι⁸
887 1042 1001 1119 Hoc
1032 1052 1209 1119 autem
1244 1037 1446 1119 dictum
1472 1037 1760 1109 quainnam
1795 1041 1995 1119 discre-

2169 1037 2567 1119 .}v5p01jget_at'
2605 1039 2706 1091 καί
2746 1037 3344 1119 γεὶῆλιρν-οὺκ-ὲῖδε
3410 1041 3521 1119 καί
3588 1043 3710 1119 agre

484 1103 680 1173 'tionem
711 1124 761 1171 et
795 1113 1201 1170 elucidationem
1232 1103 1596 1165 demonstrare
1626 1112 1839 1181 potest?

2171 1103 2341 1181 ἔγνω·
2369 1107 2719 1181 ἀνάπαυσις
2732 1103 2922 1181 τούτῳ
2936 1109 3087 1178 ὑπὲρ
3104 1112 3339 1166 τοῦτον·
3356 1132 3375 1163 ι
3400 1112 3600 1165 τοῦτο
3628 1110 3707 1178 δὴ

2169 1176 2458 1251 {operor
2504 1179 2640 1251 τίκα
2691 1178 2992 1247 διάκρισιν
3033 1176 3131 1235 καὶ
3169 1182 3530 1251 σαφήνειαν
3577 1176 3713 1235 tm;

2168 1242 2261 1297 δεῖ
2263 1245 2480 1309 ξασθαι
2534 1246 2782 1303 δύναται
2804 1242 2825 1313 ς

1410 1346 1555 1399 Edita
1576 1361 1602 1398 a
1627 1347 1771 1409 Maio,
1797 1348 1836 1398 l.
1860 1360 1927 1407 c.,
1951 1361 2003 1411 p.
2037 1347 2203 1414 85—84,
2225 1354 2279 1404 In
2300 1356 2467 1408 Eccle.
2496 1372 2561 1419 vn,
2582 1360 2686 1409 5-5.

483 1442 642 1501 Multi
683 1438 845 1498 liberi
881 1436 951 1493 iis
979 1436 1075 1508 qui
1124 1434 1181 1489 in
1217 1432 1421 1488 mundo
1466 1441 1526 1487 ut
1574 1447 1707 1488 sane
1740 1447 1999 1503 magnum

2193 1440 2257 1493 Ἦ
2292 1442 2619 1498 πολυπαιδία
2674 1446 2788 1507 τοῖς
2819 1445 2877 1497 ἐν
2902 1443 3091 1516 κόσμῳ
3118 1438 3206 1499 οἷα
3235 1445 3299 1517 δὴ
3327 1447 3484 1516 μέγα
3511 1451 3715 1519 χρῆμα

414 1542 625 1597 bonum
658 1531 1005 1590 ambitiosius
1047 1525 1476 1597 exquirebatur,
1523 1523 1779 1580 similiter
1817 1531 2000 1579 autem

2128 1529 2539 1603 ριλοτιμὼτερον
2622 1533 3002 1602 ἐσπουδάζετο,
3058 1536 3315 1602 ὡσαύτως
3368 1538 3433 1591 δὲ
3499 1541 3603 1592 καί
3653 1542 3717 1594 τὸ

414 1641 472 1688 et
502 1630 723 1698 longum
754 1634 971 1694 tempus
995 1620 1137 1675 vitae.
1176 1616 1390 1673 Etenim
1424 1615 1627 1685 saepius
1654 1612 2002 1669 servantibus

2128 1620 2459 1691 τολυχρόνιον
2484 1639 2498 1654 ⁸
2526 1623 2621 1678 καὶ
2656 1625 2765 1695 γὰρ
2818 1625 3085 1697 πολλαχοῦ
3117 1629 3232 1690 τοῖς
3260 1628 3622 1696 φυλάττουσι
3646 1630 3717 1683 τὰ

422 1720 636 1776 Domini
661 1714 1109 1786 justificationes,
1128 1708 1349 1779 longam
1374 1708 1499 1760 vitae
1520 1714 1739 1777 tempus
1756 1704 1811 1759 in
1842 1704 2004 1760 retri-

2128 1711 2203 1765 ιοῦ
2238 1714 2444 1787 Κυρίου
2482 1716 2846 1789 δικαιώματα,
2890 1719 2949 1772 τὸ
3005 1719 3359 1791 πολυχρόνιον
3407 1724 3499 1785 είς
3555 1723 3717 1777 ἀντιο

418 1814 699 1870 butionem
739 1804 1072 1863 extenditur.
1115 1802 1171 1857 Si
1204 1801 1332 1872 quis
1359 1800 1544 1872 igitur,
1577 1798 1653 1853 ait
1681 1797 1925 1863 Salonio,
1944 1806 2001 1851 et

2128 1802 2341 1873 μισθίαν
2367 1806 2729 1863 ύποτείνεται.
2775 1810 2903 1865 Ἐὰν
2934 1806 3026 1865 οὖν
3044 1830 3146 1875 τις,
3173 1814 3337 1884 φησιν
3368 1814 3717 1885 όΣολομὼν,

421 1902 778 1961 multitudine
808 1899 1105 1954 liberorum
1138 1892 1653 1966 superabundanter
1674 1890 1800 1947 aliis
1822 1889 2001 1945 homi.

2128 1896 2202 1950 ιαὶ
2230 1899 2297 1969 τῇ
2328 1897 2703 1972 πολυπληθείᾳ
2734 1903 2844 1956 τῶν
2864 1904 3072 1958 τέκνων
3097 1873 3221 1959 καθ’
3239 1873 3581 1979 ’ὑπερϐολὴν
3606 1873 3722 1960 τῶν

403 414 509 483 L35
1574 414 1840 474 PHOTII
1865 414 2368 474 PATRIARCHIE
2405 414 2514 475 cp.
3587 418 3703 483 435

422 1998 584 2053 nibus
623 1989 966 2063 supervixit,
1016 1995 1072 2044 et
1111 1988 1276 2057 longo
1309 1994 1553 2056 tempore
1582 1984 1750 2038 vitam
1795 1992 2004 2055 protra-

421 2099 572 2146 ctam
601 2100 766 2158 quam
798 2081 1036 2137 maxime
1061 2080 1300 2145 habeat;
1331 2078 1399 2133 de
1424 2086 1623 2132 caetero
1648 2091 1778 2130 vero
1807 2075 2004 2146 nequi-

424 2180 518 2236 tiis
544 2177 711 2232 vitam
746 2174 933 2240 fmdet,
976 2169 1240 2227 bonitatis
1303 2167 1563 2223 fruitione
1614 2183 1724 2222 non
1776 2166 2009 2236 implens

426 2284 584 2327 suam
615 2280 789 2336 neque
827 2276 1131 2335 perornans
1162 2260 1402 2315 animam
1425 2298 1440 2322 ,
1465 2266 1519 2315 et
1547 2267 1835 2329 propterea
1869 2257 2012 2313 forte

428 2376 605 2432 neque
636 2357 917 2428 sepultura
948 2354 1147 2426 dignus
1176 2361 1260 2408 est
1288 2354 1535 2415 habitus,
1570 2351 1697 2406 talis
1723 2351 1806 2405 vir
1837 2351 2008 2404 multo

426 2454 659 2511 inferior
697 2460 751 2506 et
780 2450 904 2521 jure
951 2457 1295 2519 reputaretur
1350 2446 1637 2511 abortivo;
1696 2443 2007 2498 abortivum

426 2545 646 2617 quidem
675 2541 846 2597 solem
874 2554 983 2593 non
1014 2537 1169 2601 vidit,
1200 2552 1299 2591 nec
1329 2536 1518 2590 habuit
1542 2535 1742 2604 quibus
1770 2533 2010 2603 inspice-

426 2647 514 2695 ret
536 2650 656 2706 qua:
688 2640 819 2689 sunt
850 2639 905 2686 et
951 2630 1231 2685 actionum
1266 2628 1521 2683 meliores
1568 2626 1872 2697 praeferret.
1906 2623 2008 2690 Qui

428 2739 611 2786 autem
671 2726 759 2781 bis
793 2724 1055 2779 omnibus
1094 2722 1393 2775 honoratus
1443 2728 1497 2772 et
1544 2732 1777 2772 numero
1809 2732 2009 2788 magno

430 2823 731 2878 liberorum
764 2816 980 2869 laetatus
1037 2821 1093 2867 et
1127 2811 1327 2866 fruitus
1362 2810 1620 2865 diuturna
1673 2810 1782 2865 vita
1805 2851 1819 2875 ,
1882 2809 2012 2879 quia

431 2910 698 2969 bonitatis
746 2924 854 2963 non
891 2904 994 2960 fuit
1026 2904 1334 2974 particeps,
1376 2916 1555 2971 neque
1588 2899 1803 2956 deliciis
1839 2900 2014 2955 absti-

433 3000 555 3056 nuit
578 2997 809 3053 vilitatis
840 3003 894 3050 et
924 2994 1206 3064 sepultura
1234 2992 1386 3063 juxta
1415 2992 1668 3044 meritum
1692 2991 1805 3045 lucc
1829 2997 2016 3045 secuta

430 3099 555 3159 est;
587 3090 712 3160 jure
743 3087 947 3158 pejoris
975 3087 1064 3141 hic
1090 3085 1262 3157 magis
1298 3083 1393 3139 fati
1433 3099 1598 3153 quam
1629 3082 1760 3137 illud
1789 3092 2013 3152 reputa-

433 3185 600 3239 bitur.
626 3180 843 3236 Etenim
880 3179 968 3235 bic
994 3178 1164 3235 solem
1197 3175 1389 3231 videns
1418 3174 1736 3230 intenebris
1766 3174 2020 3230 ambula-

2104 1988 2283 2043 ἄλλων
2316 1990 2623 2063 ἀνθρώπων
2668 1993 2914 2067 ύπερέζη
2962 1996 3166 2067 καὶτῷ
3198 1998 3557 2069 πολυχρονίῳ
3602 1999 3708 2069 τὴν

2105 2078 2253 2151 ζωὴν
2277 2085 2744 2156 παρατεινομένην
2789 2088 2877 2141 ὅτι
2910 2088 3145 2159 μάλιστα
3182 2090 3292 2155 ἔξει
3316 2106 3333 2122 '
3375 2091 3451 2144 τά
3484 2091 3533 2143 δ’
3571 2091 3717 2146 ἄλλα

2107 2175 2395 2247 πονηρίαις
2424 2176 2516 2229 τὸν
2547 2176 2662 2247 βίον
2697 2178 2932 2250 κακύνῃ,
2964 2179 3064 2250 τῆς
3087 2180 3429 2251 ἀγαθότητος
3472 2184 3546 2253 τῇ
3576 2183 3722 2236 ἀπο·-

2110 2264 2303 2320 λαύσει
2332 2266 2407 2338 μὴ
2440 2268 2774 2339 ἐμπιμπλῶν
2814 2267 2981 2323 αὑτοῦ
3033 2271 3171 2341 μηδέ
3225 2271 3555 2343 διακοσμῶν
3617 2270 3723 2341 τὴν

2111 2357 2310 2429 ψυχὴν,
2343 2361 2438 2412 καὶ¹
2493 2360 2581 2414 διὰ
2620 2360 2778 2414 τοῦτο
2839 2363 2970 2427 ἴσως
3024 2364 3163 2433 μηδὲ
3189 2365 3367 2432 ταφῆς
3415 2364 3721 2435 ἀξιωθῇ,δ

2112 2446 2351 2511 τοιοῦτος
2376 2448 2516 2519 ἀνὴρ
2546 2448 2726 2520 πολλῷ
2756 2450 2954 2521 χείρων
3015 2452 3133 2521 καὶ,
3158 2452 3385 2516 δικαίως
3444 2452 3517 2505 ἂν
3572 2453 3724 2522 λογι-

2118 2536 2377 2606 σθήσεται
2412 2536 2504 2589 τοῦ
2536 2537 2908 2609 ἐκτρώματος·
2932 2540 2995 2592 τὸ
3023 2540 3121 2609 μέν
3138 2540 3397 2610 ἐκτρωμα
3420 2540 3584 2611 ἥλιον
3615 2541 3722 2595 οὐκ

2117 2624 2278 2692 εἶδεν,
2308 2629 2407 2682 οὐκ
2427 2628 2584 2701 ἔσχεν
2623 2624 2705 2693 οἷς
2743 2630 2810 2685 ἂν
2849 2631 3030 2685 ἐπεῖδὲ
3073 2649 3133 2685 τε
3186 2633 3253 2685 τά
3284 2634 3420 2685 ὄντα
3468 2632 3717 2686 καὶτῶν

2114 2717 2367 2789 πράξεων
2390 2720 2488 2784 τάς
2511 2720 2766 2791 ἀμείνους
2795 2723 3092 2794 προείλετο.
3128 2721 3187 2777 Ὅ
3207 2724 3263 2777 δὲ
3290 2724 3510 2787 τούτοις
3542 2725 3724 2779 ἅπασι

2117 2810 2368 2880 τιμηθεὶς
2407 2813 2500 2865 καὶ
2530 2812 2901 2884 πολυπληθείᾳ
2975 2813 3183 2869 παίδων
3235 2814 3581 2884 εὐφρανθεὶς
3627 2816 3724 2868 καὶ

2121 2900 2439 2966 ἀπολαύσας
2471 2903 2570 2973 τῆς
2606 2904 3056 2975 μακροϐιότητος.
3087 2905 3211 2959 ἐπεὶ
3234 2906 3335 2976 τῆς
3368 2906 3723 2977 ἀγαθότητος

2124 2994 2185 3047 οὐ
2208 2994 2492 3066 μετέσχεν,
2522 2997 2645 3050 οὐδὲ
2670 2999 2891 3069 τρυφῶν
2923 2998 3193 3069 ἀπέσχετο
3211 2999 3310 3069 τῆς
3340 3000 3719 3069 φαυλότητος,

2131 3087 2228 3142 καὶ
2260 3089 2293 3159 ἡ
2325 3089 2473 3157 ταφὴ
2506 3090 2626 3143 κατ’
2666 3091 2823 3157 ἀξίαν
2872 3090 3083 3155 τούτοις
3128 3091 3505 3162 ἠκολούθησεν
3526 3110 3541 3124 ο
3571 3092 3724 3146 είκό-

2126 3195 2235 3243 τως
2267 3180 2323 3233 δέ
2345 3181 2443 3251 τῆς
2470 3182 2711 3254 χείρονος
2758 3177 2912 3247 οὗτος
2966 3184 3181 3254 μᾶλλον
3213 3185 3413 3255 μοίρας
3456 3186 3491 3257 ἢ
3538 3186 3724 3239 ἐκεῖνο

432 3276 549 3339 bat,
577 3282 633 3328 et
667 3286 864 3326 nomen
898 3268 1112 3324 illustre
1143 3266 1459 3336 relinquere
1494 3279 1590 3336 per
1621 3263 1825 3319 nobilia
1856 3279 2021 3333 opera

2128 3269 2530 3342 λογισθήσεται.
2579 3274 2688 3327 Kal.
2739 3275 2848 3346 γὰρ
2877 3268 3030 3339 οὗτος
3053 3274 3143 3328 τὸν
3178 3276 3329 3345 ἥλιον
3364 3278 3513 3348 ὁρῶν
3546 3279 3606 3330 ἐν
3643 3277 3726 3347 τῷ

434 3381 559 3419 rum
590 3369 793 3433 posset.
821 3360 874 3414 in
906 3357 1151 3414 tenebris
1174 3364 1527 3427 peccatorum
1552 3352 1792 3424 proiecit
1818 3350 2030 3406 exstin-

434 3456 708 3529 guendum
734 3448 1283 3521 etconsepeliendum
1315 3445 1570 3503 vanitati.
1604 3444 1669 3498 Et
1702 3443 1848 3497 aliud
1886 3456 2022 3513 quo-

434 3564 543 3619 que
562 3546 726 3616 hujus
760 3542 826 3598 ad
867 3542 1176 3597 abortivum
1211 3538 1508 3594 discrimen
1534 3577 1550 3604 ,
1581 3536 1728 3605 quod
1761 3550 1935 3605 ptenae
1967 3543 2023 3589 et

437 3638 824 3706 castigationes
855 3633 1101 3687 functum
1128 3631 1239 3685 vita
1260 3628 1595 3699 exceperint,
1616 3627 1719 3681 hoc
1740 3641 1868 3679 vero
1904 3624 2026 3678 illa-

440 3742 562 3781 rum
604 3725 810 3778 nullius
856 3722 912 3776 in
942 3720 1339 3790 experientiam
1373 3717 1753 3774 constituitur.
1787 3714 1843 3770 Si
1894 3729 2027 3769 vero

439 3818 566 3888 quis
605 3815 837 3870 audiens
863 3812 1091 3867 Paulum
1123 3812 1433 3866 dicentem:
1461 3828 1480 3861 ι
1503 3808 1814 3863 Novissime
1842 3816 2024 3862 autem

442 3905 689 3960 omnium
722 3903 875 3957 visus
923 3910 1009 3957 est
1049 3911 1103 3956 et
1138 3900 1269 3954 mihi
1306 3910 1567 3970 tanquam
1621 3897 1874 3953 abortivo
1899 3896 1965 3961 ¹⁹,
2001 3914 2020 3948 ι

441 3997 499 4052 iu
531 3994 663 4050 illud
682 3993 1095 4048 Salomonicutn
1123 3992 1397 4060 respicere
1426 3989 1657 4061 putabit.
1690 3988 1905 4043 Etenim
1938 3988 2027 4044 ille

440 4085 665 4158 iustitiae
691 4083 871 4138 Solem
893 4083 945 4137 in
972 4092 1113 4137 terra
1144 4097 1252 4137 non
1280 4081 1418 4135 vidit
1444 4080 1748 4143 orientem;
1784 4093 1883 4134 nec
1906 4078 2027 4148 ejus

441 4177 732 4248 discipulis
777 4174 1161 4230 connumerari
1223 4183 1337 4229 tum
1390 4173 1591 4244 dignus
1634 4180 1719 4228 est
1761 4170 2024 4236 habitus;

446 4271 606 4326 multi
647 4284 780 4325 vero
812 4266 995 4323 Solem
1020 4266 1253 4336 justitite
1282 4265 1488 4331 intuiti,
1542 4279 1648 4321 non
1681 4264 1866 4319 minus
1911 4278 2029 4317 am-

434 4360 711 4419 bulabant
744 4362 797 4416 in
829 4360 1071 4416 tenebris
1118 4359 1186 4415 ad
1240 4358 1581 4428 fulgurantes
1623 4356 1806 4412 radios
1858 4356 1914 4410 in
1960 4368 2027 4411 eo

443 4453 749 4510 divinitatis
788 4451 1170 4518 caecutientes,
1199 4451 1303 4507 etsi
1339 4450 1545 4521 reliquo
1576 4450 1762 4504 omnia
1790 4447 1916 4503 vitae
1938 4462 2028 4503 se-

442 4545 627 4603 cundo
652 4560 819 4600 cursu
845 4544 978 4613 ipsis
1008 4543 1353 4607 ferebantur,
1403 4553 1458 4597 et
1506 4550 1569 4597 ut
1600 4557 1707 4597 non
1741 4538 1899 4595 facile
1931 4555 2034 4610 pu-

444 4647 656 4694 tassent
679 4647 889 4707 optare.
922 4637 1027 4691 Sed
1066 4645 1123 4691 et
1158 4636 1454 4691 liberorum
1494 4644 1613 4691 erat
1635 4634 1769 4705 ipsis
1788 4632 2033 4688 dilatatio

444 4740 502 4788 et
540 4732 701 4788 turba
739 4737 796 4786 et
834 4741 1142 4800 temporqu
1192 4727 1396 4784 additio
1440 4728 1763 4785 extensione
1796 4726 2034 4798 parado-

444 4840 576 4881 xum
605 4824 850 4880 trahens.
888 4821 942 4877 Si
966 4822 1093 4893 quis
1123 4821 1290 4892 igitur
1309 4821 1363 4875 in
1393 4820 1509 4876 haec
1541 4816 1891 4875 Salomonica
1920 4833 2045 4873 ora-

444 4916 568 4974 cula
602 4915 917 4981 transferat,
947 4922 1003 4969 et
1040 4911 1353 4969 abortivum
1414 4912 1641 4969 Paulum
1683 4909 2040 4967 Judaicorum

445 5009 754 5079 principum
791 5008 1140 5063 sacerdotum
1176 5014 1230 5060 et
1257 5004 1604 5060 sacerdotum
1649 5014 1705 5059 et
1737 5004 2034 5059 multorum

443 5102 678 5157 aliorum
712 5101 835 5156 vitae
867 5099 1087 5171 quidem
1148 5098 1405 5154 felicitate
1438 5096 1842 5169 splendentium
1867 5139 1885 5164 ,
1936 5096 2042 5151 im-

445 5195 645 5264 pietate
671 5203 855 5248 autem
904 5200 960 5248 et
990 5192 1200 5246 vilitate
1245 5191 1526 5246 actionum
1560 5189 1615 5243 in
1647 5189 1886 5246 tenebris
1913 5204 2039 5243 ver-

445 5288 713 5352 santium,
741 5294 796 5340 et
833 5283 921 5341 his
955 5284 1215 5340 omnibus
1258 5289 1592 5353 superponet
1618 5290 1676 5337 et
1708 5281 1882 5337 multo
1914 5295 2036 5335 me-

446 5380 644 5435 liorem
665 5379 818 5450 juxta
837 5378 1022 5433 omnia
1037 5376 1401 5441 demonstrat,
1424 5390 1549 5431 vere
1568 5374 1788 5446 quidem
1807 5374 2036 5429 omnino

446 5467 615 5537 dicit;
648 5469 786 5524 nihil
818 5484 968 5532 vero,
1000 5468 1220 5539 opinor,
1253 5466 1407 5522 addit
1434 5481 1693 5537 magnum
1725 5466 1774 5522 ei
1808 5465 1903 5537 qui
1937 5480 2036 5537 gy-

450 5577 574 5616 rum
604 5570 766 5617 terra:
793 5562 1188 5632 praedicatione
1216 5560 1543 5631 complexus
1574 5566 1679 5616 est.

448 5652 651 5720 φαίνει,
681 5653 882 5724 ἀληθὲς
947 5654 1048 5725 μὲν
1101 5654 1320 5721 πάντως
1353 5652 1538 5725 λέγει·
1592 5651 1749 5709 ούδέν
1780 5650 1839 5707 δέ
1883 5644 2042 5724 οἴμαι

455 5745 775 5814 κηρύγματι
800 5746 1175 5817 περιλαϐόντι.

524 5855 568 5889 ¹⁹
603 5855 621 5913 l
661 5857 789 5915 Cor.
823 5873 915 5924 xv,
938 5858 992 5915 8.

2147 3364 2329 3416 σκότει
2352 3364 2670 3435 ἐπορεύετο,
2702 3367 2798 3420 καὶ
2827 3366 2889 3419 τὸ
2914 3366 3085 3437 ὄνομα
3114 3366 3366 3438 λαμπρὸν
3388 3370 3727 3422 καταλιπεῖν

2123 3453 2214 3507 διὰ
2241 3454 2350 3509 τῶν
2380 3457 2685 3510 σπουδαίων
2708 3457 2885 3527 ἐργων
2901 3458 3221 3529 δυνάμενος,
3253 3460 3311 3512 ἐν
3327 3458 3404 3528 τῷ
3430 3458 3591 3531 ζόφῳ
3614 3459 3727 3513 τῶν

2127 3545 2540 3617 ἁμαρτημάτων
2569 3548 2837 3622 ἀπέρριψε
2882 3550 3198 3605 σϐέννυσθαι
3226 3552 3319 3603 καὶ
3338 3551 3730 3621 συγκατορύτ-

2130 3637 2321 3692 τεσθαι
2349 3642 2413 3710 τῇ
2450 3640 2799 3710 ματαιότητι.
2859 3642 2969 3695 Καὶ
3008 3641 3142 3710 άλλη
3170 3641 3228 3695 δὲ
3260 3640 3455 3695 τούτου
3481 3643 3627 3715 πρὸς
3664 3641 3727 3694 τὸ

2134 3728 2399 3801 ἐκτρωμα
2426 3730 2681 3803 διαφορὰ,
2724 3734 2807 3787 ὅτι
2849 3733 2937 3787 τὸν
2969 3734 3069 3804 μὲν
3094 3735 3277 3788 ποιναὶ
3310 3735 3406 3789 καὶ
3465 3734 3729 3799 κολάσεις

2134 3822 2506 3877 καταλιπόντα
2529 3824 2624 3879 τὸν
2654 3823 2768 3896 βίον
2796 3826 3064 3893 ἐδέξαντο,
3098 3827 3160 3881 τὸ
3188 3827 3243 3880 δέ
3262 3827 3473 3881 τούτων
3500 3827 3726 3890 οὐδενὸς

2133 3917 2214 3979 είς
2238 3917 2430 3988 πεῖραν
2484 3918 2832 3976 καθίσταται.
2885 3920 2948 3973 El
2999 3920 3056 3974 δέ
3090 3937 3174 3984 τις
3223 3920 3440 3974 ἀκούων
3503 3919 3727 3975 Παύλου

2133 4005 2407 4073 λέγοντος,
2450 4025 2470 4059 ι
2495 4007 2764 4080 ’Ὕστερον
2795 4009 2853 4062 δέ
2879 4009 3096 4063 πάντων
3124 4009 3283 4080 ὤφθη
3317 4011 3493 4080 κάμοὶ
3531 4010 3725 4079 ὥσπερ

2134 4094 2211 4166 τῷ
2236 4095 2576 4169 ἐκτρώματι,
2597 4118 2614 4151 ι
2664 4101 2744 4163 είς
2778 4101 2953 4154 ἐκεῖνο
2999 4100 3060 4153 τὸ
3100 4101 3486 4172 Σολομόντειον
3510 4101 3727 4172 ἀφορᾷν

2134 4187 2368 4254 νομίσει.
2413 4189 2524 4242 Kal
2543 4191 2650 4261 γὰρ
2668 4190 2874 4253 ἐκεῖνος
2896 4191 2988 4244 τὸν
3015 4190 3115 4261 τῆς
3142 4190 3495 4262 δικαιοσύνης
3532 4191 3726 4246 Ἥλιον

2133 4278 2229 4332 ἐπὶ
2251 4280 2352 4349 γῆς
2367 4281 2465 4334 οὐκ
2486 4276 2624 4335 εἶδεν
2645 4282 3024 4347 ἀνατέλλοντα,
3042 4282 3160 4336 οὐδὲ
3192 4285 3303 4345 τοῖς
3348 4284 3518 4338 αὑτοῦ
3553 4283 3728 4354 μαθη-

2136 4373 2259 4435 ταῖς
2271 4370 2606 4442 συγκαταριθ
2615 4372 2856 4444 μηθῆναι
2870 4373 3171 4445 τηνικαῦτα
3184 4373 3387 4446 ἠξιώθη
3397 4414 3412 4429 .
3445 4374 3642 4429 Πολλοὶ
3666 4374 3723 4427 δὲ

2138 4462 2229 4515 τὸν
2260 4461 2448 4514 Ἥλιον
2478 4464 2577 4533 τῆς
2626 4462 2971 4533 δικαιοσύνης
2993 4464 3319 4535 ἑωρακότες,
3350 4463 3474 4517 οὐδέ
3495 4463 3719 4517 ἔλαττον

2140 4548 2466 4621 ἐπορεύοντο
2492 4551 2549 4603 ἐν
2573 4548 2651 4620 τῷ
2669 4553 2849 4603 σκότει
2871 4549 3005 4620 πρὸς
3032 4549 3132 4613 τάς
3163 4550 3724 4620 ἐναποστραπτούσας

2141 4639 2368 4702 ἀκτῖνας
2393 4639 2494 4710 τῆς
2527 4641 2585 4693 ἐν
2616 4642 2767 4710 αύτῷ
2790 4641 3047 4711 θεότητος
3076 4639 3475 4711 καταμύοντες,
3530 4643 3581 4693 εί
3628 4636 3724 4692 καὶ

2140 4731 2210 4785 τά
2246 4732 2383 4787 ἄλλα
2401 4732 2584 4786 πάντα
2604 4731 2698 4787 τοῦ
2733 4732 2848 4803 βίου
2881 4732 3026 4786 κατὰ
3075 4731 3204 4803 ῥοῦν
3243 4731 3431 4795 αὐτοῖς
3456 4732 3719 4803 ἐφέρετοο

2140 4825 2236 4879 καὶ
2261 4824 2337 4888 ὡς
2369 4825 2435 4879 ἂν
2455 4825 2576 4879 οὐδὲ
2601 4825 2782 4897 ῥᾴδιον
2813 4825 3061 4896 ἐνόμιζον
3082 4824 3366 4890 εὔξασθαι.
3436 4823 3601 4878 Ἀλλά
3628 4820 3724 4876 καὶ

2139 4915 2349 4969 τέκνων
2382 4912 2450 4987 ἢν
2482 4916 2669 4980 αὐτοῖς
2689 4916 3007 4986 πλατυσμὸς
3038 4917 3129 4970 καὶ
3155 4915 3361 4985 πλῆθος
3395 4917 3492 4969 καὶ
3513 4914 3723 4986 χρόνων

2139 5007 2379 5073 ἐπίδοσις
2404 5012 2469 5080 τῇ
2519 5010 2867 5081 παραστάσει
2902 5009 2961 5063 τὸ
3001 5008 3307 5080 παράδοξον
3332 5006 3673 5079 ἐφελκομένη
3705 5017 3720 5032 ⁶

2140 5101 2190 5153 εί
2216 5101 2346 5169 γοῦν
2367 5118 2452 5166 τις
2504 5104 2583 5168 εἰς
2630 5102 2804 5157 ταῦτα
2853 5101 2924 5155 τὰ
2980 5100 3342 5170 Σολομόντεια
3364 5099 3521 5167 λόγια
3555 5112 3724 5169 μετα-

2138 5197 2317 5257 λάϐοι,
2367 5196 2461 5250 καὶ
2503 5197 2567 5249 τὸ
2608 5195 2866 5266 ἕκτρωμα
2916 5192 3005 5246 τὸν
3028 5191 3240 5245 Παῦλον
3267 5190 3376 5245 τῶν
3419 5186 3724 5243 Ἰουδαϊκῶν

2140 5285 2442 5358 ἀρχιερέων
2473 5302 2531 5338 τε
2567 5284 2662 5338 καὶ
2709 5283 2902 5354 ἱερέων
2948 5281 3041 5335 καὶ
3084 5279 3297 5332 πολλῶν
3324 5277 3500 5333 ἄλλων
3530 5278 3596 5347 τῇ
3627 5268 3722 5327 τοῦ

2142 5372 2259 5446 βίου
2293 5374 2391 5445 μὲν
2422 5372 2741 5444 εὐδαιμονίᾳ
2768 5367 3268 5439 λαμπρυνομένων,
3298 5365 3524 5437 ἀσεϐείᾳ
3551 5364 3607 5416 δέ
3633 5360 3726 5414 καὶ

2140 5467 2436 5539 φαυλότητι
2472 5465 2725 5538 πράξεων
2755 5461 3179 5531 ἐσκοτισμένων,
3219 5460 3313 5512 καὶ
3344 5457 3550 5512 τούτων
3578 5450 3725 5508 ἐκεί-

2141 5573 2248 5612 νων
2272 5556 2577 5629 ύπερθήσει
2604 5555 2700 5609 καὶ
2731 5552 2913 5623 πολλῷ
2948 5548 3187 5620 κρείττω
3210 5547 3357 5602 κατά
3379 5548 3558 5601 πάντα
3587 5544 3723 5609 ἀπο-

2119 5651 2428 5723 προσάπτει
2489 5648 2634 5721 μέγα
2704 5647 2784 5720 τῷ
2830 5646 2922 5702 τὸν
2960 5645 3129 5720 γύρον
3175 5646 3273 5718 τῆς
3302 5640 3629 5715 οἰκουμένης
3650 5630 3727 5703 τῷ
