  <div class='ocr_page' id='page_1' title='image "/cluster/home/n/w/nwhite01/storage/ocr_20150623/101:no.1/coo.31924054870054/244.png"; bbox 0 0 4144 6490; ppageno 0'>
   <div class='ocr_carea' id='block_1_1' title="bbox 476 395 582 463">
    <p class='ocr_par' dir='ltr' id='par_1_1' title="bbox 476 395 582 463">
     <span class='ocr_line' id='line_1_1' title="bbox 476 395 582 463; baseline 0.009 -1"><span class='ocrx_word' id='word_1_1' title='bbox 476 395 582 463; x_wconf 71' lang='grc'><strong>437</strong></span> 
     </span>
    </p>
   </div>
   <div class='ocr_carea' id='block_1_2' title="bbox 1051 517 1529 576">
    <p class='ocr_par' dir='ltr' id='par_1_2' title="bbox 1051 517 1529 576">
     <span class='ocr_line' id='line_1_2' title="bbox 1051 517 1529 576; baseline 0.015 -8"><span class='ocrx_word' id='word_1_2' title='bbox 1051 517 1383 572; x_wconf 82' lang='grc' dir='ltr'><strong>ΕΡΩΤΗΣΙΣ</strong></span> <span class='ocrx_word' id='word_1_3' title='bbox 1409 519 1529 576; x_wconf 87' lang='grc' dir='ltr'><strong>ΞΘ’.</strong></span> 
     </span>
    </p>
   </div>
   <div class='ocr_carea' id='block_1_3' title="bbox 480 604 2063 684">
    <p class='ocr_par' dir='ltr' id='par_1_3' title="bbox 480 604 2063 684">
     <span class='ocr_line' id='line_1_3' title="bbox 480 604 2063 684; baseline 0.005 -22"><span class='ocrx_word' id='word_1_4' title='bbox 480 604 910 684; x_wconf 52' lang='grc' dir='ltr'><strong>τιδηλρῖτδχε</strong></span> <span class='ocrx_word' id='word_1_5' title='bbox 927 606 1072 684; x_wconf 59' lang='grc' dir='ltr'>Ζῆθι</span> <span class='ocrx_word' id='word_1_6' title='bbox 1125 609 1200 684; x_wconf 26' lang='grc' dir='ltr'><strong>’ἐν</strong></span> <span class='ocrx_word' id='word_1_7' title='bbox 1248 610 1448 684; x_wconf 76' lang='grc' dir='ltr'>ἀγαθῷ</span> <span class='ocrx_word' id='word_1_8' title='bbox 1507 614 1605 667; x_wconf 80' lang='grc' dir='ltr'>καὶ</span> <span class='ocrx_word' id='word_1_9' title='bbox 1647 614 1738 668; x_wconf 68' lang='lat' dir='ltr'><strong>res</strong></span> <span class='ocrx_word' id='word_1_10' title='bbox 1769 616 1839 669; x_wconf 79' lang='grc' dir='ltr'><strong>ἐν</strong></span> <span class='ocrx_word' id='word_1_11' title='bbox 1874 614 2063 684; x_wconf 70' lang='grc' dir='ltr'>ἡμέρᾳ</span> 
     </span>
    </p>
   </div>
   <div class='ocr_carea' id='block_1_4' title="bbox 548 676 2067 754">
    <p class='ocr_par' dir='ltr' id='par_1_4' title="bbox 548 676 2067 754">
     <span class='ocr_line' id='line_1_4' title="bbox 548 676 2067 754; baseline 0.004 -23"><span class='ocrx_word' id='word_1_12' title='bbox 548 678 787 754; x_wconf 64' lang='grc' dir='ltr'>κακίας,</span> <span class='ocrx_word' id='word_1_13' title='bbox 855 676 1202 754; x_wconf 48' lang='lat' dir='ltr'><strong>[definire</strong></span> <span class='ocrx_word' id='word_1_14' title='bbox 1254 676 1433 754; x_wconf 66' lang='grc' dir='ltr'><strong>τρὺτό</strong></span> <span class='ocrx_word' id='word_1_15' title='bbox 1481 685 1815 754; x_wconf 61' lang='grc' dir='ltr'>σύμφωνον</span> <span class='ocrx_word' id='word_1_16' title='bbox 1877 676 2067 750; x_wconf 54' lang='lat' dir='ltr'><strong>ionio</strong></span> 
     </span>
    </p>
   </div>
   <div class='ocr_carea' id='block_1_5' title="bbox 544 749 2061 827">
    <p class='ocr_par' dir='ltr' id='par_1_5' title="bbox 544 749 2061 827">
     <span class='ocr_line' id='line_1_5' title="bbox 544 749 2061 827; baseline 0.019 -31"><span class='ocrx_word' id='word_1_17' title='bbox 544 749 838 827; x_wconf 48' lang='lat' dir='ltr'><strong>egomt/&#39;81P</strong></span> <span class='ocrx_word' id='word_1_18' title='bbox 895 750 928 827; x_wconf 70' lang='grc' dir='ltr'><strong>ό</strong></span> <span class='ocrx_word' id='word_1_19' title='bbox 979 749 1121 827; x_wconf 68' lang='grc' dir='ltr'>θεὸς</span> <span class='ocrx_word' id='word_1_20' title='bbox 1169 753 1311 827; x_wconf 52' lang='lat' dir='ltr'><strong>imp}</strong></span> <span class='ocrx_word' id='word_1_21' title='bbox 1358 749 1626 827; x_wconf 54' lang='lat'><strong>10511016;</strong></span> <span class='ocrx_word' id='word_1_22' title='bbox 1657 756 1758 810; x_wconf 84' lang='grc' dir='ltr'><strong>ἵνα</strong></span> <span class='ocrx_word' id='word_1_23' title='bbox 1789 756 1875 827; x_wconf 74' lang='grc' dir='ltr'>μὴ</span> <span class='ocrx_word' id='word_1_24' title='bbox 1915 749 2061 825; x_wconf 78' lang='grc' dir='ltr'>εὕριι</span> 
     </span>
    </p>
   </div>
   <div class='ocr_carea' id='block_1_6' title="bbox 548 818 1603 894">
    <p class='ocr_par' dir='ltr' id='par_1_6' title="bbox 548 818 1603 894">
     <span class='ocr_line' id='line_1_6' title="bbox 548 818 1603 894; baseline 0.008 -24"><span class='ocrx_word' id='word_1_25' title='bbox 548 818 861 887; x_wconf 82' lang='grc' dir='ltr'>ἅνθρωπος</span> <span class='ocrx_word' id='word_1_26' title='bbox 889 819 1083 871; x_wconf 82' lang='grc' dir='ltr'><strong>ὀπίσω</strong></span> <span class='ocrx_word' id='word_1_27' title='bbox 1114 822 1303 877; x_wconf 83' lang='grc' dir='ltr'>αὑτοῦ</span> <span class='ocrx_word' id='word_1_28' title='bbox 1337 818 1603 894; x_wconf 13' lang='grc' dir='ltr'>μηδέν-,γι</span> 
     </span>
    </p>
   </div>
   <div class='ocr_carea' id='block_1_7' title="bbox 1298 405 2956 491">
    <p class='ocr_par' dir='ltr' id='par_1_7' title="bbox 1298 405 2956 491">
     <span class='ocr_line' id='line_1_7' title="bbox 1298 405 2956 491; baseline 0.008 -26"><span class='ocrx_word' id='word_1_29' title='bbox 1298 405 1400 466; x_wconf 83' lang='grc' dir='ltr'><strong>ΑΙ)</strong></span> <span class='ocrx_word' id='word_1_30' title='bbox 1428 407 2022 472; x_wconf 73' lang='lat' dir='ltr'><strong>AMPHILOCI—IIUM</strong></span> <span class='ocrx_word' id='word_1_31' title='bbox 2057 411 2403 485; x_wconf 53' lang='lat' dir='ltr'><strong>QUEESTIO</strong></span> <span class='ocrx_word' id='word_1_32' title='bbox 2443 416 2714 491; x_wconf 82' lang='lat' dir='ltr'>LXVIII,</span> <span class='ocrx_word' id='word_1_33' title='bbox 2747 417 2956 478; x_wconf 81' lang='lat' dir='ltr'><strong>LXIX.</strong></span> 
     </span>
    </p>
   </div>
   <div class='ocr_carea' id='block_1_8' title="bbox 3652 419 3762 483">
    <p class='ocr_par' dir='ltr' id='par_1_8' title="bbox 3652 419 3762 483">
     <span class='ocr_line' id='line_1_8' title="bbox 3652 419 3762 483; baseline 0.018 -1"><span class='ocrx_word' id='word_1_34' title='bbox 3652 419 3762 483; x_wconf 74' lang='lat'><strong>438</strong></span> 
     </span>
    </p>
   </div>
   <div class='ocr_carea' id='block_1_9' title="bbox 2493 529 3439 605">
    <p class='ocr_par' dir='ltr' id='par_1_9' title="bbox 2493 529 3439 605">
     <span class='ocr_line' id='line_1_9' title="bbox 2493 529 3439 605; baseline 0.002 -21"><span class='ocrx_word' id='word_1_35' title='bbox 2493 529 2823 596; x_wconf 58' lang='lat' dir='ltr'><strong>QUIESTIO</strong></span> <span class='ocrx_word' id='word_1_36' title='bbox 2854 531 3016 585; x_wconf 75' lang='lat' dir='ltr'><strong>LXIX</strong></span> <span class='ocrx_word' id='word_1_37' title='bbox 3048 530 3144 595; x_wconf 77' lang='lat' dir='ltr'><strong>[aL</strong></span> <span class='ocrx_word' id='word_1_38' title='bbox 3179 530 3439 605; x_wconf 68' lang='lat' dir='ltr'><strong>LXVIII].</strong></span> 
     </span>
    </p>
   </div>
   <div class='ocr_carea' id='block_1_10' title="bbox 2175 616 3761 690">
    <p class='ocr_par' dir='ltr' id='par_1_10' title="bbox 2175 616 3761 690">
     <span class='ocr_line' id='line_1_10' title="bbox 2175 616 3761 690; baseline 0.006 -19"><span class='ocrx_word' id='word_1_39' title='bbox 2175 616 2317 683; x_wconf 79' lang='lat' dir='ltr'><strong>Quid</strong></span> <span class='ocrx_word' id='word_1_40' title='bbox 2350 621 2623 690; x_wconf 79' lang='lat' dir='ltr'><strong>significat</strong></span> <span class='ocrx_word' id='word_1_41' title='bbox 2672 623 2807 675; x_wconf 78' lang='lat' dir='ltr'><strong>illud</strong></span> <span class='ocrx_word' id='word_1_42' title='bbox 2841 639 2859 675; x_wconf 92' lang='lat'><strong><em>:</em></strong></span> <span class='ocrx_word' id='word_1_43' title='bbox 2898 641 2916 674; x_wconf 77' lang='grc' dir='ltr'><strong>ι</strong></span> <span class='ocrx_word' id='word_1_44' title='bbox 2956 622 3075 677; x_wconf 76' lang='lat' dir='ltr'><strong>Vive</strong></span> <span class='ocrx_word' id='word_1_45' title='bbox 3119 625 3169 677; x_wconf 85' lang='lat' dir='ltr'><strong>in</strong></span> <span class='ocrx_word' id='word_1_46' title='bbox 3200 628 3331 679; x_wconf 84' lang='lat' dir='ltr'><strong>bono</strong></span> <span class='ocrx_word' id='word_1_47' title='bbox 3359 636 3407 679; x_wconf 86' lang='lat' dir='ltr'><strong>et</strong></span> <span class='ocrx_word' id='word_1_48' title='bbox 3440 624 3554 679; x_wconf 75' lang='lat' dir='ltr'><strong>vide</strong></span> <span class='ocrx_word' id='word_1_49' title='bbox 3590 628 3642 681; x_wconf 85' lang='lat' dir='ltr'><strong>in</strong></span> <span class='ocrx_word' id='word_1_50' title='bbox 3672 626 3761 680; x_wconf 80' lang='lat' dir='ltr'><strong>die</strong></span> 
     </span>
    </p>
   </div>
   <div class='ocr_carea' id='block_1_11' title="bbox 2241 692 3763 765">
    <p class='ocr_par' dir='ltr' id='par_1_11' title="bbox 2241 692 3763 765">
     <span class='ocr_line' id='line_1_11' title="bbox 2241 692 3763 765; baseline 0.004 -23"><span class='ocrx_word' id='word_1_51' title='bbox 2241 692 2510 765; x_wconf 57' lang='lat' dir='ltr'><strong>nequitiac,</strong></span> <span class='ocrx_word' id='word_1_52' title='bbox 2592 694 2726 747; x_wconf 83' lang='lat' dir='ltr'><strong>vide.</strong></span> <span class='ocrx_word' id='word_1_53' title='bbox 2785 692 2865 765; x_wconf 71' lang='lat' dir='ltr'><strong>Et</strong></span> <span class='ocrx_word' id='word_1_54' title='bbox 2940 696 3038 746; x_wconf 88' lang='lat' dir='ltr'><strong>hoc</strong></span> <span class='ocrx_word' id='word_1_55' title='bbox 3115 711 3403 749; x_wconf 82' lang='lat' dir='ltr'><strong>consonum</strong></span> <span class='ocrx_word' id='word_1_56' title='bbox 3477 696 3557 749; x_wconf 84' lang='lat' dir='ltr'><strong>illi</strong></span> <span class='ocrx_word' id='word_1_57' title='bbox 3640 697 3763 765; x_wconf 74' lang='lat' dir='ltr'><strong>[erit</strong></span> 
     </span>
    </p>
   </div>
   <div class='ocr_carea' id='block_1_12' title="bbox 2248 760 3761 835">
    <p class='ocr_par' dir='ltr' id='par_1_12' title="bbox 2248 760 3761 835">
     <span class='ocr_line' id='line_1_12' title="bbox 2248 760 3761 835; baseline 0.003 -21"><span class='ocrx_word' id='word_1_58' title='bbox 2248 760 2387 835; x_wconf 63' lang='lat' dir='ltr'><strong>pett:</strong></span> <span class='ocrx_word' id='word_1_59' title='bbox 2421 764 2565 835; x_wconf 66' lang='lat' dir='ltr'><strong>circa</strong></span> <span class='ocrx_word' id='word_1_60' title='bbox 2618 762 2879 833; x_wconf 82' lang='lat' dir='ltr'><strong>loquelam</strong></span> <span class='ocrx_word' id='word_1_61' title='bbox 2909 803 2925 828; x_wconf 91' lang='lat'><strong>,</strong></span> <span class='ocrx_word' id='word_1_62' title='bbox 2957 774 3011 816; x_wconf 87' lang='lat' dir='ltr'><strong>ut</strong></span> <span class='ocrx_word' id='word_1_63' title='bbox 3043 780 3142 818; x_wconf 84' lang='lat' dir='ltr'><strong>non</strong></span> <span class='ocrx_word' id='word_1_64' title='bbox 3180 769 3409 821; x_wconf 76' lang='lat' dir='ltr'><strong>inveniat</strong></span> <span class='ocrx_word' id='word_1_65' title='bbox 3464 768 3619 821; x_wconf 85' lang='lat' dir='ltr'><strong>homo</strong></span> <span class='ocrx_word' id='word_1_66' title='bbox 3640 760 3761 835; x_wconf 66' lang='lat' dir='ltr'><strong>post</strong></span> 
     </span>
    </p>
   </div>
   <div class='ocr_carea' id='block_1_13' title="bbox 2246 829 2792 904">
    <p class='ocr_par' dir='ltr' id='par_1_13' title="bbox 2246 829 2792 904">
     <span class='ocr_line' id='line_1_13' title="bbox 2246 829 2792 904; baseline 0.009 -22"><span class='ocrx_word' id='word_1_67' title='bbox 2246 829 2400 884; x_wconf 80' lang='lat' dir='ltr'><strong>illum</strong></span> <span class='ocrx_word' id='word_1_68' title='bbox 2429 829 2738 904; x_wconf 76' lang='lat' dir='ltr'><strong>quidquam.</strong></span> <span class='ocrx_word' id='word_1_69' title='bbox 2773 852 2792 886; x_wconf 76' lang='grc' dir='ltr'><strong>ι</strong></span> 
     </span>
    </p>
   </div>
   <div class='ocr_carea' id='block_1_14' title="bbox 1466 916 2763 986">
    <p class='ocr_par' dir='ltr' id='par_1_14' title="bbox 1466 916 2763 986">
     <span class='ocr_line' id='line_1_14' title="bbox 1466 916 2763 986; baseline 0.005 -20"><span class='ocrx_word' id='word_1_70' title='bbox 1466 916 1609 967; x_wconf 80' lang='lat' dir='ltr'><strong>Edita</strong></span> <span class='ocrx_word' id='word_1_71' title='bbox 1632 933 1657 967; x_wconf 91' lang='lat' dir='ltr'><strong>a</strong></span> <span class='ocrx_word' id='word_1_72' title='bbox 1691 919 1833 979; x_wconf 84' lang='lat' dir='ltr'><strong>Maio,</strong></span> <span class='ocrx_word' id='word_1_73' title='bbox 1872 920 1907 968; x_wconf 94' lang='lat' dir='ltr'><strong>l.</strong></span> <span class='ocrx_word' id='word_1_74' title='bbox 1942 932 1987 969; x_wconf 92' lang='lat' dir='ltr'><strong>c.</strong></span> <span class='ocrx_word' id='word_1_75' title='bbox 2010 933 2062 982; x_wconf 91' lang='lat' dir='ltr'><strong>p.</strong></span> <span class='ocrx_word' id='word_1_76' title='bbox 2102 917 2268 973; x_wconf 57' lang='lat'><strong>85-85.</strong></span> <span class='ocrx_word' id='word_1_77' title='bbox 2295 923 2350 972; x_wconf 91' lang='lat' dir='ltr'><strong>In</strong></span> <span class='ocrx_word' id='word_1_78' title='bbox 2372 922 2540 974; x_wconf 83' lang='lat' dir='ltr'><strong>Eccle.</strong></span> <span class='ocrx_word' id='word_1_79' title='bbox 2577 938 2662 986; x_wconf 86' lang='lat' dir='ltr'><strong>vu,</strong></span> <span class='ocrx_word' id='word_1_80' title='bbox 2686 925 2763 975; x_wconf 82' lang='grc'><strong>15.</strong></span> 
     </span>
    </p>
   </div>
   <div class='ocr_carea' id='block_1_15' title="bbox 553 993 2063 1076">
    <p class='ocr_par' dir='ltr' id='par_1_15' title="bbox 553 993 2063 1076">
     <span class='ocr_line' id='line_1_15' title="bbox 553 993 2063 1076; baseline 0.005 -29"><span class='ocrx_word' id='word_1_81' title='bbox 553 996 646 1061; x_wconf 78' lang='grc' dir='ltr'>Σὺ,</span> <span class='ocrx_word' id='word_1_82' title='bbox 661 994 816 1065; x_wconf 78' lang='grc' dir='ltr'>φησὶ,</span> <span class='ocrx_word' id='word_1_83' title='bbox 833 993 932 1066; x_wconf 84' lang='grc' dir='ltr'><strong>τὴν</strong></span> <span class='ocrx_word' id='word_1_84' title='bbox 958 993 1105 1066; x_wconf 79' lang='grc' dir='ltr'>ζωὴν</span> <span class='ocrx_word' id='word_1_85' title='bbox 1123 998 1258 1070; x_wconf 85' lang='grc' dir='ltr'>πρὸς</span> <span class='ocrx_word' id='word_1_86' title='bbox 1272 1000 1476 1075; x_wconf 80' lang='grc' dir='ltr'>ἀρετὴν</span> <span class='ocrx_word' id='word_1_87' title='bbox 1500 1005 1634 1074; x_wconf 82' lang='grc' dir='ltr'>ὁρᾷν</span> <span class='ocrx_word' id='word_1_88' title='bbox 1654 1003 2063 1076; x_wconf 81' lang='grc' dir='ltr'>παρασκεύαζε,</span> 
     </span>
    </p>
   </div>
   <div class='ocr_carea' id='block_1_16' title="bbox 483 1086 2067 1164">
    <p class='ocr_par' dir='ltr' id='par_1_16' title="bbox 483 1086 2067 1164">
     <span class='ocr_line' id='line_1_16' title="bbox 483 1086 2067 1164; baseline 0.005 -24"><span class='ocrx_word' id='word_1_89' title='bbox 483 1088 574 1141; x_wconf 74' lang='grc' dir='ltr'><strong>καὶ</strong></span> <span class='ocrx_word' id='word_1_90' title='bbox 603 1086 739 1157; x_wconf 65' lang='grc' dir='ltr'>πρὸς</span> <span class='ocrx_word' id='word_1_91' title='bbox 772 1086 873 1157; x_wconf 81' lang='grc' dir='ltr'>τὴν</span> <span class='ocrx_word' id='word_1_92' title='bbox 896 1087 1201 1144; x_wconf 86' lang='grc' dir='ltr'><strong>ἀπόλαυσιν</strong></span> <span class='ocrx_word' id='word_1_93' title='bbox 1229 1092 1337 1145; x_wconf 91' lang='grc' dir='ltr'><strong>τῶν</strong></span> <span class='ocrx_word' id='word_1_94' title='bbox 1363 1094 1578 1149; x_wconf 76' lang='grc' dir='ltr'>ἐκεῖθεν</span> <span class='ocrx_word' id='word_1_95' title='bbox 1610 1096 1828 1164; x_wconf 78' lang='grc' dir='ltr'><strong>ἀγαθῶν</strong></span> <span class='ocrx_word' id='word_1_96' title='bbox 1860 1097 2067 1164; x_wconf 78' lang='grc' dir='ltr'>καταρ-</span> 
     </span>
    </p>
   </div>
   <div class='ocr_carea' id='block_1_17' title="bbox 2237 1003 3761 1080">
    <p class='ocr_par' dir='ltr' id='par_1_17' title="bbox 2237 1003 3761 1080">
     <span class='ocr_line' id='line_1_17' title="bbox 2237 1003 3761 1080; baseline 0.007 -21"><span class='ocrx_word' id='word_1_97' title='bbox 2237 1003 2341 1073; x_wconf 88' lang='grc' dir='ltr'>Τυ,</span> <span class='ocrx_word' id='word_1_98' title='bbox 2379 1006 2574 1076; x_wconf 91' lang='lat' dir='ltr'><strong>inquit,</strong></span> <span class='ocrx_word' id='word_1_99' title='bbox 2609 1009 2776 1062; x_wconf 80' lang='lat' dir='ltr'><strong>vitam</strong></span> <span class='ocrx_word' id='word_1_100' title='bbox 2818 1008 2884 1063; x_wconf 89' lang='lat' dir='ltr'><strong>ad</strong></span> <span class='ocrx_word' id='word_1_101' title='bbox 2910 1010 3167 1064; x_wconf 75' lang='lat' dir='ltr'><strong>virtutem</strong></span> <span class='ocrx_word' id='word_1_102' title='bbox 3200 1012 3448 1080; x_wconf 83' lang='lat' dir='ltr'><strong>aspicere</strong></span> <span class='ocrx_word' id='word_1_103' title='bbox 3486 1012 3670 1077; x_wconf 89' lang='lat' dir='ltr'><strong>stude,</strong></span> <span class='ocrx_word' id='word_1_104' title='bbox 3699 1022 3761 1069; x_wconf 90' lang='lat' dir='ltr'><strong>et</strong></span> 
     </span>
    </p>
   </div>
   <div class='ocr_carea' id='block_1_18' title="bbox 2173 1097 3757 1169">
    <p class='ocr_par' dir='ltr' id='par_1_18' title="bbox 2173 1097 3757 1169">
     <span class='ocr_line' id='line_1_18' title="bbox 2173 1097 3757 1169; baseline 0.005 -17"><span class='ocrx_word' id='word_1_105' title='bbox 2173 1098 2240 1153; x_wconf 88' lang='lat' dir='ltr'><strong>ad</strong></span> <span class='ocrx_word' id='word_1_106' title='bbox 2265 1097 2587 1155; x_wconf 86' lang='lat' dir='ltr'><strong>fruitionem</strong></span> <span class='ocrx_word' id='word_1_107' title='bbox 2617 1100 2743 1156; x_wconf 87' lang='lat' dir='ltr'><strong>inde</strong></span> <span class='ocrx_word' id='word_1_108' title='bbox 2768 1100 3043 1156; x_wconf 90' lang='lat' dir='ltr'><strong>bonorum</strong></span> <span class='ocrx_word' id='word_1_109' title='bbox 3072 1102 3298 1169; x_wconf 89' lang='lat' dir='ltr'><strong>ordina;</strong></span> <span class='ocrx_word' id='word_1_110' title='bbox 3332 1104 3412 1159; x_wconf 91' lang='lat' dir='ltr'><strong>sic</strong></span> <span class='ocrx_word' id='word_1_111' title='bbox 3430 1114 3611 1159; x_wconf 91' lang='lat' dir='ltr'><strong>autem</strong></span> <span class='ocrx_word' id='word_1_112' title='bbox 3631 1121 3757 1160; x_wconf 89' lang='lat' dir='ltr'><strong>cum</strong></span> 
     </span>
    </p>
   </div>
   <div class='ocr_carea' id='block_1_19' title="bbox 482 1177 2085 1265">
    <p class='ocr_par' dir='ltr' id='par_1_19' title="bbox 482 1177 2072 1254">
     <span class='ocr_line' id='line_1_19' title="bbox 482 1177 2072 1254; baseline 0.004 -22"><span class='ocrx_word' id='word_1_113' title='bbox 482 1178 712 1253; x_wconf 77' lang='grc' dir='ltr'>ῥύθμιξε</span> <span class='ocrx_word' id='word_1_114' title='bbox 733 1195 746 1207; x_wconf 85' lang='grc'><em>’</em></span> <span class='ocrx_word' id='word_1_115' title='bbox 778 1177 922 1234; x_wconf 75' lang='grc' dir='ltr'>οὕτω</span> <span class='ocrx_word' id='word_1_116' title='bbox 946 1180 1004 1233; x_wconf 81' lang='grc' dir='ltr'>δὲ</span> <span class='ocrx_word' id='word_1_117' title='bbox 1036 1186 1373 1254; x_wconf 84' lang='grc' dir='ltr'><strong>καταρτίσας</strong></span> <span class='ocrx_word' id='word_1_118' title='bbox 1398 1187 1590 1241; x_wconf 82' lang='grc' dir='ltr'>ἑαυτὸν</span> <span class='ocrx_word' id='word_1_119' title='bbox 1621 1189 1717 1241; x_wconf 76' lang='grc' dir='ltr'><strong>καὶ</strong></span> <span class='ocrx_word' id='word_1_120' title='bbox 1765 1189 1878 1251; x_wconf 88' lang='grc' dir='ltr'>τοῖς</span> <span class='ocrx_word' id='word_1_121' title='bbox 1917 1187 2072 1239; x_wconf 91' lang='grc' dir='ltr'>εὑσε-</span> 
     </span>
    </p>
   </div>
   <div class='ocr_carea' id='block_1_20' title="bbox 2171 1177 3758 1265">
    <p class='ocr_par' dir='ltr' id='par_1_20' title="bbox 2171 1191 3758 1265">
     <span class='ocr_line' id='line_1_20' title="bbox 2171 1191 3758 1265; baseline 0.003 -20"><span class='ocrx_word' id='word_1_122' title='bbox 2171 1191 2467 1259; x_wconf 87' lang='lat' dir='ltr'><strong>perfeceris</strong></span> <span class='ocrx_word' id='word_1_123' title='bbox 2492 1193 2729 1262; x_wconf 89' lang='lat' dir='ltr'><strong>teipsum</strong></span> <span class='ocrx_word' id='word_1_124' title='bbox 2759 1203 2813 1248; x_wconf 90' lang='lat' dir='ltr'><strong>et</strong></span> <span class='ocrx_word' id='word_1_125' title='bbox 2835 1194 2941 1264; x_wconf 92' lang='lat' dir='ltr'><strong>piis</strong></span> <span class='ocrx_word' id='word_1_126' title='bbox 2971 1195 3404 1263; x_wconf 75' lang='lat' dir='ltr'><strong>cogitationibus</strong></span> <span class='ocrx_word' id='word_1_127' title='bbox 3426 1195 3619 1265; x_wconf 90' lang='lat' dir='ltr'><strong>judicii</strong></span> <span class='ocrx_word' id='word_1_128' title='bbox 3650 1198 3758 1252; x_wconf 90' lang='lat' dir='ltr'><strong>vim</strong></span> 
     </span>
    </p>
   </div>
   <div class='ocr_carea' id='block_1_21' title="bbox 480 1271 2071 1350">
    <p class='ocr_par' dir='ltr' id='par_1_21' title="bbox 480 1271 2071 1350">
     <span class='ocr_line' id='line_1_21' title="bbox 480 1271 2071 1350; baseline 0.001 -23"><span class='ocrx_word' id='word_1_129' title='bbox 480 1276 599 1328; x_wconf 83' lang='grc' dir='ltr'>ϐἐσι</span> <span class='ocrx_word' id='word_1_130' title='bbox 626 1274 737 1329; x_wconf 89' lang='grc' dir='ltr'><strong>τῶν</strong></span> <span class='ocrx_word' id='word_1_131' title='bbox 767 1271 1045 1343; x_wconf 80' lang='grc' dir='ltr'><strong>λογισμῶν</strong></span> <span class='ocrx_word' id='word_1_132' title='bbox 1073 1277 1363 1349; x_wconf 80' lang='grc' dir='ltr'><strong>κριτηρίου</strong></span> <span class='ocrx_word' id='word_1_133' title='bbox 1387 1277 1621 1350; x_wconf 88' lang='grc' dir='ltr'>δύναμιν</span> <span class='ocrx_word' id='word_1_134' title='bbox 1653 1281 1743 1331; x_wconf 75' lang='grc' dir='ltr'><strong>τὸν</strong></span> <span class='ocrx_word' id='word_1_135' title='bbox 1778 1277 1906 1331; x_wconf 86' lang='grc' dir='ltr'><strong>νοῦν</strong></span> <span class='ocrx_word' id='word_1_136' title='bbox 1937 1293 2071 1347; x_wconf 88' lang='grc' dir='ltr'>φρε-</span> 
     </span>
    </p>
   </div>
   <div class='ocr_carea' id='block_1_22' title="bbox 478 1367 2068 1443">
    <p class='ocr_par' dir='ltr' id='par_1_22' title="bbox 478 1367 2068 1443">
     <span class='ocr_line' id='line_1_22' title="bbox 478 1367 2068 1443; baseline -0.003 -20"><span class='ocrx_word' id='word_1_137' title='bbox 478 1368 654 1435; x_wconf 90' lang='grc' dir='ltr'>νώσας</span> <span class='ocrx_word' id='word_1_138' title='bbox 685 1370 1001 1437; x_wconf 85' lang='grc' dir='ltr'>ἀναλαϐεῖν,</span> <span class='ocrx_word' id='word_1_139' title='bbox 1050 1373 1257 1443; x_wconf 79' lang='grc' dir='ltr'>δυνήσῃ</span> <span class='ocrx_word' id='word_1_140' title='bbox 1299 1372 1531 1425; x_wconf 77' lang='grc' dir='ltr'>συνιδεῖν</span> <span class='ocrx_word' id='word_1_141' title='bbox 1573 1371 1634 1423; x_wconf 85' lang='grc' dir='ltr'><strong>οὑ</strong></span> <span class='ocrx_word' id='word_1_142' title='bbox 1692 1367 1941 1440; x_wconf 83' lang='grc' dir='ltr'><strong>χαλεπῶς</strong></span> <span class='ocrx_word' id='word_1_143' title='bbox 1974 1368 2068 1420; x_wconf 72' lang='lat' dir='ltr'><strong>ml.</strong></span> 
     </span>
    </p>
   </div>
   <div class='ocr_carea' id='block_1_23' title="bbox 479 1460 2066 1535">
    <p class='ocr_par' dir='ltr' id='par_1_23' title="bbox 479 1460 2066 1535">
     <span class='ocr_line' id='line_1_23' title="bbox 479 1460 2066 1535; baseline -0.012 -7"><span class='ocrx_word' id='word_1_144' title='bbox 479 1462 579 1527; x_wconf 81' lang='grc' dir='ltr'>τὰς</span> <span class='ocrx_word' id='word_1_145' title='bbox 611 1465 672 1517; x_wconf 76' lang='grc' dir='ltr'>ὲν</span> <span class='ocrx_word' id='word_1_146' title='bbox 709 1464 898 1535; x_wconf 74' lang='grc' dir='ltr'>ἡμέρᾳ</span> <span class='ocrx_word' id='word_1_147' title='bbox 971 1463 1335 1534; x_wconf 77' lang='grc' dir='ltr'>νομιζομένας</span> <span class='ocrx_word' id='word_1_148' title='bbox 1385 1463 1607 1527; x_wconf 80' lang='grc' dir='ltr'>κακίας,</span> <span class='ocrx_word' id='word_1_149' title='bbox 1664 1461 1915 1514; x_wconf 80' lang='grc' dir='ltr'>τουτέστι</span> <span class='ocrx_word' id='word_1_150' title='bbox 1966 1460 2066 1521; x_wconf 65' lang='grc' dir='ltr'><strong>τὰς</strong></span> 
     </span>
    </p>
   </div>
   <div class='ocr_carea' id='block_1_24' title="bbox 482 1551 2066 1630">
    <p class='ocr_par' dir='ltr' id='par_1_24' title="bbox 482 1551 2066 1630">
     <span class='ocr_line' id='line_1_24' title="bbox 482 1551 2066 1630; baseline -0.004 -19"><span class='ocrx_word' id='word_1_151' title='bbox 482 1557 829 1630; x_wconf 76' lang='grc' dir='ltr'>ἀνθρωπίνας</span> <span class='ocrx_word' id='word_1_152' title='bbox 858 1557 1145 1627; x_wconf 80' lang='grc' dir='ltr'>συμφορὰς</span> <span class='ocrx_word' id='word_1_153' title='bbox 1188 1559 1279 1611; x_wconf 69' lang='grc' dir='ltr'>καὶ</span> <span class='ocrx_word' id='word_1_154' title='bbox 1325 1555 1504 1618; x_wconf 83' lang='grc' dir='ltr'>λύπας</span> <span class='ocrx_word' id='word_1_155' title='bbox 1533 1551 1620 1619; x_wconf 76' lang='grc' dir='ltr'>αἷς</span> <span class='ocrx_word' id='word_1_156' title='bbox 1651 1556 1684 1627; x_wconf 87' lang='grc' dir='ltr'><strong>ἡ</strong></span> <span class='ocrx_word' id='word_1_157' title='bbox 1726 1558 1827 1624; x_wconf 83' lang='grc' dir='ltr'><strong>τῆς</strong></span> <span class='ocrx_word' id='word_1_158' title='bbox 1851 1553 2066 1625; x_wconf 85' lang='grc' dir='ltr'>ἀνθρω-</span> 
     </span>
    </p>
   </div>
   <div class='ocr_carea' id='block_1_25' title="bbox 482 1649 2068 1721">
    <p class='ocr_par' dir='ltr' id='par_1_25' title="bbox 482 1649 2068 1721">
     <span class='ocr_line' id='line_1_25' title="bbox 482 1649 2068 1721; baseline -0.006 -17"><span class='ocrx_word' id='word_1_159' title='bbox 482 1650 645 1718; x_wconf 85' lang='grc' dir='ltr'>πίνης</span> <span class='ocrx_word' id='word_1_160' title='bbox 699 1649 844 1721; x_wconf 76' lang='grc' dir='ltr'>ζωῆς</span> <span class='ocrx_word' id='word_1_161' title='bbox 879 1650 1061 1719; x_wconf 77' lang='grc' dir='ltr'>ἡμέρα</span> <span class='ocrx_word' id='word_1_162' title='bbox 1101 1650 1480 1719; x_wconf 86' lang='grc' dir='ltr'>κυμαινομένη</span> <span class='ocrx_word' id='word_1_163' title='bbox 1528 1667 1587 1702; x_wconf 88' lang='grc' dir='ltr'><strong>τε</strong></span> <span class='ocrx_word' id='word_1_164' title='bbox 1635 1649 1729 1700; x_wconf 64' lang='grc' dir='ltr'><strong>καὶ</strong></span> <span class='ocrx_word' id='word_1_165' title='bbox 1761 1662 2068 1718; x_wconf 77' lang='grc' dir='ltr'>ουν-ταρασ-</span> 
     </span>
    </p>
   </div>
   <div class='ocr_carea' id='block_1_26' title="bbox 482 1739 2069 1817">
    <p class='ocr_par' dir='ltr' id='par_1_26' title="bbox 482 1739 2069 1817">
     <span class='ocr_line' id='line_1_26' title="bbox 482 1739 2069 1817; baseline -0.006 -18"><span class='ocrx_word' id='word_1_166' title='bbox 482 1746 684 1817; x_wconf 87' lang='grc' dir='ltr'>σομένη</span> <span class='ocrx_word' id='word_1_167' title='bbox 730 1744 1046 1811; x_wconf 89' lang='grc' dir='ltr'>κακύνεται,</span> <span class='ocrx_word' id='word_1_168' title='bbox 1107 1743 1621 1814; x_wconf 81' lang='grc' dir='ltr'>συνεκταράσσουσα</span> <span class='ocrx_word' id='word_1_169' title='bbox 1682 1742 1808 1805; x_wconf 83' lang='grc' dir='ltr'>τοὺς</span> <span class='ocrx_word' id='word_1_170' title='bbox 1861 1739 2069 1808; x_wconf 79' lang='grc' dir='ltr'>ταύτην</span> 
     </span>
    </p>
   </div>
   <div class='ocr_carea' id='block_1_27' title="bbox 489 1832 2143 1931">
    <p class='ocr_par' dir='ltr' id='par_1_27' title="bbox 489 1832 2143 1931">
     <span class='ocr_line' id='line_1_27' title="bbox 489 1832 2143 1931; baseline -0.005 -41"><span class='ocrx_word' id='word_1_171' title='bbox 489 1836 1035 1907; x_wconf 82' lang='grc' dir='ltr'>παραπορευομένους</span> <span class='ocrx_word' id='word_1_172' title='bbox 1071 1836 1163 1889; x_wconf 71' lang='grc' dir='ltr'><strong>καὶ</strong></span> <span class='ocrx_word' id='word_1_173' title='bbox 1211 1834 1649 1904; x_wconf 83' lang='grc' dir='ltr'>συγκακύνουσα.</span> <span class='ocrx_word' id='word_1_174' title='bbox 1679 1834 1787 1887; x_wconf 73' lang='grc' dir='ltr'>Καὶ</span> <span class='ocrx_word' id='word_1_175' title='bbox 1832 1832 1943 1903; x_wconf 73' lang='grc' dir='ltr'><strong>γὰρ</strong></span> <span class='ocrx_word' id='word_1_176' title='bbox 1973 1832 2068 1884; x_wconf 68' lang='grc' dir='ltr'><strong>καὶ</strong></span> <span class='ocrx_word' id='word_1_177' title='bbox 2095 1871 2143 1931; x_wconf 78' lang='grc' dir='ltr'><strong>Β</strong></span> 
     </span>
    </p>
   </div>
   <div class='ocr_carea' id='block_1_28' title="bbox 478 1923 2068 2001">
    <p class='ocr_par' dir='ltr' id='par_1_28' title="bbox 478 1923 2068 2001">
     <span class='ocr_line' id='line_1_28' title="bbox 478 1923 2068 2001; baseline -0.004 -18"><span class='ocrx_word' id='word_1_178' title='bbox 478 1931 547 1986; x_wconf 74' lang='grc' dir='ltr'>τὰ</span> <span class='ocrx_word' id='word_1_179' title='bbox 576 1930 800 1985; x_wconf 80' lang='grc' dir='ltr'>τοιαῦτα</span> <span class='ocrx_word' id='word_1_180' title='bbox 832 1932 1032 1993; x_wconf 77' lang='grc' dir='ltr'>κακίας</span> <span class='ocrx_word' id='word_1_181' title='bbox 1061 1928 1492 2001; x_wconf 79' lang='grc' dir='ltr'>προσαγορεύειν</span> <span class='ocrx_word' id='word_1_182' title='bbox 1530 1926 1816 1997; x_wconf 80' lang='grc' dir='ltr'>εἰθίσμεθα</span> <span class='ocrx_word' id='word_1_183' title='bbox 1836 1925 1979 1978; x_wconf 85' lang='grc' dir='ltr'><strong>κατά</strong></span> <span class='ocrx_word' id='word_1_184' title='bbox 2007 1923 2068 1976; x_wconf 82' lang='grc' dir='ltr'><strong>τὸ</strong></span> 
     </span>
    </p>
   </div>
   <div class='ocr_carea' id='block_1_29' title="bbox 480 2016 2067 2095">
    <p class='ocr_par' dir='ltr' id='par_1_29' title="bbox 480 2016 2067 2095">
     <span class='ocr_line' id='line_1_29' title="bbox 480 2016 2067 2095; baseline -0.006 -17"><span class='ocrx_word' id='word_1_185' title='bbox 480 2023 823 2095; x_wconf 73' lang='grc' dir='ltr'>εἰρημένονοι</span> <span class='ocrx_word' id='word_1_186' title='bbox 864 2024 978 2076; x_wconf 87' lang='grc' dir='ltr'>Οὐκ</span> <span class='ocrx_word' id='word_1_187' title='bbox 1010 2022 1159 2075; x_wconf 77' lang='grc' dir='ltr'>ἐστιν</span> <span class='ocrx_word' id='word_1_188' title='bbox 1190 2024 1246 2074; x_wconf 83' lang='grc' dir='ltr'>ὲν</span> <span class='ocrx_word' id='word_1_189' title='bbox 1274 2020 1425 2073; x_wconf 87' lang='grc' dir='ltr'>πόλει</span> <span class='ocrx_word' id='word_1_190' title='bbox 1454 2018 1622 2072; x_wconf 82' lang='grc' dir='ltr'>κακία</span> <span class='ocrx_word' id='word_1_191' title='bbox 1645 2018 1713 2089; x_wconf 80' lang='grc' dir='ltr'><strong>ἣν</strong></span> <span class='ocrx_word' id='word_1_192' title='bbox 1740 2018 1946 2089; x_wconf 80' lang='grc' dir='ltr'>Κύριος</span> <span class='ocrx_word' id='word_1_193' title='bbox 1966 2016 2067 2070; x_wconf 89' lang='grc' dir='ltr'><strong>οὑκ</strong></span> 
     </span>
    </p>
   </div>
   <div class='ocr_carea' id='block_1_30' title="bbox 477 2104 2068 2188">
    <p class='ocr_par' dir='ltr' id='par_1_30' title="bbox 477 2104 2068 2188">
     <span class='ocr_line' id='line_1_30' title="bbox 477 2104 2068 2188; baseline -0.006 -18"><span class='ocrx_word' id='word_1_194' title='bbox 477 2118 735 2188; x_wconf 77' lang='grc' dir='ltr'>ἐποίησεν</span> <span class='ocrx_word' id='word_1_195' title='bbox 755 2133 801 2168; x_wconf 72' lang='grc'><strong>⁸»</strong></span> <span class='ocrx_word' id='word_1_196' title='bbox 866 2115 1071 2186; x_wconf 80' lang='grc' dir='ltr'>δυνήσῃ</span> <span class='ocrx_word' id='word_1_197' title='bbox 1122 2113 1179 2167; x_wconf 80' lang='grc' dir='ltr'><strong>δὲ</strong></span> <span class='ocrx_word' id='word_1_198' title='bbox 1211 2112 1446 2167; x_wconf 76' lang='grc' dir='ltr'>συνιδεῖν</span> <span class='ocrx_word' id='word_1_199' title='bbox 1503 2113 1577 2175; x_wconf 85' lang='grc' dir='ltr'><strong>ὡς</strong></span> <span class='ocrx_word' id='word_1_200' title='bbox 1602 2111 1723 2164; x_wconf 88' lang='grc' dir='ltr'>οὑδὲ</span> <span class='ocrx_word' id='word_1_201' title='bbox 1756 2104 1915 2163; x_wconf 72' lang='grc' dir='ltr'>αὗται</span> <span class='ocrx_word' id='word_1_202' title='bbox 1941 2109 2068 2179; x_wconf 75' lang='grc' dir='ltr'>περὶ</span> 
     </span>
    </p>
   </div>
   <div class='ocr_carea' id='block_1_31' title="bbox 477 2200 2067 2281">
    <p class='ocr_par' dir='ltr' id='par_1_31' title="bbox 477 2200 2067 2281">
     <span class='ocr_line' id='line_1_31' title="bbox 477 2200 2067 2281; baseline -0.008 -18"><span class='ocrx_word' id='word_1_203' title='bbox 477 2212 624 2281; x_wconf 81' lang='grc' dir='ltr'>ἡμᾶς</span> <span class='ocrx_word' id='word_1_204' title='bbox 656 2206 1001 2279; x_wconf 79' lang='grc' dir='ltr'>ἀσυμφώνως</span> <span class='ocrx_word' id='word_1_205' title='bbox 1023 2209 1088 2277; x_wconf 81' lang='grc' dir='ltr'>τῇ</span> <span class='ocrx_word' id='word_1_206' title='bbox 1115 2204 1211 2260; x_wconf 78' lang='grc' dir='ltr'>τοῦ</span> <span class='ocrx_word' id='word_1_207' title='bbox 1236 2204 1372 2258; x_wconf 82' lang='grc' dir='ltr'>Θεοῦ</span> <span class='ocrx_word' id='word_1_208' title='bbox 1395 2203 1694 2274; x_wconf 85' lang='grc' dir='ltr'>ἀγαθότητι</span> <span class='ocrx_word' id='word_1_209' title='bbox 1720 2202 1813 2256; x_wconf 73' lang='grc' dir='ltr'>καὶ</span> <span class='ocrx_word' id='word_1_210' title='bbox 1841 2200 2067 2271; x_wconf 73' lang='grc' dir='ltr'>προνοίᾳ</span> 
     </span>
    </p>
   </div>
   <div class='ocr_carea' id='block_1_32' title="bbox 477 2293 2067 2374">
    <p class='ocr_par' dir='ltr' id='par_1_32' title="bbox 477 2293 2067 2374">
     <span class='ocr_line' id='line_1_32' title="bbox 477 2293 2067 2374; baseline -0.008 -17"><span class='ocrx_word' id='word_1_211' title='bbox 477 2303 834 2374; x_wconf 79' lang='grc' dir='ltr'>συμϐαίνουσι</span> <span class='ocrx_word' id='word_1_212' title='bbox 851 2316 866 2330; x_wconf 86' lang='grc'><strong>·</strong></span> <span class='ocrx_word' id='word_1_213' title='bbox 894 2298 1054 2353; x_wconf 80' lang='grc' dir='ltr'>τοῦτο</span> <span class='ocrx_word' id='word_1_214' title='bbox 1082 2298 1190 2369; x_wconf 85' lang='grc' dir='ltr'><strong>γάρ</strong></span> <span class='ocrx_word' id='word_1_215' title='bbox 1223 2298 1459 2368; x_wconf 74' lang='grc' dir='ltr'>ἐδήλωσε</span> <span class='ocrx_word' id='word_1_216' title='bbox 1489 2294 1685 2350; x_wconf 84' lang='grc' dir='ltr'><strong>διάτοῦ</strong></span> <span class='ocrx_word' id='word_1_217' title='bbox 1698 2297 1895 2347; x_wconf 85' lang='grc' dir='ltr'>εἰπεῖν·</span> <span class='ocrx_word' id='word_1_218' title='bbox 1919 2312 1936 2345; x_wconf 86' lang='grc' dir='ltr'><strong>ι</strong></span> <span class='ocrx_word' id='word_1_219' title='bbox 1961 2293 2067 2345; x_wconf 82' lang='grc' dir='ltr'>Ἴδε</span> 
     </span>
    </p>
   </div>
   <div class='ocr_carea' id='block_1_33' title="bbox 476 2383 2071 2466">
    <p class='ocr_par' dir='ltr' id='par_1_33' title="bbox 476 2383 2071 2466">
     <span class='ocr_line' id='line_1_33' title="bbox 476 2383 2071 2466; baseline -0.009 -15"><span class='ocrx_word' id='word_1_220' title='bbox 476 2396 567 2451; x_wconf 85' lang='grc' dir='ltr'><strong>καί</strong></span> <span class='ocrx_word' id='word_1_221' title='bbox 596 2413 660 2466; x_wconf 87' lang='grc' dir='ltr'><strong>γε</strong></span> <span class='ocrx_word' id='word_1_222' title='bbox 689 2394 849 2449; x_wconf 78' lang='grc' dir='ltr'>τοῦτο</span> <span class='ocrx_word' id='word_1_223' title='bbox 885 2393 1175 2465; x_wconf 73' lang='grc' dir='ltr'>σύμφωνον</span> <span class='ocrx_word' id='word_1_224' title='bbox 1207 2388 1413 2461; x_wconf 77' lang='grc' dir='ltr'>τούτῳο</span> <span class='ocrx_word' id='word_1_225' title='bbox 1452 2407 1471 2440; x_wconf 74' lang='grc' dir='ltr'><strong>ι</strong></span> <span class='ocrx_word' id='word_1_226' title='bbox 1506 2388 1758 2441; x_wconf 81' lang='grc' dir='ltr'>τουτέστι</span> <span class='ocrx_word' id='word_1_227' title='bbox 1790 2384 1886 2439; x_wconf 69' lang='grc' dir='ltr'>καὶ</span> <span class='ocrx_word' id='word_1_228' title='bbox 1909 2385 1956 2437; x_wconf 85' lang='grc' dir='ltr'>οἱ</span> <span class='ocrx_word' id='word_1_229' title='bbox 1982 2383 2071 2437; x_wconf 84' lang='grc' dir='ltr'>δο-</span> 
     </span>
    </p>
   </div>
   <div class='ocr_carea' id='block_1_34' title="bbox 476 2473 2069 2554">
    <p class='ocr_par' dir='ltr' id='par_1_34' title="bbox 476 2473 2069 2554">
     <span class='ocr_line' id='line_1_34' title="bbox 476 2473 2069 2554; baseline -0.009 -14"><span class='ocrx_word' id='word_1_230' title='bbox 476 2484 697 2548; x_wconf 81' lang='grc' dir='ltr'>κοῦντες</span> <span class='ocrx_word' id='word_1_231' title='bbox 720 2479 860 2538; x_wconf 79' lang='grc' dir='ltr'>εἶναι</span> <span class='ocrx_word' id='word_1_232' title='bbox 876 2483 1173 2554; x_wconf 67' lang='grc' dir='ltr'>πειρασμοὶ</span> <span class='ocrx_word' id='word_1_233' title='bbox 1187 2480 1282 2535; x_wconf 79' lang='grc' dir='ltr'>καὶ</span> <span class='ocrx_word' id='word_1_234' title='bbox 1296 2479 1570 2541; x_wconf 85' lang='grc' dir='ltr'>κακώσεις</span> <span class='ocrx_word' id='word_1_235' title='bbox 1588 2476 1685 2530; x_wconf 82' lang='grc' dir='ltr'><strong>τοῦ</strong></span> <span class='ocrx_word' id='word_1_236' title='bbox 1704 2474 1957 2546; x_wconf 88' lang='grc' dir='ltr'>σώματος</span> <span class='ocrx_word' id='word_1_237' title='bbox 1969 2473 2069 2526; x_wconf 88' lang='grc' dir='ltr'><strong>οὑκ</strong></span> 
     </span>
    </p>
   </div>
   <div class='ocr_carea' id='block_1_35' title="bbox 476 2567 2058 2648">
    <p class='ocr_par' dir='ltr' id='par_1_35' title="bbox 476 2567 2058 2648">
     <span class='ocr_line' id='line_1_35' title="bbox 476 2567 2058 2648; baseline -0.009 -15"><span class='ocrx_word' id='word_1_238' title='bbox 476 2578 798 2633; x_wconf 77' lang='grc' dir='ltr'>ἐκϐάλλουσι</span> <span class='ocrx_word' id='word_1_239' title='bbox 827 2576 927 2648; x_wconf 85' lang='grc' dir='ltr'><strong>τὴν</strong></span> <span class='ocrx_word' id='word_1_240' title='bbox 949 2574 1101 2629; x_wconf 89' lang='grc' dir='ltr'>θείαν</span> <span class='ocrx_word' id='word_1_241' title='bbox 1144 2571 1495 2646; x_wconf 83' lang='grc' dir='ltr'>κηδεμονίαν,</span> <span class='ocrx_word' id='word_1_242' title='bbox 1522 2568 1645 2623; x_wconf 81' lang='grc' dir='ltr'>οὑδὲ</span> <span class='ocrx_word' id='word_1_243' title='bbox 1686 2567 2058 2622; x_wconf 77' lang='grc' dir='ltr'>ἐναντιοῦνται</span> 
     </span>
    </p>
   </div>
   <div class='ocr_carea' id='block_1_36' title="bbox 475 2654 2068 2738">
    <p class='ocr_par' dir='ltr' id='par_1_36' title="bbox 475 2654 2068 2738">
     <span class='ocr_line' id='line_1_36' title="bbox 475 2654 2068 2738; baseline -0.01 -15"><span class='ocrx_word' id='word_1_244' title='bbox 475 2667 639 2724; x_wconf 77' lang='grc' dir='ltr'>αὑτοῦ</span> <span class='ocrx_word' id='word_1_245' title='bbox 673 2670 741 2738; x_wconf 84' lang='grc' dir='ltr'>τῇ</span> <span class='ocrx_word' id='word_1_246' title='bbox 768 2666 900 2738; x_wconf 84' lang='grc' dir='ltr'><strong>περί</strong></span> <span class='ocrx_word' id='word_1_247' title='bbox 923 2668 1069 2737; x_wconf 81' lang='grc' dir='ltr'>ἡμᾶς</span> <span class='ocrx_word' id='word_1_248' title='bbox 1100 2659 1501 2733; x_wconf 66' lang='grc' dir='ltr'>φιλανθρωπίᾳ.</span> <span class='ocrx_word' id='word_1_249' title='bbox 1542 2658 1803 2721; x_wconf 86' lang='grc' dir='ltr'>Παιδείας</span> <span class='ocrx_word' id='word_1_250' title='bbox 1838 2659 1945 2728; x_wconf 70' lang='grc' dir='ltr'><strong>γὰρ</strong></span> <span class='ocrx_word' id='word_1_251' title='bbox 1975 2654 2068 2708; x_wconf 66' lang='grc' dir='ltr'><strong>καί⁵</strong></span> 
     </span>
    </p>
   </div>
   <div class='ocr_carea' id='block_1_37' title="bbox 475 2746 2070 2832">
    <p class='ocr_par' dir='ltr' id='par_1_37' title="bbox 475 2746 2070 2832">
     <span class='ocr_line' id='line_1_37' title="bbox 475 2746 2070 2832; baseline -0.008 -17"><span class='ocrx_word' id='word_1_252' title='bbox 475 2758 810 2832; x_wconf 81' lang='grc' dir='ltr'>διορθώσεως</span> <span class='ocrx_word' id='word_1_253' title='bbox 855 2758 925 2811; x_wconf 78' lang='grc' dir='ltr'>τὰ</span> <span class='ocrx_word' id='word_1_254' title='bbox 974 2757 1075 2829; x_wconf 80' lang='grc' dir='ltr'><strong>μὲν</strong></span> <span class='ocrx_word' id='word_1_255' title='bbox 1106 2757 1395 2824; x_wconf 76' lang='grc' dir='ltr'>ἐπάγεται,</span> <span class='ocrx_word' id='word_1_256' title='bbox 1418 2753 1485 2810; x_wconf 86' lang='grc' dir='ltr'><strong>τά</strong></span> <span class='ocrx_word' id='word_1_257' title='bbox 1509 2752 1566 2806; x_wconf 77' lang='grc' dir='ltr'>δὲ</span> <span class='ocrx_word' id='word_1_258' title='bbox 1595 2752 1980 2823; x_wconf 84' lang='grc' dir='ltr'>συγχωρεῖται,</span> <span class='ocrx_word' id='word_1_259' title='bbox 2004 2746 2070 2803; x_wconf 76' lang='grc' dir='ltr'>δι’</span> 
     </span>
    </p>
   </div>
   <div class='ocr_carea' id='block_1_38' title="bbox 474 2839 2071 2924">
    <p class='ocr_par' dir='ltr' id='par_1_38' title="bbox 474 2839 2071 2924">
     <span class='ocr_line' id='line_1_38' title="bbox 474 2839 2071 2924; baseline -0.009 -17"><span class='ocrx_word' id='word_1_260' title='bbox 474 2856 679 2924; x_wconf 84' lang='grc' dir='ltr'>ἀμφοῖν</span> <span class='ocrx_word' id='word_1_261' title='bbox 711 2851 956 2923; x_wconf 75' lang='grc' dir='ltr'>ἀρρήτου</span> <span class='ocrx_word' id='word_1_262' title='bbox 986 2866 1046 2902; x_wconf 88' lang='grc' dir='ltr'><strong>τε</strong></span> <span class='ocrx_word' id='word_1_263' title='bbox 1077 2847 1171 2901; x_wconf 75' lang='grc' dir='ltr'><strong>καὶ</strong></span> <span class='ocrx_word' id='word_1_264' title='bbox 1205 2845 1378 2915; x_wconf 81' lang='grc' dir='ltr'>σοφῆς</span> <span class='ocrx_word' id='word_1_265' title='bbox 1404 2842 1714 2913; x_wconf 78' lang='grc' dir='ltr'>οἰκονομίας</span> <span class='ocrx_word' id='word_1_266' title='bbox 1765 2841 1841 2912; x_wconf 81' lang='grc' dir='ltr'><strong>τῷ</strong></span> <span class='ocrx_word' id='word_1_267' title='bbox 1862 2839 2071 2913; x_wconf 75' lang='grc' dir='ltr'>,ιρίνειν</span> 
     </span>
    </p>
   </div>
   <div class='ocr_carea' id='block_1_39' title="bbox 476 2931 2073 3020">
    <p class='ocr_par' dir='ltr' id='par_1_39' title="bbox 476 2931 2073 3020">
     <span class='ocr_line' id='line_1_39' title="bbox 476 2931 2073 3020; baseline -0.011 -18"><span class='ocrx_word' id='word_1_268' title='bbox 476 2946 831 3020; x_wconf 69' lang='grc' dir='ltr'>χαριτωθέντι</span> <span class='ocrx_word' id='word_1_269' title='bbox 877 2943 947 2997; x_wconf 84' lang='grc' dir='ltr'>τὰ</span> <span class='ocrx_word' id='word_1_270' title='bbox 998 2940 1227 2996; x_wconf 79' lang='grc' dir='ltr'>τοιαῦτα</span> <span class='ocrx_word' id='word_1_271' title='bbox 1273 2937 1677 3010; x_wconf 60' lang='grc' dir='ltr'>θεωρουμένης</span> <span class='ocrx_word' id='word_1_272' title='bbox 1713 2934 1885 2989; x_wconf 83' lang='grc' dir='ltr'>ταῦτα</span> <span class='ocrx_word' id='word_1_273' title='bbox 1914 2934 1972 2987; x_wconf 81' lang='grc' dir='ltr'>δὲ</span> <span class='ocrx_word' id='word_1_274' title='bbox 2003 2931 2073 2986; x_wconf 82' lang='grc' dir='ltr'>τὰ</span> 
     </span>
    </p>
   </div>
   <div class='ocr_carea' id='block_1_40' title="bbox 476 3026 2071 3110">
    <p class='ocr_par' dir='ltr' id='par_1_40' title="bbox 476 3026 2071 3110">
     <span class='ocr_line' id='line_1_40' title="bbox 476 3026 2071 3110; baseline -0.008 -17"><span class='ocrx_word' id='word_1_275' title='bbox 476 3039 842 3110; x_wconf 87' lang='grc' dir='ltr'>συμϐαίνοντα</span> <span class='ocrx_word' id='word_1_276' title='bbox 860 3038 972 3093; x_wconf 82' lang='grc' dir='ltr'>τοῖς</span> <span class='ocrx_word' id='word_1_277' title='bbox 1001 3034 1310 3106; x_wconf 85' lang='grc' dir='ltr'>ἀνθρώποις</span> <span class='ocrx_word' id='word_1_278' title='bbox 1336 3034 1436 3087; x_wconf 86' lang='grc' dir='ltr'><strong>οὑκ</strong></span> <span class='ocrx_word' id='word_1_279' title='bbox 1468 3031 1620 3085; x_wconf 83' lang='grc' dir='ltr'>έθετο</span> <span class='ocrx_word' id='word_1_280' title='bbox 1643 3033 1671 3083; x_wconf 84' lang='grc' dir='ltr'>ὀ</span> <span class='ocrx_word' id='word_1_281' title='bbox 1700 3028 1829 3091; x_wconf 79' lang='grc' dir='ltr'>Θεὸς</span> <span class='ocrx_word' id='word_1_282' title='bbox 1854 3028 1949 3079; x_wconf 76' lang='grc' dir='ltr'><strong>ἐπὶ</strong></span> <span class='ocrx_word' id='word_1_283' title='bbox 1965 3026 2071 3080; x_wconf 86' lang='grc' dir='ltr'>πά-</span> 
     </span>
    </p>
   </div>
   <div class='ocr_carea' id='block_1_41' title="bbox 476 3122 2073 3207">
    <p class='ocr_par' dir='ltr' id='par_1_41' title="bbox 476 3122 2073 3207">
     <span class='ocr_line' id='line_1_41' title="bbox 476 3122 2073 3207; baseline -0.01 -19"><span class='ocrx_word' id='word_1_284' title='bbox 476 3152 572 3207; x_wconf 85' lang='grc' dir='ltr'><strong>σης</strong></span> <span class='ocrx_word' id='word_1_285' title='bbox 601 3132 876 3186; x_wconf 71' lang='grc' dir='ltr'>λαλεῖσθαι</span> <span class='ocrx_word' id='word_1_286' title='bbox 902 3128 1176 3200; x_wconf 80' lang='grc' dir='ltr'>γλώσσης,</span> <span class='ocrx_word' id='word_1_287' title='bbox 1203 3127 1326 3181; x_wconf 83' lang='grc' dir='ltr'>οὑδὲ</span> <span class='ocrx_word' id='word_1_288' title='bbox 1358 3125 1667 3198; x_wconf 76' lang='grc' dir='ltr'>προειδέναι</span> <span class='ocrx_word' id='word_1_289' title='bbox 1700 3125 1768 3176; x_wconf 90' lang='grc' dir='ltr'><strong>τά</strong></span> <span class='ocrx_word' id='word_1_290' title='bbox 1802 3122 2073 3192; x_wconf 77' lang='grc' dir='ltr'>ἐρχόμενα</span> 
     </span>
    </p>
   </div>
   <div class='ocr_carea' id='block_1_42' title="bbox 2176 1283 3762 1355">
    <p class='ocr_par' dir='ltr' id='par_1_42' title="bbox 2176 1283 3762 1355">
     <span class='ocr_line' id='line_1_42' title="bbox 2176 1283 3762 1355; baseline 0.003 -18"><span class='ocrx_word' id='word_1_291' title='bbox 2176 1298 2300 1337; x_wconf 90' lang='lat' dir='ltr'><strong>cum</strong></span> <span class='ocrx_word' id='word_1_292' title='bbox 2335 1291 2518 1338; x_wconf 91' lang='lat' dir='ltr'><strong>mente</strong></span> <span class='ocrx_word' id='word_1_293' title='bbox 2545 1283 2879 1340; x_wconf 79' lang='lat' dir='ltr'><strong>intellexeris</strong></span> <span class='ocrx_word' id='word_1_294' title='bbox 2908 1286 3177 1349; x_wconf 89' lang='lat' dir='ltr'><strong>attollere,</strong></span> <span class='ocrx_word' id='word_1_295' title='bbox 3199 1285 3405 1354; x_wconf 87' lang='lat' dir='ltr'><strong>poteris</strong></span> <span class='ocrx_word' id='word_1_296' title='bbox 3440 1288 3762 1355; x_wconf 85' lang='lat' dir='ltr'><strong>conspicere</strong></span> 
     </span>
    </p>
   </div>
   <div class='ocr_carea' id='block_1_43' title="bbox 2174 1374 3758 1446">
    <p class='ocr_par' dir='ltr' id='par_1_43' title="bbox 2174 1374 3758 1446">
     <span class='ocr_line' id='line_1_43' title="bbox 2174 1374 3758 1446; baseline 0.001 -18"><span class='ocrx_word' id='word_1_297' title='bbox 2174 1389 2283 1428; x_wconf 88' lang='lat' dir='ltr'><strong>non</strong></span> <span class='ocrx_word' id='word_1_298' title='bbox 2316 1390 2460 1445; x_wconf 73' lang='lat' dir='ltr'><strong>aegre</strong></span> <span class='ocrx_word' id='word_1_299' title='bbox 2486 1383 2541 1428; x_wconf 90' lang='lat' dir='ltr'><strong>et</strong></span> <span class='ocrx_word' id='word_1_300' title='bbox 2567 1389 2690 1443; x_wconf 63' lang='lat' dir='ltr'><strong>qua:</strong></span> <span class='ocrx_word' id='word_1_301' title='bbox 2725 1374 2777 1428; x_wconf 93' lang='lat' dir='ltr'><strong>in</strong></span> <span class='ocrx_word' id='word_1_302' title='bbox 2809 1375 2899 1430; x_wconf 90' lang='lat' dir='ltr'><strong>die</strong></span> <span class='ocrx_word' id='word_1_303' title='bbox 2922 1385 3245 1445; x_wconf 89' lang='lat' dir='ltr'><strong>reputantur</strong></span> <span class='ocrx_word' id='word_1_304' title='bbox 3262 1375 3540 1446; x_wconf 70' lang='lat' dir='ltr'><strong>nequitiae,</strong></span> <span class='ocrx_word' id='word_1_305' title='bbox 3571 1376 3623 1430; x_wconf 91' lang='lat' dir='ltr'><strong>id</strong></span> <span class='ocrx_word' id='word_1_306' title='bbox 3653 1387 3758 1441; x_wconf 87' lang='lat' dir='ltr'><strong>est,</strong></span> 
     </span>
    </p>
   </div>
   <div class='ocr_carea' id='block_1_44' title="bbox 2175 1465 3762 1540">
    <p class='ocr_par' dir='ltr' id='par_1_44' title="bbox 2175 1465 3762 1540">
     <span class='ocr_line' id='line_1_44' title="bbox 2175 1465 3762 1540; baseline 0.003 -20"><span class='ocrx_word' id='word_1_307' title='bbox 2175 1465 2446 1522; x_wconf 87' lang='lat' dir='ltr'><strong>humanas</strong></span> <span class='ocrx_word' id='word_1_308' title='bbox 2476 1466 2818 1525; x_wconf 73' lang='lat' dir='ltr'><strong>calamitates</strong></span> <span class='ocrx_word' id='word_1_309' title='bbox 2849 1478 2905 1523; x_wconf 88' lang='lat' dir='ltr'><strong>et</strong></span> <span class='ocrx_word' id='word_1_310' title='bbox 2926 1469 3249 1524; x_wconf 81' lang='lat' dir='ltr'><strong>alﬂictiones</strong></span> <span class='ocrx_word' id='word_1_311' title='bbox 3274 1470 3476 1540; x_wconf 85' lang='lat' dir='ltr'><strong>quibus</strong></span> <span class='ocrx_word' id='word_1_312' title='bbox 3508 1476 3762 1525; x_wconf 69' lang='lat' dir='ltr'><strong>humana:</strong></span> 
     </span>
    </p>
   </div>
   <div class='ocr_carea' id='block_1_45' title="bbox 2174 1560 3763 1631">
    <p class='ocr_par' dir='ltr' id='par_1_45' title="bbox 2174 1560 3763 1631">
     <span class='ocr_line' id='line_1_45' title="bbox 2174 1560 3763 1631; baseline 0.004 -19"><span class='ocrx_word' id='word_1_313' title='bbox 2174 1560 2297 1614; x_wconf 66' lang='lat' dir='ltr'><strong>vitae</strong></span> <span class='ocrx_word' id='word_1_314' title='bbox 2319 1561 2435 1615; x_wconf 89' lang='lat' dir='ltr'><strong>dies</strong></span> <span class='ocrx_word' id='word_1_315' title='bbox 2459 1561 2660 1631; x_wconf 89' lang='lat' dir='ltr'><strong>jactata</strong></span> <span class='ocrx_word' id='word_1_316' title='bbox 2685 1571 2739 1617; x_wconf 93' lang='lat' dir='ltr'><strong>et</strong></span> <span class='ocrx_word' id='word_1_317' title='bbox 2761 1561 2975 1616; x_wconf 89' lang='lat' dir='ltr'><strong>turbata</strong></span> <span class='ocrx_word' id='word_1_318' title='bbox 3008 1572 3258 1627; x_wconf 79' lang='lat' dir='ltr'><strong>vexatur,</strong></span> <span class='ocrx_word' id='word_1_319' title='bbox 3294 1562 3629 1617; x_wconf 89' lang='lat' dir='ltr'><strong>conturbans</strong></span> <span class='ocrx_word' id='word_1_320' title='bbox 3666 1579 3763 1619; x_wconf 90' lang='lat' dir='ltr'><strong>eos</strong></span> 
     </span>
    </p>
   </div>
   <div class='ocr_carea' id='block_1_46' title="bbox 2176 1654 3760 1723">
    <p class='ocr_par' dir='ltr' id='par_1_46' title="bbox 2176 1654 3760 1723">
     <span class='ocr_line' id='line_1_46' title="bbox 2176 1654 3760 1723; baseline 0.004 -17"><span class='ocrx_word' id='word_1_321' title='bbox 2176 1654 2270 1723; x_wconf 90' lang='lat' dir='ltr'><strong>qui</strong></span> <span class='ocrx_word' id='word_1_322' title='bbox 2304 1654 2445 1709; x_wconf 87' lang='lat' dir='ltr'><strong>hanc</strong></span> <span class='ocrx_word' id='word_1_323' title='bbox 2474 1654 2848 1710; x_wconf 90' lang='lat' dir='ltr'><strong>decurruntet</strong></span> <span class='ocrx_word' id='word_1_324' title='bbox 2874 1656 3039 1710; x_wconf 91' lang='lat' dir='ltr'><strong>simul</strong></span> <span class='ocrx_word' id='word_1_325' title='bbox 3059 1670 3284 1711; x_wconf 79' lang='lat' dir='ltr'><strong>vexans.</strong></span> <span class='ocrx_word' id='word_1_326' title='bbox 3307 1656 3517 1711; x_wconf 78' lang='lat' dir='ltr'><strong>Etenim</strong></span> <span class='ocrx_word' id='word_1_327' title='bbox 3550 1668 3601 1711; x_wconf 91' lang='lat' dir='ltr'><strong>et</strong></span> <span class='ocrx_word' id='word_1_328' title='bbox 3633 1656 3760 1712; x_wconf 90' lang='lat' dir='ltr'><strong>talia</strong></span> 
     </span>
    </p>
   </div>
   <div class='ocr_carea' id='block_1_47' title="bbox 2176 1746 3758 1815">
    <p class='ocr_par' dir='ltr' id='par_1_47' title="bbox 2176 1746 3758 1815">
     <span class='ocr_line' id='line_1_47' title="bbox 2176 1746 3758 1815; baseline 0.003 -16"><span class='ocrx_word' id='word_1_329' title='bbox 2176 1746 2453 1815; x_wconf 84' lang='lat' dir='ltr'><strong>nequitias</strong></span> <span class='ocrx_word' id='word_1_330' title='bbox 2489 1748 2775 1803; x_wconf 88' lang='lat' dir='ltr'><strong>nominare</strong></span> <span class='ocrx_word' id='word_1_331' title='bbox 2824 1749 3064 1804; x_wconf 86' lang='lat' dir='ltr'><strong>solemus</strong></span> <span class='ocrx_word' id='word_1_332' title='bbox 3089 1748 3249 1815; x_wconf 77' lang='lat' dir='ltr'><strong>juxta</strong></span> <span class='ocrx_word' id='word_1_333' title='bbox 3292 1748 3493 1804; x_wconf 88' lang='lat' dir='ltr'><strong>dictum</strong></span> <span class='ocrx_word' id='word_1_334' title='bbox 3530 1767 3544 1803; x_wconf 94' lang='lat'>:</span> <span class='ocrx_word' id='word_1_335' title='bbox 3587 1769 3605 1802; x_wconf 83' lang='grc' dir='ltr'><strong>ι</strong></span> <span class='ocrx_word' id='word_1_336' title='bbox 3641 1748 3758 1804; x_wconf 80' lang='lat' dir='ltr'><strong>Non</strong></span> 
     </span>
    </p>
   </div>
   <div class='ocr_carea' id='block_1_48' title="bbox 2174 1837 3754 1910">
    <p class='ocr_par' dir='ltr' id='par_1_48' title="bbox 2174 1837 3754 1910">
     <span class='ocr_line' id='line_1_48' title="bbox 2174 1837 3754 1910; baseline 0.002 -20"><span class='ocrx_word' id='word_1_337' title='bbox 2174 1845 2258 1890; x_wconf 89' lang='lat' dir='ltr'><strong>est</strong></span> <span class='ocrx_word' id='word_1_338' title='bbox 2287 1838 2338 1890; x_wconf 91' lang='lat' dir='ltr'><strong>in</strong></span> <span class='ocrx_word' id='word_1_339' title='bbox 2358 1837 2575 1893; x_wconf 85' lang='lat' dir='ltr'><strong>civitate</strong></span> <span class='ocrx_word' id='word_1_340' title='bbox 2606 1840 2807 1892; x_wconf 91' lang='lat' dir='ltr'><strong>malum</strong></span> <span class='ocrx_word' id='word_1_341' title='bbox 2832 1840 2977 1910; x_wconf 88' lang='lat' dir='ltr'><strong>quod</strong></span> <span class='ocrx_word' id='word_1_342' title='bbox 2997 1839 3260 1894; x_wconf 91' lang='lat' dir='ltr'><strong>Dominus</strong></span> <span class='ocrx_word' id='word_1_343' title='bbox 3285 1856 3394 1894; x_wconf 90' lang='lat' dir='ltr'><strong>non</strong></span> <span class='ocrx_word' id='word_1_344' title='bbox 3424 1840 3710 1908; x_wconf 80' lang='lat' dir='ltr'><strong>fecerit&quot;;</strong></span> <span class='ocrx_word' id='word_1_345' title='bbox 3737 1862 3754 1893; x_wconf 77' lang='grc' dir='ltr'><strong>ι</strong></span> 
     </span>
    </p>
   </div>
   <div class='ocr_carea' id='block_1_49' title="bbox 2171 1928 3757 2000">
    <p class='ocr_par' dir='ltr' id='par_1_49' title="bbox 2171 1928 3757 2000">
     <span class='ocr_line' id='line_1_49' title="bbox 2171 1928 3757 2000; baseline 0.004 -21"><span class='ocrx_word' id='word_1_346' title='bbox 2171 1928 2376 1995; x_wconf 89' lang='lat' dir='ltr'><strong>poteris</strong></span> <span class='ocrx_word' id='word_1_347' title='bbox 2408 1939 2588 1982; x_wconf 85' lang='lat' dir='ltr'><strong>autem</strong></span> <span class='ocrx_word' id='word_1_348' title='bbox 2626 1930 2948 1997; x_wconf 83' lang='lat' dir='ltr'><strong>conspicere</strong></span> <span class='ocrx_word' id='word_1_349' title='bbox 2981 1945 3158 2000; x_wconf 85' lang='lat' dir='ltr'><strong>neque</strong></span> <span class='ocrx_word' id='word_1_350' title='bbox 3201 1946 3265 1984; x_wconf 89' lang='lat' dir='ltr'><strong>ea</strong></span> <span class='ocrx_word' id='word_1_351' title='bbox 3312 1932 3457 1986; x_wconf 87' lang='lat' dir='ltr'><strong>circa</strong></span> <span class='ocrx_word' id='word_1_352' title='bbox 3494 1947 3595 1985; x_wconf 89' lang='lat' dir='ltr'><strong>nos</strong></span> <span class='ocrx_word' id='word_1_353' title='bbox 3626 1932 3757 1987; x_wconf 82' lang='lat' dir='ltr'><strong>abs-</strong></span> 
     </span>
    </p>
   </div>
   <div class='ocr_carea' id='block_1_50' title="bbox 2169 2020 3755 2095">
    <p class='ocr_par' dir='ltr' id='par_1_50' title="bbox 2169 2020 3755 2095">
     <span class='ocr_line' id='line_1_50' title="bbox 2169 2020 3755 2095; baseline 0.003 -22"><span class='ocrx_word' id='word_1_354' title='bbox 2169 2036 2276 2089; x_wconf 86' lang='lat' dir='ltr'><strong>que</strong></span> <span class='ocrx_word' id='word_1_355' title='bbox 2339 2021 2625 2076; x_wconf 85' lang='lat' dir='ltr'><strong>harmonia</strong></span> <span class='ocrx_word' id='word_1_356' title='bbox 2684 2038 2810 2075; x_wconf 91' lang='lat' dir='ltr'><strong>cum</strong></span> <span class='ocrx_word' id='word_1_357' title='bbox 2852 2020 2947 2077; x_wconf 80' lang='lat' dir='ltr'><strong>Dei</strong></span> <span class='ocrx_word' id='word_1_358' title='bbox 3007 2023 3249 2079; x_wconf 86' lang='lat' dir='ltr'><strong>bonitate</strong></span> <span class='ocrx_word' id='word_1_359' title='bbox 3305 2034 3359 2078; x_wconf 90' lang='lat' dir='ltr'><strong>et</strong></span> <span class='ocrx_word' id='word_1_360' title='bbox 3416 2026 3755 2095; x_wconf 79' lang='lat' dir='ltr'><strong>providentia</strong></span> 
     </span>
    </p>
   </div>
   <div class='ocr_carea' id='block_1_51' title="bbox 2170 2112 3760 2179">
    <p class='ocr_par' dir='ltr' id='par_1_51' title="bbox 2170 2112 3760 2179">
     <span class='ocr_line' id='line_1_51' title="bbox 2170 2112 3760 2179; baseline 0.002 -12"><span class='ocrx_word' id='word_1_361' title='bbox 2170 2112 2453 2179; x_wconf 89' lang='lat' dir='ltr'><strong>accidere;</strong></span> <span class='ocrx_word' id='word_1_362' title='bbox 2502 2114 2605 2168; x_wconf 87' lang='lat' dir='ltr'><strong>hoc</strong></span> <span class='ocrx_word' id='word_1_363' title='bbox 2638 2114 2783 2168; x_wconf 90' lang='lat' dir='ltr'><strong>enim</strong></span> <span class='ocrx_word' id='word_1_364' title='bbox 2821 2116 3060 2170; x_wconf 85' lang='lat' dir='ltr'><strong>ostendit</strong></span> <span class='ocrx_word' id='word_1_365' title='bbox 3098 2116 3228 2169; x_wconf 89' lang='lat' dir='ltr'><strong>dum</strong></span> <span class='ocrx_word' id='word_1_366' title='bbox 3263 2116 3395 2171; x_wconf 89' lang='lat' dir='ltr'><strong>dicit</strong></span> <span class='ocrx_word' id='word_1_367' title='bbox 3431 2134 3445 2170; x_wconf 90' lang='lat'><strong>:</strong></span> <span class='ocrx_word' id='word_1_368' title='bbox 3486 2134 3505 2168; x_wconf 80' lang='grc' dir='ltr'><strong>ι</strong></span> <span class='ocrx_word' id='word_1_369' title='bbox 3545 2114 3675 2170; x_wconf 81' lang='lat' dir='ltr'><strong>Vide</strong></span> <span class='ocrx_word' id='word_1_370' title='bbox 3703 2128 3760 2170; x_wconf 89' lang='lat' dir='ltr'><strong>et</strong></span> 
     </span>
    </p>
   </div>
   <div class='ocr_carea' id='block_1_52' title="bbox 2171 2205 3727 2278">
    <p class='ocr_par' dir='ltr' id='par_1_52' title="bbox 2171 2205 3727 2278">
     <span class='ocr_line' id='line_1_52' title="bbox 2171 2205 3727 2278; baseline 0.003 -20"><span class='ocrx_word' id='word_1_371' title='bbox 2171 2205 2276 2259; x_wconf 85' lang='lat' dir='ltr'><strong>hoc</strong></span> <span class='ocrx_word' id='word_1_372' title='bbox 2289 2221 2592 2260; x_wconf 87' lang='lat' dir='ltr'><strong>consonum</strong></span> <span class='ocrx_word' id='word_1_373' title='bbox 2610 2205 2704 2273; x_wconf 88' lang='lat' dir='ltr'><strong>illi,</strong></span> <span class='ocrx_word' id='word_1_374' title='bbox 2722 2227 2740 2259; x_wconf 86' lang='grc'>›</span> <span class='ocrx_word' id='word_1_375' title='bbox 2769 2206 2818 2262; x_wconf 90' lang='lat' dir='ltr'><strong>id</strong></span> <span class='ocrx_word' id='word_1_376' title='bbox 2838 2217 2922 2263; x_wconf 87' lang='lat' dir='ltr'><strong>est</strong></span> <span class='ocrx_word' id='word_1_377' title='bbox 2947 2218 3135 2278; x_wconf 62' lang='lat' dir='ltr'><strong>etquae</strong></span> <span class='ocrx_word' id='word_1_378' title='bbox 3151 2208 3405 2263; x_wconf 87' lang='lat' dir='ltr'><strong>videntur</strong></span> <span class='ocrx_word' id='word_1_379' title='bbox 3433 2224 3553 2263; x_wconf 83' lang='lat' dir='ltr'><strong>esse</strong></span> <span class='ocrx_word' id='word_1_380' title='bbox 3580 2217 3727 2263; x_wconf 90' lang='lat' dir='ltr'><strong>tenta</strong></span> 
     </span>
    </p>
   </div>
   <div class='ocr_carea' id='block_1_53' title="bbox 2172 2296 3755 2371">
    <p class='ocr_par' dir='ltr' id='par_1_53' title="bbox 2172 2296 3755 2371">
     <span class='ocr_line' id='line_1_53' title="bbox 2172 2296 3755 2371; baseline 0.003 -21"><span class='ocrx_word' id='word_1_381' title='bbox 2172 2297 2347 2351; x_wconf 85' lang='lat' dir='ltr'><strong>tiones</strong></span> <span class='ocrx_word' id='word_1_382' title='bbox 2368 2307 2423 2352; x_wconf 94' lang='lat' dir='ltr'><strong>et</strong></span> <span class='ocrx_word' id='word_1_383' title='bbox 2448 2296 2772 2355; x_wconf 81' lang='lat' dir='ltr'><strong>aﬂlicliones</strong></span> <span class='ocrx_word' id='word_1_384' title='bbox 2797 2301 3044 2371; x_wconf 81' lang='lat' dir='ltr'><strong>corporis</strong></span> <span class='ocrx_word' id='word_1_385' title='bbox 3067 2316 3174 2354; x_wconf 90' lang='lat' dir='ltr'><strong>non</strong></span> <span class='ocrx_word' id='word_1_386' title='bbox 3201 2301 3483 2371; x_wconf 85' lang='lat' dir='ltr'><strong>expellunt</strong></span> <span class='ocrx_word' id='word_1_387' title='bbox 3514 2300 3755 2354; x_wconf 84' lang='lat' dir='ltr'><strong>divinam</strong></span> 
     </span>
    </p>
   </div>
   <div class='ocr_carea' id='block_1_54' title="bbox 2171 2393 3758 2464">
    <p class='ocr_par' dir='ltr' id='par_1_54' title="bbox 2171 2393 3758 2464">
     <span class='ocr_line' id='line_1_54' title="bbox 2171 2393 3758 2464; baseline 0.002 -20"><span class='ocrx_word' id='word_1_388' title='bbox 2171 2405 2384 2455; x_wconf 90' lang='lat' dir='ltr'><strong>curam,</strong></span> <span class='ocrx_word' id='word_1_389' title='bbox 2430 2406 2607 2461; x_wconf 91' lang='lat' dir='ltr'><strong>neque</strong></span> <span class='ocrx_word' id='word_1_390' title='bbox 2648 2393 3012 2448; x_wconf 87' lang='lat' dir='ltr'><strong>adversantur</strong></span> <span class='ocrx_word' id='word_1_391' title='bbox 3042 2394 3164 2461; x_wconf 86' lang='lat' dir='ltr'><strong>ejus</strong></span> <span class='ocrx_word' id='word_1_392' title='bbox 3197 2394 3343 2448; x_wconf 87' lang='lat' dir='ltr'><strong>circa</strong></span> <span class='ocrx_word' id='word_1_393' title='bbox 3377 2408 3475 2449; x_wconf 91' lang='lat' dir='ltr'><strong>nos</strong></span> <span class='ocrx_word' id='word_1_394' title='bbox 3508 2393 3758 2464; x_wconf 81' lang='lat' dir='ltr'><strong>benigni-</strong></span> 
     </span>
    </p>
   </div>
   <div class='ocr_carea' id='block_1_55' title="bbox 2172 2483 3756 2556">
    <p class='ocr_par' dir='ltr' id='par_1_55' title="bbox 2172 2483 3756 2556">
     <span class='ocr_line' id='line_1_55' title="bbox 2172 2483 3756 2556; baseline 0.002 -19"><span class='ocrx_word' id='word_1_395' title='bbox 2172 2483 2292 2537; x_wconf 79' lang='lat' dir='ltr'><strong>tati.</strong></span> <span class='ocrx_word' id='word_1_396' title='bbox 2334 2483 2677 2539; x_wconf 88' lang='lat' dir='ltr'><strong>Ernditionis</strong></span> <span class='ocrx_word' id='word_1_397' title='bbox 2706 2485 2853 2539; x_wconf 90' lang='lat' dir='ltr'><strong>enim</strong></span> <span class='ocrx_word' id='word_1_398' title='bbox 2883 2493 2936 2539; x_wconf 90' lang='lat' dir='ltr'><strong>et</strong></span> <span class='ocrx_word' id='word_1_399' title='bbox 2969 2486 3335 2541; x_wconf 88' lang='lat' dir='ltr'><strong>correctionis</strong></span> <span class='ocrx_word' id='word_1_400' title='bbox 3366 2486 3483 2542; x_wconf 76' lang='lat' dir='ltr'><strong>haec</strong></span> <span class='ocrx_word' id='word_1_401' title='bbox 3531 2487 3756 2556; x_wconf 81' lang='lat' dir='ltr'><strong>quidem</strong></span> 
     </span>
    </p>
   </div>
   <div class='ocr_carea' id='block_1_56' title="bbox 2172 2574 3761 2649">
    <p class='ocr_par' dir='ltr' id='par_1_56' title="bbox 2172 2574 3761 2649">
     <span class='ocr_line' id='line_1_56' title="bbox 2172 2574 3761 2649; baseline 0.003 -21"><span class='ocrx_word' id='word_1_402' title='bbox 2172 2574 2531 2642; x_wconf 89' lang='lat' dir='ltr'><strong>inducuntur,</strong></span> <span class='ocrx_word' id='word_1_403' title='bbox 2556 2577 2647 2630; x_wconf 90' lang='lat' dir='ltr'><strong>illa</strong></span> <span class='ocrx_word' id='word_1_404' title='bbox 2683 2592 2812 2631; x_wconf 89' lang='lat' dir='ltr'><strong>vero</strong></span> <span class='ocrx_word' id='word_1_405' title='bbox 2842 2579 3256 2647; x_wconf 87' lang='lat' dir='ltr'><strong>permittuntur,</strong></span> <span class='ocrx_word' id='word_1_406' title='bbox 3291 2594 3358 2635; x_wconf 75' lang='lat' dir='ltr'><strong>ex</strong></span> <span class='ocrx_word' id='word_1_407' title='bbox 3392 2580 3639 2649; x_wconf 89' lang='lat' dir='ltr'><strong>utrisque</strong></span> <span class='ocrx_word' id='word_1_408' title='bbox 3669 2580 3761 2633; x_wconf 90' lang='lat' dir='ltr'><strong>in-</strong></span> 
     </span>
    </p>
   </div>
   <div class='ocr_carea' id='block_1_57' title="bbox 2172 2661 3759 2736">
    <p class='ocr_par' dir='ltr' id='par_1_57' title="bbox 2172 2661 3759 2736">
     <span class='ocr_line' id='line_1_57' title="bbox 2172 2661 3759 2736; baseline 0.004 -19"><span class='ocrx_word' id='word_1_409' title='bbox 2172 2661 2372 2717; x_wconf 83' lang='lat' dir='ltr'><strong>ellabili</strong></span> <span class='ocrx_word' id='word_1_410' title='bbox 2416 2674 2469 2718; x_wconf 87' lang='lat' dir='ltr'><strong>et</strong></span> <span class='ocrx_word' id='word_1_411' title='bbox 2501 2665 2732 2734; x_wconf 88' lang='lat' dir='ltr'><strong>sapienti</strong></span> <span class='ocrx_word' id='word_1_412' title='bbox 2774 2666 3138 2736; x_wconf 77' lang='lat' dir='ltr'><strong>dispositione</strong></span> <span class='ocrx_word' id='word_1_413' title='bbox 3174 2670 3303 2723; x_wconf 87' lang='lat' dir='ltr'><strong>dmn</strong></span> <span class='ocrx_word' id='word_1_414' title='bbox 3344 2670 3639 2724; x_wconf 86' lang='lat' dir='ltr'><strong>decernere</strong></span> <span class='ocrx_word' id='word_1_415' title='bbox 3672 2670 3759 2723; x_wconf 88' lang='lat' dir='ltr'><strong>di-</strong></span> 
     </span>
    </p>
   </div>
   <div class='ocr_carea' id='block_1_58' title="bbox 2173 2755 3759 2825">
    <p class='ocr_par' dir='ltr' id='par_1_58' title="bbox 2173 2755 3759 2825">
     <span class='ocr_line' id='line_1_58' title="bbox 2173 2755 3759 2825; baseline 0.001 -17"><span class='ocrx_word' id='word_1_416' title='bbox 2173 2765 2369 2825; x_wconf 80' lang='lat' dir='ltr'><strong>gnatur</strong></span> <span class='ocrx_word' id='word_1_417' title='bbox 2407 2755 2532 2810; x_wconf 91' lang='lat' dir='ltr'><strong>talia</strong></span> <span class='ocrx_word' id='word_1_418' title='bbox 2570 2765 2857 2825; x_wconf 82' lang='lat' dir='ltr'><strong>spectata;</strong></span> <span class='ocrx_word' id='word_1_419' title='bbox 2899 2757 3014 2812; x_wconf 58' lang='lat' dir='ltr'><strong>haec</strong></span> <span class='ocrx_word' id='word_1_420' title='bbox 3057 2767 3239 2811; x_wconf 68' lang='lat' dir='ltr'><strong>autem</strong></span> <span class='ocrx_word' id='word_1_421' title='bbox 3298 2758 3606 2813; x_wconf 85' lang='lat' dir='ltr'><strong>accidentia</strong></span> <span class='ocrx_word' id='word_1_422' title='bbox 3660 2760 3759 2813; x_wconf 85' lang='lat' dir='ltr'><strong>bo-</strong></span> 
     </span>
    </p>
   </div>
   <div class='ocr_carea' id='block_1_59' title="bbox 2175 2838 3762 2921">
    <p class='ocr_par' dir='ltr' id='par_1_59' title="bbox 2175 2838 3762 2921">
     <span class='ocr_line' id='line_1_59' title="bbox 2175 2838 3762 2921; baseline 0.004 -20"><span class='ocrx_word' id='word_1_423' title='bbox 2175 2848 2417 2903; x_wconf 89' lang='lat' dir='ltr'><strong>minibus</strong></span> <span class='ocrx_word' id='word_1_424' title='bbox 2453 2838 2565 2902; x_wconf 84' lang='lat' dir='ltr'><strong>non</strong></span> <span class='ocrx_word' id='word_1_425' title='bbox 2615 2851 2795 2918; x_wconf 90' lang='lat' dir='ltr'><strong>posuit</strong></span> <span class='ocrx_word' id='word_1_426' title='bbox 2848 2848 2994 2906; x_wconf 90' lang='lat' dir='ltr'><strong>Deus</strong></span> <span class='ocrx_word' id='word_1_427' title='bbox 3042 2866 3211 2921; x_wconf 82' lang='lat' dir='ltr'><strong>super</strong></span> <span class='ocrx_word' id='word_1_428' title='bbox 3254 2853 3404 2906; x_wconf 89' lang='lat' dir='ltr'><strong>omni</strong></span> <span class='ocrx_word' id='word_1_429' title='bbox 3453 2855 3762 2907; x_wconf 86' lang='lat' dir='ltr'><strong>enarranda</strong></span> 
     </span>
    </p>
   </div>
   <div class='ocr_carea' id='block_1_60' title="bbox 2175 2941 3765 3013">
    <p class='ocr_par' dir='ltr' id='par_1_60' title="bbox 2175 2941 3765 3013">
     <span class='ocr_line' id='line_1_60' title="bbox 2175 2941 3765 3013; baseline 0.005 -19"><span class='ocrx_word' id='word_1_430' title='bbox 2175 2941 2382 3011; x_wconf 80' lang='lat' dir='ltr'><strong>lingua,</strong></span> <span class='ocrx_word' id='word_1_431' title='bbox 2423 2957 2599 3012; x_wconf 88' lang='lat' dir='ltr'><strong>neque</strong></span> <span class='ocrx_word' id='word_1_432' title='bbox 2642 2943 2899 3013; x_wconf 71' lang='lat' dir='ltr'><strong>praescire</strong></span> <span class='ocrx_word' id='word_1_433' title='bbox 2934 2954 3161 2997; x_wconf 87' lang='lat' dir='ltr'><strong>ventura</strong></span> <span class='ocrx_word' id='word_1_434' title='bbox 3193 2960 3407 2999; x_wconf 90' lang='lat' dir='ltr'><strong>omnes.</strong></span> <span class='ocrx_word' id='word_1_435' title='bbox 3437 2946 3657 3011; x_wconf 78' lang='lat' dir='ltr'><strong>Quare?</strong></span> <span class='ocrx_word' id='word_1_436' title='bbox 3684 2946 3765 3002; x_wconf 85' lang='lat' dir='ltr'><strong>Ne</strong></span> 
     </span>
    </p>
   </div>
   <div class='ocr_carea' id='block_1_61' title="bbox 2174 3033 3764 3105">
    <p class='ocr_par' dir='ltr' id='par_1_61' title="bbox 2174 3033 3764 3105">
     <span class='ocr_line' id='line_1_61' title="bbox 2174 3033 3764 3105; baseline 0.004 -20"><span class='ocrx_word' id='word_1_437' title='bbox 2174 3048 2295 3085; x_wconf 88' lang='lat' dir='ltr'><strong>cum</strong></span> <span class='ocrx_word' id='word_1_438' title='bbox 2329 3043 2696 3103; x_wconf 73' lang='lat' dir='ltr'><strong>prmnosceret</strong></span> <span class='ocrx_word' id='word_1_439' title='bbox 2732 3033 2823 3088; x_wconf 88' lang='lat' dir='ltr'><strong>illa</strong></span> <span class='ocrx_word' id='word_1_440' title='bbox 2863 3046 2917 3089; x_wconf 92' lang='lat' dir='ltr'><strong>et</strong></span> <span class='ocrx_word' id='word_1_441' title='bbox 2959 3036 3113 3105; x_wconf 92' lang='lat' dir='ltr'><strong>prius</strong></span> <span class='ocrx_word' id='word_1_442' title='bbox 3148 3036 3420 3091; x_wconf 80' lang='lat' dir='ltr'><strong>inveniret</strong></span> <span class='ocrx_word' id='word_1_443' title='bbox 3470 3037 3636 3092; x_wconf 83' lang='lat' dir='ltr'><strong>homo</strong></span> <span class='ocrx_word' id='word_1_444' title='bbox 3670 3054 3764 3092; x_wconf 88' lang='lat' dir='ltr'><strong>ne-</strong></span> 
     </span>
    </p>
   </div>
   <div class='ocr_carea' id='block_1_62' title="bbox 2175 3121 3765 3195">
    <p class='ocr_par' dir='ltr' id='par_1_62' title="bbox 2175 3121 3765 3195">
     <span class='ocr_line' id='line_1_62' title="bbox 2175 3121 3765 3195; baseline 0.006 -23"><span class='ocrx_word' id='word_1_445' title='bbox 2175 3121 2470 3192; x_wconf 82' lang='lat' dir='ltr'><strong>gligentius</strong></span> <span class='ocrx_word' id='word_1_446' title='bbox 2533 3122 2716 3191; x_wconf 84' lang='lat' dir='ltr'><strong>quoad</strong></span> <span class='ocrx_word' id='word_1_447' title='bbox 2783 3123 3043 3178; x_wconf 88' lang='lat' dir='ltr'><strong>virtutem</strong></span> <span class='ocrx_word' id='word_1_448' title='bbox 3116 3124 3536 3195; x_wconf 85' lang='lat' dir='ltr'><strong>disponeretur;</strong></span> <span class='ocrx_word' id='word_1_449' title='bbox 3617 3143 3765 3182; x_wconf 82' lang='lat' dir='ltr'><strong>llllllc</strong></span> 
     </span>
    </p>
   </div>
   <div class='ocr_carea' id='block_1_63' title="bbox 476 3210 2085 3294">
    <p class='ocr_par' dir='ltr' id='par_1_63' title="bbox 476 3212 2072 3294">
     <span class='ocr_line' id='line_1_63' title="bbox 476 3212 2072 3294; baseline -0.009 -14"><span class='ocrx_word' id='word_1_450' title='bbox 476 3230 700 3292; x_wconf 75' lang='grc' dir='ltr'>πάντας.</span> <span class='ocrx_word' id='word_1_451' title='bbox 732 3222 1040 3292; x_wconf 74' lang='grc' dir='ltr'>Διατί;”Ινα</span> <span class='ocrx_word' id='word_1_452' title='bbox 1063 3222 1137 3294; x_wconf 82' lang='grc' dir='ltr'>μὴ</span> <span class='ocrx_word' id='word_1_453' title='bbox 1168 3219 1468 3293; x_wconf 88' lang='grc' dir='ltr'>προμαθὼν</span> <span class='ocrx_word' id='word_1_454' title='bbox 1493 3217 1634 3273; x_wconf 83' lang='grc' dir='ltr'>αὑτὰ</span> <span class='ocrx_word' id='word_1_455' title='bbox 1666 3217 1760 3271; x_wconf 73' lang='grc' dir='ltr'>καὶ</span> <span class='ocrx_word' id='word_1_456' title='bbox 1787 3212 2072 3288; x_wconf 85' lang='grc' dir='ltr'>προευρὼν</span> 
     </span>
    </p>
   </div>
   <div class='ocr_carea' id='block_1_64' title="bbox 2171 3210 3766 3294">
    <p class='ocr_par' dir='ltr' id='par_1_64' title="bbox 2181 3210 3766 3289">
     <span class='ocr_line' id='line_1_64' title="bbox 2181 3210 3766 3289; baseline 0.005 -25"><span class='ocrx_word' id='word_1_457' title='bbox 2181 3210 2400 3281; x_wconf 88' lang='lat' dir='ltr'><strong>quidem</strong></span> <span class='ocrx_word' id='word_1_458' title='bbox 2430 3210 2684 3280; x_wconf 91' lang='lat' dir='ltr'><strong>plurimis</strong></span> <span class='ocrx_word' id='word_1_459' title='bbox 2722 3212 2882 3267; x_wconf 86' lang='lat' dir='ltr'><strong>malis</strong></span> <span class='ocrx_word' id='word_1_460' title='bbox 2921 3223 2974 3267; x_wconf 88' lang='lat' dir='ltr'><strong>et</strong></span> <span class='ocrx_word' id='word_1_461' title='bbox 3008 3215 3262 3270; x_wconf 83' lang='lat' dir='ltr'><strong>tristibus</strong></span> <span class='ocrx_word' id='word_1_462' title='bbox 3303 3216 3522 3270; x_wconf 84' lang='lat' dir='ltr'><strong>casibus</strong></span> <span class='ocrx_word' id='word_1_463' title='bbox 3548 3234 3576 3270; x_wconf 91' lang='lat' dir='ltr'><strong>a</strong></span> <span class='ocrx_word' id='word_1_464' title='bbox 3612 3227 3766 3289; x_wconf 76' lang='lat' dir='ltr'><strong>tergo</strong></span> 
     </span>
    </p>
   </div>
   <div class='ocr_carea' id='block_1_65' title="bbox 475 3308 2069 3386">
    <p class='ocr_par' dir='ltr' id='par_1_65' title="bbox 475 3308 2069 3386">
     <span class='ocr_line' id='line_1_65' title="bbox 475 3308 2069 3386; baseline -0.008 -15"><span class='ocrx_word' id='word_1_465' title='bbox 475 3319 505 3371; x_wconf 87' lang='grc' dir='ltr'><strong>ό</strong></span> <span class='ocrx_word' id='word_1_466' title='bbox 536 3316 825 3385; x_wconf 73' lang='grc' dir='ltr'>ἄνθρωπος</span> <span class='ocrx_word' id='word_1_467' title='bbox 854 3314 1224 3386; x_wconf 79' lang='grc' dir='ltr'>ἀμελέστερον</span> <span class='ocrx_word' id='word_1_468' title='bbox 1254 3312 1385 3386; x_wconf 69' lang='grc' dir='ltr'>περὶ</span> <span class='ocrx_word' id='word_1_469' title='bbox 1401 3312 1499 3383; x_wconf 79' lang='grc' dir='ltr'>τὴν</span> <span class='ocrx_word' id='word_1_470' title='bbox 1546 3311 1747 3383; x_wconf 83' lang='grc' dir='ltr'>ἀρετὴν</span> <span class='ocrx_word' id='word_1_471' title='bbox 1772 3308 2069 3377; x_wconf 74' lang='grc' dir='ltr'>διατεθείηο</span> 
     </span>
    </p>
   </div>
   <div class='ocr_carea' id='block_1_66' title="bbox 468 3400 2074 3474">
    <p class='ocr_par' dir='ltr' id='par_1_66' title="bbox 468 3400 2074 3474">
     <span class='ocr_line' id='line_1_66' title="bbox 468 3400 2074 3474; baseline -0.004 -17"><span class='ocrx_word' id='word_1_472' title='bbox 468 3404 571 3457; x_wconf 78' lang='grc' dir='ltr'>νῦν</span> <span class='ocrx_word' id='word_1_473' title='bbox 602 3406 701 3474; x_wconf 82' lang='grc' dir='ltr'><strong>μὲν</strong></span> <span class='ocrx_word' id='word_1_474' title='bbox 742 3402 818 3465; x_wconf 89' lang='grc' dir='ltr'><strong>ώς</strong></span> <span class='ocrx_word' id='word_1_475' title='bbox 854 3401 1067 3455; x_wconf 83' lang='grc' dir='ltr'>πολλῶν</span> <span class='ocrx_word' id='word_1_476' title='bbox 1107 3401 1294 3454; x_wconf 85' lang='grc' dir='ltr'>κακῶν</span> <span class='ocrx_word' id='word_1_477' title='bbox 1342 3403 1438 3453; x_wconf 79' lang='grc' dir='ltr'><strong>καὶ</strong></span> <span class='ocrx_word' id='word_1_478' title='bbox 1489 3400 1750 3470; x_wconf 77' lang='grc' dir='ltr'>λυπηρῶν</span> <span class='ocrx_word' id='word_1_479' title='bbox 1811 3415 2074 3468; x_wconf 87' lang='grc' dir='ltr'>συμπτω-</span> 
     </span>
    </p>
   </div>
   <div class='ocr_carea' id='block_1_67' title="bbox 482 3489 2071 3569">
    <p class='ocr_par' dir='ltr' id='par_1_67' title="bbox 482 3489 2071 3569">
     <span class='ocr_line' id='line_1_67' title="bbox 482 3489 2071 3569; baseline -0.008 -15"><span class='ocrx_word' id='word_1_480' title='bbox 482 3501 666 3569; x_wconf 84' lang='grc' dir='ltr'>μάτων</span> <span class='ocrx_word' id='word_1_481' title='bbox 693 3498 921 3553; x_wconf 77' lang='grc' dir='ltr'>ὄπισθεν</span> <span class='ocrx_word' id='word_1_482' title='bbox 944 3496 1105 3550; x_wconf 81' lang='grc' dir='ltr'>αὑτὸν</span> <span class='ocrx_word' id='word_1_483' title='bbox 1137 3493 1582 3565; x_wconf 81' lang='grc' dir='ltr'>καταλαμϐάνειν</span> <span class='ocrx_word' id='word_1_484' title='bbox 1611 3491 1917 3563; x_wconf 84' lang='grc' dir='ltr'>μελλόντων</span> <span class='ocrx_word' id='word_1_485' title='bbox 1938 3505 1951 3520; x_wconf 87' lang='grc'><em>’</em></span> <span class='ocrx_word' id='word_1_486' title='bbox 1987 3489 2071 3555; x_wconf 89' lang='grc' dir='ltr'><strong>τίς</strong></span> 
     </span>
    </p>
   </div>
   <div class='ocr_carea' id='block_1_68' title="bbox 479 3581 2072 3664">
    <p class='ocr_par' dir='ltr' id='par_1_68' title="bbox 479 3581 2072 3664">
     <span class='ocr_line' id='line_1_68' title="bbox 479 3581 2072 3664; baseline -0.008 -19"><span class='ocrx_word' id='word_1_487' title='bbox 479 3592 584 3664; x_wconf 88' lang='grc' dir='ltr'><strong>γάρ</strong></span> <span class='ocrx_word' id='word_1_488' title='bbox 617 3608 708 3661; x_wconf 88' lang='grc' dir='ltr'><strong>μοι</strong></span> <span class='ocrx_word' id='word_1_489' title='bbox 733 3592 834 3659; x_wconf 82' lang='grc' dir='ltr'><strong>τῆς</strong></span> <span class='ocrx_word' id='word_1_490' title='bbox 882 3588 1087 3659; x_wconf 73' lang='grc' dir='ltr'>ἀρετῆς</span> <span class='ocrx_word' id='word_1_491' title='bbox 1115 3586 1275 3655; x_wconf 83' lang='grc' dir='ltr'>λόγος</span> <span class='ocrx_word' id='word_1_492' title='bbox 1332 3602 1607 3639; x_wconf 90' lang='grc' dir='ltr'>τοσουτων</span> <span class='ocrx_word' id='word_1_493' title='bbox 1636 3599 1825 3637; x_wconf 81' lang='grc' dir='ltr'>κακῶν</span> <span class='ocrx_word' id='word_1_494' title='bbox 1854 3581 1948 3635; x_wconf 76' lang='grc' dir='ltr'>καὶ</span> <span class='ocrx_word' id='word_1_495' title='bbox 1971 3598 2072 3651; x_wconf 88' lang='grc' dir='ltr'>τη-</span> 
     </span>
    </p>
   </div>
   <div class='ocr_carea' id='block_1_69' title="bbox 477 3674 2071 3755">
    <p class='ocr_par' dir='ltr' id='par_1_69' title="bbox 477 3674 2071 3755">
     <span class='ocr_line' id='line_1_69' title="bbox 477 3674 2071 3755; baseline -0.006 -18"><span class='ocrx_word' id='word_1_496' title='bbox 477 3683 745 3738; x_wconf 87' lang='grc' dir='ltr'>λικούτων</span> <span class='ocrx_word' id='word_1_497' title='bbox 773 3679 1290 3755; x_wconf 86' lang='grc' dir='ltr'>προσδοκωμένων;</span> <span class='ocrx_word' id='word_1_498' title='bbox 1332 3681 1411 3741; x_wconf 78' lang='grc' dir='ltr'><strong>εἰς</strong></span> <span class='ocrx_word' id='word_1_499' title='bbox 1445 3678 1610 3731; x_wconf 76' lang='grc' dir='ltr'>τοῦτο</span> <span class='ocrx_word' id='word_1_500' title='bbox 1633 3678 1740 3747; x_wconf 82' lang='grc' dir='ltr'>γὰρ</span> <span class='ocrx_word' id='word_1_501' title='bbox 1777 3677 1903 3738; x_wconf 73' lang='grc' dir='ltr'>τοὺς</span> <span class='ocrx_word' id='word_1_502' title='bbox 1940 3674 2071 3728; x_wconf 86' lang='grc' dir='ltr'>πολ-</span> 
     </span>
    </p>
   </div>
   <div class='ocr_carea' id='block_1_70' title="bbox 478 3764 2072 3847">
    <p class='ocr_par' dir='ltr' id='par_1_70' title="bbox 478 3764 2072 3847">
     <span class='ocr_line' id='line_1_70' title="bbox 478 3764 2072 3847; baseline -0.006 -19"><span class='ocrx_word' id='word_1_503' title='bbox 478 3776 604 3839; x_wconf 76' lang='grc' dir='ltr'>)οὑς</span> <span class='ocrx_word' id='word_1_504' title='bbox 632 3778 666 3847; x_wconf 81' lang='grc' dir='ltr'>ή</span> <span class='ocrx_word' id='word_1_505' title='bbox 698 3774 1011 3843; x_wconf 82' lang='grc' dir='ltr'>ἀπόγνωσις</span> <span class='ocrx_word' id='word_1_506' title='bbox 1032 3773 1189 3825; x_wconf 78' lang='grc' dir='ltr'>εἴωθε</span> <span class='ocrx_word' id='word_1_507' title='bbox 1218 3770 1503 3827; x_wconf 84' lang='grc' dir='ltr'>συνωθεῖν·</span> <span class='ocrx_word' id='word_1_508' title='bbox 1529 3769 1625 3823; x_wconf 77' lang='grc' dir='ltr'>νῦν</span> <span class='ocrx_word' id='word_1_509' title='bbox 1653 3769 1710 3821; x_wconf 81' lang='grc' dir='ltr'><strong>δὲ</strong></span> <span class='ocrx_word' id='word_1_510' title='bbox 1741 3768 1823 3832; x_wconf 71' lang='grc' dir='ltr'><strong>ὡς.</strong></span> <span class='ocrx_word' id='word_1_511' title='bbox 1849 3768 1910 3821; x_wconf 87' lang='grc' dir='ltr'><strong>οὑ</strong></span> <span class='ocrx_word' id='word_1_512' title='bbox 1943 3764 2072 3819; x_wconf 81' lang='grc' dir='ltr'>πολ-</span> 
     </span>
    </p>
   </div>
   <div class='ocr_carea' id='block_1_71' title="bbox 477 3860 2068 3941">
    <p class='ocr_par' dir='ltr' id='par_1_71' title="bbox 477 3860 2068 3941">
     <span class='ocr_line' id='line_1_71' title="bbox 477 3860 2068 3941; baseline -0.006 -19"><span class='ocrx_word' id='word_1_513' title='bbox 477 3870 574 3941; x_wconf 80' lang='grc' dir='ltr'><strong>λῆς</strong></span> <span class='ocrx_word' id='word_1_514' title='bbox 606 3869 703 3924; x_wconf 77' lang='grc' dir='ltr'><strong>καί</strong></span> <span class='ocrx_word' id='word_1_515' title='bbox 723 3868 966 3940; x_wconf 82' lang='grc' dir='ltr'>μεγάλης</span> <span class='ocrx_word' id='word_1_516' title='bbox 983 3866 1282 3936; x_wconf 84' lang='grc' dir='ltr'>ἀλγηδόνος</span> <span class='ocrx_word' id='word_1_517' title='bbox 1309 3862 1608 3935; x_wconf 77' lang='grc' dir='ltr'>μελλούσης</span> <span class='ocrx_word' id='word_1_518' title='bbox 1630 3860 2068 3931; x_wconf 81' lang='grc' dir='ltr'>ἐπισυμϐαίνειν,</span> 
     </span>
    </p>
   </div>
   <div class='ocr_carea' id='block_1_72' title="bbox 477 3954 2070 4035">
    <p class='ocr_par' dir='ltr' id='par_1_72' title="bbox 477 3954 2070 4035">
     <span class='ocr_line' id='line_1_72' title="bbox 477 3954 2070 4035; baseline -0.007 -17"><span class='ocrx_word' id='word_1_519' title='bbox 477 3962 821 4035; x_wconf 77' lang='grc' dir='ltr'>ἑκατέρωθεν</span> <span class='ocrx_word' id='word_1_520' title='bbox 864 3964 957 4015; x_wconf 76' lang='grc' dir='ltr'>καὶ</span> <span class='ocrx_word' id='word_1_521' title='bbox 1006 3958 1385 4022; x_wconf 77' lang='grc' dir='ltr'>ὑποσκελίζειν</span> <span class='ocrx_word' id='word_1_522' title='bbox 1420 3956 1563 4010; x_wconf 79' lang='grc' dir='ltr'>οἶδεν</span> <span class='ocrx_word' id='word_1_523' title='bbox 1606 3957 1641 4026; x_wconf 79' lang='grc' dir='ltr'>ἡ</span> <span class='ocrx_word' id='word_1_524' title='bbox 1689 3954 1936 4025; x_wconf 76' lang='grc' dir='ltr'>σφαλερὰ</span> <span class='ocrx_word' id='word_1_525' title='bbox 1962 3954 2070 4007; x_wconf 88' lang='grc' dir='ltr'><strong>τῶν</strong></span> 
     </span>
    </p>
   </div>
   <div class='ocr_carea' id='block_1_73' title="bbox 476 4048 2069 4129">
    <p class='ocr_par' dir='ltr' id='par_1_73' title="bbox 476 4048 2069 4129">
     <span class='ocr_line' id='line_1_73' title="bbox 476 4048 2069 4129; baseline -0.006 -18"><span class='ocrx_word' id='word_1_526' title='bbox 476 4058 769 4129; x_wconf 77' lang='grc' dir='ltr'>πρακτέων</span> <span class='ocrx_word' id='word_1_527' title='bbox 792 4055 995 4125; x_wconf 90' lang='grc' dir='ltr'>κρίσις,</span> <span class='ocrx_word' id='word_1_528' title='bbox 1020 4053 1112 4107; x_wconf 79' lang='grc' dir='ltr'><strong>καί</strong></span> <span class='ocrx_word' id='word_1_529' title='bbox 1145 4052 1233 4106; x_wconf 76' lang='grc' dir='ltr'><strong>διὰ</strong></span> <span class='ocrx_word' id='word_1_530' title='bbox 1263 4050 1424 4104; x_wconf 79' lang='grc' dir='ltr'>τοῦτο</span> <span class='ocrx_word' id='word_1_531' title='bbox 1453 4050 1591 4122; x_wconf 86' lang='grc' dir='ltr'>μηδὲ</span> <span class='ocrx_word' id='word_1_532' title='bbox 1624 4049 1827 4120; x_wconf 83' lang='grc' dir='ltr'>πολλῆς</span> <span class='ocrx_word' id='word_1_533' title='bbox 1856 4048 2069 4120; x_wconf 79' lang='grc' dir='ltr'>νήψεως</span> 
     </span>
    </p>
   </div>
   <div class='ocr_carea' id='block_1_74' title="bbox 480 4138 2071 4222">
    <p class='ocr_par' dir='ltr' id='par_1_74' title="bbox 480 4138 2071 4222">
     <span class='ocr_line' id='line_1_74' title="bbox 480 4138 2071 4222; baseline -0.008 -19"><span class='ocrx_word' id='word_1_534' title='bbox 480 4152 618 4222; x_wconf 81' lang='grc' dir='ltr'>μήτε</span> <span class='ocrx_word' id='word_1_535' title='bbox 646 4149 747 4217; x_wconf 81' lang='grc' dir='ltr'><strong>τῆς</strong></span> <span class='ocrx_word' id='word_1_536' title='bbox 779 4147 888 4201; x_wconf 90' lang='grc' dir='ltr'><strong>τῶν</strong></span> <span class='ocrx_word' id='word_1_537' title='bbox 920 4145 1131 4216; x_wconf 83' lang='grc' dir='ltr'>ἀρετῶν</span> <span class='ocrx_word' id='word_1_538' title='bbox 1163 4141 1484 4212; x_wconf 65' lang='grc' dir='ltr'>ἐπιμελείας</span> <span class='ocrx_word' id='word_1_539' title='bbox 1504 4141 1731 4195; x_wconf 86' lang='grc' dir='ltr'>δεῖσθαι.</span> <span class='ocrx_word' id='word_1_540' title='bbox 1794 4139 1893 4193; x_wconf 86' lang='grc' dir='ltr'>Διά</span> <span class='ocrx_word' id='word_1_541' title='bbox 1911 4138 2071 4192; x_wconf 84' lang='grc' dir='ltr'>τοῦτο</span> 
     </span>
    </p>
   </div>
   <div class='ocr_carea' id='block_1_75' title="bbox 476 4233 2070 4310">
    <p class='ocr_par' dir='ltr' id='par_1_75' title="bbox 476 4233 2070 4310">
     <span class='ocr_line' id='line_1_75' title="bbox 476 4233 2070 4310; baseline -0.009 -14"><span class='ocrx_word' id='word_1_542' title='bbox 476 4239 569 4296; x_wconf 79' lang='grc' dir='ltr'><strong>οὖν</strong></span> <span class='ocrx_word' id='word_1_543' title='bbox 605 4241 786 4304; x_wconf 80' lang='grc' dir='ltr'>ὁΘεδς</span> <span class='ocrx_word' id='word_1_544' title='bbox 821 4240 923 4310; x_wconf 80' lang='grc' dir='ltr'><strong>τὴν</strong></span> <span class='ocrx_word' id='word_1_545' title='bbox 969 4238 1099 4309; x_wconf 73' lang='grc' dir='ltr'>περὶ</span> <span class='ocrx_word' id='word_1_546' title='bbox 1140 4236 1250 4289; x_wconf 88' lang='grc' dir='ltr'><strong>τῶν</strong></span> <span class='ocrx_word' id='word_1_547' title='bbox 1303 4234 1606 4307; x_wconf 82' lang='grc' dir='ltr'>μελλόντων</span> <span class='ocrx_word' id='word_1_548' title='bbox 1660 4233 1855 4288; x_wconf 81' lang='grc' dir='ltr'>λαλιὰν</span> <span class='ocrx_word' id='word_1_549' title='bbox 1886 4233 2070 4301; x_wconf 80' lang='grc' dir='ltr'>ἀγνω-</span> 
     </span>
    </p>
   </div>
   <div class='ocr_carea' id='block_1_76' title="bbox 479 4325 2070 4403">
    <p class='ocr_par' dir='ltr' id='par_1_76' title="bbox 479 4325 2070 4403">
     <span class='ocr_line' id='line_1_76' title="bbox 479 4325 2070 4403; baseline -0.007 -16"><span class='ocrx_word' id='word_1_550' title='bbox 479 4350 604 4387; x_wconf 89' lang='grc' dir='ltr'>στον</span> <span class='ocrx_word' id='word_1_551' title='bbox 636 4332 863 4403; x_wconf 77' lang='grc' dir='ltr'>ἐποίησε</span> <span class='ocrx_word' id='word_1_552' title='bbox 890 4334 1005 4395; x_wconf 80' lang='grc' dir='ltr'>τοῖς</span> <span class='ocrx_word' id='word_1_553' title='bbox 1031 4330 1269 4395; x_wconf 67' lang='grc' dir='ltr'>πολλοῖς,</span> <span class='ocrx_word' id='word_1_554' title='bbox 1307 4328 1394 4383; x_wconf 86' lang='grc' dir='ltr'><strong>ἴνα</strong></span> <span class='ocrx_word' id='word_1_555' title='bbox 1422 4327 1500 4400; x_wconf 85' lang='grc' dir='ltr'>μὴ</span> <span class='ocrx_word' id='word_1_556' title='bbox 1516 4326 1692 4400; x_wconf 87' lang='grc' dir='ltr'>εὑρὼν</span> <span class='ocrx_word' id='word_1_557' title='bbox 1723 4329 1753 4381; x_wconf 86' lang='grc' dir='ltr'><strong>ό</strong></span> <span class='ocrx_word' id='word_1_558' title='bbox 1779 4325 2070 4397; x_wconf 79' lang='grc' dir='ltr'>ἄνθρωπος</span> 
     </span>
    </p>
   </div>
   <div class='ocr_carea' id='block_1_77' title="bbox 474 4417 2069 4496">
    <p class='ocr_par' dir='ltr' id='par_1_77' title="bbox 474 4417 2069 4496">
     <span class='ocr_line' id='line_1_77' title="bbox 474 4417 2069 4496; baseline -0.006 -17"><span class='ocrx_word' id='word_1_559' title='bbox 474 4425 510 4479; x_wconf 84' lang='grc' dir='ltr'><strong>ἆ</strong></span> <span class='ocrx_word' id='word_1_560' title='bbox 528 4425 715 4496; x_wconf 86' lang='grc' dir='ltr'>μέλλει</span> <span class='ocrx_word' id='word_1_561' title='bbox 734 4426 791 4477; x_wconf 86' lang='grc' dir='ltr'>ὲν</span> <span class='ocrx_word' id='word_1_562' title='bbox 816 4427 930 4487; x_wconf 89' lang='grc' dir='ltr'>τοῖς</span> <span class='ocrx_word' id='word_1_563' title='bbox 953 4423 1176 4476; x_wconf 73' lang='grc' dir='ltr'>ὄπισθεν</span> <span class='ocrx_word' id='word_1_564' title='bbox 1208 4421 1373 4477; x_wconf 87' lang='grc' dir='ltr'>αὑτὸν</span> <span class='ocrx_word' id='word_1_565' title='bbox 1395 4421 1610 4491; x_wconf 81' lang='grc' dir='ltr'>χρόνοις</span> <span class='ocrx_word' id='word_1_566' title='bbox 1623 4417 2069 4487; x_wconf 86' lang='grc' dir='ltr'>καταλαμϐάνειν</span> 
     </span>
    </p>
   </div>
   <div class='ocr_carea' id='block_1_78' title="bbox 476 4510 2067 4588">
    <p class='ocr_par' dir='ltr' id='par_1_78' title="bbox 476 4510 2067 4588">
     <span class='ocr_line' id='line_1_78' title="bbox 476 4510 2067 4588; baseline -0.006 -17"><span class='ocrx_word' id='word_1_567' title='bbox 476 4518 736 4588; x_wconf 83' lang='grc' dir='ltr'>δυσχερῆ,</span> <span class='ocrx_word' id='word_1_568' title='bbox 778 4516 873 4569; x_wconf 78' lang='grc' dir='ltr'>ἐπὶ</span> <span class='ocrx_word' id='word_1_569' title='bbox 909 4515 1007 4587; x_wconf 84' lang='grc' dir='ltr'><strong>μὲν</strong></span> <span class='ocrx_word' id='word_1_570' title='bbox 1038 4515 1146 4569; x_wconf 85' lang='grc' dir='ltr'><strong>τῶν</strong></span> <span class='ocrx_word' id='word_1_571' title='bbox 1177 4515 1405 4585; x_wconf 81' lang='grc' dir='ltr'>χαλεπω</span> <span class='ocrx_word' id='word_1_572' title='bbox 1436 4513 1615 4583; x_wconf 88' lang='grc' dir='ltr'>τέρων</span> <span class='ocrx_word' id='word_1_573' title='bbox 1660 4510 1947 4582; x_wconf 80' lang='grc' dir='ltr'>ἀμηχανίᾳ</span> <span class='ocrx_word' id='word_1_574' title='bbox 1971 4510 2067 4563; x_wconf 83' lang='grc' dir='ltr'><strong>καί</strong></span> 
     </span>
    </p>
   </div>
   <div class='ocr_carea' id='block_1_79' title="bbox 476 4599 2061 4677">
    <p class='ocr_par' dir='ltr' id='par_1_79' title="bbox 476 4599 2061 4677">
     <span class='ocr_line' id='line_1_79' title="bbox 476 4599 2061 4677; baseline -0.007 -15"><span class='ocrx_word' id='word_1_575' title='bbox 476 4606 789 4677; x_wconf 76' lang='grc' dir='ltr'>ἀπογνώσει</span> <span class='ocrx_word' id='word_1_576' title='bbox 821 4607 1053 4677; x_wconf 74' lang='grc' dir='ltr'>προδοὺς</span> <span class='ocrx_word' id='word_1_577' title='bbox 1087 4603 1301 4668; x_wconf 82' lang='grc' dir='ltr'>ἑαυτὸν,</span> <span class='ocrx_word' id='word_1_578' title='bbox 1337 4602 1493 4656; x_wconf 78' lang='grc' dir='ltr'>οὐδὲν</span> <span class='ocrx_word' id='word_1_579' title='bbox 1530 4600 1667 4673; x_wconf 77' lang='grc' dir='ltr'>πρὸς</span> <span class='ocrx_word' id='word_1_580' title='bbox 1702 4599 1905 4671; x_wconf 83' lang='grc' dir='ltr'>ἀρετὴν</span> <span class='ocrx_word' id='word_1_581' title='bbox 1940 4602 2061 4652; x_wconf 68' lang='lat' dir='ltr'><strong>itm-</strong></span> 
     </span>
    </p>
   </div>
   <div class='ocr_carea' id='block_1_80' title="bbox 477 4692 2063 4773">
    <p class='ocr_par' dir='ltr' id='par_1_80' title="bbox 477 4692 2063 4773">
     <span class='ocr_line' id='line_1_80' title="bbox 477 4692 2063 4773; baseline -0.005 -20"><span class='ocrx_word' id='word_1_582' title='bbox 477 4699 797 4773; x_wconf 81' lang='grc' dir='ltr'>στρέφοιτο·</span> <span class='ocrx_word' id='word_1_583' title='bbox 832 4699 925 4751; x_wconf 69' lang='grc' dir='ltr'><strong>ἐπὶ</strong></span> <span class='ocrx_word' id='word_1_584' title='bbox 946 4697 1002 4750; x_wconf 85' lang='grc' dir='ltr'>δὲ</span> <span class='ocrx_word' id='word_1_585' title='bbox 1023 4695 1133 4750; x_wconf 92' lang='grc' dir='ltr'><strong>τῶν</strong></span> <span class='ocrx_word' id='word_1_586' title='bbox 1180 4693 1419 4765; x_wconf 86' lang='grc' dir='ltr'>μετρίως</span> <span class='ocrx_word' id='word_1_587' title='bbox 1474 4692 1709 4763; x_wconf 77' lang='grc' dir='ltr'>ἑχόντων</span> <span class='ocrx_word' id='word_1_588' title='bbox 1758 4692 2063 4763; x_wconf 64' lang='grc' dir='ltr'>ὑπεροψίαν</span> 
     </span>
    </p>
   </div>
   <div class='ocr_carea' id='block_1_81' title="bbox 475 4783 2061 4859">
    <p class='ocr_par' dir='ltr' id='par_1_81' title="bbox 475 4783 2061 4859">
     <span class='ocr_line' id='line_1_81' title="bbox 475 4783 2061 4859; baseline -0.006 -14"><span class='ocrx_word' id='word_1_589' title='bbox 475 4791 646 4845; x_wconf 86' lang='grc' dir='ltr'>νοσῶν</span> <span class='ocrx_word' id='word_1_590' title='bbox 668 4788 744 4853; x_wconf 85' lang='grc' dir='ltr'><strong>ῶς</strong></span> <span class='ocrx_word' id='word_1_591' title='bbox 765 4788 865 4859; x_wconf 79' lang='grc' dir='ltr'>τῆς</span> <span class='ocrx_word' id='word_1_592' title='bbox 891 4788 1002 4841; x_wconf 86' lang='grc' dir='ltr'><strong>τῶν</strong></span> <span class='ocrx_word' id='word_1_593' title='bbox 1018 4786 1320 4856; x_wconf 75' lang='grc' dir='ltr'>ἐφιεμένων</span> <span class='ocrx_word' id='word_1_594' title='bbox 1344 4783 1702 4848; x_wconf 82' lang='grc' dir='ltr'>ἀπολαύσεως</span> <span class='ocrx_word' id='word_1_595' title='bbox 1721 4786 1812 4837; x_wconf 72' lang='grc' dir='ltr'><strong>καὶ</strong></span> <span class='ocrx_word' id='word_1_596' title='bbox 1827 4786 2061 4856; x_wconf 78' lang='grc' dir='ltr'>τρυφῆς,</span> 
     </span>
    </p>
   </div>
   <div class='ocr_carea' id='block_1_82' title="bbox 474 4876 2062 4950">
    <p class='ocr_par' dir='ltr' id='par_1_82' title="bbox 474 4876 2062 4950">
     <span class='ocr_line' id='line_1_82' title="bbox 474 4876 2062 4950; baseline -0.008 -10"><span class='ocrx_word' id='word_1_597' title='bbox 474 4885 628 4940; x_wconf 77' lang='grc' dir='ltr'>οὐδὲν</span> <span class='ocrx_word' id='word_1_598' title='bbox 659 4882 897 4947; x_wconf 77' lang='grc' dir='ltr'>ἐλπίζων</span> <span class='ocrx_word' id='word_1_599' title='bbox 943 4876 1513 4950; x_wconf 84' lang='grc' dir='ltr'>ἀντεπενεχθήσεσθαι</span> <span class='ocrx_word' id='word_1_600' title='bbox 1566 4876 1802 4947; x_wconf 85' lang='grc' dir='ltr'>κώλυμα</span> <span class='ocrx_word' id='word_1_601' title='bbox 1830 4879 1925 4930; x_wconf 76' lang='grc' dir='ltr'>καὶ</span> <span class='ocrx_word' id='word_1_602' title='bbox 1962 4876 2062 4948; x_wconf 78' lang='grc' dir='ltr'>τὴν</span> 
     </span>
    </p>
   </div>
   <div class='ocr_carea' id='block_1_83' title="bbox 475 4965 2063 5050">
    <p class='ocr_par' dir='ltr' id='par_1_83' title="bbox 475 4965 2063 5050">
     <span class='ocr_line' id='line_1_83' title="bbox 475 4965 2063 5050; baseline -0.009 -18"><span class='ocrx_word' id='word_1_603' title='bbox 475 4978 613 5050; x_wconf 81' lang='grc' dir='ltr'>πρὸς</span> <span class='ocrx_word' id='word_1_604' title='bbox 640 4978 711 5031; x_wconf 87' lang='grc' dir='ltr'><strong>τά</strong></span> <span class='ocrx_word' id='word_1_605' title='bbox 741 4971 1149 5045; x_wconf 82' lang='grc' dir='ltr'>κατορθώματα</span> <span class='ocrx_word' id='word_1_606' title='bbox 1191 4968 1428 5037; x_wconf 81' lang='grc' dir='ltr'>σπουδὴν</span> <span class='ocrx_word' id='word_1_607' title='bbox 1481 4967 1848 5041; x_wconf 88' lang='grc' dir='ltr'>ὑπερτίθοιτο·</span> <span class='ocrx_word' id='word_1_608' title='bbox 1884 4965 2063 5030; x_wconf 73' lang='grc' dir='ltr'>ἄλλως</span> 
     </span>
    </p>
   </div>
   <div class='ocr_carea' id='block_1_84' title="bbox 473 5061 2061 5141">
    <p class='ocr_par' dir='ltr' id='par_1_84' title="bbox 473 5061 2061 5141">
     <span class='ocr_line' id='line_1_84' title="bbox 473 5061 2061 5141; baseline -0.008 -16"><span class='ocrx_word' id='word_1_609' title='bbox 473 5089 533 5125; x_wconf 89' lang='grc' dir='ltr'><strong>τε</strong></span> <span class='ocrx_word' id='word_1_610' title='bbox 564 5069 756 5124; x_wconf 83' lang='grc' dir='ltr'>δὲότδ</span> <span class='ocrx_word' id='word_1_611' title='bbox 813 5069 1101 5141; x_wconf 83' lang='grc' dir='ltr'>κριτήριον</span> <span class='ocrx_word' id='word_1_612' title='bbox 1153 5062 1569 5135; x_wconf 82' lang='grc' dir='ltr'>κεκαθαρμένον</span> <span class='ocrx_word' id='word_1_613' title='bbox 1626 5061 1835 5124; x_wconf 82' lang='grc' dir='ltr'>πάθους</span> <span class='ocrx_word' id='word_1_614' title='bbox 1876 5061 2061 5132; x_wconf 84' lang='grc' dir='ltr'>φέρων</span> 
     </span>
    </p>
   </div>
   <div class='ocr_carea' id='block_1_85' title="bbox 476 5151 2057 5229">
    <p class='ocr_par' dir='ltr' id='par_1_85' title="bbox 476 5151 2057 5229">
     <span class='ocr_line' id='line_1_85' title="bbox 476 5151 2057 5229; baseline -0.007 -13"><span class='ocrx_word' id='word_1_615' title='bbox 476 5162 570 5216; x_wconf 71' lang='grc' dir='ltr'>καὶ</span> <span class='ocrx_word' id='word_1_616' title='bbox 592 5161 889 5217; x_wconf 83' lang='grc' dir='ltr'>ἀδέκαστον</span> <span class='ocrx_word' id='word_1_617' title='bbox 914 5159 1013 5229; x_wconf 81' lang='grc' dir='ltr'>τὴν</span> <span class='ocrx_word' id='word_1_618' title='bbox 1045 5157 1235 5225; x_wconf 83' lang='grc' dir='ltr'>ὑγείαν</span> <span class='ocrx_word' id='word_1_619' title='bbox 1264 5156 1368 5226; x_wconf 82' lang='grc' dir='ltr'>ὁρᾷ</span> <span class='ocrx_word' id='word_1_620' title='bbox 1385 5155 1482 5208; x_wconf 75' lang='grc' dir='ltr'>καὶ</span> <span class='ocrx_word' id='word_1_621' title='bbox 1518 5152 1618 5225; x_wconf 85' lang='grc' dir='ltr'>τὴν</span> <span class='ocrx_word' id='word_1_622' title='bbox 1647 5153 1803 5208; x_wconf 89' lang='grc' dir='ltr'>νόσον</span> <span class='ocrx_word' id='word_1_623' title='bbox 1827 5151 2057 5223; x_wconf 89' lang='grc' dir='ltr'>συμφώ-</span> 
     </span>
    </p>
   </div>
   <div class='ocr_carea' id='block_1_86' title="bbox 472 5246 2060 5325">
    <p class='ocr_par' dir='ltr' id='par_1_86' title="bbox 472 5246 2060 5325">
     <span class='ocr_line' id='line_1_86' title="bbox 472 5246 2060 5325; baseline -0.006 -17"><span class='ocrx_word' id='word_1_624' title='bbox 472 5273 578 5317; x_wconf 88' lang='grc' dir='ltr'><strong>νως</strong></span> <span class='ocrx_word' id='word_1_625' title='bbox 599 5254 833 5325; x_wconf 74' lang='grc' dir='ltr'>ἔχουσαν</span> <span class='ocrx_word' id='word_1_626' title='bbox 889 5252 1018 5323; x_wconf 86' lang='grc' dir='ltr'><strong>περί</strong></span> <span class='ocrx_word' id='word_1_627' title='bbox 1043 5252 1143 5321; x_wconf 85' lang='grc' dir='ltr'><strong>τὴν</strong></span> <span class='ocrx_word' id='word_1_628' title='bbox 1192 5249 1303 5303; x_wconf 89' lang='grc' dir='ltr'><strong>τῶν</strong></span> <span class='ocrx_word' id='word_1_629' title='bbox 1346 5247 1651 5319; x_wconf 84' lang='grc' dir='ltr'>ἀνθρώπων</span> <span class='ocrx_word' id='word_1_630' title='bbox 1701 5246 1908 5318; x_wconf 80' lang='grc' dir='ltr'>βλάϐην</span> <span class='ocrx_word' id='word_1_631' title='bbox 1964 5246 2060 5301; x_wconf 74' lang='grc' dir='ltr'><strong>καὶ</strong></span> 
     </span>
    </p>
   </div>
   <div class='ocr_carea' id='block_1_87' title="bbox 469 5339 2059 5416">
    <p class='ocr_par' dir='ltr' id='par_1_87' title="bbox 469 5339 2059 5416">
     <span class='ocr_line' id='line_1_87' title="bbox 469 5339 2059 5416; baseline -0.004 -17"><span class='ocrx_word' id='word_1_632' title='bbox 469 5344 782 5416; x_wconf 77' lang='grc' dir='ltr'>ὠφέλειανο</span> <span class='ocrx_word' id='word_1_633' title='bbox 837 5344 975 5400; x_wconf 71' lang='grc' dir='ltr'>ἁ)λά</span> <span class='ocrx_word' id='word_1_634' title='bbox 1027 5344 1122 5397; x_wconf 80' lang='grc' dir='ltr'><strong>καί</strong></span> <span class='ocrx_word' id='word_1_635' title='bbox 1154 5342 1246 5395; x_wconf 84' lang='grc' dir='ltr'><strong>τὸν</strong></span> <span class='ocrx_word' id='word_1_636' title='bbox 1295 5339 1528 5394; x_wconf 82' lang='grc' dir='ltr'>πλοῦτον</span> <span class='ocrx_word' id='word_1_637' title='bbox 1572 5340 1667 5394; x_wconf 80' lang='grc' dir='ltr'><strong>καί</strong></span> <span class='ocrx_word' id='word_1_638' title='bbox 1713 5339 1812 5411; x_wconf 82' lang='grc' dir='ltr'>τὴν</span> <span class='ocrx_word' id='word_1_639' title='bbox 1865 5339 2059 5393; x_wconf 86' lang='grc' dir='ltr'>πενίαν</span> 
     </span>
    </p>
   </div>
   <div class='ocr_carea' id='block_1_88' title="bbox 470 5433 2058 5507">
    <p class='ocr_par' dir='ltr' id='par_1_88' title="bbox 470 5433 2058 5507">
     <span class='ocr_line' id='line_1_88' title="bbox 470 5433 2058 5507; baseline -0.004 -14"><span class='ocrx_word' id='word_1_640' title='bbox 470 5439 755 5503; x_wconf 74' lang='grc' dir='ltr'>ὡσαύτως,</span> <span class='ocrx_word' id='word_1_641' title='bbox 784 5438 937 5507; x_wconf 79' lang='grc' dir='ltr'>ἰσχύν</span> <span class='ocrx_word' id='word_1_642' title='bbox 992 5454 1055 5490; x_wconf 92' lang='grc' dir='ltr'><strong>τε</strong></span> <span class='ocrx_word' id='word_1_643' title='bbox 1090 5436 1346 5506; x_wconf 90' lang='grc' dir='ltr'>σώματος</span> <span class='ocrx_word' id='word_1_644' title='bbox 1412 5433 1511 5487; x_wconf 75' lang='grc' dir='ltr'>καὶ</span> <span class='ocrx_word' id='word_1_645' title='bbox 1560 5434 1869 5498; x_wconf 83' lang='grc' dir='ltr'>ἀσθένειαν,</span> <span class='ocrx_word' id='word_1_646' title='bbox 1898 5434 2058 5499; x_wconf 82' lang='grc' dir='ltr'>δόξαν</span> 
     </span>
    </p>
   </div>
   <div class='ocr_carea' id='block_1_89' title="bbox 467 5527 2059 5603">
    <p class='ocr_par' dir='ltr' id='par_1_89' title="bbox 467 5527 2059 5603">
     <span class='ocr_line' id='line_1_89' title="bbox 467 5527 2059 5603; baseline -0.004 -17"><span class='ocrx_word' id='word_1_647' title='bbox 467 5534 568 5602; x_wconf 84' lang='grc' dir='ltr'><strong>τὴν</strong></span> <span class='ocrx_word' id='word_1_648' title='bbox 629 5535 691 5600; x_wconf 77' lang='grc' dir='ltr'>ἐξ</span> <span class='ocrx_word' id='word_1_649' title='bbox 760 5530 1067 5603; x_wconf 82' lang='grc' dir='ltr'>ἀνθρώπιον</span> <span class='ocrx_word' id='word_1_650' title='bbox 1131 5528 1229 5582; x_wconf 74' lang='grc' dir='ltr'>καὶ</span> <span class='ocrx_word' id='word_1_651' title='bbox 1296 5527 1515 5593; x_wconf 78' lang='grc' dir='ltr'>ἀδοξίαν</span> <span class='ocrx_word' id='word_1_652' title='bbox 1569 5527 1665 5581; x_wconf 75' lang='grc' dir='ltr'>καὶ</span> <span class='ocrx_word' id='word_1_653' title='bbox 1719 5528 1789 5581; x_wconf 88' lang='grc' dir='ltr'><strong>τά</strong></span> <span class='ocrx_word' id='word_1_654' title='bbox 1847 5527 2059 5592; x_wconf 83' lang='grc' dir='ltr'>τούτοις</span> 
     </span>
    </p>
   </div>
   <div class='ocr_carea' id='block_1_90' title="bbox 467 5619 2057 5697">
    <p class='ocr_par' dir='ltr' id='par_1_90' title="bbox 467 5619 2057 5697">
     <span class='ocr_line' id='line_1_90' title="bbox 467 5619 2057 5697; baseline -0.001 -19"><span class='ocrx_word' id='word_1_655' title='bbox 467 5625 852 5697; x_wconf 84' lang='grc' dir='ltr'>παραπλήσια.</span> <span class='ocrx_word' id='word_1_656' title='bbox 933 5624 1044 5676; x_wconf 78' lang='grc' dir='ltr'><strong>Καὶ</strong></span> <span class='ocrx_word' id='word_1_657' title='bbox 1087 5621 1199 5692; x_wconf 87' lang='grc' dir='ltr'>γὰρ</span> <span class='ocrx_word' id='word_1_658' title='bbox 1263 5620 1527 5692; x_wconf 80' lang='grc' dir='ltr'>ἑκατέρου</span> <span class='ocrx_word' id='word_1_659' title='bbox 1582 5619 1780 5693; x_wconf 86' lang='grc' dir='ltr'>μοίρας</span> <span class='ocrx_word' id='word_1_660' title='bbox 1825 5619 2057 5677; x_wconf 72' lang='grc' dir='ltr'>ἕκαστον</span> 
     </span>
    </p>
   </div>
   <div class='ocr_carea' id='block_1_91' title="bbox 465 5711 2057 5788">
    <p class='ocr_par' dir='ltr' id='par_1_91' title="bbox 465 5711 2057 5788">
     <span class='ocr_line' id='line_1_91' title="bbox 465 5711 2057 5788; baseline -0.002 -17"><span class='ocrx_word' id='word_1_661' title='bbox 465 5717 546 5788; x_wconf 77' lang='grc' dir='ltr'><strong>τῷ</strong></span> <span class='ocrx_word' id='word_1_662' title='bbox 624 5716 726 5787; x_wconf 83' lang='grc' dir='ltr'><strong>μὲν</strong></span> <span class='ocrx_word' id='word_1_663' title='bbox 802 5715 1115 5785; x_wconf 81' lang='grc' dir='ltr'>φιλοσοφεῖν</span> <span class='ocrx_word' id='word_1_664' title='bbox 1172 5712 1380 5780; x_wconf 85' lang='grc' dir='ltr'>εἰδότι,</span> <span class='ocrx_word' id='word_1_665' title='bbox 1458 5711 1733 5785; x_wconf 86' lang='grc' dir='ltr'>σωτηρίας</span> <span class='ocrx_word' id='word_1_666' title='bbox 1796 5713 2057 5779; x_wconf 85' lang='grc' dir='ltr'>ὑπόθεσις</span> 
     </span>
    </p>
   </div>
   <div class='ocr_carea' id='block_1_92' title="bbox 534 5848 974 5919">
    <p class='ocr_par' dir='ltr' id='par_1_92' title="bbox 534 5848 974 5919">
     <span class='ocr_line' id='line_1_92' title="bbox 534 5848 974 5919; baseline -0.005 -13"><span class='ocrx_word' id='word_1_667' title='bbox 534 5849 584 5883; x_wconf 76' lang='grc'><strong>³⁸³</strong></span> <span class='ocrx_word' id='word_1_668' title='bbox 609 5849 781 5907; x_wconf 85' lang='lat' dir='ltr'><strong>Amos</strong></span> <span class='ocrx_word' id='word_1_669' title='bbox 814 5864 897 5919; x_wconf 88' lang='lat' dir='ltr'><strong>ut,</strong></span> <span class='ocrx_word' id='word_1_670' title='bbox 920 5848 974 5905; x_wconf 87' lang='lat'><strong>6.</strong></span> 
     </span>
    </p>
   </div>
   <div class='ocr_carea' id='block_1_93' title="bbox 2177 3302 3767 3372">
    <p class='ocr_par' dir='ltr' id='par_1_93' title="bbox 2177 3302 3767 3372">
     <span class='ocr_line' id='line_1_93' title="bbox 2177 3302 3767 3372; baseline 0.006 -16"><span class='ocrx_word' id='word_1_671' title='bbox 2177 3302 2357 3372; x_wconf 88' lang='lat' dir='ltr'><strong>ipsum</strong></span> <span class='ocrx_word' id='word_1_672' title='bbox 2396 3303 2901 3372; x_wconf 65' lang='lat' dir='ltr'><strong>coorpreltensuris.</strong></span> <span class='ocrx_word' id='word_1_673' title='bbox 2950 3304 3087 3371; x_wconf 88' lang='lat' dir='ltr'><strong>Quis</strong></span> <span class='ocrx_word' id='word_1_674' title='bbox 3141 3307 3287 3361; x_wconf 89' lang='lat' dir='ltr'><strong>enim</strong></span> <span class='ocrx_word' id='word_1_675' title='bbox 3350 3308 3484 3362; x_wconf 86' lang='lat' dir='ltr'><strong>mihi</strong></span> <span class='ocrx_word' id='word_1_676' title='bbox 3540 3311 3767 3366; x_wconf 88' lang='lat' dir='ltr'><strong>virtutis</strong></span> 
     </span>
    </p>
   </div>
   <div class='ocr_carea' id='block_1_94' title="bbox 2175 3396 3767 3470">
    <p class='ocr_par' dir='ltr' id='par_1_94' title="bbox 2175 3396 3767 3470">
     <span class='ocr_line' id='line_1_94' title="bbox 2175 3396 3767 3470; baseline 0.005 -20"><span class='ocrx_word' id='word_1_677' title='bbox 2175 3396 2422 3451; x_wconf 81' lang='lat' dir='ltr'><strong>calculus</strong></span> <span class='ocrx_word' id='word_1_678' title='bbox 2454 3404 2533 3450; x_wconf 90' lang='lat' dir='ltr'><strong>tot</strong></span> <span class='ocrx_word' id='word_1_679' title='bbox 2565 3397 2723 3452; x_wconf 88' lang='lat' dir='ltr'><strong>malis</strong></span> <span class='ocrx_word' id='word_1_680' title='bbox 2780 3408 2834 3452; x_wconf 92' lang='lat' dir='ltr'><strong>et</strong></span> <span class='ocrx_word' id='word_1_681' title='bbox 2892 3399 3058 3452; x_wconf 90' lang='lat' dir='ltr'><strong>tantis</strong></span> <span class='ocrx_word' id='word_1_682' title='bbox 3092 3398 3516 3470; x_wconf 80' lang='lat' dir='ltr'><strong>ingruentibus?</strong></span> <span class='ocrx_word' id='word_1_683' title='bbox 3556 3402 3610 3455; x_wconf 92' lang='lat' dir='ltr'><strong>in</strong></span> <span class='ocrx_word' id='word_1_684' title='bbox 3661 3403 3767 3458; x_wconf 85' lang='lat' dir='ltr'><strong>hoc</strong></span> 
     </span>
    </p>
   </div>
   <div class='ocr_carea' id='block_1_95' title="bbox 2173 3486 3766 3560">
    <p class='ocr_par' dir='ltr' id='par_1_95' title="bbox 2173 3486 3766 3560">
     <span class='ocr_line' id='line_1_95' title="bbox 2173 3486 3766 3560; baseline 0.003 -18"><span class='ocrx_word' id='word_1_685' title='bbox 2173 3486 2320 3542; x_wconf 91' lang='lat' dir='ltr'><strong>enim</strong></span> <span class='ocrx_word' id='word_1_686' title='bbox 2349 3488 2567 3551; x_wconf 86' lang='lat' dir='ltr'><strong>turbam</strong></span> <span class='ocrx_word' id='word_1_687' title='bbox 2600 3489 2908 3559; x_wconf 82' lang='lat' dir='ltr'><strong>desperatio</strong></span> <span class='ocrx_word' id='word_1_688' title='bbox 2940 3491 3080 3545; x_wconf 91' lang='lat' dir='ltr'><strong>solet</strong></span> <span class='ocrx_word' id='word_1_689' title='bbox 3113 3490 3415 3560; x_wconf 87' lang='lat' dir='ltr'><strong>impellere.</strong></span> <span class='ocrx_word' id='word_1_690' title='bbox 3445 3491 3603 3547; x_wconf 87' lang='lat' dir='ltr'><strong>Nunc</strong></span> <span class='ocrx_word' id='word_1_691' title='bbox 3630 3507 3766 3547; x_wconf 89' lang='lat' dir='ltr'><strong>vero</strong></span> 
     </span>
    </p>
   </div>
   <div class='ocr_carea' id='block_1_96' title="bbox 2173 3582 3767 3654">
    <p class='ocr_par' dir='ltr' id='par_1_96' title="bbox 2173 3582 3767 3654">
     <span class='ocr_line' id='line_1_96' title="bbox 2173 3582 3767 3654; baseline 0.003 -19"><span class='ocrx_word' id='word_1_692' title='bbox 2173 3582 2330 3651; x_wconf 90' lang='lat' dir='ltr'><strong>quasi</strong></span> <span class='ocrx_word' id='word_1_693' title='bbox 2363 3598 2469 3636; x_wconf 91' lang='lat' dir='ltr'><strong>non</strong></span> <span class='ocrx_word' id='word_1_694' title='bbox 2505 3585 2679 3637; x_wconf 92' lang='lat' dir='ltr'><strong>multo</strong></span> <span class='ocrx_word' id='word_1_695' title='bbox 2708 3593 2762 3638; x_wconf 90' lang='lat' dir='ltr'><strong>et</strong></span> <span class='ocrx_word' id='word_1_696' title='bbox 2788 3599 2989 3654; x_wconf 79' lang='lat' dir='ltr'><strong>magno</strong></span> <span class='ocrx_word' id='word_1_697' title='bbox 3014 3584 3203 3639; x_wconf 89' lang='lat' dir='ltr'><strong>dolore</strong></span> <span class='ocrx_word' id='word_1_698' title='bbox 3233 3587 3549 3649; x_wconf 90' lang='lat' dir='ltr'><strong>incursuro,</strong></span> <span class='ocrx_word' id='word_1_699' title='bbox 3589 3588 3767 3641; x_wconf 83' lang='lat' dir='ltr'><strong>utrin-</strong></span> 
     </span>
    </p>
   </div>
   <div class='ocr_carea' id='block_1_97' title="bbox 2173 3676 3762 3747">
    <p class='ocr_par' dir='ltr' id='par_1_97' title="bbox 2173 3676 3762 3747">
     <span class='ocr_line' id='line_1_97' title="bbox 2173 3676 3762 3747; baseline 0.003 -20"><span class='ocrx_word' id='word_1_700' title='bbox 2173 3691 2278 3745; x_wconf 91' lang='lat' dir='ltr'><strong>que</strong></span> <span class='ocrx_word' id='word_1_701' title='bbox 2308 3684 2362 3730; x_wconf 89' lang='lat' dir='ltr'><strong>et</strong></span> <span class='ocrx_word' id='word_1_702' title='bbox 2394 3676 2715 3731; x_wconf 88' lang='lat' dir='ltr'><strong>subvertere</strong></span> <span class='ocrx_word' id='word_1_703' title='bbox 2739 3678 2891 3731; x_wconf 90' lang='lat' dir='ltr'><strong>novit</strong></span> <span class='ocrx_word' id='word_1_704' title='bbox 2920 3676 3084 3731; x_wconf 74' lang='lat' dir='ltr'><strong>fallax</strong></span> <span class='ocrx_word' id='word_1_705' title='bbox 3115 3678 3762 3747; x_wconf 72' lang='lat' dir='ltr'><strong>agendorumjudicium,</strong></span> 
     </span>
    </p>
   </div>
   <div class='ocr_carea' id='block_1_98' title="bbox 2172 3766 3763 3838">
    <p class='ocr_par' dir='ltr' id='par_1_98' title="bbox 2172 3766 3763 3838">
     <span class='ocr_line' id='line_1_98' title="bbox 2172 3766 3763 3838; baseline 0 -17"><span class='ocrx_word' id='word_1_706' title='bbox 2172 3774 2226 3821; x_wconf 90' lang='lat' dir='ltr'><strong>et</strong></span> <span class='ocrx_word' id='word_1_707' title='bbox 2263 3775 2549 3837; x_wconf 87' lang='lat' dir='ltr'><strong>propterea</strong></span> <span class='ocrx_word' id='word_1_708' title='bbox 2585 3782 2765 3838; x_wconf 88' lang='lat' dir='ltr'><strong>neque</strong></span> <span class='ocrx_word' id='word_1_709' title='bbox 2794 3766 2965 3821; x_wconf 91' lang='lat' dir='ltr'><strong>multa</strong></span> <span class='ocrx_word' id='word_1_710' title='bbox 2989 3767 3269 3837; x_wconf 78' lang='lat' dir='ltr'><strong>vigilantia</strong></span> <span class='ocrx_word' id='word_1_711' title='bbox 3301 3784 3477 3838; x_wconf 89' lang='lat' dir='ltr'><strong>neque</strong></span> <span class='ocrx_word' id='word_1_712' title='bbox 3501 3767 3763 3821; x_wconf 85' lang='lat' dir='ltr'><strong>virtutum</strong></span> 
     </span>
    </p>
   </div>
   <div class='ocr_carea' id='block_1_99' title="bbox 2173 3859 3765 3932">
    <p class='ocr_par' dir='ltr' id='par_1_99' title="bbox 2173 3859 3765 3932">
     <span class='ocr_line' id='line_1_99' title="bbox 2173 3859 3765 3932; baseline 0 -16"><span class='ocrx_word' id='word_1_713' title='bbox 2173 3876 2304 3916; x_wconf 84' lang='lat' dir='ltr'><strong>cura</strong></span> <span class='ocrx_word' id='word_1_714' title='bbox 2344 3875 2486 3931; x_wconf 80' lang='lat' dir='ltr'><strong>Opus</strong></span> <span class='ocrx_word' id='word_1_715' title='bbox 2516 3875 2659 3915; x_wconf 87' lang='lat' dir='ltr'><strong>esse.</strong></span> <span class='ocrx_word' id='word_1_716' title='bbox 2700 3859 2824 3916; x_wconf 88' lang='lat' dir='ltr'><strong>Ideo</strong></span> <span class='ocrx_word' id='word_1_717' title='bbox 2852 3861 3019 3929; x_wconf 77' lang='lat' dir='ltr'><strong>igitur</strong></span> <span class='ocrx_word' id='word_1_718' title='bbox 3057 3862 3198 3917; x_wconf 88' lang='lat' dir='ltr'><strong>Deus</strong></span> <span class='ocrx_word' id='word_1_719' title='bbox 3227 3861 3294 3915; x_wconf 89' lang='lat' dir='ltr'><strong>de</strong></span> <span class='ocrx_word' id='word_1_720' title='bbox 3338 3861 3540 3916; x_wconf 90' lang='lat' dir='ltr'><strong>futuris</strong></span> <span class='ocrx_word' id='word_1_721' title='bbox 3571 3862 3765 3932; x_wconf 85' lang='lat' dir='ltr'><strong>loque-</strong></span> 
     </span>
    </p>
   </div>
   <div class='ocr_carea' id='block_1_100' title="bbox 2172 3949 3764 4021">
    <p class='ocr_par' dir='ltr' id='par_1_100' title="bbox 2172 3949 3764 4021">
     <span class='ocr_line' id='line_1_100' title="bbox 2172 3949 3764 4021; baseline 0.003 -18"><span class='ocrx_word' id='word_1_722' title='bbox 2172 3950 2280 4004; x_wconf 89' lang='lat' dir='ltr'><strong>lam</strong></span> <span class='ocrx_word' id='word_1_723' title='bbox 2312 3950 2557 4021; x_wconf 77' lang='lat' dir='ltr'><strong>ignotam</strong></span> <span class='ocrx_word' id='word_1_724' title='bbox 2588 3949 2721 4006; x_wconf 88' lang='lat' dir='ltr'><strong>fecit</strong></span> <span class='ocrx_word' id='word_1_725' title='bbox 2756 3952 3129 4019; x_wconf 85' lang='lat' dir='ltr'><strong>multitudini,</strong></span> <span class='ocrx_word' id='word_1_726' title='bbox 3184 3967 3252 4007; x_wconf 92' lang='lat' dir='ltr'><strong>ne</strong></span> <span class='ocrx_word' id='word_1_727' title='bbox 3312 3952 3549 4008; x_wconf 85' lang='lat' dir='ltr'><strong>inventis</strong></span> <span class='ocrx_word' id='word_1_728' title='bbox 3597 3954 3764 4008; x_wconf 86' lang='lat' dir='ltr'><strong>homo</strong></span> 
     </span>
    </p>
   </div>
   <div class='ocr_carea' id='block_1_101' title="bbox 2172 4042 3768 4115">
    <p class='ocr_par' dir='ltr' id='par_1_101' title="bbox 2172 4042 3768 4115">
     <span class='ocr_line' id='line_1_101' title="bbox 2172 4042 3768 4115; baseline 0.003 -20"><span class='ocrx_word' id='word_1_729' title='bbox 2172 4058 2294 4107; x_wconf 66' lang='lat' dir='ltr'><strong>quzc</strong></span> <span class='ocrx_word' id='word_1_730' title='bbox 2326 4043 2381 4095; x_wconf 92' lang='lat' dir='ltr'><strong>in</strong></span> <span class='ocrx_word' id='word_1_731' title='bbox 2413 4042 2814 4111; x_wconf 88' lang='lat' dir='ltr'><strong>posterioribus</strong></span> <span class='ocrx_word' id='word_1_732' title='bbox 2839 4044 3017 4114; x_wconf 90' lang='lat' dir='ltr'><strong>ipsum</strong></span> <span class='ocrx_word' id='word_1_733' title='bbox 3039 4044 3379 4114; x_wconf 85' lang='lat' dir='ltr'><strong>temporibus</strong></span> <span class='ocrx_word' id='word_1_734' title='bbox 3399 4048 3768 4115; x_wconf 78' lang='lat' dir='ltr'><strong>comprehen-</strong></span> 
     </span>
    </p>
   </div>
   <div class='ocr_carea' id='block_1_102' title="bbox 2173 4133 3767 4209">
    <p class='ocr_par' dir='ltr' id='par_1_102' title="bbox 2173 4133 3767 4209">
     <span class='ocr_line' id='line_1_102' title="bbox 2173 4133 3767 4209; baseline 0.004 -21"><span class='ocrx_word' id='word_1_735' title='bbox 2173 4148 2302 4188; x_wconf 84' lang='lat' dir='ltr'><strong>sura</strong></span> <span class='ocrx_word' id='word_1_736' title='bbox 2336 4141 2464 4187; x_wconf 91' lang='lat' dir='ltr'><strong>sunt</strong></span> <span class='ocrx_word' id='word_1_737' title='bbox 2492 4133 2760 4201; x_wconf 85' lang='lat' dir='ltr'><strong>molestis,</strong></span> <span class='ocrx_word' id='word_1_738' title='bbox 2802 4134 2855 4189; x_wconf 92' lang='lat' dir='ltr'><strong>in</strong></span> <span class='ocrx_word' id='word_1_739' title='bbox 2895 4135 3295 4192; x_wconf 82' lang='lat' dir='ltr'><strong>dillicilioribus</strong></span> <span class='ocrx_word' id='word_1_740' title='bbox 3335 4139 3683 4209; x_wconf 65' lang='lat' dir='ltr'><strong>negligentiae</strong></span> <span class='ocrx_word' id='word_1_741' title='bbox 3710 4150 3767 4195; x_wconf 88' lang='lat' dir='ltr'><strong>et</strong></span> 
     </span>
    </p>
   </div>
   <div class='ocr_carea' id='block_1_103' title="bbox 2173 4222 3765 4295">
    <p class='ocr_par' dir='ltr' id='par_1_103' title="bbox 2173 4222 3765 4295">
     <span class='ocr_line' id='line_1_103' title="bbox 2173 4222 3765 4295; baseline 0.005 -18"><span class='ocrx_word' id='word_1_742' title='bbox 2173 4222 2541 4293; x_wconf 85' lang='lat' dir='ltr'><strong>desperationi</strong></span> <span class='ocrx_word' id='word_1_743' title='bbox 2575 4224 2800 4280; x_wconf 82' lang='lat' dir='ltr'><strong>tradens</strong></span> <span class='ocrx_word' id='word_1_744' title='bbox 2828 4225 3218 4295; x_wconf 89' lang='lat' dir='ltr'><strong>seipsum,non</strong></span> <span class='ocrx_word' id='word_1_745' title='bbox 3242 4228 3308 4281; x_wconf 89' lang='lat' dir='ltr'><strong>ad</strong></span> <span class='ocrx_word' id='word_1_746' title='bbox 3332 4230 3584 4283; x_wconf 87' lang='lat' dir='ltr'><strong>virtutem</strong></span> <span class='ocrx_word' id='word_1_747' title='bbox 3622 4246 3765 4286; x_wconf 81' lang='lat' dir='ltr'><strong>con-</strong></span> 
     </span>
    </p>
   </div>
   <div class='ocr_carea' id='block_1_104' title="bbox 2171 4314 3764 4380">
    <p class='ocr_par' dir='ltr' id='par_1_104' title="bbox 2171 4314 3764 4380">
     <span class='ocr_line' id='line_1_104' title="bbox 2171 4314 3764 4380; baseline 0.007 -13"><span class='ocrx_word' id='word_1_748' title='bbox 2171 4322 2513 4380; x_wconf 86' lang='lat' dir='ltr'><strong>verteretur;</strong></span> <span class='ocrx_word' id='word_1_749' title='bbox 2570 4314 2624 4367; x_wconf 92' lang='lat' dir='ltr'><strong>in</strong></span> <span class='ocrx_word' id='word_1_750' title='bbox 2678 4314 3033 4370; x_wconf 86' lang='lat' dir='ltr'><strong>mediocriter</strong></span> <span class='ocrx_word' id='word_1_751' title='bbox 3080 4327 3262 4371; x_wconf 91' lang='lat' dir='ltr'><strong>autem</strong></span> <span class='ocrx_word' id='word_1_752' title='bbox 3313 4332 3373 4373; x_wconf 88' lang='lat' dir='ltr'><strong>se</strong></span> <span class='ocrx_word' id='word_1_753' title='bbox 3430 4318 3764 4378; x_wconf 84' lang='lat' dir='ltr'><strong>habentibus</strong></span> 
     </span>
    </p>
   </div>
   <div class='ocr_carea' id='block_1_105' title="bbox 2171 4406 3763 4479">
    <p class='ocr_par' dir='ltr' id='par_1_105' title="bbox 2171 4406 3763 4479">
     <span class='ocr_line' id='line_1_105' title="bbox 2171 4406 3763 4479; baseline 0.004 -17"><span class='ocrx_word' id='word_1_754' title='bbox 2171 4406 2586 4477; x_wconf 86' lang='lat' dir='ltr'><strong>despicientiam</strong></span> <span class='ocrx_word' id='word_1_755' title='bbox 2620 4408 2938 4463; x_wconf 88' lang='lat' dir='ltr'><strong>morborum</strong></span> <span class='ocrx_word' id='word_1_756' title='bbox 2964 4417 3023 4463; x_wconf 92' lang='lat' dir='ltr'><strong>ut</strong></span> <span class='ocrx_word' id='word_1_757' title='bbox 3047 4411 3443 4479; x_wconf 82' lang='lat' dir='ltr'><strong>permissurum</strong></span> <span class='ocrx_word' id='word_1_758' title='bbox 3477 4412 3763 4470; x_wconf 83' lang='lat' dir='ltr'><strong>fruitiouis</strong></span> 
     </span>
    </p>
   </div>
   <div class='ocr_carea' id='block_1_106' title="bbox 2170 4499 3762 4574">
    <p class='ocr_par' dir='ltr' id='par_1_106' title="bbox 2170 4499 3762 4574">
     <span class='ocr_line' id='line_1_106' title="bbox 2170 4499 3762 4574; baseline 0.003 -19"><span class='ocrx_word' id='word_1_759' title='bbox 2170 4510 2223 4556; x_wconf 89' lang='lat' dir='ltr'><strong>et</strong></span> <span class='ocrx_word' id='word_1_760' title='bbox 2255 4499 2606 4565; x_wconf 90' lang='lat' dir='ltr'><strong>deliciarum,</strong></span> <span class='ocrx_word' id='word_1_761' title='bbox 2641 4500 2850 4554; x_wconf 91' lang='lat' dir='ltr'><strong>nullum</strong></span> <span class='ocrx_word' id='word_1_762' title='bbox 2883 4515 3116 4571; x_wconf 89' lang='lat' dir='ltr'><strong>sperans</strong></span> <span class='ocrx_word' id='word_1_763' title='bbox 3150 4502 3485 4558; x_wconf 86' lang='lat' dir='ltr'><strong>obstiturum</strong></span> <span class='ocrx_word' id='word_1_764' title='bbox 3528 4504 3762 4574; x_wconf 89' lang='lat' dir='ltr'><strong>impedi-</strong></span> 
     </span>
    </p>
   </div>
   <div class='ocr_carea' id='block_1_107' title="bbox 2173 4591 3762 4666">
    <p class='ocr_par' dir='ltr' id='par_1_107' title="bbox 2173 4591 3762 4666">
     <span class='ocr_line' id='line_1_107' title="bbox 2173 4591 3762 4666; baseline 0.004 -19"><span class='ocrx_word' id='word_1_765' title='bbox 2173 4600 2419 4648; x_wconf 87' lang='lat' dir='ltr'><strong>mentum</strong></span> <span class='ocrx_word' id='word_1_766' title='bbox 2444 4603 2498 4647; x_wconf 89' lang='lat' dir='ltr'><strong>et</strong></span> <span class='ocrx_word' id='word_1_767' title='bbox 2529 4591 2596 4647; x_wconf 89' lang='lat' dir='ltr'><strong>ad</strong></span> <span class='ocrx_word' id='word_1_768' title='bbox 2627 4592 2856 4649; x_wconf 89' lang='lat' dir='ltr'><strong>virtutes</strong></span> <span class='ocrx_word' id='word_1_769' title='bbox 2879 4593 3121 4648; x_wconf 90' lang='lat' dir='ltr'><strong>studium</strong></span> <span class='ocrx_word' id='word_1_770' title='bbox 3147 4607 3564 4666; x_wconf 89' lang='lat' dir='ltr'><strong>superponeret.</strong></span> <span class='ocrx_word' id='word_1_771' title='bbox 3588 4598 3762 4653; x_wconf 82' lang='lat' dir='ltr'><strong>Aliter</strong></span> 
     </span>
    </p>
   </div>
   <div class='ocr_carea' id='block_1_108' title="bbox 2172 4682 3763 4754">
    <p class='ocr_par' dir='ltr' id='par_1_108' title="bbox 2172 4682 3763 4754">
     <span class='ocr_line' id='line_1_108' title="bbox 2172 4682 3763 4754; baseline 0.004 -19"><span class='ocrx_word' id='word_1_772' title='bbox 2172 4699 2306 4739; x_wconf 86' lang='lat' dir='ltr'><strong>vero</strong></span> <span class='ocrx_word' id='word_1_773' title='bbox 2335 4691 2392 4739; x_wconf 92' lang='lat' dir='ltr'><strong>et</strong></span> <span class='ocrx_word' id='word_1_774' title='bbox 2419 4683 2512 4753; x_wconf 91' lang='lat' dir='ltr'><strong>qui</strong></span> <span class='ocrx_word' id='word_1_775' title='bbox 2541 4682 2813 4752; x_wconf 85' lang='lat' dir='ltr'><strong>judicium</strong></span> <span class='ocrx_word' id='word_1_776' title='bbox 2849 4699 3047 4754; x_wconf 90' lang='lat' dir='ltr'><strong>purum</strong></span> <span class='ocrx_word' id='word_1_777' title='bbox 3078 4686 3331 4754; x_wconf 78' lang='lat' dir='ltr'><strong>passione</strong></span> <span class='ocrx_word' id='word_1_778' title='bbox 3355 4685 3463 4741; x_wconf 87' lang='lat' dir='ltr'><strong>fert</strong></span> <span class='ocrx_word' id='word_1_779' title='bbox 3490 4696 3545 4741; x_wconf 90' lang='lat' dir='ltr'><strong>et</strong></span> <span class='ocrx_word' id='word_1_780' title='bbox 3575 4689 3763 4743; x_wconf 84' lang='lat' dir='ltr'><strong>incor-</strong></span> 
     </span>
    </p>
   </div>
   <div class='ocr_carea' id='block_1_109' title="bbox 2171 4776 3762 4846">
    <p class='ocr_par' dir='ltr' id='par_1_109' title="bbox 2171 4776 3762 4846">
     <span class='ocr_line' id='line_1_109' title="bbox 2171 4776 3762 4846; baseline 0.005 -17"><span class='ocrx_word' id='word_1_781' title='bbox 2171 4784 2394 4846; x_wconf 91' lang='lat' dir='ltr'><strong>ruptum</strong></span> <span class='ocrx_word' id='word_1_782' title='bbox 2432 4777 2730 4831; x_wconf 89' lang='lat' dir='ltr'><strong>sanitatem</strong></span> <span class='ocrx_word' id='word_1_783' title='bbox 2780 4776 2929 4831; x_wconf 89' lang='lat' dir='ltr'><strong>videt</strong></span> <span class='ocrx_word' id='word_1_784' title='bbox 2986 4786 3044 4832; x_wconf 92' lang='lat' dir='ltr'><strong>et</strong></span> <span class='ocrx_word' id='word_1_785' title='bbox 3088 4778 3344 4833; x_wconf 88' lang='lat' dir='ltr'><strong>morbum</strong></span> <span class='ocrx_word' id='word_1_786' title='bbox 3408 4780 3762 4837; x_wconf 87' lang='lat' dir='ltr'><strong>concorditer</strong></span> 
     </span>
    </p>
   </div>
   <div class='ocr_carea' id='block_1_110' title="bbox 2169 4870 3757 4942">
    <p class='ocr_par' dir='ltr' id='par_1_110' title="bbox 2169 4870 3757 4942">
     <span class='ocr_line' id='line_1_110' title="bbox 2169 4870 3757 4942; baseline 0.002 -14"><span class='ocrx_word' id='word_1_787' title='bbox 2169 4887 2231 4928; x_wconf 86' lang='lat' dir='ltr'><strong>se</strong></span> <span class='ocrx_word' id='word_1_788' title='bbox 2260 4872 2515 4927; x_wconf 84' lang='lat' dir='ltr'><strong>habentia</strong></span> <span class='ocrx_word' id='word_1_789' title='bbox 2539 4871 2718 4942; x_wconf 82' lang='lat' dir='ltr'><strong>quoad</strong></span> <span class='ocrx_word' id='word_1_790' title='bbox 2752 4870 3037 4925; x_wconf 89' lang='lat' dir='ltr'><strong>hominum</strong></span> <span class='ocrx_word' id='word_1_791' title='bbox 3064 4871 3324 4926; x_wconf 85' lang='lat' dir='ltr'><strong>damnum</strong></span> <span class='ocrx_word' id='word_1_792' title='bbox 3359 4882 3414 4927; x_wconf 86' lang='lat' dir='ltr'><strong>et</strong></span> <span class='ocrx_word' id='word_1_793' title='bbox 3445 4875 3757 4931; x_wconf 87' lang='lat' dir='ltr'><strong>utilitatem.</strong></span> 
     </span>
    </p>
   </div>
   <div class='ocr_carea' id='block_1_111' title="bbox 2171 4962 3760 5033">
    <p class='ocr_par' dir='ltr' id='par_1_111' title="bbox 2171 4962 3760 5033">
     <span class='ocr_line' id='line_1_111' title="bbox 2171 4962 3760 5033; baseline 0.003 -14"><span class='ocrx_word' id='word_1_794' title='bbox 2171 4962 2279 5019; x_wconf 81' lang='lat' dir='ltr'><strong>Sed</strong></span> <span class='ocrx_word' id='word_1_795' title='bbox 2313 4971 2370 5018; x_wconf 90' lang='lat' dir='ltr'><strong>et</strong></span> <span class='ocrx_word' id='word_1_796' title='bbox 2393 4963 2616 5017; x_wconf 86' lang='lat' dir='ltr'><strong>divitias</strong></span> <span class='ocrx_word' id='word_1_797' title='bbox 2658 4970 2712 5017; x_wconf 87' lang='lat' dir='ltr'><strong>et</strong></span> <span class='ocrx_word' id='word_1_798' title='bbox 2748 4972 3124 5033; x_wconf 87' lang='lat' dir='ltr'><strong>paupertatem</strong></span> <span class='ocrx_word' id='word_1_799' title='bbox 3178 4965 3456 5032; x_wconf 74' lang='lat' dir='ltr'><strong>similiter,</strong></span> <span class='ocrx_word' id='word_1_800' title='bbox 3504 4976 3560 5021; x_wconf 92' lang='lat' dir='ltr'><strong>et</strong></span> <span class='ocrx_word' id='word_1_801' title='bbox 3588 4968 3760 5024; x_wconf 89' lang='lat' dir='ltr'><strong>robur</strong></span> 
     </span>
    </p>
   </div>
   <div class='ocr_carea' id='block_1_112' title="bbox 2168 5053 3759 5126">
    <p class='ocr_par' dir='ltr' id='par_1_112' title="bbox 2168 5053 3759 5126">
     <span class='ocr_line' id='line_1_112' title="bbox 2168 5053 3759 5126; baseline 0.003 -16"><span class='ocrx_word' id='word_1_802' title='bbox 2168 5053 2422 5126; x_wconf 87' lang='lat' dir='ltr'><strong>corporis</strong></span> <span class='ocrx_word' id='word_1_803' title='bbox 2451 5062 2508 5109; x_wconf 92' lang='lat' dir='ltr'><strong>et</strong></span> <span class='ocrx_word' id='word_1_804' title='bbox 2542 5053 2941 5118; x_wconf 74' lang='lat' dir='ltr'><strong>infirmitatem,</strong></span> <span class='ocrx_word' id='word_1_805' title='bbox 2975 5056 3206 5125; x_wconf 81' lang='lat' dir='ltr'><strong>gloriam</strong></span> <span class='ocrx_word' id='word_1_806' title='bbox 3259 5072 3382 5126; x_wconf 48' lang='lat' dir='ltr'><strong>qua’</strong></span> <span class='ocrx_word' id='word_1_807' title='bbox 3413 5073 3478 5112; x_wconf 82' lang='lat' dir='ltr'><strong>ex</strong></span> <span class='ocrx_word' id='word_1_808' title='bbox 3517 5059 3759 5115; x_wconf 88' lang='lat' dir='ltr'><strong>homini-</strong></span> 
     </span>
    </p>
   </div>
   <div class='ocr_carea' id='block_1_113' title="bbox 2166 5149 3756 5222">
    <p class='ocr_par' dir='ltr' id='par_1_113' title="bbox 2166 5149 3756 5222">
     <span class='ocr_line' id='line_1_113' title="bbox 2166 5149 3756 5222; baseline 0.004 -15"><span class='ocrx_word' id='word_1_809' title='bbox 2166 5151 2272 5208; x_wconf 86' lang='lat' dir='ltr'><strong>bus</strong></span> <span class='ocrx_word' id='word_1_810' title='bbox 2295 5160 2348 5206; x_wconf 91' lang='lat' dir='ltr'><strong>et</strong></span> <span class='ocrx_word' id='word_1_811' title='bbox 2381 5149 2664 5206; x_wconf 87' lang='lat' dir='ltr'><strong>infamiam</strong></span> <span class='ocrx_word' id='word_1_812' title='bbox 2693 5162 2746 5205; x_wconf 87' lang='lat' dir='ltr'><strong>et</strong></span> <span class='ocrx_word' id='word_1_813' title='bbox 2768 5167 2891 5222; x_wconf 79' lang='lat' dir='ltr'><strong>quae</strong></span> <span class='ocrx_word' id='word_1_814' title='bbox 2912 5152 2996 5206; x_wconf 86' lang='lat' dir='ltr'><strong>bis</strong></span> <span class='ocrx_word' id='word_1_815' title='bbox 3013 5157 3279 5221; x_wconf 78' lang='lat' dir='ltr'><strong>proxima.</strong></span> <span class='ocrx_word' id='word_1_816' title='bbox 3310 5154 3521 5210; x_wconf 86' lang='lat' dir='ltr'><strong>Etenim</strong></span> <span class='ocrx_word' id='word_1_817' title='bbox 3545 5156 3756 5213; x_wconf 87' lang='lat' dir='ltr'><strong>utrius-</strong></span> 
     </span>
    </p>
   </div>
   <div class='ocr_carea' id='block_1_114' title="bbox 2166 5245 3758 5317">
    <p class='ocr_par' dir='ltr' id='par_1_114' title="bbox 2166 5245 3758 5317">
     <span class='ocr_line' id='line_1_114' title="bbox 2166 5245 3758 5317; baseline 0.004 -18"><span class='ocrx_word' id='word_1_818' title='bbox 2166 5262 2275 5316; x_wconf 92' lang='lat' dir='ltr'><strong>que</strong></span> <span class='ocrx_word' id='word_1_819' title='bbox 2311 5245 2486 5316; x_wconf 88' lang='lat' dir='ltr'><strong>partis</strong></span> <span class='ocrx_word' id='word_1_820' title='bbox 2524 5245 2956 5315; x_wconf 89' lang='lat' dir='ltr'><strong>unumquodque</strong></span> <span class='ocrx_word' id='word_1_821' title='bbox 2986 5246 3364 5317; x_wconf 83' lang='lat' dir='ltr'><strong>philosophari</strong></span> <span class='ocrx_word' id='word_1_822' title='bbox 3401 5248 3629 5315; x_wconf 88' lang='lat' dir='ltr'><strong>scienti,</strong></span> <span class='ocrx_word' id='word_1_823' title='bbox 3666 5265 3758 5305; x_wconf 83' lang='lat' dir='ltr'><strong>sa-</strong></span> 
     </span>
    </p>
   </div>
   <div class='ocr_carea' id='block_1_115' title="bbox 2167 5336 3757 5409">
    <p class='ocr_par' dir='ltr' id='par_1_115' title="bbox 2167 5336 3757 5409">
     <span class='ocr_line' id='line_1_115' title="bbox 2167 5336 3757 5409; baseline 0.005 -16"><span class='ocrx_word' id='word_1_824' title='bbox 2167 5338 2298 5393; x_wconf 87' lang='lat' dir='ltr'><strong>lutis</strong></span> <span class='ocrx_word' id='word_1_825' title='bbox 2330 5338 2560 5392; x_wconf 87' lang='lat' dir='ltr'><strong>materia</strong></span> <span class='ocrx_word' id='word_1_826' title='bbox 2606 5336 2685 5392; x_wconf 88' lang='lat' dir='ltr'><strong>tit.</strong></span> <span class='ocrx_word' id='word_1_827' title='bbox 2720 5336 2780 5392; x_wconf 91' lang='lat' dir='ltr'><strong>Ei</strong></span> <span class='ocrx_word' id='word_1_828' title='bbox 2827 5352 2958 5392; x_wconf 88' lang='lat' dir='ltr'><strong>vero</strong></span> <span class='ocrx_word' id='word_1_829' title='bbox 2986 5337 3079 5407; x_wconf 93' lang='lat' dir='ltr'><strong>qui</strong></span> <span class='ocrx_word' id='word_1_830' title='bbox 3127 5337 3195 5391; x_wconf 87' lang='lat' dir='ltr'><strong>ad</strong></span> <span class='ocrx_word' id='word_1_831' title='bbox 3248 5339 3364 5394; x_wconf 89' lang='lat' dir='ltr'><strong>sola</strong></span> <span class='ocrx_word' id='word_1_832' title='bbox 3418 5340 3661 5409; x_wconf 90' lang='lat' dir='ltr'><strong>jucunda</strong></span> <span class='ocrx_word' id='word_1_833' title='bbox 3700 5354 3757 5401; x_wconf 88' lang='lat' dir='ltr'><strong>et</strong></span> 
     </span>
    </p>
   </div>
   <div class='ocr_carea' id='block_1_116' title="bbox 2166 5430 3755 5509">
    <p class='ocr_par' dir='ltr' id='par_1_116' title="bbox 2166 5430 3755 5509">
     <span class='ocr_line' id='line_1_116' title="bbox 2166 5430 3755 5509; baseline 0.003 -20"><span class='ocrx_word' id='word_1_834' title='bbox 2166 5432 2503 5489; x_wconf 88' lang='lat' dir='ltr'><strong>blandientia</strong></span> <span class='ocrx_word' id='word_1_835' title='bbox 2528 5431 2661 5497; x_wconf 90' lang='lat' dir='ltr'><strong>biat,</strong></span> <span class='ocrx_word' id='word_1_836' title='bbox 2694 5439 2749 5485; x_wconf 86' lang='lat' dir='ltr'><strong>et</strong></span> <span class='ocrx_word' id='word_1_837' title='bbox 2770 5430 3017 5501; x_wconf 88' lang='lat' dir='ltr'><strong>jucunda</strong></span> <span class='ocrx_word' id='word_1_838' title='bbox 3048 5432 3238 5487; x_wconf 82' lang='lat' dir='ltr'><strong>damni</strong></span> <span class='ocrx_word' id='word_1_839' title='bbox 3269 5433 3409 5487; x_wconf 81' lang='lat' dir='ltr'><strong>ﬁunt</strong></span> <span class='ocrx_word' id='word_1_840' title='bbox 3432 5446 3755 5509; x_wconf 72' lang='lat' dir='ltr'><strong>prauextus,</strong></span> 
     </span>
    </p>
   </div>
   <div class='ocr_carea' id='block_1_117' title="bbox 2165 5522 3753 5600">
    <p class='ocr_par' dir='ltr' id='par_1_117' title="bbox 2165 5522 3753 5600">
     <span class='ocr_line' id='line_1_117' title="bbox 2165 5522 3753 5600; baseline 0.003 -19"><span class='ocrx_word' id='word_1_841' title='bbox 2165 5536 2221 5581; x_wconf 92' lang='lat' dir='ltr'><strong>et</strong></span> <span class='ocrx_word' id='word_1_842' title='bbox 2290 5524 2469 5581; x_wconf 90' lang='lat' dir='ltr'><strong>tristia</strong></span> <span class='ocrx_word' id='word_1_843' title='bbox 2526 5525 2595 5579; x_wconf 91' lang='lat' dir='ltr'><strong>ad</strong></span> <span class='ocrx_word' id='word_1_844' title='bbox 2629 5523 2768 5579; x_wconf 90' lang='lat' dir='ltr'><strong>idem</strong></span> <span class='ocrx_word' id='word_1_845' title='bbox 2801 5522 3050 5578; x_wconf 82' lang='lat' dir='ltr'><strong>deﬂuunt</strong></span> <span class='ocrx_word' id='word_1_846' title='bbox 3099 5535 3154 5580; x_wconf 89' lang='lat' dir='ltr'><strong>et</strong></span> <span class='ocrx_word' id='word_1_847' title='bbox 3204 5526 3496 5584; x_wconf 83' lang='lat' dir='ltr'><strong>trahuntur</strong></span> <span class='ocrx_word' id='word_1_848' title='bbox 3522 5532 3753 5600; x_wconf 89' lang='lat' dir='ltr'><strong>malum,</strong></span> 
     </span>
    </p>
   </div>
   <div class='ocr_carea' id='block_1_118' title="bbox 2167 5617 3753 5695">
    <p class='ocr_par' dir='ltr' id='par_1_118' title="bbox 2167 5617 3753 5695">
     <span class='ocr_line' id='line_1_118' title="bbox 2167 5617 3753 5695; baseline 0.004 -19"><span class='ocrx_word' id='word_1_849' title='bbox 2167 5636 2276 5676; x_wconf 92' lang='lat' dir='ltr'><strong>non</strong></span> <span class='ocrx_word' id='word_1_850' title='bbox 2320 5627 2602 5690; x_wconf 68' lang='lat' dir='ltr'><strong>gratanter</strong></span> <span class='ocrx_word' id='word_1_851' title='bbox 2631 5619 2750 5674; x_wconf 65' lang='lat' dir='ltr'><strong>haec</strong></span> <span class='ocrx_word' id='word_1_852' title='bbox 2786 5617 2997 5674; x_wconf 82' lang='lat' dir='ltr'><strong>ferente</strong></span> <span class='ocrx_word' id='word_1_853' title='bbox 3025 5620 3120 5691; x_wconf 90' lang='lat' dir='ltr'><strong>qui</strong></span> <span class='ocrx_word' id='word_1_854' title='bbox 3154 5636 3254 5691; x_wconf 90' lang='lat' dir='ltr'><strong>per</strong></span> <span class='ocrx_word' id='word_1_855' title='bbox 3300 5620 3431 5677; x_wconf 90' lang='lat' dir='ltr'><strong>talia</strong></span> <span class='ocrx_word' id='word_1_856' title='bbox 3470 5625 3753 5695; x_wconf 76' lang='lat' dir='ltr'><strong>puriﬁcari</strong></span> 
     </span>
    </p>
   </div>
   <div class='ocr_carea' id='block_1_119' title="bbox 2166 5711 3757 5788">
    <p class='ocr_par' dir='ltr' id='par_1_119' title="bbox 2166 5711 3757 5788">
     <span class='ocr_line' id='line_1_119' title="bbox 2166 5711 3757 5788; baseline 0.001 -17"><span class='ocrx_word' id='word_1_857' title='bbox 2166 5714 2391 5784; x_wconf 72' lang='lat' dir='ltr'><strong>indiget,</strong></span> <span class='ocrx_word' id='word_1_858' title='bbox 2428 5712 2526 5770; x_wconf 85' lang='lat' dir='ltr'><strong>sed</strong></span> <span class='ocrx_word' id='word_1_859' title='bbox 2553 5712 2608 5769; x_wconf 89' lang='lat' dir='ltr'><strong>in</strong></span> <span class='ocrx_word' id='word_1_860' title='bbox 2640 5711 3081 5785; x_wconf 87' lang='lat' dir='ltr'><strong>desperationem</strong></span> <span class='ocrx_word' id='word_1_861' title='bbox 3112 5712 3289 5786; x_wconf 75' lang='lat' dir='ltr'><strong>magis</strong></span> <span class='ocrx_word' id='word_1_862' title='bbox 3329 5722 3385 5771; x_wconf 91' lang='lat' dir='ltr'><strong>et</strong></span> <span class='ocrx_word' id='word_1_863' title='bbox 3418 5714 3757 5788; x_wconf 75' lang='lat' dir='ltr'><strong>indignatio-</strong></span> 
     </span>
    </p>
   </div>
  </div>
