4144 6476
488 387 599 451 439
1647 389 1911 449 PIlOTlI
1952 390 2065 449 ΡΧ

2169 388 2458 448 lAIiClL’E
2500 389 2608 448 (ΣΡ.
3664 384 3773 449 440

496 516 618 554 nem
660 515 728 553 ex
760 497 960 568 quibus
994 495 1280 567 oportebat
1312 495 1637 567 prudentem
1682 496 1799 550 ﬁeri
1842 511 2065 549 conver-

2182 494 2425 562 γίνεται·
2493 494 2570 562 τῷ
2623 492 2679 545 δὲ
2729 490 2866 562 πρὸς
2939 490 3076 560 μόνα
3139 490 3210 543 τά
3274 490 3402 562 ἡδέα
3473 493 3573 546 καὶ
3634 509 3771 565 γαρ-

496 602 662 647 teute.
2188 585 2480 655 γαλίζοντα
2505 583 2778 655 κεχηνότι,
2812 583 2905 635 καὶ
2941 582 3009 635 τά
3038 582 3301 653 ὴδύνοντα
3351 584 3560 654 βλάϐης
3592 591 3773 653 γίνον-

488 698 579 735 ται
602 682 894 753 πρόφασις,
919 679 1013 732 καὶ
1040 680 1107 731 τὰ
1136 677 1410 731 λυποῦντα
1441 677 1577 745 πρὸς
1607 676 1706 748 τὴν
1754 677 1923 745 αὐτὴν
1955 678 2225 748 καταρρεῖ
2254 676 2349 728 καὶ
2373 673 2703 742 ὑποσύρεται
2727 674 2948 733 κακίαν,
2973 675 3075 727 οὐκ
3092 674 3425 745 εὐχαρίστως
3451 676 3633 729 ταῦτα
3673 678 3773 746 φέ-

492 789 679 841 ροντος
710 770 801 823 τοῦ
835 769 923 822 διὰ
973 768 1080 821 τῶν
1128 766 1389 820 τοιούτων
1431 766 1788 838 καθαίρεσθαι
1835 767 2115 837 δεομένου,
2148 766 2263 820 ἀλλ’
2317 766 2396 827 είς
2428 764 2688 818 ἀπόνοιαν
2714 764 2916 835 μᾶλλον
2946 765 3043 818 καῖ¹
3066 766 3441 838 ἀγανάκτησιν
3470 768 3535 833 ὲξ
3564 762 3644 823 ὧν
3667 769 3775 821 ἔδει

490 861 936 933 σωφρονίζεσθαι,
965 858 1456 929 περιτρεπομένου.

828 975 1161 1042 QUASSTIO
1194 974 1327 1029 Lxx
1388 973 1485 1045 [ιιι.
1520 971 1731 1044 LXIX].

493 1071 769 1137 Quasnam
813 1078 1014 1137 oportet
1046 1068 1333 1137 intelligere
1361 1066 1606 1134 pelliceas
1647 1073 1854 1137 tumens
1876 1103 1890 1126 ,
1938 1080 2072 1133 quas

561 1142 799 1193 Adamus
840 1136 889 1193 et
922 1139 1033 1191 Eva
1059 1150 1171 1205 post
1208 1136 1676 1204 transgressionem
1713 1136 2019 1188 induerunt.

2735 971 3028 1024 ΕΡΩΤΗΣΙ
3036 972 3074 1023 Σ
3112 974 3187 1027 0’.

2183 1062 2362 1140 Τίνας
2383 1062 2653 1140 ποεῖν
2676 1064 3069 1140 δερματίνους
3086 1062 3361 1140 χρεῶν-ας,
3377 1068 3497 1140 οὓς
3513 1071 3548 1122 ό
3586 1070 3776 1140 Ἀδὰμ

2252 1134 2350 1186 καὶ
2387 1136 2422 1201 ἡ
2454 1135 2579 1189 Εὔα
2622 1136 2773 1204 μετὰ
2821 1136 2937 1202 τὴν
2979 1135 3321 1203 παράϐασιν
3369 1134 3771 1213 mmmam}.

1516 1248 1659 1298 Edita
1682 1262 1710 1296 a
1728 1248 1870 1307 Maio,
1896 1250 1927 1299 l.
1955 1261 2022 1307 0.,
2049 1262 2095 1311 p.
2122 1247 2286 1296 85-87.
2330 1246 2385 1295 In
2407 1247 2530 1297 Gen.
2558 1261 2628 1308 tu,
2651 1248 2730 1297 2|.

565 1383 690 1437 Scio
713 1382 929 1453 quidem
952 1381 1217 1451 quosdam
1240 1381 1497 1450 pelliceas
1521 1382 1732 1436 tunicas
1750 1398 1886 1451 quas
1905 1382 2074 1434 Adam

492 1485 546 1529 et
598 1474 709 1528 Eva
770 1483 894 1543 post
932 1474 1429 1542 transgressionem
1479 1473 1793 1539 induerunt,
1830 1488 2074 1542 promtu-

494 1566 695 1617 tiantes
728 1575 928 1630 corpus
978 1576 1043 1614 ex
1090 1575 1200 1628 quo
1256 1560 1521 1613 rationale
1558 1560 1761 1613 animal
1792 1569 1845 1613 et
1878 1558 2075 1612 animae

495 1671 523 1705 a
555 1652 825 1722 principio
850 1653 1007 1705 lictor
1028 1652 1336 1705 subsistuit.
1374 1651 1480 1705 Sed
1513 1651 1601 1705 isti
1636 1649 2074 1720 praeoccupuntis

495 1745 648 1811 ipsos
678 1743 1076 1814 suppositionis
1105 1744 1442 1798 consecraria
1494 1744 1676 1797 dicere
1715 1758 1838 1797 cum
1881 1742 2069 1795 stude-

2256 1372 2386 1431 Οἶδα
2427 1379 2524 1448 μέν
2553 1396 2704 1441 τινας
2734 1378 3090 1451 δερματίνους
3132 1380 3368 1448 χιτῶνας
3399 1380 3494 1446 οὓς
3538 1382 3569 1435 ὁ
3595 1384 3775 1456 ’Λδάμ

2182 1469 2276 1521 καὶ
2308 1470 2341 1539 ἡ
2381 1468 2492 1520 Εὕα
2522 1468 2658 1537 μετά
2681 1468 2780 1536 τὴν
2811 1467 3122 1538 παράὸασιν
3157 1468 3474 1524 ὲνεδύσαντο
3498 1512 3514 1538 ,
3548 1473 3773 1545 ἀποφη-

2175 1558 2440 1627 ναμένους
2484 1557 2544 1609 τὸ
2597 1556 2756 1627 σῶμα
2802 1556 2863 1620 ἐξ
2916 1552 2979 1611 οὗ
3026 1556 3088 1611 τὸ
3118 1557 3338 1625 λογικὸν
3370 1558 3511 1623 ζῶον
3543 1562 3644 1614 καὶ
3670 1564 3773 1632 τῆς

2173 1649 2351 1717 ψυχῆς
2384 1649 2477 1700 ἀπ’
2507 1647 2686 1719 ἀρχῆς
2720 1649 2748 1699 ό
2784 1648 3038 1718 Πλάστης
3082 1649 3174 1701 τὸν
3204 1650 3493 1720 ἄνθρωπον
3519 1652 3770 1724 ὑπεστή-

2178 1756 2327 1793 σατο.
2375 1739 2513 1791 Ἀλλ’
2544 1734 2690 1793 οὗτοι
2731 1739 2829 1807 τῆς
2865 1740 3385 1811 προκαταλαδούσης
3401 1743 3605 1806 αὐτοὺς
3638 1746 3774 1797 ὑπο-

490 1848 653 1903 rent,
714 1835 1130 1905 inconsequenti
1181 1852 1344 1891 sensu
1395 1844 1449 1889 et
1502 1835 1731 1889 scientia
1784 1835 2065 1887 destruunt

2174 1832 2388 1901 λήψεως
2434 1832 2708 1886 ἀκόλουθα
2759 1832 2939 1900 λέγειν
2981 1832 3506 1905 φιλονεικήσαντες,
3566 1837 3773 1890 ἀνακο-

492 1926 803 1980 veritatem.
850 1926 1067 1979 Etenim
1116 1926 1403 1994 paradisus
1456 1925 1590 1995 ipsis
1637 1925 1805 1979 verbo
1852 1925 2071 1994 quidem

493 2018 739 2087 tingitur,
776 2032 833 2070 re
857 2032 986 2070 vero
1012 2017 1240 2071 tollitur.
1276 2016 1379 2070 Sed
1404 2016 1642 2086 paradisi
1664 2018 1879 2087 plantas
1907 2026 1959 2070 et
1996 2017 2074 2071 ei-

488 2110 587 2164 bos
616 2119 672 2164 et
702 2126 797 2179 per
823 2119 1033 2165 costam
1058 2109 1181 2163 Eva!
1207 2110 1627 2179 productionem
1655 2117 1709 2163 et
1748 2110 2074 2177 simpliciter

483 2218 674 2256 eorum
712 2218 835 2271 qua:
887 2212 1017 2257 sunt
1046 2203 1380 2256 creationem
1412 2212 1578 2256 totam
1615 2210 1670 2257 et
1702 2201 2070 2272 proditionem

483 2302 540 2345 ιι
578 2292 776 2346 divina:
810 2307 956 2347 cura:
1005 2294 1154 2347 circa
1189 2293 1465 2348 hominem
1489 2293 1638 2358 quod
1662 2304 1747 2348 est
1772 2292 2068 2364 benignum

481 2392 537 2436 et
569 2383 821 2437 mirabile
853 2392 907 2437 ct
930 2384 1252 2454 excipiendo
1276 2400 1542 2455 geneseos
1573 2385 1868 2455 principia,
1900 2385 1955 2439 in
1989 2385 2073 2439 in-

482 2476 793 2531 tellectualc
826 2476 1100 2546 quoddam
1153 2478 1567 2533 tabernaculum
1603 2478 1937 2541 attollentes,
1965 2494 2067 2532 ne-

479 2582 589 2635 que
637 2567 919 2635 prepriam
969 2567 1385 2622 subslstentiam
1434 2578 1487 2623 et
1554 2569 2066 2623 substantiationem

482 2655 589 2710 \‘isi
616 2664 747 2711 sunt
771 2657 1034 2711 revereri.
1057 2655 1187 2710 Inde
1211 2673 1337 2712 vere
1361 2659 1682 2729 tragcediam
1718 2667 1884 2713 totam
1914 2659 2069 2728 juxta

489 2748 770 2817 proprium
806 2748 1149 2818 propositum
1182 2750 1367 2819 partiti
1396 2759 1451 2805 et
1482 2750 1747 2820 tingentes
1776 2760 1828 2803 et
1855 2750 1907 2805 in
1934 2766 2069 2821 quas

483 2837 707 2891 voluere
741 2835 949 2892 formas
984 2847 1038 2891 et
1058 2854 1256 2894 sensus
1286 2850 1700 2911 componentes,
1740 2856 1866 2895 vere
1893 2841 2069 2896 faeto-

483 2944 606 2982 rum
620 2938 674 2983 et
703 2929 1122 2985 subsistentium
1145 2931 1601 3001 consequentiam
1636 2942 1691 2987 et
1720 2948 1896 3002 usque
1923 2949 2070 2990 nunc

483 3022 659 3075 visam
691 3030 747 3076 et
773 3023 1049 3093 cognitam
1072 3022 1679 3092 destruuntejurantes,
1703 3023 2069 3078 mulcentibus

481 3113 709 3183 quidem
761 3123 815 3168 et
870 3114 1262 3170 inducentibus
1312 3114 1664 3169 sermonibus
1702 3114 2068 3169 multitudinis

2176 1922 2349 1992 λούθῳ
2376 1922 2570 1994 γνώμῃ
2599 1922 2695 1974 καὶ
2720 1921 2919 1991 γνώσει
2953 1922 3305 1991 λυμαίνονται
3336 1924 3436 1996 τὴν
3474 1925 3767 1996 ἀλήθειαν

2177 2018 2267 2069 καὶ
2297 2018 2405 2087 γὰρ
2446 2018 2474 2069 ό
2508 2016 2833 2085 παράδεισος
2876 2016 3062 2077 αὐτοῖς
3096 2016 3239 2089 λόγῳ
3292 2019 3390 2089 μὲν
3436 2019 3769 2086 πλάττεται,

2176 2109 2320 2177 ἔργῳ
2343 2107 2397 2159 δὲ
2426 2106 2792 2161 διαϐάλλεται.
2826 2106 2990 2159 Ἀλλά
3022 2107 3090 2160 τά
3117 2107 3211 2160 τοῦ
3252 2108 3587 2179 παραδείσου
3620 2112 3769 2178 φυτά

2175 2198 2270 2251 καὶ
2300 2198 2333 2266 ἡ
2362 2195 2567 2267 βρῶσις
2601 2197 2696 2250 καὶ
2724 2197 2756 2265 ή
2785 2194 2872 2248 διὰ
2900 2195 2994 2266 τῆς
3034 2195 3277 2267 πλευρᾶς
3313 2197 3411 2266 τῆς
3442 2196 3591 2262 Εὔας
3624 2214 3767 2267 προ-

2174 2290 2367 2361 αγωγὴ
2392 2329 2406 2353 ,
2449 2290 2542 2341 καὶ¹
2576 2287 2763 2350 ἁπλῶς
2794 2290 2827 2358 ἠ
2864 2287 2975 2341 τῶν
3011 2288 3183 2341 όντων
3238 2288 3575 2359 δημιουργία
3611 2292 3766 2345 πᾶσα

2173 2383 2269 2435 καὶ
2299 2380 2526 2450 πρόοδος
2563 2380 2659 2433 καλ⁸
2698 2379 2759 2430 τὸ
2786 2378 2887 2448 τῆς
2924 2377 3075 2441 θείας
3122 2378 3450 2449 κηδεμονίας
3503 2381 3641 2451 περὶ
3669 2383 3767 2433 τὸν

2173 2470 2463 2539 ἄνθρωπον
2512 2468 2895 2537 φιλάνθρωπόν
2944 2484 3003 2520 τε
3044 2467 3141 2521 καὶ
3187 2467 3496 2539 θαυμάσιον
3540 2471 3636 2523 καὶ
3664 2471 3765 2535 τὰς

2173 2562 2315 2615 κατά
2348 2560 2597 2631 διαδοχὴν
2643 2560 2702 2613 δὲ
2750 2561 2849 2628 τῆς
2890 2560 3158 2628 γενέσεως
3204 2560 3400 2631 ἀρχὰς,
3450 2564 3534 2625 εἰς
3564 2567 3765 2633 νοητήν

2170 2671 2294 2708 τινα
2333 2652 2538 2722 σκηνὴν
2587 2651 2984 2723 ἀναφέροντες,
3013 2651 3135 2704 οὐδὲ
3182 2653 3279 2723 τὴν
3337 2654 3475 2707 ίδίαν
3523 2651 3763 2725 ὕπαρξιν

2172 2748 2267 2801 καὶ
2293 2746 2546 2801 οὐσίωσιν
2569 2743 2835 2816 ὤφθησαν
2866 2744 3097 2799 εύλαόού
3108 2761 3276 2814 μενοι.
3310 2745 3561 2800 Ἐκεῖθεν
3582 2747 3640 2800 δὲ
3662 2748 3763 2817 τὴν

2171 2839 2479 2912 τραγῳδίαν
2525 2838 2653 2910 ὅλην
2708 2837 2850 2891 κατά
2896 2838 2998 2909 τὴν
3036 2836 3174 2891 ίδίαν
3217 2837 3478 2906 πρόθεσιν
3510 2857 3763 2911 καταμε-

2175 2931 2423 3003 ρίσαντές
2471 2947 2532 2983 τε
2565 2930 2659 2983 καὶ
2705 2930 3134 3000 ὑποκρινάμενοι
3169 2928 3265 2981 καὶ
3290 2930 3369 2993 είς
3402 2930 3522 2995 οἵας
3566 2930 3633 2986 ἂν
3668 2933 3762 2985 καὶ

2173 3022 2446 3094 βούλοιντο
2480 3022 2693 3093 μορφὰς
2725 3020 2820 3073 καὶ
2853 3020 3098 3083 ἐπινοίας
3144 3019 3598 3088 διαπλάττοντες,
3648 3022 3761 3075 τῶν

2171 3114 2247 3177 ὼς
2291 3112 2507 3185 ἀληθῶς
2551 3111 2858 3182 γεγονότων
2906 3111 3004 3164 καὶ
3038 3111 3398 3181 ὑπαρξάντων
3427 3112 3493 3166 τὸ
3530 3114 3762 3167 ἀκόλου-

482 3221 647 3262 aures
676 3206 1035 3262 incantando.
1088 3208 1280 3264 Solent
1318 3208 1465 3263 enim
1503 3208 1774 3279 pleraeque
1817 3208 2065 3263 ﬁctiones

2174 3206 2265 3260 θον
2316 3177 2412 3259 καὶ
2441 3177 2604 3276 μέχρι
2632 3177 2730 3257 νῦν
2772 3203 3052 3273 ὁρώμενόν
3100 3177 3166 3257 τε.
3216 3204 3310 3257 κα)⁸
3356 3206 3760 3277 γνωριζόμενον

481 3300 549 3355 ad
587 3309 779 3355 nutum
822 3309 877 3355 et
912 3300 978 3355 ad
1008 3299 1410 3371 iucunditatem
1469 3301 1813 3355 concinnata:
1863 3299 2065 3356 illicere

2171 3297 2488 3368 ἀναιροῦσιν
2542 3296 2925 3367 ὲξομνύμενοι,
2983 3295 3327 3367 θελκτηρίοις
3370 3298 3473 3369 μὲν
3514 3299 3611 3352 καὶ
3660 3300 3757 3351 ὲπο

482 3391 703 3462 quidem
736 3390 1049 3447 auditorum
1081 3407 1244 3447 aures
1292 3402 1346 3447 et
1404 3392 1470 3447 ad
1528 3392 1825 3462 voluptatis
1876 3408 2065 3461 parare

2171 3391 2410 3458 αγωγοϊς
2436 3389 2617 3457 λόγοις
2646 3389 2716 3442 τὰ
2743 3389 2852 3441 τῶν
2883 3388 3095 3442 πολλῶν
3128 3385 3241 3442 ὦτα
3279 3390 3758 3461 καταγοητεύσαν-

482 3481 871 3549 diﬂ'usiouem,
905 3490 962 3537 at
1009 3498 1189 3552 neque
1224 3482 1329 3537 sibi
1382 3481 1516 3552 ipsis
1564 3483 1730 3536 ullam
1778 3481 2065 3536 utilitatem

2170 3499 2282 3544 τες.
2322 3482 2493 3534 Εἴωθε
2526 3482 2634 3551 γὰρ
2667 3482 2736 3534 τὰ
2777 3481 2951 3534 πολλὰ
2995 3480 3105 3534 τῶν
3142 3481 3477 3551 πλασμάτων
3512 3484 3647 3538 κατ’
3673 3483 3757 3547 ἐξ-

485 3583 665 3639 neque
697 3570 981 3638 persuasis
1020 3570 1213 3624 talium
1254 3571 1540 3626 architecti
1592 3585 1892 3641 procurare
1940 3585 2065 3639 pos-

2169 3570 2360 3623 ουσίαν
2388 3570 2483 3623 καὶ
2515 3570 2653 3640 πρὸς
2678 3569 2739 3622 τὸ
2771 3569 2872 3640 ἡδὺ
2906 3569 3259 3639 πλαττόμενα
3291 3571 3754 3643 ὑπογαργαλίζειν

482 3666 633 3712 sunt.
681 3657 788 3713 Sed
848 3657 951 3713 hos
1004 3658 1225 3728 quidem
1296 3658 1559 3728 Origenes
1600 3668 1656 3713 et
1702 3658 2065 3729 Origenianus

2174 3663 2273 3733 μὲν
2319 3662 2387 3716 τὰ
2414 3661 2524 3715 τῶν
2552 3662 2835 3732 ἀκροατῶν
2875 3656 2990 3715 ὦτα
3019 3664 3115 3715 καὶ
3162 3663 3299 3734 πρὸς
3330 3662 3530 3733 ἡδονῆς
3579 3680 3757 3733 παρα-

485 3748 682 3803 habeat
710 3748 947 3814 chorus;
982 3757 1169 3804 noster
1198 3764 1328 3803 vero
1359 3748 1657 3817 Gregorius
1704 3766 1866 3819 quem
1914 3750 2065 3803 theo-

2172 3752 2464 3817 σκευάζειν
2478 3750 2889 3822 διάχυσιν,οὖτε
2913 3752 2972 3805 δὲ
3001 3754 3214 3817 ἑαυτοῖς
3239 3753 3389 3807 οὐδὲν
3419 3752 3635 3823 ὄφελος,
3666 3751 3755 3806 οὔ-

482 3837 661 3908 logica
689 3846 742 3891 et
772 3836 1036 3892 divinitus
1078 3838 1181 3908 ipsi
1210 3838 1339 3893 data
1374 3840 1519 3894 circa
1551 3840 1805 3909 spiritum
1840 3841 2065 3897 scientia

2169 3861 2229 3897 τε
2273 3846 2386 3907 τοῖς
2438 3843 2783 3913 πειθομένοις
2827 3844 2877 3896 οί
2926 3843 3034 3897 τῶν
3076 3844 3337 3899 τοιούτων
3366 3846 3752 3917 ἀρχιτέκτονες

481 3929 803 4000 theologum
827 3931 1212 4000 proclamavit,
1238 3932 1327 3986 hic
1350 3932 1607 4002 pelliceas
1633 3942 1794 3988 vocat
1828 3934 2065 3996 tunicas,

2169 3933 2432 4004 παρέχειν
2467 3932 2743 3987 δύνανται.
2785 3932 2947 3987 Ἀλλά
2990 3934 3099 4004 γὰρ
3137 3933 3363 3998 τούτους
3396 3934 3499 4005 μὲν
3536 3935 3751 4007 Ὠριγέ-

480 4036 592 4074 non
626 4034 762 4089 quas
787 4019 1114 4089 Origeniana
1149 4019 1331 4075 fabula
1366 4021 1543 4075 ﬁnxit.
1577 4023 1682 4077 Sed
1717 4034 1905 4078 contra
1940 4021 2065 4077 Ori-

2169 4042 2266 4095 νης
2287 4041 2346 4077 τε
2375 4024 2470 4077 καὶ
2499 4023 2869 4095 όὩριγένειος
2904 4025 3077 4095 ἐχέτω
3113 4024 3297 4097 χορόςσ
3346 4026 3373 4078 ό
3393 4026 3451 4079 δὲ
3480 4026 3751 4098 ἡμέτερος

480 4114 771 4184 genianam
804 4113 1123 4184 Opinionem
1173 4114 1424 4171 homines
1479 4125 1793 4172 convertere
1843 4116 2065 4186 quidem

2170 4118 2470 4189 Γρηγόριος
2502 4116 2562 4170 ὃν
2595 4118 2629 4187 ἡ
2657 4116 2906 4185 θεολόγος
2947 4134 3007 4169 τε
3053 4118 3147 4171 καὶ
3189 4117 3375 4170 θεόθεν
3416 4119 3570 4190 αὐτῷ
3602 4116 3745 4173 δεδοο

476 4207 775 4277 plurimum
802 4207 1069 4263 adhibens
1093 4209 1371 4277 studium;
1401 4210 1674 4280 sapienter
1702 4226 1833 4266 vero
1866 4218 1920 4266 et
1954 4212 2065 4265 dis-

2172 4211 2307 4282 μένη
2352 4211 2481 4279 περὶ
2519 4208 2614 4263 τοῦ
2663 4208 2978 4279 πνεύματος
3019 4209 3305 4279 παρρησία
3350 4210 3603 4278 θεολόγον
3653 4210 3747 4263 ἀν-

477 4314 685 4369 ponere
718 4300 901 4355 sciens
930 4299 986 4353 in
1013 4299 1222 4370 judicio
1248 4316 1534 4357 sermones
1564 4316 1696 4357 suos
1728 4301 1783 4356 in
1830 4302 2064 4356 vicinam

2169 4299 2456 4370 εκήρυξεν,
2489 4292 2642 4363 οὗτος
2677 4299 3034 4370 δερματίνους
3080 4298 3341 4369 ὀνομάζει
3376 4300 3615 4371 χιτῶνας
3654 4300 3748 4367 οὐχ

475 4391 703 4463 quidem
748 4393 1181 4462 speculationem
1237 4395 1437 4463 satagit
1484 4394 1825 4459 transferre,
1875 4404 2065 4451 contra

2169 4387 2374 4457 οὕσπερ
2420 4389 2449 4439 ὁ
2483 4387 2814 4458 Ὠριγένειος
2860 4386 3028 4458 μῦθος
3066 4388 3374 4442 ἀνέπλασεν
3401 4406 3416 4421 ο
3449 4390 3589 4444 ἀλλά
3627 4389 3748 4441 τοὺς

476 4487 621 4540 illam
664 4500 798 4541 vero
844 4485 1183 4541 laboriosam
1225 4487 1553 4542 sententiam
1585 4497 1807 4543 auctum
1839 4499 1895 4543 et
1937 4503 2064 4559 pra-

2169 4481 2380 4535 ναντίον
2416 4480 2515 4550 τῆς
2539 4482 2874 4551 Ὠριγενείου
2904 4480 3061 4550 δόξης
3084 4483 3209 4544 τοὺς
3232 4481 3558 4552 ἀνθρώπους
3585 4498 3747 4553 μετα-

473 4576 674 4632 ιιίουῐῐι
721 4578 1063 4631 emittentem
1124 4576 1335 4642 melos,
1396 4577 1651 4646 pelliceas
1706 4577 1921 4632 tunicas
1954 4593 2062 4631 non

2170 4573 2387 4627 ϐάλλειν
2420 4572 2517 4642 μὲν
2542 4574 2626 4627 ὅτι
2663 4573 2896 4642 μάλιστα
2919 4574 3240 4644 ποιούμενος
3273 4576 3534 4646 σπουδήν·
3572 4572 3746 4643 σοφῶς

471 4683 677 4738 corpus
706 4667 861 4737 juxta
896 4683 1020 4737 qua:
1052 4677 1106 4723 et
1140 4669 1396 4739 superius
1431 4669 1573 4723 dicta
1607 4678 1735 4724 sunt
1758 4679 1936 4732 vocat,
1966 4670 2064 4724 ab-

2169 4664 2223 4718 δὲ
2254 4666 2349 4716 καὶ
2375 4665 2683 4733 οἰκονομεῖν
2713 4664 2869 4727 εἰδὼς
2895 4666 2954 4718 ὲν
2989 4666 3170 4734 κρίσει
3209 4666 3335 4728 τοὺς
3360 4666 3556 4735 λόγους
3586 4661 3743 4719 αὑτοῦ

473 4760 579 4813 sit!
636 4757 755 4814 Non
808 4760 955 4813 enim
1001 4759 1154 4815 visus
1203 4770 1287 4814 est
1338 4759 1499 4815 talem
1546 4760 1838 4828 quamdam
1872 4775 2058 4815 vocem

2169 4759 2247 4820 εἰς
2291 4755 2509 4824 γείτονα
2569 4758 2667 4826 μὲν
2719 4756 2955 4828 θεωρίαν
3006 4758 3288 4827 μεθοδεύει
3339 4758 3741 4828 μεταδιδάξειν,

469 4851 749 4916 cmittens,
786 4852 880 4907 sed
914 4852 1163 4922 corporis
1194 4852 1615 4907 crassitudinem
1666 4863 1721 4907 et
1755 4853 2061 4907 mortalita-

471 4951 578 4996 tem
609 4948 664 4996 et
692 4942 897 5012 prioris
925 4940 1100 4995 felicis
1137 4941 1447 5012 antitypum
1480 4950 1535 4995 et
1585 4940 1891 5010 oppositam
1949 4942 2062 4996 dis-

470 5030 791 5099 positionis;
833 5031 1035 5085 etenim
1087 5047 1213 5085 vere
1255 5040 1378 5100 post
1418 5031 1909 5100 transgressionem
1960 5047 2060 5101 pro

470 5124 798 5194 impossibili
830 5132 884 5178 et
916 5139 1024 5178 non
1058 5124 1304 5195 subjecto
1332 5134 1386 5179 et
1419 5139 1525 5178 non
1571 5132 1799 5194 gravato
1827 5139 2059 5194 corpore

469 5224 522 5269 ct
550 5215 885 5270 mortalitate
912 5230 1177 5285 corpore,
1230 5215 1325 5270 sed
1360 5216 1542 5271 carnis
1577 5216 1820 5271 motibus
1849 5226 1904 5271 et
1938 5217 2057 5271 ille-

468 5306 650 5362 cebris
696 5306 1001 5361 constituto
1045 5306 1399 5377 potentiore,
1468 5305 1743 5360 contraria
1796 5306 1884 5362 his
1935 5318 2058 5375 post

466 5396 969 5467 transgressionem
995 5397 1243 5453 Adamus
1294 5396 1474 5468 qualia
1506 5405 1654 5452 certe
1692 5397 1937 5453 tunicam
1978 5399 2058 5454 di-

467 5490 571 5544 (tis
593 5501 851 5559 punctam
884 5491 1235 5559 passionibus
1258 5501 1311 5546 et
1333 5491 1760 5545 contaminatam
1789 5492 2053 5545 mutando

472 5581 688 5647 induit;
743 5584 839 5638 sed
877 5593 1105 5639 sanctus
1159 5584 1382 5653 quidem
1434 5586 1534 5638 iste
1586 5583 1669 5636 vir
1723 5599 1791 5637 ex
1822 5582 2055 5653 Origene

472 5687 695 5727 sursum
726 5674 1098 5742 germinantes
1123 5676 1197 5730 ita
1231 5676 1461 5732 dulciter
1484 5686 1538 5730 et
1572 5676 1800 5746 benigne
1832 5678 2053 5731 trahens

468 5772 523 5817 ct
559 5762 895 5820 transferens
928 5764 995 5819 ad
1029 5766 1197 5836 magis
1231 5767 1348 5837 pios
1374 5781 1594 5830 sensus,
1625 5766 1762 5822 tales
1797 5780 1917 5822 esse
1938 5767 2051 5835 pel-

2164 4849 2287 4901 κατ’
2322 4849 2540 4921 ἐκείνης
2571 4848 2628 4901 δὲ
2661 4849 2760 4920 τῆς
2787 4849 3111 4913 δοξοκοπίας
3148 4849 3244 4917 ὀξὺ
3283 4852 3380 4905 καὶ
3423 4852 3744 4922 δραστήριον

2164 4943 2489 5009 ἐπαφιεῖσαν
2530 4941 2592 4994 τὸ
2635 4942 2819 5011 μέλος,
2865 4942 3225 5014 δερματίνους
3263 4942 3498 5013 χιτῶνας
3542 4943 3661 5012 οὐχὶ
3684 4937 3742 4991 τὸ

2164 5030 2324 5101 σῶμα
2366 5032 2511 5085 καθά
2540 5034 2635 5086 καὶ
2664 5031 2997 5104 προείρηται
3023 5032 3199 5098 καλεῖ,
3239 5034 3443 5103 ἄπαγε.
3478 5034 3615 5089 Οὐδὲ
3635 5030 3741 5100 γὰρ

2160 5122 2269 5176 οὐδ’
2300 5122 2456 5195 ὤφθη
2505 5124 2767 5195 τοιαύτην
2808 5126 2930 5179 τινὰ
2971 5127 3156 5197 φωνὴν
3199 5127 3383 5196 ἀφιεὶς
3407 5169 3423 5193 ,
3469 5127 3605 5182 ἀλλὰ
3646 5121 3741 5193 τὴν

2158 5214 2254 5268 τοῦ
2290 5214 2542 5286 σώματος
2575 5217 2864 5289 παχύτητα
2892 5218 2989 5272 καὶ
3021 5217 3326 5290 θνητότητα
3366 5221 3463 5273 καὶ
3491 5219 3589 5288 τῆς
3611 5231 3740 5286 προ·

2157 5307 2324 5377 τέρας
2360 5309 2643 5380 μακαρίας
2668 5309 2960 5364 ἀντίτυπον
2988 5311 3085 5363 καὶ
3123 5311 3510 5382 ἀντικειμένην
3555 5305 3733 5364 διαθέ-

2162 5414 2322 5461 σεως’
2356 5399 2454 5453 καὶ
2488 5400 2598 5471 γὰρ
2632 5398 2709 5462 ὠς
2743 5399 2960 5468 ἀληθῶς
2987 5400 3127 5471 μετὰ
3150 5401 3250 5470 τὴν
3278 5401 3593 5472 παράϐασιν
3618 5396 3734 5451 ἀντὶ

2157 5489 2252 5541 τοῦ
2288 5489 2536 5552 ἀπαθοῦς
2567 5491 2662 5543 κα)⁹
2688 5489 2983 5547 ἀνευθύν.ου
3031 5490 3126 5543 καὶ
3177 5490 3253 5560 μὴ
3292 5489 3631 5561 βαρουμένου
3658 5482 3731 5553 τῷ

2159 5586 2371 5655 σώματι
2406 5585 2501 5638 καὶ
2548 5587 2615 5655 τῇ
2657 5583 2944 5654 θνητότητι
2987 5582 3240 5654 σώματος
3263 5623 3278 5647 ,
3331 5583 3467 5637 ἀλλά
3502 5583 3607 5637 τῶν
3634 5577 3730 5643 τῆς

2160 5680 2361 5750 σαρκὸς
2401 5679 2720 5749 κινημάτων
2750 5678 2844 5730 καὶ
2881 5678 3347 5747 γαργαλισμάτων
3396 5673 3726 5731 καθεστῶτος

2159 5768 2489 5842 κρείττονος,
2538 5766 2797 5822 τάναντία
2828 5765 3037 5829 τούτοις
3066 5767 3205 5837 μετὰ
3234 5767 3332 5837 τὴν
3361 5765 3663 5837 παράὅασιν
3696 5756 3721 5807 ό
