4144 6478
450 366 546 444 441
1266 384 1365 441 AD
1399 381 1993 442 AMPIIILOCHIUM
2034 379 2380 451 QUxESTIO
2419 380 2595 453 LXX,
2644 380 2849 441 LXXI.
3623 383 3731 449 442

449 491 622 560 Ἀδὰμ
650 484 737 542 οἷα
758 489 821 559 δὴ
849 488 1055 558 Χιτῶνα
1081 489 1191 551 τοῖς
1216 490 1524 559 εἰρημένοις
1550 490 1910 544 κατάστικτον
1934 488 2037 541 πά·

2144 487 2306 540 liccas
2340 487 2555 542 tunicas
2584 504 2691 541 non
2720 489 2929 557 absque
2955 489 3244 560 supposuit
3272 489 3430 546 aliter
3459 492 3730 549 sentiente

446 585 566 636 θεσι
615 583 710 635 καί
756 580 1015 650 ῥυπῶντα
1048 584 1468 651 μετημφιάσατο
1494 598 1507 612 ·
1547 581 1663 637 ἁλλ’
1697 584 1725 633 6
1760 579 1858 650 μὲν
1894 579 2040 646 ἱερὸς

2148 578 2602 632 contradictione.

444 675 601 741 οὗτος
661 679 801 748 ἀνὴρ
870 678 996 739 τοὺς
1047 677 1105 743 ἐξ
1148 678 1461 747 Ὠριγένους
1526 676 1841 745 ἀναφύντας
1908 674 2053 727 οὕτω
2093 674 2400 742 πραότερόν
2448 690 2507 725 τε
2557 673 2652 726 ml.
2722 672 3235 746 φιλανθρωπότερον
3288 678 3567 746 μεθέλκων
3636 683 3733 736 καὶ

449 773 832 844 μεταϐιϐάζων
893 771 1029 841 πρὸς
1081 769 1207 831 τοὺς
1250 768 1670 839 εὐσεϐεστέρους
1709 767 2028 836 λογισμοὺς,
2070 764 2345 826 τοιούτους
2365 759 2506 816 εἶναι
2531 766 2657 827 τοὺς
2682 763 3043 834 δερματίνους
3114 768 3348 838 χιτῶνας
3376 771 3498 825 οὐδὲ
3557 776 3730 846 χωρὶς

444 851 677 918 ῧπέθετο
706 860 1048 924 διστάζοντος
1077 861 1163 911 ἐπε
1175 860 1482 930 ῥρήματος.

520 958 593 1010 Σὺ
624 956 680 1008 δὲ
708 952 759 1007 τί
786 953 994 1021 λέγεις;
1026 952 1084 1005 τὸ
1111 953 1212 1022 μὲν
1243 954 1371 1015 ἴσως
1407 952 1627 1023 πρῶτον
1668 952 1853 1022 γελᾷς,
1892 952 2031 1020 τάχα

2210 941 2291 997 Tu
2320 951 2504 997 autem
2538 941 2669 1012 quid
2702 942 2875 997 dicis?
2922 942 3062 998 forte
3102 946 3338 1014 primum
3382 950 3557 1017 rides,
3601 970 3729 1008 mox

445 1048 493 1103 δ’
514 1047 580 1102 ἂν
606 1045 806 1115 μᾶλλον
827 1044 1199 1114 δυσχεραίνεις
1241 1042 1397 1113 μύθῳ
1418 1042 1796 1112 κλεπτομένην
1819 1040 2035 1097 ἀκούων

445 1141 548 1211 τὴν
576 1138 839 1207 ἀλήθειαν
858 1153 873 1168 ο
904 1135 1000 1189 τοῦ
1027 1136 1086 1188 δὲ
1113 1135 1366 1203 θεολόγου
1398 1130 1554 1204 οἴμαι
1595 1135 1695 1205 τὴν
1723 1134 2038 1203 οἰκονομίαν

445 1232 540 1286 καὶ
573 1230 798 1300 μέθοδον
837 1228 936 1282 οὐκ
966 1228 1286 1299 ἁτιμάσαιο.
1318 1228 1454 1280 Οὐδὲ
1484 1226 1669 1297 ὴγνόει
1699 1228 1768 1279 τὰ
1799 1226 1907 1279 ἀπὸ
1936 1225 2038 1294 τῆς

447 1321 622 1391 συκῆς
680 1321 858 1391 φύλλα
905 1314 986 1382 οἷς
1033 1320 1083 1372 οί
1124 1320 1256 1390 περί
1313 1318 1406 1371 τὸν
1448 1318 1622 1389 Ἀδὰμ
1664 1318 1767 1389 τὴν
1798 1318 1905 1372 ἀπὸ
1935 1317 2038 1387 τῆς

447 1408 786 1479 γυμνὼσεως
804 1406 1200 1479 ἀσχημοσύνην
1224 1408 1303 1470 εἰς
1326 1408 1388 1461 τὸ
1415 1407 1587 1479 εύσχη
1597 1426 1696 1475 μον
1722 1409 1877 1477 περιέ
1888 1409 2038 1461 στελ-

446 1500 559 1553 λεν·
587 1498 710 1552 οὐδ’
740 1499 824 1552 ὅτι
854 1498 1158 1569 προφθάνει
1189 1498 1289 1567 μὲν
1313 1497 1382 1549 τὰ
1412 1500 1508 1568 τῆς
1537 1499 1708 1567 συκῆς
1736 1498 1910 1566 φύλλα
1936 1499 2037 1565 τῆς

448 1590 715 1654 αἰδέσεως
765 1590 866 1660 τὴν
894 1589 1219 1659 καταφυγὴν
1263 1591 1591 1660 παρασχεῖν,
1634 1590 1683 1641 οἰ
1724 1588 1778 1640 δὲ
1808 1588 2037 1657 χιτῶνες

449 1684 679 1755 ὕστερον
729 1684 780 1736 oi
829 1681 1148 1754 δερμάτινοι
1193 1680 1292 1752 τὴν
1323 1681 1549 1734 ἐκείνων
1591 1680 1731 1733 κατά
1780 1679 2033 1751 διαδοχὴν

2135 1044 2320 1089 autem
2358 1034 2531 1104 magis
2565 1034 2821 1089 irasceris
2852 1034 3034 1089 fabula
3062 1036 3299 1091 turatam
3325 1041 3557 1097 audiens
3587 1047 3731 1098 veri-

2137 1137 2341 1193 tatem;
2379 1126 2610 1197 theologi
2645 1141 2776 1181 vero
2808 1128 3003 1195 opinor
3037 1130 3402 1185 oeconomiam
3439 1141 3493 1186 et
3515 1137 3729 1189 metho-

2136 1219 2267 1273 dum
2300 1235 2409 1273 non
2445 1219 2869 1289 contempseris.
2912 1220 3028 1273 Non
3059 1220 3348 1290 ignorabat
3380 1238 3411 1277 a
3455 1223 3566 1279 ﬁcu
3601 1227 3729 1282 folia

2138 1312 2339 1383 quibus
2384 1312 2630 1365 Adamns
2678 1327 2707 1364 a
2762 1314 3008 1367 nuditate
3064 1314 3421 1383 ignominiam
3469 1317 3731 1374 decenter

2139 1403 2357 1473 operuit
2382 1421 2396 1468 ;
2426 1420 2604 1473 neque
2629 1404 2783 1473 prius
2815 1404 3035 1474 quidem
3066 1407 3199 1461 licus
3226 1406 3353 1461 folia
3379 1410 3604 1478 pudoris
3639 1427 3729 1465 rc-

2134 1492 2343 1563 fugium
2390 1494 2691 1564 praabuissc
2718 1533 2733 1557 ,
2783 1495 2997 1549 tunicas
3025 1512 3153 1552 vero
3185 1498 3443 1567 deinceps
3473 1502 3731 1570 pelliceas

2131 1583 2348 1638 illorum
2382 1584 2706 1653 excipiendo
2745 1601 2903 1639 nsum
2957 1587 3301 1655 implevisse;
3352 1591 3553 1645 etenim
3608 1602 3734 1661 post

2132 1677 2369 1746 priorem
2403 1677 2708 1731 cincturam
2752 1686 2808 1733 et
2844 1678 2973 1733 folia
3009 1679 3167 1743 ﬁcus,
3220 1682 3476 1751 polliceas
3514 1685 3733 1741 tunicas

449 1777 641 1850 χρείαν
689 1776 1090 1846 ἀνεπλήρωσαν
1119 1791 1133 1805 ⁸
1180 1777 1275 1828 καὶ
1303 1774 1412 1846 γὰρ
1449 1774 1589 1845 μετά
1624 1775 1724 1844 τὴν
1759 1774 2033 1845 προτέραν

2144 1768 2281 1824 Dens
2315 1770 2450 1839 ipsis
2485 1770 2632 1824 fecit.
2658 1771 2947 1836 Quomodo
2976 1772 3143 1842 igitur
3178 1774 3494 1829 existimare
3520 1789 3735 1846 Oportet

451 1869 746 1941 περιϐολὴν
796 1869 891 1923 καὶ
932 1868 1000 1921 τά
1044 1867 1219 1938 φύλλα
1244 1869 1343 1936 τῆς
1374 1869 1549 1935 συκῆς
1573 1907 1587 1930 ,
1622 1867 1747 1928 τοὺς
1777 1865 2040 1936 δερματί-

450 1979 576 2025 νους
624 1960 857 2032 χιτῶνας
890 1962 917 2013 6
948 1960 1080 2023 Θεὸς
1114 1961 1299 2023 αὐτοῖς
1339 1960 1655 2028 ἐποιήσατο.
1704 1958 1813 2011 Ποῦ
1858 1957 2039 2011 τοίνυν

449 2054 659 2108 οἴεσθαι
687 2054 770 2107 δεῖ
794 2053 886 2107 τὸν
917 2053 1383 2120 θεολογικώτατον
1413 2051 1589 2108 ταῦτα
1612 2053 1706 2105 καί
1738 2050 2042 2105 θεοπτικώ-

450 2165 614 2205 τατον
650 2147 970 2201 διδάσκαλον
1002 2147 1221 2214 ἀγνοεῖν
1247 2188 1263 2213 ,
1316 2144 1453 2198 ἀλλά
1494 2144 1570 2215 μὴ
1608 2143 1789 2209 λέγειν
1840 2142 2042 2214 μᾶλλον

452 2241 759 2309 οἰκονομεῖν
805 2255 865 2291 τε
901 2238 1131 2290 καὶτῶν
1159 2237 1335 2289 ἄλλων
1368 2234 1648 2304 σωτηρίαν
1704 2231 2039 2304 μεθοδεύειν,

451 2332 521 2388 δι’
546 2324 622 2385 ὧν
647 2332 675 2385 6
694 2330 817 2384 τότε
872 2330 1163 2401 συνέτρεχε
1194 2327 1411 2399 καιρὸς,
1432 2326 1707 2397 μηδεμιᾶς
1744 2323 2039 2377 ἐπακολουο

453 2422 653 2495 θούσης
698 2421 982 2491 αἱρετικῆς
1012 2420 1321 2490 ἐπισπορᾶς
1351 2419 1383 2489 ἦ
1423 2417 1763 2487 σκολιότητος
1791 2433 1805 2482 ;
1838 2417 1940 2468 "Av
1978 2430 2041 2467 τε

450 2517 563 2587 γὰρ
593 2515 664 2570 τά
689 2513 863 2584 φύλλα
886 2516 985 2585 τῆς
1014 2513 1187 2583 συκῆς
1220 2512 1347 2575 τοὺς
1378 2511 1510 2581 περί
1546 2510 1638 2562 τὸν
1666 2508 1841 2579 Ἀδὰμ
1870 2507 2039 2561 εὐλα-

452 2606 754 2677 ϐουμένους
785 2605 883 2678 τὴν
912 2603 1049 2659 αίδὼ
1084 2603 1458 2664 ὑπεδείκνυεν,
1512 2602 1577 2657 ἄν
1605 2619 1665 2654 τε
1699 2602 1840 2674 μετά
1875 2602 2043 2654 ταῦτα

452 2699 689 2770 χιτῶνας
722 2701 786 2753 ἐκ
812 2699 1101 2769 δερμάτων
1130 2699 1313 2762 αὐτοῖς
1350 2699 1377 2751 6
1404 2696 1537 2759 Θεὸς
1570 2694 1866 2765 ἐπεποίητο
1887 2733 1903 2758 ,
1944 2693 2043 2763 τῆς

452 2791 715 2855 αἰδέσεως
743 2790 1106 2864 χαριζόμενος
1143 2790 1516 2863 παραμύθιον,
1561 2789 1719 2842 οὐδὲν
1757 2782 1919 2860 ἦττον
1960 2788 2044 2839 εὐ-

454 2882 741 2948 σεϐοῦντος
808 2885 927 2938 ἐστί
980 2884 1162 2954 λέγειν
1202 2883 1278 2948 ὼς
1324 2883 1463 2954 μετά
1510 2883 1611 2952 τὴν
1658 2882 1969 2952 παράϐασιν
2016 2880 2044 2932 6

465 2976 639 3047 ’Δδάμ
661 2976 761 3042 τὴν
792 2975 1108 3046 παχυτέραν
1160 2976 1341 3046 σάρκα
1397 2974 1493 3027 καὶ
1542 2973 1749 3044 θνητὴν
1780 2973 1874 3026 καὶ
1908 2971 2044 3025 καθ-

454 3068 761 3140 ελκομένην
815 3069 895 3139 τῷ
958 3068 1117 3140 βάρει
1161 3068 1254 3121 τοῦ
1304 3064 1754 3137 παραπτώματος
1803 3066 1899 3119 καί⁵
1940 3064 2041 3134 τῆς

452 3163 727 3234 πρότερας
787 3162 1036 3216 ἀντίθεόν
1088 3179 1147 3214 τε
1204 3161 1297 3215 καὶ
1347 3159 1643 3215 ἀντίτυπον
1693 3158 2032 3229 ὴμφιάσατο.

456 3256 628 3310 Πόθεν
655 3257 713 3310 δ’
739 3255 806 3309 ἂν
845 3255 975 3319 ἴσως
1016 3256 1411 3326 ἐπαπορήσεις,
1450 3255 1500 3307 oi
1547 3253 1863 3325 δερμάτινοι
1906 3268 2039 3320 προ-

454 3346 617 3417 ῆλθον
659 3344 923 3418 χιτῶνες;
969 3346 1084 3398 ἀλλ’
1126 3344 1348 3398 ἐπειδὰν
1377 3342 1620 3405 ἀκούσας
1652 3343 1744 3396 τὸν
1773 3342 1897 3396 νοῦν
1925 3343 2039 3394 ἐπι-

454 3440 703 3511 στήσεις,
731 3438 811 3491 ὅτι
835 3438 933 3491 καί⁴
962 3437 1221 3508 ἐποίησεν
1254 3434 1432 3498 ὁΘεὺς
1460 3435 1574 3497 τοῖς
1600 3433 1729 3504 περί
1752 3433 1843 3485 τὸν
1863 3431 2040 3500 ’Λδᾰμ

453 3530 691 3604 χιτῶνας
727 3529 1121 3601 δερματίνους,
1162 3527 1364 3581 αὐτίκα
1410 3526 1712 3596 σύνδρομον
1745 3519 1899 3593 οἶμαι
1936 3522 2039 3592 τῆς

452 3619 686 3687 ἀπορίας
717 3619 900 3688 εὑρεῖν
931 3616 1027 3671 καὶ
1068 3615 1166 3687 τὴν
1211 3614 1385 3669 λύσιν.
1423 3613 1480 3667 '0
1515 3614 1625 3683 γὰρ
1654 3615 1719 3665 ὲκ
1759 3611 1835 3682 μὴ
1869 3611 2039 3663 ὄντων

452 3709 597 3762 οῦτω
629 3707 928 3778 φιλοτίμως
979 3723 1039 3760 τε
1076 3707 1171 3760 καὶ
1215 3704 1527 3768 πολυτελῶς
1567 3702 1906 3774 προαγαγὼν
1946 3700 2041 3754 τὸν

454 3799 781 3871 ἄνθρωπον,
819 3787 976 3862 οὗτος
1018 3798 1115 3851 καὶ
1155 3797 1516 3868 δερματίνους
1562 3795 1797 3866 χιτῶνας
1837 3796 1902 3846 ἐκ
1944 3792 2038 3846 τοῦ

457 3892 532 3963 μὴ
577 3890 730 3954 ὄντος
782 3888 1116 3960 ποιήσασθαι
1179 3890 1276 3942 καὶ
1339 3888 1634 3959 περιϐολὴν
1681 3885 1831 3956 αὐτῷ
1872 3903 2043 3940 κατα-

456 3980 727 4032 σκευάσαι
766 3979 831 4031 ἐκ
855 3977 948 4031 τοῦ
1002 3979 1227 4049 ῥᾴστου,
1280 3975 1484 4045 μᾶλλον
1516 3974 1581 4028 ἂν
1625 3977 1737 4035 τοῖς
1762 3974 2042 4044 λογισμοῖς

452 4071 784 4124 ἁδίστακτον
828 4068 1011 4123 πίστιν
1063 4067 1355 4137 ἐντίθησιν’
1385 4068 1434 4119 εἰ
1472 4066 1529 4119 δὲ
1572 4067 1668 4119 καί
1716 4067 1900 4135 δοραῖς
1930 4082 2040 4117 τισι

454 4161 632 4229 ζώων,
673 4162 847 4216 ταῦτα
879 4162 987 4233 γάρ
1036 4162 1356 4232 προῦπέστη
1395 4159 1493 4231 τὴν
1538 4159 1728 4230 χρείαν
1757 4160 1857 4224 τῆς
1886 4175 2043 4229 περι-

454 4252 618 4322 ϐολῆς
683 4252 866 4313 αὐτοῖς
928 4248 1361 4319 ἀναπληρῶσαι,
1419 4247 1681 4317 λογισμὸς
1730 4247 2037 4315 ἀνεκίνησε·

453 4342 591 4397 Θεοῦ
639 4344 953 4414 σοφίζοντος
983 4344 1183 4405 αὐτοὺς
1214 4343 1350 4412 πρὸς
1382 4342 1481 4411 τὴν
1510 4339 1716 4394 οἰκείαν
1745 4340 2042 4407 εὐκοσμίαν

452 4454 514 4490 τε
563 4439 658 4491 καὶ
703 4436 979 4507 σωτηρίαν
1028 4435 1427 4498 διανίστασθαι,
1474 4433 1596 4487 οὐδὲ
1651 4432 1810 4486 τοῦτο
1850 4433 2043 4503 πόρρω

454 4529 554 4600 τῆς
591 4527 744 4591 θείας
793 4526 1146 4597 κηδεμονίας,
1188 4526 1297 4579 οὐδ’
1328 4526 1547 4590 ἀνάξιον
1593 4522 1758 4578 αὐτοῦ
1787 4523 1887 4593 τῆς
1916 4523 2044 4577 πολ-

454 4620 554 4689 λῆς
601 4620 734 4692 περὶ
770 4619 834 4674 τὸ
878 4622 1037 4687 γένος
1071 4618 1229 4690 ήμῶν
1259 4618 1617 4688 ἁγαθότητος.
1672 4616 1833 4670 ’Δλλά
1870 4616 2043 4670 ταῦτα

459 4713 561 4784 μὲν
594 4715 623 4768 6
652 4712 1028 4783 κεφαλαιώδης
1071 4712 1358 4781 ἐπιτρέπει
1406 4710 1585 4779 λόγος.
1628 4709 1751 4762 Εἰσὶ
1795 4708 1853 4763 δέ
1900 4726 2043 4772 τινες

456 4808 506 4859 οἰ
536 4807 673 4879 πρὸς
700 4806 868 4878 μηδὲν
898 4805 1106 4859 τούτων
1133 4806 1345 4876 ὰφορᾷν
1370 4802 1683 4875 βουλόμενοι
1710 4801 1846 4874 μηδὲ
1876 4819 2044 4857 σπου-

2141 1861 2444 1916 maximum
2476 1861 2788 1932 theologum
2814 1863 2929 1917 haec
2964 1874 3021 1917 et
3048 1864 3140 1919 Dei
3181 1868 3583 1936 speculatorem
3616 1871 3734 1924 exi-

2144 1954 2316 2008 mium
2355 1955 2678 2024 magistrum
2720 1956 3011 2025 ignorare?
3044 1957 3150 2013 Sed
3194 1975 3306 2014 non
3336 1962 3519 2016 dicere
3546 1964 3732 2032 potius

2139 2047 2461 2115 dispensare
2489 2056 2548 2101 et
2575 2048 2810 2103 aliorum
2863 2049 3093 2104 salutem
3129 2067 3343 2120 parare,
3382 2069 3475 2122 per
3501 2069 3564 2107 ea
3594 2070 3735 2125 quo-

2144 2155 2264 2192 rum
2302 2148 2433 2193 tunc
2463 2140 2830 2195 concurrebat
2864 2150 3081 2213 tempus
3103 2185 3118 2209 ,
3176 2145 3321 2198 nulla
3360 2158 3735 2217 consequente

2141 2232 2399 2287 ltzeretica
2437 2234 2970 2303 superseminatione
2997 2247 3090 2290 aut
3120 2237 3459 2307 obliquitate.
3498 2238 3554 2293 Si
3585 2240 3731 2295 enim

2142 2323 2274 2378 folia
2303 2326 2440 2381 licus
2469 2325 2741 2381 Adamunt
2773 2328 3008 2383 veritum
3044 2331 3308 2398 pudorem
3340 2332 3733 2400 subindicavit,

2146 2424 2195 2468 et
2241 2414 2286 2468 si
2322 2416 2561 2484 posthaec
2593 2419 2811 2473 tunicas
2839 2409 2906 2473 ex
2949 2420 3181 2489 pellibus
3215 2423 3349 2493 ipsis
3385 2423 3529 2480 Deus
3574 2425 3731 2492 fecit,

2142 2506 2369 2576 pudoris
2402 2507 2639 2577 largiens
2667 2508 2900 2579 benigne
2936 2513 3397 2581 consolationem,
3443 2515 3730 2571 nihilomi-

2146 2614 2252 2652 nus
2283 2600 2429 2668 pium
2462 2600 2754 2655 estdicere
2785 2612 2908 2671 post
2938 2606 3433 2675 transgressionem
3458 2608 3731 2664 Adamum

2144 2691 2473 2746 crassiorem
2495 2707 2718 2745 carnem
2746 2703 2800 2748 et
2826 2695 3115 2750 mortalem
3148 2708 3204 2751 et
3223 2696 3481 2753 deorsum
3505 2708 3734 2755 tractam

2147 2783 2415 2853 gravitate
2447 2799 2614 2839 casus
2644 2793 2730 2839 est
2765 2786 2967 2855 prioris
3001 2788 3307 2858 oppositam
3339 2799 3394 2845 et
3426 2791 3735 2863 antitypum

2146 2875 2415 2931 induisse.
2484 2878 2769 2933 Undenam
2820 2895 2972 2942 vero,
3011 2880 3152 2937 forte
3190 2882 3434 2940 incertus
3474 2885 3734 2949 haerebis.

2146 2966 2390 3035 pelliceae
2415 2977 2789 3036 provenerunt
2819 2968 3058 3024 tunicae?
3088 2970 3194 3026 Sed
3226 2982 3516 3043 postquam
3545 2978 3737 3031 audito

2149 3068 2389 3113 mentem
2430 3060 2786 3129 applicueris,
2822 3070 2876 3115 et
2909 3060 3107 3117 fecisse
3141 3061 3308 3117 Deum
3341 3066 3549 3121 Adamo
3583 3068 3735 3122 tuni-

2145 3164 2240 3205 c:ts
2269 3150 2527 3219 pclliceas
2554 3189 2570 3214 ,
2623 3152 2808 3207 statim
2840 3163 3259 3208 concurrentem
3292 3156 3490 3225 opinor
3517 3159 3741 3213 dubita-

2145 3240 2279 3293 tioni
2300 3241 2540 3309 reperies
2570 3249 2626 3296 et
2657 3242 3011 3297 solutionem.
3040 3242 3306 3309 Quienitn
3333 3262 3400 3299 ex
3432 3248 3606 3303 nihilo
3626 3260 3737 3306 tam

2144 3332 2382 3401 superbe
2431 3342 2487 3387 et
2526 3334 2819 3404 magnifice
2848 3337 3107 3404 produxit
3147 3336 3425 3392 hominem
3453 3379 3470 3404 ,
3542 3341 3633 3396 hic
3682 3351 3742 3398 et

2146 3425 2404 3495 pelliccas
2434 3426 2652 3480 tunicas
2681 3441 2749 3480 ex
2777 3427 2953 3481 nihilo
2986 3427 3188 3485 fecisse
3218 3439 3274 3484 et
3291 3431 3597 3487 cincturam
3632 3435 3739 3504 ipsi

2147 3518 2431 3588 paravisse
2469 3516 2770 3585 facillime,
2833 3521 3010 3589 magis
3067 3530 3253 3577 autem
3308 3525 3740 3594 cogitationibus

2147 3609 2512 3664 indubitatam
2539 3610 2700 3665 ﬁdem
2742 3611 2958 3667 inserit.
2990 3611 3045 3667 Si
3075 3622 3257 3669 autem
3278 3624 3333 3669 et
3360 3617 3593 3685 pellibus
3615 3620 3741 3688 qui-

2148 3701 2380 3756 busdam
2419 3702 2781 3770 animalium,
2833 3705 2950 3760 haec
2991 3706 3143 3761 enim
3176 3707 3329 3777 prius
3365 3708 3744 3766 subsistebant

2149 3793 2508 3865 indigentiam
2544 3797 2809 3851 cinctura;
2835 3797 2971 3868 ipsis
3009 3808 3071 3853 ut
3115 3798 3448 3869 implerent,
3481 3804 3744 3874 cogitatio

2148 3885 2424 3953 admovit;
2450 3887 2560 3941 Deo
2578 3888 2855 3958 sapienter
2880 3889 3169 3946 erudiente
3200 3892 3349 3962 ipsos
3366 3893 3434 3949 ad
3458 3896 3743 3966 proprium

2149 3988 2405 4033 ornatum
2437 3987 2491 4032 et
2526 3979 2759 4034 salutem
2802 3994 3118 4051 assurgere,
3141 3998 3322 4053 neque
3352 3985 3487 4039 illttd
3517 3986 3680 4057 longe
3707 4005 3742 4043 α

2148 4069 2335 4124 divina
2373 4084 2506 4124 cura
2532 4108 2547 4131 ,
2603 4085 2784 4141 neque
2829 4072 3117 4142 indignum
3154 4074 3328 4143 ipsius
3364 4092 3561 4148 magna
3591 4080 3742 4136 circa

2150 4176 2322 4231 genus
2350 4170 2599 4218 nostrum
2635 4164 2898 4219 bonitate.
2938 4166 3043 4220 Sed
3076 4166 3193 4221 haec
3222 4169 3446 4237 quidem
3488 4188 3743 4228 summa-

2152 4254 2268 4308 rius
2298 4254 2562 4323 permittit
2588 4270 2793 4309 sermo.
2846 4257 2988 4310 Sunt
3019 4268 3202 4313 autem
3249 4261 3475 4330 quidam
3519 4266 3611 4335 qui
3670 4268 3742 4321 ad

2151 4345 2364 4399 nullum
2416 4346 2617 4402 horum
2660 4349 2936 4418 respicere
2969 4351 3216 4408 volentes
3248 4370 3426 4425 neque
3454 4368 3740 4428 curantes,

2151 4437 2413 4491 arborum
2439 4439 2592 4495 circa
2618 4441 2883 4497 corticem
2922 4444 3265 4514 epidermata
3302 4447 3564 4518 pelliceas
3591 4453 3744 4506 tuni-

2151 4543 2242 4583 cas
2276 4538 2565 4599 putarunt,
2600 4542 2659 4588 ut
2687 4533 2921 4603 pellibus
2946 4538 3270 4593 animalium
3302 4540 3617 4598 inferiorem
3646 4555 3745 4601 aut

2150 4620 2401 4675 viliorem
2429 4623 2693 4679 cincturae
2726 4641 2888 4680 usum
2915 4628 3505 4697 praehentibusJamen
3537 4636 3746 4692 cortice

2149 4713 2298 4768 omni
2316 4714 2623 4784 aptioribtts
2650 4727 2704 4770 et
2730 4718 3053 4775 melioribus
3105 4730 3160 4776 et
3187 4730 3247 4776 ut
3269 4731 3441 4778 totum
3466 4725 3742 4793 dicamus,

2152 4807 2702 4864 convenientioribus
2736 4812 2922 4866 multis
2956 4812 3395 4873 discriminibus.

454 4898 729 4965 δάζοντες,
760 4898 858 4962 τὰς
927 4898 1036 4953 τῶν
1077 4898 1313 4972 δένδρων
1380 4899 1510 4968 περὶ
1581 4897 1672 4950 τὸν
1736 4895 1919 4964 φλοιὸν
1962 4896 2319 4970 ὲπιδερμίδας
2374 4901 2737 4973 δερματίνους
2777 4904 3009 4974 χιτῶνας
3057 4906 3338 4978 ἐνόμισαν,
3393 4909 3586 4984 ὥσπερ
3632 4914 3743 4968 τῶν

453 4990 740 5061 δερμάτων
770 4989 881 5045 τῶν
913 4990 1021 5044 ἀπὸ
1061 4991 1172 5043 τῶν
1202 4990 1358 5055 ζώων
1404 4986 1814 5057 ἐνδεεστέρανῆ
1850 4986 2183 5058 ἀτιμοτέραν
2224 4993 2324 5062 τῆς
2379 4993 2676 5064 περιϐολῆς
2711 4994 2811 5065 τὴν
2873 4996 3063 5069 χρείαν
3118 5001 3533 5071 παρεχομένων.
3567 5007 3744 5059 καίτοι

457 5080 642 5149 φλοιοῦ
690 5083 895 5147 παντὸς
945 5082 1328 5153 εὐαφεστέρων
1374 5098 1435 5135 τε
1477 5083 1573 5136 καὶ
1630 5078 2041 5152 μαλακωτέρων
2080 5081 2177 5134 καὶ
2213 5082 2275 5137 τὸ
2331 5084 2453 5139 ὅλον
2514 5087 2692 5141 εἰπεῖν
2726 5088 3181 5162 ἐπιτηδειοτέρων
3214 5091 3437 5157 πολλαῖς
3455 5094 3743 5169 διαφοραῖς

458 5172 834 5246 ὑπαρχόντων.

1003 5267 1342 5321 ΕΡΩἸΊΙΣΙΣ
1366 5267 1486 5321 OA'.

458 5359 613 5428 Πρὸς
638 5361 775 5414 τίνα
803 5358 1079 5414 διάνοιαν
1105 5360 1263 5427 ἡμᾶς
1298 5358 1675 5429 παραπέμπει
1704 5359 1774 5429 τό
1798 5375 1817 5429 '7
1852 5376 1879 5429 «Α
1916 5358 2039 5410 Οὐκ

527 5430 604 5485 ἂν
633 5431 821 5498 ὀρθῶς
850 5430 1287 5499 προσενέγκῃς,
1350 5427 1542 5498 ὀρθῶς(
1576 5429 1644 5483 δὲ
1669 5428 1756 5499 μὴ
1793 5427 2035 5496 διέλῃςο

527 5500 828 5572 ἧμαρτες;
860 5503 1206 5572 τ’]σύχασον,
1247 5522 1265 5553 ι
1300 5519 1355 5554 κ.
1391 5517 1443 5555 τ.
1477 5500 1527 5553 λ.

2511 5263 2842 5331 ρυλεδτιο
2874 5264 3038 5321 LXXI
3064 5268 3163 5338 [αι.
3189 5267 3375 5341 LXX].

2145 5355 2228 5410 Ad
2254 5428 2263 5431 _
2288 5372 2591 5431 quemnam
2624 5375 2835 5413 sensum
2905 5375 3000 5413 nos
3036 5362 3200 5415 mittit
3265 5363 3402 5417 illud
3429 5380 3449 5418 :
3496 5363 3739 5431 «Nonne,

2217 5428 2265 5481 si
2282 5438 2417 5481 recte
2446 5429 2723 5505 obtul‘eris,
2752 5440 2888 5483 recte
2916 5446 3033 5484 vero
3064 5449 3163 5486 non
3186 5432 3451 5501 diviseris,
3466 5440 3700 5505 peccasti
3716 5428 3745 5491 2)

2218 5507 2352 5565 tace,
2390 5517 2408 5550 ι
2440 5508 2491 5552 et
2524 5501 2749 5570 reliqua.

1507 5613 1652 5664 Edita
1682 5628 1711 5665 a
1732 5613 1877 5675 Maio,
1907 5615 1944 5664 l.
1966 5627 2034 5675 c.,
2065 5629 2114 5678 p.
2135 5613 2300 5665 87-89.
2327 5614 2383 5663 In
2409 5613 2533 5663 Gen.
2574 5627 2639 5675 tv,
2667 5614 2714 5664 7.

529 5722 602 5776 Τὸ
630 5722 808 5795 παρὸν
834 5720 1034 5793 χωρίον
1063 5720 1340 5793 διαφόροις
1394 5724 1717 5795 ἑρμηνείαις
1748 5724 2047 5779 ὑποϐάλλε-

461 5816 584 5870 seu:
618 5816 861 5881 δύναται,
891 5814 1050 5869 τοῦτο
1096 5813 1194 5884 μὲν
1243 5816 1341 5886 τῆς
1376 5817 1739 5885 ἀναγνώσεως
1778 5819 2044 5890 διαφορὰς

2228 5724 2481 5778 Praesens
2511 5722 2666 5777 locus
2715 5722 2951 5777 diversis
2978 5722 3526 5793 interpretationibus
3541 5722 3742 5795 subjici

2154 5825 2354 5887 potest,
2393 5815 2523 5873 hinc
2547 5815 2767 5885 quidem
2801 5816 3041 5873 lectione
3071 5818 3369 5875 varietates
3399 5828 3741 5890 proponeute
