4144 6500
457 385 566 451 443

1613 364 1884 430 ΡΗΟΤΙῙ
1916 361 2193 426 PATRIA
2201 362 2426 424 RCHlE
2459 362 2571 424 CP.

3684 352 3807 418 446

457 502 640 568 duas;
680 496 832 554 illinc
856 506 985 549 vero
1014 487 1177 547 dictis
1230 486 1421 543 varios
1492 493 1683 556 tropos
1737 483 2042 553 ﬁgurarum

2157 478 2600 552 προϐαλλομένης
2645 474 2777 531 δύοο
2833 474 2996 530 τοῦτο
3022 475 3080 530 δὲ
3116 473 3213 529 τοῦ
3260 473 3433 546 ῥητοῦ
3465 472 3807 544 διαφόρους

458 593 706 662 accipere
726 586 890 643 natis.
910 584 1016 641 Sed
1045 593 1099 639 et
1130 582 1264 637 illud
1290 599 1307 635 :
1331 597 1351 632 ι
1374 578 1453 635 Ad
1484 586 1537 636 te
1558 577 1851 634 conversio
1872 575 2045 647 ejus,»

459 686 528 741 de
551 680 783 739 diversis
809 678 973 733 rebus
1006 674 1228 747 proprie
1248 680 1427 744 potest
1461 671 1627 729 sumi.
1655 670 1820 742 lgitur
1852 683 2054 724 secun-

460 774 592 826 dum
636 769 926 825 lectionem
958 764 1197 819 varietas
1226 763 1282 817 in
1324 760 1776 833 interrogativam
1815 758 2052 818 formam

459 875 518 920 et
569 859 997 918 declaratoriam
1055 856 1249 911 dividit
1308 852 1634 925 eloquium;
1682 851 1845 924 quale
1887 860 1974 908 est
2033 869 2048 908 :

465 976 486 1008 ι
524 954 716 1009 Nonne
738 952 785 1008 si
832 960 979 1007 recte
1024 949 1242 1019 quidem
1272 946 1562 1011 obtuleris,
1585 952 1732 999 recte
1770 957 1902 998 vero
1940 956 2051 997 non

459 1046 739 1112 diviseris,
766 1054 821 1100 et
856 1043 952 1097 tibi
980 1050 1168 1097 notum
1235 1050 1317 1096 est
1346 1050 1402 1095 et
1455 1036 1816 1094 indubitabile
1863 1045 1916 1092 te
1951 1050 2053 1108 pe-

459 1154 618 1194 casse
638 1138 662 1191 Y
682 1156 702 1189 ι
745 1133 811 1189 Et
842 1134 962 1189 vide
983 1133 1272 1203 benignam
1304 1129 1628 1201 sapientiam
1661 1126 1780 1194 Dei,
1803 1127 2050 1198 judicem

461 1228 641 1297 ipsum
673 1224 817 1280 sistit
848 1222 941 1292 qui
999 1219 1249 1292 peccavit
1310 1218 1641 1289 iniquitatis,
1694 1226 1757 1270 ut
1800 1217 2051 1287 proprias

461 1316 819 1388 cogitationes
862 1314 953 1368 ille
985 1326 1114 1368 cum
1166 1310 1440 1365 invenerit
1471 1307 1712 1365 ferentes
1771 1308 1824 1362 in
1865 1307 2048 1378 ipsum

461 1407 1004 1472 condemnationem,
1048 1404 1222 1475 magis
1249 1411 1304 1458 et
1352 1404 1420 1456 ad
1453 1400 1834 1471 paenitentiam
1862 1404 2051 1453 currat

461 1510 518 1556 et
557 1499 941 1555 remissionem
964 1495 1128 1550 citius
1169 1492 1427 1548 attrahat.
1463 1490 1529 1545 Et
1560 1488 1846 1561 responsio
1862 1489 2047 1545 statim

462 1593 743 1664 proposita
814 1587 1191 1654 dcmissionis,
1263 1584 1627 1640 nihilominus
1680 1582 1902 1639 silentio
1950 1596 2052 1635 vo-

464 1687 731 1741 luntatem
758 1682 971 1755 perﬁcit
997 1680 1115 1749 eius
1145 1678 1240 1750 qui
1285 1676 1662 1749 interrOgavit,
1690 1684 1745 1729 et
1765 1683 2048 1745 peccatum

464 1779 819 1834 conﬁtentem
848 1790 916 1831 eo
954 1775 1102 1846 quod
1127 1788 1228 1830 nec
1250 1787 1315 1827 os
1336 1769 1551 1842 aperire
1579 1777 1636 1824 et
1670 1782 1859 1823 vocem
1884 1765 2048 1822 emit-

2153 571 2395 643 τρόπους
2456 569 2757 642 σχημάτων
2805 567 3167 639 ἀναδέχεσθαι
3212 567 3568 637 πεφυκότος.
3623 562 3808 617 Ἀλλὰ

2152 666 2263 736 γὰρ
2298 666 2393 720 καί⁵
2422 666 2485 720 τό
2525 680 2538 693 ’
2576 684 2597 717 ι
2626 663 2773 736 Πρὸς
2829 662 2890 716 σὲ
2924 664 2957 734 ἠ
3009 664 3330 733 ἀποστροφὴ
3378 658 3601 723 αὑτοῦ,
3646 677 3666 710 ι
3704 660 3809 712 ἐπὶ

2152 757 2428 830 διαφόρων
2456 756 2802 830 πραγμάτων
2818 754 3036 817 οἰκείως
3057 753 3171 824 ἔχει
3194 753 3417 824 παραλα
3427 750 3804 823 μϐἀνεσθαι.

2163 853 2231 907 Ἦ
2258 852 2358 923 μὲν
2391 852 2487 906 οὖν
2520 851 2664 906 κατά
2695 852 2793 921 τὴν
2828 850 3139 918 ἀνάγνωσιν
3170 848 3407 917 διαφορά
3463 849 3560 910 εἰς
3599 862 3669 898 τε
3703 846 3807 898 τὸν

2154 944 2576 1019 ἔρωτηματικδν
2629 942 2802 997 τύπον
2849 942 2946 995 καὶ
2976 940 3350 1009 ἀποφαντικὸν
3386 938 3806 1010 καταμερίζει

2150 1039 2213 1093 τὸ
2242 1037 2423 1108 λόγιον
2442 1078 2459 1105 ,
2499 1031 2614 1091 οἷον
2634 1052 2650 1069 ο
2679 1054 2698 1088 ι
2732 1037 2869 1107 Οὐχὶ
2888 1035 2956 1090 ἀν
2998 1034 3175 1107 ὀρθῶς
3212 1034 3312 1105 μὲν
3350 1033 3801 1106 προσενέγκῃς,

2151 1130 2330 1203 ὀρθῶς
2366 1130 2424 1184 δὲ
2460 1132 2537 1203 μὴ
2577 1130 2782 1204 διέλῃς,
2816 1128 2907 1185 καὶ
2938 1130 3020 1182 σοί
3041 1127 3321 1200 γνὼριμόν
3361 1129 3493 1181 έστι
3534 1126 3646 1181 καὶ
3692 1127 3804 1181 ἁνο

2151 1223 2455 1294 αμφίϐολον
2498 1224 2583 1276 ὅτι
2612 1223 2855 1293 ἥμαρτες
2881 1239 2897 1288 ;
2922 1240 2941 1274 ι
2981 1222 3074 1275 καί
3108 1222 3208 1276 ὅσα
3241 1221 3339 1292 τὴν
3362 1219 3806 1291 φιλάνθρωπον

2154 1315 2350 1385 σοφίαν
2376 1314 2473 1368 τοῦ
2501 1312 2663 1380 Θεοῦ,
2696 1312 2891 1385 κριτὴν
2922 1312 3086 1367 αὑτὸν
3118 1311 3331 1376 καθίζει
3370 1311 3473 1365 τὸν
3508 1312 3801 1383 ἡμαρτη-

2151 1407 2288 1461 κότα
2309 1405 2405 1460 τοῦ
2437 1406 2779 1476 ἀδικήματος
2800 1446 2816 1473 ,
2874 1406 2960 1459 ἵνα
2983 1406 3111 1469 τοὺς
3157 1405 3393 1469 οἰκείους
3458 1402 3805 1474 λογισμοὺς

2152 1500 2361 1561 ἐκεῖνος
2390 1496 2568 1567 εὑρὼν
2599 1497 2867 1567 φέροντας
2889 1496 3039 1569 αὗτῷ
3066 1497 3165 1568 τὴν
3204 1496 3604 1566 κατάγνωσιν.
3643 1495 3800 1567 μᾶλ-

2151 1590 2242 1644 λόν
2276 1606 2337 1643 τε
2363 1589 2501 1661 πρὸς
2533 1591 2825 1661 μετάνοιαν
2853 1589 3040 1662 δράμῃ
3066 1590 3161 1643 καὶ
3193 1590 3289 1661 τὴν
3323 1589 3537 1659 ἄφεσιν
3582 1590 3802 1644 θᾶττον

2153 1682 2650 1753 συνεπισπάσηται.
2703 1683 2815 1736 Καὶ
2866 1683 2901 1752 ἡ
2955 1682 3249 1753 ἀπόκρισις
3301 1683 3360 1736 δὲ
3402 1684 3471 1736 τὸ
3519 1684 3801 1755 ἐναργῶς

2152 1774 2581 1845 προϐαλλομένη
2610 1775 2709 1846 τῆς
2740 1774 3217 1843 συγκαταθέσεως,
3248 1775 3403 1828 οὐδὲν
3429 1774 3691 1829 ἔλαττον
3723 1777 3798 1847 τῇ

462 1880 579 1926 tere
618 1869 818 1925 audeat
857 1869 941 1923 vel
973 1842 1245 1921 nolentem
1261 1880 1386 1920 eum
1422 1863 1517 1933 qui
1548 1862 1794 1933 peccavit
1816 1861 2047 1915 demon-

2157 1842 2332 1938 σιωπῇ
2377 1842 2447 1921 τδί
2475 1842 2729 1938 βούλημα
2772 1842 3024 1937 περαίνει
3071 1866 3167 1920 τοῦ
3214 1869 3648 1939 ἐρωτήσαντος,
3694 1842 3797 1921 καί

464 1971 623 2017 strat.
651 1960 864 2015 Etenim
892 1960 1028 2015 solet
1054 1954 1580 2027 interrogationibus
1608 1970 1749 2025 quas
1769 1951 2048 2008 confessio

463 2063 520 2109 et
546 2052 807 2107 demissio
834 2051 1293 2120 interrogatorum
1326 2045 1617 2102 manifesm
1657 2056 1710 2101 et
1746 2044 2052 2099 indubitate

465 2146 718 2214 sequitur
759 2158 867 2197 non
907 2141 1089 2197 minus
1116 2139 1394 2196 silentium
1436 2139 1637 2194 habere
1672 2139 1779 2192 vim
1815 2137 1909 2193 sed
1932 2153 2050 2194 ma-

464 2236 550 2307 gis
573 2236 913 2291 enuntiantis
962 2234 1115 2289 vocis
1138 2232 1549 2296 demissioncm,
1577 2240 1633 2286 et
1672 2230 2053 2300 reprehensio-
2082 2220 2091 2225 ’

465 2340 612 2390 nem,
645 2324 690 2378 si
714 2332 861 2378 certe
898 2323 1015 2377 vult
1071 2322 1176 2376 hoc
1206 2322 1573 2390 interrogans,
1596 2319 1897 2374 acutiorem
1922 2316 2053 2373 facit

462 2423 519 2469 et
552 2415 929 2483 potentiorem.
962 2410 1219 2466 Formam
1253 2410 1419 2480 igitur
1442 2409 1891 2480 interrogationis
1932 2423 2055 2462 sus-

465 2506 676 2575 cipiens
745 2522 929 2561 sermo
979 2506 1318 2576 propositam
1391 2504 1641 2558 enuntiat
1699 2501 2051 2557 sententiam.

464 2596 836 2652 Declaratoria
870 2607 1054 2651 autem
1082 2596 1256 2650 forma
1291 2595 1537 2650 vestibus
1576 2609 1683 2648 non
1726 2608 1837 2647 uno
1873 2600 1928 2647 et
1957 2607 2054 2646 eo-

464 2691 589 2746 dem
634 2690 954 2745 charactere
992 2689 1145 2743 varis
1186 2687 1509 2743 enuntiatur
1540 2686 1707 2757 ;quia
1730 2695 1785 2741 et
1822 2684 2055 2740 diversis

468 2781 643 2850 trepis
670 2780 1086 2850 compositionis
1114 2796 1213 2850 per
1236 2796 1400 2851 quam
1431 2781 1699 2836 dictiones
1722 2781 1788 2835 ad
1826 2780 2055 2835 invicem

467 2883 747 2943 aptantur,
778 2874 893 2927 vult
918 2872 1174 2943 proferri.
1198 2873 1309 2927 Aut
1326 2874 1474 2928 enim
1498 2873 1786 2928 declarans
1816 2873 2058 2929 declarat

470 2980 580 3019 non
600 2965 645 3019 si
675 2965 813 3019 bene
834 2965 1124 3029 obtuleris,
1178 2974 1330 3020 recte
1390 2975 1572 3019 autem
1627 2981 1734 3018 non
1777 2966 2054 3029 diviseris,

470 3066 533 3110 ttt
570 3058 713 3128 quod
747 3074 854 3112 non
888 3067 1037 3113 recte
1080 3059 1348 3125 obtulisti,
1378 3059 1527 3129 quod
1576 3073 1753 3127 neque
1794 3068 1942 3113 recte
1974 3058 2057 3112 di-

2157 1956 2257 2029 τὴν
2285 1959 2564 2029 ἁμαρτίαν
2626 1958 2996 2030 ὁμολογοῦντα
3049 1958 3128 2029 τῷ
3177 1959 3314 2030 μηδὲ
3360 1961 3554 2030 στόμα
3588 1960 3795 2031 διᾶραι

2155 2052 2251 2105 καὶ
2281 2050 2465 2120 φωνὴν
2521 2050 2741 2119 ἀφεῖναι
2791 2050 3014 2122 θαρρεῖν
3050 2050 3145 2103 καὶ
3188 2051 3263 2121 μὴ
3309 2052 3665 2122 βουλόμενον
3692 2051 3794 2105 τὸν

2154 2143 2518 2215 ἡμαρτηκότα
2555 2143 2916 2198 ἐπιδείκνυσι.
2946 2146 3053 2197 Καί
3080 2146 3188 2216 γὰρ
3215 2146 3373 2198 εἴωθε
3398 2148 3527 2209 ταῖς
3562 2148 3794 2217 ἐρωτή-

2156 2252 2306 2289 σεσιν
2354 2230 2443 2297 αῖς
2472 2235 2506 2305 ἡ
2542 2234 2799 2304 ὁμολογία
2854 2234 2949 2287 καὶ
2994 2234 3395 2303 συγκατάθεσις
3441 2236 3567 2288 τῶν
3625 2238 3785 2306 ἐρω-

2155 2328 2415 2397 τωμένων
2443 2327 2763 2397 περιφανῶς
2790 2345 2850 2380 τε
2883 2329 2976 2382 καὶ
3000 2328 3342 2392 ἀδιστάκτως
3370 2329 3583 2383 ἕπεται
3612 2329 3787 2382 οὐδὲν

2156 2417 2377 2470 ἔλαττον
2404 2418 2435 2486 ἠ
2473 2415 2856 2487 ἀποσιώπησις
2887 2416 3084 2486 ἔχουσα
3118 2417 3217 2488 τὴν
3248 2417 3421 2486 ἰσχὺν,
3463 2416 3618 2469 ἀλλὰ
3635 2416 3790 2485 μᾶλ-

2155 2509 2247 2562 λον
2264 2509 2363 2579 τῆς
2388 2506 2840 2578 ἀπαγγελλούσης
2867 2509 3048 2577 φωνῆς
3075 2512 3172 2578 τὴν
3199 2507 3645 2577 συγκατάθεσιν.
3669 2508 3791 2560 Καὶ

2155 2600 2247 2653 τὸν
2278 2600 2503 2669 ἔλεγχον
2527 2600 2592 2654 ἂν
2623 2599 2731 2671 ἀρα
2751 2599 2909 2652 τοῦτο
2941 2597 3192 2669 βούλεται
3216 2602 3244 2653 6
3278 2598 3535 2667 ἐρωτῶν,
3570 2596 3789 2667 δριμύ-

2155 2692 2313 2762 τερόν
2333 2709 2391 2745 τε
2425 2693 2572 2745 ποιεῖ
2601 2692 2696 2745 καὶ
2754 2692 3239 2762 ὲπικρατέστερον.
3298 2692 3500 2761 Σχῆμα
3550 2691 3660 2763 μὲν
3685 2685 3787 2744 οὖν

2158 2782 2481 2853 ἐρωτήσεως
2531 2781 2924 2852 ἀναδεχόμενος
2968 2782 2995 2834 ὀ
3049 2781 3208 2848 λόγος
3247 2781 3348 2852 τὴν
3379 2780 3787 2851 προκειμένην

2158 2873 2493 2942 ἀπαγγέλλει
2540 2873 2781 2928 διάνοιαν
2802 2890 2817 2908 ⁸
2844 2892 2923 2943 τῳ
2954 2871 3314 2943 ἀποφαντικῷ
3356 2871 3413 2925 δὲ
3456 2871 3609 2925 εἴδει
3641 2887 3786 2942 μορ-

2160 2966 2428 3035 φούμενος
2458 2965 2557 3036 οὐχ
2582 2966 2663 3017 ἐνὶ
2694 2966 2787 3020 καί
2817 2964 2895 3035 τῷ
2919 2963 3069 3035 αὖτῷ
3084 2964 3396 3037 χαρακτῆρι
3434 2962 3546 3033 τῆς
3585 2964 3786 3033 φωνῆς

2160 3058 2599 3126 ἀπαγγέλλεται·
2662 3058 2892 3127 ἐπείπερ
2952 3057 3048 3110 καὶ
3075 3056 3353 3127 διαφόροις
3393 3054 3638 3126 τρόποις
3676 3053 3784 3123 τῆς

470 3152 647 3207 visiin
682 3168 699 3218 ;
749 3163 841 3206 aut
887 3151 1015 3221 quia
1049 3167 1154 3206 non
1182 3151 1422 3207 divisisti
1456 3160 1625 3214 recte,
1664 3150 1766 3205 etsi
1802 3159 1949 3206 recte
1967 3149 2054 3205 of-

2162 3152 2464 3214 συνθέσεως
2510 3150 2580 3204 δι’
2627 3144 2697 3221 ἧς
2749 3152 2805 3204 αί
2851 3150 3026 3215 λέξεις
3087 3148 3345 3219 ἀλλήλαις
3399 3146 3780 3218 ἁρμόζονται,

474 3244 618 3299 ferre
650 3244 802 3299 visus
859 3243 1031 3297 fueris
1059 3243 1179 3307 tibi,
1236 3243 1495 3312 peccasti.
1529 3240 1747 3296 Etenim
1774 3257 1881 3297 non
1912 3240 2054 3295 divi-

471 3336 645 3391 sionis
675 3345 958 3405 peccatum
991 3334 1285 3391 oblationis
1325 3335 1595 3389 rectitudo
1634 3349 1741 3388 non
1796 3336 2057 3389 correxit.

471 3426 607 3481 Illud
639 3428 838 3498 igitur,
891 3426 1156 3493 Peccasti,
1215 3426 1571 3496 interrogatio
1625 3425 1846 3496 quidem
1901 3424 2058 3495 juxta

470 3518 921 3589 consequentiam
953 3527 1009 3572 et
1036 3518 1460 3573 continuitatem
1520 3518 1770 3572 enuntiat
1801 3518 2061 3586 praeordi-

473 3616 729 3662 natarum
759 3606 1091 3671 dictionum;
1140 3604 1296 3675 juxta
1331 3605 1759 3660 declarationem
1782 3620 1911 3659 vero
1936 3620 2062 3674 pro-

472 3695 735 3759 latorum,
768 3703 1004 3764 uterque
1033 3709 1216 3748 sermo
1246 3694 1548 3749 secundum
1611 3695 1937 3749 divisionem
1964 3694 2063 3747 ad-

472 3787 551 3842 dit
575 3786 1009 3857 praecedentibus
1059 3785 1211 3849 illud,
1266 3783 1863 3857 Peccasti;propterea
1928 3801 2062 3842 vero

470 3880 566 3949 qui
616 3894 721 3934 non
765 3879 954 3934 divisit
1002 3888 1167 3944 recte,
1197 3880 1300 3934 etsi
1345 3889 1490 3935 recte
1547 3880 1781 3935 credidit
1840 3880 2060 3949 oil‘errc,

473 3973 834 4028 nihilominus
883 3974 1173 4044 peccavit;
1223 3973 1353 4043 quia
1399 3988 1507 4027 non
1572 3973 1744 4043 magis
1792 3984 1940 4028 recte
1974 3971 2060 4027 fa-

470 4076 621 4121 ctum
669 4065 810 4120 tollit
847 4065 993 4137 quod
1025 4067 1304 4137 praecessit
1345 4074 1628 4137 peccatum
1664 4082 1679 4133 ;
1716 4065 1811 4121 sed
1865 4080 2062 4137 pecca-

475 4169 588 4215 tum
641 4160 917 4215 transiens
941 4166 996 4214 et
1029 4161 1096 4214 ad
1137 4159 1240 4214 sibi
1266 4158 1436 4214 videri
1466 4159 1707 4231 eﬂ'ugere
1750 4171 2058 4230 peccatum,

475 4251 529 4306 in
563 4251 795 4307 rationis
831 4252 1358 4307 exactionemsimul
1380 4251 1639 4306 trahitur.
1674 4251 1887 4307 Etenim
1916 4267 2061 4322 saepe

470 4360 597 4400 cum
634 4344 839 4398 bonum
882 4344 1028 4399 malo
1072 4344 1435 4415 praehabitum
1463 4351 1518 4399 et
1546 4345 1651 4400 vile
1700 4345 2061 4412 nteliori,non

472 4435 845 4491 communicat
898 4435 1074 4506 magis
1130 4436 1365 4505 propria:
1419 4434 1845 4505 pulchritudinis
1911 4435 2059 4507 quod

2162 3244 2335 3298 ἐθέλει
2375 3243 2736 3315 προάγεσθαι.
2761 3243 2832 3296 Ἦ
2853 3242 2964 3313 γὰρ
2992 3244 3020 3295 6
3051 3240 3485 3311 ἀποφαινόμενος
3523 3238 3781 3308 ἀποφαί-

2160 3353 2332 3401 νεται,
2362 3334 2438 3398 ὡς
2470 3335 2572 3388 οὐκ
2620 3334 2687 3388 ἂν
2734 3332 2909 3404 ὀρθῶς
2958 3332 3353 3404 προσενέγκῃς,
3389 3330 3577 3400 ὀρθῶς
3608 3329 3669 3383 δὲ
3703 3328 3783 3398 μὴ

2160 3424 2367 3496 διέ).ῃς’
2399 3419 2510 3477 οἷον
2551 3425 2632 3477 ὅτι
2677 3420 2779 3475 οὐκ
2812 3420 2991 3491 ὀρθῶς
3045 3420 3431 3489 προσήνεγκας
3485 3419 3579 3470 ὅτι
3638 3413 3779 3485 μηδὲ

2160 3516 2355 3578 διεῖλες
2382 3514 2590 3585 ὀρθῶς·
2620 3513 2653 3583 ἢ
2687 3514 2769 3566 ὅτι
2817 3513 2940 3565 ἐπεὶ
2967 3513 3040 3582 μὴ
3071 3510 3262 3575 διεῑλες
3294 3508 3496 3581 ὀρθῶς,
3538 3507 3650 3561 κᾶν
3679 3507 3779 3574 ὀρ-

2162 3606 2271 3668 θῶς
2300 3606 2691 3675 προσενεγκεῖν
2719 3602 2929 3667 έδοξας,
2960 3603 3214 3673 ἥμαρτες
3234 3617 3249 3631 ’
3287 3599 3384 3671 τὴν
3414 3599 3532 3670 γὰρ
3562 3596 3665 3651 τοῦ
3694 3596 3772 3667 μὴ

2161 3695 2381 3759 διελεῖν,
2415 3693 2729 3765 ἁμαρτίαν,
2788 3692 2851 3746 τὸ
2906 3693 3007 3761 τῆς
3061 3689 3431 3763 προσενέξεως
3481 3689 3655 3762 ὀρθὸν
3710 3687 3772 3739 οὐ

2160 3787 2529 3859 διωρθώσατο.
2562 3786 2635 3837 Τὸ
2675 3785 2777 3857 μὲν
2812 3781 2928 3851 οὖν,
2951 3785 3261 3854 Ἦμαρτες,
3289 3785 3323 3854 ὴ
3358 3782 3455 3853 μὲν
3487 3780 3774 3853 ἐρώτησις

2162 3881 2304 3935 κατά
2327 3879 2617 3934 συνέπειάν
2667 3896 2726 3932 τε
2775 3878 2872 3933 καὶ
2929 3878 3215 3949 συνέχειαν
3274 3875 3621 3944 ἀπαγγέλλει
3658 3872 3772 3927 τῶν

2162 3971 2621 4044 προτεταγμένων
2642 3970 2871 4039 λέξεων·
2895 3971 3005 4024 τῶν
3044 3970 3103 4024 δὲ
3149 3968 3291 4022 κατά
3314 3968 3599 4037 ἀπόφασιν
3630 3980 3770 4036 προ-

2161 4064 2561 4136 ενηνεγμένων,
2592 4064 2849 4135 ἑκάτερος
2889 4063 3046 4133 λόγος
3099 4062 3241 4116 κατά
3286 4060 3581 4132 διαστολὴν
3642 4060 3769 4112 ἑπι-

2163 4159 2321 4229 φέρει
2371 4160 2484 4222 τοῖς
2539 4157 2874 4228 προλαϐοῦσι
2902 4157 2992 4223 τὸ,
3032 4157 3279 4227 ἥμαρτες
3301 4170 3314 4184 ο
3350 4154 3437 4207 διὰ
3466 4154 3637 4207 τοῦτο
3661 4152 3716 4205 δὲ
3736 4148 3765 4199 6

2165 4256 2241 4323 μὴ
2274 4250 2465 4304 διελὼν
2491 4250 2705 4320 ὀρθῶς,
2748 4250 2854 4304 κᾶν
2908 4249 3085 4321 ὀρθῶς
3136 4249 3280 4313 ἔδοξε
3343 4247 3760 4319 προσενεγκεῖν,

2159 4341 2312 4396 οὐδὲν
2360 4340 2582 4394 ἔλαττον
2613 4341 2871 4411 Ἦμαρτε
2897 4356 2910 4369 ·
2949 4340 3084 4394 διότι
3124 4341 3187 4393 οὺ
3235 4340 3437 4410 μᾶλλον
3462 4338 3523 4391 τὸ
3555 4352 3761 4407 κατορ-

2161 4435 2333 4490 θωθὲν
2372 4435 2691 4506 ἀφαιρεῖται
2742 4435 2801 4488 τὸ
2850 4434 3065 4504 φθάσαν
3108 4433 3416 4504 ἀμάρτημα
3447 4449 3459 4462 ⁸
3523 4431 3665 4487 ἁλλά
3700 4428 3760 4481 τὸ

471 4522 671 4576 melius
699 4530 782 4577 est
813 4521 1009 4592 pejori,
1041 4523 1135 4577 sed
1161 4524 1327 4579 simul
1360 4523 1575 4580 vilescit
1596 4525 1649 4579 in
1683 4534 1857 4580 totum
1905 4525 2054 4596 pejo-

2159 4526 2535 4598 διαμαρτηθὲν
2582 4526 2859 4580 διαϐαῖνον
2908 4528 3000 4580 καί
3031 4526 3168 4597 πρὸς
3199 4526 3260 4578 τὸ
3297 4525 3455 4589 δέξαν
3491 4524 3759 4594 ἐκφυγεῖν

471 4616 548 4669 ris
609 4614 839 4670 vilitate.
880 4612 947 4668 Et
994 4615 1235 4670 nmndus
1282 4626 1510 4687 tangens
1540 4618 1883 4672 immundum
1912 4618 2057 4687 apud

468 4721 596 4760 eum
627 4706 721 4776 qui
744 4706 1007 4762 divinitus
1028 4708 1276 4764 eruditus
1310 4717 1394 4765 est.
1421 4710 1612 4764 mundi
1643 4711 2054 4781 generationem

469 4799 842 4853 communicat
863 4809 1012 4854 certe
1036 4801 1325 4869 puritatem
1350 4801 1491 4872 apud
1505 4818 1667 4871 quem
1688 4812 1742 4856 et
1762 4803 2053 4872 profanum

471 4884 646 4954 magis
704 4895 899 4939 sancto
951 4896 1217 4941 attactum
1275 4890 1342 4944 ad
1384 4890 1821 4960 profanationem
1889 4891 2055 4946 simul

469 4976 708 5030 trahitur
740 4992 907 5046 quam
974 4980 1151 5034 sancti
1189 4983 1477 5052 participat
1527 4985 1830 5039 sanctitati.
1870 4987 1951 5039 Ac
1969 4985 2053 5041 sic

468 5066 770 5123 discretum
808 5068 950 5125 foret
1003 5072 1135 5127 illud
1175 5089 1187 5126 :
1223 5092 1241 5125 ι
1271 5074 1467 5129 Nonne
1493 5075 1539 5128 si
1577 5084 1724 5130 recte
1745 5075 2012 5130 obtuleris
2034 5114 2050 5142 ,

468 5169 617 5215 recte
662 5175 792 5216 vero
846 5178 954 5218 non
980 5164 1252 5227 diviseris,
1294 5167 1579 5236 peccasti?

2159 4619 2257 4691 τὴν
2281 4619 2581 4690 ἁμαρτίαν,
2609 4621 2689 4685 είς
2737 4620 2796 4673 τὸ
2844 4619 3146 4674 ὑπεύθυνον
3191 4619 3602 4689 συνεφέλκεται.
3649 4613 3757 4669 Καὶ

2160 4712 2270 4783 γὰρ
2298 4710 2560 4775 πολλάκις
2583 4710 2788 4781 ἀγαθὸν
2827 4712 2999 4767 κακοῦ
3047 4711 3462 4784 προηγούμενον
3492 4713 3587 4764 καὶ
3614 4707 3755 4778 φαῦ-

2159 4802 2250 4855 λον
2312 4803 2617 4871 ἀμείνονος,
2661 4803 2721 4857 οὐ
2770 4804 3089 4875 μεταδίδωσι
3133 4803 3335 4873 μᾶλλον
3392 4804 3493 4873 τῆς
3546 4800 3755 4859 οἰκείας

2160 4890 2429 4961 καλλονῆς
2457 4892 2515 4945 τὸ
2544 4895 2790 4965 κρεῖττον
2845 4894 2924 4965 τῷ
2962 4893 3187 4963 χείρονι,
3213 4892 3348 4947 ἀλλὰ
3390 4887 3752 4961 συνεκφαυλί-

2162 4982 2314 5047 ζεται
2339 4984 2416 5046 ὡς
2445 4984 2652 5037 ἐπίπαν
2686 4987 2754 5055 τῇ
2803 4984 2899 5038 τοῦ
2955 4986 3198 5056 χείρονος
3230 4984 3550 5053 φαυλότητι.
3585 4979 3696 5035 Καὶ
3721 4976 3750 5028 6

2161 5075 2399 5146 καθαρὸς
2421 5075 2479 5129 δὲ
2512 5077 2821 5148 ἁπτόμενος
2871 5078 3186 5148 ἀκαθάρτου
3217 5077 3371 5147 παρά
3404 5093 3465 5144 γε
3492 5075 3641 5144 αὐτῷ
3673 5070 3749 5139 τῷ

2162 5168 2349 5222 θεόθεν
2382 5169 2689 5237 σοφισθέντι
2713 5167 2807 5222 τοῦ
2837 5171 3045 5239 κόσμου
3061 5168 3160 5241 τὴν
3179 5168 3397 5238 γένεσιν
3425 5158 3746 5238 μεταδίδωσί

468 5269 533 5321 γε
562 5254 660 5322 τῆς
688 5255 1061 5327 καθαρότητος
1116 5257 1248 5328 παρ’
1280 5252 1325 5326 ᾧ
1360 5260 1455 5313 καὶ
1497 5258 1559 5313 τὸ
1589 5260 1815 5332 βέϐηλον
1886 5261 2083 5333 μᾶλλον
2119 5260 2198 5333 τῷ
2256 5261 2397 5332 ἁγίῳ
2435 5264 2908 5334 προσαπτόμενον,
2964 5264 3101 5333 πρὸς
3127 5263 3227 5333 τὴν
3273 5261 3576 5332 βεϐἡλωσιν
3620 5274 3746 5312 συν-

468 5346 964 5420 εφέλκεται,ἢτοῦ
992 5349 1150 5417 ἀγίου
1187 5351 1594 5422 μεταλαμϐάνει
1655 5353 1757 5423 τῆς
1818 5354 2124 5426 ἁγιότητος’
2165 5352 2282 5408 ἀλλ’
2341 5352 2485 5409 οὕτω
2540 5355 2638 5425 μὲν
2701 5355 2770 5409 ἂν
2835 5355 3239 5428 διευκρινηθείη
3288 5355 3378 5409 τό·
3436 5372 3456 5407 ι
3514 5354 3630 5407 Οὐκ
3679 5348 3744 5404 ἂν

466 5439 643 5509 ὀρθῶς
700 5442 1098 5516 προσενέγκῃς,
1169 5445 1345 5517 ὀρθῶς
1392 5445 1452 5498 δὲ
1507 5447 1583 5518 μὴ
1623 5446 1834 5519 διέλῃς,
1868 5449 2147 5519 ἥμαρτες
2183 5466 2203 5501 ι

543 5532 699 5600 lllud,
760 5532 918 5600 Tace,
989 5547 1194 5602 autem,
1240 5548 1293 5593 et
1321 5539 1539 5606 quidem
1565 5548 1620 5594 et
1646 5540 1803 5602 illud.
1840 5541 1951 5595 «Ad
2006 5550 2056 5596 te

467 5624 757 5676 conversio
781 5622 902 5691 ejus
925 5663 940 5689 ,
968 5633 1022 5677 et
1044 5634 1098 5678 tu
1136 5625 1285 5682 illius
1307 5625 1731 5683 dominaberis.»
1770 5627 1905 5684 Illud
1929 5627 2055 5700 qui-

468 5714 615 5773 dem,
667 5714 907 5785 Sufﬁciat
946 5718 1062 5783 tibi,
1132 5719 1230 5783 ait,
1278 5718 1422 5789 quod
1471 5722 1754 5791 praecessit
1821 5720 2051 5788 malum,

472 5818 649 5875 neque
672 5817 951 5877 peccatum
971 5822 1137 5880 super
1160 5822 1445 5881 peccatum
1474 5812 1667 5883 addas,
1704 5828 1881 5885 neque
1905 5814 2052 5871 malo

2226 5538 2300 5593 T6
2327 5538 2406 5604 δὲ,
2454 5540 2821 5610 Ἡσύχασον,
2857 5541 2951 5594 καὶ
3003 5539 3111 5611 μὴν
3144 5541 3240 5595 καί
3272 5540 3353 5608 τὸ,
3387 5559 3406 5592 ι
3446 5540 3589 5612 Πρὸς
3628 5538 3735 5609 σὲή

2151 5631 2474 5705 ἀποστροφὴ
2502 5632 2691 5701 αὑτοῦ,
2745 5633 2839 5687 καὶ
2886 5633 2950 5686 σὺ
2985 5634 3149 5687 αὐτοῦ
3198 5635 3386 5706 ἄρξεις
3411 5652 3425 5667 ·
3463 5653 3484 5686 ι
3527 5635 3587 5688 τὸ
3618 5632 3734 5703 μὲν,

2152 5723 2507 5796 ἀρκέσθητι,
2534 5725 2692 5797 φησὶ,
2727 5726 2807 5799 τῷ
2841 5726 3168 5798 προλαϐόντι
3204 5727 3381 5799 κακῷ,
3407 5728 3532 5798 μηδ’
3562 5728 3734 5798 ἀμαρ-

2150 5813 2272 5871 τίαν
2310 5816 2397 5887 ἐφ’
2445 5817 2692 5891 ἁμαρτίᾳ
2748 5818 3033 5893 προσθῇς,
3082 5820 3217 5892 μηδὲ
3264 5819 3422 5891 κακῷ
3471 5819 3531 5874 τὸ
3571 5814 3732 5873 κακὸν
