4144 6456
446 346 553 409 445

1392 348 1491 407 AD
1530 345 2123 407 AMPHILOCIIIUM
2174 344 2519 417 QUIESTIO
2557 346 2796 407 LXXII.

3632 351 3736 418 446

449 458 871 532 κατασκευάσῃς
915 460 1157 528 ἀνίατον,
1214 460 1328 515 ἀλλ’
1379 465 1437 515 ὲν
1489 464 1569 534 τῷ
1608 462 1796 533 ἡσύχῳ
1839 480 1900 516 τε
1939 463 2030 516 καὶ

2136 457 2336 511 malum
2368 471 2528 526 pares
2564 456 2888 525 insanabile,
2927 459 3021 515 sed
3052 459 3104 515 iu
3137 460 3356 517 silentio
3385 471 3439 518 et
3463 467 3736 537 tranquil-

450 553 714 623 ἀταράχῳ
744 552 845 622 τῆς
872 553 1112 623 κρίσεως
1158 554 1219 607 τὸ
1248 554 1368 607 καθ’
1400 554 1592 607 ἑαυτὸν
1629 556 1909 624 σκοπήσας
1941 554 2038 608 καὶ

448 645 510 698 τὸ
540 644 774 715 μέγεθος
800 644 895 698 τοῦ
926 646 1320 717 ἁμαρτήματος
1370 645 1570 710 συνείς.
1608 646 1674 700 Τί
1708 648 1816 718 γὰρ
1854 647 2037 717 μεῖζον

453 740 533 801 είς
558 738 819 792 ἀπόνοιαν
847 740 948 809 τῆς
1001 739 1138 803 ἰδίας
1187 739 1382 808 ἡδονῆς
1411 739 1472 793 τὸ
1523 739 1667 793 θεῖον
1698 740 1862 803 σέϐας
1893 758 2037 812 παρ-

457 830 585 882 ιδεῖν
606 828 750 898 ;Τῆς
796 829 1084 899 μετανοίας
1112 829 1271 897 γενοῦ
1298 830 1394 884 καὶ
1439 830 1530 885 διὰ
1568 831 1879 895 θεοσεϐείας
1905 830 2039 885 εἰλι-

455 921 674 992 κρινοῦς
708 920 804 977 καὶ
852 921 1273 991 εὐγνωμοσύνης
1302 921 1363 973 τὸ
1392 921 1785 992 πλημμεληθὲν
1814 920 2036 987 egoen»-

456 1033 567 1079 σαι,
615 1014 811 1068 σαυτὸν
876 1013 1193 1084 ἀνορθώσας
1231 1013 1325 1069 τοῦ
1352 1013 1645 1085 πτώματος
1668 1031 1683 1046 °
1708 1014 1770 1067 τὸ
1794 1014 1872 1079 δὲ,
1898 1034 1915 1066 ι
1943 1015 2040 1069 καὶ

457 1111 519 1161 σὺ
549 1106 713 1163 αὐτοῦ
769 1107 976 1178 ἄρξεις,
1008 1127 1026 1159 ι
1066 1108 1187 1161 καθ’
1220 1108 1414 1178 ἑτέραν
1472 1108 1571 1177 μὲν
1634 1109 1879 1180 ἐκδοχὴν,
1915 1109 2038 1165 οὐδὲ

453 1199 514 1252 τὸ
543 1199 634 1253 σόν
664 1216 833 1269 φησιν
860 1201 921 1253 οὐ
953 1200 1287 1271 προσδεχθὲν
1326 1200 1498 1272 δῶρον
1530 1203 1611 1266 είς
1639 1201 1825 1274 ἕτερον
1858 1220 2037 1275 παραο

453 1292 757 1363 πέμπεται,
793 1293 913 1347 οὐδέ
932 1294 1054 1348 τινά
1081 1312 1161 1348 σοι
1191 1292 1394 1365 ζημίαν
1419 1295 1481 1349 τὸ
1503 1296 1869 1366 άπρόσδεκτον
1899 1314 2037 1369 προ-

451 1381 612 1447 ξενεῖ,
667 1381 803 1435 ἀλλά
856 1383 995 1452 πρὸς
1060 1385 1120 1438 σὲ
1166 1383 1331 1438 πάλιν
1375 1386 1803 1455 ἀποστρέφεται.
1832 1388 1944 1440 Καὶ
1969 1387 2035 1441 σὺ

448 1472 547 1541 τὴν
568 1472 817 1537 ἐξουσίαν
842 1472 1007 1527 αὐτοῦ
1047 1473 1142 1528 καὶ
1185 1475 1485 1547 κυριότητα
1523 1476 1600 1541 ὡς
1641 1478 1735 1530 καὶ
1768 1482 2036 1549 πρότερον

436 1564 623 1630 ἔξεις·
660 1565 918 1636 οὐδεμίαν
946 1567 1011 1621 ἐκ
1049 1567 1148 1637 τῆς
1183 1572 1576 1640 προσαγωγῆς,
1607 1568 1747 1640 πλὴν
1777 1571 1878 1625 ὅσα
1897 1588 1960 1641 γε
2001 1572 2033 1643 ἡ

451 1657 695 1727 ἁμαρτία
750 1657 1077 1730 ἐλυμήνατο.
1127 1659 1333 1732 ζημίαν
1376 1662 1619 1726 ὑποστάς
1644 1678 1659 1694 ο
1701 1662 1817 1716 ἀλλ’
1855 1666 1903 1717 εἰ
1936 1664 2037 1735 μὲν

450 1751 543 1803 ἐπὶ
596 1749 690 1803 τοῦ
732 1751 1205 1821 προσενεχθέντος,
1274 1771 1295 1806 ι
1340 1753 1436 1809 καὶ
1465 1756 1531 1809 σὺ
1575 1756 1742 1810 αὐτοῦ
1770 1756 1977 1829 ἄρξεις,
2012 1775 2030 1810 ι

451 1837 745 1905 ὲξακούσαί
794 1856 877 1903 τις
914 1839 975 1893 τὸ
1021 1840 1203 1909 λόγιον
1254 1843 1454 1911 ἐθέλοι,
1484 1845 1744 1915 τοιαύτην
1778 1847 1902 1901 τινα
1933 1845 2032 1918 τὴν

449 1928 749 1994 ἀνάπτυξιν
771 1931 1016 2004 εὑρήσει.
1068 1935 1130 1988 El
1158 1935 1216 1989 δὲ
1248 1936 1371 1989 καθ’
1414 1936 1609 2005 ἑτέραν
1644 1939 1904 2009 ἐπιϐολὴν
1938 1938 2033 1993 καὶ

450 2020 543 2073 ἐπὶ
576 2019 671 2074 τοῦ
702 2022 891 2087 Ἀϐελ,
946 2022 1004 2089 ὃς
1059 2025 1237 2095 ὀρθῶς
1279 2043 1339 2080 τε
1388 2026 1551 2080 διεῖλε
1596 2028 1691 2082 καὶ
1748 2030 1811 2082 τὸ
1861 2029 2034 2100 δῶρον

451 2114 826 2185 προσήνεγκεν
854 2115 1029 2187 ὀρθῶς
1057 2117 1149 2170 καὶ
1185 2117 1282 2188 τὴν
1313 2117 1522 2172 ἄνωθεν
1560 2119 1811 2173 εἵλκυσεν
1835 2121 2031 2175 ἀποδο-

449 2204 569 2275 χὴν,
619 2199 723 2259 ὧδε
767 2206 833 2260 ἂν
868 2208 902 2277 ἡ
932 2206 1136 2278 θεωρία
1185 2208 1462 2280 προέλθοι.
1507 2210 1709 2274 Οὐδὲν,
1746 2212 1933 2281 φησὶν,
1969 2214 2033 2267 ὲκ

448 2295 543 2349 τοῦ
574 2298 939 2370 προκριθῆναι
966 2299 1065 2370 τὴν
1096 2299 1189 2353 τοῦ
1221 2301 1451 2371 ἀδελφοῦ
1478 2301 1669 2358 θυσίαν
1698 2304 1794 2356 ἐπὶ
1826 2306 1940 2367 τοῖς
1969 2305 2034 2358 ὲκ

448 2388 717 2455 γενέσεως
775 2391 1090 2461 προνομίοις
1138 2391 1447 2461 ὴλάττωσαι
1476 2409 1491 2424 ο
1521 2393 1645 2447 οὐδέ
1701 2412 1784 2459 τις
1830 2394 2033 2466 ἐπῆλθέ

451 2498 533 2537 σοι
560 2482 684 2553 δίκη
714 2482 816 2553 τῆς
842 2483 1054 2554 φαύλης
1101 2484 1419 2557 διαιρέσεως
1451 2488 1551 2557 τῆς
1582 2486 1858 2558 προτέρας
1887 2486 2031 2541 κατὰ

448 2575 539 2628 τὸν
571 2575 685 2646 βίον
713 2576 870 2647 δόξης
894 2576 1253 2636 καθέλκουσα.
1310 2577 1449 2634 Οὐτε
1475 2580 1585 2649 γὰρ
1615 2580 1726 2633 τῶν
1759 2579 2034 2651 πρωτοτό-

448 2686 561 2721 κων
593 2669 714 2723 ἀντὶ
745 2670 837 2722 τού
866 2670 971 2741 πλη
982 2670 1338 2742 μμελήματος
1366 2671 1701 2743 είσεπράχθη
1734 2671 1832 2742 τὴν
1868 2671 2034 2741 ἀφαί-

451 2776 621 2830 ρεσιν,
646 2757 770 2812 οὐτε
804 2760 909 2813 ὑπὸ
938 2762 1098 2832 χεῖρα
1168 2761 1347 2815 τελεῖν
1390 2762 1726 2833 κατεκρίθης
1755 2761 1851 2816 τοῦ
1876 2762 2034 2816 ἀδελ-

448 2850 573 2921 φοῦ,
614 2851 750 2906 ἀλλὰ
784 2852 935 2922 μένει
960 2869 1041 2906 σοι
1061 2852 1131 2906 τὰ
1158 2852 1266 2906 ἀπὸ
1305 2852 1407 2923 τῆς
1431 2854 1701 2922 γενέσεως
1721 2855 1904 2911 δίκαια
1937 2857 2031 2911 καὶ

445 2947 544 3013 τῆς
575 2943 685 2997 τῶν
710 2945 1072 3015 πρωτοτόκων
1097 2946 1263 3015 τιμῆς
1293 2945 1353 3000 τὸ
1386 2946 1623 3017 ἀξίωμα.
1670 2949 1779 3002 Καὶ
1810 2948 1946 3017 πρὸς
1970 2949 2031 3003 σὲ

446 3035 817 3107 ήάποστροφὴ
872 3036 967 3090 τοῦ
1005 3036 1235 3106 ἀδελφοῦ
1286 3054 1380 3090 σου
1436 3038 1621 3092 ἔσται·
1682 3040 1930 3094 τουτέστι
1970 3042 2031 3095 σὲ

444 3128 769 3199 καταφυγὴν
803 3130 897 3183 καὶ
923 3130 1117 3201 βοηθὸν
1164 3129 1371 3200 βλάϐης
1403 3130 1552 3200 αὐτῷ
1572 3132 1907 3204 προσιούσης
1935 3134 2031 3187 ἀλ-

2138 549 2289 604 litate
2315 548 2509 618 judicii
2547 549 2695 620 quod
2730 558 2919 605 contra
2948 560 3003 607 te
3040 554 3218 623 ipsum
3260 566 3343 611 est
3380 565 3659 613 scrutatus
3682 570 3737 613 ct

2139 640 2523 711 magnitudine
2559 641 2767 712 peccati
2801 641 3079 699 intellecta
3117 661 3132 699 :
3180 646 3309 715 quid
3367 647 3513 701 enim
3557 650 3736 716 majus

2138 748 2303 801 quam
2350 731 2403 787 in
2434 732 2709 787 insaniam
2739 736 2973 803 propria.-
3008 735 3306 806 voluptatis
3361 738 3605 792 divinum
3636 756 3737 793 nu-

2138 840 2264 879 men
2294 825 2608 896 negligere?
2644 825 3024 881 Pmnitenssis
3054 838 3105 881 et
3124 844 3219 897 per
3243 829 3335 883 Dei
3368 831 3732 885 reverentiam

2138 916 2410 973 sinceram
2445 926 2500 973 et
2545 917 2889 988 prudentiam
2918 920 3064 989 quod
3090 922 3399 990 neglectum
3433 934 3520 977 est
3549 926 3733 992 expia,

2139 1013 2485 1081 temetipsum
2510 1012 2756 1067 excitans
2783 1027 2810 1065 a
2842 1028 2995 1067 rasu.
3038 1010 3152 1068 Hoc
3176 1028 3325 1076 vero,
3355 1034 3373 1067 ‹
3401 1015 3466 1070 Et
3498 1024 3553 1071 tu
3586 1017 3735 1072 illius

2138 1104 2567 1169 dominaberis.)
2615 1104 2771 1175 juxta
2835 1105 2996 1159 aliam
3046 1105 3267 1177 quidem
3323 1110 3731 1179 acccptionem,

2142 1211 2253 1250 non
2287 1204 2468 1262 tuum,
2522 1197 2635 1261 ait,
2692 1212 2802 1252 non
2868 1210 3151 1267 acceptum
3199 1209 3412 1253 tantum
3464 1200 3516 1254 in
3562 1202 3731 1257 alium

2140 1286 2556 1351 transmittitur,
2588 1304 2690 1342 nec
2721 1287 2940 1358 aliquod
2988 1289 3086 1344 tibi
3135 1290 3395 1345 damnum
3427 1291 3734 1364 inacceptio

2138 1380 2319 1445 all‘ert,
2361 1381 2457 1437 sed
2499 1381 2566 1435 ad
2591 1381 2853 1436 teitrrum
2877 1382 3195 1437 revertitur.
3228 1382 3292 1436 Et
3315 1391 3370 1436 tu
3406 1391 3730 1452 potestatem

2137 1476 2257 1547 ejus
2289 1485 2345 1531 et
2380 1476 2811 1532 dominationem
2846 1486 2903 1530 ut
2932 1485 2987 1530 et
3021 1475 3175 1545 prius
3218 1476 3445 1533 habebis
3473 1494 3489 1542 ;
3522 1478 3731 1533 nullum

2137 1585 2204 1624 ex
2233 1569 2525 1639 oblatione.
2576 1569 2680 1624 nisi
2740 1583 3085 1638 quaecunque
3140 1577 3421 1637 peccatum
3453 1571 3731 1636 vastavit,

2138 1661 2401 1717 damnum
2426 1661 2705 1716 sustinens
2734 1678 2750 1726 ;
2779 1659 2872 1713 sed
2904 1658 2949 1712 si
2978 1658 3199 1728 quidem
3229 1658 3296 1714 de
3323 1659 3527 1723 oblato,
3555 1679 3575 1712 ι
3595 1670 3648 1715 ct
3675 1674 3730 1716 tu

2141 1752 2288 1807 illius
2338 1750 2732 1814 dominaberis.
2761 1769 2780 1803 ι
2817 1751 3009 1806 audire
3046 1751 3177 1821 quid
3246 1752 3527 1823 eloquium
3578 1755 3730 1816 velit,

2069 1824 2299 1899 Btalem
2337 1844 2633 1913 quamdam
2694 1842 3115 1911 explicationem
3172 1842 3432 1899 inveniet.
3491 1845 3548 1899 Si
3600 1862 3732 1901 vero

2126 1935 2285 2004 juxta
2316 1935 2541 1989 alteram
2583 1933 2917 1989 additionem
2948 1940 3005 1988 et
3036 1934 3104 1988 de
3127 1933 3297 1989 Abele
3357 1935 3452 2005 qui
3501 1945 3649 1992 recte
3678 1948 3733 1994 vt

2134 2024 2321 2079 divisit
2353 2036 2403 2079 et
2432 2025 2640 2079 donum
2671 2023 2873 2077 obtulit
2895 2032 3042 2078 recte
3094 2031 3148 2077 et
3172 2023 3407 2094 desuper
3433 2027 3598 2082 traxit
3631 2044 3727 2083 ac-

2134 2115 2523 2184 ceptationem,
2543 2115 2623 2168 sic
2645 2113 3036 2185 contemplatio
3066 2116 3413 2184 processerit.
3432 2117 3600 2183 Nihil,
3628 2120 3725 2184 ait,

2137 2223 2201 2264 ex
2263 2208 2577 2278 prtejmlirio
2640 2208 2827 2264 fratris
2888 2206 3124 2263 victimae
3174 2210 3354 2279 quoad
3427 2212 3729 2267 nativitatis

2133 2302 2407 2372 primitias
2460 2301 2763 2357 minoratus
2797 2317 2892 2367 es;
2927 2317 3029 2359 nec
3097 2318 3205 2375 qua
3265 2303 3583 2373 supervenit
3629 2303 3726 2358 tibi

2134 2392 2533 2446 condemnatio
2600 2392 2726 2447 vilis
2764 2391 3057 2448 divisionis
3113 2392 3354 2463 priorem
3426 2394 3728 2448 secundum

2134 2484 2301 2540 vitam
2334 2485 2559 2555 gloriam
2603 2484 2862 2541 deorsum
2896 2487 3142 2541 trahens.
3184 2483 3302 2539 Non
3335 2485 3481 2539 enim
3538 2495 3731 2555 proto-

2132 2588 2418 2648 parentum
2451 2593 2549 2647 pro
2591 2578 2750 2648 culpa
2781 2577 2985 2633 inﬂicta
3017 2588 3102 2635 est
3133 2578 3360 2643 ablatio,
3418 2593 3596 2646 neque
3624 2579 3731 2633 sub

2133 2686 2298 2726 manu
2323 2670 2695 2726 consummari
2721 2670 3012 2726 damnatus
3028 2685 3089 2726 es
3143 2670 3350 2736 fratris,
3382 2670 3474 2726 sed
3507 2680 3732 2725 manent

2133 2763 2230 2818 tibi
2271 2778 2302 2817 a
2332 2762 2692 2833 generatione
2742 2760 2893 2832 jnsta
2927 2771 2982 2818 et
3018 2770 3467 2832 protoparentum
3502 2762 3731 2818 honoris

2132 2856 2389 2927 dignitas.
2422 2855 2490 2910 Et
2538 2856 2604 2909 ad
2640 2864 2691 2910 te
2717 2855 3008 2911 conversio
3035 2853 3221 2910 fratris
3253 2853 3330 2909 tui
3377 2854 3485 2909 erit
3518 2870 3534 2920 ;
3562 2853 3616 2908 id
3644 2862 3733 2910 est

2133 2955 2184 3001 te
2214 2946 2485 3015 refugium
2511 2956 2565 3001 et
2594 2946 2973 3001 auxiliatorem
3022 2946 3207 3001 damni
3248 2946 3352 3016 ipsi
3421 2945 3731 3001 accedentis

2133 3039 2353 3094 aliunde
2373 3048 2578 3094 statuet
2613 3049 2705 3107 ;et
2733 3048 2788 3094 tu
2812 3040 2932 3108 ejus
2964 3038 3357 3110 principatum,
3385 3048 3591 3108 quanta
3619 3035 3729 3093 sal-

2132 3140 2239 3187 tem
2298 3133 2466 3187 donat
2535 3133 2746 3201 primus
2783 3147 3006 3202 parens,
3072 3131 3599 3197 habebis;tantum
3661 3130 3732 3184 de

442 3220 673 3290 λαχόθεν
707 3222 1076 3292 προστήσεται
1101 3237 1116 3254 °
1160 3221 1258 3275 καὶ
1290 3222 1355 3275 σὺ
1414 3222 1578 3277 αὐτοῦ
1607 3223 1707 3293 τὴν
1734 3224 2030 3296 ἡγεμονίαν

2136 3225 2400 3296 neglectis
2458 3224 2600 3290 sile;
2629 3240 2806 3291 neque
2832 3222 3154 3295 tragmdiam
3192 3222 3405 3292 primus
3457 3220 3729 3276 inconde-

443 3314 545 3367 ὅσα
572 3331 636 3381 γε
669 3314 955 3384 χαρίζεται
1020 3314 1049 3367 ὁ
1100 3315 1465 3385 πρωτότοκος,
1514 3314 1690 3381 ἕξεις·
1734 3317 1894 3387 μόνον
1924 3319 2030 3381 τοῖς

2134 3326 2275 3371 natae
2305 3316 2477 3387 culpa:
2516 3315 2833 3370 introduces
2860 3314 2917 3368 in
2972 3313 3178 3378 vitam;
3236 3327 3419 3382 neque
3453 3311 3729 3381 primoge-

443 3402 916 3475 πλημμεληθεῖσιν
954 3404 1331 3475 ὲφησύχασονο
1366 3406 1501 3476 μηδὲ
1544 3406 1853 3479 τραγῳδίαν
1881 3406 2030 3478 πρῶ-

2132 3409 2371 3464 nituram
2417 3408 2721 3464 nativitatis
2773 3405 3261 3477 primogenituram
3305 3404 3515 3459 ambias
3549 3402 3732 3460 facere

440 3511 534 3557 τος
565 3493 953 3564 ἀωγγνὼστου
975 3494 1451 3568 πλημμελήματος
1496 3496 1735 3563 είσάξεις
1776 3498 1857 3569 τῷ
1887 3497 1988 3569 βίῳ
2014 3513 2029 3528 ο

2131 3500 2382 3556 maximae
2409 3511 2463 3556 et
2516 3499 2995 3570 perniciosissima:
3022 3498 3215 3569 culpae,
3254 3505 3315 3552 ut
3350 3512 3419 3551 ne
3452 3505 3506 3550 te
3546 3494 3727 3565 ipsum

445 3585 580 3655 μηδὲ
628 3585 698 3639 τά
754 3585 1104 3657 πρωτοτόκια
1174 3585 1278 3657 τῆς
1338 3587 1611 3655 γενέσεως
1680 3588 2030 3659 πρωτοτόκια

2131 3592 2387 3646 omnibus
2402 3590 2693 3655 destituas,
2725 3604 2847 3660 quae
2880 3597 2936 3644 et
2962 3599 3158 3643 natura
3193 3586 3530 3657 benignitate
3559 3585 3731 3641 Crea-

421 3676 829 3749 ’φιλονοικήσῃς
885 3680 1111 3748 ποιῆσαι
1164 3676 1424 3747 μεγίστου
1493 3677 1587 3731 καὶ¹
1632 3677 2028 3748 όλεθριωτάτου

2133 3684 2271 3739 toris
2304 3684 2546 3748 donavit,
2599 3691 2656 3738 et
2699 3682 2901 3752 quibus
2939 3680 3178 3737 debebas
3234 3679 3506 3750 paenitens
3566 3679 3731 3735 bonis

441 3770 1021 3841 παραπτιῦματοςοῖνα
1039 3771 1115 3844 μὴ
1147 3771 1344 3826 σαυτὸν
1373 3769 2029 3845 ἀπάντωνξστερήσῃς,ὦν

2134 3777 2413 3833 abundare
2442 3786 2496 3831 et
2523 3775 2877 3847 providentiae
2902 3790 2998 3845 per
3043 3775 3210 3830 vitam
3239 3771 3397 3828 multi
3443 3770 3728 3828 modorum

438 3865 561 3933 τεὴ
606 3863 768 3933 φύσις
821 3866 889 3935 τῇ
958 3863 1343 3936 φιλανθρωπίᾳ
1370 3864 1465 3919 τοῦ
1522 3865 2027 3938 δημιουργήσαντος

2136 3868 2526 3924 beneﬁciorum
2553 3869 2757 3924 habere
2788 3868 3126 3924 fruitionem.

440 3955 773 4028 ἐδωρήσατο,
810 3954 908 4009 καὶ
934 3949 1018 4020 οἷς
1047 3954 1274 4027 ἔμελλες
1307 3957 1586 4026 μετανοῶν
1620 3956 1846 4027 ἀγαθοῖς
1900 3959 2307 4032 ὲνευθηνεϊσθαι
2343 3963 2435 4016 καὶ
2492 3962 2591 4031 τῆς
2652 3960 2913 4033 προνοίας
2964 3959 3054 4015 διὰ
3101 3958 3220 4031 βίου
3258 3956 3369 4013 τῶν
3400 3953 3729 4027 πολυτρόπω

437 4049 775 4122 εὐεργεσιῶν
798 4049 946 4121 ἔχειν
976 4048 1076 4121 τὴν
1099 4049 1425 4104 ἀπόλαυσιν.

988 4162 1325 4217 ΕΡΩΤΗΣΙΣ
1360 4160 1481 4219 OB’.

440 4257 560 4335 Τοῦ
583 4255 1224 4335 θεσπεσίουλῌαύλου⁸
1254 4256 1571 4335 λέγοιςτρς·
1609 4270 1629 4335 ε
1679 4252 1892 4335 ἈδὰμΔ
1913 4254 2027 4335 ρύκ

2131 4254 2333 4335 Divian
2356 4252 2526 4307 Paulo
2588 4252 2791 4335 dicente
2829 4266 2864 4335 ,ε
2910 4268 2929 4302 ι
2962 4252 3145 4329 Adam_
3172 4262 3274 4335 non
3335 4252 3470 4335 sedul

506 4326 811 4401 ἠπατήθη,
847 4328 887 4401 ἠ
908 4326 985 4401 δὲ
1008 4326 1165 4401 γυνῂ
1191 4313 1569 4401 ἀπαὲηθεῖοῖα
1598 4323 1676 4401 ἐκ
1691 4313 2027 4401 παραϐάσει

2202 4325 2391 4378 mulier
2422 4326 2787 4401 vero‘seducta
2822 4322 2879 4375 in
2919 4318 3353 4401 prfrvaricatione
3375 4315 3515 4401 fuit,
3547 4313 3721 4367 salva—

507 4385 746 4478 ᾧέγοζὲ,
755 4385 1216 4478 melliﬁci-fiat
1242 4385 1801 4478 ῖῆςὲεκνργςονίαςξ»
1826 4413 1881 4449 κ.
1900 4412 1949 4450 τ.
1971 4394 2024 4450 λ.

2202 4397 2343 4478 bitur
2392 4412 2484 4465 per
2505 4394 2737 4476 ﬁliorum
2760 4390 3167 4478 generationem,
3190 4405 3207 4437 ι
3240 4396 3297 4478 εξ,
3313 4385 3551 4478 φιφτη
3584 4400 3719 4453 quo-

508 4455 635 4535 Ξτῶς
649 4455 920 4522 δεῖνοεῒιὲ
939 4467 1028 4533 τὸ,
1048 4486 1065 4517 ι
1089 4455 1479 4535 Σωθήσίέσθαι
1493 4455 1593 4519 aia
1615 4455 2025 4536 τῆς-’τεκνογο-

508 4539 646 4606 νίας
671 4538 788 4607 τὴν
819 4538 1098 4607 γυναῖκα.
1129 4556 1148 4589 ο

2203 4466 2359 4518 modo
2393 4455 2604 4528 oportet
2648 4455 2939 4532 intelligere
2974 4460 3109 4512 illud
3145 4475 3163 4512 :
3201 4475 3219 4508 ι
3260 4455 3585 4511 Salvandam
3628 4469 3722 4524 per

2200 4537 2439 4604 ﬁliorum
2469 4535 2856 4603 generationem
2888 4529 3216 4585 mulierem.»

506 4548 646 4606 νίας
671 4548 788 4607 τὴν
819 4553 1098 4609 γυναικα.
1129 4556 1148 4589 ο

2200 4548 2439 4604 [ιιιονιιηι
2469 4548 2856 4603 ρειιεναιιοηειη
2888 4548 3181 4585 munerem.

1393 4647 1539 4698 Edita
1560 4661 1586 4697 a
1619 4647 1764 4709 Maio,
1788 4648 1825 4698 ι.
1851 4660 1918 4709 c.,
1950 4661 2001 4711 ι).
2026 4615 2205 4697 εο-εεί
2224 4650 2273 4698 in
2300 4648 2469 4699 I'l‘im.
2497 4662 2548 4709 ιι,
2576 4648 2653 4705 ιι,
2679 4646 2755 4695 15.

506 4761 801 4833 Παραινῶν
847 4760 878 4815 ό
921 4762 1039 4825 τοῖς
1081 4760 1216 4814 πᾶσι
1266 4759 1445 4812 πάντα
1488 4758 1776 4830 γινόμενος
1812 4758 2026 4822 Παῦλος

2198 4760 2426 4815 Monens
2467 4757 2726 4813 ontnibus
2781 4753 2966 4808 omnia
3010 4750 3185 4805 factus
3221 4746 3424 4801 Paulus
3460 4752 3717 4815 oportere

2469 4159 2801 4229 QULSTIO
2825 4156 3012 4214 Lxxu
3060 4155 3158 4229 [αι.
3191 4152 3406 4225 Lxxn.

2910 4268 2929 4302 ι
2962 4248 3133 4301 Adam
3172 4262 3274 4299 non
3335 4244 3580 4298 seductus
3618 4252 3720 4307 est,

431 4856 497 4911 τὸ
525 4856 638 4910 δεῖν
660 4853 1028 4925 ὑποτετάχθαι
1057 4853 1157 4925 τὴν
1177 4854 1414 4921 γυναῖκα
1435 4850 1513 4923 τῷ
1542 4851 1720 4921 ἀνδρὶ,
1754 4850 1853 4904 καὶ
1885 4867 2023 4921 μαν-

434 4951 617 5005 adveni
642 4948 845 5021 μᾶλλον
899 4948 933 5019 ἦ
978 4946 1253 5002 διδάσκειν
1293 4947 1612 5016 ἐπιχειρεῖν,
1653 4944 1711 5008 ἐξ
1745 4942 1923 4997 ἄλλων
1962 4959 2025 4996 τε

435 5040 647 5096 πολλῶν
698 5040 801 5109 τὴν
858 5036 1182 5108 παραίνεσιν
1225 5035 1307 5088 ὅτι
1349 5035 1447 5088 καὶ⁹
1483 5032 1668 5088 δικαία
1708 5032 2024 5103 παρέστησε

433 5134 532 5189 καὶ
562 5132 958 5205 συμφέρουσαο
986 5131 1081 5184 καὶ
1129 5130 1225 5182 νῦν
1255 5128 1331 5191 δὲ,
1365 5147 1382 5180 ι
1419 5127 1574 5193 διότι,
1614 5126 1770 5197 φησὶ,
1809 5124 2025 5196 πρῶτος

432 5226 683 5297 ἐπλάσθη
703 5229 803 5297 τῆς
832 5223 1089 5295 γυναικὸς
1135 5225 1163 5277 ὁ
1190 5223 1348 5291 ἀνήρ.
1378 5240 1396 5273 ι
1448 5217 1583 5275 Εἶτα
1612 5220 1707 5274 καὶ⁵
1743 5221 1774 5290 ἡ
1821 5216 2025 5288 μείζων

433 5321 621 5375 αἰτία·
660 5338 679 5371 ι
719 5318 830 5373 Καὶ
879 5316 1053 5387 ’Λδὰμ
1098 5316 1201 5369 οὐκ
1255 5312 1535 5385 ἠπατήθη,
1575 5310 1692 5365 ἀλλ’
1731 5312 1766 5382 ἡ
1799 5309 1959 5380 γυνὴ,
1999 5327 2018 5361 ι

434 5411 514 5484 θῷ
531 5410 745 5466 δελέατι
804 5398 1178 5481 περιχανοῦσα
1218 5406 1312 5460 καὶ
1360 5404 1439 5476 τῷ
1480 5405 1579 5473 τῆς
1610 5402 1829 5473 ἀπάτης
1863 5400 2027 5468 ἀγκί-

437 5518 586 5575 στρῳ
615 5502 985 5573 περιπαρεῖσα
1008 5498 1108 5568 τὴν
1129 5497 1224 5552 ἀπ’
1257 5494 1424 5551 αὐτοῦ
1450 5493 1664 5566 πληγὴν
1692 5494 1789 5546 καὶ
1816 5491 2023 5563 βλάϐην

437 5598 520 5661 είς
580 5598 675 5651 τὸν
728 5597 901 5668 ἄνδρα
967 5593 1282 5651 διεϐίϐασεο
1315 5592 1505 5663 διόπερ
1552 5591 1931 5661 ἀνεπιτήδειον
1955 5590 2023 5661 τῇ

434 5691 658 5761 γυναικὶ
695 5690 757 5745 τὸ
794 5689 1102 5744 διδάσκειν*
1130 5684 1353 5755 καὶγὰρ
1379 5684 1653 5739 διδάσκειν
1685 5681 2024 5753 προαχθεῖσα

432 5787 527 5837 τὸν
558 5783 806 5855 ἀρχηγὸν
841 5781 1000 5853 ἡμῶν
1047 5778 1143 5834 τοῦ
1187 5779 1377 5849 γένους
1411 5776 1505 5831 τοῦ
1552 5774 1888 5847 παραδείσου
1930 5771 2019 5839 ἐξ·

434 5876 617 5933 έὸαλε.
645 5878 744 5930 Διὰ
774 5874 932 5930 τοῦτο
970 5874 1070 5945 μὲν
1100 5873 1316 5944 εἴρηται
1348 5870 1438 5925 τὸν
1481 5867 1649 5938 ’Λδάμ
1696 5866 1772 5940 μὴ
1801 5867 2017 5936 ἀπατηο

2131 4851 2433 4923 subjectam
2484 4866 2606 4905 esse
2653 4849 2933 4901 mulierem
2991 4844 3134 4905 viro,
3187 4848 3241 4895 et
3275 4838 3488 4893 discere
3542 4837 3717 4905 magis

2130 4960 2294 5015 quam
2332 4945 2525 4999 docere
2552 4950 2783 5002 tentare,
2813 4955 2878 4993 ex
2910 4936 3034 4992 aliis
3055 4931 3632 4988 multishortationem
3661 4938 3717 4983 et

2126 5035 2331 5107 justam
2375 5049 2497 5089 esse
2523 5032 2762 5088 ostendit
2796 5039 2852 5085 et
2877 5026 3063 5081 utilem
3088 5041 3103 5090 ;
3127 5032 3181 5078 et
3218 5036 3367 5076 nunc
3402 5018 3580 5088 «quia,
3613 5017 3711 5082 ait,

2130 5126 2281 5198 prior
2330 5123 2598 5180 formatus
2656 5131 2743 5176 est
2778 5118 3008 5173 muliere
3038 5116 3140 5170 vir.
3172 5132 3190 5165 ι
3224 5111 3424 5166 Deinde
3440 5118 3495 5165 et
3538 5108 3716 5178 major

2131 5222 2271 5277 ratio
2304 5238 2361 5275 τι
2385 5218 2450 5272 Ει
2481 5216 2653 5271 Adam
2686 5228 2793 5267 non
2818 5213 3196 5281 deceptusest,
3215 5205 3309 5261 sed
3345 5203 3593 5264 mulier,»
3615 5202 3714 5255 ha-

2129 5328 2220 5366 mo
2243 5310 2461 5365 hiscens
2485 5317 2540 5362 et
2576 5301 2913 5374 deccptionis
2944 5301 3139 5370 laqueo
3158 5306 3316 5366 capta
3358 5294 3426 5349 ab
3456 5292 3575 5363 ipso
3596 5291 3715 5362 pla-

2128 5418 2251 5473 gam
2286 5410 2342 5456 et
2367 5399 2628 5453 damnum
2668 5394 2723 5448 in
2783 5392 2964 5446 virum
3030 5386 3358 5443 transmisit.
3423 5381 3552 5473 Ideo
3602 5395 3711 5473 non

2128 5471 2284 5545 decet
2313 5486 2530 5543 mulieri
2552 5484 2748 5539 docere
2776 5500 2791 5549 ;
2816 5480 3020 5537 etenim
3081 5479 3281 5533 docere
3314 5472 3571 5546 propulsa
3596 5471 3711 5541 pri-

2126 5593 2279 5634 mum
2325 5575 2519 5631 ducem
2562 5571 2732 5627 nostri
2788 5568 3005 5640 generis
3046 5563 3304 5637 paradiso
3357 5558 3538 5630 ejecit.
3584 5557 3709 5612 Ideo

2122 5766 2253 5841 quia
2293 5780 2403 5821 non
2444 5762 2561 5834 ipse
2589 5760 2683 5818 sed
2714 5758 2825 5814 Eva
2861 5757 3098 5829 primum
3130 5753 3557 5809 instrumentum
3586 5754 3711 5841 post

2123 5837 2433 5932 serpentem
2456 5854 2663 5913 inimici
2680 5852 3052 5928 negotiatione
3070 5845 3456 5919 deceptioncm
3478 5837 3707 5896 invexit.
