  <div class='ocr_page' id='page_1' title='image "/cluster/home/n/w/nwhite01/storage/ocr_20150623/101:no.1/coo.31924054870054/249.png"; bbox 0 0 4144 6448; ppageno 0'>
   <div class='ocr_carea' id='block_1_1' title="bbox 560 299 668 365">
    <p class='ocr_par' dir='ltr' id='par_1_1' title="bbox 560 299 668 365">
     <span class='ocr_line' id='line_1_1' title="bbox 560 299 668 365; baseline 0.028 -4"><span class='ocrx_word' id='word_1_1' title='bbox 560 299 668 365; x_wconf 73' lang='grc'><strong>44⁷1</strong></span> 
     </span>
    </p>
   </div>
   <div class='ocr_carea' id='block_1_2' title="bbox 1722 300 2697 369">
    <p class='ocr_par' dir='ltr' id='par_1_2' title="bbox 1722 300 2697 369">
     <span class='ocr_line' id='line_1_2' title="bbox 1722 300 2697 369; baseline 0.005 -6"><span class='ocrx_word' id='word_1_2' title='bbox 1722 300 1991 363; x_wconf 83' lang='lat' dir='ltr'><strong>PHOT‘II</strong></span> <span class='ocrx_word' id='word_1_3' title='bbox 2040 301 2548 369; x_wconf 79' lang='lat' dir='ltr'><strong>PATRIARCII/E</strong></span> <span class='ocrx_word' id='word_1_4' title='bbox 2587 307 2697 368; x_wconf 90' lang='lat' dir='ltr'><strong>CP.</strong></span> 
     </span>
    </p>
   </div>
   <div class='ocr_carea' id='block_1_3' title="bbox 3746 311 3844 376">
    <p class='ocr_par' dir='ltr' id='par_1_3' title="bbox 3746 311 3844 376">
     <span class='ocr_line' id='line_1_3' title="bbox 3746 311 3844 376; baseline 0.031 -3"><span class='ocrx_word' id='word_1_5' title='bbox 3746 311 3844 376; x_wconf 65' lang='grc'><strong>448</strong></span> 
     </span>
    </p>
   </div>
   <div class='ocr_carea' id='block_1_4' title="bbox 562 412 2151 490">
    <p class='ocr_par' dir='ltr' id='par_1_4' title="bbox 562 412 2151 485">
     <span class='ocr_line' id='line_1_4' title="bbox 562 412 2151 485; baseline -0.001 -16"><span class='ocrx_word' id='word_1_6' title='bbox 562 412 821 469; x_wconf 80' lang='lat' dir='ltr'><strong>Secundo</strong></span> <span class='ocrx_word' id='word_1_7' title='bbox 858 426 991 468; x_wconf 88' lang='lat' dir='ltr'><strong>vero</strong></span> <span class='ocrx_word' id='word_1_8' title='bbox 1012 413 1139 483; x_wconf 82' lang='lat' dir='ltr'><strong>quia</strong></span> <span class='ocrx_word' id='word_1_9' title='bbox 1185 427 1292 468; x_wconf 89' lang='lat' dir='ltr'><strong>non</strong></span> <span class='ocrx_word' id='word_1_10' title='bbox 1325 412 1441 484; x_wconf 89' lang='lat' dir='ltr'><strong>ipse</strong></span> <span class='ocrx_word' id='word_1_11' title='bbox 1484 412 1797 485; x_wconf 82' lang='lat' dir='ltr'><strong>deceptoria</strong></span> <span class='ocrx_word' id='word_1_12' title='bbox 1826 423 1879 469; x_wconf 86' lang='lat' dir='ltr'><strong>et</strong></span> <span class='ocrx_word' id='word_1_13' title='bbox 1909 415 2151 469; x_wconf 85' lang='lat' dir='ltr'><strong>adulato-</strong></span> 
     </span>
    </p>
   </div>
   <div class='ocr_carea' id='block_1_5' title="bbox 2252 412 3846 490">
    <p class='ocr_par' dir='ltr' id='par_1_5' title="bbox 2270 414 3846 490">
     <span class='ocr_line' id='line_1_5' title="bbox 2270 414 3846 490; baseline 0.002 -19"><span class='ocrx_word' id='word_1_14' title='bbox 2270 418 2449 489; x_wconf 81' lang='grc' dir='ltr'><strong>θῆναι,</strong></span> <span class='ocrx_word' id='word_1_15' title='bbox 2490 418 2627 471; x_wconf 90' lang='grc' dir='ltr'>διότι</span> <span class='ocrx_word' id='word_1_16' title='bbox 2664 416 2741 490; x_wconf 77' lang='grc' dir='ltr'>μὴ</span> <span class='ocrx_word' id='word_1_17' title='bbox 2799 414 2963 479; x_wconf 75' lang='grc' dir='ltr'>αὐτὸς</span> <span class='ocrx_word' id='word_1_18' title='bbox 3015 414 3133 469; x_wconf 80' lang='grc' dir='ltr'>ἀλλ’</span> <span class='ocrx_word' id='word_1_19' title='bbox 3170 415 3203 485; x_wconf 84' lang='grc' dir='ltr'><strong>ή</strong></span> <span class='ocrx_word' id='word_1_20' title='bbox 3233 414 3346 470; x_wconf 74' lang='grc' dir='ltr'><strong>Εὕα</strong></span> <span class='ocrx_word' id='word_1_21' title='bbox 3374 415 3591 488; x_wconf 88' lang='grc' dir='ltr'>πρῶτον</span> <span class='ocrx_word' id='word_1_22' title='bbox 3622 417 3846 488; x_wconf 71' lang='grc' dir='ltr'>ὄργανον</span> 
     </span>
    </p>
   </div>
   <div class='ocr_carea' id='block_1_6' title="bbox 560 503 2159 575">
    <p class='ocr_par' dir='ltr' id='par_1_6' title="bbox 560 503 2159 575">
     <span class='ocr_line' id='line_1_6' title="bbox 560 503 2159 575; baseline 0.003 -19"><span class='ocrx_word' id='word_1_23' title='bbox 560 503 645 558; x_wconf 90' lang='lat' dir='ltr'><strong>ria</strong></span> <span class='ocrx_word' id='word_1_24' title='bbox 684 504 846 558; x_wconf 90' lang='lat' dir='ltr'><strong>verba</strong></span> <span class='ocrx_word' id='word_1_25' title='bbox 876 505 1151 572; x_wconf 71' lang='lat' dir='ltr'><strong>serpentis</strong></span> <span class='ocrx_word' id='word_1_26' title='bbox 1192 504 1407 573; x_wconf 78' lang='lat' dir='ltr'><strong>excepit</strong></span> <span class='ocrx_word' id='word_1_27' title='bbox 1437 521 1451 571; x_wconf 91' lang='lat'><strong>;</strong></span> <span class='ocrx_word' id='word_1_28' title='bbox 1481 520 1661 575; x_wconf 89' lang='lat' dir='ltr'><strong>neque</strong></span> <span class='ocrx_word' id='word_1_29' title='bbox 1725 504 1972 559; x_wconf 88' lang='lat' dir='ltr'><strong>invidere</strong></span> <span class='ocrx_word' id='word_1_30' title='bbox 2023 504 2159 574; x_wconf 83' lang='lat' dir='ltr'><strong>ipsis</strong></span> 
     </span>
    </p>
   </div>
   <div class='ocr_carea' id='block_1_7' title="bbox 562 594 2161 665">
    <p class='ocr_par' dir='ltr' id='par_1_7' title="bbox 562 594 2161 665">
     <span class='ocr_line' id='line_1_7' title="bbox 562 594 2161 665; baseline -0.001 -15"><span class='ocrx_word' id='word_1_31' title='bbox 562 598 827 665; x_wconf 87' lang='lat' dir='ltr'><strong>reliquam</strong></span> <span class='ocrx_word' id='word_1_32' title='bbox 868 594 1182 650; x_wconf 93' lang='lat' dir='ltr'><strong>felicitatem</strong></span> <span class='ocrx_word' id='word_1_33' title='bbox 1214 604 1268 650; x_wconf 87' lang='lat' dir='ltr'><strong>et</strong></span> <span class='ocrx_word' id='word_1_34' title='bbox 1295 596 1702 651; x_wconf 84' lang='lat' dir='ltr'><strong>deiﬁcationem</strong></span> <span class='ocrx_word' id='word_1_35' title='bbox 1748 594 2161 650; x_wconf 84' lang='lat' dir='ltr'><strong>misericordem</strong></span> 
     </span>
    </p>
   </div>
   <div class='ocr_carea' id='block_1_8' title="bbox 563 688 2165 759">
    <p class='ocr_par' dir='ltr' id='par_1_8' title="bbox 563 688 2165 759">
     <span class='ocr_line' id='line_1_8' title="bbox 563 688 2165 759; baseline 0.001 -16"><span class='ocrx_word' id='word_1_36' title='bbox 563 690 855 745; x_wconf 90' lang='lat' dir='ltr'><strong>Dominum</strong></span> <span class='ocrx_word' id='word_1_37' title='bbox 916 698 969 743; x_wconf 91' lang='lat' dir='ltr'><strong>et</strong></span> <span class='ocrx_word' id='word_1_38' title='bbox 1005 690 1346 759; x_wconf 85' lang='lat' dir='ltr'><strong>previsorcm</strong></span> <span class='ocrx_word' id='word_1_39' title='bbox 1405 705 1709 759; x_wconf 85' lang='lat' dir='ltr'><strong>persuasus</strong></span> <span class='ocrx_word' id='word_1_40' title='bbox 1742 698 1862 757; x_wconf 90' lang='lat' dir='ltr'><strong>est;</strong></span> <span class='ocrx_word' id='word_1_41' title='bbox 1906 689 2000 744; x_wconf 86' lang='lat' dir='ltr'><strong>sed</strong></span> <span class='ocrx_word' id='word_1_42' title='bbox 2058 688 2165 745; x_wconf 83' lang='lat' dir='ltr'><strong>hac</strong></span> 
     </span>
    </p>
   </div>
   <div class='ocr_carea' id='block_1_9' title="bbox 562 781 2161 853">
    <p class='ocr_par' dir='ltr' id='par_1_9' title="bbox 562 781 2161 853">
     <span class='ocr_line' id='line_1_9' title="bbox 562 781 2161 853; baseline -0.001 -16"><span class='ocrx_word' id='word_1_43' title='bbox 562 783 846 853; x_wconf 89' lang='lat' dir='ltr'><strong>illegitima</strong></span> <span class='ocrx_word' id='word_1_44' title='bbox 885 790 1080 837; x_wconf 90' lang='lat' dir='ltr'><strong>contra</strong></span> <span class='ocrx_word' id='word_1_45' title='bbox 1134 781 1454 837; x_wconf 84' lang='lat' dir='ltr'><strong>Creatorem</strong></span> <span class='ocrx_word' id='word_1_46' title='bbox 1490 783 1921 849; x_wconf 83' lang='lat' dir='ltr'><strong>machinatione,</strong></span> <span class='ocrx_word' id='word_1_47' title='bbox 1964 790 2019 837; x_wconf 89' lang='lat' dir='ltr'><strong>et</strong></span> <span class='ocrx_word' id='word_1_48' title='bbox 2056 797 2161 835; x_wconf 91' lang='lat' dir='ltr'><strong>au-</strong></span> 
     </span>
    </p>
   </div>
   <div class='ocr_carea' id='block_1_10' title="bbox 558 875 2160 951">
    <p class='ocr_par' dir='ltr' id='par_1_10' title="bbox 558 875 2160 951">
     <span class='ocr_line' id='line_1_10' title="bbox 558 875 2160 951; baseline -0.001 -20"><span class='ocrx_word' id='word_1_49' title='bbox 558 876 676 931; x_wconf 88' lang='lat' dir='ltr'><strong>ditu</strong></span> <span class='ocrx_word' id='word_1_50' title='bbox 720 884 776 929; x_wconf 89' lang='lat' dir='ltr'><strong>et</strong></span> <span class='ocrx_word' id='word_1_51' title='bbox 803 891 970 931; x_wconf 84' lang='lat' dir='ltr'><strong>sensu</strong></span> <span class='ocrx_word' id='word_1_52' title='bbox 1025 875 1245 944; x_wconf 87' lang='lat' dir='ltr'><strong>abrepta</strong></span> <span class='ocrx_word' id='word_1_53' title='bbox 1296 875 1406 930; x_wconf 81' lang='lat' dir='ltr'><strong>Eva</strong></span> <span class='ocrx_word' id='word_1_54' title='bbox 1438 883 1493 929; x_wconf 89' lang='lat' dir='ltr'><strong>et</strong></span> <span class='ocrx_word' id='word_1_55' title='bbox 1542 876 1611 931; x_wconf 89' lang='lat' dir='ltr'><strong>de</strong></span> <span class='ocrx_word' id='word_1_56' title='bbox 1646 876 1813 931; x_wconf 88' lang='lat' dir='ltr'><strong>vetito</strong></span> <span class='ocrx_word' id='word_1_57' title='bbox 1864 875 2013 946; x_wconf 85' lang='lat' dir='ltr'><strong>ligno</strong></span> <span class='ocrx_word' id='word_1_58' title='bbox 2033 890 2160 951; x_wconf 77' lang='lat' dir='ltr'><strong>cum</strong></span> 
     </span>
    </p>
   </div>
   <div class='ocr_carea' id='block_1_11' title="bbox 559 966 2158 1034">
    <p class='ocr_par' dir='ltr' id='par_1_11' title="bbox 559 966 2158 1034">
     <span class='ocr_line' id='line_1_11' title="bbox 559 966 2158 1034; baseline 0.001 -12"><span class='ocrx_word' id='word_1_59' title='bbox 559 968 913 1030; x_wconf 88' lang='lat' dir='ltr'><strong>comedisset,</strong></span> <span class='ocrx_word' id='word_1_60' title='bbox 941 966 1008 1022; x_wconf 91' lang='lat' dir='ltr'><strong>ad</strong></span> <span class='ocrx_word' id='word_1_61' title='bbox 1044 970 1290 1022; x_wconf 82' lang='lat' dir='ltr'><strong>eamdem</strong></span> <span class='ocrx_word' id='word_1_62' title='bbox 1336 969 1567 1024; x_wconf 88' lang='lat' dir='ltr'><strong>vocabat</strong></span> <span class='ocrx_word' id='word_1_63' title='bbox 1625 984 1870 1024; x_wconf 88' lang='lat' dir='ltr'><strong>mensam</strong></span> <span class='ocrx_word' id='word_1_64' title='bbox 1927 970 2109 1023; x_wconf 90' lang='lat' dir='ltr'><strong>virum</strong></span> <span class='ocrx_word' id='word_1_65' title='bbox 2142 985 2158 1034; x_wconf 90' lang='lat'><strong>;</strong></span> 
     </span>
    </p>
   </div>
   <div class='ocr_carea' id='block_1_12' title="bbox 560 1058 2185 1116">
    <p class='ocr_par' dir='ltr' id='par_1_12' title="bbox 560 1058 2185 1116">
     <span class='ocr_line' id='line_1_12' title="bbox 560 1058 2185 1116; baseline 0.001 -4"><span class='ocrx_word' id='word_1_66' title='bbox 560 1058 652 1114; x_wconf 87' lang='lat' dir='ltr'><strong>hic</strong></span> <span class='ocrx_word' id='word_1_67' title='bbox 692 1073 825 1113; x_wconf 90' lang='lat' dir='ltr'><strong>vero</strong></span> <span class='ocrx_word' id='word_1_68' title='bbox 858 1058 1207 1112; x_wconf 81' lang='lat' dir='ltr'><strong>testiﬁcatum</strong></span> <span class='ocrx_word' id='word_1_69' title='bbox 1241 1066 1297 1112; x_wconf 92' lang='lat' dir='ltr'><strong>ut</strong></span> <span class='ocrx_word' id='word_1_70' title='bbox 1353 1059 1651 1114; x_wconf 81' lang='lat' dir='ltr'><strong>verisimile</strong></span> <span class='ocrx_word' id='word_1_71' title='bbox 1676 1074 1704 1113; x_wconf 89' lang='lat' dir='ltr'><strong>a</strong></span> <span class='ocrx_word' id='word_1_72' title='bbox 1760 1060 1993 1116; x_wconf 86' lang='lat' dir='ltr'><strong>muliere</strong></span> <span class='ocrx_word' id='word_1_73' title='bbox 2027 1069 2185 1114; x_wconf 61' lang='lat' dir='ltr'><strong>sua:</strong></span> 
     </span>
    </p>
   </div>
   <div class='ocr_carea' id='block_1_13' title="bbox 560 1150 2163 1218">
    <p class='ocr_par' dir='ltr' id='par_1_13' title="bbox 560 1150 2163 1218">
     <span class='ocr_line' id='line_1_13' title="bbox 560 1150 2163 1218; baseline 0.002 -15"><span class='ocrx_word' id='word_1_74' title='bbox 560 1152 731 1206; x_wconf 87' lang='lat' dir='ltr'><strong>vitate</strong></span> <span class='ocrx_word' id='word_1_75' title='bbox 758 1160 814 1205; x_wconf 90' lang='lat' dir='ltr'><strong>et</strong></span> <span class='ocrx_word' id='word_1_76' title='bbox 846 1150 1124 1218; x_wconf 70' lang='lat' dir='ltr'><strong>voluptate</strong></span> <span class='ocrx_word' id='word_1_77' title='bbox 1179 1151 1448 1205; x_wconf 76' lang='lat' dir='ltr'><strong>excellere</strong></span> <span class='ocrx_word' id='word_1_78' title='bbox 1479 1151 1688 1217; x_wconf 86' lang='lat' dir='ltr'><strong>cibum,</strong></span> <span class='ocrx_word' id='word_1_79' title='bbox 1739 1153 1875 1207; x_wconf 87' lang='lat' dir='ltr'><strong>etad</strong></span> <span class='ocrx_word' id='word_1_80' title='bbox 1911 1166 2163 1209; x_wconf 89' lang='lat' dir='ltr'><strong>commo-</strong></span> 
     </span>
    </p>
   </div>
   <div class='ocr_carea' id='block_1_14' title="bbox 558 1243 2161 1313">
    <p class='ocr_par' dir='ltr' id='par_1_14' title="bbox 558 1243 2161 1313">
     <span class='ocr_line' id='line_1_14' title="bbox 558 1243 2161 1313; baseline -0.001 -16"><span class='ocrx_word' id='word_1_81' title='bbox 558 1243 689 1297; x_wconf 91' lang='lat' dir='ltr'><strong>dum</strong></span> <span class='ocrx_word' id='word_1_82' title='bbox 717 1252 771 1298; x_wconf 90' lang='lat' dir='ltr'><strong>et</strong></span> <span class='ocrx_word' id='word_1_83' title='bbox 800 1243 931 1296; x_wconf 92' lang='lat' dir='ltr'><strong>utile</strong></span> <span class='ocrx_word' id='word_1_84' title='bbox 978 1243 1184 1296; x_wconf 86' lang='lat' dir='ltr'><strong>hortari</strong></span> <span class='ocrx_word' id='word_1_85' title='bbox 1221 1257 1280 1297; x_wconf 91' lang='lat' dir='ltr'><strong>se</strong></span> <span class='ocrx_word' id='word_1_86' title='bbox 1310 1253 1509 1312; x_wconf 90' lang='lat' dir='ltr'><strong>putans</strong></span> <span class='ocrx_word' id='word_1_87' title='bbox 1564 1244 1793 1306; x_wconf 89' lang='lat' dir='ltr'><strong>sociam,</strong></span> <span class='ocrx_word' id='word_1_88' title='bbox 1847 1252 1903 1298; x_wconf 90' lang='lat' dir='ltr'><strong>et</strong></span> <span class='ocrx_word' id='word_1_89' title='bbox 1959 1243 2161 1313; x_wconf 69' lang='lat' dir='ltr'><strong>plantae</strong></span> 
     </span>
    </p>
   </div>
   <div class='ocr_carea' id='block_1_15' title="bbox 562 1336 2159 1407">
    <p class='ocr_par' dir='ltr' id='par_1_15' title="bbox 562 1336 2159 1407">
     <span class='ocr_line' id='line_1_15' title="bbox 562 1336 2159 1407; baseline -0.001 -17"><span class='ocrx_word' id='word_1_90' title='bbox 562 1340 841 1407; x_wconf 81' lang='lat' dir='ltr'><strong>particeps</strong></span> <span class='ocrx_word' id='word_1_91' title='bbox 896 1336 999 1389; x_wconf 85' lang='lat' dir='ltr'><strong>fuit</strong></span> <span class='ocrx_word' id='word_1_92' title='bbox 1038 1344 1094 1389; x_wconf 92' lang='lat' dir='ltr'><strong>et</strong></span> <span class='ocrx_word' id='word_1_93' title='bbox 1126 1336 1179 1388; x_wconf 91' lang='lat' dir='ltr'><strong>in</strong></span> <span class='ocrx_word' id='word_1_94' title='bbox 1239 1336 1737 1406; x_wconf 81' lang='lat' dir='ltr'><strong>transgressionem</strong></span> <span class='ocrx_word' id='word_1_95' title='bbox 1788 1336 2015 1403; x_wconf 85' lang='lat' dir='ltr'><strong>incidit;</strong></span> <span class='ocrx_word' id='word_1_96' title='bbox 2050 1350 2159 1390; x_wconf 92' lang='lat' dir='ltr'><strong>non</strong></span> 
     </span>
    </p>
   </div>
   <div class='ocr_carea' id='block_1_16' title="bbox 561 1427 2160 1499">
    <p class='ocr_par' dir='ltr' id='par_1_16' title="bbox 561 1427 2160 1499">
     <span class='ocr_line' id='line_1_16' title="bbox 561 1427 2160 1499; baseline 0.001 -17"><span class='ocrx_word' id='word_1_97' title='bbox 561 1431 851 1497; x_wconf 87' lang='lat' dir='ltr'><strong>deceptum</strong></span> <span class='ocrx_word' id='word_1_98' title='bbox 881 1442 1008 1483; x_wconf 91' lang='lat' dir='ltr'><strong>esse</strong></span> <span class='ocrx_word' id='word_1_99' title='bbox 1058 1427 1225 1499; x_wconf 81' lang='lat' dir='ltr'><strong>igitur</strong></span> <span class='ocrx_word' id='word_1_100' title='bbox 1270 1427 1542 1482; x_wconf 85' lang='lat' dir='ltr'><strong>Adamqu</strong></span> <span class='ocrx_word' id='word_1_101' title='bbox 1592 1438 1647 1483; x_wconf 88' lang='lat' dir='ltr'><strong>et</strong></span> <span class='ocrx_word' id='word_1_102' title='bbox 1677 1438 1900 1499; x_wconf 86' lang='lat' dir='ltr'><strong>propter</strong></span> <span class='ocrx_word' id='word_1_103' title='bbox 1935 1432 2038 1485; x_wconf 88' lang='lat' dir='ltr'><strong>hoc</strong></span> <span class='ocrx_word' id='word_1_104' title='bbox 2072 1429 2160 1483; x_wconf 79' lang='lat' dir='ltr'><strong>di-</strong></span> 
     </span>
    </p>
   </div>
   <div class='ocr_carea' id='block_1_17' title="bbox 559 1518 2158 1578">
    <p class='ocr_par' dir='ltr' id='par_1_17' title="bbox 559 1518 2158 1578">
     <span class='ocr_line' id='line_1_17' title="bbox 559 1518 2158 1578; baseline 0.001 -2"><span class='ocrx_word' id='word_1_105' title='bbox 559 1532 775 1577; x_wconf 77' lang='lat' dir='ltr'><strong>ceretur</strong></span> <span class='ocrx_word' id='word_1_106' title='bbox 806 1536 912 1574; x_wconf 92' lang='lat' dir='ltr'><strong>non</strong></span> <span class='ocrx_word' id='word_1_107' title='bbox 930 1529 1083 1574; x_wconf 76' lang='lat' dir='ltr'><strong>extra</strong></span> <span class='ocrx_word' id='word_1_108' title='bbox 1106 1518 1656 1575; x_wconf 87' lang='lat' dir='ltr'><strong>verisimile.Etenim</strong></span> <span class='ocrx_word' id='word_1_109' title='bbox 1690 1523 1845 1576; x_wconf 90' lang='lat' dir='ltr'><strong>multi</strong></span> <span class='ocrx_word' id='word_1_110' title='bbox 1876 1522 2158 1578; x_wconf 88' lang='lat' dir='ltr'><strong>diversum</strong></span> 
     </span>
    </p>
   </div>
   <div class='ocr_carea' id='block_1_18' title="bbox 559 1614 2158 1684">
    <p class='ocr_par' dir='ltr' id='par_1_18' title="bbox 559 1614 2158 1684">
     <span class='ocr_line' id='line_1_18' title="bbox 559 1614 2158 1684; baseline 0 -14"><span class='ocrx_word' id='word_1_111' title='bbox 559 1614 767 1670; x_wconf 79' lang='lat' dir='ltr'><strong>habent</strong></span> <span class='ocrx_word' id='word_1_112' title='bbox 812 1614 906 1683; x_wconf 89' lang='lat' dir='ltr'><strong>qui</strong></span> <span class='ocrx_word' id='word_1_113' title='bbox 935 1614 1183 1667; x_wconf 88' lang='lat' dir='ltr'><strong>eamdem</strong></span> <span class='ocrx_word' id='word_1_114' title='bbox 1226 1615 1448 1684; x_wconf 87' lang='lat' dir='ltr'><strong>quidem</strong></span> <span class='ocrx_word' id='word_1_115' title='bbox 1479 1623 1819 1669; x_wconf 84' lang='lat' dir='ltr'><strong>avertentem</strong></span> <span class='ocrx_word' id='word_1_116' title='bbox 1852 1615 2158 1683; x_wconf 83' lang='lat' dir='ltr'><strong>actionem,</strong></span> 
     </span>
    </p>
   </div>
   <div class='ocr_carea' id='block_1_19' title="bbox 558 1705 2153 1761">
    <p class='ocr_par' dir='ltr' id='par_1_19' title="bbox 558 1705 2153 1761">
     <span class='ocr_line' id='line_1_19' title="bbox 558 1705 2153 1761; baseline 0.001 -1"><span class='ocrx_word' id='word_1_117' title='bbox 558 1721 669 1760; x_wconf 92' lang='lat' dir='ltr'><strong>non</strong></span> <span class='ocrx_word' id='word_1_118' title='bbox 713 1707 903 1760; x_wconf 90' lang='lat' dir='ltr'><strong>eodem</strong></span> <span class='ocrx_word' id='word_1_119' title='bbox 938 1714 991 1759; x_wconf 91' lang='lat' dir='ltr'><strong>et</strong></span> <span class='ocrx_word' id='word_1_120' title='bbox 1022 1705 1188 1759; x_wconf 88' lang='lat' dir='ltr'><strong>simili</strong></span> <span class='ocrx_word' id='word_1_121' title='bbox 1232 1721 1397 1759; x_wconf 88' lang='lat' dir='ltr'><strong>sensu</strong></span> <span class='ocrx_word' id='word_1_122' title='bbox 1434 1713 1740 1759; x_wconf 83' lang='lat' dir='ltr'><strong>sectantur.</strong></span> <span class='ocrx_word' id='word_1_123' title='bbox 1798 1706 1956 1761; x_wconf 87' lang='lat' dir='ltr'><strong>Alius</strong></span> <span class='ocrx_word' id='word_1_124' title='bbox 2004 1708 2153 1761; x_wconf 90' lang='lat' dir='ltr'><strong>enim</strong></span> 
     </span>
    </p>
   </div>
   <div class='ocr_carea' id='block_1_20' title="bbox 559 1797 2155 1865">
    <p class='ocr_par' dir='ltr' id='par_1_20' title="bbox 559 1797 2155 1865">
     <span class='ocr_line' id='line_1_20' title="bbox 559 1797 2155 1865; baseline 0.003 -13"><span class='ocrx_word' id='word_1_125' title='bbox 559 1798 911 1853; x_wconf 90' lang='lat' dir='ltr'><strong>meditatione</strong></span> <span class='ocrx_word' id='word_1_126' title='bbox 931 1806 982 1850; x_wconf 89' lang='lat' dir='ltr'><strong>et</strong></span> <span class='ocrx_word' id='word_1_127' title='bbox 1013 1797 1344 1851; x_wconf 84' lang='lat' dir='ltr'><strong>discretione</strong></span> <span class='ocrx_word' id='word_1_128' title='bbox 1362 1808 1415 1851; x_wconf 89' lang='lat' dir='ltr'><strong>et</strong></span> <span class='ocrx_word' id='word_1_129' title='bbox 1435 1798 1677 1865; x_wconf 81' lang='lat' dir='ltr'><strong>melioris</strong></span> <span class='ocrx_word' id='word_1_130' title='bbox 1694 1798 2155 1856; x_wconf 85' lang='lat' dir='ltr'><strong>condemnatione</strong></span> 
     </span>
    </p>
   </div>
   <div class='ocr_carea' id='block_1_21' title="bbox 558 1890 2156 1961">
    <p class='ocr_par' dir='ltr' id='par_1_21' title="bbox 558 1890 2156 1961">
     <span class='ocr_line' id='line_1_21' title="bbox 558 1890 2156 1961; baseline 0.001 -16"><span class='ocrx_word' id='word_1_131' title='bbox 558 1890 625 1945; x_wconf 84' lang='lat' dir='ltr'><strong>ad</strong></span> <span class='ocrx_word' id='word_1_132' title='bbox 658 1890 814 1960; x_wconf 84' lang='lat' dir='ltr'><strong>pejus</strong></span> <span class='ocrx_word' id='word_1_133' title='bbox 862 1890 1135 1945; x_wconf 84' lang='lat' dir='ltr'><strong>inclinans</strong></span> <span class='ocrx_word' id='word_1_134' title='bbox 1164 1901 1215 1944; x_wconf 90' lang='lat' dir='ltr'><strong>et</strong></span> <span class='ocrx_word' id='word_1_135' title='bbox 1256 1892 1419 1943; x_wconf 87' lang='lat' dir='ltr'><strong>vilem</strong></span> <span class='ocrx_word' id='word_1_136' title='bbox 1448 1898 1658 1960; x_wconf 89' lang='lat' dir='ltr'><strong>partem</strong></span> <span class='ocrx_word' id='word_1_137' title='bbox 1684 1902 2058 1961; x_wconf 82' lang='lat' dir='ltr'><strong>anteponens,</strong></span> <span class='ocrx_word' id='word_1_138' title='bbox 2078 1894 2156 1947; x_wconf 91' lang='lat' dir='ltr'><strong>in-</strong></span> 
     </span>
    </p>
   </div>
   <div class='ocr_carea' id='block_1_22' title="bbox 554 1982 2155 2053">
    <p class='ocr_par' dir='ltr' id='par_1_22' title="bbox 554 1982 2155 2053">
     <span class='ocr_line' id='line_1_22' title="bbox 554 1982 2155 2053; baseline 0.002 -14"><span class='ocrx_word' id='word_1_139' title='bbox 554 1984 977 2039; x_wconf 87' lang='lat' dir='ltr'><strong>condonabilem</strong></span> <span class='ocrx_word' id='word_1_140' title='bbox 1039 1982 1169 2037; x_wconf 81' lang='lat' dir='ltr'><strong>facit</strong></span> <span class='ocrx_word' id='word_1_141' title='bbox 1250 1984 1507 2053; x_wconf 89' lang='lat' dir='ltr'><strong>culpam;</strong></span> <span class='ocrx_word' id='word_1_142' title='bbox 1571 1983 1711 2037; x_wconf 90' lang='lat' dir='ltr'><strong>alius</strong></span> <span class='ocrx_word' id='word_1_143' title='bbox 1778 2000 1908 2039; x_wconf 87' lang='lat' dir='ltr'><strong>vero</strong></span> <span class='ocrx_word' id='word_1_144' title='bbox 1947 1986 2155 2041; x_wconf 90' lang='lat' dir='ltr'><strong>nullius</strong></span> 
     </span>
    </p>
   </div>
   <div class='ocr_carea' id='block_1_23' title="bbox 557 2076 2152 2147">
    <p class='ocr_par' dir='ltr' id='par_1_23' title="bbox 557 2076 2152 2147">
     <span class='ocr_line' id='line_1_23' title="bbox 557 2076 2152 2147; baseline 0.003 -16"><span class='ocrx_word' id='word_1_145' title='bbox 557 2077 754 2132; x_wconf 87' lang='lat' dir='ltr'><strong>horum</strong></span> <span class='ocrx_word' id='word_1_146' title='bbox 782 2087 997 2146; x_wconf 90' lang='lat' dir='ltr'><strong>potens,</strong></span> <span class='ocrx_word' id='word_1_147' title='bbox 1028 2076 1095 2131; x_wconf 89' lang='lat' dir='ltr'><strong>ad</strong></span> <span class='ocrx_word' id='word_1_148' title='bbox 1120 2076 1439 2132; x_wconf 82' lang='lat' dir='ltr'><strong>societatem</strong></span> <span class='ocrx_word' id='word_1_149' title='bbox 1461 2092 1588 2133; x_wconf 90' lang='lat' dir='ltr'><strong>vero</strong></span> <span class='ocrx_word' id='word_1_150' title='bbox 1618 2078 1856 2147; x_wconf 77' lang='lat' dir='ltr'><strong>gliscens</strong></span> <span class='ocrx_word' id='word_1_151' title='bbox 1880 2079 2116 2135; x_wconf 85' lang='lat' dir='ltr'><strong>actionis</strong></span> <span class='ocrx_word' id='word_1_152' title='bbox 2134 2117 2152 2144; x_wconf 87' lang='lat'><strong>,</strong></span> 
     </span>
    </p>
   </div>
   <div class='ocr_carea' id='block_1_24' title="bbox 553 2169 2152 2241">
    <p class='ocr_par' dir='ltr' id='par_1_24' title="bbox 553 2169 2152 2241">
     <span class='ocr_line' id='line_1_24' title="bbox 553 2169 2152 2241; baseline 0.001 -15"><span class='ocrx_word' id='word_1_153' title='bbox 553 2188 622 2226; x_wconf 83' lang='lat' dir='ltr'><strong>ex</strong></span> <span class='ocrx_word' id='word_1_154' title='bbox 654 2172 842 2226; x_wconf 91' lang='lat' dir='ltr'><strong>multis</strong></span> <span class='ocrx_word' id='word_1_155' title='bbox 892 2170 1140 2239; x_wconf 89' lang='lat' dir='ltr'><strong>partibus</strong></span> <span class='ocrx_word' id='word_1_156' title='bbox 1180 2169 1397 2224; x_wconf 85' lang='lat' dir='ltr'><strong>trahere</strong></span> <span class='ocrx_word' id='word_1_157' title='bbox 1422 2170 1862 2225; x_wconf 86' lang='lat' dir='ltr'><strong>misericordiam</strong></span> <span class='ocrx_word' id='word_1_158' title='bbox 1885 2178 2067 2241; x_wconf 86' lang='lat' dir='ltr'><strong>potest</strong></span> <span class='ocrx_word' id='word_1_159' title='bbox 2096 2181 2152 2227; x_wconf 91' lang='lat' dir='ltr'><strong>et</strong></span> 
     </span>
    </p>
   </div>
   <div class='ocr_carea' id='block_1_25' title="bbox 553 2261 2151 2333">
    <p class='ocr_par' dir='ltr' id='par_1_25' title="bbox 553 2261 2151 2333">
     <span class='ocr_line' id='line_1_25' title="bbox 553 2261 2151 2333; baseline 0.001 -15"><span class='ocrx_word' id='word_1_160' title='bbox 553 2264 714 2319; x_wconf 83' lang='lat' dir='ltr'><strong>venia</strong></span> <span class='ocrx_word' id='word_1_161' title='bbox 746 2279 854 2317; x_wconf 88' lang='lat' dir='ltr'><strong>non</strong></span> <span class='ocrx_word' id='word_1_162' title='bbox 883 2262 1087 2333; x_wconf 87' lang='lat' dir='ltr'><strong>dejici;</strong></span> <span class='ocrx_word' id='word_1_163' title='bbox 1123 2264 1197 2317; x_wconf 91' lang='lat' dir='ltr'><strong>ita</strong></span> <span class='ocrx_word' id='word_1_164' title='bbox 1239 2263 1404 2332; x_wconf 80' lang='lat' dir='ltr'><strong>igitur</strong></span> <span class='ocrx_word' id='word_1_165' title='bbox 1431 2270 1486 2317; x_wconf 91' lang='lat' dir='ltr'><strong>et</strong></span> <span class='ocrx_word' id='word_1_166' title='bbox 1518 2261 1648 2327; x_wconf 91' lang='lat' dir='ltr'><strong>hic;</strong></span> <span class='ocrx_word' id='word_1_167' title='bbox 1684 2261 1795 2316; x_wconf 86' lang='lat' dir='ltr'><strong>Eva</strong></span> <span class='ocrx_word' id='word_1_168' title='bbox 1823 2263 2046 2333; x_wconf 88' lang='lat' dir='ltr'><strong>quidem</strong></span> <span class='ocrx_word' id='word_1_169' title='bbox 2097 2272 2151 2319; x_wconf 89' lang='lat' dir='ltr'><strong>et</strong></span> 
     </span>
    </p>
   </div>
   <div class='ocr_carea' id='block_1_26' title="bbox 558 2355 2153 2425">
    <p class='ocr_par' dir='ltr' id='par_1_26' title="bbox 558 2355 2153 2425">
     <span class='ocr_line' id='line_1_26' title="bbox 558 2355 2153 2425; baseline 0.001 -14"><span class='ocrx_word' id='word_1_170' title='bbox 558 2357 921 2411; x_wconf 83' lang='lat' dir='ltr'><strong>meditatione</strong></span> <span class='ocrx_word' id='word_1_171' title='bbox 953 2364 1009 2409; x_wconf 93' lang='lat' dir='ltr'><strong>et</strong></span> <span class='ocrx_word' id='word_1_172' title='bbox 1034 2366 1229 2410; x_wconf 89' lang='lat' dir='ltr'><strong>contra</strong></span> <span class='ocrx_word' id='word_1_173' title='bbox 1270 2366 1603 2425; x_wconf 70' lang='lat' dir='ltr'><strong>praeceptum</strong></span> <span class='ocrx_word' id='word_1_174' title='bbox 1660 2355 1935 2411; x_wconf 89' lang='lat' dir='ltr'><strong>calumnia</strong></span> <span class='ocrx_word' id='word_1_175' title='bbox 1982 2358 2153 2413; x_wconf 86' lang='lat' dir='ltr'><strong>ratio-</strong></span> 
     </span>
    </p>
   </div>
   <div class='ocr_carea' id='block_1_27' title="bbox 552 2446 2150 2517">
    <p class='ocr_par' dir='ltr' id='par_1_27' title="bbox 552 2446 2150 2517">
     <span class='ocr_line' id='line_1_27' title="bbox 552 2446 2150 2517; baseline 0.001 -14"><span class='ocrx_word' id='word_1_176' title='bbox 552 2464 648 2503; x_wconf 86' lang='lat' dir='ltr'><strong>nes</strong></span> <span class='ocrx_word' id='word_1_177' title='bbox 669 2463 794 2502; x_wconf 89' lang='lat' dir='ltr'><strong>cum</strong></span> <span class='ocrx_word' id='word_1_178' title='bbox 826 2447 1088 2512; x_wconf 86' lang='lat' dir='ltr'><strong>acuisset,</strong></span> <span class='ocrx_word' id='word_1_179' title='bbox 1114 2447 1262 2502; x_wconf 91' lang='lat' dir='ltr'><strong>nudo</strong></span> <span class='ocrx_word' id='word_1_180' title='bbox 1290 2449 1467 2517; x_wconf 86' lang='lat' dir='ltr'><strong>capite</strong></span> <span class='ocrx_word' id='word_1_181' title='bbox 1489 2446 1697 2503; x_wconf 89' lang='lat' dir='ltr'><strong>dictum</strong></span> <span class='ocrx_word' id='word_1_182' title='bbox 1728 2447 1782 2502; x_wconf 93' lang='lat' dir='ltr'><strong>in</strong></span> <span class='ocrx_word' id='word_1_183' title='bbox 1807 2450 2150 2505; x_wconf 89' lang='lat' dir='ltr'><strong>contrarium</strong></span> 
     </span>
    </p>
   </div>
   <div class='ocr_carea' id='block_1_28' title="bbox 551 2544 2150 2617">
    <p class='ocr_par' dir='ltr' id='par_1_28' title="bbox 551 2544 2150 2617">
     <span class='ocr_line' id='line_1_28' title="bbox 551 2544 2150 2617; baseline 0 -17"><span class='ocrx_word' id='word_1_184' title='bbox 551 2545 743 2600; x_wconf 83' lang='lat' dir='ltr'><strong>cessit.</strong></span> <span class='ocrx_word' id='word_1_185' title='bbox 776 2544 951 2599; x_wconf 84' lang='lat' dir='ltr'><strong>Adam</strong></span> <span class='ocrx_word' id='word_1_186' title='bbox 982 2559 1114 2598; x_wconf 90' lang='lat' dir='ltr'><strong>vero</strong></span> <span class='ocrx_word' id='word_1_187' title='bbox 1153 2544 1351 2599; x_wconf 90' lang='lat' dir='ltr'><strong>horum</strong></span> <span class='ocrx_word' id='word_1_188' title='bbox 1381 2545 1534 2599; x_wconf 91' lang='lat' dir='ltr'><strong>nullo</strong></span> <span class='ocrx_word' id='word_1_189' title='bbox 1565 2546 1747 2599; x_wconf 82' lang='lat' dir='ltr'><strong>datam</strong></span> <span class='ocrx_word' id='word_1_190' title='bbox 1800 2545 1975 2617; x_wconf 86' lang='lat' dir='ltr'><strong>legem</strong></span> <span class='ocrx_word' id='word_1_191' title='bbox 1996 2547 2150 2616; x_wconf 91' lang='lat' dir='ltr'><strong>prius</strong></span> 
     </span>
    </p>
   </div>
   <div class='ocr_carea' id='block_1_29' title="bbox 552 2636 2152 2709">
    <p class='ocr_par' dir='ltr' id='par_1_29' title="bbox 552 2636 2152 2709">
     <span class='ocr_line' id='line_1_29' title="bbox 552 2636 2152 2709; baseline 0.001 -16"><span class='ocrx_word' id='word_1_192' title='bbox 552 2637 757 2708; x_wconf 83' lang='lat' dir='ltr'><strong>injuria</strong></span> <span class='ocrx_word' id='word_1_193' title='bbox 788 2637 992 2703; x_wconf 70' lang='lat' dir='ltr'><strong>affecit,</strong></span> <span class='ocrx_word' id='word_1_194' title='bbox 1050 2636 1118 2691; x_wconf 90' lang='lat' dir='ltr'><strong>ad</strong></span> <span class='ocrx_word' id='word_1_195' title='bbox 1170 2637 1343 2692; x_wconf 90' lang='lat' dir='ltr'><strong>solam</strong></span> <span class='ocrx_word' id='word_1_196' title='bbox 1389 2652 1521 2693; x_wconf 86' lang='lat' dir='ltr'><strong>vero</strong></span> <span class='ocrx_word' id='word_1_197' title='bbox 1574 2644 1843 2694; x_wconf 89' lang='lat' dir='ltr'><strong>attractus</strong></span> <span class='ocrx_word' id='word_1_198' title='bbox 1893 2648 1978 2693; x_wconf 86' lang='lat' dir='ltr'><strong>est</strong></span> <span class='ocrx_word' id='word_1_199' title='bbox 2030 2639 2152 2709; x_wconf 83' lang='lat' dir='ltr'><strong>ejus</strong></span> 
     </span>
    </p>
   </div>
   <div class='ocr_carea' id='block_1_30' title="bbox 552 2727 2153 2798">
    <p class='ocr_par' dir='ltr' id='par_1_30' title="bbox 552 2727 2153 2798">
     <span class='ocr_line' id='line_1_30' title="bbox 552 2727 2153 2798; baseline -0.002 -13"><span class='ocrx_word' id='word_1_200' title='bbox 552 2729 1046 2797; x_wconf 62' lang='lat' dir='ltr'><strong>transgrSSsionem</strong></span> <span class='ocrx_word' id='word_1_201' title='bbox 1070 2745 1086 2794; x_wconf 88' lang='lat'><strong>;</strong></span> <span class='ocrx_word' id='word_1_202' title='bbox 1123 2727 1218 2782; x_wconf 84' lang='lat' dir='ltr'><strong>sed</strong></span> <span class='ocrx_word' id='word_1_203' title='bbox 1234 2738 1458 2797; x_wconf 87' lang='lat' dir='ltr'><strong>propter</strong></span> <span class='ocrx_word' id='word_1_204' title='bbox 1483 2728 1600 2783; x_wconf 55' lang='lat' dir='ltr'><strong>haec</strong></span> <span class='ocrx_word' id='word_1_205' title='bbox 1618 2727 1841 2798; x_wconf 87' lang='lat' dir='ltr'><strong>quidem</strong></span> <span class='ocrx_word' id='word_1_206' title='bbox 1875 2728 2153 2783; x_wconf 90' lang='lat' dir='ltr'><strong>diceretur</strong></span> 
     </span>
    </p>
   </div>
   <div class='ocr_carea' id='block_1_31' title="bbox 553 2819 1518 2892">
    <p class='ocr_par' dir='ltr' id='par_1_31' title="bbox 553 2819 1518 2892">
     <span class='ocr_line' id='line_1_31' title="bbox 553 2819 1518 2892; baseline -0.003 -14"><span class='ocrx_word' id='word_1_207' title='bbox 553 2838 660 2878; x_wconf 90' lang='lat' dir='ltr'><strong>non</strong></span> <span class='ocrx_word' id='word_1_208' title='bbox 688 2823 975 2892; x_wconf 85' lang='lat' dir='ltr'><strong>deceptum</strong></span> <span class='ocrx_word' id='word_1_209' title='bbox 1014 2819 1185 2874; x_wconf 82' lang='lat' dir='ltr'><strong>fuisse</strong></span> <span class='ocrx_word' id='word_1_210' title='bbox 1222 2820 1518 2876; x_wconf 87' lang='lat' dir='ltr'><strong>Adamum.</strong></span> 
     </span>
    </p>
   </div>
   <div class='ocr_carea' id='block_1_32' title="bbox 2268 508 3845 584">
    <p class='ocr_par' dir='ltr' id='par_1_32' title="bbox 2268 508 3845 584">
     <span class='ocr_line' id='line_1_32' title="bbox 2268 508 3845 584; baseline 0.002 -22"><span class='ocrx_word' id='word_1_211' title='bbox 2268 512 2407 582; x_wconf 84' lang='grc' dir='ltr'>μετὰ</span> <span class='ocrx_word' id='word_1_212' title='bbox 2445 511 2537 565; x_wconf 83' lang='grc' dir='ltr'>τὸν</span> <span class='ocrx_word' id='word_1_213' title='bbox 2566 510 2693 579; x_wconf 78' lang='grc' dir='ltr'>ὅφιν</span> <span class='ocrx_word' id='word_1_214' title='bbox 2713 508 2808 563; x_wconf 87' lang='grc' dir='ltr'><strong>τοῦ</strong></span> <span class='ocrx_word' id='word_1_215' title='bbox 2839 508 3037 579; x_wconf 78' lang='grc' dir='ltr'><strong>ἐχθροῦ</strong></span> <span class='ocrx_word' id='word_1_216' title='bbox 3072 508 3461 579; x_wconf 84' lang='grc' dir='ltr'>χρηματίσασα</span> <span class='ocrx_word' id='word_1_217' title='bbox 3490 512 3593 580; x_wconf 84' lang='grc' dir='ltr'><strong>τῆς</strong></span> <span class='ocrx_word' id='word_1_218' title='bbox 3639 510 3845 584; x_wconf 79' lang='grc' dir='ltr'><strong>ἀπάτης</strong></span> 
     </span>
    </p>
   </div>
   <div class='ocr_carea' id='block_1_33' title="bbox 2265 600 3847 677">
    <p class='ocr_par' dir='ltr' id='par_1_33' title="bbox 2265 600 3847 677">
     <span class='ocr_line' id='line_1_33' title="bbox 2265 600 3847 677; baseline 0.002 -22"><span class='ocrx_word' id='word_1_219' title='bbox 2265 602 2648 672; x_wconf 63' lang='grc' dir='ltr'>καθηγήσατο·</span> <span class='ocrx_word' id='word_1_220' title='bbox 2684 602 2941 672; x_wconf 80' lang='grc' dir='ltr'>δεύτερον</span> <span class='ocrx_word' id='word_1_221' title='bbox 2963 600 3019 654; x_wconf 87' lang='grc' dir='ltr'>δὲ</span> <span class='ocrx_word' id='word_1_222' title='bbox 3034 600 3168 653; x_wconf 85' lang='grc' dir='ltr'><strong>διότι</strong></span> <span class='ocrx_word' id='word_1_223' title='bbox 3194 601 3270 669; x_wconf 88' lang='grc' dir='ltr'>μὴ</span> <span class='ocrx_word' id='word_1_224' title='bbox 3290 600 3453 664; x_wconf 71' lang='grc' dir='ltr'>αὐτὸς</span> <span class='ocrx_word' id='word_1_225' title='bbox 3480 604 3609 666; x_wconf 76' lang='grc' dir='ltr'>τοὺς</span> <span class='ocrx_word' id='word_1_226' title='bbox 3644 604 3847 677; x_wconf 72' lang='grc' dir='ltr'>ἀπατηο</span> 
     </span>
    </p>
   </div>
   <div class='ocr_carea' id='block_1_34' title="bbox 2264 695 3847 767">
    <p class='ocr_par' dir='ltr' id='par_1_34' title="bbox 2264 695 3847 767">
     <span class='ocr_line' id='line_1_34' title="bbox 2264 695 3847 767; baseline -0.002 -15"><span class='ocrx_word' id='word_1_227' title='bbox 2264 699 2393 762; x_wconf 73' lang='grc' dir='ltr'>λοῦς</span> <span class='ocrx_word' id='word_1_228' title='bbox 2421 700 2518 754; x_wconf 81' lang='grc' dir='ltr'>καὶ</span> <span class='ocrx_word' id='word_1_229' title='bbox 2540 699 2729 763; x_wconf 79' lang='grc' dir='ltr'>θῶπας</span> <span class='ocrx_word' id='word_1_230' title='bbox 2760 698 2955 767; x_wconf 85' lang='grc' dir='ltr'>λόγους</span> <span class='ocrx_word' id='word_1_231' title='bbox 2986 695 3082 750; x_wconf 89' lang='grc' dir='ltr'><strong>τοῦ</strong></span> <span class='ocrx_word' id='word_1_232' title='bbox 3103 696 3280 765; x_wconf 71' lang='grc' dir='ltr'>ὄφεως</span> <span class='ocrx_word' id='word_1_233' title='bbox 3318 695 3656 766; x_wconf 82' lang='grc' dir='ltr'>παρεδέξατο</span> <span class='ocrx_word' id='word_1_234' title='bbox 3680 712 3692 725; x_wconf 92' lang='grc'><strong>·</strong></span> <span class='ocrx_word' id='word_1_235' title='bbox 3720 697 3847 767; x_wconf 75' lang='grc' dir='ltr'>μηδὲ</span> 
     </span>
    </p>
   </div>
   <div class='ocr_carea' id='block_1_35' title="bbox 2265 786 3846 858">
    <p class='ocr_par' dir='ltr' id='par_1_35' title="bbox 2265 786 3846 858">
     <span class='ocr_line' id='line_1_35' title="bbox 2265 786 3846 858; baseline -0.001 -18"><span class='ocrx_word' id='word_1_236' title='bbox 2265 788 2483 858; x_wconf 81' lang='grc' dir='ltr'><strong>φθονεῖν</strong></span> <span class='ocrx_word' id='word_1_237' title='bbox 2537 788 2738 852; x_wconf 79' lang='grc' dir='ltr'>αὐτοὺς</span> <span class='ocrx_word' id='word_1_238' title='bbox 2784 790 2885 858; x_wconf 88' lang='grc' dir='ltr'><strong>τῆς</strong></span> <span class='ocrx_word' id='word_1_239' title='bbox 2940 805 3000 841; x_wconf 89' lang='grc' dir='ltr'><strong>τε</strong></span> <span class='ocrx_word' id='word_1_240' title='bbox 3036 787 3205 857; x_wconf 79' lang='grc' dir='ltr'>ἄλλης</span> <span class='ocrx_word' id='word_1_241' title='bbox 3244 787 3599 858; x_wconf 78' lang='grc' dir='ltr'><strong>εὐδαιμονίας</strong></span> <span class='ocrx_word' id='word_1_242' title='bbox 3630 787 3724 841; x_wconf 57' lang='grc' dir='ltr'><strong>καὶ⁵</strong></span> <span class='ocrx_word' id='word_1_243' title='bbox 3752 786 3846 855; x_wconf 87' lang='grc' dir='ltr'><strong>τῆς</strong></span> 
     </span>
    </p>
   </div>
   <div class='ocr_carea' id='block_1_36' title="bbox 2265 878 3846 951">
    <p class='ocr_par' dir='ltr' id='par_1_36' title="bbox 2265 878 3846 951">
     <span class='ocr_line' id='line_1_36' title="bbox 2265 878 3846 951; baseline -0.004 -18"><span class='ocrx_word' id='word_1_244' title='bbox 2265 878 2516 944; x_wconf 85' lang='grc' dir='ltr'>θεὼσεως</span> <span class='ocrx_word' id='word_1_245' title='bbox 2551 881 2643 935; x_wconf 69' lang='grc' dir='ltr'>τὸν</span> <span class='ocrx_word' id='word_1_246' title='bbox 2696 880 3021 951; x_wconf 81' lang='grc' dir='ltr'>οἰκτίρμονα</span> <span class='ocrx_word' id='word_1_247' title='bbox 3072 880 3349 947; x_wconf 88' lang='grc' dir='ltr'>Δεσπότην</span> <span class='ocrx_word' id='word_1_248' title='bbox 3406 879 3499 932; x_wconf 77' lang='grc' dir='ltr'>καὶ</span> <span class='ocrx_word' id='word_1_249' title='bbox 3548 878 3846 949; x_wconf 81' lang='grc' dir='ltr'>προνοητὴν</span> 
     </span>
    </p>
   </div>
   <div class='ocr_carea' id='block_1_37' title="bbox 2262 968 3845 1042">
    <p class='ocr_par' dir='ltr' id='par_1_37' title="bbox 2262 968 3845 1042">
     <span class='ocr_line' id='line_1_37' title="bbox 2262 968 3845 1042; baseline -0.004 -15"><span class='ocrx_word' id='word_1_250' title='bbox 2262 972 2597 1042; x_wconf 80' lang='grc' dir='ltr'><strong>ἀνεπείσθη·</strong></span> <span class='ocrx_word' id='word_1_251' title='bbox 2650 971 2792 1027; x_wconf 87' lang='grc' dir='ltr'><strong>ἀλλά</strong></span> <span class='ocrx_word' id='word_1_252' title='bbox 2845 973 3053 1042; x_wconf 79' lang='grc' dir='ltr'>ταύτην</span> <span class='ocrx_word' id='word_1_253' title='bbox 3101 970 3199 1041; x_wconf 83' lang='grc' dir='ltr'>τὴν</span> <span class='ocrx_word' id='word_1_254' title='bbox 3256 969 3524 1036; x_wconf 78' lang='grc' dir='ltr'><strong>ἔκθεσμον</strong></span> <span class='ocrx_word' id='word_1_255' title='bbox 3582 968 3728 1022; x_wconf 88' lang='grc' dir='ltr'><strong>κατά</strong></span> <span class='ocrx_word' id='word_1_256' title='bbox 3756 968 3845 1022; x_wconf 85' lang='grc' dir='ltr'><strong>τοῦ</strong></span> 
     </span>
    </p>
   </div>
   <div class='ocr_carea' id='block_1_38' title="bbox 2264 1058 3847 1133">
    <p class='ocr_par' dir='ltr' id='par_1_38' title="bbox 2264 1058 3847 1133">
     <span class='ocr_line' id='line_1_38' title="bbox 2264 1058 3847 1133; baseline -0.003 -17"><span class='ocrx_word' id='word_1_257' title='bbox 2264 1062 2585 1125; x_wconf 86' lang='grc' dir='ltr'>Πλάσαντος</span> <span class='ocrx_word' id='word_1_258' title='bbox 2641 1060 2972 1133; x_wconf 82' lang='grc' dir='ltr'>συμϐουλὴν,</span> <span class='ocrx_word' id='word_1_259' title='bbox 3010 1060 3104 1115; x_wconf 69' lang='grc' dir='ltr'><strong>καὶ</strong></span> <span class='ocrx_word' id='word_1_260' title='bbox 3134 1062 3271 1132; x_wconf 77' lang='grc' dir='ltr'>ἀκοῇ</span> <span class='ocrx_word' id='word_1_261' title='bbox 3296 1060 3392 1114; x_wconf 78' lang='grc' dir='ltr'>καὶ</span> <span class='ocrx_word' id='word_1_262' title='bbox 3432 1058 3629 1130; x_wconf 77' lang='grc' dir='ltr'>γνώμη</span> <span class='ocrx_word' id='word_1_263' title='bbox 3673 1060 3847 1128; x_wconf 80' lang='grc' dir='ltr'>ἀρπά-</span> 
     </span>
    </p>
   </div>
   <div class='ocr_carea' id='block_1_39' title="bbox 2264 1151 3842 1226">
    <p class='ocr_par' dir='ltr' id='par_1_39' title="bbox 2264 1151 3842 1226">
     <span class='ocr_line' id='line_1_39' title="bbox 2264 1151 3842 1226; baseline -0.004 -15"><span class='ocrx_word' id='word_1_264' title='bbox 2264 1173 2406 1211; x_wconf 85' lang='grc' dir='ltr'>σασα</span> <span class='ocrx_word' id='word_1_265' title='bbox 2429 1157 2463 1226; x_wconf 86' lang='grc' dir='ltr'><strong>ή</strong></span> <span class='ocrx_word' id='word_1_266' title='bbox 2491 1154 2625 1215; x_wconf 75' lang='grc' dir='ltr'>Εὕα,</span> <span class='ocrx_word' id='word_1_267' title='bbox 2658 1158 2753 1209; x_wconf 78' lang='grc' dir='ltr'>καὶ</span> <span class='ocrx_word' id='word_1_268' title='bbox 2778 1155 2874 1208; x_wconf 87' lang='grc' dir='ltr'>τοῦ</span> <span class='ocrx_word' id='word_1_269' title='bbox 2898 1154 3357 1226; x_wconf 80' lang='grc' dir='ltr'>ἀπηγορευμένου</span> <span class='ocrx_word' id='word_1_270' title='bbox 3388 1152 3548 1217; x_wconf 80' lang='grc' dir='ltr'>ξύλου</span> <span class='ocrx_word' id='word_1_271' title='bbox 3578 1151 3842 1221; x_wconf 80' lang='grc' dir='ltr'>φαγοῦσα,</span> 
     </span>
    </p>
   </div>
   <div class='ocr_carea' id='block_1_40' title="bbox 2260 1242 3847 1317">
    <p class='ocr_par' dir='ltr' id='par_1_40' title="bbox 2260 1242 3847 1317">
     <span class='ocr_line' id='line_1_40' title="bbox 2260 1242 3847 1317; baseline -0.001 -21"><span class='ocrx_word' id='word_1_272' title='bbox 2260 1245 2352 1297; x_wconf 78' lang='grc' dir='ltr'><strong>ἐπὶ</strong></span> <span class='ocrx_word' id='word_1_273' title='bbox 2381 1244 2479 1315; x_wconf 83' lang='grc' dir='ltr'><strong>τήν</strong></span> <span class='ocrx_word' id='word_1_274' title='bbox 2503 1244 2674 1313; x_wconf 75' lang='grc' dir='ltr'>αὐτὴν</span> <span class='ocrx_word' id='word_1_275' title='bbox 2697 1244 2882 1297; x_wconf 78' lang='grc' dir='ltr'>ἐκάλει</span> <span class='ocrx_word' id='word_1_276' title='bbox 2911 1246 3195 1317; x_wconf 77' lang='grc' dir='ltr'>τράπεζαν</span> <span class='ocrx_word' id='word_1_277' title='bbox 3224 1244 3315 1298; x_wconf 86' lang='grc' dir='ltr'>τὸν</span> <span class='ocrx_word' id='word_1_278' title='bbox 3334 1243 3524 1315; x_wconf 75' lang='grc' dir='ltr'>ἄνδρα.</span> <span class='ocrx_word' id='word_1_279' title='bbox 3554 1242 3615 1296; x_wconf 84' lang='grc' dir='ltr'>Ὀ</span> <span class='ocrx_word' id='word_1_280' title='bbox 3639 1242 3693 1295; x_wconf 85' lang='grc' dir='ltr'>δὲ</span> <span class='ocrx_word' id='word_1_281' title='bbox 3717 1260 3847 1313; x_wconf 86' lang='grc' dir='ltr'>μαρ-</span> 
     </span>
    </p>
   </div>
   <div class='ocr_carea' id='block_1_41' title="bbox 2259 1333 3844 1408">
    <p class='ocr_par' dir='ltr' id='par_1_41' title="bbox 2259 1333 3844 1408">
     <span class='ocr_line' id='line_1_41' title="bbox 2259 1333 3844 1408; baseline -0.003 -18"><span class='ocrx_word' id='word_1_282' title='bbox 2259 1337 2604 1408; x_wconf 83' lang='grc' dir='ltr'>τυρουμένην</span> <span class='ocrx_word' id='word_1_283' title='bbox 2639 1338 2713 1401; x_wconf 85' lang='grc' dir='ltr'>ὼς</span> <span class='ocrx_word' id='word_1_284' title='bbox 2765 1337 2913 1400; x_wconf 68' lang='grc' dir='ltr'>εἰκὸς</span> <span class='ocrx_word' id='word_1_285' title='bbox 2965 1338 3068 1389; x_wconf 69' lang='grc' dir='ltr'><strong>ὑπὸ</strong></span> <span class='ocrx_word' id='word_1_286' title='bbox 3120 1336 3383 1405; x_wconf 86' lang='grc' dir='ltr'>γυναικὸς</span> <span class='ocrx_word' id='word_1_287' title='bbox 3417 1336 3512 1388; x_wconf 74' lang='grc' dir='ltr'><strong>ἐπὶ</strong></span> <span class='ocrx_word' id='word_1_288' title='bbox 3552 1333 3844 1404; x_wconf 73' lang='grc' dir='ltr'><strong>γλυκύτητι</strong></span> 
     </span>
    </p>
   </div>
   <div class='ocr_carea' id='block_1_42' title="bbox 2260 1426 3845 1501">
    <p class='ocr_par' dir='ltr' id='par_1_42' title="bbox 2260 1426 3845 1501">
     <span class='ocr_line' id='line_1_42' title="bbox 2260 1426 3845 1501; baseline -0.003 -18"><span class='ocrx_word' id='word_1_289' title='bbox 2260 1431 2356 1487; x_wconf 76' lang='grc' dir='ltr'>καὶ</span> <span class='ocrx_word' id='word_1_290' title='bbox 2394 1431 2556 1500; x_wconf 79' lang='grc' dir='ltr'>ἡδονῇ</span> <span class='ocrx_word' id='word_1_291' title='bbox 2596 1430 2875 1500; x_wconf 79' lang='grc' dir='ltr'><strong>διαφέρειν</strong></span> <span class='ocrx_word' id='word_1_292' title='bbox 2901 1429 3127 1501; x_wconf 81' lang='grc' dir='ltr'>βρῶσιν,</span> <span class='ocrx_word' id='word_1_293' title='bbox 3182 1430 3277 1483; x_wconf 68' lang='grc' dir='ltr'>καὶ</span> <span class='ocrx_word' id='word_1_294' title='bbox 3310 1428 3449 1501; x_wconf 80' lang='grc' dir='ltr'>πρὸς</span> <span class='ocrx_word' id='word_1_295' title='bbox 3484 1427 3549 1481; x_wconf 83' lang='grc' dir='ltr'><strong>τὸ</strong></span> <span class='ocrx_word' id='word_1_296' title='bbox 3577 1426 3845 1498; x_wconf 83' lang='grc' dir='ltr'>σύμφορον</span> 
     </span>
    </p>
   </div>
   <div class='ocr_carea' id='block_1_43' title="bbox 2260 1519 3846 1595">
    <p class='ocr_par' dir='ltr' id='par_1_43' title="bbox 2260 1519 3846 1595">
     <span class='ocr_line' id='line_1_43' title="bbox 2260 1519 3846 1595; baseline -0.004 -18"><span class='ocrx_word' id='word_1_297' title='bbox 2260 1526 2357 1577; x_wconf 73' lang='grc' dir='ltr'>καὶ</span> <span class='ocrx_word' id='word_1_298' title='bbox 2412 1523 2690 1594; x_wconf 81' lang='grc' dir='ltr'>ὠφέλιμον</span> <span class='ocrx_word' id='word_1_299' title='bbox 2744 1521 3083 1595; x_wconf 82' lang='grc' dir='ltr'>παρακαλεῖν</span> <span class='ocrx_word' id='word_1_300' title='bbox 3129 1521 3362 1593; x_wconf 77' lang='grc' dir='ltr'>νομίσας</span> <span class='ocrx_word' id='word_1_301' title='bbox 3384 1521 3484 1593; x_wconf 84' lang='grc' dir='ltr'>τὴν</span> <span class='ocrx_word' id='word_1_302' title='bbox 3511 1519 3726 1591; x_wconf 78' lang='grc' dir='ltr'>βοηθὸν,</span> <span class='ocrx_word' id='word_1_303' title='bbox 3760 1520 3846 1572; x_wconf 74' lang='grc' dir='ltr'>καὶ</span> 
     </span>
    </p>
   </div>
   <div class='ocr_carea' id='block_1_44' title="bbox 2258 1616 3841 1689">
    <p class='ocr_par' dir='ltr' id='par_1_44' title="bbox 2258 1616 3841 1689">
     <span class='ocr_line' id='line_1_44' title="bbox 2258 1616 3841 1689; baseline -0.004 -18"><span class='ocrx_word' id='word_1_304' title='bbox 2258 1618 2355 1671; x_wconf 89' lang='grc' dir='ltr'>τοῦ</span> <span class='ocrx_word' id='word_1_305' title='bbox 2395 1616 2565 1688; x_wconf 82' lang='grc' dir='ltr'>φυτοῦ</span> <span class='ocrx_word' id='word_1_306' title='bbox 2602 1617 2834 1688; x_wconf 84' lang='grc' dir='ltr'>μετέσχε</span> <span class='ocrx_word' id='word_1_307' title='bbox 2892 1619 2986 1670; x_wconf 71' lang='grc' dir='ltr'>καὶ</span> <span class='ocrx_word' id='word_1_308' title='bbox 3026 1619 3091 1689; x_wconf 83' lang='grc' dir='ltr'>τῇ</span> <span class='ocrx_word' id='word_1_309' title='bbox 3144 1617 3463 1687; x_wconf 79' lang='grc' dir='ltr'>παραϐάσει</span> <span class='ocrx_word' id='word_1_310' title='bbox 3510 1616 3841 1687; x_wconf 85' lang='grc' dir='ltr'>περιέπεσε·</span> 
     </span>
    </p>
   </div>
   <div class='ocr_carea' id='block_1_45' title="bbox 2262 1706 3845 1780">
    <p class='ocr_par' dir='ltr' id='par_1_45' title="bbox 2262 1706 3845 1780">
     <span class='ocr_line' id='line_1_45' title="bbox 2262 1706 3845 1780; baseline -0.001 -19"><span class='ocrx_word' id='word_1_311' title='bbox 2262 1710 2338 1780; x_wconf 83' lang='grc' dir='ltr'>μὴ</span> <span class='ocrx_word' id='word_1_312' title='bbox 2370 1709 2690 1779; x_wconf 82' lang='grc' dir='ltr'>ήπατῆσθαι</span> <span class='ocrx_word' id='word_1_313' title='bbox 2715 1709 2895 1763; x_wconf 88' lang='grc' dir='ltr'>τοίνυν</span> <span class='ocrx_word' id='word_1_314' title='bbox 2926 1710 3018 1762; x_wconf 65' lang='grc' dir='ltr'>τὸν</span> <span class='ocrx_word' id='word_1_315' title='bbox 3054 1710 3225 1778; x_wconf 80' lang='grc' dir='ltr'>Ἀδὰμ</span> <span class='ocrx_word' id='word_1_316' title='bbox 3248 1711 3340 1763; x_wconf 72' lang='grc' dir='ltr'><strong>καὶ</strong></span> <span class='ocrx_word' id='word_1_317' title='bbox 3364 1709 3452 1762; x_wconf 70' lang='grc' dir='ltr'>διὰ</span> <span class='ocrx_word' id='word_1_318' title='bbox 3476 1708 3638 1761; x_wconf 90' lang='grc' dir='ltr'>τοῦτο</span> <span class='ocrx_word' id='word_1_319' title='bbox 3662 1706 3845 1778; x_wconf 77' lang='grc' dir='ltr'>ῥηθείη</span> 
     </span>
    </p>
   </div>
   <div class='ocr_carea' id='block_1_46' title="bbox 2190 1782 3846 1873">
    <p class='ocr_par' dir='ltr' id='par_1_46' title="bbox 2190 1782 3846 1873">
     <span class='ocr_line' id='line_1_46' title="bbox 2190 1782 3846 1873; baseline -0.001 -18"><span class='ocrx_word' id='word_1_320' title='bbox 2190 1782 2231 1836; x_wconf 76' lang='grc' dir='ltr'>Β</span> <span class='ocrx_word' id='word_1_321' title='bbox 2262 1801 2328 1855; x_wconf 84' lang='grc' dir='ltr'>ἂν</span> <span class='ocrx_word' id='word_1_322' title='bbox 2358 1802 2459 1854; x_wconf 84' lang='grc' dir='ltr'><strong>οὐκ</strong></span> <span class='ocrx_word' id='word_1_323' title='bbox 2498 1802 2604 1867; x_wconf 80' lang='grc' dir='ltr'><strong>ἔξω</strong></span> <span class='ocrx_word' id='word_1_324' title='bbox 2635 1801 2731 1854; x_wconf 88' lang='grc' dir='ltr'><strong>τοῦ</strong></span> <span class='ocrx_word' id='word_1_325' title='bbox 2760 1803 2991 1864; x_wconf 86' lang='grc' dir='ltr'>είκότος.</span> <span class='ocrx_word' id='word_1_326' title='bbox 3030 1802 3137 1855; x_wconf 75' lang='grc' dir='ltr'><strong>Καὶ</strong></span> <span class='ocrx_word' id='word_1_327' title='bbox 3159 1802 3269 1873; x_wconf 78' lang='grc' dir='ltr'>γὰρ</span> <span class='ocrx_word' id='word_1_328' title='bbox 3299 1801 3487 1855; x_wconf 58' lang='grc' dir='ltr'><strong>πολλολ⁵</strong></span> <span class='ocrx_word' id='word_1_329' title='bbox 3514 1802 3575 1854; x_wconf 70' lang='grc' dir='ltr'>τὸ</span> <span class='ocrx_word' id='word_1_330' title='bbox 3598 1802 3846 1871; x_wconf 68' lang='grc' dir='ltr'>διὰφορον</span> 
     </span>
    </p>
   </div>
   <div class='ocr_carea' id='block_1_47' title="bbox 2262 1890 3844 1964">
    <p class='ocr_par' dir='ltr' id='par_1_47' title="bbox 2262 1890 3844 1964">
     <span class='ocr_line' id='line_1_47' title="bbox 2262 1890 3844 1964; baseline -0.003 -17"><span class='ocrx_word' id='word_1_331' title='bbox 2262 1894 2478 1964; x_wconf 83' lang='grc' dir='ltr'>ἔχουσιν</span> <span class='ocrx_word' id='word_1_332' title='bbox 2526 1895 2576 1945; x_wconf 82' lang='grc' dir='ltr'><strong>οἱ</strong></span> <span class='ocrx_word' id='word_1_333' title='bbox 2638 1894 2737 1963; x_wconf 79' lang='grc' dir='ltr'>τὴν</span> <span class='ocrx_word' id='word_1_334' title='bbox 2770 1893 2941 1964; x_wconf 77' lang='grc' dir='ltr'>αὐτὴν</span> <span class='ocrx_word' id='word_1_335' title='bbox 2987 1894 3084 1962; x_wconf 72' lang='grc' dir='ltr'>μὲν</span> <span class='ocrx_word' id='word_1_336' title='bbox 3117 1894 3490 1963; x_wconf 82' lang='grc' dir='ltr'>ἀποτρόπαιον</span> <span class='ocrx_word' id='word_1_337' title='bbox 3535 1891 3749 1963; x_wconf 79' lang='grc' dir='ltr'>πρᾶξιν,</span> <span class='ocrx_word' id='word_1_338' title='bbox 3786 1890 3844 1944; x_wconf 82' lang='grc' dir='ltr'>ού</span> 
     </span>
    </p>
   </div>
   <div class='ocr_carea' id='block_1_48' title="bbox 2260 1985 3847 2058">
    <p class='ocr_par' dir='ltr' id='par_1_48' title="bbox 2260 1985 3847 2058">
     <span class='ocr_line' id='line_1_48' title="bbox 2260 1985 3847 2058; baseline -0.001 -19"><span class='ocrx_word' id='word_1_339' title='bbox 2260 1990 2325 2057; x_wconf 84' lang='grc' dir='ltr'><strong>τῇ</strong></span> <span class='ocrx_word' id='word_1_340' title='bbox 2366 1988 2501 2057; x_wconf 76' lang='grc' dir='ltr'>αύτῇ</span> <span class='ocrx_word' id='word_1_341' title='bbox 2531 1986 2585 2039; x_wconf 83' lang='grc' dir='ltr'>δὲ</span> <span class='ocrx_word' id='word_1_342' title='bbox 2617 1988 2711 2038; x_wconf 74' lang='grc' dir='ltr'>καὶ</span> <span class='ocrx_word' id='word_1_343' title='bbox 2766 1987 2930 2056; x_wconf 63' lang='grc' dir='ltr'><strong>ὁμοία⁴</strong></span> <span class='ocrx_word' id='word_1_344' title='bbox 2959 1986 3171 2058; x_wconf 79' lang='grc' dir='ltr'>διανοίᾳ</span> <span class='ocrx_word' id='word_1_345' title='bbox 3225 1985 3640 2058; x_wconf 81' lang='grc' dir='ltr'>μετερχόμενοι.</span> <span class='ocrx_word' id='word_1_346' title='bbox 3676 1985 3731 2037; x_wconf 91' lang='grc' dir='ltr'><strong>Ὀ</strong></span> <span class='ocrx_word' id='word_1_347' title='bbox 3758 1985 3847 2054; x_wconf 80' lang='grc' dir='ltr'>μὲν</span> 
     </span>
    </p>
   </div>
   <div class='ocr_carea' id='block_1_49' title="bbox 2260 2077 3847 2153">
    <p class='ocr_par' dir='ltr' id='par_1_49' title="bbox 2260 2077 3847 2153">
     <span class='ocr_line' id='line_1_49' title="bbox 2260 2077 3847 2153; baseline -0.002 -21"><span class='ocrx_word' id='word_1_348' title='bbox 2260 2079 2370 2149; x_wconf 80' lang='grc' dir='ltr'><strong>γὰρ</strong></span> <span class='ocrx_word' id='word_1_349' title='bbox 2445 2080 2647 2153; x_wconf 75' lang='grc' dir='ltr'>μελέτῃ</span> <span class='ocrx_word' id='word_1_350' title='bbox 2683 2079 2776 2132; x_wconf 78' lang='grc' dir='ltr'>καὶ</span> <span class='ocrx_word' id='word_1_351' title='bbox 2820 2079 3091 2150; x_wconf 83' lang='grc' dir='ltr'>διακρίσει</span> <span class='ocrx_word' id='word_1_352' title='bbox 3153 2082 3248 2131; x_wconf 78' lang='grc' dir='ltr'>καὶ</span> <span class='ocrx_word' id='word_1_353' title='bbox 3291 2081 3356 2150; x_wconf 86' lang='grc' dir='ltr'>τῇ</span> <span class='ocrx_word' id='word_1_354' title='bbox 3408 2079 3506 2132; x_wconf 88' lang='grc' dir='ltr'>τοῦ</span> <span class='ocrx_word' id='word_1_355' title='bbox 3550 2077 3847 2150; x_wconf 78' lang='grc' dir='ltr'>κρείττονος</span> 
     </span>
    </p>
   </div>
   <div class='ocr_carea' id='block_1_50' title="bbox 2259 2170 3847 2244">
    <p class='ocr_par' dir='ltr' id='par_1_50' title="bbox 2259 2170 3847 2244">
     <span class='ocr_line' id='line_1_50' title="bbox 2259 2170 3847 2244; baseline -0.001 -19"><span class='ocrx_word' id='word_1_356' title='bbox 2259 2173 2604 2240; x_wconf 74' lang='grc' dir='ltr'>καταγνώσει</span> <span class='ocrx_word' id='word_1_357' title='bbox 2640 2173 2777 2244; x_wconf 77' lang='grc' dir='ltr'>πρὸς</span> <span class='ocrx_word' id='word_1_358' title='bbox 2811 2172 2871 2225; x_wconf 79' lang='grc' dir='ltr'><strong>τὸ</strong></span> <span class='ocrx_word' id='word_1_359' title='bbox 2894 2175 3074 2244; x_wconf 87' lang='grc' dir='ltr'>χεῖρον</span> <span class='ocrx_word' id='word_1_360' title='bbox 3109 2172 3420 2236; x_wconf 82' lang='grc' dir='ltr'>ἀπονεύσας</span> <span class='ocrx_word' id='word_1_361' title='bbox 3457 2172 3555 2226; x_wconf 81' lang='grc' dir='ltr'>καὶ</span> <span class='ocrx_word' id='word_1_362' title='bbox 3588 2172 3683 2242; x_wconf 82' lang='grc' dir='ltr'><strong>τὴν</strong></span> <span class='ocrx_word' id='word_1_363' title='bbox 3717 2170 3847 2240; x_wconf 86' lang='grc' dir='ltr'>φαύ-</span> 
     </span>
    </p>
   </div>
   <div class='ocr_carea' id='block_1_51' title="bbox 2257 2262 3845 2335">
    <p class='ocr_par' dir='ltr' id='par_1_51' title="bbox 2257 2262 3845 2335">
     <span class='ocr_line' id='line_1_51' title="bbox 2257 2262 3845 2335; baseline -0.002 -18"><span class='ocrx_word' id='word_1_364' title='bbox 2257 2264 2357 2335; x_wconf 87' lang='grc' dir='ltr'><strong>λην</strong></span> <span class='ocrx_word' id='word_1_365' title='bbox 2393 2266 2589 2335; x_wconf 88' lang='grc' dir='ltr'>μοῖραν</span> <span class='ocrx_word' id='word_1_366' title='bbox 2615 2264 3000 2334; x_wconf 84' lang='grc' dir='ltr'>προελόμενος,</span> <span class='ocrx_word' id='word_1_367' title='bbox 3050 2264 3441 2333; x_wconf 87' lang='grc' dir='ltr'>ἀσύγγνωστον</span> <span class='ocrx_word' id='word_1_368' title='bbox 3495 2263 3752 2317; x_wconf 78' lang='grc' dir='ltr'>ἀποτελεῖ</span> <span class='ocrx_word' id='word_1_369' title='bbox 3790 2262 3845 2314; x_wconf 77' lang='grc' dir='ltr'>τὸ</span> 
     </span>
    </p>
   </div>
   <div class='ocr_carea' id='block_1_52' title="bbox 2259 2355 3845 2427">
    <p class='ocr_par' dir='ltr' id='par_1_52' title="bbox 2259 2355 3845 2427">
     <span class='ocr_line' id='line_1_52' title="bbox 2259 2355 3845 2427; baseline -0.002 -18"><span class='ocrx_word' id='word_1_370' title='bbox 2259 2355 2643 2426; x_wconf 75' lang='grc' dir='ltr'>πλημμέλημα</span> <span class='ocrx_word' id='word_1_371' title='bbox 2666 2373 2678 2386; x_wconf 93' lang='grc'><strong>·</strong></span> <span class='ocrx_word' id='word_1_372' title='bbox 2715 2359 2743 2409; x_wconf 98' lang='lat'><strong>6</strong></span> <span class='ocrx_word' id='word_1_373' title='bbox 2772 2357 2827 2410; x_wconf 83' lang='grc' dir='ltr'>δὲ</span> <span class='ocrx_word' id='word_1_374' title='bbox 2860 2356 3087 2426; x_wconf 83' lang='grc' dir='ltr'>μηδενὸς</span> <span class='ocrx_word' id='word_1_375' title='bbox 3123 2357 3330 2409; x_wconf 84' lang='grc' dir='ltr'>τούτων</span> <span class='ocrx_word' id='word_1_376' title='bbox 3352 2357 3560 2427; x_wconf 75' lang='grc' dir='ltr'>ἔνοχος,</span> <span class='ocrx_word' id='word_1_377' title='bbox 3596 2358 3729 2425; x_wconf 78' lang='grc' dir='ltr'>πρὸς</span> <span class='ocrx_word' id='word_1_378' title='bbox 3753 2355 3845 2425; x_wconf 76' lang='grc' dir='ltr'>τὴν</span> 
     </span>
    </p>
   </div>
   <div class='ocr_carea' id='block_1_53' title="bbox 2256 2448 3846 2523">
    <p class='ocr_par' dir='ltr' id='par_1_53' title="bbox 2256 2448 3846 2523">
     <span class='ocr_line' id='line_1_53' title="bbox 2256 2448 3846 2523; baseline -0.001 -23"><span class='ocrx_word' id='word_1_379' title='bbox 2256 2449 2547 2503; x_wconf 89' lang='grc' dir='ltr'>κοινωνίαν</span> <span class='ocrx_word' id='word_1_380' title='bbox 2573 2450 2628 2502; x_wconf 85' lang='grc' dir='ltr'>δὲ</span> <span class='ocrx_word' id='word_1_381' title='bbox 2660 2449 3070 2520; x_wconf 75' lang='grc' dir='ltr'>παρολισθήσας</span> <span class='ocrx_word' id='word_1_382' title='bbox 3100 2453 3201 2521; x_wconf 89' lang='grc' dir='ltr'><strong>τῆς</strong></span> <span class='ocrx_word' id='word_1_383' title='bbox 3228 2449 3506 2523; x_wconf 80' lang='grc' dir='ltr'>πράξεως,</span> <span class='ocrx_word' id='word_1_384' title='bbox 3528 2448 3846 2518; x_wconf 78' lang='grc' dir='ltr'>πολλαχόθεν</span> 
     </span>
    </p>
   </div>
   <div class='ocr_carea' id='block_1_54' title="bbox 2256 2535 3845 2610">
    <p class='ocr_par' dir='ltr' id='par_1_54' title="bbox 2256 2535 3845 2610">
     <span class='ocr_line' id='line_1_54' title="bbox 2256 2535 3845 2610; baseline 0.001 -18"><span class='ocrx_word' id='word_1_385' title='bbox 2256 2538 2441 2593; x_wconf 71' lang='grc' dir='ltr'>ἕλκειν</span> <span class='ocrx_word' id='word_1_386' title='bbox 2492 2538 2585 2591; x_wconf 80' lang='grc' dir='ltr'>τὸν</span> <span class='ocrx_word' id='word_1_387' title='bbox 2635 2538 2785 2593; x_wconf 75' lang='grc' dir='ltr'>ἔλεον</span> <span class='ocrx_word' id='word_1_388' title='bbox 2855 2538 3083 2592; x_wconf 83' lang='grc' dir='ltr'>δύναται</span> <span class='ocrx_word' id='word_1_389' title='bbox 3126 2541 3221 2593; x_wconf 72' lang='grc' dir='ltr'>καὶ</span> <span class='ocrx_word' id='word_1_390' title='bbox 3262 2541 3361 2610; x_wconf 86' lang='grc' dir='ltr'><strong>τῆς</strong></span> <span class='ocrx_word' id='word_1_391' title='bbox 3399 2537 3733 2610; x_wconf 83' lang='grc' dir='ltr'>συγγνώμης</span> <span class='ocrx_word' id='word_1_392' title='bbox 3775 2535 3845 2607; x_wconf 80' lang='grc' dir='ltr'>μὴ</span> 
     </span>
    </p>
   </div>
   <div class='ocr_carea' id='block_1_55' title="bbox 2258 2630 3848 2703">
    <p class='ocr_par' dir='ltr' id='par_1_55' title="bbox 2258 2630 3848 2703">
     <span class='ocr_line' id='line_1_55' title="bbox 2258 2630 3848 2703; baseline -0.003 -18"><span class='ocrx_word' id='word_1_393' title='bbox 2258 2630 2697 2685; x_wconf 84' lang='grc' dir='ltr'>ἀπελαύνεσθαι·</span> <span class='ocrx_word' id='word_1_394' title='bbox 2732 2631 2875 2685; x_wconf 77' lang='grc' dir='ltr'>οὕτω</span> <span class='ocrx_word' id='word_1_395' title='bbox 2898 2631 3030 2700; x_wconf 90' lang='grc' dir='ltr'>γοῦν</span> <span class='ocrx_word' id='word_1_396' title='bbox 3052 2633 3350 2687; x_wconf 80' lang='grc' dir='ltr'>κάνταῦθα.</span> <span class='ocrx_word' id='word_1_397' title='bbox 3403 2632 3469 2686; x_wconf 84' lang='grc' dir='ltr'><strong>Ἠ</strong></span> <span class='ocrx_word' id='word_1_398' title='bbox 3496 2633 3597 2703; x_wconf 81' lang='grc' dir='ltr'>μὲν</span> <span class='ocrx_word' id='word_1_399' title='bbox 3632 2630 3741 2684; x_wconf 78' lang='grc' dir='ltr'><strong>Εὔα</strong></span> <span class='ocrx_word' id='word_1_400' title='bbox 3761 2630 3848 2683; x_wconf 76' lang='grc' dir='ltr'>καὶ</span> 
     </span>
    </p>
   </div>
   <div class='ocr_carea' id='block_1_56' title="bbox 2263 2722 3847 2797">
    <p class='ocr_par' dir='ltr' id='par_1_56' title="bbox 2263 2722 3847 2797">
     <span class='ocr_line' id='line_1_56' title="bbox 2263 2722 3847 2797; baseline -0.003 -21"><span class='ocrx_word' id='word_1_401' title='bbox 2263 2724 2465 2796; x_wconf 83' lang='grc' dir='ltr'>μελέτῃ</span> <span class='ocrx_word' id='word_1_402' title='bbox 2494 2723 2590 2777; x_wconf 75' lang='grc' dir='ltr'>καὶ</span> <span class='ocrx_word' id='word_1_403' title='bbox 2616 2728 2680 2795; x_wconf 81' lang='grc' dir='ltr'><strong>τῇ</strong></span> <span class='ocrx_word' id='word_1_404' title='bbox 2740 2726 2882 2778; x_wconf 87' lang='grc' dir='ltr'><strong>κατά</strong></span> <span class='ocrx_word' id='word_1_405' title='bbox 2906 2724 3003 2795; x_wconf 86' lang='grc' dir='ltr'><strong>τῆς</strong></span> <span class='ocrx_word' id='word_1_406' title='bbox 3052 2725 3277 2796; x_wconf 74' lang='grc' dir='ltr'>ἐντολῆς</span> <span class='ocrx_word' id='word_1_407' title='bbox 3304 2725 3530 2797; x_wconf 77' lang='grc' dir='ltr'>διαϐολῇ</span> <span class='ocrx_word' id='word_1_408' title='bbox 3560 2725 3685 2787; x_wconf 82' lang='grc' dir='ltr'>τοὺς</span> <span class='ocrx_word' id='word_1_409' title='bbox 3712 2722 3847 2790; x_wconf 87' lang='grc' dir='ltr'>λογι-</span> 
     </span>
    </p>
   </div>
   <div class='ocr_carea' id='block_1_57' title="bbox 2264 2820 3845 2897">
    <p class='ocr_par' dir='ltr' id='par_1_57' title="bbox 2264 2820 3845 2897">
     <span class='ocr_line' id='line_1_57' title="bbox 2264 2820 3845 2897; baseline 0.003 -25"><span class='ocrx_word' id='word_1_410' title='bbox 2264 2821 2437 2888; x_wconf 76' lang='grc' dir='ltr'>σμοὺς</span> <span class='ocrx_word' id='word_1_411' title='bbox 2496 2820 2884 2893; x_wconf 75' lang='grc' dir='ltr'>παραθήξασα,</span> <span class='ocrx_word' id='word_1_412' title='bbox 2914 2827 3099 2897; x_wconf 81' lang='grc' dir='ltr'>γυμνῇ</span> <span class='ocrx_word' id='word_1_413' title='bbox 3121 2828 3188 2897; x_wconf 83' lang='grc' dir='ltr'>τῇ</span> <span class='ocrx_word' id='word_1_414' title='bbox 3218 2826 3432 2897; x_wconf 79' lang='grc' dir='ltr'>κεφαλῇ</span> <span class='ocrx_word' id='word_1_415' title='bbox 3470 2826 3535 2879; x_wconf 86' lang='grc' dir='ltr'><strong>τό</strong></span> <span class='ocrx_word' id='word_1_416' title='bbox 3566 2825 3845 2894; x_wconf 88' lang='grc' dir='ltr'>λεγόμενον</span> 
     </span>
    </p>
   </div>
   <div class='ocr_carea' id='block_1_58' title="bbox 555 2910 3846 2988">
    <p class='ocr_par' dir='ltr' id='par_1_58' title="bbox 555 2910 3846 2988">
     <span class='ocr_line' id='line_1_58' title="bbox 555 2910 3846 2988; baseline 0 -21"><span class='ocrx_word' id='word_1_417' title='bbox 555 2914 692 2986; x_wconf 79' lang='grc' dir='ltr'>πρὸς</span> <span class='ocrx_word' id='word_1_418' title='bbox 743 2912 1058 2966; x_wconf 86' lang='grc' dir='ltr'>τούναντίον</span> <span class='ocrx_word' id='word_1_419' title='bbox 1087 2910 1407 2983; x_wconf 67' lang='grc' dir='ltr'>ἐχώρησεν·</span> <span class='ocrx_word' id='word_1_420' title='bbox 1441 2914 1469 2965; x_wconf 91' lang='lat'><strong>6</strong></span> <span class='ocrx_word' id='word_1_421' title='bbox 1508 2911 1567 2966; x_wconf 83' lang='grc' dir='ltr'>δὲ</span> <span class='ocrx_word' id='word_1_422' title='bbox 1606 2912 1782 2984; x_wconf 77' lang='grc' dir='ltr'>Ἀδὰμ</span> <span class='ocrx_word' id='word_1_423' title='bbox 1815 2912 2022 2967; x_wconf 86' lang='grc' dir='ltr'>τούτων</span> <span class='ocrx_word' id='word_1_424' title='bbox 2056 2913 2156 2984; x_wconf 85' lang='grc' dir='ltr'>μὲν</span> <span class='ocrx_word' id='word_1_425' title='bbox 2230 2912 2408 2966; x_wconf 75' lang='grc' dir='ltr'>οὐδενὶ</span> <span class='ocrx_word' id='word_1_426' title='bbox 2467 2913 2560 2966; x_wconf 85' lang='grc' dir='ltr'>τὸν</span> <span class='ocrx_word' id='word_1_427' title='bbox 2604 2914 2830 2968; x_wconf 83' lang='grc' dir='ltr'>δοθέντα</span> <span class='ocrx_word' id='word_1_428' title='bbox 2877 2918 3041 2987; x_wconf 89' lang='grc' dir='ltr'>νόμον</span> <span class='ocrx_word' id='word_1_429' title='bbox 3080 2918 3469 2988; x_wconf 81' lang='grc' dir='ltr'>προεξύϐρισε,</span> <span class='ocrx_word' id='word_1_430' title='bbox 3514 2918 3651 2988; x_wconf 78' lang='grc' dir='ltr'>πρὸς</span> <span class='ocrx_word' id='word_1_431' title='bbox 3687 2913 3846 2987; x_wconf 86' lang='grc' dir='ltr'>μόνην</span> 
     </span>
    </p>
   </div>
   <div class='ocr_carea' id='block_1_59' title="bbox 548 3003 3435 3082">
    <p class='ocr_par' dir='ltr' id='par_1_59' title="bbox 548 3003 3435 3082">
     <span class='ocr_line' id='line_1_59' title="bbox 548 3003 3435 3082; baseline 0.002 -20"><span class='ocrx_word' id='word_1_432' title='bbox 548 3006 596 3062; x_wconf 84' lang='grc' dir='ltr'>δ’</span> <span class='ocrx_word' id='word_1_433' title='bbox 633 3005 889 3076; x_wconf 87' lang='grc' dir='ltr'>ύπεσύρη</span> <span class='ocrx_word' id='word_1_434' title='bbox 914 3004 1012 3074; x_wconf 81' lang='grc' dir='ltr'>τὴν</span> <span class='ocrx_word' id='word_1_435' title='bbox 1050 3003 1245 3056; x_wconf 85' lang='grc' dir='ltr'>τούτου</span> <span class='ocrx_word' id='word_1_436' title='bbox 1298 3004 1648 3075; x_wconf 85' lang='grc' dir='ltr'>παράϐασιν·</span> <span class='ocrx_word' id='word_1_437' title='bbox 1684 3006 1822 3059; x_wconf 86' lang='grc' dir='ltr'><strong>ἀλλά</strong></span> <span class='ocrx_word' id='word_1_438' title='bbox 1852 3006 1941 3059; x_wconf 88' lang='grc' dir='ltr'><strong>διά</strong></span> <span class='ocrx_word' id='word_1_439' title='bbox 1972 3005 2147 3060; x_wconf 87' lang='grc' dir='ltr'>ταῦτα</span> <span class='ocrx_word' id='word_1_440' title='bbox 2187 3007 2288 3076; x_wconf 79' lang='grc' dir='ltr'>μὲν</span> <span class='ocrx_word' id='word_1_441' title='bbox 2317 3006 2518 3076; x_wconf 83' lang='grc' dir='ltr'>λέγοιτ’</span> <span class='ocrx_word' id='word_1_442' title='bbox 2544 3007 2610 3061; x_wconf 81' lang='grc' dir='ltr'>ἂν</span> <span class='ocrx_word' id='word_1_443' title='bbox 2641 3007 2717 3079; x_wconf 83' lang='grc' dir='ltr'>μὴ</span> <span class='ocrx_word' id='word_1_444' title='bbox 2756 3008 3075 3079; x_wconf 87' lang='grc' dir='ltr'>ήπατῆσθαι</span> <span class='ocrx_word' id='word_1_445' title='bbox 3109 3010 3202 3065; x_wconf 85' lang='grc' dir='ltr'>τὸν</span> <span class='ocrx_word' id='word_1_446' title='bbox 3244 3012 3435 3082; x_wconf 83' lang='grc' dir='ltr'>Ἀδάμ.</span> 
     </span>
    </p>
   </div>
   <div class='ocr_carea' id='block_1_60' title="bbox 626 3099 2151 3178">
    <p class='ocr_par' dir='ltr' id='par_1_60' title="bbox 626 3099 2151 3170">
     <span class='ocr_line' id='line_1_60' title="bbox 626 3099 2151 3170; baseline -0.003 -14"><span class='ocrx_word' id='word_1_447' title='bbox 626 3101 911 3156; x_wconf 86' lang='lat' dir='ltr'><strong>Diceretur</strong></span> <span class='ocrx_word' id='word_1_448' title='bbox 944 3108 1126 3154; x_wconf 88' lang='lat' dir='ltr'><strong>autem</strong></span> <span class='ocrx_word' id='word_1_449' title='bbox 1155 3099 1517 3154; x_wconf 85' lang='lat' dir='ltr'><strong>nihilominus</strong></span> <span class='ocrx_word' id='word_1_450' title='bbox 1538 3107 1594 3155; x_wconf 92' lang='lat' dir='ltr'><strong>et</strong></span> <span class='ocrx_word' id='word_1_451' title='bbox 1631 3100 1758 3170; x_wconf 91' lang='lat' dir='ltr'><strong>quia</strong></span> <span class='ocrx_word' id='word_1_452' title='bbox 1815 3099 1903 3154; x_wconf 87' lang='lat' dir='ltr'><strong>hic</strong></span> <span class='ocrx_word' id='word_1_453' title='bbox 1933 3100 2151 3168; x_wconf 85' lang='lat' dir='ltr'><strong>quidem</strong></span> 
     </span>
    </p>
   </div>
   <div class='ocr_carea' id='block_1_61' title="bbox 2252 3099 3845 3178">
    <p class='ocr_par' dir='ltr' id='par_1_61' title="bbox 2332 3101 3845 3178">
     <span class='ocr_line' id='line_1_61' title="bbox 2332 3101 3845 3178; baseline 0.007 -25"><span class='ocrx_word' id='word_1_454' title='bbox 2332 3102 2563 3169; x_wconf 88' lang='grc' dir='ltr'>Λέγοιτο</span> <span class='ocrx_word' id='word_1_455' title='bbox 2586 3102 2630 3155; x_wconf 84' lang='grc' dir='ltr'>δ’</span> <span class='ocrx_word' id='word_1_456' title='bbox 2654 3101 2722 3156; x_wconf 79' lang='grc' dir='ltr'>ἂν</span> <span class='ocrx_word' id='word_1_457' title='bbox 2738 3102 2890 3156; x_wconf 80' lang='grc' dir='ltr'>οὐδὲν</span> <span class='ocrx_word' id='word_1_458' title='bbox 2915 3101 3138 3157; x_wconf 72' lang='grc' dir='ltr'>ἔλαττον</span> <span class='ocrx_word' id='word_1_459' title='bbox 3162 3104 3254 3157; x_wconf 77' lang='grc' dir='ltr'><strong>καὶ</strong></span> <span class='ocrx_word' id='word_1_460' title='bbox 3280 3105 3415 3159; x_wconf 88' lang='grc' dir='ltr'>διότι</span> <span class='ocrx_word' id='word_1_461' title='bbox 3443 3107 3471 3160; x_wconf 87' lang='grc' dir='ltr'><strong>ὁ</strong></span> <span class='ocrx_word' id='word_1_462' title='bbox 3492 3106 3594 3178; x_wconf 84' lang='grc' dir='ltr'>μὲν</span> <span class='ocrx_word' id='word_1_463' title='bbox 3607 3105 3845 3178; x_wconf 83' lang='grc' dir='ltr'>γλώσσης</span> 
     </span>
    </p>
   </div>
   <div class='ocr_carea' id='block_1_62' title="bbox 550 3192 2153 3264">
    <p class='ocr_par' dir='ltr' id='par_1_62' title="bbox 550 3192 2153 3264">
     <span class='ocr_line' id='line_1_62' title="bbox 550 3192 2153 3264; baseline -0.002 -14"><span class='ocrx_word' id='word_1_464' title='bbox 550 3194 771 3264; x_wconf 67' lang='lat' dir='ltr'><strong>linguae,</strong></span> <span class='ocrx_word' id='word_1_465' title='bbox 807 3192 1133 3247; x_wconf 88' lang='lat' dir='ltr'><strong>contribulis</strong></span> <span class='ocrx_word' id='word_1_466' title='bbox 1167 3201 1224 3248; x_wconf 84' lang='lat' dir='ltr'><strong>et</strong></span> <span class='ocrx_word' id='word_1_467' title='bbox 1252 3201 1534 3248; x_wconf 76' lang='lat' dir='ltr'><strong>consueta:</strong></span> <span class='ocrx_word' id='word_1_468' title='bbox 1587 3200 1642 3248; x_wconf 89' lang='lat' dir='ltr'><strong>et</strong></span> <span class='ocrx_word' id='word_1_469' title='bbox 1690 3193 1743 3247; x_wconf 91' lang='lat' dir='ltr'><strong>in</strong></span> <span class='ocrx_word' id='word_1_470' title='bbox 1802 3193 1992 3248; x_wconf 89' lang='lat' dir='ltr'><strong>multis</strong></span> <span class='ocrx_word' id='word_1_471' title='bbox 2044 3208 2153 3247; x_wconf 88' lang='lat' dir='ltr'><strong>non</strong></span> 
     </span>
    </p>
   </div>
   <div class='ocr_carea' id='block_1_63' title="bbox 550 3284 2156 3352">
    <p class='ocr_par' dir='ltr' id='par_1_63' title="bbox 550 3284 2156 3352">
     <span class='ocr_line' id='line_1_63' title="bbox 550 3284 2156 3352; baseline -0.002 -9"><span class='ocrx_word' id='word_1_472' title='bbox 550 3288 765 3343; x_wconf 78' lang='lat' dir='ltr'><strong>fallacis</strong></span> <span class='ocrx_word' id='word_1_473' title='bbox 791 3286 926 3342; x_wconf 71' lang='lat' dir='ltr'><strong>visa:</strong></span> <span class='ocrx_word' id='word_1_474' title='bbox 958 3285 1192 3341; x_wconf 88' lang='lat' dir='ltr'><strong>audiens</strong></span> <span class='ocrx_word' id='word_1_475' title='bbox 1221 3284 1399 3340; x_wconf 86' lang='lat' dir='ltr'><strong>factus</strong></span> <span class='ocrx_word' id='word_1_476' title='bbox 1425 3294 1546 3352; x_wconf 88' lang='lat' dir='ltr'><strong>est;</strong></span> <span class='ocrx_word' id='word_1_477' title='bbox 1582 3285 1673 3340; x_wconf 92' lang='lat' dir='ltr'><strong>illa</strong></span> <span class='ocrx_word' id='word_1_478' title='bbox 1707 3301 1837 3341; x_wconf 91' lang='lat' dir='ltr'><strong>vero</strong></span> <span class='ocrx_word' id='word_1_479' title='bbox 1877 3295 2156 3340; x_wconf 72' lang='lat' dir='ltr'><strong>extranea:</strong></span> 
     </span>
    </p>
   </div>
   <div class='ocr_carea' id='block_1_64' title="bbox 551 3377 2154 3450">
    <p class='ocr_par' dir='ltr' id='par_1_64' title="bbox 551 3377 2154 3450">
     <span class='ocr_line' id='line_1_64' title="bbox 551 3377 2154 3450; baseline -0.002 -15"><span class='ocrx_word' id='word_1_480' title='bbox 551 3381 703 3437; x_wconf 87' lang='lat' dir='ltr'><strong>vocis</strong></span> <span class='ocrx_word' id='word_1_481' title='bbox 751 3394 934 3450; x_wconf 87' lang='lat' dir='ltr'><strong>neque</strong></span> <span class='ocrx_word' id='word_1_482' title='bbox 964 3378 1275 3434; x_wconf 87' lang='lat' dir='ltr'><strong>consistere</strong></span> <span class='ocrx_word' id='word_1_483' title='bbox 1303 3377 1372 3432; x_wconf 87' lang='lat' dir='ltr'><strong>ad</strong></span> <span class='ocrx_word' id='word_1_484' title='bbox 1410 3378 1890 3434; x_wconf 90' lang='lat' dir='ltr'><strong>conversationem</strong></span> <span class='ocrx_word' id='word_1_485' title='bbox 1917 3384 2154 3432; x_wconf 73' lang='lat' dir='ltr'><strong>assuetae</strong></span> 
     </span>
    </p>
   </div>
   <div class='ocr_carea' id='block_1_65' title="bbox 551 3469 2150 3543">
    <p class='ocr_par' dir='ltr' id='par_1_65' title="bbox 551 3469 2150 3543">
     <span class='ocr_line' id='line_1_65' title="bbox 551 3469 2150 3543; baseline -0.003 -15"><span class='ocrx_word' id='word_1_486' title='bbox 551 3472 889 3543; x_wconf 89' lang='lat' dir='ltr'><strong>mancipium</strong></span> <span class='ocrx_word' id='word_1_487' title='bbox 921 3471 1043 3527; x_wconf 87' lang='lat' dir='ltr'><strong>visa</strong></span> <span class='ocrx_word' id='word_1_488' title='bbox 1068 3480 1155 3526; x_wconf 89' lang='lat' dir='ltr'><strong>est</strong></span> <span class='ocrx_word' id='word_1_489' title='bbox 1182 3480 1238 3526; x_wconf 89' lang='lat' dir='ltr'><strong>et</strong></span> <span class='ocrx_word' id='word_1_490' title='bbox 1264 3471 1638 3541; x_wconf 87' lang='lat' dir='ltr'><strong>improbitatis</strong></span> <span class='ocrx_word' id='word_1_491' title='bbox 1658 3469 1802 3526; x_wconf 87' lang='lat' dir='ltr'><strong>facta</strong></span> <span class='ocrx_word' id='word_1_492' title='bbox 1833 3483 1915 3527; x_wconf 91' lang='lat' dir='ltr'><strong>est</strong></span> <span class='ocrx_word' id='word_1_493' title='bbox 1945 3469 2150 3542; x_wconf 73' lang='lat' dir='ltr'><strong>praeda.</strong></span> 
     </span>
    </p>
   </div>
   <div class='ocr_carea' id='block_1_66' title="bbox 550 3561 2153 3637">
    <p class='ocr_par' dir='ltr' id='par_1_66' title="bbox 550 3561 2153 3637">
     <span class='ocr_line' id='line_1_66' title="bbox 550 3561 2153 3637; baseline -0.004 -16"><span class='ocrx_word' id='word_1_494' title='bbox 550 3566 723 3637; x_wconf 74' lang='lat' dir='ltr'><strong>Igitur</strong></span> <span class='ocrx_word' id='word_1_495' title='bbox 769 3575 823 3620; x_wconf 80' lang='lat' dir='ltr'><strong>et</strong></span> <span class='ocrx_word' id='word_1_496' title='bbox 867 3566 1010 3620; x_wconf 88' lang='lat' dir='ltr'><strong>hanc</strong></span> <span class='ocrx_word' id='word_1_497' title='bbox 1066 3564 1401 3618; x_wconf 88' lang='lat' dir='ltr'><strong>additionem</strong></span> <span class='ocrx_word' id='word_1_498' title='bbox 1441 3563 1681 3618; x_wconf 88' lang='lat' dir='ltr'><strong>admittit</strong></span> <span class='ocrx_word' id='word_1_499' title='bbox 1724 3580 1947 3619; x_wconf 85' lang='lat' dir='ltr'><strong>causam</strong></span> <span class='ocrx_word' id='word_1_500' title='bbox 2003 3561 2153 3633; x_wconf 90' lang='lat' dir='ltr'><strong>quod</strong></span> 
     </span>
    </p>
   </div>
   <div class='ocr_carea' id='block_1_67' title="bbox 548 3655 2151 3724">
    <p class='ocr_par' dir='ltr' id='par_1_67' title="bbox 548 3655 2151 3724">
     <span class='ocr_line' id='line_1_67' title="bbox 548 3655 2151 3724; baseline -0.002 -11"><span class='ocrx_word' id='word_1_501' title='bbox 548 3658 769 3713; x_wconf 85' lang='lat' dir='ltr'><strong>dicatur</strong></span> <span class='ocrx_word' id='word_1_502' title='bbox 799 3656 1070 3711; x_wconf 85' lang='lat' dir='ltr'><strong>Adatnum</strong></span> <span class='ocrx_word' id='word_1_503' title='bbox 1103 3670 1212 3710; x_wconf 90' lang='lat' dir='ltr'><strong>non</strong></span> <span class='ocrx_word' id='word_1_504' title='bbox 1265 3657 1440 3711; x_wconf 84' lang='lat' dir='ltr'><strong>fuisse</strong></span> <span class='ocrx_word' id='word_1_505' title='bbox 1477 3655 1787 3724; x_wconf 89' lang='lat' dir='ltr'><strong>deceptum,</strong></span> <span class='ocrx_word' id='word_1_506' title='bbox 1863 3656 2151 3711; x_wconf 88' lang='lat' dir='ltr'><strong>mulierem</strong></span> 
     </span>
    </p>
   </div>
   <div class='ocr_carea' id='block_1_68' title="bbox 551 3747 2150 3821">
    <p class='ocr_par' dir='ltr' id='par_1_68' title="bbox 551 3747 2150 3821">
     <span class='ocr_line' id='line_1_68' title="bbox 551 3747 2150 3821; baseline 0 -18"><span class='ocrx_word' id='word_1_507' title='bbox 551 3765 683 3805; x_wconf 89' lang='lat' dir='ltr'><strong>vero</strong></span> <span class='ocrx_word' id='word_1_508' title='bbox 711 3747 996 3818; x_wconf 86' lang='lat' dir='ltr'><strong>deceptam</strong></span> <span class='ocrx_word' id='word_1_509' title='bbox 1016 3750 1069 3803; x_wconf 91' lang='lat' dir='ltr'><strong>in</strong></span> <span class='ocrx_word' id='word_1_510' title='bbox 1092 3749 1547 3819; x_wconf 70' lang='lat' dir='ltr'><strong>praevaricatione</strong></span> <span class='ocrx_word' id='word_1_511' title='bbox 1566 3749 1773 3816; x_wconf 86' lang='lat' dir='ltr'><strong>fuisse;</strong></span> <span class='ocrx_word' id='word_1_512' title='bbox 1819 3750 2150 3821; x_wconf 83' lang='lat' dir='ltr'><strong>transgressi</strong></span> 
     </span>
    </p>
   </div>
   <div class='ocr_carea' id='block_1_69' title="bbox 551 3842 2152 3913">
    <p class='ocr_par' dir='ltr' id='par_1_69' title="bbox 551 3842 2152 3913">
     <span class='ocr_line' id='line_1_69' title="bbox 551 3842 2152 3913; baseline -0.001 -16"><span class='ocrx_word' id='word_1_513' title='bbox 551 3852 683 3898; x_wconf 89' lang='lat' dir='ltr'><strong>sunt</strong></span> <span class='ocrx_word' id='word_1_514' title='bbox 711 3842 968 3912; x_wconf 88' lang='lat' dir='ltr'><strong>equidem</strong></span> <span class='ocrx_word' id='word_1_515' title='bbox 1002 3842 1211 3910; x_wconf 89' lang='lat' dir='ltr'><strong>ambo;</strong></span> <span class='ocrx_word' id='word_1_516' title='bbox 1244 3842 1337 3898; x_wconf 90' lang='lat' dir='ltr'><strong>sed</strong></span> <span class='ocrx_word' id='word_1_517' title='bbox 1383 3853 1437 3898; x_wconf 91' lang='lat' dir='ltr'><strong>et</strong></span> <span class='ocrx_word' id='word_1_518' title='bbox 1460 3842 1548 3897; x_wconf 87' lang='lat' dir='ltr'><strong>hic</strong></span> <span class='ocrx_word' id='word_1_519' title='bbox 1583 3843 1733 3913; x_wconf 91' lang='lat' dir='ltr'><strong>prior</strong></span> <span class='ocrx_word' id='word_1_520' title='bbox 1786 3855 1868 3899; x_wconf 81' lang='lat' dir='ltr'><strong>est</strong></span> <span class='ocrx_word' id='word_1_521' title='bbox 1907 3844 2152 3898; x_wconf 91' lang='lat' dir='ltr'><strong>mulieris</strong></span> 
     </span>
    </p>
   </div>
   <div class='ocr_carea' id='block_1_70' title="bbox 550 3932 2153 4008">
    <p class='ocr_par' dir='ltr' id='par_1_70' title="bbox 550 3932 2153 4008">
     <span class='ocr_line' id='line_1_70' title="bbox 550 3932 2153 4008; baseline 0 -18"><span class='ocrx_word' id='word_1_522' title='bbox 550 3934 942 4005; x_wconf 87' lang='lat' dir='ltr'><strong>transgressio.</strong></span> <span class='ocrx_word' id='word_1_523' title='bbox 983 3932 1048 3989; x_wconf 89' lang='lat' dir='ltr'><strong>Et</strong></span> <span class='ocrx_word' id='word_1_524' title='bbox 1096 3935 1315 4005; x_wconf 90' lang='lat' dir='ltr'><strong>quidem</strong></span> <span class='ocrx_word' id='word_1_525' title='bbox 1345 3934 1582 4006; x_wconf 89' lang='lat' dir='ltr'><strong>duplicis</strong></span> <span class='ocrx_word' id='word_1_526' title='bbox 1617 3936 1732 4006; x_wconf 81' lang='lat' dir='ltr'><strong>ipsa</strong></span> <span class='ocrx_word' id='word_1_527' title='bbox 1765 3938 2153 4008; x_wconf 84' lang='lat' dir='ltr'><strong>transgressio-</strong></span> 
     </span>
    </p>
   </div>
   <div class='ocr_carea' id='block_1_71' title="bbox 550 4028 2153 4099">
    <p class='ocr_par' dir='ltr' id='par_1_71' title="bbox 550 4028 2153 4099">
     <span class='ocr_line' id='line_1_71' title="bbox 550 4028 2153 4099; baseline 0.001 -18"><span class='ocrx_word' id='word_1_528' title='bbox 550 4029 637 4093; x_wconf 79' lang='lat' dir='ltr'><strong>nis</strong></span> <span class='ocrx_word' id='word_1_529' title='bbox 663 4028 780 4082; x_wconf 85' lang='lat' dir='ltr'><strong>visa</strong></span> <span class='ocrx_word' id='word_1_530' title='bbox 817 4037 897 4082; x_wconf 87' lang='lat' dir='ltr'><strong>est</strong></span> <span class='ocrx_word' id='word_1_531' title='bbox 928 4043 1041 4093; x_wconf 87' lang='lat' dir='ltr'><strong>rea,</strong></span> <span class='ocrx_word' id='word_1_532' title='bbox 1082 4028 1317 4097; x_wconf 59' lang='lat' dir='ltr'><strong>propria}</strong></span> <span class='ocrx_word' id='word_1_533' title='bbox 1350 4038 1403 4082; x_wconf 93' lang='lat' dir='ltr'><strong>et</strong></span> <span class='ocrx_word' id='word_1_534' title='bbox 1452 4028 1517 4082; x_wconf 91' lang='lat' dir='ltr'><strong>ad</strong></span> <span class='ocrx_word' id='word_1_535' title='bbox 1558 4045 1722 4099; x_wconf 88' lang='lat' dir='ltr'><strong>quam</strong></span> <span class='ocrx_word' id='word_1_536' title='bbox 1776 4031 1953 4083; x_wconf 90' lang='lat' dir='ltr'><strong>virmn</strong></span> <span class='ocrx_word' id='word_1_537' title='bbox 2002 4046 2153 4085; x_wconf 89' lang='lat' dir='ltr'><strong>com-</strong></span> 
     </span>
    </p>
   </div>
   <div class='ocr_carea' id='block_1_72' title="bbox 548 4120 2149 4191">
    <p class='ocr_par' dir='ltr' id='par_1_72' title="bbox 548 4120 2149 4191">
     <span class='ocr_line' id='line_1_72' title="bbox 548 4120 2149 4191; baseline 0.001 -17"><span class='ocrx_word' id='word_1_538' title='bbox 548 4122 709 4191; x_wconf 90' lang='lat' dir='ltr'><strong>pulit.</strong></span> <span class='ocrx_word' id='word_1_539' title='bbox 741 4120 879 4186; x_wconf 84' lang='lat' dir='ltr'><strong>Quid</strong></span> <span class='ocrx_word' id='word_1_540' title='bbox 912 4120 1099 4189; x_wconf 84' lang='lat' dir='ltr'><strong>igitur,</strong></span> <span class='ocrx_word' id='word_1_541' title='bbox 1146 4122 1295 4174; x_wconf 85' lang='lat' dir='ltr'><strong>dicat</strong></span> <span class='ocrx_word' id='word_1_542' title='bbox 1322 4121 1445 4188; x_wconf 88' lang='lat' dir='ltr'><strong>quis</strong></span> <span class='ocrx_word' id='word_1_543' title='bbox 1483 4122 1548 4175; x_wconf 89' lang='lat' dir='ltr'><strong>ad</strong></span> <span class='ocrx_word' id='word_1_544' title='bbox 1588 4138 1673 4175; x_wconf 90' lang='lat' dir='ltr'><strong>me</strong></span> <span class='ocrx_word' id='word_1_545' title='bbox 1709 4123 1956 4176; x_wconf 70' lang='lat' dir='ltr'><strong>fetninem</strong></span> <span class='ocrx_word' id='word_1_546' title='bbox 1988 4132 2149 4176; x_wconf 91' lang='lat' dir='ltr'><strong>natu-</strong></span> 
     </span>
    </p>
   </div>
   <div class='ocr_carea' id='block_1_73' title="bbox 547 4212 2145 4286">
    <p class='ocr_par' dir='ltr' id='par_1_73' title="bbox 547 4212 2145 4286">
     <span class='ocr_line' id='line_1_73' title="bbox 547 4212 2145 4286; baseline 0.002 -16"><span class='ocrx_word' id='word_1_547' title='bbox 547 4230 624 4270; x_wconf 68' lang='grc' dir='ltr'><strong>πε</strong></span> <span class='ocrx_word' id='word_1_548' title='bbox 653 4223 939 4284; x_wconf 83' lang='lat' dir='ltr'><strong>patronus,</strong></span> <span class='ocrx_word' id='word_1_549' title='bbox 960 4212 1082 4267; x_wconf 65' lang='lat' dir='ltr'><strong>Eva:</strong></span> <span class='ocrx_word' id='word_1_550' title='bbox 1113 4214 1369 4283; x_wconf 82' lang='lat' dir='ltr'><strong>deceptio</strong></span> <span class='ocrx_word' id='word_1_551' title='bbox 1391 4225 1444 4267; x_wconf 87' lang='lat' dir='ltr'><strong>et</strong></span> <span class='ocrx_word' id='word_1_552' title='bbox 1472 4218 1859 4282; x_wconf 70' lang='lat' dir='ltr'><strong>transgressio,</strong></span> <span class='ocrx_word' id='word_1_553' title='bbox 1883 4218 2145 4286; x_wconf 85' lang='lat' dir='ltr'><strong>quoniam</strong></span> 
     </span>
    </p>
   </div>
   <div class='ocr_carea' id='block_1_74' title="bbox 547 4299 2145 4368">
    <p class='ocr_par' dir='ltr' id='par_1_74' title="bbox 547 4299 2145 4368">
     <span class='ocr_line' id='line_1_74' title="bbox 547 4299 2145 4368; baseline 0.003 -16"><span class='ocrx_word' id='word_1_554' title='bbox 547 4299 714 4353; x_wconf 90' lang='lat' dir='ltr'><strong>unius</strong></span> <span class='ocrx_word' id='word_1_555' title='bbox 776 4308 827 4353; x_wconf 93' lang='lat' dir='ltr'><strong>et</strong></span> <span class='ocrx_word' id='word_1_556' title='bbox 862 4299 1107 4368; x_wconf 82' lang='lat' dir='ltr'><strong>ejusdem</strong></span> <span class='ocrx_word' id='word_1_557' title='bbox 1144 4308 1352 4353; x_wconf 71' lang='lat' dir='ltr'><strong>natum:</strong></span> <span class='ocrx_word' id='word_1_558' title='bbox 1374 4299 1458 4353; x_wconf 88' lang='lat' dir='ltr'><strong>vir</strong></span> <span class='ocrx_word' id='word_1_559' title='bbox 1493 4309 1546 4353; x_wconf 87' lang='lat' dir='ltr'><strong>et</strong></span> <span class='ocrx_word' id='word_1_560' title='bbox 1598 4302 1798 4355; x_wconf 87' lang='lat' dir='ltr'><strong>mulier</strong></span> <span class='ocrx_word' id='word_1_561' title='bbox 1840 4318 1966 4356; x_wconf 89' lang='lat' dir='ltr'><strong>cum</strong></span> <span class='ocrx_word' id='word_1_562' title='bbox 2013 4304 2145 4368; x_wconf 90' lang='lat' dir='ltr'><strong>sint,</strong></span> 
     </span>
    </p>
   </div>
   <div class='ocr_carea' id='block_1_75' title="bbox 545 4391 2148 4456">
    <p class='ocr_par' dir='ltr' id='par_1_75' title="bbox 545 4391 2148 4456">
     <span class='ocr_line' id='line_1_75' title="bbox 545 4391 2148 4456; baseline 0.001 -8"><span class='ocrx_word' id='word_1_563' title='bbox 545 4393 821 4448; x_wconf 86' lang='lat' dir='ltr'><strong>secundas</strong></span> <span class='ocrx_word' id='word_1_564' title='bbox 852 4391 1279 4447; x_wconf 73' lang='lat' dir='ltr'><strong>ferredamnata:</strong></span> <span class='ocrx_word' id='word_1_565' title='bbox 1310 4409 1524 4456; x_wconf 85' lang='lat' dir='ltr'><strong>sumus,</strong></span> <span class='ocrx_word' id='word_1_566' title='bbox 1557 4405 1611 4448; x_wconf 91' lang='lat' dir='ltr'><strong>et</strong></span> <span class='ocrx_word' id='word_1_567' title='bbox 1640 4396 1971 4450; x_wconf 88' lang='lat' dir='ltr'><strong>discentium</strong></span> <span class='ocrx_word' id='word_1_568' title='bbox 2003 4412 2148 4450; x_wconf 90' lang='lat' dir='ltr'><strong>scm-</strong></span> 
     </span>
    </p>
   </div>
   <div class='ocr_carea' id='block_1_76' title="bbox 2256 3192 3845 3269">
    <p class='ocr_par' dir='ltr' id='par_1_76' title="bbox 2256 3192 3845 3269">
     <span class='ocr_line' id='line_1_76' title="bbox 2256 3192 3845 3269; baseline 0.004 -24"><span class='ocrx_word' id='word_1_569' title='bbox 2256 3192 2534 3263; x_wconf 86' lang='grc' dir='ltr'>ὀμοφύλου</span> <span class='ocrx_word' id='word_1_570' title='bbox 2569 3195 2665 3247; x_wconf 76' lang='grc' dir='ltr'>καὶ</span> <span class='ocrx_word' id='word_1_571' title='bbox 2692 3194 2982 3265; x_wconf 84' lang='grc' dir='ltr'>συνήθους,</span> <span class='ocrx_word' id='word_1_572' title='bbox 3022 3197 3117 3250; x_wconf 71' lang='grc' dir='ltr'>καὶ</span> <span class='ocrx_word' id='word_1_573' title='bbox 3139 3198 3197 3249; x_wconf 86' lang='grc' dir='ltr'>ὲν</span> <span class='ocrx_word' id='word_1_574' title='bbox 3234 3197 3448 3261; x_wconf 82' lang='grc' dir='ltr'>πολλοῖς</span> <span class='ocrx_word' id='word_1_575' title='bbox 3494 3199 3619 3253; x_wconf 80' lang='grc' dir='ltr'><strong>οὐδὲ</strong></span> <span class='ocrx_word' id='word_1_576' title='bbox 3660 3199 3845 3269; x_wconf 76' lang='grc' dir='ltr'>σφαλε-</span> 
     </span>
    </p>
   </div>
   <div class='ocr_carea' id='block_1_77' title="bbox 2258 3285 3843 3365">
    <p class='ocr_par' dir='ltr' id='par_1_77' title="bbox 2258 3285 3843 3365">
     <span class='ocr_line' id='line_1_77' title="bbox 2258 3285 3843 3365; baseline 0.003 -27"><span class='ocrx_word' id='word_1_577' title='bbox 2258 3287 2361 3357; x_wconf 84' lang='grc' dir='ltr'>ρᾶς</span> <span class='ocrx_word' id='word_1_578' title='bbox 2382 3285 2756 3365; x_wconf 78' lang='grc' dir='ltr'>ἀναφανείσης</span> <span class='ocrx_word' id='word_1_579' title='bbox 2778 3287 3023 3359; x_wconf 80' lang='grc' dir='ltr'>ὑπήκοος</span> <span class='ocrx_word' id='word_1_580' title='bbox 3052 3289 3300 3359; x_wconf 86' lang='grc' dir='ltr'>γέγονεν·</span> <span class='ocrx_word' id='word_1_581' title='bbox 3325 3291 3358 3361; x_wconf 89' lang='grc' dir='ltr'><strong>ή</strong></span> <span class='ocrx_word' id='word_1_582' title='bbox 3387 3290 3444 3343; x_wconf 83' lang='grc' dir='ltr'>δὲ</span> <span class='ocrx_word' id='word_1_583' title='bbox 3466 3291 3764 3362; x_wconf 77' lang='grc' dir='ltr'>ἀλλοφύλου</span> <span class='ocrx_word' id='word_1_584' title='bbox 3788 3306 3843 3344; x_wconf 87' lang='grc' dir='ltr'><strong>τε</strong></span> 
     </span>
    </p>
   </div>
   <div class='ocr_carea' id='block_1_78' title="bbox 2257 3377 3843 3455">
    <p class='ocr_par' dir='ltr' id='par_1_78' title="bbox 2257 3377 3843 3455">
     <span class='ocr_line' id='line_1_78' title="bbox 2257 3377 3843 3455; baseline 0.005 -26"><span class='ocrx_word' id='word_1_585' title='bbox 2257 3377 2444 3447; x_wconf 88' lang='grc' dir='ltr'>φωνῆς</span> <span class='ocrx_word' id='word_1_586' title='bbox 2484 3378 2580 3432; x_wconf 78' lang='grc' dir='ltr'>καὶ</span> <span class='ocrx_word' id='word_1_587' title='bbox 2619 3378 2742 3432; x_wconf 80' lang='grc' dir='ltr'><strong>οὐδὲ</strong></span> <span class='ocrx_word' id='word_1_588' title='bbox 2768 3379 3136 3435; x_wconf 83' lang='grc' dir='ltr'>καθίστασθαι</span> <span class='ocrx_word' id='word_1_589' title='bbox 3164 3383 3304 3455; x_wconf 73' lang='grc' dir='ltr'>πρὸς</span> <span class='ocrx_word' id='word_1_590' title='bbox 3329 3384 3554 3453; x_wconf 87' lang='grc' dir='ltr'>ὁμιλίαν</span> <span class='ocrx_word' id='word_1_591' title='bbox 3584 3383 3843 3453; x_wconf 82' lang='grc' dir='ltr'>λαϐούσης</span> 
     </span>
    </p>
   </div>
   <div class='ocr_carea' id='block_1_79' title="bbox 2254 3469 3842 3550">
    <p class='ocr_par' dir='ltr' id='par_1_79' title="bbox 2254 3469 3842 3550">
     <span class='ocr_line' id='line_1_79' title="bbox 2254 3469 3842 3550; baseline 0.004 -28"><span class='ocrx_word' id='word_1_592' title='bbox 2254 3469 2375 3533; x_wconf 73' lang='grc' dir='ltr'>ἔθος</span> <span class='ocrx_word' id='word_1_593' title='bbox 2405 3469 2742 3543; x_wconf 84' lang='grc' dir='ltr'>ἀνδράποδον</span> <span class='ocrx_word' id='word_1_594' title='bbox 2773 3471 2930 3546; x_wconf 77' lang='grc' dir='ltr'>ὤφθη</span> <span class='ocrx_word' id='word_1_595' title='bbox 2979 3475 3077 3528; x_wconf 75' lang='grc' dir='ltr'>καὶ</span> <span class='ocrx_word' id='word_1_596' title='bbox 3123 3477 3223 3547; x_wconf 91' lang='grc' dir='ltr'><strong>τῆς</strong></span> <span class='ocrx_word' id='word_1_597' title='bbox 3277 3477 3591 3550; x_wconf 85' lang='grc' dir='ltr'>μοχθηρίας</span> <span class='ocrx_word' id='word_1_598' title='bbox 3637 3479 3842 3548; x_wconf 75' lang='grc' dir='ltr'>ἐγένετο</span> 
     </span>
    </p>
   </div>
   <div class='ocr_carea' id='block_1_80' title="bbox 2255 3564 3840 3645">
    <p class='ocr_par' dir='ltr' id='par_1_80' title="bbox 2255 3564 3840 3645">
     <span class='ocr_line' id='line_1_80' title="bbox 2255 3564 3840 3645; baseline 0.003 -26"><span class='ocrx_word' id='word_1_599' title='bbox 2255 3564 2504 3635; x_wconf 82' lang='grc' dir='ltr'>θήραμα.</span> <span class='ocrx_word' id='word_1_600' title='bbox 2534 3565 2747 3621; x_wconf 81' lang='grc' dir='ltr'>Οὐκοῦν</span> <span class='ocrx_word' id='word_1_601' title='bbox 2777 3569 2872 3622; x_wconf 67' lang='grc' dir='ltr'>καὶ</span> <span class='ocrx_word' id='word_1_602' title='bbox 2906 3569 3116 3641; x_wconf 78' lang='grc' dir='ltr'>ταύτην</span> <span class='ocrx_word' id='word_1_603' title='bbox 3152 3571 3476 3643; x_wconf 81' lang='grc' dir='ltr'>προσθήκην</span> <span class='ocrx_word' id='word_1_604' title='bbox 3509 3574 3724 3645; x_wconf 87' lang='grc' dir='ltr'>δέχεται</span> <span class='ocrx_word' id='word_1_605' title='bbox 3748 3572 3840 3640; x_wconf 79' lang='grc' dir='ltr'>τὴν</span> 
     </span>
    </p>
   </div>
   <div class='ocr_carea' id='block_1_81' title="bbox 2253 3659 3838 3738">
    <p class='ocr_par' dir='ltr' id='par_1_81' title="bbox 2253 3659 3838 3738">
     <span class='ocr_line' id='line_1_81' title="bbox 2253 3659 3838 3738; baseline 0.001 -26"><span class='ocrx_word' id='word_1_606' title='bbox 2253 3659 2436 3712; x_wconf 77' lang='grc' dir='ltr'>αἰτίαν</span> <span class='ocrx_word' id='word_1_607' title='bbox 2461 3660 2521 3713; x_wconf 86' lang='grc' dir='ltr'>τὸ</span> <span class='ocrx_word' id='word_1_608' title='bbox 2585 3660 2843 3729; x_wconf 87' lang='grc' dir='ltr'>λέγεσθαι</span> <span class='ocrx_word' id='word_1_609' title='bbox 2871 3662 2964 3714; x_wconf 77' lang='grc' dir='ltr'>τὸν</span> <span class='ocrx_word' id='word_1_610' title='bbox 3019 3663 3193 3733; x_wconf 74' lang='grc' dir='ltr'>Ἀδὰμ</span> <span class='ocrx_word' id='word_1_611' title='bbox 3235 3663 3311 3735; x_wconf 81' lang='grc' dir='ltr'>μὴ</span> <span class='ocrx_word' id='word_1_612' title='bbox 3340 3665 3725 3738; x_wconf 85' lang='grc' dir='ltr'>ἀπατηθῆναι·</span> <span class='ocrx_word' id='word_1_613' title='bbox 3748 3662 3838 3731; x_wconf 80' lang='grc' dir='ltr'><strong>τήν</strong></span> 
     </span>
    </p>
   </div>
   <div class='ocr_carea' id='block_1_82' title="bbox 2252 3751 3834 3829">
    <p class='ocr_par' dir='ltr' id='par_1_82' title="bbox 2252 3751 3834 3829">
     <span class='ocr_line' id='line_1_82' title="bbox 2252 3751 3834 3829; baseline 0.001 -23"><span class='ocrx_word' id='word_1_614' title='bbox 2252 3751 2311 3806; x_wconf 84' lang='grc' dir='ltr'>δὲ</span> <span class='ocrx_word' id='word_1_615' title='bbox 2378 3756 2616 3821; x_wconf 88' lang='grc' dir='ltr'>γυναῖκα</span> <span class='ocrx_word' id='word_1_616' title='bbox 2673 3756 3054 3826; x_wconf 84' lang='grc' dir='ltr'>ἀπατηθεῖσαν</span> <span class='ocrx_word' id='word_1_617' title='bbox 3095 3758 3155 3809; x_wconf 84' lang='grc' dir='ltr'>ἐν</span> <span class='ocrx_word' id='word_1_618' title='bbox 3199 3758 3521 3829; x_wconf 80' lang='grc' dir='ltr'>παραϐάσει</span> <span class='ocrx_word' id='word_1_619' title='bbox 3562 3756 3834 3828; x_wconf 86' lang='grc' dir='ltr'>γενέσθαι·</span> 
     </span>
    </p>
   </div>
   <div class='ocr_carea' id='block_1_83' title="bbox 2255 3845 3835 3921">
    <p class='ocr_par' dir='ltr' id='par_1_83' title="bbox 2255 3845 3835 3921">
     <span class='ocr_line' id='line_1_83' title="bbox 2255 3845 3835 3921; baseline 0.002 -24"><span class='ocrx_word' id='word_1_620' title='bbox 2255 3845 2576 3917; x_wconf 87' lang='grc' dir='ltr'>παρέϐησαν</span> <span class='ocrx_word' id='word_1_621' title='bbox 2604 3846 2705 3917; x_wconf 82' lang='grc' dir='ltr'>μὲν</span> <span class='ocrx_word' id='word_1_622' title='bbox 2735 3848 2844 3919; x_wconf 81' lang='grc' dir='ltr'>γὰρ</span> <span class='ocrx_word' id='word_1_623' title='bbox 2878 3849 3079 3919; x_wconf 84' lang='grc' dir='ltr'>ἄμφω·</span> <span class='ocrx_word' id='word_1_624' title='bbox 3121 3849 3256 3905; x_wconf 88' lang='grc' dir='ltr'><strong>ἀλλά</strong></span> <span class='ocrx_word' id='word_1_625' title='bbox 3287 3850 3569 3905; x_wconf 86' lang='grc' dir='ltr'>κάνταῦθα</span> <span class='ocrx_word' id='word_1_626' title='bbox 3600 3848 3835 3921; x_wconf 72' lang='grc' dir='ltr'>προφθὰ·</span> 
     </span>
    </p>
   </div>
   <div class='ocr_carea' id='block_1_84' title="bbox 2251 3934 3833 4011">
    <p class='ocr_par' dir='ltr' id='par_1_84' title="bbox 2251 3934 3833 4011">
     <span class='ocr_line' id='line_1_84' title="bbox 2251 3934 3833 4011; baseline 0.004 -26"><span class='ocrx_word' id='word_1_627' title='bbox 2251 3950 2338 3986; x_wconf 88' lang='grc' dir='ltr'><strong>ναι</strong></span> <span class='ocrx_word' id='word_1_628' title='bbox 2368 3934 2467 4003; x_wconf 86' lang='grc' dir='ltr'><strong>τῆς</strong></span> <span class='ocrx_word' id='word_1_629' title='bbox 2487 3936 2747 4003; x_wconf 76' lang='grc' dir='ltr'>γυναικὸς</span> <span class='ocrx_word' id='word_1_630' title='bbox 2768 3937 2802 4007; x_wconf 82' lang='grc' dir='ltr'>ἡ</span> <span class='ocrx_word' id='word_1_631' title='bbox 2826 3938 3167 4008; x_wconf 79' lang='grc' dir='ltr'>παράϐασις.</span> <span class='ocrx_word' id='word_1_632' title='bbox 3206 3940 3317 3993; x_wconf 81' lang='grc' dir='ltr'><strong>Καὶ</strong></span> <span class='ocrx_word' id='word_1_633' title='bbox 3350 3941 3451 4010; x_wconf 87' lang='grc' dir='ltr'>μὲν</span> <span class='ocrx_word' id='word_1_634' title='bbox 3480 3940 3673 4011; x_wconf 81' lang='grc' dir='ltr'>διπλῆς</span> <span class='ocrx_word' id='word_1_635' title='bbox 3706 3936 3833 4003; x_wconf 78' lang='grc' dir='ltr'>αὕτη</span> 
     </span>
    </p>
   </div>
   <div class='ocr_carea' id='block_1_85' title="bbox 2252 4026 3834 4102">
    <p class='ocr_par' dir='ltr' id='par_1_85' title="bbox 2252 4026 3834 4102">
     <span class='ocr_line' id='line_1_85' title="bbox 2252 4026 3834 4102; baseline 0.007 -23"><span class='ocrx_word' id='word_1_636' title='bbox 2252 4026 2619 4098; x_wconf 69' lang='grc' dir='ltr'>παραϐάσεως</span> <span class='ocrx_word' id='word_1_637' title='bbox 2650 4027 2809 4099; x_wconf 77' lang='grc' dir='ltr'>ὤφθη</span> <span class='ocrx_word' id='word_1_638' title='bbox 2862 4029 3066 4101; x_wconf 73' lang='grc' dir='ltr'>ἔνοχος,</span> <span class='ocrx_word' id='word_1_639' title='bbox 3104 4034 3203 4102; x_wconf 87' lang='grc' dir='ltr'><strong>τῆς</strong></span> <span class='ocrx_word' id='word_1_640' title='bbox 3238 4049 3297 4084; x_wconf 88' lang='grc' dir='ltr'><strong>τε</strong></span> <span class='ocrx_word' id='word_1_641' title='bbox 3340 4034 3551 4099; x_wconf 88' lang='grc' dir='ltr'>οἰκείας</span> <span class='ocrx_word' id='word_1_642' title='bbox 3583 4033 3675 4087; x_wconf 78' lang='grc' dir='ltr'>καὶ</span> <span class='ocrx_word' id='word_1_643' title='bbox 3710 4028 3834 4101; x_wconf 72' lang='grc' dir='ltr'>πρὸς</span> 
     </span>
    </p>
   </div>
   <div class='ocr_carea' id='block_1_86' title="bbox 2249 4119 3831 4198">
    <p class='ocr_par' dir='ltr' id='par_1_86' title="bbox 2249 4119 3831 4198">
     <span class='ocr_line' id='line_1_86' title="bbox 2249 4119 3831 4198; baseline 0.002 -27"><span class='ocrx_word' id='word_1_644' title='bbox 2249 4120 2316 4188; x_wconf 86' lang='grc' dir='ltr'>ἣν</span> <span class='ocrx_word' id='word_1_645' title='bbox 2341 4119 2433 4172; x_wconf 86' lang='grc' dir='ltr'>τὸν</span> <span class='ocrx_word' id='word_1_646' title='bbox 2460 4120 2629 4191; x_wconf 81' lang='grc' dir='ltr'>ἄνδρα</span> <span class='ocrx_word' id='word_1_647' title='bbox 2662 4121 2964 4194; x_wconf 82' lang='grc' dir='ltr'>συνὼθησε.</span> <span class='ocrx_word' id='word_1_648' title='bbox 3003 4124 3067 4176; x_wconf 89' lang='grc' dir='ltr'>Τί</span> <span class='ocrx_word' id='word_1_649' title='bbox 3095 4124 3187 4177; x_wconf 79' lang='grc' dir='ltr'><strong>οῦν</strong></span> <span class='ocrx_word' id='word_1_650' title='bbox 3221 4126 3286 4179; x_wconf 81' lang='grc' dir='ltr'>ἄν</span> <span class='ocrx_word' id='word_1_651' title='bbox 3319 4144 3402 4189; x_wconf 90' lang='grc' dir='ltr'>τις</span> <span class='ocrx_word' id='word_1_652' title='bbox 3430 4128 3551 4198; x_wconf 80' lang='grc' dir='ltr'>ἐρεῖ</span> <span class='ocrx_word' id='word_1_653' title='bbox 3582 4124 3714 4196; x_wconf 78' lang='grc' dir='ltr'>πρὸς</span> <span class='ocrx_word' id='word_1_654' title='bbox 3741 4120 3831 4190; x_wconf 80' lang='grc' dir='ltr'><strong>ἐμὲ</strong></span> 
     </span>
    </p>
   </div>
   <div class='ocr_carea' id='block_1_87' title="bbox 2248 4213 3832 4290">
    <p class='ocr_par' dir='ltr' id='par_1_87' title="bbox 2248 4213 3832 4290">
     <span class='ocr_line' id='line_1_87' title="bbox 2248 4213 3832 4290; baseline 0.002 -26"><span class='ocrx_word' id='word_1_655' title='bbox 2248 4213 2347 4282; x_wconf 89' lang='grc' dir='ltr'><strong>τῆς</strong></span> <span class='ocrx_word' id='word_1_656' title='bbox 2384 4213 2710 4281; x_wconf 86' lang='grc' dir='ltr'>γυναικείας</span> <span class='ocrx_word' id='word_1_657' title='bbox 2775 4215 2993 4284; x_wconf 79' lang='grc' dir='ltr'>φύσεως</span> <span class='ocrx_word' id='word_1_658' title='bbox 3042 4220 3443 4288; x_wconf 76' lang='grc' dir='ltr'>προϊστάμενος</span> <span class='ocrx_word' id='word_1_659' title='bbox 3488 4223 3520 4290; x_wconf 79' lang='grc' dir='ltr'>ἡ</span> <span class='ocrx_word' id='word_1_660' title='bbox 3568 4219 3665 4290; x_wconf 87' lang='grc' dir='ltr'><strong>τῆς</strong></span> <span class='ocrx_word' id='word_1_661' title='bbox 3696 4214 3832 4275; x_wconf 74' lang='grc' dir='ltr'>Εὔας</span> 
     </span>
    </p>
   </div>
   <div class='ocr_carea' id='block_1_88' title="bbox 2247 4304 3832 4385">
    <p class='ocr_par' dir='ltr' id='par_1_88' title="bbox 2247 4304 3832 4385">
     <span class='ocr_line' id='line_1_88' title="bbox 2247 4304 3832 4385; baseline 0.006 -28"><span class='ocrx_word' id='word_1_662' title='bbox 2247 4304 2432 4377; x_wconf 89' lang='grc' dir='ltr'>ἀπάτη</span> <span class='ocrx_word' id='word_1_663' title='bbox 2466 4306 2560 4360; x_wconf 73' lang='grc' dir='ltr'>καὶ</span> <span class='ocrx_word' id='word_1_664' title='bbox 2586 4308 2921 4379; x_wconf 77' lang='grc' dir='ltr'>παράϐασις,</span> <span class='ocrx_word' id='word_1_665' title='bbox 2955 4309 3036 4362; x_wconf 83' lang='grc' dir='ltr'>ὅτι</span> <span class='ocrx_word' id='word_1_666' title='bbox 3069 4313 3198 4380; x_wconf 80' lang='grc' dir='ltr'>μιᾶς</span> <span class='ocrx_word' id='word_1_667' title='bbox 3231 4328 3289 4364; x_wconf 89' lang='grc' dir='ltr'><strong>τε</strong></span> <span class='ocrx_word' id='word_1_668' title='bbox 3333 4314 3428 4366; x_wconf 71' lang='grc' dir='ltr'>καὶ</span> <span class='ocrx_word' id='word_1_669' title='bbox 3474 4313 3596 4385; x_wconf 80' lang='grc' dir='ltr'>ἴσης</span> <span class='ocrx_word' id='word_1_670' title='bbox 3630 4310 3832 4382; x_wconf 73' lang='grc' dir='ltr'>φύσεως</span> 
     </span>
    </p>
   </div>
   <div class='ocr_carea' id='block_1_89' title="bbox 2249 4402 3830 4479">
    <p class='ocr_par' dir='ltr' id='par_1_89' title="bbox 2249 4402 3830 4479">
     <span class='ocr_line' id='line_1_89' title="bbox 2249 4402 3830 4479; baseline 0.002 -25"><span class='ocrx_word' id='word_1_671' title='bbox 2249 4402 2443 4473; x_wconf 88' lang='grc' dir='ltr'>ἀνδρός</span> <span class='ocrx_word' id='word_1_672' title='bbox 2469 4419 2529 4455; x_wconf 89' lang='grc' dir='ltr'><strong>τε</strong></span> <span class='ocrx_word' id='word_1_673' title='bbox 2568 4404 2662 4457; x_wconf 72' lang='grc' dir='ltr'>καὶ</span> <span class='ocrx_word' id='word_1_674' title='bbox 2701 4406 2963 4471; x_wconf 73' lang='grc' dir='ltr'>γυναικὸς</span> <span class='ocrx_word' id='word_1_675' title='bbox 2992 4403 3182 4473; x_wconf 76' lang='grc' dir='ltr'>οὗσης,</span> <span class='ocrx_word' id='word_1_676' title='bbox 3233 4406 3303 4459; x_wconf 70' lang='grc' dir='ltr'>τὰ</span> <span class='ocrx_word' id='word_1_677' title='bbox 3343 4406 3629 4479; x_wconf 79' lang='grc' dir='ltr'>δευτερεῖα</span> <span class='ocrx_word' id='word_1_678' title='bbox 3656 4403 3830 4474; x_wconf 79' lang='grc' dir='ltr'>φέρειν</span> 
     </span>
    </p>
   </div>
   <div class='ocr_carea' id='block_1_90' title="bbox 547 4467 2151 4569">
    <p class='ocr_par' dir='ltr' id='par_1_90' title="bbox 547 4483 2143 4555">
     <span class='ocr_line' id='line_1_90' title="bbox 547 4483 2143 4555; baseline 0.001 -15"><span class='ocrx_word' id='word_1_679' title='bbox 547 4501 645 4555; x_wconf 92' lang='lat' dir='ltr'><strong>per</strong></span> <span class='ocrx_word' id='word_1_680' title='bbox 668 4483 914 4539; x_wconf 88' lang='lat' dir='ltr'><strong>ordinem</strong></span> <span class='ocrx_word' id='word_1_681' title='bbox 953 4493 1159 4547; x_wconf 90' lang='lat' dir='ltr'><strong>tenere,</strong></span> <span class='ocrx_word' id='word_1_682' title='bbox 1192 4498 1222 4537; x_wconf 92' lang='lat' dir='ltr'><strong>a</strong></span> <span class='ocrx_word' id='word_1_683' title='bbox 1256 4483 1503 4537; x_wconf 90' lang='lat' dir='ltr'><strong>docendo</strong></span> <span class='ocrx_word' id='word_1_684' title='bbox 1543 4500 1674 4539; x_wconf 85' lang='lat' dir='ltr'><strong>vero</strong></span> <span class='ocrx_word' id='word_1_685' title='bbox 1701 4487 1929 4540; x_wconf 89' lang='lat' dir='ltr'><strong>omnino</strong></span> <span class='ocrx_word' id='word_1_686' title='bbox 1960 4488 2143 4553; x_wconf 85' lang='lat' dir='ltr'><strong>prohi-</strong></span> 
     </span>
    </p>
   </div>
   <div class='ocr_carea' id='block_1_91' title="bbox 2252 4467 3827 4569">
    <p class='ocr_par' dir='ltr' id='par_1_91' title="bbox 2252 4467 3827 4569">
     <span class='ocr_line' id='line_1_91' title="bbox 2252 4467 3827 4569; baseline 0.002 -23"><span class='ocrx_word' id='word_1_687' title='bbox 2252 4467 2684 4564; x_wconf 74' lang='grc' dir='ltr'>κατεκρίθημεν,</span> <span class='ocrx_word' id='word_1_688' title='bbox 2713 4467 2724 4471; x_wconf 30' lang='grc'><strong>⁷</strong></span> <span class='ocrx_word' id='word_1_689' title='bbox 2745 4496 2838 4547; x_wconf 72' lang='grc' dir='ltr'>καὶ</span> <span class='ocrx_word' id='word_1_690' title='bbox 2872 4467 3259 4565; x_wconf 75' lang='grc' dir='ltr'>μανθανόντων</span> <span class='ocrx_word' id='word_1_691' title='bbox 3302 4499 3389 4550; x_wconf 71' lang='grc' dir='ltr'>ἀεὶ</span> <span class='ocrx_word' id='word_1_692' title='bbox 3410 4467 3569 4569; x_wconf 71' lang='grc' dir='ltr'>λῆέιν</span> <span class='ocrx_word' id='word_1_693' title='bbox 3601 4467 3827 4563; x_wconf 71' lang='grc' dir='ltr'>ἐπέχειν.</span> 
     </span>
    </p>
   </div>
   <div class='ocr_carea' id='block_1_92' title="bbox 548 4574 2147 4643">
    <p class='ocr_par' dir='ltr' id='par_1_92' title="bbox 548 4574 2147 4643">
     <span class='ocr_line' id='line_1_92' title="bbox 548 4574 2147 4643; baseline 0.003 -13"><span class='ocrx_word' id='word_1_694' title='bbox 548 4575 676 4630; x_wconf 78' lang='lat' dir='ltr'><strong>bin</strong></span> <span class='ocrx_word' id='word_1_695' title='bbox 696 4590 891 4630; x_wconf 80' lang='lat' dir='ltr'><strong>sumus</strong></span> <span class='ocrx_word' id='word_1_696' title='bbox 925 4574 948 4627; x_wconf 88' lang='lat'><strong>?</strong></span> <span class='ocrx_word' id='word_1_697' title='bbox 982 4574 1048 4627; x_wconf 90' lang='lat' dir='ltr'><strong>ad</strong></span> <span class='ocrx_word' id='word_1_698' title='bbox 1096 4588 1261 4641; x_wconf 84' lang='lat' dir='ltr'><strong>quem</strong></span> <span class='ocrx_word' id='word_1_699' title='bbox 1311 4589 1549 4643; x_wconf 87' lang='lat' dir='ltr'><strong>sequens</strong></span> <span class='ocrx_word' id='word_1_700' title='bbox 1579 4576 1912 4633; x_wconf 89' lang='lat' dir='ltr'><strong>subsumens</strong></span> <span class='ocrx_word' id='word_1_701' title='bbox 1938 4579 2147 4635; x_wconf 88' lang='lat' dir='ltr'><strong>diceret</strong></span> 
     </span>
    </p>
   </div>
   <div class='ocr_carea' id='block_1_93' title="bbox 546 4666 2142 4738">
    <p class='ocr_par' dir='ltr' id='par_1_93' title="bbox 546 4666 2142 4738">
     <span class='ocr_line' id='line_1_93' title="bbox 546 4666 2142 4738; baseline -0.001 -12"><span class='ocrx_word' id='word_1_702' title='bbox 546 4684 757 4736; x_wconf 82' lang='lat' dir='ltr'><strong>sermo,</strong></span> <span class='ocrx_word' id='word_1_703' title='bbox 813 4666 1283 4738; x_wconf 84' lang='lat' dir='ltr'><strong>quemadmodum</strong></span> <span class='ocrx_word' id='word_1_704' title='bbox 1339 4666 1552 4720; x_wconf 83' lang='lat' dir='ltr'><strong>Adamo</strong></span> <span class='ocrx_word' id='word_1_705' title='bbox 1602 4669 1671 4723; x_wconf 88' lang='lat' dir='ltr'><strong>ad</strong></span> <span class='ocrx_word' id='word_1_706' title='bbox 1749 4671 2142 4726; x_wconf 87' lang='lat' dir='ltr'><strong>mortalitatem</strong></span> 
     </span>
    </p>
   </div>
   <div class='ocr_carea' id='block_1_94' title="bbox 546 4767 2145 4839">
    <p class='ocr_par' dir='ltr' id='par_1_94' title="bbox 546 4767 2145 4839">
     <span class='ocr_line' id='line_1_94' title="bbox 546 4767 2145 4839; baseline -0.001 -13"><span class='ocrx_word' id='word_1_707' title='bbox 546 4770 914 4826; x_wconf 89' lang='lat' dir='ltr'><strong>condemnato</strong></span> <span class='ocrx_word' id='word_1_708' title='bbox 960 4767 1015 4821; x_wconf 90' lang='lat' dir='ltr'><strong>in</strong></span> <span class='ocrx_word' id='word_1_709' title='bbox 1051 4778 1244 4820; x_wconf 86' lang='lat' dir='ltr'><strong>omnes</strong></span> <span class='ocrx_word' id='word_1_710' title='bbox 1307 4767 1429 4837; x_wconf 84' lang='lat' dir='ltr'><strong>ejus</strong></span> <span class='ocrx_word' id='word_1_711' title='bbox 1471 4777 1722 4838; x_wconf 85' lang='lat' dir='ltr'><strong>posteros</strong></span> <span class='ocrx_word' id='word_1_712' title='bbox 1791 4770 2145 4839; x_wconf 88' lang='lat' dir='ltr'><strong>pertransivit</strong></span> 
     </span>
    </p>
   </div>
   <div class='ocr_carea' id='block_1_95' title="bbox 548 4857 2141 4929">
    <p class='ocr_par' dir='ltr' id='par_1_95' title="bbox 548 4857 2141 4929">
     <span class='ocr_line' id='line_1_95' title="bbox 548 4857 2141 4929; baseline 0.001 -14"><span class='ocrx_word' id='word_1_713' title='bbox 548 4878 719 4927; x_wconf 90' lang='lat' dir='ltr'><strong>mors,</strong></span> <span class='ocrx_word' id='word_1_714' title='bbox 751 4861 830 4915; x_wconf 92' lang='lat' dir='ltr'><strong>sic</strong></span> <span class='ocrx_word' id='word_1_715' title='bbox 860 4868 914 4914; x_wconf 90' lang='lat' dir='ltr'><strong>et</strong></span> <span class='ocrx_word' id='word_1_716' title='bbox 940 4857 1185 4914; x_wconf 88' lang='lat' dir='ltr'><strong>mulieris</strong></span> <span class='ocrx_word' id='word_1_717' title='bbox 1227 4873 1335 4912; x_wconf 90' lang='lat' dir='ltr'><strong>non</strong></span> <span class='ocrx_word' id='word_1_718' title='bbox 1365 4861 1544 4915; x_wconf 91' lang='lat' dir='ltr'><strong>solum</strong></span> <span class='ocrx_word' id='word_1_719' title='bbox 1582 4860 1844 4929; x_wconf 57' lang='lat' dir='ltr'><strong>decepta},</strong></span> <span class='ocrx_word' id='word_1_720' title='bbox 1871 4862 1965 4916; x_wconf 85' lang='lat' dir='ltr'><strong>sed</strong></span> <span class='ocrx_word' id='word_1_721' title='bbox 2004 4870 2059 4916; x_wconf 92' lang='lat' dir='ltr'><strong>et</strong></span> <span class='ocrx_word' id='word_1_722' title='bbox 2088 4863 2141 4916; x_wconf 91' lang='lat' dir='ltr'><strong>in</strong></span> 
     </span>
    </p>
   </div>
   <div class='ocr_carea' id='block_1_96' title="bbox 544 4952 2143 5024">
    <p class='ocr_par' dir='ltr' id='par_1_96' title="bbox 544 4952 2143 5024">
     <span class='ocr_line' id='line_1_96' title="bbox 544 4952 2143 5024; baseline -0.001 -14"><span class='ocrx_word' id='word_1_723' title='bbox 544 4953 988 5024; x_wconf 77' lang='lat' dir='ltr'><strong>transgressione</strong></span> <span class='ocrx_word' id='word_1_724' title='bbox 1043 4952 1204 5005; x_wconf 73' lang='lat' dir='ltr'><strong>facta:</strong></span> <span class='ocrx_word' id='word_1_725' title='bbox 1237 4969 1251 5018; x_wconf 90' lang='lat'><strong>;</strong></span> <span class='ocrx_word' id='word_1_726' title='bbox 1308 4960 1363 5005; x_wconf 89' lang='lat' dir='ltr'><strong>et</strong></span> <span class='ocrx_word' id='word_1_727' title='bbox 1388 4962 1537 5006; x_wconf 91' lang='lat' dir='ltr'><strong>certe</strong></span> <span class='ocrx_word' id='word_1_728' title='bbox 1571 4953 1877 5023; x_wconf 86' lang='lat' dir='ltr'><strong>graviorem</strong></span> <span class='ocrx_word' id='word_1_729' title='bbox 1909 4962 2143 5024; x_wconf 89' lang='lat' dir='ltr'><strong>utraque</strong></span> 
     </span>
    </p>
   </div>
   <div class='ocr_carea' id='block_1_97' title="bbox 543 5044 2141 5114">
    <p class='ocr_par' dir='ltr' id='par_1_97' title="bbox 543 5044 2141 5114">
     <span class='ocr_line' id='line_1_97' title="bbox 543 5044 2141 5114; baseline -0.001 -12"><span class='ocrx_word' id='word_1_730' title='bbox 543 5047 664 5102; x_wconf 80' lang='lat' dir='ltr'><strong>viro</strong></span> <span class='ocrx_word' id='word_1_731' title='bbox 688 5062 813 5101; x_wconf 91' lang='lat' dir='ltr'><strong>cum</strong></span> <span class='ocrx_word' id='word_1_732' title='bbox 850 5044 1131 5100; x_wconf 77' lang='lat' dir='ltr'><strong>induxerit</strong></span> <span class='ocrx_word' id='word_1_733' title='bbox 1155 5044 1378 5114; x_wconf 91' lang='lat' dir='ltr'><strong>culpam</strong></span> <span class='ocrx_word' id='word_1_734' title='bbox 1445 5059 1623 5113; x_wconf 79' lang='lat' dir='ltr'><strong>neque</strong></span> <span class='ocrx_word' id='word_1_735' title='bbox 1654 5046 1955 5100; x_wconf 88' lang='lat' dir='ltr'><strong>secundum</strong></span> <span class='ocrx_word' id='word_1_736' title='bbox 2010 5061 2141 5101; x_wconf 89' lang='lat' dir='ltr'><strong>sue-</strong></span> 
     </span>
    </p>
   </div>
   <div class='ocr_carea' id='block_1_98' title="bbox 544 5134 2141 5207">
    <p class='ocr_par' dir='ltr' id='par_1_98' title="bbox 544 5134 2141 5207">
     <span class='ocr_line' id='line_1_98' title="bbox 544 5134 2141 5207; baseline 0 -12"><span class='ocrx_word' id='word_1_737' title='bbox 544 5139 852 5195; x_wconf 88' lang='lat' dir='ltr'><strong>cessionem</strong></span> <span class='ocrx_word' id='word_1_738' title='bbox 897 5151 1071 5207; x_wconf 83' lang='lat' dir='ltr'><strong>genus</strong></span> <span class='ocrx_word' id='word_1_739' title='bbox 1097 5134 1331 5190; x_wconf 90' lang='lat' dir='ltr'><strong>crimine</strong></span> <span class='ocrx_word' id='word_1_740' title='bbox 1352 5144 1437 5191; x_wconf 90' lang='lat' dir='ltr'><strong>est</strong></span> <span class='ocrx_word' id='word_1_741' title='bbox 1486 5138 1715 5191; x_wconf 91' lang='lat' dir='ltr'><strong>omnino</strong></span> <span class='ocrx_word' id='word_1_742' title='bbox 1750 5136 2006 5201; x_wconf 88' lang='lat' dir='ltr'><strong>liberum,</strong></span> <span class='ocrx_word' id='word_1_743' title='bbox 2042 5154 2141 5195; x_wconf 88' lang='lat' dir='ltr'><strong>nec</strong></span> 
     </span>
    </p>
   </div>
   <div class='ocr_carea' id='block_1_99' title="bbox 543 5226 2140 5297">
    <p class='ocr_par' dir='ltr' id='par_1_99' title="bbox 543 5226 2140 5297">
     <span class='ocr_line' id='line_1_99' title="bbox 543 5226 2140 5297; baseline -0.003 -10"><span class='ocrx_word' id='word_1_744' title='bbox 543 5231 612 5287; x_wconf 89' lang='lat' dir='ltr'><strong>ad</strong></span> <span class='ocrx_word' id='word_1_745' title='bbox 646 5231 928 5286; x_wconf 87' lang='lat' dir='ltr'><strong>meliorem</strong></span> <span class='ocrx_word' id='word_1_746' title='bbox 969 5226 1395 5297; x_wconf 88' lang='lat' dir='ltr'><strong>dispositionem</strong></span> <span class='ocrx_word' id='word_1_747' title='bbox 1449 5243 1517 5282; x_wconf 79' lang='lat' dir='ltr'><strong>ex</strong></span> <span class='ocrx_word' id='word_1_748' title='bbox 1572 5230 1877 5284; x_wconf 87' lang='lat' dir='ltr'><strong>mutatione</strong></span> <span class='ocrx_word' id='word_1_749' title='bbox 1923 5229 2140 5285; x_wconf 87' lang='lat' dir='ltr'><strong>videtur</strong></span> 
     </span>
    </p>
   </div>
   <div class='ocr_carea' id='block_1_100' title="bbox 543 5319 2141 5392">
    <p class='ocr_par' dir='ltr' id='par_1_100' title="bbox 543 5319 2141 5392">
     <span class='ocr_line' id='line_1_100' title="bbox 543 5319 2141 5392; baseline -0.001 -12"><span class='ocrx_word' id='word_1_750' title='bbox 543 5325 865 5380; x_wconf 85' lang='lat' dir='ltr'><strong>adductum.</strong></span> <span class='ocrx_word' id='word_1_751' title='bbox 895 5320 1064 5390; x_wconf 89' lang='lat' dir='ltr'><strong>Igitur</strong></span> <span class='ocrx_word' id='word_1_752' title='bbox 1089 5319 1310 5390; x_wconf 89' lang='lat' dir='ltr'><strong>quidem</strong></span> <span class='ocrx_word' id='word_1_753' title='bbox 1344 5320 1478 5375; x_wconf 92' lang='lat' dir='ltr'><strong>illud</strong></span> <span class='ocrx_word' id='word_1_754' title='bbox 1497 5335 1608 5375; x_wconf 93' lang='lat' dir='ltr'><strong>non</strong></span> <span class='ocrx_word' id='word_1_755' title='bbox 1643 5320 1931 5392; x_wconf 88' lang='lat' dir='ltr'><strong>deceptum</strong></span> <span class='ocrx_word' id='word_1_756' title='bbox 1968 5322 2141 5379; x_wconf 81' lang='lat' dir='ltr'><strong>fuisse</strong></span> 
     </span>
    </p>
   </div>
   <div class='ocr_carea' id='block_1_101' title="bbox 541 5411 2141 5484">
    <p class='ocr_par' dir='ltr' id='par_1_101' title="bbox 541 5411 2141 5484">
     <span class='ocr_line' id='line_1_101' title="bbox 541 5411 2141 5484; baseline -0.002 -14"><span class='ocrx_word' id='word_1_757' title='bbox 541 5416 812 5470; x_wconf 76' lang='lat' dir='ltr'><strong>Adamum</strong></span> <span class='ocrx_word' id='word_1_758' title='bbox 838 5429 932 5484; x_wconf 90' lang='lat' dir='ltr'><strong>per</strong></span> <span class='ocrx_word' id='word_1_759' title='bbox 987 5412 1102 5468; x_wconf 72' lang='lat' dir='ltr'><strong>haec</strong></span> <span class='ocrx_word' id='word_1_760' title='bbox 1130 5412 1333 5483; x_wconf 89' lang='lat' dir='ltr'><strong>opinor</strong></span> <span class='ocrx_word' id='word_1_761' title='bbox 1371 5420 1427 5467; x_wconf 91' lang='lat' dir='ltr'><strong>et</strong></span> <span class='ocrx_word' id='word_1_762' title='bbox 1458 5426 1567 5466; x_wconf 91' lang='lat' dir='ltr'><strong>non</strong></span> <span class='ocrx_word' id='word_1_763' title='bbox 1611 5411 1821 5483; x_wconf 89' lang='lat' dir='ltr'><strong>absque</strong></span> <span class='ocrx_word' id='word_1_764' title='bbox 1859 5428 1988 5468; x_wconf 87' lang='lat' dir='ltr'><strong>cura</strong></span> <span class='ocrx_word' id='word_1_765' title='bbox 2024 5413 2141 5468; x_wconf 89' lang='lat' dir='ltr'><strong>dis-</strong></span> 
     </span>
    </p>
   </div>
   <div class='ocr_carea' id='block_1_102' title="bbox 541 5503 2136 5575">
    <p class='ocr_par' dir='ltr' id='par_1_102' title="bbox 541 5503 2136 5575">
     <span class='ocr_line' id='line_1_102' title="bbox 541 5503 2136 5575; baseline -0.001 -13"><span class='ocrx_word' id='word_1_766' title='bbox 541 5516 755 5563; x_wconf 87' lang='lat' dir='ltr'><strong>cretum</strong></span> <span class='ocrx_word' id='word_1_767' title='bbox 787 5505 878 5560; x_wconf 84' lang='lat' dir='ltr'><strong>sit.</strong></span> <span class='ocrx_word' id='word_1_768' title='bbox 911 5503 1051 5560; x_wconf 91' lang='lat' dir='ltr'><strong>Sunt</strong></span> <span class='ocrx_word' id='word_1_769' title='bbox 1080 5520 1214 5560; x_wconf 90' lang='lat' dir='ltr'><strong>vero</strong></span> <span class='ocrx_word' id='word_1_770' title='bbox 1248 5504 1339 5575; x_wconf 90' lang='lat' dir='ltr'><strong>qui</strong></span> <span class='ocrx_word' id='word_1_771' title='bbox 1385 5504 1878 5565; x_wconf 87' lang='lat' dir='ltr'><strong>contradictionem</strong></span> <span class='ocrx_word' id='word_1_772' title='bbox 1900 5514 2136 5575; x_wconf 91' lang='lat' dir='ltr'><strong>ponunt.</strong></span> 
     </span>
    </p>
   </div>
   <div class='ocr_carea' id='block_1_103' title="bbox 542 5600 2137 5673">
    <p class='ocr_par' dir='ltr' id='par_1_103' title="bbox 542 5600 2137 5673">
     <span class='ocr_line' id='line_1_103' title="bbox 542 5600 2137 5673; baseline -0.001 -15"><span class='ocrx_word' id='word_1_773' title='bbox 542 5602 663 5658; x_wconf 81' lang='lat' dir='ltr'><strong>Non</strong></span> <span class='ocrx_word' id='word_1_774' title='bbox 685 5604 968 5670; x_wconf 84' lang='lat' dir='ltr'><strong>deceptum</strong></span> <span class='ocrx_word' id='word_1_775' title='bbox 997 5616 1122 5657; x_wconf 84' lang='lat' dir='ltr'><strong>esse</strong></span> <span class='ocrx_word' id='word_1_776' title='bbox 1171 5601 1329 5655; x_wconf 88' lang='lat' dir='ltr'><strong>aiunt</strong></span> <span class='ocrx_word' id='word_1_777' title='bbox 1379 5600 1672 5665; x_wconf 85' lang='lat' dir='ltr'><strong>Adamum,</strong></span> <span class='ocrx_word' id='word_1_778' title='bbox 1711 5616 1820 5656; x_wconf 92' lang='lat' dir='ltr'><strong>non</strong></span> <span class='ocrx_word' id='word_1_779' title='bbox 1854 5602 1983 5673; x_wconf 89' lang='lat' dir='ltr'><strong>quia</strong></span> <span class='ocrx_word' id='word_1_780' title='bbox 2010 5618 2137 5657; x_wconf 89' lang='lat' dir='ltr'><strong>mu-</strong></span> 
     </span>
    </p>
   </div>
   <div class='ocr_carea' id='block_1_104' title="bbox 546 5693 2133 5765">
    <p class='ocr_par' dir='ltr' id='par_1_104' title="bbox 546 5693 2133 5765">
     <span class='ocr_line' id='line_1_104' title="bbox 546 5693 2133 5765; baseline 0.003 -19"><span class='ocrx_word' id='word_1_781' title='bbox 546 5693 678 5747; x_wconf 89' lang='lat' dir='ltr'><strong>liere</strong></span> <span class='ocrx_word' id='word_1_782' title='bbox 718 5693 901 5748; x_wconf 89' lang='lat' dir='ltr'><strong>minus</strong></span> <span class='ocrx_word' id='word_1_783' title='bbox 958 5697 1052 5747; x_wconf 86' lang='lat' dir='ltr'><strong>sed</strong></span> <span class='ocrx_word' id='word_1_784' title='bbox 1092 5694 1223 5762; x_wconf 91' lang='lat' dir='ltr'><strong>quia</strong></span> <span class='ocrx_word' id='word_1_785' title='bbox 1282 5695 1458 5763; x_wconf 80' lang='lat' dir='ltr'><strong>magis</strong></span> <span class='ocrx_word' id='word_1_786' title='bbox 1496 5694 1784 5765; x_wconf 86' lang='lat' dir='ltr'><strong>peccavit;</strong></span> <span class='ocrx_word' id='word_1_787' title='bbox 1844 5695 1926 5751; x_wconf 91' lang='lat' dir='ltr'><strong>sic</strong></span> <span class='ocrx_word' id='word_1_788' title='bbox 1985 5698 2133 5751; x_wconf 92' lang='lat' dir='ltr'><strong>enim</strong></span> 
     </span>
    </p>
   </div>
   <div class='ocr_carea' id='block_1_105' title="bbox 544 5785 2135 5857">
    <p class='ocr_par' dir='ltr' id='par_1_105' title="bbox 544 5785 2135 5857">
     <span class='ocr_line' id='line_1_105' title="bbox 544 5785 2135 5857; baseline 0.005 -19"><span class='ocrx_word' id='word_1_789' title='bbox 544 5785 885 5857; x_wconf 79' lang='lat' dir='ltr'><strong>dictioneet</strong></span> <span class='ocrx_word' id='word_1_790' title='bbox 923 5785 1246 5855; x_wconf 82' lang='lat' dir='ltr'><strong>Apostolum</strong></span> <span class='ocrx_word' id='word_1_791' title='bbox 1310 5802 1469 5842; x_wconf 82' lang='lat' dir='ltr'><strong>nsum</strong></span> <span class='ocrx_word' id='word_1_792' title='bbox 1529 5802 1673 5842; x_wconf 87' lang='lat' dir='ltr'><strong>esse.</strong></span> <span class='ocrx_word' id='word_1_793' title='bbox 1738 5785 1955 5844; x_wconf 77' lang='lat' dir='ltr'><strong>Etenim</strong></span> <span class='ocrx_word' id='word_1_794' title='bbox 2020 5793 2135 5846; x_wconf 73' lang='lat' dir='ltr'><strong>lizec</strong></span> 
     </span>
    </p>
   </div>
   <div class='ocr_carea' id='block_1_106' title="bbox 2246 4582 3828 4660">
    <p class='ocr_par' dir='ltr' id='par_1_106' title="bbox 2246 4582 3828 4660">
     <span class='ocr_line' id='line_1_106' title="bbox 2246 4582 3828 4660; baseline -0.001 -23"><span class='ocrx_word' id='word_1_795' title='bbox 2246 4583 2342 4637; x_wconf 86' lang='grc' dir='ltr'><strong>τοῦ</strong></span> <span class='ocrx_word' id='word_1_796' title='bbox 2374 4585 2652 4638; x_wconf 85' lang='grc' dir='ltr'>διδάσκειν</span> <span class='ocrx_word' id='word_1_797' title='bbox 2708 4585 2765 4638; x_wconf 84' lang='grc' dir='ltr'>δὲ</span> <span class='ocrx_word' id='word_1_798' title='bbox 2808 4586 3088 4649; x_wconf 80' lang='grc' dir='ltr'>παντελῶς</span> <span class='ocrx_word' id='word_1_799' title='bbox 3144 4588 3518 4660; x_wconf 76' lang='grc' dir='ltr'>ἀφηρήμεθα;</span> <span class='ocrx_word' id='word_1_800' title='bbox 3570 4588 3700 4658; x_wconf 74' lang='grc' dir='ltr'>πρὸς</span> <span class='ocrx_word' id='word_1_801' title='bbox 3726 4584 3779 4635; x_wconf 84' lang='grc' dir='ltr'>ὃν</span> <span class='ocrx_word' id='word_1_802' title='bbox 3803 4582 3828 4632; x_wconf 89' lang='lat'><strong>6</strong></span> 
     </span>
    </p>
   </div>
   <div class='ocr_carea' id='block_1_107' title="bbox 2246 4675 3828 4750">
    <p class='ocr_par' dir='ltr' id='par_1_107' title="bbox 2246 4675 3828 4750">
     <span class='ocr_line' id='line_1_107' title="bbox 2246 4675 3828 4750; baseline -0.002 -16"><span class='ocrx_word' id='word_1_803' title='bbox 2246 4678 2545 4742; x_wconf 87' lang='grc' dir='ltr'>ἀκόλουθος</span> <span class='ocrx_word' id='word_1_804' title='bbox 2573 4678 2970 4750; x_wconf 82' lang='grc' dir='ltr'>ἀνθυποφέρων</span> <span class='ocrx_word' id='word_1_805' title='bbox 2997 4680 3131 4749; x_wconf 87' lang='grc' dir='ltr'>φαίη</span> <span class='ocrx_word' id='word_1_806' title='bbox 3151 4681 3331 4748; x_wconf 81' lang='grc' dir='ltr'>λόγος,</span> <span class='ocrx_word' id='word_1_807' title='bbox 3366 4683 3448 4737; x_wconf 74' lang='grc' dir='ltr'><strong>ὅτι</strong></span> <span class='ocrx_word' id='word_1_808' title='bbox 3482 4683 3605 4736; x_wconf 80' lang='grc' dir='ltr'>καθ’</span> <span class='ocrx_word' id='word_1_809' title='bbox 3632 4680 3689 4733; x_wconf 83' lang='grc' dir='ltr'>ὃν</span> <span class='ocrx_word' id='word_1_810' title='bbox 3716 4675 3828 4746; x_wconf 81' lang='grc' dir='ltr'>τρό-</span> 
     </span>
    </p>
   </div>
   <div class='ocr_carea' id='block_1_108' title="bbox 2248 4772 3826 4844">
    <p class='ocr_par' dir='ltr' id='par_1_108' title="bbox 2248 4772 3826 4844">
     <span class='ocr_line' id='line_1_108' title="bbox 2248 4772 3826 4844; baseline 0.001 -16"><span class='ocrx_word' id='word_1_811' title='bbox 2248 4792 2352 4828; x_wconf 86' lang='grc' dir='ltr'><strong>πον</strong></span> <span class='ocrx_word' id='word_1_812' title='bbox 2388 4772 2485 4826; x_wconf 90' lang='grc' dir='ltr'><strong>τοῦ</strong></span> <span class='ocrx_word' id='word_1_813' title='bbox 2521 4773 2697 4844; x_wconf 81' lang='grc' dir='ltr'>’Δδάμ</span> <span class='ocrx_word' id='word_1_814' title='bbox 2718 4773 2777 4825; x_wconf 76' lang='grc' dir='ltr'>τὸ</span> <span class='ocrx_word' id='word_1_815' title='bbox 2793 4773 2987 4843; x_wconf 82' lang='grc' dir='ltr'>θνητὸν</span> <span class='ocrx_word' id='word_1_816' title='bbox 3002 4776 3494 4842; x_wconf 80' lang='grc' dir='ltr'>καταδικασθέντος</span> <span class='ocrx_word' id='word_1_817' title='bbox 3523 4779 3601 4840; x_wconf 86' lang='grc' dir='ltr'><strong>είς</strong></span> <span class='ocrx_word' id='word_1_818' title='bbox 3631 4775 3826 4830; x_wconf 78' lang='grc' dir='ltr'>πάντας</span> 
     </span>
    </p>
   </div>
   <div class='ocr_carea' id='block_1_109' title="bbox 2246 4866 3825 4936">
    <p class='ocr_par' dir='ltr' id='par_1_109' title="bbox 2246 4866 3825 4936">
     <span class='ocr_line' id='line_1_109' title="bbox 2246 4866 3825 4936; baseline -0.003 -14"><span class='ocrx_word' id='word_1_819' title='bbox 2246 4870 2372 4931; x_wconf 80' lang='grc' dir='ltr'>τοὺς</span> <span class='ocrx_word' id='word_1_820' title='bbox 2396 4867 2457 4932; x_wconf 80' lang='grc' dir='ltr'>ἐξ</span> <span class='ocrx_word' id='word_1_821' title='bbox 2506 4867 2673 4920; x_wconf 81' lang='grc' dir='ltr'>αὐτοῦ</span> <span class='ocrx_word' id='word_1_822' title='bbox 2720 4866 2939 4936; x_wconf 90' lang='grc' dir='ltr'>διῆλθεν</span> <span class='ocrx_word' id='word_1_823' title='bbox 2978 4868 3008 4919; x_wconf 90' lang='grc' dir='ltr'><strong>ό</strong></span> <span class='ocrx_word' id='word_1_824' title='bbox 3037 4868 3292 4933; x_wconf 76' lang='grc' dir='ltr'>θάνατος,</span> <span class='ocrx_word' id='word_1_825' title='bbox 3324 4867 3468 4923; x_wconf 76' lang='grc' dir='ltr'>οὕτω</span> <span class='ocrx_word' id='word_1_826' title='bbox 3494 4868 3590 4923; x_wconf 84' lang='grc' dir='ltr'>καὶ</span> <span class='ocrx_word' id='word_1_827' title='bbox 3614 4867 3711 4933; x_wconf 83' lang='grc' dir='ltr'><strong>τῆς</strong></span> <span class='ocrx_word' id='word_1_828' title='bbox 3733 4878 3825 4930; x_wconf 87' lang='grc' dir='ltr'><strong>γυ·</strong></span> 
     </span>
    </p>
   </div>
   <div class='ocr_carea' id='block_1_110' title="bbox 2244 4957 3824 5033">
    <p class='ocr_par' dir='ltr' id='par_1_110' title="bbox 2244 4957 3824 5033">
     <span class='ocr_line' id='line_1_110' title="bbox 2244 4957 3824 5033; baseline -0.006 -17"><span class='ocrx_word' id='word_1_829' title='bbox 2244 4962 2431 5025; x_wconf 85' lang='grc' dir='ltr'>ναικὸς</span> <span class='ocrx_word' id='word_1_830' title='bbox 2455 4962 2517 5015; x_wconf 81' lang='grc' dir='ltr'>ού</span> <span class='ocrx_word' id='word_1_831' title='bbox 2546 4960 2707 5032; x_wconf 89' lang='grc' dir='ltr'>μόνον</span> <span class='ocrx_word' id='word_1_832' title='bbox 2730 4960 3131 5033; x_wconf 84' lang='grc' dir='ltr'>ἀπατηθείσης,</span> <span class='ocrx_word' id='word_1_833' title='bbox 3164 4960 3413 5016; x_wconf 81' lang='grc' dir='ltr'>ἀλλὰκαὶ</span> <span class='ocrx_word' id='word_1_834' title='bbox 3442 4964 3499 5015; x_wconf 83' lang='grc' dir='ltr'>ἐν</span> <span class='ocrx_word' id='word_1_835' title='bbox 3527 4957 3824 5030; x_wconf 80' lang='grc' dir='ltr'>παραϐάσει</span> 
     </span>
    </p>
   </div>
   <div class='ocr_carea' id='block_1_111' title="bbox 2243 5051 3825 5133">
    <p class='ocr_par' dir='ltr' id='par_1_111' title="bbox 2243 5051 3825 5133">
     <span class='ocr_line' id='line_1_111' title="bbox 2243 5051 3825 5133; baseline -0.001 -23"><span class='ocrx_word' id='word_1_836' title='bbox 2243 5059 2576 5129; x_wconf 80' lang='grc' dir='ltr'>γενομένης·</span> <span class='ocrx_word' id='word_1_837' title='bbox 2607 5057 2782 5129; x_wconf 80' lang='grc' dir='ltr'>καίγε</span> <span class='ocrx_word' id='word_1_838' title='bbox 2813 5058 2875 5112; x_wconf 86' lang='grc' dir='ltr'>τὸ</span> <span class='ocrx_word' id='word_1_839' title='bbox 2890 5058 3282 5130; x_wconf 85' lang='grc' dir='ltr'>χαλεπωτέραν</span> <span class='ocrx_word' id='word_1_840' title='bbox 3310 5060 3551 5133; x_wconf 77' lang='grc' dir='ltr'>ἑκατέρα</span> <span class='ocrx_word' id='word_1_841' title='bbox 3577 5058 3652 5129; x_wconf 85' lang='grc' dir='ltr'>τῷ</span> <span class='ocrx_word' id='word_1_842' title='bbox 3682 5051 3825 5121; x_wconf 73' lang='grc' dir='ltr'>ἀνδρὶ</span> 
     </span>
    </p>
   </div>
   <div class='ocr_carea' id='block_1_112' title="bbox 2244 5143 3823 5224">
    <p class='ocr_par' dir='ltr' id='par_1_112' title="bbox 2244 5143 3823 5224">
     <span class='ocr_line' id='line_1_112' title="bbox 2244 5143 3823 5224; baseline 0.004 -19"><span class='ocrx_word' id='word_1_843' title='bbox 2244 5150 2718 5223; x_wconf 82' lang='grc' dir='ltr'>καθηγησαμένης</span> <span class='ocrx_word' id='word_1_844' title='bbox 2782 5152 3120 5224; x_wconf 81' lang='grc' dir='ltr'>ἀμαρτάδος,</span> <span class='ocrx_word' id='word_1_845' title='bbox 3148 5151 3270 5205; x_wconf 83' lang='grc' dir='ltr'><strong>οὐδὲ</strong></span> <span class='ocrx_word' id='word_1_846' title='bbox 3312 5152 3374 5206; x_wconf 79' lang='grc' dir='ltr'><strong>τὸ</strong></span> <span class='ocrx_word' id='word_1_847' title='bbox 3403 5155 3545 5207; x_wconf 82' lang='grc' dir='ltr'>κατὰ</span> <span class='ocrx_word' id='word_1_848' title='bbox 3588 5143 3823 5216; x_wconf 60' lang='grc' dir='ltr'>διαδοχὴν</span> 
     </span>
    </p>
   </div>
   <div class='ocr_carea' id='block_1_113' title="bbox 2243 5236 3823 5316">
    <p class='ocr_par' dir='ltr' id='par_1_113' title="bbox 2243 5236 3823 5316">
     <span class='ocr_line' id='line_1_113' title="bbox 2243 5236 3823 5316; baseline -0.001 -19"><span class='ocrx_word' id='word_1_849' title='bbox 2243 5245 2402 5313; x_wconf 88' lang='grc' dir='ltr'>γένος</span> <span class='ocrx_word' id='word_1_850' title='bbox 2428 5245 2528 5315; x_wconf 81' lang='grc' dir='ltr'><strong>τῆς</strong></span> <span class='ocrx_word' id='word_1_851' title='bbox 2553 5243 2734 5307; x_wconf 77' lang='grc' dir='ltr'>αἰτίας</span> <span class='ocrx_word' id='word_1_852' title='bbox 2754 5244 2875 5297; x_wconf 74' lang='grc' dir='ltr'><strong>ἐστὶ</strong></span> <span class='ocrx_word' id='word_1_853' title='bbox 2898 5244 3180 5308; x_wconf 80' lang='grc' dir='ltr'>παντελῶς</span> <span class='ocrx_word' id='word_1_854' title='bbox 3210 5245 3531 5316; x_wconf 84' lang='grc' dir='ltr'>ἀφειμένον,</span> <span class='ocrx_word' id='word_1_855' title='bbox 3558 5241 3676 5297; x_wconf 81' lang='grc' dir='ltr'>οὐδὲ</span> <span class='ocrx_word' id='word_1_856' title='bbox 3698 5236 3823 5307; x_wconf 72' lang='grc' dir='ltr'>πρὸς</span> 
     </span>
    </p>
   </div>
   <div class='ocr_carea' id='block_1_114' title="bbox 2242 5332 3814 5406">
    <p class='ocr_par' dir='ltr' id='par_1_114' title="bbox 2242 5332 3814 5406">
     <span class='ocr_line' id='line_1_114' title="bbox 2242 5332 3814 5406; baseline -0.008 -19"><span class='ocrx_word' id='word_1_857' title='bbox 2242 5336 2532 5406; x_wconf 84' lang='grc' dir='ltr'>κρείττονα</span> <span class='ocrx_word' id='word_1_858' title='bbox 2557 5333 2803 5388; x_wconf 82' lang='grc' dir='ltr'>διάθεσιν</span> <span class='ocrx_word' id='word_1_859' title='bbox 2842 5334 2907 5387; x_wconf 84' lang='grc' dir='ltr'>ὲκ</span> <span class='ocrx_word' id='word_1_860' title='bbox 2954 5334 3262 5406; x_wconf 74' lang='grc' dir='ltr'>μεταϐολῆς</span> <span class='ocrx_word' id='word_1_861' title='bbox 3293 5336 3493 5406; x_wconf 79' lang='grc' dir='ltr'>ὁρᾶται</span> <span class='ocrx_word' id='word_1_862' title='bbox 3520 5332 3779 5403; x_wconf 83' lang='grc' dir='ltr'>ἀγόμενον</span> <span class='ocrx_word' id='word_1_863' title='bbox 3801 5362 3814 5377; x_wconf 94' lang='grc'><strong>.</strong></span> 
     </span>
    </p>
   </div>
   <div class='ocr_carea' id='block_1_115' title="bbox 2241 5416 3819 5500">
    <p class='ocr_par' dir='ltr' id='par_1_115' title="bbox 2241 5416 3819 5500">
     <span class='ocr_line' id='line_1_115' title="bbox 2241 5416 3819 5500; baseline -0.007 -18"><span class='ocrx_word' id='word_1_864' title='bbox 2241 5429 2315 5482; x_wconf 85' lang='grc' dir='ltr'><strong>Τὸ</strong></span> <span class='ocrx_word' id='word_1_865' title='bbox 2336 5429 2437 5500; x_wconf 82' lang='grc' dir='ltr'>μὲν</span> <span class='ocrx_word' id='word_1_866' title='bbox 2458 5422 2553 5482; x_wconf 82' lang='grc' dir='ltr'><strong>οὖν</strong></span> <span class='ocrx_word' id='word_1_867' title='bbox 2585 5426 2661 5499; x_wconf 81' lang='grc' dir='ltr'>μὴ</span> <span class='ocrx_word' id='word_1_868' title='bbox 2688 5426 3005 5499; x_wconf 80' lang='grc' dir='ltr'>ήπατῆσθαι</span> <span class='ocrx_word' id='word_1_869' title='bbox 3027 5427 3119 5480; x_wconf 74' lang='grc' dir='ltr'>τὸν</span> <span class='ocrx_word' id='word_1_870' title='bbox 3148 5428 3323 5500; x_wconf 80' lang='grc' dir='ltr'>Ἀδὰμ</span> <span class='ocrx_word' id='word_1_871' title='bbox 3350 5430 3437 5483; x_wconf 85' lang='grc' dir='ltr'>διὰ</span> <span class='ocrx_word' id='word_1_872' title='bbox 3456 5428 3657 5483; x_wconf 84' lang='grc' dir='ltr'>τούτων</span> <span class='ocrx_word' id='word_1_873' title='bbox 3676 5416 3819 5488; x_wconf 72' lang='grc' dir='ltr'>οἶμαι</span> 
     </span>
    </p>
   </div>
   <div class='ocr_carea' id='block_1_116' title="bbox 2241 5513 3814 5595">
    <p class='ocr_par' dir='ltr' id='par_1_116' title="bbox 2241 5513 3814 5595">
     <span class='ocr_line' id='line_1_116' title="bbox 2241 5513 3814 5595; baseline -0.004 -19"><span class='ocrx_word' id='word_1_874' title='bbox 2241 5524 2335 5577; x_wconf 76' lang='grc' dir='ltr'>καὶ</span> <span class='ocrx_word' id='word_1_875' title='bbox 2357 5524 2457 5577; x_wconf 84' lang='grc' dir='ltr'><strong>οὐκ</strong></span> <span class='ocrx_word' id='word_1_876' title='bbox 2487 5521 2707 5593; x_wconf 83' lang='grc' dir='ltr'>ἀμελῶς</span> <span class='ocrx_word' id='word_1_877' title='bbox 2727 5521 3124 5595; x_wconf 78' lang='grc' dir='ltr'>διευκρίνηται.</span> <span class='ocrx_word' id='word_1_878' title='bbox 3161 5522 3284 5577; x_wconf 74' lang='grc' dir='ltr'><strong>Εἰσὶ</strong></span> <span class='ocrx_word' id='word_1_879' title='bbox 3313 5524 3370 5577; x_wconf 80' lang='grc' dir='ltr'>δὲ</span> <span class='ocrx_word' id='word_1_880' title='bbox 3406 5523 3479 5586; x_wconf 76' lang='grc' dir='ltr'>οἳ,</span> <span class='ocrx_word' id='word_1_881' title='bbox 3520 5513 3814 5578; x_wconf 80' lang='grc' dir='ltr'>τούναντίον</span> 
     </span>
    </p>
   </div>
   <div class='ocr_carea' id='block_1_117' title="bbox 2239 5607 3813 5689">
    <p class='ocr_par' dir='ltr' id='par_1_117' title="bbox 2239 5607 3813 5689">
     <span class='ocr_line' id='line_1_117' title="bbox 2239 5607 3813 5689; baseline 0.001 -21"><span class='ocrx_word' id='word_1_882' title='bbox 2239 5617 2337 5686; x_wconf 80' lang='grc' dir='ltr'><strong>τήν</strong></span> <span class='ocrx_word' id='word_1_883' title='bbox 2365 5615 2511 5680; x_wconf 78' lang='grc' dir='ltr'>λέξιν</span> <span class='ocrx_word' id='word_1_884' title='bbox 2533 5614 2805 5685; x_wconf 84' lang='grc' dir='ltr'>τιθέμενοι</span> <span class='ocrx_word' id='word_1_885' title='bbox 2825 5659 2839 5678; x_wconf 83' lang='grc'><strong>,</strong></span> <span class='ocrx_word' id='word_1_886' title='bbox 2870 5616 2969 5668; x_wconf 76' lang='grc' dir='ltr'><strong>οὐκ</strong></span> <span class='ocrx_word' id='word_1_887' title='bbox 2983 5616 3332 5687; x_wconf 79' lang='grc' dir='ltr'>ἀπατηθῆναι</span> <span class='ocrx_word' id='word_1_888' title='bbox 3349 5634 3481 5689; x_wconf 86' lang='grc' dir='ltr'>φασι</span> <span class='ocrx_word' id='word_1_889' title='bbox 3507 5616 3596 5671; x_wconf 68' lang='grc' dir='ltr'><strong>τὸν</strong></span> <span class='ocrx_word' id='word_1_890' title='bbox 3621 5607 3813 5674; x_wconf 53' lang='lat' dir='ltr'><strong>“Mill-9</strong></span> 
     </span>
    </p>
   </div>
   <div class='ocr_carea' id='block_1_118' title="bbox 2238 5695 3812 5780">
    <p class='ocr_par' dir='ltr' id='par_1_118' title="bbox 2238 5695 3812 5780">
     <span class='ocr_line' id='line_1_118' title="bbox 2238 5695 3812 5780; baseline -0.008 -19"><span class='ocrx_word' id='word_1_891' title='bbox 2238 5709 2337 5778; x_wconf 77' lang='grc' dir='ltr'>οὐχ</span> <span class='ocrx_word' id='word_1_892' title='bbox 2361 5709 2442 5762; x_wconf 81' lang='grc' dir='ltr'><strong>ὅτι</strong></span> <span class='ocrx_word' id='word_1_893' title='bbox 2474 5707 2575 5777; x_wconf 86' lang='grc' dir='ltr'><strong>τῆς</strong></span> <span class='ocrx_word' id='word_1_894' title='bbox 2612 5707 2870 5775; x_wconf 75' lang='grc' dir='ltr'>γυναικὸς</span> <span class='ocrx_word' id='word_1_895' title='bbox 2930 5708 3152 5763; x_wconf 79' lang='grc' dir='ltr'>ἔλαττον</span> <span class='ocrx_word' id='word_1_896' title='bbox 3210 5710 3328 5765; x_wconf 87' lang='grc' dir='ltr'>ἀλλ’</span> <span class='ocrx_word' id='word_1_897' title='bbox 3375 5712 3455 5763; x_wconf 82' lang='grc' dir='ltr'><strong>ὅτι</strong></span> <span class='ocrx_word' id='word_1_898' title='bbox 3520 5705 3698 5780; x_wconf 77' lang='grc' dir='ltr'>μεῖζον</span> <span class='ocrx_word' id='word_1_899' title='bbox 3732 5695 3812 5756; x_wconf 76' lang='grc' dir='ltr'><strong>ἑξ-</strong></span> 
     </span>
    </p>
   </div>
   <div class='ocr_carea' id='block_1_119' title="bbox 2244 5788 3813 5871">
    <p class='ocr_par' dir='ltr' id='par_1_119' title="bbox 2244 5788 3813 5871">
     <span class='ocr_line' id='line_1_119' title="bbox 2244 5788 3813 5871; baseline -0.001 -22"><span class='ocrx_word' id='word_1_900' title='bbox 2244 5799 2491 5868; x_wconf 81' lang='grc' dir='ltr'>ήμαρτεν</span> <span class='ocrx_word' id='word_1_901' title='bbox 2513 5813 2527 5829; x_wconf 89' lang='grc'><strong>·</strong></span> <span class='ocrx_word' id='word_1_902' title='bbox 2543 5794 2686 5850; x_wconf 75' lang='grc' dir='ltr'>οὕτω</span> <span class='ocrx_word' id='word_1_903' title='bbox 2708 5798 2816 5870; x_wconf 84' lang='grc' dir='ltr'><strong>γὰρ</strong></span> <span class='ocrx_word' id='word_1_904' title='bbox 2836 5802 2900 5871; x_wconf 84' lang='grc' dir='ltr'><strong>τῇ</strong></span> <span class='ocrx_word' id='word_1_905' title='bbox 2934 5800 3079 5867; x_wconf 77' lang='grc' dir='ltr'>λέξει</span> <span class='ocrx_word' id='word_1_906' title='bbox 3113 5801 3206 5854; x_wconf 72' lang='grc' dir='ltr'>καὶ</span> <span class='ocrx_word' id='word_1_907' title='bbox 3238 5802 3331 5857; x_wconf 76' lang='grc' dir='ltr'><strong>τὸν</strong></span> <span class='ocrx_word' id='word_1_908' title='bbox 3354 5798 3668 5856; x_wconf 82' lang='grc' dir='ltr'>Ἀπόστολον</span> <span class='ocrx_word' id='word_1_909' title='bbox 3691 5788 3813 5862; x_wconf 61' lang='grc' dir='ltr'>χρὴ·</span> 
     </span>
    </p>
   </div>
  </div>
