4144 6436
416 398 522 461 449

1363 389 1465 448 ΑΙ)
1504 381 2101 447 AMPHILOCHIUM
2146 380 2494 453 QUESTIO
2538 381 2743 441 LXXI.

3581 383 3687 448 450

422 512 654 567 σασθαι⁶
694 510 729 578 ἡ
754 506 866 577 ’μὲν
893 505 1007 577 γάρ
1055 500 1408 558 δελεασθεῖσα
1461 499 1645 567 λόγοις
1685 495 2003 559 ἐπικλόποις

2109 493 2292 549 illeeta
2354 494 2533 547 verbis
2578 491 2790 546 blandis
2856 500 2910 546 et
2934 492 3198 561 jucundis
3251 494 3317 548 ad
3378 503 3686 567 transgres-

416 608 512 659 καί⁸
545 601 805 672 ἡδύνουσι
833 597 969 669 πρὸς
1000 597 1099 667 τὴν
1131 593 1391 664 ἀθέτησιν
1430 590 1860 661 παρενήνεκται,
1881 588 1909 640 6
1944 585 2002 639 δὲ

413 697 611 768 γνώμῃ
650 693 854 765 μᾶλλον
890 691 987 743 καὶ
1015 688 1285 759 θελήματι
1313 685 1518 755 ταύτην
1545 681 1833 753 ἠσπάσατο
1850 697 1864 711 ·
1882 677 2005 733 οὐδὲ

417 793 672 860 φαίνεται
718 782 909 838 τοῦτον
940 782 974 852 ἡ
1015 781 1176 851 γυνὴ,
1226 780 1416 847 ὥσπερ
1456 775 1694 843 ἑκλάπη,
1722 772 1872 827 οὓτω
1907 772 2005 843 ῥή-

419 899 555 949 μασι
585 877 898 933 κλέπτουσα
920 889 934 904 °
969 875 1063 927 καὶ
1094 874 1127 943 ἡ
1179 873 1279 942 μὲν
1310 870 1408 925 καὶ
1437 868 1716 923 ἀντειπεῖν
1750 862 2004 932 διανέστη

418 976 497 1045 τῷ
521 974 661 1041 ὄφει,
688 971 782 1024 καὶ
816 969 898 1039 τῷ
933 968 1159 1039 μεγέθει
1187 967 1289 1038 τῆς
1320 961 1655 1032 ἐπαγγελίας
1684 955 2004 1029 διαχυθεῖσα

420 1066 556 1136 πρὸς
575 1065 674 1135 τὴν
706 1060 925 1132 ἀπάτην
955 1061 1237 1115 ἀπέκλινε.
1279 1058 1417 1129 Περί
1441 1057 1499 1110 δὲ
1530 1055 1620 1108 τὸν
1655 1050 1828 1121 Ἀδὰμ
1851 1047 2007 1102 οὐδέ·
2032 1080 2033 1083 η

415 1174 575 1230 τερον
607 1158 815 1209 τούτων
842 1154 1090 1222 γέγονεν’
1118 1149 1242 1204 οὔτε
1266 1150 1375 1221 γὰρ
1410 1149 1634 1203 ἀντεῖπε
1669 1146 1736 1214 τῇ
1761 1137 2002 1230 γυναικὶ,

410 1227 539 1303 οὕτε
570 1247 805 1317 μέγεθος
856 1245 1019 1299 αὑτὸν
1071 1241 1410 1311 ἐπαγγελίας
1460 1238 1845 1309 συνήρπασεν·
1887 1227 2005 1286 ἀλλ’

410 1342 568 1395 οὐδὲν
588 1341 812 1394 ἔλαττον
832 1331 987 1402 οὗτος
1022 1337 1178 1409 ὤφθη
1197 1337 1415 1406 ἕτοιμος
1444 1332 1579 1405 πρὸς
1593 1330 1654 1384 τὸ
1681 1323 2006 1400 μεταλαὸεῖν

413 1435 446 1503 ἢ
484 1433 695 1502 ἐκείνη-
719 1431 1043 1503 μεταδοῦναι
1078 1431 1180 1499 τῆς
1204 1429 1459 1500 βρώσεως
1484 1442 1497 1455 ·
1542 1424 1733 1494 διόπερ
1780 1417 2007 1481 εἰκότως

412 1524 484 1577 ἂν
504 1524 678 1577 νοοῖτο
724 1522 828 1575 οὐκ
872 1522 1058 1593 ἀπάτῃ
1114 1520 1316 1592 μᾶλλον
1348 1518 1461 1573 ἀλλ’
1497 1515 1661 1589 ἔρωτι
1688 1512 1876 1567 πεσεῖν
1904 1506 2006 1577 τῆς

416 1615 674 1687 βρώσεως
699 1617 781 1679 εἰς
800 1614 1143 1686 παράϐασιν
1169 1613 1284 1668 ἀλλ’
1305 1615 1332 1667 6
1358 1612 1456 1685 μὲν
1474 1611 1634 1680 λόγος
1662 1601 1817 1669 οὗτος
1848 1602 2006 1671 εἰπερ

412 1709 471 1760 ἐν
500 1706 680 1770 ἄλλοις
711 1704 1053 1776 ἔχειχώραν,
1106 1705 1308 1776 ἐχέτω·
1339 1702 1435 1757 νῦν
1458 1701 1515 1755 δὲ
1560 1702 1659 1754 οὐκ
1702 1696 1817 1767 ἔχει
1858 1691 2003 1761 πάρ-

408 1800 561 1853 οδον·
593 1798 907 1868 ὑπερτιθείς
937 1798 1047 1868 γὰρ
1076 1797 1172 1868 τῆς
1198 1794 1457 1868 ἀληθείας
1487 1794 1515 1848 6
1542 1790 1719 1863 κῆρυξ
1746 1789 1840 1842 καὶ
1872 1800 2006 1857 προ-

415 1891 589 1962 τιμῶν
624 1890 715 1944 τὺν
749 1890 923 1960 Ἀδὰμ
972 1890 1071 1960 τῆς
1119 1888 1401 1958 γυναικὸς,
1464 1886 1558 1940 καὶ
1590 1884 1686 1954 τὴν
1721 1878 2001 1951 ὑποταγὴν

413 1986 551 2056 αὐτῇ
610 1983 917 2054 παραινῶν,
972 1984 1069 2037 καὶ
1111 1982 1199 2036 διὰ
1253 1981 1313 2035 τὸ
1379 1981 1455 2051 μὴ
1502 1976 1845 2048 ἀπατηθῆναι
1908 1973 2000 2027 τὸν

426 2077 597 2148 Ἀδὰμ
668 2078 858 2149 ὥσπερ
905 2076 1001 2131 καὶ
1067 2074 1159 2128 διὰ
1196 2073 1308 2128 τῶν
1363 2071 1538 2127 ἄλλων
1569 2066 1997 2139 ἐνθυμημάτων,

410 2171 557 2226 οὕτω
585 2170 679 2225 καὶ
708 2170 798 2224 διὰ
814 2169 1025 2240 ταύτην
1054 2168 1152 2240 τὴν
1179 2167 1361 2221 αἰτίαν
1405 2163 1558 2236 ἰσχὺν
1584 2163 1803 2233 ἄμαχον
1853 2159 1999 2230 ἔχειν

412 2266 512 2336 τὴν
571 2264 898 2336 παραίνεσιν
956 2261 1312 2327 ἐπεδείξατοσ
1361 2259 1478 2313 ἀλλ’
1508 2250 1610 2311 ὧδε
1637 2255 1757 2327 μὲν,
1815 2248 1997 2322 οἶμαι,

406 2356 808 2429 διευκρίνηται,
837 2356 961 2429 τίνα
991 2354 1193 2424 τρόπον
1215 2354 1317 2407 οὐκ
1355 2350 1612 2422 ἠπατήθη
1638 2350 1667 2401 6
1697 2347 1890 2417 Ἀδάμ.

483 2450 558 2504 τὸ
587 2449 668 2515 δὲ,
699 2468 718 2502 ι
753 2448 1074 2521 Σωθήσεται
1100 2447 1192 2501 διὰ
1222 2449 1323 2517 τῆς
1347 2442 1693 2512 τεκνογονίας
1724 2441 1758 2512 ἠ
1784 2438 1943 2510 γυνὴ,
1972 2456 1992 2491 ι

380 2523 385 2529 ’
411 2543 692 2596 τουτέστιν
728 2542 761 2613 ἠ
787 2540 897 2595 τῶν
932 2538 1211 2610 γυναικῶν
1238 2537 1401 2607 φύσις
1424 2550 1441 2568 ο
1466 2534 1561 2589 καὶ
1586 2533 1696 2605 γὰρ
1720 2532 1808 2587 διὰ
1839 2530 2001 2586 τοῦτο

384 2637 510 2705 τὴν
538 2634 682 2689 Εὕαν
710 2635 774 2687 τὸ
812 2634 997 2702 λόγιον
1045 2633 1125 2695 εἰς
1172 2630 1271 2702 τὴν
1317 2630 1551 2699 γυναῖκα
1584 2623 1903 2697 μετέλαϐεν.
1935 2622 1999 2676 Οἰ

410 2732 514 2801 μέν
541 2747 675 2799 φασι
694 2727 1043 2797 τεκνογονίαν
1061 2728 1235 2780 εἰπεῖν
1257 2723 1350 2777 τὸν
1379 2719 1723 2783 Ἀπόστολον,
1743 2717 1842 2789 τὴν
1872 2715 2001 2787 περὶ

408 2826 479 2879 τὰ
503 2825 673 2879 τέκνα
702 2823 961 2896 πρόνοιαν
1008 2819 1104 2874 καὶ
1153 2816 1390 2887 σπουδὴν
1414 2814 1480 2868 δι’
1511 2809 1578 2887 ἧς
1626 2811 1780 2866 αὐτοί
1807 2828 1868 2865 τε
1906 2808 2001 2864 πί·-

404 2936 530 2972 στει
563 2918 658 2971 καὶ
683 2917 873 2987 ἀγάπῃ
903 2914 1287 2985 στηριζόμενοι
1319 2910 1412 2964 τὸν
1461 2907 1732 2978 ἀγιασμὸν
1780 2904 1873 2959 καὶ
1902 2903 2002 2973 τὴν

377 2992 381 2996 ἡ
411 3010 770 3081 σωφροσύνην
808 3005 1348 3077 συγκατορθώσουσι,
1384 3004 1483 3057 καὶ
1508 3004 1564 3057 αἰ
1618 3001 1756 3071 πρὸς
1798 2998 2002 3069 ἀρετὰς

400 3104 609 3165 αὐτοὺς
638 3099 1090 3170 παιδαγωγοῶαι
1124 3099 1367 3170 μητέρες
1390 3093 1724 3167 δηλονότιτά
1749 3091 1888 3145 αὐτὰ
1906 3089 2004 3145 καὶ

2107 586 2316 641 sionem
2349 585 2581 640 adducta
2610 593 2693 638 est
2723 600 2739 649 ;
2780 583 2871 638 ille
2899 600 3030 639 vero
3062 601 3228 641 sensu
3284 586 3459 658 magis
3480 598 3536 644 et
3588 605 3686 642 vn-

2106 678 2318 732 luntate
2380 676 2525 732 hanc
2590 676 2877 746 amplexus
2939 687 3056 743 est;
3109 693 3217 732 non
3268 679 3478 734 videtur
3524 680 3691 751 igitur

2106 770 2326 833 mulier,
2359 778 2419 824 ut
2475 768 2705 824 seducta
2770 777 2879 833 est,
2937 769 3009 823 ita
3054 770 3238 825 verbis
3284 771 3570 827 sedueens.
3623 773 3691 827 Et

2104 859 2197 915 illa
2256 861 2476 930 quidem
2509 869 2561 913 et
2618 856 2994 913 contradicere
3058 857 3296 912 surrexit
3348 860 3587 928 serpenti
3636 871 3687 915 et

2105 954 2483 1025 magnitudine
2512 951 2895 1022 promissionis
2931 950 3148 1004 turbata
3180 948 3249 1005 ad
3312 952 3688 1021 deceptiunem

2104 1041 2420 1097 declinavit.
2471 1040 2635 1101 Circa
2675 1039 2947 1095 Adamum
3004 1052 3137 1091 vero
3194 1047 3449 1093 neutrum
3490 1041 3688 1095 borum

2107 1119 2315 1177 factum
2380 1128 2503 1186 est;
2542 1136 2649 1174 non
2698 1119 2845 1173 enim
2902 1116 3236 1173 contradixit
3279 1117 3537 1183 mulieri,
3592 1134 3691 1173 nec

2106 1210 2428 1279 magnitudo
2450 1209 2627 1279 ipsum
2652 1207 3038 1278 promissionis
3068 1207 3306 1277 abripuit
3334 1225 3348 1273 ;
3375 1207 3466 1262 sed
3490 1207 3661 1261 nihilo
3681 1237 3693 1247 -

2105 1294 2292 1350 minus
2346 1294 2450 1350 istc
2494 1295 2645 1350 visus
2711 1303 2797 1349 est
2848 1305 3074 1364 paratus
3128 1293 3195 1347 ad
3246 1293 3690 1363 partieipaudum

2105 1401 2270 1457 quam
2311 1386 2403 1441 illa
2432 1387 2500 1442 ad
2538 1385 3064 1442 communicandum
3092 1386 3159 1440 de
3201 1385 3365 1451 cibo;
3395 1385 3518 1440 ideo
3548 1395 3695 1440 recte

2107 1476 2506 1549 intelligeretur
2541 1493 2649 1533 non
2683 1477 3008 1549 deceptione
3039 1475 3237 1548 magis,
3273 1477 3366 1532 sed
3395 1491 3585 1531 amore
3607 1477 3695 1530 in-

2106 1569 2308 1626 cidisse
2337 1569 2446 1625 cibi
2474 1573 2527 1624 in
2559 1570 3078 1640 transgressionem.
3118 1568 3223 1625 Sed
3246 1585 3435 1625 sermo
3471 1568 3692 1639 quidem

2108 1666 2209 1719 iste
2272 1664 2318 1719 si
2370 1665 2421 1717 in
2450 1664 2573 1719 aliis
2617 1664 2781 1719 habet
2803 1664 3006 1730 locum,
3037 1663 3235 1718 habeat
3267 1680 3280 1728 ;
3314 1678 3461 1716 nunc
3508 1670 3692 1716 autem

2109 1766 2219 1807 non
2250 1750 2415 1806 habet
2438 1766 2752 1806 accessum.
2785 1750 3173 1822 Superponens
3232 1750 3378 1804 enim
3448 1750 3696 1804 veritatis

2036 1855 2080 1911 Β
2108 1856 2288 1911 praeco
2330 1850 2383 1894 et
2412 1838 2709 1910 praeferens
2746 1841 3015 1893 Adamum
3052 1838 3286 1901 mulieri,
3308 1846 3369 1891 et
3398 1837 3695 1907 subjectin-

2101 1943 2224 1983 nem
2257 1928 2385 1982 huic
2411 1927 2671 1994 suadens,
2700 1936 2755 1981 et
2777 1937 3064 1997 propterea
3088 1928 3234 1997 quod
3266 1941 3373 1979 non
3428 1928 3694 1996 deceptus

2101 2016 2174 2071 sit
2216 2015 2388 2070 Adam
2410 2024 2473 2069 ut
2496 2024 2549 2069 et
2580 2030 2674 2085 per
2697 2016 2801 2069 alia
2828 2015 3260 2086 enthymemata,
3289 2014 3360 2068 ita
3383 2023 3436 2068 et
3470 2022 3694 2083 prOpter

2101 2105 2244 2159 hanc
2273 2114 2499 2159 causam
2535 2105 2642 2159 vim
2711 2104 3191 2175 inexpugnabilem
3253 2103 3454 2157 habere
3488 2104 3691 2158 exhor-

2101 2198 2367 2252 tationem
2398 2198 2662 2255 ostendit.
2703 2196 2807 2252 Sed
2862 2199 2940 2253 sic
2989 2198 3211 2267 quidem
3249 2206 3379 2267 puto
3412 2198 3549 2251 bene
3582 2197 3693 2250 dis-

2100 2294 2311 2340 cretum
2360 2286 2458 2352 sit,
2525 2286 2989 2357 quemadmodum
3051 2301 3160 2340 non
3205 2285 3467 2356 deceptus
3531 2285 3695 2339 fuerit

2098 2371 2298 2428 Adam.

2174 2461 2308 2518 Illud
2342 2477 2491 2531 vero,
2527 2482 2549 2515 ‹
2588 2462 2906 2519 Salvabitur
2952 2479 3051 2533 per
3096 2462 3334 2519 ﬁliorum
3382 2465 3694 2532 generatio-

2101 2570 2224 2611 nem
2262 2557 2478 2620 mulier,
2520 2574 2541 2607 ο
2597 2555 2650 2611 id
2698 2563 2785 2612 est
2836 2556 3131 2611 mulierum
3190 2566 3423 2619 natura;
3491 2556 3691 2610 etenim

2101 2658 2319 2719 propter
2348 2649 2451 2703 hoc
2481 2647 2649 2703 Evam
2697 2648 2988 2702 oraculum
3040 2648 3093 2701 in
3140 2648 3427 2703 mulierem
3460 2657 3695 2704 transtu-

2098 2742 2183 2799 lit.
2216 2740 2281 2796 lli
2311 2741 2535 2813 quidem
2558 2740 2751 2795 dicunt
2782 2738 3019 2794 ﬁliorum
3052 2740 3464 2810 generationem
3513 2741 3698 2796 dicere

2101 2835 2449 2907 Apostolum,
2483 2838 2630 2888 circa
2687 2832 2828 2887 ﬁlios
2884 2831 3281 2903 providentiam
3341 2839 3396 2887 et
3454 2831 3697 2887 studium

2104 2942 2200 2997 per
2236 2927 2382 2996 quod
2419 2924 2522 2995 ipsi
2554 2931 2610 2978 et
2643 2922 2749 2978 ﬁde
2780 2931 2834 2978 et
2856 2922 3136 2978 charitate
3183 2923 3425 2978 roborati
3456 2924 3695 2978 sanctiﬁ-

2103 3017 2372 3072 cationem
2406 3026 2457 3070 et
2488 3014 2813 3086 sapientiam
2848 3023 2994 3069 recte
3025 3012 3331 3083 perficiant,
3371 3023 3427 3069 et
3469 3014 3535 3069 ad
3588 3014 3701 3071 vir-

2106 3117 2248 3163 tutes
2294 3121 2390 3161 eos
2441 3106 2795 3161 instituentes
2841 3114 3042 3159 matres
3102 3105 3354 3160 videlicet
3400 3104 3591 3160 eadem
3645 3117 3701 3160 et

406 3195 719 3267 μελετῶσαι
780 3195 877 3248 καὶ
916 3192 1387 3263 διαπραττόμεναι
1439 3188 1651 3259 εἴησαν,
1707 3178 1876 3241 δι’ὧν
1909 3184 2003 3237 καὶ

2107 3201 2432 3255 meditantes
2456 3208 2509 3254 et
2543 3208 2767 3268 agentes
2806 3197 2938 3263 sint,
2971 3212 3069 3267 per
3116 3213 3240 3268 quae
3282 3208 3339 3253 et
3390 3208 3701 3269 transgres-

406 3288 511 3359 τῆς
547 3286 919 3358 παραϐάσεως
942 3286 1041 3356 τὴν
1087 3283 1268 3337 αἰτίαν
1295 3281 1597 3336 διαλύουσι.
1627 3276 1801 3331 Τοῦτο
1833 3274 1942 3347 γὰρ
1970 3275 2000 3328 6

410 3379 511 3448 τῆς
540 3376 866 3448 οἰκουμένης
893 3374 997 3446 ἔφη
1029 3373 1370 3439 διδάσκαλος·
1406 3390 1425 3424 ι
1449 3372 1767 3442 Σωθήσεται
1796 3368 1875 3433 δὲ,
1901 3366 2002 3438 φά-

410 3486 574 3542 μενος
604 3468 693 3522 διά
714 3470 816 3540 τῆς
835 3466 1184 3535 τεκνογονίας
1210 3483 1224 3497 ·
1270 3484 1289 3516 ι
1333 3466 1428 3518 καὶ
1449 3463 1558 3534 γάρ
1588 3465 1620 3534 ὴ
1652 3460 1784 3532 περί
1811 3459 1880 3513 τὰ
1906 3458 1999 3513 τέ-

408 3579 517 3616 κνα
543 3561 895 3629 παιδαγωγία
931 3562 1028 3614 καὶ
1051 3560 1303 3631 θεοφιλὴς
1324 3560 1552 3631 πρόνοια
1575 3558 1666 3611 καί
1701 3553 2003 3627 κηδεμονία

404 3651 560 3723 μέγα
584 3652 861 3723 δικαίωμα
885 3654 1096 3722 πέφυκε
1119 3653 1217 3723 τὴν
1242 3652 1380 3724 πρὸς
1407 3653 1501 3705 τὸν
1535 3650 1713 3719 Ἀδὰμ
1729 3648 1829 3718 τῆς
1856 3646 2003 3711 Εὔας

411 3745 694 3817 σφαλερὰν
730 3744 1175 3800 ἀνακαλέσασθαι
1214 3744 1585 3798 διδασκαλίαν.
1624 3740 1873 3808 Ἐδίδαξα
1909 3739 2003 3795 τὸν

404 3840 581 3910 ἄνδρα
607 3838 894 3909 σφαλερῶς
917 3855 931 3903 ;
964 3837 1104 3893 Ἀλλ’
1123 3838 1382 3907 ἀσφαλῶς
1405 3836 1739 3906 παιδαγωγῶ
1762 3835 1860 3890 καὶ
1880 3833 2005 3899 τρέ-

418 3948 506 4001 φω
543 3932 612 3985 τά
649 3931 837 3984 τέκνα.
879 3930 1091 3983 Ἐκεῖνο
1120 3929 1518 3995 καταδικάζει;
1556 3928 1729 3982 Τοῦτο
1761 3926 1879 3991 πῶς
1901 3925 2004 3979 οὐκ

409 4024 480 4077 ἂν
524 4022 611 4094 εἴη
669 4021 910 4092 μάλιστά
941 4039 1006 4092 γε
1046 4022 1199 4094 παρά
1241 4022 1440 4093 δικαίῳ
1479 4021 1575 4075 καὶ
1627 4019 2004 4093 φιλανθρώπῳ

406 4116 578 4185 κριτῇ
612 4114 919 4184 συγγνώμη
952 4114 1048 4168 καὶ
1097 4114 1302 4182 γείτονι
1339 4113 1434 4166 τοῦ
1480 4113 1825 4184 πταίσματος
1866 4129 2003 4166 κατ-

406 4204 698 4275 ορθώματι
728 4207 830 4277 τῆς
854 4206 1015 4277 δίκης
1059 4206 1337 4273 άπολύον;
1373 4205 1465 4258 Διὸ
1524 4205 1731 4275 ταύτης
1781 4205 1881 4277 τῆς
1914 4222 2005 4258 τε-

411 4298 706 4367 κνογονίας
736 4301 768 4370 ή
804 4300 1096 4367 γυναικεία
1155 4299 1318 4369 φύσις
1358 4299 1693 4370 ἀντεχομένη
1733 4299 1826 4353 καὶ
1870 4297 2001 4353 ταύ-

407 4409 514 4461 την
546 4392 933 4456 σπουδάζουσα
963 4392 1171 4447 διαλύει
1191 4392 1289 4445 καὶ
1319 4392 1638 4447 ἀποτίθεται
1655 4394 1754 4463 τὴν
1775 4392 1882 4446 ἀπὸ
1901 4392 2003 4461 τῆς

411 4485 636 4555 ἀπάτης
686 4485 865 4539 αἰτίαν
897 4485 992 4539 καὶ
1038 4485 1233 4557 δίκηνο
1276 4486 1358 4563 δτι
1407 4485 1464 4538 δὲ
1513 4486 1865 4551 τεκνογονίαν
1911 4486 2005 4538 κάἰ

2107 3294 2279 3352 sionis
2302 3308 2526 3348 causam
2562 3291 2906 3355 dissolvunt;
2967 3289 3073 3346 hoc
3115 3293 3262 3347 enim
3319 3293 3506 3347 mundi
3562 3293 3702 3347 dixit

2109 3386 2390 3458 magister.
2427 3403 2446 3436 ‹
2478 3383 2791 3439 Salvabitur
2827 3394 3034 3450 autem,
3093 3383 3371 3455 inquiens,
3416 3400 3512 3455 per
3560 3386 3704 3440 ﬁlio-

2107 3494 2230 3535 rum
2270 3477 2701 3549 generationem.
2740 3495 2758 3528 ι
2796 3475 3010 3531 Etenim
3055 3476 3203 3531 circa
3245 3477 3384 3531 ﬁlios
3430 3478 3701 3533 institutio

2108 3580 2165 3627 et
2195 3569 2368 3627 Deum
2398 3584 2596 3625 amans
2623 3569 2965 3640 providentia
2998 3576 3053 3623 et
3085 3583 3218 3624 cura
3262 3584 3458 3639 magna
3496 3571 3702 3640 justiﬁ-

2108 3663 2254 3719 catio
2286 3670 2413 3717 nata
2456 3670 2541 3718 est
2572 3663 2641 3716 ad
2672 3660 2946 3715 Adamum
2974 3657 3101 3715 Evze
3144 3660 3394 3715 fallarem
3451 3678 3704 3731 reparare

2109 3754 2513 3826 magisterium.
2547 3752 2719 3809 Docui
2762 3755 2943 3808 virum
2980 3752 3287 3808 fallaciter?
3338 3752 3445 3809 Sed
3510 3770 3705 3811 secure

2109 3847 2288 3904 educo
2322 3855 2377 3901 et
2406 3845 2589 3900 nutrio
2621 3844 2782 3900 ﬁlios.
2818 3842 2954 3899 Illud
2998 3843 3260 3899 damnat?
3289 3843 3393 3900 hoc
3425 3847 3705 3916 quomodo

2110 3949 2223 3991 non
2250 3942 2422 4000 esset,
2453 3933 2757 4004 praesertim
2785 3932 2929 4002 apud
2956 3931 3169 4003 justum
3210 3941 3262 3986 et
3294 3931 3590 4003 benignum
3618 3934 3680 4005 ju

2110 4028 2289 4083 dicem
2321 4025 2481 4082 venia
2508 4034 2564 4081 et
2598 4025 2780 4080 vicino
2810 4024 3000 4094 lapsus
3027 4033 3173 4080 recte
3216 4023 3363 4081 facto
3392 4026 3702 4083 damnatio-

2111 4135 2235 4176 nem
2270 4120 2527 4175 solvens?
2561 4118 2684 4173 Ideo
2720 4118 2848 4172 huic
2880 4118 3117 4172 ﬁliorum
3172 4119 3512 4188 generationi
3545 4119 3706 4175 femi.

2111 4229 2215 4269 nea
2247 4223 2442 4267 natura
2473 4212 2855 4266 adhaerescens
2900 4218 2955 4264 et
2998 4209 3047 4262 ei
3098 4209 3324 4265 studens
3357 4210 3609 4266 dissolvit
3649 4223 3703 4267 et

2111 4306 2338 4377 deponit
2368 4321 2399 4361 a
2429 4304 2749 4375 deceptione
2788 4302 3231 4356 criminationem
3281 4311 3333 4356 et
3365 4304 3698 4358 condemna-

2112 4398 2340 4453 tionem.-
2373 4397 2527 4464 Quod
2556 4405 2736 4451 autem
2765 4394 3005 4449 ﬁliorum
3047 4395 3456 4464 generationem
3487 4405 3540 4451 et
3563 4396 3690 4450 filiu-

2114 4504 2235 4544 rum
2269 4487 2627 4543 nutritionem
2660 4485 2956 4555 Apostolus
2979 4484 3125 4540 circa
3160 4484 3361 4540 liberos
3399 4485 3699 4541 salviﬁcam

410 4578 479 4648 δὴ
510 4580 603 4631 καὶ
633 4578 1029 4650 τεκνοτροφίαν
1054 4578 1086 4630 6
1131 4560 1457 4642 Ἀπόστολος
1507 4577 1608 4650 τὴν
1644 4579 1770 4652 περὶ
1802 4578 1872 4631 τὰ
1913 4578 2004 4632 τέ-

2114 4600 2306 4643 curam
2335 4584 2511 4640 soleat
2542 4596 2762 4647 vocare,
2799 4578 3152 4635 manifestum
3188 4579 3315 4634 hinc
3344 4598 3357 4635 :
3400 4579 3617 4635 Etenim
3644 4583 3697 4636 in

413 4688 521 4725 κνα
552 4672 823 4742 σωτήριον
852 4672 1173 4741 ἐπιμέλειαν
1204 4672 1362 4725 εἴωθε
1385 4670 1592 4734 καλεῖν,
1614 4670 1772 4740 δῆλον
1822 4670 2005 4724 ἐντεῦ-

414 4764 529 4819 θεν.
573 4763 683 4817 Καὶ
710 4764 820 4834 γάρ
848 4765 931 4829 εἰς
978 4764 1077 4835 τὴν
1120 4763 1231 4816 τῶν
1268 4763 1455 4835 χηρῶν
1511 4762 1666 4828 τάξιν
1705 4765 1799 4815 καὶ
1834 4762 2003 4833 τιμὴν

413 4856 513 4910 καὶ
540 4857 641 4928 τὴν
668 4856 931 4927 πρόνοιαν
955 4856 1054 4920 τὰς
1076 4855 1472 4926 κεχηρωμένας
1504 4855 1613 4907 τῶν
1640 4855 1849 4926 ἀνδρῶν
1875 4856 2006 4910 ἀνά-

413 4966 550 5018 γων,
588 4968 605 5000 ι
644 4950 826 5021 Χήρα,
859 4950 1019 5019 φησί,
1055 4947 1446 5016 καταλεγέσθω
1481 4949 1558 5019 μὴ
1603 4947 1826 5001 ἔλαττον
1868 4946 2005 5003 ἐτῶν

413 5041 681 5109 ἐξήκοντα
708 5055 723 5070 ο
753 5058 772 5090 ι
808 5037 927 5094 εἶτα
950 5040 1047 5095 καὶ
1066 5039 1190 5094 τίνα
1213 5038 1665 5110 καταϐαλλομένη
1692 5038 1887 5110 μισθὸν
1905 5038 2007 5109 τῆς

413 5131 672 5202 τοιαύτης
725 5132 953 5204 λήξεως
989 5150 1009 5184 ι
1046 5132 1108 5187 Εἰ
1170 5133 1622 5204 ὲτεκνοτρόφησε,
1706 5134 1894 5204 φησὶν,
1957 5136 2007 5189 εἰ

418 5222 590 5290 ἁγίων
620 5224 792 5287 πόδας
826 5223 1031 5294 ἔνιψεν,
1064 5226 1113 5277 εἰ
1136 5223 1476 5293 θλιϐομένοις
1504 5226 1815 5297 ἐπήρκεσε·
1850 5246 1868 5276 ι
1911 5227 2008 5280 καὶ

415 5317 519 5386 ὅρα
555 5318 703 5380 ὅπως
744 5319 811 5388 τῇ
846 5317 955 5370 τῶν
983 5317 1159 5385 ἁγίων
1188 5317 1458 5389 θεραπεία
1507 5318 1601 5370 καὶ
1640 5318 1887 5383 δεξιώσει
1918 5320 2015 5372 καὶ

414 5407 496 5479 τῷ
517 5409 618 5477 τῆς
654 5409 1029 5480 ἐλεημοσύνης
1054 5407 1296 5479 λαμπρῷ
1326 5407 1738 5479 κατορθώματι,
1762 5410 1861 5478 τὴν
1884 5410 2015 5479 περὶ

413 5502 485 5553 τὰ
514 5501 683 5553 τέκνα
733 5500 970 5571 σπουδὴν
1024 5503 1119 5553 καὶ
1174 5500 1308 5570 πρὸς
1369 5500 1579 5571 ἀρετῶν
1632 5502 2013 5570 παιδαγωγίαν

346 5632 349 5633 ν
414 5593 679 5659 συνέταξέ
709 5611 768 5646 τε
808 5595 905 5647 καὶ
954 5594 1364 5665 συνηρίθμησεν
1387 5608 1402 5625 ⁸
1437 5592 1553 5647 ἀλλ’
1585 5585 1732 5648 ὦτοι
1786 5595 1884 5665 μὲν
1908 5594 2003 5647 οὖ-

412 5702 525 5748 τως
577 5687 676 5757 τὴν
738 5689 1131 5758 τεκνοτροφίαν
1206 5688 1302 5740 καὶ
1370 5686 1719 5756 τεκνογονίαν
1770 5688 2000 5754 ἐξακούω

412 5794 590 5836 ουσιν,

488 5896 535 5926 ⁸⁰
564 5896 581 5950 Ι
611 5896 752 5951 Tim.
786 5913 839 5959 ν,
868 5896 920 5951 9.
1000 5897 1042 5929 5‘
1068 5896 1199 5951 ibid.
1240 5897 1325 5950 i0.

749 5993 1020 6054 Pnnoc.
1066 5990 1184 6050 Gn.
1224 5991 1322 6050 Cl.

2110 4680 2403 4735 viduarum
2429 4674 2679 4731 ordinem
2713 4682 2767 4727 et
2803 4672 3067 4726 honorem
3109 4680 3163 4725 et
3190 4672 3587 4740 providentiam
3617 4678 3695 4727 vi-

2110 4773 2313 4829 duatas
2335 4769 2470 4825 viris
2503 4766 2749 4823 referens
2784 4784 2796 4821 :
2830 4783 2850 4816 ι
2886 4763 3079 4827 Vidua,
3108 4763 3305 4833 inquit,
3333 4765 3570 4834 eligatur
3592 4782 3698 4820 non

2112 4868 2296 4921 minus
2323 4877 2594 4919 annorum
2628 4860 2914 4930 sexaginta
2938 4859 3017 4924 ”;
3060 4874 3079 4908 ι
3129 4857 3326 4912 deinde
3370 4866 3426 4912 ct
3476 4859 3697 4928 aliquod

2116 4956 2353 5013 fundens
2383 4954 2619 5027 pretium
2646 4951 2770 5007 talis
2802 4948 3084 5005 electionis
3119 4966 3133 5001 :
3174 4966 3193 4998 ι
3237 4947 3293 5002 Si
3328 4948 3469 5005 ﬁlios
3498 4950 3700 5004 edura-

2115 5051 2215 5116 vit,
2245 5050 2343 5117 ait,
2368 5049 2414 5105 si
2446 5055 2763 5103 sanctorum
2796 5042 2964 5113 pedes
3008 5041 3159 5103 lavit,
3198 5041 3241 5094 si
3286 5042 3696 5096 tribulationem

2115 5142 2453 5214 patientibus
2485 5135 2926 5207 subministravit
2961 5135 3043 5197 lu;
3086 5151 3105 5184 ι
3169 5142 3222 5187 et
3271 5134 3392 5188 vide
3418 5134 3697 5203 qumuodo

2114 5248 2428 5291 sanctorum
2454 5246 2599 5286 curae
2624 5240 2679 5286 et
2724 5227 2963 5298 hospitio
3012 5235 3067 5282 et
3099 5227 3456 5296 eleemusyuaa
3512 5228 3697 5295 splen-

2111 5328 2261 5383 denti
2296 5327 2441 5381 bono
2478 5324 2622 5379 cirt'a
2656 5321 2798 5377 ﬁlius
2832 5318 3073 5374 studium
3103 5329 3158 5373 et
3183 5319 3249 5371 ad
3284 5320 3546 5371 virtutum
3571 5320 3699 5372 edu-

2111 5420 2386 5475 cationem
2420 5414 2729 5485 conjunxit,
2758 5421 2808 5467 et
2849 5410 3297 5477 connumeravit;
3333 5410 3425 5465 sed
3461 5410 3549 5464 isti
3585 5414 3697 5479 qui-

2111 5511 2234 5566 dem
2262 5508 2343 5565 sic
2376 5507 2612 5562 ﬁliorum
2639 5504 2993 5561 uutritionem
3023 5513 3078 5557 et
3120 5502 3357 5558 filiorum
3389 5502 3699 5572 generatio-

2114 5618 2241 5659 nem
2273 5600 2525 5656 audiunt.
