4144 6460
505 380 610 446 451

1671 375 1941 438 PHOTII
1969 372 2485 436 PATRIARCII/E
2516 371 2742 438 CP.452

3694 373 3803 437 452

573 498 693 555 Non
724 497 881 570 pejus
909 502 1092 550 autem
1121 491 1266 547 forte
1295 490 1539 563 cogitare
1585 489 1826 545 ﬁliorum
1874 502 2101 559 genera-

2272 482 2347 536 Οὐ
2375 484 2562 553 χεῖρον
2590 482 2649 536 δὲ
2682 485 2815 549 ἴσως
2844 483 3046 539 ἐννοεῖν
3076 485 3425 555 τεκνογονίαν
3457 487 3526 559 ἢν
3576 488 3611 559 ἠ
3644 486 3802 542 εὐσέ-

505 596 708 651 tionem
751 606 915 661 quam
937 588 1113 660 pietas
1143 586 1415 641 bonorum
1443 598 1672 655 operum
1723 591 1778 637 et
1827 580 2094 636 virtutum

504 697 714 743 rectum
744 682 1028 755 complexa
1057 694 1370 738 sermonem
1412 692 1511 749 per
1561 691 1733 747 puros
1783 683 1840 731 et
1896 673 2098 744 impol-

505 782 651 836 lutos
682 779 905 835 dolores
938 774 1244 847 parientem
1286 780 1341 829 et
1378 786 1507 827 vere
1541 768 1941 826 nobilissimam
1993 768 2097 823 im-

503 872 614 941 plet
643 868 1052 941 generationem
1074 906 1090 931 ,
1140 881 1235 934 per
1265 878 1431 935 quam
1491 868 1605 917 tota
1642 867 1929 932 reparatur
1974 874 2099 930 quae

505 963 783 1035 praecessit
813 959 1141 1017 deminutio.
1178 957 1389 1012 Revera
1441 962 1497 1011 et
1541 969 1665 1025 quae
1708 953 1843 1009 tales
1879 952 2097 1009 dolores

503 1056 803 1127 pendentes
828 1063 986 1126 partu
1035 1052 1235 1107 multos
1272 1049 1413 1105 ﬁlios
1444 1056 1774 1118 genuerunt,
1815 1056 1871 1102 et
1917 1046 2093 1114 ﬁlias;

505 1150 809 1206 secundum
843 1162 1009 1219 quam
1044 1146 1283 1200 ﬁliorum
1317 1142 1646 1214 positionem
1670 1141 2021 1213 cognoscitur
2042 1148 2098 1195 et

505 1243 711 1299 sterilis
738 1241 962 1312 pariens
988 1248 1219 1309 septem,
1256 1246 1311 1293 et
1339 1252 1462 1308 quae
1495 1236 1698 1291 multas
1729 1236 1783 1289 in
1814 1234 1941 1290 liliis
1981 1233 2097 1304 glo-

504 1336 582 1391 ria
608 1333 911 1405 superavit.
931 1332 1063 1403 Ipsae
1090 1340 1147 1386 et
1168 1330 1328 1385 illud:
1356 1348 1374 1381 ι
1397 1326 1834 1399 Multiplicamini
1860 1335 2098 1397 ctauge-

503 1428 660 1491 mini,
685 1444 702 1476 ι
726 1424 836 1479 Deo
862 1422 1283 1479 (-onvenientius
1299 1430 1353 1475 et
1374 1420 1546 1492 magis
1570 1420 1789 1492 proprie
1806 1420 1859 1475 in
1883 1419 2096 1491 seipsas

503 1516 916 1581 transferentes,
942 1514 1272 1570 dominicam
1312 1515 1366 1568 in
1408 1513 1610 1584 seipsis
1645 1513 1946 1569 ostendunt
1992 1513 2098 1568 im-

502 1611 699 1682 pletam
731 1609 1193 1665 benedictionem.
1224 1605 1374 1662 Talis
1404 1606 1645 1661 ﬁliorum
1677 1606 1959 1678 generatio
1986 1620 2095 1661 non

502 1707 556 1760 in
584 1705 732 1760 solas
761 1719 827 1759 ex
857 1701 1194 1758 commercio
1230 1700 1331 1755 viri
1366 1699 1507 1756 ﬁlios
1551 1707 1902 1769 procreantes
1936 1696 2097 1753 femi-

500 1813 602 1852 nas
629 1794 1037 1852 circumscribit
1070 1793 1410 1863 deceptionis
1436 1791 1795 1859 solutionem,
1823 1790 1918 1846 sed
1944 1800 1999 1847 et
2039 1789 2095 1846 in

500 1891 637 1944 alias
679 1888 939 1944 mulieres
973 1896 1028 1943 et
1070 1886 1373 1958 prmsertim
1422 1884 1664 1955 virgines
1706 1882 1970 1940 transfert
1999 1899 2091 1939 er-

499 1982 640 2036 roris
669 1980 1103 2046 correctionem;
1131 1978 1415 2033 salvantur
1442 1977 1588 2032 enim
1618 1991 1813 2031 omnes
1833 1991 1929 2046 per
1952 1990 2093 2045 quas

500 2083 955 2146 protopari-ntum
1012 2071 1316 2127 deminutio
1343 2068 1892 2125 distribuebaturtali
1947 2068 2094 2123 tilio-

498 2180 620 2218 rnm
657 2162 1028 2233 generatione,
1079 2158 1421 2230 deceptionis
1469 2156 1709 2213 dedecus
1753 2166 1808 2212 et
1870 2156 2090 2227 pondus

496 2256 795 2328 splendidis
821 2254 1054 2325 justitiis
1087 2253 1332 2307 eluentes
1361 2260 1415 2306 et
1449 2251 1672 2322 proprio
1704 2258 1862 2321 partu
1905 2249 2096 2305 Eccle-

495 2351 592 2405 sia:
620 2348 761 2404 tilios
797 2347 1265 2417 multiplicantes;
1305 2353 1361 2400 et
1392 2344 1500 2400 ﬁde
1533 2354 1589 2399 et
1612 2343 1885 2399 charitate
1915 2352 1971 2400 et
1997 2358 2096 2413 per

494 2441 842 2514 prudentiam
876 2438 1313 2495 sanctiﬁcatione
1356 2436 1644 2492 illustratae
1686 2436 1742 2491 in
1797 2436 1956 2492 caelis
1986 2434 2094 2491 Pa-

495 2546 633 2593 trem
667 2534 977 2607 gloriﬁcare
1002 2532 1149 2602 ipsas
1174 2529 1527 2602 inspicientes
1545 2538 1600 2585 et
1627 2528 2091 2600 pulchritudinem

493 2642 719 2698 operum
755 2626 1033 2681 intuentes
1057 2628 1377 2694 procurant.
1411 2619 1517 2675 Sed
1554 2619 1702 2674 enim
1750 2619 1831 2675 sic
1870 2619 2092 2689 quidem

494 2721 584 2778 isti
608 2736 717 2776 non
749 2720 950 2783 viliter,
982 2700 1314 2789 opiuor,lad
1360 2714 1794 2786 speculationem
1854 2713 2092 2770 litteram

496 2810 859 2867 attrahentes.

565 2990 673 3047 Alii
699 3004 829 3045 vero
862 2988 1097 3043 ﬁliorum
1126 2986 1539 3059 generationem
1571 2986 1844 3043 sacratius
1879 2995 1933 3044 et
1978 2985 2094 3043 Deo

495 3080 1023 3147 eonvenientiuszex
1054 3076 1278 3148 Virgine
1338 3076 1639 3131 Salvatoris
1697 3074 1872 3131 nostri
1930 3089 2095 3132 sacro

496 3188 750 3229 sermone
766 3171 955 3225 dicunt
979 3169 1409 3240 generationem;
1429 3182 1523 3238 per
1544 3182 1710 3237 quam
1729 3166 1967 3222 ﬁliorum
1991 3182 2089 3238 ge-
2120 3208 2164 3265 C

496 3267 837 3323 iterationem
864 3278 973 3320 non
1005 3263 1299 3318 mulierum
1335 3272 1535 3317 natura
1565 3260 1747 3317 solum
1788 3260 2091 3332 gioriﬁcata

496 3365 581 3412 est
608 3365 665 3411 et
690 3372 721 3410 a
749 3354 1070 3425 deceptione
1095 3353 1334 3408 dedecus
1365 3361 1420 3407 et
1449 3350 1969 3407 condemnationem
1994 3349 2096 3404 ab-

496 3449 705 3516 stersit,
736 3447 897 3502 ﬁdem
930 3454 987 3500 et
1023 3444 1353 3500 cbaritatem
1379 3451 1434 3497 ct
1464 3441 1963 3499 sanetilicationem
1995 3438 2091 3511 qui

494 3556 580 3601 est
612 3544 827 3600 fructus
873 3540 1184 3614 prudentiae
1212 3550 1510 3603 sectantes.
1553 3538 1651 3595 sed
1687 3548 1743 3595 et
1790 3555 1966 3611 genus
2008 3549 2094 3594 to-

498 3646 617 3691 tum
650 3634 890 3705 prepriis
918 3642 974 3687 et
1000 3632 1331 3687 voluntariis
1383 3631 1550 3700 geniti
1603 3632 1959 3702 passionibus
2008 3648 2094 3688 re-

494 3737 751 3783 vocatum
778 3734 865 3782 est
902 3740 933 3780 a
974 3725 1131 3795 lapsu
1162 3732 1218 3779 et
1258 3724 1432 3779 multo
1463 3724 1740 3779 diviniore
1764 3740 1932 3795 quam
1964 3736 2093 3780 ante

495 3818 864 3890 praecipitium
894 3825 1045 3873 sorte
1063 3816 1227 3888 digna
1275 3816 1461 3871 habita
1487 3824 1572 3871 est
1602 3822 1657 3872 et
1682 3815 1965 3873 fruitione.
1992 3815 2090 3872 Vis

496 3922 682 3968 autem
731 3910 908 3981 magis
941 3910 1155 3965 discere
1189 3908 1467 3980 quomodo
1506 3908 1850 3978 deceptionis
1889 3908 2091 3964 mulier

495 4019 593 4074 per
617 4003 819 4057 dictam
851 4000 1090 4055 ﬁliorum
1114 3999 1525 4071 generationem
1556 3998 2085 4057 condemnationem

492 4093 705 4163 eﬁ‘ugit,
727 4100 781 4148 et
813 4091 1020 4148 donum
1054 4090 1264 4161 accepit
1299 4089 1696 4147 remissionis?
1720 4089 1873 4160 prius
1907 4089 2087 4146 emol-

494 4186 604 4241 lit-ue
649 4184 717 4239 ad
770 4182 1045 4255 serpentis
1106 4182 1352 4254 linguam
1420 4184 1737 4239 sibilantem
1779 4198 1939 4239 sacra
1983 4182 2087 4237 hac

491 4288 547 4335 et
568 4293 710 4333 nova
745 4292 875 4332 vere
908 4276 1011 4331 sub
1042 4276 1185 4333 caelo
1242 4275 1482 4331 ﬁliorum
1537 4278 1893 4349 generatione
1955 4291 2085 4348 pro-

492 4385 706 4442 gressa,
735 4378 1097 4442 tyrannorum
1131 4369 1334 4441 linguis
1378 4384 1440 4425 se
1468 4379 1805 4440 oppeneutes
1840 4370 2086 4427 oratorie

491 4462 818 4519 docentibus
860 4461 1239 4532 impietatem;
1284 4470 1340 4516 et
1368 4464 1546 4531 poenis
1597 4480 1707 4519 non
1741 4464 1923 4520 solum
1959 4464 2083 4519 visu

2194 4462 2472 4531 τυράννων
2544 4462 2819 4533 γλώσσαις
2900 4466 3375 4522 ἀντικαταστᾶσαι

493 4569 672 4626 neque
719 4560 975 4624 expertu,
1028 4552 1124 4608 sed
1190 4561 1245 4608 et
1272 4553 1420 4609 dictu
1468 4554 2087 4612 horrendissimislmtae

2194 4570 2316 4619 σαις
2380 4555 2482 4627 τὴν
2543 4557 2800 4612 ἀσέϐειαν
2834 4571 2848 4585 ⁸
2906 4560 3002 4613 καὶ

491 4654 548 4702 et
581 4645 905 4717 gloriantes,
945 4643 1003 4699 in
1036 4643 1229 4699 multis
1257 4659 1402 4715 saepe
1426 4661 1537 4700 non
1568 4647 1816 4705 minores
1843 4648 2088 4703 homini-

490 4740 596 4797 bus
621 4738 785 4795 luetis
832 4747 888 4794 et
948 4737 1349 4794 certaminibus
1407 4739 1789 4797 excelluerunt
1829 4752 1925 4808 ;et
1972 4756 2083 4797 non

492 4831 791 4887 mulierum
831 4830 1013 4887 solum
1042 4829 1138 4887 sed
1178 4838 1234 4887 et
1254 4830 1503 4889 virorum
1537 4832 1670 4889 visa:
1713 4842 1844 4889 sunt
1866 4834 2085 4905 pietatis

500 4924 781 4994 magistrae
796 4932 851 4979 et
877 4937 977 4994 pro
1002 4922 1227 4980 Cbrlsto
1256 4923 1454 4980 acerba
1485 4924 1755 4996 supplicia
1788 4935 1843 4983 et
1874 4936 2080 4983 mortes

492 5028 549 5072 et
603 5016 1015 5072 immolationes
1058 5029 1327 5087 generoso
1375 5025 1432 5073 et
1466 5015 1799 5072 inconcusso
1851 5026 1908 5074 et
1957 5017 2082 5074 laeto

492 5109 876 5169 sustinuerunt
903 5109 1109 5165 animo.

795 5372 1128 5442 QUIESTIO
1168 5372 1383 5431 LXXIII
1419 5374 1521 5449 [αι.
1552 5374 1792 5451 LXXII].

497 5466 770 5539 Quomodo
794 5466 1133 5536 intelligenda
1157 5467 1265 5521 sint
1295 5467 1451 5523 verba
1467 5468 1588 5539 illa,
1606 5488 1625 5520 ι
1648 5468 1752 5536 Qui
1788 5473 2079 5526 manduca-

564 5541 694 5591 νει-ἂι
731 5538 867 5591 hunc
897 5554 1085 5605 partem
1120 5548 1169 5592 et
1199 5540 1387 5594 biberit
1431 5538 1652 5595 culicem
1681 5542 1895 5596 Domini
1935 5545 2080 5598 indi-

564 5625 683 5730 gnle,
721 5624 837 5663 rem
868 5608 970 5663 erit
1000 5610 1237 5678 corporis
1291 5621 1342 5666 et
1377 5614 1653 5682 sanguinis
1703 5614 1938 5682 Domini,
1976 5634 1995 5668 ι
2027 5623 2079 5672 et

564 5693 789 5748 reiqua.

2201 573 2323 628 ϐεια
2352 574 2461 628 τῶν
2496 574 2810 629 σπουδαίων
2853 575 3034 647 ἔργων
3074 578 3169 630 καὶ
3214 577 3661 649 κατορθωμάτων
3707 578 3801 634 τὸν
3852 624 3859 629 .

2199 666 2361 737 ὀρθὸν
2399 665 2748 722 συλλαϐοῦσα
2776 666 2935 736 λόγον
2965 668 3066 740 τὴν
3099 669 3190 723 διά
3233 669 3497 742 καθαρῶν
3531 672 3625 725 καὶ
3657 671 3800 739 ἀμοο

2198 756 2406 811 λύντων
2430 757 2639 813 ὠδίνων
2669 759 3113 830 ἀποτικτομένην
3145 760 3241 813 καὶ
3295 759 3372 824 ὡς
3400 759 3617 833 ἀληθῶς
3647 764 3803 833 εὐγε-

2197 853 2461 924 νεστάτην
2489 851 2748 925 πληθύνει
2783 853 2969 924 γονὴν,
3004 848 3159 927 δι’ἧς
3198 854 3345 909 ἆπαν
3372 854 3725 911 ἀνακαλεῖται
3740 858 3803 913 τὸ

2198 944 2414 1013 φθάσαν
2456 943 2774 1016 ἐλάττωμα.
2811 943 2903 1015 Τῷ
2955 943 3069 998 ὄντι
3106 944 3216 1013 καὶί
3239 946 3295 1001 αἱ
3317 946 3572 1012 τοιαύτας
3606 947 3805 1013 ὠδῖνας

2197 1036 2423 1091 λύουσαι
2445 1036 2525 1107 τῷ
2540 1037 2687 1109 τόκῳ
2708 1035 2937 1100 πολλοὺς
2953 1037 3104 1102 υἱοὺς
3122 1037 3496 1093 ἐτεκνώσαντο
3517 1039 3613 1095 καὶ
3634 1040 3805 1110 θυγα-

2194 1130 2363 1201 τέρας
2387 1146 2401 1162 ’
2422 1129 2544 1184 καθ’
2567 1130 2635 1201 ἢν
2654 1128 2929 1185 υἱοθεσίαν
2945 1127 3278 1198 γινώσκεται
3321 1130 3418 1185 καὶ
3442 1132 3479 1203 ἠ
3503 1133 3697 1202 στεῖρα
3718 1131 3802 1185 τί-

2194 1240 2401 1278 κτουσα
2420 1222 2582 1290 ἐπτά,
2597 1223 2693 1278 καὶ
2713 1222 2811 1295 τὴν
2828 1222 3036 1293 πολλὴν
3057 1223 3117 1276 ἐν
3139 1222 3355 1287 τέκνοις
3384 1222 3801 1296 παρευδοκιμή-

2196 1332 2372 1371 σασα·
2393 1311 2554 1372 αὗται
2588 1315 2686 1369 καὶ
2711 1314 2795 1368 τὸο
2827 1332 2847 1367 ι
2886 1314 3231 1387 Πληθύνεσθε
3274 1313 3370 1368 καὶ
3402 1314 3727 1383 αὐξάνεσθε,
3772 1333 3793 1368 ι

2197 1407 2669 1481 θεοπρὲπεστερόν
2689 1423 2749 1462 τε
2768 1407 2861 1462 καὶ
2879 1406 3208 1479 οίκειότερον
3226 1409 3305 1471 εἰς
3328 1407 3528 1471 ἐιυτάς
3548 1409 3797 1478 μεταφὲ-

2197 1518 2293 1573 ρου
2302 1516 2413 1566 σαι,
2427 1499 2527 1572 τὴν
2539 1501 2606 1552 Δε
2614 1498 2878 1567 σποτικὴν
2890 1498 2948 1552 ἐν
2961 1492 3441 1576 ἐαυταῖςοδεικνύου
3450 1515 3533 1553 σιν
3545 1499 3798 1569 εὐθηνου-

2200 1593 2370 1665 μένην
2384 1592 2636 1661 εὐλογίαν
2650 1608 2663 1622 ’
2684 1592 2718 1664 ἡ
2735 1591 2956 1664 τοιαύτη
2972 1590 3286 1661 τεκνογονία
3297 1591 3398 1644 οὐκ
3418 1591 3498 1654 είς
3516 1591 3684 1660 μόνας
3698 1592 3802 1656 τὰς

2196 1684 2258 1752 ἐξ
2289 1686 2509 1757 ὁμιλίας
2541 1684 2734 1759 ἀνδρὸς
2766 1684 3124 1749 παιδοποιοὺς
3166 1685 3434 1754 γυναῖκας
3468 1685 3801 1756 περιγράφει

2186 1779 2301 1850 τῆς
2331 1779 2553 1849 ἀπάτης
2600 1779 2702 1850 τὴν
2742 1778 3013 1844 διάλυσιν,
3066 1776 3203 1832 ἀλλά
3240 1777 3336 1830 καὶ
3370 1778 3453 1840 είς
3501 1778 3601 1840 τάς
3633 1777 3801 1841 ἄλλας

2198 1870 2307 1924 τῶν
2326 1870 2607 1941 γυναικῶν
2637 1869 2733 1925 καὶ
2775 1870 3014 1943 μάλιστα
3042 1869 3142 1934 τὰς
3196 1868 3501 1941 παρθένους
3546 1868 3799 1923 διαϐιϐά-

2198 1960 2281 2028 ζει
2310 1961 2405 2017 τοῦ
2466 1962 2787 2035 σφάλματος
2838 1964 2940 2035 τὴν
2991 1962 3320 2035 διόρθωσιν⁹
3356 1960 3625 2026 σώζονται
3686 1959 3800 2033 γὰρ

2196 2057 2331 2109 πᾶσι
2384 2056 2508 2110 καθ’
2538 2049 2613 2110 ὧν
2642 2056 2704 2110 τὸ
2758 2057 3092 2127 προγονικδν
3153 2056 3450 2127 ἐλάττωμα
3498 2054 3799 2125 ἐπενέμετο

2193 2146 2282 2199 διά
2313 2147 2417 2217 τῆς
2439 2146 2699 2218 τοιαύτης
2732 2149 3104 2217 τεκνογονίας,
3129 2148 3192 2202 τὸ
3225 2147 3326 2219 τῆς
3357 2147 3575 2219 ἀπάτης
3606 2144 3797 2217 αἶσχος

2194 2240 2291 2294 καὶ
2320 2240 2486 2310 ἄχθος
2516 2240 2795 2313 λαμπροῖς
2847 2240 3082 2306 δικαίοις
3129 2240 3651 2312 ἀποσκευαζόμεναι
3700 2240 3797 2293 καὶ

2194 2332 2272 2403 τῷ
2298 2332 2485 2404 οἰκείῳ
2512 2333 2659 2404 τόκῳ
2685 2333 2789 2403 τῆς
2824 2333 3156 2403 Ἐκκλησίας
3181 2333 3251 2388 τά
3293 2333 3459 2387 τέκνα
3489 2331 3795 2402 πληθύνου-

2196 2442 2288 2479 σαι
2314 2442 2328 2457 ο
2353 2428 2448 2479 καὶ
2472 2427 2540 2497 τῇ
2575 2425 2758 2479 πίστει
2788 2426 2883 2480 καὶ
2901 2427 3093 2500 ἀγάπῃ
3116 2426 3212 2480 καὶ
3233 2425 3311 2497 τῷ
3335 2425 3422 2480 διά
3447 2427 3547 2497 τῆς
3583 2441 3796 2495 σωφρο-

2197 2519 2367 2590 σύνης
2396 2518 2659 2592 ἁγιασμῷ
2687 2519 3146 2591 λαμπρυνόμεναι
3188 2518 3283 2573 τὸν
3312 2520 3371 2571 ἐν
3395 2519 3645 2589 οὐρανοῖς
3684 2518 3797 2570 Πα-

2194 2612 2330 2684 τέρα
2369 2610 2618 2677 δοξάζειν
2644 2611 2773 2676 τοὺς
2805 2612 2887 2676 είς
2919 2612 3093 2675 αὐτὰς
3130 2612 3377 2682 ὁρῶντας
3406 2612 3499 2664 καὶ
3531 2613 3629 2681 τὴν
3661 2610 3795 2664 κα).-

2194 2703 2353 2775 λονὴν
2386 2704 2497 2759 τῶν
2530 2703 2708 2775 ἔργων
2737 2702 3192 2766 ἀνασκοποῦντας
3238 2702 3756 2774 παρασκευάζουσιν
3777 2716 3791 2730 ⁸

2196 2796 2335 2850 ἁλλά
2364 2797 2474 2866 γάρ
2511 2794 2656 2850 οὕτω
2697 2795 2798 2867 μὲν
2826 2789 2976 2850 οὗτοι
3031 2796 3092 2849 οὐ
3151 2795 3396 2865 φαύλως,
3431 2790 3610 2867 οἶμαι,
3658 2791 3797 2863 πρὸς

2196 2888 2429 2958 θεωρίαν
2470 2888 2532 2941 τὸ
2565 2888 2805 2959 γράμμα
2838 2888 3181 2952 ἀνέλκοντες.

2268 2983 2331 3034 Ui
2361 2980 2418 3035 δὲ
2445 2982 2795 3051 τεκνογονίαν
2832 2981 3126 3053 ίερώτερὸν
3167 2999 3227 3035 τε
3256 2982 3351 3036 καὶ
3389 2981 3794 3051 θεοπρεπέστε-

2199 3092 2293 3147 ρον
2323 3075 2424 3148 τὴν
2459 3076 2525 3130 ἐκ
2562 3076 2662 3146 τῆς
2703 3075 2986 3147 Παρθένου
3022 3075 3118 3129 τοῦ
3154 3076 3411 3148 Σωτῆρος
3457 3078 3616 3148 ἡμῶν
3649 3081 3794 3152 lepo-

2197 3166 2420 3236 λογοῦσι
2442 3166 2700 3239 γέννησιν
2720 3184 2733 3199 ·
2758 3168 2827 3222 δι’
2856 3162 2925 3241 ἧς
2946 3168 3294 3237 τεκνογονίας
3332 3168 3395 3221 οὐ
3444 3167 3554 3222 τῶν
3599 3186 3793 3239 γυναι-

2199 3260 2312 3314 κῶν
2343 3260 2377 3331 ἡ
2405 3258 2571 3330 φύσις
2601 3260 2764 3331 μόνον
2792 3260 3056 3330 ἐδοξάσθη
3087 3260 3184 3314 καὶ
3203 3261 3302 3331 τὴν
3329 3260 3439 3315 ἀπὸ
3459 3261 3557 3330 τῆς
3577 3263 3797 3335 ἀπάτης

2198 3350 2358 3425 ὕϐριν
2404 3351 2501 3408 καὶ
2558 3352 2910 3422 κατάγνωσιν
2966 3352 3413 3419 ἀπεσκευάσατο,
3460 3353 3649 3409 πίστιν
3701 3360 3797 3411 καὶ

2196 3444 2419 3515 ἀγάπην
2444 3448 2539 3498 καὶ
2575 3443 2874 3514 ἀγιασμὸν,
2906 3445 2966 3512 ὃς
2995 3445 3111 3498 ἐστι
3145 3444 3364 3515 καρπὸς
3382 3445 3483 3517 τῆς
3513 3449 3797 3520 σωφροσύ-

2196 3554 2293 3607 νης
2328 3538 2751 3609 μετερχόμεναι,
2786 3538 2925 3591 ἀλλὰ
2980 3538 3077 3591 καὶ
3123 3539 3184 3592 τὸ
3221 3538 3380 3608 γένος
3405 3539 3545 3601 ,ὅλον
3570 3541 3794 3606 οἰκείοις

2196 3628 2292 3680 καὶ
2332 3629 2603 3695 ἑκουσίοις
2652 3629 2748 3683 τοῦ
2793 3630 3088 3713 ’τεχθέντος
3140 3632 3465 3704 παθήμασιν
3512 3633 3791 3707 ἀνεκλήθη

2193 3719 2289 3773 τοῦ
2318 3719 2613 3791 πτώματος
2638 3723 2733 3776 καὶ
2779 3722 2962 3794 πολλῷ
2996 3723 3281 3797 θειοτέρας
3309 3725 3344 3798 ἢ
3376 3725 3485 3798 πρὸ
3527 3725 3623 3781 τοῦ
3657 3744 3793 3783 κατ-

2192 3813 2483 3885 ενεχθῆναι
2532 3813 2741 3885 λήξεως
2782 3816 3103 3890 κατηξιώθη
3151 3817 3246 3872 καὶ
3283 3818 3663 3885 ἀπολαύσεως.
3693 3821 3793 3876 Θέ-

2192 3904 2309 3970 λεις
2360 3905 2417 3959 δὲ
2477 3907 2683 3978 μᾶλλον
2744 3908 3095 3981 καταμαθεῖν
3149 3911 3300 3975 ὅπως
3354 3911 3455 3982 τῆς
3504 3913 3731 3986 ἀπάτης
3756 3915 3791 3987 ἠ

2190 3998 2331 4071 γυνὴ
2354 3999 2445 4053 διὰ
2468 4000 2569 4071 τῆς
2610 4000 2913 4074 εἰρημένης
2960 4003 3310 4074 τεκνογονίας
3357 4004 3457 4074 τὴν
3499 4005 3659 4077 δίκην
3709 4006 3790 4060 δι-

2191 4091 2383 4162 έφυγε,
2428 4093 2525 4147 καὶ
2568 4093 2631 4149 τὺ
2658 4095 2831 4166 δῶρον
2876 4094 3036 4151 ἐλαϐεν
3087 4095 3191 4167 τῆς
3227 4096 3479 4167 ἀφέσεως
3508 4115 3522 4166 ;
3554 4099 3621 4152 Al
3659 4099 3790 4169 πρὶν

2192 4185 2614 4255 μαλακισθεῖσαι
2673 4186 2813 4257 πρὸς
2864 4189 2967 4258 τὴν
3015 4187 3112 4242 τοῦ
3164 4187 3345 4258 δφεως
3403 4189 3659 4259 γλῶσσαν
3697 4190 3790 4262 ψι-

2190 4277 2525 4347 θυρίζουσαν
2579 4280 2682 4348 τῆς
2761 4280 2914 4351 ἱερᾶς
2984 4282 3193 4353 ταύτης
3283 4283 3379 4336 καὶ
3448 4285 3644 4353 καινῆς
3712 4285 3789 4349 ὡς

2187 4369 2405 4441 ἀληθῶς
2454 4370 2562 4425 ὑπὸ
2609 4371 2702 4425 τὸν
2736 4372 2892 4442 ἥλιον
2958 4374 3310 4441 τεκνογονίας
3366 4375 3785 4447 προελθούσης,

3456 4470 3786 4543 ρητορειιού⁴

3078 4561 3277 4615 ποινῶν
3334 4562 3396 4615 οὐ
3450 4562 3614 4633 μόνον
3658 4564 3785 4619 ἰδεῖν

2188 4646 2298 4701 οὐδ’
2333 4650 2416 4712 εἰς
2444 4651 2645 4719 πεῖραν
2677 4650 2877 4718 ἐλθεῖν,
2909 4651 3046 4706 άλλὰ
3074 4655 3171 4707 καὶ
3196 4656 3374 4708 εἰπεῖν
3401 4656 3782 4725 φρικωδεστά-

2188 4756 2321 4807 των,
2380 4744 2959 4815 κατευμεγεθήσασαι,
3008 4747 3067 4799 ἐν
3127 4746 3345 4813 πολλοῖς
3389 4748 3652 4815 πολλάκις
3684 4751 3785 4807 οὐκ

2189 4832 2449 4899 ἐλάττους
2472 4834 2582 4888 τῶν
2615 4835 2829 4907 ἀνδρῶν
2868 4837 2998 4903 τοὺς
3034 4837 3235 4904 ἄθλους
3282 4845 3378 4896 καὶ
3406 4842 3532 4900 τοὺς
3562 4842 3785 4911 ἀγῶνας

2188 4924 2522 4998 διήνεγκανο
2553 4929 2650 4982 καὶ
2673 4930 2735 4983 οὐ
2766 4931 3049 5000 γυναικῶν
3078 4932 3241 5004 μόνον
3269 4933 3408 4989 ἀλλά
3436 4934 3532 4989 καὶ
3569 4934 3785 5006 ἀνδρῶν

2190 5016 2460 5090 ὤφθησαν
2520 5020 2620 5092 τῆς
2667 5022 2955 5088 εὐσεϐείας
2999 5024 3341 5094 διδάσκαλοι,
3366 5028 3462 5081 καὶ
3489 5028 3591 5092 τάς
3642 5028 3784 5099 ὑπὲρ

2192 5109 2433 5181 Χριστοῦ
2466 5111 2671 5184 πικρὰς
2691 5114 2967 5185 τιμωρίας
2993 5116 3091 5171 καὶ
3119 5116 3249 5182 τοὺς
3276 5118 3540 5183 θανάτους
3568 5120 3663 5172 καὶ
3684 5118 3785 5183 τὰς

2188 5206 2409 5273 σφαγὰς
2438 5207 2674 5279 γενναίῳ
2708 5208 2806 5262 καὶ
2836 5210 3255 5284 ἀκαταπλήκτῳ
3290 5213 3387 5267 καὶ
3409 5212 3783 5284 εύφραι-ιομέ-

2184 5312 2262 5367 νῳ
2298 5296 2614 5370 ὑπέστησαν
2646 5298 2725 5371 τῷ
2748 5303 3085 5373 φρονήματι.

2737 5391 3079 5447 ΕΡΩἹῊΣΙΣ
3117 5394 3239 5448 Ol".

2186 5477 2319 5544 Πῶς
2360 5479 2615 5565 νοηζέογ
2642 5480 2732 5547 τὸ,
2753 5501 2782 5565 ιι
2816 5486 2922 5550 Ὃς
2941 5484 3030 5565 ,ἂν
3056 5485 3234 5565 ἐσθίῃ
3253 5485 3395 5565 Ξὺν.
3414 5485 3597 5565 ἄρξον
3629 5485 3777 5565 Ξοῦ-

2257 5567 2384 5624 ζον,
2410 5550 2682 5624 καίῌπίνῃ
2706 5552 2783 5624 τὸΔ
2802 5556 3094 5623 ποτήριον
3118 5550 3229 5610 τοῧ
3245 5550 3468 5624 Κυρίου
3494 5556 3777 5621 ἀναξίως.

2255 5620 2469 5704 grape:
2499 5620 2799 5704 ἔσταιτοῇ
2832 5620 3109 5704 σωματος
3136 5625 3239 5681 καί
3262 5620 3370 5683 τοῦ
3398 5627 3649 5699 αἵματος
3676 5627 3780 5680 τοῦ

2254 5694 2508 5759 Κυρίου,
2546 5711 2564 5744 ι
2605 5693 2800 5748 καὶτὰ
2825 5693 2995 5763 ἑξῆς.

1334 5773 1476 5824 Edita
1499 5788 1525 5824 a
1547 5773 1689 5836 Maio,
1713 5777 1842 5829 Nov.
1868 5777 1991 5829 Coll.
2023 5785 2058 5835 ι.
2084 5784 2123 5847 l,
2148 5798 2198 5849 p.
2227 5782 2456 5832 120—12i.
2483 5784 2535 5833 in
2578 5785 2732 5836 lCor.
2771 5800 2839 5848 ιιι,
2862 5787 2941 5837 27.

568 5854 619 5908 1.
684 5852 947 5909 Dominici
1006 5857 1255 5926 corporis
1312 5861 1708 5932 sanguin'squc
1764 5867 2046 5936 sumptio,

2251 5867 2322 5924 α’.
2353 5869 2415 5920 'll
2443 5870 2745 5942 μετάληψις
2778 5871 2870 5928 τοῦ
2907 5872 3241 5929 Δεσποτικοῦ
3280 5872 3534 5946 σώματος
3568 5873 3660 5929 καὶ
3696 5872 3777 5928 αί-
