4144 6438
488 390 591 454 653

1430 398 1529 458 AD
1569 398 2166 461 AMPHILOCHIUM
2203 399 2554 474 QUIESTIO
2593 403 2806 467 LXXI.

3650 411 3753 476 ίὸί

482 517 656 572 ματος
674 501 850 573 τροφή
872 519 958 567 τις
976 502 1111 558 οὐσα
1132 504 1295 578 νοερά
1314 508 1409 562 καὶ
1426 509 1526 572 τάς
1545 508 1783 579 ψυχικὰς
1811 510 2062 581 δυνάμεις

2173 524 2297 579 quae
2330 521 2415 566 est
2464 511 2845 570 intellectualis
2875 516 3122 585 quaedam
3158 527 3326 591 atque
3365 520 3565 577 animae
3613 522 3757 576 vires

480 592 929 664 ἀναρωννύουσα,
960 593 1082 648 ἐπεὶ
1113 595 1193 666 τῷ
1229 597 1293 650 ἐκ
1320 596 1501 669 ψυχῆς
1537 600 1632 652 καὶ
1666 599 1916 671 σώματος
1944 614 2068 652 συν-

483 684 680 738 εστῶτι
739 685 1109 757 προσφέρεται
1140 685 1287 759 ζώῳ,
1332 689 1391 742 ἑν
1432 692 1719 761 σωματικῇ
1764 689 1927 761 οὐσίᾳ
1972 691 2068 744 καὶ

483 778 622 850 αὐτὴ
658 777 759 848 τὴν
789 781 1167 851 πνευματικὴν
1200 781 1361 853 χάριν
1386 784 1480 838 καὶ
1512 782 1604 837 τὸν
1631 783 1906 855 ἀγιασμὸν
1935 801 2069 854 παρα

482 872 600 943 ἔχει
621 888 637 903 ο
673 871 796 925 ὅθεν
820 871 909 925 διὰ
942 872 1035 925 τοῦ
1068 873 1336 943 στόματος
1369 875 1450 939 είς
1472 874 1599 938 τούς
1641 874 1941 947 μυστικούς
1968 874 2067 930 θα·

482 965 689 1034 λάμους
713 964 813 1035 τῆς
847 962 1065 1032 φύσεως
1106 964 1392 1037 προϊοῦσα,
1430 966 1511 1031 είς
1549 966 1670 1020 ὅλον
1704 966 1823 1037 ,μὲν
1861 965 2068 1019 οίκονο-

485 1058 690 1125 μεῖται,
719 1055 814 1108 καὶ
845 1054 967 1108 ὅλον
1001 1054 1325 1125 καθαγιάζει
1363 1056 1423 1111 τὸ
1458 1056 1619 1122 ζῶον,
1648 1054 1853 1127 μᾶλλον
1890 1053 1949 1109 δὲ
1988 1055 2069 1119 εἰς

479 1145 652 1217 αὐτὴν
683 1145 784 1217 τὴν
813 1145 993 1218 ψυχὴν
1022 1149 1117 1201 καὶ
1152 1148 1244 1201 τὸν
1276 1148 1404 1202 νοῦν
1449 1148 1551 1217 τῆς
1583 1147 1806 1219 χάριτος
1853 1142 2067 1199 καὶτοῦ

480 1238 827 1308 ἀγιάσματος
867 1238 1311 1309 ὲπιδαψιλεύεται
1340 1238 1439 1311 τὴν
1472 1239 1755 1312 ἐνέργειαν
1778 1254 1794 1269 ’
1824 1238 1930 1311 χρὴ
1954 1236 2065 1291 τοί·

477 1346 576 1383 νυν
611 1328 740 1393 τοὺς
781 1327 1076 1383 ἀπολαύειν
1105 1329 1398 1401 μέλλοντας
1420 1332 1521 1402 τῆς
1554 1332 1706 1403 ίερᾶς
1734 1329 1937 1402 ταύτης
1970 1329 2068 1384 καὶ

479 1421 674 1493 νοερᾶς
718 1423 945 1493 τροφῆς,
985 1422 1062 1494 μὴ
1101 1424 1317 1492 ἀγνοεῖν
1352 1422 1438 1487 τίς
1464 1425 1613 1478 ἐστιν
1658 1422 1949 1496 ήδύναμις
1973 1423 2069 1478 αύο

480 1516 601 1586 τῆς,
644 1514 741 1568 καὶ
782 1517 863 1580 τίς
910 1517 948 1587 ἡ
999 1517 1181 1571 πάντα
1213 1516 1339 1571 νοῦν
1380 1517 1731 1590 ὑπερέχουσα
1780 1518 1850 1573 δι’
1896 1519 2070 1593 αὐτὴν

480 1605 832 1677 παρεχομένη
858 1605 1147 1676 εὐεργεσία
1169 1606 1260 1659 καὶ
1281 1606 1492 1680 δωρεάο
1519 1603 1630 1661 οἷον
1650 1608 1726 1673 ὡς
1743 1607 2069 1681 προαιώνιος

477 1696 673 1766 Λόγος,
701 1700 731 1751 6
757 1698 815 1752 ὲν
842 1698 983 1770 ἀρχῇ
1006 1696 1102 1763 ὢν,
1136 1698 1229 1752 καὶ
1257 1701 1394 1771 πρὸς
1421 1700 1509 1753 τὸν
1538 1702 1669 1756 Θεὸν
1690 1702 1786 1769 ὣν,
1818 1703 1912 1759 καὶ
1938 1705 2070 1770 Θεὸς

477 1787 555 1842 ὢν
578 1805 593 1820 ο
626 1781 783 1854 οὗτος
812 1791 841 1843 6
869 1792 969 1861 τῆς
998 1791 1215 1860 φύσεως
1232 1793 1392 1863 ἡμῶν
1419 1794 1750 1867 δημιουργὸς
1777 1799 1842 1852 ἐκ
1864 1799 2069 1871 παρθε-

480 1880 648 1936 νικῶν
674 1882 926 1954 αἱμάτων
957 1884 1136 1956 σάρκα
1169 1884 1582 1958 δανεισάμενος,
1613 1888 1643 1941 6
1674 1888 1919 1945 πλουτῶν
1951 1891 2067 1946 θεό-
2097 1874 2140 1929 Β

477 1992 638 2046 τητα,
665 1975 951 2049 ἄνθρωπος
978 1977 1284 2048 κατηξίωσε
1314 1980 1651 2050 χρηματίσαι
1678 1981 1745 2037 δι’
1768 1984 1942 2055 ἡμᾶς,
1972 1984 2066 2039 καὶ

478 2068 795 2139 ἐσκήνωσεν
824 2069 883 2122 ὲν
916 2070 1047 2141 ἡμῖν
1067 2083 1082 2098 ⁸
1119 2071 1215 2124 καὶ
1242 2072 1271 2124 6
1301 2072 1561 2143 ὑπάρχων
1596 2074 1655 2127 ὲν
1685 2078 1868 2148 μορφῇ
1902 2075 2062 2143 Θεοῦ,

480 2161 697 2233 μορφήν
729 2160 958 2216 ἀνέλαϐε
991 2162 1201 2230 δούλου,
1223 2164 1495 2237 ἑκατέρας
1524 2165 1740 2236 φύσεως
1763 2168 1887 2232 τούς
1904 2168 2065 2239 ὅρους

476 2254 540 2307 ὲν
582 2256 648 2325 τῇ
693 2256 859 2310 αὐτοῦ
895 2256 997 2330 μία
1023 2259 1320 2317 ὑποστάσει
1348 2250 1689 2335 ἀσυγχύτους
1721 2266 1815 2320 καὶ
1854 2267 2061 2339 ἀχωρί-

476 2365 639 2413 στους
682 2348 1129 2422 διασωσάμενος·
1198 2354 1467 2409 ἐκένωσεν
1516 2356 1609 2411 οῦν
1669 2356 1862 2413 ἑαυτὸν
1920 2360 2062 2431 ὑπὲρ

475 2440 636 2512 ἡμῶν
698 2440 1012 2507 ἀκενώτως,
1062 2445 1158 2499 κει)⁸
1202 2446 1446 2515 γεγονὼς
1504 2448 1690 2520 ὅμοιος
1737 2451 1870 2522 ἡμῖν
1924 2452 2062 2506 κατά

476 2533 659 2587 πάντα
703 2534 877 2604 χωρὶς
928 2535 1223 2606 ἁμαρτίας,
1255 2540 1358 2592 οὐκ
1405 2538 1712 2612 εὐεργετῶν
1753 2542 1916 2613 μόνον
1966 2545 2062 2597 καὶ

477 2620 710 2694 ἰώμενος
748 2625 846 2689 τὰς
891 2626 1178 2693 ἀσθενείας
1224 2630 1385 2701 ἡμῶν
1426 2631 1745 2701 διετέλεσεν,
1787 2635 1923 2690 ἀλλά
1968 2639 2060 2691 καὶ

478 2714 972 2787 βλασφημούμενος
1024 2720 1122 2775 καὶ
1168 2723 1651 2795 ἀχαριστούμενος,
1700 2726 1851 2782 οὐδὲν
1896 2723 2061 2802 ἦττον

473 2807 584 2861 τῶν
610 2808 754 2880 ὑπὲρ
776 2808 935 2877 λόγον
958 2812 1177 2882 δωρεῶν
1202 2814 1303 2884 τὴν
1320 2816 1581 2885 ἀφθονίαν
1600 2817 1662 2873 οὐ
1688 2818 2055 2875 συνέστελλεν·

476 2898 572 2953 καὶ
598 2896 790 2973 ὕϐρεις
825 2904 920 2957 καὶ
949 2904 1148 2975 χλεύην
1176 2906 1284 2961 ὐπὸ
1310 2909 1417 2962 τῶν
1446 2910 1924 2984 εὐεργετουμένων
1952 2915 2057 2985 ὐφ-

477 2992 793 3063 ιστάμενος,
823 2997 923 3066 τῆς
947 2996 1157 3067 ἀφάτου
1190 3000 1603 3073 φιλανθρωπίας
1629 3005 1730 3059 οὐκ
1751 3006 2019 3075 ἀφίστατο
2042 3024 2057 3040 ο

471 3084 614 3138 ἀλλά
658 3086 754 3142 καὶ
805 3088 1039 3159 σταυρὸν
1082 3091 1177 3145 καὶ
1214 3092 1443 3147 θάνατον
1474 3095 1724 3166 ἤνεγκεν,
1753 3096 1894 3152 ῶστε
1932 3100 2058 3164 τοὺς

2170 601 2424 658 reﬁciens
2476 603 2763 670 alimonia.
2798 610 3243 680 quandoquidem
3284 611 3575 679 animanti,
3609 613 3756 684 quod

2168 704 2400 761 corpore
2442 692 2738 764 animaque
2770 704 3011 764 constat,
3058 700 3362 769 prabetur;
3404 701 3609 759 idcirco
3658 717 3758 774 per

2169 799 2488 857 corpoream
2518 787 2884 845 substantiam
2911 790 3031 862 ipsa
3053 808 3273 865 quoque
3308 795 3611 866 spiritalem
3636 812 3757 867 gra-

2168 875 2300 931 tiam
2339 891 2394 933 et
2421 878 2911 936 sanetiﬁcationem
2960 882 3193 938 confert.
3241 881 3422 950 Quare
3450 900 3548 955 per
3598 900 3663 941 os
3696 886 3751 939 in

2171 968 2399 1039 mystica
2430 979 2637 1026 natura:
2666 971 2920 1028 humanae
2957 974 3241 1030 conclavia
3280 991 3591 1047 permeans,
3627 977 3754 1031 uni-

2171 1075 2390 1116 versum
2451 1061 2591 1118 bene
2649 1063 2893 1135 disponit
2950 1073 3117 1139 atque
3169 1066 3478 1123 sanctiﬁcat
3529 1069 3752 1135 animal,

2168 1153 2442 1226 praacipue
2487 1164 2668 1212 tamen
2694 1156 2893 1213 anima:
2919 1172 2986 1213 ac
3020 1158 3187 1214 menti
3226 1159 3419 1229 gratiae
3449 1159 3753 1215 sanctimo-

2170 1246 2385 1318 niaaque
2429 1246 2726 1305 liberaliter
2764 1249 2875 1305 vim
2925 1250 3257 1321 suppeditat.
3308 1248 3496 1321 Itaque
3539 1259 3756 1322 oportet

2168 1356 2287 1408 eos,
2332 1340 2428 1412 qui
2465 1341 2569 1397 hoc
2592 1342 2752 1399 sacl’o
2785 1343 3131 1415 spiritalique
3171 1344 3299 1401 cibo
3341 1343 3566 1400 fruituri
3599 1354 3751 1408 sunt.

2172 1430 2397 1489 minime
2433 1435 2649 1491 nescire
2681 1450 2935 1506 quaenam
2967 1436 3091 1507 ejus
3121 1437 3195 1493 sit
3231 1437 3425 1500 virtus.
3462 1436 3548 1492 vel
3574 1436 3754 1508 qund-

2171 1538 2295 1579 nam
2329 1524 2398 1580 ab
2420 1540 2487 1581 eo
2516 1526 2831 1583 conferatur
2860 1528 3188 1585 beneﬁcium
3231 1543 3297 1585 ac
3332 1528 3563 1595 donum,
3604 1526 3752 1599 quod

2166 1630 2303 1672 sane
2344 1616 2434 1671 vix
2478 1616 2586 1673 ulla
2631 1627 2812 1674 mente
2853 1619 3243 1690 comprehendi
3282 1628 3501 1690 potest:
3558 1633 3754 1689 nempe

2170 1709 2316 1779 quod
2344 1708 2524 1779 ipsum
2553 1710 2626 1766 sit
2655 1720 2782 1765 ante
2802 1710 3002 1767 saecula
3021 1711 3293 1767 exsistens
3321 1710 3582 1774 Verbum,
3604 1708 3752 1780 quod

2169 1810 2287 1855 erat
2312 1786 2365 1855 in
2390 1801 2682 1873 principio,
2722 1801 2869 1873 quod
2897 1803 3041 1873 apud
3068 1802 3241 1857 Deum
3275 1812 3417 1869 erat,
3451 1804 3593 1857 Deus
3613 1801 3748 1872 ipse.

2169 1890 2271 1949 llic
2317 1903 2522 1949 nostra:
2576 1904 2786 1949 natura:
2819 1905 3014 1950 auctor
3069 1894 3320 1965 virgineo
3371 1894 3441 1950 de
3483 1893 3753 1959 sanguine

2166 1997 2388 2037 carnem
2414 1982 2520 2038 sibi
2550 1985 2794 2054 adeptus,
2817 1983 2913 2055 qui
2935 1994 3055 2040 erat
3080 1983 3365 2041 divinitate
3389 1986 3561 2048 dives.
3585 1982 3753 2041 homo

2168 2074 2282 2129 ﬁeri
2342 2084 2561 2143 propter
2616 2090 2717 2130 nos
2747 2076 2940 2143 voluit,
2988 2090 3053 2130 ac
3102 2075 3391 2132 nobiscum
3438 2074 3752 2131 diversatus

2164 2175 2249 2221 est
2282 2182 2298 2221 :
2327 2175 2381 2221 et
2413 2168 2508 2237 qui
2536 2175 2656 2222 erat
2683 2168 2738 2223 in
2781 2166 2958 2224 forma
2998 2167 3117 2234 Dei,
3152 2166 3385 2224 formam
3422 2168 3565 2224 servi
3598 2183 3753 2225 rece-

2166 2258 2264 2326 pit,
2300 2256 2586 2327 utriusque
2604 2266 2816 2313 natura:
2840 2258 3105 2314 terminos
3128 2258 3184 2314 in
3210 2259 3371 2315 unica
3396 2274 3494 2315 sua
3514 2274 3751 2329 persona

2162 2347 2484 2405 inconfusus
2538 2350 3037 2421 inseparabilesque
3100 2366 3352 2408 servans.
3433 2351 3753 2408 Exinanivit

2161 2455 2293 2510 ergo
2322 2441 2441 2496 sine
2472 2442 2848 2499 exinanitione
2896 2458 2956 2499 se
2999 2444 3203 2514 ipsum,
3244 2459 3310 2500 ac
3341 2443 3538 2501 similis
3588 2444 3751 2500 nobis

2163 2545 2259 2600 per
2292 2532 2474 2586 omnia
2519 2531 2744 2589 etIectus
2780 2533 2993 2604 absque
3034 2544 3259 2604 peccato
3308 2535 3379 2601 ",
3411 2550 3522 2590 non
3566 2534 3749 2591 solum

2167 2625 2308 2678 bene
2332 2622 2460 2679 fecit
2496 2624 2798 2681 inﬁrmitati
2828 2635 3035 2682 nostra!
3066 2641 3131 2682 ac
3169 2627 3472 2684 medicatus
3499 2635 3627 2695 est;
3657 2640 3754 2683 ve-

2165 2736 2285 2773 rum
2319 2719 2420 2775 etsi
2463 2718 2822 2788 blasphemiis
2852 2719 3145 2789 appetitus,
3178 2729 3345 2789 atque
3381 2720 3628 2790 ingratos
3654 2735 3753 2775 ex-

2162 2821 2354 2881 pertus
2379 2809 2652 2872 homines.
2681 2809 3046 2865 nihilominus
3080 2810 3536 2865 inenarrabilium
3575 2812 3752 2866 dono-

2163 2919 2284 2957 rum
2322 2901 2654 2958 afﬂuentiam
2704 2917 2815 2956 non
2869 2904 3259 2973 compescuit:
3304 2902 3647 2974 injuriasque
3695 2912 3751 2958 ct

2160 2996 2406 3051 convicia
2443 2996 2510 3049 ab
2536 2995 2603 3051 iis
2629 2996 2721 3066 qni
2750 2995 2873 3066 ejus
2920 2995 3204 3054 beneﬁciis
3246 2998 3331 3054 usi
3371 2998 3591 3053 fuerant
3624 3014 3753 3069 pera

2161 3099 2374 3155 pessus,
2405 3085 2474 3140 ab
2502 3084 2758 3140 ineffabili
2797 3086 3179 3141 benevolentia
3212 3103 3321 3143 non
3372 3088 3616 3156 destitit;
3649 3088 3748 3144 sed

472 3176 735 3249 ύόριστάς
776 3179 1006 3238 θανάτου
1056 3185 1149 3239 καὶ
1188 3186 1395 3259 φθορᾶς
1424 3188 1751 3256 ἀπαλλάξαι,
1788 3192 1883 3245 καὶ
1918 3193 2055 3264 πρὸς

2164 3192 2383 3233 crucem
2423 3191 2720 3245 necemque
2743 3175 2988 3245 pertulit,
3023 3184 3083 3230 ut
3114 3175 3368 3233 inimicos
3415 3193 3548 3233 suos
3572 3189 3751 3233 morte

474 3268 776 3325 ἀθανασίαν
808 3272 901 3325 καὶ
930 3274 1242 3347 ἀφθαρσίαν
1266 3277 1327 3331 τὸ
1352 3277 1544 3350 θνητὸν
1576 3281 1736 3351 ἡμῶν
1762 3283 1857 3335 καὶ
1886 3282 2058 3355 φθαρο

2164 3278 2213 3323 et
2242 3267 2597 3337 corruptione
2638 3266 2917 3334 liberaret,
2960 3275 3126 3338 atque
3174 3268 3243 3323 ad
3274 3268 3746 3325 immortalitatem

473 3361 569 3416 τὸν
589 3363 681 3418 se
708 3364 804 3434 τῆς
839 3365 976 3431 ίδίας
1007 3368 1360 3434 ἀναστάσεως
1387 3371 1736 3442 μεταπλάσαι
1766 3390 1823 3427 τε
1856 3374 1952 3429 καὶ
1973 3377 2060 3431 ἀν-

2164 3370 2213 3417 et
2241 3358 2705 3430 incorruptionem
2739 3360 2968 3416 mortale
2992 3360 3097 3416 hoc
3125 3368 3375 3416 nostrum
3398 3370 3454 3416 et
3473 3362 3749 3431 corrupti-

475 3456 825 3528 υψιὶισασθαι.

544 3639 613 3710 β’.
653 3638 873 3695 Τούτων
908 3640 966 3695 δὲ
1015 3641 1235 3697 πάντων
1267 3643 1376 3698 τῶν
1408 3644 1628 3714 ἀγαθῶν
1665 3645 1965 3717 ἀρραϐῶνά
1997 3664 2057 3699 τε

470 3733 570 3789 καὶ
613 3732 868 3804 θεμέλιον
914 3732 1013 3787 τοῦ
1054 3733 1257 3788 οἰκείου
1295 3735 1545 3807 σώματος
1577 3739 1669 3791 καὶ
1697 3740 1927 3810 αἵματος
1959 3738 2059 3811 τὴν

473 3825 782 3897 μετάληψιν
816 3826 1294 3898 προκατεϐάλλετο
1317 3842 1333 3858 ο
1381 3827 1459 3893 ὼς
1492 3828 1558 3883 ἂν
1598 3830 1803 3901 ταύτης
1832 3831 1891 3885 ἐν
1922 3848 2057 3899 μετ-

467 3918 633 3990 ουσία
670 3917 947 3989 γινόμενοι
990 3918 1091 3989 τῆς
1112 3918 1365 3991 οὐρανίου
1394 3919 1490 3973 καὶ
1521 3919 1790 3975 ἀθανάτου
1824 3921 1971 3993 ζωῆς
1999 3923 2058 3977 ὲν

467 4012 685 4074 ἑαυτοῖς
730 4009 878 4082 ἔχειν
916 4010 1267 4083 πιστεύωμεν
1315 4011 1384 4067 τά
1428 4014 1723 4085 προοίμια⁶
1755 4015 1983 4087 καὶγὰρ
2021 4016 2054 4087 ἡ

469 4103 840 4168 ὲνυπόστατος
852 4102 1083 4175 ἀλήθειά
1099 4119 1253 4177 φησι’
1275 4123 1295 4157 ι
1318 4105 1376 4159 '0
1386 4104 1617 4176 τρώγων
1644 4123 1745 4177 μου
1762 4106 1860 4177 τὴν
1878 4108 2056 4177 σάρκα

469 4198 564 4252 καὶ
598 4195 771 4250 πίνων
801 4213 905 4268 μου
941 4195 1001 4250 τὸ
1024 4191 1187 4267 αἷμα,
1213 4195 1326 4267 ἔχει
1366 4194 1510 4268 ζωὴν
1537 4195 1753 4251 αίὼνιον
1772 4213 1786 4227 υ
1825 4215 1843 4248 i
1866 4196 2054 4269 ἐπειδὴ

466 4290 533 4360 τῇ
588 4290 791 4360 μετοχῇ
842 4287 944 4358 τῆς
998 4286 1271 4359 ἀχράντου
1324 4286 1529 4359 σαρκὸς
1565 4285 1733 4341 αὐτοῦ
1776 4287 2054 4359 σύσσωμοι

464 4378 884 4446 καθιστάμενοι,
912 4377 1005 4431 καὶ
1030 4379 1128 4448 τῆς
1155 4377 1464 4449 ἀφθαρσίας
1488 4379 1581 4431 καὶ
1602 4377 1903 4443 ἀθανασίας
1925 4396 2056 4435 κατ-

467 4469 799 4540 αξιούμεθαο
834 4471 864 4524 6
906 4469 1087 4525 τοίνυν
1133 4472 1259 4533 τούς
1308 4469 1605 4540 λογισμοὺς
1634 4470 1799 4524 αὐτοῦ
1841 4471 2056 4535 τούτοις

2164 3451 2275 3506 bile
2295 3466 2498 3521 corpus
2525 3465 2623 3520 per
2644 3464 2802 3504 suam
2832 3451 3291 3508 resurrectionem
3317 3453 3641 3510 transferret
3664 3461 3749 3509 at-

2154 3558 2268 3615 que
2297 3544 2588 3599 attolleret.

2228 3636 2284 3691 2.
2318 3634 2437 3691 1am
2468 3650 2596 3692 vero
2627 3638 2822 3692 horum
2857 3636 3127 3693 bonorum
3173 3637 3423 3692 omnium
3478 3637 3749 3694 arrhabo-

2160 3745 2285 3787 nem
2320 3745 2386 3786 ac
2415 3729 2834 3787 fundamentum
2866 3733 3061 3787 statuit
3084 3732 3293 3803 proprii
3326 3732 3578 3802 corporis
3608 3748 3748 3788 san-

2158 3821 2456 3893 guinisque
2512 3822 2932 3893 sumptioncm:
2988 3822 3064 3878 ita
3118 3832 3177 3879 ut
3231 3823 3398 3895 bujns
3454 3823 3749 3894 participes

2156 3913 2361 3980 etl‘ecti,
2400 3914 2645 3971 caelestis
2674 3924 2841 3987 atque
2884 3915 3220 3972 immortalis
3271 3917 3397 3972 vita:
3455 3917 3597 3974 intra
3644 3930 3749 3972 nos

2158 4006 2307 4078 ipsos
2370 4006 2575 4064 habere
2635 4007 2928 4065 credamus
2988 4009 3284 4079 primitias.
3346 4009 3560 4066 Etenim
3612 4010 3749 4067 sub-

2156 4100 2431 4157 stantialis
2463 4100 2581 4171 ipsa
2601 4098 2811 4157 Veritas
2844 4100 2979 4156 dicit
3005 4117 3021 4154 :
3063 4117 3083 4152 r
3109 4099 3215 4164 Qui
3247 4100 3542 4156 manducat
3563 4115 3742 4155 meam

2157 4205 2380 4247 uirnem
2437 4200 2491 4246 et
2546 4191 2686 4245 bibit
2734 4206 2918 4248 meum
2975 4192 3325 4262 sanguinem,
3361 4191 3528 4247 habet
3576 4192 3745 4247 vitam

2156 4291 2420 4337 aeternam
2446 4282 2515 4339 ⁸³.
2542 4301 2561 4334 ι
2591 4281 2729 4337 Nam
2764 4298 2862 4354 per
2888 4284 3338 4339 communionem
3382 4282 3747 4340 immaculata:

2157 4374 2343 4429 carnis
2366 4375 2509 4429 idem
2543 4389 2669 4429 cum
2707 4390 2773 4431 eo
2825 4390 3028 4445 corpus
3074 4374 3275 4441 effecti,
3329 4375 3747 4446 incorruptione

2158 4479 2380 4534 quoque
2406 4477 2461 4519 et
2491 4464 2906 4521 immortalitate
2932 4466 3084 4537 digni
3128 4465 3417 4522 ellicimur.
3477 4465 3582 4533 Qui
3614 4482 3747 4539 ergo

466 4562 827 4634 ἀναστρέφων
870 4562 964 4616 καὶ
990 4561 1404 4635 στηριζόμενος,
1436 4563 1532 4618 καὶ
1560 4564 1652 4617 τὸν
1684 4563 1915 4619 πλοῦτον
1944 4563 2053 4618 τῶν

2164 4558 2275 4612 haec
2305 4567 2491 4613 mente
2525 4557 2756 4613 revolvit
2785 4568 2951 4629 atque
2994 4558 3202 4627 deﬁgit,
3235 4572 3299 4614 ac
3346 4558 3744 4615 beneﬁciorum

465 4653 803 4724 εὐεργεσιῶν
835 4655 1225 4726 ἐπερχόμενος,
1256 4654 1477 4710 ἐπειδὰν
1508 4655 1689 4726 μέλλει
1717 4656 1816 4727 τῆς
1851 4674 2050 4727 μυστι-

466 4748 570 4818 κῆς
590 4747 794 4820 ταύτης
816 4749 909 4802 καὶ
936 4749 1221 4820 ἀκηράτου
1246 4748 1454 4820 τροφῆς
1482 4749 1752 4821 μετέχειν,
1783 4750 1943 4821 δῆλον
1970 4752 2053 4805 ὅτι

466 4840 710 4912 καθαρὸν
738 4841 832 4896 καὶ
858 4841 1127 4912 ἀμέτοχον
1147 4841 1257 4895 τῶν
1285 4841 1538 4914 πονηρῶν
1569 4842 1823 4913 πράξεων
1847 4844 2055 4914 ὀφείλει

468 4934 913 5003 παρασκευάζειν
945 4935 1169 4990 έαυτὸνο
1214 4930 1305 4989 οἷα
1341 4934 1405 5005 δὴ
1453 4935 1666 5006 μέλλων
1708 4937 1800 4991 τὸν
1830 4936 2057 5008 βασιλέα

466 5026 686 5080 πάντων
718 5028 810 5080 καὶ
838 5028 1119 5098 Δεσπότην
1153 5029 1220 5099 τῇ
1257 5028 1533 5100 παρουσίᾳ
1552 5027 1644 5082 τοῦ
1671 5028 1922 5101 σώματος
1956 5029 2058 5083 αύ-

465 5116 561 5171 τοῦ
591 5120 651 5171 ὲν
675 5121 789 5182 τοῖς
807 5119 909 5189 τῆς
936 5119 1113 5191 ψυχῆς
1137 5119 1498 5187 ὐποδέξασθαι
1521 5118 1786 5189 θαλάμοις
1822 5137 2057 5174 συνανα-

465 5213 800 5283 κιρνάμενον
846 5214 1071 5285 ἀρρήτῳ
1102 5212 1249 5284 λόγῳ
1290 5214 1384 5266 καὶ
1414 5214 1554 5285 ὑπὲρ
1586 5213 1894 5285 κατάληψιν
1938 5214 2060 5283 φιλ-

468 5303 782 5376 ανθρωπίᾳ,
817 5304 913 5358 καὶ
939 5305 1322 5375 συμφυόμενον
1359 5303 1573 5375 σώματι
1600 5305 1679 5377 τῷ
1704 5306 1994 5378 ἡμετέρῳ·
2031 5308 2060 5360 6

2157 4652 2372 4722 copiam
2401 4652 2616 4717 recolit,
2662 4652 3104 4723 quotiescunque
3163 4652 3381 4725 mystici
3434 4652 3599 4724 hujus
3642 4654 3748 4709 illi-

2160 4744 2385 4816 batique
2410 4743 2517 4799 cibi
2550 4746 2824 4815 particeps
2847 4753 2930 4800 est
2960 4743 3201 4811 futurus,
3231 4746 3378 4800 hunc
3404 4755 3623 4801 constat
3645 4763 3746 4818 pu-

2163 4852 2285 4892 rum
2323 4851 2382 4892 se
2426 4835 2721 4907 pravisque
2748 4834 3011 4905 operibus
3051 4834 3295 4890 alienum
3327 4847 3600 4905 [praestare
3650 4838 3748 4892 dc-

2161 4930 2338 4985 bere:
2382 4928 2584 4999 quippe
2609 4927 2702 4997 qni
2745 4925 3112 4982 universalem
3168 4923 3371 4998 Regem
3429 4941 3495 4982 ac
3555 4926 3747 4983 Domi-

2161 5035 2294 5075 num
2371 5012 2608 5089 corpore
2674 5018 2793 5088 ipso
2857 5026 3180 5089 praesentem
3249 5027 3585 5087 excepturus
3638 5030 3744 5083 est,

2161 5112 2520 5170 conclavibus
2552 5113 2752 5167 animae
2777 5111 3039 5168 ineffabili
3088 5111 3303 5168 ratione
3330 5120 3387 5167 et
3434 5112 3747 5184 incompreo

2163 5206 2419 5263 hensibili
2471 5206 2763 5262 clementia
2842 5204 3109 5271 infusum,
3172 5214 3472 5277 nostroque
3527 5207 3749 5279 corpori

2163 5299 2492 5355 immistum.
2549 5296 2672 5353 Jam
2713 5298 2809 5368 qui
2843 5312 2902 5353 se
2935 5298 3115 5369 ipsum
3147 5298 3383 5355 maculis
3408 5306 3575 5370 atque
3623 5314 3753 5370 pas-

2167 5392 2420 5449 sionibus
2471 5391 2615 5447 haud
2657 5401 2786 5446 ante
2843 5391 3184 5462 purgaverit,
3234 5407 3581 5462 quaecunque
3628 5392 3750 5446 ani-

2170 5500 2321 5539 mum
2356 5483 2479 5555 ejus
2502 5498 2815 5554 corpusque
2845 5482 3080 5554 impiant
3109 5498 3175 5539 ac
3222 5484 3469 5551 fmdant;
3507 5484 3599 5540 sed
3630 5499 3751 5539 sor-

2166 5576 2293 5632 dida
2350 5577 2459 5631 vita
2500 5575 2832 5647 sordidaque
2888 5588 3073 5632 mente
3128 5576 3196 5632 ad
3257 5576 3568 5649 mysticam,
3630 5593 3755 5648 qua:

2168 5670 2639 5726 immortalitatem
2710 5668 2903 5735 donat,
2961 5685 3208 5727 mensam
3265 5670 3525 5728 vescendi
3584 5686 3751 5727 catis.

2168 5763 2466 5824 accesserit
2497 5780 2513 5831 ;
2544 5763 2635 5822 hic
2659 5762 2976 5820 mcbercule
3007 5762 3197 5835 gratia:
3227 5778 3336 5821 non
3357 5763 3417 5819 ﬁt
3442 5761 3751 5835 partiarps:

468 5396 529 5449 δὲ
564 5395 643 5468 μὴ
665 5395 1160 5469 προκαθηράμενος
1190 5397 1383 5451 ἑαυτὸν
1418 5397 1529 5452 τῶν
1573 5398 1936 5469 μολυσμάτων
1965 5398 2062 5453 καὶ

469 5486 661 5543 παθῶν
699 5489 800 5543 ὅσα
830 5505 888 5542 τε
917 5489 1018 5561 τὴν
1045 5489 1224 5562 ψυχὴν
1257 5491 1350 5545 καὶ
1386 5490 1487 5544 ὃσα
1521 5490 1584 5544 τὸ
1612 5491 1773 5561 σῶμα
1801 5491 2057 5562 λυμαίνε-

467 5596 564 5634 ται
612 5582 710 5634 καὶ
743 5581 1129 5652 καταμολύνει,
1170 5580 1308 5636 ἀλλά
1338 5581 1598 5653 ρυποῦντι
1648 5582 1748 5654 μὲν
1792 5581 1914 5653 βίῳ,
1955 5584 2056 5652 ῥυ-

469 5671 667 5725 ποῦντι
703 5671 763 5725 δὲ
806 5671 1053 5744 λογισμῷ
1085 5672 1185 5741 τῆς
1233 5672 1504 5745 μυστικῆς
1543 5671 1783 5744 προσιὼν
1815 5674 1911 5728 καὶ
1947 5674 2057 5730 ἀπ⁴

472 5764 908 5835 αθανατιζούσης
935 5764 1214 5837 τραπέζης
1243 5766 1556 5836 μετασχεῖν,
1578 5758 1732 5833 (κῦτος
1756 5766 1816 5821 ού
1843 5766 2061 5839 μετέχει

549 5874 773 5938 "Hebr.
801 5898 875 5947 vs,
907 5882 993 5939 15.
1075 5881 1122 5915 ⁸³
1152 5880 1308 5937 .loan.
1337 5896 1411 5950 vi,
1440 5880 1528 5934 55.
