4144 6472
478 412 586 476 455
1637 398 1902 460 PHOTII
1939 397 2447 460 PATRIARCILE
2471 398 2580 462 cp.
3648 401 3747 464 456

482 540 661 597 neque
703 521 851 578 enim
894 529 1055 591 putre
1085 531 1183 573 vas
1243 520 1586 584 unguentum
1639 511 1926 567 continere
1973 524 2118 580 po-j

2113 511 2151 570 Λ
2178 510 2279 581 μὲν
2296 511 2398 582 τῆς
2417 511 2661 581 χάριτοςο
2690 507 2813 564 οὐδὲ
2833 510 2942 580 γὰρ
2971 511 3182 582 σαπρὸν
3199 511 3406 583 δοχεῖον
3431 513 3607 584 μύρον
3627 517 3749 572 ὕπο.

477 626 587 675 test
616 634 630 684 ;
663 628 838 685 neque
869 609 1167 681 margarita
1196 605 1548 675 sterquilinio
1594 601 2055 660 commendatur:

2159 601 2415 666 δέᾇισθαι
2454 600 2712 654 δύναται⁶
2747 600 2871 654 οὐδὲ
2915 601 3261 674 μαργαρίτης
3296 603 3541 676 βορϐόρῳ
3571 624 3741 662 κακα-

478 720 593 766 tum
623 708 754 779 quia
785 704 952 760 violat
980 717 1045 759 ac
1072 701 1399 757 dehonestat
1435 711 1549 752 rem
1595 709 1705 750 non
1740 694 1904 750 modo
1925 708 2060 748 con-

2162 694 2512 750 πιστεύεται·
2553 694 2670 748 ἀλλ’
2703 693 2942 764 ὑϐρίζων
2979 696 3077 749 καὶ
3109 695 3395 766 ἀτιμάζων
3449 699 3512 752 τὸ
3556 703 3735 770 κρεῖτ-

477 801 704 856 tumelia
752 796 1056 868 indignam,
1102 792 1198 849 sed
1260 791 1352 848 cui
1404 805 1504 861 par
1573 790 1752 844 honor
1805 785 2057 842 adhiberi

2159 803 2254 840 τον
2274 785 2337 840 οὐ
2362 786 2524 856 μόνον
2548 784 2757 856 ὖϐρεως
2777 784 2918 839 ἀλλά
2939 785 3036 839 καὶ
3061 781 3418 859 τιμῆς,οὖτος
3440 790 3741 862 ἀπαραιτή-

477 893 662 948 nullus
701 897 910 961 potest,
947 887 996 943 is
1028 885 1231 942 summi
1267 882 1493 939 sceleris
1523 880 1882 950 semetipsum
1902 893 2058 934 reum

2158 895 2255 932 του
2283 879 2555 950 κρίματος
2579 878 2772 932 ἑαυτὸν
2803 879 3051 950 ἀπέφηνε
3079 881 3330 952 μέτοχον·
3365 881 3614 953 ἐξύϐρισε
3641 887 3746 957 γὰρ

476 982 785 1041 constituit.
827 979 1070 1049 lnjurius
1096 976 1242 1032 enim
1261 984 1348 1031 est
1377 975 1431 1030 in
1455 973 1801 1029 Dominicum
1835 985 2057 1042 corpus,

2159 972 2222 1025 τὸ
2247 971 2408 1042 σῶμα
2440 971 2503 1026 τὸ
2537 972 2890 1038 Δεσποτικδν,
2915 975 2994 1037 εἰς
3022 971 3051 1026 ὃ
3069 973 3179 1027 τῶν
3212 973 3483 1028 Ἰουδαίων
3512 977 3545 1047 ἠ
3577 977 3748 1048 τόλμα

478 1076 641 1132 sicuti
668 1075 930 1130 adversus
964 1070 1107 1125 idem
1140 1068 1407 1138 iniuriosa
1443 1067 1546 1121 fuit
1572 1065 1702 1120 olim
1741 1063 2057 1119 Iudaeorum

2162 1063 2386 1136 σταυρῷ
2413 1063 2810 1136 προεξύϐρισεν
2837 1066 3196 1138 ἀναρτήσασα
3217 1081 3232 1096 ·
3273 1066 3354 1120 διὸ
3377 1067 3473 1121 καὶ
3494 1069 3523 1121 ὁ
3545 1070 3747 1140 πυρού-

477 1169 727 1233 audacia,
759 1181 790 1222 a
820 1180 929 1236 qua
955 1163 1109 1221 cruci
1149 1161 1405 1218 suliixum
1452 1158 1577 1215 fuit.
1609 1158 1980 1226 Quamobrem
2011 1156 2058 1212 is

2165 1175 2325 1229 μενος
2373 1158 2470 1212 καὶ
2507 1157 2754 1213 ἀσθενῶν
2801 1159 2942 1230 ὑπὲρ
2995 1159 3104 1213 τῶν
3151 1159 3746 1235 σκανδαλιζομένωντῇ

475 1263 569 1334 qui
611 1259 877 1316 urebatur
905 1253 1313 1328 quodammodo
1366 1261 1421 1308 et
1475 1251 1777 1319 aegrotabat
1835 1256 2060 1319 propter

2163 1248 2348 1301 πίστει
2379 1247 2474 1301 καὶ
2509 1247 2902 1312 ἀσθενούντων,
2935 1249 2999 1303 τὸ
3034 1249 3264 1320 μέγεθος
3286 1250 3382 1304 τοῦ
3414 1253 3748 1324 ἁμαρτήμα-

475 1369 570 1410 cos
597 1352 690 1423 qui
729 1350 833 1405 llde
863 1347 1186 1402 labebantur
1209 1354 1263 1400 et
1291 1343 1612 1399 laborabant
1639 1339 1706 1408 “,
1743 1338 1876 1394 dum
1895 1337 2059 1408 hujus

2161 1357 2254 1404 τος
2287 1340 2590 1412 παριστῶν,
2619 1340 2720 1396 οὐκ
2769 1341 3016 1413 ἠρκέσθη
3067 1342 3212 1410 ἀπαξ
3255 1345 3430 1397 εἰπεῖν
3466 1344 3542 1407 ὡς
3573 1344 3751 1416 ἔνοχός

476 1445 684 1515 peccati
739 1440 1170 1513 magnitudinem
1239 1438 1625 1493 demonstrare
1681 1433 1887 1494 studet,
1943 1445 2058 1486 non

2161 1431 2309 1484 ἐστιν
2366 1432 2397 1485 ό
2457 1429 2700 1496 τοιοῦτος
2750 1431 2847 1485 τοῦ
2914 1431 3166 1502 σώματος
3222 1436 3318 1488 καὶ
3375 1433 3470 1488 τοῦ
3521 1436 3752 1505 αἵματος

479 1537 610 1592 satis
640 1533 850 1597 habuit,
881 1530 1050 1588 semel
1078 1528 1305 1593 dixisse,
1323 1527 1597 1598 ejusmodi
1627 1525 1907 1580 hominem
1930 1536 2060 1578 cor-

2159 1521 2256 1575 τοῦ
2316 1523 2546 1597 Κυρίου,
2587 1523 2724 1577 ἀλλά
2768 1524 2864 1578 καὶ
2919 1524 3172 1595 δεύτερον
3233 1526 3396 1580 πάλιν
3445 1527 3753 1598 ἐπεμαρτύ-

479 1626 626 1696 poris
677 1638 739 1680 ac
792 1621 1078 1694 sanguinis
1116 1618 1336 1675 Domini
1366 1633 1490 1674 esse
1544 1631 1743 1682 reum;
1803 1614 1898 1671 sed
1929 1627 2059 1668 mox

2163 1632 2316 1686 ρατο,
2358 1615 2435 1681 ὡς
2487 1617 2518 1670 ὁ
2564 1615 2762 1670 ἐσθίων
2809 1615 2902 1670 καὶ
2949 1617 3121 1671 πίνων
3173 1618 3407 1685 ἀναξίως
3452 1619 3546 1671 τὸν
3591 1619 3754 1688 ἄρτον

481 1731 670 1772 rursus
719 1724 952 1771 testatus
1001 1724 1129 1770 est:
1192 1712 1338 1779 «Qui
1381 1708 1678 1766 manducat
1725 1722 1922 1778 panem
1977 1704 2060 1760 bi-

2161 1708 2257 1762 καὶ
2293 1707 2356 1762 τδ
2385 1708 2645 1780 ποτήριον
2673 1705 2769 1762 τοῦ
2798 1708 3032 1779 Κυρίου,
3066 1709 3242 1781 κρίμα
3265 1709 3442 1781 ἑαυτῷ
3467 1709 3638 1764 ἐσθίει
3664 1710 3750 1764 καὶ

479 1812 665 1881 bitque
697 1809 922 1864 calicem
966 1807 1184 1861 Domini
1225 1807 1466 1876 indigne,
1500 1802 1590 1858 hic
1638 1801 1744 1858 sibi
1787 1799 2057 1870 judicium
2099 1878 2126 1881 ᾼ
2162 1803 2333 1860 πίνει.

479 1878 774 1957 manducat
803 1914 869 1954 ac
898 1898 1033 1953 bibit
1063 1897 1132 1951 ω.
1171 1916 1188 1948 ι
2095 1878 2144 1938 B

548 1993 603 2048 ‘5.
636 1992 814 2061 Atque
881 1989 935 2043 in
987 1989 1130 2043 hanc
1201 1983 1460 2040 nimirum
1532 1980 1861 2038 sententiam
1943 1979 2062 2050 ipse

2232 1987 2304 2051 γ’.
2332 1980 2444 2036 Καὶ
2497 1979 2656 2036 τοῦτό
2712 1980 2862 2036 ἐστιν
2906 1981 3046 2054 ὅπερ
3094 1981 3257 2046 αὐτὸς
3294 1983 3324 2038 ό
3366 1983 3475 2039 τῶν
3507 1983 3757 2040 ἀθεάτων

478 2100 662 2141 rerum
688 2082 1052 2139 invisibilium
1083 2088 1359 2151 spectator
1389 2084 1443 2132 et
1471 2074 1830 2131 ineﬂabilium
1868 2088 2061 2129 narra-

2164 2073 2370 2145 θεωρὸς
2421 2074 2518 2128 καὶ
2570 2073 2681 2128 τῶν
2737 2073 2992 2146 ἀρρήτων
3053 2076 3239 2148 ῥήτωρ
3292 2076 3389 2130 καὶ
3434 2077 3757 2142 διδάσκαλος

481 2187 569 2234 tor
601 2188 767 2249 atque
795 2176 1057 2246 magister
1087 2188 1240 2228 reum
1263 2186 1384 2227 esse
1400 2170 1534 2226 dicit
1562 2167 1811 2238 corporis
1843 2174 1900 2222 et
1930 2181 2061 2222 san-

2161 2166 2366 2240 ἔφησεν
2420 2167 2607 2238 ἔνοχον
2656 2161 2800 2221 εἶναι
2841 2166 2937 2222 τοῦ
2969 2165 3224 2238 σώματος
3259 2168 3480 2223 καὶτοῦ
3525 2171 3758 2243 αἵματος

479 2270 664 2341 guinis
717 2266 932 2323 Domini
982 2261 1572 2335 quicunqtte‘indigne
1627 2257 1965 2314 manducare
2006 2267 2062 2312 et

2159 2259 2256 2313 τοῦ
2288 2261 2518 2332 Κυρίου,
2549 2261 2640 2315 τὸν
2670 2262 2905 2331 ἀναξίως
2932 2263 3130 2318 ἐσθίειν
3155 2264 3286 2320 αὐτὸ
3308 2266 3401 2320 καὶ
3424 2266 3605 2322 πίνειν
3627 2267 3758 2320 ἀπο·

479 2361 668 2418 bibere
702 2360 890 2414 audet.
921 2357 1063 2424 Quid
1094 2356 1241 2411 enim
1266 2353 1289 2407 ?
1319 2353 1457 2410 Cum
1505 2361 1660 2408 vacet
1690 2365 1925 2422 purgare
1972 2364 2060 2404 me

2163 2352 2608 2422 θαρσυνόμενονο
2661 2355 2715 2407 τί
2767 2356 2899 2428 γὰρ,
2928 2356 3048 2410 ἐνὸν
3101 2355 3384 2428 καθαίρειν
3423 2359 3620 2414 ἑαυτὸν
3666 2361 3759 2414 καὶ

480 2455 659 2523 ipsum
709 2449 1066 2517 ntaculasque
1125 2443 1448 2516 poenitentia
1511 2442 1853 2512 abstergere,
1895 2448 2062 2508 atque

2163 2446 2508 2516 ἀποσμήχειν
2533 2445 2625 2500 διὰ
2657 2446 2950 2516 μετανοίας
2981 2447 3089 2500 τῶν
3115 2447 3497 2520 μολυσμάτων,
3529 2450 3673 2506 οὕτω
3700 2469 3757 2506 τε

480 2546 551 2600 ita
585 2543 653 2599 ad
688 2542 1044 2614 purissimam
1075 2553 1212 2602 rem,
1273 2536 1383 2592 imo
1410 2533 1516 2590 ad'
1539 2534 1793 2604 puritatis
1834 2531 2063 2587 aﬂluen-

2166 2537 2448 2608 προσιέναι
2473 2537 2550 2607 τῷ
2573 2539 2970 2611 καθαρωτάτῳ,
2999 2540 3200 2610 μᾶλλον
3227 2543 3282 2595 δὲ
3309 2541 3384 2613 τῷ
3407 2527 3553 2614 ὑπὲρ
3579 2547 3761 2600 πᾶσαν

480 2648 588 2692 tem
629 2636 804 2704 magis
831 2650 994 2704 quam
1040 2629 1268 2702 cogitari
1304 2637 1483 2700 potest
1526 2626 1725 2684 fontem
1764 2625 2060 2690 accedere;

2164 2626 2372 2682 ἔννοιαν
2419 2628 2720 2699 πηγάζοντι
2767 2629 3058 2701 κάθαρσιν,
3093 2631 3204 2700 ἐγὼ
3239 2633 3297 2686 δὲ
3340 2633 3498 2687 τοῦτο
3539 2636 3640 2705 μὲν
3671 2639 3761 2691 ἐπὶ

477 2744 581 2799 ego
613 2737 804 2782 contra
833 2725 981 2779 nulla
1037 2723 1091 2778 id
1130 2721 1462 2792 cegitatioue
1511 2734 1714 2774 curave
1756 2713 2062 2788 dignabor?

2163 2717 2456 2792 λογισμοὺς
2481 2721 2770 2775 ἀναλαϐεῖν
2796 2723 2888 2775 καὶ
2913 2723 3210 2792 μετελθεῖν,
3241 2725 3496 2797 οὐδεμιᾶς
3533 2728 3761 2800 γίνομαι

479 2829 646 2891 atque
669 2827 727 2874 ut
751 2833 921 2889 purus
949 2815 1323 2889 spectantibus
1367 2813 1578 2880 videar,
1617 2813 1932 2882 dignusque
1959 2811 2064 2866 hac

2165 2812 2486 2882 φροντίδοςς
2531 2811 2619 2867 ἵνα
2671 2813 2728 2867 δὲ
2778 2812 2916 2879 δόξω
2954 2814 3191 2888 καθαρὸς
3233 2811 3529 2885 εἶναιτοῖς
3570 2822 3762 2893 ὁρῶσι,

480 2917 652 2985 gratia
682 2926 736 2970 et
777 2913 856 2969 rei
887 2928 1013 2976 usu,
1043 2925 1223 2965 meam
1278 2909 1394 2979 ipse
1439 2905 1775 2962 contumelia
1828 2904 2062 2958 salutem

2165 2903 2262 2957 καὶ
2308 2903 2458 2968 ἄξιος
2511 2905 2783 2974 τοσαύτης
2823 2907 3046 2980 χάριτος
3090 2910 3186 2962 καὶ
3231 2910 3617 2979 ἀπολαύσεως,
3667 2914 3765 2983 τὴν

481 3005 735 3068 alliciant,
771 3018 948 3073 neque
976 3001 1206 3057 illudere
1233 2998 1308 3054 itli
1359 2998 1714 3054 extimescam
1747 3015 1765 3048 ι
1803 2996 1857 3050 in
1898 3008 2062 3064 quem

2167 2996 2310 3067 ἐμὴν
2341 2996 2548 3067 ύϐρίζω
2573 2999 2882 3069 σωτηρίαν;
2914 3001 3010 3055 καὶ
3039 3001 3258 3065 παίζειν
3286 3002 3346 3055 ού
3374 3003 3590 3075 φρίττω
3615 3007 3696 3069 είς
3728 3005 3762 3060 ἃ

479 3097 657 3168 angeli
692 3104 881 3167 optant
919 3094 1236 3165 prospicere
1256 3092 1340 3146 “i
1367 3110 1386 3144 ι
1430 3089 1683 3145 Profecto
1711 3090 1805 3160 qui
1832 3088 2062 3160 gloriam

2167 3086 2529 3158 ἐπιθυμοῦσιν
2553 3088 2776 3158 ἄγγελοι
2798 3090 3150 3162 παρακύψαι;
3178 3092 3346 3157 ὅντως
3375 3096 3424 3147 οί
3447 3093 3608 3161 δόξαν
3631 3095 3760 3167 παρ’

482 3188 718 3242 invicem
759 3194 1104 3255 aucupantur
1122 3185 1189 3249 ³⁷,
1226 3183 1279 3238 hi
1321 3197 1496 3253 neque
1547 3197 1668 3236 eam
1701 3197 1826 3252 quae
1873 3196 1902 3235 a
1943 3180 2062 3235 solo
2087 3231 2118 3289 ί

2123 3232 2131 3287 ⁵
2166 3179 2412 3251 ἀλλήλων
2438 3180 2832 3251 λαμϐάνοντες,
2855 3181 2981 3237 οὔτε
3012 3187 3110 3252 τὴν
3135 3185 3286 3256 παρὰ
3308 3185 3404 3240 τοῦ
3434 3188 3604 3256 μόνου
3624 3189 3759 3243 Θεο]

484 3281 594 3336 Deo
616 3289 701 3335 est
738 3279 970 3350 gloriam
1016 3285 1292 3347 quaerunt,
1321 3291 1500 3345 neque
1540 3275 1784 3346 mysterii
1846 3272 2061 3342 magui-
2090 3272 2120 3289 “

2124 3272 2131 3287 '
2165 3273 2324 3340 δόξαν
2360 3273 2636 3345 ζητοῦσιν,
2673 3275 2798 3330 οὔτε
2830 3275 2907 3347 τῷ
2937 3277 3157 3348 μεγέθει
3186 3278 3281 3332 τοῦ
3325 3281 3636 3352 μυστηρίου
3666 3300 3760 3335 πι-

479 3372 656 3428 tudini
689 3371 936 3426 credunt.
975 3368 1109 3423 Nam
1145 3369 1384 3423 clemens
1412 3365 1632 3436 quidem
1669 3374 1855 3420 noster
1897 3365 2066 3418 Crea-

2167 3365 2484 3420 στεύουσιν⁹
2609 3367 2710 3437 μὲν
2759 3369 2868 3439 γὰρ
2918 3367 3298 3442 φιλάνθρωπος
3338 3372 3499 3442 ήμῶν
3557 3375 3761 3430 πλαστ-

481 3475 565 3519 tor
593 3463 848 3534 indignos
885 3477 994 3516 non
1032 3460 1295 3515 inell‘abili
1320 3461 1578 3527 dignatus
1618 3457 1889 3513 benellcio
1925 3465 2012 3510 est
2046 3473 2060 3509 :

2163 3459 2384 3529 ουργὸς,
2427 3459 2680 3526 ἀναξίους
2721 3460 2879 3524 ὄντας
2926 3461 3036 3514 τῶν
3095 3462 3234 3534 ὑπὲρ
3278 3465 3436 3534 λόγον
3487 3467 3757 3538 ἠξίωσεν·

481 3572 584 3613 nos
615 3566 797 3611 autem
854 3563 1009 3610 tanto
1043 3567 1272 3608 munere
1324 3550 1528 3617 all'ecti,
1575 3565 1770 3620 nempe
1815 3560 1875 3603 ut
1940 3548 2062 3617 ejus

2163 3551 2326 3618 ἡμεῖς
2359 3550 2415 3603 δὲ
2448 3550 2655 3604 τούτων
2689 3551 3010 3618 ἀξιωθέντες
3047 3556 3138 3606 καὶ
3173 3554 3453 3626 σύσσωμοι
3487 3559 3586 3613 καὶ
3617 3577 3760 3630 συμ-

478 3651 727 3719 rorporis
785 3647 1080 3718 participes
1146 3647 1321 3702 simus
1380 3645 1451 3714 (si
1507 3652 1658 3699 certe
1718 3641 2064 3696 voluerimus

2167 3640 2386 3711 μέτοχοι
2421 3643 2784 3712 χρηματίζειν
2821 3643 2988 3698 αὑτοῦ
3024 3645 3115 3713 (ἂν
3144 3644 3251 3716 ἄρα
3285 3646 3616 3721 βουλώμεθα
3655 3652 3763 3722 ῥώ-

481 3741 693 3796 viribus
713 3740 951 3810 acceptis
977 3748 1031 3794 et
1065 3737 1239 3810 gratia
1264 3738 1330 3792 ad
1361 3745 1524 3792 tanta:
1545 3735 1822 3806 dignitatis
1843 3734 2061 3789 culmen

2167 3749 2276 3803 μην
2302 3734 2397 3786 καὶ
2436 3735 2596 3805 χάριν
2625 3733 2901 3800 λαϐόντες,
2934 3737 3030 3791 καὶ
3056 3738 3194 3806 πρὸς
3226 3739 3484 3793 τοσοῦτον
3515 3742 3763 3796 ἀνελθεῖν

481 3831 842 3902 ascendere),
895 3832 1001 3886 nisi
1054 3831 1202 3886 omni
1237 3829 1440 3884 studio-
1471 3836 1687 3882 nosmet
1725 3827 1829 3897 ipsi
1894 3840 2062 3896 puros

2164 3824 2474 3896 ἀξιώματος
2514 3826 2690 3898 ὕψος),
2729 3828 2778 3881 εί
2809 3828 3051 3901 μὴκατὰ
3088 3834 3267 3886 πᾶσαν
3303 3835 3547 3906 σπουδὴν
3587 3837 3763 3890 καθα-

483 3925 901 3995 praebuerimus,
951 3937 1134 3979 nonne
1163 3922 1368 3993 dttplici
1428 3921 1781 3976 damnatione
1843 3926 2063 3974 nosmet

2164 3919 2293 3990 ροὺς
2338 3920 2565 3983 ἑαυτοὺς
2616 3922 3190 3994 παρασκευασώμεθα,
3236 3925 3353 3990 πῶς
3389 3928 3514 3998 οὐχὶ
3565 3929 3763 3996 διπλῆς

480 4033 606 4072 reos
631 4032 754 4073 esse
787 4015 1186 4071 ostendemus?
1217 4031 1322 4069 uua
1374 4015 1619 4084 quidem,
1648 4013 1774 4084 quia
1837 4028 1961 4067 cum
1995 4011 2062 4066 Ii-

2162 4011 2382 4088 ὲνόχους
2445 4014 2821 4084 ἀποφαίνομεν
2874 4017 3100 4080 ἑαυτοὺς
3140 4019 3566 4089 κατακρίσεως;
3629 4024 3763 4092 μιᾶς

481 4116 630 4162 ceret
673 4115 878 4162 tantam
926 4107 1197 4163 bonorum
1255 4105 1470 4176 copiam
1532 4105 1760 4169 lucrari,
1808 4103 2060 4159 renueri-

2163 4105 2284 4175 μὲν,
2316 4105 2397 4159 ὅτι
2449 4106 2720 4178 τοσαύτην
2761 4108 2981 4177 ἀγαθῶν
3011 4110 3317 4182 ὑπερϐολὴν
3360 4111 3483 4176 ἐξὸν
3530 4116 3761 4186 κερδαί-

478 4218 624 4266 mus,
661 4211 988 4272 nosquemet
1017 4210 1166 4256 tanto
1212 4200 1584 4255 emolumento
1620 4215 1682 4255 ac
1707 4199 1882 4254 salute
1911 4197 2060 4254 frau-

2159 4211 2293 4259 νειν,
2317 4196 2682 4267 ἀπωσάμεθα,
2719 4199 2812 4251 καὶ
2841 4197 3173 4270 τηλικαύτης
3219 4201 3446 4266 ἑαυτοὺς
3485 4203 3762 4274 ὠφελείας

477 4293 812 4348 daverimus.
848 4291 1083 4361 (Quippe
1113 4293 1220 4347 hoc
1246 4292 1423 4359 ipsum
1450 4291 1660 4358 absque
1684 4291 1791 4345 alia
1806 4288 2057 4344 animad-

2159 4302 2218 4339 τε
2266 4287 2360 4340 καὶ
2399 4289 2674 4359 σωτηρίας
2719 4291 3178 4361 ἀπεστερήσαμεν
3204 4306 3220 4323 ⁶
3263 4293 3422 4346 τοῦτο
3467 4296 3583 4366 γὰρ
3629 4298 3763 4350 αὐτὸ

477 4384 748 4448 versione,
782 4385 1022 4438 maxima
1053 4383 1338 4438 damnatio
1377 4392 1482 4448 est,
1511 4384 1725 4438 dicente
1773 4382 2007 4437 Domino
2041 4399 2054 4436 :

2159 4378 2254 4431 καὶ
2279 4380 2449 4448 χωρὶς
2479 4380 2673 4450 ἐτέρας
2699 4381 3058 4453 εἰσπράξεως,
3087 4384 3316 4456 μεγίστη
3345 4391 3621 4461 καταδίκη
3643 4406 3657 4419 ·
3685 4391 3760 4454 ὡς

482 4495 502 4527 ε
540 4475 642 4540 Qui
699 4491 808 4529 nou
854 4475 1027 4528 credit
1066 4472 1248 4536 ‘Filio,
1310 4473 1422 4543 jam
1478 4473 1758 4543 judicatus
1812 4472 2050 4541 cst”;t

2157 4468 2253 4522 καὶ
2280 4471 2308 4522 ὁ
2344 4469 2549 4538 Κύριος
2578 4469 2802 4541 ἔφησεν·
2839 4491 2857 4523 ι
2883 4473 2940 4524 '0
2965 4472 3038 4543 μὴ
3065 4474 3334 4528 πιστεύων
3364 4479 3444 4541 εἰς
3474 4479 3572 4532 τὸν
3611 4481 3760 4542 Υἱὸν,

433 4583 674 4638 αιιεηιρε
735 4567 1066 4623 sententiam
1144 4567 1288 4620 intra
1355 4581 1415 4620 se
1474 4565 1634 4636 gerit.
1697 4564 2054 4630 Quamnam?

2124 4587 2132 4627 ι
2157 4561 2257 4633 ήδη
2281 4562 2551 4632 κέκριται,
2578 4581 2597 4614 ι
2627 4563 2875 4618 τουτέστι
2903 4566 3017 4636 ἔχει
3040 4568 3138 4638 τὴν
3165 4568 3485 4639 δίκηνστίνα
3513 4572 3760 4642 ταύτηνς

476 4676 671 4730 nempe
698 4661 843 4730 quod
861 4661 910 4714 ei
947 4675 1053 4713 non
1100 4657 1376 4726 credidit.)
1410 4657 1598 4711 Altera
1633 4655 1918 4711 damnatio
1947 4664 2052 4722 est,

2162 4654 2295 4707 αὐτὸ
2324 4654 2384 4707 τὸ
2421 4653 2496 4724 μὴ
2525 4654 2815 4710 πιστεῦσαι
2844 4658 2922 4722 είς
2948 4659 3139 4727 αὐτόν·
3187 4661 3378 4732 ἑτέρας
3408 4662 3491 4730 δὲ,
3530 4667 3618 4718 ὅτι
3663 4665 3760 4718 τοῦ

474 4754 622 4823 quod
651 4753 856 4806 donum
889 4751 1286 4821 spreverimtts,
1319 4750 1464 4820 quod
1502 4750 1692 4820 gratiae
1719 4749 1906 4819 injurii
1937 4747 2056 4803 fue-

2161 4746 2336 4819 δώρου
2384 4750 2892 4820 κατεφρονήσαμεν,
2945 4751 3026 4805 ὅτι
3067 4753 3167 4823 τὴν
3213 4756 3372 4825 χάριν
3419 4755 3758 4828 ὑϐρίσαμεν,

473 4846 671 4911 rimus,
706 4843 853 4916 quod
879 4843 1017 4898 bene
1055 4843 1215 4897 nobis
1243 4840 1537 4897 facientem
1572 4842 1723 4895 nullo
1749 4841 1926 4910 pretio
1953 4840 2054 4896 ha-

2125 4878 2127 4880 ς
2160 4837 2252 4892 τὸν
2281 4838 2581 4911 εὐεργέτην
2614 4840 3046 4914 ἐξουθενήσαμεν
3066 4863 3080 4877 ·
3114 4845 3188 4908 ὡς
3218 4849 3370 4917 κοινῇ
3400 4848 3665 4921 τραπέζῃ
3692 4854 3758 4920 τῇ

475 4939 798 4994 buerimus:
858 4937 988 4991 dum
1041 4935 1146 4990 hac
1176 4934 1434 4989 alimonia
1488 4932 1740 5003 mystica,
1779 4947 1902 5002 qua:
1949 4945 2054 4986 nos

2165 4934 2402 5002 μυστικῇ
2450 4935 2623 5004 τροφῇ
2658 4934 2752 4987 καὶ
2804 4935 3123 5006 συσσώμους
3163 4938 3309 5008 ἡμᾶς
3341 4940 3437 4992 τοῦ
3472 4941 3758 5012 ἀχράντου

473 5031 596 5100 puri
635 5028 759 5098 ejus
805 5029 1051 5097 corporis
1095 5025 1225 5081 facit
1262 5025 1577 5097 participes,
1615 5034 1879 5093 tanquam
1933 5023 2056 5078 vul-

2164 5023 2416 5094 σὼματος
2475 5025 2642 5078 αὐτοῦ
2687 5030 3203 5101 παρασκευαζούσῃ,
3248 5035 3758 5104 κατεχρησάμεθα·

474 5120 591 5193 gari
626 5134 814 5175 mensa
853 5118 1011 5172 abusi
1065 5133 1280 5172 sumus.
1316 5116 1458 5186 Ergo
1483 5114 1750 5185 ejusmodi
1803 5113 2054 5168 homines

2155 5115 2256 5168 οὐκ
2304 5115 2398 5168 οὖν
2459 5116 2614 5170 οὐδὲν
2663 5116 2886 5188 ἄμεινον
2942 5122 2990 5174 οί
3035 5121 3267 5175 τοιοῦτοι
3315 5123 3422 5176 τῶν
3476 5127 3761 5180 Ἰουδαίων

477 5213 621 5268 haud
645 5212 899 5267 meliores
920 5209 1125 5265 Iudaeis
1146 5218 1295 5274 sunt,
1328 5207 1423 5278 qui
1456 5207 1790 5262 horrendum
1837 5205 1971 5259 illud
2000 5212 2056 5260 et

2154 5207 2493 5279 διετέθησαν,
2515 5209 2564 5263 οἳ
2594 5209 2654 5262 τὸ
2678 5211 2906 5281 φρικτὸν
2933 5214 3110 5266 ἐκεῖνο
3133 5214 3229 5266 καὶ
3257 5215 3568 5287 ἀτόλμητον
3593 5217 3763 5288 ἔργον

475 5308 714 5360 immane
732 5304 944 5359 facinus
973 5313 1506 5374 perpetrarunt,cum
1539 5298 1810 5354 viviﬁcum
1847 5297 2053 5353 Christi

2156 5299 2486 5368 ἐτόλμησαν,
2519 5301 2580 5353 τὸ
2628 5301 2892 5365 ζωοποιὸν
2948 5303 3109 5372 σῶμα
3153 5305 3388 5376 Χριστοῦ
3437 5310 3539 5362 ἐπὶ
3593 5309 3759 5377 ξύλου

475 5412 676 5468 corpus
711 5397 861 5467 ligno
892 5394 1322 5466 suspenderunt,
1359 5392 1688 5463 spiculoque
1719 5389 2047 5460 sanguinem

2156 5391 2560 5460 κρεμάσαντες,
2591 5392 2686 5445 καὶ
2716 5395 2781 5463 τῇ
2813 5393 2981 5466 λόγχῃ
3007 5395 3101 5449 toﬁ
3137 5399 3368 5467 αἵματος
3402 5399 3764 5456 ὲκκενὼσαν-

473 5489 864 5544 exhauserunt.
911 5487 1277 5554 Quamobrem
1343 5494 1469 5556 apta
1525 5484 1800 5561 locutione
1860 5483 2050 5547 mundi

2160 5498 2251 5547 τες
2277 5499 2290 5514 ο
2335 5481 2523 5552 διόπερ
2557 5483 2794 5552 εὐλόγως
2840 5487 2868 5538 ὁ
2911 5487 3228 5553 διδάσκοι).ος
3265 5494 3364 5560 τῆς
3413 5494 3758 5566 οἰκουμέντς

473 5581 662 5636 doctor
691 5596 810 5636 reos
837 5581 937 5636 bos
962 5579 1210 5650 corporis
1237 5589 1291 5634 et
1319 5578 1602 5649 Sanguinis
1655 5576 1870 5633 Domini
1910 5592 2039 5647 pro-

2161 5571 2379 5642 ἐνόχους
2427 5566 2566 5624 εἶναι
2618 5576 2741 5636 τοὺς
2782 5575 3057 5640 τοιούτους
3097 5577 3190 5631 τοῦ
3235 5580 3492 5649 σώματος
3534 5587 3634 5639 καὶ
3666 5587 3759 5640 τιῦ

479 5675 766 5728 nuntiavit.

2161 5663 2390 5733 αἵματος
2422 5663 2516 5716 τοῦ
2548 5663 2752 5734 Κυρίου
2793 5666 3221 5739 κατεψηφίσατο.

548 5831 590 5860 εν·
623 5829 659 5882 ll
691 5816 815 5884 Cor.
848 5846 922 5894 xi,
952 5831 1041 5885 ε).
1119 5830 1204 5883 δη
1241 5829 1365 5881 Cor.
1411 5845 1484 5889 XI,
1523 5827 1611 5880 eo.
1690 5829 1732 5861 δε
1771 5825 1957 5879 chtr.
1996 5841 2029 5889 ι,
2074 5825 2155 5877 te.

1690 5829 1732 5861 ³⁵
1771 5825 1957 5879 chtr.
1996 5841 2029 5889 t,
2074 5825 2155 5877 12.
2232 5827 2275 5856 ⁵⁷
2316 5823 2472 5877 ίηιιιιι.
2513 5841 2565 5889 v,
2609 5823 2693 5876 Η.
2773 5828 2817 5856 ³⁸
2855 5825 3020 5880 .Ioatt.‘
3055 5845 3136 5892 ιιι,
3175 5829 3257 5883 i8.
