4144 6438
455 341 561 406 ιῧθ

1620 356 1885 418 ΡΗΟΤΙΙ
1924 357 2436 426 PATRIARCHAZ
2460 368 2572 430 (ΣΡ.

3619 377 3724 444 460

451 464 688 525 oportet,
721 457 814 528 qui
858 473 1060 530 aquam
1093 461 1288 532 largiri
1316 472 1521 535 potest,
1557 482 1679 538 quae
1710 485 1818 524 non
1847 485 2037 538 corpo—

2143 476 2205 528 οὐ
2242 481 2565 553 σωματικὴν
2593 482 2760 554 δίψαν
2783 484 2841 540 ἐν
2875 485 3043 556 ὀλίγῳ
3080 488 3263 561 χρόνῳ
3284 488 3548 560 πραῧνον,
3587 493 3721 548 ἀλλὰ

454 551 625 606 ralem
657 555 805 609 sitim
837 555 904 611 ad
933 556 1097 613 breve
1129 567 1348 630 tempus
1378 560 1656 631 mitigare,
1704 563 1799 618 sed
1835 563 2044 620 bibenti

456 643 659 700 [niuem
687 663 844 718 aquae
870 651 1150 720 perennh,
1191 662 1246 708 et
1282 653 1370 708 illa
1421 655 1617 710 salutis
1654 655 1880 711 ﬂumina
1914 673 2043 728 sup-

455 741 698 809 perlitare
723 743 921 808 valeat,
966 761 1090 816 qua:
1134 747 1518 804 haurientibus
1568 751 1734 806 vitam
1781 760 2041 807 :eternam

453 834 753 904 largiantur
781 846 835 891 et
865 838 1190 894 conferant?
1219 860 1237 893 ι
1273 840 1427 909 Aqua
1453 843 1621 908 enim,
1655 845 1851 913 inquit,
1876 860 2040 916 quam

453 942 555 997 ego
581 927 746 996 dabo,
776 928 903 986 fons
933 930 1035 1000 ipsi
1060 931 1152 988 ﬁet
1175 948 1353 1004 aquae,
1377 933 1432 989 in
1464 936 1629 990 vitam
1660 945 1920 992 aeternam
1949 954 2042 995 sa-

454 1020 639 1078 lientis
683 1024 750 1078 ⁶².
806 1043 826 1078 ι
862 1024 1339 1091 Quemadmodum
1391 1029 1538 1084 enim
1589 1045 1734 1100 aqua
1784 1041 1901 1086 tum
1950 1032 2041 1087 siti

455 1113 726 1181 medetur,
763 1125 881 1172 tum
918 1128 1177 1177 externas
1224 1125 1473 1194 corporis
1503 1126 1696 1182 sordes
1728 1127 1932 1192 abluit;
1967 1129 2042 1184 ita

452 1205 719 1262 doctrina:
768 1208 897 1266 Jesu
952 1211 1203 1282 ﬂumina,
1241 1217 1526 1273 intellectu
1584 1219 1826 1277 hominis
1881 1236 2042 1277 asse-

450 1299 689 1369 quenda,
735 1310 790 1357 et
844 1303 1132 1360 sublimior
1187 1307 1256 1364 de
1289 1324 1356 1364 eo
1403 1310 1676 1366 sententia
1726 1322 1842 1366 tum
1885 1312 2040 1368 sitim

453 1389 634 1447 levant
683 1408 750 1448 ex
791 1395 1174 1455 incredulitate
1221 1411 1427 1470 ortam,
1471 1419 1595 1473 qua:
1650 1404 1786 1460 alias
1815 1405 2039 1461 vitalem

453 1497 991 1559 conservantemque
1032 1489 1308 1550 facultatis
1364 1495 1706 1567 intelligendi
1751 1499 2040 1555 humorem

452 1578 728 1648 absumit;
760 1589 874 1636 tum
905 1597 1035 1639 vero
1072 1585 1310 1641 animam
1333 1603 1361 1642 a
1392 1591 1647 1647 sordibus
1676 1602 2046 1666 purgat,quas

454 1683 808 1741 peccatorum
837 1677 1133 1747 spurcities
1164 1690 1219 1734 et
1265 1682 1561 1751 impiarum
1600 1685 1927 1754 opinionum
1950 1703 2043 1742 ca-

454 1763 563 1835 ligo
593 1764 796 1820 ailevit.
829 1765 963 1823 Tam
992 1768 1173 1826 divine
1208 1769 1461 1827 Salvator
1500 1785 1689 1832 noster
1722 1779 2041 1848 reSponsio-

453 1869 578 1908 nem
615 1855 874 1913 instrmit
904 1861 969 1913 ad
1003 1860 1150 1915 illam
1196 1864 1580 1933 quaestionem,
1623 1882 1718 1936 per
1757 1884 1922 1940 quam
1949 1869 2042 1926 Ja.

453 1948 597 2004 eobo
625 1955 983 2024 praerogativa
1031 1958 1283 2028 quazdam
1317 1968 1370 2015 et
1403 1965 1716 2031 praestantia
1745 1966 2043 2038 singularis

453 2042 622 2100 tribui
646 2045 950 2101 videbatur.

524 2133 644 2190 Jam
681 2138 824 2204 vide,
865 2154 1072 2209 quzeso,
1123 2156 1289 2212 quam
1336 2145 1599 2215 praeclare
1650 2163 1776 2203 mox
1808 2150 1889 2206 vis
1921 2151 2042 2221 ejus

450 2228 707 2284 eluserit.
739 2228 948 2291 Statim,
977 2233 1123 2287 enim
1173 2234 1388 2292 feminae
1431 2239 1577 2294 illius
1625 2251 1860 2297 mentem
1917 2245 2042 2299 illu-

450 2318 1074 2394 minavit,adduxitque,
1097 2335 1156 2381 ut
1180 2328 1282 2382 fide
1307 2328 1575 2400 reciperet
1593 2336 2040 2402 promissionem.

449 2430 669 2471 omnem
714 2418 876 2474 iidem
931 2433 1308 2491 superantem,
1360 2437 1527 2499 atque
1557 2431 1720 2498 adeo,
1745 2432 2040 2490 Dominum

448 2506 753 2577 majoribus
803 2512 922 2568 suis
983 2514 1144 2585 longe
1202 2519 1467 2588 majorem
1517 2538 1640 2578 esse
1695 2537 2037 2596 agnosceret.

447 2599 652 2656 Animo
677 2603 823 2658 enim
855 2605 927 2660 ab
963 2622 1104 2677 aqua
1135 2612 1308 2679 patris
1339 2613 1424 2668 sui
1449 2613 1659 2682 Iacobii
1691 2630 1942 2686 avocato,
1972 2621 2040 2675 ad

448 2692 676 2748 alteram
703 2695 861 2750 illam
886 2713 1086 2768 aquam
1119 2716 1178 2756 se
1210 2715 1540 2761 convertens
1574 2708 1688 2763 ait:
1721 2728 1739 2761 ι
1777 2709 1852 2764 Da
1879 2712 2040 2778 mihi,

328 2817 346 2834 .
453 2787 708 2851 Domine.
749 2805 950 2859 aquam
1006 2793 1153 2849 illam
1185 2797 1252 2850 ”.
1289 2816 1307 2848 ι
1341 2798 1523 2864 Quare
1551 2817 1680 2857 vero
1718 2813 1780 2859 ιιι
1805 2806 2038 2874 patriar-

448 2879 663 2935 chalem
714 2881 864 2937 illam
902 2899 1101 2956 aquam
1140 2890 1420 2960 nrgiigis?
1451 2893 1577 2948 ideo
1621 2896 1830 2968 utique,
1867 2901 2036 2969 quod,

448 2971 596 3026 sitim
639 2973 708 3028 ad
755 2973 925 3032 breve
979 2985 1201 3049 tempus
1255 2983 1461 3050 levans,
1505 2986 1702 3042 iterum
1751 2989 1906 3045 sitire
1951 3007 2037 3046 me

441 3065 622 3134 jubet,
675 3076 734 3125 et
780 3085 977 3126 novam
1021 3076 1167 3143 parit
1212 3078 1542 3135 molestiam.
1578 3081 1657 3136 Nc
1696 3083 1929 3149 scilicet,
1960 3084 2040 3138 in-

2143 568 2449 642 δυνάμενον
2474 574 2555 645 τῷ
2592 577 2773 632 πιόντι
2801 578 2990 650 πηγὴν
3011 581 3354 650 χρηματίσαι
3383 582 3577 644 ὕδατος
3600 586 3724 640 ἀενο

2141 662 2292 729 νάου,
2340 665 2436 718 καὶ
2481 668 2748 739 παρέχειν
2781 669 2979 742 ῥεῖθρα
3024 672 3322 741 σωτηρίας.
3354 672 3389 726 ἃ
3434 690 3542 737 τοις
3589 675 3719 746 ἀρυ-

2144 755 2400 825 σαμένοις
2424 758 2749 830 καταρδεύει
2771 761 2868 815 καὶ
2893 761 3148 834 προξενεῖ
3172 764 3326 835 ζωὴν
3345 766 3445 835 τὴν
3475 767 3722 835 αίώνιονς

2148 865 2166 898 ι
2195 847 2304 901 Καὶ
2337 850 2450 920 γὰρ
2485 850 2547 903 τὸ
2579 850 2745 922 ὕδωρ,
2781 853 2970 924 φησὶν,
3001 853 3031 907 ὃ
3058 852 3169 923 ἐγὼ
3211 855 3392 922 δώσω,
3439 859 3726 928 γενήσεται

2141 939 2294 1009 αύτῷ
2339 942 2492 1016 πηγὴ
2528 941 2723 1009 ὓδατος
2769 944 3069 1016 ἁλλομένου
3115 948 3196 1010 είς
3248 947 3394 1018 ζωὴν
3440 948 3720 1004 αἰώνιον.»

2146 1031 2360 1104 Ὠσπερ
2385 1033 2444 1087 δὲ
2479 1034 2540 1088 τὸ
2571 1035 2714 1106 ὕδωρ
2738 1037 3036 1110 θεραπεύει
3069 1038 3170 1109 μὲν
3199 1039 3298 1109 τὴν
3328 1039 3508 1107 δίψαν.
3533 1041 3726 1094 καθαί-

2147 1141 2229 1193 ρει
2255 1124 2312 1178 δὲ
2341 1126 2455 1197 (77)
2486 1127 2578 1181 τὸν
2611 1127 2814 1193 ἔξωθεν
2843 1128 2940 1182 τοῦ
2978 1129 3230 1201 σώματος
3267 1130 3566 1201 μολυσμὸν,
3587 1131 3728 1186 οὕτω

2143 1219 2239 1271 καὶ
2282 1219 2351 1272 τὰ
2382 1221 2545 1292 νοερὰ
2588 1221 2683 1275 καὶ
2731 1222 3052 1294 ἀνθρώπινα
3097 1224 3198 1292 τῆς
3241 1224 3590 1288 διδασκαλίας
3635 1224 3731 1279 τοῦ

2143 1309 2321 1378 Ἰησοῦ
2352 1311 2593 1383 νάματα,
2624 1315 2721 1368 καὶ
2762 1317 2796 1384 ἡ
2827 1316 2958 1386 περὶ
2983 1315 3148 1368 αὐτοῦ
3180 1315 3433 1388 θειοτέρα
3465 1316 3731 1387 ὑπόληψις

2146 1403 2294 1456 litat
2341 1403 2442 1472 μὲν
2472 1405 2574 1477 τὴν
2618 1406 2728 1460 ἀπὸ
2771 1409 2870 1478 τῆς
2901 1407 3164 1472 ἀπιστίας
3195 1408 3382 1478 δίψαν,
3416 1408 3544 1479 ὃλην
3574 1408 3730 1463 ἐκδα-

2144 1497 2406 1553 πανῶσαν
2431 1499 2530 1570 τῆς
2561 1502 2757 1570 νοερᾶς
2796 1502 3082 1573 ἐνεργείας
3131 1503 3232 1573 τὴν
3261 1502 3500 1575 ζωτικήν
3532 1519 3594 1556 τε
3635 1501 3730 1556 καὶ

2145 1591 2472 1663 συνεκτικὴν
2501 1592 2732 1664 ίκμάδα,
2765 1593 3029 1667 καθαίρει
3052 1595 3110 1648 δέ
3141 1595 3239 1667 τὴν
3270 1595 3451 1664 ψυχὴν
3493 1593 3603 1649 τῶν
3636 1597 3731 1665 ῥυ-

2143 1685 2476 1756 πασμάτων,
2505 1687 2572 1758 ἢν
2605 1687 3026 1759 ἁμαρτημάτων
3059 1687 3465 1762 κατερῤύπωσε
3495 1687 3609 1759 (78)
3633 1703 3730 1758 μο-

2149 1777 2382 1847 λυσμὸς,
2410 1778 2507 1831 καὶ
2562 1776 2826 1849 λογισμὸς
2854 1779 3104 1849 ζοφώδης
3143 1778 3553 1834 δυσσεϐούντων
3579 1778 3734 1843 δοξα-

2150 1871 2394 1942 σμάτων.
2433 1870 2575 1924 Ἀλλ’
2614 1871 2643 1923 ὁ
2677 1871 2776 1942 μὲν
2825 1871 3015 1945 Σωτὴρ
3048 1871 3151 1942 τὴν
3181 1871 3440 1926 ἀπόδοσιν
3477 1871 3579 1942 τῆς
3606 1870 3734 1942 ἐρω-

2145 1964 2382 2036 τήσεως,
2412 1963 2482 2018 δι’
2510 1959 2580 2035 ἦς
2625 1963 2720 2018 καὶ
2759 1962 2956 2018 Ἰακὼϐ
2985 1964 3048 2017 τὸ
3073 1966 3343 2036 πρωτεῖον
3363 1963 3508 2034 ἔχειν
3538 1962 3729 2029 ἐδόκει,

2145 2056 2242 2110 καὶ
2274 2054 2699 2124 μεγαλύνεσθαι,
2735 2053 2912 2117 οὕτως
2951 2053 3252 2125 ὑπερφυῶς
3278 2053 3662 2124 ἐμεθόδευσεν.

2217 2147 2331 2202 Kal.
2363 2149 2469 2221 ὅρα.
2514 2147 2833 2219 παραυτίκα
2896 2146 2998 2218 τὴν
3033 2146 3240 2216 ταύτης
3279 2145 3564 2216 ἐνέργειαν
3631 2143 3732 2198 ἀπ-

2144 2241 2584 2313 αστράπτουσαν.
2620 2241 3008 2311 Κατεφὼτισεν
3035 2239 3196 2303 εὐθὺς
3221 2238 3322 2308 τῆς
3344 2239 3605 2307 γυναικὸς
3635 2236 3734 2307 τὴν

2143 2336 2408 2402 διάνοιαν,
2437 2335 2532 2390 καὶ
2567 2329 2715 2390 εἷλεν
2737 2333 2934 2400 ἐλθεῖν,
2969 2332 3145 2388 καίτοι
3211 2331 3518 2402 παράδοξον
3545 2325 3731 2400 οὖσαν,

2147 2432 2231 2495 εἰς
2258 2430 2450 2484 πίστιν
2478 2430 2578 2499 τῆς
2605 2427 2978 2498 ὑποσχέσεως,
3028 2425 3126 2482 καὶ
3169 2425 3374 2494 γνῶσιν
3418 2423 3732 2489 ἀναλαϐεῖν,

2143 2523 2287 2578 κατὰ
2317 2523 2455 2577 πολὺ
2493 2523 2602 2576 τῶν
2637 2522 2920 2593 προγόνων
2956 2519 3181 2592 μείζονα
3219 2515 3357 2571 εἶναι
3383 2516 3476 2570 τὸν
3504 2515 3730 2587 Κύριον.

2145 2612 2541 2669 Καταλιποῦσα
2591 2612 2700 2683 γὰρ
2748 2613 2816 2682 τῇ
2862 2609 3060 2682 γνώμῃ
3098 2608 3159 2662 τὸ
3201 2605 3349 2677 ὕδωρ
3389 2603 3485 2657 τοῦ
3531 2600 3734 2672 πατρὸς

2143 2708 2318 2779 αὐτῆς
2366 2705 2588 2772 Ἰακὼϐ,
2622 2705 2761 2776 πρὸς
2803 2703 2966 2758 τοῦτο
3010 2705 3071 2757 τὸ
3112 2700 3259 2772 ὕδωρ
3296 2697 3606 2765 ἐπείγεται,
3639 2693 3732 2749 καί

2144 2815 2332 2872 φησιν·
2375 2817 2394 2850 ι
2428 2798 2527 2862 Δός
2573 2815 2686 2869 μοι,
2732 2795 2930 2868 Κύριε,
2983 2793 3042 2848 τὸ
3075 2794 3220 2864 ὕδωρ
3248 2790 3430 2845 τοῦτο.
3455 2807 3476 2842 ι
3509 2788 3619 2843 Kal
3649 2784 3735 2839 διὰ

2140 2894 2195 2947 τί
2244 2892 2307 2946 τὸ
2356 2889 2684 2962 προγονικὸν
2730 2887 2876 2959 ὕδωρ
2923 2885 3237 2957 ὑπερορᾷςς
3276 2882 3398 2936 Ὀτι
3439 2881 3499 2933 ἐν
3545 2876 3735 2950 βραχεῖ

2142 2986 2320 3041 παῦον
2347 2985 2449 3057 τὴν
2471 2984 2654 3053 δίψαν,
2684 2981 2840 3036 οὐδὲν
2881 2979 3104 3034 ἔλαττον
3136 2976 3298 3048 διψᾷν
3324 2972 3521 3045 ἀφίησι
3549 2970 3733 3033 πάλιν,

2142 3081 2238 3136 καὶ
2281 3081 2468 3135 κόπων
2517 3077 2635 3132 ἐστί
2683 3093 2775 3148 μοι
2805 3073 3088 3146 πρόξενον.
3130 3072 3241 3126 Kal.
3279 3069 3410 3142 γὰρ,
3444 3067 3602 3138 φησὶ,
3647 3063 3734 3117 ίνα

445 3160 594 3230 quit,
620 3161 819 3218 iterum
855 3167 1061 3234 sitiam,
1101 3184 1203 3226 nec
1243 3171 1353 3228 huc
1377 3174 1590 3229 veniam
1619 3176 1906 3241 haustura,
1939 3178 2033 3234 sed

2146 3175 2222 3248 μὴ
2263 3173 2424 3244 διψῶ,
2477 3172 2612 3244 μηδέ
2669 3171 2920 3241 ἐρχωμαι
2958 3165 3195 3222 ἐνταῦθα
3236 3161 3348 3235 (79)
3390 3161 3449 3216 δὲ
3499 3157 3731 3255 ἀντλεῖν,

445 3253 662 3323 potius,
705 3265 802 3313 tuo
855 3257 1006 3317 fonte
1053 3259 1271 3330 fruens,
1326 3268 1680 3336 patriarchaii
1735 3270 1831 3326 illo
1889 3271 2039 3327 fonte

445 3362 728 3418 nunquam
753 3349 1047 3423 ind'geam.

516 3439 634 3500 Hac
690 3443 816 3499 luce
865 3456 1104 3503 mentem
1151 3450 1376 3520 perfusa
1405 3493 1419 3518 ,
1481 3468 1608 3507 cum
1656 3462 1711 3508 et
1771 3453 2040 3513 Dominus

445 3535 781 3593 mentionem
814 3538 1039 3597 fecisset
1067 3543 1340 3610 virorum,
1375 3562 1499 3600 cum
1532 3549 1740 3617 quibus
1771 3548 2039 3605 furtivum

443 3638 499 3685 et
519 3630 926 3687 clandestinum
946 3637 1342 3692 commercium
1377 3639 1666 3706 habuerat,
1697 3641 1881 3696 statim
1910 3659 2036 3698 eum

445 3724 769 3794 prophetam
806 3726 1122 3796 proiitetur,
1170 3730 1310 3784 nihil
1346 3745 1479 3786 vero
1513 3733 1841 3803 quidquam,
1889 3737 2038 3806 quod

443 3818 513 3872 ad
543 3817 714 3873 vitam
745 3821 1056 3876 naturalem
1089 3833 1384 3893 spectaret,
1420 3827 1681 3899 quodque
1714 3830 1801 3884 vel
1837 3845 2039 3900 corpus

443 3905 635 3970 aleret,
681 3907 766 3962 vel
812 3908 880 3962 ad
932 3924 1135 3981 corpus
1175 3915 1499 3984 pertineret,
1552 3920 1789 3990 requirit
1826 3939 1840 3977 :
1876 3923 2036 3989 nihil,

446 3998 701 4067 inquam,
729 3999 926 4056 horum
976 4003 1062 4058 vel
1109 4020 1465 4076 cognoscere,
1496 4011 1582 4066 vel
1613 4013 1867 4083 accipere
1917 4025 2037 4070 stu-

441 4093 566 4157 det;
612 4093 706 4149 sed
737 4103 975 4151 veterem
1005 4099 1364 4168 quaestionem
1400 4102 1597 4159 iterum
1645 4116 1852 4172 movet,
1884 4108 2038 4178 ejus-

440 4205 550 4259 que
619 4189 952 4248 solutionem
1027 4194 1363 4251 sciscitando
1427 4199 1711 4268 percipere
1779 4213 2034 4258 conatur.

448 4300 466 4332 ι
495 4280 686 4338 Patres
704 4285 904 4352 nostri,
920 4287 1117 4357 inquit,
1137 4288 1191 4342 in
1213 4298 1403 4344 monte
1422 4290 1525 4346 hoc
1539 4292 1996 4364 adoraruntM-B’,
2011 4317 2028 4348 ι

439 4382 629 4443 patres
661 4379 884 4447 quidem
925 4381 1299 4439 Abrabatnum
1328 4385 1636 4455 appellans,
1679 4405 1844 4458 quem
1877 4401 2036 4447 vetus

443 4466 592 4521 fama
631 4467 804 4524 lilium
851 4486 1017 4526 suum
1068 4473 1123 4528 in
1168 4485 1355 4532 monte
1401 4477 1498 4535 illo
1550 4481 1808 4537 sacriﬁcii
1857 4483 2035 4539 instar

441 4560 708 4616 obtulisse
766 4571 1028 4619 testatur.
1084 4585 1104 4619 ι
1135 4567 1245 4624 Vos
1283 4584 1436 4633 vero,
1485 4571 1560 4627 ita
1607 4573 1802 4644 pergit,
1852 4577 2034 4632 dicitis

443 4653 845 4726 Hierosolymis
889 4656 1074 4713 locum
1122 4675 1267 4726 esse,
1309 4661 1404 4717 ubi
1448 4664 1682 4722 adorare
1727 4683 1828 4722 nos
1872 4684 2037 4739 Opor-

444 4755 554 4802 teat
575 4749 641 4801 ⁶⁶.
676 4765 694 4798 ι
728 4747 884 4816 Duae,
917 4749 1117 4822 inquit,
1167 4764 1298 4809 sunt
1338 4754 1731 4826 adorationes;
1763 4761 1873 4817 duo
1904 4764 2036 4818 ado-

441 4837 678 4897 rationis
731 4841 835 4898 loci
876 4851 1153 4915 :uterque
1210 4847 1387 4904 altare
1432 4857 1488 4904 et
1543 4852 1806 4922 templum
1862 4855 2034 4910 cultui

445 4933 636 4990 divino
669 4951 888 4992 sacrum
922 4936 1108 4993 habet.
1145 4938 1278 4996 Uter
1320 4943 1507 5013 itaque
1545 4956 1728 5014 partes
1775 4949 2034 5004 meliores

444 5028 730 5099 sequitur?
787 5039 974 5087 utrum
1035 5032 1441 5099 Samaritanus,
1505 5052 1573 5091 an
1641 5037 1903 5097 Judaeus?
1961 5043 2033 5098 At

443 5122 890 5181 humanissimus
922 5124 1174 5182 Salvator
1213 5128 1378 5183 etiam
1425 5128 1514 5184 hic
1541 5128 1778 5200 feminae,
1812 5133 2035 5191 levioris

524 5265 567 5294 ⁶¹
640 5263 802 5320 Joan.
837 5281 911 5332 iv,
945 5266 1031 5320 Η.

2142 3268 2279 3324 ἀλλὰ
2308 3269 2409 3340 τῆς
2441 3267 2542 3336 σῆς
2571 3265 2924 3320 ἀπολαύουσα
2965 3260 3153 3332 πηγῆς
3173 3299 3190 3326 ,
3230 3257 3420 3313 οὐκέτι
3469 3253 3568 3310 τοῦ
3604 3269 3738 3326 προ-

2141 3360 2362 3432 γονικοῦ
2411 3359 2679 3431 δεήσομαι
2714 3355 2974 3429 φρέατος.

2214 3454 2404 3517 Οὕτως
2445 3453 2505 3507 δὲ
2541 3448 3024 3519 καταυγασθείσαν
3054 3443 3154 3516 τὴν
3192 3442 3455 3505 διάνοιαν,
3494 3437 3619 3492 ἐπεὶ
3639 3436 3734 3491 καὶ

2142 3547 2271 3619 περὶ
2291 3547 2398 3600 τῶν
2420 3544 2631 3615 ἀνδρῶν
2653 3539 2808 3595 εἶπεν
2831 3540 2991 3609 αὐτῇ,
3015 3530 3089 3591 ὧν
3108 3534 3395 3606 λαθραίοις
3418 3531 3515 3586 καὶ
3541 3547 3730 3601 μυστι-

2141 3639 2286 3695 κωτέ
2295 3657 2413 3712 ραις
2430 3636 2666 3708 ὁμιλίαις
2681 3635 2777 3706 τὴν
2795 3632 3080 3688 κοινωνίαν
3097 3629 3376 3726 ἠσπάζετο
3379 3622 3733 3726 ιβο),εύθέως
3758 3651 3764 3657 -

2145 3733 2245 3806 μὲν
2306 3734 2595 3803 προφήτην
2637 3729 2808 3783 αὑτὸν
2855 3723 3264 3795 ἀνακηρύττει,
3308 3720 3464 3774 οὐδὲν
3514 3718 3574 3771 δέ
3622 3718 3731 3769 τῶν

2144 3824 2416 3898 βιωτικῶν
2447 3822 2596 3895 αύτῷ
2626 3820 2900 3892 προτείνει
2924 3835 2939 3851 ο
2990 3817 3104 3870 οὐδ’
3148 3816 3250 3869 ὅσα
3289 3814 3450 3883 σῶμα
3496 3809 3731 3880 συνέχει.

2141 3919 2238 3973 καὶ
2268 3917 2397 3990 περὶ
2426 3915 2588 3987 σῶμα
2615 3913 2957 3975 συνίσταται,
3001 3909 3158 3964 οὐδὲν
3204 3906 3413 3960 τούτων
3463 3902 3591 3957 οὔτε
3621 3917 3727 3972 μα-

2140 4013 2276 4078 θεῖν,
2323 4009 2449 4064 ούτε
2493 4007 2681 4062 λαϐεῖν
2730 4005 3003 4075 ἐπιζητεῖ,
3041 4001 3177 4057 ἀλλὰ
3227 3996 3457 4094 παλαιὸν
3484 3993 3731 4094 ἀνακινεῖ

2140 4107 2391 4178 ζήτημα,
2424 4103 2520 4157 καὶ
2559 4103 2618 4155 ἐν
2665 4100 2933 4172 ἐρωτήσει
2982 4095 3189 4165 γνῶναι
3219 4094 3321 4162 τὴν
3372 4089 3534 4144 λύσιν
3563 4088 3729 4141 αὑτοῦ

2137 4177 2499 4253 διανίσταται.
2548 4213 2566 4247 ι
2597 4195 2662 4247 Οἱ
2700 4191 2938 4262 πατέρες
2969 4189 3147 4260 ἡμῶν,
3179 4185 3368 4256 φησὶν,
3414 4183 3473 4236 ἐν
3503 4180 3582 4252 τῷ
3615 4177 3731 4249 lips.

2137 4292 2314 4363 τούτῳ
2352 4287 2792 4362 προσεκύνησαν,
2816 4303 2835 4336 ι
2887 4282 3133 4354 πατέρας
3180 4279 3281 4351 μὲν
3307 4277 3436 4340 τοὺς
3478 4274 3611 4344 περὶ
3633 4269 3731 4364 ,τὸν

2149 4362 2406 4456 Ἀϐραὰμ
2435 4362 2821 4453 ὀνομάζουσαο
2857 4377 2952 4431 καὶ
2993 4375 3104 4445 γὰρ
3159 4374 3218 4426 ἐν
3264 4367 3586 4469 ἐκείνῳιτιῖῖ
3617 4362 3731 4469 ὅρὶει

2137 4454 2294 4546 λόγος
2347 4477 2573 4548 ἀρχαῖος
2619 4473 2710 4526 τὸν
2746 4469 3004 4543 Ἀϐραὰμ
3053 4465 3374 4534 ἀνενεγκεῖν
3421 4457 3591 4514 αὑτοῦ
3639 4454 3730 4548 τὸν

2063 4541 2114 4600 θ
2141 4541 2256 4625 υίδν
2289 4541 2492 4640 ἱστορεῖ
2516 4566 2652 4638 (81).
2691 4541 2859 4619 Elea;
2923 4582 2941 4615 ι
2968 4541 3082 4615 Kal.
3123 4559 3280 4626 ὑμεῖς
3306 4555 3522 4626 λέγετε,
3557 4552 3637 4605 ὅτι
3672 4547 3730 4600 ἐν

2144 4661 2546 4737 Ἰεροσολύμοις
2588 4658 2738 4713 ἐστὶν
2777 4658 2808 4711 ὁ
2846 4658 3010 4720 τόπος
3039 4653 3169 4708 ἔνθα
3200 4653 3310 4722 χρὴ
3340 4646 3723 4720 προσκυνεῖν.»

2135 4758 2262 4821 Δύο,
2304 4756 2461 4827 φησὶ,
2513 4751 2913 4824 προσκυνήσεις
2937 4764 2952 4780 ο
3007 4744 3102 4799 δύο
3133 4742 3311 4837 χωρία
3351 4741 3728 4837 τῆςΔπροσκυ-

2133 4854 2366 4924 νήσεως·
2399 4849 2661 4917 ἑκάτερον
2692 4843 2876 4914 βωμὸς
2901 4840 2994 4895 καὶ
3019 4839 3244 4909 τέμενος
3279 4831 3540 4905 λατρείας
3566 4829 3722 4924 Θεοῦ,

2135 4919 2231 5008 Τίς
2257 4941 2350 4998 οὖν
2383 4942 2444 4997 τὸ
2491 4942 2714 5012 ἄμεινον
2746 4936 3179 5007 διαπράττεται;
3213 4933 3241 4984 ὁ
3271 4925 3652 4999 Σαμαρείτης,
3690 4919 3724 4989 ἦ

2136 5043 2166 5094 ό
2188 5039 2442 5100 Ἰουδαῖος
2467 5051 2483 5102 ;
2518 5035 2579 5088 '0
2606 5033 2663 5086 δὲ
2693 5031 3077 5101 φιλάνθρωπος
3095 5023 3288 5094 Σωτὴρ
3321 5017 3602 5075 κάνταῦθα
3631 5031 3724 5067 ται

2143 5132 2459 5203 πεινοτέρου
2501 5127 2816 5200 ζητήματος
2845 5123 3002 5177 λύσιν
3029 5116 3367 5191 ἐπιζητούσῃ
3399 5117 3466 5186 τῇ
3508 5108 3726 5182 γυναικὶ

1110 5267 1157 5298 ⁸³
1187 5265 1329 5322 ibid.
1357 5266 1447 5323 l5.
1523 5269 1640 5303 “"5
1666 5269 1798 5326 ibid.
1834 5272 1925 5330 20.
2004 5276 2050 5307 ⁶⁶
2075 5275 2212 5332 ibid.
2243 5275 2328 5328 Ξί-

1956 5391 2186 5449 NOTAE-1.

509 5566 626 5636 (77)
648 5565 718 5621 Δέ
745 5567 877 5623 illud
906 5567 1086 5625 addidi
1118 5586 1184 5625 ex
1219 5571 1450 5625 Colbert.

657 5637 716 5712 1.“
739 5641 1058 5712 ἓροετεριιο
1091 5643 1253 5712 male,
1280 5639 1710 5712 κατεῤῥύποσαι.

513 5706 626 5782 (79)
658 5706 898 5764 Colliert.
931 5706 1137 5782 ἐνθάδε.
1175 5706 1544 5782 Utraque'vox
1573 5713 1790 5778 eodem,
1813 5714 1903 5782 qui
1938 5713 2027 5766 hic.

443 5777 674 5852 obtinet,
703 5792 867 5852 sensu
901 5780 1212 5852 adhibetur,
1253 5777 1348 5836 sed
1388 5781 1579 5852 ἐνθάδε
1637 5777 2019 5852 frequentius:

446 5847 593 5920 quod
622 5857 677 5902 et
703 5847 759 5903 h.
793 5848 830 5904 l.
863 5851 1066 5908 rectius
1091 5863 1244 5923 puto,
1282 5852 1463 5908 indice
1492 5851 1552 5905 δέ
1585 5852 1699 5920 illo,
1729 5847 1872 5925 quod
1901 5847 2025 5924 post

2128 5575 2369 5630 ἐνταῦθα
2402 5573 2661 5629 abundat.

2203 5642 3184 5732 ςὲίέὶ(ἐριιξςΨιεῖῗῖῗρδξῖῗετῗε,,,,,
3552 5697 3713 5732 -..ηπ

2131 5789 2146 5841 ἱ
2202 5705 2443 5802 (δίλδὶο
2473 5705 2621 5771 recte
2648 5705 2807 5769 Colb:
2841 5727 2941 5785 pro
2987 5708 3184 5774 αὐτοὺς
3237 5707 3329 5763 τὸν
3382 5705 3498 5763 υἱὸν
3551 5705 3713 5756 αὑτοῦ

2157 5805 2357 5858 στορει.
