4144 6428
395 497 537 553 πολὺ
590 492 765 566 μείζω
796 487 1102 562 παρέχεται
1140 483 1322 557 χάριν.

394 592 588 648 δάσκει
609 587 809 656 δόγμα,
849 583 971 637 ἀντὶ
989 578 1093 650 τῆς
1129 575 1417 648 φιλολόγου
1444 570 1826 646 προαιρέσεως
1847 567 1987 638 πρὸς

399 681 636 753 θεωρίαν
677 677 899 745 ἀνάγων
943 671 1255 743 φιλόσοφον.
1309 668 1449 740 Φησὶ
1477 664 1609 736 γάρ·
1650 658 1984 717 (Πίστευσὸν

405 795 519 849 μοι,
558 771 743 843 γύναι,
792 770 875 823 ὅτι
920 765 1141 839 ἔρχεται
1167 763 1311 834 ῶρα,
1351 760 1449 815 καὶ
1484 758 1580 812 νῦν
1607 759 1778 820 ἐστιν,
1826 754 1916 808 ὅτε
1945 752 1996 807 οἱ

403 845 652 940 ἀληθινοὶ
684 857 1060 933 προσκυνηταὶ
1107 854 1546 927 προσκυνήσουσι
1591 850 1670 920 τῷ
1713 846 1893 918 Πατρὶ
1937 845 1997 898 ἐν

404 939 692 1030 Πνεύματι
718 954 811 1009 καὶ
832 950 1119 1023 ἀληθείᾳ.»
1163 948 1312 1003 Ἀντί
1335 944 1456 1012 τοῦ,
1479 945 1576 1011 Σὺ,
1602 942 1759 1014 φησὶ,
1788 939 1995 1011 ζητεῖς,

404 1052 636 1121 πότερον
666 1050 701 1120 ή
741 1043 982 1101 Ἰουδαία
1006 1042 1136 1108 δόξα
1164 1041 1200 1114 ἢ
1227 1040 1329 1111 τῆς
1348 1035 1744 1109 Σαμαρείτιδος
1770 1033 1998 1105 γνώμης

403 1143 467 1198 τὺ
502 1139 835 1212 τιμιώτερον
872 1138 967 1191 καὶ
997 1134 1275 1205 θειότερον
1295 1128 1660 1201 ἀποφέρεταιο
1689 1124 1801 1195 ἐγὼ
1823 1124 1883 1178 δέ
1914 1140 1998 1179 σοι

406 1233 707 1306 μυστήριον
729 1225 1231 1300 ἀποκεκρυμμένον
1258 1219 1654 1284 ἀνακαλύπτω,
1688 1218 1773 1272 ὅτι
1812 1235 1832 1270 ι
1861 1216 1999 1287 Ἔρ-

403 1344 561 1399 χεται
588 1325 730 1398 ὥρα,
768 1322 866 1378 καὶ
894 1319 992 1375 νῦν
1027 1320 1195 1382 ἐστιν,
1227 1316 1318 1371 ὅτε
1348 1311 1476 1369 οὔτε
1508 1312 1567 1365 ἐν
1602 1309 1683 1381 τῷ
1721 1310 1841 1382 δρει
1872 1306 2001 1363 τού·-

404 1438 507 1486 τῳ,
530 1417 657 1473 οὗτε
702 1417 760 1471 ἐν
794 1409 1193 1483 Ἰεροσολύμοις
1218 1408 1631 1479 προσκυνήσετε
1659 1400 1739 1475 τῷ
1760 1399 1995 1472 Πατρί.»
2030 1430 2033 1433 7

417 1514 483 1568 Ἦ
515 1512 615 1583 μὲν
643 1510 754 1580 γὰρ
791 1507 934 1579 γυνή
980 1505 1119 1576 πρὸς
1160 1500 1482 1574 φιλοσοφίαν
1512 1500 1708 1555 θᾶττον
1738 1493 2004 1566 γυναικὸς

406 1610 519 1672 τοῖς
557 1603 654 1660 τοῦ
697 1602 952 1674 Σωτῆρος
987 1599 1198 1673 ῥήμασι
1249 1594 1608 1667 μετελθοῦσα,
1661 1591 1763 1645 ούκ
1804 1590 1888 1643 ἔτι
1934 1584 2005 1642 τὰ

409 1697 614 1768 ἑαυτῆς
647 1697 782 1759 ἴσως
836 1692 1236 1764 προτιμώμενα
1273 1688 1443 1754 δεῖξαι
1483 1685 1595 1740 τῶν
1624 1679 2005 1755 Ἰσραηλιτῶν,

409 1790 601 1858 ὥσπερ
651 1784 955 1856 καταρχὰς,
1007 1778 1367 1845 ἐσπούδαζεν,
1418 1776 1536 1832 ἀλλ’
1568 1772 1852 1830 ἐνδιδοῦσα
1906 1768 2005 1825 καὶ

412 1827 1615 1949 ξςίξξυζέῖιξνξῇξωξῆξίιςξέξῖὲέὲαῶεᾷλίᾷ
1644 1861 1844 1934 μαθεῖν
1873 1858 2005 1931 ea]-
2042 1827 2085 1883 Β

410 1985 495 2024 τει
518 1968 582 2021 τὸ
624 1966 869 2037 ἄμεινον.
894 1964 989 2018 Διὸ
1029 1961 1126 2016 καὶ
1163 1979 1181 2013 ι
1215 1960 1281 2015 Oi
1314 1958 1551 2029 πατέρες
1598 1955 1779 2027 ήμῶν,
1814 1954 2025 2024 φησὶν,-

414 2054 835 2128 προσεκύνησαν
866 2055 924 2107 ἐν
955 2052 1035 2124 τῷ
1062 2052 1180 2122 ὄρει
1212 2048 1409 2118 τούτῳ.
1458 2067 1478 2100 ι
1514 2047 1685 2101 Τοῦτο
1710 2045 1821 2118 γὰρ
1844 2039 1914 2116 ἦν
1947 2044 2009 2099 τὸ

426 2146 669 2219 μάλιστα
714 2144 828 2198 τῶν
857 2140 1218 2213 Σαμαρειτῶν
1245 2136 1485 2208 ἀνυψοῦν
1523 2136 1617 2191 καὶ
1648 2135 1864 2206 ἐξαῖρον
1894 2130 2009 2204 (82)

422 2240 523 2306 τὴν
561 2237 851 2310 ὑπόληψιν.
885 2230 988 2291 Οἷα
1018 2234 1129 2305 (83)
1162 2232 1270 2303 γὰρ
1298 2230 1566 2302 παρόντος
1599 2228 1883 2300 προφήτου
1914 2223 2013 2279 καὶ

424 2331 797 2405 ἐμπνεομένου
847 2329 927 2400 τῷ
971 2326 1254 2396 Πνεύματι
1302 2328 1413 2378 τῶν
1450 2322 1629 2385 ἄλλοις
1671 2318 1883 2389 ἀδήλων
1912 2316 2014 2388 τὴν

421 2420 729 2489 διάγνωσιν,
760 2416 905 2487 παρ’
933 2415 1161 2479 ἐκείνοις
1190 2412 1291 2483 τήν
1322 2408 1701 2483 ἀληθεστέραν
1727 2406 1887 2475 δόξαν
1907 2404 2010 2460 καὶ

422 2511 776 2581 τελειοτέραν
803 2505 1066 2580 ἐπεζήτει
1098 2504 1314 2577 μαθεῖν.

500 2801 599 2855 Διά
616 2818 700 2854 τοι
726 2797 885 2853 τοῦτο
906 2795 1003 2850 καὶ
1029 2792 1310 2867 ἀρχομένη
1338 2790 1437 2861 τῆς
1456 2787 1768 2851 ὑποθέσεως
1795 2784 1983 2854 ἔλεγεν
2002 2800 2021 2815 ο

437 2914 456 2948 ι
482 2894 677 2965 Κύριε,
702 2891 916 2962 θεωρῶ,
974 2889 1057 2943 ὅτι
1115 2887 1404 2959 προφήτης
1434 2880 1486 2937 εἷ
1514 2881 1601 2937 σύ.
1638 2900 1656 2934 ι
1704 2881 1764 2934 '0
1811 2879 1868 2933 δέ
1903 2878 2026 2948 φιλ-

432 2984 721 3055 άνθρωπος
757 2982 967 3055 Ἰησοῦς
1026 2981 1293 3053 πρότερον
1339 2976 1440 3049 μὲν
1475 2974 1711 3039 τὸτέλος
1754 2971 2025 3042 ἑκατέρας

434 3074 820 3149 προαγγέλλει,
853 3073 942 3127 ῖνα
988 3071 1063 3144 μὴ
1094 3071 1317 3142 λυπήσῃ
1363 3066 1567 3137 ταύτην
1591 3067 1649 3119 ἐν
1684 3064 1763 3134 τῷ
1796 3060 2027 3135 προκρί-

1301 371 1402 433 AD
1440 359 2038 431 AMPH-ILOCHIUM
2078 352 2428 433 QUIESTIO
2468 348 2726 411 LXXIV.

1368 479 1482 536 Καὶ
1516 478 1791 550 θειότερον
1843 474 1991 529 ἐκδι-
2020 507 2031 531 Α

2133 467 2247 523 ubii
2279 462 2610 521 solutionem
2638 454 2943 528 expetenti,
2968 453 3133 524 longe
3160 450 3429 524 majorem
3453 447 3686 519 gratiam

3572 333 3685 402 162

2094 558 2359 623 exhibet,
2418 564 2476 610 et
2526 550 2910 609 sublimiorem
2971 546 3286 604 doctrinam
3333 541 3597 607 instillat,
3651 555 3683 596 a

2095 647 2387 710 curiosiori
2435 645 2676 718 quodam
2737 640 3081 713 problemate
3142 639 3209 694 ad
3272 635 3686 692 meditationem

2098 741 2535 817 philosophicam
2560 746 2614 794 et
2648 733 3029 793 sublimiorem
3057 731 3355 787 adducens.
3379 728 3471 783 Ait
3498 728 3643 783 enim
3666 743 3689 781 :

2105 854 2124 888 ι
2154 833 2329 891 Crede
2359 830 2517 898 mihi,
2550 828 2773 893 mulier,
2805 824 2954 897 quod
2987 824 3122 878 hora
3145 822 3313 887 venit,
3346 832 3402 877 et
3428 820 3544 891 jam
3580 826 3689 885 est,

2098 941 2207 998 qua
2240 923 2352 981 veri
2398 923 2725 979 adoratores
2774 916 3088 974 adorabunt
3132 912 3351 968 Patrem
3395 911 3451 966 in
3484 908 3688 981 Spiritu

2098 1028 2155 1075 et
2190 1017 2421 1074 veritate
2436 1014 2506 1068 ⁸⁷.
2542 1032 2561 1066 ι
2597 1009 2768 1079 Quasi
2794 1008 3007 1063 diceret
3034 1021 3051 1059 :
3082 1004 3165 1059 Tu
3209 1002 3427 1073 quidem
3465 999 3689 1071 quaeris,

2100 1120 2289 1167 utrum
2345 1104 2577 1162 Judaica
2635 1117 2706 1157 an
2763 1096 3114 1155 Samaritana
3169 1093 3359 1164 opinio
3418 1091 3691 1161 potiorem

2100 1204 2286 1260 locum
2333 1199 2555 1258 habeat.
2604 1204 2661 1251 et
2700 1191 2941 1249 divinior
2963 1187 3259 1259 judicanda
3291 1184 3399 1252 sit;
3434 1197 3537 1254 ego
3564 1195 3696 1237 vero

2104 1296 2202 1353 tibi
2237 1292 2562 1367 mysterium
2598 1287 2782 1343 adhuc
2828 1281 3217 1340 absconditum
3255 1276 3464 1348 aperio,
3512 1292 3531 1326 ι
3563 1289 3697 1327 ven-

2105 1364 2538 1444 turumvscilicet
2571 1389 2808 1449 tempus,
2849 1384 2904 1431 et
2933 1372 3048 1442 jam
3087 1386 3235 1433 esse,
3264 1384 3378 1439 quo
3423 1380 3605 1436 neque
3639 1364 3697 1418 in

2105 1487 2294 1536 monte
2339 1476 2466 1541 hoc,
2514 1486 2695 1542 neque
2747 1463 3148 1537 Hierosolymis
3182 1464 3401 1519 Patrem
3444 1456 3700 1513 adorabi-

2106 1573 2179 1628 tis
2196 1570 2263 1627 “.
2298 1588 2317 1623 ι
2360 1567 2502 1623 Tum
2548 1564 2749 1620 mulier
2798 1560 2868 1616 ad
2903 1556 3343 1631 philosophicam
3384 1549 3701 1608 meditatio-
3792 1597 3798 1604 .

2106 1678 2260 1727 nem,
2300 1667 2499 1731 praeter
2534 1655 2867 1711 feminarum
2906 1664 3139 1714 morem,
3189 1644 3494 1702 Salvatoris
3525 1641 3699 1698 nostri

2111 1755 2297 1810 verbis
2346 1750 2649 1823 perducta,
2708 1761 2820 1801 non
2884 1744 3123 1815 amplius
3174 1756 3273 1797 sua
3330 1738 3531 1811 placita
3590 1736 3702 1792 illis

2115 1845 2487 1902 lsraelitarum
2514 1838 2855 1913 praeferenda
2894 1852 3039 1902 esse,
3070 1842 3131 1890 ut
3164 1842 3347 1899 antea,
3392 1828 3701 1892 contendit,

2110 1940 2205 1998 sed
2262 1936 2482 1993 Domini
2529 1933 2785 1990 doctrina
2833 1938 3093 2003 provecta
3142 1936 3198 1984 ct
3257 1925 3569 1989 emendata,
3622 1922 3703 1986 id,

2111 2031 2258 2105 quod
2294 2025 2651 2101 praestantius
2680 2033 2849 2087 esset,
2886 2019 3071 2076 doceri
3101 2016 3377 2089 cupiebat.
3408 2014 3705 2083 Propterea

2111 2103 2279 2178 etiam
2309 2116 2485 2188 inquit
2518 2134 2534 2170 :
2567 2132 2585 2165 ι
2616 2113 2808 2168 Patres
2842 2109 3018 2167 nostri
3054 2108 3112 2164 in
3146 2118 3332 2163 monte
3370 2106 3473 2159 hoc
3506 2103 3706 2157 adora-

2113 2219 2264 2267 runt.
2298 2228 2317 2262 i
2353 2207 2471 2264 lloc
2496 2207 2643 2261 enim
2672 2204 2853 2275 ipsum
2885 2209 3028 2268 erat,
3055 2199 3200 2270 quod
3228 2194 3709 2252 Samaritanorum

2115 2304 2183 2360 de
2233 2302 2401 2358 rebus
2452 2299 2570 2355 suis
2619 2296 2938 2367 opinionem
2983 2291 3283 2349 extollebat
3341 2284 3596 2358 inprimis
3654 2290 3711 2337 et

2115 2393 2509 2467 ampliﬁcabat.
2533 2390 2670 2447 Cum
2687 2390 2873 2460 itaque
2891 2392 3212 2458 prmsentem
3231 2381 3456 2437 haberet
3477 2374 3713 2445 prophe-

2120 2502 2257 2554 tam,
2299 2487 2393 2558 qui
2426 2483 2669 2556 Spiritus
2694 2479 2864 2535 divini
2905 2476 3171 2546 auspiciis
3205 2488 3295 2529 res
3326 2470 3453 2527 aliis
3486 2469 3711 2540 ignotas

2120 2579 2370 2651 cognitas
2406 2575 2667 2640 habebat,
2716 2572 2788 2627 ab
2844 2570 2939 2624 illo
2981 2567 3255 2623 veriorem
3307 2572 3363 2619 et
3426 2560 3713 2617 meliorem

2121 2672 2451 2733 sententiam
2482 2669 2697 2725 discere
2727 2664 3003 2722 studebat.

2194 2766 2519 2838 Propterea,
2553 2766 2940 2832 argumentum
2970 2756 3078 2810 hoc
3104 2764 3411 2823 proponere
3436 2760 3717 2817 aggressa,

2126 2837 2347 2918 aiebat:
2397 2876 2417 2911 ι
2445 2855 2644 2919 Video,
2699 2850 2949 2913 Domine,
2982 2846 3128 2917 quod
3174 2844 3252 2899 sis
3302 2837 3660 2911 protibeta“.
3693 2853 3715 2887 ι

2126 2954 2305 3024 Atque
2350 2949 2425 3005 ibi
2472 2947 2693 3019 quidem
2743 2937 3178 2997 humanissimus
3224 2932 3387 2988 Jesus
3437 2930 3725 2998 utriusque

2129 3022 2309 3104 cultus
2358 3045 2521 3099 linem
2567 3048 2696 3095 ante
2748 3036 3006 3097 nuntiat,
3055 3046 3143 3096 ne,
3184 3026 3473 3083 Judaicum
3515 3022 3723 3078 cultum

435 3111 673 3240 νὲῒιέὶῖν
711 3111 1027 3239 Ἰούδαῖκὴῖ
1046 3111 1329 3233 λατρείας.
1360 3160 1427 3213 Τί
1448 3111 1562 3230 γάιρ
1604 3157 1672 3211 ἂν
1705 3111 1802 3211 ἰαὶ
1823 3111 2023 3225 ἀννιϋάῐςῖῃ

2129 3138 2468 3213 praeferens,
2530 3132 2679 3188 illam
2733 3125 2990 3184 redderet
3051 3121 3371 3177 tristiorem.
3433 3111 3725 3181 Quomodo

2205 3232 2216 3240 ·
2539 3234 2551 3240 -
2590 3224 2602 3235 ⁸
2640 3230 2849 3240 ινμλλμω
2903 3218 2947 3240 -I
2996 3215 3240 3240 ...η-...ιηω
3285 3210 3493 3240 nun..."
3561 3219 3724 3240 "nam

438 3261 541 3332 τῆς
587 3260 724 3325 ἰδίας
740 3256 900 3331 δόξης
931 3254 1364 3329 προκρινάμενον

438 3353 662 3426 ἔμελλεν
680 3354 759 3416 είς
779 3352 843 3406 τὸ
863 3349 995 3405 αύτὺ
1012 3346 1451 3418 συγκαταλήγειν
1467 3342 1651 3409 τέλος;
1676 3342 1911 3394 Ἔπειτα
1934 3338 2031 3410 τὴν

441 3445 705 3517 διαφορὰν
740 3441 922 3497 αὐτῶν
971 3439 1306 3508 ἀπαγγέλλει
1334 3451 1350 3467 °
1385 3455 1404 3488 ι
1453 3435 1645 3506 Ὑμεῖς
1688 3432 1821 3504 γὰρ,
1873 3430 2030 3503 φησὶ,

441 3536 821 3609 προσκυνεῖτε,
850 3533 879 3587 ὃ
910 3534 1012 3588 οὐκ
1059 3531 1262 3595 οἴδατε,
1304 3528 1464 3599 ἡμεῖς
1494 3525 1553 3581 δέ
1588 3522 2030 3596 προσκυνοῦμεν,

440 3630 470 3683 ὃ
513 3629 757 3699 οἴδαμεν.
793 3647 812 3681 ι
842 3626 970 3690 Πῶς
1012 3625 1069 3679 δὲ
1108 3624 1209 3678 οὐκ
1245 3622 1475 3694 ᾔδεισαν
1521 3620 1573 3673 οἱ
1608 3618 1971 3689 Σαμαρεῖται,
2004 3613 2035 3667 ὃ

442 3721 852 3795 προσεκύνουν;
882 3720 1006 3773 Ὀτι
1043 3716 1205 3772 τοῦτο
1249 3716 1347 3787 μὲν
1378 3713 1489 3768 τῶν
1527 3709 1885 3766 ἐνοικούντων
1926 3708 2029 3762 οὐκ

444 3817 643 3885 ὀλίγων
690 3817 755 3869 ἐκ
799 3815 898 3885 τῆς
928 3808 1309 3883 αἰχμαλωσίας
1358 3802 1502 3878 ἦσαν
1530 3802 1640 3858 τῶν
1670 3798 2035 3859 Βαϐυλωνίων

443 3908 863 3979 ἀνακληθέντες,
911 3905 1006 3960 καὶ
1057 3905 1172 3968 τοῖς
1218 3900 1432 3955 ἐκεῖθεν
1482 3897 1632 3951 ἔθεσι
1677 3891 2035 3956 διαϐιοῦντες,

445 4004 542 4056 καὶ
605 4001 708 4073 τὴν
782 3995 1185 4073 Ἰσραηλιτικὴν
1240 3990 1555 4047 θεοσέϐειαν
1617 3984 2033 4057 διεφθαρμένοι.

447 4093 622 4149 Τοῦτο
660 4093 719 4147 δὲ
750 4091 813 4146 τὸ
845 4091 1051 4162 πλῆθος
1103 4086 1286 4143 αὐτῶν
1317 4079 1670 4143 Βαὸυλωνίας
1698 4078 1795 4133 καὶ
1828 4075 2036 4147 Μήδων

445 4186 642 4257 γενεᾶς
667 4185 764 4238 καὶ
783 4180 1045 4254 λατρείας
1087 4177 1264 4242 ὄντες,
1288 4175 1372 4238 είς
1401 4172 1501 4244 τήν
1533 4168 1855 4241 Σαμάρειαν
1910 4181 2039 4237 μετ-

447 4256 787 4351 ῳκίσθησαν,
806 4273 1006 4329 καὶτὸν
1031 4271 1183 4342 παρά
1208 4266 1483 4328 Ἰουδαίοις
1499 4263 1633 4317 Θεὸν
1653 4262 1844 4332 ὥσπερ
1871 4256 2040 4312 πάλαι

448 4349 579 4436 τοὺς
628 4368 921 4440 πατρῴους
970 4362 1269 4435 ἐπιχώριον
1307 4360 1465 4425 Θεὸν,
1490 4357 1586 4412 καὶ
1618 4354 1780 4427 μόνου
1812 4352 1922 4422 (84)
1945 4349 2040 4404 τοῦ

1418 3210 1605 3315 σέϐας,
1702 3247 1819 3317 μετ’
1849 3210 2029 3315 ὀλίγον

2130 3210 2279 3290 enim
2307 3230 2400 3286 illa
2428 3224 2871 3286 contristaretur,
2901 3218 2950 3274 sl
2991 3215 3243 3271 eumdem
3284 3210 3519 3272 cultum,
3560 3219 3725 3277 quem

2133 3341 2237 3383 suo
2269 3324 2348 3379 illi
2378 3316 2628 3393 praeferri
2655 3314 2898 3379 videbat,
2944 3309 3110 3381 paulo
3141 3313 3268 3378 post
3310 3301 3564 3359 similiter
3592 3298 3730 3354 abo—

2132 3392 2535 3476 lendumiesse
2580 3403 2953 3477 intelligeret?
3009 3401 3206 3456 Postea
3255 3411 3388 3451 vero
3437 3392 3732 3461 utriusque

2137 3512 2327 3570 cultus
2382 3504 2746 3564 differentiam
2804 3496 3053 3568 exponit.
3108 3490 3263 3548 «Vos
3313 3489 3485 3553 enim,
3530 3485 3732 3556 inquit,

2137 3602 2408 3667 adoratis,
2439 3596 2588 3670 quod
2623 3590 2876 3657 nescitis,
2917 3603 3021 3644 nos
3060 3600 3191 3641 vero
3230 3583 3551 3646 adoramus,
3582 3578 3731 3650 quod

2139 3693 2433 3753 scimus”.
2460 3669 2487 3743 ί»
2529 3682 2820 3754 Quomodo
2844 3694 2978 3736 vero
3022 3676 3341 3733 nesciebant
3373 3669 3732 3735 Samaritani,

2139 3786 2271 3863 quid
2314 3779 2646 3840 adorarent?
2684 3774 2834 3839 Ideo,
2880 3769 3029 3842 quod
3074 3768 3313 3839 primum
3347 3763 3570 3836 quidem
3620 3776 3732 3817 non

2139 3852 2301 3951 pauci
2335 3872 2641 3931 incolarum
2674 3884 2742 3923 ex
2782 3862 3102 3935 captivitate
3132 3858 3463 3931 Babylonica
3490 3852 3736 3911 revocati
3819 3916 3823 3922 λ

2139 3978 2324 4037 erant,
2379 3965 2476 4037 qui
2526 3961 2779 4017 instituta
2827 3955 3161 4028 Babylonica
3214 3953 3631 4022 adoptaverant,
3682 3956 3740 4000 et

2141 4059 2508 4120 lsraeliticum
2567 4054 2666 4109 Dei
2735 4049 2947 4107 cultum
3006 4048 3481 4117 depravaverant;
3542 4041 3741 4097 deinde

2144 4168 2275 4211 vero
2298 4150 2449 4223 quod
2485 4145 2737 4218 plerique
2769 4154 2985 4205 eorum,
3027 4134 3314 4207 Babylonii
3343 4145 3398 4189 et
3431 4131 3593 4193 Medi.
3624 4140 3740 4185 tum

2145 4245 2383 4316 origine,
2406 4253 2522 4297 tum
2556 4236 2836 4306 religione,
2857 4231 3207 4294 exsistentes,
3250 4235 3306 4282 et
3333 4227 3390 4282 in
3430 4223 3739 4279 Samariam

2146 4336 2600 4406 commigrautes,
2640 4327 2812 4382 Deum
2838 4320 3176 4386 Judazorum,
3221 4332 3332 4373 non
3358 4316 3541 4371 minus
3575 4328 3741 4385 quam

459 4407 575 4436 ιιυυν
635 4407 918 4440 ουνηνΨν-νυ
970 4407 1263 4435 ν’·Ἀ-ισ--ν
1313 4407 1465 4425 vv“,
1493 4407 1546 4412 ---
1574 4407 1583 4410 ~
1618 4407 1704 4427 .777
1731 4407 1736 4408 7
1815 4407 1829 4421 η
1905 4407 1917 4422 ,

452 4465 637 4527 ἔθνους
648 4461 749 4534 τὴν
766 4458 1093 4515 ἐπιστασίαν
1114 4456 1203 4527 ἔχε
1213 4472 1280 4522 ιν,
1308 4452 1405 4507 καὶ
1429 4448 1749 4505 δεσποτείαν
1769 4441 2031 4517 ἐνόμιζον.

2150 4435 2281 4491 olim
2300 4427 2509 4502 patrios
2525 4439 2679 4487 suos,
2694 4419 2975 4492 proprium
2996 4415 3104 4470 illis
3119 4428 3261 4481 esse,
3277 4411 3563 4484 gentisque
3576 4407 3744 4477 hujus

2228 4524 2239 4534 '
2483 4532 2511 4534 π
2542 4527 2695 4534 Α-λ-Α
2736 4501 3539 4534 ειιει---ιιιη-ηη-ιη-ιιριιιιηοιιαηι
3581 4506 3744 4534 unum

452 4555 642 4627 Ταύτῃ
690 4570 774 4606 τοι
815 4551 910 4604 καὶ
946 4549 1046 4621 τήν
1083 4546 1340 4619 λατρείαν
1375 4543 1571 4614 ἐκείνῳ
1617 4537 2047 4611 προσφέροντες,

455 4648 579 4701 οὐδὲ
603 4647 729 4709 τοὺς
745 4644 1007 4716 δαίμονας
1039 4637 1368 4711 θεραπεύειν
1393 4636 1714 4705 ἀφίσταντο.
1744 4632 1819 4685 Τὸ
1834 4630 1893 4684 δὲ
1919 4630 2053 4683 Ἰου-

455 4698 628 4793 ei...
646 4698 854 4801 tim:
882 4736 933 4790 εί
973 4698 1070 4790 καὶ
1107 4698 1188 4805 μὴ
1218 4698 1465 4803 σύμπαν,
1497 4726 1612 4782 ἀλλ’
1641 4726 1759 4794 οἵγε
1788 4722 1897 4777 τῶν
1923 4722 2055 4777 Μω-
2150 4702 2495 4763 daemonibus
2523 4698 2653 4805 'suis

464 4828 668 4884 σαῖκῶν
690 4830 877 4899 νόμων
909 4827 1009 4899 τὴν
1039 4826 1265 4897 μνήμην
1296 4823 1419 4877 ἀντὶ
1449 4820 1550 4891 τῆς
1570 4818 1743 4891 λήθης
1774 4815 2053 4887 προτιμή·

466 4939 680 4989 σαντες,
704 4919 912 4991 ταύτης
950 4915 1237 4979 παντελῶς
1253 4911 1666 4987 ἀπηλλαγμένοι
1694 4907 1797 4978 τῆς
1824 4904 2054 4974 ἐναγοῦς

463 5013 605 5089 ἦσαν
648 5013 995 5086 ὑπολήψεως,
1025 5008 1123 5065 καὶ
1169 5008 1360 5079 ὥσπερ
1395 5002 1728 5076 δημιουργὸν
1759 4998 2060 5068 συμπάσης

465 5084 700 5167 κτίσεως
724 5084 868 5159 οὓτω
894 5101 991 5156 καὶ
1013 5100 1209 5172 ἔφορον
1237 5096 1335 5151 καὶ
1363 5091 1669 5165 προνοητὴν
1692 5084 2061 5158 τὸν-λατρευό-

471 5212 635 5269 μενον
691 5194 824 5248 Θεὸν
869 5191 1267 5261 ἐπεγίνωσκον.
1335 5184 1436 5238 Διά
1485 5180 1659 5236 τοῦτο
1706 5178 1805 5250 μέν
1859 5188 2057 5246 φησιν’

472 5305 491 5340 ι
538 5288 731 5357 Ἡμεῖς
755 5282 1194 5359 προσκυνοῦμεν,
1223 5278 1253 5332 ὃ
1275 5278 1501 5347 οἴδαμεν
1520 5290 1536 5307 ⁶
1603 5272 1790 5343 ὑμεῖςιο
1814 5285 2060 5342 προσκυ-

466 5384 629 5446 νεῖτε,
656 5379 685 5433 ὃ
704 5379 806 5433 ούκ
838 5378 1039 5431 οἴδατε.
1071 5394 1091 5427 ι
1118 5368 1594 5443 Προσκυνοῦμεν
1624 5365 1707 5431 δὲ,
1742 5363 1897 5435 φησὶ,
1936 5377 2065 5428 συγ-

470 5472 791 5542 καταλέγων
807 5470 1004 5525 έαυτδν
1027 5469 1143 5531 τοῖς
1178 5459 1659 5527 Ἰουδαίοις-οῦπω
1671 5457 1781 5531 γὰρ
1798 5452 2066 5523 ἐναστρά-

2148 4501 2315 4583 unius
2327 4532 2520 4577 curam
2537 4527 2722 4586 agere,
2736 4511 2927 4581 illique
2942 4509 3215 4577 imperare
3228 4501 3562 4565 statuebant,
3580 4506 3746 4569 atque

2149 4620 2257 4674 hoe
2291 4611 2518 4669 nomine
2536 4617 2592 4663 et
2618 4605 2699 4661 illi
2728 4602 2939 4658 cultum
2967 4596 3325 4670 praestabant,
3358 4602 3413 4648 et
3438 4607 3468 4645 a
3497 4590 3745 4647 colendis

2702 4710 2813 4749 non
2850 4689 3223 4747 abstinebant.
3276 4685 3361 4740 Ab
3412 4683 3585 4737 altera
3616 4697 3747 4735 vero

2152 4806 2307 4870 parte
2352 4808 2486 4866 gens
2515 4789 2853 4851 Iudaeorum,
2906 4783 2952 4839 si
3005 4797 3114 4837 non
3150 4778 3354 4843 omnis,
3394 4777 3589 4831 saltem
3645 4773 3748 4838 illi,

2156 4891 2252 4963 qui
2288 4865 2469 4958 legum
2500 4881 2869 4938 Mosaicarum
2909 4874 3229 4931 memoriam
3267 4867 3530 4926 oblivioni
3546 4865 3753 4941 praete.

2158 4962 2375 5046 rebant,
2431 4994 2460 5031 a
2504 4970 2825 5031 detestanda
2863 4968 2967 5023 hac
3015 4966 3277 5037 opinione
3314 4962 3536 5034 penitus
3592 4971 3750 5015 erant

2160 5075 2459 5138 immunes,
2510 5066 2812 5134 Deumque,
2860 5074 3025 5132 quem
3067 5057 3343 5121 colebant,
3391 5062 3449 5109 ut
3501 5052 3749 5108 omnium

2169 5179 2356 5223 rerem
2399 5156 2771 5220 conditorem,
2800 5155 2873 5209 ita
2908 5153 3070 5208 etiam
3117 5150 3485 5219 inspectorem
3517 5154 3573 5201 et
3600 5159 3755 5199 cura-

2164 5269 2344 5316 torem
2390 5268 2537 5317 csse,
2585 5245 2983 5319 agnoscebant.
3025 5240 3151 5297 Ideo
3196 5240 3313 5295 ait:
3346 5257 3366 5292 ι
3398 5235 3511 5293 Nos
3557 5235 3756 5291 adora—

2168 5369 2312 5419 mus,
2334 5350 2483 5422 quod
2500 5336 2788 5409 novimus;
2811 5357 2909 5397 vos
2925 5338 3189 5405 adoratis,
3215 5333 3361 5405 quod
3385 5348 3491 5388 non
3510 5329 3704 5386 nostis.
3733 5347 3751 5380 ι

2169 5447 2505 5511 Αάοηιηιιιε,
2557 5439 2770 5511 inquit,
2815 5434 3019 5492 Judzcis
3076 5446 3136 5490 se
3183 5443 3484 5487 acccnsens
3524 5443 3541 5483 :
3579 5438 3758 5496 neque

542 5590 772 5647 "Joan.
811 5604 885 5655 tv,
921 5588 1012 5641 225.
1105 5586 1151 5617 ⁸⁸
1178 5583 1309 5640 ibid.
1341 5582 1435 5638 91.
1512 5582 1556 5615 ⁶⁹
1593 5578 1726 5636 ibid.
1764 5578 1851 5635 ιε).
1915 5569 2118 5629 "‘ibid.
2153 5566 2245 5622 2‘2.

2010 5688 2252 5748 NOTAE.

550 5799 663 5867 (82)
694 5800 850 5869 (Iolb.
881 5813 980 5868 pro
1013 5794 1296 5869 ἐξαιροῦν.

551 5862 664 5941 (83)
703 5866 827 5943 Οἴα,
850 5862 1020 5938 idem,
1050 5862 1153 5939 pro
1189 5862 1295 5933 οἷς.
1350 5930 1363 5941 .

2244 5782 2357 5853 (8.1)
2388 5778 2548 5836 Colb.
2578 5774 2762 5849 μόνον.
