4144 6444
477 341 580 404 453

1637 353 1908 415 PHOTII
1948 353 2465 416 PATRIARCILE
2485 354 2593 417 (ΣΡ.

3688 351 3791 415 ὅθί

474 459 619 512 enim
663 464 793 510 tunc
826 471 1015 512 omnes
1046 457 1264 515 deitatis
1305 473 1422 515 suae
1449 460 1631 517 radios
1663 463 1718 516 in
1753 462 1879 518 illos
1910 478 2066 534 spar-

2170 480 2326 516 πτειν
2349 463 2532 527 πάσας
2555 461 2707 532 ἠφίει
2726 461 2828 533 τῆς
2849 459 2908 514 ἐν
2936 459 3086 532 αὖτῷ
3107 460 3368 530 θεότητος
3393 461 3503 527 τὰς
3533 461 3789 530 ἀκτῖνας.

476 554 652 623 gebat.
707 551 995 622 Propterea
1048 563 1106 609 et
1149 569 1346 624 aquam
1389 556 1687 626 poscebat,
1744 565 1800 612 et
1850 557 2068 614 itineris

478 646 759 701 molestias
813 647 1066 712 subibat,
1125 646 1689 719 defatigationemque
1735 663 1804 704 ex
1869 648 2068 706 itinere

479 751 660 795 natam
686 741 875 806 humo,
905 749 1166 810 tanquam
1201 742 1404 795 throno
1439 751 1636 812 sponte
1672 753 1819 809 nato,
1851 742 2068 800 solaba-

479 845 587 888 tur.
627 831 854 888 Accedit
901 832 1272 902 etiam,quod
1326 831 1612 887 mulierem
1661 832 2066 900 alloquebatur,

475 939 599 995 «tua!
641 923 1018 979 sublimiorem
1060 923 1128 978 de
1164 924 1284 992 ipso
1326 924 1640 994 opinionem
1682 925 2066 996 adoptaverat,

472 1034 599 1073 eum
640 1033 705 1073 ex
755 1018 1145 1089 prophetarum
1176 1033 1409 1073 numero
1444 1033 1588 1082 esse,
1636 1026 1691 1072 et
1721 1017 2064 1083 Judaeornm,

477 1111 695 1182 lit-oque
734 1126 846 1180 prae
888 1111 1101 1167 caeteris
1135 1110 1365 1166 charum
1402 1118 1458 1165 et
1501 1111 1837 1167 sanctiorem
1875 1111 2070 1168 existi-

476 1217 651 1256 inans.
687 1199 982 1271 Propterea
1012 1202 1091 1256 ait
1116 1217 1130 1255 :
1158 1201 1472 1255 adoramus.

545 1291 640 1346 Sic
689 1291 877 1360 itaque
925 1292 1102 1361 prima
1144 1290 1453 1346 dill'erentia
1504 1301 1624 1346 erat
1665 1295 1939 1363 exposita,
1972 1309 2067 1364 per

473 1399 638 1453 quam
679 1384 862 1439 cultus
901 1383 1167 1439 .Iutlaicus
1197 1384 1292 1438 illo
1323 1383 1798 1441 Samaritanorum
1838 1398 2066 1458 przesla-

475 1476 588 1530 bat.
636 1472 771 1541 Qua:
825 1488 959 1529 vero
1013 1486 1098 1529 est
1159 1474 1374 1529 altera?
1436 1492 1456 1526 ι
1491 1472 1676 1539 Salus,
1738 1477 1941 1547 inquit,
1997 1493 2066 1534 ex

471 1566 675 1622 .ltnlaeis
715 1574 865 1621 nata.
906 1585 927 1617 ι
970 1565 1260 1632 Quomodo
1290 1582 1420 1623 vero
1443 1567 1593 1623 salus
1619 1578 1703 1623 est
1732 1584 1797 1623 ex
1822 1567 2067 1625 Judaeis?

473 1656 612 1710 Num
636 1656 870 1712 fortasse
895 1657 1041 1720 ideo,
1063 1658 1213 1726 quod
1237 1673 1360 1712 cum
1388 1673 1560 1729 genus
1586 1658 1872 1714 hominum
1901 1674 2066 1714 omne

473 1750 738 1819 profanus
765 1750 946 1806 cultus
972 1751 1275 1805 obnoxium
1305 1751 1410 1806 sibi
1444 1751 1691 1818 haberet,
1725 1752 1843 1808 veri
1873 1751 2065 1808 Numi-

476 1847 561 1901 nis
611 1845 854 1914 cognitio
892 1845 1021 1898 inde
1068 1846 1133 1898 ad
1188 1845 1327 1901 alios
1381 1845 1636 1902 homines
1688 1845 1899 1916 perlata
1940 1854 2062 1914 est;

475 1936 730 2007 quodque
765 1935 970 1992 iudicis
1005 1937 1328 2004 debebatur,
1377 1938 1525 2008 quod
1563 1938 1852 1994 Samaritze
1889 1937 2062 1994 Deum

473 2029 846 2100 qualicunque
886 2028 1051 2083 modo
1085 2028 1378 2084 colebant?
1427 2031 1498 2084 At
1549 2029 1832 2085 enimvero
1888 2031 2064 2088 satius

475 2122 662 2188 luerit,
692 2121 951 2188 salutem,
982 2135 1047 2175 ex
1077 2119 1282 2178 ludatis
1321 2131 1523 2185 ortam,
1552 2121 1621 2178 dc
1655 2122 1829 2193 ipsius
1857 2122 2064 2179 Christi

473 2215 734 2276 adventu,
773 2212 1024 2282 factaque
1071 2226 1168 2282 per
1209 2228 1336 2266 eum
1370 2216 1548 2285 gentis
1583 2215 1840 2271 humana:
1874 2232 1904 2271 a
1947 2216 2064 2287 pri-

471 2307 618 2360 stino
651 2305 807 2375 lapsu
853 2305 1203 2372 liberatione,
1235 2314 1289 2360 et
1337 2307 1764 2374 instauratione,
1807 2309 2064 2365 inimico-

473 2413 591 2452 rum
620 2397 836 2453 iusidiis
855 2409 906 2452 et
931 2398 1143 2454 artibus
1162 2414 1442 2469 nunquam
1469 2401 1669 2456 iterum
1705 2404 2061 2474 subripienda

470 2501 526 2545 et
571 2491 910 2557 temeranda,
963 2491 1334 2560 interpretari.
1397 2491 1554 2560 Quod
1621 2510 1749 2549 vero
1804 2496 2056 2553 dicitur:

479 2602 496 2632 ι
534 2580 697 2638 Venit
734 2584 892 2649 hora,
923 2583 1112 2652 etiam
1146 2593 1266 2648 est;
1299 2602 1316 2634 ι
1349 2583 1403 2637 id
1434 2584 1655 2654 quidem
1686 2587 1912 2652 indicat,
1944 2604 2059 2644 rem

475 2676 650 2744 ipsam
712 2675 943 2729 omnino
980 2685 1035 2730 et
1076 2675 1225 2731 brevi
1259 2676 1478 2744 quidem
1540 2693 1662 2733 esse
1713 2690 2059 2735 eventuram.

473 2765 880 2838 PrOphetarum
927 2768 1146 2835 quidem
1179 2770 1424 2837 oracula,
1471 2770 1671 2838 inquit,
1701 2771 1888 2840 aliquo
1921 2783 2062 2827 tetu-

477 2873 605 2928 pore
631 2868 757 2927 post
783 2867 1042 2912 eventum
1086 2860 1484 2926 sortiebantur,
1527 2863 1577 2916 id
1623 2879 1773 2925 vero,
1810 2866 1953 2934 quod
1992 2865 2062 2922 tle

477 2963 564 3003 me
586 2947 795 3004 dictum
825 2956 931 3012 est,
959 2949 1072 3020 jam
1119 2949 1173 3004 in
1210 2960 1466 3024 promptu
1501 2962 1608 3019 est,
1658 2966 1712 3010 et
1743 2972 1906 3026 opere
1938 2959 2062 3028 ipso

476 3041 852 3097 testimonium
881 3043 1104 3112 praebet.

754 3153 1082 3223 Quiesrto
1121 3158 1312 3214 Lxxv
1349 3158 1450 3234 {aL
1489 3159 1746 3233 LXXIV].

476 3251 754 3314 Quomodo
827 3251 1041 3305 dicatur
1125 3269 1235 3308 esse
1313 3252 1456 3309 Deus
1492 3256 1548 3309 in
1625 3257 1768 3309 omni
1824 3273 1878 3310 re
1921 3297 1936 3320 ,

541 3323 800 3398 quomodo
827 3323 1047 3377 dissolvi
1073 3327 1274 3398 possint
1300 3326 1697 3398 dubitationes,
1728 3343 1847 3395 qua:
1876 3347 1907 3381 ιι
1941 3330 2062 3398 qui-

543 3391 770 3446 busdam
799 3405 986 3448 contra
1013 3391 1109 3450 hoc
1146 3396 1498 3464 objiciuntur.

2169 555 2260 608 Διὸ
2281 557 2376 610 καὶ
2411 553 2557 626 ὕδωρ
2583 554 2729 607 πιεῖν
2749 553 3027 619 ἐπεζήτει,
3061 552 3158 606 καὶ
3188 553 3365 608 κόπον
3402 553 3655 625 βαδίζων
3699 557 3794 627 ὺφο

2171 648 2388 713 ίστατο,
2443 648 2539 700 καὶ
2559 647 2651 699 τὸν
2678 645 2848 700 κόπον
2905 645 3008 715 τῆς
3060 645 3382 717 ὁδοιπορίας
3445 647 3794 720 αὐτοσχεδίῳ

2169 738 2345 809 θρόνῳ
2373 734 2451 809 τῷ
2501 737 2692 808 ἐδάφει
2720 735 2983 791 διελύετο.
3029 736 3243 801 ’Ἄλλως
3281 755 3346 791 τε
3381 738 3488 793 καὶ
3520 741 3667 811 πρὸς
3695 758 3794 810 γυ-

2167 833 2329 884 ναῖκα
2384 829 2684 899 διελέγετο,
2711 827 3022 899 σεϐασμίαν
3054 829 3157 901 μὲν
3188 830 3480 886 λαϐοῦσαν
3514 833 3796 906 ὑπόληψιν

2167 923 2300 992 περὶ
2328 922 2519 988 αὑτοῦ,
2553 922 2632 987 ώς
2671 921 2770 976 ἕνα
2801 922 2991 994 μέντοι
3017 940 3083 992 γε
3128 923 3240 977 τῶν
3275 925 3600 996 προφητῶν
3640 928 3796 997 ὅμως

2166 1015 2332 1070 αὐτὸν
2392 1015 2710 1087 ἡγουμένην
2742 1016 2839 1070 καὶ
2871 1016 2948 1080 ὡς
2983 1016 3260 1084 Ἰουδαῖον,
3294 1017 3400 1072 καὶ
3433 1018 3796 1089 θεοφιλέστε-

2171 1108 2263 1180 ρόν
2289 1124 2350 1162 τε
2376 1108 2486 1160 τῶν
2511 1107 2691 1163 ἄλλων
2717 1108 2814 1163 καὶ
2844 1109 3364 1182 ἁγιοπρεπέστερον
3401 1111 3793 1185 διακείμενον.

2168 1198 2267 1252 Διά
2294 1198 2456 1254 τοῦτο
2477 1199 2570 1254 οῦν
2597 1199 2679 1269 τὸ,
2715 1203 3207 1272 προσκυνοῦμεν,
3235 1205 3492 1275 εἴρηται.

2254 1291 2393 1346 Ἀλλ’
2449 1293 2666 1364 εῖρηται
2723 1294 2822 1364 μὲν
2873 1296 2905 1364 ἠ
2965 1295 3066 1366 μία
3115 1295 3399 1367 διαφορὰ,
3464 1296 3594 1350 καθ’
3625 1298 3694 1369 ῆν
3728 1298 3794 1352 τὸ

2180 1382 2431 1438 Ἰουδαῖον
2455 1383 2620 1446 σέϐας
2650 1383 2749 1455 τῆς
2761 1384 2870 1438 τῶν
2893 1385 3249 1458 Σαμαρειτῶν
3269 1386 3592 1458 θρησκείας
3619 1389 3794 1462 ὑπερ-

2167 1479 2333 1548 εῖχεν.
2390 1477 2456 1530 Ἦ
2500 1478 2557 1532 δὲ
2597 1479 2764 1546 ἑτέρα
2819 1479 2941 1545 τίς;
2992 1497 3012 1532 ι
3059 1479 3124 1532 Ἦ
3159 1480 3436 1552 σωτηρία,
3490 1482 3689 1552 φησὶν,
3726 1485 3794 1537 ἐκ

2166 1569 2274 1622 τῶν
2315 1568 2606 1624 Ἰουδαίων.
2634 1589 2654 1622 ›
2678 1569 2875 1634 uoca:
2903 1571 3370 1643 ἐστινήσωτηρία
3399 1574 3472 1626 ἐκ
3501 1573 3620 1627 τῶν
3658 1574 3793 1627 Ἰου-

2164 1661 2365 1726 δαίων,
2395 1661 2588 1732 ἣδιότι
2653 1662 2935 1732 πανταχοῦ
2983 1663 3082 1733 τῆς
3124 1663 3234 1718 τῶν
3261 1664 3516 1720 εἰδώλων
3566 1666 3789 1737 πλάνης

2165 1753 2227 1806 τὺ
2255 1752 2410 1822 γένος
2457 1755 2883 1826 ἐπινεμομένης,
2921 1755 3132 1810 ἐκεῖθεν
3176 1754 3392 1828 ηΰγασε
3423 1760 3547 1823 τοῖς
3605 1758 3793 1822 ἄλλοις

2095 1833 2138 1890 Β
2165 1845 2476 1920 ἀνθρώποις
2506 1848 2547 1918 ἡ
2566 1848 2893 1917 θεογνωσία,
2919 1850 3014 1904 καὶ
3042 1849 3178 1904 διότι
3203 1850 3340 1904 αὐτὸ
3357 1850 3425 1904 τὸ
3440 1851 3590 1916 ὅλως
3616 1869 3792 1923 προσ-

2167 1942 2354 1995 κυνεῖν
2385 1941 2513 2004 τοὺς
2544 1939 2894 2012 Σαμαρείτας
2918 1941 3008 1994 τὸν
3034 1939 3168 1996 Θεὸν
3211 1942 3321 1996 ὰπὸ
3349 1942 3470 1996 τῶν
3510 1943 3792 1998 Ἰουδαίων

2165 2031 2342 2104 ἀρχὴν
2387 2029 2570 2101 ἐσχενς
2603 2029 2823 2085 Μᾶλλον
2875 2029 2934 2084 δέ
2985 2030 3266 2102 σωτηρίαν
3320 2032 3437 2085 ἀπὸ
3500 2033 3618 2086 τῶν
3656 2033 3790 2086 Ἰου-

2165 2125 2331 2180 δαίων
2361 2123 2732 2196 προελθοῦσαν
2766 2124 2918 2179 έστιν
2944 2127 3151 2179 ἐννοεῖν
3193 2125 3295 2196 τὴν
3321 2125 3501 2181 αὑτοῦ
3525 2125 3627 2179 τοῦ
3647 2126 3786 2197 Χριο

2168 2218 2295 2272 στοῦ
2319 2220 2647 2289 παρουσίαν,
2677 2219 2772 2272 καὶ
2815 2218 2915 2291 τὴν
2945 2218 3015 2273 δι’
3055 2217 3225 2272 αὐτοῦ
3259 2217 3664 2290 γεγενημένην
3689 2217 3786 2272 τοῦ

2165 2313 2358 2382 γένους
2382 2311 2683 2382 ἀνάκλησιν
2707 2328 2769 2365 τε
2797 2309 2893 2365 τοῦ
2932 2309 3170 2364 παλαιοῦ
3201 2309 3536 2382 πτώματος,
3564 2310 3664 2366 καὶ
3688 2309 3790 2382 τὴν

2168 2406 2367 2478 μηκέτι
2409 2405 2788 2477 κλεπτομένην
2827 2405 2922 2458 καὶ
2969 2403 3512 2476 παραφθειρομένην
3567 2403 3794 2474 ἐχθρῶν.

2163 2500 2480 2564 ἐπιϐουλαῖς
2525 2500 2618 2555 καὶ
2663 2499 2986 2568 βασκανίαις
3037 2497 3525 2554 ἀποκατάστασιν.
3582 2497 3661 2552 Τὸ
3695 2495 3776 2550 δέ’

2170 2613 2188 2646 ι
2236 2594 2496 2666 Ἔρχεται
2527 2590 2668 2664 ὥρα,
2699 2591 2796 2645 καὶ
2831 2589 2926 2643 νῦν
2959 2593 3131 2657 ἐστιν,
3169 2609 3188 2642 ι
3217 2589 3279 2643 τὸ
3308 2589 3540 2652 πάντως
3569 2585 3667 2642 καὶ
3690 2587 3783 2640 διὰ

2162 2686 2372 2757 ταχέων
2407 2685 2674 2755 ἑπόμενον
2715 2683 3026 2755 μηνύει.οὁ
3054 2682 3184 2754 γὰρ,
3222 2681 3421 2752 ὥσπερ
3456 2683 3511 2734 οῖ
3545 2696 3774 2752 προφη-

2161 2779 2304 2832 τικοὶ
2329 2778 2568 2850 χρησμοὶ
2597 2776 2774 2848 χρόνῳ
2807 2775 3030 2847 ὕστερον
3073 2773 3266 2827 ἔλαϐον
3320 2773 3384 2826 τὸ
3421 2772 3632 2842 πέρας,
3658 2767 3780 2823 ἀλλ’

2161 2872 2192 2926 ό
2219 2871 2350 2942 περὶ
2382 2868 2516 2940 ἐμοῦ
2543 2868 2733 2939 ῥηθεὶς
2762 2868 2918 2937 λόγος
2950 2868 3050 2938 ἤδη
3083 2867 3372 2937 πάρεστιν,
3401 2866 3510 2936 ἢδη
3541 2863 3773 2932 ἐνέστη·

2163 2980 2260 3016 κεν
2278 2962 2380 3034 τὴν
2403 2961 2512 3014 ἀπὸ
2541 2960 2648 3015 τῶν
2681 2960 2860 3032 ἔργων
2897 2959 3239 3029 ἐπαγόμενος
3269 2956 3624 3028 μαρτυρίαν.

2716 3155 3052 3210 ΕΡΩΤΠΣΙΣ
3089 3155 3212 3208 ΟΕ’.

2015 3268 2066 3311 et
2112 3237 2129 3238 δέ
2168 3251 2297 3318 Πῶς
2349 3251 2588 3318 λέγεται
2633 3248 2700 3302 τὸ
2729 3246 2900 3300 Θεῖον
2951 3240 3106 3318 εἶναι
3155 3243 3224 3318 ἐν
3275 3243 3361 3318 τῷ
3405 3237 3641 3318 παγείς
3675 3237 3779 3292 καὶ

2241 3311 2369 3387 π’ὡς
2412 3311 2613 3376 ἔνεστι
2682 3318 2962 3374 διαλύειν
3012 3314 3051 3370 ἄ
3103 3313 3266 3387 πρὸς-
3305 3312 3424 3381 τὴν
3458 3311 3783 3387 Δὑπόθευ-ιν

2239 3379 2467 3461 ταύτην
2533 3391 2669 3459 παρ’
2717 3389 2900 3443 ἐνίων
2968 3379 3383 3456 προκομίζεται
3447 3379 3778 3450 διαπορού-

2235 3465 2396 3534 μένα
2415 3481 2434 3526 ;

1527 3575 1670 3626 Edita
1699 3591 1726 3626 a
1760 3576 1907 3639 Maio,
1939 3577 2062 3628 Nov.
2088 3580 2239 3640 Coll.,
2277 3585 2314 3629 t.
2343 3577 2424 3640 IX,
2451 3591 2502 3640 p.
2537 3575 2707 3625 93-93.

536 3681 594 3734 In
652 3678 849 3733 multis
929 3693 1052 3747 quae
1130 3680 1201 3734 de
1257 3682 1366 3736 Deo
1451 3684 1923 3754 contemplamur,
1997 3701 2066 3740 ne

472 3772 658 3826 otnnia
687 3771 889 3834 dicam,
916 3786 1024 3827 non
1051 3771 1252 3840 solum,
1272 3774 1368 3844 qui
1398 3776 1678 3845 mysteriis
1709 3776 1928 3846 pietatis
1960 3792 2067 3832 non

474 3864 695 3920 fuerunt
730 3865 949 3933 initiati,
979 3865 1232 3936 quamvis
1263 3867 1381 3923 acie
1407 3869 1606 3924 mentis
1660 3881 1716 3924 et
1755 3870 2072 3940 cognitione

477 3973 662 4011 rerum
699 3972 1089 4028 corporearum
1137 3959 1456 4018 hominibus
1493 3963 1579 4017 sui
1605 3963 1817 4020 ordinis
1851 3965 2067 4033 praesti-

476 4053 671 4109 tissent
724 4053 929 4122 quique
988 4063 1231 4108 nostram
1297 4054 1693 4126 iguoraveruut
1751 4057 1862 4111 vim
1933 4071 2069 4111 con-

478 4142 777 4213 templandi
817 4143 1178 4198 inlirmiorem
1206 4160 1350 4210 esse,
1385 4161 1553 4216 quam
1602 4157 1657 4201 ut
1706 4147 2064 4218 intelligentia

476 4235 945 4306 comprehendere
1008 4235 1098 4292 illa
1145 4238 1412 4308 possint,
1509 4238 1845 4309 experientia
1911 4255 2062 4294 com-

481 4327 819 4396 probarunt;
870 4328 965 4384 sed
993 4337 1048 4384 et
1075 4329 1391 4399 quicunque
1422 4339 1646 4400 propter
1674 4330 1920 4386 studium
1956 4331 2072 4400 pie-

2247 3683 2426 3739 Πολλὰ
2455 3682 2563 3737 τῶν
2596 3680 2757 3753 ἱερῶν
2801 3680 2930 3750 περὶ
2955 3675 3092 3734 Θεοῦ
3139 3676 3548 3750 θεωρημάτων,
3580 3675 3671 3730 ἵνα
3699 3674 3778 3746 μὴ

2177 3778 2354 3832 πάντα
2380 3775 2545 3845 λέγω,
2571 3775 2634 3830 οὐ
2669 3773 2829 3846 μόνον
2859 3773 2962 3827 ὅσα
2986 3773 3100 3834 τοῖς
3127 3774 3226 3841 τῆς
3255 3769 3546 3834 εὐσεϐείας
3568 3767 3777 3841 ὀργίοις

2177 3871 2277 3926 οὐκ
2305 3868 2666 3938 ἐτελέσθησαν
2698 3868 2803 3921 κάν
2832 3864 2912 3938 τῷ
2937 3865 3038 3936 τῆς
3066 3864 3307 3926 διανοίας
3335 3864 3538 3934 κράτει
3583 3859 3683 3915 καὶ
3710 3860 3776 3927 τῇ

2177 3963 2284 4019 τῶν
2321 3962 2524 4017 ἐνῦλων
2552 3959 2752 4030 γνώσει
2782 3958 2892 4013 τῶν
2924 3957 3214 4029 ὁμοταγῶν
3248 3957 3306 4010 ἐν
3337 3955 3416 4024 τῷ
3443 3955 3675 4028 κρατεῖν
3701 3951 3777 4004 δι-

2174 4057 2517 4128 ενηνόχασιν,
2545 4055 2668 4126 οὐχὶ
2694 4053 2899 4107 τούτων
2925 4052 3084 4124 μόνον
3107 4051 3207 4123 τὴν
3231 4049 3338 4115 ἔξω
3361 4048 3458 4102 τοῦ
3484 4046 3610 4102 καθ’
3630 4043 3777 4115 ἡμᾶς

2175 4149 2336 4218 λόγου
2381 4149 2482 4219 τὴν
2530 4145 2873 4218 θεωρητικὴν
2915 4144 3067 4216 ἰσχὺν
3109 4141 3512 4212 ἀσθενεστέρας
3552 4139 3653 4208 τῆς
3693 4136 3773 4188 οἰ-

2178 4240 2332 4303 κείας
2371 4239 2746 4308 καταλείψεως
2793 4238 2861 4308 τῇ
2905 4235 3071 4307 πείρᾳ
3111 4231 3436 4302 διήλεγξαν·
3488 4228 3629 4286 ἀλλὰ
3679 4223 3774 4280 καὶ

2179 4334 2336 4397 ὅσους
2369 4333 2396 4385 ὁ
2432 4332 2531 4402 τῆς
2560 4330 2842 4392 εὐσεϐείας
2873 4328 3030 4397 λόγος
3063 4327 3158 4381 καὶ¹
3186 4328 3220 4395 ἡ
3250 4325 3344 4379 τοῦ
3381 4325 3499 4396 βίου
3529 4318 3772 4390 καθαρός

479 4421 607 4476 tatis
635 4430 692 4475 et
722 4422 891 4477 vitam
922 4437 1115 4491 puram
1147 4423 1506 4492 profundiora
1540 4436 1938 4493 cognoverunt,
1969 4439 2066 4479 nec

2179 4442 2278 4494 της
2300 4425 2402 4494 τῆς
2427 4421 2802 4493 ἐπιγνώμονος
2831 4420 2938 4474 τῶν
2965 4418 3280 4491 βαθυτέρων
3309 4419 3485 4484 ἔθετο,
3509 4416 3633 4471 οὖδέ
3655 4409 3772 4466 τοῦ·

480 4517 564 4571 his
592 4515 815 4586 quidem
873 4514 1115 4571 inventio
1143 4531 1328 4570 rerum
1371 4517 1685 4572 divinarum
1736 4517 1912 4573 facilis
1954 4533 2078 4574 esse

478 4605 638 4670 solet,
735 4605 868 4676 quid
922 4606 1044 4661 dico
1145 4605 1552 4660 inventionem?
1631 4607 1903 4677 siquidem
1979 4621 2079 4662 nec

479 4694 596 4766 ipsa
647 4698 920 4753 scrutatio
977 4710 1114 4767 pure
1161 4710 1352 4751 eorum
1419 4707 1656 4752 mentem
1708 4697 1889 4753 allicit.
1951 4697 2078 4754 Hinc

478 4800 665 4846 autem
696 4792 931 4862 quaestio
980 4799 1241 4860 tanquam
1278 4789 1508 4845 omnino
1538 4790 1713 4861 magis
1768 4791 2071 4857 recondita,

478 4896 534 4941 et.
575 4900 697 4956 quae
726 4894 969 4939 mentem
1005 4879 1354 4938 curiosorum
1409 4883 1648 4950 excellit,
1697 4885 1963 4948 studium,
2015 4893 2076 4940 ut

482 4980 838 5050 intelligatur,
865 4977 1146 5048 postulat;
1177 4994 1283 5032 non
1313 4978 1501 5048 igitur,
1530 4994 1653 5046 qua:
1687 4978 1961 5047 dil'ClllUl‘,
1993 4978 2075 5035 sic

479 5069 674 5126 audire
700 5077 936 5138 oportet,
982 5067 1141 5138 quasi
1176 5068 1418 5123 limatius
1480 5082 1600 5122 rem
1639 5069 2072 5138 comprehende-

481 5165 678 5228 rimus,
731 5171 787 5216 et
819 5161 955 5216 nihil
1003 5162 1241 5232 amplius
1295 5162 1364 5216 ad
1417 5164 1861 5232 cognoscendum
1895 5163 1963 5241 de
2006 5177 2072 5218 ea

479 5254 729 5309 relictum
760 5269 789 5308 a
820 5253 977 5311 nobis
1007 5254 1097 5322 sit,
1149 5254 1243 5310 sed
1300 5253 1566 5309 benevole
1613 5255 1803 5309 audire
1833 5263 2069 5325 oportet,

477 5358 532 5403 et
617 5349 872 5418 amplecti
961 5357 1228 5419 quantum
1318 5347 1574 5402 humanis
1639 5349 2071 5419 cogitationibus

477 5459 563 5506 ea,
599 5458 723 5513 qua:
759 5443 1052 5499 humanam
1082 5442 1334 5498 notitiam
1369 5451 1650 5512 superant,
1679 5445 1900 5514 assequi
1937 5458 2068 5514 pos-

480 5549 692 5589 sumus.

565 5627 621 5679 in
679 5629 826 5682 omni
891 5637 974 5682 est
1030 5629 1176 5685 Deus
1262 5629 1429 5699 (quod
1473 5629 1569 5684 tibi
1649 5629 1704 5684 in
1763 5628 2068 5700 quastione

481 5736 625 5776 nunc
687 5723 922 5791 positum
990 5724 1095 5793 es')
1161 5733 1422 5793 tanquam
1483 5724 1619 5778 nihil
1678 5739 1867 5780 eorum
1939 5738 2065 5794 qua)

481 5824 630 5867 sunt.
657 5814 711 5869 Si
747 5814 894 5868 enim
929 5825 1068 5870 esset
1096 5831 1263 5870 unum
1296 5831 1363 5870 ex
1405 5815 1492 5883 iis,
1520 5832 1642 5885 qua:
1676 5825 1824 5884 sunt,
1860 5814 1952 5886 qui
1983 5823 2066 5871 est

2181 4534 2289 4570 των
2323 4518 2356 4586 ἡ
2405 4515 2512 4568 τῶν
2556 4513 2844 4586 θειοτέρων
2886 4510 3104 4583 εὕρεσις
3148 4513 3213 4565 ἐκ
3253 4510 3347 4564 τοῦ
3392 4511 3595 4584 ῥᾴστου
3629 4504 3771 4574 φιλεῖ

2181 4607 2583 4680 παραγίνεσθαι
2608 4624 2622 4639 ·
2651 4608 2745 4660 καὶ
2772 4607 2825 4661 τί
2854 4607 2998 4675 λέγω
3026 4605 3276 4675 εὕρεσις,
3303 4605 3507 4674 ὅπουγε
3537 4599 3646 4656 οὐδ’
3672 4597 3768 4650 αὺ-

2180 4701 2248 4773 τὴ
2283 4700 2541 4772 καθαρῶς
2568 4700 2662 4753 καὶ
2695 4697 2837 4752 κατὰ
2887 4697 3045 4766 λόγον
3087 4699 3269 4760 αὐτοῖς
3300 4698 3334 4766 ἡ
3366 4697 3563 4768 ἔρευνα
3595 4688 3766 4746 διατί-

2181 4790 2358 4858 θεται;
2391 4787 2796 4861 Γλαφυρωτέρα
2820 4786 2878 4842 δὲ
2911 4787 2987 4850 ώς
3017 4785 3220 4839 ἐπίπαν
3257 4787 3351 4840 καὶ
3371 4785 3511 4856 αῦτη
3540 4783 3640 4854 τῆς
3661 4776 3766 4832 τῶν

2181 4879 2784 4952 πολυπραγμονούντων
2817 4878 3057 4942 διανοίας
3086 4877 3521 4950 ὑπεριδρυμένη,
3560 4872 3763 4943 φιλοτι-

2181 4974 2364 5042 μεῖται
2412 4970 2908 5041 ἐπιγινώσκεσθαι⁹
2955 4968 3153 5023 οῦκουν
3214 4969 3324 5022 τῶν
3379 4961 3765 5038 ῥηθησομένων

2177 5065 2462 5132 ἐξακούειν
2534 5065 2615 5118 δεῖ
2681 5063 2858 5129 οὕτως
2903 5064 2980 5128 ώς
3029 5065 3090 5118 τὸ
3155 5063 3553 5135 ἀκριϐέστερον
3592 5071 3762 5113 κατει-

2179 5162 2428 5234 ληφότων
2455 5203 2470 5227 ,
2528 5163 2626 5216 καὶ
2680 5161 2848 5233 μηδὲν
2895 5161 3060 5214 πλέον
3111 5161 3192 5224 είς
3246 5158 3346 5229 τὴν
3402 5155 3497 5211 τοῦ
3542 5166 3761 5224 προκει-

2179 5254 2345 5326 μένου
2402 5253 2604 5323 γνῶσιν
2639 5252 3118 5324 ὑπολειπομένων·
3178 5249 3293 5304 ἀλλ’
3326 5251 3404 5313 ὡς
3444 5246 3554 5302 οἶόν
3599 5259 3658 5296 τε
3693 5236 3761 5290 τὰ

2176 5347 2412 5417 κρείττω
2437 5346 2535 5417 τῆς
2560 5345 2912 5417 ἀνθρωπίνης
2939 5343 3232 5414 ἐπιϐουλῆς
3267 5344 3534 5407 ἐπινοίαις
3556 5337 3755 5408 ἀνθρωα

2175 5437 2361 5502 πίναις
2396 5437 2754 5501 πανευλαϐῶς
2783 5436 2881 5491 καὶ
2911 5437 3009 5491 σὺν
3045 5438 3258 5507 ἀγωνίᾳ
3305 5439 3572 5509 μενόντων
3603 5433 3759 5500 εὐμε-

2175 5531 2283 5597 νῶς
2308 5531 2530 5588 ἀκούειν
2562 5531 2657 5586 καὶ⁵
2684 5530 3070 5601 ἀποδέχεσθαι.

2259 5624 2350 5678 Ἐν
2394 5625 2473 5696 τῷ
2522 5625 2686 5679 παντὶ
2733 5623 3026 5696 τοιγαροῦν
3085 5625 3146 5677 τὸ
3200 5624 3355 5678 Θείόν
3404 5623 3569 5684 ἐστιν,
3624 5617 3752 5678 ὅπερ

2174 5722 2252 5785 εἰς
2286 5718 2585 5789 συζήτησιν
2640 5717 2909 5789 προετέθη
2965 5735 3068 5784 σοι,
3126 5717 3204 5781 ὡς
3258 5717 3412 5771 οὐδὲν
3445 5715 3550 5769 τῶν
3593 5709 3750 5762 όντων

2176 5815 2232 5868 ἐν
2261 5816 2372 5877 τοῖς
2403 5812 2583 5866 οὖσινο
2720 5815 2827 5882 γὰρ
2891 5813 2956 5867 ἄν
3002 5813 3062 5866 τὸ
3114 5813 3253 5884 ὑπὲρ
3289 5814 3463 5867 πάντα
3495 5808 3559 5863 τὰ
3607 5803 3743 5858 ὄντα»
