4144 6458
341 418 447 481 465

1306 412 1408 471 AD
1449 404 2046 471 AMPIIILOCHIUM
2086 402 2441 475 ΟΠᾸΞΞΤΙΟ
2480 400 2734 461 LXXIV.

3516 393 3621 458 666

338 530 398 585 ἐν
446 531 512 584 ἂν
566 523 638 599 ἦν
689 526 799 581 τῶν
856 525 1026 579 όντων
1089 525 1186 579 καὶ
1240 525 1269 579 ὁ
1326 524 1650 595 προαγωγός
1717 540 1776 577 τε
1829 518 1941 574 καῖ’

2051 520 2291 572 omnium
2321 523 2517 571 auctos
2537 523 2591 567 ct
2620 510 2934 573 fabricator,
2959 523 3101 562 unus
3123 516 3412 563 vocaretur
3439 522 3502 561 ex
3527 507 3617 573 iis,

336 622 668 697 δημιουργὸς
715 619 995 684 ἁπάντων,
1043 611 1123 681 εἷς
1166 618 1233 672 ἂν
1291 617 1631 689 ἐχρημάτιζε
1670 615 1782 668 τῶν
1832 612 1924 666 ὑπ’

339 716 507 771 αὑτοῦ
535 715 598 786 δη
608 711 1074 785 μιουργηθέντων.
1102 712 1276 765 Τοῦτο
1300 711 1409 783 γὰρ
1442 710 1754 780 νομοθετεῖν
1785 703 1931 762 οἶδεν

341 811 375 879 ἡ
409 808 548 878 πρὸς
575 808 645 859 τὰ
671 805 798 859 ὅντα
826 803 927 873 τῆς
951 802 1246 866 διαθέσεως
1278 804 1547 872 συγγενής
1575 819 1635 853 τε
1664 802 1758 853 καὶ
1795 802 1928 870 ὁμο-

340 904 515 973 ταγὴς
542 902 643 971 τῆς
665 897 1063 970 δημιουργικῆς
1090 897 1268 968 ἀρχῆς
1307 896 1586 961 κοινωνία,
1624 894 1845 948 ἐπειδὰν
1866 893 1929 947 τὸ

343 991 761 1064 ἀπαράλλακτόν
795 1008 881 1054 τις
908 989 1219 1055 ὲκϐιάζοιτο
1256 988 1356 1060 τὴν
1390 989 1575 1059 σχέσιν
1604 986 1750 1058 ἔχειν
1791 986 1929 1057 πρὸς

342 1086 547 1157 ἄλληλα
574 1086 641 1139 τὰ
669 1086 798 1137 ὅντα
838 1083 934 1137 καὶ
963 1084 1055 1137 τὸν
1084 1083 1327 1152 Κτίστην
1360 1082 1497 1152 πρὸς
1531 1080 1601 1134 τὰ
1629 1079 1927 1149 κτίσματα.

415 1176 626 1233 Οὐκοῦν
661 1177 737 1239 ὡς
763 1176 915 1230 οὐδὲν
936 1176 1046 1229 τῶν
1072 1175 1242 1230 ὅντων
1270 1178 1383 1237 τοῖς
1407 1172 1571 1228 αὑτοῦ
1597 1172 1937 1227 συνάπτεται

342 1274 435 1325 καὶ
484 1270 915 1339 συγκαταϐαίνει
954 1269 1016 1323 τὸ
1058 1268 1213 1321 Θεῖον
1244 1267 1725 1339 δημιουργήμασιν
1749 1281 1764 1297 ο
1813 1264 1929 1318 ἀλλ’

345 1362 619 1434 ίδιαζοὺσῃ
658 1362 899 1416 διαθέσει
942 1361 1036 1415 καὶ
1079 1360 1364 1430 οἰκονομίᾳ
1397 1357 1793 1428 διακεκριμένη
1830 1355 1930 1426 τὴν

343 1458 483 1527 πρὸς
511 1458 580 1511 τὰ
612 1458 743 1510 ὅντα
789 1457 972 1526 σχέσιν
1022 1454 1353 1527 ἁρμόζεταιο
1399 1453 1588 1522 ὥσπερ
1615 1452 1673 1505 δέ
1715 1452 1831 1504 ἐστι
1871 1450 1933 1503 τὸ

343 1552 497 1604 Θεῖον
525 1549 689 1619 σοφόν
729 1566 790 1602 τε
825 1548 943 1619 ἅμα
974 1548 1070 1602 καὶ
1096 1547 1427 1617 ὑπέρσοφον,
1457 1544 1591 1607 Θεός
1616 1560 1674 1596 τε
1712 1543 1933 1614 ἰσχυρὸς

344 1643 441 1696 καὶ
473 1641 763 1712 ὑπέρθεος,
801 1640 1009 1712 κυρίως
1046 1656 1106 1692 τε
1136 1638 1297 1691 οὑσία
1336 1637 1434 1691 καὶ
1467 1634 1813 1705 ὑπερούσιον,
1840 1633 1934 1688 καὶ

343 1734 652 1801 αὑτάγαθον
682 1732 887 1803 ὁμοίως
916 1732 1010 1785 καὶ
1037 1729 1407 1801 ὑπεράγαθον,
1444 1728 1620 1793 οὕτως
1665 1728 1935 1797 ὑπάρχειν

342 1825 565 1895 λέγεται
596 1825 698 1878 κάν
726 1824 803 1894 τῷ
833 1825 997 1877 παντὶ
1044 1825 1140 1875 καὶ
1181 1823 1323 1892 ὑπὲρ
1353 1821 1414 1874 τὸ
1445 1822 1581 1875 πᾶνο
1620 1821 1716 1875 ἐπὶ
1766 1819 1936 1890 μόνης

343 1919 453 1988 γὰρ
489 1919 586 1987 τῆς
636 1918 878 1987 ἀρρήτου
938 1916 1035 1969 καὶ
1075 1916 1433 1986 πολυωνύμου
1479 1916 1572 1969 καὶ
1621 1911 1935 1985 ὑπερφυοῦς

346 2011 583 2078 φύσεως,
616 2010 645 2061 ὁ
687 2008 1060 2077 καταφατικὸς
1097 2009 1206 2061 τῶν
1242 2008 1523 2077 ὀνομάτων
1572 2007 1762 2073 τύπος,
1807 2004 1935 2059 σύν-

346 2103 546 2171 δρομον
566 2103 707 2171 ῐσχει
730 2100 833 2171 τὴν
870 2099 1148 2171 σημασίαν
1182 2102 1294 2163 τοῖς
1322 2100 1408 2153 διὰ
1436 2098 1546 2152 τῶν
1579 2096 1936 2167 ἀποφατικῶν

345 2192 379 2259 ἢ
408 2189 747 2261 στερητικῶν
782 2189 978 2260 φωνῶν
1020 2190 1423 2260 σχηματισμοῖς
1460 2188 1680 2261 δηλοῦσι
1716 2188 1779 2242 τὸ
1809 2186 1936 2259 βού-

347 2281 527 2351 λημα·
566 2280 760 2353 διόπερ
800 2280 863 2335 τὸ
901 2283 961 2334 ὲν
1001 2281 1164 2334 παντὶ⁵
1210 2281 1311 2334 οὑκ
1347 2280 1494 2333 ἔστιν
1538 2279 1794 2349 ἀθέτησις
1840 2277 1937 2331 τοῦ

347 2372 489 2443 ὑπὲρ
514 2372 577 2425 τὸ
609 2374 716 2425 πᾶν
735 2390 750 2405 ο
782 2372 918 2427 ἀλλὰ
947 2372 1237 2442 συμφωνία
1269 2372 1472 2442 μᾶλλον
1498 2373 1593 2425 καὶ
1621 2371 1937 2442 βεϐαίωσιςο

346 2462 410 2515 οὐ
440 2461 544 2532 μὴν
575 2462 633 2514 δὲ
661 2459 776 2515 ἀλλ’
801 2462 923 2516 οὑδὲ
939 2462 999 2515 τὸ
1020 2462 1161 2532 ὑπὲρ
1183 2464 1290 2515 πᾶν
1311 2460 1665 2531 παραλλαγὴν
1685 2457 1936 2531 προλαμο

349 2553 972 2625 ϐάνειθαυμασιωτέραν
990 2553 1090 2623 τῆς
1109 2550 1474 2622 μυσταγωγοῦ
1489 2549 1790 2619 θεολογίας,
1810 2550 1941 2620 παρ’

352 2644 419 2713 ἣν
433 2645 465 2713 ἡ
481 2643 538 2698 ὲν
554 2644 631 2715 τῷ
646 2646 811 2697 παντὶ
840 2644 1259 2716 ίερολογουμένη
1293 2644 1498 2715 θεωρία
1523 2642 1907 2715 παραδίδωσιν.

425 2736 587 2789 Ὥστε
617 2738 645 2789 ὁ
670 2736 946 2807 διαπορῶν
988 2740 1036 2791 εί
1084 2739 1143 2791 ὲν
1162 2736 1237 2807 τῷ
1272 2736 1438 2790 παντὶ
1466 2735 1528 2788 τὸ
1553 2736 1707 2789 Θεῖον
1743 2736 1842 2788 οὐκ
1876 2734 1942 2788 ἂν

350 2826 495 2896 ὑπὲρ
511 2827 571 2877 τὸ
600 2828 730 2889 πᾶν,
761 2826 985 2897 λέληθεν
1008 2828 1203 2883 ἑαυτὸν
1228 2826 1328 2898 τὴν
1354 2827 1462 2880 τῶν
1498 2827 1658 2897 ίερῶν
1680 2828 1944 2897 ῥημάτων

349 2920 447 2971 ἐπὶ
463 2921 560 2989 τῆς
582 2918 798 2989 φύσεως
822 2921 1017 2990 χρῆσιν
1040 2918 1271 2989 ἀγνοῶν⁶
1300 2920 1514 2989 καὶτῆς
1531 2920 1795 2989 συνήθους
1816 2919 1946 2991 περ)⁵

349 3013 460 3065 τῶν
487 3012 689 3067 ὲνύλων
722 3013 937 3083 ὁμιλίας
968 3013 1123 3067 οὐδὲν
1154 3013 1489 3083 ὑψηλότερον
1517 3012 1638 3066 οὐδὲ
1672 3011 1945 3081 θειότερον

353 3102 486 3172 περὶ
514 3102 623 3155 τῶν
648 3103 829 3156 ὰΰλων
852 3103 1259 3174 φανταζόμενος
1278 3118 1291 3131 ·
1322 3101 1459 3155 ἀλλὰ
1486 3102 1595 3172 γὰρ
1624 3100 1741 3165 πῶς
1777 3104 1836 3156 ὲν
1868 3099 1945 3172 τῷ

2029 624 2152 679 (μιτε
2187 608 2256 663 ab
2290 608 2411 677 ipso
2458 604 2600 659 laeta
2635 609 2784 657 sunt.
2819 600 2973 655 llanc
2997 600 3144 655 enim
3181 600 3353 670 legem
3385 598 3619 669 imponit

2028 700 2348 757 communio
2396 712 2520 752 cum
2567 695 2656 759 iis,
2689 708 2812 764 quas
2862 702 3013 756 sunt,
3048 701 3103 745 et
3135 707 3327 746 eorum
3362 691 3621 761 cognatio

2029 812 2059 851 a
2107 794 2358 864 Principe
2387 800 2442 847 et
2485 790 2744 845 Creatore
2776 784 3043 856 profecta,
3097 784 3144 839 si
3193 786 3319 854 quis
3366 799 3463 854 per
3508 784 3616 838 vim

2031 888 2259 949 nitatur,
2311 892 2367 939 et
2395 882 2540 953 quod
2573 879 2773 935 variari
2805 894 2913 932 non
2948 886 3146 946 potest,
3183 887 3432 932 mutuam
3466 878 3620 931 ltabi~

2030 981 2277 1038 tudinem
2322 991 2450 1031 cum
2499 972 2663 1028 rebus
2710 970 2935 1035 habeat,
2971 978 3028 1024 et
3054 967 3282 1024 Greater
3313 985 3438 1029 eum
3469 984 3623 1025 creao

2033 1069 2174 1125 turis

2098 1163 2264 1234 Igitur
2287 1171 2550 1230 tanquam
2581 1156 2720 1212 nihil
2743 1170 2938 1211 eorum
2984 1168 3107 1223 quae
3142 1159 3294 1217 sunt,
3326 1167 3451 1206 cum
3505 1151 3622 1205 suis

2032 1255 2407 1327 conjungitur,
2440 1262 2497 1313 et
2526 1250 2766 1306 demittit
2786 1264 2846 1309 se
2882 1248 3020 1301 Deus
3051 1246 3117 1300 ad
3146 1260 3277 1301 suas
3314 1251 3633 1307 creaturas,

2033 1350 2128 1408 sed
2186 1348 2403 1419 propria
2455 1343 2820 1413 dispositione
2866 1347 2923 1394 et
2978 1339 3286 1395 (economia
3340 1334 3624 1397 distincta,

2033 1454 2189 1496 suam
2221 1452 2347 1491 cum
2399 1434 2564 1489 rebus
2594 1430 2969 1486 habitudinem
3003 1436 3174 1497 aptat.
3232 1424 3385 1480 Sicut
3444 1434 3625 1478 autem

2033 1540 2120 1588 est
2148 1529 2294 1584 Deus
2318 1528 2539 1597 sapiens
2564 1524 2730 1579 simul
2780 1535 2836 1576 et
2863 1536 3026 1592 supra
3059 1519 3358 1589 sapientes,
3388 1526 3441 1573 et
3474 1515 3629 1571 fortis

2039 1626 2179 1679 Deus
2211 1632 2265 1677 et
2286 1636 2451 1691 supra
2484 1619 2671 1681 fortes,
2704 1624 2759 1670 et
2794 1630 2957 1683 supra
2988 1613 3146 1678 deos,
3175 1621 3229 1666 et
3251 1610 3467 1681 proprie
3495 1608 3628 1663 sub-

2036 1717 2234 1774 stantia
2255 1727 2488 1783 etsupra
2507 1709 2895 1772 substantiam,
2915 1715 2970 1762 ct
2994 1708 3170 1776 ipsum
3202 1721 3298 1775 per
3316 1719 3373 1758 se
3397 1704 3627 1764 bonum,

2036 1823 2090 1867 et
2104 1810 2357 1867 similiter
2385 1821 2549 1876 supra
2570 1804 2805 1867 bonum;
2837 1799 3137 1855 sicdicitur
3154 1812 3277 1852 esse
3300 1796 3353 1849 in
3381 1794 3553 1857 omni,
3576 1804 3630 1848 et

2040 1919 2205 1975 supra
2249 1916 2434 1958 omne.
2485 1900 2539 1952 In
2555 1898 2670 1953 sola
2708 1895 2856 1950 enim
2879 1900 3099 1952 natura,
3144 1906 3266 1959 qure
3292 1903 3456 1958 supra
3478 1895 3631 1940 natu-

2041 2014 2156 2053 ram
2189 2005 2294 2061 est,
2326 2002 2514 2062 etquae
2540 1990 2648 2046 dici
2682 2004 2791 2043 non
2817 1995 3019 2056 potest,
3045 1994 3100 2038 ct
3126 1984 3421 2037 multorum
3454 1980 3631 2033 nomi-

2039 2105 2170 2145 num
2195 2084 2578 2143 aﬂirmantium
2597 2078 3054 2151 signiﬁcationem
3084 2076 3252 2130 habet
3282 2073 3632 2128 consentien-

2039 2191 2148 2237 tem
2176 2195 2301 2235 cum
2328 2178 2504 2233 forma
2528 2188 2726 2230 vocum
2765 2170 3081 2239 negantium
3108 2205 3123 2230 ,
3157 2166 3240 2220 vel
3272 2163 3627 2233 privantium.

2042 2274 2117 2329 Ex
2151 2289 2260 2342 quo
2292 2269 2370 2331 tit.
2401 2278 2460 2323 ιιι
2496 2280 2619 2321 esse
2663 2264 2718 2318 in
2752 2261 2928 2326 omni,
2976 2274 3083 2313 non
3116 2264 3276 2326 neget
3305 2268 3426 2308 esse
3465 2265 3630 2320 supra

2038 2380 2221 2431 omne,
2264 2363 2357 2418 sed
2394 2358 2575 2427 potius
2604 2354 2912 2414 continuet,
2965 2359 3022 2405 et
3088 2362 3195 2401 non
3254 2345 3360 2399 hoc
3422 2342 3630 2403 solum,

2043 2476 2145 2516 nec
2175 2472 2299 2513 esse
2339 2467 2505 2523 supra
2543 2462 2725 2512 omne,
2774 2446 3133 2499 variationem
3168 2435 3629 2493 admirabiliorem

2044 2553 2099 2607 in
2135 2547 2409 2616 theologia
2453 2543 2650 2613 recipit
2702 2547 2903 2610 praeter
2938 2550 3082 2599 eam,
3111 2545 3278 2601 quam
3310 2526 3477 2581 tradit
3510 2537 3632 2579 esse

2044 2644 2099 2698 in
2130 2639 2301 2697 omni.

2114 2732 2294 2798 Quare
2344 2725 2438 2798 qui
2494 2721 2727 2786 dubitat,
2772 2718 2817 2773 si
2864 2716 3007 2770 Deus
3033 2721 3131 2768 ..est
3176 2711 3229 2764 in
3279 2707 3463 2770 omni,
3523 2721 3633 2759 non

2045 2840 2169 2883 esse
2198 2836 2363 2892 supra
2396 2832 2581 2881 omne,
2610 2814 2825 2885 ignorat
2849 2811 2895 2864 is
2929 2822 3088 2863 usum
3121 2817 3404 2861 sacrarum
3438 2815 3635 2854 vocum

2046 2921 2114 2975 de
2170 2915 2355 2971 divina
2422 2919 2655 2973 natura;
2712 2916 2768 2959 et
2839 2901 2977 2956 nihil
3023 2898 3188 2953 altius
3253 2908 3432 2964 neque
3499 2892 3640 2947 divi-

2049 3012 2202 3074 nius,
2254 3019 2419 3075 quam
2476 2997 2824 3056 consuetudo
2845 3008 3028 3048 rerum
3076 3001 3466 3059 enrporearum
3515 2982 3637 3049 fert,

2049 3107 2118 3162 de
2150 3103 2238 3166 iis,
2266 3113 2389 3170 quae.
2434 3093 2665 3150 materia
2700 3096 2919 3152 vacant,
2968 3085 3190 3156 cogitat.
3226 3080 3329 3135 Sed
3362 3077 3643 3149 quomodo

352 3195 552 3261 παντί;
576 3194 789 3264 εἴρηται
816 3196 915 3266 μὲν
930 3196 1006 3260 ὡς
1026 3197 1148 3250 κατ’
1166 3195 1358 3251 οὐδένα
1384 3196 1586 3267 τρόπον
1612 3195 1720 3248 τῶν
1746 3193 1933 3249 ὅντων.

2051 3208 2127 3256 est
2174 3165 2232 3247 in
2285 3165 2496 3243 omni?
2564 3182 2779 3237 Dictum
2860 3176 3007 3232 enim
3090 3181 3195 3237 est,
3243 3170 3394 3224 nullo
3476 3165 3660 3221 modo.

353 3288 422 3340 El
483 3286 541 3340 δὲ
594 3287 676 3341 δεῖ
724 3305 779 3341 τι
828 3286 1030 3358 μᾶλλον
1092 3288 1588 3360 θεωρητικωτέρων
1653 3286 1943 3357 δογμάτων

358 3379 497 3448 πρὸς
521 3378 581 3431 τὸ
608 3378 742 3449 ὕψος
776 3379 850 3450 μὴ
878 3379 1275 3444 ἁποδειλιάσαι,
1301 3380 1418 3433 ἐστι
1435 3380 1497 3433 τὸ
1522 3379 1675 3433 Θεῖον
1700 3381 1758 3432 ἐν
1782 3378 1946 3432 παν-τὶ⁷

358 3474 486 3524 κατ’
518 3472 803 3542 ὲνέργειάν
832 3490 893 3526 τε
922 3474 1017 3526 καὶ
1049 3473 1172 3527 κατ’
1201 3474 1387 3526 οὐσίαν
1407 3490 1422 3504 δ
1458 3474 1549 3527 καὶ
1580 3474 1654 3545 μή
1687 3490 1776 3543 μοι
1796 3473 1945 3541 λέγε,

361 3562 481 3626 πῶς
508 3580 524 3629 ;
550 3564 876 3636 προείρηται
910 3566 1005 3617 καὶ
1034 3564 1108 3627 ὡς
1133 3567 1254 3618 κατ’
1286 3564 1476 3618 οὐδένα
1504 3566 1704 3635 τρόπον
1727 3565 1837 3617 τῶν
1862 3566 1949 3618 δν-

357 3673 504 3709 των·
548 3656 664 3719 πῶς
706 3652 801 3711 οὖν
851 3659 968 3710 ἐστι
1010 3657 1128 3710 κατ’
1162 3658 1387 3723 οὑσίαν;
1428 3657 1503 3720 ὡς
1536 3658 1793 3728 ἐννοήσας
1826 3657 1949 3710 κατ’

361 3749 646 3820 ἐνέργειαν
666 3765 683 3782 ο
719 3748 906 3821 ἐπειδὴ
940 3750 1049 3819 γὰρ
1073 3750 1140 3802 τὰ
1171 3749 1271 3819 μὲν
1301 3749 1437 3803 ἄλλα
1460 3751 1555 3802 καὶ
1581 3750 1811 3820 δυνάμει
1833 3748 1951 3801 ὲστί

362 3857 496 3893 ποτε
525 3842 620 3894 καὶ
648 3841 920 3912 ἐνεργείᾳ,
962 3843 1022 3894 τὸ
1061 3841 1117 3895 δὲ
1146 3841 1320 3906 Θεῖον,
1349 3841 1423 3905 ὡς
1456 3843 1485 3895 ό
1512 3842 1822 3913 διορατικδς
1863 3842 1951 3893 έν-

361 3934 575 4003 νοήσειε
617 3932 761 3996 νοῦς,
792 3934 989 4003 ἀείπερ
1018 3934 1164 3987 ἐστὶν
1190 3936 1474 4004 ἐνέργειαο
1507 3935 1567 3987 οὑ
1598 3935 1706 4005 γὰρ
1744 3932 1804 3997 ἐξ
1829 3934 1954 3987 ἀτε-

361 4025 490 4088 λοῦς
520 4028 601 4088 είς
624 4026 940 4091 τελειότητα
965 4027 1232 4098 πρόεισιν,
1271 4027 1378 4079 οὐδ’
1411 4027 1538 4082 ἄλλο
1568 4044 1621 4079 τι
1666 4027 1818 4097 παρᾶ
1853 4026 1954 4094 τὴν

362 4119 782 4188 αὑτοενέργειάν
836 4121 954 4172 ἐστι
1005 4119 1067 4173 τὸ
1112 4120 1447 4183 αὐτοούσιον,
1483 4120 1641 4190 δῆλον
1672 4120 1748 4183 ὼς
1781 4121 1837 4172 έν
1874 4113 1956 4181 οἷς

370 4215 489 4266 ἐστι
518 4214 639 4266 κατ’
668 4212 972 4282 ἐνέργειαν,
1010 4215 1067 4265 ἐν
1094 4214 1207 4276 τοῖς
1235 4213 1420 4276 αὐτοῖς
1453 4214 1567 4266 ἐστι
1596 4213 1693 4268 καὶ
1719 4212 1839 4264 κατ’
1866 4210 1957 4264 οὑ-

368 4303 493 4356 σίαν
521 4322 534 4333 ·
564 4306 780 4374 ἐνεργεῖ
829 4303 931 4373 μὲν
968 4304 1077 4374 γὰρ
1124 4304 1266 4358 κατὰ
1306 4304 1537 4374 συνοχὴν
1576 4304 1670 4356 καὶ
1696 4303 1959 4372 διαμονὴν

368 4395 479 4448 τῶν
498 4396 669 4448 ὄντων
690 4412 705 4427 ο
741 4396 916 4447 οὑσιοῖ
946 4395 1002 4447 δὲ
1036 4396 1132 4448 καὶ
1164 4395 1450 4465 διακρατεῖ
1480 4395 1588 4449 τῶν
1623 4395 1962 4466 δημιουργη-

370 4487 575 4541 θέντων
620 4488 712 4540 ὑπ’
740 4487 905 4541 αὑτοῦ
931 4488 1030 4557 τὴν
1062 4487 1246 4556 φύσιν.

447 4756 573 4819 Πῶς
618 4752 712 4811 οὖν
770 4758 833 4812 τὸ
876 4759 1030 4813 Θεῖόν
1078 4759 1197 4813 ἐστι
1244 4758 1521 4824 οὑσιωδῶς
1560 4761 1618 4812 ἐι)
1668 4758 1745 4829 τῷ
1779 4758 1964 4825 παντὶ,

370 4848 434 4901 οὒ
476 4848 573 4918 μία
609 4866 694 4911 τις
749 4849 813 4902 ὲκ
863 4850 1071 4903 τούτων
1113 4850 1459 4903 ἀποτελεῖται
1493 4850 1845 4915 συνουσίωσις
1871 4850 1967 4905 καὶ

373 4940 565 5023 (ptime;
613 4941 696 4993 ὃτι
736 4941 845 4994 οὐδ’
888 4942 1017 4995 ὅταν
1070 4941 1221 5013 αὐτῷ
1273 4944 1461 5012 ὲννοῇς
1505 4943 1627 4996 κατ’
1684 4944 1967 5013 ἐνέργειαν

373 5033 470 5087 καὶ
508 5034 675 5107 λέγῃς
723 5036 780 5087 έν
829 5036 907 5103 τῷ
975 5035 1141 5089 παντὶ
1185 5031 1356 5100 εἶναι,
1418 5035 1527 5088 οὐδ’
1578 5033 1752 5097 οὑτως
1814 5034 1970 5087 ἔσται

379 5124 866 5194 συντετελεσμένον
926 5124 1021 5178 καὶ
1079 5123 1295 5193 φύσεως
1338 5124 1495 5192 λόγον
1531 5123 1728 5193 ἐπέχον
1771 5121 1832 5174 τὸ
1871 5122 1963 5175 δυ-

374 5214 608 5285 νάμενον
658 5215 953 5286 ὁλόκληρόν
1004 5232 1122 5278 πως
1176 5216 1434 5283 ὑποσχεῖν
1505 5213 1605 5284 τὴν
1656 5212 1846 5283 χρείαν
1904 5210 1967 5264 ἐκ

374 5324 437 5360 τε
481 5307 577 5361 τοῦ
632 5308 837 5371 παντὸς
888 5310 982 5362 καὶ
1038 5309 1103 5362 ὲκ
1154 5309 1255 5373 τῆς
1299 5307 1448 5370 θείας
1510 5306 1604 5361 καὶ
1658 5305 1962 5376 κρείττονος

377 5399 657 5454 συνελθεῖν
717 5401 889 5471 ἑτέρῳ
947 5400 1081 5471 πρὸς
1153 5401 1283 5469 μίαν
1337 5398 1687 5460 ὑποστάσεως
1750 5396 1971 5450 αὑτοτέ-

376 5493 566 5546 λειαν’
606 5492 700 5546 καὶ
746 5494 863 5557 πῶς
921 5494 988 5547 ἂν
1024 5493 1085 5547 τὸ
1133 5494 1256 5546 κατ’
1295 5493 1486 5545 οὐσίαν
1530 5492 1778 5560 ὑπάρχον
1829 5490 1966 5556 τινί;

374 5584 543 5638 τοῦτο
566 5584 676 5656 γὰρ
702 5584 923 5653 εὔλογον
949 5584 1375 5657 προσεπιζητεῖν
1407 5583 1581 5636 δοκεῖ·
1618 5582 1744 5652 μίαν
1770 5583 1972 5635 ἐννοεῖν

380 5678 486 5729 οὑκ
518 5678 816 5747 ἀπαρτίζει
846 5680 942 5732 σὺν
969 5679 1163 5748 ἐκείνῳ
1192 5679 1507 5732 ὑπόστασιν.
1552 5674 1690 5727 Ἀλλ’
1724 5676 1783 5727 οὑ
1816 5674 1973 5743 χαλε·

384 5766 489 5820 πὸν
531 5768 892 5823 ἐπιλύσασθαι
913 5810 927 5834 ,
967 5770 1049 5823 ὅτι
1081 5770 1256 5823 διττὸν
1288 5769 1507 5837 λέγεται
1546 5767 1607 5819 τὸ
1636 5765 1755 5820 κατ’
1781 5764 1971 5819 οὐσίαν

384 5856 659 5928 ὑπάρχειν
688 5860 793 5914 τινί
806 5876 821 5893 ⁸
858 5862 919 5915 τὸ
957 5860 1055 5931 μὲν
1084 5859 1192 5932 γὰρ
1216 5859 1325 5915 τῶν
1357 5858 1771 5932 σημαινομένων
1804 5857 1861 5911 ἐν
1896 5856 1972 5926 τῷ

2051 3302 2241 3345 earum
2293 3294 2474 3335 rerum
2526 3290 2648 3345 qure
2695 3278 2826 3327 sunt
2861 3288 2873 3323 :
2906 3268 2999 3324 sed
3047 3267 3093 3321 si
3147 3271 3367 3334 oportet
3419 3258 3632 3330 aliquid

2052 3382 2232 3437 adhuc
2286 3374 2468 3428 dicere
2526 3365 2673 3437 quod
2738 3362 2811 3419 sit
2843 3358 3069 3428 majoris
3124 3350 3641 3422 contemplationis,

2055 3475 2122 3529 iis
2185 3468 2391 3527 etiam,
2453 3459 2547 3531 qui
2599 3464 2726 3512 sunt
2778 3453 2973 3508 altiore
3037 3457 3219 3503 mente
3267 3442 3518 3516 prtcditi,
3591 3451 3647 3494 et

2054 3578 2166 3618 non
2198 3558 2377 3614 solent
2412 3549 2712 3607 formidare
2742 3553 2796 3600 et
2826 3542 3014 3612 fugere
3044 3537 3388 3594 altitudinem
3414 3536 3643 3602 dogma—

2058 3663 2173 3708 ttttn
2210 3646 2383 3718 magis
2423 3639 2862 3706 theologicorum
2893 3675 2908 3699 ,
2954 3642 3037 3685 est
3092 3628 3234 3682 Deus
3262 3636 3385 3681 actu
3419 3634 3474 3677 et
3514 3626 3649 3678 sub-

2059 3737 2256 3795 stantia
2275 3712 2517 3789 inomni.
2546 3723 2835 3793 Quomodo
2865 3720 3031 3791 igitur
3055 3726 3140 3773 est
3165 3713 3472 3783 substantia
3503 3712 3650 3766 sicut

2062 3821 2376 3885 intellexisti
2430 3818 2594 3875 actu?
2640 3815 2768 3886 quia
2803 3811 2954 3867 enim
3002 3809 3109 3863 alia
3140 3815 3271 3861 sunt
3315 3802 3652 3873 quandoque

2062 3930 2225 3985 actu;
2283 3916 2429 3969 Deus
2479 3925 2609 3965 vero
2663 3909 2745 3977 (ut
2794 3904 2897 3974 qui
2948 3901 3121 3955 aciem
3178 3896 3375 3952 mentis
3431 3905 3650 3949 acutam

2064 4013 2249 4071 habet,
2293 4004 2594 4071 intelligere
2639 3998 2836 4070 potest)
2882 4008 3101 4062 semper
3149 3989 3304 4044 adest
3345 3996 3506 4051 actu;
3543 3999 3652 4038 non

2063 4106 2210 4161 enim
2251 4117 2318 4155 ex
2352 4094 2673 4167 imperfecto
2703 4090 2767 4144 ad
2822 4088 3123 4158 perfectum
3171 4080 3434 4152 procedit,
3474 4092 3655 4146 neque

2064 4197 2209 4251 aliud
2244 4189 2373 4261 quid
2420 4197 2501 4243 est
2534 4200 2658 4241 esse
2689 4184 2869 4252 ipsqu
2904 4194 2996 4248 per
3026 4191 3106 4230 se
3155 4176 3383 4235 bonum,
3421 4177 3649 4239 praeter-

2065 4302 2229 4358 quam
2274 4286 2453 4353 ipsum
2508 4290 2632 4333 esse
2731 4288 2827 4343 per
2913 4285 2972 4325 se
3029 4278 3232 4331 artum,
3304 4265 3498 4332 liquet,
3594 4261 3655 4315 in

2066 4354 2270 4452 quibus
2303 4385 2388 4431 est
2427 4384 2574 4436 actu,
2611 4371 2664 4423 in
2722 4368 2791 4421 iis
2827 4366 2962 4436 ipsis
2994 4377 3114 4416 esse
3161 4357 3514 4421 substantia;
3546 4354 3657 4425 agit

2069 4471 2215 4525 cnim
2268 4461 2740 4522 conservationem
2790 4466 2843 4510 et
2889 4452 3231 4507 durationcm
3284 4464 3477 4503 eorum
3535 4461 3660 4516 quae

1993 4590 2039 4646 Ι)
2070 4572 2219 4616 sunt.
2253 4560 2537 4614 Sustentat
2569 4561 2751 4606 autem
2794 4558 2849 4603 et
2877 4547 3125 4601 continet.
3156 4551 3406 4596 naturam
3437 4553 3657 4601 eorum,

2067 4671 2187 4725 quae
2211 4654 2278 4705 ab
2304 4653 2421 4717 ipso
2462 4654 2642 4701 creata
2674 4651 2823 4697 sunt.

2141 4744 2429 4812 Quomodo
2461 4741 2625 4811 igitur
2662 4736 2707 4790 si
2758 4736 2901 4789 Deus
2948 4738 3032 4786 cst
3061 4728 3364 4785 secundum
3402 4726 3662 4782 substan-

2071 4841 2198 4895 tiam
2244 4840 2296 4892 iu
2337 4835 2487 4890 omni
2526 4877 2539 4896 ,
2593 4847 2704 4885 non
2772 4827 3061 4883 coniicitur
3121 4838 3228 4877 una
3282 4837 3347 4876 ex
3405 4819 3663 4874 omnibus

2071 4930 2445 4991 συνουσίωσις,
2496 4925 2549 4979 id
2598 4932 2701 4989 est,
2767 4917 3260 4976 consubstantiatio
3308 4924 3363 4968 et
3424 4911 3661 4966 natura?

2070 5021 2341 5089 Quoniam
2369 5030 2544 5086 neque
2568 5029 2694 5067 eum
2730 5012 2907 5081 ipsum
2938 5008 3196 5078 intelligis
3239 5004 3539 5060 secundum
3566 5017 3660 5055 ac-

2072 5125 2211 5178 tutu,
2256 5121 2311 5167 et
2355 5108 2493 5164 dicis
2531 5115 2656 5160 aetu
2704 5119 2826 5159 esse
2892 5101 2948 5155 in
3017 5099 3205 5162 omni,
3300 5111 3477 5165 neque
3556 5094 3657 5157 sic,

2078 5208 2323 5276 inquam,
2346 5202 2450 5258 erit
2470 5202 2802 5256 constitutus
2829 5206 2881 5249 et
2910 5194 3172 5247 rationem
3201 5200 3408 5244 natura:
3432 5188 3662 5253 habens,

2076 5302 2169 5369 qui
2227 5295 2403 5367 possit
2454 5292 2639 5347 subire
2689 5290 2957 5357 integrum
3014 5281 3420 5353 quodammodo
3473 5294 3662 5341 usum,

2071 5390 2422 5449 constitutus,
2451 5384 2697 5451 inquam,
2742 5397 2809 5435 ex
2856 5382 3003 5434 omni
3048 5386 3103 5432 et
3144 5393 3209 5429 ex
3235 5375 3415 5428 divina
3446 5380 3664 5433 natura,

2072 5497 2193 5552 quae
2220 5475 2564 5549 praestantior
2590 5482 2694 5539 est,
2719 5488 2882 5541 quam
2919 5480 2977 5525 ut
3011 5469 3183 5539 possit
3212 5482 3337 5521 cum
3385 5463 3490 5516 alio
3530 5476 3664 5514 con-

2075 5573 2221 5645 gtetli
2282 5568 2349 5623 ad
2380 5582 2540 5620 unam
2568 5572 2735 5617 totam
2790 5562 3097 5633 Itypostasis
3143 5558 3551 5629 perfectionem.
3595 5554 3660 5608 Et

2074 5664 2351 5739 quomodo
2420 5675 2543 5715 esse
2597 5658 2895 5711 secundum
2952 5655 3317 5711 substantiam
3371 5653 3423 5705 in
3476 5650 3663 5720 aliquo

2078 5766 2216 5835 (lucc
2241 5757 2387 5815 enim
2439 5756 2668 5824 quarstio
2694 5754 2857 5824 digna
2887 5754 3099 5807 videtur
3128 5748 3497 5821 indagatione)
3550 5763 3660 5801 non

2078 5853 2232 5917 facit,
2267 5860 2325 5904 ut
2366 5846 2734 5918 intelligamus
2764 5861 2926 5899 unam
2970 5860 3094 5900 cum
3144 5842 3236 5899 illo
3284 5838 3663 5913 ltypostasitnz
