4144 6440
346 385 462 454 169

1316 392 1417 453 AD
1450 389 2047 452 AM-PHILOCHIUM
2083 387 2438 462 QUIESTIO
2479 389 2741 450 LXXVI.

3525 385 3633 449 170

341 498 518 569 αύτην
563 499 831 571 ῥημάτων
882 499 1000 572 (91)
1045 501 1319 572 ὠφέλειαν
1368 503 1470 573 τὴν
1513 503 1687 572 ἀκοὴν
1730 500 1928 565 ἀνοῖξω

2049 499 2289 569 pandere
2310 499 2588 553 volebant.
2623 498 2750 552 Ideo
2775 497 3062 568 propheta,
3092 497 3414 553 surditatem
3435 513 3630 554 eorum

339 590 632 655 ἐθέλοντας
663 592 777 664 (92)
797 634 815 660 ,
841 592 966 647 οὕτε
990 595 1127 667 πρὸς
1162 594 1305 649 οὕτω
1352 595 1678 666 θεοπρεπεῖς
1721 592 1936 662 θαυμά-

337 698 450 735 των
491 682 606 754 (95)
653 683 1010 756 λαμπηδόνας
1043 687 1172 750 τοὺς
1223 685 1538 757 ὀφθαλμοὺς
1584 684 1934 739 ἀναπετάσαι

341 772 728 845 βουληθέντας.
775 776 868 830 Διὸ
915 778 1010 830 καὶ
1045 779 1072 831 ό
1116 779 1403 849 προφήτης
1446 779 1508 831 τὺ
1537 777 1722 847 κωφὸν
1750 777 1934 840 αὐτοῖς

339 866 438 918 ναὶ
463 868 665 936 τυφλὸν
708 869 810 922 οὐκ
847 869 1167 940 ἀλλαχόθεν,
1204 872 1269 924 ἐκ
1317 872 1372 924 δὲ
1399 873 1499 941 τῆς
1540 871 1678 935 ίδίας
1725 871 1932 941 μοχθη-

343 957 467 1025 ρίας
536 961 805 1028 περιεῖναι
858 959 1411 1032 διαμαρτυρὸμενος,
1477 980 1496 1014 ι
1564 961 1879 1032 Ἐπαχύνθη
1910 1001 1927 1026 ,

2040 601 2097 648 et
2141 592 2444 648 caecitatem
2490 607 2599 645 non
2667 591 2772 644 nisi
2824 606 2889 645 ex
2938 591 3157 661 propria
3208 591 3413 646 malitia
3454 601 3628 646 ortam

2041 690 2363 746 testaturus,
2401 681 2480 735 ait
2513 700 2525 734 :
2562 700 2580 732 ι
2611 681 2980 739 lncrassatum
3014 681 3158 735 enim
3190 691 3273 735 est
3311 697 3407 735 cor
3445 681 3630 750 populi

2042 775 2229 846 hujus.
2265 793 2285 827 ι
2323 774 2388 828 Ει
2417 774 2692 844 quoniam
2730 773 3108 828 iucrassarunt
3138 789 3232 828 cor
3268 789 3453 837 suum,
3501 790 3632 844 pros

2040 877 2224 938 pterea
2281 866 2515 922 auribus
2551 866 2668 921 suis
2719 881 2863 938 :egre
2894 864 3147 928 audiunt,
3195 875 3249 920 et
3289 866 3465 921 oculis
3510 866 3628 920 suis

2041 950 2271 1016 nictatit.

339 1049 498 1120 φησὶ,
553 1049 815 1122 ήκαρδία
861 1051 959 1106 τοῦ
1008 1052 1140 1107 λαοῦ
1188 1053 1404 1108 τούτου.
1445 1072 1464 1106 ι
1501 1053 1612 1108 Καὶ
1661 1054 1784 1108 ἐπεὶ
1827 1054 1929 1124 τὴν
1965 1053 2194 1124 καρδίαν
2261 1051 2445 1107 αὐτῶν
2508 1049 2813 1122 ἐπάχυναν,
2860 1050 2950 1105 διά
2999 1050 3158 1106 τοῦτο
3210 1054 3306 1108 καὶ
3357 1058 3471 1120 τοῖς
3523 1060 3627 1115 ὠσὶ

341 1145 558 1216 βαρέως
591 1146 859 1218 ἥκουσαν,
895 1148 1144 1213 καὶτοὺς
1183 1149 1498 1221 ὀφθαλμοὺς
1541 1149 1724 1203 αὐτῶν
1751 1148 2099 1218 ἐκάμμυσαν.

412 1234 545 1291 Εἶτα
598 1239 725 1310 μηδ’
753 1240 1032 1310 ἀνανῆψαι
1081 1242 1307 1306 τούτους
1350 1242 1557 1296 ἐθέλειν
1608 1241 1787 1313 δηλῶν
1835 1243 1936 1312 τῆς

337 1330 589 1384 ἑκουσίου
635 1332 963 1403 πηρώσεως,
996 1334 1232 1400 ἐπάγει·
1270 1353 1289 1387 ι
1329 1335 1420 1406 Μή
1456 1351 1586 1388 ποτε
1624 1334 1776 1388 [δωσι
1824 1336 1936 1397 τοῖς

336 1421 664 1493 ὀφθαλμοῖς,
710 1426 805 1478 κα)⁵
835 1428 948 1488 τοῖς
979 1424 1114 1478 ὠσὶν
1143 1425 1446 1493 ἀκούσωσι,
1492 1425 1590 1480 καὶ
1617 1427 1684 1498 τῇ
1735 1426 1933 1498 καρδία

339 1513 545 1568 συνῶσι
596 1516 690 1569 καὶ
738 1516 1150 1589 ὲπιστρέψωσι,
1208 1517 1304 1571 καὶ
1357 1517 1605 1588 ίάσωμαι
1649 1517 1870 1581 αύτούς.
1906 1536 1924 1570 ι

350 1604 772 1678 Ἐπαχύνθησαν
820 1607 1115 1680 τοιγαροῦν
1157 1609 1257 1682 τὴν
1319 1611 1571 1682 καρδίαν,
1629 1609 1719 1664 διὰ
1778 1607 1938 1664 τοῦτο

339 1698 558 1767 βαρέως
587 1699 852 1769 ἥκουσαν,
903 1701 1000 1755 καὶ
1042 1702 1170 1766 τοὺς
1200 1701 1517 1774 ὀφθαλμοὺς
1553 1703 1733 1757 αὐτῶν
1759 1702 1938 1772 ἐκάμ-

341 1806 546 1860 μυσαν.
587 1791 953 1863 Ἐκάμμυσαν
979 1793 1038 1848 δέ
1068 1797 1198 1857 τοὺς
1230 1794 1569 1866 ὀφθαλμοὺς,
1603 1796 1697 1850 καὶ
1725 1794 1794 1849 τά
1823 1788 1938 1849 ὦτα

336 1881 636 1955 ἐσάρυναν,
664 1885 878 1955 μήποτε
910 1885 1064 1939 ίδωσι
1093 1887 1207 1949 τοῖς
1233 1885 1558 1956 ὀφθαλμοῖς.
1579 1887 1675 1941 κα).
1701 1889 1812 1950 τοῖς
1832 1886 1937 1940 ώσ).

2117 1237 2541 1309 Signiﬁcaturus
2565 1253 2751 1308 porro,
2788 1237 3007 1294 eosdem
3033 1255 3099 1294 ex
3128 1251 3427 1310 spontanca
3465 1247 3628 1301 caici-

2043 1335 2155 1382 tate
2180 1343 2286 1382 non
2330 1344 2454 1384 esse
2482 1329 2867 1398 evigilaturos,
2916 1331 3089 1396 addit,
3134 1351 3152 1383 ι
3183 1331 3259 1387 Ne
3287 1335 3510 1401 quando
3541 1338 3628 1391 vi-

2039 1420 2206 1475 deant
2253 1420 2449 1485 oculis,
2486 1429 2541 1475 et
2570 1420 2799 1475 auribus
2847 1421 3091 1488 audiant,
3125 1433 3179 1479 et
3210 1425 3373 1480 corde
3424 1427 3628 1482 intelli—

2039 1517 2260 1580 gant,et
2275 1519 2761 1574 convertantur,et
2776 1527 2877 1582 ego
2900 1513 3023 1568 illos
3045 1530 3256 1569 sanem.
3285 1535 3304 1568 ι
3333 1516 3628 1574 lucrassati

2037 1603 2219 1672 itaque
2248 1609 2405 1657 erant
2439 1601 2646 1658 corde:
2677 1612 2968 1674 propterea
3008 1621 3152 1676 mgre
3175 1608 3529 1677 audiverunt,
3570 1622 3626 1666 et

2041 1693 2235 1749 oculos
2264 1708 2399 1749 suos
2433 1693 2812 1749 occluserunt.
2853 1693 3217 1753 Occluserunt
3266 1715 3398 1755 vero
3435 1702 3629 1758 oculos

2037 1802 2192 1850 suos.
2224 1795 2279 1841 et
2325 1801 2490 1841 aures
2515 1785 2764 1842 difﬁciles
2795 1789 3177 1856 reddiderunt,
3232 1807 3302 1847 ne
3335 1793 3514 1849 oculis
3545 1795 3628 1849 vi-

2037 1880 2254 1944 derent,
2284 1889 2339 1934 et
2379 1880 2610 1936 auribus
2659 1880 2936 1936 audirent.
2970 1880 3216 1952 Utroque
3273 1900 3402 1939 vero
3457 1902 3626 1942 sensu

338 1974 670 2031 ἀκούσωσιν.
706 1976 819 2030 Καὶ
847 1975 1057 2030 τούτων
1080 1977 1138 2032 δὲ
1167 1977 1267 2048 τὴν
1301 1978 1555 2049 πήρωσιν
1583 1978 1800 2041 ἑκόντες
1827 1978 1928 2032 ὐπ-

2038 1983 2232 2043 sponte
2253 1987 2311 2028 se
2337 1973 2643 2043 privarunt,
2676 1987 2745 2027 ne
2773 1975 3025 2030 conversi
3055 1975 3351 2046 aliquando
3382 1993 3413 2032 a
3460 1979 3626 2033 tantis

333 2067 501 2138 ἦλθον
532 2068 670 2140 (94),
705 2068 794 2122 ἴνα
825 2068 901 2140 μὴ
944 2069 1385 2143 ἐπιστραφέντες
1431 2071 1543 2125 τῶν
1593 2072 1931 2143 τηλικούτων

334 2160 530 2215 παθῶν
554 2163 656 2234 τῆς
690 2161 890 2228 ίάσεως
920 2163 1184 2235 τύχωσιν.
1216 2164 1374 2219 Οὕτω
1408 2166 1508 2237 μὲν
1555 2163 1649 2222 οῦν
1680 2168 1867 2237 σαφῶς
1900 2170 1930 2224 ὁ

333 2252 630 2324 προφήτης
661 2254 756 2308 τοῦ
785 2253 1123 2325 τυφλώττειν
1169 2257 1268 2311 καὶ
1315 2259 1591 2327 κωφεύειν
1624 2260 1725 2332 τὴν
1752 2260 1931 2315 αἰτίαν

329 2345 439 2414 τῆς
483 2345 784 2418 Ἰουδαϊκῆς
836 2347 1069 2402 ἀνάπτει
1112 2348 1343 2421 γνώμης
1384 2351 1480 2405 κα).
1527 2351 1928 2424 προαιρέσεως,

331 2434 456 2488 ἀλλ’
481 2435 602 2506 οὐχ)
635 2436 774 2490 Θεοῦ
804 2436 984 2509 ψῆφον
1013 2439 1281 2508 ούμενοῦν
1327 2441 1430 2495 οὐκ
1479 2442 1724 2512 εἰσάγει,
1755 2443 1930 2498 ταῦτα

330 2530 452 2592 τοῖς
537 2529 816 2596 Ἰουδαίοις
878 2533 1274 2603 ἐπιφέρουσαν.
1365 2535 1579 2606 Ὠσπερ
1656 2535 1716 2590 δὲ
1804 2537 1928 2591 κατ’

330 2620 519 2678 ἐκεῖνο
543 2624 659 2696 (95)
687 2624 885 2696 καιροῦ
921 2626 1030 2679 τῶν
1067 2627 1347 2681 Ἰουδαίων
1374 2629 1502 2693 τοὺς
1541 2627 1863 2701 ἀγνώμονας
1899 2631 1930 2684 ὁ

329 2719 630 2789 προφήτης
660 2718 1015 2790 στηλιτεύων,
1046 2720 1253 2789 ἔλεγεν,
1287 2723 1428 2793 μήτε
1459 2723 1588 2785 τοὺς
1612 2723 1929 2794 ὀφθαλμοὺς

328 2808 596 2882 ἐθελῆσαι
626 2809 888 2879 διανοίξαι
911 2852 926 2877 ,
964 2813 1104 2883 μήτε
1137 2813 1276 2883 πρὸς
1319 2813 1490 2886 ἀκοὴν
1520 2818 1824 2888 παρασχεῖν
1859 2815 1929 2870 τά

327 2897 452 2958 ὦτα
483 2903 622 2975 πρὸς
660 2904 763 2975 τὴν
803 2905 1083 2976 σωτηρίαν
1112 2905 1314 2974 αὐτῶν,
1343 2907 1442 2961 καὶ
1468 2907 1753 2980 θεοπρεπῆ
1781 2909 1929 2964 διδα-

330 2996 588 3061 σκαλίαν,
615 2998 682 3050 ἐκ
724 2996 782 3051 δέ
811 2997 926 3068 (96)
958 2998 1070 3052 τῶν
1101 2999 1350 3071 συνήθως
1374 3000 1486 3072 (97)
1517 3002 1702 3066 αὐτοῖς
1747 3004 1929 3076 ἀμαρ-

325 3088 673 3159 τανομένων,
706 3087 950 3159 μάλιστα
979 3089 1038 3144 δέ
1082 3089 1178 3144 τοῦ
1218 3090 1414 3161 τύφου,
1463 3093 1559 3147 καί
1593 3092 1691 3164 τῆς
1724 3095 1925 3160 ἀλαζο-

324 3179 506 3247 νείας,
565 3181 664 3234 κα).
718 3181 815 3235 τοῦ
878 3181 1017 3253 πρὸς
1073 3183 1176 3256 τὴν
1230 3183 1442 3254 πλάνην
1499 3185 1701 3255 μᾶλλον
1745 3187 1776 3254 ἥ
1827 3187 1926 3258 τὴν

326 3271 621 3326 εὸσέϐειαν
667 3273 892 3343 ῥέπεινο
936 3274 1109 3346 ἐμυόν
1154 3292 1214 3328 τε
1262 3275 1331 3330 τά
1383 3275 1633 3347 ὄμματα,
1680 3279 1775 3331 καὶ
1824 3279 1924 3349 τὴν

325 3365 509 3436 ἀκοὴν
539 3367 810 3437 συνεῖχον,
843 3366 998 3420 αὐτοὶ
1029 3368 1259 3431 ἑαυτοὺς
1301 3368 1536 3438 τυφλοὺς
1571 3369 1667 3424 καὶ
1707 3371 1928 3439 κωφοὺς

326 3458 809 3529 ἀπεργαζόμενον
845 3459 942 3514 καὶ
971 3458 1033 3513 τὸ
1077 3460 1494 3533 χαλεπώτερον,
1546 3461 1691 3515 οὕτω
1725 3463 1930 3517 παθόν-

324 3569 428 3615 τες
454 3553 564 3624 (98)
588 3553 817 3617 ἑαυτοὺς
849 3552 1071 3624 βλέπειν
1100 3555 1206 3608 τῶν
1231 3555 1407 3609 ἀλλων
1436 3557 1546 3627 (99)
1583 3556 1784 3626 μᾶλλον
1815 3558 1930 3611 ἐνό-

331 3646 517 3716 μιζον,
551 3645 647 3699 καὶ
677 3645 757 3714 τῷ
781 3646 881 3716 τῆς
911 3648 1141 3718 οἰήσεως
1175 3647 1544 3719 ἐφλέγμαινον
1568 3648 1752 3706 πάθει,
1780 3649 1929 3702 Διότι

325 3739 669 3811 νομομαθεῖς
697 3757 759 3793 τε
789 3740 1034 3805 ἐδόκουν,
1066 3742 1161 3795 καὶ
1187 3741 1299 3795 τῶν
1332 3743 1633 3814 προφητῶν
1661 3742 1762 3807 τὰς
1813 3760 1928 3812 φω-

328 3831 454 3899 νάς,
492 3832 521 3887 ὃ
554 3832 718 3888 πλέον
744 3834 928 3888 αὐτῶν
969 3834 1070 3906 τὴν
1107 3836 1448 3906 κατηγορίαν
1483 3836 1785 3899 ἐπέτεινεν,
1813 3839 1928 3901 τοῖς

324 3926 572 3998 χείλεσιν
598 3925 951 3997 περιέφερον,
986 3926 1069 3980 διὸ
1114 3927 1210 3981 καὶ
1240 3929 1464 3983 ἀνίατον
1495 3929 1682 3994 αὐτοῖς
1707 3930 1808 4000 τὴν
1836 3932 1926 3984 νό-

328 4036 430 4073 σον
462 4019 896 4085 κατεσκεύαζον.
943 4019 1232 4075 Ἐντεῦθεν
1277 4022 1305 4074 ὁ
1341 4024 1442 4092 μὲν
1491 4023 1686 4094 Σωτὴρ
1732 4024 1824 4077 τὸν
1861 4026 1926 4078 ἐκ

326 4114 600 4183 γεννητῆς
629 4112 831 4182 τυφλὸν
867 4113 1084 4178 δεικνὺς
1120 4113 1336 4186 ὁρῶντα
1362 4155 1378 4180 ,
1408 4114 1520 4170 τῶν
1564 4115 1624 4168 δέ
1657 4116 1757 4187 τὴν
1804 4116 1925 4170 θεο-

329 4208 508 4278 μάχον
533 4207 786 4277 γλῶτταν
812 4209 933 4263 ἀντὶ
960 4208 1056 4262 τοῦ
1089 4207 1369 4274 θυσιάζειν
1395 4209 1475 4272 είς
1521 4207 1683 4281 ὓϐριν
1711 4209 1925 4263 κινούν-

326 4318 462 4368 των,
497 4321 516 4352 ι
557 4302 651 4366 Εἰς
679 4304 878 4373 κρῖμα,
923 4301 1114 4372 φησὶν,
1174 4299 1285 4370 ἐγὼ
1318 4303 1399 4363 εἰς
1427 4302 1518 4355 τδν
1551 4301 1756 4372 κόσμον
1800 4302 1926 4372 ἐλή-

326 4392 492 4459 λυθα,
523 4393 610 4447 ἵνα
643 4395 691 4446 oi
718 4394 792 4464 μὴ
824 4392 1120 4464 βλέποντες
1141 4393 1400 4464 βλέψωσι,
1430 4394 1526 4447 καὶ
1553 4394 1602 4447 οἱ
1632 4392 1925 4464 βλέποντες

324 4483 524 4553 τυφλοὶ
557 4483 846 4552 γένωνται.
884 4502 903 4535 ι
944 4485 1054 4538 Καὶ
1082 4485 1146 4554 δὴ
1192 4486 1288 4538 καὶ
1315 4484 1425 4538 τῶν
1455 4485 1772 4556 Φαρισαίων
1802 4486 1924 4538 ἐπι-

325 4576 760 4647 φθεγγομένωνο
801 4593 820 4628 t
851 4576 943 4647 Μὴ
977 4577 1074 4630 κα).
1113 4579 1279 4648 ἡμεῖς
1319 4576 1511 4645 τυφλοί
1554 4578 1760 4647 ἐσμεν;
1801 4593 1820 4628 ι
1850 4605 1925 4615 -

2040 2063 2201 2118 malis
2239 2063 2631 2119 liberarentur.
2679 2064 2839 2120 Clare
2877 2065 3062 2136 itaque
3125 2069 3390 2138 pi-Oplieta
3447 2084 3626 2126 οπεος

2037 2155 2160 2212 illos
2189 2156 2379 2212 oculos
2400 2165 2457 2213 et
2501 2156 2698 2213 surdas
2730 2173 2894 2214 aures
2928 2159 2997 2213 ab
3028 2158 3274 2227 ipsorum
3306 2159 3624 2218 Iudaeorum

2037 2249 2269 2306 consilio
2305 2258 2361 2305 et
2396 2250 2628 2306 arbitrio
2684 2251 2908 2320 repetit,
2947 2260 3163 2306 tantum
3214 2255 3388 2321 abest,
3447 2266 3505 2310 ut
3555 2258 3625 2311 ad

2037 2342 2316 2398 decretum
2334 2341 2822 2408 divinumJudaeis
2854 2344 3179 2414 irrogatum,
3211 2347 3428 2402 referat.
3465 2349 3626 2404 Sicut

2035 2449 2169 2490 vero
2196 2435 2464 2506 propheta
2495 2451 2561 2491 eo
2586 2445 2830 2506 tempore
2857 2437 3141 2507 improbos
3183 2437 3404 2495 Judaeos
3456 2441 3622 2496 casti-

2035 2538 2285 2600 gaturus.
2314 2529 2552 2594 dicebat,
2587 2544 2684 2585 eos
2716 2545 2893 2599 neque
2935 2531 3126 2586 oculos
3164 2534 3400 2601 aperire,
3446 2549 3624 2603 neque

2037 2638 2200 2677 aures
2232 2623 2298 2677 ad
2337 2621 2706 2693 recipiendam
2762 2623 3057 2678 salutarem
3095 2624 3201 2679 sibi
3263 2625 3624 2695 divinamque

2035 2715 2345 2771 doctrinam
2377 2714 2639 2771 adhibere
2672 2717 2829 2782 velle,
2872 2716 3035 2786 idque
3065 2732 3160 2786 per
3211 2728 3462 2787 peccata,
3497 2718 3624 2789 qui-

2036 2808 2141 2864 bus
2167 2818 2546 2874 assueverant,
2594 2809 2835 2863 maxime
2863 2825 2996 2864 vero
3025 2825 3122 2880 per
3162 2809 3366 2865 fastum
3395 2819 3448 2865 ct
3471 2827 3626 2866 arro-

2035 2899 2302 2970 gantiam,
2333 2899 2625 2969 majusque
2676 2914 2931 2955 errorum
2995 2916 3162 2970 quam
3230 2900 3451 2968 pietatis
3507 2912 3626 2956 stu-

2034 2992 2226 3061 dium;
2259 2993 2332 3048 ita
2363 3003 2416 3048 et
2450 2993 2525 3047 illi
2560 2993 2891 3048 claudebant
2937 2994 3148 3059 oculos,
3186 3009 3464 3064 auresque
3494 3011 3625 3051 suas

2035 3087 2389 3154 cohibebant,
2418 3102 2477 3142 se
2506 3087 2654 3157 ipsos
2680 3095 2735 3141 et
2780 3102 2956 3142 caecos
2985 3096 3040 3141 et
3069 3089 3268 3144 surdos
3293 3087 3622 3154 eﬂicientes;

2034 3189 2108 3246 et,
2136 3180 2284 3251 quod
2325 3179 2484 3250 pejus
2509 3189 2616 3243 est,
2649 3179 2723 3234 ita
2773 3179 2976 3245 affecti,
3014 3180 3140 3236 aliis
3179 3195 3241 3236 se
3290 3180 3627 3236 oculatiores

2033 3293 2157 3334 esse
2187 3276 2582 3347 opinabantur,
2612 3276 2873 3346 praeclare
2903 3275 2971 3331 de
3003 3291 3061 3331 se
3095 3277 3417 3333 sentientes.
3467 3275 3623 3343 Qua-

2033 3378 2256 3441 propter
2277 3370 2440 3424 etiam
2473 3368 2610 3439 legis
2652 3369 2814 3438 periti
2870 3369 2973 3425 sibi
3004 3369 3356 3436 videbantur,
3383 3369 3624 3440 prophe-

2035 3470 2327 3531 tarutnque
2356 3461 2600 3526 oracula,
2638 3461 2690 3516 id
2716 3461 2864 3532 quod
2894 3462 3106 3517 crimen
3139 3477 3332 3516 eorum
3364 3463 3619 3533 augebat,

2032 3556 2194 3612 labiis
2223 3555 2711 3620 circumferebant,
2769 3571 2946 3626 eoque
2987 3557 3110 3626 ipso
3147 3556 3402 3609 morbum
3457 3571 3622 3611 suum

2032 3647 2492 3703 immedicabilcm
2553 3646 2873 3701 reddebant.
2936 3645 3063 3701 Ideo
3097 3645 3355 3701 Salvator
3411 3657 3619 3711 n05ter,

2031 3749 2322 3811 postquam
2368 3739 2604 3803 homini,
2633 3755 2662 3793 a
2692 3739 2969 3794 natalibus
2998 3755 3165 3803 eteco,
3214 3739 3396 3794 visum
3457 3738 3627 3793 resti-

2033 3842 2233 3896 tuerat,
2268 3833 2348 3888 illi
2376 3847 2508 3888 vero
2539 3833 2806 3902 linguam,
2844 3830 2955 3886 Deo
2997 3831 3302 3896 inimicam,
3352 3831 3478 3886 loco
3505 3831 3626 3885 cul-

2032 3937 2121 3983 tus
2154 3926 2472 3997 praestandi,
2509 3926 2578 3980 ad
2603 3925 2837 3995 injurias
2862 3925 3204 3980 evomcndas
3266 3924 3622 3991 adhibebant,

2030 4014 2286 4076 dicebat:
2348 4038 2366 4071 (
2396 4018 2771 4088 Adjudicium
2803 4032 2906 4085 ego
2944 4017 3067 4072 veni
3117 4016 3171 4070 in
3215 4017 3505 4081 mundum,
3562 4023 3622 4069 ut

2030 4127 2139 4166 non
2192 4111 2442 4166 videntes
2482 4109 2732 4174 videant,
2790 4107 3044 4164 videntes
3103 4123 3235 4162 vero
3296 4108 3426 4162 czeci
3493 4122 3623 4162 eva-

2028 4206 2162 4261 dant
2185 4206 2255 4261 ⁷³.
2295 4223 2314 4256 ι
2344 4204 2597 4273 Cumque
2655 4201 2916 4258 Pharisrei
2973 4201 3310 4271 exciperent,
3347 4221 3364 4251 ι
3402 4199 3540 4254 Num
3568 4210 3624 4256 et

2029 4315 2134 4354 nos
2163 4297 2292 4353 caeci
2323 4295 2559 4352 sumus?
2585 4313 2604 4346 ι
2633 4293 3003 4362 respondebat
3031 4310 3048 4347 :
3085 4312 3102 4343 ι
3146 4290 3203 4346 Si
3239 4290 3368 4346 caeci
3399 4291 3619 4356 essetis,

2029 4407 2135 4447 non
2186 4389 2461 4446 haberetis
2489 4397 2821 4458 peccatum:
2875 4385 2990 4455 jam
3033 4400 3164 4439 vero
3203 4383 3408 4448 dicitis,
3457 4381 3623 4438 Vide-

2030 4499 2199 4538 mus:
2263 4483 2385 4538 ideo
2442 4491 2727 4548 peccatum
2795 4477 2938 4547 apud
2992 4492 3086 4533 vos
3147 4485 3329 4530 manet
3363 4477 3433 4531 ⁷⁸.
3464 4494 3481 4527 ι
3514 4474 3620 4542 Qui

2029 4579 2174 4633 enim
2209 4577 2385 4644 novit,
2419 4592 2480 4632 se
2528 4593 2626 4646 per
2673 4574 3045 4644 ignorantiam
3102 4589 3304 4628 czecum
3368 4588 3512 4639 esse,
3565 4580 3621 4627 et

332 4690 351 4721 ι
392 4670 455 4724 Εἰ
490 4669 683 4738 τυφλοὶ
721 4665 843 4740 ἦτε,
891 4669 1082 4739 φησὶν,
1120 4669 1220 4722 οὐκ
1251 4669 1429 4738 εἴχετε
1477 4668 1789 4739 ἁμαρτίαν·
1824 4667 1920 4722 νῦν

2034 4672 2282 4727 morbum
2309 4687 2472 4726 suum
2524 4669 2796 4738 intelligit,
2834 4677 2889 4723 et
2913 4669 3079 4723 citius
3107 4667 3173 4722 ad
3223 4666 3496 4720 medicum
3557 4678 3616 4718 se

323 4762 387 4815 δὲ
411 4761 623 4832 λέγετε,
654 4762 736 4816 ὅτι
761 4762 1066 4832 Βλέπομεν,
1102 4761 1191 4815 διὰ
1223 4761 1382 4815 τοῦτο
1415 4762 1449 4832 ή
1477 4762 1724 4832 ἁμαρτία
1765 4761 1920 4832 ὑμῶν

327 4854 506 4926 μένει.
539 4872 558 4906 ι
595 4854 655 4909 '0
684 4854 784 4924 μὲν
816 4854 926 4924 γὰρ
960 4853 1115 4917 εἰδὼς
1143 4853 1337 4908 ἑαυτὸν
1361 4854 1419 4921 ἐξ
1443 4853 1667 4922 ἀγνοίας
1695 4851 1918 4923 τυφλὸν,

326 4946 565 5018 συνῆκέν
597 4963 658 5000 τε
683 4947 745 5000 τὸ
776 4947 973 5013 πάθος,
1006 4948 1103 5002 καὶ
1135 4947 1329 5000 θᾶττον
1361 4947 1533 5018 χωρεῖ
1558 4946 1636 5016 (1)
1659 4944 1796 5017 πρὸς
1826 4947 1921 4998 τὸν

328 5041 543 5112 ἰατρὸν,
573 5041 670 5095 καὶ
704 5039 800 5094 τοῦ
844 5040 1022 5110 φωτὸς
1057 5039 1312 5108 ἐπιζητεῖ
1336 5039 1437 5108 τὴν
1467 5037 1796 5101 ἀπόλαυσιν,
1825 5035 1919 5089 καὶ

327 5133 471 5204 πρὸς
495 5134 670 5186 ἐκεῖνο
702 5131 947 5199 σπεύδει,
980 5132 1075 5185 καὶ
1101 5131 1204 5201 τῆς
1230 5129 1618 5200 φιλανθρώπου
1643 5129 1734 5184 διὰ
1756 5127 1919 5182 τοῦτο

325 5225 592 5298 προνοίας
606 5224 988 5292 καταξιοῦται,
1005 5226 1125 5286 ταῖς
1151 5223 1513 5294 σελασφόροις
1540 5223 1712 5295 αὐτῆς
1731 5223 1917 5276 ἀκτῖσι

2029 4766 2321 4830 convertit,
2361 4763 2617 4834 lucisque
2649 4777 2811 4818 usum
2847 4763 3156 4832 requirens,
3197 4759 3262 4814 ad
3307 4773 3430 4812 eam
3463 4757 3619 4811 festi-

2029 4867 2144 4922 nat,
2175 4856 2409 4926 ideoque
2467 4869 2599 4910 cura
2643 4853 3072 4909 clementissima
3117 4852 3314 4921 dignus
3363 4848 3618 4914 habetur,

2027 4948 2328 5018 radiisejus
2342 4943 2803 5015 splendidissimis
2825 4939 3306 4999 illuminatusetad
3325 4940 3617 4994 salutarent

2030 5039 2440 5094 meditationem
2488 5037 2779 5091 adductus.
2821 5033 2925 5102 Qui
2956 5048 3085 5089 vero
3126 5047 3236 5104 pra:
3277 5029 3461 5085 cordis
3511 5031 3619 5082 duo

2028 5131 2153 5186 ritie
2196 5130 2250 5186 in
2299 5130 2540 5184 tenebris
2585 5137 2858 5190 versatur,
2918 5135 2973 5181 et
3019 5125 3100 5180 vel
3172 5125 3255 5180 sic
3309 5122 3498 5177 videre
3556 5135 3618 5175 se

2026 5222 2323 5285 existimat,
2357 5219 2632 5291 duplicem
2666 5219 2774 5274 sibi
2833 5218 3132 5274 caecitatem
3189 5213 3442 5279 arcessit,
3473 5227 3615 5283 quo-

398 5363 446 5394 "
466 5361 625 5418 Joan.
669 5380 746 5428 Ix,
771 5363 860 5418 59.
935 5362 984 5394 ’⁸
1019 5360 1150 5416 ibid.
1178 5359 1271 5425 41,
1306 5361 1394 5416 ubi
1429 5378 1527 5432 pro
1545 5360 1634 5415 διὰ
1657 5361 1834 5427 τοῦτο,
1877 5361 2010 5427 legis
2040 5362 2073 5424 ἡ
2115 5357 2233 5413 οὖν.

1840 5454 2074 5513 NOTAE.

397 5555 515 5625 (91)
563 5553 860 5625 Ῥημάτων
897 5565 1076 5610 estex
1113 5552 1270 5608 Colh.

395 5624 515 5690 (92)
548 5624 688 5696 θελή
697 5641 918 5691 σαντας,
946 5626 1113 5680 idem.

399 5698 518 5766 (93)
558 5695 893 5766 Θαυμάτων,
922 5715 985 5751 cx
1013 5696 1172 5751 Coll).

398 5769 517 5838 (94)
546 5766 707 5838 Colh.
741 5782 840 5835 pro
870 5767 1127 5837 ἐπῆλθον.

401 5835 516 5909 (95)
542 5837 713 5906 ldcm,
744 5853 843 5911 pro
871 5835 1115 5894 κάκεῖνο.
1144 5835 1264 5892 Vid.
1305 5835 1531 5914 not.90.

2093 5546 2207 5616 (96)
2243 5544 2427 5600 Malim
2460 5543 2640 5616 legere
2669 5542 2732 5596 ἐκ
2758 5559 2841 5608 τε,

2093 5610 2207 5687 (97)
2249 5618 2323 5670 Ila
2360 5631 2484 5687 cum
2517 5610 2676 5687 Colh.
2712 5629 2812 5683 pro
2844 5610 3114 5686 συνήθων.

2095 5685 2210 5758 (98)
2244 5687 2401 5758 Colh.
2437 5685 2734 5758 διαθέντες.

2099 5753 2214 5829 (99)
2247 5757 2392 5812 Idem
2425 5772 2526 5826 pro
2559 5753 2872 5829 cbvﬁllm.

2101 5824 2180 5901 (1)
2196 5824 2375 5886 ’01)11).
2412 5824 2512 5899 pro
2542 5824 2734 5899 χωρίς.
