4144 6578
574 366 676 432 471

1736 371 2001 433 ΡΙΙΟΤΙῘ
2042 374 2545 447 PATRIARCILE
2587 388 2693 448 (ΣΡ.

3807 388 3907 451 4Ἷὲ

578 485 727 537 niam
758 479 893 535 nihil
935 478 1101 541 videt,
1134 486 1211 545 et,
1246 478 1378 534 dum
1415 480 1550 534 nihil
1580 480 1745 547 videt,
1805 484 2022 539 acutius
2045 486 2168 542 aliis

2289 492 2361 547 τὸν
2387 497 2513 549 νοῦν
2550 499 2939 568 φωτιζόμενος,
2989 500 3084 554 καὶ
3127 500 3262 568 πρὸς
3286 501 3383 572 τὴν
3422 500 3745 571 σωτήριον
3777 502 3910 558 θεω-

577 590 806 630 cernere
857 588 917 629 se
948 573 1233 642 opinatur.
1272 574 1536 627 Praeclara
1569 575 1714 629 enim
1764 576 1835 630 de
1879 592 1938 631 se
1970 579 2161 647 opinio

576 665 879 736 profundas
920 664 1177 719 tenebras
1222 664 1458 717 otl‘umlit
1510 665 1688 719 oculis
1735 666 1955 733 animae,
2011 683 2163 722 mor-

576 758 815 827 bumque
841 757 1125 823 caecitatis,
1180 772 1287 827 qua
1315 766 1603 826 correptus
1637 758 1803 813 homo
1847 769 1959 824 est,
1993 762 2162 818 vehe-

577 860 788 906 menter
810 860 994 922 auget.

2276 588 2400 659 ρίαν
2433 590 2793 661 ἀναγόμενος.
2832 592 2892 647 ’0
2922 591 2978 646 δὲ
3006 595 3072 663 τῇ
3108 592 3364 663 πωρώσει
3396 593 3520 664 μὲν
3557 594 3908 666 ὲσκοτισμέ-

2273 695 2384 744 νος.
2418 679 2640 751 βλέπειν
2667 684 2723 737 δὲ
2770 683 3017 753 οἰόμενος
3049 684 3149 755 (2),
3202 684 3394 755 διπλῆν
3428 683 3652 755 ἑαυτῷ
3683 684 3792 756 τὴν
3824 686 3911 739 τύ-

2276 769 2482 837 φλωσιν
2512 774 2591 845 (5)
2620 775 3050 840 κατεσκεύασεν,
3083 777 3165 829 ὅτι
3192 793 3252 829 τε
3290 776 3365 847 μὴ
3392 776 3647 847 βλέπει,
3683 777 3789 829 καὶ
3831 776 3909 829 ὅτι

2277 860 2353 932 μὴ
2386 860 2601 930 βλέπων
2628 864 2886 937 ὀξύτερον
2936 865 3086 919 δοκεῖ
3114 865 3223 919 τῶν
3260 866 3436 920 ἄλλων
3469 868 3657 937 ὀρᾷν.
3708 865 3780 919 Ἦ
3808 867 3909 937 γὰρ

576 948 755 1021 οἴησις
804 948 883 1019 (4)
928 948 1120 1011 σκότος
1164 940 1299 1000 οὖσα
1358 946 1609 1019 ψυχικῶν
1667 948 1933 1020 ὀμμάτων
1990 950 2150 1021 βαθὺ,
2188 954 2289 1026 τῆς
2324 960 2825 1033 προκατασχούσης
2889 960 3287 1035 ἀμαυρώσεως
3328 962 3629 1015 ἐπιτείνει
3708 960 3909 1032 μᾶλλον

577 1044 638 1094 τὸ
664 1042 741 1111 (5)
770 1042 1005 1109 νόσημα.

652 1135 806 1203 Quod
855 1135 901 1191 si
940 1136 1123 1204 itaque
1155 1135 1318 1188 verba
1356 1133 1639 1203 prophetae
1686 1132 1759 1187 ita
1800 1134 2164 1203 accipiantur,

581 1235 635 1282 et
662 1228 972 1281 veneranda
1001 1226 1215 1279 Domini
1242 1225 1458 1295 eloquia
1490 1225 1593 1279 hoc
1640 1225 1804 1279 modo
1851 1225 2169 1295 judicentur

581 1321 651 1388 {si
684 1321 769 1375 vel
804 1321 1041 1374 maxime
1078 1334 1184 1373 non
1210 1320 1393 1373 omnia
1422 1334 1612 1373 eorum
1640 1334 1796 1386 reque
1836 1319 2013 1373 forent
2045 1336 2169 1390 per-

583 1414 819 1484 Spicua),
857 1429 964 1468 non
999 1422 1182 1482 putem
1216 1414 1307 1467 illa
1335 1414 1685 1468 audientibus
1719 1429 1937 1483 gravem
1978 1414 2170 1467 admo-

584 1509 713 1561 dum
742 1508 1055 1577 disputandi
1105 1506 1451 1562 occasionem
1486 1507 1729 1576 prmbere
1772 1521 1956 1576 posse.
1994 1504 2169 1559 Mani-

587 1598 789 1653 festum
830 1600 975 1652 enim
1004 1606 1108 1663 est,
1136 1598 1427 1669 discipulis
1478 1600 1667 1653 datum
1706 1598 1813 1653 hoc
1865 1597 2057 1663 fuisse,
2111 1606 2173 1651 ut

586 1690 846 1761 mysteria
884 1691 1033 1759 regni
1067 1690 1160 1745 Dei
1210 1700 1633 1761 cognoscerent,
1686 1690 1950 1761 quoniam
2000 1704 2176 1759 neque

588 1798 832 1837 crassum
864 1782 1068 1837 factum
1091 1792 1213 1838 erat
1241 1800 1337 1839 cor
1372 1800 1588 1848 eorum,
1617 1799 1793 1854 neque
1812 1784 2004 1838 oeulos
2023 1783 2175 1837 clau-

2357 1136 2521 1191 Ἀλλὰ
2563 1136 2675 1209 γὰρ
2725 1138 2868 1193 οὕτω
2900 1139 2997 1209 μὲν
3029 1139 3140 1193 τῶν
3192 1138 3575 1210 προφητικῶν
3638 1141 3910 1211 ῥημάτων

2275 1230 2734 1301 τεθεωρημένων,
2760 1230 2904 1284 οὕτω
2933 1233 2989 1285 δὲ
3015 1232 3123 1285 τῶν
3159 1232 3371 1285 σεπτῶν
3401 1232 3639 1299 λογίων
3669 1233 3913 1305 διευκρι-

2278 1323 2531 1391 νημένων
2564 1323 2683 1393 (καὶ
2715 1324 2774 1377 εἰ
2794 1341 2846 1377 τι
2881 1324 3045 1395 μέρος
3077 1325 3257 1377 αὐτῶν
3287 1324 3554 1395 ὑπάρχον
3610 1328 3688 1395 τῇ
3724 1327 3910 1399 εὐκρι-

2276 1414 2397 1484 νείᾳ
2435 1414 2510 1486 μὴ
2543 1415 3043 1486 συμπεριείληπται
3072 1419 3090 1485 )
3121 1459 3135 1482 ,
3173 1416 3358 1470 οὐκέτι
3408 1420 3543 1481 τοῖς
3598 1418 3909 1487 ἀκροαταῖς

2277 1500 2851 1575 ὁμοίως,οἷμαι,ούδὲ
2901 1506 3173 1576 τοσαύτην
3227 1506 3513 1578 πρόφασιν
3577 1509 3908 1577 ζητήματος

2277 1596 2528 1667 παρέξει.
2566 1596 2738 1665 Δῆλον
2788 1597 2887 1665 μὲν
2930 1597 3038 1668 γὰρ
3084 1597 3159 1661 ὡς
3192 1600 3305 1662 τοῖς
3342 1598 3649 1669 μαθηταῖς
3702 1599 3910 1652 δέῶται

2278 1689 2487 1759 γνῶναι
2522 1690 2588 1743 τὰ
2624 1693 2899 1761 μυστήρια
2936 1693 3036 1762 τῆς
3075 1691 3355 1759 βασιλείας
3399 1693 3504 1745 τοῦ
3575 1693 3758 1757 Θεοῦ,
3795 1694 3908 1746 ἐπεὶ

2286 1781 2425 1851 μήτε
2460 1781 2562 1852 τὴν
2592 1782 2820 1853 καρδίαν
2868 1782 3258 1851 ὲπαχύνθησαν
3309 1784 3407 1851 (6),
3462 1785 3631 1855 μήτε
3697 1785 3909 1853 βαρέως

587 1874 834 1940 debant;
894 1875 1119 1945 reliquis
1178 1891 1306 1931 vero
1338 1916 1353 1941 ,
1409 1891 1551 1945 quos
1614 1884 1668 1930 et
1707 1886 1965 1930 externos
2015 1884 2177 1929 vocat

2289 1874 2502 1944 ἤκουον,
2537 1875 2674 1945 μήτε
2704 1876 2772 1928 τὰ
2798 1874 3024 1945 ὄμματα
3068 1874 3237 1945 ἐμυον
3256 1890 3270 1904 ’
3298 1879 3409 1939 τοῖς
3438 1877 3501 1929 δὲ
3534 1878 3793 1943 λοιποῖς,
3822 1878 3907 1939 οὓς

588 1967 737 2035 (nam
764 1982 823 2022 se
854 1967 1003 2035 ipsos
1038 1983 1067 2021 a
1108 1967 1287 2022 salute
1324 1968 1723 2037 excluserant),
1755 1966 1898 2020 idem
1930 1982 2037 2020 non
2076 1965 2179 2019 da—

592 2062 774 2113 batur.
802 2060 939 2115 Cum
970 2061 1117 2114 enim
1159 2061 1305 2116 vitiis
1343 2062 1506 2115 modo
1543 2060 1986 2115 commemoratis
2028 2060 2179 2113 salu-

590 2163 697 2206 tem
730 2168 948 2207 omnem
982 2170 1011 2207 a
1040 2169 1097 2208 se
1119 2154 1437 2215 averterint,
1470 2154 1588 2224 iure
1615 2155 1851 2225 quodam
1905 2152 1956 2207 id
1990 2152 2179 2207 datum

590 2262 701 2299 non
751 2256 852 2310 est,
886 2246 1028 2312 ideo,
1063 2245 1208 2316 quod
1239 2262 1299 2301 se
1330 2247 1481 2316 ipsos
1514 2247 1581 2301 ad
1613 2247 1746 2301 illud
1802 2244 2180 2315 recipiendum

590 2339 820 2393 idoneos
874 2356 982 2393 non
1015 2341 1413 2409 pra-stiterunt.
1459 2340 1757 2411 Propterea
1805 2353 2025 2409 quoque
2048 2350 2181 2393 con—

587 2428 785 2483 sultius
825 2438 963 2491 erat.
999 2444 1098 2498 per
1142 2430 1436 2500 parabolas
1466 2446 1592 2486 cum
1648 2431 1781 2500 ipsis
1812 2430 1983 2498 loqui,
2015 2442 2181 2499 quam

589 2521 780 2589 gratiae
827 2521 1091 2591 mysteria
1129 2523 1277 2577 nuda
1324 2538 1651 2592 proponere.
1684 2522 1871 2593 Neque
1913 2523 2059 2577 enim
2098 2521 2185 2577 vel

589 2612 939 2666 commodum
960 2622 1066 2674 est.
1092 2615 1173 2668 vel
1193 2614 1364 2683 iudici
1394 2616 1620 2670 cordato
1654 2615 1931 2680 convenit,
1955 2617 2182 2683 dignum

589 2710 648 2758 et
671 2703 978 2774 indignum,
1000 2706 1147 2775 quod
1175 2707 1241 2761 ad
1265 2707 1570 2762 doctrinam
1600 2716 1656 2763 et
1681 2707 1912 2761 salutem
1953 2714 2185 2776 Spectat,

590 2798 785 2852 eodem
844 2798 964 2854 loco
1029 2799 1267 2865 habere;
1323 2799 1785 2869 quemadmodum
1843 2814 1944 2853 nec
1999 2799 2186 2868 porcis

596 2890 931 2956 margaritas
959 2890 1256 2961 projicere,
1297 2906 1476 2963 neque
1502 2892 1734 2948 canibus
1762 2900 1954 2947 saneta
1984 2890 2185 2946 offerre

595 2981 681 3037 fas
703 2992 788 3038 est
804 2983 870 3037 ".

669 3074 747 3128 Ex
774 3073 937 3134 dictis
972 3092 1139 3148 porro
1202 3085 1444 3145 constat,
1490 3079 1772 3147 quomodo
1829 3078 2186 3149 intelligenda

595 3172 710 3227 sint
741 3174 854 3237 illa,
888 3190 908 3224 ι
948 3171 1019 3226 Ut
1062 3172 1306 3228 videntes
1332 3186 1442 3227 non
1499 3173 1738 3239 videant,
1789 3182 1844 3228 et
1894 3172 2189 3227 audientes

600 3283 709 3322 non
743 3267 1072 3338 intelligant.
1104 3284 1123 3318 ι
1161 3264 1234 3321 Ut
1259 3267 1405 3322 enim
1436 3265 1567 3321 illud
1603 3267 1765 3322 amne
1788 3267 1902 3337 jam
1940 3274 2023 3321 est
2064 3264 2188 3320 voci

596 3362 741 3426 ideo,
779 3371 833 3416 et
856 3362 1089 3415 alterum
1134 3376 1235 3430 pro
1272 3361 1450 3416 altero
1480 3361 1625 3417 sumi
1678 3369 1877 3430 potest.
1920 3358 2191 3413 Similiter

600 3453 767 3507 etiam
800 3468 905 3505 non
953 3452 1087 3506 illud
1126 3452 1230 3507 boc
1254 3454 1375 3507 loco
1414 3468 1522 3507 nou
1596 3452 2049 3522 prohibitiOnem,
2094 3451 2191 3507 sed

602 3545 949 3613 negationem
984 3544 1274 3614 signiﬁcat.
1306 3542 1421 3599 Hoc
1458 3558 1591 3598 vero
1629 3544 1748 3598 loco
1772 3544 2041 3598 dictiones
2072 3542 2194 3597 illas

606 3638 681 3691 ita
722 3636 1072 3705 accipiendas
1099 3652 1241 3701 esse,
1279 3652 1386 3689 non
1422 3637 1589 3691 meris
1606 3636 1942 3704 coniecturis
1976 3636 2194 3701 nititur,

606 3725 704 3780 sed
740 3735 853 3779 tum
909 3740 1109 3779 sensus
1159 3726 1447 3779 verborum
1499 3725 1976 3795 proplteticorum,
2042 3724 2188 3779 unde

612 3814 830 3870 Domini
864 3816 1144 3885 eloquium
1178 3816 1355 3880 ﬂuxit,
1383 3816 1585 3872 invicte
1613 3823 1885 3881 testatur;
1917 3825 2030 3870 tum
2061 3828 2197 3869 vero

611 3915 836 3963 sanctus
862 3906 1150 3963 Mattbaeus
1184 3909 1236 3963 in
1264 3908 1454 3963 eadem
1478 3908 1753 3963 sententia
1798 3921 1897 3978 pro
1928 3905 2197 3976 particula

613 3999 699 4052 ἵνα
722 3998 952 4053 alterum
972 4000 1054 4053 ὅτι
1069 4000 1659 4071 adhibensdoeumque
1681 4000 1861 4070 ipsum
1882 4014 1989 4054 non
2013 3998 2199 4069 prohi-

612 4091 799 4155 bendi,
824 4093 918 4147 sed
951 4092 1208 4163 negandi,
1234 4109 1399 4149 sensu
1426 4094 1688 4149 reeitans.
1717 4091 2019 4149 Dominum
2050 4091 2198 4147 enim

612 4186 687 4239 ita
718 4184 1021 4242 introducit
1070 4187 1422 4257 loquentem:
1490 4206 1509 4241 t
1538 4186 1843 4258 Pmpterea
1889 4203 1988 4257 per
2036 4203 2200 4258 para-

614 4275 769 4329 bolas
805 4277 1023 4346 loquor,
1059 4279 1186 4346 quia
1215 4279 1467 4334 videntes
1505 4293 1612 4333 non
1655 4279 1868 4341 vident,
1901 4286 1957 4333 et
1979 4277 2202 4332 audien-

614 4377 696 4422 tes
757 4384 865 4423 non
920 4370 1380 4435 iutelliguut".»
1442 4369 1792 4425 Manifestum
1844 4370 2030 4438 itaque
2074 4368 2203 4424 hinc

613 4459 818 4525 evadit,
856 4460 987 4515 illud
1039 4461 1128 4514 ἵνα
1162 4477 1192 4515 a
1228 4461 1456 4532 reliquis
1495 4462 1661 4517 etiam
1704 4461 2071 4531 evangelistis
2102 4474 2203 4529 pro

2284 1967 2379 2019 καὶ
2411 1966 2517 2031 ἔξω
2560 1967 2715 2019 καλεῖ
2741 1966 2867 2037 (ἔξω
2892 1967 3003 2038 γὰρ
3034 1966 3134 2036 τῆς
3180 1968 3457 2037 σωτηρίας
3508 1972 3679 2039 σφᾶς
3716 1969 3909 2030 αὐτοὺς

2284 2059 2703 2129 περιέστησαν),
2732 2059 2918 2111 οὐκέτι
2964 2058 3195 2113 δέδοται.
3246 2060 3373 2123 Τοῖς
3414 2059 3536 2133 γὰρ
3576 2062 3904 2130 εἰρημένοις

2284 2152 2487 2207 πάθεσι
2526 2154 2709 2206 πᾶσαν
2747 2155 2962 2215 ἑαυτοῖς
2994 2152 3446 2223 ἀποτειχίσαντες
3474 2153 3791 2222 σωτηρίαν
3821 2153 3907 2203 καὶ

2282 2243 2575 2313 ὠφέλειαν.
2608 2244 2830 2308 εἰκότως
2865 2246 2927 2297 οὐ
2960 2243 3169 2297 δέδοται
3193 2285 3207 2307 ,
3245 2246 3329 2299 ὃτι
3361 2244 3500 2315 μηδὲ
3556 2245 3765 2299 λαϐεῖν
3808 2230 3901 2296 αύ-

2282 2338 2413 2401 τοὺς
2444 2338 2788 2408 ἐπιτηδείους
2818 2338 3264 2405 παρεσκεύασαν.
3293 2336 3385 2388 Διὸ
3413 2336 3513 2390 καὶ
3549 2335 3903 2407 παραϐολαῖς

2284 2432 2533 2502 προσῆκε
2584 2430 2785 2502 μᾶλλον
2830 2431 3035 2497 λαλεῖν,
3082 2430 3115 2499 ἢ
3166 2430 3352 2500 γυμνὰ
3405 2430 3758 2501 προτιθέναι
3806 2427 3900 2496 τῆς

2287 2523 2513 2594 χάριτος
2570 2522 2637 2575 τὰ
2698 2522 2999 2593 μυστήρια.
3050 2520 3189 2575 Ούτε
3242 2521 3352 2592 γὰρ
3398 2521 3732 2592 συμφέρον,
3784 2516 3898 2570 οὕτε

2289 2615 2523 2685 κρίσεως
2570 2614 2896 2674 ἀδεκάστου.
2945 2614 3026 2677 είς
3064 2615 3163 2683 τὴν
3194 2614 3366 2683 αὐτὴν
3394 2613 3561 2678 τάξιν
3616 2611 3728 2681 τῆς
3757 2610 3897 2663 διδα-

2290 2707 2520 2769 σκαλίας
2550 2708 2645 2760 καὶ
2675 2706 2949 2777 σωτηρίας
2996 2707 3205 2760 τιθέναι
3253 2705 3346 2758 τὸν
3379 2705 3537 2769 ἄξιόν
3587 2722 3654 2757 τε
3686 2704 3785 2756 καὶ
3814 2702 3898 2754 τὸν

2288 2797 2542 2863 ἀνάξιονο
2572 2797 2763 2868 ὥσπερ
2806 2798 2930 2851 οὐδὲ
2975 2798 3087 2862 τοῖς
3124 2797 3331 2867 χοίροις
3361 2800 3489 2859 τοὺς
3540 2794 3897 2867 μαργαρίτας

2289 2890 2641 2962 προϐάλλειν,
2668 2890 2793 2943 οὐδὲ
2811 2892 2926 2954 τοῖς
2953 2889 3082 2943 κυσὶ
3112 2889 3325 2961 ῥίπτειν
3348 2890 3418 2943 τά
3446 2890 3615 2956 ἅγια.

2376 3068 2467 3133 Ἐξ
2491 3067 2583 3121 οὖν
2617 3068 2694 3137 (7)
2726 3068 2837 3121 τῶν
2866 3066 3173 3137 εἰρημένων
3208 3067 3302 3119 καὶ
3339 3065 3423 3132 τὸ,
3455 3084 3475 3117 ι
3512 3067 3644 3120 Ἵνα
3676 3067 3758 3139 (8)
3788 3063 3896 3135 βλέ-

2294 3178 2491 3223 ποντες
2525 3161 2598 3231 μὴ
2631 3162 2892 3231 βλέπωσι,
2942 3160 3037 3215 καὶ
3068 3160 3357 3224 ἀκούοντες
3418 3161 3492 3232 μὴ
3550 3160 3839 3225 συνιῶσιν,
3872 3174 3889 3207 ι

2290 3254 2410 3309 ὁδὸν
2440 3254 2684 3324 εὑρίσκει
2723 3255 2821 3323 τῆς
2856 3252 3224 3322 διαγνώσεως.
3252 3254 3327 3307 Τὸ
3360 3255 3468 3325 γὰρ
3499 3256 3613 3309 ἵνα
3638 3254 3739 3309 νῦν
3775 3267 3894 3318 συγο

2290 3346 2448 3414 γενές
2478 3346 2537 3399 τέ
2568 3348 2685 3398 ἐστι
2718 3343 2810 3399 τοῦ
2852 3344 3025 3411 διότι,
3074 3346 3168 3398 καὶ
3207 3345 3751 3415 μεταλαμϐάνεσθαι
3801 3343 3891 3394 πέ-

2292 3456 2465 3509 φυκεν
2500 3439 2750 3509 θάτερον,
2779 3438 2916 3509 πρὸς
2948 3438 3009 3492 τὸ
3034 3438 3244 3509 ἕτερον.
3288 3438 3573 3505 Ὡσαύτως
3608 3440 3669 3494 δὲ
3700 3439 3795 3492 καὶ
3815 3434 3889 3496 τὸ,

2289 3530 2401 3599 μὴ,
2436 3531 2536 3583 οὐκ
2570 3529 3018 3599 ἀπαγορεύσεως.
3054 3530 3335 3601 ἀρνήσεως
3359 3532 3417 3585 δὲ
3446 3532 3646 3603 χώραν
3682 3530 3779 3584 νῦν
3802 3530 3891 3580 ἐπ-

2296 3625 2433 3695 έχει.
2469 3624 2578 3677 Καὶ
2600 3624 2682 3676 ὅτι
2710 3624 2770 3675 τὸ
2797 3622 3097 3693 λαμϐάνειν
3125 3623 3225 3687 τὰς
3256 3623 3429 3688 λέξεις
3455 3624 3640 3688 οὕτως
3664 3620 3888 3676 ἐνταῦθα

2301 3714 2488 3785 μεῖζον
2516 3713 2609 3766 τοῦ
2643 3712 2885 3775 εἰκάζειν
2924 3712 3269 3778 καθίσταται,
3303 3714 3412 3767 τῶν
3435 3731 3495 3767 τε
3526 3712 3889 3785 προφητικῶν

2300 3808 2565 3879 ῥημάτων
2598 3809 2629 3878 η
2663 3806 2892 3870 διάνοια,
2923 3806 2992 3859 δι’
3021 3799 3098 3859 ὧν
3148 3806 3391 3877 προῆλθε
3416 3808 3511 3860 καὶ
3537 3808 3612 3861 τὰ
3645 3803 3889 3876 Κυριακὰ

2299 3896 2479 3965 λόγια,
2518 3897 2730 3967 μάρτυς
2766 3896 2915 3949 ἐστὶν
2971 3896 3432 3967 ἀπαράγραπτος,
3463 3897 3606 3953 ἀλλὰ
3636 3897 3792 3951 καὶὸ
3824 3896 3885 3947 ἰε-

2304 3989 2394 4061 ρὺς
2428 3990 2707 4052 Ματοαῖος
2757 3989 2849 4041 ἐπὶ
2890 3989 2992 4058 τῆς
3038 3988 3209 4058 αὐτῆς
3255 3990 3464 4054 ἑννοίας
3508 3992 3638 4044 ἀντὶ¹
3666 3988 3763 4043 τοῦ
3798 3989 3887 4041 Im

2306 4082 2661 4154 χρησάμενος
2687 4081 2916 4152 τῴ,ὅτι,
2934 4081 3025 4135 καὶ
3054 4082 3178 4136 ἀντὶ
3206 4082 3300 4135 τοῦ
3330 4082 3710 4154 ἀπαγορεύειν
3734 4082 3889 4149 άρνη-

2303 4176 2471 4239 me;
2503 4174 2846 4244 ἀπαγγείλας
2891 4174 2952 4226 τὸ
2985 4176 3204 4245 χωρίον.
3254 4176 3366 4229 Καὶ
3395 4176 3502 4247 γὰρ
3556 4178 3774 4245 εἰσάγει
3806 4172 3886 4223 τὸν

2304 4269 2514 4341 Κύριον
2570 4266 2799 4335 λέγοντα
2821 4284 2834 4298 ο
2870 4287 2889 4318 ι
2924 4267 3023 4320 Διὰ
3054 4268 3212 4321 τοῦτο
3249 4270 3306 4321 ὲν
3349 4270 3696 4339 παραϐολαῖς
3731 4264 3884 4328 λαλῶ,

2303 4362 2385 4416 ὅτι
2421 4360 2712 4431 βλέποντες
2742 4360 2803 4413 ού
2836 4359 3134 4429 βλέπουσι,
3174 4379 3192 4412 ι
3252 4362 3344 4414 καὶ
3375 4362 3554 4433 δῆλον,
3605 4365 3689 4416 δτι
3729 4358 3883 4427 σαφὲς

2305 4453 2546 4524 κατέστη
2577 4454 2671 4507 καὶ
2703 4453 2765 4506 τὸ
2813 4453 2916 4506 ἵνα
2960 4456 3074 4515 τοῖς
3104 4453 3285 4517 ἄλλοις
3319 4455 3744 4524 εύαγγελισταῐς
3776 4449 3883 4506 ἀντὶ

615 4551 702 4605 ὅτι
735 4566 858 4608 esse
900 4562 1251 4621 usurpatum,
1300 4562 1355 4607 et
1383 4552 1709 4622 particulam
1763 4551 1915 4606 illam
1955 4551 2185 4621 prohibi-

2308 4547 2407 4601 τοῦ
2453 4547 2543 4601 ὅτι
2577 4546 3047 4617 παρειλημμένον,
3082 4548 3177 4600 καὶ
3214 4547 3276 4600 τὸ
3314 4548 3390 4619 (9)
3454 4543 3880 4621 ἀπαγορευτικὸν

619 4643 786 4698 tivam
817 4645 1070 4715 negantis
1092 4644 1199 4698 vim
1223 4645 1495 4699 obtinere.

692 4732 913 4790 Scilicet
932 4751 1064 4803 gens
1089 4733 1339 4799 Judaica,
1362 4733 1631 4804 majorum
1666 4749 1893 4789 suorum
1926 4732 2201 4788 insaniam

617 4834 672 4880 et
700 4825 1104 4894 improbitatem
1136 4827 1210 4881 ita
1249 4841 1406 4881 suam
1443 4826 1590 4892 fecit,
1626 4836 1687 4881 ut
1713 4826 2015 4881 Dominica:
2058 4826 2206 4881 salu-

2324 4639 2511 4711 μόριον
2542 4639 2642 4709 τὴν
2663 4637 2757 4691 τοῦ
2785 4639 3083 4709 ἀρνητικοῦ
3117 4639 3348 4710 δύναμιν
3379 4643 3819 4715 ἀναδεδεγμένον.

2395 4732 2534 4787 Ἀλλ’
2583 4731 2728 4785 οὕτω
2787 4733 2888 4803 μὲν
2950 4734 3048 4804 τὴν
3107 4736 3445 4807 προγονικὴν
3504 4738 3565 4790 τὸ
3632 4732 3877 4792 Ἰουδαίων

2310 4824 2463 4887 ἔθνος
2508 4825 2771 4878 ἀπόνοιαν
2815 4825 2910 4878 καὶ
2956 4826 3355 4899 ἀγνωμοσύνην
3404 4829 3764 4902 οἰκειούμενοι
3795 4826 3880 4892 τῆς

619 4921 859 4987 tat-isque
908 4918 1170 4975 doctrinae
1211 4917 1487 4989 jacturam
1528 4928 1886 4988 spontaueam
1937 4918 1993 4971 in
2052 4918 2185 4972 lucri

2313 4916 2656 4985 Δεσποτικῆς
2704 4915 3057 4978 διδασκαλίας
3110 4916 3203 4968 καὶ
3251 4916 3523 4986 ὠφελείας
3574 4915 3875 4986 ἀποστερεῖν

620 5020 921 5079 reputaret.
952 5012 1140 5083 Neque
1167 5013 1316 5068 enim
1346 5012 1424 5066 illi
1455 5013 1721 5066 natalium
1764 5026 1991 5066 suorum
2037 5009 2185 5078 origi

2314 5008 2546 5071 ἑαυτοὺς
2579 5008 2770 5080 κέρδος
2800 5009 3063 5062 ἐτίθεντο.
3103 5010 3213 5062 Καὶ
3253 5012 3364 5080 γὰρ
3415 5013 3476 5064 ού
3506 5014 3756 5067 τοσοῦτον
3793 5006 3874 5066 τὰς

620 5117 745 5157 nem
779 5102 845 5156 ad
878 5102 1117 5173 majores
1150 5102 1347 5173 magis,
1389 5118 1554 5172 quam
1588 5101 1774 5157 cordis
1824 5102 1912 5156 sui
1954 5101 2211 5157 duritiem

695 5220 739 5251 ⁷⁸
767 5218 959 5276 Matth.
986 5236 1087 5288 vn,
1121 5220 1173 5275 6.
1250 5218 1295 5252 ⁷⁸
1335 5216 1528 5272 Matth.
1556 5233 1677 5283 xm,
1708 5215 1797 5270 15.

2317 5100 2503 5173 πηγάς
2531 5101 2629 5171 τῆς
2658 5100 2979 5171 σωματικῆς
3010 5101 3280 5169 γενέσεως
3318 5104 3396 5166 εἰς
3423 5106 3665 5170 ἐκείνους
3701 5101 3871 5169 ἀνέφε-

2152 5332 2387 5391 ΝΟΤΛΕ.

696 5484 773 5551 (2)
820 5483 878 5538 ’0
906 5483 963 5536 δὲ
985 5482 1253 5553 οἰόμενος,
1288 5481 1469 5537 addidi
1496 5499 1561 5538 ex
1593 5484 1749 5544 Colb.

700 5556 777 5623 (5)
810 5553 886 5607 Id.
918 5569 1017 5622 pro
1046 5553 1318 5619 τύφωσιν.

700 5625 778 5693 (4)
814 5625 886 5677 Id.
911 5640 1009 5693 pro
1037 5624 1271 5692 οἴκησις.

704 5696 780 5761 (ὃ)
809 5693 886 5748 ld.
921 5708 1018 5763 pro
1057 5694 1255 5762 νόημα.

706 5767 781 5836 (μϐ)
815 5764 895 5836 ψ.
928 5778 1032 5836 pro_
1058 5765 1527 5836 ἐπαισχύνθησαν.

708 5833 786 5903 (7)
816 5829 947 5891 Post
973 5829 1065 5887 οὖν
1094 5829 1397 5904 legebatur'
1438 5837 1552 5903 καί,
1582 5838 1729 5908 quod
1785 5838 1935 5891 Coll).
2006 5835 2207 5890 rectius

2315 5478 2544 5535 omittit.

2386 5549 2463 5613 (8)
2493 5551 2612 5622 ’[Ινα
2650 5548 2908 5622 eerolb.
3051 5620 3061 5622 _
3199 5620 3206 5622 Α
3288 5620 3296 5622 ἓ
3398 5618 3422 5622 _
3753 5616 3763 5622 ,
3825 5610 3835 5622 ,

2387 5621 2462 5690 (9)
2500 5620 2626 5672 Ρυμι
2663 5621 2753 5671 καὶ
2777 5620 2855 5683 τό,
2890 5620 3140 5673 exstabat
3188 5620 3308 5672 ἀντὶ
3334 5618 3448 5681 τοῦ,
3497 5636 3562 5675 ex
3600 5616 3861 5690 superiori-

2315 5685 2421 5771 bus
2454 5692 2837 5759 intempestive
2866 5692 2954 5745 hic
2989 5692 3305 5760 repetitum,
3341 5691 3572 5762 ideoque
3635 5685 3684 5749 in
3728 5685 3855 5743 Colu.

2316 5777 2603 5818 01111550111.

716 6414 2075 6443 ww,
2116 6414 2187 6417 ,1,
2222 6412 2323 6415 iii,
2356 6410 2467 6413 ﬁrm,
2550 6404 2823 6409 ,,,,i_,,,

630 6551 922 6571 ,Ἡ
