4144 6434
304 369 412 433 473

1262 374 1363 432 AD
1402 373 2002 444 AMPIIILOCHIUM
2042 375 2396 447 QUESTIO
2432 377 2689 438 LXXVI.

3486 382 3589 445 47.1

308 501 425 550 ρον,
455 484 580 537 ὅσον
612 481 713 553 τὴν
739 481 1002 552 πώρωσιν
1026 482 1126 553 τῆς
1152 484 1381 556 καρδίας
1410 485 1508 539 καὶ
1542 485 1602 539 τὸ
1625 486 1726 557 τῆς
1755 485 1890 553 γνώ-

2026 495 2390 557 ingratumque
2412 489 2658 542 animum
2690 487 3020 545 referebant.
3050 490 3272 546 Veteres
3302 492 3378 547 illi
3414 494 3590 551 lsrae-

307 594 420 647 μης
466 576 786 646 ἀχάριστον.
832 574 1124 646 Θαλάσσης
1158 576 1190 629 ὁ
1224 577 1454 642 παλαιὸς
1503 579 1721 651 Ἰσραὴλ
1755 580 1900 650 ὑγρά

306 670 534 742 κύματα
566 669 1004 743 πεξοποροῦντες
1029 670 1323 737 διέϐαινον,
1358 670 1552 735 στύλος
1606 672 1778 743 πυρὸς
1804 672 1900 725 καὶ

310 758 547 829 νεφέλης
578 757 678 830 τὴν
710 758 826 812 ὁδὸν
851 758 1037 823 αὐτοῖς
1062 760 1477 831 παρεσκεύαζεν
1503 763 1773 828 ἄλυπον,ό
1800 764 1901 832 μὲν

311 854 373 907 ἐν
402 853 561 906 νυκτὶ
594 853 801 923 πυρσὸν
829 852 1108 915 ἀνάπτων,
1143 856 1263 926 ἅμα
1299 855 1396 909 καὶ
1424 858 1784 928 χειραγωγῶν
1807 858 1901 912 τὸν

311 945 615 1016 ἀχάριστον
637 961 651 975 ⁵
677 947 708 1016 ἠ
743 945 799 998 δὲ
830 945 928 1017 τὴν
953 946 1238 1001 λυποῦσαν
1265 948 1357 1002 τοῦ
1394 949 1546 1019 ἡλίου
1575 949 1752 1019 φλόγα
1777 950 1901 1004 ἀντὶΙ

311 1038 413 1109 τῆς
446 1040 564 1090 κατ’
590 1033 738 1090 οἷκον
775 1037 979 1108 ὀροφῆς
1006 1039 1408 1108 ἀποστέγουσα,
1441 1041 1536 1094 καὶ
1560 1042 1657 1113 τὴν
1688 1043 1901 1114 ἡμέραν

311 1130 416 1197 τῆς
466 1126 775 1198 ὁδοιπορίας
829 1129 1177 1202 εὐφροσύνης
1228 1133 1446 1204 ἡμέραν
1497 1135 1898 1204 ἀποφαίνουσα.

311 1222 443 1285 Καὶ,
471 1221 529 1275 ἐν
556 1221 836 1292 κεφαλαίῳ
859 1223 1049 1291 φάναι,
1077 1224 1185 1279 τῶν
1215 1225 1355 1297 ὑπὲρ
1384 1226 1545 1295 λόγον
1566 1229 1901 1300 εὐεργεσιῶν

307 1312 701 1378 ἀπολαύοντες,
738 1316 836 1369 καὶ
870 1318 1006 1370 πᾶσι
1052 1320 1169 1378 τοῖς
1213 1320 1355 1373 κατά
1384 1320 1476 1373 τὸν
1512 1320 1626 1391 βίον
1676 1321 1903 1390 ἀγαθοῖς

310 1424 381 1459 πε
391 1406 741 1478 ριρῤεόμενοί
769 1425 826 1461 τε
859 1409 953 1463 καὶ
982 1408 1350 1481 πιαινόμενοι,
1370 1410 1734 1476 ἀπελάκτιζον
1762 1412 1903 1484 μᾶλ-

309 1500 403 1553 λον
430 1502 524 1555 καὶ
554 1500 695 1572 πρὸς
724 1500 823 1572 τὴν
868 1502 962 1556 τοῦ
1010 1502 1168 1556 Θείου
1222 1503 1381 1575 ὓϐριν
1414 1504 1765 1575 ὲξεμαίνοντο
1794 1506 1904 1559 τῶν

310 1592 611 1646 εἰδωλικῶν
665 1593 997 1664 μιασμάτων
1030 1595 1142 1665 (10)
1198 1594 1260 1649 τὸ
1312 1596 1476 1661 σέϐας
1519 1598 1623 1668 τῆς
1672 1599 1755 1662 είς
1810 1599 1903 1653 τὸν

311 1685 659 1756 Δημιουργὺν
708 1686 1205 1758 ἀνταλλαττόμενοι
1253 1688 1513 1753 πίστεως.
1565 1690 1677 1744 Καὶ
1713 1692 1761 1744 οἱ
1804 1692 1904 1761 τῆς

313 1777 538 1849 ἐκείνης
567 1777 624 1829 δὲ
653 1777 882 1849 γνώμης
908 1779 1009 1833 οὐκ
1035 1779 1260 1835 ἔλαττον
1293 1781 1327 1852 ἢ
1363 1781 1465 1851 τῆς
1491 1782 1657 1853 γονῆς
1681 1782 1904 1852 φύντες,

312 1869 407 1923 διὰ
430 1869 531 1938 τῆς
570 1870 664 1923 τοῦ
698 1870 954 1943 Σωτῆρος
987 1871 1146 1943 ἡμῶν
1175 1872 1473 1945 ἐπιδημίας
1505 1874 1906 1945 παραπλησίων

314 1963 413 2016 καὶ
440 1960 736 2032 ὑπερφυῶν
767 1961 1064 2031 θαυμάτων
1094 1963 1437 2034 τελουμένων
1464 1964 1655 2020 θεαταὶ
1683 1966 1908 2037 γινόμε-

314 2072 421 2120 νοι,
451 2053 549 2107 νῦν
596 2053 696 2125 μὲν
744 2053 937 2107 παθῶν
981 2055 1316 2126 σωματικῶν
1346 2056 1585 2111 ἀνιάτων
1612 2057 1909 2128 ἐλαυνομέ-

313 2165 425 2201 νων
455 2145 621 2218 λόγῳ,
655 2144 751 2199 νῦν
796 2146 854 2200 δὲ
896 2146 1104 2219 βλάϐης
1146 2148 1432 2220 δαιμονίας
1473 2151 1567 2205 καὶ
1611 2151 1909 2221 ἐπιϐουλῆς

311 2237 413 2291 τοῦ
459 2238 778 2309 πλάσματος
820 2238 1336 2311 ἀπαλλαττομένου·
1379 2242 1477 2295 καὶ
1543 2241 1793 2313 ψυχικῶν
1850 2242 1909 2296 δὲ

311 2329 651 2401 τραυμάτων
696 2332 764 2401 τῇ
811 2329 1135 2404 διδασκαλίᾳ⁵
1171 2331 1653 2405 θεραπευομένων,
1684 2352 1911 2406 νεκρου-

319 2424 496 2494 μένην
523 2422 568 2475 δ’
616 2423 719 2494 ἤδη
766 2423 998 2477 θανάτου
1031 2426 1131 2496 τὴν
1179 2426 1337 2498 ἰσχὺν
1363 2427 1907 2498 εὐαγγελιζομένων

315 2519 421 2571 καὶ
447 2517 659 2571 πολλῶν
700 2516 875 2570 ἄλλων
899 2517 1120 2589 δωρεῶν
1148 2535 1209 2571 τε
1238 2518 1334 2572 καὶ
1359 2520 1694 2591 εὐεργεσιῶν
1728 2519 1913 2584 ἀξιού-

322 2631 502 2685 μενοι,
528 2612 681 2667 οὐδὲν
713 2613 811 2684 μὲν
836 2613 1046 2667 τούτων
1070 2612 1313 2684 καθορᾷν
1345 2613 1573 2685 γνώμην
1600 2607 1773 2684 εἶχον,
1798 2613 1911 2666 οὐδ’

316 2707 662 2777 ἀμείψασθαι
697 2706 810 2777 (ll)
841 2707 933 2761 τὸν
972 2708 1293 2778 εὐεργέτην,
1326 2708 1463 2780 πρὸς
1500 2708 1674 2779 μόνην
1714 2709 1773 2762 δὲ
1813 2710 1915 2781 τὴν

319 2798 592 2869 θεομάχον
619 2797 989 2869 ἐξωτρύνοντο
1018 2799 1300 2867 γλῶσσαν,
1334 2800 1431 2854 καὶ
1458 2800 1569 2853 τῶν
1598 2800 1911 2870 βλεπόντων

320 2890 423 2945 καὶ
467 2890 776 2944 ἀκουόντων
823 2891 1163 2962 ἁρπάζοντες
1196 2891 1259 2946 τὸ
1305 2890 1560 2960 ἀξίωμα,
1598 2892 1693 2946 καὶ
1729 2892 1915 2961 σφίσιν

320 2984 511 3048 αὐτοῖς
557 2983 955 3055 περιτιθέντες,
999 2981 1127 3035 οὔτε
1157 2982 1381 3038 ἀκούειν
1426 2983 1619 3055 ἤθελον
1663 2984 1776 3040 τῶν
1820 2987 1917 3037 Δε-

2002 579 2113 633 like
2144 579 2314 633 maris
2342 580 2541 635 fluctus
2570 581 2902 647 transibant,
2949 583 3204 637 columna
3251 600 3419 654 porro
3448 586 3592 656 ignis

2002 678 2058 725 et
2086 670 2251 723 nubis
2304 672 2408 725 iter
2456 670 2593 741 ipsis
2641 671 2949 741 jucundum
3003 676 3322 743 praestabat,
3371 680 3593 746 quando

2004 763 2155 833 prior
2183 763 2406 833 quidem
2446 774 2613 819 noctu
2646 764 2821 821 facem
2861 767 3218 835 accendebat,
3252 780 3307 825 et
3334 771 3477 827 viam
3511 773 3596 827 in'-

2003 856 2173 925 gratis
2210 855 2708 924 praemonsuabat;
2747 856 3021 926 posterior
3048 873 3180 914 vero
3215 861 3470 916 infestam
3502 879 3595 919 so-

2003 949 2073 1005 lis
2101 950 2377 1004 llanunam
2412 948 2589 1003 instar
2626 949 2753 1003 tecti
2789 949 3045 1019 alicujus,
3082 968 3191 1021 quo
3229 952 3423 1009 domus
3469 972 3591 1009 mu-

2003 1042 2175 1107 nitur,
2204 1042 2446 1107 arcebat,
2477 1050 2642 1111 atque
2666 1040 2803 1095 adeo
2828 1041 3041 1097 itineris
3060 1042 3201 1097 diem
3226 1042 3426 1099 latitia:
3448 1045 3590 1099 diem

2003 1134 2294 1190 efﬁciebat.
2338 1119 2415 1186 Ἀι
2459 1132 2622 1187 iidem
2670 1133 2769 1200 illi,
2819 1142 2881 1189 ut
2929 1135 3249 1189 summatim
3282 1136 3483 1199 dicam,
3518 1145 3595 1190 tot

2004 1226 2330 1293 beneﬁciis,
2391 1242 2515 1297 quae
2572 1242 2791 1281 omnem
2846 1228 3218 1297 eloquentiam
3285 1238 3593 1299 superant,

2005 1316 2284 1383 fruentes,
2316 1319 2688 1387 omnibusque
2717 1320 2843 1374 vita:
2879 1319 3039 1374 bonis
3070 1319 3322 1375 inundati
3363 1329 3419 1374 et
3450 1320 3598 1390 sagi-

2004 1411 2146 1476 nati,
2183 1411 2630 1477 recalcitrabant,
2662 1422 2735 1476 et,
2769 1410 2959 1465 furore
2986 1411 3143 1481 quasi
3183 1412 3425 1481 quodam
3469 1426 3597 1466 cor-

2006 1504 2167 1572 repti,
2194 1505 2251 1557 in
2282 1503 2530 1559 divinum
2565 1502 2778 1558 Numen
2809 1511 2967 1558 erant
3011 1503 3223 1572 injurii,
3254 1505 3434 1569 Iidem,
3460 1519 3595 1559 con-

2005 1594 2170 1650 ditori
2201 1610 2305 1651 suo
2357 1595 2751 1665 praestandam,
2787 1611 2912 1651 cum
2967 1595 3295 1651 idololatriae
3342 1595 3600 1650 sordibus

2006 1700 2405 1763 permutantes.
2436 1690 2512 1745 Ita
2532 1698 2585 1744 et
2599 1689 2806 1759 posteri
2831 1704 3049 1753 eorum,
3076 1705 3185 1743 non
3203 1689 3386 1743 minus
3413 1689 3600 1741 animo

2008 1798 2176 1854 quam
2208 1782 2487 1838 natalibus
2516 1782 2625 1837 illis
2668 1782 2901 1845 similes,
2958 1791 3249 1851 postquam
3298 1780 3496 1836 similia
3544 1789 3601 1834 et

1938 1842 1982 1898 Β
2012 1876 2198 1931 divina
2250 1876 2517 1930 miracula
2562 1890 2590 1929 a
2625 1884 2755 1929 nato
2810 1873 3094 1928 Salvatore
3146 1884 3337 1927 nostro
3389 1882 3601 1942 patrata

2008 1970 2298 2037 vidissent,
2354 1969 2576 2038 quando
2632 1982 2779 2022 nunc
2831 1966 3053 2038 quidem
3088 1966 3265 2019 morbi
3323 1966 3601 2033 corporis,

2010 2061 2149 2116 alias
2203 2059 2658 2121 immedicabiles,
2705 2058 2874 2112 verbo
2922 2056 3409 2126 propulsabantur,
3459 2070 3603 2109 nunc

2010 2166 2141 2207 vero
2178 2150 2449 2212 homines,
2485 2164 2516 2203 a
2550 2148 2711 2204 noxis
2743 2158 2797 2203 et
2825 2147 3039 2204 insidiis
3068 2146 3354 2201 diabolicis
3406 2146 3605 2201 libera-

2011 2244 2231 2309 bantur,
2258 2258 2407 2298 nunc
2429 2242 2630 2297 animae
2652 2242 2879 2296 vulnera
2912 2240 3164 2295 doctrina
3196 2238 3423 2294 salutari
3442 2253 3605 2292 sana-

2011 2334 2235 2401 bantur,
2274 2349 2426 2389 nunc
2474 2334 2679 2388 mortui
2733 2333 2877 2387 inter
2944 2333 3097 2386 vivos
3151 2330 3602 2395 numerabantur,

2012 2443 2164 2484 nunc
2222 2428 2333 2482 vim
2394 2426 2593 2481 mortis
2642 2426 2753 2496 jam
2811 2424 3042 2479 fractam
3085 2439 3208 2479 esse
3237 2422 3601 2485 docebantur,

2016 2519 2321 2589 multisque
2357 2518 2480 2574 aliis
2506 2518 2666 2574 donis
2686 2528 2742 2573 et
2768 2517 3049 2572 beneficiis
3090 2514 3490 2578 mactabantur,
3519 2515 3605 2565 vel

2015 2613 2097 2669 sic
2129 2613 2375 2667 animum
2404 2612 2471 2667 ad
2501 2612 2592 2666 illa
2649 2610 2836 2665 omnia
2868 2610 3175 2676 advertere,
3239 2616 3339 2662 aut
3382 2606 3609 2662 bent-fa-

2015 2707 2150 2762 ctori
2177 2720 2280 2761 suo
2308 2704 2543 2776 gratiam
2578 2703 2876 2773 rependere
2905 2703 3187 2764 nolebant,
3217 2700 3311 2756 sed
3360 2700 3609 2769 linguam

2017 2799 2227 2869 potius,
2260 2798 2371 2854 Deo
2402 2798 2709 2861 inimicam,
2741 2797 3034 2853 acuebant.
3075 2797 3192 2849 lmo
3221 2794 3520 2849 videntium
3553 2800 3612 2846 et

2018 2889 2361 2945 audientium
2393 2887 2629 2959 elogium
2664 2902 2762 2957 per
2807 2888 3054 2957 rapinam
3105 2886 3209 2941 sibi
3247 2886 3381 2956 ipsis
3431 2884 3610 2938 vindi-

2020 2989 2227 3047 cantes,
2250 2994 2428 3050 neque
2458 2978 2673 3034 Domini
2708 2979 2896 3042 verba,
2929 2993 3052 3047 quze
3080 2991 3199 3039 eos,
3234 2976 3468 3030 buccina
3497 2975 3612 3029 cla-

322 3075 602 3129 σποτικῶν
634 3075 918 3145 ῥημάτων,
967 3074 1269 3144 σάλπιγγος
1318 3076 1690 3147 γεγωνότερον
1718 3076 1915 3140 αὐτοὺς

2021 3078 2160 3141 rius,
2190 3073 2258 3128 ad
2295 3073 2524 3128 salutem
2558 3069 2853 3135 vocabant,
2886 3070 3091 3123 multos
3123 3082 3255 3121 vero
3290 3083 3355 3121 ex
3389 3065 3612 3136 gentili-

321 3167 467 3238 πρὸς
493 3167 592 3233 τὴν
623 3166 901 3237 σωτηρίαν
932 3165 1414 3237 ἀνακαλουμένων,
1436 3167 1531 3221 καὶ
1557 3166 1785 3231 πολλοὺς
1808 3169 1915 3223 τῶν

2022 3166 2127 3222 bus
2156 3165 2226 3219 ad
2258 3180 2380 3219 eam
2416 3164 2813 3234 perducebant,
2842 3160 3201 3228 veritatisque
3240 3156 3611 3227 cognitionem

322 3258 499 3311 ἐθνῶν
524 3256 661 3329 πρὸς
686 3256 857 3328 αὐτὴν
888 3257 1253 3326 συναγόντων,
1284 3259 1377 3313 κα)⁸
1405 3259 1507 3329 τὴν
1534 3259 1632 3330 τῆς
1659 3261 1919 3333 ἀληθείας

322 3349 625 3418 ἐπίγνωσιν
657 3349 1146 3405 ἀναδιδασκόντων.
1184 3348 1324 3404 Οὔτε
1354 3352 1422 3406 τὰ
1453 3353 1545 3404 ὑπ’
1573 3353 1697 3424 ὄψιν
1731 3355 1921 3407 τελού⁴

328 3458 473 3511 μενα
504 3441 614 3493 τῶν
645 3440 942 3511 θαυμάτων
974 3442 1198 3513 βλέπειν
1228 3442 1514 3497 ἐϐούλοντο
1534 3486 1549 3510 ,
1590 3445 1726 3514 πρὸς
1754 3446 1922 3516 μόνας

321 3534 388 3587 δὲ
428 3533 526 3597 τὰς
574 3534 910 3603 δυσφημίας,
973 3535 1074 3587 καὶ
1118 3536 1212 3588 τὸν
1261 3536 1389 3590 νοῦν
1440 3536 1621 3593 αὐτῶν
1676 3540 1769 3592 καὶ
1824 3539 1923 3610 τὴν

322 3626 579 3696 γλῶτταν
624 3626 946 3691 ἐξώπλιςον.
977 3626 1178 3699 Διόπερ
1210 3628 1440 3693 εἰκότως
1484 3629 1669 3695 αὐτοῖς
1708 3630 1775 3685 τά
1822 3649 1922 3702 μυ-

327 3718 535 3789 στήρια
567 3719 667 3789 τῆς
710 3716 991 3788 βασιλείας
1038 3717 1139 3772 οὐκ
1185 3718 1530 3777 ἐπιστεύετο.
1581 3722 1767 3792 Χωρις
1816 3724 1923 3793 γὰρ

323 3809 441 3861 τῶν
494 3807 670 3860 ἄλλων
720 3808 811 3861 καὶ
865 3807 1004 3861 διότι
1065 3809 1251 3879 μεῖζον
1310 3810 1497 3873 αὐτοῖς
1540 3814 1718 3884 κρῖμα
1771 3831 1926 3883 περι-

322 3901 474 3969 ἧπτε
504 3898 618 3970 (12)
657 3899 1071 3969 πιστευόμενον.
1107 3900 1260 3971 Ὅσῳ
1284 3900 1394 3972 γάρ
1440 3902 1506 3956 ἄν
1537 3919 1621 3967 τις
1657 3904 1926 3973 μειζόνων

324 3990 607 4058 ἀξιοῦται,
638 3993 667 4044 ὁ
701 3992 758 4045 δὲ
787 3993 926 4063 πρὸς
956 3992 1019 4045 τὸ
1045 3995 1231 4064 χεῖρον
1259 3995 1383 4047 ἀντὶ
1407 3994 1507 4065 τῆς
1535 3997 1628 4049 ἐπὶ
1657 3996 1718 4049 τὸ
1742 4000 1926 4068 κρεῖτ-

322 4101 427 4137 τον
461 4082 768 4155 μεταϐολῆς
801 4086 1057 4138 ἀπονεύει
1083 4124 1099 4150 ,
1144 4079 1303 4149 οὗτος
1350 4084 1462 4158 (15)
1516 4086 1710 4159 διπλῆς
1744 4088 1927 4158 ἔνοχος

325 4177 749 4249 κατακρίσεως,
783 4178 883 4249 τῆς
924 4195 983 4231 τε
1015 4177 1396 4250 προλαϐούσης
1432 4180 1656 4247 κακίας,
1700 4181 1794 4234 καὶ
1827 4182 1927 4250 τῆς

328 4271 424 4321 ἐπ’
454 4268 687 4340 αὔξησιν
718 4270 1024 4343 μοχθηρίας
1056 4270 1156 4344 τὴν
1196 4272 1519 4342 εὐεργεσίαν
1548 4273 1927 4344 ποιησαμένης

327 4360 740 4431 προαιρέσεως.

2022 3257 2385 3320 iustillabant,
2422 3256 2635 3322 audire,
2677 3268 2857 3324 neque
2905 3252 3191 3317 miracula,
3223 3266 3347 3321 qua:
3388 3251 3441 3303 iit
3478 3265 3614 3303 ocu-

2022 3351 2106 3407 los
2163 3349 2549 3414 incurrebant,
2584 3349 2771 3402 videre
2804 3345 3116 3415 cupiebant,
3176 3345 3269 3398 sed
3314 3343 3495 3412 potius
3542 3340 3611 3394 ad

2025 3442 2272 3499 convicia
2303 3450 2516 3495 tantum
2551 3449 2603 3495 et
2626 3445 2865 3493 mentem
2895 3451 3051 3492 suam
3075 3444 3131 3489 et
3162 3435 3404 3505 linguam
3432 3448 3616 3487 arma-

2024 3536 2177 3591 bant.
2213 3533 2343 3588 iiaac
2393 3548 2558 3588 causa
2590 3544 2730 3597 erat,
2785 3546 2886 3586 cur
2926 3530 3187 3600 mysteria
3244 3529 3394 3599 regni
3444 3526 3615 3582 divini

2025 3625 2135 3683 illis
2182 3644 2292 3682 non
2324 3627 2704 3682 crederentur.
2735 3622 2897 3685 Nam,
2938 3633 2994 3676 ut
3020 3622 3126 3676 alia
3174 3623 3450 3684 omittam,
3498 3636 3616 3672 tua-

2020 3719 2129 3791 jori
2159 3720 2379 3774 crimini
2438 3718 2603 3773 futuri
2659 3726 2819 3772 erant
2874 3715 3120 3779 obnoxii,
3152 3715 3197 3767 si
3228 3729 3289 3768 ea
3324 3713 3432 3767 illis
3460 3726 3617 3767 com-

2026 3814 2198 3868 missa
2232 3809 2485 3866 fuissent.
2519 3809 2639 3876 Quo
2667 3809 2794 3879 quis
2815 3810 2961 3864 enim
2999 3806 3304 3876 majoribus
3338 3804 3619 3859 beneficiis

2026 3903 2365 3969 cumulatur,
2415 3902 2508 3973 qui
2556 3912 2734 3956 tamen
2769 3901 2922 3970 pejor
2967 3902 3173 3970 potius,
3221 3914 3384 3969 quam
3422 3897 3619 3951 melior

2027 3996 2258 4049 evadere
2280 3994 2467 4065 gestit,
2498 3993 2603 4047 lioc
2630 3993 2804 4059 magis
2830 3992 3035 4057 duplici
3065 3990 3508 4045 condemnationi
3534 3999 3622 4044 est

2028 4088 2327 4152 obnoxius,
2359 4087 2484 4141 hinc
2515 4087 2586 4140 ob
2638 4086 2904 4140 malitiam
2957 4092 3354 4153 antegressam,
3388 4083 3515 4137 hinc
3548 4084 3621 4135 ob

2029 4182 2277 4237 animum
2310 4180 2636 4251 pessimum,
2666 4178 3113 4248 quandoquidem
3166 4178 3284 4246 ipsa
3315 4175 3622 4231 beneficen~

2030 4274 2104 4329 tia
2139 4274 2207 4329 ad
2248 4276 2649 4328 incrementum
2676 4270 2969 4341 pravitatis
2994 4269 3259 4325 abutitur.

409 4450 533 4505 Ὀτι
559 4452 615 4505 δὲ
651 4452 728 4523 μὴ
772 4453 1230 4527 ἀποκληρωτικδν
1279 4450 1422 4509 εἶναι
1450 4456 1513 4509 τὸ
1541 4455 1791 4510 δεδόσθαι
1829 4455 1915 4527 μὲι

2108 4451 2224 4507 Non
2257 4465 2389 4506 vero
2417 4450 2533 4505 fato
2557 4451 2713 4522 quasi
2762 4450 3002 4520 quodam
3034 4450 3324 4517 accidisse,
3361 4458 3422 4505 ut
3456 4449 3623 4504 disci-

326 4548 448 4609 τοῖς
484 4545 758 4618 μαθηταῖς
786 4548 1085 4617 ἐπιγνῶναι
1126 4548 1197 4602 τὰ
1226 4550 1522 4621 μυστήρια,
1566 4551 1681 4613 τοῖς
1724 4550 1782 4602 δὲ
1830 4549 1927 4620 μὴ,

330 4638 434 4694 καὶ
463 4639 731 4710 πρότερον
767 4641 866 4708 μὲν
894 4640 1301 4695 ἀποδέδεικται.
1327 4641 1495 4694 Οὐδὲν
1522 4641 1578 4693 δὲ
1604 4638 1767 4713 ἦττον
1789 4658 1931 4711 παρ-

336 4733 524 4803 ίστησι
555 4732 653 4785 καὶ
680 4732 709 4784 ό
740 4732 934 4803 Σωτὴρ
959 4773 976 4799 ,
1018 4732 1346 4804 μακαρίζων
1380 4734 1509 4798 τοὺς
1546 4734 1815 4804 μαθητάς,
1849 4736 1934 4787 ὅτι

335 4818 628 4889 βλέπουσι,
663 4820 761 4873 καὶ
784 4822 1081 4885 ἀκούοντες
1132 4822 1447 4880 ἀκούουσιν.
1490 4823 1547 4876 '0
1584 4826 1933 4896 μακαρισμὸς

335 4911 450 4982 γάρ
479 4913 634 4982 παρά
661 4929 725 4982 γε
764 4918 876 4978 τοῖς
908 4915 1130 4983 Λογίοις
1161 4916 1254 4969 καὶ
1291 4915 1529 4984 μάλιστα
1569 4920 1683 4979 τοῖς
1717 4919 1927 4988 Κυρια-

338 5006 482 5068 κοῖς,
504 5004 604 5057 οὐκ
631 5006 878 5077 ἀνάγκης
905 5008 1054 5059 ἐστὶν
1089 5006 1421 5075 είσαγούσης
1446 5007 1508 5059 τὸ
1534 5009 1937 5078 ἀπαραίτητον,

339 5098 720 5166 προαιρέσεως
751 5099 807 5151 δέ
835 5099 1126 5169 γινομένης
1158 5098 1253 5150 τοῦ
1292 5098 1582 5168 βελτίονος·
1627 5104 1942 5172 «Μακάριος

344 5186 457 5257 γάρ
481 5187 643 5259 ἀνὴρ,
673 5188 732 5252 ὃς
762 5190 861 5242 οὐκ
893 5189 1167 5259 ἐπορεύου
1194 5191 1250 5241 ἐν
1281 5188 1445 5260 βουλῇ
1475 5190 1691 5245 ἀσεϐῶν
1719 5209 1733 5222 ο
1771 5212 1789 5244 ι
1826 5195 1941 5258 καὶ,

419 5399 467 5431 ’⁷
504 5391 701 5448 Matth.
732 5410 785 5460 v,
823 5395 858 5448 5
896 5411 1051 5469 seqq.

2029 4542 2176 4613 pulis
2207 4540 2442 4597 facultas
2492 4541 2718 4596 daretur
2754 4542 3120 4612 cognoscendi
3168 4541 3463 4611 mysteria,
3498 4540 3624 4595 aliis

2029 4651 2161 4692 vero
2199 4652 2312 4690 non
2362 4637 2529 4703 item,
2582 4635 2698 4706 jam
2748 4645 2873 4691 ante
2924 4652 2962 4691 a
3004 4636 3162 4691 nobis
3194 4644 3278 4691 est
3317 4645 3623 4690 ostensum.

2032 4729 2177 4783 idem
2209 4744 2341 4784 vero
2375 4745 2483 4783 non
2513 4730 2695 4784 minus
2732 4729 2985 4784 Salvator
3016 4730 3242 4793 indicat,
3274 4729 3463 4784 beatos
3490 4744 3627 4797 Prae—

2032 4822 2227 4878 dicans
2278 4823 2605 4892 discipulos,
2650 4823 2793 4892 quod
2832 4822 3076 4877 videntes
3133 4823 3371 4884 videant,
3426 4832 3480 4875 et
3530 4836 3629 4874 au-

2036 4914 2252 4969 dientes
2282 4914 2527 4969 audiant.
2572 4916 2803 4981 Quando
2834 4916 2981 4969 enim
3020 4916 3074 4968 in
3106 4913 3404 4983 Scriptura:
3437 4928 3628 4973 sacrm.

2038 5007 2435 5077 Speciatimque
2467 5006 2682 5061 Domini
2742 5008 2937 5074 nostri,
2989 5007 3151 5061 dictis
3202 5007 3397 5073 beatus
3431 5004 3631 5074 aliquis

2042 5101 2372 5170 praedicatur
2415 5101 2482 5165 ⁷⁷,
2537 5102 2589 5155 id
2642 5102 2864 5171 quidem
2917 5116 3025 5156 non
3087 5101 3272 5164 infert,
3312 5116 3423 5152 rem
3474 5101 3633 5152 aliter

2045 5193 2163 5248 ﬁeri
2192 5208 2302 5249 non
2338 5193 2605 5266 patuisse,
2642 5195 2735 5248 sed
2792 5194 3159 5249 voluntariam
3218 5192 3471 5247 meliores
3522 5190 3634 5244 ele-

1805 5518 2037 5575 NOTAE.

570 5676 729 5756 90m.
770 5695 871 5756 pro
913 5678 1252 5756 βιασμάτων.

345 5817 383 5871 6
422 5747 535 5870 (Si)
567 5749 656 5803 Sic
688 5752 873 5805 scribo
902 5747 1378 5823 ρτοιᾶμείνασθαι,
1416 5753 1522 5809 nisi
1556 5752 1712 5807 malis
1769 5751 1931 5823 ἀμεί-

388 5834 450 5871 εσ
491 5835 567 5873 αι.
1269 5831 1273 5836 ’

2109 5676 2223 5746 (l9)
2264 5680 2407 5734 ldetn
2437 5695 2537 5749 pro
2572 5680 2815 5732 πίπτειν.

2116 5752 2228 5822 (15)
2266 5753 2405 5807 Idem
2443 5766 2539 5821 p10
2560 5749 2754 5812 οὕτως.
