4144 6460
556 386 665 452 £75

1713 382 1976 447 PHOTII
2015 380 2519 442 PATRIARCILE
2552 379 2659 440 CP.

3799 372 3905 436 476

558 503 798 558 ctionem
828 499 1053 555 indicat.
1115 498 1194 554 Ita
1233 517 1252 551 ι
1293 498 1486 553 beatus
1511 497 1712 553 dicitur
1745 497 1850 562 vir,
1893 497 1988 566 qui
2033 512 2140 551 non

2254 494 2587 564 ιΜακάριος
2617 491 2760 562 ἀνὴρ
2793 489 2936 561 (Η),
2979 489 3038 553 δς
3081 488 3361 560 οίκτείρει
3411 486 3627 558 ψυχὰς
3681 490 3907 560 κτηνῶν

558 594 802 651 ambulat
844 594 899 649 in
938 592 1172 649 consilio
1222 592 1514 661 impiorum
1549 591 1625 657 ";
1690 609 1708 642 ι
1768 597 1823 644 et
1867 606 1885 640 ι
1943 587 2139 643 Beatus

557 690 661 754 vir,
694 690 788 760 qui
825 690 1122 743 miseratur
1170 689 1336 742 vitam
1393 684 1626 754 jumenti
1675 685 1783 738 sui.
1841 703 1860 738 ι
1909 683 2139 749 Quando

559 797 724 852 porro
755 782 1006 837 Salvator
1051 791 1234 837 noster
1269 780 1471 835 multas
1502 795 1608 833 una
1639 778 1779 834 serie
1807 777 2141 831 benedictio-

560 889 658 928 nes
693 873 876 937 aﬂ'ert,
909 873 1116 927 nullam
1144 886 1335 925 earum
1385 870 1475 931 iis,
1513 869 1567 922 in
1619 868 1819 937 quibus
1858 866 2140 922 distinctio

558 966 808 1034 quaedam
834 963 954 1017 loco
987 963 1190 1016 habere
1216 969 1448 1030 poterat,
1471 961 1802 1030 impertitur,
1835 959 1926 1013 sed
1963 960 2015 1012 in
2042 972 2139 1013 eos

558 1072 751 1113 omnes
784 1055 1016 1118 confert,
1045 1068 1282 1125 quorum
1315 1051 1489 1106 virtus
1513 1052 1667 1104 bonae
1700 1049 1898 1104 mentis
1929 1049 2140 1102 fructus

558 1159 614 1205 et
672 1163 832 1218 seges
878 1155 1018 1201 erat.
1083 1145 1266 1215 Itaque
1310 1159 1411 1200 nec
1452 1142 1738 1213 discipulis
1777 1157 1874 1211 per
1934 1149 2139 1195 sortem

559 1241 857 1310 quamdam
887 1238 1108 1293 fatalem
1145 1237 1378 1292 facultas
1413 1237 1552 1291 facta
1584 1245 1668 1291 est
1701 1235 1959 1306 mysteria
1992 1232 2140 1305 regni

559 1331 655 1386 Dei
689 1329 1078 1400 cognoscendi,
1113 1345 1286 1398 neque
1338 1328 1602 1398 improbis
1646 1327 1957 1382 ’lltliltm'lllll
1991 1327 2143 1395 igno-

559 1420 701 1474 ratio
733 1420 950 1474 illorum
977 1420 1236 1488 irrogata.
1284 1417 1397 1471 lmo
1427 1432 1560 1472 vero
1591 1417 1739 1479 ideo,
1769 1415 1914 1485 quod
1949 1426 2143 1486 sponte

561 1527 659 1567 sua
687 1526 744 1566 se
796 1526 972 1564 caecos
1018 1520 1072 1565 et
1101 1519 1283 1564 mutos
1309 1510 1618 1574 effecerant,
1668 1509 1911 1564 divinum
1939 1519 1992 1564 et
2027 1509 2141 1563 falli

562 1601 810 1656 nescium
834 1602 1105 1671 judicium
1143 1601 1247 1655 illis
1277 1601 1530 1671 indignos
1558 1617 1652 1655 eos
1675 1616 1798 1656 esse
1823 1600 2145 1670 pronuntia-

561 1693 657 1747 vit.
693 1694 812 1759 Quo
844 1709 971 1748 vero
1005 1707 1166 1748 sensu
1219 1694 1287 1759 is,
1315 1708 1477 1762 quem
1512 1691 1780 1748 Dominus
1807 1708 1875 1747 ex
1899 1691 2143 1761 discipu-

562 1783 631 1838 lis
663 1784 933 1854 imprimis
986 1785 1228 1847 amabat,
1280 1800 1539 1854 magnqu
1580 1784 1712 1839 illud
1745 1784 2030 1856 theologis
2062 1785 2144 1840 in-

2238 584 2427 639 αὑτοῦ.
2465 603 2484 637 ι
2528 582 2592 637 ’0
2623 583 2682 636 δὲ
2712 581 2902 651 Σωτὴρ
2947 581 3041 633 καὶ
3083 580 3224 633 κατά
3257 577 3612 649 συνέχειαν
3662 577 3907 642 πολλοὺς

2245 677 2637 749 μακαρισμοὺς
2673 673 2962 726 συνάπτων
2985 671 3178 726 οὐδένα
3207 671 3482 735 τούτων,
3523 669 3626 739 ἐφ’
3651 666 3735 722 ὦν
3772 671 3909 722 ἀπο-

2241 772 2518 841 κλήρωσις
2553 769 2666 840 ἔχει
2703 768 2804 838 τὴν
2835 766 3010 835 ίσχὺν,
3042 765 3350 834 ἀπονέμει,
3392 764 3492 826 εἰς
3538 762 3818 826 ἐκείνους
3850 763 3905 815 δὲ

2244 864 2470 931 συνάγει
2520 862 2749 925 πάντας,
2806 852 2881 912 ὧν
2957 857 3126 929 ἀρετὴ
3176 857 3422 928 καρπὸς
3479 856 3756 926 ὑπάρχει
3816 858 3907 910 καὶ

2239 958 2512 1027 γεώργιον
2541 955 2639 1023 τῆς
2682 951 3079 1024 προαιρέσεως.
3105 950 3324 1006 Οὐκοῦν
3368 948 3524 1003 οὕτε
3560 952 3694 1013 τοῖς
3726 950 3906 1020 μαθη-

2246 1053 2368 1114 ταῖς
2399 1050 2518 1103 κατ’
2551 1048 2942 1118 ἀποκλήρωσιν
2972 1047 3181 1100 ἐδέδοτο
3213 1043 3285 1098 τὰ
3321 1047 3662 1115 μυστήρια
3694 1044 3902 1112 γνῶναι

2240 1142 2341 1212 τῆς
2392 1140 2672 1212 βασιλείας
2713 1138 2804 1192 τοῦ
2851 1137 3011 1205 Θεοῦ,
3056 1136 3179 1190 οὔτε
3228 1138 3358 1200 τοῖς
3418 1135 3755 1206 ἀγνώμοσι
3796 1137 3904 1188 τῶν

2254 1234 2521 1290 Ἰουδαίων
2541 1233 2748 1287 τούτων
2792 1233 2825 1302 ὴ
2870 1231 3084 1298 ἀγνοια,
3112 1229 3229 1282 ἀλλ’
3257 1230 3354 1282 ὅτι
3398 1227 3685 1296 τυφλούς
3720 1245 3783 1280 τε
3814 1229 3904 1281 καὶ

2242 1331 2460 1398 κωφοὺς
2489 1329 2708 1388 ἑκόντες
2731 1327 3020 1395 ἀπέφηναν
3055 1323 3307 1386 ἑαυτοὺς,
3342 1321 3598 1375 τούτων
3630 1322 3901 1385 ἀναξίους

2242 1426 2278 1494 ἡ
2310 1422 2433 1477 θεία
2462 1422 2556 1476 καὶ
2583 1421 2884 1484 ἀδέκαστος
2910 1420 3094 1490 κρίσις
3120 1417 3454 1488 διήλεγξεν.
3499 1415 3647 1477 Πῶς
3671 1415 3775 1467 οὖν
3797 1416 3901 1468 τῶν

2251 1515 2514 1586 μαθητῶν
2531 1516 2559 1568 ὁ
2573 1516 2764 1585 ὴγαπη
2773 1513 2930 1584 μένος
2958 1512 3018 1564 τὸ
3034 1513 3128 1582 τῆς
3155 1510 3474 1578 θεολογίας
3501 1508 3768 1580 ὄργανον
3787 1509 3896 1580 (l5)

2245 1607 2428 1676 λέγει’
2467 1625 2486 1658 ‹
2518 1605 2880 1674 Τετύφλωκεν
2907 1604 3087 1656 αὐτῶν
3109 1603 3238 1665 τοὺς
3267 1600 3645 1670 ὀφθαλμοὺς
3674 1602 3778 1654 καὶ
3805 1616 3900 1652 πε-

2246 1700 2517 1772 πώρωκεν
2571 1699 2750 1752 αὐτῶν
2777 1698 2878 1768 τὴν
2907 1696 3159 1768 καρδίαν,
3193 1714 3211 1747 ι
3261 1695 3440 1749 οὐδὲν
3476 1693 3668 1765 ἔργον
3695 1695 3767 1747 ἐκ
3791 1692 3896 1746 τῶν

2247 1791 2562 1861 εἰρημένων
2589 1790 2689 1860 ἤδη
2731 1788 2995 1842 συνιέναι.
3039 1788 3103 1840 Εί
3133 1786 3232 1857 μὲν
3261 1784 3387 1856 γὰρ
3427 1784 3520 1855 μὴ
3564 1783 3772 1838 ἐκάλει
3806 1779 3897 1835 τοῦ

561 1888 952 1939 strnmentum,
983 1878 1154 1932 dicit:
1197 1896 1214 1928 ι
1255 1877 1562 1932 Εςραξοανίι
1606 1879 1794 1933 oculos
1831 1893 2044 1944 eorum,
2091 1887 2146 1932 et

2254 1857 2412 1954 λόγὸὶδ
2436 1883 2530 1938 τὸν
2573 1857 2804 1936 Ἡσαΐαν
2842 1883 3115 1952 μάρτυρα,
3145 1879 3178 1949 ἢ
3205 1879 3320 1948 (l6)
3377 1879 3482 1947 ἐφ’
3515 1877 3734 1948 ἑτέρου
3764 1877 3894 1929 θεω-

561 1969 852 2023 obduravit
875 1986 969 2023 cor
991 1985 1182 2024 eorum
1217 1971 1300 2037 7’;
1341 1990 1358 2021 ι
1393 1970 1552 2024 facile
1593 1986 1659 2024 ex
1692 1971 1853 2025 dictis
1887 1971 2144 2026 testimari

561 2071 759 2132 potest.
796 2062 852 2117 Si
876 2063 1026 2118 enim
1065 2063 1265 2118 Isaiam
1305 2065 1595 2119 verborum
1627 2074 1816 2119 testem
1842 2082 1947 2119 nou
1981 2066 2149 2120 advo-

562 2167 764 2220 casset,
802 2167 896 2211 aut
929 2158 1135 2212 dictum
1163 2159 1284 2227 ejus
1323 2159 1390 2213 ad
1422 2159 1569 2214 aliud
1601 2169 1984 2230 argumentum
2019 2175 2147 2229 pro-

564 2249 803 2304 bandum
827 2250 1121 2317 attulisset,
1148 2251 1432 2306 dubitandi
1457 2251 1689 2307 fortasse
1711 2262 2025 2307 nasceretur
2052 2267 2150 2307 oc-

561 2344 738 2408 casio,
769 2344 1112 2414 qumstioque
1143 2346 1257 2400 haec
1287 2346 1415 2406 alia,
1445 2356 1641 2416 praeter
1669 2347 1847 2402 dictas
1881 2348 2022 2411 illas,
2060 2362 2151 2403 ra-

561 2437 711 2490 tione
748 2446 892 2491 esset
919 2437 1247 2492 dirimenda.
1277 2439 1549 2504 Quoniam
1588 2454 1717 2493 vero
1766 2441 1930 2494 etiam
1964 2442 2053 2495 illa
2084 2457 2149 2496 ex

563 2528 845 2596 propheta:
871 2528 1052 2581 verbis
1084 2527 1411 2594 afferuntur,
1439 2545 1675 2598 quorum
1710 2547 1906 2586 sensus
1937 2533 2148 2602 perspi-

561 2633 701 2673 cuus
735 2627 838 2680 est,
873 2619 1120 2688 nihilque
1143 2620 1478 2676 difﬁcultatis
1503 2623 1769 2687 continet,
1805 2625 1894 2677 illa
1927 2639 2149 2694 quoque

2251 1977 2499 2048 ρήματος
2538 1975 2752 2046 προῆγε
2783 1973 2884 2036 τὰς
2907 1972 3078 2034 αὑτὰς
3100 1970 3308 2041 φωνὰς,
3331 1969 3616 2039 ἀπορίας
3659 1967 3730 2021 ἀν
3753 1983 3895 2031 τινος

2249 2069 2498 2138 ὑπῆρχεν
2527 2064 2774 2136 ἀφορμὴ,
2815 2063 2909 2116 καὶ
2942 2062 3168 2132 ζήτησις
3208 2060 3372 2131 παρά
3411 2060 3532 2123 τάς
3579 2059 3891 2130 είρημένας

2250 2160 2422 2229 ἄλλης
2450 2158 2776 2220 ἐπιλύσεως.
2827 2155 2980 2209 Ἐπεὶ
3013 2155 3069 2208 δὲ
3104 2154 3190 2209 διὰ
3218 2153 3330 2208 τῶν
3368 2152 3776 2224 προφητικῶν
3803 2150 3893 2204 καὶ

2250 2253 2423 2308 ταῦτα
2462 2253 2770 2324 προάγεται
2791 2251 2988 2318 λόγων,
3022 2249 3081 2314 ἐξ
3105 2241 3178 2302 ὧν
3211 2247 3568 2318 σαφεστάτη
3605 2247 3710 2300 καὶ
3739 2245 3887 2298 οὐδὲν

2250 2347 2458 2416 ἄπορον
2498 2345 2836 2415 ἐπιφέρουσα
2885 2340 3191 2410 ἐξέλαμψεν
3241 2341 3274 2410 ἡ
3317 2339 3590 2404 διάνοια,
3644 2337 3748 2392 καὶ
3785 2334 3888 2406 μὴν

2251 2441 2348 2494 καὶ
2387 2439 2498 2492 τῶν
2527 2438 2703 2494 ἄλλων
2735 2435 3162 2504 εὑαγγελιστῶν,
3207 2435 3332 2488 ὅσον
3367 2429 3450 2505 ἦν
3478 2428 3880 2503 ἀμφισϐητού-

2258 2551 2440 2605 μενον,
2470 2530 2754 2602 διεκρίθη·
2781 2529 2966 2599 δῆλον,
2993 2527 3075 2580 ὃτι
3109 2523 3571 2594 προδιαλέλυται
3611 2521 3718 2575 καὶ
3753 2521 3885 2588 ὅπερ

2245 2625 2473 2696 ἔμελλεν
2500 2623 2591 2677 ἐπὶ
2621 2622 2730 2675 τῶν
2757 2621 3018 2692 ῥημάτων
3042 2620 3248 2670 τούτων
3276 2613 3740 2686 διαπορεῖσθαι·
3769 2612 3881 2664 ίσον

562 2717 888 2763 caeterorum
920 2711 1379 2779 evangelistarum
1416 2727 1446 2767 a
1478 2713 1662 2769 dubiis
1710 2717 1969 2772 omnibus
2024 2717 2154 2772 libev

2254 2717 2356 2788 γάρ
2385 2716 2542 2787 (l7).i
2560 2714 2618 2768 '0
2645 2714 2861 2785 πρῶτος
2887 2709 3350 2780 ἀναγραψάμενος
3383 2710 3500 2770 τὰς
3529 2699 3882 2762 Δεσποτικάς

566 2809 683 2856 rata
717 2802 878 2855 modo
902 2809 1060 2862 sunt;
1094 2812 1240 2871 patet
1273 2806 1482 2874 utique,
1512 2807 1674 2860 etiam
1712 2807 1841 2860 illud
1861 2809 1972 2877 jam
2005 2810 2155 2865 solu-

565 2900 681 2944 t'tm
712 2906 855 2952 esse.
885 2893 1033 2962 quod
1053 2909 1117 2946 ex
1142 2894 1226 2949 bis
1241 2895 1421 2950 verbis
1448 2897 1767 2967 scrupulum
1789 2897 2012 2968 injicere
2057 2914 2156 2970 po-

565 2990 708 3036 terat
735 3000 748 3036 :
779 2983 980 3036 similia
1007 2983 1153 3037 enim
1185 2993 1315 3038 sunt
1355 2984 1458 3040 sibi
1491 2986 1744 3041 invicem.
1792 2987 1905 3054 llle,
1925 2989 2016 3058 qni
2047 2989 2159 3060 pri-

2251 2809 2482 2880 πράξεις
2535 2808 2875 2862 ἐκδιδάσκειν
2919 2803 3143 2857 δύναται
3185 2803 3267 2866 τὸ,
3312 2801 3744 2870 τετύφλωκεν
3791 2795 3878 2849 καὶ

2254 2903 2619 2972 πεπώρωκεν
2637 2919 2652 2934 ο
2680 2902 2778 2955 καὶ
2798 2900 2879 2953 τό·
2919 2917 2938 2952 ι
2973 2898 3069 2951 Διὰ
3096 2896 3250 2950 τοῦτο
3281 2898 3340 2950 ὲν
3390 2893 3763 2965 παραδολαῖς
3788 2888 3880 2942 αὖ·

2253 2997 2368 3058 τοῖς
2390 2994 2557 3061 λαλῶ,
2585 2995 2667 3048 ὅτι
2693 2993 2984 3065 βλέποντες
3029 2993 3091 3045 οὐ
3118 2991 3407 3061 βλέπουσι,
3438 2989 3549 3043 καὶ
3577 2986 3878 3044 ἀκούοντες

569 3089 693 3130 mus
716 3074 931 3129 Domini
958 3077 1127 3130 nostri
1161 3083 1310 3145 gesta
1332 3077 1642 3148 descripsit,
1661 3079 1933 3147 explicare
1950 3082 2159 3150 optime

2255 3089 2356 3142 οὐκ
2387 3087 2584 3142 ἀκούου
2594 3104 2697 3141 σιν.
2742 3104 2761 3139 ι

568 3178 766 3255 potest‘,
809 3168 1086 3237 quomodo
1126 3168 1352 3239 intelligi
1403 3170 1599 3224 debeat
1635 3169 1800 3236 illud,
1837 3176 2115 3229 occwcavit
2176 3187 2231 3232 et
2291 3178 2600 3244 obduravit;
2653 3177 2894 3249 itemque
2960 3175 3118 3241 illud,
3157 3198 3175 3226 ι
3213 3173 3535 3243 Propterea
3572 3187 3678 3242 per
3723 3182 3874 3239 pura-

566 3265 722 3320 bolas
753 3266 859 3320 illis
884 3265 1100 3336 loquor,
1131 3265 1260 3335 quia
1290 3265 1532 3321 videntes
1560 3282 1667 3321 non
1698 3267 1902 3331 vident.
1936 3279 1990 3324 et
2037 3271 2325 3329 audientes
2355 3291 2462 3329 non
2493 3275 2743 3329 audiunt.
2791 3290 2811 3325 ι

637 3363 840 3434 Siquis
875 3379 1003 3417 vero
1070 3362 1160 3417 illa
1204 3363 1387 3445 verba,
1442 3365 1719 3418 occwcavit
1755 3374 1808 3419 et
1846 3367 2147 3434 obduravit,

2327 3372 2391 3425 Εἰ
2440 3371 2497 3424 δέ
2543 3388 2627 3434 τις
2674 3369 2756 3434 τὸ,
2799 3367 3179 3436 τετύφλωκεν
3218 3363 3312 3417 καὶ
3343 3361 3765 3430 πεπώρωκεν,
3810 3355 3870 3409 οὐ

568 3470 681 3511 non
714 3466 823 3510 tam
857 3471 956 3525 pro
984 3455 1223 3524 peccatis
1252 3471 1374 3526 quae
1402 3458 1821 3522 antecesserint,
1854 3475 2018 3528 quam
2051 3475 2152 3530 pro

567 3549 773 3603 talibus
801 3563 924 3618 qua:
953 3563 1016 3602 ea
1051 3549 1226 3602 instar
1255 3549 1523 3603 mercedis
1559 3550 1894 3619 promet-itte,
1921 3552 2030 3607 sint
2062 3567 2153 3607 se-

569 3650 722 3705 cuta,
762 3639 964 3692 habere
996 3639 1282 3705 maluerit;
1319 3655 1418 3694 nec
1461 3640 1549 3694 ille
1585 3656 1616 3694 a
1650 3656 1819 3710 scopo
1864 3642 2154 3699 abcrrave-

571 3732 663 3794 rit,
690 3747 788 3800 per
813 3746 979 3800 quem
1015 3746 1121 3784 non
1154 3731 1316 3800 longe
1343 3747 1373 3785 a
1401 3734 1629 3787 veritate
1679 3734 1841 3789 absit.
1878 3734 2153 3802 Quoniam

569 3821 718 3875 enim
746 3819 820 3873 illi
847 3827 1042 3889 sponte
1074 3837 1173 3876 sua
1207 3823 1398 3877 oculos
1429 3823 1759 3890 clauserant,
1787 3836 1839 3880 et
1870 3842 2033 3883 aures
2059 3843 2154 3882 co-

574 3911 886 3975 hibuerant,
921 3912 1138 3967 caecitas
1182 3921 1237 3968 et
1264 3913 1511 3969 surditas
1555 3917 1750 3971 merito
1786 3915 1959 3972 instar
1984 3933 2155 3987 poma:

570 4001 1011 4057 antecedentium
1042 4004 1301 4059 vitiorum
1336 4015 1694 4075 spontaneam
1724 4009 1893 4063 animi
1948 4011 2152 4080 impro-

572 4094 796 4149 bitatem
848 4095 1174 4166 excipiebat.
1241 4096 1357 4152 lluc
1407 4097 1550 4152 inter
1603 4108 1797 4154 ca'tera
1846 4102 2155 4170 pertinebat

572 4184 728 4249 illud,
783 4185 928 4255 quod
987 4201 1088 4241 nec
1141 4185 1399 4242 facultate
1443 4189 1694 4260 mysteria
1727 4191 1877 4262 regni
1912 4191 2155 4247 ctelestis

568 4272 940 4343 Cognosccndi
975 4273 1408 4333 instruebantur.
1437 4275 1611 4333 Porro
1640 4280 1804 4349 paulo
1819 4289 1945 4336 ante
1964 4280 2153 4336 Iesum

571 4364 856 4430 audimus,
893 4377 1056 4436 prout
1113 4368 1257 4424 idem
1291 4372 1434 4426 filius
1488 4371 1793 4427 tonitruum
1827 4373 2039 4435 scribit,
2070 4373 2155 4428 di-

570 4469 828 4512 centem:
868 4478 886 4513 ι
931 4461 1202 4532 Exiguum
1250 4464 1430 4519 adhuc
1478 4474 1691 4535 tempus
1740 4466 1832 4521 lux
1869 4467 2153 4522 vobiscum

570 4558 690 4617 est;
715 4551 995 4608 ambulate
1013 4556 1192 4624 quoad
1225 4554 1403 4611 lucem
1435 4556 1668 4624 habetis,
1698 4575 1766 4614 ne
1797 4561 2034 4615 tenebrae
2058 4576 2155 4616 vos

572 4644 1018 4714 apprehendant;
1058 4667 1078 4701 ι
1108 4657 1182 4713 et,
1216 4667 1236 4704 ι
1268 4649 1372 4715 Qui
1396 4651 1452 4704 in
1476 4652 1715 4706 tenebris
1736 4653 1999 4718 ambulat,
2045 4671 2155 4709 non

2259 3464 2643 3534 προηγούμενα
2680 3460 2852 3531 πάθη,
2897 3459 3014 3513 ἀλλ’
3062 3456 3292 3519 ἐκείνοις
3343 3454 3619 3523 ἑπόμενα
3671 3449 3871 3520 μᾶλλον

2259 3556 2378 3626 θείη
2430 3551 2542 3608 οἷόν
2593 3571 2718 3608 τινα
2770 3549 3120 3622 ἀντιμισθίαν
3155 3548 3262 3601 τῶν
3319 3545 3679 3616 φθασάντων
3707 3543 3867 3595 ὄντα·

2257 3646 2371 3700 οὐδ’
2394 3638 2549 3707 οὗτος
2577 3644 2644 3699 ἂν
2670 3644 2756 3716 είη
2782 3642 2985 3697 σκοποῦ
3013 3640 3429 3710 διαμαρτάνων,
3463 3639 3536 3694 δι’
3560 3633 3626 3693 οὗ
3666 3632 3866 3706 φέροιτ’

2259 3735 2326 3789 ἀν
2354 3735 2414 3788 οὺ
2438 3735 2627 3805 πόρρω
2655 3733 2753 3804 τῆς
2796 3731 3079 3803 ἀληθείας.
3126 3729 3280 3782 Ἐπεὶ
3309 3729 3427 3800 γὰρ
3461 3729 3703 3789 ἑκόντες
3734 3724 3865 3793 ἔμυ-

2261 3845 2361 3883 σαν
2406 3827 2534 3892 τοὺς
2579 3826 2892 3897 ὀφθαλμοὺς
2940 3827 3036 3879 καὶ
3061 3825 3130 3877 τά
3163 3817 3278 3878 ὦτα
3325 3823 3627 3892 συνέσχον,
3662 3816 3864 3873 τούτων

2264 3917 2740 3989 προηγησαμένων
2785 3914 2896 3968 τῶν
2941 3913 3131 3967 παθῶν
3183 3912 3346 3982 ποινὴ
3395 3911 3640 3980 γέγονεν
3685 3903 3866 3962 αὐτοῖς

2260 4010 2752 4081 ὲπακολουθήσασα
2778 4010 2847 4080 τῇ
2881 4007 3222 4077 έκουσιότητι
3269 4005 3368 4074 τῆς
3406 4001 3709 4075 μοχθηρᾶς
3731 3993 3867 4065 γνὼ-

2262 4105 2431 4177 μηςὴ
2469 4104 2744 4174 τύφλωσις
2783 4101 2878 4156 καὶ
2920 4102 2955 4173 ἡ
2999 4101 3278 4170 κώφωσις,
3323 4093 3400 4154 ὧν
3437 4099 3501 4152 ἒν
3539 4097 3633 4166 εῐη
3683 4088 3862 4146 καὶτὸ

2264 4194 2342 4266 μὴ
2364 4193 2611 4248 δεδόσθαι
2640 4195 2824 4255 αὐτοῖς
2853 4192 2920 4246 τὰ
2951 4192 3227 4263 μυστήρια
3265 4193 3364 4260 τῆς
3401 4187 3700 4260 βασιλείας
3724 4179 3860 4251 γνῶν

2261 4306 2372 4340 ναι.
2404 4288 2560 4340 Ἔστι
2583 4287 2640 4340 δὲ
2670 4287 2766 4341 καλ⁸
2801 4284 2907 4356 πρὸ
2937 4285 3184 4357 βραχέως
3227 4283 3465 4337 ἀκοῦσαι
3506 4281 3746 4349 λέγοντα
3775 4272 3861 4325 τὸν

2273 4378 2502 4448 Ἰησοῦν,
2532 4378 2607 4442 ὡς
2642 4377 2805 4441 αὐτὸς
2834 4379 2863 4431 δ
2882 4377 2980 4448 τῆς
3009 4376 3242 4448 βροντῆς
3267 4374 3514 4446 ἔγραψεν
3536 4370 3657 4433 υίὸς
3675 4363 3856 4420 οιἝτι

2266 4471 2463 4541 μικρὸν
2491 4469 2681 4541 χρόνον
2710 4469 2770 4522 τὸ
2798 4468 2913 4538 φῶς
2942 4468 3061 4540 μεθ’
3095 4467 3248 4538 ὑμῶν
3276 4467 3395 4520 ἐστι
3419 4483 3432 4497 ·
3475 4458 3852 4535 περιπατεῖτε,

2261 4562 2370 4626 ἕως
2397 4561 2459 4615 τὸ
2482 4561 2595 4629 φῶς
2617 4559 2791 4631 ἔχετε,
2822 4560 2908 4614 ἵνα
2937 4559 3012 4630 μὴ
3037 4558 3098 4614 τὸ
3123 4559 3312 4620 σκότος
3336 4557 3485 4627 ὑμᾶς
3509 4550 3813 4616 καταλάϐῃ·
3829 4562 3845 4593 ι

2264 4657 2379 4720 καὶ,
2422 4671 2444 4706 ι
2489 4655 2549 4708 Ὀ
2585 4654 2912 4725 περιπατῶν
2954 4655 3012 4706 ὲν
3066 4655 3132 4723 τῇ
3192 4651 3382 4722 σκοτίᾳ
3433 4651 3539 4702 οὐκ
3591 4642 3703 4699 οἶδε
3753 4635 3850 4691 ποῦ

575 4739 750 4804 novit,
785 4757 899 4811 quo
927 4742 1090 4797 vadat
1122 4743 1189 4796 ⁸⁸.
1226 4761 1245 4795 ι
1285 4742 1535 4799 Salvator
1564 4746 1711 4800 cnim
1757 4749 1947 4801 mundi
1991 4749 2148 4804 adve-

2265 4747 2488 4815 ὑπάγει.
2522 4763 2541 4798 ι
2573 4745 2855 4816 Ἔλαμψεν
2906 4746 3004 4816 μὲν
3057 4745 3163 4816 γὰρ
3218 4743 3280 4796 τὸ
3347 4742 3466 4811 φῶς
3501 4740 3564 4794 τὸ
3602 4729 3847 4804 ἀληθινὸν

576 4830 755 4896 niens,
801 4840 861 4886 ut
892 4847 1017 4887 vera
1071 4835 1162 4888 lux
1201 4834 1514 4905 splenduit;
1564 4837 1640 4890 illi
1691 4853 1824 4890 vero
1859 4837 2052 4894 oculos
2104 4839 2158 4893 in

572 4937 694 4977 eam
719 4932 1060 4990 convertere,
1097 4935 1191 4979 aut
1225 4928 1278 4980 in
1319 4927 1438 4982 lucc
1478 4929 1794 4998 dogmatum
1826 4929 1944 5000 ejus
1977 4931 2160 5002 splen-

642 5030 686 5061 "
727 5031 868 5088 Psal.
913 5050 952 5098 ι,
1004 5035 1054 5088 l.

2267 4838 2661 4911 παραγεγονὼς
2682 4839 2711 4890 ὁ
2744 4837 2838 4890 τοῦ
2878 4838 3085 4908 κόσμου
3107 4836 3319 4907 Σωτήρ.
3349 4835 3412 4887 Ol.
3439 4833 3497 4887 δὲ
3536 4829 3639 4884 οὐκ
3658 4823 3848 4896 ἠθέλη⁶

2270 4949 2370 4986 σαν
2399 4931 2703 4986 ινατενίσαι
2731 4930 2868 5002 πρὸς
2891 4929 3045 4994 αὐτὸ,
3071 4929 3179 4982 οὐδ’
3202 4930 3259 4980 ὲν
3283 4926 3395 4997 (18)
3421 4927 3487 4997 τῇ
3533 4912 3844 4984 σελασφόρῳ

1150 5035 1194 5067 ⁷³
1256 5035 1360 5091 lsa.
1425 5055 1500 5101 γι,
1559 5039 1658 5105 l9;
1708 5037 1870 5096 Joan.
1923 5056 2024 5102 xu,
2083 5039 2172 5096 ιίθ.
2249 5041 2296 5074 ⁸⁸
2329 5039 2605 5109 Joan.xn,
2640 5042 2732 5098 55.

2047 5223 2293 5281 NOTAE.

650 5403 762 5474 (Μ)
797 5403 1088 5474 Respicere
1125 5404 1340 5461 videtur
1368 5405 1434 5460 ad
1462 5403 1628 5460 Prov.
1661 5420 1759 5466 xu,
1804 5403 2006 5467 l0,ubi
2065 5413 2147 5458 ta-

578 5490 703 5556 men
738 5477 935 5546 legitur
965 5494 978 5530 :
1025 5476 1242 5541 Δίκαιος
1273 5477 1535 5548 οίκτεξρει
1578 5475 1759 5547 ψυχὰς
1790 5475 2007 5545 κτηνῶν
2061 5476 2159 5528 αὐ-

578 5562 672 5599 του
680 5584 695 5599 ο

2257 5416 2378 5487 post
2403 5407 2698 5487 seposui
2756 5406 3014 5487 ama.
3051 5415 3104 5461 ει
3141 5421 3241 5487 pro
3589 5392 3836 5487 6.6m???

2272 5478 2463 5546 scripsi
2497 5477 2741 5531 δύναται.
2781 5478 3037 5545 Alioquin
3067 5477 3212 5530 enim
3245 5478 3332 5546 de
3361 5492 3528 5546 sensu
3576 5477 3832 5546 vixncon-

2273 5536 2419 5601 stare
2448 5551 2664 5618 poterit.
2700 5536 2966 5618 Loquitur
2995 5559 3178 5602 autem
3227 5548 3295 5602 de
3326 5545 3601 5618 Mattlneo,
3666 5536 3830 5618 Ενὶιιε·

653 5615 766 5686 (15)
797 5614 1002 5670 Alludit
1027 5617 1096 5672 ad
1119 5615 1381 5689 Tbeologi
1407 5631 1733 5688 cognomen,
1761 5614 1907 5687 quod
1933 5612 2164 5672 Joannis
2271 5612 2589 5687 gelistarum
2627 5612 2825 5690 ρι’ῑιιιό,
2857 5621 2924 5675 ad
2948 5635 3112 5692 quem
3149 5633 3315 5690 supra
3342 5620 3394 5673 in
3426 5614 3615 5689 primis
3647 5617 3829 5679 prow‘

579 5700 703 5740 esse
728 5696 962 5741 constat.

653 5757 766 5829 (lg)
803 5758 875 5829 ξ’ίὶ
904 5757 1060 5812 Colb.
1097 5773 1196 5829 pro
1224 5760 1325 5822 εἰς.

653 5825 768 5896 (ιτ)
802 5826 856 5881 ln
890 5843 993 5884 ms.
1035 5825 1113 5885 ita
1140 5847 1154 5886 :
1193 5830 1337 5884 Ἴσον
1367 5826 1475 5901 γάρ
1505 5828 1534 5884 δ
1564 5825 1802 5900 πρῶτος,
1826 5844 1883 5882 κ.
1920 5844 1972 5884 τ.
2003 5827 2054 5886 λ.
2083 5827 2159 5885 lbi

2269 5699 2452 5831 ulla)
2479 5760 2601 5815 Οὐδ’
2633 5763 2692 5815 έν
2725 5761 2879 5818 Colb.
2917 5776 3015 5833 pro
3039 5761 3213 5818 οὐδέν.
