4144 6472
358 363 467 431 477

1327 367 1430 430 ΑΙ)
1466 368 2069 436 AMPHILOCHIUM
2110 369 2460 444 QUIESTIO
2498 372 2791 439 LXXVII.

3552 380 3662 449 678

350 473 520 546 αῖγλῃ
549 471 662 528 τῶν
690 472 985 546 δογμάτων
1007 470 1172 529 αὑτοῦ
1211 480 1559 549 περιπατεῖν.
1595 478 1688 533 Διὸ
1721 479 1954 535 ἀκολού-

2060 478 2349 535 didissima
2374 482 2584 537 versari
2621 484 2898 541 nolebant.
2937 483 3236 560 Propterea
3277 490 3518 547 tenebrae
3564 509 3663 551 eos

357 566 471 630 θως
498 566 700 629 αὐτοὺς
719 565 1029 623 κατέλαϐεν
1048 566 1083 637 ἠ
1117 567 1305 622 σκοτία
1345 568 1505 641 δίκην
1532 570 1842 626 ἀπαιτοῦσα
1861 572 1954 643 τῆς

2070 570 2464 627 convenienter
2488 574 2863 646 excipiebant,
2900 586 3165 651 tanquam
3200 597 3419 653 poenam
3451 585 3664 657 impro-

356 659 861 734 προκατασχούσης
904 661 1105 725 αὐτοῦς
1163 661 1492 735 μοχθηρίας.
1543 665 1657 718 Καὶ
1687 662 1851 721 τοῦτο
1870 664 1960 719 λέ-

357 752 499 821 γοιτ’
549 753 619 807 ἂν
671 751 1095 821 τετυφλῶσθιιι
1124 753 1222 806 καὶ
1261 754 1661 823 πεπωρῶσθαι
1705 756 1957 821 εἰκότως.

360 843 476 899 Καὶ
505 842 697 916 ῶσπερ
727 842 805 915 τῷ
851 840 1147 912 θελήσαντι
1190 846 1520 915 περιπατεῖν
1552 846 1611 899 ὲν
1668 844 1750 916 τῷ
1816 844 1961 915 φωτὶ

358 938 559 991 ἕπεται
581 936 694 1008 (l9)
727 936 908 991 καὶτὸ
935 935 1162 1001 εἰδέναι,
1195 934 1300 990 ποῦ
1326 936 1551 1007 ὑπάγει·
1582 936 1757 1002 οῦτως
1784 938 1863 1009 τῷ
1883 936 1960 1010 μὴ

364 1028 657 1100 θελήσαντι
704 1030 1035 1098 περιπατεῖν
1079 1028 1140 1083 έν
1167 1028 1247 1100 τῷ
1274 1031 1417 1100 φωτὶ
1462 1029 1846 1085 συνακολουθεῖ
1872 1029 1955 1098 τὸ,

362 1121 648 1193 βαδίζοντα
674 1122 732 1175 ὲν
761 1124 829 1195 τῇ
863 1122 1054 1195 σκοτίᾳ
1079 1120 1243 1188 εἶναι,
1272 1124 1372 1178 καὶ
1396 1124 1619 1195 τυφλῶν
1651 1124 1749 1181 καὶ
1774 1141 1961 1177 πεπω-

361 1213 624 1283 ρωμένων
666 1214 785 1268 ὁδὸν
828 1214 1032 1280 ἀθλίως
1077 1215 1351 1284 ὲξανύειν.
1382 1217 1718 1290 Προείρηται
1754 1218 1955 1287 δὲκαὶ,

351 1306 431 1370 ὡς
487 1306 589 1378 τῆς
640 1306 985 1379 Δεσποτικῆς
1040 1308 1140 1363 καὶ
1204 1309 1477 1382 σωτηρίου
1535 1310 1954 1385 διδασκαλίαςη

350 1398 622 1469 ἀστραπὴ
647 1400 888 1469 τυφλοὺς
945 1403 1041 1456 καὶ
1089 1402 1538 1474 πεπωρωμένους
1571 1402 1956 1473 ὲστηλίτευσεν

352 1491 487 1555 τοὺς
537 1491 853 1558 Ἰουδαίους,
878 1493 975 1548 καὶ¹
1009 1492 1110 1564 τὴν
1136 1494 1271 1567 πρὶν
1301 1494 1530 1549 ἐνοῦσαν
1562 1497 1676 1560 τοῖς
1699 1495 1955 1567 ψυχικοῖς

348 1584 539 1639 αὐτῶν
564 1584 780 1657 ὄμμασι
805 1584 991 1657 λήμην
1024 1585 1139 1659 (20)
1173 1590 1270 1641 καὶ
1304 1587 1572 1658 άϐλεψίαν
1608 1588 1953 1659 ἐμφανεστέ-

350 1700 460 1753 ραν
488 1680 547 1734 δὲ
587 1679 685 1735 καὶ
739 1679 1049 1750 κατάδηλον
1081 1680 1309 1753 ἐποίησε
1340 1681 1566 1751 μᾶλλον.
1604 1682 1818 1753 Ὠσπερ
1847 1683 1955 1752 γὰρ

350 1776 382 1829 6
410 1773 674 1846 αίσθητδς
695 1768 852 1839 οὗτος
902 1774 1000 1829 καὶ
1047 1773 1387 1845 περικαλλὴς
1398 1773 1551 1845 ἥλιος
1577 1773 1841 1847 λαμπρὰς
1857 1774 1953 1830 τοῦ

350 1866 543 1920 δίσκου
564 1864 665 1930 τὰς
718 1866 948 1929 ἀκτῖνας
975 1865 1224 1936 ὲναφιεὶς
1255 1864 1472 1935 ἐλέγχει
1500 1866 1631 1930 τοὺς
1662 1865 1955 1932 νοσοῦντας

351 1957 426 2012 τά
451 1956 679 2029 ὄμματα
703 1972 717 1986 °
753 1953 901 2009 οῦτω
928 1954 1026 2010 καὶ
1048 1956 1078 2009 6
1103 1954 1292 2027 νοητὸς
1314 1955 1487 2026 ἥλιος,
1516 1954 1578 2008 τὺ
1611 1953 1728 2025 φῶς
1745 1955 1808 2008 τδ
1826 1954 1955 2010 ἄδυ-

348 2067 449 2104 τον
472 2051 569 2103 καὶ
600 2048 923 2121 ἀνέσπερον,
954 2048 1213 2118 Χριστὸς,
1233 2051 1263 2103 6
1292 2047 1427 2113 Θεὸς
1464 2047 1645 2120 ἡμῶν,
1673 2048 1949 2122 ἐπιδημή-

352 2158 461 2206 σας
490 2140 571 2212 τῷ
594 2141 810 2212 κόσμῳ,
846 2142 942 2195 καὶ
969 2140 1059 2195 διὰ
1085 2141 1195 2196 τῶν
1229 2140 1553 2214 θεοπρεπῶν
1588 2158 1649 2195 τε
1682 2141 1778 2196 καὶ
1807 2141 1950 2216 ὑπὲρ

351 2232 517 2303 λόγον
549 2233 849 2304 θαυμάτων
872 2232 1224 2305 ὲναστράψας
1256 2233 1423 2288 αὐτοῦ
1452 2234 1549 2305 τῆς
1566 2232 1825 2307 θεότητος
1851 2233 1951 2307 τὴν

351 2327 573 2397 αἴγλην,
622 2326 717 2380 ἐπὶ
768 2325 933 2380 πλέον
953 2325 1239 2397 διήλεγξεν
1291 2326 1403 2380 τῶν
1435 2326 1771 2397 ἀγνωμόνων
1812 2327 1950 2381 Ἰου-

352 2418 526 2475 δαίων
547 2419 609 2473 τὸ
629 2419 1015 2492 προκατασχδν
1063 2418 1248 2473 αὐτῶν
1292 2419 1364 2473 τά
1392 2418 1495 2491 τῆς
1519 2419 1700 2491 ψυχῆς
1726 2420 1952 2491 ὄμματα

355 2512 553 2576 σκότος
597 2511 692 2566 καὶ
733 2511 835 2585 τὴν
879 2510 1168 2582 ἀϐλεψίαν.
1203 2510 1347 2565 Ἀλλ’
1376 2511 1569 2584 ὥσπερ
1592 2513 1621 2566 6
1653 2512 1952 2582 ὲγκόσμιος

350 2605 508 2677 ἥλιος
536 2604 639 2659 οὐκ
670 2603 819 2658 ἔστιν
847 2604 1024 2668 αἴτιος
1055 2603 1158 2674 τῆς
1195 2603 1551 2676 τυφλότητος,
1586 2603 1828 2675 ἐλέγχων
1850 2603 1951 2674 τὴν

351 2696 624 2768 ἀϐλεψίαν
675 2697 786 2752 τῶν
838 2696 1179 2769 ἐνεχομένων
1234 2699 1301 2771 τῇ
1346 2697 1527 2769 νόσφ’
1579 2696 1722 2752 οὕτω
1781 2696 1878 2753 καὶ
1921 2696 1952 2751 6

352 2791 735 2863 ῦπερκόσμιος
766 2790 865 2845 καὶ
894 2791 1089 2863 νοητὸς
1108 2791 1283 2862 ἥλιος,
1314 2789 1375 2846 τὸ
1402 2789 1830 2862 ἀπαράλλακτον
1856 2790 1952 2844 καὶ

350 2886 610 2957 ἀληθινὸν
636 2883 981 2955 ἀπαύγασμα
1004 2884 1100 2938 τοῦ
1132 2884 1372 2957 Πατρὸς,
1401 2883 1502 2957 τὴν
1535 2882 1952 2956 προκατασχοῦ-

356 2995 463 3032 σαν
485 2976 760 3048 τύφλωσιν
787 2977 897 3034 τῶν
922 2976 1244 3032 ἑαλωκότων
1275 2976 1356 3049 τῷ
1394 2976 1560 3032 πάθει
1594 2975 1951 3048 στηλιτεύων,

351 3068 623 3140 οὐμενοῦν
648 3068 751 3124 οὐκ
776 3067 843 3123 ἂν
870 3068 1044 3132 αῐτιος
1071 3067 1385 3140 νομισθείη,
1411 3068 1461 3122 εί
1490 3067 1587 3121 καὶ
1605 3065 1952 3137 τετυφλωκέ-

351 3180 449 3217 ναι
469 3160 667 3232 λέγοιτ’
702 3162 789 3228 ἂν,
811 3160 948 3215 διότι
980 3160 1118 3232 μηδὲ
1152 3160 1285 3231 πρὶν
1314 3158 1687 3215 λανθάνουσαν
1718 3159 1817 3232 τὴν
1839 3160 1951 3231 πη-

355 3269 529 3325 ρωσιν
562 3251 743 3307 αὐτῶν
765 3251 828 3305 τδ
871 3250 1262 3321 ἐσκοτισμένον
1301 3250 1411 3305 τῶν
1438 3249 1718 3322 λογισμῶν
1749 3249 1953 3322 μᾶλλον

353 3344 783 3417 ἐθριάμϐευσεν.
829 3344 897 3398 El
950 3343 1060 3416 γὰρ
1094 3343 1171 3415 μὴ
1206 3341 1446 3415 τοσαύτη
1476 3341 1571 3398 τοῦ
1603 3342 1751 3397 θείου
1772 3341 1952 3413 φωτὸς
1976 3370 2022 3432 C

350 3438 732 3507 ὲνήστραπτεν
778 3436 813 3506 ή
849 3433 1194 3506 λαμπρότης,
1230 3432 1373 3488 ῶστε
1413 3432 1511 3488 καὶ
1541 3432 1650 3489 τῶν
1677 3434 1736 3487 ὲν
1771 3433 1950 3487 σκότει

350 3530 453 3583 καὶ
475 3528 601 3599 σκιᾷ
636 3527 968 3598 καθημένων
998 3526 1170 3580 ἐθνῶν
1218 3526 1668 3599 καταυγασθῆναι
1695 3525 1797 3590 τὰς
1837 3525 1954 3579 δια-

352 3620 528 3685 νοίας,
565 3620 660 3674 καὶ
689 3618 828 3693 πρὸς
872 3618 975 3689 τὴν
1027 3618 1365 3688 θεογνωσίαν
1399 3617 1725 3688 ἀναϐλέψαι,
1753 3619 1855 3673 οὐκ
1885 3618 1953 3673 ἂν

348 3713 449 3769 ἐπὶ
464 3712 718 3766 τοσοῦτον
748 3710 952 3781 τυφλὸν
1012 3710 1075 3765 τὸ
1137 3711 1414 3767 Ἰουδαίων
1468 3711 1749 3766 ἐδείκνυτο
1781 3710 1949 3781 γένος.

364 3803 506 3858 ’Δλλ’
532 3805 566 3875 η
604 3802 695 3857 διὰ
745 3801 857 3856 τῶν
912 3800 1092 3874 ἔργων
1119 3801 1396 3874 προϊοῦσα
1429 3802 1529 3873 τῆς
1549 3801 1745 3874 αἴγλης
1776 3801 1951 3875 ὑπερ·

346 3897 507 3969 ϐολὴ,
538 3897 634 3951 καὶ
661 3895 757 3966 τῆς
784 3894 1130 3966 φωτιστικῆς
1185 3893 1475 3966 δυνάμεως
1512 3896 1546 3966 ἡ
1580 3894 1836 3967 ἐνέργεια
1856 3893 1952 3948 καὶ

345 3990 465 4044 τῶν
492 3990 665 4045 ἐθνῶν
694 3992 728 4061 ἡ
751 3986 1073 4059 ἀνάϐλεψις,
1106 3987 1331 4059 ἔλεγχος
1378 3987 1558 4058 σαφὴς
1581 3986 1819 4059 κατέστη
1839 3984 1952 4040 τῶν

350 4085 435 4157 μὴ
480 4083 946 4157 προσδραμόντων
996 4083 1077 4155 τῷ
1127 4082 1271 4152 φωτὶ
1325 4081 1427 4153 τῆς
1486 4080 1748 4151 ἀληθείας
1776 4121 1794 4145 ,
1854 4078 1952 4135 καὶ

346 4178 848 4248 κιτιυγασθέντων
874 4178 976 4250 τὴν
1001 4174 1309 4243 εὐσέϐειαν,
1330 4174 1523 4248 ὅτιπερ
1544 4173 1791 4228 ἑκούσιον
1820 4173 1952 4227 ἐαυ-

348 4273 469 4335 τοίς
517 4269 936 4325 κατεσκεύασαν
996 4269 1098 4342 τὴν
1135 4268 1432 4339 τύφλωσιν,
1460 4268 1558 4322 καὶ
1593 4267 1693 4332 τῆς
1738 4282 1951 4335 παγκο-

349 4364 517 4432 σμίου
549 4364 827 4437 σωτηρίας
856 4362 1084 4428 ἑαυτοὺς
1112 4361 1174 4431 ἐξ
1204 4360 1653 4438 ὑπερϐαλλούσης
1686 4359 1951 4423 ἀπονοίας

346 4456 742 4531 ἀπεστέρησαν

897 4830 1241 4890 ΕΡΩΤΗΣΙΣ
1269 4831 1391 4888 OZ'.

357 5016 496 5086 Περὶ
524 5014 745 5086 γένους
774 5016 871 5070 καί
895 5017 1101 5085 εἴδους
1141 5016 1385 5086 ἀπορίαι
1422 5014 1718 5085 διάφοροι,
1744 5012 1816 5069 ἐν
1846 5006 1945 5080 αῖς

629 5088 803 5142 ἐστιν
838 5087 1042 5158 εὑρεῖν
1074 5087 1183 5156 τὰς
1206 5090 1421 5155 λύσεις
1446 5086 1666 5145 αὐτῶν.

1969 4839 2027 4903 D

2066 658 2259 717 bitatis
2289 672 2527 733 receptae
2569 675 2879 735 poscentes.
2918 668 2975 724 ld
3015 670 3193 741 ipsum
3227 690 3361 731 vero
3404 684 3453 731 et
3490 694 3663 733 accc-

2059 753 2180 807 τανὶ
2210 762 2265 807 et
2294 755 2551 809 obdurari
2596 757 2856 827 appellari
2897 760 3136 818 videtur.
3186 761 3660 830 Quemadmodum

2061 860 2226 917 porro
2249 857 2398 913 eum,
2423 850 2519 915 qui
2545 848 2599 903 in
2634 849 2756 903 luce
2786 851 3070 906 ambulare
3102 854 3237 919 vult,
3275 856 3327 910 id
3362 863 3659 927 consequi-

2061 946 2174 1004 tur,
2208 947 2270 993 ut
2318 941 2457 994 sciat
2502 940 2694 1006 etiam,
2726 957 2838 1012 quo
2873 944 3074 1011 vadat;
3108 944 3182 999 ita
3213 946 3282 1012 is,
3313 948 3407 1018 qui
3447 949 3500 1004 in
3537 951 3660 1006 luce

2060 1029 2347 1085 ambulare
2378 1048 2484 1085 non
2519 1032 2655 1097 vult,
2685 1033 2902 1090 fructus
2927 1035 3050 1091 loco
3077 1036 3130 1092 id
3165 1037 3349 1107 habet,
3382 1049 3441 1096 ut
3464 1043 3660 1099 ambu-

2058 1119 2182 1176 lans
2211 1123 2264 1176 in
2295 1125 2533 1180 tenebris
2556 1137 2822 1191 versetur,
2851 1129 3108 1200 viamque
3154 1130 3327 1187 instar
3372 1149 3657 1191 caecorum

2058 1222 2113 1269 et
2158 1214 2556 1272 obduratorum
2590 1220 2905 1276 emetiatur.
2935 1219 3057 1276 Jam
3090 1231 3217 1277 ante
3247 1240 3377 1279 vero
3408 1225 3661 1283 admoni-

2058 1318 2175 1365 tum
2225 1319 2332 1378 est,
2364 1312 2713 1382 splendorem
2759 1316 3015 1372 salutatis
3044 1317 3333 1384 doctrinae,
3360 1334 3391 1373 a
3423 1317 3660 1375 Domino

2057 1401 2294 1469 traditae,
2314 1401 2536 1459 Judaaos
2562 1414 2621 1459 ut
2650 1420 2829 1461 caecos
2858 1415 2913 1462 et
2926 1408 3229 1463 obduratos
3265 1417 3508 1475 notasse,
3526 1408 3662 1465 cali—

2066 1494 2362 1566 ginemque
2417 1504 2472 1551 et
2533 1499 2868 1565 caecitatem,
2920 1516 3044 1570 quae
3100 1502 3292 1558 oculos
3341 1501 3657 1558 animorum

2056 1596 2449 1658 occupaverat,
2483 1589 2917 1647 manifestiorem
2942 1591 3158 1649 fecisse.
3180 1593 3656 1661 Quemadmodum

2053 1678 2201 1734 enim
2236 1679 2341 1743 sol,
2375 1680 2471 1750 qui
2517 1683 2879 1752 conspicitur,
2926 1683 3331 1751 lucidissimus,
3389 1684 3657 1741 immissis

2054 1765 2206 1821 orbis
2228 1767 2315 1823 sui
2352 1766 2545 1835 radiis,
2572 1784 2690 1833 eos,
2716 1770 2810 1840 qui
2834 1787 2901 1826 ex
2929 1772 3108 1828 oculis
3126 1772 3400 1837 laborant.
3430 1774 3658 1845 aegritu-

2055 1860 2206 1917 dinis
2238 1877 2353 1917 sua:
2378 1864 2689 1931 convincit;
2744 1866 2819 1921 ita
2867 1876 2923 1923 et
2966 1868 3072 1933 sol,
3119 1868 3402 1923 intellectu
3441 1868 3658 1939 perspi-

2054 1954 2309 2022 ciendus,
2334 1955 2424 2010 lux
2448 1956 2539 2010 illa
2561 1972 2843 2027 nunquam
2866 1959 3122 2015 occidens
3138 1974 3240 2015 nec
3263 1974 3656 2030 vesperascens

2053 2046 2352 2115 Christus,
2411 2047 2556 2105 Deus
2611 2060 2842 2118 noster,
2901 2068 3027 2109 cum
3084 2053 3139 2108 in
3198 2053 3408 2109 mundo
3465 2068 3656 2109 versa-

2051 2141 2259 2209 batur,
2329 2142 2661 2216 deitatisque
2739 2162 2854 2202 suae
2923 2147 3110 2204 radios
3147 2188 3165 2215 ,
3234 2148 3397 2205 editis
3451 2147 3656 2203 divinis

2049 2241 2104 2290 et
2159 2234 2429 2291 rationem
2510 2240 2903 2308 superantibus
2976 2240 3259 2296 miraculis
3331 2241 3648 2313 spargebat,

2051 2326 2308 2383 tenebras
2373 2336 2429 2383 et
2488 2331 2786 2386 carcitatem
2852 2331 3233 2403 improborum
3287 2330 3649 2395 Judaeorum,

2051 2431 2175 2489 quae
2201 2418 2371 2474 animi
2402 2422 2595 2479 oculos
2619 2432 2746 2477 ante
2768 2432 3195 2493 occupaverant,
3226 2424 3403 2495 magis
3425 2423 3650 2494 conspi-

2052 2507 2276 2566 ciendas
2310 2510 2562 2581 praebuit.
2596 2510 2751 2569 Sicut
2788 2529 2916 2569 vero
2956 2510 3062 2580 sol,
3106 2514 3161 2569 in
3192 2514 3401 2570 mundo
3428 2515 3654 2585 conspi-

2052 2613 2212 2666 cuus,
2245 2615 2352 2655 non
2386 2609 2472 2656 est
2518 2611 2713 2657 auctor
2761 2602 3046 2667 cmcitatis,
3089 2603 3314 2673 quando
3345 2603 3648 2658 caecitatem

2053 2689 2430 2757 hominum,ex
2458 2693 2634 2748 oculis
2667 2694 3406 2760 laborantium,demonstrat
3426 2695 3530 2759 ;ita
3555 2708 3656 2748 nec

2054 2780 2149 2838 Sol
2192 2783 2700 2854 supramundanus,
2750 2794 2806 2840 et
2841 2785 3125 2841 intellectu
3170 2794 3386 2840 tantum
3438 2786 3656 2856 perspi-

2052 2872 2304 2941 ciendus,
2332 2875 2593 2946 splendor
2619 2874 2801 2931 Patris
2846 2875 3208 2933 immutabilis
3246 2885 3302 2933 et
3333 2892 3520 2942 verus,
3549 2892 3659 2933 cae-

2051 2963 2299 3030 citatem,
2324 2981 2447 3037 qua:
2481 2966 2736 3023 homines
2766 2967 2841 3022 illi
2874 2968 3152 3025 obnoxius
3182 2977 3569 3040 occupaverat,
3597 2968 3654 3025 in

2052 3058 2301 3129 apricum
2356 3059 2664 3130 proferens,
2711 3060 2956 3130 ejusdem
3009 3071 3210 3117 auctor
3271 3077 3399 3117 cum
3431 3062 3656 3117 ratione

2054 3166 2339 3222 nunquam
2362 3152 2670 3207 existimari
2693 3153 2916 3222 poterit,
2945 3153 3162 3208 etiamsi
3197 3168 3373 3207 caecos
3404 3168 3503 3209 eos
3531 3153 3657 3207 red-

2053 3240 2261 3297 didisse
2284 3242 2535 3309 dicatur;
2570 3244 2829 3314 quoniam
2855 3252 3033 3299 auctae
3069 3244 3382 3300 intellectus
3414 3243 3655 3298 tenebra:

2055 3334 2359 3391 caecitatem
2384 3351 2601 3405 eorum,
2630 3352 2754 3408 quae
2782 3352 2884 3394 nec
2904 3347 3065 3394 antea
3096 3338 3280 3409 ignota
3310 3346 3449 3404 erat,
3476 3336 3655 3409 magis

2050 3429 2410 3500 spectandam
2460 3431 2837 3501 praebuerunt.
2889 3428 3011 3486 Nisi
3071 3430 3216 3486 enim
3266 3438 3377 3486 tam
3419 3429 3654 3485 illustris

2052 3522 2259 3577 divina:
2293 3523 2433 3577 lucis
2464 3523 2727 3593 splendor
2760 3522 3043 3589 eluxisset,
3080 3532 3143 3578 ut
3164 3524 3406 3593 gentium
3433 3538 3656 3594 quoque

2053 3615 2111 3672 in
2148 3615 2393 3672 tenebris
2424 3625 2478 3669 et
2509 3615 2703 3670 umbra
2743 3615 3078 3680 sedentium,
3101 3624 3315 3671 mentes
3366 3615 3657 3670 illumina-

2051 3715 2270 3773 rentur,
2298 3715 2353 3762 et
2384 3708 2450 3762 ad
2484 3706 2657 3762 divini
2687 3705 2947 3764 Numinis
2990 3708 3363 3779 cognitionem
3438 3708 3654 3779 aspira-

2051 3810 2197 3865 rent,
2234 3801 2415 3872 gentis
2458 3799 2702 3857 Judaicze
2734 3801 2954 3858 caecitas
2994 3817 3279 3873 nunquam
3319 3801 3458 3858 adeo
3509 3800 3653 3858 facta

2050 3887 2251 3945 fuisset
2303 3888 2621 3946 manifesta.
2669 3887 2792 3945 Jam
2841 3904 2977 3947 vero
3005 3890 3317 3963 splendoris
3355 3890 3503 3945 illius
3536 3907 3652 3944 ma-

2052 3982 2310 4053 gnitudo,
2344 3998 2410 4038 ex
2444 3982 2728 4039 miraculis
2760 3983 3082 4054 conspicua,
3125 3990 3179 4039 et
3207 3981 3489 4039 facultatis
3523 3983 3653 4037 illu-

2051 4073 2364 4129 minatricis
2383 4073 2646 4137 eﬂicacia,
2679 4085 2732 4130 et
2755 4067 2999 4145 gentium
3031 4075 3098 4130 ad
3124 4075 3301 4131 lucem
3334 4076 3648 4141 conversio,

2051 4174 2437 4237 argumentum
2474 4181 2584 4222 non
2626 4167 2980 4223 inficiandum
3004 4167 3343 4238 praebebant,
3377 4182 3495 4235 eos,
3550 4169 3646 4239 qui

2051 4257 2120 4313 ad
2152 4256 2331 4313 lucem
2366 4257 2610 4313 veritatis
2641 4273 2701 4314 se
2730 4274 2840 4313 non
2872 4258 3209 4323 conferrent,
3241 4274 3342 4314 nec
3375 4258 3442 4313 ad
3465 4258 3646 4330 pieta-

2050 4359 2163 4406 tem
2186 4350 2565 4415 erudirentur,
2603 4366 2719 4406 sua:
2744 4351 2850 4407 sibi
2881 4352 3145 4407 caecitatis
3182 4362 3439 4407 auctores
3474 4350 3649 4406 exsti-

2053 4443 2213 4508 tisse,
2252 4458 2426 4514 seque
2452 4442 2603 4515 ipsos
2646 4445 2847 4512 salute,
2883 4444 3142 4501 omnibus
3183 4444 3499 4500 hominibus
3544 4442 3645 4499 de-

2051 4536 2281 4604 stinata,
2307 4551 2406 4609 Per
2443 4536 2821 4594 incredibilem
2862 4539 3140 4611 quandam
3175 4539 3486 4595 vecordiam
3530 4537 3645 4609 pri-

2049 4643 2233 4689 νοεεε.

2244 4825 2576 4895 onmno
2614 4827 2853 4886 Lxxvu
2885 4828 3078 4905 [CoisL
3111 4829 3276 4889 Taur.
3312 4831 3405 4905 ος.

2053 5010 2132 5069 De
2151 5030 2339 5086 genere
2368 5024 2421 5071 et
2450 5016 2623 5085 specie
2648 5014 2815 5070 dubia
2850 5017 3083 5082 diversa,
3117 5016 3173 5070 in
3208 5017 3395 5087 quibus
3428 5033 3644 5073 eorum-

2443 5088 2562 5141 dem
2589 5087 2785 5143 solutio
2810 5087 3031 5143 inveniri
3060 5098 3248 5159 potest.

1438 5226 1583 5279 Nunc
1602 5227 1816 5291 primum
1842 5224 1977 5277 edita
2000 5239 2029 5277 α
2056 5224 2118 5279 D.
2140 5226 2558 5293 Hergenrtetber.

436 5340 485 5396 Ι.
526 5339 825 5414 Ἐζὴτηται
853 5340 953 5412 μὲν
978 5339 1113 5411 ἡμῖν
1140 5339 1403 5404 πολλάκις
1426 5340 1460 5411 ἡ
1485 5338 1617 5412 περὶ
1645 5336 1943 5408 τῶνγενῶν

347 5451 411 5489 τε
475 5435 573 5492 καὶ
632 5435 793 5491 εἰδῶν
845 5432 1125 5501 ὑπόθεσις,
1180 5434 1278 5490 καὶ
1328 5432 1604 5506 διάκρισις
1638 5433 1746 5489 τῶν
1779 5433 1944 5489 πάλαι

2123 5340 2178 5396 1.
2220 5340 2378 5412 διξερε
2408 5356 2512 5398 nos
2541 5340 2875 5412 agitavimus
2899 5342 3234 5413 quaestiones
3258 5340 3326 5395 de
3350 5339 3643 5411 generibus

2052 5442 2107 5489 et
2138 5432 2455 5503 speciebus,
2499 5442 2556 5490 et
2583 5434 2842 5505 antiquas
2871 5433 3277 5491 controversias
3308 5432 3639 5500 clarissime,

1882 5614 2122 5674 NOTIE.

423 5805 544 5883 (i9)
571 5809 810 5867 Ἔπεται
832 5837 901 5853 -ο
926 5809 986 5867 ὲν
1018 5806 1097 5881 τῷ
1120 5802 1281 5877 φωτί,
1309 5813 1525 5866 suntex
1558 5806 1717 5866 Colb.

2125 5799 2240 5874 (20)
2271 5797 2429 5858 Colb.
2453 5811 2601 5860 recte
2633 5815 2733 5875 pro
2761 5797 2963 5872 λύμην.
