4158 6448
566 380 671 446 479

1723 344 1987 437 PIIUTII
2032 345 2542 435 muniﬁcum
2572 372 2682 433 cr.

3775 368 3885 436 430

568 486 639 553 ut“
661 498 749 561 iis,
779 494 870 565 qui
896 509 995 550 sua
1017 494 1179 550 dubia
1209 501 1632 565 proposuerant,
1666 502 1796 547 tunc
1836 491 2015 545 visum
2046 498 2155 556 est,

2285 488 2816 561 ιμφισϐητημάτων,
2874 484 2949 547 ὡς
2996 485 3110 547 τοῖς
3163 482 3468 554 τηνικαῦτα
3532 479 3888 550 συζητοῦσιν

566 585 965 657 expedivimus.
1000 583 1213 638 Etenim
1250 583 1562 638 Platouieas
1598 582 1824 653 quidem
1872 580 2025 635 ideas
2060 594 2154 648 pe-

567 678 759 735 culiari
795 685 1033 731 tractatu
1056 675 1551 740 consideravimus,
1578 674 1839 743 quoniam
1881 686 1981 726 nec
2016 686 2158 741 pra:-

568 769 744 825 dieari
770 769 838 823 de
879 768 1177 823 individuis
1218 767 1323 821 illa:
1367 777 1597 837 queunt.
1635 763 1823 836 Neque
1864 764 2014 843 enim
2053 763 2161 817 hoe

570 864 624 918 in
656 863 949 933 praesentia
978 861 1185 927 dicam,
1224 861 1367 931 quod
1395 861 1735 916 constituere
1784 860 1938 930 prius
1974 872 2157 913 rerum

571 952 1053 1022 producendarum
1086 952 1292 1006 formas
1324 962 1487 1022 atque
1512 952 1901 1006 similitudines
1924 960 2009 1005 est
2034 948 2161 1019 qui-

575 1047 697 1099 dem
726 1046 976 1107 artificis,
1008 1045 1103 1099 sed
1142 1044 1366 1099 minime
1418 1044 1651 1099 valentis
1691 1059 1882 1099 creare
1929 1040 2166 1110 simplici

576 1136 931 1206 aggressione
963 1134 1109 1205 quod
1142 1135 1307 1201 velit;
1339 1150 1443 1191 nec
1492 1137 1697 1205 pariter
1732 1134 1987 1199 referam,
2019 1133 2166 1204 quod

576 1243 823 1297 quaarere
852 1227 956 1282 hoc
986 1228 1107 1282 loco
1150 1242 1332 1281 rerum
1367 1227 1783 1282 subsistentium
1830 1228 2167 1297 exemplaria

578 1319 632 1373 in
664 1319 942 1373 inliuitutn
974 1320 1284 1374 necessario
1311 1320 1566 1388 provehit
1599 1336 1781 1376 rerum
1815 1336 1937 1391 qua:
1961 1320 2171 1374 conﬁu-

589 1420 797 1479 guutur
850 1425 1190 1480 processum.
1226 1408 1359 1464 lllud
1406 1411 1552 1464 enim
1596 1413 1824 1468 omnino
1882 1411 2167 1483 indignum

582 1511 666 1557 cst
694 1518 823 1557 vera
858 1504 926 1557 de
952 1502 1067 1557 Deo
1101 1502 1357 1569 notione;
1388 1502 1496 1559 hoc
1526 1519 1655 1557 vero
1682 1504 1845 1558 etiam
1885 1520 1982 1574 per
2011 1520 2069 1559 se
2100 1504 2169 1558 il-

583 1594 689 1648 lico
749 1595 982 1649 destruit
1024 1610 1146 1665 quae
1195 1594 1474 1650 mentibus
1524 1594 1747 1651 fuerant
1793 1596 1998 1651 cﬂicta.
2052 1595 2169 1651 lmo

578 1688 795 1743 etiamsi
854 1688 980 1758 quis
1028 1688 1314 1753 concedat,
1365 1688 1707 1759 singularum
1771 1692 2169 1762 proprietatum

582 1777 815 1845 formas,
849 1790 903 1833 et
938 1781 1063 1834 inde
1101 1782 1404 1851 singularia
1439 1783 1534 1838 sed
1583 1782 1864 1837 individua
1914 1784 2169 1854 exprimi,

584 1872 730 1926 nulla
766 1879 949 1927 tamen
986 1890 1139 1944 aequa
1176 1877 1445 1944 permittit
1481 1875 1640 1940 ratio,
1680 1875 1795 1929 haec
1821 1876 1923 1931 sub
1954 1877 2171 1932 illorum

582 1965 1025 2034 prmdicationem
1055 1970 1346 2024 adducere.
1396 1968 1583 2037 Neque
1628 1969 1775 2023 enim
1822 1971 2171 2041 obsignatum

584 2055 748 2111 fuerit
795 2058 1118 2129 obsignans,
1175 2076 1354 2131 neque
1407 2062 1552 2132 quod
1602 2063 2019 2117 similitudinem
2077 2078 2174 2134 per

583 2146 1066 2216 participationem
1097 2149 1309 2221 recipit,
1365 2151 1506 2205 idem
1540 2167 1661 2207 esse
1702 2160 1882 2221 potest
1925 2168 2050 2207 eum
2084 2169 2171 2221 eo,

2264 582 2465 647 ἔδοξεν,
2503 580 2655 633 οὐδὲν
2702 580 2907 649 ἄπορον
2964 574 3304 630 ὑπολιποῦσα
3341 572 3709 646 προελήλυθε
3734 585 3753 605 ⁶
3792 575 3887 628 καὶ

2264 679 2374 749 γὰρ
2405 678 2461 731 αί
2497 676 2595 746 μὲν
2620 674 2761 727 κατά
2819 672 3084 727 Πλάτωνα
3117 671 3250 725 ἰδέαι
3289 668 3623 739 ἱδιαζούσης
3650 667 3888 720 ἐπισκέ-

2264 770 2410 840 ψεως
2438 768 2650 839 ἔτυχον,
2674 766 2799 819 ἐπεὶ
2844 765 2979 837 μηδὲ
3012 762 3439 835 κατηγορεῖσθαι
3491 759 3620 813 τῶν
3658 758 3889 827 ἀτόμων

2266 857 2429 918 αὗται
2452 862 2708 916 δύνανται
2729 875 2745 891 ο
2772 858 2833 911 οὐ
2862 858 2969 929 γάρ
2994 856 3154 911 τοῦτο
3188 854 3283 909 νῦν
3310 853 3442 924 ἐρῶ,
3473 852 3563 916 ὡς
3587 852 3658 904 τὸ
3675 854 3891 921 προϋφ-

2273 954 2514 1009 ιστάνειν
2538 951 2743 1016 τύπους
2760 950 2868 1004 τῶν
2886 946 3392 1019 παραχθησομένων
3409 944 3512 997 καὶ
3547 942 3891 1014 ὁμοιώματα

2267 1046 2513 1117 τεχνίτου
2548 1044 2652 1116 μέν
2672 1044 2842 1106 ἐστιν,
2880 1039 3236 1102 ἀσθενοῦντος
3258 1039 3314 1091 δὲ
3335 1038 3721 1109 δημιουργεῖν
3742 1036 3887 1105 ἁπλῇ

2270 1138 2547 1213 προσϐολῇ
2578 1137 2638 1191 τὸ
2670 1136 3020 1208 βουλόμενον,
3048 1133 3160 1187 οὗθ’
3209 1134 3285 1197 ὡς
3316 1130 3565 1185 ἐνταῦθα
3598 1130 3667 1183 τὸ
3703 1130 3888 1200 ζητεῖν

2269 1233 2383 1288 τῶν
2423 1231 2813 1303 ὑφισταμένων
2889 1227 3311 1300 παραδείγματα
3369 1223 3457 1279 ἐπ’
3524 1223 3777 1295 ἄπειρον
3831 1223 3889 1287 ἐξ

2271 1326 2520 1396 ἀνάγκης
2549 1323 2857 1388 διαὸιϐάζει
2888 1322 2996 1377 τῶν
3037 1319 3426 1390 πλαττομένων
3471 1318 3585 1390 τὴν
3614 1317 3849 1388 πρόοδον
3871 1333 3884 1346 ⁸

2269 1419 2333 1475 τδ
2361 1420 2461 1489 μὲν
2490 1419 2600 1490 γάρ
2630 1416 2913 1479 παντελῶς
2938 1418 3056 1469 ὲστι
3082 1415 3181 1485 τῆς
3213 1414 3341 1485 περί
3370 1413 3429 1465 τδ
3458 1411 3636 1465 Θεῖον
3668 1410 3888 1475 ἀνάξιον

2272 1511 2621 1583 ὑπολήψεως,
2643 1510 2704 1563 τὸ
2724 1510 2780 1562 δὲ
2829 1508 2925 1562 καί
2948 1508 3072 1561 καθ’
3115 1506 3275 1559 ἑαυτὸ
3297 1504 3407 1557 τῶν
3449 1505 3583 1566 ταῖς
3620 1501 3885 1562 διανοίαις

2271 1605 2729 1661 ἀναπλασθέντων
2791 1601 3137 1673 συμπροάγει
3183 1602 3284 1669 τὴν
3352 1598 3681 1667 ἀναίρεσιν.
3749 1594 3886 1648 Ἀλλ’

2273 1696 2437 1755 οὖνεί
2465 1700 2559 1753 καί
2594 1716 2679 1760 τις
2722 1698 2839 1767 δοίη
2893 1694 3018 1758 τοὺς
3069 1691 3275 1754 τύπους
3319 1691 3573 1760 ἑκάστης
3623 1688 3886 1751 ἰδιότητος

2274 1794 2485 1847 ἐκεῖθεν
2510 1787 2924 1862 ἀπομάττεσθαι
2947 1786 3016 1840 τὰ
3042 1784 3378 1847 καθέκαστα,
3402 1782 3516 1836 ὑπὸ
3540 1780 3887 1851 κατηγορίαν

2275 1886 2500 1940 ἰκείνων
2538 1884 2693 1953 ἄγειν
2715 1880 2891 1937 ταῦτα
2937 1880 3035 1950 οὐχ
3081 1878 3307 1949 εὑρήσει
3332 1874 3497 1942 λόγον
3560 1873 3882 1943 συνᾴδοντα.

2275 1979 2412 2033 Οὐδὲ
2460 1979 2570 2049 γάρ
2622 1977 2688 2031 ἂν
2716 1976 2804 2047 εἴη
2840 1976 2900 2028 τὸ
2934 1970 3370 2043 ἐσφραγισμένον
3404 1966 3752 2037 σφραγίζον,
3775 1964 3887 2018 οὐδὲ

2274 2072 2353 2143 τῷ
2380 2073 2479 2143 τὴν
2506 2071 2798 2142 ὁμοιότητα
2844 2064 3205 2137 παρεχομένῳ
3259 2060 3480 2123 ταυτὸν,
3517 2060 3549 2113 ὃ
3582 2059 3735 2114 κατά
3763 2074 3886 2127 μετ-

2275 2166 2411 2237 οχὴν
2440 2163 2645 2233 ταύτην
2685 2158 3046 2229 παρεδέξατο“
3092 2154 3216 2208 οὐδὲ
3268 2155 3338 2208 τά
3373 2154 3432 2205 ὲν
3467 2155 3540 2222 τῇ
3571 2150 3678 2205 τοῦ
3734 2147 3885 2202 Θείου

581 2252 613 2290 a
637 2252 748 2307 quo
780 2238 873 2293 illa
906 2239 1208 2296 similitudo
1252 2242 1546 2311 praebetur,
1596 2259 1700 2298 nec
1746 2260 1868 2315 qua:
1908 2244 1962 2299 in
1997 2253 2179 2300 mente

2285 2254 2606 2311 τυπωθέντα
2669 2250 2879 2322 διανοίᾳ
2936 2247 3027 2302 καί
3089 2245 3278 2299 στάσιν
3335 2243 3609 2313 ἀκίνητόν
3680 2257 3742 2294 τε
3797 2239 3885 2292 καὶ

581 2329 764 2384 divina
792 2330 997 2386 fuerint
1028 2332 1293 2403 impressa
1326 2342 1381 2388 et
1416 2334 1755 2391 immobilem
1794 2344 1961 2407 atque
1985 2337 2179 2391 incon-

581 2438 827 2489 cussum,
867 2425 912 2481 si
960 2435 1143 2481 tamen
1185 2427 1412 2482 omnino
1459 2428 1699 2493 exsistit,
1731 2438 1938 2483 statum
1990 2429 2181 2485 sortita

581 2518 713 2577 sint,
744 2525 998 2585 poterunt
1036 2518 1311 2573 ullatenus
1334 2519 1630 2589 praedicata
1665 2520 1773 2574 dici
1840 2536 2021 2575 rerum
2054 2536 2180 2592 per-

584 2618 749 2677 petuo
813 2609 986 2663 [luxui
1033 2626 1097 2664 ac
1129 2610 1372 2665 deﬂuxui
1414 2611 1805 2666 obuoxiarum.
1878 2612 2182 2685 Pertuagna

583 2701 731 2755 enim
755 2711 839 2756 est
880 2702 1186 2757 differentia
1217 2713 1271 2757 et
1296 2720 1363 2758 ex
1398 2705 1515 2776 ipsa
1555 2706 1875 2760 habitudine
1907 2708 1990 2760 vel
2046 2722 2182 2762 con-

586 2793 821 2847 uexioue
840 2805 1084 2864 apparet,
1112 2812 1349 2866 quanam
1384 2800 1597 2853 ratione
1617 2799 1947 2869 discrepent.
1972 2800 2181 2854 Etenim

587 2900 770 2940 causa:
799 2888 1119 2957 causatique
1160 2891 1322 2956 ratio,
1356 2892 1662 2960 praesertim
1701 2893 1789 2947 ubi
1827 2894 1894 2948 de
1921 2896 2185 2949 creatrice

586 2982 642 3028 ct
674 2975 973 3043 exemplari
1028 2976 1077 3029 \‘i
1112 2978 1313 3045 agitur,
1354 2979 1409 3032 iu
1449 2979 1791 3036 habitudinis
1840 2984 2186 3037 connexioue

586 3065 921 3121 exsistentiae
950 3067 1321 3125 diversitatem
1353 3074 1639 3141 perSpicue
1671 3074 1939 3129 ostendit.
1971 3073 2028 3129 Si
2058 3090 2186 3130 vero

586 3176 711 3230 qua:
750 3162 1035 3217 nominum
1079 3165 1439 3222 similitudine
1472 3184 1561 3223 res
1590 3169 1925 3240 signitieatas
1978 3186 2185 3226 conne-

586 3265 733 3309 ctere
761 3256 1033 3322 videntur,
1074 3273 1137 3312 ea
1174 3259 1288 3330 ipsa
1326 3258 1556 3329 faciunt,
1606 3273 1663 3317 ut
1699 3264 1936 3318 maxima
1976 3263 2188 3318 discre-

586 3345 773 3416 pantia
807 3355 1161 3417 agnoscatur,
1196 3365 1316 3419 qua:
1351 3367 1449 3407 nee
1485 3353 1847 3407 connexionis
1888 3351 2188 3423 pra-ferunt

589 3440 827 3510 speciem
884 3456 986 3496 nec
1041 3443 1265 3499 unionis
1319 3445 1492 3499 ullum
1576 3446 1834 3501 exhibent
1898 3445 2187 3513 iudicium,

590 3532 868 3601 quomodo
894 3533 1007 3587 haec
1037 3534 1091 3588 in
1140 3534 1283 3589 idem
1313 3537 1651 3607 redigantur,
1701 3553 1827 3592 cum
1863 3552 1932 3592 ne
1955 3538 2027 3591 ibi
2061 3538 2187 3608 qui-

2281 2349 2601 2417 άκλόνητον,
2661 2344 2819 2415 εἴπερ
2866 2341 3005 2405 ὅλως
3050 2339 3281 2399 ἔνεστιν,
3339 2332 3735 2406 εὐμοιρηκότα
3785 2331 3886 2384 τῶν

2281 2444 2339 2498 ὲν
2369 2442 2467 2513 ῥοῇ
2492 2456 2552 2493 τε
2577 2437 2675 2491 καὶ
2724 2436 2975 2507 ἀπορῤοῇ
3024 2430 3316 2493 διαπαντὸς
3351 2427 3690 2498 φερομένων
3732 2422 3884 2477 οὖδα-

2284 2534 2401 2607 μῶς
2434 2533 2501 2586 ἂν
2535 2530 2751 2585 δύναιτο
2785 2526 3015 2600 ῥηθῆναι
3045 2520 3507 2593 κατηγορούμενα
3533 2534 3547 2549 ·
3588 2514 3885 2607 παμπόλλη

2282 2606 2393 2696 γάρ
2422 2624 2457 2695 ἡ
2481 2619 2839 2695 διαφοράκαὶ
2882 2615 2941 2683 ἐξ
2990 2614 3162 2684 αὐτῆς
3206 2612 3262 2664 δὲ
3289 2610 3386 2681 τῆς
3426 2606 3731 2680 σχέσεωςῆ
3767 2620 3882 2658 συν-

2283 2717 2485 2788 αφείας
2505 2714 2630 2769 τινὰ
2656 2713 2860 2784 τρόπον
2894 2708 3127 2779 παρέχει
3173 2707 3233 2759 τὸ
3270 2703 3562 2773 διάφορον,
3595 2697 3883 2767 ἀναφαίνε-

2282 2827 2393 2863 ται.
2429 2806 2540 2862 Καὶ
2570 2806 2679 2876 γὰρ
2709 2804 2737 2857 ὁ
2768 2801 2860 2856 τοῦ
2894 2800 3071 2854 αἰτίου
3109 2797 3203 2852 καὶ
3232 2792 3479 2851 αἰτιατοῦ
3510 2792 3697 2862 λόγος,
3732 2789 3882 2861 μάλι-

2274 2886 2390 2957 ’στά
2443 2919 2507 2971 γε
2568 2898 2711 2954 κατά
2746 2897 2807 2951 τὸ
2854 2890 3258 2966 δημιουργικόν
3288 2907 3348 2943 τε
3374 2888 3470 2943 καὶ
3507 2890 3885 2959 παραδειγμαε

2284 2995 2437 3050 τικδν
2499 2991 2707 3064 προῖὼν
2766 2991 2824 3043 ὲν
2853 2991 2920 3060 τῇ
2955 2989 3058 3058 τῆς
3099 2985 3334 3054 σχέσεως
3392 2979 3676 3050 συναφείᾳ
3715 2975 3883 3042 τὸτῆς

2287 3084 2575 3155 ὑπάρξεως
2621 3080 3001 3153 παραλλάττον
3028 3076 3298 3148 λαμπρῶς
3328 3072 3728 3128 ἐπιδείκνυσιν.
3764 3069 3821 3121 Εἰ
3844 3066 3882 3119 δ’

2288 3179 2372 3247 ἐφ’
2400 3171 2473 3230 ῶν
2502 3177 2539 3231 ἃ
2590 3175 2884 3228 συνάπτειν
2938 3173 3005 3243 τῇ
3038 3170 3145 3225 τῶν
3182 3167 3460 3238 ὀνομάτων
3512 3164 3800 3249 όμοιότητι
3822 3162 3883 3211 τὶ

2288 3270 2596 3341 δηλούμενα
2631 3267 2801 3331 δοκεῖ,
2820 3263 2997 3319 ταῦτα
3028 3262 3232 3333 πολλὴν
3262 3257 3725 3331 ἀνομολογεῖσθαι
3750 3253 3883 3308 ποιεῖ

2288 3365 2389 3438 τὴν
2418 3363 2724 3423 διάστασιν,
2750 3358 2788 3413 ἃ
2816 3357 2951 3429 μηδὲ
2981 3352 3686 3425 συναφείαςζπροὸάλλεται
3719 3349 3878 3420 ῥῆμα,

2295 3437 2417 3528 μηδ’
2441 3453 2691 3515 ὲνὼσεως
2719 3449 3092 3504 ἐνδείκνυσθαι
3122 3446 3424 3516 παρέχεται
3451 3442 3737 3514 ἀφορμὴν,
3771 3437 3880 3496 πῶς

2293 3548 2360 3602 ἂν
2399 3547 2477 3610 είς
2502 3544 2699 3598 ταυτὸν
2766 3540 3113 3613 συνενεχθείη
3180 3539 3254 3609 μὴ
3302 3539 3594 3605 πεφυκότα
3652 3530 3880 3587 συνιέναι

591 3625 716 3677 dem
755 3625 809 3677 in
836 3640 1004 3679 unum
1028 3629 1176 3681 coire
1210 3639 1441 3697 queant,
1474 3631 1562 3684 ubi
1593 3632 1864 3686 connexio
1895 3634 2177 3702 propriam

2298 3636 2423 3709 μηδ’
2452 3608 2539 3705 έφ’
2573 3628 2648 3688 ὧν
2684 3633 2717 3704 ἡ
2746 3608 3011 3702 συνάφεια
3038 3608 3327 3694 διασώζειν
3352 3628 3585 3681 δύναται
3613 3624 3675 3678 τὸ
3696 3622 3880 3677 οἰκεῖον

594 3728 814 3767 servare
837 3723 1016 3783 potest
1040 3716 1248 3785 absque
1280 3718 1387 3773 ulla
1415 3720 1819 3776 adulteratione
1838 3722 2187 3792 dignitatem?

594 3803 821 3861 Talibus
863 3807 1382 3866 ratiocinationibus
1416 3811 1707 3868 Platonie:e
1742 3813 1877 3868 idea:
1918 3814 2187 3870 discutie-

598 3901 819 3966 bautur,
879 3902 1065 3957 multis
1120 3904 1284 3957 etiam
1339 3913 1393 3959 et
1441 3906 1834 3961 vetustioribus
1882 3907 2189 3965 rationibus

597 3994 795 4064 (libris)
822 4004 1008 4050 nostro
1032 3998 1252 4051 conatui
1281 3998 1732 4068 suffragantibus.

665 4086 718 4139 2.
757 4086 890 4152 Qua:
917 4102 1043 4142 vero
1076 4100 1269 4157 praeter
1297 4088 1626 4159 ,Platonicas
1673 4092 1824 4147 ideas
1870 4101 2193 4150 astruuntur

599 4195 797 4249 genera
824 4189 877 4233 et
908 4181 1142 4249 species,
1178 4184 1393 4237 tametsi
1425 4192 1604 4239 ortum
1634 4200 1700 4240 ex
1723 4185 1938 4240 diversa
1971 4197 2192 4242 senten-

601 4273 673 4323 tia
696 4281 749 4324 et
772 4286 835 4325 ex
857 4272 1077 4327 diverso
1102 4276 1390 4343 proposito
1425 4276 1721 4330 habuerint
1754 4278 2187 4349 prodierintque,

600 4366 815 4420 variant
845 4376 1025 4421 tamen
1060 4369 1218 4423 insui
1252 4371 1685 4437 constitutione;
1736 4379 1791 4426 et
1832 4372 1921 4426 illa
1968 4373 2189 4442 quidem

598 4475 756 4529 super
783 4460 985 4526 multis,
1023 4461 1138 4515 [nec
1167 4460 1425 4533 (species)
1463 4478 1591 4518 vero
1626 4464 1681 4517 in
1713 4464 1895 4517 multis
1930 4475 2193 4534 praestan-

577 4539 771 4608 'tiores
820 4552 1132 4624 philosophi
1207 4556 1482 4623 appellare
1540 4556 1884 4625 gestieruut;
1948 4564 2193 4610 attamen

602 4646 782 4714 quoad
848 4647 1250 4715 praedicationis
1309 4662 1467 4701 usum
1528 4647 1813 4716 paululum
1884 4647 2191 4702 differunt:

600 4737 876 4792 Suﬂ‘ecerit
925 4754 1053 4810 ergo
1106 4739 1390 4808 utriusque
1441 4738 1629 4793 iisdem
1686 4739 1990 4793 rationibus
2051 4738 2192 4793 facta

600 4831 920 4900 disquisitio
949 4842 1001 4886 et
1030 4832 1374 4903 dijttdieatio.
1408 4832 1473 4886 Et
1504 4833 1569 4886 ad
1605 4833 1958 4901 incorporeas
2016 4832 2194 4887 subsi-

2296 3729 2585 3785 ἀνόθευτον
2609 3727 2857 3796 δίκαιονλ
2898 3723 3195 3787 Τοιαύταις
3244 3724 3299 3776 αἰ
3342 3720 3698 3774 Πλατωνικαί
3757 3714 3880 3767 ἰδέαι

2299 3818 2601 3892 περινοίαις
2627 3816 2976 3888 ὲξητάζοντο,
3008 3814 3222 3869 πολλῶν
3255 3813 3423 3866 ὄντων
3468 3813 3565 3867 καὶ
3595 3805 3879 3865 παλαιοτέ-

2303 3932 2413 3986 ρων
2434 3913 2609 3983 λόγων
2631 3927 2944 3982 συνεφαπτο
2952 3910 3130 3983 μένων
3146 3911 3179 3983 η
3188 3907 3306 3980 μῶν
3332 3908 3409 3979 τῷ
3436 3908 3763 3979 βουλήματι.

2370 4092 2425 4147 2.
2461 4090 2542 4145 Τά
2567 4089 2623 4144 δὲ
2656 4088 2811 4159 παρὰ
2869 4088 2968 4151 τὰς
3034 4085 3392 4149 Πλατωνικάς
3440 4084 3586 4147 ἰδέας
3636 4081 3765 4151 γένη
3798 4076 3882 4131 καὶ

2301 4185 2439 4254 εἴδη,
2473 4183 2645 4238 είκαί
2666 4182 2764 4255 τὴν
2827 4181 3041 4251 γένεσιν
3098 4184 3162 4236 ὲκ
3214 4182 3477 4253 διαφόρου
3526 4178 3769 4238 διανοίας
3797 4172 3881 4223 καὶ

2301 4277 2560 4348 ἐπιϐολῆς
2577 4278 2734 4347 έσχον
2748 4293 2805 4329 τε
2827 4276 2922 4328 καὶ
2952 4273 3415 4346 προεληλύθεσαν,
3450 4260 3882 4344 παραλλάττουσὶ

2302 4389 2366 4442 γε
2388 4370 2450 4441 τῇ
2488 4370 2750 4423 συστάσει
2773 4385 2787 4401 '
2846 4368 2942 4421 καί
2989 4367 3059 4421 τὰ
3110 4368 3208 4438 μὲν
3239 4366 3339 4419 ἐπὶ
3368 4365 3493 4433 τοῖς
3517 4361 3790 4425 πολλοῖς,
3818 4355 3881 4405 τὰ

2301 4465 2359 4516 δὲ
2397 4463 2467 4514 ἐν
2507 4460 2631 4527 τοῖς
2690 4459 2947 4524 πολλοῖς
2985 4458 3037 4510 οἰ
3076 4458 3428 4528 χαριέστερον
3477 4448 3878 4525 φιλοσοφοῦντες

2304 4554 2493 4606 καλεῖν
2529 4551 2988 4620 ὲφιλοτιμήσαντο
3008 4566 3022 4579 ·
3059 4547 3174 4601 ἀλλ’
3203 4543 3294 4599 οὖν
3316 4546 3451 4614 πρός
3482 4562 3544 4614 γε
3572 4544 3632 4597 τὸ
3663 4550 3879 4606 κατηγοσ

2307 4645 2522 4718 ρεῖσθαι
2549 4644 2649 4716 τὴν
2680 4645 2871 4715 χρείαν
2897 4643 2983 4695 ἐπ’
3041 4642 3222 4708 ὀλίγον
3260 4640 3443 4708 ἔχουσι
3484 4633 3879 4718 παραλλάττον-ι

2306 4757 2406 4794 σαν
2430 4756 2445 4771 ⁸
2476 4739 2679 4810 ἤρκεσε
2706 4735 2999 4806 τοιγαροῦν
3030 4736 3159 4806 περὶ
3189 4734 3452 4804 ἐκατέρου
3470 4731 3672 4785 τούτων
3697 4726 3727 4793 ἡ
3752 4715 3876 4784 αὐτὴ

2304 4834 2392 4886 διὰ
2431 4833 2543 4885 τῶν
2573 4828 2941 4895 ὲξεταστικῶν
2970 4828 3146 4896 λόγων
3194 4827 3426 4897 βάσανός
3460 4843 3521 4877 τε
3560 4822 3654 4875 καὶ
3682 4817 3876 4881 διάκρι-

603 4924 836 4978 steutias
859 4925 1003 4994 quod
1039 4934 1270 4995 spectat,
1304 4926 1370 4980 de
1414 4941 1523 4997 quo
1549 4936 1872 4995 argumento
1910 4941 2011 4979 nec
2041 4935 2182 4979 vetu:

2308 4942 2411 4987 σις.
2440 4925 2550 4979 Καί
2570 4941 2633 4993 γε
2665 4925 2795 4993 περί
2819 4922 2918 4992 μὲν
2948 4922 3058 4973 τῶν
3085 4921 3397 4989 ἀσωμάτων
3430 4914 3775 4970 ὑποστάσεων
3805 4904 3876 4997 ὅτι

576 5019 855 5073 'exstabat
885 5020 1189 5082 contentio,
1248 5019 1507 5075 facillime
1565 5020 1866 5074 admissum
1906 5019 2029 5081 fuit,
2064 5033 2203 5088 pra:-

605 5110 788 5165 dicata
821 5112 890 5165 de
913 5112 1021 5166 illis
1047 5128 1245 5182 genera
1273 5121 1327 5166 et
1356 5113 1566 5182 species
1588 5112 1920 5182 participare
1948 5113 2204 5180 incorpo-

607 5216 1091 5272 reanLnaturam;
1126 5220 1323 5275 magna
1359 5220 1492 5259 vero
1525 5205 1592 5259 lis
1623 5204 1835 5257 exstitit
1879 5205 2023 5259 circa
2063 5204 2207 5259 Irine

578 5298 1011 5355 :mensurabiles
1060 5298 1470 5362 subsistentias,
1517 5312 1637 5366 qure
1682 5311 1913 5366 corpora
1972 5306 2102 5352 sunt
2150 5307 2205 5352 et

582 5390 985 5461 .appellautur;
1030 5401 1214 5445 utrum
1270 5390 1522 5444 videlicet
1573 5397 1825 5459 oporteat
1881 5389 2200 5443 eornmdem

614 5500 813 5553 genera
842 5494 894 5538 et
925 5485 1133 5552 species
1160 5499 1358 5537 vocare
1398 5498 1650 5553 corpora,
1702 5498 1766 5535 an
1802 5497 1930 5536 vero
1970 5483 2081 5536 haec
2116 5495 2205 5535 ut-

613 5586 740 5647 pote
775 5576 1028 5632 sensibus
1059 5578 1344 5646 superiora
1388 5578 1531 5632 inter
1579 5578 1897 5646 incorporea
1934 5576 2198 5645 recipere.

616 5666 819 5721 Verum
874 5677 1002 5722 tunc
1052 5669 1118 5722 de
1160 5669 1246 5723 his
1285 5678 1542 5724 accurate
1592 5685 1621 5723 a
1655 5669 1813 5723 nobis
1858 5668 2202 5737 disputatum

616 5756 736 5821 fuit,
788 5773 886 5810 nec
943 5760 1289 5819 auditoribus
1347 5762 1548 5825 visum,
1598 5761 1837 5815 secunda
1895 5776 2035 5830 opus
2082 5776 2203 5815 esse

619 5847 1020 5919 disquisitione.
1060 5850 1329 5915 Quoniam
1371 5868 1499 5908 vero
1540 5867 1686 5907 nunc
1725 5861 1817 5906 tua
1871 5850 1967 5906 Dei
2011 5867 2202 5907 amans

2310 5017 2431 5089 μηδ’
2458 5012 2665 5088 έριςῆν
2691 4992 2920 5079 παλαιά,
2938 5014 3155 5081 θᾶττον,
3181 5014 3265 5066 ὃτι
3289 5012 3382 5064 καί
3412 5012 3479 5063 τὰ
3504 4992 3872 5075 κατηῆορίού·

2310 5129 2449 5183 μενα
2482 5111 2618 5180 γένη
2648 5109 2740 5162 καὶ
2794 5108 2911 5176 εἴδη
2964 5107 3063 5176 τῆς
3088 5106 3380 5175 ἀσωμάτου
3409 5103 3623 5172 φύσεως
3652 5092 3872 5183 μετέχειν

2311 5177 2726 5273 συνεκεχώρητο
2744 5218 2759 5234 ⁸
2787 5203 2820 5272 ή
2851 5201 2907 5253 δὲ
2938 5200 3107 5269 πολλὴ
3137 5197 3409 5269 προῆλθεν
3445 5187 3739 5265 φιλονεικία
3760 5177 3875 5273 περὶ

2306 5297 2417 5350 τῶν
2451 5294 2617 5367 τρικῆ
2646 5292 2950 5347 διαστατῶν
3008 5290 3363 5344 ὑποστάσεων
3399 5289 3495 5342 καὶ
3513 5281 3770 5354 σωμάτων
3792 5271 3870 5367 δν·

2306 5405 2415 5442 των
2446 5365 2507 5441 τε
2537 5388 2634 5440 καὶ
2661 5385 3035 5456 καλουμένων,
3063 5381 3177 5455 ἆρά
3201 5400 3265 5451 γε
3288 5382 3394 5454 χρὴ
3438 5380 3508 5435 τὰ
3530 5365 3871 5468 τούτων-τέγη

2306 5483 2404 5535 καὶ
2453 5482 2567 5550 εἴδη
2612 5479 2841 5549 σώματα
2900 5478 3107 5542 καλεῖν,
3222 5477 3297 5539 ὡς
3328 5475 3560 5545 κρείττω
3587 5471 3681 5538 τῆς
3702 5457 3869 5521 αἰσθή-

2312 5592 2451 5636 σεως
2470 5573 2644 5626 ταῦτα
2676 5572 3055 5642 καθεστηκότα
3082 5571 3178 5640 τῆς
3219 5568 3332 5621 τῶν
3358 5566 3660 5637 ἀσωμάτων
3687 5550 3868 5648 λήξεως

2312 5664 2518 5717 θετέον.
2560 5662 2723 5715 Ἀλλὰ
2774 5662 2896 5715 τότε
2944 5660 3020 5732 μὴ
3069 5662 3149 5724 εἰς
3198 5660 3487 5731 ἀκρίϐειάν
3516 5673 3571 5711 τε
3616 5647 3734 5717 περί
3756 5647 3862 5690 του·

2309 5775 2418 5811 των
2447 5756 2741 5809 διείλεκται
2766 5756 2860 5809 καὶ
2915 5756 3177 5827 δευτέρας
3222 5755 3324 5808 οὐκ
3354 5753 3524 5806 ἐδόκει
3554 5750 3659 5807 τοῖς
3683 5743 3863 5832 ἀκρξῗθ

2310 5854 2430 5917 ταῖς
2455 5850 2664 5906 δεῖσθαι
2696 5850 3068 5920 συζητήσεως.
3107 5850 3261 5902 Ἐπεὶ
3287 5848 3345 5901 δὲ
3374 5847 3467 5901 νῦν
3497 5849 3528 5916 ἡ
3555 5840 3617 5909 σὴ
3642 5829 3862 5895 emptu};
