4158 6470
433 323 531 390 481

1370 331 1470 391 ΑΙ)
1491 326 2085 392 AMPHILOCHIUM
2118 328 2465 398 ΟΗίΕΞΤΙΟ
2503 330 2793 393 LXXVII.

3607 336 3713 398 482

432 440 647 511 ὁσιότης
671 440 1017 511 κεφαλαιώδη
1046 442 1216 496 τύπον
1232 441 1507 515 ἔγγραφον
1530 445 1873 516 ἐξενεχθῆναι
1890 442 2006 514 περῖ

2125 442 2389 498 sanctitas
2419 442 2486 497 de
2512 442 2579 499 iis
2607 443 2743 514 ipsis
2778 454 2839 499 ut
2877 446 3300 513 compendiosus
3325 450 3712 504 conscribatnr

434 529 616 582 αὐτῶν
642 531 723 593 είς
771 530 990 600 αῐτησιν
1037 531 1292 605 διενοήθη
1352 536 1728 605 προενεγκεῖν,
1757 534 1844 588 διὰ
1884 533 2022 605 βρει·

432 620 575 691 χέων
600 622 753 677 οὐδὲν
781 623 986 676 κωλύει
1015 626 1147 695 περὶ
1170 624 1280 678 τῶν
1304 625 1485 680 αὐτῶν
1512 626 1808 680 διαλαϐεῖν.

511 721 579 782 γ’.
611 715 736 769 Τῶν
772 715 873 787 μὲν
903 712 998 769 οὖν
1036 718 1350 789 ἀσωμάτων
1409 720 1459 772 οἱ
1518 718 1689 788 λόγοι,
1720 720 1833 772 ὅσοι
1867 735 1933 788 γε
1960 715 2024 771 τὸ

441 803 807 876 ὑποκείμενον
834 806 1178 877 ἀφορίζουσι,
1209 808 1373 879 δῆλον
1427 810 1510 864 ὅτι
1544 810 1828 881 ἀσώματοι
1848 827 1860 839 ·
1885 809 2021 863 διότι

443 897 540 949 καὶ⁸
568 896 637 949 τά
663 898 720 949 ὲν
752 898 935 962 αὐτοῖς
964 900 1333 971 περιεχόμενα
1355 902 1489 974 γένη
1512 904 1605 956 καὶ
1637 904 1776 975 εἴδη,
1804 903 1898 956 καὶ
1929 903 2022 955 ού-

441 986 637 1056 δεμίαν
666 988 843 1041 οὐδενὶ
884 991 1156 1061 παράσχοι
1194 990 1262 1046 ἂν
1316 993 1553 1065 ἀπορίαν
1598 995 1631 1065 ἡ
1669 994 1799 1066 περὶ
1840 992 2020 1047 αὐτῶν

440 1076 663 1149 θεωρία.
688 1081 749 1133 Oi
768 1078 826 1132 δὲ
851 1080 962 1135 τῶν
998 1083 1271 1153 σωμάτων
1300 1084 1419 1149 πῶς
1452 1086 1519 1139 ἂν
1548 1087 1738 1157 εἴησαν
1767 1087 2019 1159 σώματα,

431 1172 485 1223 εί
514 1173 606 1224 καὶ
633 1171 698 1225 τὸ
725 1173 1131 1248 πρόχειροντῆς
1158 1178 1453 1247 ἀναλογίας
1473 1181 1633 1235 τοῦτο
1652 1182 2016 1251 φαντάζεται;

429 1263 602 1333 Λόγος
620 1265 730 1337 γάρ
762 1268 860 1321 καὶ
900 1269 1061 1340 σῶμα
1118 1270 1218 1343 τὴν
1274 1273 1411 1344 πρὸς
1479 1274 1688 1346 ἄλληλα
1730 1276 2017 1331 κοινωνίαν

428 1354 838 1428 ἀπηρνῄσαντο.
863 1360 926 1414 Ei
949 1361 1005 1415 δὲ
1034 1362 1221 1434 ἕτερος
1240 1365 1269 1417 ό
1299 1364 1457 1434 λόγος
1493 1367 1709 1436 πέφυκε
1741 1367 2013 1438 σώματος,

429 1446 551 1511 πῶς
575 1447 699 1520 οὐχὶ
726 1450 795 1503 τὰ
818 1453 1248 1525 συμπληροῦντα
1272 1455 1366 1509 τὸν
1381 1456 1538 1527 λόγον
1569 1457 1704 1531 γένη
1768 1460 1864 1513 καὶ
1897 1460 2015 1530 εἴδη

424 1536 527 1608 τὴν
546 1539 721 1612 αὐτὴν
752 1542 855 1596 οὐκ
893 1543 1566 1619 έπιζητήσειέτερότητα;
1597 1549 1716 1613 πῶς
1735 1549 1793 1604 δὲ
1826 1550 1892 1605 ἂν
1911 1568 2016 1605 σω-

428 1630 617 1699 μάτων
640 1635 1046 1707 κατηγορηθείη
1073 1637 1134 1691 τὺ
1159 1639 1485 1709 ἀσώματον;
1509 1641 1580 1694 Ἦ
1610 1641 1879 1713 ἀσώματα
1913 1642 2013 1714 μὲν

420 1723 527 1775 οὐκ
578 1724 647 1778 ἂν
692 1724 779 1796 εῐη
825 1727 898 1780 τὰ
953 1726 1088 1799 γένη
1114 1729 1323 1783 τούτων
1351 1730 1476 1785 οὐδὲ
1510 1731 1581 1786 τὰ
1605 1734 1744 1805 εῐδη,
1784 1735 1847 1789 οὐ
1904 1737 2013 1807 μὴν

2133 540 2397 588 tractatus
2417 534 2752 590 desideravit
2780 532 2844 591 ac
2869 538 3025 607 petiit
3057 555 3071 592 :
3107 540 3243 594 nihil
3285 548 3431 594 vetat
3476 540 3713 596 breviter

2129 623 2197 677 de
2225 623 2416 679 iisdem
2442 624 2737 682 disserere.

2200 716 2255 772 3.
2294 714 2745 787 lncorporeorum
2775 718 2941 789 igitur
2964 720 3225 787 rationes,
3247 736 3369 792 quat
3401 721 3710 793 subjectum

2125 806 2491 878 distinguunt,
2524 808 2811 865 manifeste
2835 820 2966 866 sunt
2986 811 3341 882 incorporea,
3377 814 3503 884 quia
3536 822 3592 869 et
3621 829 3713 884 ge-

2128 914 2259 955 nera
2294 914 2359 955 ac
2407 902 2640 972 species,
2678 917 2803 973 qua:
2845 902 2899 958 in
2947 904 3080 974 ipsis
3122 906 3507 967 continentur;
3547 915 3711 975 atque

2129 989 2335 1045 nemini
2360 992 2731 1047 consideratio
2755 1004 2810 1047 et
2836 993 3161 1064 disceptatio
3189 995 3257 1051 de
3287 996 3393 1051 illis
3422 996 3711 1051 diliiculta-

2126 1089 2235 1137 tem
2261 1082 2427 1138 ullam
2454 1084 2671 1139 videtur
2696 1086 2977 1141 exhibere.
3016 1085 3277 1142 Rationes
3305 1099 3487 1142 autem
3515 1105 3711 1158 corpo-

2124 1190 2270 1239 rum,
2300 1176 2581 1246 quomodo
2610 1192 2845 1248 corpora
2893 1179 3119 1244 fuerint,
3159 1180 3377 1235 etiamsi
3427 1181 3708 1251 proportio

2127 1263 2178 1318 id
2214 1265 2385 1334 prima
2417 1266 2598 1323 fronte
2632 1268 2888 1323 videatur
2942 1269 3205 1340 exigere?
3256 1269 3417 1325 Ratio
3463 1272 3608 1326 enim
3655 1282 3711 1326 et

2124 1371 2328 1428 corpus
2348 1359 2555 1414 nullam
2578 1360 2885 1417 adinvicem
2910 1362 3355 1419 communionem
3380 1374 3707 1433 agnoscunt.

2124 1447 2183 1503 Si
2216 1464 2344 1505 vero
2372 1450 2515 1507 ratio
2543 1466 2575 1507 a
2608 1467 2839 1523 corpore
2874 1453 3091 1511 diversa
3134 1464 3242 1521 est,
3286 1456 3567 1526 quomodo
3596 1472 3706 1511 non

2121 1555 2184 1596 ea
2220 1556 2343 1611 qua;
2376 1544 2651 1613 complent
2679 1545 2946 1602 rationem
2976 1561 3179 1617 genera
3214 1563 3280 1604 ac
3317 1548 3530 1619 species
3554 1563 3708 1605 eam-

2122 1630 2248 1688 dem
2276 1634 2502 1705 exigant
2534 1635 2948 1693 diversitatem?
2992 1640 3282 1705 Quomodo
3313 1655 3443 1696 vero
3474 1640 3542 1696 de
3582 1657 3708 1697 cor-

2121 1724 2350 1794 poribus
2406 1727 2789 1797 incorporeum
2842 1730 3209 1801 praedicetur?
3263 1732 3348 1786 An
3402 1747 3534 1788 vero
3597 1749 3705 1789 non

421 1815 545 1870 ἀλλ’
582 1816 705 1871 οὐδέ
738 1835 803 1888 γε
835 1822 1106 1891 σωμάτων
1121 1816 1257 1894 ἧκεν
1277 1825 1357 1887 εἰς
1374 1824 1560 1894 ὄγκον,
1583 1826 1706 1880 οὐδὲ
1730 1827 1831 1899 τὴν
1854 1826 2011 1899 ὕλην,
2042 1808 2092 1871 Β
2118 1824 2279 1870 θνυηί
2309 1816 2632 1887 ίηοοφονθλ
2660 1833 2851 1874 eorum
2882 1835 3083 1891 εθηεη
3115 1836 3292 1891 ηθίίηθ
3329 1821 3565 1891 δβθθίθεν
3594 1822 3707 1877 imo

419 1908 485 1961 ὲν
518 1902 637 1982 ᾖτὸ
661 1910 938 1984 πλήρωμα
978 1915 1277 1987 συνέστηκε
1310 1916 1421 1970 τῶν
1466 1917 1828 1985 διαστάσεων,
1879 1920 2013 1975 ὑπο-

420 2000 683 2058 ὁάλλεται
706 2019 720 2034 ·
764 2006 1059 2076 σωματικά
1103 2007 1160 2061 δὲ
1186 2008 1409 2073 πάντως
1443 2010 1539 2065 καὶ
1571 2012 1700 2083 περὶ
1732 2011 1893 2082 σῶμα
1918 2011 2011 2065 λε-

418 2096 664 2165 γόμενα;
690 2097 850 2168 σῶμα
880 2100 990 2170 γάρ
1031 2101 1398 2172 έρμηνεύουσι
1438 2103 1532 2156 καὶ
1569 2103 2010 2173 ἀπαγγέλλουσιν

422 2186 794 2259 ὑποκείμενον
811 2206 825 2218 ·
845 2189 874 2242 ὁ
899 2192 1007 2262 γὰρ
1040 2192 1323 2263 ἄνθρωπος
1349 2195 1512 2264 τυχὸν
1536 2196 1850 2266 σωματικὸν
1881 2195 2005 2264 μὲν,

414 2278 502 2332 ὅτι
527 2278 620 2333 τὸν
653 2280 1004 2354 Σωκράτην-ἦ
1029 2282 1122 2338 τὸν
1145 2283 1407 2339 Πλάτωνα
1430 2286 1587 2357 σῶμα
1602 2287 1731 2341 ὄντα
1751 2286 2011 2357 ὀνομάζει

418 2358 517 2423 καὶ
546 2371 647 2441 τὴν
674 2373 857 2427 αὐτῶν
884 2374 1072 2428 οὐσίαν
1100 2376 1463 2432 ἀναπτύσσων
1486 2378 1597 2432 τῶν
1630 2379 1912 2450 ὁμογενῶν
1939 2381 2007 2451 τῇ

416 2462 615 2532 κλήσει
637 2464 971 2520 διαστέλλει·
994 2466 1134 2521 ἀλλά
1153 2467 1293 2532 πῶς,
1321 2470 1371 2521 εί
1388 2468 1716 2540 όάνθρωπος
1740 2471 1802 2523 ού
1826 2470 2007 2541 σῶμα,

414 2557 451 2609 ὁ
474 2556 530 2609 δὲ
559 2557 860 2629 Σωκράτης
880 2558 1190 2631 ἄνθρωπος,
1211 2561 1334 2632 οὐχὶ
1366 2562 1394 2615 ό
1441 2563 1740 2633 Σωκράτης
1772 2563 1833 2615 οὐ
1866 2579 2010 2631 συμ-

417 2650 828 2721 περανθήσεται
894 2651 969 2723 μὴ
1025 2652 1218 2725 σῶμα;
1253 2652 1426 2709 Τοῦτο
1455 2655 1565 2726 γάρ
1596 2656 1689 2709 καὶ
1716 2656 1768 2709 ετ
1791 2672 1845 2709 τι
1878 2654 2011 2709 ἀλλο

417 2742 807 2811 παραπλήσιον
826 2742 975 2797 δοκεῖ
989 2744 1098 2798 τῶν
1115 2745 1298 2817 ἀπορη
1306 2745 1492 2815 μάτων
1533 2742 1673 2802 εἶναι
1698 2747 1759 2801 τὸ
1813 2748 2009 2819 κράτι-

412 2847 568 2886 στον.
599 2832 741 2886 Ἀλλ’
761 2834 917 2888 οὐδὲν
938 2834 1175 2905 χαλεπὸν
1197 2836 1579 2892 ἐπιλύσασθαι·
1601 2838 1660 2891 ὲν
1679 2838 1882 2910 πρώτῳ
1902 2840 2011 2909 γάρ

412 2925 665 2995 σχήματι
692 2927 807 2990 τοῖς
838 2928 1092 2999 συνορᾷν,
1111 2928 1389 2985 ἐθέλουσιν
1425 2931 1459 3001 ή
1503 2930 1707 2997 μείζων
1742 2931 2009 3002 πρότασις

416 3016 625 3088 μερικὴ
654 3017 1178 3089 παραλαμϐάνεται·
1203 3020 1346 3074 οὕτω
1393 3021 1503 3091 γὰρ
1526 3021 1622 3076 καὶ
1650 3021 2005 3093 προαγομένη

406 3106 517 3176 τῆς
540 3108 801 3179 ἀληθείας
839 3110 941 3165 οὐκ
967 3110 1244 3176 ἐξίσταται
1269 3129 1285 3145 ·
1326 3114 1376 3168 εί
1421 3113 1479 3168 δέ
1510 3131 1597 3178 τις
1638 3113 1811 3184 αὐτὴν
1839 3116 1920 3178 είς
1944 3114 2005 3168 τὸ

409 3199 650 3255 καθόλου
675 3202 993 3273 μεταλάϐοι,
1034 3206 1433 3278 συμμετὴγαγε
1466 3207 1563 3261 καὶ
1603 3207 1705 3278 τῆς
1743 3207 2003 3278 ἀληθείας

410 3292 512 3344 ἐπὶ
562 3292 625 3346 τὸ
677 3292 897 3363 ψεῦδος.
945 3296 1157 3360 Ψευδος
1198 3298 1309 3371 γὰρ
1366 3300 1632 3369 ἀντικρὺς
1674 3302 1736 3355 τὸ
1776 3300 1959 3371 λέγειν
1985 3317 1998 3329 ·

412 3382 610 3447 Οὐδεὶς
634 3383 922 3456 ἄνθρωπος
946 3387 1129 3458 σῶμα,
1153 3387 1527 3460 ἀληθευούσης
1554 3390 1695 3444 κατὰ
1728 3389 1822 3444 τὸν
1848 3393 2005 3461 εἰρη-

414 3474 581 3545 μένον
610 3476 925 3548 ἒμπροσθεν
953 3478 1137 3549 λόγον,
1162 3480 1239 3543 ὡς
1267 3481 1297 3536 ὀ
1325 3480 1615 3551 ἄνθρωπος
1641 3480 1805 3553 σῶμα
1830 3498 1845 3513 ·
1877 3484 1927 3536 εἰ
1947 3482 2003 3535 δέ

407 3585 500 3629 τις
532 3568 633 3640 τὴν
680 3568 783 3639 μὲν
808 3570 1018 3641 πλοκὴν
1063 3570 1159 3625 τοῦ
1184 3570 1347 3641 λόγου
1373 3571 1585 3643 χαίρειν
1613 3573 1680 3643 ἐᾷ
1704 3573 1799 3627 καὶ
1826 3573 1888 3627 τὸ
1912 3572 2001 3627 δο-

409 3659 549 3715 κοῦν
602 3661 1078 3734 συμπεραίνεσθαι
1121 3663 1606 3735 πολυπραγμονεῖν
1652 3663 1752 3735 οὐχ
1783 3665 2003 3736 ἡγεῖται

408 3752 600 3821 σοφὸν,
635 3753 864 3809 αὐτόθεν
886 3754 945 3809 δὲ
972 3754 1122 3821 λέγοι
1151 3756 1411 3826 φορτικὸν
1442 3750 1687 3810 εἷναιτὸν
1717 3756 2004 3830 ἄνθρωπον

409 3846 557 3918 μήτε
580 3846 763 3915 λέγειν
785 3848 925 3919 μήτε
949 3848 1197 3919 νομίζειν
1215 3844 1357 3903 εἶναι
1393 3848 1573 3920 σῶμα,
1624 3851 1718 3903 καὶ
1746 3850 1877 3905 ἄνευ
1905 3850 2001 3904 τοῦ

404 3935 665 4001 δόξαντος
715 3938 793 4009 μὴ
849 3939 1317 4011 συμπεραίνεσθαι
1366 3938 1444 4003 ὡς
1499 3940 1529 3993 ό
1569 3940 1869 4011 Σωκράτης
1901 3942 2002 3995 οὑκ

407 4029 503 4099 εἵη
530 4028 691 4099 σῶμα
712 4030 826 4101 (21)
854 4047 868 4060 ⁸
898 4030 1017 4094 πῶς
1048 4030 1159 4102 γὰρ
1186 4030 1254 4085 ἂν
1287 4032 1323 4101 ἡ
1355 4030 1457 4101 τῆς
1495 4030 1688 4096 οὐσίας
1730 4032 2001 4103 διαίρεσις

406 4122 496 4184 είς
518 4119 680 4193 σῶμα
709 4123 806 4175 καὶ
833 4120 1126 4193 ἀσώματον
1152 4122 1221 4176 τά
1264 4121 1460 4192 πρώτα
1497 4121 1607 4174 τῶν
1641 4123 1733 4176 ὑπ’
1754 4122 2000 4194 ἀλλήλων

406 4212 836 4285 διαστελλομένη
889 4214 1217 4286 προαχθείη,
1268 4214 1429 4267 τοῦτο
1484 4214 1584 4283 μὲν
1626 4212 1856 4283 ὕστερον
1881 4216 2001 4268 έπι-

410 4304 762 4377 θεωρείσθω·
797 4306 827 4358 ό
858 4305 915 4359 δὲ
945 4306 1103 4374 λόγος
1133 4306 1232 4375 τῆς
1253 4303 1573 4368 ἀκολουθίας
1596 4303 1706 4357 τῶν
1740 4320 2001 4376 προειρη-

412 4396 595 4467 μένων
629 4396 704 4468 μὴ
738 4396 1080 4467 ἀφιστάσθω.
1118 4396 1229 4450 Καὶ
1249 4395 1359 4467 γὰρ
1384 4394 1445 4449 οὐ
1473 4396 1616 4449 κατά
1649 4397 1711 4448 τὸ
1751 4396 2000 4465 ἀποφαν-

2116 1922 2217 1963 nec
2246 1908 2301 1961 in
2337 1923 2629 1978 corporum
2674 1910 2992 1981 redigentur
3041 1913 3263 1981 molem,
3302 1930 3480 1984 neque
3531 1924 3706 1970 mate-

2115 1997 2278 2062 riam,
2302 1998 2360 2053 in
2393 2014 2502 2069 qua
2549 2000 2956 2058 dimensionum
2992 2003 3277 2073 plenitudo
3324 2006 3704 2069 constituitur,

2115 2088 2453 2146 substratam
2482 2091 2708 2159 habent,
2756 2092 2853 2149 sed
2904 2109 3137 2164 corpora
3178 2097 3405 2153 omnino
3453 2108 3509 2153 et
3555 2100 3704 2155 circa

2114 2195 2312 2251 corpus
2368 2181 2665 2239 dicentur?
2695 2182 2911 2255 Corpus
2955 2186 3099 2241 enim
3148 2188 3423 2257 explicant
3454 2198 3510 2244 et
3535 2193 3708 2246 eluci-

2113 2270 2602 2341 dantsubjectum:
2628 2274 2803 2341 homo,
2831 2290 2919 2331 ex.
2944 2292 3051 2347 gr.,
3081 2292 3409 2348 corporeum
3435 2291 3539 2345 est,
3571 2282 3704 2351 quia

2115 2361 2397 2418 Socratem
2419 2364 2505 2420 vel
2532 2364 2836 2433 Platonem,
2865 2369 2957 2438 qui
2997 2381 3201 2439 corpus
3238 2379 3342 2438 est,
3384 2370 3706 2428 denominat

2113 2462 2385 2509 eteorum
2441 2456 2806 2513 substantiam
2853 2460 3135 2529 explicans
3179 2461 3251 2516 ab
3297 2463 3422 2519 aliis
3455 2463 3700 2532 ejusdem

2112 2547 2329 2616 generis
2361 2546 2812 2605 denominatione
2848 2549 3171 2623 distinguit;
3208 2554 3305 2611 sed
3331 2556 3630 2625 quomodo,
3657 2557 3702 2611 si

2114 2637 2282 2695 homo
2312 2655 2423 2696 non
2469 2648 2556 2695 est
2601 2656 2823 2712 corpus,
2878 2640 3137 2701 Socrates
3182 2660 3311 2701 vero
3356 2646 3542 2713 homo,
3588 2662 3702 2701 non

2110 2730 2492 2797 concludetur,
2519 2730 2801 2789 Socratem
2832 2749 2945 2789 non
2972 2750 3093 2791 esse
3125 2738 3366 2806 corpus?
3394 2737 3509 2793 Hoc
3552 2738 3701 2793 enim

2111 2830 2167 2877 ct
2194 2822 2237 2879 si
2270 2824 2401 2893 quid
2430 2824 2573 2879 aliud
2617 2825 2814 2892 simile,
2851 2826 3097 2881 omnium
3148 2828 3531 2885 diﬂicultatum
3561 2830 3703 2885 vali-

2113 2914 2343 2971 dissima
2374 2929 2497 2971 esse
2516 2915 2751 2971 videtur.
2782 2915 2888 2972 Sed
2922 2917 3043 2987 ejus
3069 2919 3272 2975 solutio
3307 2935 3417 2976 non
3442 2930 3529 2976 est
3560 2920 3702 2976 ditii-

2112 3006 2252 3061 cilis.
2283 3004 2420 3061 Nam
2460 3005 2514 3061 in
2561 3007 2742 3077 prima
2772 3007 2970 3079 ﬁgura,
3016 3010 3061 3064 si
3096 3010 3390 3082 diligenter
3422 3013 3699 3078 advertas,

2112 3097 2416 3169 propositio
2450 3096 2626 3168 major
2671 3098 3023 3168 particularis
3069 3101 3371 3170 accipitur;
3418 3102 3522 3158 hoc
3551 3105 3701 3158 enim

2113 3189 2276 3243 modo
2301 3188 2568 3259 producta
2598 3203 2629 3242 a
2662 3188 2892 3244 veritate
2918 3205 3027 3244 non
3056 3192 3283 3246 recedit.
3321 3192 3380 3246 Si
3410 3207 3541 3248 vero
3565 3193 3696 3263 quis

2107 3297 2228 3336 eam
2257 3280 2311 3334 in
2341 3280 2705 3336 universalem
2735 3290 2931 3346 vertat,
2965 3281 3133 3337 simul
3164 3298 3285 3337 eam
3319 3282 3389 3338 de
3416 3298 3544 3339 vera
3574 3284 3701 3339 red-

2106 3372 2244 3428 didit
2286 3371 2502 3427 falsam.
2542 3370 2765 3427 Falsum
2802 3373 2948 3427 enim
2995 3383 3079 3428 est
3130 3374 3419 3433 manifeste
3464 3376 3691 3431 dicere:

2106 3460 2303 3517 Nullus
2331 3462 2496 3516 homo
2533 3469 2619 3517 est
2665 3475 2893 3531 corpus,
2927 3476 3053 3516 cum
3094 3477 3222 3517 vera
3254 3464 3326 3518 sit
3366 3464 3695 3535 prapositio,

2108 3552 2385 3607 hominem
2417 3567 2540 3608 esse
2570 3566 2790 3622 corpus,
2824 3552 3126 3607 secundum
3154 3569 3217 3608 ea
3249 3570 3371 3623 quae
3399 3566 3527 3611 ante
3549 3557 3696 3612 dicta

2106 3653 2253 3700 sunt.
2280 3643 2339 3699 Si
2371 3658 2503 3699 vero
2537 3643 2662 3714 quis
2701 3642 2895 3699 relicto
2920 3645 3181 3714 perplexo
3214 3648 3521 3717 argumenti
3549 3650 3697 3704 nodo

2106 3750 2215 3791 non
2242 3750 2364 3792 esse
2397 3750 2576 3806 operae
2605 3736 2841 3806 pretium
2877 3736 3179 3792 arbitratur
3206 3739 3485 3795 curiosius
3523 3739 3576 3796 id
3608 3742 3695 3795 in-

2106 3828 2396 3899 vestigare,
2443 3826 2591 3896 quod
2638 3826 2767 3881 inde
2810 3826 3027 3882 videtur
3073 3827 3353 3893 concludi,
3388 3831 3482 3885 sed
3525 3831 3693 3897 dicat,

2105 3936 2228 3976 esse
2260 3934 2357 3988 per
2384 3933 2446 3974 se
2474 3919 2741 3973 absonum
2773 3926 2869 3972 aut
2896 3916 3079 3974 dicere
3113 3929 3208 3974 aut
3252 3934 3477 3976 censere
3518 3921 3698 3977 homi—

2108 4026 2233 4066 nem
2284 4024 2395 4064 non
2440 4023 2565 4065 esse
2593 4022 2819 4078 corpus,
2860 4011 3023 4063 etiam
3084 4010 3300 4066 seclusa
3343 4010 3438 4066 illa
3469 4014 3696 4069 conclu-

2104 4102 2282 4167 sione,
2313 4116 2436 4170 quaa
2463 4100 2590 4156 inde
2610 4098 2874 4168 consequi
2900 4099 3137 4166 videtur,
3177 4102 3387 4158 scilicet
3408 4103 3694 4161 Socratem

2105 4208 2214 4249 non
2248 4193 2496 4248 futurum
2524 4206 2760 4263 corpus;
2788 4222 2862 4233 —
2893 4193 3174 4263 quomodo
3199 4195 3521 4251 substantia:
3550 4200 3696 4253 divi-

2104 4287 2188 4344 sio
2218 4286 2276 4342 in
2305 4300 2507 4357 corpus
2530 4292 2587 4339 et
2606 4285 3016 4355 incorporeum,
3044 4300 3169 4355 quae
3188 4287 3365 4357 prima
3390 4289 3494 4344 sub
3523 4291 3695 4346 alter—

2104 4399 2300 4439 norum
2328 4380 2638 4452 distinguit,
2668 4380 2893 4451 produci
2921 4381 3131 4452 queat?
3156 4413 3226 4424 —
3254 4382 3309 4438 id
3338 4394 3526 4453 postea
3557 4396 3712 4442 con-'

408 4487 565 4539 τικὺν
588 4488 747 4559 μόνον
773 4487 959 4557 σχῆμα
974 4486 1034 4540 τὸ
1055 4486 1347 4557 εἰρημένον
1364 4486 1456 4540 ἐπὶ
1475 4485 1583 4539 τῶν
1600 4484 1858 4540 τοιούτων
1874 4488 2003 4557 ὁρᾶ-

2113 4475 2462 4532 siderandum
2508 4482 2631 4537 est;
2676 4474 2932 4529 tractatio
2980 4489 3111 4531 vero
3146 4489 3178 4529 a
3206 4475 3348 4532 serie
3398 4484 3453 4532 et
3504 4493 3700 4535 conse-

408 4593 504 4630 ται
524 4580 1022 4650 κατηγορημάτων,
1044 4577 1183 4633 ἀλλά
1197 4576 1262 4648 δὴ
1279 4577 1374 4632 καὶ
1398 4576 1491 4630 ἐπὶ
1508 4575 1603 4631 τοῦ
1625 4576 2001 4647 καταφατικοῦ

408 4672 525 4733 τοῖς
553 4669 905 4741 βουλομένοις
939 4671 1272 4741 περαντικόν
1301 4686 1425 4725 τινα
1440 4669 1602 4738 λόγον
1633 4669 1734 4739 τὴν
1760 4668 1999 4740 ἀπορίαν

407 4758 752 4832 κρατύνοντα
781 4759 1064 4831 προάγειν.
1101 4758 1368 4827 Λέγοντες
1416 4758 1547 4829 γάρ,
1580 4757 1647 4811 Ὃ
1685 4756 1998 4826 ἅνθρωπος

406 4852 450 4921 ἣ
475 4854 541 4905 τὸ
569 4851 717 4914 ζῶον
744 4853 1088 4923 σωματικόν
1107 4867 1121 4882 ·
1162 4849 1299 4918 εἶτα,
1339 4852 1403 4905 '0
1426 4850 1493 4904 δὲ
1514 4849 1833 4919 Σωκράτης
1852 4849 2000 4911 ζῶον

403 4944 448 5011 ἢ
475 4942 808 5012 ἅνθρωπος,
838 4943 939 4997 οὐκ
963 4941 1031 4996 ἂν
1057 4941 1371 5012 σωματικὸν
1406 4939 1894 5009 ἀναγκασθείημεν
1918 4939 1997 4992 εί-

407 5036 535 5087 πεῑν
552 5034 758 5089 καὶτὸν
777 5034 1107 5109 Σωκράτηνς
1132 5033 1290 5087 Οὕτω
1309 5034 1419 5105 γὰρ
1444 5033 1566 5104 (22)³
1578 5032 1873 5101 συνάγεται
1897 5035 1998 5103 τῆς

410 5129 663 5199 μείζονος
707 5129 990 5185 κάνταῦθα
1043 5128 1312 5202 μενούσης
1364 5128 1841 5201 ἐπαληθευούσης·
1903 5128 1998 5181 ἐπὶ

414 5221 616 5292 μέρους
652 5221 762 5291 γάρ
792 5222 893 5294 τὴν
944 5220 1283 5292 προαγωγὴν
1313 5221 1348 5291 ἡ
1394 5220 1662 5291 πρότασις
1694 5218 1834 5290 ἔχει.
1862 5219 1927 5273 El
1950 5218 1996 5272 δ’

405 5314 489 5378 είς
522 5315 615 5368 τὸν
634 5313 868 5369 καθόλου
894 5312 1067 5369 τύπον
1098 5311 1383 5384 ἀναχθείη,
1422 5311 1623 5367 αὐτίκα
1652 5310 1997 5383 πεφωραμέ-

2107 4568 2332 4641 quentia
2394 4566 2778 4638 prmdictorum
2834 4580 2941 4619 non
3001 4567 3242 4622 recedat.
3305 4566 3523 4624 Etenim
3584 4586 3695 4626 non

2108 4662 2412 4719 secundum
2470 4663 2778 4735 negativam
2830 4662 3100 4720 duntaxat
3132 4662 3365 4735 ﬁguram
3427 4664 3483 4720 id
3548 4668 3697 4736 quod

2108 4753 2348 4810 diximus
2382 4754 2436 4809 in
2486 4753 2757 4821 ejusmodi
2792 4754 3131 4823 conspicitur
3170 4755 3693 4825 pradicationibus;

2107 4862 2300 4901 verum
2359 4854 2415 4902 et
2459 4845 2515 4901 in
2548 4845 2894 4911 allirmativa,
2923 4846 3092 4901 modo
3134 4847 3259 4917 quis
3306 4848 3440 4903 velit
3462 4849 3697 4905 solidam

2112 4938 2351 5008 aliquam
2435 4938 2735 5008 producere
2805 4937 3098 5001 rationem,
3162 4954 3270 5008 qua
3336 4940 3698 4996 confirmetur

2108 5030 2362 5099 quaestio.
2396 5027 2651 5083 Dicentes
2684 5028 2831 5083 enim
2867 5046 2883 5082 :
2919 5027 3094 5083 Homo
3146 5029 3227 5083 vel
3273 5030 3479 5084 animal
3513 5047 3700 5101 corpo-

2109 5138 2297 5187 reum;
2320 5121 2518 5177 deinde
2544 5140 2559 5176 :
2590 5120 2835 5175 Socrates
2863 5130 2939 5175 est
2973 5120 3177 5175 animo!
3200 5121 3278 5176 vel
3305 5122 3482 5188 homo,
3515 5138 3698 5178 nonne

2107 5227 2370 5281 cogemur
2420 5226 2750 5283 corporeum
2786 5210 2969 5266 dicere
3021 5212 3191 5266 etiam
3242 5210 3557 5267 Socratem?
3618 5211 3696 5268 lta

2107 5304 2253 5359 enim
2320 5304 2696 5369 concluditur,
2747 5301 2946 5373 majori
3000 5317 3219 5373 quoque
3294 5303 3383 5359 hic
3439 5312 3697 5359 manente

1954 5482 2188 5539 NOTIE.

646 5664 900 5746 Ῠῇιῆυὶςι
954 5673 1111 5746 deest
1160 5675 1241 5729 vel
1295 5674 1637 5746 aposiopesis
1703 5668 2017 5746 statuenda.
2058 5667 2201 5723 Sane
2232 5666 2564 5746 anacolutho
2597 5662 2934 5721 constructio
2962 5659 3179 5717 similis.

496 5736 611 5808 (ἳὲ)
654 5736 923 5807 Οὐδξγάρ
969 5744 1133 5797 habet
1192 5736 1396 5817 Apogr.
1435 5736 1596 5811 véu.,
1657 5746 1802 5815 quod
1850 5739 2013 5797 Catil.
2054 5741 2312 5797 correxit.

784 5856 1057 5919 PATROL.
1093 5859 1209 5923 Gu.
1247 5864 1344 5925 Cl.

3308 5843 3378 5905 16
