4158 6430
573 263 687 331 483

1749 276 2008 341 ΡΠΟΤΠ
2042 280 2320 345 ΡΑΤΒΙΛ
2329 282 2551 346 RCH/E
2592 286 2703 350 ΕΡ.

3788 296 3887 362 481

576 398 743 450 vera;
789 383 1199 456 particulariter
1234 387 1385 444 enim
1429 404 1495 446 ea
1535 394 1840 463 propositio
1896 399 2151 467 procedit,

2270 418 2359 455 vov
2382 402 2443 455 τὸ
2468 402 2665 472 ψεῦδος
2705 400 3026 475 παρέχεται.
3071 403 3197 470 Πῶς
3220 405 3335 477 γὰρ
3350 408 3422 462 ἀν
3508 408 3705 476 λέγειν
3725 424 3737 439 ·
3759 412 3882 477 Πᾶς

573 475 732 540 Quod
764 476 809 530 si
841 476 894 529 in
922 478 1285 536 universalem
1310 480 1652 552 eﬂ‘ormetur,
1688 486 1833 541 illico
1859 488 2167 559 deprehen-

573 567 724 622 ditur
754 568 911 624 falsa.
939 570 1227 637 Quomodo
1256 574 1402 629 enim
1422 575 1529 631 dici
1550 589 1754 649 queat:
1799 580 1983 638 Omnis
2010 583 2167 639 homo

571 661 652 715 vel
677 678 829 717 omne
861 664 1064 718 animal
1080 680 1298 735 corpus,
1354 667 1402 724 si
1436 672 1738 741 propositio
1769 673 1874 730 ista
1908 694 1920 731 :
1960 674 2165 733 Nullus

570 754 725 808 homo
782 765 832 809 et
882 756 1089 810 nullum
1128 760 1337 814 animal
1368 772 1447 817 est
1500 780 1693 833 corpus
1751 766 1824 823 sit
1871 768 2167 827 manifeste

574 848 838 903 vera?Ad
873 849 989 904 haec
1020 869 1034 905 :
1065 848 1352 918 Quomodo
1377 870 1487 910 non
1526 867 1686 912 erunt
1717 874 2010 930 corporea,
2039 879 2166 935 qua

569 937 878 1009 subjectum
925 956 1091 997 suum
1142 960 1343 1016 corpus
1378 962 1501 1002 esse
1540 948 1823 1006 indicant?
1875 952 2164 1019 Quomodo

567 1044 701 1084 vero
726 1045 759 1085 a
791 1034 1040 1101 corporis
1081 1036 1447 1106 appellatione
1478 1046 1533 1095 et
1558 1041 1955 1101 constitutione
1981 1061 2164 1103 remo-

568 1124 878 1179 vebuntur?
910 1124 1045 1181 Nam
1087 1129 1156 1183 ab
1180 1130 1503 1202 incorporea
1546 1134 1769 1204 quidem
1803 1146 2002 1193 natura
2034 1150 2165 1196 sunt

567 1215 783 1282 dissita,
816 1231 845 1271 a
879 1221 1165 1289 corporeis
1190 1237 1317 1278 vero
1382 1226 1812 1296 proprietatibus
1860 1233 2159 1301 recedunt;

566 1306 699 1361 etin
740 1323 1037 1377 quamuam
1066 1312 1397 1370 reducentur
1424 1333 1606 1372 rerum
1639 1318 1892 1387 classem,
1924 1322 1971 1379 si
1995 1324 2160 1380 etiam

566 1414 597 1455 a
625 1402 951 1472 corporibus
980 1420 1043 1460 ea
1077 1406 1203 1476 quis
1230 1408 1523 1464 eliminet?
1558 1410 1615 1467 Si
1643 1414 1769 1483 quis
1804 1424 1986 1470 autem
2029 1417 2163 1473 velit

565 1492 671 1547 alia
701 1510 920 1565 quoque
955 1498 1041 1553 via
1089 1498 1180 1553 hic
1212 1500 1589 1565 considerare.
1623 1520 1731 1559 non
1776 1506 1964 1563 minus
1997 1524 2159 1579 repe-

564 1583 668 1639 riet
691 1584 903 1642 facilem
930 1588 1315 1646 difﬁcultatum
1339 1594 1691 1652 solutionem.
1729 1597 1865 1655 Nam
1899 1600 2160 1660 Socrates

562 1677 783 1746 quidem
829 1680 995 1737 homo
1039 1682 1124 1737 vel
1171 1685 1378 1740 animal
1426 1703 1523 1758 per
1553 1704 1647 1757 se,
1691 1690 1857 1747 homo
1902 1710 2032 1750 vero
2070 1696 2157 1751 vel

2269 495 2583 564 ἅνθρωπος
2609 498 2649 566 ἢ
2697 496 2823 555 πᾶν
2870 496 3017 559 ζῶον
3064 501 3431 569 σωματικὸν,
3478 503 3615 573 τῆς,
3672 506 3883 574 Οὐδεὶς

2268 589 2580 658 ἄνθρωπος
2611 590 2712 644 καὶ
2744 590 2930 646 οὐδὲν
2967 590 3115 652 ζῶον
3154 594 3535 662 σωματικὸν,
3570 596 3879 669 διαρρήδην

2267 682 2743 756 ἐπαληθευούσηςς
2807 684 2931 738 Ἔτι
2974 683 3033 737 δὲ
3092 684 3210 749 πῶς
3245 687 3345 739 ούκ
3379 685 3452 740 ἂν
3491 692 3819 759 σωματικὰ,
3844 691 3880 746 ἆ

2269 774 2429 847 σῶμα
2450 774 2513 829 τὸ
2535 776 2900 846 ὑποκείμενον
2928 776 3270 843 ἐκδιδάσκει;
3303 777 3422 842 πῶς
3459 778 3509 831 δ’
3539 779 3613 833 ἂν
3643 782 3745 850 τῆς
3774 798 3880 834 σω-

2270 869 2508 941 ματικῆς
2567 868 2961 940 ἀλλοτριωθείη
3008 868 3259 940 κλήσεώς
3290 886 3350 922 τε
3376 868 3484 922 καὶ
3518 871 3875 938 συστάσεως;

2265 962 2379 1032 Τῆς
2438 961 2536 1031 μὲν
2597 961 2708 1031 γὰρ
2739 961 3036 1031 ἀσωμάτου
3064 961 3315 1032 διέστηκε
3360 961 3626 1032 φύσεως,
3660 964 3774 1018 τῶν
3823 966 3878 1018 δέ

2268 1052 2603 1121 σωματικῶν
2650 1053 2961 1123 ἰδιωμάτων
3014 1053 3416 1127 ἀνακεχωρηκε
3446 1072 3462 1087 ο
3509 1057 3613 1109 καὶ
3647 1056 3771 1110 τίνα
3815 1058 3878 1112 ἂν

2266 1144 2491 1198 ὑπέλθοι
2527 1146 2637 1197 τῶν
2682 1146 2852 1199 ὄντων
2908 1146 3132 1216 κλῆρον,
3156 1148 3206 1200 εί
3244 1146 3492 1202 καὶτῶν
3540 1150 3876 1219 σωματικῶν

2262 1253 2347 1300 τις
2378 1236 2542 1308 ὁρίων
2575 1236 2709 1290 αὐτὸ
2728 1238 3150 1309 ύπερορίσειεν;
3184 1239 3251 1294 El
3274 1239 3333 1295 δέ
3366 1240 3435 1309 γέ
3460 1258 3552 1304 τις
3576 1240 3761 1293 ἐθέλοι
3784 1240 3873 1293 καὶ

2263 1329 2439 1393 ἄλλως
2471 1332 2813 1395 ἐπισκοπεῖν,
2848 1331 2951 1383 ούκ
2983 1330 3209 1385 έλαττον
3230 1332 3463 1404 εὑρήσει
3488 1331 3605 1385 τῶν
3640 1334 3873 1401 ἀπορου-

2265 1422 2447 1493 μένων
2474 1420 2538 1475 τδ
2566 1420 2909 1475 εὐδιάλυτον.
2935 1422 3044 1476 Καὶ
3083 1424 3194 1494 γὰρ
3223 1426 3251 1478 ὁ
3278 1423 3378 1493 μὲν
3438 1424 3761 1495 Σωκράτης
3791 1424 3872 1479 ἀν·

2263 1512 2482 1581 θρωπος
2510 1510 2543 1581 ἦ
2572 1509 2712 1575 ζῶον
2736 1509 2860 1563 καθ’
2912 1510 3077 1565 αὑτό·
3108 1513 3137 1565 δ
3165 1512 3222 1565 δὲ
3248 1512 3551 1583 ἄνθρωπος
3589 1514 3624 1585 ἢ
3649 1512 3711 1566 τὸ
3740 1513 3869 1576 ζῶον

2264 1602 2580 1672 σωματικὸν
2615 1602 2675 1654 οὐ
2721 1600 2846 1655 καθ’
2876 1602 3007 1655 αὐτὸ
3053 1602 3166 1656 οὐδ’
3210 1602 3445 1668 ἀνωθεν,
3507 1604 3639 1657 οὐδὲ
3676 1603 3865 1673 φύσει·

2261 1694 2376 1748 ἀλλ’
2426 1694 2503 1757 ὼς
2545 1691 2935 1761 ἐξαγγελτικὸν
2978 1693 3076 1748 καὶ
3129 1693 3435 1764 δηλωτικὸν
3489 1696 3864 1765 ὑποκειμένου

562 1770 768 1826 animal
788 1782 873 1828 est
902 1788 1229 1845 corporeum
1275 1791 1385 1832 non
1420 1794 1516 1849 per
1546 1796 1639 1849 se;
1674 1798 1775 1839 nec
1801 1800 1831 1839 a
1858 1801 1961 1842 suo
2001 1788 2151 1858 prin-

2262 1787 2515 1857 σώματος
2544 1789 2639 1842 καὶ
2666 1789 2765 1858 τὴν
2801 1786 2940 1859 πρὸς
2962 1786 3095 1841 αὐτὸ
3116 1803 3185 1839 πε
3194 1786 3644 1857 ριπτυσσὸμενον
3666 1786 3863 1857 σχέσιν.

561 1863 725 1934 cipio,
758 1880 858 1921 nec
892 1875 1112 1933 natura,
1161 1868 1257 1924 sed
1296 1879 1486 1941 utpote
1518 1876 1921 1933 enuntiativum
1957 1888 2013 1934 et
2054 1879 2153 1935 de-

561 1954 883 2011 clarativum
935 1957 1168 2027 subjecti
1208 1963 1485 2032 corporei,
1538 1973 1596 2019 et
1648 1965 2030 2025 habitudinem
2081 1971 2153 2027 ad

562 2043 694 2100 illud
722 2046 1027 2116 explicans.
1061 2047 1183 2107 Non
1219 2061 1305 2107 est
1354 2054 1522 2124 igitur
1563 2056 1807 2114 validum
1858 2076 2153 2131 argumen-

560 2146 702 2203 tum,
748 2140 895 2209 quod
932 2138 1213 2198 Socratem
1248 2158 1574 2216 corporeum
1610 2151 1791 2207 vocari
1843 2153 2031 2225 exigit.
2071 2156 2151 2212 Ex

559 2231 1032 2301 propositionibus
1061 2235 1206 2290 enim
1234 2236 1437 2295 diversi
1468 2243 1685 2311 generis
1708 2256 1763 2300 et
1787 2246 2151 2306 dissimilibus

558 2322 892 2395 contexitur,
925 2335 1115 2397 utpote
1154 2331 1303 2400 quod
1350 2348 1451 2389 nec
1495 2334 1602 2391 dua
1653 2350 1864 2409 queunt
1902 2341 2148 2412 ejusdem

557 2417 869 2486 argumenti
907 2416 1015 2474 dici
1047 2428 1264 2491 partes;
1292 2424 1387 2480 sed
1419 2440 1529 2482 una
1576 2426 1810 2485 forsitan
1856 2434 2044 2501 unius,
2071 2435 2153 2490 al-

559 2516 673 2562 tera
705 2508 960 2579 alterius,
992 2527 1116 2583 quae
1149 2518 1355 2586 pariter
1377 2519 1456 2575 nil
1486 2520 1689 2579 habent
1732 2523 1874 2580 inter
1905 2541 1967 2582 se
1994 2542 2153 2583 com-

558 2614 745 2657 mune.
798 2600 931 2661 Jure
985 2606 1154 2677 igitur
1204 2625 1271 2665 ex
1313 2612 1585 2683 ejusmodi
1644 2619 1937 2689 peregrina
1995 2636 2151 2678 com-

557 2692 812 2762 plexione
844 2707 899 2753 et
927 2698 1255 2759 confusione
1284 2705 1423 2762 nihil
1451 2709 1713 2765 concludi
1741 2714 1968 2782 poterit.

626 2808 682 2865 ιι.
716 2809 916 2867 Verum
941 2824 996 2869 et
1022 2814 1153 2871 illud
1188 2833 1405 2875 mecum
1440 2822 1757 2891 considera,
1799 2827 1949 2897 quod
1971 2828 2154 2886 adhuc

558 2903 817 2961 subtilius
842 2916 926 2963 est
973 2923 1139 2979 quam
1184 2914 1551 2983 propositum.
1616 2918 1675 2973 Si
1710 2919 1859 2975 enim
1900 2920 2152 2980 Socrates

555 3010 621 3051 eo
652 2997 796 3067 quod
834 3000 1085 3069 proxime
1113 3003 1445 3071 praedicatur
1493 3016 1550 3063 et
1588 3011 1809 3083 proprie
1842 3014 2151 3085 subjectum

557 3088 831 3154 enuntiat,
864 3104 974 3145 non
1006 3095 1327 3150 necessario
1351 3112 1476 3167 qum
1500 3114 1601 3155 sua
1620 3112 1747 3157 sunt
1775 3108 2153 3165 communicat

2258 1880 2475 1936 Οὐκοῦν
2516 1881 2618 1935 οὐκ
2673 1880 2789 1934 ἐστι
2843 1880 3026 1948 λόγος,
3059 1879 3119 1944 ὃς
3154 1879 3251 1933 τὸν
3286 1880 3606 1952 Σωκράτην
3648 1883 3863 1936 ἀπαιτεῖ

2260 1971 2573 2043 σωματικὸν
2596 1970 2884 2025 καλεῖσθαι
2903 1985 2917 1999 °
2950 1970 3018 2025 ἐκ
3047 1974 3367 2041 προτάσεων
3387 1972 3504 2043 γὰρ
3533 1971 3864 2045 ἑτερογενῶν

2260 2062 2357 2116 καὶ
2401 2061 2673 2133 ἀνομοίων
2700 2062 3076 2127 διαπλέκεται,
3111 2060 3188 2127 ὡς
3230 2062 3364 2134 μηδὲ
3398 2062 3503 2117 δύο
3533 2064 3849 2133 δυναμένων

2257 2154 2353 2208 τοῦ
2385 2153 2549 2207 αύτοῦ
2570 2154 2730 2223 λόγου
2750 2154 2893 2225 μέρη
2907 2152 3185 2224 λέγεσθαι,
3208 2154 3347 2209 ἀλλά
3363 2154 3471 2226 τὴν
3492 2154 3629 2219 ἴσως
3657 2153 3862 2224 ἐτέρου,

2261 2247 2493 2320 θατέρου
2518 2247 2578 2300 δὲ
2599 2246 2700 2319 τὴν
2725 2247 2947 2317 ἑτέραν,
2981 2248 3076 2300 κα)⁸
3108 2247 3312 2301 τούτων
3334 2248 3480 2319 πρὸς
3510 2246 3778 2317 ἀλλήλους
3803 2244 3859 2299 τὸ

2258 2340 2624 2411 ἀκοινώνητον
2672 2339 3186 2405 συνδιασωζόντωνσ
3249 2340 3486 2405 εἰκότως
3537 2335 3638 2395 οὖν
3668 2340 3733 2392 ἐκ
3765 2337 3859 2407 τῆς

2258 2434 2518 2507 τοιαύτης
2548 2434 2851 2506 ἀλλοφύλου
2882 2434 3095 2508 πλοκῆς
3126 2435 3224 2492 καὶ
3252 2436 3585 2508 συγχύσεως
3611 2434 3764 2489 οὐδὲν
3793 2432 3856 2487 ἄν

2258 2529 2699 2603 συμπερανθείη.

2336 2816 2401 2871 δ’.
2440 2815 2606 2871 Ἀλλά
2648 2816 2759 2892 γὰρ
2792 2818 3019 2873 κάκεῖνό
3063 2836 3154 2891 μοι
3204 2817 3408 2889 συνόρα
3444 2816 3775 2891 δριμύτερον
3798 2812 3855 2867 ὃν

2259 2907 2355 2961 τοῦ
2380 2910 2745 2981 προκειμένου
2766 2928 2781 2942 ο
2810 2912 2861 2964 εί
2891 2911 3002 2981 γὰρ
3032 2913 3066 2965 ό
3090 2908 3417 2981 Σωκράτης
3462 2910 3563 2963 καὶ
3595 2909 3659 2963 τδ
3698 2921 3856 2979 προσ⁴

2261 3000 2401 3071 εχῶς
2425 3001 2903 3074 κατηγορούμενον
2928 3004 3025 3057 καὶ
3050 3003 3257 3075 κυρίως
3276 3001 3711 3073 ἀπαγγέλλονῖτὺ
3732 3004 3855 3053 ὐπο-

2258 3092 2517 3163 κείμενον
2547 3094 2651 3147 ούκ
2679 3094 2755 3149 ἀν
2778 3094 3110 3167 ἀπαιτηθείη
3138 3095 3208 3149 τά
3233 3094 3398 3149 αὐτοῦ
3430 3093 3763 3166 μεταδοῦναι
3784 3089 3855 3162 τῷ

557 3180 635 3237 rei
669 3180 1013 3254 signiﬁcatae,
1046 3200 1171 3242 cum
1228 3197 1408 3245 tamen
1450 3201 1505 3248 et
1558 3194 1736 3266 major
1781 3197 1885 3254 hoc
1925 3199 2067 3267 loco,
2104 3201 2151 3257 si

2257 3185 2603 3259 δηλουμένην
2639 3186 2819 3241 καίτοι
2851 3188 2952 3243 καὶ
2980 3188 3082 3258 τῆς
3129 3187 3377 3258 μείζονος
3420 3188 3687 3251 ἐνταῦθα,
3733 3183 3855 3238 σιὼ

553 3274 678 3346 quis
710 3276 839 3333 velit
868 3279 1245 3351 syllogismum
1272 3298 1625 3357 componere,
1678 3293 1854 3361 possit
1878 3296 2153 3365 quodam-

552 3369 721 3427 modo
779 3372 850 3429 ad
888 3375 1255 3434 universalem
1309 3379 1539 3452 ﬁguram
1595 3385 1912 3453 procedere.
1968 3386 2156 3458 Neque

552 3465 700 3521 enim
731 3482 870 3533 rem,
903 3486 1068 3539 quam
1119 3487 1227 3528 vox
1276 3472 1527 3531 Socrates
1554 3478 1811 3534 enuntiat
1844 3518 1863 3544 ,
1893 3481 2153 3535 enuntia-

555 3561 721 3615 tivam
760 3562 845 3617 vel
892 3565 1316 3635 signiticativam
1344 3568 1577 3639 subjecti
1642 3571 1922 3643 quispiam
1991 3587 2147 3628 sanae

552 3652 757 3709 mentis
789 3654 1013 3721 dixerit;
1053 3657 1099 3712 si
1159 3672 1291 3712 vero
1332 3658 1456 3725 hoc,
1525 3662 1803 3731 quomodo
1831 3678 1941 3718 non
1975 3663 2152 3721 multo

552 3745 730 3816 magis
769 3760 837 3801 ea
866 3760 989 3817 quae
1016 3763 1047 3803 e
1088 3749 1343 3807 mediatis
1372 3750 1618 3808 Socratis
1656 3754 1971 3824 prtedieatis
2020 3770 2155 3811 con-

552 3844 861 3905 sequuntur
888 3836 1069 3894 omnis
1115 3838 1261 3894 ratio
1300 3841 1506 3898 vetabit
1544 3843 1710 3899 etiam
1744 3844 1812 3901 ad
1863 3842 2151 3902 Socratem

550 3940 649 3996 per
688 3942 747 3983 se
769 3928 912 3984 trahi
947 3928 1109 4000 eique
1137 3930 1414 3987 attribui?

622 4146 676 4205 5.
706 4148 911 4209 Divisio
972 4168 1124 4221 vero,
1177 4169 1302 4226 qua:
1334 4154 1701 4213 substantiam
1742 4157 1798 4211 in
1849 4170 2057 4228 corpus
2098 4165 2155 4214 et

554 4239 941 4312 incorporeum
973 4246 1228 4314 partitur,
1258 4255 1385 4318 apta
1406 4247 1805 4304 eritsolvendre
1835 4248 2152 4329 quaestioni,

552 4332 597 4389 si
629 4332 755 4403 quis
807 4337 1162 4405 respondeat,
1216 4337 1542 4393 divisionem
1576 4338 1727 4394 illam
1782 4349 2033 4410 spectare
2082 4341 2154 4397 ad

544 4436 793 4483 extrema
859 4438 916 4485 et
996 4430 1187 4485 ultima
1259 4430 1637 4501 subjectorum
1692 4440 1748 4486 et
1822 4430 1929 4488 hoc
1992 4441 2154 4504 pacto

2255 3279 2569 3349 λογιστικὸν
2593 3279 2648 3333 εί
2671 3297 2757 3344 τις
2787 3279 2963 3334 ἐθέλει
2996 3280 3294 3345 συνθεῖναι,
3325 3279 3647 3351 δυναμένης
3673 3278 3853 3347 ἀμωσ-

2255 3372 2443 3444 γέπως
2470 3374 2552 3437 είς
2583 3372 2646 3426 τὸ
2679 3371 2972 3427 καθολικὸν
2998 3371 3190 3445 σχῆμα
3214 3372 3527 3443 προελθεῖν.
3552 3373 3630 3427 Ού
3666 3370 3771 3441 γὰρ
3795 3367 3851 3420 τὺ

2256 3466 2515 3537 πρᾶγμα,
2542 3465 2679 3536 ὅπερ
2722 3465 2757 3535 ή
2790 3464 3114 3534 Σωκράτου
3141 3463 3331 3535 ἐδήλου
3361 3466 3545 3537 φωνὴ,
3581 3460 3849 3532 ἀπαγγελ-

2254 3557 2407 3612 τικδν
2430 3558 2463 3629 ἢ
2494 3556 2793 3629 δηλωτικὸν
2836 3557 2955 3628 ἐρεῖ
2981 3575 3067 3621 τις
3095 3556 3190 3611 τοῦ
3218 3558 3616 3630 ὑποκειμένου,
3657 3557 3851 3626 οὐμεν-

2256 3650 2353 3705 οὖν
2382 3651 2483 3704 ούκ
2505 3650 2645 3721 έχων
2675 3652 2755 3714 είς
2784 3649 2992 3722 βλάϐην
3019 3652 3365 3723 ἀπορρέοντα
3386 3652 3482 3706 τὸν
3504 3650 3779 3721 λογισμόν*
3803 3646 3849 3699 εί

2253 3741 2312 3796 δὲ
2332 3740 2514 3808 τοῦτο,
2546 3740 2666 3805 πῶς
2689 3742 2811 3812 ούχὶ
2837 3740 3021 3813 πολλῴ
3065 3742 3268 3813 μᾶλλον
3296 3742 3405 3798 τῶν
3429 3744 3524 3798 διά
3558 3744 3725 3815 μέσου
3756 3734 3848 3792 τοῦ

2256 3834 2583 3906 Σωκράτους
2625 3833 3121 3905 κατηγορουμένων
3145 3833 3292 3897 ἅπας
3333 3835 3669 3907 ἐκστήσεται
3700 3831 3847 3896 λόγος

2254 3924 2327 3979 τά
2346 3926 2589 4004 ἑπόμενα
2612 3924 2690 3999 μὴ
2717 3925 2839 4004 καθ’
2856 3926 3004 4004 ,αὐτὸ
3030 3927 3127 3981 καὶ
3152 3926 3255 3981 ἐπὶ¹
3279 3925 3374 3980 τοῦ
3403 3927 3735 3999 Σωκράτους
3761 3922 3844 3976 ἐλ-

2255 4035 2375 4072 κειν
2406 4000 2465 4072 τὲ
2496 4020 2592 4073 καὶ
2623 4000 3038 4090 μεθαρμόζεινς

2326 4153 2389 4209 ε’.
2427 4154 2495 4209 Ἦ
2522 4154 2579 4209 δὲ
2598 4154 2939 4230 διαίρεσις,ή
2970 4156 3071 4229 τὴν
3090 4157 3284 4214 οὐσίαν
3306 4159 3387 4225 είς
3418 4160 3580 4233 σῶμα
3612 4153 3843 4213 διαστέλ-

2254 4245 2426 4301 λουσα
2466 4246 2562 4300 καὶ
2599 4245 2915 4318 ἀσώματον,
2950 4248 3053 4302 ούκ
3094 4248 3165 4304 ἂν
3203 4250 3433 4322 ἐκσταίη
3461 4248 3699 4319 θεωρίας
3726 4247 3844 4299 ἐπι·

2254 4337 2524 4410 λυομένης
2568 4337 2634 4392 τὸ
2678 4337 2921 4410 ζήτημα,
2952 4340 3005 4393 εί
3025 4357 3111 4405 τις
3142 4340 3377 4413 ἀποδοίη
3412 4340 3594 4411 λόγον,
3625 4337 3757 4411 πρδς
3778 4332 3843 4388 τά

2255 4429 2460 4500 ἔσχατα
2502 4430 2599 4485 καὶ
2645 4431 2931 4485 τελευταία
2984 4431 3095 4487 τῶν
3136 4433 3518 4504 ὑποκειμένων
3562 4427 3841 4500 ἀφορῶσαν

542 4520 872 4578 divisionem
903 4538 969 4579 ac
993 4524 1293 4580 sectionem
1329 4523 1573 4594 operari.
1610 4522 1765 4579 Licet
1796 4525 1947 4580 enim
1972 4525 2140 4581 etiam

2257 4522 2402 4577 οὕτω
2428 4523 2527 4592 τὴν
2552 4523 2728 4595 τομὴν
2756 4523 3118 4595 ἐργάσασθαι.
3144 4525 3209 4578 Et
3250 4524 3360 4597 γὰρ
3392 4525 3490 4578 καὶ
3523 4521 3728 4578 ἀνωθεν
3756 4515 3838 4567 δο-

544 4614 712 4671 altius
754 4616 1010 4688 progredi
1065 4617 1320 4674 videatur
1351 4618 1576 4685 divisio,
1611 4626 1851 4674 attamen
1906 4635 2005 4691 per
2036 4634 2138 4675 cu-

2255 4617 2336 4668 κετ
2388 4615 2640 4688 προϊέναι
2684 4594 2751 4671 τὸ
2796 4616 2899 4687 τῆς
2950 4616 3298 4687 διαιρέσεως,
3331 4594 3461 4671 ἀλλ’
3488 4611 3586 4671 οὖν
3624 4611 3710 4667 διὰ
3739 4607 3832 4676 τῆς

548 4706 755 4761 riosam
807 4723 993 4763 rerum
1030 4709 1359 4765 inferiorum
1402 4709 1884 4777 investigationem
1930 4711 2075 4766 ratio
2106 4726 2137 4767 ο

543 4800 800 4857 sensibus
830 4805 897 4855 ad
926 4801 1288 4872 judicandum
1321 4801 1509 4872 adjuta
1542 4811 1711 4872 atque
1740 4802 1870 4858 inde
1893 4803 1964 4858 ab
1984 4804 2139 4859 omni

541 4908 731 4950 errore
758 4895 907 4950 circa
936 4894 1237 4966 singularia
1267 4910 1328 4951 se
1355 4895 1626 4962 eximeus,
1659 4896 1852 4965 sicque
1902 4895 1973 4951 ad
2005 4910 2141 4951 con-

544 4985 952 5055 templationem
1011 4986 1415 5059 generaliorem
1472 4985 1800 5052 ascendens,
1868 4996 2136 5058 tanquam

543 5093 573 5132 a
605 5079 827 5149 specula
858 5078 1095 5150 quadam
1152 5079 1462 5135 consultius
1509 5078 1823 5149 meliusque
1870 5077 2137 5135 inferiora

540 5170 825 5241 perspicit,
858 5179 914 5225 et
958 5170 1247 5227 divisivam
1286 5168 1501 5241 profert
1555 5169 1897 5237 metlrodum,
1948 5184 2141 5225 recen-

543 5263 740 5317 tiorem
790 5271 971 5318 tamen
1022 5263 1483 5334 etposteriorem
1524 5261 1787 5333 praedicta
1840 5262 1960 5330 illa,
1996 5261 2142 5318 sicut

539 5371 685 5423 eam,
717 5372 883 5427 quam
909 5357 1101 5412 voluut
1122 5356 1450 5428 aualyticam
1486 5356 1793 5411 nominare.
1828 5355 2031 5412 Verum
2063 5353 2134 5411 ad

542 5449 647 5504 hoc
698 5457 753 5504 et
785 5449 907 5503 alia:
954 5450 1200 5506 rationes
1261 5447 1510 5504 adhiberi
1566 5454 1821 5518 possunt,
1868 5448 2135 5519 quoniam

540 5543 833 5615 plerosque
861 5543 928 5599 ad
953 5542 1213 5598 sublimia
1242 5557 1356 5597 rem
1394 5542 1560 5597 istam
1600 5550 1655 5595 et
1684 5540 2124 5611 philosophicam

541 5650 834 5691 causarum
880 5638 1261 5692 tractationem
1324 5636 1703 5691 connictantes
1749 5642 1834 5689 est
1882 5647 2130 5690 cernere.

539 5728 708 5786 Multa
744 5729 914 5798 enim,
940 5744 1064 5802 quae
1090 5728 1359 5786 rationem
1387 5728 1589 5786 habent
1629 5723 1984 5799 profundam,
2018 5740 2128 5781 non

2244 4706 2491 4761 κάτωθεν
2521 4708 3063 4779 πολυπραγμοσύνης
3091 4708 3189 4772 τάς
3217 4723 3279 4761 τε
3314 4709 3601 4779 αἰσθήσεις
3626 4694 3831 4756 ἐπικού-

2245 4818 2372 4873 ρους
2406 4801 2588 4873 φέρων
2618 4801 2718 4870 τῆς
2756 4800 2994 4873 κρίσεως
3032 4804 3061 4856 ὁ
3091 4801 3353 4874 λογισμὸς
3382 4802 3481 4857 καὶ
3522 4799 3584 4853 τὸ
3609 4793 3733 4866 περὶ
3770 4785 3835 4841 τὰ

2244 4892 2566 4948 καθέκαστα
2608 4892 2851 4957 ἀπλανὲς
2884 4892 3100 4949 ἐκεῖθεν
3135 4893 3631 4967 ωναθροισάμενος
3660 4877 3828 4949 ἐαυτῷ

2244 4985 2340 5041 καὶ
2371 4984 2547 5051 οὕτως
2590 4986 2686 5040 ἐπὶ
2731 4986 2833 5058 τὴν
2881 4984 3199 5057 κοινοτέραν
3245 4985 3483 5058 θεωρίαν
3516 4969 3832 5049 ἀναδραμὼν

2235 5080 2432 5151 ὥσπερ
2456 5078 2567 5134 ἀπό
2592 5095 2744 5144 τινος
2769 5079 3063 5151 περιωπῆς
3094 5078 3496 5151 ἐμπειρότερον
3531 5092 3592 5130 τε
3624 5071 3715 5126 καὶ
3743 5081 3827 5118 σο-

2239 5169 2487 5242 φώτερον
2528 5171 2596 5225 τὰ
2628 5171 2930 5241 κατωτέρω
2958 5186 3019 5224 τε
3046 5170 3201 5243 διορᾷ
3248 5171 3344 5226 καὶ
3367 5170 3467 5243 τὴν
3505 5155 3828 5237 διαιρετικὴν

2239 5264 2626 5337 προηνέγκατο
2670 5265 2918 5336 μέθοδον,
2968 5265 3447 5336 μεταγενεστέραν
3476 5263 3574 5335 μέν
3598 5248 3826 5327 δηλονότι

2238 5356 2342 5427 τῆς
2366 5357 2776 5429 προειρημένης
2822 5356 3013 5421 οὖσαν,
3044 5357 3238 5430 ὥσπερ
3271 5357 3499 5426 ταύτην,
3538 5354 3604 5425 ἢν
3624 5343 3825 5430 ἐθέλους

2245 5423 2331 5502 σιν
2362 5423 2698 5520 ἀναλυτικὴν
2725 5423 3041 5518 δνομάζειν.
3077 5423 3242 5503 Ἀλλά
3273 5448 3414 5521 πρὸς
3433 5423 3592 5501 τοῦτο
3624 5423 3817 5521 utvle

2244 5541 2454 5611 ἑτέροις
2486 5540 2553 5595 ἄν
2580 5514 2665 5607 τις
2696 5514 2963 5612 χρήσαιτο
2995 5540 3177 5610 λόγοις
3198 5557 3212 5572 ·
3246 5514 3382 5596 διάει
3424 5540 3518 5596 καὶ
3546 5534 3664 5587 τοὺς
3696 5514 3815 5572 πολο

2241 5633 2366 5698 λοὺς
2399 5633 2535 5698 πρὸς
2567 5633 2667 5705 τὴν
2709 5633 3053 5705 ὑψηλοτέραν
3094 5632 3305 5702 ταύτην
3338 5632 3432 5689 καὶ
3473 5616 3812 5705 ἐμφιλόσοφῩν

2235 5724 2569 5793 αἰτιολογίαν
2602 5698 3121 5796 σκαρδαμύττῡοντας
3150 5698 3298 5777 ἐστιν
3326 5718 3480 5789 ὁρᾷν.
3516 5706 3683 5770 Πολλὰ
3710 5698 3808 5771 γὰρ
