4158 6426
504 412 614 479 485

1372 419 1474 478 AD
1511 419 2106 481 AMPHILOCHIUM
2141 393 2487 493 QUESTIO
2526 426 2815 487 LXXVII.

3680 432 3787 497 486

502 530 615 585 τῶν
643 529 879 602 ἐχόντων
911 531 1070 601 λόγον
1094 531 1458 605 βαθυνόμενον
1476 537 1736 607 (25),ταῖς
1753 539 1864 594 τῶν
1881 539 2068 611 ἀνθρώ

2196 539 2373 595 solent
2425 542 2602 611 prima
2652 545 2837 599 statim
2906 544 3086 602 fronte
3130 546 3414 603 hominum
3459 549 3690 607 auribus
3720 567 3786 609 ac

504 638 623 676 πων
647 623 962 696 προχείροις
986 625 1179 688 ἀκοαῖς
1197 628 1291 680 καὶ
1319 629 1662 694 ἐπιπολαίως
1691 633 1952 697 διανοίαις
1982 634 2082 690 ούκ

508 713 679 767 ἐθέλει
732 716 1188 787 συναρμόζεσθαι,
1249 722 1574 789 πεφυκότων
1631 723 1721 777 διὰ
1776 725 1972 795 πείρας
2024 745 2086 781 τε

506 804 796 875 μεθοδικῆς
848 806 945 860 καὶ
998 807 1235 878 κρίσεως
1286 810 1653 884 σχολαζούσης
1699 816 2087 882 εἰσοικίζεσθαι

505 893 1108 970 μάλιστα,ἦς’ἀπούσης
1134 901 1237 971 τῆς
1259 903 1589 973 ἀποδείξεως
1610 910 1639 962 ό
1666 907 1826 977 λόγος
1855 909 2086 981 ἀσθενὴς

503 985 642 1042 εἶναι
673 991 838 1058 δοκεῖ,
876 992 966 1047 τὸν
987 993 1112 1047 νοῦν
1132 994 1243 1049 τῶν
1267 997 1554 1068 ἀκροατῶν
1592 1001 1730 1071 πρὸς
1755 1003 1949 1058 ἐαυτὸν
1986 1005 2079 1073 ἐφ-

500 1081 853 1139 ελκύσασθαι.
886 1128 895 1153 ,

569 1175 661 1241 ς’.
692 1173 830 1237 Τοὺς
863 1174 922 1228 δέ
954 1192 1018 1246 γε
1043 1176 1523 1250 διαπορουμένους,
1543 1183 1639 1249 ὡς,
1667 1183 1722 1237 εἴ
1753 1203 1838 1249 τις
1865 1186 1980 1258 δοίη
2018 1187 2088 1242 τά

495 1263 605 1318 τῶν
651 1268 923 1338 σωμάτων
965 1270 1101 1342 γένη
1147 1275 1241 1327 καὶ
1285 1275 1399 1345 εῐδη
1456 1274 1706 1347 σώματα,
1759 1280 1882 1333 τότε
1925 1282 2085 1353 τριχῆ

492 1358 782 1415 διαστατδν
810 1363 997 1428 αὐτοῖς
1026 1366 1370 1438 συμϐήσεται
1418 1371 1513 1425 καὶ
1560 1373 1595 1442 ἠ
1641 1374 1701 1426 ἐν
1738 1374 1890 1446 τόπῳ
1928 1392 2088 1446 περι-

494 1453 685 1524 γραφὴ
706 1454 800 1507 καὶ
832 1455 892 1508 τὸ
916 1458 1034 1519 ταῖς
1060 1460 1378 1531 αἰσθήσεσιν
1408 1463 1689 1532 κρίνεσθαι
1712 1468 1807 1520 καὶ
1832 1467 1893 1521 τὺ
1925 1469 2087 1539 σῶμά

496 1559 561 1612 γε
590 1544 678 1597 διά
707 1543 959 1615 σώματος
989 1552 1311 1620 χωρεῖν,καὶ
1344 1553 1399 1605 εῖ
1432 1572 1483 1607 τι
1525 1554 1655 1609 ἄλλο
1689 1557 1932 1613 τοιοῦτον
1973 1563 2086 1625 τοῖς

496 1641 775 1709 περιττοῖς
806 1643 1249 1715 πεφιλοτίμηται,
1295 1648 1396 1702 οὐκ
1441 1648 1509 1704 ἂν
1537 1651 1843 1718 ἀπεικότως
1870 1655 2084 1726 θαυμάο

498 1747 677 1803 σαιμι,
726 1733 804 1797 ὡς
849 1736 900 1787 οἱ
944 1735 1013 1790 τά
1049 1738 1279 1793 τοιαῦτα
1314 1740 1607 1811 ζητοῦντες
1636 1745 1732 1799 καὶ
1771 1746 2086 1816 νομίζοντες

495 1824 635 1895 πρὸς
664 1825 764 1895 τὴν
782 1827 963 1881 αὐτῶν
990 1831 1125 1901 όρᾷν
1154 1832 1391 1903 σπουδὴν
1419 1832 1489 1887 τὰ
1512 1836 1939 1907 ἐπιχειρήματα,
1964 1837 2084 1903 πῶς

2202 632 2477 690 mentibus
2528 635 2823 706 quadrare,
2868 654 2993 693 cum
3027 640 3113 695 isti
3168 642 3382 697 soleant
3409 642 3501 698 illa
3554 646 3783 712 potissio

2196 738 2347 778 mum
2384 726 2602 796 assequi
2637 742 2734 797 per
2784 730 3154 786 methodicam
3196 735 3589 803 experientiam
3623 736 3782 806 quie-

2192 827 2413 887 tamque
2441 816 2884 887 judicationem;
2937 837 3061 892 quae
3112 824 3202 878 ubi
3242 826 3403 891 desit,
3437 828 3782 884 demonstra-

2190 910 2358 966 tionis
2392 911 2535 966 ratio
2569 912 2785 967 inlirma
2813 914 3031 970 videtur
3080 931 3203 971 csse
3258 917 3326 972 ad
3356 918 3681 975 trahendam
3714 934 3780 974 ac

2190 999 2569 1069 pelliciendam
2586 1002 2901 1059 auditorum
2936 1013 3197 1061 mentem.

2260 1177 2315 1234 6.
2345 1178 2450 1246 Qui
2479 1196 2609 1237 vero
2639 1180 2919 1248 dubitant,
2953 1200 3022 1239 ne
3046 1183 3207 1252 forte,
3235 1186 3280 1243 si
3310 1188 3435 1259 quis
3465 1190 3556 1245 det
3584 1206 3779 1262 corpo-

2187 1284 2308 1325 rum
2336 1286 2531 1341 genera
2554 1283 2609 1330 et
2634 1275 2845 1345 species
2866 1292 2991 1333 esse
3012 1294 3268 1349 corpora,
3296 1296 3382 1348 ne,
3411 1281 3658 1352 inquam,
3692 1300 3781 1340 se-

2187 1370 2408 1432 quatur,
2440 1364 2641 1421 trinam
2682 1367 2790 1423 illis
2814 1373 3345 1428 mensurabilitatcm
3394 1376 3691 1431 convenire
3723 1387 3780 1431 ct

2189 1454 2245 1508 ltt
2285 1454 2406 1510 loco
2443 1456 2827 1516 circumscribi
2852 1472 2907 1516 et
2938 1464 3193 1521 sensibus
3226 1465 3461 1533 judicari
3496 1476 3552 1522 et
3574 1482 3779 1539 corpus

2186 1562 2285 1615 per
2329 1562 2533 1620 corpus
2589 1560 2879 1622 penetrare
2921 1563 2976 1610 et
3013 1557 3059 1609 si
3103 1557 3238 1627 quid
3288 1558 3437 1612 aliud
3500 1560 3773 1629 ejusmodi

2186 1640 2349 1698 otiosi
2409 1641 2758 1715 indagatores
2807 1647 3214 1717 excogitatum,
3275 1651 3376 1707 hos
3430 1653 3627 1707 merito
3674 1670 3777 1725 ego

2186 1733 2447 1801 admiror,
2479 1738 2781 1808 quomodo,
2813 1752 2937 1794 cum
2966 1741 3097 1795 talia
3146 1753 3473 1813 argumenta
3518 1756 3778 1814 quaerunt

2185 1840 2362 1896 eaque
2397 1826 2464 1881 ad
2520 1842 2682 1883 suum
2716 1828 2962 1900 ipsorum
3021 1832 3266 1887 studium
3321 1842 3573 1904 spectare
3628 1836 3777 1891 arbi-

492 1916 594 1970 οὐκ
642 1916 851 1987 ἔφασαν
895 1919 1001 1992 πρὸ
1048 1921 1158 1975 τῶν
1190 1922 1364 1978 ἄλλων
1399 1926 1678 1992 ἀπάντων,
1719 1928 1795 1992 ὡς
1818 1946 1832 1961 ’
1861 1948 1879 1980 ι
1921 1930 1984 1984 Εἰ
2014 1929 2068 1983 τὰ

2188 1926 2426 1983 trantur,
2462 1921 2744 1989 quomodo
2775 1936 2881 1977 non
2931 1923 3176 1979 dixerint
3214 1940 3326 1994 pra:
3358 1926 3482 1982 aliis
3513 1929 3771 1985 cunctis:

489 2012 625 2081 γένη
673 2012 769 2065 καὶ
816 2012 887 2067 τὰ
930 2013 1043 2086 εἴδη
1088 2013 1319 2086 σώματα
1347 2018 1443 2071 καὶ
1475 2018 1675 2090 ἄτομα,
1720 2021 1939 2086 πάντως
1988 2023 2084 2077 καὶ

491 2102 809 2158 καθέκαστα
840 2104 991 2161 ἔσται
1016 2124 1030 2166 :
1067 2126 1085 2159 ι
1118 2110 1180 2162 Oi
1204 2109 1314 2183 γάρ
1337 2110 1445 2165 τῶν
1469 2112 1690 2183 ἀτόμων
1713 2115 1983 2184 σωμάτων
2011 2115 2083 2171 τά

496 2195 761 2267 ἰδιώματα
785 2197 899 2270 (24)
941 2201 1015 2273 μὴ
1043 2202 1466 2274 ἐρυθριάσαντες
1499 2207 1592 2260 ἐπὶ
1618 2205 1691 2261 τά
1726 2209 1860 2281 γένη
1890 2211 1985 2264 καὶ
2011 2211 2081 2265 τά

492 2288 607 2358 εἴδη
645 2290 851 2344 τούτων
881 2291 1259 2358 ἀναϐιϐάζειν,
1299 2295 1415 2360 πῶς
1445 2297 1840 2371 ηὑλαϐήθησαν
1875 2301 1949 2373 μὴ
1983 2304 2080 2357 καὶ

488 2382 582 2433 τὸν
636 2381 975 2438 καθέκαστον
1021 2385 1117 2440 καὶ
1164 2388 1367 2459 ἄτομον
1407 2390 1527 2461 ἦτοι
1575 2391 1667 2445 τὸν
1695 2394 1994 2466 Σωκράτην
2040 2396 2074 2468 ἢ

488 2473 750 2528 Πλάτωνα
792 2479 915 2531 κατ’
956 2478 1139 2532 αὐτῶν
1188 2485 1550 2551 συναγαγεῖν;
1590 2482 1776 2551 Ἃπαξ
1808 2484 1918 2557 γὰρ
1944 2488 2075 2541 ἀνα-

486 2567 821 2637 στρέψαντες
870 2570 970 2642 τὴν
1007 2571 1163 2638 τάξιν
1195 2575 1302 2629 τῶν
1328 2576 1842 2647 κατηγορουμένων,
1878 2579 1973 2633 καὶ
2008 2578 2076 2635 τά

485 2654 595 2709 ἴδια
623 2657 733 2712 τῶν
755 2660 1000 2729 ἐσχάτων
1022 2655 1412 2734 ’ὑποκειμένων
1442 2666 1588 2720 κατά
1608 2666 1719 2720 τῶν
1744 2684 2076 2740 κατηγορου-

485 2747 664 2818 μένων
692 2752 867 2819 γενῶν
913 2754 1010 2807 καὶ
1043 2755 1204 2809 εἰδῶν
1248 2756 1584 2823 ἀξιώσαντες
1620 2761 2070 2833 κατηγορεῖσθαι,

479 2841 681 2896 δίκαιοι
709 2845 1044 2915 τυγχάνουσι
1072 2846 1231 2915 λόγον
1255 2849 1497 2922 ὑπέχειν,
1527 2853 1610 2906 ὅτι
1632 2854 1708 2926 μὴ
1736 2856 1832 2910 καὶ
1862 2856 1994 2909 αὐτὸ
2011 2855 2073 2909 τὸ

478 2931 824 2989 καθέκαστον
864 2938 959 2989 καὶ
988 2936 1191 3008 ἄτομον
1230 2940 1596 3013 ἐπεχείρησαν
1623 2943 1735 2997 τῶν
1761 2944 1939 3012 γενῶν
1976 2945 2072 2999 καὶ

476 3010 591 3077 τῶν
620 3024 778 3079 εἰδῶν
806 3031 1138 3100 κατηγορεῖν
1172 3030 1267 3085 καὶ
1296 3010 1378 3086 ἔτι
1517 3034 1606 3089 διά
1628 3010 1833 3105 ταύτης
1868 3036 2071 3108 μᾶλλον

475 3113 576 3183 τῆς
610 3114 841 3178 ἀτοπίας
860 3117 1119 3186 ἐνόμισαν
1142 3118 1452 3192 ἐξελέγχειν
1474 3123 1600 3187 τοὺς
1622 3125 1691 3179 τὰ
1716 3127 1849 3198 γένη
1877 3127 1975 3181 καὶ
1998 3128 2070 3181 τὰ

474 3204 593 3277 εῖδη
627 3205 857 3277 σώματα
887 3208 1226 3279 τιθεμένους.
1257 3213 1428 3268 Τοῦτο
1459 3216 1565 3286 γὰρ
1591 3216 1773 3271 αὐτῶν
1799 3221 2067 3289 σύμπασα

472 3298 586 3352 τῶν
616 3298 798 3369 σοφῶν
842 3301 1295 3376 ἐπιχειρημάτων
1336 3310 1369 3381 ἠ
1415 3310 1633 3364 ἐπίνοια
1677 3313 2070 3383 πραγματεύε-

471 3404 587 3442 ται.

544 3482 610 3547 ζ’.
650 3483 791 3539 Ἀλλ’
822 3486 1005 3541 ἐάσθω
1020 3488 1196 3545 ταῦτα
1218 3492 1473 3565 νεανικῆς
1501 3493 1837 3568 ἐντρεχείας,
1871 3496 2025 3568 οἶμαι
2049 3541 2065 3567 ,

468 3572 602 3628 ama
658 3578 1046 3649 σκιρτήματα·
1107 3585 1354 3638 νεανικὸν
1407 3585 1517 3658 γάρ
1563 3587 1804 3645 διάττειν
1857 3607 1918 3645 τε
1972 3593 2068 3647 καὶ

470 3666 797 3733 σπουδάζειν
819 3670 1148 3743 ἀνατρέπειν
1173 3673 1233 3728 τὸ
1255 3677 1638 3749 προκείμενον,
1666 3676 1748 3745 οἷς
1772 3682 1870 3749 τὰς
1892 3683 2067 3751 λαϐάς

466 3758 649 3813 ἐκεῖνο
690 3760 985 3831 διαφεῦγον
1021 3763 1380 3839 βεϐαιοτέραν
1410 3770 1443 3841 ἢ
1480 3772 1744 3846 πρότερον
1772 3775 1873 3847 τὴν
1903 3777 2064 3844 δόξαν

466 3850 759 3919 ἐφέλκεται
800 3854 904 3925 τῆς
950 3855 1260 3930 ὑπάρξεως.
1289 3859 1363 3915 Τὸ
1392 3864 1501 3934 γὰρ
1538 3865 1671 3938 πρὶν
1717 3868 1797 3932 εἰς
1830 3867 2063 3938 βάσανον

462 3942 777 4013 ἀντιλογίας
815 3948 1096 4002 καταστὰν
1146 3950 1340 4022 ἄδηλον
1392 3952 1505 4024 ἔχει
1545 3956 1645 4027 τὴν
1698 3956 1875 4028 ἰσχὺν,
1906 3958 2061 4015 οὔπω

462 4035 751 4105 παρόντων
778 4037 1040 4117 ἐλέγχων·
1064 4039 1172 4094 τῶν
1192 4042 1249 4096 δέ
1275 4043 1649 4114 πειραθέντων
1660 4046 1905 4119 ἐλέγχειν
1927 4050 2061 4105 αύτδ

462 4111 854 4199 κραταιὸτερον
886 4130 1191 4203 ἐπιδειχθέν
1219 4111 1556 4207 προσέλαϐεν
1580 4111 1773 4211 ἧσπερ.
1790 4111 1903 4212 εἶχε
1930 4142 2059 4213 πρό-

2192 2029 2211 2062 ι
2241 2009 2396 2077 Quod
2421 2013 2466 2068 si
2501 2028 2699 2083 genera
2733 2016 3018 2085 ctspecies
3053 2028 3182 2073 sunt
3210 2034 3464 2089 corpora,
3489 2021 3771 2077 individua

2184 2119 2399 2176 quoque
2422 2115 2478 2162 et
2510 2107 2811 2179 singularia
2842 2110 3070 2166 omnino
3101 2120 3282 2167 erunt.
3324 2132 3343 2165 ι
3381 2113 3486 2181 Qui
3514 2116 3664 2171 enim
3687 2117 3773 2171 in-

2182 2199 2534 2257 dividuorum
2563 2218 2862 2273 corporum
2893 2207 3257 2276 proprietates
3284 2223 3394 2263 non
3428 2210 3772 2266 erubueru'nt

2181 2291 2248 2347 ad
2302 2307 2504 2362 genera
2546 2305 2601 2351 et
2652 2297 2868 2366 species
2928 2298 3125 2353 horum
3182 2299 3426 2367 elevare,
3484 2302 3772 2372 quomodo

2180 2385 2339 2441 veriti
2397 2395 2547 2454 sunt,
2610 2389 2779 2444 etiam
2826 2391 3106 2462 singulare
3168 2400 3334 2463 atque
3393 2393 3767 2460 individuum,

2179 2475 2389 2531 scilicet
2426 2476 2707 2535 Socratem
2755 2490 2851 2536 aut
2880 2480 3186 2550 Platonem,
3218 2484 3288 2539 ad
3320 2485 3437 2541 haec
3476 2485 3771 2556 redigere?

2177 2565 2356 2624 Semel
2377 2572 2524 2626 enim
2557 2574 2949 2631 cum’ordinem
2976 2577 3402 2646 praedicatorum
3438 2578 3769 2634 inverterint

2176 2668 2231 2715 et
2267 2676 2390 2731 quae
2426 2671 2557 2719 sunt
2592 2674 2967 2722 extremorum
3000 2668 3374 2738 subjectorum
3429 2670 3662 2740 propria:
3693 2670 3763 2724 de

2176 2749 2487 2819 praedicatis
2510 2755 2803 2823 generibus
2840 2756 3237 2830 speciebusqne
3261 2760 3547 2829 praadicari
3578 2760 3764 2815 volue-

2176 2842 2311 2911 rint,
2340 2853 2597 2901 tenentnr
2634 2848 2880 2906 rationes
2912 2850 3161 2917 reddere,
3197 2867 3297 2907 cur
3340 2868 3451 2908 non
3498 2862 3552 2909 et
3583 2853 3764 2924 ipsum

2173 2932 2455 3006 singulare
2486 2946 2542 2993 et
2575 2938 2921 2996 individuum
2952 2942 3023 2998 de
3048 2944 3341 3015 generibus
3384 2953 3439 3000 et
3474 2946 3764 3016 speciebus

2173 3028 2610 3097 praedicaverint,
2634 3041 2689 3087 et
2717 3048 2819 3088 cur
2846 3048 2956 3090 non
2988 3052 3085 3106 per
3108 3037 3252 3093 hanc
3297 3038 3480 3109 potius
3509 3036 3765 3095 absurdi-

2171 3128 2340 3176 tatem
2362 3122 2692 3181 refellendos
2705 3141 2805 3183 eos
2828 3127 3109 3195 duxerint,
3138 3130 3231 3202 qui
3248 3147 3449 3203 genera
3471 3140 3527 3188 et
3548 3132 3763 3202 species

2171 3227 2402 3283 corpora
2437 3229 2561 3271 esse
2591 3226 2862 3274 statuunt.
2907 3218 3023 3279 Hoc
3053 3222 3203 3276 enim
3236 3225 3496 3280 omnibus
3525 3226 3643 3281 suis
3672 3226 3758 3280 in-

2171 3305 2415 3376 geniosis
2434 3309 2776 3377 argumentis
2805 3321 2978 3383 agunt
3000 3322 3056 3369 et
3083 3314 3299 3372 eliicere
3328 3318 3577 3373 student.

2241 3500 2296 3554 7.
2333 3499 2531 3568 Verum
2567 3505 2894 3563 omittantur
2917 3508 3034 3566 haec
3070 3520 3257 3581 utpote
3280 3511 3545 3583 juvenilis
3596 3514 3761 3570 indu-

2168 3587 2318 3644 stria:
2362 3590 2638 3662 tripudia;
2676 3595 2925 3666 juvenile
2953 3600 3101 3654 enim
3132 3611 3236 3667 est,
3270 3604 3437 3659 nimis
3463 3605 3627 3661 anxie
3661 3621 3732 3661 co

2168 3680 2310 3749 nari,
2342 3684 2483 3752 quod
2516 3688 2867 3757 proponitur,
2922 3694 3268 3764 argumentis
3314 3706 3584 3766 evertere,
3614 3714 3763 3770 quo—

2165 3786 2290 3826 rum
2321 3786 2487 3832 ansas
2535 3777 2669 3833 illud
2699 3778 2970 3853 effugiens
3018 3784 3309 3842 certiorem
3379 3804 3542 3858 quam
3605 3792 3760 3861 prius

2164 3863 2505 3923 exsistentize
2521 3883 2637 3924 suae
2667 3870 2828 3927 tidem
2853 3875 3110 3931 adstruit.
3142 3878 3299 3945 Quod
3323 3880 3469 3935 en’m
3489 3884 3760 3940 examinis

2164 3957 2662 4017 contradictionem
2715 3965 2884 4029 subit,
2920 3966 3190 4025 incertam
3253 3970 3418 4027 habet
3451 3974 3586 4039 vim.
3629 3990 3757 4032 cum

2163 4048 2407 4104 nondum
2453 4052 2638 4107 adsint
2680 4069 3041 4123 argumenta;
3093 4061 3186 4116 uhi
3232 4078 3365 4118 vero
3404 4066 3758 4123 adversarios

2160 4138 2294 4194 illud
2327 4140 2582 4199 refellere
2622 4155 2849 4203 conatos
2904 4153 3203 4219 superavit,
3264 4155 3439 4211 multo
3482 4158 3749 4227 majorem

458 4232 622 4287 τερον
647 4218 807 4289 δόξης
837 4238 896 4276 τε
928 4222 1027 4277 καὶ
1052 4224 1153 4296 τῆς
1177 4227 1237 4279 ὲν
1258 4225 1336 4298 τῷ
1363 4227 1652 4299 ἀληθεύειν
1682 4231 1864 4305 πολλῷ
1894 4233 2057 4289 πλέον

2172 4244 2323 4299 luam
2355 4233 2508 4301 prius
2535 4233 2783 4304 haberet,
2833 4218 3133 4312 acquisivit
3185 4245 3417 4317 gloriam
3464 4218 3755 4322 magisque

459 4311 804 4393 παρρησίας.

2172 4334 2405 4393 tpertam
2440 4326 2684 4384 veritatis
2707 4311 3196 4393 existimationem.

529 4410 600 4475 η’.
634 4386 760 4470 Τοῖς
787 4407 845 4462 δὲ
873 4406 1145 4479 λέγουσιν,
1162 4410 1261 4465 Ἐν
1287 4410 1524 4482 διανοίᾳ
1546 4414 1664 4484 μὲν
1699 4416 1771 4472 τὰ
1792 4417 1925 4488 εἴδη
1954 4420 2055 4474 καὶ

2226 4416 2281 4472 8.
2316 4416 2398 4473 Ex
2430 4419 2499 4474 iis
2516 4436 2648 4476 vero
2675 4423 2769 4493 qui
2801 4425 3014 4494 dicunt,
3036 4430 3090 4483 in
3109 4440 3278 4487 mente
3304 4434 3519 4504 quidem
3551 4438 3749 4505 species

454 4496 533 4551 τὰ
582 4498 726 4568 γένη
772 4504 1203 4573 λαμϐανόμενα
1247 4503 1368 4559 τῶν
1417 4509 1713 4576 σωμάτων
1764 4511 2053 4583 ἀσώματα

2172 4516 2205 4560 et
2229 4525 2423 4579 genera
2470 4528 2752 4581 corporum
2792 4528 3014 4588 accepta
3052 4521 3369 4593 incorporea
3401 4536 3641 4595 oportere
3695 4538 3745 4581 et

453 4590 551 4643 δεῖ
582 4591 697 4663 (25)
741 4594 844 4647 καὶ
879 4596 1138 4666 νομιζειν
1173 4598 1273 4651 καὶ
1310 4599 1642 4669 ὀνομάζειν,
1686 4603 1936 4661 ἐπειδὰν
1979 4606 2049 4661 δὲ

2172 4602 2354 4654 :ensert’
2380 4611 2429 4656 et
2463 4604 2737 4660 nominari
2761 4616 3078 4680 ;postquam
3110 4629 3231 4667 vero
3262 4614 3516 4684 subjectis
3546 4618 3746 4687 fuerint

452 4682 580 4748 τοῖς
607 4686 1030 4756 ὑποκειμένοις
1075 4690 1451 4760 περιαρθείη,
1481 4694 1729 4764 σώματα
1767 4697 2048 4768 προσῆκε

2172 4700 2363 4761 zptata,
2395 4692 2623 4763 corpora
2668 4705 2792 4753 tunc
2823 4709 2874 4754 et
2904 4704 3144 4758 vocanda
3182 4712 3233 4759 et
3281 4708 3549 4762 censenda
3581 4726 3695 4764 esse
3722 4728 3742 4774 ;

452 4775 587 4829 τότε
616 4777 713 4831 καὶ
744 4780 957 4833 καλεῖν
979 4782 1080 4836 καὶ
1103 4783 1464 4852 λογίζεσθαι,
1488 4788 1663 4858 ἡδέως
1692 4789 1760 4843 ἂν
1790 4790 2045 4865 ἐροίμην,

451 4866 682 4938 πότερον
733 4869 792 4922 ἐν
824 4870 906 4943 τῷ
931 4871 1259 4928 διανοεῖσθαι
1304 4875 1571 4947 ἀσώματα
1615 4879 1874 4946 λαϐόντες
1903 4885 2044 4939 αύτά

448 4956 816 5031 διενοήσαντο,
844 4961 878 5032 ἢ
902 4963 962 5017 ἐν
992 4964 1141 5036 αὐτῷ
1168 4966 1248 5039 τῷ
1271 4968 1600 5023 διανοεῖσθαι
1622 4972 1829 5044 ταύτην
1860 4974 2045 5040 αὐτοῖς

450 5049 777 5126 ἐχαρίσαντο
805 5055 907 5124 τὴν
937 5054 1121 5125 φύσιν.
1155 5058 1219 5112 El
1252 5058 1354 5129 μέν
1386 5060 1496 5131 γάρ
1536 5060 1805 5132 ἀσώματα
1845 5063 2040 5119 λαϐόν-

446 5156 538 5205 τες
586 5143 742 5197 ούδέν
789 5145 1167 5218 διανοηθέντες
1224 5149 1490 5221 ἧμειψαν,
1533 5153 1593 5206 τὸ
1652 5154 1755 5225 τῆς
1800 5156 2040 5229 ἀπορίας

444 5232 609 5289 πάλιν
636 5237 883 5308 διαμένει
906 5241 1059 5295 οὐδὲν
1081 5235 1265 5314 ἦττον,
1300 5244 1440 5298 ἀλλά
1465 5261 1527 5314 γε
1553 5245 1618 5318 δὴ
1647 5247 1741 5300 καὶ
1774 5246 2039 5320 θρασύτε-

445 5342 543 5397 ρον
561 5344 575 5357 °
602 5330 651 5383 ει
679 5330 737 5383 δὲ
770 5330 997 5402 σώματα
1018 5335 1277 5400 λαϐόντες
1303 5338 1441 5409 πρὸς
1471 5338 1534 5391 τὸ
1572 5339 1868 5411 ἀσώματον
1905 5359 2039 5413 μετ-

440 5415 721 5483 ετάξαντο,
760 5418 922 5489 βαϐαὶ
959 5423 1059 5493 μὲν
1087 5424 1269 5479 αὐτῶν
1295 5429 1395 5498 τῆς
1417 5427 1739 5501 θαυμαστῆς
1766 5429 1911 5484 οὕτω
1944 5432 2039 5485 καὶ

441 5509 664 5574 ταχείας
709 5511 1109 5585 δημιουργίαςι
1140 5515 1223 5570 Τά
1262 5518 1364 5589 μὲν
1400 5518 1511 5591 γὰρ
1544 5520 1857 5591 ἐννοήματα
1901 5520 2040 5576 καθὸ

2152 4800 2220 4841 ex
2259 4786 2367 4852 his.
2398 4787 2650 4859 inquam,
2676 4791 2913 4848 libenter
2955 4797 3293 4864 quaesierim,
3353 4808 3539 4856 utrum
3574 4801 3628 4856 in
3652 4818 3743 4857 co-

2150 4874 2375 4946 gitando
2422 4878 2745 4950 incorporea
2799 4883 2946 4939 nacti
2997 4886 3127 4939 talia
3170 4897 3353 4943 mente
3388 4905 3488 4945 sua
3543 4905 3746 4947 conce-

2148 4967 2346 5035 perint,
2371 4983 2441 5024 an
2464 4969 2520 5024 in
2556 4971 2676 5041 ipso
2721 4972 3019 5043 cositando
3058 4975 3203 5031 hanc
3231 4977 3314 5032 eis
3354 4987 3608 5034 naturam
3634 4981 3741 5035 im-

2147 5059 2455 5128 pertierint.
2491 5060 2631 5118 Nam
2661 5063 2709 5120 si
2742 5065 3069 5136 incorporea
3110 5070 3257 5124 nacti
3312 5070 3390 5125 nil
3439 5072 3742 5142 cogitando

2148 5152 2533 5223 immutarunt,
2567 5156 2865 5215 difficultas
2882 5175 3079 5218 rursus
3111 5172 3398 5234 permanet
3427 5165 3601 5220 nihilo
3634 5167 3741 5220 mi-

2148 5263 2269 5315 nor,
2301 5248 2413 5304 imo
2438 5250 2766 5306 eb-validior
2792 5270 2807 5316 ;
2842 5252 2888 5307 si
2922 5266 3107 5310 autem
3134 5270 3369 5326 corpora
3394 5258 3544 5313 nacti
3574 5258 3627 5313 in
3658 5258 3740 5313 in-

2147 5353 2411 5410 corporea
2438 5348 2906 5413 transverterunt,
2970 5350 3107 5419 proh
3161 5349 3359 5404 miram
3407 5351 3651 5420 ipsorum
3680 5362 3736 5406 et

2147 5430 2380 5486 celerem
2411 5434 2637 5490 creandi
2669 5436 2963 5494 virtutem!
3013 5440 3389 5511 Cogitationes
3419 5442 3565 5499 enim
3602 5459 3737 5514 qua-

2148 5530 2309 5576 tenus
2357 5522 2718 5594 cogitationes
2746 5528 2977 5585 omnino
3021 5529 3361 5603 incorporea:
3392 5540 3561 5601 sunt;
3612 5535 3734 5604 quis

1983 5696 2218 5757 NOTIE.

653 5796 1085 5876 §i_c__Vat._§lal_if.
1118 5806 1496 5876 βαθυνότερον.

509 5865 624 5938 (24)
658 5869 867 5926 l’hilud.
899 5865 1188 5929 ἰδιαίτατα.
1214 5865 1400 5948 (Catil.
1428 5881 1603 5947 nota).

2212 5817 2323 5890 (εδ)
2357 5819 2521 5876 Catil.
2546 5820 2751 5893 Apogr.
2784 5822 2871 5894 δή.
