4158 6480
523 458 641 523 487

1688 453 1953 515 ΡΗΟΤΙΙ
1990 453 2501 517 PATRIARCH/E
2524 458 2639 521 (ΣΡ.

3684 464 3788 530 488

526 582 709 625 tamen
749 582 845 638 per
885 568 989 623 hoc
1033 567 1184 637 quod
1221 566 1442 638 cogitet,
1482 581 1715 637 corpora
1760 567 1815 621 in
1860 568 2081 638 incorpo

2185 593 2198 629 ι
2224 570 2474 638 νοήματα
2503 587 2722 635 παντως
2750 570 3015 642 ἀσώματα
3040 587 3057 605 ο
3079 571 3161 637 τίς
3189 573 3236 627 δ’
3267 571 3335 628 ἀν
3363 573 3419 641 ἐξ
3448 566 3524 629 ὧν
3553 574 3790 648 ἐννοήσει

520 678 676 718 reum
707 661 1027 716 convertet?
1053 659 1394 715 Verumvero
1431 660 1572 714 sicut
1596 660 1923 729 cogitarunt,
1956 659 2032 715 ita
2054 670 2107 714 ct

521 754 780 821 subjectis
809 753 1181 824 aptaverunt?
1209 760 1265 807 et
1287 752 1567 823 quomodo
1612 767 1720 805 non
1749 751 1817 805 de
1859 751 2107 820 corpori-

518 848 623 903 bus
652 848 971 917 incorporea
1000 846 1304 918 praedicant
1330 845 1353 898 ?
1393 844 1491 899 Sin
1527 851 1735 905 autem,
1765 851 1823 897 ut
1847 842 1915 897 ab
1947 842 2105 897 initio

516 948 868 1009 acceperant,
901 937 974 993 ita
1000 952 1195 992 rursus
1217 944 1270 991 et
1288 936 1553 1006 subjectis
1585 942 1864 1005 aptarunt,
1893 932 2103 988 frustra

516 1031 763 1098 ipsorum
792 1028 1064 1083 laboravit
1108 1043 1268 1083 mens
1298 1036 1514 1083 mutare
1557 1026 1897 1083 contendens
1955 1024 2103 1096 quod

514 1122 714 1177 mutari
762 1120 974 1191 nequit,
1028 1118 1350 1189 formasque
1407 1118 1566 1173 nobis
1640 1116 2099 1187 imaginationum

510 1216 793 1287 cﬂingens.
848 1213 953 1269 Sed
979 1214 1143 1269 etiam
1174 1221 1229 1267 et
1270 1213 1407 1284 ipsis
1441 1211 1609 1267 rebus
1658 1210 1801 1281 ipsa,
1830 1218 1891 1264 ut
1917 1210 2099 1275 aiunt,

510 1315 836 1375 cooptaiites
870 1316 925 1360 et
956 1314 1243 1375 propterea
1281 1302 1609 1372 corporibus
1645 1314 1753 1354 non
1795 1298 2096 1369 privantes,

508 1409 695 1453 utrum
722 1398 1137 1454 considerantes
1172 1399 1278 1451 ista
1318 1395 1655 1458 attribuunt,
1680 1407 1750 1447 an
1790 1400 1999 1446 temere
2032 1405 2099 1445 ac

510 1490 736 1546 fortuito
753 1490 1194 1560 conjunctionem
1220 1488 1378 1543 istam
1401 1485 1667 1541 formant?
1687 1484 1757 1538 At
1779 1491 2093 1551 utrumque,

507 1582 722 1653 opinor,
743 1581 918 1637 errori
945 1581 1164 1645 subest;
1194 1579 1429 1633 alterum
1458 1576 1606 1632 enim
1632 1574 1866 1630 destruit
1919 1586 2094 1643 oppo-

508 1679 716 1742 situm,
758 1690 870 1746 quo
898 1672 1268 1737 asserebatur,
1322 1686 1421 1742 per
1473 1669 1836 1740 cogitationes
1891 1664 2093 1720 mentis

508 1782 739 1837 corpora
806 1766 859 1821 in
904 1766 1274 1820 substantiam
1358 1763 1748 1830 incorpoream
1820 1755 2090 1823 converti,

508 1860 739 1914 alterum
763 1873 897 1914 vero
916 1858 1270 1913 delirantium
1295 1862 1386 1910 est
1416 1862 1473 1909 et
1491 1852 1808 1907 ridiculum.
1833 1878 1899 1889 ——-

577 2037 630 2092 9.
673 2035 934 2102 Quanam
964 2035 1036 2091 sit
1065 2034 1232 2106 igitur
1268 2019 1439 2097 ratio,
1470 2044 1578 2101 qua
1622 2042 1816 2084 omnes
1843 2026 1965 2082 istae
1993 2026 2088 2079 de-

504 2132 777 2186 clinentur
824 2145 992 2195 ansae,
1023 2129 1265 2184 diximus
1285 2126 1504 2196 quidem
1532 2122 1847 2193 expressius
1884 2119 2087 2175 acrius-

502 2238 612 2293 que
643 2222 880 2277 fortasse
910 2232 966 2276 et
1010 2227 1192 2280 antea,
1239 2233 1388 2272 nunc
1425 2227 1607 2271 tamen
1653 2212 1859 2269 clarius
1886 2211 2085 2266 iterum

502 2318 777 2371 dicamus.
810 2314 1084 2384 Corporea
1130 2310 1352 2381 quidem
1389 2316 1520 2363 sunt
1551 2321 1749 2379 genera
1788 2315 1842 2360 et
1874 2304 2087 2375 species

503 2422 820 2478 corporum,
860 2420 972 2460 non
1007 2414 1190 2459 tamen
1223 2414 1496 2472 corpora;
1530 2406 1587 2453 et
1620 2396 1915 2452 indicativa
1950 2394 2085 2450 sub-

497 2500 816 2569 jectorum,
870 2512 980 2552 non
1034 2495 1316 2559 indicata,
1370 2502 1427 2547 et
1492 2488 1825 2560 explicantis
1886 2486 2082 2541 borum

498 2594 900 2656 exsistentiam,
946 2606 1055 2646 non
1084 2600 1266 2645 autem
1299 2586 1731 2651 constituentia;
1767 2593 1820 2640 et
1846 2583 2081 2655 partium

500 2689 747 2757 ipsorum
792 2683 1309 2739 substantiatiouem
1341 2679 1709 2740 enuntiantia,
1754 2693 1864 2732 non
1899 2683 2082 2730 autem

500 2775 838 2845 praestantia,
869 2785 925 2829 et
966 2774 1196 2828 nomina
1236 2769 1692 2827 convenientibus
1733 2768 2084 2837 propriisque

499 2866 855 2937 conceptibus
876 2866 1253 2934 subjectorum
1281 2856 1668 2919 subsistentias
1690 2859 2082 2929 significantia,

498 2974 608 3013 non
633 2968 814 3013 autem
844 2958 1009 3013 rebus
1035 2956 1149 3025 jam
1178 2955 1523 3011 exstantibus
1556 2952 1772 3023 sibique
1803 2950 2082 3007 sullicien~

495 3051 729 3105 tissimis
750 3065 812 3105 ea
836 3050 1038 3121 quibus
1062 3063 1177 3103 non
1197 3056 1357 3119 egent
1381 3062 1477 3117 per
1500 3060 1560 3101 se
1589 3045 1709 3116 ipsa
1741 3042 2078 3115 praebentia;

493 3143 640 3199 sicut
658 3152 714 3198 et
742 3143 946 3198 bonum
983 3152 1037 3197 et
1064 3141 1286 3211 sapiens
1335 3149 1389 3195 et
1420 3139 1632 3209 justum
1678 3147 1845 3208 atque
1886 3135 2083 3191 huma-

495 3251 624 3290 num
655 3245 711 3291 et
739 3235 1007 3306 ejusmodi
1040 3233 1489 3306 praedicamenta,
1523 3230 1742 3287 tametsi
1768 3230 1876 3285 alia
1907 3228 2079 3284 actio-

2215 662 2577 732 μεταποιήσει
2614 661 2727 733 (26)
2767 663 2837 716 τά
2887 663 3117 734 σώματα
3170 665 3309 735 πρὸς
3364 666 3425 720 τὸ
3471 667 3784 739 ἀσώματονς

2210 749 2448 821 Πότερον
2480 752 2539 805 δέ
2580 752 2657 816 ὡς
2693 754 2945 824 ἐνόησαν,
2976 755 3120 810 οὕτω
3149 758 3246 811 καὶ
3276 761 3388 822 τοῖς
3414 760 3790 833 ὑποκειμένοις

2207 840 2553 911 ήρμόσαντο;
2601 843 2698 897 καὶ
2726 844 2847 909 πῶς
2880 847 2941 899 οὑ
2986 849 3357 919 κατηγοροῦσι
3386 849 3494 904 τῶν
3530 853 3790 922 σωμάτων

2204 932 2276 984 τά
2296 932 2604 1003 ἀσώματα;
2638 934 2701 988 Εἰ
2723 935 2769 989 δ’
2792 935 2869 1001 ὡς
2896 937 2993 991 ἀπ’
3024 940 3199 1012 ἀρχῆς
3223 941 3435 1009 ἔλαϐον,
3462 943 3609 999 οὕτω
3637 946 3790 999 πάλιν

2207 1022 2304 1077 καὶ
2337 1025 2450 1088 τοῖς
2482 1025 2865 1097 ὑποκειμένοις
2896 1029 3231 1101 ἡρμόσαντο,
3266 1034 3444 1105 μάτην
3470 1036 3654 1101 αὑτοῖς
3677 1037 3789 1091 ἐκο-

2205 1114 2371 1168 πίασε
2408 1117 2823 1186 μεταϐάλλουσα
2865 1121 2927 1174 τὸ
2970 1123 3348 1195 ἀμετάϐλητον
3381 1128 3415 1197 ή
3442 1127 3653 1182 διάνοια
3699 1129 3789 1184 καὶ

2202 1207 2519 1273 φαντασιῶν
2562 1209 2696 1278 ἡμῖν
2732 1210 3155 1268 ἀναπλάττουσα
3186 1217 3444 1285 σχήματα
3468 1233 3483 1249 ο
3511 1218 3648 1275 ἀλλά
3684 1221 3786 1292 γὰρ

2200 1300 2297 1352 καὶ
2351 1301 2538 1366 αὑτοῖς
2592 1304 2706 1366 τοῖς
2759 1304 3085 1375 πράγμασιν
3130 1308 3293 1373 αὑτά,
3332 1308 3408 1372 ὥς
3458 1327 3619 1379 φασι,
3666 1329 3787 1365 συν-

2199 1394 2570 1466 αρμόττοντες
2599 1396 2695 1451 καὶ
2734 1397 2824 1450 διά
2850 1397 3025 1452 ταῦτα
3070 1398 3181 1452 τῶν
3216 1400 3490 1470 σωμάτων
3524 1403 3626 1457 οὑκ
3654 1404 3786 1458 ἀπο-

2201 1486 2541 1558 στεροῦντες,
2575 1492 2806 1559 πότερον
2829 1490 3141 1556 ἐννοοῦντες
3173 1492 3348 1547 ταῦτα
3374 1495 3783 1565 περιάπτουσιν,

2196 1578 2232 1651 ή
2269 1580 2450 1651 μάτην
2494 1580 2591 1633 καὶ
2637 1580 2713 1644 ὡς
2740 1580 2809 1635 ἂν
2838 1581 3057 1636 ἐπέλθοι
3098 1582 3200 1651 τὴν
3247 1584 3549 1653 συνάφειαν
3593 1586 3785 1658 ταύτην

2200 1670 2618 1742 σχεδιάζουσινς
2673 1672 2815 1727 Ἀλλ’
2864 1674 3149 1746 ἑκάτερον,
3177 1671 3365 1747 οῐμαι,
3401 1677 3697 1747 σφαλερόν·
3729 1681 3786 1733 τὸ

2199 1760 2299 1829 μὲν
2325 1758 2434 1831 γὰρ
2476 1760 2696 1831 ἀναιρεῖ
2737 1760 2798 1815 τὸ
2843 1762 3242 1833 ἀντικείμενον,
3274 1766 3303 1819 δ
3336 1766 3427 1821 διά
3452 1768 3557 1838 τῆς
3584 1770 3785 1833 ἐννοίας

2198 1852 2385 1919 ἔλεγεν
2411 1852 2494 1916 εἰς
2522 1850 2817 1923 ἀσώματον
2838 1854 3026 1908 οὑσίαν
3054 1856 3424 1927 μεταπίπτειν
3450 1859 3523 1913 τὰ
3543 1855 3785 1932 σώματα,

2130 1948 2173 2005 Β
2198 1942 2259 1996 τὸ
2288 1944 2344 1997 δὲ
2382 1944 2696 2016 ληρούντων
2726 1946 2824 1999 καὶ
2850 1947 3112 2017 γέλωτος.

2266 2032 2345 2087 θ’.
2384 2033 2483 2097 Τίς
2504 2033 2639 2088 οὑνὸ
2665 2035 2821 2104 λόγος
2853 2039 2881 2090 ό
2908 2036 3115 2102 ταύτας
3148 2038 3329 2105 πάσας
3353 2040 3667 2112 διαφεύγων
3688 2044 3783 2108 τάς

2193 2122 2386 2189 λαδὰς,
2426 2126 2648 2197 εἴρηται
2681 2127 2780 2197 μὲν
2813 2128 3296 2203 ἐμφαντικώτερον
3335 2132 3469 2198 ἴσως
3511 2135 3609 2189 καὶ
3651 2136 3777 2207 πρό-

2195 2216 2343 2283 σθεν,
2396 2217 2493 2271 καὶ
2544 2216 2641 2271 νῦν
2680 2218 2738 2273 δὲ
2802 2220 3130 2293 τρανότερον
3175 2222 3443 2291 λεγέσθω.
3492 2227 3785 2297 Σωματικά

2195 2307 2296 2380 μέν
2319 2309 2435 2361 ἐστι
2464 2309 2533 2362 τά
2556 2311 2691 2381 γένη
2728 2312 2823 2366 καὶ
2855 2312 2971 2383 εεδη
3002 2312 3112 2368 τῶν
3146 2316 3444 2386 σωμάτων,
3470 2318 3530 2372 οὑ
3559 2320 3781 2390 σώματα

2190 2398 2283 2452 δέ·
2323 2400 2420 2452 καὶ
2448 2400 2719 2471 δηλωτικὰ
2772 2402 2882 2457 τῶν
2927 2403 3329 2475 ὑποκειμένων,
3373 2409 3441 2461 οὑ
3484 2410 3781 2481 δηλούμενα

2190 2489 2277 2544 δέ’
2321 2491 2416 2544 καὶ
2450 2492 2871 2548 ἀναπτύσσοντα
2898 2495 2997 2565 τὴν
3025 2494 3261 2569 ὓπαρξιν
3290 2498 3525 2567 τούτων,
3561 2501 3656 2572 οὑχ
3684 2503 3777 2570 ὑφ-

2194 2582 2427 2638 ιστῶντα
2459 2584 2517 2637 δέ
2538 2600 2551 2613 ·
2597 2585 2694 2639 καί⁵
2721 2586 2833 2640 τῶν
2861 2588 2919 2641 ἐν
2951 2588 3138 2652 αὑτοῖς
3182 2590 3367 2662 μερῶν
3397 2593 3504 2661 τὴν
3532 2594 3773 2646 οὑσίωσεν

2190 2674 2624 2743 ἀπαγγέλλοντα,
2658 2677 2719 2730 οὑ
2760 2678 3071 2750 παρέχοντα
3114 2680 3171 2733 δέ
3191 2697 3212 2711 ν
3238 2682 3335 2735 καὶ
3370 2682 3619 2755 ὀνόματα
3650 2701 3772 2738 κατ-

2189 2766 2443 2837 αλλήλοις
2474 2768 2711 2839 νοήμασι
2739 2770 2836 2824 καλ
2864 2771 3087 2838 οἰκείοις
3115 2772 3227 2827 τῶν
3257 2774 3639 2849 ὑποκειμένων
3681 2780 3776 2842 τὰς

2190 2858 2516 2925 ὑποστάσεις
2543 2862 2973 2932 σημαίνοντα,οὑ
2998 2869 3109 2931 τοῖς
3133 2863 3253 2921 οὖσι
3282 2870 3379 2925 καὶ
3409 2873 3773 2943 αὐταρκεστά-

2186 2968 2301 3015 τοις
2332 2945 2409 3007 ὧν
2445 2953 2522 3024 μὴ
2554 2953 2766 3010 δέονται
2808 2956 2981 3011 ταῦτα
3028 2959 3097 3013 δι’
3129 2962 3337 3016 ἑαυτῶν
3388 2968 3768 3038 παρεχόμενα⁶

2188 3041 2380 3114 ῶσπερ
2408 3043 2473 3115 δὴ
2504 3046 2688 3100 καὶτὸ
2718 3050 2928 3116 ἀγαθὸν
2972 3052 3068 3105 καὶ
3108 3053 3171 3107 τὸ
3220 3056 3384 3124 σοφὸν
3440 3060 3535 3112 καὶ
3575 3059 3777 3113 δίκαιον

2186 3135 2283 3190 καί⁵
2312 3135 2697 3209 φιλάνθρωπον
2746 3140 2844 3195 καὶ
2877 3142 2948 3197 τά
2974 3142 3200 3199 τοιαῦτα
3233 3151 3692 3221 κατηγορήματα,
3723 3150 3773 3202 εἰ

2186 3227 2282 3281 καί¹
2324 3227 2396 3283 τὰ
2439 3229 2540 3300 μὲν
2574 3230 2857 3302 ἐνέργειαν
2888 3234 2920 3305 ῆ
2957 3236 3129 3301 πάθος
3156 3238 3251 3291 τοῦ
3285 3240 3653 3313 ὑποκειμένου
3679 3242 3768 3313 δη·

492 3344 619 3381 nem
648 3336 743 3382 aut
766 3328 1076 3397 passionem
1104 3325 1338 3397 subjecti
1366 3324 1631 3391 indicant,
1664 3322 1771 3378 alia
1799 3322 2076 3378 exsisten-

2185 3320 2282 3387 λοῖ,
2313 3321 2383 3375 τὰ
2414 3321 2471 3375 δὲ
2499 3320 2597 3393 τὴν
2630 3323 2865 3396 ὓπαρξιν
2899 3326 2994 3380 καὶ
3027 3328 3285 3384 οὑσίωσιν
3316 3330 3355 3402 ἤ
3385 3334 3460 3387 τὰ
3483 3311 3629 3406 πάθη
3682 3311 3769 3386 καὶ

493 3420 624 3474 tiam
653 3428 710 3474 et
738 3420 1288 3486 substantiationem,
1315 3419 1399 3474 vel
1422 3418 1714 3489 passiones
1733 3424 1789 3470 et
1810 3414 2083 3469 actiones..

490 3511 628 3567 Nam
673 3513 720 3568 si
753 3512 950 3567 borum
981 3512 1407 3583 praedicatorum
1442 3509 1730 3581 quodlibet
1770 3507 2075 3563 secundum

489 3614 780 3673 utramque
811 3603 1085 3658 dictorum
1129 3611 1338 3673 partem
1381 3601 1644 3671 subjectis
1676 3614 1791 3655 suae
1818 3598 2079 3670 praedica-

491 3696 627 3751 tioni
670 3695 966 3751 individuis
1013 3694 1297 3750 cumulum
1338 3693 1406 3750 de
1454 3709 1556 3749 suo
1593 3692 1855 3762 adjiceret
1906 3699 2008 3745 aut
2045 3704 2077 3745 e

490 3786 818 3858 corporibus
858 3794 1238 3841 coacervatum
1279 3793 1378 3839 aut
1413 3800 1444 3840 c
1472 3784 1807 3855 proprietate
1838 3781 2076 3853 qualita—

490 3889 625 3934 tum-
663 3878 994 3944 deductum,
1038 3877 1125 3933 vel
1170 3891 1466 3947 corporum
1520 3884 1751 3931 naturas
1774 3875 1859 3930 vel
1895 3873 1945 3931 si
1992 3874 2075 3927 vis

488 3974 938 4042 iucorporeorum
955 3971 1303 4027 accessiones
1317 3976 1638 4040 congereret
1659 3966 2075 4038 :quid,quzeso,

487 4082 517 4119 ιι
550 4064 884 4135 portemosis
908 4063 1185 4134 figmentis
1214 4072 1268 4117 et
1293 4061 1524 4133 spectris
1545 4059 1822 4132 ejusmodi
1850 4066 2072 4115 senten-

488 4160 563 4212 tia
608 4156 980 4228 discreparet?
1029 4155 1089 4210 Si
1139 4169 1271 4209 vero
1316 4153 1443 4225 quis
1474 4154 1728 4222 corporis
1776 4165 1909 4205 voce
1942 4164 2071 4219 gaw

485 4249 625 4303 dens
665 4256 720 4303 et
757 4264 786 4302 a
824 4261 1085 4317 corporea
1125 4244 1349 4300 notione
1393 4257 1503 4298 non
1547 4241 1811 4297 recedens
1839 4254 2075 4309 corpora

486 4350 683 4390 vocare
722 4335 841 4390 vult
872 4349 1073 4406 genera
1115 4342 1170 4388 et
1213 4333 1443 4404 species,
1483 4347 1608 4402 quae
1653 4332 1721 4385 de
1770 4329 2070 4385 individuis

485 4427 811 4497 corporibus
842 4425 1128 4497 praedicari
1152 4425 1439 4491 dicuntur,
1456 4424 1533 4478 nil
1556 4425 1605 4478 ei
1630 4423 2066 4490 reluctabimur;

486 4532 613 4572 nam
661 4532 865 4587 corpus
922 4517 1029 4572 hoc
1085 4526 1244 4588 pacto
1295 4516 1501 4571 dictum
1548 4529 1739 4569 omnes
1775 4514 2067 4585 praedictas

2179 3411 2278 3476 τὰς
2307 3413 2618 3484 ἐνεργείας.
2654 3415 2719 3469 Εἰ
2748 3418 2857 3487 γὰρ
2884 3416 3118 3474 ἕκαστον
3146 3420 3257 3475 τῶν
3285 3425 3767 3496 κατηγορουμένων

2178 3504 2301 3557 καθ’
2334 3504 2603 3575 ἑκατέραν
2635 3507 2747 3560 τῶν
2775 3508 3085 3580 εἰρημένων
3122 3512 3319 3583 μερίδα
3352 3514 3532 3586 σωρὸν
3559 3515 3767 3570 οἴκοθεν

2175 3595 2290 3655 τοῖς
2314 3592 2700 3664 ὑποκειμένοις
2720 3593 2754 3665 ἢ
2777 3595 2869 3649 τὸν
2889 3596 3272 3668 ἐπινοούμενον
3302 3598 3399 3654 διὰ
3417 3603 3713 3673 σωμάτων,
3732 3601 3767 3671 ἦ

2174 3683 2268 3737 τὸν
2297 3683 2405 3737 ἀπὺ
2435 3684 2536 3755 τῆς
2579 3685 2844 3757 ἰδιότητος
2870 3688 2980 3742 τῶν
3010 3690 3408 3761 πεποιωμένων
3435 3709 3458 3724 ’π
3482 3694 3531 3746 εί
3562 3692 3763 3746 τούτων

2175 3773 2407 3828 ἕκαστον
2435 3776 2551 3839 τοῖς
2580 3776 2690 3830 ὑπὸ
2716 3779 3054 3850 κατηγορίαν
3081 3781 3307 3852 ἀτόμοις
3333 3782 3581 3839 τελοῦσιν
3603 3784 3635 3857 ἢ
3662 3801 3760 3837 σω-

2176 3866 2366 3936 μάτων
2417 3867 2631 3935 φύσεις,
2680 3870 2729 3922 εἰ
2772 3869 2953 3940 βούλει
2999 3872 3057 3926 δέ
3105 3872 3485 3945 ἢάσωμάτων
3533 3875 3761 3930 ἐνετίθε-

2175 3974 2275 4011 σαν
2311 3956 2428 4028 (27)
2459 3960 2556 4013 καὶ
2600 3962 3056 4031 συνεφορτίζοντο
3090 3965 3414 4037 προσθήκας
3444 3967 3584 4038 (28),
3616 3967 3668 4020 τί
3698 3966 3760 4019 ἂν

2170 4049 2281 4105 τῶν
2330 4051 2652 4121 τερατωδῶν
2709 4054 3049 4124 πλασμάτων
3104 4073 3167 4109 τε
3219 4056 3313 4110 καὶ
3373 4059 3672 4127 φασμάτων
3726 4058 3779 4126 η’

2169 4141 2345 4196 ταῦτα
2377 4144 2799 4216 παραδεχομένη
2825 4144 3044 4218 διέφερε
3068 4147 3199 4214 δόξα
3224 4166 3250 4216 ς
3272 4150 3338 4203 Εἰ
3378 4150 3436 4203 δέ
3468 4168 3554 4214 τις
3578 4153 3641 4221 τῇ
3669 4150 3756 4201 τοῦ

2172 4231 2428 4304 σώματος
2483 4235 2667 4307 χαίρει
2710 4238 2863 4308 φωνῇ
2913 4238 3009 4292 καὶ
3050 4238 3150 4309 τῆς
3196 4242 3522 4313 σωματικῆς
3556 4240 3757 4302 ἐννοίας

2168 4326 2271 4380 οὑκ
2303 4327 2673 4398 ἀφιστάμενος
2699 4327 2928 4398 σώματα
2955 4330 3143 4384 καλεῖν
3176 4331 3352 4387 ἐθέλοι
3395 4335 3465 4388 τὰ
3503 4334 3635 4403 γένη
3666 4332 3757 4385 καὶ

2168 4418 2240 4473 τὰ
2273 4418 2414 4489 εἴδη,
2449 4419 2487 4473 ἃ
2515 4420 2625 4473 τῶν
2654 4419 2877 4490 ἀτόμων
2908 4422 3178 4493 σωμάτων
3214 4425 3643 4495 κατηγορεῖσθαι
3669 4422 3752 4475 λέ-

2168 4525 2347 4578 γεται,
2373 4510 2526 4564 οὐδὲν
2554 4510 2692 4583 πρὸς
2720 4510 2882 4565 αὑτὸν
2909 4512 3222 4585 διοισόμεθα
3247 4532 3270 4546 ν
3288 4515 3349 4569 τὸ
3377 4517 3486 4587 γὰρ
3509 4515 3649 4569 οὑτω
3672 4513 3753 4565 λε-

485 4624 651 4665 musas
679 4609 840 4679 plene
873 4624 939 4664 ac
968 4624 1105 4677 pure
1147 4607 1357 4677 etIugit,
1394 4620 1461 4661 ac
1496 4620 1592 4676 per
1615 4603 1868 4659 vocabuli
1901 4602 2065 4658 unius

2185 4601 2401 4671 γόμενον
2466 4602 2626 4673 σῶμα
2682 4601 2857 4668 λαϐὰς
2902 4603 3123 4669 ἁπάσας
3184 4605 3286 4669 τὰς
3351 4606 3751 4678 προειρημένας

484 4701 898 4758 conversionem
938 4701 995 4771 (ι.
1024 4699 1463 4768 concessionem)
1509 4705 1749 4751 mentem
1796 4694 1918 4765 ejus
1959 4695 2055 4764 qui

2185 4692 2430 4766 ιιαθαρῶς
2457 4693 2921 4764 διαπέφευγε,καὶ
2949 4696 3136 4765 φωνῆς
3161 4697 3368 4751 ἐνδόσει
3400 4697 3637 4752 διάνοιαν
3666 4711 3749 4763 φι-

484 4792 859 4863 philosophari
892 4792 1063 4862 cupit,
1103 4806 1317 4858 curare,
1350 4804 1656 4859 nunquam,
1684 4787 1902 4859 opinor,
1922 4788 2068 4859 apud

482 4900 671 4954 equos
690 4886 907 4955 iudices
944 4883 1243 4940 absurdum
1273 4883 1607 4939 censebitur.

554 4976 645 5029 ιο.
694 4974 898 5030 Verum
961 4975 1078 5029 haec
1127 4974 1348 5044 quidem
1411 4980 1497 5027 est
1562 4969 1952 5042 compendiosa
2000 4983 2067 5025 ac

480 5066 781 5122 secundum
813 5075 961 5121 tuam
998 5064 1316 5135 petitionem
1345 5069 1603 5133 suscepta
1632 5062 1701 5116 de
1730 5059 2064 5115 subaiternis

479 5158 768 5228 generibus
798 5171 864 5212 ac
908 5156 1213 5227 speciebus,
1250 5171 1374 5226 quae
1403 5156 1471 5210 de
1536 5152 1834 5208 individuis
1863 5166 2063 5223 corpo-

478 5251 632 5306 ribus
685 5250 975 5321 praedicari
1040 5249 1319 5313 dicuntur,
1382 5243 1732 5315 disceptatio,
1788 5256 1933 5313 quae,
2001 5250 2063 5295 ut

477 5342 729 5412 equidem
800 5357 1043 5408 censeo,
1104 5341 1249 5397 haud
1308 5338 1690 5411 ignobiliorem
1753 5334 2061 5391 doctrinam

476 5435 663 5502 tradit,
694 5449 859 5505 quam
905 5435 995 5489 ille
1029 5433 1125 5504 qui
1170 5431 1402 5504 Stagiris
1432 5428 1703 5485 oriundus
1740 5427 2055 5483 universam

478 5525 743 5580 Graeciam
794 5526 848 5580 in
895 5525 1110 5580 dulcem
1164 5540 1279 5580 suae
1311 5522 1599 5593 sapientiae
1637 5519 2058 5576 admirationem

479 5619 679 5688 rapuit,
727 5617 797 5673 de
838 5618 904 5673 iis
954 5617 1088 5687 ipsis
1138 5616 1520 5688 pliilosopbico
1565 5626 1720 5669 more
1760 5608 2054 5667 disseruit:

2164 4785 2412 4856 λοσοφεῖν
2424 4784 2696 4850 ἐθέλοντος
2718 4787 3043 4858 θεραπεύειν
3062 4789 3164 4842 οὑκ
3184 4786 3748 4861 ἂν,οῐμαι,φιλανθρω-

2164 4878 2293 4943 πίας
2316 4878 2614 4951 κρινούσης
2650 4880 2934 4952 νομισθείη
2962 4880 3294 4952 παράλογον.

2236 4974 2289 5025 ι’.
2331 4969 2494 5023 Ἀλλά
2538 4969 2776 5027 τοιαῦτα
2816 4971 2921 5043 μὲν
2957 4973 2990 5043 ή
3028 4972 3409 5045 κεφαλαιώδης
3449 4974 3544 5027 καὶ
3605 4966 3743 5025 κατὰ

2167 5062 2268 5133 τὴν
2317 5062 2415 5133 σὴν
2465 5062 2691 5128 ἀξίωσιν
2746 5064 2877 5134 περὶ
2919 5063 3031 5117 τῶν
3074 5064 3400 5136 ὑπαλλήλων
3444 5064 3616 5135 γενῶν
3657 5058 3745 5113 καὶ

2171 5149 2347 5213 εἰδῶν.
2378 5150 2414 5205 ἃ
2451 5151 2560 5205 τῶν
2586 5152 2807 5221 ἀτόμων
2846 5152 3066 5222 λέγεται
3095 5154 3523 5226 κατηγορεῖσθαι
3560 5149 3743 5221 σωμά-

2170 5259 2297 5306 των,
2328 5240 2692 5307 διατύπωσις·
2723 5243 2823 5297 οὑκ
2859 5242 3742 5318 ἀκομψοτέραν,οἷμαι,προ6αλλο-

2175 5334 2310 5404 μένη
2348 5334 2602 5406 θεωρίαν,
2633 5335 2667 5406 ἢ
2698 5337 2727 5389 ό
2756 5335 2827 5390 τὰ
2856 5338 3129 5410 Στάγειρα
3166 5338 3347 5410 λαχὼν
3382 5337 3615 5409 πατρίδα
3652 5332 3742 5387 καὶ

2170 5424 2268 5498 τὴν
2307 5426 2586 5497 Ἑλληνίδα
2606 5428 2787 5482 πᾶσαν
2814 5430 2895 5493 είς
2917 5428 3104 5501 θαῦμα
3132 5431 3308 5500 γλυκὺ
3341 5435 3440 5503 τῆς
3457 5428 3619 5485 αὑτοῦ
3654 5443 3740 5480 σο-

2148 5516 2297 5601 φίας
2324 5517 2662 5589 ἐπιστρέψας
2688 5520 2816 5590 περί⁵
2839 5520 3019 5575 αὐτῶν
3035 5522 3659 5597 ἐφιλοσόφη[,φειῖ-φησε
3672 5515 3733 5584 η’

2168 5608 2461 5683 τοῦτομὲν
2515 5611 2655 5682 μετά
2704 5611 2905 5685 πολλὴν
2941 5614 3071 5686 περὶ
3102 5614 3215 5670 τῶν
3247 5615 3420 5685 γενῶν
3463 5612 3556 5669 καὶ
3589 5603 3735 5659 εἱδῶν

1948 5721 2180 5781 NOTAE.

546 5843 656 5912 (‘26)
690 5841 814 5895 Vat.
846 5859 893 5912 :__
908 5840 1267 5912 μεταποιήσῃ.

550 5905 659 5971 i217)
700 5912 792 5965 Sic
852 5905 1017 5979 vss;
1069 5905 1246 5966 Catil:
1282 5909 1389 5979 Ap.
1442 5905 1761 5963 ἀνετίθεσαν
1813 5912 2051 5962 correct.

2160 5824 2369 5908 postea.

2232 5906 2345 5978 (28)
2378 5908 2500 5965 Cal.
2530 5906 2670 5979 πρὸς
2778 5909 2978 5980 θήκας.
