4158 6440
520 349 629 415 489

1438 347 1540 406 AD
1568 344 2158 406 AMPHILOCHIUM
2218 342 2562 416 QUIESTIO
2592 343 2913 404 LXXVIII.

3670 337 3779 400 490

524 458 719 528 σχολὴν
759 455 853 511 καὶ
884 454 1077 526 τριϐὴν
1102 452 1469 523 τερετίσματα
1506 452 1683 506 ταῦτα
1713 452 1970 515 καλέσας,
2004 453 2103 505 καὶ

2224 453 2303 522 ιιιὶ
2340 453 2499 507 modo
2519 460 2643 522 post
2667 452 2896 506 multum
2923 449 3163 505 studium
3215 449 3548 518 longamque
3584 454 3793 502 exerci-

520 550 631 604 τῶν
663 548 874 602 πολλῶν
902 548 1031 617 περὶ⁵
1053 544 1194 600 αὐτὰ
1222 543 1400 597 πόνων
1419 543 1611 613 ὥσπερ
1639 543 1832 613 ποινὴν
1858 546 2111 599 ἀπαιτεῖν

524 642 664 696 αύτά
688 640 787 711 τὴν
823 639 982 710 ῦϐριν
1010 636 1361 708 ὡρμημένος,
1386 634 1545 689 τοῦτο
1576 635 1634 689 δὲ
1668 636 1762 688 καὶ
1790 636 1871 697 είς
1893 635 1954 687 τὸ
1998 653 2114 705 μη-

523 736 613 788 δὲν
630 734 691 786 τὸ
715 731 1029 802 τηλικοῦτον
1045 729 1489 801 ἀπορῤιψάμενος
1514 727 1858 798 σπούδασμα.
1879 728 1944 780 Ἡ
1971 728 2107 798 μέν-

525 837 608 873 τοι
638 837 700 888 γε
732 820 837 873 τῶν
864 820 993 872 δέκα
1011 818 1188 886 γενῶν
1213 816 1488 887 προσεχὴς
1514 816 1611 871 καλ¹
1637 817 1844 884 ἀμεσος
1879 817 1991 871 τῶν
2020 818 2115 871 ὑπ’

530 911 673 965 αύτά
716 909 1013 963 τελούντων
1064 907 1372 979 κατηγορία
1440 909 1573 978 (ἔχει
1614 909 1723 980 γάρ
1759 926 1814 962 τι
1849 910 1943 962 καὶ
1975 908 2115 979 αὑτὴ

531 996 1139 1076 βαθύτερον,οῐμαι,τῆς
1167 1000 1276 1054 τῶν
1306 998 1685 1067 παλαιοτέρων
1709 999 1870 1070 δόξης
1899 1000 1994 1052 καὶ
2027 1017 2115 1067 φι-

528 1092 803 1163 λοσοφίας)
854 1092 1047 1163 ἑτέρας
1086 1093 1280 1162 ἔτυχεν
1329 1091 1729 1163 ἀκριϐεστέρας
1784 1093 2114 1159 ἐπισκοπῆς.

524 1186 606 1239 ἔτι
652 1186 773 1248 ταῖς
817 1183 1188 1247 διαλεκτικαῖς
1231 1182 1710 1254 ἐνασχολουμένων
1742 1183 1903 1255 ἡμῶν
1956 1181 2116 1253 μελέ-

521 1289 667 1340 ταις,
701 1274 868 1343 ἡνίκα
894 1276 988 1328 καὶ
1012 1275 1240 1336 πολλοὺς
1262 1275 1460 1337 παῖδας
1473 1273 1756 1338 ὠδίνοντες
1779 1275 1830 1327 οἱ
1859 1274 2007 1341 λόγοι
2037 1274 2119 1335 είς

523 1362 643 1431 φῶς
674 1362 970 1416 ἀπέτικτον
1020 1365 1122 1432 τῆς
1155 1360 1371 1425 πολλοῖς
1401 1363 1614 1432 χρόνοις
1648 1362 1715 1415 δι’
1746 1361 1989 1425 ἐπινοίας
2020 1361 2115 1415 ἀν-

520 1452 668 1523 δρῶν
699 1454 1036 1523 παρανόμων
1074 1452 1571 1522 ἐναποσϐεσθείσης
1605 1452 1844 1524 θεωρίας
1863 1468 1877 1483 ο
1906 1451 2118 1505 ἐκεῖθεν

521 1542 619 1598 οὖν
661 1546 755 1597 καὶ
800 1545 895 1597 ἀπ’
938 1546 1157 1615 ἐκείνης
1198 1546 1299 1613 τῆς
1335 1545 1668 1616 γυμνασίας,
1708 1544 1745 1598 ἃ
1775 1543 1987 1597 πολλῶν
2019 1542 2115 1613 ἐμ-

526 1635 764 1705 προσθεν
786 1635 945 1689 ἔλαθε
970 1637 1069 1707 τὴν
1098 1636 1353 1706 σπουδὴν,
1375 1636 1547 1689 ταῦτα
1572 1636 1703 1707 ῥᾷόν
1734 1637 1850 1688 ἐστι
1877 1626 1991 1697 τοῖς
2019 1634 2116 1687 νῦν

526 1727 636 1781 ἀπὸ
675 1727 775 1797 τῆς
814 1729 968 1798 ίερᾶς
1006 1727 1227 1796 ἐκείνης
1268 1727 1434 1796 γονῆς
1471 1726 1892 1796 φιλοσοφοῦσιν·
1936 1727 2021 1796 εἴη
2060 1726 2118 1779 δὲ

2214 546 2474 600 talionem
2518 543 2667 600 circa
2711 558 2910 613 genera
2956 552 3010 596 et
3060 542 3271 613 species
3341 542 3532 597 inanes
3570 541 3795 596 cithara:

2214 635 2478 704 strepitus
2522 635 2627 690 ista
2658 634 2873 689 vocavit
2918 643 2973 687 ct
3022 633 3273 689 diuturni
3308 635 3455 690 circa
3482 649 3544 689 ea
3590 634 3796 692 laboris

2213 726 2370 797 quasi
2402 739 2621 797 [mnam
2654 728 2878 796 exigere
2907 741 3003 796 per
3044 726 3186 782 hanc
3230 727 3624 781 contumeliam
3658 742 3790 781 cen-

2215 820 2346 885 suit,
2378 820 2540 875 modo
2573 828 2756 874 autem
2784 821 2953 874 etiam
2978 820 3104 887 quia
3151 818 3206 873 in
3249 819 3483 874 nihilum
3520 819 3793 889 ejusmodi

2216 910 2460 966 studium
2519 925 2586 964 ac
2644 909 2889 964 laborem
2939 908 3154 978 dejecit.
3234 907 3490 963 Proxima
3549 924 3682 964 vero
3744 918 3799 963 et

2214 1002 2532 1057 immediata
2560 1002 2747 1057 decem
2782 1016 3072 1073 generum,
3102 1016 3224 1071 qua:
3272 1002 3373 1057 sub
3409 1002 3528 1072 ipsa
3568 1002 3796 1069 cadunt,

2217 1093 2530 1159 praedicatio
2574 1093 2763 1163 (habet
2806 1091 2956 1147 enim
3003 1101 3057 1146 et
3108 1092 3224 1161 ipsa
3264 1090 3590 1161 profundius
3632 1092 3799 1163 quid-

2216 1186 2387 1253 piam,
2420 1198 2586 1253 quam
2618 1194 2832 1239 veteres
2879 1183 3160 1239 senserint
3201 1192 3257 1238 et
3286 1182 3596 1253 tractarint)
3632 1183 3797 1238 aliain

2198 1288 2454 1343 eamque
2505 1275 2914 1329 accuratiorem
2970 1282 3134 1329 nacta
3185 1282 3273 1329 est
3316 1273 3797 1343 disquisitionem,

2218 1378 2345 1417 cum
2389 1362 2573 1417 adhuc
2618 1362 2927 1417 dialecticis
2952 1374 3278 1416 vacaremus
3322 1359 3541 1423 studiis,
3576 1360 3802 1428 quando

2216 1465 2273 1511 et
2306 1456 2511 1511 multos
2550 1454 2693 1510 ﬁlios
2724 1458 2780 1509 in
2818 1454 2997 1509 lucem
3024 1454 3318 1509 ediderunt
3362 1453 3484 1508 libri
3520 1453 3803 1523 explican—

2220 1557 2303 1603 tes
2331 1547 2645 1603 doctrinam
2686 1545 2875 1601 multis
2904 1546 3015 1616 jam
3044 1547 3209 1600 annis
3250 1545 3439 1601 solerti
3481 1545 3800 1614 iniquorum

2219 1639 2465 1693 virorum
2497 1638 2737 1694 consilio
2775 1638 3104 1694 exstinctam
3131 1654 3146 1701 ;
3174 1638 3300 1693 inde
3329 1637 3495 1706 igitur
3531 1646 3586 1691 et
3612 1652 3681 1692 ex
3710 1637 3800 1691 illa

2218 1732 2622 1788 exercitatione
2651 1746 2773 1801 qua:
2804 1732 3044 1801 plurium
3074 1739 3234 1785 antea
3264 1730 3445 1787 studia
3472 1728 3803 1799 cll‘ugerunt,

525 1820 638 1881 τοῖς
679 1817 800 1888 μεθ’
828 1820 974 1888 ἡμᾶς
1006 1819 1103 1872 καὶ
1130 1817 1402 1887 ἀνθούσης
1430 1819 1521 1872 καὶ
1554 1817 1994 1889 ἐνωραῖζομένης
2020 1819 2117 1871 σὺν

2224 1825 2340 1880 haec
2376 1824 2593 1880 facilius
2618 1826 2908 1880 desumere
2939 1834 3219 1895 poterunt,
3247 1824 3341 1892 qui
3374 1838 3523 1878 nunc
3549 1839 3614 1876 ex
3647 1836 3803 1876 sacra

525 1909 604 1978 τῷ
629 1909 819 1980 δικαίῳ
861 1911 1005 1980 λόγῳ
1068 1910 1249 1979 λέγειν
1324 1910 1643 1975 ἀλαζονείας
1706 1927 1767 1964 τε
1807 1909 1995 1981 πόρρω
2024 1908 2117 1962 καὶ

525 2003 593 2072 δὴ
622 2003 717 2058 καὶ
740 2005 801 2056 ού
824 2002 1148 2074 νεμεσητόν.

1060 2201 1396 2255 ΕΡΩἸῊΣΙΣ
1433 2202 1561 2256 ΟΗ¹.

542 2292 797 2364 Ἆπρρίαι
836 2292 935 2364 καὶ
961 2293 1175 2364 λύσεις
1208 2290 1380 2364 [τῶν]
1414 2292 1490 2364 ἐκ,
1512 2291 1620 2345 τοῦ
1646 2292 1784 2360 περὶ
1828 2290 1964 2364 rio?)
1984 2291 2114 2364 δευ-

600 2363 773 2429 τέρου
803 2362 991 2431 λόγου
1019 2363 1131 2431 (29)
1160 2362 1267 2417 τόῦ
1306 2362 1605 2431 Θέογίόγου
1645 2362 1979 2431 Γρηγορίου
2005 2362 2114 2415 dr-

607 2430 964 2500 τιρῤητικῶν
985 2429 1083 2485 καί
1111 2429 1485 2503 δογματικῶν
1503 2429 1678 2500 ἱερῶν
1704 2429 2066 2501 ζητημάτων.

2223 1916 2317 1970 illa
2345 1916 2534 1971 sobole
2564 1916 3043 1986 philosophantur.
3086 1916 3262 1981 Quam
3297 1914 3542 1969 sobolem
3593 1913 3803 1968 utinam

2218 2009 2435 2078 posteri
2464 2017 2520 2063 et
2550 2008 2835 2064 ﬂorentem
2863 2016 2918 2063 et
2955 2016 3207 2063 ornatam
3232 2007 3384 2077 justa
3416 2022 3543 2062 cum
3590 2004 3805 2060 ratione

2226 2102 2375 2157 citra
2407 2100 2609 2157 fastum
2640 2111 2806 2171 atque
2841 2100 3103 2156 invidiam
3133 2100 3411 2170 appellare
3444 2099 3681 2169 queant!

2333 2192 2666 2261 QUA‘ISTIO
2708 2191 2998 2249 LXXVIII.
3053 2193 3151 2265 [αι.
3181 2193 3348 2249 Coisl.
3383 2190 3549 2246 Tuur.
3584 2188 3694 2259 CI].

2224 2287 2572 2358 Diﬂicultates
2603 2301 2651 2344 et
2680 2287 2965 2341 solutiones
2996 2286 3434 2358 ιίοέριιαιὶειινιιιῃ⁸
3452 2292 3501 2334 et
3522 2279 3800 2358 Διιιιςὶνζίιεσ

2295 2348 2523 2412 ῖίοατιιηι
2560 2359 2920 2428 quwstiongm
2945 2373 3009 2411 ex
3067 2348 3314 2426 Gregorii
3371 2352 3619 2420 Tlteotogi
3665 2348 3805 2405 Ora-

2298 2429 2441 2483 tione
2470 2424 2700 2482 secunda
2726 2427 2790 2481 de
2811 2424 2980 2481 Filio.

1586 2564 1728 2614 Nunc
1747 2567 1962 2627 primum
1986 2564 2119 2614 edita
2142 2578 2168 2614 a
2198 2565 2259 2616 D.
2278 2562 2695 2627 Hergenroether.

600 2677 669 2724 α’.
695 2669 809 2722 Οὐκ
832 2668 1016 2738 ἠξίουν
1046 2668 1222 2738 ἔγωγε
1259 2670 1525 2743 ῥημάτων
1562 2671 1847 2741 πατρικῶν
1876 2671 2117 2724 διάνοιαν

530 2763 611 2825 είς
644 2761 880 2831 μάθησιν
921 2760 1097 2814 ἐλθεῖν
1128 2762 1429 2832 ἐπιζητεῖν,
1458 2762 1521 2816 ὃν
1545 2762 1574 2816 ὃ
1612 2780 1672 2815 τε
1700 2762 1895 2833 χρόνος
1931 2763 2027 2816 καὶ
2055 2763 2118 2816 τὸ

530 2853 661 2923 περὶ
707 2854 804 2916 τὰς
852 2851 1081 2920 λογικὰς
1122 2853 1349 2923 ἐφόδους
1375 2853 1665 2923 φιλόπονον
1695 2854 1926 2907 καὶτῶν
1958 2853 2118 2925 ἱερῶν

528 2946 741 3015 Λογίων
765 2947 800 3015 ἡ
825 2943 989 3016 σχολὴ
1012 2946 1219 3017 ἑτέροις
1246 2945 1637 3017 προκαθίζουσι
1663 2946 1874 3001 πολλῶν
1904 2947 1998 2999 καὶ
2019 2963 2120 2998 κα-

529 3036 638 3089 λῶν
671 3036 1011 3107 μαθημάτων
1033 3035 1354 3090 διδάσκαλον
1374 3052 1390 3066 ο
1418 3036 1559 3106 πλὴν
1585 3036 1707 3089 ἐπεί
1734 3052 1837 3100 σοι,
1866 3034 2119 3106 καθάπερ

529 3128 638 3180 τῶν
679 3128 886 3181 παίδων
922 3130 970 3181 οἱ
1015 3128 1402 3200 φιλοπάτορες,
1434 3128 1537 3182 κᾶν
1581 3128 1683 3199 ἥδη
1725 3127 1848 3181 καθ’
1896 3129 2122 3189 ἑαυτοὺς

530 3218 776 3287 ἀκριϐῶς
807 3218 869 3271 τὸ
914 3220 1190 3292 πρακτέον
1237 3221 1555 3291 συνορῶσιν,
1586 3221 1737 3291 ὅμως
1762 3222 1878 3283 τοῖς
1921 3236 2121 3291 πατρι-

530 3312 649 3373 κοῖς
682 3309 1045 3382 βουλεύμασιν
1072 3311 1522 3383 ὲπιστηρίζεσθαι
1546 3312 1797 3375 θέλοντες
1823 3313 1902 3374 είς
1926 3312 2123 3375 αὐτοὺς

531 3402 826 3473 ἀφορῶσιν,
856 3402 1029 3467 οὓτως
1060 3404 1157 3457 καὶ
1176 3403 1336 3468 αὐτὸς
1368 3404 1653 3475 αὐτάρκης
1700 3404 1777 3458 ῶν
1809 3404 2124 3458 ἐπιλύεσθαι

532 3492 633 3555 τὰς
657 3495 1079 3558 ἀνακυπτούσας
1112 3495 1339 3564 λογικὰς
1359 3495 1821 3566 ἀμφισϐητήσεις,
1860 3495 1996 3565 πρὸς
2023 3495 2125 3566 τὴν

534 3584 810 3655 ἡμετέραν
859 3586 1011 3656 ὅμως
1059 3586 1272 3657 ἀφορᾷν
1317 3586 1539 3655 ἔκρινας
1587 3585 1835 3657 γνώμην,
1890 3588 1987 3638 καὶ
2032 3585 2124 3639 τὸν

535 3673 876 3746 φιλοπάτορα
919 3678 995 3748 μὴ
1029 3677 1383 3749 καθυϐρίζειν
1411 3678 1733 3750 ἐδοκίμασα,
1768 3678 1863 3733 καὶ
1903 3678 1965 3732 τὸ
1996 3680 2127 3749 περὶ

536 3766 605 3819 τά
637 3768 805 3821 τέκνα
833 3770 1001 3840 τιμᾷν
1034 3769 1133 3840 οὐχ
1158 3764 1321 3843 ἦττον
1351 3771 1578 3842 εἱλόμην
1622 3770 2014 3843 φιλόστοργον·
2047 3771 2130 3824 διὸ

535 3858 634 3909 καὶ
667 3857 766 3911 τοῦ
792 3858 988 3929 καιροῦ
1021 3860 1081 3914 τὸ
1109 3860 1414 3932 βαρύτατον
1429 3862 1524 3915 καὶ
1537 3861 1646 3915 τῶν
1671 3861 2036 3934 ὑπογραφέων
2066 3863 2129 3917 τὸ

535 3945 740 4015 ἄπορον
778 3948 841 4001 τδ
868 3942 1030 4020 ἦττον
1073 3948 1199 4019 ἔσχε
1217 3951 1504 4020 ιτάναντία
1544 3950 1808 4020 πράττειν
1842 3952 1943 4023 τῆς
1971 3954 2129 4024 αίτή-

540 4050 677 4098 σεως
712 4034 1059 4108 βιαζόμενον.

611 4127 676 4199 β’.
725 4126 832 4183 Τοῦ
878 4129 977 4200 μὲν
1017 4130 1112 4185 οὖν
1160 4129 1517 4199 προτεθέντος
1544 4151 1627 4188 σοι
1665 4132 1983 4206 ζητήματος
2013 4133 2128 4204 (50)

535 4219 567 4271 ὁ
588 4218 712 4283 νοῦς
730 4222 912 4291 σαφής
932 4239 991 4275 τε
1014 4222 1110 4277 καὶ
1133 4224 1390 4295 οὐδεμιᾶς
1410 4225 1728 4298 ἑρμηνείας,
1752 4220 2127 4296 οἷμαμδεόμε-

537 4324 655 4372 νοςσ
678 4312 712 4380 ἡ
739 4310 795 4364 δὲ
815 4312 910 4365 τοῦ
934 4313 1093 4381 λόγου
1121 4316 1410 4388 συμπλοκὴ
1434 4318 1548 4388 ἔχει
1570 4335 1623 4371 τι
1647 4318 2130 4389 συνεστραμμένον

538 4401 633 4455 καὶ
662 4402 921 4473 δεόμενον
963 4406 1043 4468 είς
1074 4406 1320 4461 διάλυσιν
1354 4408 1721 4480 ἐπισκέψεως.
1752 4411 1863 4463 Καὶ
1887 4410 1997 4481 γὰρ
2033 4410 2129 4463 καὶ

538 4497 572 4547 ό
595 4497 740 4564 Θεὸς
762 4499 860 4553 καὶ
885 4502 919 4554 ό
942 4501 1146 4569 Πατὴρ
1168 4502 1262 4555 ἐπὶ
1284 4502 1378 4557 τοῦ
1409 4505 1566 4559 ἐνανθ
1576 4506 1933 4575 ρωπῆσαντος
1953 4504 2128 4573 Λόγου

542 4589 736 4660 ῥηθείη
770 4590 858 4655 ἂν,
885 4591 1021 4645 ἀλλά
1044 4592 1235 4665 Πατὴρ
1264 4595 1364 4664 μὲν
1402 4595 1607 4666 κυρίως
1636 4595 1732 4651 τοῦ
1762 4597 1959 4663 Λόγου,
1995 4595 2129 4659 Θεὸς

538 4680 597 4733 δὲ
625 4681 829 4753 κυρίως
855 4683 952 4736 τοῦ
979 4684 1426 4757 προσλήμματοςο
1446 4685 1638 4755 ῶσπερ
1660 4688 1753 4741 καὶ
1776 4688 1909 4753 Θεὸς
1938 4688 2039 4756 μὲν
2064 4686 2126 4740 ού

543 4771 766 4840 κυρίωςῐ
788 4772 883 4826 τοῦ
910 4775 1107 4844 Λόγου,
1147 4776 1269 4829 οὐδὲ
1304 4776 1494 4848 Πατὴρ
1527 4779 1622 4831 τοῦ
1657 4779 2086 4851 προσλήμματος
2108 4795 2122 4809 ⁸

2291 2670 2345 2726 1.
2386 2669 2507 2725 Non
2563 2671 2616 2725 id
2664 2685 2767 2741 ego
2814 2669 2949 2723 mihi
2998 2679 3352 2737 arrogavero,
3396 2674 3455 2718 ut
3487 2678 3516 2715 a
3566 2677 3654 2717 me
3703 2661 3801 2714 tibi

2222 2761 2487 2832 explicari
2519 2760 2622 2816 SS.
2657 2759 2885 2816 Patrum
2917 2761 3081 2815 verba
3111 2768 3345 2829 peteres,
3378 2770 3543 2827 quem
3590 2764 3645 2808 et
3674 2763 3808 2808 tetas

2222 2865 2277 2908 et
2316 2851 2669 2908 rationalium
2723 2852 2925 2907 artium
2975 2851 3218 2907 studium
3261 2856 3318 2905 et
3363 2862 3651 2904 sacrorum
3690 2846 3807 2900 elo-

2225 2946 2487 3014 quiorum
2517 2945 2845 3002 exercitatio
2870 2944 2996 2999 aliis
3029 2943 3337 3015 prteiiciunt
3366 2941 3662 2996 multarum
3709 2952 3810 2991 no-

2226 3037 2535 3107 biliumque
2586 3036 3001 3106 disciplinarum
3068 3042 3482 3106 praeceptorem.
3538 3030 3809 3097 Quoniam

2228 3136 2413 3183 tamen
2444 3137 2525 3195 tu,
2554 3136 2614 3183 ut
2646 3128 2745 3183 ﬁlii
2783 3128 3093 3198 genitorum
3124 3131 3397 3190 amantes,
3444 3122 3668 3179 tametsi
3715 3135 3812 3190 per

2226 3235 2286 3274 se
2328 3219 2480 3289 ipsos
2527 3219 2734 3289 optime
2780 3217 2912 3289 quid
2958 3217 3066 3273 sibi
3110 3214 3425 3271 faciendum
3476 3212 3807 3285 percipiant,

2227 3324 2409 3365 tamen
2451 3310 2698 3381 paternis
2743 3309 2995 3366 consiliis
3042 3307 3201 3363 inniti
3229 3308 3514 3376 cupientes
3562 3305 3619 3359 in
3661 3303 3811 3373 ipsos

2228 3402 2555 3473 respiciunt,
2585 3401 2657 3457 ita
2689 3412 2744 3457 et
2783 3410 2837 3457 tu
2868 3401 3006 3472 ipse,
3041 3414 3169 3455 cum
3206 3396 3444 3454 sullicias
3485 3393 3811 3466 emergenti-

2230 3494 2333 3549 bus
2389 3492 2842 3564 ambiguitatibus
2885 3491 3279 3555 dissolvendis,
3330 3498 3576 3544 nostram
3626 3494 3811 3542 tamen

2228 3583 2560 3640 sententiam
2604 3583 2863 3653 requiris,
2895 3582 3062 3637 statui
3092 3590 3147 3635 et
3174 3590 3268 3635 tuo
3314 3580 3368 3632 in
3397 3586 3607 3647 patrem
3638 3574 3811 3630 amori

2230 3691 2342 3730 non
2376 3689 2504 3730 esse
2540 3674 2783 3744 iniurius
2810 3684 2866 3729 et
2892 3675 3058 3729 simul
3101 3688 3241 3728 meae
3274 3674 3326 3726 in
3359 3672 3503 3725 illius
3531 3667 3815 3724 dilectioni

2232 3775 2539 3846 indulgere.
2570 3771 2783 3827 Idcirco
2810 3779 2869 3826 et
2897 3766 3288 3823 molestissima
3314 3761 3581 3833 temporis
3614 3758 3817 3827 iniqui-

2231 3876 2316 3924 tas
2350 3878 2406 3923 et
2450 3866 2757 3923 scribarum
2794 3862 3023 3933 penuria
3073 3874 3183 3914 non
3211 3856 3392 3928 potuit
3419 3869 3510 3911 me
3534 3853 3626 3941 -ab
3655 3851 3818 3907 obse-

2230 3958 2452 4030 quendo
2482 3956 2777 4028 postulatis
2807 3954 2916 4010 tuis
2937 3954 3240 4009 deterrere.

2298 4135 2356 4192 2.
2403 4130 2739 4201 Quaestionis
2790 4130 2975 4199 itaque
3040 4143 3072 4182 a
3142 4134 3197 4179 te
3264 4123 3559 4195 propositae
3615 4135 3815 4177 sensus

2229 4230 2415 4285 clarus
2447 4237 2534 4285 est
2563 4240 2664 4281 nec
2705 4225 2837 4290 ulla,
2872 4230 3026 4292 puto,
3079 4217 3285 4287 indiget
3328 4215 3813 4286 interpretatione;

2231 4320 2506 4378 orationis
2527 4328 2714 4375 tamen
2742 4313 3052 4386 complexio
3077 4311 3243 4366 habet
3264 4310 3396 4381 quid
3433 4307 3815 4369 convolutum,

2229 4413 2375 4483 quod
2406 4412 2545 4468 bene
2569 4407 2805 4480 expendi
2839 4406 3002 4461 debet
3036 4412 3100 4459 ut
3130 4402 3484 4459 dissolvatur.
3520 4398 3736 4454 Etenim
3763 4405 3819 4451 et

2228 4504 2371 4558 Deus
2398 4513 2453 4558 et
2479 4501 2640 4556 Pater
2684 4500 2751 4555 de
2784 4499 3070 4553 incarnato
3101 4494 3281 4550 Verbo
3310 4493 3569 4550 afﬁrmari
3606 4499 3815 4562 potest;

2230 4608 2287 4654 at
2318 4598 2479 4653 Pater
2522 4595 2741 4667 quidem
2776 4592 2996 4664 proprie
3034 4588 3225 4656 Verbi,
3273 4588 3419 4644 Deus
3443 4600 3577 4641 vero
3599 4583 3820 4654 proprie

2233 4698 2531 4759 assumptae
2581 4685 2964 4749 humanitatis,
3011 4684 3173 4739 sicuti
3230 4698 3329 4736 nec
3360 4679 3582 4751 proprie
3616 4676 3821 4732 dicitur

2235 4777 2379 4832 Deus
2438 4774 2603 4830 Verbi
2670 4790 2772 4830 nec
2830 4772 2993 4829 Pater
3054 4781 3349 4841 assumpta}
3410 4766 3815 4831 humanitatis;

540 4860 681 4914 ὥστε
714 4862 896 4916 καὶτὸ
942 4866 1160 4934 κυρίως
1199 4869 1295 4921 καὶ
1321 4869 1395 4921 οὐ
1429 4869 1649 4936 κυρίως
1685 4870 1779 4923 ἐπί
1803 4888 1863 4923 τε
1887 4872 1981 4925 τοῦ
2014 4872 2121 4925 Πα-

2234 4885 2406 4941 quare
2430 4884 2595 4924 voces
2621 4869 2739 4923 ista:
2766 4868 2979 4938 proprie
3006 4874 3062 4921 et
3103 4884 3207 4921 non
3238 4865 3448 4934 proprie
3472 4863 3540 4918 de
3567 4859 3728 4916 Patre
3764 4868 3820 4913 et

541 4951 960 5025 τρὸς,φημ“ι,καὶ
994 4956 1090 5010 τοῦ
1111 4957 1247 5011 Θεοῦ
1277 4959 1592 5043 εὑρίσκεται
1616 4963 2023 5032 προαγόμενονο
2065 4964 2121 5017 τὸ

2236 4964 2306 5020 de
2347 4964 2460 5020 Deo
2504 4963 2858 5033 reperiuntur
2888 4961 3151 5031 prolatae;
3200 4974 3303 5014 vox
3330 4955 3553 5029 quidem
3584 4953 3815 5025 proprie,

2070 5097 2306 5154 NOTAE.

612 5204 728 5274 (29)
760 5206 916 5276 Apud
950 5206 1333 5265 'Montl‘aucon
1400 5227 1465 5266 ex
1521 5213 1646 5268 cod.
1712 5214 1880 5270 Coisl.
1939 5217 2134 5274 titulus

548 5276 811 5359 mendose
841 5278 1032 5359 incipit
1063 5299 1077 5335 :
1119 5280 1214 5334 Ἐκ
1245 5281 1342 5359 τοῦ
1367 5284 1497 5359 περὶ.
1526 5280 1700 5359 τοῦῌβ¹
1734 5285 1920 5359 λόγου3

621 5347 734 5424 (ἰᾷθ)
760 5347 1275 5424 Quaestiqversatur
1297 5347 1454 5424 circa
1478 5353 1593 5408 haec
1616 5347 1861 5424 Gregorii
1899 5354 2132 5412 Nazian-

548 5418 668 5501 ἔξω
696 5419 952 5501 'verba-ex
981 5418 1137 5501 Grant:
1154 5421 1189 5475 2
1207 5422 1272 5501 de
1296 5420 1436 5501 Filio
1448 5426 1573 5501 “sive
1594 5418 2131 5501 iAdchieo_|.__(0rat.

546 5485 739 5564 étied.
792 5488 913 5564 Bill.
947 5491 1177 5564 p.582;
1231 5490 1382 5564 Orat.
1406 5492 1498 5559 50,
1523 5509 1573 5564 ιε,
1630 5494 1685 5556 8,
1747 5510 1803 5564 p.
1863 5485 1989 5561 545,
2041 5500 2128 5553 ed.

547 5554 795 5636 Clem.)_:_
825 5554 960 5636 Θεὸς
982 5561 1038 5613 δὲ
1060 5554 1287 5636 λέγοιτοΔ
1304 5562 1457 5636 amor}
1484 5554 1576 5617 τοῦ
1602 5554 1801 5636 Λόγοῦ,
1835 5567 1929 5636 τοῦ
1977 5554 2127 5636 ’ὁρω-

556 5625 718 5707 μένου
743 5628 800 5679 δὲ
826 5628 989 5707 ’.πῶς
1010 5629 1120 5707 γὰρ
1139 5625 1209 5707 ἂν
1236 5633 1325 5707 εἴη
1360 5631 1460 5707 τοῦ
1515 5625 1719 5707 {cupwa
1750 5625 1904 5707 9505
1958 5625 2090 5698 θέός
2106 5653 2122 5702 ἶ

549 5698 746 5777 ὥσπερ
772 5698 867 5777 καὶ
898 5698 1122 5777 Πατῇνρ,
1145 5701 1208 5757 οὐ
1237 5698 1328 5777 tot?)
1351 5698 1651 5777 ὁρωμένου,
1680 5703 1779 5777 τοῦ
1800 5706 1974 5772 Λόγου
2023 5707 2079 5759 δέ
2107 5698 2121 5740 ί

556 5762 650 5817 καὶ
680 5762 786 5823 γὰο
818 5763 888 5827 ἦν
940 5762 1157 5836 διπλοῦς
1196 5789 1208 5803 ·
1246 5762 1479 5827 ῶστέτὸ
1508 5772 1608 5843 μὲν
1641 5762 1858 5847 ⁷κυρίως
1886 5762 1974 5830 ἐπ’
2018 5777 2124 5849 ἀμ-

2232 5222 2376 5288 φοῖν,
2400 5218 2463 5273 τὺ
2492 5218 2549 5271 δὲ
2578 5218 2640 5271 οὐ
2681 5218 2888 5287 κυρίως
2942 5214 3203 5288 ἐναντίως
3237 5208 3508 5288 ῆ-[ιξικδὲῖ
3541 5209 3626 5288 ἐφ’
3659 5206 3817 5288 ἡμῶν

2230 5278 2378 5359 ἔχει.ζ
2406 5288 2568 5359 ἡμῶν
2592 5291 2703 5360 γὰρ
2734 5278 2943 5360 κυρίως
2977 5284 3235 5360 μὲν-Θεὸς
3258 5278 3479 5360 ’ῥ’Θερς,
3497 5278 3589 5360 ὀύ
3608 5278 3816 5360 κυρίως·

2229 5352 2291 5414 δὲ
2314 5352 2504 5429 Πατῆρ
2528 5377 2542 5391 ·
2582 5352 2684 5413 καῖ
2710 5352 2867 5429 τοῦτό
2896 5352 3041 5429 ἐστιν
3068 5354 3097 5407 ὃ
3150 5356 3314 5429 ποιεῖΔ
3346 5354 3457 5429 τοῖς
3519 5352 3818 5429 αίρετικοίς

2230 5432 2330 5498 τὴν
2369 5420 2601 5499 πλάνην,
2640 5428 2808 5499 ἡτῶν
2846 5426 3131 5499 ὀνομάτων
3187 5423 3488 5499 ἐπίζευξις,
3545 5420 3815 5499 ἐπμλλατ-

2228 5491 2478 5571 τομένων
2507 5491 2616 5553 τῶν
2648 5491 2928 5571 ὀνομάτων
2945 5491 3049 5550 ’διὰ
3082 5494 3179 5571 τὴν
3220 5495 3571 5571 σύγκρασινι-
3598 5491 3677 5545 Ad
3699 5501 3818 5571 tex—

2236 5561 2349 5625 ιυὶη
2380 5569 2543 5625 Joan.
2571 5587 2662 5633 xx,
2696 5561 2761 5621 l7
2797 5569 2911 5621 INBC
2965 5561 3260 5636 pertinent.
3302 5561 3476 5617 Hunc
3531 5561 3817 5636 Greg.__lo-

2234 5657 2357 5695 cum
2388 5630 2657 5710 explanat
2688 5637 2745 5692 S.
2783 5630 3058 5717 Maximus
3088 5634 3162 5690 De
3213 5636 3373 5689 rariis
3405 5643 3453 5686 et
3514 5630 3815 5757 digciiibtu

2234 5711 2361 5757 lori:
2388 5728 2405 5757 :
2434 5712 2523 5757 mi-
2554 5709 2648 5757 Fr.
2678 5709 2896 5757 ()ehler.
2920 5707 3093 5757 llalis.
3122 5706 3260 5757 1857
3294 5722 3345 5757 n.
3368 5703 3577 5757 248-25
3621 5743 3633 5757 .

2233 5711 2361 5765 locis
2386 5728 2405 5777 ,'
2434 5703 2523 5767 ed.
2554 5709 2648 5766 Fr.
2678 5709 2896 5775 Oehler,
2919 5707 3093 5773 llalis,
3122 5706 3260 5763 1857
3290 5722 3345 5777 p.
3368 5703 3633 5761 258-253.
