2079 3219
234 163 249 193 4
254 162 286 196 91

813 164 946 194 PHOTII
966 163 1218 194 PATRIARCHE
1234 163 1289 193 CP;

1820 163 1873 196 (92

234 218 346 255 quando
361 217 442 247 Pater
465 217 554 246 Verbo
568 218 727 254 adiungitur
742 224 769 246 et
785 219 856 247 Deus
879 223 1011 254 assumpt:

1063 217 1130 253 ,μὲν
1153 218 1264 253 κυρίως
1293 216 1340 244 τοῦ
1367 216 1474 253 Πατρός
1498 217 1537 253 τῷ
1554 217 1634 253 Λόγῳ
1653 220 1870 254 συνταττομένου

233 262 412 296 humanitati,
427 270 481 290 vox
496 270 562 290 vero
576 271 627 290 non
643 264 749 298 proprie
765 263 899 296 vicissim,
914 264 1025 300 quando

231 308 304 336 Deus
316 308 441 335 redditur
451 307 542 336 Verbo
554 313 581 336 et
595 308 676 336 Pater
686 315 835 345 assumpta
847 310 1022 339 humanitati.

230 352 306 381 Talis
331 357 374 380 est
402 353 485 389 igitur
513 354 659 387 sententia,
686 362 757 389 quae,
788 360 817 383 ut
842 356 931 389 vides,
954 356 1024 384 nihil

230 397 314 424 habet
332 397 493 426 obscurum.
511 398 612 426 Plexus
627 404 718 427 autem
732 400 867 429 orationis
882 401 1023 436 quomodo

229 444 394 478 resolvetur,
423 445 475 472 nisi
495 445 658 481 accipiendo
678 447 762 474 verba
779 447 824 475 illa
839 447 911 475 ὥστε
923 448 955 475 τὸ
972 448 1022 484 μὲν

229 489 333 525 κυρίως
347 490 392 517 ἐπ’
406 491 521 526 ἀμφοῖν,
535 499 632 527 nempe
646 496 675 519 ut
692 492 808 520 alterum
823 494 934 529 quidem
957 502 1021 529 pro-

227 535 288 571 prie
303 536 338 564 de
362 541 481 572 utroque
500 537 621 570 dicatur,
640 545 694 566 non
711 539 840 572 seorsim,
861 547 911 567 nec
925 547 1021 568 vocem

226 580 309 613 Deus,
326 589 376 610 nec
393 589 489 610 vocem
505 582 589 610 Pater
597 583 632 611 de
645 591 701 611 uno
714 584 807 619 aliquo
820 584 1018 620 subiectorum,

227 634 318 662 neque
334 627 367 655 de
381 628 533 662 ambobus;
558 629 605 657 sed
632 629 776 658 referendo
792 630 891 658 borum
910 636 1019 658 utrum-

228 672 296 700 libet
318 674 353 701 ad
375 674 535 702 utrumlibet
559 675 757 710 subjectorum,
783 676 892 704 Patrem
907 676 1017 711 quidem

226 718 372 747 reddentes
387 719 486 753 Verbo,
500 719 585 748 Deum
599 728 665 748 vero
674 726 823 757 assumpta
834 722 1016 755 humanitati;

226 763 263 790 ita
279 764 381 798 pariter
397 764 510 792 verbum
527 765 593 793 illud
618 773 670 793 non
690 767 795 801 proprie
817 775 871 795 non
888 768 1017 796 determi-

225 814 291 837 nate
306 818 392 837 unum
408 810 518 845 aliquod
533 811 743 846 praedicatorum
764 814 899 841 sumendo
913 813 947 841 de
961 821 1017 841 uno

225 855 319 891 aliquo
336 856 537 892 subjectorum,
552 864 602 885 nec
614 857 648 886 de
668 858 813 891 ambobus,
828 860 876 887 sed
900 864 1017 895 utraque

1075 264 1122 291 καὶ
1143 264 1189 290 τοῦ
1217 263 1291 297 Θεὸς
1317 263 1358 298 τῷ
1385 263 1592 299 προσλήμματι¹
1620 263 1650 290 τδ
1672 263 1750 291 δὲού
1762 265 1871 299 κυρίως

1075 310 1204 345 ἔμπαλιν,
1221 309 1269 336 τοῦ
1296 309 1345 344 μὲν
1362 310 1436 342 Θεὸς
1455 309 1701 344 ἀνταποδιὼμὲνου
1728 309 1768 345 τῷ
1780 311 1868 346 Λόγῳ,

1073 357 1121 383 τοῦ
1145 356 1174 383 δὲ
1200 355 1304 390 Πατὴρ
1324 355 1364 391 τῷ
1387 356 1595 391 προσλήμματι.
1620 355 1739 390 Τοιαύτη
1757 356 1807 392 μὲν
1823 355 1869 383 οὖν

1073 403 1170 435 καὶ,ὡς
1184 401 1342 437 ὁρᾷς.οὺδὲν
1356 401 1461 435 ἀσαφὲς
1477 401 1628 437 παρέχεται
1639 401 1656 436 ή
1667 401 1774 428 διάνοια
1785 410 1792 416 ·
1808 403 1826 437 ή
1841 401 1868 428 δέ

1072 448 1162 483 πλοκὴ
1176 447 1224 474 τοῦ
1239 447 1319 481 λόγου
1337 447 1397 480 πῶς
1417 446 1451 474 ἂν
1466 446 1620 483 ὲπιλυθείη,
1638 447 1655 483 ἢ
1671 447 1869 482 λαμϐανόντων

1071 493 1153 529 ήμῶν
1168 492 1213 520 διὰ
1230 492 1278 519 τοῦ
1293 492 1372 519 ὥστε
1389 492 1424 519 τὸ
1435 492 1494 527 μὲν
1508 493 1619 527 κυρίως
1629 492 1676 520 ἐπ’
1690 492 1806 527 ἀμφοῖν
1818 493 1868 519 οὐκ

1070 537 1123 565 ἀνὰ
1138 537 1231 573 μέρος,
1246 536 1308 564 οὔτε
1321 537 1351 564 τὺ
1364 536 1436 570 Θεὸς
1449 536 1511 564 οὔτε
1523 538 1554 564 τὸ
1563 537 1664 572 Πατὴρ
1679 538 1741 565 καθ’
1756 538 1816 569 ἑνός
1825 546 1867 565 τι-

1071 591 1116 615 νος
1130 582 1185 609 τῶν
1200 582 1403 618 ὑποκειμένων,
1416 582 1477 609 οὺδέ
1497 583 1557 609 κατ’
1571 583 1672 618 ἄμφω·
1693 583 1752 610 ἀλλ’
1770 584 1866 610 ἐκατέ-

1071 639 1118 665 ρου
1143 630 1246 657 τούτων
1273 630 1343 666 πρὸς
1364 629 1497 665 ἑκάτερον
1517 630 1572 657 τῶν
1594 631 1797 666 ὑποκειμένων,
1817 631 1865 658 τοῦ

1071 676 1121 711 μὲν
1137 676 1245 711 Πατρός
1259 675 1298 711 τῷ
1309 675 1400 711 Λόγῳ,
1411 674 1459 702 τοῦ
1478 675 1508 702 δέ
1528 675 1594 707 Θεὸς
1606 676 1803 711 ἀποδιδομένου
1826 676 1865 712 τῷ

1069 722 1285 758 προσλήμματι·
1313 721 1444 750 ὡσαύτως
1465 721 1494 748 δὲ
1515 721 1562 748 καὶ
1582 721 1614 748 τὸ
1636 723 1671 749 οὑ
1690 723 1802 756 κυρίως
1815 723 1864 749 οὐκ

1068 767 1261 803 ἀφορισμένως
1284 767 1344 799 ἑνός
1358 776 1432 799 τινος
1447 767 1502 794 τῶν
1520 768 1769 804 κατηγορουμένων
1795 768 1865 804 λαμ-

1068 814 1219 849 ὁανομένου
1241 813 1301 841 καθ’
1323 813 1383 844 ἐνὸς
1406 822 1480 846 τινος
1502 813 1557 840 τῶν
1577 814 1781 850 ὑποκειμένων,
1805 815 1864 842 οὐδέ

1068 860 1129 886 κατ’
1143 858 1238 894 ἄμφω,
1252 858 1310 885 ἀλλ’
1325 858 1410 894 ἄμφω
1424 858 1475 893 μὲν
1493 858 1560 894 πρὸς
1577 858 1712 895 ἑκάτερον
1726 860 1782 886 τῶν
1798 859 1863 887 ὑπο-

226 901 259 928 ad
282 902 443 930 utrumlibet
466 903 667 939 subjectorum,
693 912 741 940 per
761 905 954 933 alternationis
975 910 1011 933 Ia-

1067 906 1213 940 κειμένων,
1231 905 1303 932 κατὰ
1323 905 1352 932 δέ
1373 906 1420 932 τὸν
1435 905 1514 940 λόγον
1540 905 1590 940 τῆς
1605 905 1769 941 ἐναλλαγῆς,
1792 906 1809 941 ἢ
1825 906 1863 936 ὡς

225 954 288 974 men
321 948 478 981 rationem,
508 949 551 977 vel
582 949 655 977 sicut
677 950 711 978 de
739 957 807 978 voce
834 950 882 979 illa
908 952 1014 986 proprie

226 991 378 1020 dicebatur.
393 993 510 1026 Quando
526 994 598 1022 enim
614 993 687 1023 Deus
697 1002 759 1023 esse
768 995 849 1024 Verbi
865 997 1012 1031 reperitur,

223 1041 251 1064 et
275 1036 357 1065 Pater
382 1043 531 1073 assumpta;
556 1039 746 1074 humanitatis,
769 1041 936 1076 signiﬁcatio
959 1050 1013 1070 non

223 1083 334 1117 propria
349 1083 506 1119 subjicitur.
523 1084 644 1120 Apparet
665 1090 757 1113 autem
774 1094 856 1115 voces
873 1087 940 1115 istas
952 1096 1011 1123 pro-

222 1127 280 1160 prie
300 1131 328 1154 et
347 1135 400 1155 non
419 1130 526 1164 proprie
538 1134 633 1157 contra
653 1138 735 1166 quam
758 1131 786 1158 in
811 1132 893 1160 rebus
910 1134 1013 1161 nostris

222 1172 389 1201 adhibentur
414 1181 445 1202 se
477 1175 590 1204 habere.
619 1175 688 1204 Nam
716 1177 744 1205 in
771 1177 902 1205 ineffabili
928 1177 1012 1207 Verbi

222 1219 368 1254 carnisque
388 1220 490 1248 unione
515 1220 598 1249 Pater
615 1222 727 1257 quidem
749 1222 783 1251 de
802 1222 893 1251 Verbo
908 1225 1013 1258 proprie

221 1264 333 1298 dicitur,
359 1264 429 1292 Deus
445 1273 511 1294 vero
535 1274 589 1294 non
610 1268 736 1302 proprie;
756 1268 784 1295 in
810 1273 902 1296 nostra
920 1274 1012 1297 autem

221 1315 319 1338 natura
331 1318 364 1338 ex
383 1311 498 1339 adverso
515 1311 586 1340 Deus
605 1312 715 1347 quidem
729 1314 834 1348 proprie
850 1314 1011 1349 aﬂirmatur,

221 1354 301 1382 Pater
315 1360 407 1383 autem
427 1364 479 1383 non
495 1358 612 1391 proprie.
633 1358 724 1394 Atque
739 1359 766 1386 id
781 1363 833 1391 est,
850 1360 923 1395 quod
936 1368 1011 1396 qua:-

221 1399 319 1433 sieras,
334 1401 377 1429 vis
391 1409 490 1437 nempe
505 1403 580 1431 vocis
595 1403 669 1431 illius
684 1403 701 1439 ἢ
721 1412 775 1432 ΙΙοη
796 1405 1010 1441 disiunctionem

220 1446 379 1488 signiﬁcans
406 1455 456 1475 nec
483 1449 556 1476 aliud
581 1449 731 1485 quidquam
760 1458 795 1479 ex
821 1452 865 1486 iis,
898 1452 925 1479 in
949 1461 1010 1488 qua:

220 1485 307 1518 dividi
334 1493 497 1532 consuevit,
528 1493 575 1521 sed
605 1494 803 1523 declarativum
840 1485 1009 1532 amplectens

219 1535 406 1564 characterem
422 1528 578 1573 munusque
595 1538 709 1574 explens
724 1540 799 1568 vocis
814 1528 1007 1577 napo-(contra

219 1589 323 1616 quam,
355 1587 452 1610 contra
483 1583 510 1610 id
539 1584 635 1620 quod).
661 1585 769 1614 Poterit
800 1591 892 1615 autem
921 1588 1011 1615 oratio

219 1627 322 1656 clarius
332 1628 484 1662 eﬂ'ormari,
500 1629 524 1658 si
536 1630 598 1665 quis
612 1631 694 1659 verba
709 1636 900 1661 transsumens
913 1633 988 1661 dicat
1000 1642 1009 1662 :

220 1673 312 1706 Quare
329 1681 382 1701 vox
396 1675 507 1710 quidem
522 1677 627 1711 proprie
645 1678 679 1705 ab
695 1677 826 1707 alterutra
838 1679 1010 1715 coniugatio-

219 1726 285 1746 num
312 1724 432 1755 sumpta,
465 1728 519 1749 vox
544 1729 609 1750 vero
635 1731 688 1750 non
709 1725 815 1758 proprie
848 1725 884 1753 ab
910 1726 1008 1758 altera,

219 1768 316 1792 contra
334 1773 416 1799 quam
435 1766 509 1801 apud
526 1774 576 1795 nos
590 1774 621 1795 se
635 1767 747 1796 habent.
759 1769 920 1799 Resultabat
935 1771 1009 1798 enim

218 1814 277 1837 tum
293 1817 346 1837 vox
365 1812 482 1845 proprie,
496 1816 552 1839 tum
568 1820 622 1840 vox
639 1822 692 1840 non
705 1815 811 1850 proprie
828 1823 862 1843 ex
877 1817 923 1844 tali
937 1824 1009 1852 quav

218 1855 282 1882 dam
305 1855 516 1890 praedicatorum
542 1857 785 1894 subjectorumque
807 1861 1007 1896 complexione.

219 1900 341 1928 Sumen:
366 1905 458 1929 autem
474 1909 557 1931 voces
580 1903 643 1931 illas
654 1905 760 1939 proprie
779 1909 806 1933 et
822 1914 874 1933 non
890 1908 1007 1942 proprie,

217 1953 278 1980 quae
307 1946 364 1982 jam
392 1955 426 1975 ex
458 1955 488 1976 se
512 1948 581 1984 ipsis
605 1949 880 1987 subintelligebantur
905 1952 1009 1988 (studet

217 1991 290 2019 enim
312 1992 336 2019 si
352 1992 414 2027 quis
430 1993 502 2022 alius
525 1992 685 2030 Theologus
701 1995 753 2023 iste
771 1996 912 2033 brevitati)
928 2002 955 2026 et
971 1999 1006 2027 ad

217 2037 384 2066 resultantes
408 2047 442 2067 ex
465 2039 509 2068 his
532 2040 739 2076 coniugationes
763 2047 881 2071 mentem
899 2044 1007 2081 audito-

216 2089 277 2108 rum
294 2083 437 2110 remittens
454 2084 596 2118 SUiJlelXil.
611 2085 676 2112 illud
695 2096 700 2113 :
716 2085 817 2113 Contra
836 2095 915 2122 quant
935 2089 1006 2123 apud

217 2135 274 2153 nos.
294 2127 400 2154 Etenim
424 2134 570 2164 utramque
587 2131 817 2165 complexionem,
834 2140 895 2167 qua:
910 2142 943 2160 ex
959 2142 1007 2161 vo-

216 2173 293 2200 cibus
307 2175 411 2208 proprie
426 2180 452 2201 et
474 2183 525 2201 non
540 2177 645 2210 proprie
665 2176 810 2210 conﬂatur,
826 2186 926 2206 sensus
940 2188 1003 2208 ver-

1065 950 1112 977 ἐπὶ
1125 950 1172 977 τοῦ
1186 950 1296 985 κυρίως
1311 950 1431 985 ἐλέγετο.
1453 950 1483 977 '0
1500 950 1555 987 γὰρ
1567 951 1635 983 Θεὸς
1658 950 1731 979 εἷναι
1746 951 1793 978 τοῦ
1809 952 1861 978 Λό-

1065 1004 1115 1031 γου
1129 996 1371 1032 κατηγορούμενος
1388 996 1436 1023 καὶ
1457 997 1472 1023 ό
1490 997 1586 1032 Πατὴρ
1606 996 1655 1024 τοῦ
1678 997 1862 1033 προσλήμμα-

1064 1051 1110 1075 τος
1121 1041 1171 1078 τὴν
1182 1041 1231 1069 τοῦ
1239 1041 1283 1077 μὴ
1295 1043 1405 1076 κυρίως
1413 1042 1551 1078 σημασίαν
1561 1042 1755 1070 ὑποϐάλλεται.
1769 1044 1860 1070 Ἐοικε

1063 1088 1092 1114 δὲ
1106 1087 1137 1114 τὸ
1156 1087 1265 1122 κυρίως
1280 1087 1329 1114 καὶ
1350 1087 1380 1114 τὸ
1394 1086 1438 1122 μὴ
1452 1087 1561 1122 κυρίως
1576 1088 1717 1123 σημασίαν
1735 1089 1807 1123 παρὸ
1819 1096 1860 1114 κε-

1064 1132 1193 1169 χρήμεθα
1207 1132 1313 1165 τούτοις
1331 1133 1376 1167 ἐφ’
1393 1131 1471 1168 ἡμῶν
1486 1132 1619 1164 ἐναντίως
1638 1132 1725 1168 ἔχειν.
1749 1133 1794 1159 Ἐν
1810 1133 1858 1169 μὲν

1063 1181 1118 1215 γὰρ
1128 1181 1162 1216 τῇ
1178 1180 1292 1217 ὰρῤήτῳ
1305 1180 1352 1207 τοῦ
1367 1180 1455 1215 Λόγου
1469 1180 1573 1216 συνόδῳ
1585 1181 1633 1208 καὶ
1647 1182 1698 1216 τῆς
1714 1181 1815 1217 σαρκὸς
1828 1181 1859 1207 τδ

1064 1227 1115 1261 μὲν
1141 1226 1244 1260 Πατὴρ
1268 1226 1340 1253 κατὰ
1359 1225 1406 1253 τοῦ
1420 1226 1508 1260 Λόγου
1524 1226 1630 1262 κυρίως
1650 1226 1773 1261 λέγεται,
1788 1226 1818 1253 τὸ
1829 1226 1858 1253 δὲ

1064 1271 1136 1303 Θεὸς
1153 1271 1184 1297 οὐ
1206 1270 1308 1304 κυρίως
1320 1279 1327 1286 ·
1344 1271 1390 1297 ἐπὶ
1405 1270 1434 1297 δέ
1444 1271 1494 1306 τῆς
1509 1271 1571 1297 καθ’
1585 1271 1660 1306 ἡμᾶς
1676 1271 1787 1306 φύσεως
1806 1272 1857 1306 ἐμ-

1062 1316 1144 1342 παλιν
1157 1316 1188 1343 τὺ
1200 1316 1252 1350 μέν
1268 1316 1341 1350 Θεὸς
1355 1316 1469 1353 κυρίως,
1487 1317 1519 1344 οὺ
1534 1317 1636 1353 κυρίως
1653 1317 1682 1344 δέ
1697 1317 1729 1344 τὸ
1743 1317 1855 1352 Πατήρ.

1061 1364 1117 1390 Καὶ
1132 1363 1210 1391 τοῦτό
1227 1364 1304 1391 ἐστιν
1324 1365 1393 1400 ὅπερ
1416 1364 1574 1400 ἠρώτησας,
1590 1366 1606 1400 ή
1625 1365 1674 1392 τοῦ
1690 1366 1711 1400 ἢ
1730 1366 1855 1401 δύναμις,

1060 1410 1090 1436 οὺ
1108 1409 1247 1442 διάζευξιν
1260 1409 1378 1445 δηλοῦσα
1389 1410 1450 1437 οὐδέ
1465 1410 1568 1438 τιᾶλλο
1581 1411 1636 1438 τῶν
1650 1412 1691 1443 είς
1709 1412 1760 1438 ὅσα
1773 1420 1856 1438 κατα-

1062 1455 1223 1490 μερίζεσθαι
1239 1455 1373 1490 πέφυκεν,
1385 1456 1453 1483 ἀλλὰ
1466 1455 1511 1483 τὸν
1522 1456 1721 1493 διασαφητικδν
1732 1458 1852 1490 ἀσπαζο-

1060 1500 1127 1536 μένη
1138 1503 1301 1537 χαρακτῆρα
1311 1502 1411 1537 καὶτὴν
1419 1502 1465 1529 τοῦ
1476 1503 1554 1537 παρὸ
1567 1504 1622 1538 (5|)
1631 1504 1726 1539 χρείαν
1735 1505 1855 1539 ἀναπλη-

1063 1545 1160 1581 ροῦσα.
1179 1546 1230 1582 ne;
1243 1546 1265 1573 δ’
1280 1546 1315 1574 ἂν
1329 1549 1344 1574 ό
1357 1547 1436 1582 λόγος
1451 1548 1688 1584 ἐσχηματισμένος
1702 1550 1743 1582 εἰς
1761 1550 1792 1577 τὸ
1808 1559 1855 1577 σα-

1063 1591 1205 1628 φέστερον,
1222 1592 1248 1618 εῐ
1265 1601 1307 1624 τις
1322 1593 1409 1620 ἐθέλοι
1425 1594 1588 1629 μεταλαϐεῖν
1601 1594 1649 1622 καὶ
1663 1595 1768 1630 λέγειν·
1784 1595 1853 1622 ὥστε

1060 1638 1091 1664 τὸ
1106 1637 1155 1673 μὲν
1170 1639 1279 1673 κυρίως
1293 1639 1347 1665 ἀπὸ
1365 1639 1483 1675 θατέρας
1494 1640 1549 1667 τῶν
1565 1641 1701 1675 συζυγῶν
1722 1641 1854 1677 λαμϐανό-

1061 1692 1153 1720 μενον,
1170 1683 1202 1711 τδ
1213 1684 1242 1711 δὲ
1255 1685 1292 1712 οὐ
1311 1685 1422 1720 κυρίως
1436 1686 1491 1713 ἀπὸ
1504 1687 1552 1722 τῆς
1569 1687 1677 1722 ἑτέρας,
1693 1687 1823 1718 ἐναντίως
1835 1686 1852 1721 ἢ

1060 1730 1105 1765 ἐφ’
1120 1730 1201 1766 ἡμῶν
1214 1730 1271 1767 ἔχει
1283 1738 1291 1746 '
1306 1731 1451 1759 συνίστατο
1465 1733 1514 1767 μέν
1526 1732 1581 1768 γὰρ
1593 1733 1623 1760 τό
1637 1742 1668 1760 τε
1682 1734 1793 1768 κυρίως
1807 1734 1853 1760 καὶ

1060 1777 1092 1803 τδ
1105 1777 1141 1803 οὐ
1159 1776 1270 1811 κυρίως
1284 1777 1317 1803 ἐκ
1328 1776 1379 1812 τῆς
1392 1778 1473 1810 ποιᾶς
1486 1778 1648 1814 συμπλοκῆς
1661 1779 1718 1806 τῶν
1736 1787 1851 1814 κατηγο-

1062 1822 1202 1858 ρουμένων
1218 1822 1264 1849 καὶ
1283 1823 1484 1859 ὑποκειμένων,
1505 1824 1618 1852 αὐτόθεν
1634 1825 1662 1852 δέ
1678 1824 1851 1852 συνεπινοού-

1061 1867 1254 1902 μενον.Δα6ὼν
1262 1868 1292 1895 τό
1301 1877 1331 1895 τε
1342 1869 1450 1903 κυρίως
1459 1870 1589 1906 ἑκάτερον
1599 1871 1647 1898 καί¹
1657 1870 1688 1898 τὸ
1698 1872 1735 1898 οὐ
1746 1870 1852 1905 κυρίως

1060 1913 1269 1949 (φιλοσύντομος
1282 1914 1338 1950 γὰρ
1352 1914 1378 1941 ει
1392 1915 1438 1941 καί
1453 1924 1494 1948 τις
1508 1916 1588 1948 ἄλλος
1603 1917 1617 1943 ὁ
1630 1916 1798 1952 θεωρητικὸς
1811 1912 1851 1942 οὓ-

1058 1967 1104 1991 τος
1122 1959 1204 1995 ἀνὴρ)
1220 1959 1269 1986 καὶ
1285 1959 1354 1995 πρὸς
1366 1960 1416 1991 τὰς
1432 1961 1465 1988 ἐκ
1478 1961 1581 1989 τούτων
1602 1962 1790 1998 ὑφισταμένας
1804 1970 1850 1988 συ-

1059 2005 1157 2040 ζυγίας
1170 2005 1217 2032 τδν
1229 2005 1292 2033 νοῦν
1308 2005 1363 2032 τῶν
1376 2006 1520 2041 ἀκροατῶν
1534 2008 1708 2044 ἀναπέμπων
1728 2009 1849 2044 ἐπήγαγε

1058 2050 1088 2077 τὸ
1111 2050 1256 2084 ἐναντίως
1274 2050 1294 2085 ἢ
1312 2050 1359 2085 ἐφ’
1374 2051 1460 2085 ἡμῶν
1474 2052 1555 2087 ἔχει·
1576 2053 1624 2081 καὶ
1640 2053 1696 2088 γὰρ
1717 2053 1849 2088 ἑκατέραν

1060 2095 1220 2130 συμπλοκὴν
1239 2096 1288 2131 τὴν
1307 2097 1339 2123 ὲκ
1362 2097 1408 2123 τοῦ
1426 2099 1534 2132 κυρίως
1554 2100 1600 2125 καὶ
1612 2099 1659 2126 τοῦ
1678 2099 1722 2134 ,μὴ
1742 2099 1848 2133 κυρίως

1059 2141 1280 2176 ἀποτελουμένην
1305 2143 1319 2168 ὁ
1344 2143 1407 2174 νοῦς
1430 2144 1476 2170 τοῦ
1495 2145 1637 2178 ἐναντίως
1661 2145 1678 2179 ἢ
1700 2146 1746 2180 ἐφ’
1766 2144 1848 2179 ἡμῶν

1059 2186 1121 2219 ἔχει
1136 2187 1234 2221 ὁρᾶται
1255 2188 1525 2222 περιπτυσσόμενος·
1546 2190 1669 2224 βούλεται
1685 2191 1714 2217 δὲ
1735 2192 1750 2226 ὴ
1772 2198 1847 2225 περι-

217 2218 313 2245 horum
332 2218 440 2245 illorum
465 2225 556 2246 contra
577 2228 656 2253 quam
676 2222 703 2247 in
724 2221 798 2248 nobis
818 2228 856 2249 est
881 2225 1006 2259 amplecti

1063 2230 1131 2266 κοπὴ
1144 2230 1191 2256 τοῦ
1206 2230 1286 2264 λόγου
1298 2231 1433 2258 διδάσκειν
1447 2232 1529 2268 αὕτη,
1544 2235 1581 2266 ὡς
1598 2235 1674 2262 οὐδὲν
1691 2236 1790 2263 κωλύει
1803 2234 1847 2262 καὶ

215 2263 346 2290 ccrnilut‘.
364 2263 427 2291 Vult
442 2268 533 2291 autem
546 2265 603 2292 haec
614 2266 746 2293 orationis
759 2267 885 2302 pericope
900 2269 1007 2303 docere,

216 2309 285 2335 nihil
300 2308 420 2342 obstare,
435 2311 587 2345 quominus
600 2312 704 2345 proprie
727 2316 754 2339 ct
777 2321 829 2339 non
842 2316 949 2347 proprie
973 2315 1006 2342 de

216 2353 305 2381 V'urbo
322 2355 440 2388 dicatur,
456 2357 680 2392 quandoquidem
694 2358 776 2384 etiam
792 2359 826 2386 de
840 2359 931 2391 nobis.
945 2361 1008 2388 licet

214 2406 298 2426 sensu
315 2402 452 2435 opposito,
467 2406 616 2437 utrumque
632 2403 793 2430 allirmatur.
808 2405 847 2432 Ibi
864 2407 937 2433 enim
954 2416 1006 2434 vox

214 2445 285 2472 Deus
308 2454 362 2473 non
381 2448 614 2482 proprie,dicitur,
632 2449 680 2477 sed
695 2449 794 2482 Pater;
810 2451 854 2479 hic
870 2459 934 2479 vero
950 2461 1005 2481 non

214 2490 297 2517 Pater
310 2493 418 2527 proprie
432 2494 480 2521 sed
498 2494 579 2521 Deus.

248 2537 276 2562 5.
298 2537 326 2563 lu
352 2538 551 2573 diagrammate
573 2546 665 2569 autem
694 2542 797 2570 clarius
828 2544 1004 2572 innotescunt

213 2589 274 2615 quae
291 2583 409 2611 diximus
423 2593 430 2618 ;
443 2586 567 2619 ponendo
583 2587 694 2621 quidem
710 2588 836 2622 superius
854 2588 964 2615 Patrem
979 2595 1006 2617 et

213 2627 309 2661 Deum,
332 2629 503 2664 subjiciendo
528 2637 621 2659 autem
651 2632 725 2660 Patri
752 2633 873 2666 Verbum,
897 2640 923 2662 et
950 2636 1005 2662 Deo

213 2672 415 2708 humanitatem,
427 2681 455 2703 et
467 2676 553 2704 lineas
568 2685 601 2704 ex
614 2677 729 2705 adverso
744 2679 929 2713 producendo,
944 2688 1005 2715 quae

214 2714 305 2745 Verbo
315 2719 483 2755 conjungant
495 2721 603 2750 Patrem
616 2727 643 2750 et
657 2722 740 2751 Deum
756 2725 918 2754 humanitati
932 2735 939 2761 ς
953 2714 1004 2756 nec

1059 2276 1090 2301 τὴ
1105 2277 1212 2309 unple
1233 2278 1280 2303 καὶ
1302 2277 1332 2303 τὸ
1347 2279 1382 2304 οὺ
1399 2279 1508 2312 κυρίως
1526 2281 1573 2306 ἐπὶ
1591 2281 1638 2307 τοῦ
1664 2282 1750 2316 Λόγου
1774 2281 1847 2315 λέγε-

1061 2320 1134 2353 σθαι,
1151 2321 1213 2347 ἐπεὶ
1228 2322 1274 2347 κοιλ¹
1287 2322 1328 2355 ἐφ’
1344 2322 1432 2357 ἡμῶν,
1449 2324 1473 2349 εἰ
1489 2324 1535 2350 καὶ
1550 2325 1621 2351 κατὰ
1642 2326 1761 2353 διάνοιαν
1778 2327 1846 2353 ἀντιι

1059 2367 1246 2402 τεταγμέμην,
1261 2367 1344 2402 ἄμφω
1356 2369 1508 2402 θεωρεῖται,
1523 2371 1596 2397 Ἐκεῖ
1609 2371 1658 2406 μὲν
1671 2372 1725 2407 γὰρ
1736 2372 1765 2398 τὺ
1777 2370 1845 2402 Θεὸς

1062 2411 1093 2437 οὐ
1110 2411 1222 2446 κυρίως,
1234 2412 1302 2439 ἀλλὰ
1317 2413 1346 2439 τὸ
1362 2414 1476 2448 Πατὴρ,
1486 2415 1602 2442 ἐνταῦθα
1615 2416 1643 2442 δὲ
1659 2418 1690 2444 ού
1702 2417 1732 2443 τὸ
1746 2415 1845 2449 Πατὴρ

1059 2457 1172 2492 κυρίως,
1188 2458 1256 2484 ἀλλὰ
1270 2458 1299 2484 τὸ
1318 2459 1401 2491 Θεός.

1092 2550 1126 2580 γ’.
1151 2547 1212 2573 Ἐπὶ
1225 2547 1253 2574 δὲ
1276 2548 1485 2584 διαγράμματος
1506 2551 1604 2585 γένοιτ’
1623 2551 1657 2578 ἂν
1680 2552 1842 2586 σαφέστερον

1055 2591 1151 2626 ἔχοντα
1193 2594 1226 2619 τὰ
1267 2595 1399 2629 εἰρημένα
1417 2603 1424 2610 '
1456 2598 1683 2632 προταττομένων
1722 2597 1771 2632 μέν
1796 2594 1842 2622 ’ωὖ

1055 2640 1156 2674 Πατὴρ
1171 2642 1218 2667 καὶ
1244 2642 1326 2674 Θεὸς,
1348 2643 1573 2678 ὑποταττομένων
1587 2645 1615 2671 δὲ
1635 2645 1673 2680 τῷ
1686 2645 1735 2680 μὲν
1755 2641 1840 2677 Harp!

1054 2685 1101 2711 τοῦ
1117 2686 1214 2720 Λόγου,
1228 2688 1266 2723 τῷ
1277 2688 1336 2723 ΘΞῷ
1353 2689 1381 2715 δὲ
1392 2690 1440 2716 τοῦ
1453 2690 1678 2726 προσλήμματος,
1694 2692 1740 2717 καὶ
1752 2697 1840 2725 γραμ-

1056 2732 1114 2767 μῶν
1128 2733 1160 2759 ὲκ
1176 2735 1349 2771 παραλλήλου
1361 2736 1569 2773 προαγομὲνων,
1582 2737 1610 2765 αϊ
1626 2739 1791 2767 συνάπτουσι
1800 2732 1839 2769 τῷ

956 2797 1072 2827 ΝΟΤΔΕ.

249 2849 305 2883 ('5!)
320 2850 380 2877 Vat.
401 2851 486 2886 παρὰ.
