4158 6468
362 434 481 505 49⁸1

1266 431 1369 493 ΑΙ)
1404 426 2009 492 AMPHILOCHIUM
2041 429 2389 503 QUIESTIO
2430 431 2755 496 LXXVIII.

3533 433 3638 495 494

354 558 516 626 Λόγῳ
533 549 626 605 τὸν
657 547 884 620 Πατέρα
910 546 1004 603 καὶ
1025 546 1116 600 τὸν
1137 545 1272 601 Θεὸν
1293 545 1375 618 τῷ
1406 544 1822 616 προσλήμματι,
1845 544 1942 596 καὶ
1970 593 1972 601 γ

2074 559 2155 597 non
2181 544 2318 600 alias
2365 554 2544 599 rectas
2573 544 2744 600 lineas
2773 544 3084 611 scribendo,
3129 561 3253 617 quae
3287 561 3354 603 ex
3402 556 3637 619 utroque

354 648 461 720 μὴν
504 646 600 700 καὶ
646 641 923 713 γραμμῶν
963 638 1136 694 ἄλλων
1188 636 1416 691 εὐθειῶν
1452 635 1817 708 γραφομένων
1848 634 1941 704 ἀφ’

354 738 619 809 ἑκατέρας
648 735 824 806 ἀρχῆς
850 732 969 807 τῶη
988 729 1348 802 παραλλήλων
1381 728 1519 800 πρὸς
1541 728 1805 798 ἑκάτερον
1840 728 1943 781 ang-

359 849 463 904 ρας
512 828 935 898 συναπτομένων
965 825 1059 878 καὶ
1107 822 1345 896 χιασμὸν
1375 822 1490 896 (52)
1524 821 1625 892 μέν
1655 838 1779 875 τινα
1807 820 1947 893 πρὸς

355 922 564 993 ἄλληλα
588 917 1097 991 σχηματιζομένων,
1122 914 1410 985 διαγώνιον
1432 914 1490 968 δὲ
1518 913 1669 968 θέσιν
1691 913 1827 985 πρὸς
1848 913 1963 976 τὰς

359 1008 741 1082 παραλλήλους
790 1005 1061 1076 ἑκατέρας
1117 1003 1547 1073 ἀναδεχομένης.
1598 1001 1772 1073 Δῆλον
1836 1000 1948 1071 γὰρ

357 1102 628 1168 ἐντεῦθεν,
656 1099 733 1161 ὡς
769 1098 913 1154 κατά
943 1098 1043 1169 μὲν
1068 1098 1167 1169 τὴν
1214 1095 1559 1169 παράλληλον
1584 1096 1696 1150 τῶν
1724 1093 1951 1149 εὐθειῶν

359 1195 507 1248 θέσιν
538 1193 567 1246 ὅ
594 1208 656 1245 τε
698 1190 894 1261 Πατήρ
934 1189 1030 1244 τοῦ
1053 1189 1231 1259 Λόγου
1258 1188 1475 1259 Πατήρ,
1517 1188 1612 1242 καὶ
1640 1189 1669 1241 6
1694 1186 1826 1251 Θεὸς
1853 1185 1949 1240 τοῦ

352 1285 789 1355 προσλήμματος
828 1282 964 1347 Θεὸς
1009 1282 1077 1337 ἂν
1123 1281 1317 1353 ὀφθείη
1363 1280 1570 1354 κυρίως
1624 1279 1950 1349 λεγόμενος,

351 1374 495 1430 κατὰ
506 1374 563 1428 δὲ
576 1375 679 1444 τὴν
698 1374 999 1443 συνάφειαν
1015 1370 1110 1425 τοῦ
1128 1369 1365 1442 χιασμοῦ
1382 1370 1478 1424 καὶ
1498 1372 1525 1424 6
1543 1370 1676 1434 Θεὸς
1708 1369 1843 1431 Θεὸς
1858 1366 1953 1423 τοῦ

353 1467 533 1535 Λόγου
564 1465 664 1522 καὶ
692 1466 721 1520 ὁ
745 1464 937 1537 Πατὴρ
965 1465 1026 1517 οὑ
1062 1465 1270 1535 κυρίως
1300 1462 1368 1518 ἂν
1401 1462 1596 1535 ῥηθείη
1638 1462 1830 1534 Πατήρ
1858 1460 1954 1515 τοῦ

358 1557 819 1630 προσλήμματος.
862 1557 926 1609 Ei
957 1555 1017 1609 δὲ
1045 1557 1108 1609 τὸ
1139 1554 1241 1626 μὲν
1270 1558 1336 1609 ἑκ
1363 1554 1714 1627 παραλλήλου
1747 1553 1954 1618 λάϐοις,

361 1649 424 1702 τὸ
448 1650 505 1701 δὲ
536 1647 678 1701 κατά
714 1647 813 1717 τήν
849 1646 1147 1716 διαγώνιον
1192 1646 1479 1719 γραμμήν,
1516 1646 1614 1700 καὶ
1652 1644 1813 1699 τοῦτο
1833 1645 1957 1699 καθ’

363 1742 639 1813 ἑκατέραν
665 1732 1018 1809 συζυγίαν,δι’
1053 1740 1390 1812 ἀμφοτέρων
1412 1740 1519 1812 ὄψῃ
1547 1739 1609 1794 τό
1648 1756 1707 1792 τε
1737 1738 1958 1807 κυρίως

368 1834 489 1903 ἅμα
523 1834 617 1885 καὶ
645 1834 717 1885 οὺ
746 1832 967 1899 κυρίως
1015 1830 1430 1901 ἀναφυόμενον·
1483 1830 1577 1884 καὶ
1627 1829 1737 1901 γὰρ
1779 1831 1808 1882 6
1856 1827 1957 1900 μὲν

367 1892 562 1993 Πξατήρ
594 1921 690 1975 τοῦ
718 1892 894 1991 Λόγνου
925 1892 1155 1995 κυρίως,
1180 1923 1209 1975 6
1233 1892 1296 1976 δὲ
1326 1921 1461 1986 Θεὸς
1490 1922 1552 1975 οὐ
1585 1892 1793 1991 κυρίως
1814 1937 1829 1950 ·
1857 1892 1959 1975 καὶ
1990 1892 2033 1948 Β

369 2013 534 2067 πάλιν
571 2013 601 2064 6
628 2013 729 2084 μὲν
759 2016 949 2086 Πατὴρ
977 2014 1072 2069 τοῦ
1107 2013 1544 2087 προσλήμματος
1572 2015 1635 2067 οὐ
1669 2012 1902 2085 κυρίως,
1931 2014 1960 2066 6

370 2102 431 2155 δὲ
458 2102 592 2167 Θεὸς
638 2102 862 2175 κυρίως.
910 2103 1214 2175 Τεσσάρων
1259 2100 1354 2159 οὖν
1392 2103 1668 2174 συζυγιῶν
1715 2102 1965 2158 ἑνδιπλα-

378 2196 534 2266 σμῶν
558 2196 975 2268 θεωρουμένων,
1016 2198 1150 2269 μιᾶς
1192 2198 1292 2269 μὲν
1325 2197 1434 2250 τῶν
1464 2200 1532 2251 ἑκ
1584 2196 1962 2266 παραλλήλου,

381 2289 575 2358 ἑτέρας
607 2288 663 2342 δὲ
691 2288 799 2344 τῶν
827 2291 968 2344 κατὰ
996 2290 1256 2361 χιασμὸν,
1290 2290 1436 2345 δυοῖν
1460 2290 1505 2343 δ’
1529 2289 1864 2354 ὑπολοίπων,
1891 2282 1967 2344 ὧν

381 2381 623 2452 ἑκατέρα
673 2381 766 2435 διὰ
801 2384 932 2451 μιᾶς
966 2382 1067 2451 μὲν
1109 2381 1219 2435 τῶν
1262 2381 1591 2450 διαγωνίων,
1628 2379 1867 2451 θατέρας
1910 2380 1969 2434 δὲ

381 2475 492 2529 τῶν
523 2477 588 2528 ὲκ
638 2455 989 2546 παραλλήλου
1020 2473 1493 2545 συμπλεκομένων
1522 2472 1786 2544 ἀλλήλαις
1825 2471 1968 2526 ἀπο-

382 2568 642 2634 τελεῖται,
680 2567 934 2639 φανερὸν,
967 2567 1043 2631 ὠς
1066 2566 1129 2621 τὸ
1158 2566 1445 2633 ἐναντίως
1467 2564 1506 2635 ἢ
1533 2565 1627 2635 ἐφ’
1656 2563 1828 2635 ἡμῶν
1845 2566 1974 2635 ἔχει

388 2658 531 2730 πρὸς
577 2658 850 2730 ἑκατέραν
884 2658 995 2713 τῶν
1022 2658 1353 2714 τελευταίων
1400 2656 1835 2728 ἀποδοθήσεται·
1878 2658 1975 2712 καὶ

385 2752 497 2823 γὰρ
538 2752 634 2805 ἐπὶ
684 2751 896 2805 τούτων
935 2753 963 2805 6
996 2751 1191 2824 Πατὴρ
1227 2751 1307 2823 τῷ
1340 2750 1501 2821 Λόγῳ
1530 2749 1628 2804 καὶ
1673 2749 1754 2821 τῷ
1800 2767 1976 2820 προσ-

386 2845 639 2916 λήμματι
674 2846 1084 2916 συναπτόμενος
1106 2885 1121 2907 ,
1155 2845 1236 2917 τῷ
1294 2844 1395 2915 μὲν
1439 2844 1601 2913 Λόγῳ
1638 2843 1866 2914 κυρίως,
1911 2842 1976 2895 οὐ

386 2935 594 3005 κυρίως
623 2934 683 2988 δὲ
715 2935 794 3006 τῷ
810 2935 1204 3006 προσλήμματι
1240 2934 1673 3005 συναρμόζεται·
1710 2932 1979 2997 ὡσαύτως

388 3027 449 3081 δὲ
478 3029 572 3081 καὶ
605 3028 670 3082 τὸ
698 3029 845 3096 Θεὸς
881 3031 1086 3100 κυρίως
1110 3030 1208 3084 τοῦ
1239 3028 1676 3101 προσλήμματος
1700 3068 1715 3093 ,
1766 3029 1826 3083 οὑ
1864 3036 1979 3081 κυ-

393 3115 526 3187 ρίως
558 3117 616 3171 δὲ
647 3116 744 3171 τοῦ
775 3118 953 3187 Λόγου
986 3118 1121 3182 Θεὸς
1150 3113 1294 3173 εἶναι
1315 3117 1802 3190 περιαγγέλλεται.
1822 3114 1981 3169 Οὕτω

2048 636 2434 706 parallelorum
2477 637 2633 692 initio
2665 636 2733 691 ad
2770 638 3064 694 terminum
3135 649 3432 711 utrumque
3466 656 3638 710 copu-

2050 726 2254 796 lentur,
2294 738 2351 785 et
2390 729 2699 785 chiasmum
2732 730 3027 800 quemdam
3074 730 3143 786 ad
3190 731 3422 787 invicem
3467 734 3637 789 eﬂor-

2051 830 2224 887 ment,
2256 830 2489 892 utraque
2525 831 2706 878 tamen
2738 823 3046 891 diagonalis
3092 823 3160 879 ad
3195 825 3485 894 parallelas
3524 834 3641 883 sta-

2052 923 2259 969 tuatur.
2295 913 2435 970 Hinc
2468 916 2613 971 enim
2648 916 2997 987 perspicuum
3029 916 3107 982 lit,
3128 918 3274 987 quod
3306 918 3361 973 in
3378 919 3643 989 parallelo

2054 1016 2329 1063 rectarum
2363 1007 2634 1063 linearum
2666 1019 2719 1063 et
2759 1007 2919 1063 Pater
2964 1006 3130 1064 Verbi
3174 1007 3356 1076 Pater,
3395 1019 3451 1066 et
3496 1009 3643 1067 Deus
3752 1044 3762 1055 -

2055 1098 2417 1158 humanitatis
2439 1111 2733 1171 assumptae
2754 1099 2900 1157 Deus
2919 1101 3131 1170 proprie
3161 1101 3359 1156 dicitur
3381 1120 3397 1171 ;
3430 1103 3485 1157 in
3508 1118 3645 1159 con-

2050 1191 2337 1263 iunctione
2363 1204 2545 1249 autem
2574 1193 2807 1249 chiasmi
2835 1203 2889 1249 et
2910 1192 3055 1249 Deus
3083 1191 3245 1248 Verbi
3282 1192 3423 1249 Deus
3450 1203 3507 1249 et
3545 1194 3648 1247 Pa-

2054 1291 2138 1338 ter
2166 1282 2527 1339 humanitatis
2558 1281 2720 1339 Pater
2749 1299 2855 1338 non
2892 1282 3107 1354 proprie
3137 1283 3362 1338 dicitur.
3412 1283 3569 1351 Quod
3601 1283 3649 1338 si

2057 1374 2288 1435 alterum
2319 1373 2539 1445 quidem
2574 1374 2873 1431 secundum
2906 1374 3221 1445 parallelam
3247 1374 3469 1441 lineam,
3502 1374 3644 1430 alte—

2057 1480 2181 1521 rum
2210 1480 2341 1520 vero
2371 1467 2677 1521 secundum
2700 1466 3048 1536 diagonalem
3083 1481 3274 1522 sumas
3294 1508 3310 1533 ,
3358 1468 3521 1537 idque
3561 1484 3654 1523 se-

2059 1557 2300 1612 cundum
2321 1566 2615 1629 utramque
2645 1557 3113 1628 coniugalionem,
3141 1560 3402 1630 utrinque
3429 1561 3656 1630 prodire

2062 1650 2272 1707 videbis
2299 1659 2354 1706 et
2380 1652 2661 1723 propriam
2707 1654 2874 1708 simul
2904 1663 2959 1709 et
3003 1654 3188 1709 minus
3221 1656 3498 1724 propriam
3559 1670 3654 1710 ac-

2061 1744 2389 1813 ceptionem.
2428 1744 2641 1801 Etenim
2693 1744 2854 1801 Pater
2901 1746 3121 1816 quidem
3182 1744 3345 1801 Verbi
3409 1747 3673 1817 proprie,

2063 1835 2432 1912 Deusgautem
2484 1837 2666 1893 minus
2697 1838 2938 1907 proprie,
2974 1848 3027 1892 et
3074 1853 3296 1894 rursum
3339 1837 3501 1894 Pater
3530 1839 3658 1908 qui-

2064 1925 2186 1980 dem
2226 1935 2529 1995 assumpta:
2582 1926 2946 1982 humanitatis
3001 1927 3187 1983 minus
3236 1927 3477 1998 proprie,
3515 1927 3661 1983 Deus

2064 2033 2197 2074 vero
2239 2017 2482 2088 proprie.
2540 2017 2680 2081 Cum
2726 2017 2895 2087 igitur
2948 2026 3188 2088 quatuor
3243 2018 3663 2089 coniugationes

2066 2111 2363 2182 duplicatae
2385 2110 2829 2177 considerentur,
2862 2125 2973 2166 una
3002 2111 3229 2181 quidem
3273 2111 3541 2166 linearum
3570 2126 3667 2181 pa-

2069 2202 2405 2269 rallelarum,
2441 2202 2609 2257 altera
2639 2217 2768 2258 vero
2808 2202 3077 2258 linearum
3125 2202 3360 2259 chiasmi
3408 2203 3668 2274 (interse-

2070 2295 2330 2366 ctarum),
2368 2302 2425 2350 et
2458 2295 2584 2350 alia:
2639 2294 2783 2361 duae,
2837 2294 3074 2366 quartim
3122 2296 3379 2366 quaelibet
3429 2311 3497 2352 ex
3554 2311 3667 2350 una

2071 2386 2438 2456 diagonalium
2466 2395 2523 2442 et
2548 2387 2654 2442 alia
2678 2386 3064 2458 parallelarum
3087 2388 3229 2443 inter
3246 2402 3306 2444 se
3324 2387 3668 2458 complicatis

2074 2480 2326 2545 resultat,
2360 2479 2651 2536 manifeste
2696 2489 2944 2550 apparet,
2978 2482 3123 2551 quod
3155 2480 3323 2535 verba
3362 2481 3453 2536 illa
3480 2489 3670 2535 contra

2074 2592 2235 2646 quam
2273 2577 2415 2645 apud
2446 2593 2541 2630 nos
2580 2592 2681 2630 usu
2707 2578 2867 2641 venit,
2897 2578 2963 2631 ad
2996 2575 3313 2632 utramlibet
3368 2582 3673 2645 postrema-

2076 2684 2196 2723 rum
2237 2668 2515 2725 reddenda
2562 2679 2713 2727 sunt.
2753 2668 2810 2724 In
2853 2669 2941 2724 his
2997 2670 3144 2724 enim
3189 2667 3351 2722 Pater
3397 2666 3573 2723 Verbo
3617 2676 3676 2722 et

2078 2768 2376 2829 assumpta:
2406 2760 2733 2816 humanitati
2764 2760 3054 2831 copulatus
3083 2758 3259 2815 Verbo
3286 2758 3507 2830 quidem
3545 2773 3679 2828 pro-

2078 2852 2215 2923 prie,
2246 2851 2577 2908 humanitati
2630 2860 2812 2907 autem
2860 2860 3159 2921 assumptae
3210 2852 3394 2906 minus
3451 2849 3678 2922 prOprie

2079 2949 2407 3012 coaptatur;
2446 2942 2521 2997 ita
2550 2958 2685 2997 vero
2715 2951 2770 2997 et
2800 2956 2908 2996 vox
2940 2939 3080 2995 Deus
3108 2940 3329 3011 proprie
3362 2940 3677 2995 humanita-

2082 3030 2153 3087 tis
2179 3041 2501 3103 assumptze,
2529 3032 2713 3087 minus
2741 3031 2961 3103 proprie
3000 3030 3156 3086 Verbi
3197 3046 3319 3087 esse
3355 3032 3681 3102 pronuntia-

2082 3132 2193 3179 tur.
2250 3123 2341 3179 Sic
2386 3124 2556 3195 igitur
2600 3123 2688 3179 bis
2735 3138 2766 3177 a
2815 3123 2975 3179 nobis
3014 3122 3398 3187 consideratis,
3440 3123 3677 3179 alteram

387 3210 685 3281 τοιγαροῦν
722 3212 879 3281 ήμῶν
929 3211 1377 3265 ἐπισκοπούντων
1412 3212 1472 3263 τὸ
1520 3210 1619 3281 μὲν
1662 3210 1765 3280 τῆς
1810 3206 1972 3272 συζυ-

2082 3208 2303 3280 quidem
2329 3209 2771 3282 coniugationem
2802 3210 3042 3281 proprie,
3075 3210 3301 3264 alteram
3334 3224 3464 3266 vero
3490 3210 3679 3265 minus

390 3301 515 3369 γίας
559 3302 787 3373 κυρίως,
835 3302 897 3355 τὸ
938 3302 994 3355 δὲ
1034 3302 1097 3355 οὐ
1132 3301 1339 3374 κυρίως
1383 3302 1507 3373 ἔχον
1539 3301 1976 3372 ἀναφανήσεται,

391 3395 486 3448 καὶ
511 3394 671 3448 τοῦτο
699 3394 760 3448 οὑ
793 3395 1107 3465 μονοειδῶς,
1140 3394 1258 3450 ἀλλ’
1283 3396 1342 3449 ὲν
1370 3394 1553 3465 σχέσει
1583 3395 1680 3449 καὶ
1708 3392 1980 3465 συναφείᾳ

393 3482 853 3555 παραλλαττούσῃ
884 3483 1223 3538 διπλασίονι*
1255 3484 1352 3539 καλ⁴
1381 3483 1562 3555 δῆλον,
1601 3483 1677 3547 ὼς
1706 3484 1981 3554 ἑκατέρας

392 3575 502 3629 τῶν
532 3576 805 3646 συζυγιῶν
831 3576 1094 3648 ἑκάτερον
1123 3577 1218 3631 τοῦ
1253 3578 1474 3646 κυρίως
1512 3579 1607 3631 καὶ
1634 3576 1730 3631 τοῦ
1770 3579 1843 3632 οὐ
1872 3594 1982 3630 κυ-

388 3670 534 3736 ρίως
554 3668 813 3733 ἐναντίως
849 3669 883 3739 ἢ
920 3670 1006 3739 ἐφ’
1030 3669 1190 3741 ήμῶν
1217 3669 1333 3740 ἔχει
1353 3687 1367 3701 ο
1405 3670 1502 3723 καὶ
1532 3669 1722 3740 ἐπειδὴ
1750 3666 1982 3734 ἐπεζεύ-

398 3760 503 3832 χθη
534 3761 602 3815 τὰ
628 3761 891 3832 ὀνόματα,
929 3763 990 3814 τὸ
1023 3763 1167 3829 Θεὸς
1200 3762 1347 3831 λέγω
1378 3762 1473 3817 καῖ
1506 3762 1733 3831 Πατὴρ,
1764 3760 1856 3815 διὰ
1884 3761 1986 3831 τῆς

395 3849 493 3903 τοῦ
533 3852 756 3920 κυρίως
783 3850 1137 3917 οίκειὼσεως,
1156 3851 1470 3924 ἑπεζεύχθη
1496 3853 1553 3907 δὲ
1583 3852 1740 3906 οὐδὲν
1763 3851 1986 3906 ἔλαττον

397 3946 495 3997 καὶ
523 3944 614 3997 διὰ
642 3946 743 4015 τῆς
777 3944 872 3998 τοῦ
898 3944 985 4015 μὴ
1019 3945 1239 4014 κυρίως
1272 3946 1683 4015 συναρτήσεως,
1720 3944 1770 3996 εί
1806 3942 1987 4013 βούλει

396 4034 457 4087 δὲ
490 4035 586 4088 καὶ
622 4035 759 4089 διότι
789 4035 883 4089 ἐπὶ
907 4037 1006 4106 τῆς
1036 4035 1210 4107 αὐτῆς
1258 4037 1635 4100 ὑποστάσεως,
1680 4036 1731 4088 εί
1770 4035 1865 4088 καὶ
1914 4034 1991 4106 μὴ

399 4127 603 4194 ὁμοίως
638 4128 889 4199 φέρεται,
921 4128 1197 4199 πρόφασις
1231 4128 1425 4197 γέγονε
1455 4129 1568 4191 τοῖς
1595 4129 1895 4197 αίρετικοῖς
1928 4127 1991 4180 τὸ

401 4217 646 4273 τοιοῦτον
692 4222 775 4284 είς
821 4220 884 4272 τὸ
929 4220 1221 4291 κρατύνειν
1247 4220 1430 4273 αὐτῶν
1468 4219 1608 4291 μετὰ
1637 4218 1990 4291 προσωπείου

402 4309 466 4362 τὸ
489 4311 811 4382 δυσσέϐημα
842 4312 1186 4367 κλεπτόντων
1221 4312 1321 4383 μὲν
1361 4312 1422 4365 τὸ
1452 4313 1673 4381 κυρίως
1698 4312 1794 4365 καὶ
1818 4314 1881 4366 τὸ
1918 4314 1991 4367 οὐ

406 4404 649 4471 κυρίως,
697 4405 1044 4477 σεσυλημένα
1096 4406 1153 4460 δὲ
1200 4405 1587 4476 προφερόντων
1638 4406 1715 4469 ὡς
1749 4405 1817 4460 ἂν
1870 4404 1995 4475 βού-

409 4494 584 4547 λοιντο
618 4496 681 4548 τὸ
718 4496 923 4565 Πατὴρ
953 4496 1048 4551 καί
1080 4514 1144 4565 γε
1179 4497 1238 4550 τὸ
1269 4497 1415 4563 Θεὸς
1444 4497 1529 4567 ἐφ’
1570 4497 1843 4568 ἑκατέρας
1882 4496 1994 4550 τῶν

2084 3301 2302 3371 proprie
2329 3301 2505 3371 accipi
2531 3302 2837 3373 apparebit,
2863 3302 3029 3371 idque
3054 3316 3162 3356 non
3190 3317 3298 3356 una
3329 3300 3680 3371 simplicique

2085 3387 2284 3452 forma,
2321 3390 2416 3445 sed
2458 3390 2514 3444 in
2567 3391 2888 3446 habitudine
2930 3398 2985 3445 et
3025 3390 3375 3461 copulatione
3430 3390 3682 3447 variante

2085 3481 2326 3552 gemina.
2359 3483 2427 3538 Et
2451 3490 2618 3552 patet,
2651 3482 2706 3537 in
2744 3481 3006 3537 utralibet
3053 3481 3446 3553 coniugatione
3469 3491 3681 3538 utram-

2085 3576 2219 3632 libet
2280 3574 2486 3645 proprii
2540 3583 2595 3629 et
2642 3574 2831 3630 minus
2893 3575 3104 3646 proprii
3156 3576 3429 3629 rationem
3488 3584 3678 3629 contra

2088 3681 2257 3737 quam
2287 3665 2432 3736 apud
2464 3681 2567 3721 nos
2599 3665 2672 3721 sit
2697 3680 2758 3721 se
2789 3665 3012 3721 habere.
3039 3665 3105 3721 Et
3133 3665 3395 3734 quoniam
3425 3664 3680 3736 copulata

2091 3752 2313 3809 fuerunt
2340 3753 2590 3818 nomina,
2620 3753 2765 3811 Deus
2803 3756 3026 3825 inquam
3070 3764 3128 3810 et
3170 3753 3354 3818 Pater,
3386 3770 3483 3825 per
3513 3753 3684 3825 huius

2091 3847 2336 3903 adverbii
2372 3848 2586 3917 proprie
2613 3848 3002 3919 adiectionem,
3044 3848 3294 3918 copulata
3326 3856 3509 3903 tamen
3540 3847 3688 3902 nihi-

2094 3939 2335 3995 lominus
2362 3939 2587 3994 fuerunt
2610 3956 2708 4011 per
2734 3940 2980 3995 adverbii
3008 3958 3112 3995 non
3138 3942 3351 4010 proprie
3383 3939 3690 4011 colligatio-

2094 4046 2243 4097 nem,
2277 4031 2361 4086 vel
2387 4033 2434 4086 si
2464 4031 2549 4086 vis
2577 4032 2767 4095 etiam,
2798 4033 2925 4102 quia
2949 4032 3040 4086 illa
3069 4032 3137 4087 de
3165 4032 3355 4087 eadem
3380 4030 3689 4102 hypostasi,

2095 4125 2221 4179 licet
2260 4139 2369 4179 non
2407 4124 2679 4189 similiter,
2712 4123 3038 4187 eﬂ‘eruutur,
3073 4124 3125 4178 id
3158 4138 3293 4178 ansa
3324 4122 3537 4177 exstitit
3574 4122 3691 4175 ha:-

2095 4215 2283 4270 relicis
2313 4215 2381 4270 ad
2428 4214 2862 4270 conﬁrmandam
2893 4230 3021 4269 cum
3066 4213 3260 4267 fraude
3307 4228 3463 4267 suam
3497 4210 3695 4281 impie-

2098 4315 2288 4374 tatem,
2322 4306 2699 4361 auferentibus
2750 4305 2971 4376 quidem
3016 4320 3179 4361 voces
3230 4304 3352 4359 illas
3395 4303 3607 4370 proprie
3639 4310 3695 4355 et

2098 4400 2383 4469 improprie
2413 4399 2649 4473 doloque
2685 4399 2952 4468 sacrilego
2979 4397 3045 4452 ad
3085 4412 3245 4453 suum
3276 4392 3687 4465 proferentibns

2102 4494 2316 4548 libitum
2340 4507 2529 4547 vocem
2563 4491 2710 4546 illam
2747 4489 2932 4546 Patris
2959 4501 3014 4546 et
3041 4489 3134 4544 Dei
3160 4505 3326 4559 supra
3374 4485 3692 4541 utramlibet

410 4585 534 4640 καθ’
579 4587 881 4641 ὑπόστασιν
932 4588 1229 4659 ήνωμένων
1284 4588 1506 4659 φύσεων
1551 4589 1692 4660 πρὸς
1751 4588 1850 4661 τήν
1895 4589 1972 4659 τῆ.

2074 4592 2076 4611 ’
2105 4595 2429 4640 naturarum
2452 4583 2796 4655 hypostatice
2833 4584 3134 4647 unitarum,
3164 4591 3225 4636 ut
3246 4596 3401 4637 suam
3432 4576 3694 4646 blasphe-

415 4671 550 4736 ιδίας
582 4672 936 4747 βλασφημίας
972 4676 1256 4733 σύστασιν.
1296 4677 1461 4732 Ἀλλά
1496 4678 1625 4749 περὶ
1661 4679 1761 4748 μὲν
1788 4679 1996 4733 τούτων

414 4763 652 4819 τοσαῦτα
678 4766 710 4819 ὁ
739 4768 839 4838 τῆς
864 4769 1156 4840 φιλοσόφου
1185 4770 1420 4841 θεωρίας
1449 4769 1672 4837 διέξεισι
1703 4769 1886 4839 λόγος.

2105 4680 2271 4734 miam
2302 4677 2602 4732 stabiliant.
2632 4676 2835 4731 Verum
2882 4676 2998 4731 haec
3034 4676 3250 4747 quidem
3282 4675 3354 4728 ita
3397 4688 3461 4727 ex
3502 4668 3697 4725 catho-

2106 4772 2225 4827 lica:
2251 4771 2377 4827 ﬁdei
2405 4769 2657 4826 doctrina
2690 4769 3056 4840 erplicantur.

1923 4948 2160 5004 NOTAE.

498 5086 609 5156 (52)
640 5089 935 5144 Chiasmus
964 5097 1050 5144 est
1090 5087 1264 5159 ﬁgura
1302 5085 1537 5143 fortnam
1578 5084 1773 5139 littera:
1837 5098 1871 5138 x
1919 5084 2214 5140 exhibens.
2282 5084 2343 5139 In
2403 5084 2505 5139 cod
2549 5084 2672 5141 Vat.
2735 5080 2959 5138 schema
3009 5094 3042 5132 a
3087 5074 3283 5131 Photio
3343 5075 3694 5148 designatum

498 5159 722 5207 erintum
751 5169 834 5207 est
858 5177 871 5207 :
1517 5154 1709 5207 Πατὴρ
2426 5153 2560 5207 Θεὸς

2472 5170 2560 5220 εος

425 5154 722 5230 asCriptum
751 5169 834 5216 est
858 5177 871 5215 :
1130 5154 1155 5159 ⁷
1517 5154 1709 5222 Πατὴρ

1584 5552 1619 5586 κ
1966 5240 2118 5631 ι
2482 5535 2519 5600 ἔ

1567 5592 1620 5658 -ἓ
2083 5601 2173 5680 eo,
2467 5610 2535 5661 '52.

1608 5738 1619 5759 Ι

1803 5760 1859 5823 (ξ)

1418 5975 1509 6029 τοῦ
1545 5974 1637 6046 λὸγ
1670 6025 1678 6035 ,
1744 5990 1805 6026 ου
2277 5974 2371 6027 τοῦ
2478 5987 2513 6020 π
2521 5986 2581 6043 ρο
2590 5968 2906 6041 σλήμματος
