4158 6468
478 388 583 449 405

1630 380 1893 442 PHOTII
1935 360 2441 438 PATRIARCHE
2474 375 2582 435 cr.

3677 369 3794 437 496

544 495 601 551 4.
648 496 722 552 De
756 494 855 550 illo
878 504 1079 561 autem,
1125 493 1273 550 ’Vunc
1300 510 1393 566 ego
1418 495 1664 558 mentior,
1691 501 1822 559 etc.,
1847 501 1980 562 puto
2008 502 2060 545 te

2238 488 2300 543 δ’.
2342 488 2478 558 Περὶ
2527 486 2585 539 δὲ
2640 483 2774 549 τοῦ,
2823 486 2955 541 Νῦν
3008 486 3062 539 δ’
3112 484 3228 555 ἐγὼ
3276 482 3619 554 ψεύδομαι
3693 486 3797 539 καὶ

479 589 543 642 ad
578 589 657 643 rei
702 586 1070 642 narrationem
1100 585 1250 640 illico
1286 586 1610 640 memoriam
1643 591 2054 640 revocaturum.

477 679 614 734 Cum
641 679 786 732 enim
822 693 923 749 ego
951 677 1083 731 olim
1135 676 1191 731 in
1244 676 1543 732 dialecticis
1575 673 2056 732 exercitationibus

2161 578 2289 649 ἑξῆς
2319 579 2454 648 (53),
2489 580 2569 643 είς
2601 580 2825 650 μνήμην
2852 574 3007 649 οἶμαι
3049 594 3109 631 σι
3144 578 3222 649 μὴ
3275 575 3652 649 βραδύτερον
3690 576 3799 646 τῆς

2164 671 2409 743 ἱστορίας
2452 671 2627 725 ἐλθεῖν
2666 671 3065 743 διηγουμένης·
3113 672 3208 725 καὶ
3249 672 3364 741 γὰρ
3424 667 3622 722 πάλαι
3652 668 3800 721 ποτέ

480 779 628 826 artes
661 770 866 838 tepicas
910 768 1241 839 explicarem
1273 767 1637 833 auditoribus,
1681 781 1916 837 quorum
1946 767 2061 836 ipso

2182 765 2305 819 ιατά
2352 764 2453 828 τὰς
2494 763 2842 827 διαλεκτικὰς
2898 762 3312 833 συγγυμνασίας
3365 760 3486 823 τὰς
3536 759 3798 820 τοπικὰς

479 878 588 918 non
623 864 871 930 iniimus,
915 863 1029 919 imo
1074 863 1128 918 in
1174 860 1504 931 disputando
1553 874 1677 915 eras
1728 859 2059 930 praecipuus,

478 955 678 1008 librum
713 955 987 1025 integrum
1023 954 1091 1009 de
1123 955 1228 1008 hac
1259 951 1561 1023 quarstione
1591 951 2058 1015 elucubravimus,

478 1062 643 1116 quem
672 1046 839 1101 etiam
869 1046 1220 1102 scribendum
1253 1052 1384 1100 tunc
1409 1043 1722 1100 volentibus
1752 1042 2062 1115 quibusque

480 1136 857 1207 permisimus.
888 1133 1047 1191 Unde
1086 1142 1299 1205 oportet
1332 1143 1391 1188 tu
1439 1148 1659 1204 quoque
1690 1133 1858 1188 istum
1902 1147 2060 1203 repe-

480 1228 633 1282 riens
660 1240 725 1281 ac
753 1226 1097 1296 pervolvens,
1129 1224 1177 1281 si
1211 1223 1343 1295 quid
1373 1222 1440 1279 de
1463 1222 1567 1280 hac
1609 1224 1983 1279 controversia
2010 1232 2065 1276 te

479 1316 798 1386 praeterivit,
831 1316 886 1370 in
913 1316 1234 1371 memoriam
1278 1328 1522 1369 revoces.
1571 1311 1691 1367 Non
1722 1312 1827 1368 erit
1855 1322 2062 1377 tamen,

482 1408 702 1477 opinor,
747 1421 1214 1478 supervacaneum
1248 1420 1349 1461 nec
1378 1404 1587 1461 subibit
1615 1402 1935 1461 ambitionis
1966 1418 2065 1459 no-

482 1508 618 1565 tam,
648 1513 798 1553 nunc
823 1513 1045 1569 quoque
1074 1499 1131 1553 in
1164 1497 1243 1552 tui
1295 1496 1528 1567 gratiam
1569 1510 1744 1568 pauca
1773 1496 1841 1551 de
1872 1495 2064 1552 eadem

482 1604 543 1646 re
567 1589 733 1647 verba
767 1588 967 1645 facere.

553 1682 608 1737 5.
630 1683 944 1755 Gregorius,
974 1682 1066 1753 qui
1100 1681 1168 1738 de
1195 1681 1358 1738 rebus
1380 1681 1581 1737 divinis
1608 1678 2071 1737 excellentissime

481 1774 764 1839 disseruit,
795 1790 919 1829 cum
944 1774 1270 1830 Eunomiani
1296 1774 1695 1829 arbitrarentur
1722 1787 1885 1843 posse
1914 1786 1974 1827 se
1998 1785 2067 1827 ex

483 1864 663 1935 ιοκίοο
712 1864 967 1920 discursu
1017 1864 1655 1934 incomprehensibilium
1703 1862 2070 1933 comprehen-

483 1957 694 2012 sionem
756 1957 910 2026 quasi
969 1970 1086 2011 rem
1147 1956 1388 2026 aliquam
1442 1954 1728 2010 minimam
1777 1954 1963 2009 venari
2003 1968 2071 2010 ac

485 2048 740 2118 praedari,
773 2062 839 2102 ac
867 2063 961 2118 per
994 2047 1479 2103 contradictoriam
1509 2047 1661 2102 illam
1688 2045 2073 2117 interrogatio-

486 2152 635 2201 nem,
680 2148 739 2191 ut
785 2136 1437 2206 putabantfcozeternum
1470 2135 1652 2193 Patris
1676 2134 1917 2193 Verbum
1944 2151 2069 2192 cum

483 2228 648 2282 rebus
673 2227 1017 2296 postmodum
1041 2226 1202 2283 factis
1224 2228 1493 2284 collocare
1513 2229 1798 2293 auderent,
1838 2228 2072 2296 divinus,

486 2319 733 2389 inquam,
764 2318 947 2390 (ήμιῖ)
988 2318 1287 2390 Gregorius
1332 2320 1643 2377 concedens
1690 2321 2074 2392 interrogatio-

487 2425 613 2465 nem
660 2410 812 2465 illam
846 2426 944 2482 per
992 2411 1480 2467 contradictionem
1510 2411 1850 2482 processisse
1874 2410 2074 2482 (quan-

486 2518 652 2572 quam
703 2518 812 2557 non
864 2502 938 2556 ita
1002 2516 1092 2557 res
1140 2509 1281 2569 erat,
1331 2501 1427 2556 sed
1475 2503 1651 2557 ambae
1706 2503 2073 2573 oppositionis

488 2602 669 2664 partes
708 2606 805 2663 per
851 2590 1265 2646 atlirmationem
1311 2591 1704 2658 eﬂ‘erebantur,
1749 2593 1852 2649 etsi
1904 2592 2075 2648 altera

488 2683 703 2737 illarum
733 2696 920 2737 vocem
954 2681 1282 2752 simplicem,
1314 2682 1488 2737 altera
1519 2696 1587 2737 ex
1636 2682 2073 2753 transpositione

490 2773 714 2843 gerebat
743 2770 1026 2842 formam),
1059 2772 1165 2827 hoc
1189 2779 1373 2826 tamen
1404 2772 1673 2843 neglecto,
1703 2787 1771 2827 ne
1801 2772 2077 2829 videretur

491 2864 738 2919 artiﬁciis
766 2872 821 2919 et
857 2863 1086 2933 argutiis
1116 2863 1362 2933 gloriari,
1394 2864 1491 2934 qui
1515 2863 1724 2918 nullum
1771 2863 1858 2920 bis
1886 2863 1943 2918 in
1988 2878 2077 2919 re-

492 2971 618 3010 rum
653 2954 967 3009 divinarum
1014 2954 1341 3009 tractatione
1386 2954 1553 3010 dabat
1594 2954 1826 3019 aditum,
1883 2964 2077 3010 contra

490 3047 787 3118 ipsammet
824 3046 1042 3101 illorum
1099 3060 1283 3102 arcem
1328 3046 1539 3103 validos
1595 3048 1842 3104 veritatis
1878 3049 2080 3103 arietes

2166 855 2425 925 μεθόδους
2457 853 2896 916 ἀναπτύσσοντός
2929 870 3030 922 μου
3072 855 3183 915 τοῖς
3230 854 3435 923 ἀκροω
3448 851 3686 922 μένοις,
3716 842 3800 904 ὧν

2165 947 2262 1000 καὶ
2292 945 2456 1009 αὐτὸς
2507 945 2631 999 οὐδὲ
2681 944 2793 998 τῶν
2836 944 3131 1015 τυχόντων,
3184 943 3320 997 ἀλλά
3365 943 3496 996 τῶν
3540 943 3799 1013 μάλιστα

2168 1036 2543 1109 συζητούντων
2570 1033 2746 1109 ἦσθα,
2804 1036 3004 1100 ἱκανῶς
3034 1036 3174 1106 ἔχων
3202 1035 3363 1103 λόγος
3399 1036 3554 1106 περὶ
3588 1033 3799 1087 τούτου

2166 1130 2261 1184 τοῦ
2290 1130 2605 1201 ζητήματος
2635 1129 2944 1201 κατεϐλήθη
2969 1144 2983 1157 ·
3018 1130 3106 1198 ἐφ’
3148 1120 3193 1196 ᾧ
3234 1127 3331 1181 καὶ
3358 1126 3801 1197 γεγραμμένον

2168 1223 2314 1295 ἔχειν
2348 1224 2652 1294 τηνικαῦτα
2695 1226 2809 1286 τοῖς
2845 1222 3193 1293 βουλομένοις
3226 1220 3461 1288 ἐξεδόθη
3521 1222 3631 1272 καὶ
3685 1218 3798 1289 χρή

2170 1333 2231 1371 σε
2262 1315 2452 1369 τοῦτον
2505 1315 3009 1386 ἀνερευνησάμενον
3054 1313 3150 1367 καὶ
3196 1312 3478 1382 εὑρόντα,
3544 1311 3605 1363 εί
3634 1310 3693 1363 τί
3736 1325 3801 1362 σι

2168 1408 2383 1462 διέλαθε
2416 1408 2547 1479 περὶ
2570 1408 2671 1477 τῆς
2700 1407 3071 1477 προκειμένης
3099 1404 3633 1476 ἀμφισϐητήσεως,
3652 1404 3796 1458 ἀνα-

2169 1498 2478 1570 κτήσασθαι
2510 1502 2576 1570 τῇ
2609 1500 2824 1572 μνήμῃ.
2854 1499 3002 1568 Πλὴν
3021 1498 3116 1553 καὶ
3142 1496 3237 1551 νῦν
3270 1496 3347 1561 ὡς
3382 1498 3453 1549 ἐν
3484 1495 3665 1565 τύπῳ
3695 1495 3819 1567 σὴνί

2170 1590 2333 1661 χάριν
2361 1592 2422 1643 οὐ
2453 1590 2710 1660 περιττὸν
2740 1590 2863 1643 οὐδὲ
2894 1589 3179 1658 φιλότιμον
3216 1582 3373 1657 οἶμαι
3415 1587 3647 1640 εἰπεῖν.

2180 1694 2181 1697 ‘
2242 1680 2305 1738 ε’.
2357 1683 2419 1737 ’0
2465 1683 2534 1735 τὰ
2576 1682 2697 1737 θεῖα
2747 1682 3079 1752 θεολογήσας
3110 1679 3419 1750 ὑπερφυῶς
3468 1677 3799 1748 Γρηγόριος

2173 1776 2281 1830 τῶν
2326 1775 2422 1829 ἀπ’
2454 1775 2723 1845 Εὐνομίου
2753 1774 2850 1845 τὴν
2881 1773 3189 1843 κατάληψιν
3214 1772 3323 1825 τῶν
3355 1770 3802 1839 ἀκαταλήπτων

2174 1869 2240 1922 ἐκ
2280 1867 2381 1938 τῆς
2423 1867 2647 1938 λογικῆς
2692 1865 3003 1937 ἐντρεχείας
3032 1864 3295 1936 οίομένων
3327 1863 3543 1932 ὥσπερ
3580 1880 3640 1915 τι
3682 1862 3797 1914 τῶν

2172 1956 2388 2011 πολλῶν
2418 1956 2520 2011 ύπδ
2551 1955 2725 2027 θήραν
2764 1957 2938 2009 ποιεῖν
2981 1954 3075 2008 καὶ
3122 1951 3504 2023 προνομεύειν
3555 1951 3660 2003 καὶ
3706 1948 3799 2003 διά

2173 2050 2273 2120 τῆς
2299 2051 2659 2119 ἀντιφατικῆς
2685 2048 3028 2119 ἐρωτήσεως,
3047 2046 3123 2109 ὡς
3154 2045 3342 2115 ᾤοντο,
3358 2044 3467 2097 τὸν
3506 2043 3796 2097 ωναῖδιον

2174 2141 2271 2195 τοῦ
2314 2141 2531 2212 Πατρδς
2560 2140 2733 2208 Λόγον
2766 2139 2994 2209 ὕστερον
3046 2137 3141 2191 καὶ
3178 2138 3293 2199 τοῖς
3343 2135 3658 2204 γεγονόσιν
3696 2134 3799 2187 ἕνα

2178 2233 2495 2288 συντάττειν
2547 2229 2987 2303 θρασυνομένων,
3034 2228 3406 2298 συγχωρήσας
3449 2220 3633 2286 εἶναι,
3700 2223 3796 2276 τὸν

2175 2325 2526 2399 ἐῳτημὲνον
2548 2324 2727 2392 λόγον,
2758 2323 2787 2375 ὁ
2820 2321 2961 2383 θεῖος
2983 2320 3307 2392 Γρηγόριος,
3323 2316 3396 2370 δι’
3427 2315 3795 2384 ἀντιφάσεως

2176 2415 2828 2490 προεληλυθέναι,καίτοι
2854 2429 2919 2481 γε
2941 2412 3043 2482 οὐχ
3066 2410 3240 2472 οὕτως
3262 2405 3442 2479 εἶχεν,
3468 2408 3596 2461 ἀλλ’
3622 2408 3796 2476 ἄμφω

2176 2508 2244 2562 τὰ
2280 2506 2428 2577 μέρη
2455 2508 2555 2577 τῆς
2584 2503 2915 2565 ἀντιθέσεως
2939 2502 3077 2573 πρὸς
3096 2500 3158 2552 τὸ
3190 2498 3592 2568 καταφατικὸν
3623 2497 3799 2549 διετυο

2177 2598 2366 2664 ποῦτο,
2405 2599 2455 2652 εί
2480 2598 2576 2651 καὶ
2604 2596 2639 2667 ή
2670 2596 2767 2667 μὲν
2793 2594 2903 2649 τῶν
2926 2592 3120 2663 φωνῶν
3151 2592 3249 2662 τὴν
3278 2591 3499 2663 ἁπλῆν,
3532 2592 3570 2660 ή
3602 2589 3663 2643 δέ
3690 2588 3792 2657 τὴν

2180 2694 2245 2746 ἐκ
2276 2689 2627 2761 μεταθέσεως
2653 2688 2822 2760 ἔφερε
2853 2687 3070 2757 μορφήν
3096 2702 3111 2719 ·
3154 2684 3294 2755 πλὴν
3322 2683 3473 2738 ἀλλὰ
3518 2680 3690 2735 τοῦτό
3728 2696 3811 2747 γε

2179 2780 2449 2854 παριδὼν,
2467 2782 2554 2835 ἵνα
2573 2780 2648 2851 μὴ
2660 2779 2790 2852 δόξῃ
2806 2780 2924 2842 ταῖς
2938 2776 3305 2848 τεχνολογίαις
3328 2776 3356 2828 ὁ
3375 2772 3623 2835 ταύταις
3644 2771 3791 2841 πάρ-

2179 2875 2299 2929 οδον
2333 2873 2431 2927 ἐπὶ
2470 2872 2607 2927 Θεοῦ
2638 2874 2733 2925 καὶ
2778 2869 3056 2938 θεολογίας
3093 2868 3169 2939 μὴ
3200 2867 3380 2929 διδοὺς
3418 2863 3793 2934 ἐπισεμνύνε-

2182 2969 2335 3030 σθαι,
2387 2965 2510 3021 κατ’
2544 2964 2715 3035 αὐτῆς
2765 2962 2946 3017 αὐτῶν
2990 2962 3087 3031 τῆς
3128 2959 3498 3030 ἀκροπόλεως
3542 2957 3649 3020 τὰς
3691 2955 3790 3024 τῆς

2181 3059 2444 3132 ἀληθείας
2475 3057 2760 3128 ἐφίστησιν
2809 3053 3084 3117 ἑλεπόλεις
3120 3054 3215 3107 καὶ
3244 3055 3311 3122 τῇ
3352 3048 3634 3122 ἐναργείᾳ
3680 3047 3792 3099 τῶν

492 3140 797 3204 constituit,
821 3146 876 3195 et
904 3154 1085 3194 rerum
1107 3138 1378 3195 evidentia
1407 3141 1590 3211 potius
1617 3156 1781 3212 quam
1809 3141 2078 3213 objectio-

2185 3150 2532 3225 πραγμάτων
2556 3148 2759 3221 μᾶλλον
2801 3147 2835 3238 ᾗ
2880 3148 2945 3218 τῇ
2978 3145 3088 3198 τῶν
3122 3144 3387 3216 ῥημάτων
3420 3138 3791 3238 ἀνθυποφορᾷ

493 3232 581 3287 nis
620 3230 944 3301 exceptione
970 3230 1192 3295 clamat,
1223 3230 1371 3301 quod
1413 3246 1522 3287 non
1551 3233 1780 3288 omnino
1809 3242 2079 3301 vestrum,

493 3337 527 3379 ο
542 3323 643 3377 viri
663 3322 1075 3393 sapientissimi,
1097 3321 1548 3379 contradictionis
1564 3322 1875 3394 perfugium
1904 3324 2083 3395 exigit

495 3423 556 3469 nt
574 3417 743 3470 altera
766 3415 1202 3486 propositionum
1232 3414 1578 3479 admittatur,
1599 3415 1746 3485 quod
1770 3416 1924 3471 vobis
1945 3416 2087 3470 invio

494 3518 641 3564 ctum
665 3516 857 3563 contra
875 3507 1154 3563 veritatem
1180 3506 1855 3578 videbaturargumentum
1875 3524 1890 3575 ;
1910 3523 2088 3578 neque

499 3611 582 3656 est
606 3600 874 3671 ejusmodi
899 3598 1339 3655 ratiocinationis
1366 3599 1678 3669 aequissima
1698 3608 1755 3655 et
1778 3600 2087 3656 rectissima

497 3693 840 3764 dijudicatio.
869 3692 1118 3762 Cumque
1158 3692 1212 3746 id
1239 3692 1566 3748 adversariis
1599 3694 1953 3763 reposuisset,
1986 3693 2086 3749 ad-

502 3785 608 3840 fert
642 3784 891 3854 exempla
927 3785 1030 3839 ista
1062 3802 1077 3837 :
1106 3782 1265 3838 Nunc
1308 3799 1401 3855 ego
1445 3784 1691 3851 mentior,
1744 3794 1818 3853 et,
1861 3785 1959 3841 tibi
1988 3802 2088 3841 na-

501 3874 667 3930 scenti
694 3876 911 3939 aderas,
944 3884 998 3928 et
1050 3874 1153 3928 alia
1187 3872 1351 3943 hujus
1390 3874 1626 3945 generis,
1659 3876 1950 3931 ostendens
1980 3891 2087 3930 non

500 3982 624 4024 esse
652 3965 879 4021 omnino
904 3966 1302 4032 necessarium,
1336 3974 1396 4021 ut
1436 3965 1604 4021 altera
1637 3968 2089 4024 contradictionis

501 4058 826 4114 admittatur
855 4072 1010 4128 pars;
1047 4057 1142 4114 sed
1170 4065 1369 4129 potest,
1396 4067 1457 4112 ut
1487 4057 1543 4112 in
1572 4057 1760 4115 allatis
1794 4060 2085 4131 exemplis.

500 4150 799 4221 aliquando
837 4148 1008 4221 (quis)
1040 4156 1331 4219 utramque
1357 4147 1591 4203 inﬁciari
1619 4158 1674 4205 et
1718 4151 2007 4221 repudiare
2036 4162 2091 4208 et

499 4243 646 4300 aliud
662 4242 876 4297 tertium
894 4240 1225 4311 excogitare,
1252 4240 1309 4296 in
1336 4254 1446 4311 quo
1470 4240 1707 4297 emicare
1735 4245 1937 4300 veritas
1952 4260 2087 4301 con-

501 4334 783 4405 spiciatur.
815 4336 895 4389 Ac
943 4342 1155 4403 poterat
1188 4331 1408 4404 quidem
1436 4330 1733 4403 Gregorius
1790 4350 1856 4390 ex
1900 4337 2091 4408 l0gicae

501 4430 789 4500 praeceptis
837 4429 1195 4501 distinguere,
1248 4444 1500 4500 quaenam
1541 4432 2088 4490 contradictoriarum

2188 3245 2309 3317 βοᾷ,
2332 3244 2408 3307 ὡς
2433 3243 2510 3297 Οὐ
2535 3243 2775 3302 πάντως,
2796 3232 2841 3292 ὧ
2877 3236 3277 3307 σοφώτατοι,τὸ
3302 3234 3405 3304 τῆς
3435 3231 3790 3301 ἀντιφάσεως

2187 3334 2345 3407 ὑμῶν
2373 3331 2711 3403 καταφύγιον
2741 3328 2979 3400 θατέραν
3011 3328 3235 3382 ἀπαιτεῖ
3250 3325 3651 3395 συνομολογεῖν
3678 3320 3790 3373 τῶν

2187 3428 2511 3499 προτάσεων
2535 3441 2550 3457 ο
2586 3425 2654 3479 δι’
2686 3417 2859 3495 οὗπερ
2884 3423 3010 3493 ὑμῖν
3050 3420 3195 3475 κατά
3236 3419 3338 3488 τῆς
3380 3417 3685 3479 εὐσεϐείας
3725 3413 3789 3466 τὸ

2192 3521 2394 3592 θράσος
2422 3517 2602 3572 ἐδόκει
2631 3517 2848 3587 ἄμαχον
2868 3530 2882 3545 °
2918 3513 3043 3568 ούδέ
3074 3514 3224 3566 ἐστιν
3269 3510 3449 3580 αὐτῆς
3480 3509 3789 3567 ἀδέκαστος

2188 3615 2225 3685 ή
2251 3611 2549 3683 διάκρισις.
2592 3608 2702 3663 Kal.
2728 3607 2892 3661 τοῦτο
2921 3601 3349 3673 ἀνθυπενεγκὼν
3378 3601 3577 3673 τίθησι
3605 3614 3788 3668 παρα-

2187 3705 2480 3775 δείγματα,
2517 3704 2580 3757 τό
2607 3718 2691 3768 τε,
2717 3700 2850 3757 Νῦν
2869 3698 2984 3769 ἐγὼ
3013 3697 3342 3767 ψεύδομαι,
3374 3696 3476 3748 καὶ
3518 3693 3603 3757 τὸ,
3628 3694 3787 3745 Σαυ-

2189 3796 2270 3857 τῶ
2299 3795 2367 3849 δὲ
2398 3790 2701 3865 γενομένῳ
2727 3789 2956 3859 παρῆςυ
3004 3789 3100 3842 καὶ
3142 3788 3244 3842 ὅσα
3286 3785 3545 3852 τοιαῦτα,
3568 3782 3785 3843 δεικνὺς

2188 3889 2266 3954 ὡς
2311 3888 2373 3941 uti
2424 3888 2644 3948 πάντως
2679 3884 2740 3938 τὸ
2785 3882 2973 3951 ἕτερον
3017 3880 3117 3950 τῆς
3169 3878 3523 3947 ἀντιφάσεως
3567 3875 3784 3940 ἀνάγκη

2192 3979 2613 4052 συνομολογεῖν,
2649 3975 2765 4033 ἀλλ’
2797 3974 2910 4030 ἐσθ’
2949 3974 3041 4027 ὅτε
3074 3971 3299 4027 δυνατὸν
3329 3969 3526 4040 ὥσπερ
3568 3966 3664 4021 καὶ
3692 3962 3785 4015 ἐπὶ

2189 4073 2302 4128 τῶν
2349 4068 2735 4142 προκειμένων
2779 4066 3045 4138 ἑκάτερον
3078 4061 3444 4133 ἀπαρνεῖσθαι
3495 4059 3593 4115 καὶ
3644 4057 3783 4110 ἀπο-

2190 4163 2511 4237 πέμπεσθαι
2550 4163 2646 4217 καὶ
2672 4161 2855 4232 τρίτον
2892 4158 3081 4231 ἓτερον
3109 4157 3335 4228 ἐφορᾷν,
3369 4156 3429 4208 ἐν
3454 4147 3502 4223 ᾧ
3532 4148 3779 4220 καθορᾶ-

2191 4276 2284 4312 ται
2304 4254 2656 4327 ἀναφυομένη
2675 4255 2709 4324 ή
2725 4252 2955 4324 ἀλήθεια
2972 4267 2987 4283 ·
3023 4250 3120 4304 καὶ
3142 4245 3209 4320 ἦν
3237 4247 3336 4319 μὲν
3369 4241 3802 4317 τεχνολογούντι-

2190 4349 2270 4421 τῷ
2301 4348 2548 4418 Θεολόγῳ
2581 4346 2832 4415 διαιρεῖν,
2875 4345 3026 4398 ποῖαι
3069 4342 3178 4395 τῶν
3205 4339 3553 4408 ἀντιφάσεων
3596 4333 3779 4403 ἔχουσι

2193 4441 2293 4513 τὴν
2322 4441 2599 4510 διάκρισιν
2624 4435 2721 4489 τοῦ
2748 4433 2985 4506 ἀληθοῦς
3008 4431 3219 4487 καὶτοῦ
3241 4430 3496 4502 ψεύδους,
3511 4427 3609 4482 καὶ
3630 4423 3779 4477 ποῖαι

503 4538 693 4577 verum
736 4536 800 4578 ac
831 4520 1029 4577 falsum
1080 4522 1362 4591 dirimant,
1398 4534 1453 4581 et
1498 4541 1751 4596 quaenam
1791 4543 1931 4596 non;
1960 4529 2079 4598 quia

2198 4537 2273 4606 μή
2295 4551 2309 4565 ’
2339 4534 2466 4586 ἐπεὶ
2491 4530 2548 4584 δὲ
2577 4528 2849 4597 θεολογεῖν
2872 4525 3042 4598 αὐτῷ,
3069 4526 3205 4579 ἀλλά
3231 4523 3308 4597 μὴ
3335 4513 3776 4583 καλλωπίζεσθαι

505 4625 686 4671 tamen
726 4616 794 4672 dc
828 4615 942 4671 Deo
982 4615 1278 4682 disserere,
1314 4632 1422 4672 non
1454 4626 1636 4675 autem
1667 4620 1803 4675 artis
1831 4631 2088 4680 ornatum

504 4717 783 4764 ostentare
832 4707 937 4763 sibi
986 4718 1101 4763 erat
1158 4708 1533 4779 propositum,
1575 4717 1631 4766 et
1681 4710 1965 4771 haereticos
1999 4730 2091 4768 ar-

2196 4627 2265 4696 τῇ
2298 4623 2465 4695 τέχνῃ
2497 4620 2812 4692 προύκειτο,
2835 4618 2932 4674 καὶ
2959 4619 3083 4682 τοὺς
3114 4614 3427 4689 αἱρετικοὺς
3451 4611 3772 4678 διελέγχειν.

2201 4717 2339 4771 ἀλλά
2376 4714 2455 4787 μὴ
2487 4714 2662 4769 τελεῖν
2690 4714 2818 4776 τοὺς
2861 4711 3172 4782 γνωρίμους
3218 4702 3300 4772 οἷς
3350 4710 3379 4760 ὁ
3427 4696 3770 4759 διαλεκτικὸς

2016 4807 2251 4864 NOTAE.

580 4898 695 4970 (35)
728 4898 860 4953 Naz.
886 4898 1041 4954 Orat.
1071 4898 1099 4951 1
1122 4899 1186 4952 de
1210 4899 1377 4970 Filio,
1397 4899 1514 4970 sive
1563 4897 1717 4953 Orat.
1753 4902 1787 4956 5
1812 4900 1879 4955 de
1894 4901 2088 4957 Theol.

508 4970 674 5040 (Billii
705 4970 801 5024 0r.
834 4970 904 5025 55

508 5038 591 5095 est
623 5060 635 5097 :
677 5042 736 5093 Ei
770 5040 829 5095 δέ
857 5038 1225 5111 σοι’φαίνεται
1250 5040 1548 5108 ἀναγκαῖον
1579 5038 1747 5106 εἶναι,
1785 5040 1847 5094 τὸ
1905 5043 2095 5111 ἕτερον

510 5111 801 5176 ἀληθεύειν
831 5112 927 5165 ἐπὶ
958 5110 1159 5174 παντὸς
1180 5111 1321 5165 κατά
1336 5111 1437 5174 τὰς
1469 5111 1567 5174 σὰς
1592 5111 1937 5176 διαλεκτικὰς
1960 5110 2095 5167 ὑπο-

510 5180 725 5252 λήψεις.
767 5182 942 5249 δείξαι
975 5182 1078 5253 μοῦ
1101 5199 1165 5253 ’τι
1192 5182 1389 5253 μικρὸν
1420 5180 1711 5253 ἐρῴτημαο
1747 5183 1775 5233 ὁ
1796 5184 1985 5253 χρόνος
2038 5187 2096 5236 ἐν

512 5199 725 5252 ληφεις.
767 5199 942 5249 οειςαι
975 5199 1078 5253 μου
1111 5199 1165 5234 τι
1192 5199 1389 5250 μικρον
1420 5199 1711 5253 ερωτημα·
1747 5199 1775 5233 ο
1796 5199 1865 5305 χρ

512 5254 692 5323 χρόνῳ
727 5253 759 5322 ἢ
795 5255 896 5306 οὐκ
918 5254 977 5305 ἐν
1011 5251 1221 5323 χρόνῳ;
1252 5253 1301 5303 εί
1334 5252 1433 5321 μὲν
1476 5252 1569 5323 οὖν
1629 5254 1688 5323 ἐν
1754 5270 1822 5323 χρ
1856 5272 1865 5303 γ

511 5321 723 5393 τούτῳ
754 5325 849 5376 καὶ
869 5323 923 5377 τί
946 5321 1100 5393 παρά
1125 5321 1312 5375 τοῦτον
1332 5322 1447 5375 ὄντι
1479 5322 1576 5375 xal.
1601 5321 1717 5386 πῶς
1741 5321 2087 5394 περιέχοντις

514 5395 564 5445 εἰ
598 5394 655 5445 δὲ
690 5394 791 5446 ούκ
819 5395 876 5447 ἐν
928 5393 1129 5463 χρόνῳ,
1181 5393 1329 5463 τίςή
1366 5394 1599 5463 περιττὴ
1655 5394 1839 5463 σοφία,
1900 5394 2092 5463 χρόνον

515 5412 564 5445 ει
598 5412 655 5445 οε
690 5412 791 5446 ουκ
819 5412 876 5447 εν
928 5412 1129 5464 χρονῳ,
1181 5412 1267 5457 τις
1296 5412 1329 5463 η
1366 5412 1599 5463 περιττή
1655 5412 1839 5461 σοφια,
1900 5412 2092 5465 χρονον

515 5463 761 5535 είσάγειν
782 5464 1049 5535 ἄχρονον;
1083 5464 1289 5535 τοῦνδὲ,
1330 5461 1444 5535 Νῦν
1478 5461 1588 5535 ἐγῲ
1632 5461 1944 5535 ψεύδομαι,
2004 5464 2094 5525 δὸς

516 5534 579 5605 τὸ
608 5534 792 5605 ἕτερον
822 5532 867 5601 ἦ
886 5534 1261 5605 ἀληθεύεσθαι
1302 5534 1462 5605 μόνον
1476 5533 1525 5605 Δἦ
1542 5532 1865 5605 ψεύδεσθαι·
1901 5536 1962 5587 ού
1985 5535 2057 5603 γά

519 5603 808 5676 ἀμφότερα
833 5603 1099 5676 semper
1142 5604 1257 5676 ἀλλ’
1284 5606 1384 5676 οὐκ
1411 5603 1685 5676 ἐνδέχεται
1716 5618 1731 5633 ·
1765 5604 1797 5672 ἢ
1822 5603 2099 5676 γὰρψευο

519 5673 739 5744 δόμενος
758 5673 1046 5743 ἀληθεύσει
1067 5674 1098 5741 ἢ
1119 5674 1396 5743 ἀληθεύων
1413 5673 1669 5741 ψεύσεται
1690 5675 1841 5728 πᾶσα
1861 5673 2095 5744 ἀνάγκη·

606 5742 1248 5814 οὗνᾼθαυμαστὸνὼσπερ
1282 5743 1514 5798 ἐνταῦθα
1537 5744 1825 5814 συμῦαίνει
1851 5745 1919 5797 τὰ
1948 5742 2095 5798 ἐναν-

526 5811 635 5878 τία,
670 5811 842 5876 οὕτως
868 5815 1044 5866 ἐκεῖσε
1071 5811 1353 5885 ἀμφότερα
1378 5813 1693 5883 ψεύδεσθαι,
1729 5817 1819 5869 καὶ
1841 5814 1983 5868 οὕτω
2012 5833 2094 5870 σοι

949 4986 1004 5041 p.
1035 4970 1160 5047 567.
1193 4968 1364 5047 Clem.
1400 4968 1495 5047 0r_.
1553 4970 1644 5047 29)
1672 4970 1975 5047 Contcxtus
2006 4973 2097 5028 hic
2198 4992 2255 5047 p.
2289 4975 2359 5030 95

2195 4906 2259 4961 τὸ
2298 4902 2461 4969 σοφὸν
2496 4899 2703 4969 ήλίθιον
2756 4898 3166 4969 ἀναφανήσεται
3204 4936 3217 4949 .
3251 4935 3270 4969 ι
3310 4935 3323 4949 .
3358 4892 3551 4947 Billius
3614 4886 3674 4969 (ι.

2401 4921 2461 4957 ον
2496 4921 2703 4969 ηΛιυιον
2756 4921 3166 4967 αναφανησεται
3204 4936 3217 4949 .
3256 4935 3270 4949 .
3310 4935 3323 4949 .
3358 4921 3551 4947 uultu:
3614 4921 3674 4956 μ.
3709 4921 3771 4961 -ςι

2362 4921 2417 5043 ἵ)
2456 4987 2525 5027 ex
2570 4970 2686 5025 Elia
2738 4967 2985 5043 Cret._ad
3023 4968 3076 5020 h.
3123 4969 3158 5020 l.
3212 4965 3483 5043 observat.
3510 4954 3773 5043 “ostendit

2328 5021 2723 5106 ἑέἑεῖἶθεὲὲέέ,
2751 5021 3035 5106 iit—ubique
3066 5052 3191 5106 pars
3216 5028 3669 5106 contradictioni-5
3696 5021 3771 5076 al-

2203 5097 2318 5170 tera
2341 5097 2429 5168 vel
2466 5127 2596 5166 vera
2629 5097 2820 5164 sit'vel
2855 5097 3011 5162 falsa.
3050 5097 3077 5158 ι’
3106 5105 3222 5161 Hoc
3263 5115 3443 5159 autem
3464 5097 3768 5180 problem}

2201 5187 2271 5241 ab
2297 5182 2609 5241 Alexandro
2639 5180 2935 5249 Aphrodis.
2973 5186 3253 5249 sumptum
3302 5182 3423 5241 est;
3458 5174 3575 5227 lieri
3607 5175 3768 5249 .entnl

1856 5237 2099 5326 ven-civi
2202 5237 2630 5326 nequitmitille,
2668 5237 2799 5326 litin
2833 5255 2935 5326 hoc
2952 5237 3119 5326 unum
3137 5237 3418 5326 duntaxat
3449 5237 3765 5326 reperifllfff

2195 5310 2331 5381 Min
2357 5310 2450 5395 qui
2481 5323 2551 5395 de
2579 5310 2638 5377 re
2674 5321 2855 5395 aliqua
2880 5319 3094 5388 inquit:
3125 5314 3285 5395 unc
3307 5332 3407 5395 ego,
3431 5310 3770 5395 mentieris}:

2201 5383 2423 5466 quidem
2459 5409 2515 5466 re
2536 5394 2652 5462 ipsa
2678 5383 2972 5466 mentitur;
2994 5387 3217 5466 olnnjno
3244 5383 3766 5466 mentiendo.

2198 5454 2362 5532 dicet,
2388 5454 2587 5535 quippe
2613 5463 2707 5532 qui
2739 5460 3070 5535 cwteroqnin
3104 5457 3309 5535 fatetur
3337 5470 3397 5511 se
3427 5454 3763 5535 mellﬁifjgffﬂ

2200 5514 2586 5603 Sifiéiii‘r'eib'sé
2620 5514 2727 5585 non
2752 5514 3041 5603 mentitur,
3074 5527 3301 5603 omnino
3332 5537 3519 5580 verum
3546 5514 3765 5603 dicendi?

2203 5595 2520 5668 mentietur:
2568 5611 2629 5655 ut
2680 5602 2773 5670 qui
2839 5601 3178 5670 falsoetiam
3214 5597 3411 5670 dicat:
3457 5595 3760 5670 mentior.)

2206 5654 2621 5732 b'éi'ﬁlié'eiinus
2644 5654 2867 5726 adducit
2895 5669 3057 5739 verba
3088 5668 3237 5739 llicr.
3274 5665 3446 5739 Epist.
3474 5661 3536 5739 ad
3569 5654 3761 5739 Ocean:

2207 5765 2227 5797 ι
2279 5748 2477 5799 Statim
2518 5746 2837 5797 recordatus
2866 5756 2985 5795 sum
3035 5737 3355 5807 C’lirysippei
3383 5733 3761 5805 sophismatis:

2199 5816 2260 5874 Si
2297 5815 2530 5871 mentiris
2556 5812 2711 5883 idque
2740 5826 2853 5868 vere
2880 5810 3034 5879 dicis,
3069 5810 3329 5865 mentiris.
3369 5828 3388 5860 ι
