2079 3212
269 178 321 209 105

845 180 977 210 ΡΗΟΤΙΙ
998 171 1250 210 PATRIARCIIE
1267 181 1321 211 (ΣΡ.

1843 185 1899 219 196

301 232 329 260 ι.
353 233 390 260 De
407 232 456 261 illo
468 238 569 267 autem,
592 233 666 263 ’Vum:
679 243 726 271 ego
739 237 861 269 mentiar,
875 240 940 270 etc.,
953 242 1020 272 puto
1034 242 1057 264 te

1149 236 1180 263 δ’.
1202 237 1269 272 Περὶ
1293 237 1322 263 δὲ
1349 236 1417 269 τοῦ,
1441 238 1507 266 Νῦν
1534 239 1561 266 δ’
1585 238 1643 274 ἐγὼ
1668 238 1816 274 ψεύδομαι
1851 243 1900 269 καὶ

268 279 300 305 ad
317 279 357 306 rei
379 279 564 307 narrationem
579 280 654 308 illico
673 282 834 309 memoriam
851 286 1056 309 revocaturum.

267 324 335 351 Cum
349 325 421 351 enim
440 332 490 360 ego
504 325 570 352 olim
596 325 624 353 in
650 326 800 355 dialecticis
817 328 1057 356 exercitationibus

268 374 342 397 artes
358 370 461 404 topicas
483 371 648 406 explicarem
665 372 846 406 auditoribus,
869 381 986 408 quorum
1001 374 1059 409 ipso

267 424 322 444 non
339 417 463 451 intimus,
485 418 542 446 imo
565 418 592 446 in
615 418 780 453 disputando
805 427 866 447 eras
892 420 1057 456 praecipuus,

266 461 366 489 librum
384 463 521 499 integrum
539 464 573 491 de
589 465 641 492 hac
657 464 808 499 quaestione
823 465 1056 499 eiucubravimus,

266 515 348 543 quem
363 508 446 536 etiam
462 510 636 537 scribendum
653 514 719 538 tunc
731 510 888 539 volentibus
903 511 1058 547 quibusque

266 553 455 588 permisimus.
471 553 550 582 Unde
570 559 676 590 oportet
693 560 722 582 tu
746 563 856 591 quoque
872 556 956 584 istum
978 564 1057 592 repe-

266 598 342 626 riens
356 605 388 626 ac
403 599 575 634 pervolvens,
591 599 614 628 si
632 599 698 635 quid
713 600 746 628 de
758 600 810 629 hac
831 603 1018 630 controversia
1032 607 1059 629 te

265 644 424 678 praeterivit,
440 644 469 671 in
482 645 643 672 memoriam
665 652 787 673 revoces.
812 645 872 673 Non
887 646 940 674 erit
953 651 1057 680 tamen.

267 688 376 723 opinor,
399 697 633 725 supervacaneum
650 698 700 718 nec
715 691 819 719 subibit
833 692 993 721 ambitionis
1009 700 1058 720 no-

266 738 333 767 lam,
349 742 423 762 nunc
436 743 548 771 quoque
562 736 590 764 in
607 736 646 763 tui
673 736 789 772 gratiam
810 745 897 773 pauca
911 738 945 766 de
961 738 1057 766 eadem

265 787 296 808 re
307 780 391 809 verba
408 780 508 809 facere.

300 826 328 853 5.
339 827 496 863 Gregorius,
511 828 557 863 qui
574 827 608 856 de
621 828 704 857 rebus
714 829 815 858 divinis
828 830 1060 859 excellentissime

264 872 406 906 disseruit,
421 881 483 900 cum
495 873 659 902 Eunomiani
672 875 871 904 arbitrarentur
885 884 966 912 posse
981 884 1011 904 se
1023 884 1058 905 ex

265 917 355 952 logico
379 917 507 946 discursu
532 919 851 955 incomprehensibilium
875 922 1058 957 comprehen-

264 963 370 991 sionem
400 965 477 999 quasi
507 972 566 992 rem
596 965 717 1001 aliquam
744 966 887 994 minimam
912 968 1005 995 venari
1025 975 1059 996 ac

265 1009 392 1044 priedari,
409 1017 442 1037 ac
456 1017 503 1045 per
519 1012 762 1039 contradictoriam
778 1013 853 1040 illam
866 1013 1059 1050 interrogatio-

265 1061 338 1086 nem,
362 1060 391 1081 ut
414 1055 741 1089 putabantﬁcozeternum
757 1056 848 1086 Patris
860 1057 981 1086 Verbum
995 1067 1057 1087 cum

262 1099 346 1126 rebus
358 1100 530 1134 postmodum
542 1100 623 1129 factis
634 1102 768 1130 collocare
779 1104 921 1137 auderent,
941 1104 1058 1139 divinus,

264 1144 388 1180 inquam,
404 1145 495 1181 (ήμίῖ)
515 1146 665 1182 Gregorius
688 1149 843 1178 concedens
866 1151 1058 1187 interrogatio-

264 1198 328 1217 nem
351 1191 427 1218 illam
444 1199 493 1227 per
516 1193 761 1222 contradictionem
776 1195 946 1230 processisse
958 1197 1058 1232 (quan-

263 1244 346 1271 quam
372 1244 426 1265 non
452 1237 489 1265 ita
522 1245 567 1266 res
591 1243 661 1272 erat.
686 1239 734 1267 sed
758 1241 846 1268 ambae
873 1242 1057 1277 appositionis

264 1286 355 1317 partes
374 1289 423 1317 per
445 1282 652 1311 aﬁirmationem
675 1284 872 1319 ell‘erebantur,
895 1287 946 1315 etsi
972 1287 1057 1315 altera

264 1327 371 1354 illarum
386 1334 479 1355 vocem
496 1328 661 1363 simplicem,
677 1330 764 1357 altera
779 1337 813 1358 ex
838 1332 1057 1367 transpositione

264 1372 376 1406 gerebat
390 1371 532 1408 formam),
549 1373 602 1401 hoc
614 1377 705 1401 tamen
722 1375 856 1410 neglecto,
871 1383 905 1404 ne
920 1377 1058 1406 videretur

264 1417 388 1445 artiﬁciis
402 1423 429 1446 et
447 1419 562 1453 argutiis
577 1419 699 1454 gloriari,
716 1421 764 1456 qui
776 1421 881 1449 nullum
905 1422 948 1451 bis
962 1422 990 1450 in
1013 1431 1057 1451 re-

265 1470 327 1490 rum
345 1463 502 1491 divinarum
526 1465 689 1493 tractatione
712 1466 795 1493 dabat
816 1467 932 1500 aditum,
960 1473 1057 1496 contra

263 1508 411 1544 ipsanimet
429 1510 539 1537 illorutn
567 1518 660 1539 arcem
682 1512 788 1541 validos
816 1514 939 1542 veritatis
957 1516 1058 1543 arietes

264 1556 416 1588 constituit,
429 1560 456 1584 et
470 1564 560 1585 rerum
571 1557 706 1586 evidentia
721 1559 813 1594 potius
826 1567 909 1595 quam
922 1561 1057 1597 objectio-

264 1601 308 1628 uis
327 1601 489 1636 exceptione
502 1602 613 1636 clamat,
629 1604 703 1639 quod
724 1612 778 1633 non
793 1606 907 1634 omnino
922 1612 1056 1642 vestrum,

263 1653 280 1674 ο
288 1646 338 1674 viri
348 1647 555 1682 sapientissimi,
566 1649 791 1678 contradictionis
799 1651 955 1687 perfugium
969 1654 1058 1689 exigit

265 1697 294 1719 ut
303 1694 387 1720 allcra
400 1694 618 1729 propositionum
632 1696 806 1728 admittatur,
817 1698 890 1732 quod
902 1698 978 1726 vobis
989 1699 1060 1726 invi-

263 1745 336 1766 ctum
349 1745 444 1767 contra
454 1740 593 1768 veritatem
606 1742 944 1778 videbaturargumenlum
954 1753 961 1778 ;
971 1752 1060 1780 neque

265 1791 306 1812 est
319 1786 452 1821 ejusmodi
466 1787 685 1816 ratiocinationis
699 1789 855 1824 aequissima
865 1794 893 1818 et
905 1791 1059 1819 rectissima

263 1832 435 1867 dijudicatio.
450 1833 575 1868 Cumque
594 1833 621 1861 id
635 1834 798 1864 adversariis
815 1838 992 1871 reposuisset,
1008 1838 1058 1866 ad-

265 1878 318 1905 fert
336 1879 460 1913 exetnpla
479 1879 530 1907 ista
546 1889 552 1906 :
568 1879 648 1907 Nam:
669 1888 715 1916 ego
737 1882 860 1916 mentior,
887 1887 924 1917 et,
945 1884 994 1912 tibi
1009 1892 1059 1912 na-

265 1924 347 1950 πριιιί
361 1924 469 1956 aderas,
486 1929 514 1951 et
539 1924 591 1952 alia
608 1924 690 1960 hujus
709 1926 827 1961 generis,
844 1928 989 1957 ostendens
1004 1937 1058 1957 non

264 1977 324 1997 esse
340 1969 453 1997 omnino
466 1971 665 2005 necessarium,
683 1976 712 1999 ut
732 1972 816 2000 altera
833 1975 1059 2003 contradictionis

264 2014 427 2042 admittatur
441 2023 518 2051 pars;
537 2016 585 2044 sed
599 2021 698 2052 potest,
712 2022 742 2045 ut
757 2018 785 2045 in
799 2018 893 2048 allatis
911 2022 1056 2057 exemplis.

263 2061 413 2096 aliquando
432 2061 517 2097 (quis)
533 2066 678 2097 utramque
692 2062 809 2091 inﬁciari
823 2069 851 2092 et
872 2066 1017 2101 repudiare
1031 2073 1059 2095 et

262 2107 335 2135 aliud
343 2107 451 2135 tertium
460 2108 626 2143 excogitare,
639 2108 667 2136 in
681 2116 736 2144 quo
748 2110 866 2138 emicare
880 2113 982 2141 veritas
989 2121 1056 2142 con-

263 2153 404 2188 spiciatur.
420 2154 460 2181 Ac
484 2158 590 2188 poterat
607 2154 717 2190 quidem
731 2154 879 2191 Gregorius
908 2166 941 2186 ex
963 2159 1058 2195 logica:

262 2201 407 2236 przeceptis
431 2201 610 2238 distinguere,
636 2210 762 2238 quaenam
783 2207 1056 2237 contradictoriarum

1110 281 1174 317 ἑξῆς
1189 282 1256 317 (55),
1274 283 1314 315 είς
1330 284 1442 319 μνήμην
1455 282 1533 319 οἶμαί
1553 293 1583 312 σι
1601 285 1640 321 μὴ
1666 285 1831 322 βραδύτερον
1849 287 1901 323 τῆς

1111 328 1233 364 ἱστορίας
1255 329 1342 357 ἐλθεῖν
1362 330 1562 367 διηγουμένης·
1585 332 1633 359 καὶ
1653 333 1709 368 γὰρ
1734 332 1817 360 πάλαι
1832 334 1902 360 ποτὲ

1109 375 1181 401 κατά
1204 374 1255 407 τὰς
1275 375 1449 408 διαλεκτικὰς
1477 378 1685 412 συγγυμνασίας
1709 377 1760 409 τὰς
1781 379 1901 410 τοπικὰς

1111 419 1241 454 μεθόδους
1257 421 1476 453 ἀναπτύσσοντός
1492 430 1543 456 μου
1564 424 1620 454 τοῖς
1642 423 1847 459 ἀκροωμένοις,
1862 420 1902 452 ὦν

1110 465 1159 492 καὶ
1173 465 1256 498 αὐτὸς
1281 466 1343 493 οὐδὲ
1368 466 1424 494 τῶν
1446 467 1593 503 τυχόντων,
1619 468 1688 495 ἀλλά
1709 469 1763 495 τῶν
1782 470 1901 505 μάλιστα

1111 510 1299 547 συζητούντων
1313 510 1400 548 ἦσθα,
1429 513 1529 545 ίκανῶς
1544 514 1614 549 ἔχων
1629 514 1708 548 λόγος
1723 516 1788 551 περὶ
1802 515 1902 542 τούτου

1110 557 1157 584 τοῦ
1172 557 1329 593 ζητήματος
1344 559 1499 595 κατεϐλήθη
1512 568 1519 574 ·
1536 560 1580 595 ἐρ’
1601 556 1623 594 ᾧ
1644 560 1693 587 καὶ
1705 561 1903 596 γεγραμμένον

1110 603 1184 640 ἔχειν
1201 606 1352 640 τηνικαῦτα
1374 607 1431 638 τοῖς
1449 606 1623 642 βουλομένοις
1639 606 1748 642 ἐξεδόθη
1774 609 1821 634 καὶ
1847 608 1902 643 χρή

1111 658 1142 677 σε
1157 650 1252 677 τοῦτον
1279 651 1531 687 ἀνερευνησάμενον
1553 653 1601 679 καὶ
1624 653 1755 688 εὑρόντα,
1784 654 1811 679 εῐ
1824 653 1851 680 τί
1872 662 1904 680 σι

1110 696 1217 723 διέλαθε
1234 698 1299 732 περὶ
1311 698 1361 732 τῆς
1375 698 1562 734 προκειμένης
1575 699 1823 735 ἀμφισϐητήσεως.
1832 700 1902 727 ἀνα-

1110 742 1264 777 κτήσασθαι
1281 745 1313 778 τῇ
1329 744 1437 781 μνήμῃ.
1453 745 1526 779 Πλὴν
1536 745 1583 772 καὶ
1596 745 1644 772 νῦν
1660 745 1698 777 ὼς
1714 746 1744 772 ὲν
1758 745 1839 781 τύπῳ
1853 746 1904 783 σὴν

1110 787 1191 823 χάριν
1205 789 1236 814 οὐ
1252 797 1315 823 περι
1323 789 1380 816 ετὺν
1395 789 1456 816 οὐδὲ
1472 790 1614 824 φιλότιμον
1633 787 1710 825 οἶμαι
1728 791 1830 818 εἰπεῖν.

1146 832 1177 861 ε’.
1204 834 1234 861 '0
1257 835 1292 861 τὰ
1313 834 1373 862 θεῖα
1398 836 1564 871 θεολογήσας
1580 836 1729 871 ὑπερφυῶς
1751 837 1904 872 Γρηγόριος

1111 880 1164 907 τῶν
1187 880 1235 907 ἀπ’
1250 881 1386 916 Εὐνομίου
1401 881 1449 917 τὴν
1464 882 1619 917 κατάληψιν
1631 882 1685 909 τῶν
1701 883 1904 917 ἀκαταλήπτων

1110 927 1144 953 ὲκ
1163 926 1214 961 τῆς
1235 926 1347 962 λογικῆς
1370 928 1525 963 ἑντρεχείας
1540 928 1671 964 οίομένων
1687 928 1782 963 ὥσπερ
1800 937 1828 956 τι
1848 929 1903 956 τῶν

1109 970 1217 998 πολλῶν
1232 971 1284 999 ὑπὸ
1299 971 1386 1007 θήραν
1405 974 1493 999 ποιεῖν
1513 973 1561 999 καὶ
1584 973 1765 1008 προνομεύειν
1787 974 1837 999 καὶ¹
1859 973 1904 1000 διὰ

1109 1017 1159 1052 τῆς
1172 1018 1353 1053 ἀντιφατικῆς
1365 1019 1536 1054 ἐρωτήσεως,
1546 1018 1584 1051 ὡς
1600 1018 1749 1054 ᾤοντο,τδν
1766 1020 1904 1046 ωναῖδιον

1109 1063 1158 1090 τοῦ
1179 1064 1288 1099 Πατρδς
1303 1064 1389 1098 Λόγον
1405 1064 1519 1100 ὕστερον
1545 1064 1593 1091 καὶ
1611 1066 1668 1096 τοῖς
1694 1065 1837 1099 γεγονόσιν
1855 1065 1904 1093 ἕνα

1111 1109 1270 1136 συντάττειν
1295 1109 1515 1145 θρασυνομένων,
1539 1110 1722 1145 συγχωρήσας
1741 1107 1825 1141 εἶναι,
1858 1110 1905 1137 τὸν

1109 1155 1285 1192 ἐρωτημένον
1296 1156 1385 1190 λόγον,
1401 1156 1415 1182 ὀ
1432 1155 1502 1186 θεῖος
1513 1156 1675 1191 Γρηγόριος,
1683 1155 1717 1181 δι’
1730 1156 1903 1189 ἀντιφάσεως

1109 1201 1338 1237 προεληλυθέναι,
1346 1202 1435 1228 καίτοι
1448 1209 1481 1236 γε
1492 1201 1542 1237 οὐχ
1554 1201 1641 1233 οὕτως
1652 1199 1737 1236 εἶχεν,
1749 1201 1807 1228 ἀλλ’
1820 1202 1905 1236 ἄμφω

1109 1246 1143 1273 τὰ
1161 1245 1234 1281 μέρη
1248 1247 1298 1282 τῆς
1312 1246 1478 1277 ἀντιθέσεως
1490 1247 1559 1282 πρὸς
1569 1246 1599 1272 τὺ
1616 1246 1805 1281 καταφατικον
1820 1246 1906 1273 διετυι

1109 1291 1204 1325 ποῦτο,
1223 1293 1248 1319 εί
1261 1293 1308 1319 καὶ
1323 1292 1340 1327 ἠ
1355 1292 1404 1327 μὲν
1417 1292 1472 1319 τῶν
1483 1292 1580 1327 φωνῶν
1596 1292 1645 1327 τὴν
1659 1292 1762 1328 ἁπλῆν,
1777 1293 1794 1328 ἡ
1810 1292 1841 1319 δὲ
1854 1293 1903 1328 τὴν

1110 1339 1143 1365 ὲκ
1158 1337 1333 1373 μεταθέσεως
1347 1338 1430 1375 ἔφερε
1447 1339 1555 1374 μορφήν
1568 1347 1575 1355 ·
1597 1338 1666 1374 πλὴν
1681 1338 1750 1366 ἀλλὰ
1770 1338 1853 1366 τοῦτό
1872 1347 1903 1373 γε

1109 1383 1244 1419 παριδὼν,
1252 1384 1296 1411 ῐνα
1306 1384 1343 1420 μὴ
1349 1384 1414 1420 δόξῃ
1423 1385 1482 1416 ταῖς
1489 1384 1672 1419 τεχνολογίαις
1683 1385 1698 1411 ό
1706 1383 1820 1415 ταύταις
1831 1384 1903 1419 πάρ-

1108 1430 1169 1456 οδον
1186 1429 1234 1456 ἐπὶ
1254 1429 1322 1456 Θεοῦ
1338 1431 1386 1457 καὶ
1408 1429 1547 1464 θεολογίας
1565 1430 1603 1465 μὴ
1619 1430 1708 1462 διδοὺς
1724 1430 1904 1465 ὲπισεμνύνε-

1109 1476 1186 1507 σθαι,
1212 1475 1274 1504 κατ’
1290 1476 1376 1511 αὐτῆς
1401 1476 1492 1504 αὐτῶν
1513 1476 1562 1511 τῆς
1583 1476 1760 1511 ἀκροπόλεως
1781 1476 1834 1508 τὰς
1854 1476 1903 1511 τῆς

1109 1522 1240 1558 ἀληθείας
1255 1522 1398 1558 ἐφίστησιν
1423 1521 1560 1554 ἑλεπόλεις
1578 1523 1626 1549 καὶ
1640 1524 1674 1558 τῇ
1694 1522 1826 1558 ἐναργείᾳ
1849 1523 1903 1549 τῶν

1072 1580 1094 1611 c
1110 1568 1283 1604 πραγμάτων
1295 1568 1397 1604 μᾶλλον
1418 1568 1435 1603 ἦ
1458 1569 1490 1604 τῇ
1507 1568 1561 1595 τῶν
1579 1568 1711 1604 ῥημάτων
1725 1568 1904 1604 ἀνθυποφορᾷ

1111 1614 1172 1650 βοᾷ,
1184 1615 1221 1646 ὼς
1234 1615 1272 1642 Οὔ
1285 1615 1405 1645 πάντως,
1415 1611 1438 1640 ὦ
1456 1613 1656 1648 σοφώτατοι,τδ
1668 1614 1719 1649 τῆς
1732 1614 1903 1648 ἀντιφάσεως

1110 1660 1190 1696 ὑμῶν
1203 1659 1372 1695 καταφύγιον
1387 1659 1507 1695 θατέραν
1522 1659 1634 1686 ἀπαιτεῖ
1642 1659 1835 1695 συνομολογεῖν
1848 1659 1903 1686 τῶν

1110 1706 1272 1742 προτάσεων
1284 1714 1292 1722 ·
1309 1706 1343 1733 δι’
1360 1703 1446 1742 οὗπερ
1458 1706 1521 1742 ὑμῖν
1542 1706 1614 1733 κατὰ
1635 1706 1686 1741 τῆς
1707 1706 1852 1738 εὐσεϐείας
1872 1706 1903 1733 τὺ

1112 1752 1213 1788 θράσος
1227 1752 1317 1779 ἐδόκει
1331 1752 1440 1788 ἄμαχον
1450 1760 1457 1767 ·
1475 1752 1537 1779 οὐδέ
1553 1753 1628 1779 ἐστιν
1650 1752 1738 1787 αὐτῆς
1752 1752 1903 1783 ἀδέκαστος

1110 1799 1128 1835 ἡ
1140 1798 1290 1834 διάκρισις.
1311 1798 1366 1825 Καὶ
1380 1798 1462 1825 τοῦτο
1476 1797 1690 1833 ἀνθυπενεγκὼν
1705 1797 1798 1834 τίθησι
1811 1807 1903 1833 παρα-

1109 1845 1255 1881 δείγματα,
1273 1846 1305 1872 τό
1319 1853 1361 1878 τε,
1373 1844 1440 1873 Νῦν
1450 1844 1508 1879 ἐγὼ
1522 1844 1686 1879 ψεύδομαι,
1703 1845 1750 1871 καὶ
1770 1844 1811 1876 τὸ,
1823 1846 1902 1871 Σαυ-

1109 1890 1150 1921 τῷ
1164 1890 1198 1917 δὲ
1214 1889 1365 1926 γενομένῳ
1379 1889 1493 1925 παρῆς·
1517 1890 1565 1917 καὶ
1586 1890 1637 1917 ὅσα
1659 1889 1782 1924 τοιαῦτα,
1794 1891 1902 1922 δεικνὺς

1109 1937 1147 1969 ὡς
1170 1937 1201 1963 υὺ
1227 1937 1336 1968 πάντως
1354 1936 1384 1963 τδ
1407 1936 1501 1971 ἕτερον
1523 1935 1573 1971 τῆς
1599 1936 1772 1971 ἀντιφάσεως
1793 1936 1902 1971 ἀνάγκη

1110 1983 1321 2019 συνομολογεῖν,
1339 1982 1397 2010 ἀλλ’
1413 1982 1469 2010 ἐσθ’
1489 1982 1535 2009 ὅτε
1551 1982 1664 2009 δυνατὸν
1679 1981 1773 2017 ὥσπερ
1794 1982 1842 2008 καὶ
1856 1982 1902 2008 ἐπὶ

1108 2029 1165 2056 τῶν
1188 2028 1382 2064 προκειμένων
1403 2028 1536 2064 ἑκάτερον
1553 2027 1735 2063 ἀπαρνεῖσθαι
1759 2028 1806 2054 καὶ
1832 2028 1901 2054 ἀπο-

1108 2074 1269 2111 πέμπεσθαι
1288 2075 1337 2102 καὶ
1349 2075 1441 2110 τρίτον
1460 2074 1554 2111 ἕτερον
1568 2075 1681 2110 ὲφορᾷν,
1698 2075 1728 2101 ὲν
1739 2071 1762 2109 ᾧ
1776 2074 1900 2109 καθορᾶ-

1109 2130 1155 2148 ται
1165 2121 1341 2156 ἀναφυομένη
1351 2122 1368 2156 ή
1376 2120 1491 2156 ἀλήθεια
1499 2129 1507 2136 ·
1525 2121 1573 2147 καὶ
1584 2118 1617 2156 ἦν
1631 2120 1681 2156 μὲν
1698 2120 1911 2156 τεχνολογοῦντι-

1108 2167 1148 2203 τῷ
1163 2167 1286 2203 Θεολόγῳ
1303 2167 1429 2202 διαιρεῖν,
1450 2168 1526 2194 ποῖαι
1547 2166 1602 2193 τῶν
1615 2166 1787 2201 ἀντιφάσεων
1808 2165 1900 2201 ἔχουσι

1109 2212 1159 2248 τὴν
1173 2213 1312 2248 διάκρισιν
1324 2212 1373 2239 τοῦ
1386 2212 1505 2248 ἀληθοῦς
1516 2212 1622 2239 καὶτοῦ
1633 2212 1814 2247 ψεύδους,καὶ
1825 2212 1900 2238 ποῖαι

263 2254 358 2274 verum
379 2254 411 2275 ac
427 2247 526 2275 falsum
551 2249 692 2284 dirimant,
711 2256 738 2279 et
761 2260 887 2287 quaenam
907 2262 977 2289 non;
992 2256 1057 2291 quia

1111 2247 1148 2295 μή
1159 2268 1166 2275 ·
1182 2247 1245 2286 ἐπε1
1257 2258 1286 2285 δὲ
1300 2247 1436 2293 θεολογείν
1448 2258 1533 2294 αὐτῷ,
1546 2259 1614 2286 ἀλλὰ
1628 2258 1666 2295 μὴ
1679 2257 1900 2290 καλλωπίζεσθαι

264 2298 354 2321 tamen
374 2294 408 2322 de
425 2294 482 2322 Deo
502 2294 650 2329 disserere,
668 2305 722 2325 non
738 2302 829 2327 autem
845 2301 913 2328 artis
927 2307 1055 2331 ornatum

262 2344 403 2367 ostentare
427 2340 479 2368 sibi
504 2346 562 2369 erat
590 2343 778 2378 propositum,
798 2349 826 2373 et
852 2345 993 2376 haereticos
1011 2357 1056 2376 ar-

1110 2306 1144 2340 τῇ
1160 2305 1244 2340 τέχνῃ
1260 2304 1417 2340 προῦκειτο,
1429 2304 1477 2332 καὶ
1491 2305 1553 2337 τοὺς
1569 2304 1725 2340 αίρετικοὺς
1737 2303 1897 2339 διελέγχειν,

1112 2351 1181 2378 ἀλλὰ
1199 2351 1238 2386 μὴ
1255 2351 1342 2378 τελεῖν
1356 2351 1420 2382 τοὺς
1442 2351 1597 2386 γνωρίμους
1620 2347 1661 2382 οἷς
1686 2351 1701 2377 ό
1725 2349 1897 2381 διαλεκτικὸς

1018 2395 1136 2424 NOTAE.

299 2435 357 2471 (35)
375 2435 440 2463 Νη.
453 2436 531 2464 Orat.
546 2437 559 2463 I
571 2437 603 2464 de
617 2437 698 2471 Filia,
709 2438 767 2466 sive
792 2438 868 2467 Orat.
887 2441 904 2468 5
916 2441 1054 2470 deTheol.

264 2470 462 2508 (Billiipgﬁii
485 2480 512 2507 p.
527 2472 590 2500 567.
606 2472 692 2501 Clem.
710 2473 758 2501 0r.
786 2474 832 2508 29)
846 2475 997 2505 Contextus
1013 2478 1059 2506 hic

263 2511 305 2547 est
321 2516 331 2547 :_
348 2507 378 2547 1ζί
394 2507 479 2547 δέ-σοι
496 2508 622 2547 φαίνεται
635 2508 784 2547 ἀναγκαῖον
799 2507 883 2547 εἶναι,
902 2511 934 2538 τὸ
963 2512 1057 2547 ἕτερον

264 2541 409 2579 ᾁληθεύειν
424 2543 472 2579 επὶ
488 2542 589 2575 παντὸς
599 2544 670 2570 κατὰ
677 2541 727 2576 τὰς
744 2545 793 2576 σὰς
805 2541 978 2579 διαλεκτικὰς
989 2541 1057 2575 ὑπο-

264 2577 385 2616 λήψειςη
393 2577 480 2616 δείξαι
497 2578 548 2613 μοῦ
558 2587 592 2616 ’τι
605 2579 704 2616 μικρὸν
719 2579 865 2616 ὲρῴτημα·
883 2582 897 2607 ό
907 2577 1002 2616 χρόνος
1028 2584 1057 2610 ὲν

264 2612 354 2653 χρόνῳ
372 2612 388 2647 ἢ
406 2612 502 2653 of)va
514 2612 619 2653 χρόνῳ)
635 2612 663 2640 εί
676 2615 725 2653 μὲν
736 2612 853 2653 ὀὖν”ὲν
886 2612 1058 2653 χρόνῳίτίνι

264 2646 353 2688 τούτῳ
362 2646 433 2688 ἦκα)
443 2648 470 2675 τί
481 2646 559 2688 παρὰ
571 2646 667 2688 τοῦτον
675 2646 732 2676 ὄντι
748 2651 798 2688 και
809 2650 867 2683 πῶς
879 2646 1052 2688 περιέχοντα

265 2683 290 2723 εί
353 2682 446 2723 οὺηέν
472 2682 572 2719 χρόνῳ,
583 2685 642 2723 -τίς
656 2685 808 2723 ή-περιττὴ
836 2682 928 2723 σοφίαζ
958 2682 1054 2723 χρόνον

265 2717 388 2757 είσεὶγειν
399 2717 532 2757 ἄχρονον-ς
547 2717 652 2757 ξιοῦᾼδὲ,
667 2717 734 2757 ’Νῦν
747 2717 808 2757 ὲγᾲί
824 2717 982 2757 νψεῦδομαῗξ
1010 2723 1055 2754 δὸς

266 2728 388 2750 εισαγειν
399 2728 416 2745 α
437 2728 532 2754 ρονονς
549 2728 597 2746 του
612 2728 652 2752 οε,
673 2728 730 2746 quv
747 2729 802 2753 εγω
835 2728 980 2757 ψευσομαι,
1010 2728 1055 2754 δὸς

266 2752 297 2794 τὸ
312 2752 404 2794 ἕτερον
418 2728 638 2794 ἒριληθεύεσθαι
659 2756 770 2794 pidver
779 2756 946 2794 ¢eti8sciicuﬁ
958 2759 1055 2794 οὐγὰρ

266 2787 412 2829 ςμφὸτερα
424 2787 557 2829 δέλτομενί
572 2790 636 2829 an;
649 2787 699 2829 οὐκ
713 2787 850 2829 ενδέχεται
866 2799 873 2807 ·
885 2792 906 2829 νῆ
919 2793 973 2828 γὰρ
988 2787 1057 2829 ψευ-

267 2821 530 2864 δόμῗιοῖἀληθεὺσει
541 2824 556 2864 ᾖ
566 2825 706 2864 ἀληθευων
714 2821 930 2864 φρύσὲταιπᾷσοί
937 2821 1055 2864 ἀνάγκη·

310 2856 631 2895 οὗν-ιῦαυμαστὺνῶσπέρ
648 2856 764 2888 ἐνταῦθα
775 2862 919 2895 συμὸαίνει
932 2864 967 2889 τὰ
981 2856 1055 2890 {vav-

269 2891 324 2924 τίει,
341 2891 429 2924 οὕτως
440 2894 529 2920 ἐκεῖσε
542 2891 683 2931 ἀμφότερα.
696 2891 853 2931 ψεύδεσθαι,
871 2899 916 2925 καὶ
927 2897 998 2925 οὕτω
1013 2907 1053 2926 σοι

1638 2464 1645 2470 .
1665 2464 1672 2471 ,
1689 2443 1786 2470 Billius
1817 2443 1848 2478 (t.
1866 2441 1898 2474 11,

1108 2445 1140 2472 τὸ
1158 2444 1241 2482 σοφὸν
1259 2443 1362 2482 ὴλφιον
1383 2444 1593 2482 ,ἀναφανήσεται
1612 2464 1619 2470 .
1636 2464 1645 2482 _.
1665 2464 1672 2471 .
1689 2443 1786 2470 Billius
1817 2443 1848 2478 (ι.

1109 2453 1140 2472 το
1159 2453 1189 2471 σο
1211 2453 1241 2471 ον
1259 2453 1362 2478 ηΛιυιον
1388 2453 1593 2479 αναφανησεται
1612 2464 1619 2470 .
1638 2464 1645 2470 .
1665 2464 1672 2471 ,
1689 2453 1786 2470 Dillius
1817 2453 1848 2478 (ι.
1866 2453 1898 2482 Ιξ,

1109 2488 1137 2515 p.
1155 2453 1219 2514 95Ϊ)
1238 2487 1272 2506 ex
1295 2479 1353 2506 Elia
1379 2478 1503 2519 CretLad
1521 2479 1548 2506 b.
1571 2480 1590 2506 ι.
1616 2479 1899 2519 οιιεοι·νιιιη.οδιειιόιι

1110 2512 1164 2543 iion
1175 2512 1236 2542 esse
1249 2522 1371 2547 necesse,
1386 2519 1415 2541 ut
1426 2514 1527 2548 ubique
1542 2522 1605 2548 pars
1618 2513 1846 2542 contradictionis
1859 2512 1898 2539 al-

1111 2555 1170 2588 tera
1183 2550 1224 2577 vel
1243 2557 1308 2588 vera
1324 2550 1361 2588 sit
1373 2550 1420 2588 _vel
1432 2549 1515 2588 falsa.
1534 2558 1544 2575 ι
1562 2548 1621 2576 Hoc
1641 2549 1897 2588 autem__problema

1109 2586 1145 2613 ab
1158 2585 1313 2624 Alexandro
1329 2584 1477 2624 Aplirodis.
1496 2589 1647 2624 sumptith
1660 2588 1720 2617 est;
1739 2584 1797 2611 lieri
1814 2584 1896 2624 .enint

1110 2620 1324 2658 nequit,ait_ille,
1343 2620 1408 2658 utin
1425 2622 1477 2658 hoc
1485 2627 1568 2658 unum
1578 2619 1718 2658 duntaxat
1733 2619 1896 2658 reperiatur.

1106 2653 1174 2683 Nam
1187 2656 1233 2690 qui
1249 2655 1284 2682 de
1298 2662 1327 2682 re
1345 2655 1436 2689 aliqua
1449 2655 1556 2689 inquit:
1572 2653 1652 2681 Nunc
1662 2663 1708 2689 ego
1724 2654 1845 2686 mentior,
1858 2653 1898 2679 si-

1109 2689 1220 2728 quidein
1237 2698 1266 2728 re
1276 2690 1335 2724 ipsa
1347 2691 1487 2728 mentitur,
1505 2690 1617 2728 oui-nino
1631 2689 1787 2716 mentiendo
1798 2695 1896 2728 verunt

1107 2724 1189 2758 dicet,
1202 2725 1302 2764 quippe
1314 2726 1361 2760 qui
1378 2725 1543 2764 caeteroquin
1560 2725 1663 2764 fatetur
1677 2732 1706 2753 se
1722 2724 1839 2764 mentiri,
1855 2724 1895 2764 sin

1108 2766 1198 2788 autem
1211 2759 1301 2795 i-eipsa
1318 2759 1371 2786 non
1387 2760 1528 2799 pientitur,
1544 2759 1658 2799 omnino
1674 2767 1768 2787 verum
1782 2759 1896 2799 dicendo

1109 2794 1267 2827 mentietur,
1292 2799 1322 2821 ut
1348 2794 1394 2829 qui
1427 2796 1495 2822 falso
1514 2796 1596 2821 etiam
1614 2794 1688 2822 dicat
1706 2804 1713 2821 :
1736 2795 1863 2829 mentior.
1884 2801 1893 2817 ι

1110 2830 1317 2868 DeindeBiliius
1329 2827 1441 2868 adducit
1455 2830 1626 2868 verba_ilier_.
1644 2829 1730 2868 Epist.
1744 2829 1777 2868 aii
1794 2827 1894 2868 Ocean.

1110 2875 1120 2891 ‹
1146 2866 1425 2906 Statint_recordatus
1440 2873 1500 2906 sunt
1524 2864 1684 2906 Chrysippci
1699 2864 1894 2900 sophismatis:

1106 2901 1137 2929 Si
1155 2901 1272 2928 mentiris
1284 2900 1362 2935 idque
1377 2908 1433 2928 vere
1446 2900 1524 2935 dicis,
1541 2901 1671 2929 mentiris.
1691 2911 1701 2927 ›
