4158 6428
410 359 514 423 497
1310 362 1410 421 ΑΙ)
1451 358 2047 419 AMPHILOCIIIUM

2086 360 2435 431 QUzESTlO
2469 362 2793 427 LXXVIII.
3585 367 3690 433 498

411 476 672 549 θειασμδς
735 474 1087 546 όργιάζεταιο
1143 472 1373 537 εἰκότως
1429 472 1679 543 ἠρκέσθη
1739 471 1829 525 διά
1883 472 2053 535 τῶνΑ

2047 478 2074 535 ι
2102 490 2286 543 gnere,
2318 490 2426 530 non
2453 484 2635 532 autem
2667 494 2797 534 suos
2828 478 3103 551 mysteriis
3132 476 3548 534 dialecticorum
3578 480 3689 535 ini-

411 572 879 644 παραδειγμάτων
930 565 1281 637 στηλιτεῦσαι
1328 568 1458 629 τούς
1510 565 1851 636 τεχνολογείν
1895 564 1995 635 τὴν

2101 564 2259 630 tiare,
2286 566 2486 621 merito
2508 567 2755 622 sufficere
2775 568 3043 638 judicavit
3076 568 3345 639 exemplis
3394 584 3493 625 eos
3523 568 3686 623 refel-

412 664 508 720 τοῦ
548 661 687 718 Θεοῦ
716 660 876 732 φύσιν
902 661 983 722 είς
1017 658 1217 731 θράσος
1247 657 1649 727 ἀπενεχθέντας
1678 654 1861 727 πολλῷ
1890 655 1999 709 δει-

2100 658 2234 725 lere.
2269 659 2363 731 qui
2395 676 2490 730 per
2514 661 2649 714 artis
2679 661 2923 730 argutias
2952 660 3047 716 Dei
3076 671 3329 717 naturam
3352 662 3690 732 perscrutari

416 757 761 829 σιδαιμονίας
802 752 1207 825 χαλεπώτερον,
1242 752 1339 805 καὶ
1382 751 1591 817 δεῖξαι,
1643 749 1779 820 μηδέ
1809 750 1870 802 τὸ
1898 748 1999 819 τῆς

2103 751 2397 818 audebant,
2424 751 2649 807 audacia
2678 752 2870 819 multo,
2902 768 3065 823 quam
3104 754 3421 824 superstitio
3452 753 3546 817 sit,
3568 769 3692 823 gra-

417 852 760 918 άντιφάσεως
790 848 973 910 αὐτοῖς
1007 842 1447 914 πολυθρύλλητον
1490 841 1723 912 ὄργανον
1761 842 1855 894 ἐπὶ
1888 840 1999 895 τῶν

2101 845 2263 911 viori,
2314 855 2369 901 et
2416 846 2707 901 ostendere
2736 862 2805 901 ne
2856 846 2988 901 illud
3023 846 3244 916 quidem
3281 846 3510 901 nitnium
3550 846 3690 915 apud

418 945 689 1014 τυχόντων
720 942 807 995 ἀεὶ
837 939 1182 1011 πραγμάτων
1223 936 1322 1008 τὴν
1366 935 1524 1006 ίσχὺν
1568 934 1783 1005 άμαχον
1831 933 2000 1003 ἔχειν,

2103 936 2251 1005 ipsos
2288 936 2640 992 decantatum
2693 938 3469 1012 contradictionisorganum
3502 937 3585 990 vel
3635 937 3691 989 in

424 1037 557 1106 μήτι
588 1050 650 1102 γε
681 1032 967 1102 κριτήριον
1011 1030 1279 1099 ὑπάρχειν
1319 1027 1421 1096 τῆς
1453 1024 1769 1097 ὑπερφυοῦς
1814 1024 2002 1087 οὐσίας

2109 1025 2197 1082 his
2224 1026 2357 1097 ipsis
2384 1027 2550 1083 rebus
2583 1029 2787 1084 intimis
2832 1028 3095 1083 invictum
3121 1044 3340 1099 semper
3368 1029 3572 1083 habere
3604 1041 3693 1082 ro-

424 1126 518 1177 καὶ
554 1123 695 1192 ὑπὲρ
726 1121 883 1190 λόγον
925 1119 1369 1191 μεγαλειότητος.
1400 1116 1579 1170 Πολλά
1600 1117 1647 1170 δ’
1672 1116 1739 1169 ἂν
1765 1115 1850 1186 είη
1891 1113 2002 1169 τῶν

2106 1117 2231 1185 bur,
2264 1119 2465 1175 nedum
2499 1119 2780 1175 criterium
2809 1135 2932 1175 esse
2956 1120 3240 1191 jndicandi
3266 1120 3334 1175 de
3362 1127 3696 1190 supernatu-

423 1215 685 1285 ρημάτων
716 1215 777 1266 τὸ
826 1212 926 1283 μὲν
972 1212 1159 1283 σχῆμα
1196 1209 1441 1275 σώζοντα
1482 1208 1584 1278 τῆς
1636 1208 2003 1277 ἀντιφάσεως,

2108 1212 2209 1267 rali
2238 1214 2544 1269 substantia
2572 1214 2940 1284 inell'abilique
2969 1214 3245 1285 maiestati
3280 1224 3491 1284 aptum.
3522 1211 3697 1267 Multa

418 1306 517 1377 τὴν
546 1304 603 1358 δὲ
637 1304 829 1376 χρείαν
866 1303 1053 1357 οὐκέτι
1086 1303 1287 1372 ὁμοίως
1318 1301 1629 1371 παρέχοντα
1658 1298 1760 1368 τῆς
1786 1298 2003 1369 διακρί-

2108 1319 2274 1375 porro
2303 1305 2580 1360 enuntiari
2608 1314 2836 1375 queunt,
2867 1319 2991 1375 quae
3016 1303 3252 1375 speciem
3294 1300 3517 1372 quidem
3558 1315 3697 1355 con-

423 1414 559 1459 σεως
583 1413 597 1426 ·
633 1390 745 1449 οἷον
769 1397 821 1449 εί
840 1413 923 1460 τις
955 1394 1200 1465 περὶτοῦ
1228 1393 1429 1458 ζῶντος
1461 1394 1746 1464 ἐπερωτᾷ,
1774 1392 2005 1463 πότερον

2111 1397 2453 1453 tradictionis
2486 1398 2800 1469 praeferunt,
2836 1413 2943 1453 non
2971 1406 3154 1452 tamen
3181 1412 3370 1451 verum
3404 1410 3469 1450 ac
3500 1394 3694 1448 falsum

422 1483 578 1551 οὗτος
608 1489 972 1559 ἀναστήσεται
1005 1487 1099 1541 τοῦ
1124 1486 1383 1551 θανάτου,
1433 1486 1465 1557 ἦ
1496 1487 1597 1539 οὐκ
1624 1486 1737 1555 (5i)
1766 1485 2008 1554 ἀναστή-

2111 1490 2477 1560 distinguunt,
2498 1500 2621 1545 nte.
2647 1507 2728 1562 gr.
2760 1490 2808 1546 si
2827 1490 2951 1561 quis
2967 1490 3033 1544 de
3055 1489 3508 1544 hominevivente
3526 1488 3696 1540 inter-

427 1597 618 1636 σεται·
650 1581 934 1651 οὐδέτερον
976 1580 1087 1650 γάρ
1130 1578 1367 1633 ἐνταῦθα
1412 1576 1821 1648 σωφρονοῦντός
1860 1577 2010 1627 ἐστιν

2114 1592 2291 1652 roget,
2313 1592 2497 1637 utrum
2529 1582 2619 1638 hic
2636 1592 2889 1653 resurgat
2906 1598 2936 1637 a
2956 1592 3131 1636 morte
3160 1597 3228 1636 an
3252 1595 3360 1635 non
3389 1597 3405 1647 ;
3443 1587 3701 1633 neutrum

426 1672 815 1739 ἀποδέξασθαι.
863 1672 1057 1725 Καίτοι
1087 1687 1153 1739 γε
1186 1671 1221 1739 ἡ
1265 1668 1517 1738 παροῦσα
1549 1666 1642 1721 τοῦ
1675 1667 1836 1736 λόγου
1879 1683 2006 1719 συν-

2113 1674 2259 1727 enim
2332 1673 2425 1727 hic
2466 1674 2535 1728 ab
2565 1673 2787 1728 homine
2835 1688 2985 1729 sanae
3022 1672 3221 1728 mentis
3251 1671 3464 1726 admitti
3498 1677 3698 1740 potest.

427 1766 572 1836 θήκη
606 1766 703 1817 καὶ
735 1764 897 1817 πλέον
927 1780 980 1815 τι
1023 1761 1160 1833 πρὸς
1194 1761 1497 1831 ἀσφάλειαν
1543 1758 1689 1828 ἐχειν
1731 1757 1909 1809 δοκεῖ’
1952 1757 2013 1809 τὸ
2046 1817 2069 1836 τ

2062 1817 2086 1836 ἱ
2116 1763 2445 1833 Quanquam
2486 1764 2599 1818 haec
2628 1764 2896 1821 orationis
2927 1764 3269 1819 constructio
3287 1762 3504 1817 videtur
3537 1762 3606 1815 ad
3639 1760 3704 1813 fi-

426 1817 538 1928 γάρ
559 1817 871 1927 ’ἀρνητικὸν
919 1817 1109 1926 μόριόν
1239 1817 1703 1923 κατηγορουμένῳ
1735 1852 2008 1919 συνῆπται
2046 1817 2068 1872 Ῑ

2059 1817 2088 1871 Β
2114 1817 2234 1911 (rem
2259 1817 2568 1911 faciendam
2587 1857 2761 1926 pluris
2792 1817 3259 1926 aliqu—idhabere;
3283 1856 3533 1925 negativa
3552 1854 3701 1909 enim

431 1950 637 2019 ῥήματι
659 1965 673 1977 ·
696 1946 813 2000 ἀλλ’
838 1946 897 1998 οὐ
924 1944 1127 2015 μετέϐη
1160 1942 1297 2014 πρὸς
1318 1942 1381 1995 τὸ
1409 1941 1792 2011 ὑποκείμενον.
1822 1939 2011 1993 Τοιοῦ-

2113 1950 2380 2020 particula
2418 1950 2712 2019 praedicam
2741 1949 3074 2017 adnectitur,
3128 1964 3237 2003 non
3275 1964 3406 2003 vero
3457 1947 3523 2002 ad
3570 1946 3704 2000 sub-

426 2058 519 2094 τον
552 2040 609 2092 δὲ
643 2038 843 2101 καὶτὸ,
876 2039 1113 2109 Πότερον
1146 2038 1273 2101 τοὺς
1296 2036 1409 2089 τῶν
1441 2035 1673 2087 λεόντων
1701 2033 1900 2105 ὄνυχας
1927 2034 2011 2087 ἔτι

2108 2040 2551 2110 jectummigrat.
2579 2038 2711 2093 Tale
2732 2048 2816 2095 est
2843 2050 2897 2094 et
2928 2040 3066 2094 hoc:
3094 2038 3293 2101 Utrum
3321 2038 3569 2091 leoninos
3602 2052 3704 2089 un-

428 2132 657 2202 φύουσιν
689 2134 739 2186 o!
767 2131 875 2187 τῶν
902 2130 1206 2201 ἀνθρώπων
1233 2129 1413 2193 πόδες,
1443 2129 1477 2199 ἢ
1510 2128 1571 2180 οὐ
1602 2128 1831 2198 φύουσιν
1858 2126 2009 2193 ;άλλ’

2115 2149 2249 2205 gues
2299 2142 2563 2204 generant
2593 2132 2818 2186 humani
2850 2132 3016 2202 pedes
3045 2146 3115 2185 an
3168 2147 3278 2185 non
3326 2137 3620 2201 generant;
3653 2134 3708 2181 et

427 2227 456 2279 ὸ
501 2228 618 2288 τοῖς
668 2224 894 2295 δρόμοις
946 2223 1250 2295 φερόμενος
1288 2223 1391 2293 ήδη
1431 2223 1569 2293 πρὸς
1614 2220 1676 2273 τὸ
1715 2221 1870 2285 τέλος
1913 2218 2009 2273 τοῦ

2115 2226 2221 2280 hoc
2257 2240 2271 2278 :
2311 2224 2416 2290 Qui
2454 2239 2621 2280 cursu
2683 2225 2797 2294 jam
2852 2224 2921 2279 ad
2975 2222 3138 2279 stadii
3187 2222 3428 2278 defertur
3481 2228 3706 2283 metam,

428 2316 642 2386 ἀγῶνος
680 2315 915 2387 πότερον
945 2319 1002 2367 ἐν
1022 2314 1173 2385 αὐτῷ
1198 2313 1278 2384 τῷ
1304 2312 1565 2385 φέρεσθαι
1590 2312 1691 2384 τὴν
1720 2311 1895 2383 ἀρχὴν
1914 2312 2014 2382 τῆς

2116 2327 2300 2373 utrum
2326 2317 2380 2371 in
2402 2317 2523 2385 ipso
2540 2326 2689 2372 motu
2712 2316 2932 2372 initium
2956 2326 3140 2370 motus
3163 2315 3369 2384 posuit,
3392 2328 3461 2368 an
3478 2326 3708 2383 prorsus

428 2411 604 2480 φορᾶς
641 2408 905 2472 ἐϐάλετο,
947 2407 980 2478 ῆ
1028 2407 1167 2472 ὅλως
1216 2410 1317 2461 οὐκ
1365 2406 1604 2477 spem;
1653 2406 1771 2470 πῶς
1820 2406 1930 2477 γάρ
1976 2407 2011 2475 ή

2118 2427 2227 2467 non
2267 2410 2507 2482 incepit?
2539 2408 2827 2476 Quomodo
2878 2409 3023 2464 enim
3066 2408 3337 2478 ejusmodi
3396 2407 3708 2462 orationum

428 2501 659 2572 τοιαύτη
685 2500 883 2565 πλάσις
906 2500 1017 2555 τῶν
1041 2500 1215 2569 λόγων
1239 2500 1334 2553 τοῦ
1362 2499 1593 2569 ψεύδους
1622 2498 1889 2569 διακρίνει
1914 2497 2013 2568 τὴν

2121 2503 2383 2560 formatio
2403 2519 2435 2558 a
2458 2502 2598 2558 falso
2623 2502 3027 2558 discriminabit
3046 2500 3279 2556 verum?
3306 2500 3373 2554 Et
3396 2514 3411 2551 :
3434 2498 3579 2568 Ignis
3606 2497 3710 2551 hu-

429 2593 718 2663 ἀλήθειαν;
742 2594 803 2646 τὸ
830 2594 909 2659 δὲ,
937 2592 1057 2665 Πῦρ
1080 2594 1336 2665 ὑγραίνον
1356 2591 1654 2662 καὶιψύχον
1683 2592 1753 2644 τά
1784 2592 2015 2662 σώματα

2120 2606 2367 2652 mectans
2383 2611 2449 2652 ac
2474 2594 2808 2665 refrigerans
2826 2609 3084 2664 corpora,
3104 2602 3290 2647 utrum
3312 2607 3377 2647 ex
3395 2600 3613 2655 natura,
3639 2604 3710 2642 an

434 2687 662 2756 πότερον
703 2685 845 2739 κατὰ
874 2684 1036 2754 φύσιν
1085 2685 1119 2757 ἢ
1150 2686 1212 2739 οὐ
1246 2683 1390 2739 κατὰ
1437 2683 1600 2753 φύσιν
1651 2684 1855 2755 ταύτην
1887 2686 2015 2737 ἐπι-

2122 2703 2232 2744 non
2255 2705 2321 2745 ex
2354 2698 2550 2743 natura
2589 2688 2696 2742 hoc
2722 2687 3022 2756 Operatur?
3073 2685 3192 2740 Hoc
3221 2698 3353 2739 vero
3400 2682 3710 2745 manifeste,

431 2776 676 2831 δείκνυσι
704 2776 806 2847 τὴν
831 2776 1116 2847 ἐνέργειαν
1137 2793 1151 2842 ;
1176 2775 1337 2829 τοῦτο
1365 2776 1422 2829 δέ
1445 2774 1690 2846 δηλονότι
1713 2774 1906 2846 ὥσπερ
1922 2776 2017 2830 καὶ

2121 2782 2266 2837 sicut
2282 2789 2337 2836 et
2351 2781 2495 2851 quod
2517 2781 2586 2835 ab
2609 2779 2879 2834 haereticis
2899 2776 3431 2847 objicitur,vitiatam
3455 2774 3616 2827 habet
3632 2772 3716 2825 in-

431 2869 495 2923 τδ
517 2869 671 2940 παρά
696 2870 797 2939 τῆς
819 2867 1105 2939 αἱρετικῆς
1121 2868 1366 2931 ἐπινοίας
1394 2867 1812 2939 προτεινόμενον
1835 2884 2017 2935 παρα-

2127 2873 2522 2946 terrogationis
2539 2872 3055 2927 conformationem.
3081 2868 3197 2925 Hoc
3222 2883 3444 2939 quoque
3471 2885 3485 2922 :
3515 2865 3713 2925 Homo.

435 2960 819 3031 πεποιημένην
849 2960 965 3030 ἔχει
1006 2961 1105 3031 τῆς
1138 2960 1463 3030 ἐρωτήσεως
1492 2957 1592 3029 τήν
1622 2957 1915 3011 διάπλασιν
1936 2974 1950 2989 ·
1991 2958 2019 3010 ό

2124 2967 2221 3037 qui
2253 2982 2283 3020 a
2311 2975 2457 3021 terra
2493 2966 2547 3020 in
2578 2965 2813 3020 sublime
2842 2964 3037 3027 fertur,
3086 2971 3272 3017 utrum
3302 2968 3480 3015 cessat
3513 2958 3583 3013 ab
3612 2957 3718 3010 hoc

434 3053 491 3105 δὲ
520 3052 813 3123 ἄνθρωπος
848 3053 1143 3122 μτάρσιος
1166 3051 1276 3105 ἀπὸ
1300 3054 1402 3122 γῆς
1436 3052 1761 3121 φερόμενος,
1788 3050 2020 3121 πότερον

2130 3060 2359 3115 sublimi
2381 3068 2530 3114 motu
2559 3073 2626 3111 an
2653 3073 2760 3111 non
2785 3056 3002 3112 cessat?
3023 3056 3274 3109 lmmune
3294 3052 3514 3121 quidem
3542 3060 3625 3103 est
3648 3050 3718 3103 ab

434 3139 792 3209 ⁸τταύεταιτῆς
825 3140 1100 3211 μετεώρου
1132 3142 1324 3213 φορᾶς,
1357 3140 1391 3212 ἢ
1419 3142 1480 3193 οὐ
1510 3139 1770 3206 παύεται;
1791 3142 1893 3211 τῆς
1919 3140 2019 3210 μὲν
2045 3185 2076 3248 C

2077 3187 2090 3248 ι
2125 3152 2376 3221 exposito
2406 3151 2673 3207 orationis
2702 3150 2870 3216 vitio;
2912 3164 3020 3203 non
3061 3148 3247 3201 minus
3278 3155 3459 3199 tamen
3500 3152 3719 3197 contra-

436 3233 740 3303 εἰρημένης
764 3232 945 3296 αἰτίας
970 3234 1341 3304 ἀπήλλακται,
1359 3233 1457 3303 οὐχ
1481 3228 1645 3303 ἦττον
1664 3233 1721 3286 δέ
1745 3233 1806 3286 τὸ
1834 3234 2021 3304 σχῆμα
2046 3228 2078 3248 ““

2075 3228 2090 3248 ⁸
2126 3244 2385 3300 dictionis
2417 3259 2559 3299 vera:
2590 3244 2819 3313 ﬁguram
2853 3240 3214 3297 transformat
3238 3254 3301 3293 ac
3334 3237 3618 3307 pervertit.
3659 3236 3717 3288 In

441 3324 914 3395 μετασχηματίζει
945 3329 1038 3378 καὶ
1066 3324 1486 3397 παραχαράττει
1512 3324 1613 3396 τῆς
1644 3325 1847 3396 κυρίως
1868 3329 2023 3379 ἀντι-

2124 3336 2229 3392 hoc
2255 3346 2438 3391 autem
2482 3353 2497 3391 :
2534 3333 2778 3404 Tempus
2809 3335 2954 3405 quod
2981 3333 3132 3409 fluxu
3182 3330 3303 3385 fluit
3332 3330 3497 3384 undis
3548 3343 3720 3397 aqua-

440 3415 687 3483 φάσεωςσ
736 3417 765 3469 ό
812 3415 869 3469 δὲ
925 3416 1117 3487 χρόνος
1148 3416 1359 3471 ὑδάτων
1405 3417 1544 3488 ῥέων
1590 3415 1799 3487 νάμασι
1848 3434 2025 3487 παρα-

2124 3436 2249 3476 rum
2296 3422 2485 3487 simili,
2526 3422 2816 3476 desistitne
2864 3421 2933 3475 ab
2962 3420 3233 3490 ejusmodi
3260 3418 3408 3472 ﬂuxu
3472 3434 3540 3472 an
3578 3416 3723 3470 non?

442 3506 710 3577 πλησίως,
743 3503 853 3579 ἆρα
887 3510 1145 3579 στήσεται
1169 3510 1271 3579 τῆς
1302 3509 1435 3580 ῥοῆς
1467 3510 1500 3581 ἢ
1529 3510 1590 3563 οὐ
1618 3512 1910 3581 amiserat;
1937 3511 2024 3583 δῆ-

2125 3513 2403 3569 Orationis
2458 3513 2770 3583 complexio
2818 3513 3217 3583 praecedentem
3257 3510 3552 3565 manifeste
3594 3509 3723 3562 imi-

440 3599 533 3653 λον
564 3598 621 3653 δὲ
648 3598 726 3665 ὡς
770 3601 805 3670 ή
839 3599 1135 3671 συμπλοκὴ
1164 3603 1258 3656 καὶ
1291 3601 1434 3673 αὐτη
1460 3602 1555 3655 τοῦ
1592 3602 1753 3672 λόγου
1780 3604 1880 3675 τὴν
1917 3605 2025 3675 πρὸ

2129 3615 2251 3662 tans
2306 3606 2499 3662 eodem
2560 3614 2756 3675 peccat
2804 3605 2960 3670 vitio,
3021 3614 3082 3659 ut
3138 3612 3193 3659 et
3222 3605 3339 3659 haec
3368 3602 3720 3673 pr0positio:

441 3692 609 3747 αὐτοῦ
635 3693 948 3764 μιμουμένη
966 3692 1057 3748 διά
1081 3696 1182 3765 τῆς
1209 3695 1382 3764 αὐτῆς
1414 3696 1755 3765 κακουργίας
1791 3698 2026 3767 προελή-

2130 3698 2326 3755 Utrum
2358 3698 2681 3768 incorporea
2715 3705 2913 3751 natura
2960 3709 3283 3764 corpoream
3334 3693 3559 3748 subiens
3588 3706 3722 3744 con-

443 3784 631 3838 λυθεν’
670 3788 719 3839 εί
753 3785 935 3855 βούλει
964 3786 1021 3839 δὲ
1056 3786 1153 3841 καὶ⁷
1204 3785 1432 3858 πότερον
1461 3788 1496 3859 ή
1525 3786 1822 3859 ἀσώματος
1865 3788 2028 3856 φύσις

2130 3789 2516 3844 formationem
2569 3802 2636 3843 ex
2685 3788 2916 3842 materia
2967 3796 3021 3842 et
3077 3785 3251 3841 forma
3292 3786 3377 3841 vel
3409 3801 3476 3839 ex
3525 3791 3724 3838 neutro

441 3879 543 3949 τὴν
573 3879 898 3950 σωματικὴν
939 3879 1282 3951 ὑποδυομένη
1320 3879 1634 3947 διάπλασιν,
1668 3880 1731 3946 ἐξ
1768 3880 1899 3952 ὕλης
1938 3883 2031 3935 καὶ

2132 3881 2328 3937 horum
2379 3880 2573 3936 habuit
2623 3879 3130 3951 compositionem?
3185 3878 3243 3933 Si
3289 3892 3357 3933 ex
3410 3877 3637 3932 materia
3670 3884 3725 3929 et

446 3971 643 4036 εἴδους,
671 3971 705 4043 ἢ
738 3972 797 4038 ἐξ
828 3972 1113 4043 οὐδετέρου
1155 3971 1361 4027 τούτων
1388 3973 1515 4043 ἔσχε
1542 3973 1643 4045 τὴν
1695 3973 2029 4046 σύγκρισιν;

2131 3974 2335 4041 forma,
2368 3972 2649 4044 quomodo
2683 3973 3045 4044 incorporea?
3090 3972 3186 4029 Sin
3245 3988 3376 4028 vero
3415 3989 3483 4029 ex
3524 3972 3724 4026 horum

446 4064 496 4116 εί
523 4064 623 4133 μὲν
653 4062 762 4135 γάρ
782 4064 841 4130 ἐξ
870 4063 1002 4134 ὕλης
1032 4064 1129 4117 καὶ
1163 4064 1358 4128 εἴδους,
1386 4064 1506 4127 πῶς
1540 4063 1870 4135 ἀσώματον;
1904 4066 2033 4119 εἰδὲ

2132 4074 2349 4129 neutro,
2370 4065 2516 4119 unde
2527 4079 2846 4134 corpoream
2867 4063 3537 4119 subiitconformationem
3552 4062 3575 4115 ?
3592 4061 3730 4115 Itur-

448 4153 509 4219 ἐξ
538 4153 829 4225 οὐδετέρου
866 4156 1095 4220 τούτων,
1130 4153 1297 4207 πόθεν
1342 4152 1443 4224 τὴν
1472 4153 1792 4225 σωματικὴν
1820 4153 2031 4223 ὑπέστη

2132 4172 2255 4212 sum
2284 4156 2454 4211 motio
2478 4156 2562 4210 vel
2587 4155 2641 4209 in
2666 4155 2909 4209 motione
2932 4156 2991 4207 llt
3017 4154 3103 4209 vel
3142 4154 3199 4207 in
3228 4153 3636 4208 non-motione.
3669 4151 3726 4204 Si

448 4246 774 4311 διὰπλασιν;
799 4246 966 4299 πάλιν
994 4248 1028 4316 ή
1062 4246 1277 4317 κίνησις
1305 4246 1364 4299 ἐν
1386 4247 1602 4317 κινήσει
1635 4246 1869 4314 γίνεται,
1906 4245 1939 4318 ἢ
1973 4247 2035 4299 ἐν

2135 4248 2189 4303 in
2213 4246 2477 4308 motione,
2502 4257 2754 4315 quaenam
2783 4258 2847 4297 ea
2876 4251 2959 4296 est
2983 4251 3038 4296 et
3068 4241 3121 4295 in
3148 4257 3256 4311 qua
3279 4250 3365 4295 est
3393 4250 3448 4295 et
3471 4252 3728 4307 quaenam

448 4336 509 4390 οὐ
545 4337 756 4407 κινήσει
782 4352 796 4402 ;
824 4336 873 4389 εἰ
906 4336 1007 4407 μὲν
1048 4335 1158 4407 γὰρ
1190 4338 1248 4389 ἐν
1281 4336 1491 4406 κινήσει
1518 4376 1533 4401 ,
1576 4337 1661 4399 τίς
1692 4337 1786 4391 καὶ
1815 4338 1873 4390 ἐν
1901 4337 2032 4401 τίνι,

2134 4351 2323 4393 earum
2344 4335 2413 4391 ad
2444 4334 2673 4389 invicem
2704 4331 3046 4387 differentia?
3079 4330 3369 4397 Quomodo
3396 4343 3504 4384 non
3540 4336 3595 4382 et
3629 4326 3730 4380 illa.

449 4430 548 4483 καὶ
588 4429 674 4492 τίς
715 4428 896 4483 αὐτῶν
929 4430 964 4499 ἡ
996 4429 1132 4499 πρὸς
1169 4428 1377 4499 ἄλληλα
1421 4428 1691 4500 διαφορά;
1728 4428 1845 4493 πῶς
1875 4428 1931 4481 δὲ
1966 4429 2030 4482 οὐ

2135 4442 2359 4483 rursum
2417 4426 2473 4480 in
2508 4425 2747 4481 motione
2780 4425 2860 4487 llt,
2892 4432 2947 4477 et
2985 4422 3065 4477 sic
3091 4421 3410 4492 proceditur
3439 4421 3492 4474 in
3539 4419 3726 4473 inﬁni-

451 4521 681 4593 κάκείνη
712 4521 875 4575 πάλιν
897 4522 954 4573 ἐν
973 4524 1206 4591 κινήσει,
1231 4522 1327 4574 καὶ
1371 4520 1725 4591 παρεισδύσει
1778 4522 1839 4574 τὸ
1875 4522 2035 4575 άπει-
2070 4534 2093 4590 [

2097 4539 2112 4587 ι
2142 4521 2301 4577 tum?
2330 4518 2388 4575 Si
2413 4534 2546 4575 vero
2573 4534 2679 4573 non
2704 4518 2758 4571 in
2793 4517 3057 4582 motione,
3080 4516 3353 4585 quomodo
3374 4514 3739 4571 immobilitas-

457 4630 579 4687 pov;
647 4618 696 4668 εί
738 4615 796 4668 δέ
823 4615 899 4687 μὴ
930 4616 988 4668 ὲν
1014 4615 1249 4684 κινήσει,
1274 4613 1390 4677 πῶς
1418 4615 1678 4685 ἀκινησία
1705 4613 1916 4680 συνέξει
1936 4614 2036 4686 τήν

2134 4615 2432 4671 motionem
2457 4611 2761 4667 continebit
2784 4611 3012 4680 etquies
3042 4610 3215 4663 motui
3259 4608 3599 4663 coexsistens
3621 4623 3728 4661 non

455 4709 671 4779 κίνησιν
703 4707 798 4760 καὶ
842 4709 876 4778 ὴ
907 4706 1095 4768 στάσις
1123 4706 1188 4776 τῇ
1220 4706 1365 4776 φορᾷ
1405 4705 1642 4759 συνοῦσα
1665 4704 1726 4758 οὐ
1768 4721 2037 4776 συγκινη-

2137 4705 2304 4763 simul
2335 4703 2645 4759 movebitur
2680 4710 2777 4755 aut
2801 4700 2971 4756 simul
3001 4715 3124 4754 cum
3165 4699 3346 4769 quiete
3369 4699 3533 4753 etiam
3564 4697 3743 4751 motio-

457 4802 687 4872 θήσεται
717 4801 867 4870 (55);
897 4798 931 4871 ἢ
965 4799 1040 4870 μὴ
1072 4798 1703 4870 συνανακινηθείσῃιῷϐ)
1732 4801 1800 4870 τῇ
1826 4800 2039 4871 ἠρεμίᾳ

2134 4798 2246 4868 jam
2298 4794 2651 4863 conquiescet
2672 4792 2695 4845 ?
2715 4791 2982 4847 Creatura
3018 4791 3293 4853 universa,
3322 4787 3605 4869 creatione
3632 4801 3730 4839 su-

459 4893 557 4947 καὶ
625 4894 659 4962 ή
708 4893 919 4963 κίνησις
966 4891 1270 4957 παύσεται;
1324 4890 1391 4944 Ἦ
1434 4891 1493 4944 δὲ
1540 4890 1809 4959 σύμπασα
1855 4891 2033 4953 κτίσις

2138 4891 2351 4961 perior,
2388 4893 2566 4954 estne;
2613 4885 2683 4939 ab
2716 4884 2899 4954 aliqua
2934 4884 3148 4937 actione
3174 4880 3439 4951 producta
3476 4895 3542 4932 an
3573 4892 3733 4960 pror-

457 4983 727 5053 κρείττων
755 4978 891 5036 οὖσα
930 4981 1297 5052 δημιουργίας
1323 5019 1339 5047 ,
1375 4981 1603 5053 πότερον
1642 4980 1748 5033 ὑπό
1771 4997 1916 5042 τινος
1953 4983 2043 5035 ἐν·

2152 4999 2247 5039 sus
2275 4997 2383 5037 non
2410 4980 2674 5050 producta
2702 4974 3163 5047 cognoscitur?Si
3194 4990 3299 5027 non
3320 4973 3421 5027 fuit
3440 4970 3741 5041 producta,

460 5073 685 5145 εργείας
726 5073 987 5146 παρήχθη
1020 5073 1055 5142 ἢ
1081 5073 1192 5127 οὐδ’
1221 5072 1358 5137 ὅλως
1392 5071 1739 5143 παραχθείσα
1776 5072 2044 5143 γνωρίζε-

2147 5074 2426 5148 quomodo
2444 5073 2603 5143 plane
2650 5082 2705 5125 et
2745 5076 2997 5125 creatura
3037 5083 3161 5123 esse
3202 5065 3439 5121 dicitur?
3481 5061 3576 5117 Sin
3607 5075 3745 5114 vero

459 5185 587 5235 ται;
622 5170 671 5222 εί
706 5168 804 5239 μὲν
833 5168 944 5238 γάρ
973 5167 1034 5219 οὐ
1075 5167 1362 5238 παρήχθη,
1395 5166 1511 5229 πῶς
1541 5166 1680 5229 ὅλως
1724 5168 1820 5219 καὶ
1867 5166 2044 5230 κτίσις

2148 5166 2437 5238 producta,
2474 5161 2773 5233 quomodo,
2820 5159 3099 5213 creatione
3147 5166 3205 5211 ut
3238 5156 3489 5225 superior
3520 5152 3614 5215 sit,
3645 5166 3736 5205 ac-

462 5259 729 5330 ὐπάρχειν
762 5257 1016 5327 λέγεται;
1062 5259 1111 5309 εί
1149 5257 1208 5311 δὲ
1241 5257 1523 5328 παρήχθη,
1556 5256 1674 5319 πῶς
1701 5256 1764 5309 τὸ
1798 5260 2047 5327 κρεῖττον

2149 5258 2331 5329 cepit?
2363 5255 2428 5311 Et
2457 5255 2711 5325 quisnam
2746 5250 3105 5305 numerandis
3129 5263 3226 5317 par
3253 5247 3363 5303 erit
3393 5244 3553 5315 nugis
3586 5242 3738 5311 ejus-

462 5347 603 5404 εἶναι
627 5354 725 5423 τῆς
742 5350 1104 5423 δημιουργίας
1123 5350 1477 5421 ἀπηνέγκατο
1501 5368 1516 5417 ;
1536 5351 1629 5403 καὶ
1660 5351 1799 5421 πόση
1818 5350 2047 5421 τοιαύτη

2151 5352 2299 5407 modi
2330 5365 2395 5405 ac
2438 5348 2614 5412 tricis,
2654 5360 2777 5416 quze
2822 5344 2968 5399 circa
3009 5338 3463 5398 contradictionis
3499 5336 3741 5391 fortnam

466 5446 634 5518 λέσχη
656 5446 752 5499 καὶ
776 5442 1038 5517 τερατεία
1080 5462 1145 5499 πε
1157 5446 1209 5515 ρ).
1234 5447 1295 5498 τὸ
1318 5445 1502 5515 σχῆμα
1531 5443 1746 5515 χορεύει
1770 5445 1867 5513 τῆς
1895 5446 2047 5497 ἀντιο

2152 5444 2332 5514 etiingi
2364 5438 2607 5511 queunt?
2628 5438 2761 5503 Quae
2787 5444 2990 5507 quanta
3025 5434 3267 5505 indigent
3303 5428 3693 5502 repurgatione
3715 5427 3743 5480 ι

1986 5558 2219 5614 NOTAE.

542 5746 655 5812 (54)
686 5747 810 5800 Οὐδ’
840 5748 1029 5817 ἕτερον
1060 5749 1112 5801 in
1148 5749 1272 5802 cod.
2162 5748 2184 5801 Ι]

2162 5747 2359 5801 habeat
2392 5741 2954 5817 εησυγκρινηθήσεταιί

690 5818 819 5887 ch.
852 5807 973 5875 cum
1004 5818 1251 5875 Catiforo
1284 5836 1300 5874 :
1345 5819 1734 5889 ΚινηΟ-ήσεται,
1767 5818 1890 5873 licet
1927 5818 2049 5873 Cod.

1443 5819 1734 5889 ιηοήσεται,
1767 5818 1890 5873 licet
1927 5818 2049 5873 Cod.
2234 5819 2348 5889 (56)
2389 5807 2552 5871 Catil".
2584 5807 3085 5878 ’συνανακινηοήσῃι
