4158 6484
410 368 519 436 499

1576 371 1837 432 ΡΗΟΤΙΙ
1871 369 2381 431 ΡΑΤΗΙΛΒΟΗᾹΞ
2411 369 2520 431 CP.

3654 346 3795 422 500”
3816 354 3821 355 ί

410 491 528 544 lmo
559 496 614 543 et
638 503 830 543 eorum
881 504 1005 559 quae
1038 489 1237 544 desunt
1276 488 1554 544 additiOne
1582 498 1638 545 et
1663 504 1853 545 eorum
1882 504 2003 558 quae

2121 487 2363 556 φάσεως
2396 488 2570 557 πόσης
2614 484 2673 539 δὲ
2702 485 2873 540 δεῖται
2902 482 3002 553 τῆς
3048 476 3534 551 ἀνακαθάρσεως
3556 515 3578 541 ,
3616 476 3777 531 ἀλλά

409 577 719 631 redundant
764 577 1123 642 detractione,
1165 592 1267 632 nec
1302 593 1409 631 non
1466 577 1744 632 subtiliori
1800 577 1998 631 distin-

409 664 588 722 ctione
615 677 776 736 atque
805 667 1265 738 agglutinationel
1293 668 1538 735 Quorum
1589 668 1723 723 nihil
1782 668 1996 723 beatam

410 759 558 813 illam
588 770 754 829 atque
782 760 1148 815 immortalem
1194 768 1446 815 naturam
1479 769 1658 830 potest
1692 760 1992 830 attingeref,

409 865 519 904 non
543 853 721 906 solum
749 852 1022 918 cominus,
1048 852 1144 908 sed
1171 867 1239 908 ne
1258 852 1475 908 eminus
1502 853 1745 922 quidem.
1771 851 1927 918 Quod
1949 851 1996 906 si

410 946 464 996 in
496 944 660 999 rebus
682 945 985 1000 materiatis
1007 960 1114 1000 non
1139 953 1223 1001 est
1246 944 1521 1000 fidendum
1547 945 1998 1000 contradictionis

411 1035 603 1089 forma:
654 1049 753 1103 pro
788 1035 1039 1089 librandn
1068 1035 1317 1091 veritatis
1355 1050 1419 1091 ac
1469 1034 1723 1090 falsitatis
1764 1034 1992 1105 judicio,

410 1122 517 1177 nisi
548 1122 709 1178 simul
736 1132 790 1177 et
811 1123 917 1177 alia
946 1124 1118 1179 multa
1149 1125 1517 1181 adsumuntur
1538 1140 1661 1196 quae
1686 1124 1998 1180 accuratius

411 1214 756 1284 distinguant
784 1223 837 1270 et
868 1215 1096 1271 fulciant
1139 1226 1195 1271 et
1232 1216 1520 1287 perficiant
1570 1216 1781 1272 criterii
1837 1216 1999 1271 istius

411 1302 523 1355 vim
546 1339 563 1364 ,
594 1302 956 1357 multominus
976 1302 1030 1356 in
1061 1303 1589 1359 divinaetineﬂ'abili
1618 1304 2005 1374 mentibusque

414 1390 672 1445 humanis
734 1392 1209 1462 imperscrutabili
1278 1402 1475 1447 natura
1532 1394 1733 1462 poterit
1794 1393 2019 1449 criterii-

414 1482 585 1537 robur
635 1490 689 1537 ct
745 1484 1067 1554 dignitatem
1134 1484 1336 1540 habere
1369 1486 1679 1557 operositas
1730 1485 2007 1543 contradi-

419 1575 647 1629 ctionis.

416 1684 515 1737 νης
541 1666 769 1736 ἔρευναν
806 1667 993 1741 χώραν
1020 1668 1246 1739 εὑρήσει
1275 1668 1565 1740 κριτηρίου
1631 1669 2032 1741 περιϐαλέσθαι

418 1775 579 1829 εργον
601 1780 617 1829 ;

2100 581 2195 633 καὶ
2226 579 2582 651 παρενθήκης
2604 580 2714 632 τῶν
2744 578 3107 647 λειπομένων,
3139 569 3254 626 ἀλλ’
3275 568 3624 637 ἀποϐολῆς
3652 566 3779 619 τῶν

2100 688 2167 723 πε
2177 671 2533 740 ριττευόντων
2545 710 2559 735 ,
2584 670 2720 724 ἀλλά
2734 670 2933 722 λεπτου
2942 668 3098 739 ργίας
3118 666 3212 719 καὶ
3225 668 3324 719 ἐπι
3332 661 3581 733 γομφώ
3589 663 3770 724 σεωςί

2097 758 2173 817 ὢν
2200 761 2358 816 οὐδὲν
2392 761 2618 817 δυνατὸν
2647 762 2747 833 τῆς
2778 761 3061 832 μακαρίας
3092 758 3313 829 ἐκείνης
3374 754 3497 808 καὶ
3537 752 3781 822 ἀκράν-

2098 872 2194 908 του
2220 854 2420 924 ψαύειν
2451 855 2689 923 φύσεως,
2708 853 2819 905 οὐδ’
2840 851 3031 921 ἐγγὺς,
3056 849 3195 905 ἀλλά
3215 848 3315 902 καὶ
3343 845 3498 899 λίαν
3524 842 3773 919 πόρῤω,

2100 946 2192 997 καὶ
2220 944 2383 997 πλέον
2427 944 2461 1015 ἢ
2505 944 2631 997 ὅσον
2672 942 3046 1015 δημιουργικὴ
3100 940 3261 1011 φύσις
3290 938 3429 993 τῶν
3468 934 3777 1006 γηγενῶν

2098 1028 2599 1101 δημιουργημάτων
2645 1030 3099 1102 ἀνακεχώρηκεν.
3143 1028 3207 1084 Et
3239 1029 3296 1082 δὲ
3339 1027 3460 1079 ἐπὶ
3492 1024 3629 1077 τῶν
3674 1023 3773 1076 ὲν-

2100 1120 2243 1175 ύλων
2276 1121 2338 1175 οὐ
2367 1121 2831 1176 καταπιστεύεται
2883 1121 2945 1174 τὸ
2987 1121 3176 1192 σχῆμα
3204 1120 3306 1190 τῆς
3357 1115 3777 1185 ἀντιφάσεως

2104 1214 2289 1285 κρίσιν
2314 1216 2671 1284 ζυγοστατείν
2694 1214 2954 1286 ἀληθείας
2985 1214 3079 1267 καὶ
3103 1210 3371 1281 ψεύδους,
3400 1206 3498 1278 μὴ
3528 1202 3776 1258 πολλῶν

2103 1308 2201 1361 καὶ
2232 1308 2409 1363 ἄλλων
2435 1306 3137 1379 συμπαραλαμϐανομένων
3165 1304 3261 1357 καὶ
3304 1295 3775 1369 συνακριϐολο-

2103 1400 2366 1467 γούντων,
2396 1401 2872 1472 ὖποστηριςόντων
2902 1416 2962 1452 τε
2991 1398 3088 1451 καὶ
3122 1393 3348 1449 συντελε
3360 1390 3639 1445 ιούντων
3669 1386 3774 1441 τοῦ

2105 1493 2402 1563 κριτηρίου
2428 1493 2528 1564 τὴν
2566 1493 2818 1564 δύναμιν,
2848 1491 2884 1562 ἢ
2922 1489 3024 1543 ποῦ
3056 1505 3119 1557 γε
3153 1487 3244 1540 ἐπὶ
3273 1486 3386 1555 τῆς
3441 1481 3623 1544 θείας
3668 1480 3776 1533 καὶ

2106 1582 2249 1654 ὑπὲρ
2277 1583 2435 1653 λόγον
2458 1584 2555 1637 καὶ
2596 1581 2876 1653 λογισμῶν
2905 1578 3267 1650 ἀνθρωπίνων
3297 1576 3417 1628 οὐκ
3453 1570 3773 1642 ἀνεχομέ-

2107 1676 2309 1745 κράτος
2351 1693 2412 1730 τε
2455 1676 2551 1732 καὶ
2616 1677 2829 1747 ἀξίωμα
2908 1675 3007 1745 τῆς
3046 1672 3406 1741 ἀντιφάσεως
3462 1667 3536 1721 τδ
3589 1664 3770 1736 περί⁸

491 1856 546 1912 6.
589 1858 769 1926 Atque
817 1855 1064 1926 inspice,
1113 1855 1162 1911 si
1220 1855 1390 1921 lubet,
1444 1855 1694 1927 exempla
1745 1857 2003 1927 propiora

2190 1856 2270 1923 ς’.
2313 1856 2424 1910 Kal
2452 1856 2578 1928 ὅρα,
2605 1857 2659 1909 εί
2678 1873 2743 1924 γε
2767 1854 2983 1926 βούλει,
3014 1854 3110 1909 καὶ
3138 1853 3249 1907 τῶν
3275 1850 3640 1923 εἰρημένων
3670 1849 3772 1917 ἑγ-

420 1964 661 2021 quoque,
692 1965 856 2019 quam
880 1964 1003 2020 quae
1025 1948 1335 2004 attulimus.
1362 1950 1649 2005 Exstantia
1675 1950 2009 2019 produxitne

422 2041 566 2096 Deus
600 2042 819 2105 saecula,
847 2056 915 2095 an
948 2056 1059 2096 non
1090 2043 1387 2108 exstantia,
1422 2052 1477 2098 et
1503 2042 1882 2099 subsistuntne
1938 2059 2009 2099 an

422 2148 531 2188 non
581 2134 929 2189 subsistunt?
964 2133 1019 2189 Si
1069 2134 1218 2189 enim
1256 2136 1551 2201 exstantia,
1600 2136 1875 2204 quomodo
1899 2151 2009 2191 non

423 2223 664 2279 inaniter
725 2225 1069 2297 (produxit)?
1115 2226 1406 2292 Quomodo
1454 2241 1566 2282 non
1608 2226 1859 2284 fabulosa
1908 2228 2014 2283 erit

423 2316 516 2371 illa
551 2317 885 2387 productio?
924 2316 1021 2373 Sin
1078 2328 1259 2373 autem
1306 2335 1416 2375 non
1459 2322 1755 2386 exstantia,
1799 2320 1895 2376 ubi
1930 2330 2016 2377 est

420 2410 566 2476 quod
597 2409 816 2463 aeternis
834 2418 917 2465 est
935 2412 1328 2466 coextensum?
1356 2409 1423 2465 Et
1459 2411 1505 2467 si
1537 2426 1647 2466 non
1678 2412 2010 2475 subsistunt.

419 2497 698 2564 quomodo
752 2498 807 2552 in
862 2499 1026 2555 rebus
1054 2500 1450 2556 exsistentibus
1484 2503 1712 2556 omnino
1739 2503 1826 2557 vel
1872 2503 2017 2558 unde

422 2598 553 2644 sunt
599 2590 716 2646 sive
751 2602 917 2646 erunt
961 2595 1205 2648 saecula?
1235 2593 1291 2648 Si
1333 2609 1465 2650 vero
1500 2595 1838 2661 subsistunt,
1871 2595 2016 2651 unde

423 2679 559 2748 ipsis
580 2682 787 2736 accedit
810 2682 1143 2739 illimitatum
1167 2694 1222 2740 et
1238 2685 1574 2741 immensum
1594 2688 1617 2741 ?
1634 2685 1803 2743 Visne
1832 2688 2017 2744 adhuc

423 2772 650 2841 propius
706 2774 1100 2829 absurditatem
1141 2776 1495 2846 conspicere?
1530 2776 1693 2833 Pater
1746 2778 2016 2836 exsistens

424 2863 606 2920 factus
643 2874 727 2920 est
759 2864 921 2921 Pater
971 2867 1058 2922 vel
1106 2883 1218 2923 non
1270 2870 1566 2926 exsistens.
1624 2871 1683 2925 Si
1723 2871 2018 2937 exsistens,

427 2956 637 3027 aliquid
684 2958 861 3028 ipsius
913 2959 1128 3014 exstitit
1156 2960 1310 3030 prius
1341 2971 1397 3017 et
1425 2962 1571 3018 aliud
1604 2965 1883 3034 posterius
1925 2980 2023 3020 ac-

426 3050 619 3115 cessit,
645 3059 699 3105 et
727 3051 1010 3121 quomodo
1046 3061 1320 3109 mutatum
1365 3055 1490 3123 fuit,
1520 3057 1666 3126 quod
1700 3068 1782 3114 est
1811 3059 2016 3113 immu-

425 3140 629 3196 labile?
682 3142 742 3198 Si
796 3158 926 3198 vero
972 3159 1079 3198 non
1128 3145 1435 3213 exsistens,
1494 3150 1818 3207 mutationis
1879 3150 2022 3205 ratio

2110 1948 2541 2018 γύτερον.’οντα
2576 1947 2940 2019 προήγαγενό
2973 1946 3105 2009 Θεὸς
3120 1944 3212 1998 τὸν
3235 1943 3427 1997 αἰῶνα
3462 1943 3501 2013 ἢ
3549 1942 3638 2012 μὴ
3671 1942 3770 1994 ὃν·

2109 2055 2213 2104 τα;
2233 2040 2327 2091 καὶ
2350 2032 2463 2109 ἆρα
2489 2038 2799 2108 ὑφέστηκεν
2834 2038 2870 2109 ἢ
2898 2037 2997 2106 οὐχ
3022 2034 3364 2104 ὑφέστηκενς
3391 2033 3469 2085 El
3501 2031 3619 2101 μὲν
3643 2030 3764 2100 γὰρ

2111 2135 2265 2200 ὄντα,
2298 2132 2420 2196 πῶς
2444 2133 2506 2186 οὐ
2540 2132 2741 2203 μάτην,
2771 2130 2889 2193 πῶς
2914 2129 2959 2183 δ’
2992 2127 3053 2181 ού
3086 2126 3255 2198 λῆρος
3289 2126 3324 2196 ή
3362 2123 3763 2194 παραγωγής

2114 2230 2164 2283 εί
2194 2228 2252 2282 δὲ
2282 2225 2361 2299 μὴ
2387 2225 2541 2289 ὄντα,
2570 2223 2675 2278 ποῦ
2703 2225 2819 2286 τοῖς
2850 2221 3043 2284 ἀϊδίοις
3076 2219 3139 2273 τὸ
3167 2216 3761 2291 παρεκτεινόμενονς

2115 2323 2211 2379 καὶ
2236 2322 2291 2375 εί
2312 2337 2378 2389 γε
2410 2318 2487 2391 μὴ
2518 2318 2817 2387 ὑφέστηκε,
2836 2315 2953 2377 πῶς
2978 2312 3088 2367 τῶν
3110 2310 3283 2365 ὄντων
3309 2309 3469 2373 ὅλως
3505 2307 3547 2379 ἢ
3577 2307 3762 2360 ¹ιιςόθεν

2114 2413 2281 2481 αίὼν;
2332 2414 2383 2467 εί
2423 2411 2468 2465 δ’
2523 2410 2823 2479 ὑφέστηκε,
2875 2405 3042 2460 πόθεν
3092 2403 3244 2474 αὐτῷ
3290 2403 3357 2455 τὸ
3407 2399 3760 2470 ἀπέραντον

2114 2502 2556 2573 ἐπακολουθήσει
2590 2501 2689 2555 καὶ
2717 2498 3092 2569 ἁδιεξίτητον;
3128 2494 3252 2548 Ἔτι
3303 2492 3366 2546 δὲ
3423 2490 3762 2561 ἐγγύτερον

2115 2598 2177 2652 τὸ
2224 2598 2426 2653 ἄτοπον
2472 2594 2654 2666 βούλει
2707 2592 2980 2662 καθορᾷνς
3042 2589 3102 2642 '0
3148 2586 3341 2657 Πατὴρ
3397 2584 3489 2638 ὣν
3544 2583 3757 2652 γέγονε

2117 2690 2310 2761 Πατὴρ
2338 2689 2373 2759 ἢ
2401 2688 2476 2759 μὴ
2515 2687 2619 2755 ὥν;
2652 2686 2701 2739 εί
2731 2686 2831 2757 μὲν
2859 2684 2969 2755 γάρ
3012 2682 3113 2747 ὣν,
3148 2683 3210 2735 τὸ
3241 2680 3343 2751 μὲν
3376 2676 3571 2746 αὑτοῦ
3610 2674 3759 2745 πρό-

2117 2798 2304 2853 τερον,
2346 2780 2408 2834 τὸ
2438 2780 2495 2834 δὲ
2540 2778 2856 2847 ἐπιγέγονε,
2900 2774 2996 2829 καὶ
3030 2774 3151 2836 πῶς
3201 2769 3647 2844 μεταϐέϐληται
3689 2764 3756 2818 τὸ

2119 2873 2533 2946 ἀμετάϐλητονς
2587 2873 2637 2925 εί
2674 2871 2731 2925 δὲ
2767 2870 2845 2940 μὴ
2882 2868 2983 2931 ὣν,
3034 2865 3130 2919 καὶ
3172 2866 3200 2919 ὁ
3264 2863 3366 2932 τῆς
3420 2857 3757 2931 μεταϐολῆς

2124 2964 2226 3037 μὲν
2252 2965 2410 3034 λόγος
2438 2964 2591 3017 οὐδὲν
2624 2958 2789 3035 ἦττον
2824 2959 3268 3023 ἀποσκευάζεται
3298 2956 3363 3008 τὸ
3398 2949 3751 3023 ἀμετάϐλη-

2119 3058 2341 3127 τονζκαὶ
2370 3056 2513 3112 κατὰ
2529 3056 2630 3128 τῆς
2652 3056 2954 3127 ἀῖδιότητος
2974 3052 3139 3107 πλέον
3172 3051 3416 3104 ἵσταται.
3438 3044 3621 3099 Ἀλλά
3648 3041 3755 3110 λη-

2129 3148 2368 3221 ρούντων
2399 3148 2582 3204 ταῦτα
2611 3149 2710 3220 τῆς
2742 3149 3030 3219 αίρετικῆς
3058 3146 3176 3199 ἐστι
3202 3142 3300 3197 καὶ
3327 3139 3578 3211 πρώτης
3614 3149 3753 3187 σπο-

428 3231 563 3285 nihil
594 3232 776 3289 minus
799 3233 1033 3288 destruit
1054 3233 1550 3292 immutabilitatem
1572 3247 1627 3294 et
1650 3247 1843 3294 contra
1874 3254 2017 3294 sem-

2125 3240 2227 3309 ρᾶς
2259 3238 2440 3293 πάντα
2470 3236 2743 3308 γεώργια.

424 3322 789 3390 piternitatem
844 3323 1073 3382 validius
1126 3336 1353 3399 pugnat.
1411 3324 1617 3384 Verum
1686 3330 1802 3386 haec
1853 3329 2175 3400 nugantium
2233 3338 2382 3395 sunt,
2436 3336 2492 3384 et
2558 3328 2828 3384 haeretica:
2891 3341 2957 3382 ac
3001 3325 3193 3395 primm
3244 3322 3488 3378 sationis
3552 3316 3747 3372 omnia

421 3411 655 3469 fructus.

496 3505 550 3559 7.
589 3506 721 3561 Esto
748 3523 762 3561 :
819 3507 914 3563 sed
934 3507 1166 3564 forsitan
1194 3507 1344 3563 aliud
1375 3507 1692 3564 haereticum
1723 3525 2022 3581 argumen-

422 3606 539 3651 tnm
572 3598 839 3653 audacius
892 3607 1135 3670 emerget
1183 3608 1239 3654 et
1276 3614 1540 3655 amovens
1567 3615 1599 3654 a
1630 3617 1691 3655 se
1722 3604 2026 3674 transposi-

425 3688 596 3743 tionis
654 3689 895 3759 culpam,
956 3706 1063 3761 qua
1110 3690 1387 3760 oppositio
1438 3692 1529 3747 illa
1581 3693 1897 3759 vitiabatur,
1949 3697 2025 3751 ita

424 3779 600 3833 ferme
641 3778 935 3835 instituere
984 3781 1468 3851 interrogationem
1495 3783 1753 3838 molietur
1801 3804 1814 3841 :
1861 3785 2026 3842 Exsi-

425 3880 658 3925 stentem
705 3888 775 3927 ne
790 3871 979 3943 genuit
1028 3873 1187 3928 Pater
1211 3872 1407 3928 Filium
1432 3890 1500 3929 an
1526 3876 1877 3933 exsistentem
1920 3894 2027 3935 non

426 3959 654 4029 genuit?
697 3970 751 4015 et
780 3972 969 4031 poscet
1000 3962 1230 4017 alteram
1278 3974 1490 4033 partem
1523 3966 1887 4036 oppositionis
1918 3968 2027 4023 sibi

428 4050 676 4106 concedi.
704 4048 904 4105 Verum
934 4052 1218 4107 enimvero
1245 4062 1300 4108 et
1338 4054 1446 4109 tale
1466 4053 1728 4125 effugium
1747 4065 2028 4111 ostensum

429 4151 517 4198 est
546 4158 643 4212 per
667 4144 985 4215 supradicta
1016 4145 1268 4216 exempla
1297 4145 1545 4203 infirmas
1578 4146 2027 4218 prorsusquede-

429 4234 610 4304 jectas
641 4234 845 4291 habere
880 4236 1043 4292 vires.
1077 4234 1224 4291 Nihil
1255 4246 1439 4291 autem
1490 4247 1638 4292 vetat
1670 4247 1726 4293 et
1772 4254 1916 4293 nunc
1946 4238 2031 4293 di—

431 4336 579 4382 recte
600 4337 654 4382 et
674 4328 907 4384 breviter
934 4329 1063 4384 illud
1092 4328 1320 4384 refutari
1343 4329 1476 4401 (57).
1501 4329 1596 4384 Vel
1626 4331 1772 4385 enim
1813 4331 2030 4402 simpli-

439 4420 578 4473 citer
628 4421 899 4490 significat
946 4438 1054 4475 non
1103 4424 1304 4490 genuit,
1346 4422 1423 4477 nil
1459 4422 1606 4477 aliud
1660 4438 1878 4489 eorum,
1909 4439 2033 4493 qua:

433 4511 651 4582 adjungi
682 4513 904 4577 debent,
949 4523 1301 4577 connectens.
1354 4515 1435 4570 vel
1498 4530 1606 4570 una
1639 4530 1824 4571 secum
1856 4516 2031 4582 ducit,

434 4606 580 4674 quod
605 4606 727 4660 addi
752 4608 935 4671 debet.
958 4608 1170 4664 scilicet
1198 4624 1303 4662 non
1327 4607 1510 4679 genuit
1527 4609 1651 4677 jam
1672 4609 2030 4664 exsistentem.

435 4699 542 4764 Qui
566 4697 837 4753 fallaciam
859 4713 1077 4754 omnem
1100 4700 1271 4755 evitat
1327 4709 1452 4771 apte
1480 4701 1786 4757 orationem
1819 4716 2031 4757 conne-

2197 3513 2264 3579 ζ’.
2314 3505 2467 3564 Εῐενο
2500 3505 2619 3561 ἀλλ’
2645 3505 2777 3567 ἴσως
2805 3499 2997 3562 ἀν’τις
3045 3496 3231 3567 ἕτερος
3264 3492 3575 3579 αἱρετίςων
3618 3505 3748 3579 νεα-

2126 3576 2395 3660 νιεύσοιτο
2422 3599 2581 3668 λόγος
2616 3596 2708 3651 καὶ
2738 3592 2837 3665 τὴν
2868 3592 2934 3645 ὲκ
2974 3586 3317 3660 μεταθέσεως
3346 3582 3443 3653 ὑφ’
3481 3576 3557 3655 ἦς
3589 3578 3747 3634 ἀντία

2129 3694 2280 3758 θεσις
2315 3689 2619 3754 ὲνοθεύετο,
2653 3680 3170 3750 ἀποσκευαζόμενος
3201 3675 3406 3738 αἰτίαν,
3432 3673 3591 3728 οὓτω
3623 3684 3747 3731 πως

2132 3785 2466 3860 προαγαγεῖν
2494 3776 2907 3848 ὲπιτεχνάσαιτο
2944 3770 3042 3843 τὴν
3082 3767 3387 3842 ὲρὼτησινα
3431 3766 3613 3860 Ὄντα
3645 3776 3743 3828 γε·

2130 3857 2396 3948 γέννηκεν
2428 3875 2457 3926 ὁ
2488 3871 2681 3941 Πατὴρ
2737 3868 2830 3921 τὸν
2876 3866 3004 3919 Υίδν
3045 3863 3079 3935 ἢ
3116 3862 3246 3915 ὄντα
3284 3860 3346 3913 οὐ
3379 3857 3740 3929 γεγέννηκε;

2133 3971 2229 4025 καὶ
2254 3967 2576 4038 ἐπιζητήσει
2617 3964 2844 4036 θάτερον
2886 3959 3049 4033 μέρος
3102 3958 3201 4029 τῆς
3236 3955 3573 4016 ἀντιθέσεως
3599 3953 3741 4005 ἀπο-

2132 4058 2444 4133 κρίνασθαι.
2488 4055 2649 4112 Ἀλλά
2680 4055 2790 4126 γὰρ
2808 4051 2922 4121 ,καὶ
2954 4053 2989 4123 ἡ
3013 4048 3236 4118 τοιαύτη
3289 4042 3594 4116 καταφυγὴ
3655 4039 3743 4094 δέ·

2133 4153 2342 4206 δεικται
2376 4150 2474 4221 μὲν
2502 4149 2592 4203 διὰ
2617 4146 2727 4201 τῶν
2768 4144 3079 4217 εἰρημένων
3124 4140 3598 4212 παραδειγμάτων
3636 4150 3735 4186 σα-

2137 4244 2265 4317 θρὸν
2317 4239 2765 4314 προὸεὸλημένον
2791 4237 2887 4291 καὶ
2913 4234 3380 4308 περιυϐρισμένον
3408 4231 3488 4303 τῷ
3537 4226 3740 4317 δικαίῳ

2134 4316 2194 4388 to
2229 4333 2444 4388 ἄσυλον
2470 4331 2621 4386 οὐδὲν
2646 4329 2704 4383 δὲ
2730 4327 2926 4382 κωλύει
2952 4328 3047 4380 καὶ
3073 4324 3167 4379 νῦν
3185 4324 3276 4378 τὸν
3300 4322 3524 4393 ἔλεγχον
3538 4316 3739 4373 ὲπέὑσ-

2136 4425 2285 4488 θείας
2302 4442 2361 4478 τε
2382 4424 2477 4477 καὶ
2498 4420 2977 4492 ἐπιτόμωςείπείν·
2996 4418 3057 4471 τὸ
3071 4417 3250 4470 τοίνυν
3270 4416 3417 4470 ὄντα
3436 4416 3513 4469 οὺ
3532 4409 3740 4483 γεγέν-

2138 4534 2330 4586 νηκεν
2355 4517 2435 4580 είς
2457 4513 2633 4569 διττὸν
2661 4510 3043 4582 ὲπιμερίζεται
3075 4506 3372 4577 διανόημα·
3403 4505 3499 4558 καὶ
3538 4503 3601 4553 τὸ
3634 4498 3734 4569 μὲν

2141 4609 2329 4674 ἀπλῶς
2357 4609 2555 4677 ἐπάγει
2590 4605 2728 4677 πρὸς
2753 4603 2814 4657 τὸ
2836 4602 2923 4673 μὴ
2954 4599 3334 4672 γεγέννηκεν,
3360 4598 3553 4666 ἕτερον
3580 4590 3735 4645 οὐδὲν

2142 4705 2254 4759 τῶν
2296 4702 2625 4773 ὀφειλόντων
2685 4692 3155 4752 ὲπισυνάπτεσθαι
3212 4689 3553 4760 συμπλέκον,
3586 4682 3649 4737 τὸ
3671 4681 3729 4773 δὲ

447 4799 608 4843 ctcns
636 4788 950 4854 atlirmabit,
983 4790 1112 4860 quia
1147 4791 1363 4859 genitus
1410 4791 1573 4847 simul
1601 4806 1724 4847 cum
1753 4790 1839 4847 sui
1872 4804 2018 4862 gene-

2144 4771 2515 4865 συνεπάγεται
2558 4792 2653 4846 καὶ
2678 4790 2740 4843 τὸ
2793 4787 3110 4851 ἀκόλουθον,
3140 4786 3214 4840 οὐ
3246 4780 3575 4852 γεγέννηκε
3622 4771 3730 4842 γὰρ

438 4881 653 4936 ratione
681 4881 846 4936 habet
862 4882 1262 4938 exsistentiam.
1282 4882 1433 4937 Istud
1460 4883 1627 4954 igitur
1647 4883 2033 4939 haereticorum

437 4984 821 5043 argumentum
852 4991 948 5045 per
988 4975 1229 5047 priorem
1268 4978 1643 5046 acceptionem
1669 4975 2034 5047 simpliciores

442 5067 727 5133 territans,
758 5069 825 5125 ad
856 5069 1041 5141 fugam
1078 5070 1201 5126 illos
1232 5070 1463 5140 impellit
1488 5086 1591 5125 nec
1619 5069 1753 5126 sinit
1785 5070 2030 5124 animum

439 5161 507 5215 ad
559 5163 857 5217 secundam
916 5164 1247 5220 sententiam
1300 5163 1608 5229 advertere,
1658 5178 1782 5235 quae
1831 5160 2036 5219 rationi

442 5256 718 5325 congruit.
757 5256 815 5310 Si
863 5257 1011 5312 enim
1038 5258 1103 5313 ad
1154 5258 1302 5313 illam
1333 5258 1459 5329 quis
1511 5258 1756 5312 animum
1786 5256 2032 5331 adjiciat,

438 5348 778 5416 facillimam,
798 5362 857 5407 ut
873 5353 1044 5417 vides,
1062 5353 1475 5423 piissimamqne
1493 5352 1792 5408 reddiderit
1805 5364 2036 5421 respon-

442 5442 686 5513 sionem;
716 5462 842 5502 nam
877 5447 1170 5517 afﬁrmare,
1201 5449 1347 5518 quod
1379 5447 1736 5502 exsistentem
1770 5444 1885 5514 jam
1922 5459 2032 5500 non

446 5537 655 5603 genuit,
677 5538 806 5609 quia
826 5539 992 5596 simul
1014 5557 1140 5598 cum
1165 5540 1485 5598 exsistentia
1501 5540 1711 5596 exstitit
1727 5538 2029 5609 generatio,

2145 4892 2312 4947 ὄντα.
2387 4888 2446 4941 '0
2490 4882 2843 4957 ῥᾳδιουργίαν
2898 4882 3079 4934 πᾶσαν
3110 4876 3399 4947 ὲκφεύγων
3453 4865 3728 4944 ἁρμοδίως

2143 4983 2237 5037 τὸν
2280 4979 2439 5049 λόγον
2482 4976 2743 5046 συνείρων
2790 4973 2908 5044 ὲρεϊ
2949 4987 2963 5001 ·
3003 4970 3140 5024 διότι
3186 4966 3515 5037 σύνδρομον,
3548 4960 3577 5011 ὁ
3609 4969 3733 5024 γεν-

2146 5073 2331 5145 νηθεὶς
2360 5071 2474 5140 ιἔχει
2499 5072 2567 5140 τῇ
2620 5066 2877 5136 γεννήσει
2900 5062 3001 5135 τὴν
3028 5060 3290 5131 ὓπαρξιν.
3319 5051 3724 5152 Μορμολύᾳττων

2144 5141 2326 5222 τοίνυν
2351 5166 2380 5218 ὁ
2403 5160 2691 5233 αἱρετίζων
2740 5160 2899 5227 λόγος
2926 5156 3015 5211 διὰ
3061 5156 3161 5224 τῆς
3186 5150 3457 5224 προτέρας
3504 5141 3727 5233 ὲκδοχῇς

2146 5259 2273 5323 τοὺς
2305 5226 2712 5322 ἁπλουστέρους
2733 5226 2957 5320 φεύγειν
2979 5245 3285 5310 ἀναπείθει,
3307 5240 3441 5314 μηδὲ
3470 5236 3605 5307 πρὸς
3627 5226 3723 5297 τὴν

2144 5350 2401 5421 δευτέραν
2446 5346 2683 5401 διάνοιαν
2724 5344 2820 5398 καὶ
2869 5342 2948 5414 τῷ
2986 5341 3132 5410 λόγῳ
3174 5338 3557 5409 προσήκουσαν
3590 5327 3723 5421 -ὲπξ-

2145 5410 2506 5513 στρέῴεσθαν
2545 5437 2594 5490 εἰ
2625 5435 2727 5506 μὲν
2757 5434 2867 5504 γὰρ
2900 5410 3258 5502 ἀπερείσαιτο
3288 5442 3372 5489 τις
3403 5422 3539 5494 πρὺς
3577 5410 3718 5513 έκλεί-

2134 5505 2236 5607 νην
2293 5505 2388 5589 τὸν
2440 5532 2588 5595 νοῦν,
2625 5505 3050 5600 εὐχερεστόιτην,
3081 5523 3157 5586 ὡς
3187 5521 3342 5594 ὁρᾷς,
3383 5518 3477 5573 καὶ
3505 5505 3715 5583 ὀρθοδο-

1962 5667 2199 5727 NOTAE.

535 5807 646 5879 (57)
680 5806 807 5866 [hnc
837 5809 1002 5881 igitur
1029 5811 1354 5883 propositio,
1384 5811 1724 5868 exsislentem
1764 5825 1867 5865 non
1904 5807 2105 5880 gmuit,
2150 5805 2205 5861 in
2238 5803 2509 5877 duplicent
2541 5800 2812 5859 scinditur
2836 5796 3181 5857 sententiam.
