  <div class='ocr_page' id='page_1' title='image "/cluster/home/n/w/nwhite01/storage/ocr_20150623/101:no.1/coo.31924054870054/278.png"; bbox 0 0 4158 6438; ppageno 0'>
   <div class='ocr_carea' id='block_1_1' title="bbox 285 328 389 395">
    <p class='ocr_par' dir='ltr' id='par_1_1' title="bbox 285 328 389 395">
     <span class='ocr_line' id='line_1_1' title="bbox 285 328 389 395; baseline 0 0"><span class='ocrx_word' id='word_1_1' title='bbox 285 328 389 395; x_wconf 79' lang='grc'><strong>501</strong></span> 
     </span>
    </p>
   </div>
   <div class='ocr_carea' id='block_1_2' title="bbox 1179 316 2594 390">
    <p class='ocr_par' dir='ltr' id='par_1_2' title="bbox 1179 316 2594 390">
     <span class='ocr_line' id='line_1_2' title="bbox 1179 316 2594 390; baseline -0.005 -7"><span class='ocrx_word' id='word_1_2' title='bbox 1179 324 1277 383; x_wconf 78' lang='lat' dir='ltr'><strong>AD</strong></span> <span class='ocrx_word' id='word_1_3' title='bbox 1312 318 1917 381; x_wconf 77' lang='lat' dir='ltr'><strong>AMPHILOCHIUM</strong></span> <span class='ocrx_word' id='word_1_4' title='bbox 1950 316 2299 390; x_wconf 60' lang='lat' dir='ltr'><strong>QUXESTIO</strong></span> <span class='ocrx_word' id='word_1_5' title='bbox 2328 316 2594 377; x_wconf 80' lang='lat' dir='ltr'><strong>LXXIX.</strong></span> 
     </span>
    </p>
   </div>
   <div class='ocr_carea' id='block_1_3' title="bbox 3444 316 3549 380">
    <p class='ocr_par' dir='ltr' id='par_1_3' title="bbox 3444 316 3549 380">
     <span class='ocr_line' id='line_1_3' title="bbox 3444 316 3549 380; baseline 0 0"><span class='ocrx_word' id='word_1_6' title='bbox 3444 316 3549 380; x_wconf 77' lang='grc'><strong>502</strong></span> 
     </span>
    </p>
   </div>
   <div class='ocr_carea' id='block_1_4' title="bbox 282 430 1880 514">
    <p class='ocr_par' dir='ltr' id='par_1_4' title="bbox 282 435 1865 514">
     <span class='ocr_line' id='line_1_4' title="bbox 282 435 1865 514; baseline -0.015 -14"><span class='ocrx_word' id='word_1_7' title='bbox 282 445 479 514; x_wconf 84' lang='grc' dir='ltr'>ξοῦσαν</span> <span class='ocrx_word' id='word_1_8' title='bbox 526 436 754 511; x_wconf 82' lang='grc' dir='ltr'>ἀποδοίη</span> <span class='ocrx_word' id='word_1_9' title='bbox 784 437 883 509; x_wconf 82' lang='grc' dir='ltr'>τὴν</span> <span class='ocrx_word' id='word_1_10' title='bbox 905 435 1226 508; x_wconf 78' lang='grc' dir='ltr'>ἀπόκρισιν·</span> <span class='ocrx_word' id='word_1_11' title='bbox 1255 437 1314 489; x_wconf 85' lang='grc' dir='ltr'>τὺ</span> <span class='ocrx_word' id='word_1_12' title='bbox 1352 438 1483 507; x_wconf 78' lang='grc' dir='ltr'>γὰρ,</span> <span class='ocrx_word' id='word_1_13' title='bbox 1509 436 1639 490; x_wconf 70' lang='grc' dir='ltr'>ὄντα</span> <span class='ocrx_word' id='word_1_14' title='bbox 1665 436 1728 488; x_wconf 83' lang='grc' dir='ltr'><strong>οὑ</strong></span> <span class='ocrx_word' id='word_1_15' title='bbox 1768 452 1865 503; x_wconf 83' lang='grc' dir='ltr'>γε-</span> 
     </span>
    </p>
   </div>
   <div class='ocr_carea' id='block_1_5' title="bbox 1985 430 3551 514">
    <p class='ocr_par' dir='ltr' id='par_1_5' title="bbox 1985 430 3551 504">
     <span class='ocr_line' id='line_1_5' title="bbox 1985 430 3551 504; baseline 0.003 -19"><span class='ocrx_word' id='word_1_16' title='bbox 1985 433 2099 504; x_wconf 63' lang='lat' dir='ltr'><strong>{uid</strong></span> <span class='ocrx_word' id='word_1_17' title='bbox 2130 430 2484 497; x_wconf 80' lang='lat' dir='ltr'><strong>dillicultatis,</strong></span> <span class='ocrx_word' id='word_1_18' title='bbox 2516 430 2712 500; x_wconf 80' lang='lat' dir='ltr'><strong>quidve</strong></span> <span class='ocrx_word' id='word_1_19' title='bbox 2763 430 2918 486; x_wconf 91' lang='lat' dir='ltr'><strong>ardui</strong></span> <span class='ocrx_word' id='word_1_20' title='bbox 2979 445 3089 502; x_wconf 74' lang='lat' dir='ltr'><strong>pra:</strong></span> <span class='ocrx_word' id='word_1_21' title='bbox 3121 447 3181 487; x_wconf 89' lang='lat' dir='ltr'><strong>se</strong></span> <span class='ocrx_word' id='word_1_22' title='bbox 3207 431 3373 488; x_wconf 78' lang='lat' dir='ltr'><strong>feret?</strong></span> <span class='ocrx_word' id='word_1_23' title='bbox 3401 434 3551 501; x_wconf 90' lang='lat' dir='ltr'><strong>Quo-</strong></span> 
     </span>
    </p>
   </div>
   <div class='ocr_carea' id='block_1_6' title="bbox 282 523 1880 607">
    <p class='ocr_par' dir='ltr' id='par_1_6' title="bbox 282 525 1869 607">
     <span class='ocr_line' id='line_1_6' title="bbox 282 525 1869 607; baseline -0.008 -17"><span class='ocrx_word' id='word_1_24' title='bbox 282 537 571 607; x_wconf 77' lang='grc' dir='ltr'>γέννηκεν,</span> <span class='ocrx_word' id='word_1_25' title='bbox 604 529 1006 600; x_wconf 77' lang='grc' dir='ltr'>ἀποφήνασθαι,</span> <span class='ocrx_word' id='word_1_26' title='bbox 1035 527 1167 580; x_wconf 82' lang='grc' dir='ltr'><strong>διότι</strong></span> <span class='ocrx_word' id='word_1_27' title='bbox 1208 530 1277 597; x_wconf 83' lang='grc' dir='ltr'>τῇ</span> <span class='ocrx_word' id='word_1_28' title='bbox 1307 525 1540 598; x_wconf 80' lang='grc' dir='ltr'>ὑπάρξει</span> <span class='ocrx_word' id='word_1_29' title='bbox 1567 525 1869 595; x_wconf 84' lang='grc' dir='ltr'>σύνδρομος</span> 
     </span>
    </p>
   </div>
   <div class='ocr_carea' id='block_1_7' title="bbox 1985 523 3552 607">
    <p class='ocr_par' dir='ltr' id='par_1_7' title="bbox 1985 523 3552 595">
     <span class='ocr_line' id='line_1_7' title="bbox 1985 523 3552 595; baseline 0.001 -15"><span class='ocrx_word' id='word_1_30' title='bbox 1985 524 2138 580; x_wconf 89' lang='lat' dir='ltr'><strong>modo</strong></span> <span class='ocrx_word' id='word_1_31' title='bbox 2169 524 2361 579; x_wconf 73' lang='lat' dir='ltr'><strong>hzercsi</strong></span> <span class='ocrx_word' id='word_1_32' title='bbox 2396 523 2616 588; x_wconf 81' lang='lat' dir='ltr'><strong>favebit,</strong></span> <span class='ocrx_word' id='word_1_33' title='bbox 2654 526 2763 579; x_wconf 88' lang='lat' dir='ltr'><strong>imo</strong></span> <span class='ocrx_word' id='word_1_34' title='bbox 2811 525 3090 594; x_wconf 89' lang='lat' dir='ltr'><strong>quomodo</strong></span> <span class='ocrx_word' id='word_1_35' title='bbox 3135 526 3183 581; x_wconf 90' lang='lat' dir='ltr'><strong>ei</strong></span> <span class='ocrx_word' id='word_1_36' title='bbox 3232 542 3341 581; x_wconf 93' lang='lat' dir='ltr'><strong>non</strong></span> <span class='ocrx_word' id='word_1_37' title='bbox 3389 542 3552 595; x_wconf 88' lang='lat' dir='ltr'><strong>repu-</strong></span> 
     </span>
    </p>
   </div>
   <div class='ocr_carea' id='block_1_8' title="bbox 284 616 1880 699">
    <p class='ocr_par' dir='ltr' id='par_1_8' title="bbox 284 617 1867 699">
     <span class='ocr_line' id='line_1_8' title="bbox 284 617 1867 699; baseline -0.006 -21"><span class='ocrx_word' id='word_1_38' title='bbox 284 630 319 699; x_wconf 81' lang='grc' dir='ltr'><strong>ή</strong></span> <span class='ocrx_word' id='word_1_39' title='bbox 348 626 625 695; x_wconf 89' lang='grc' dir='ltr'>γέννησις,</span> <span class='ocrx_word' id='word_1_40' title='bbox 665 622 719 675; x_wconf 86' lang='grc' dir='ltr'><strong>τί</strong></span> <span class='ocrx_word' id='word_1_41' title='bbox 751 622 845 692; x_wconf 84' lang='grc' dir='ltr'><strong>μὲν</strong></span> <span class='ocrx_word' id='word_1_42' title='bbox 880 620 1139 692; x_wconf 76' lang='grc' dir='ltr'>ἐργῶδες,</span> <span class='ocrx_word' id='word_1_43' title='bbox 1159 619 1210 671; x_wconf 84' lang='grc' dir='ltr'><strong>τί</strong></span> <span class='ocrx_word' id='word_1_44' title='bbox 1228 620 1286 673; x_wconf 79' lang='grc' dir='ltr'><strong>δὲ</strong></span> <span class='ocrx_word' id='word_1_45' title='bbox 1303 618 1545 689; x_wconf 72' lang='grc' dir='ltr'>ἀπορονς</span> <span class='ocrx_word' id='word_1_46' title='bbox 1574 617 1690 681; x_wconf 91' lang='grc' dir='ltr'><strong>πῶς</strong></span> <span class='ocrx_word' id='word_1_47' title='bbox 1723 617 1780 670; x_wconf 83' lang='grc' dir='ltr'><strong>δὲ</strong></span> <span class='ocrx_word' id='word_1_48' title='bbox 1800 619 1867 689; x_wconf 82' lang='grc' dir='ltr'>τῇ</span> 
     </span>
    </p>
   </div>
   <div class='ocr_carea' id='block_1_9' title="bbox 1985 616 3550 699">
    <p class='ocr_par' dir='ltr' id='par_1_9' title="bbox 1985 616 3550 689">
     <span class='ocr_line' id='line_1_9' title="bbox 1985 616 3550 689; baseline 0.003 -18"><span class='ocrx_word' id='word_1_49' title='bbox 1985 618 2198 689; x_wconf 79' lang='lat' dir='ltr'><strong>gnabit?</strong></span> <span class='ocrx_word' id='word_1_50' title='bbox 2222 616 2475 687; x_wconf 87' lang='lat' dir='ltr'><strong>Quidque</strong></span> <span class='ocrx_word' id='word_1_51' title='bbox 2518 617 2591 670; x_wconf 85' lang='lat' dir='ltr'><strong>illi</strong></span> <span class='ocrx_word' id='word_1_52' title='bbox 2622 619 2914 671; x_wconf 89' lang='lat' dir='ltr'><strong>assertioni</strong></span> <span class='ocrx_word' id='word_1_53' title='bbox 2950 619 3017 672; x_wconf 88' lang='lat' dir='ltr'><strong>ad</strong></span> <span class='ocrx_word' id='word_1_54' title='bbox 3050 620 3305 688; x_wconf 77' lang='lat' dir='ltr'><strong>pietatem</strong></span> <span class='ocrx_word' id='word_1_55' title='bbox 3340 620 3550 675; x_wconf 70' lang='lat' dir='ltr'><strong>deerit?</strong></span> 
     </span>
    </p>
   </div>
   <div class='ocr_carea' id='block_1_10' title="bbox 286 709 1867 790">
    <p class='ocr_par' dir='ltr' id='par_1_10' title="bbox 286 709 1867 790">
     <span class='ocr_line' id='line_1_10' title="bbox 286 709 1867 790; baseline -0.006 -18"><span class='ocrx_word' id='word_1_56' title='bbox 286 719 499 790; x_wconf 79' lang='grc' dir='ltr'><strong>αἱρέσει</strong></span> <span class='ocrx_word' id='word_1_57' title='bbox 524 716 845 786; x_wconf 81' lang='grc' dir='ltr'><strong>σύνδρομον,</strong></span> <span class='ocrx_word' id='word_1_58' title='bbox 903 712 1104 782; x_wconf 82' lang='grc' dir='ltr'>μᾶλλον</span> <span class='ocrx_word' id='word_1_59' title='bbox 1154 711 1210 764; x_wconf 81' lang='grc' dir='ltr'>δὲ</span> <span class='ocrx_word' id='word_1_60' title='bbox 1277 711 1394 775; x_wconf 88' lang='grc' dir='ltr'><strong>πῶς</strong></span> <span class='ocrx_word' id='word_1_61' title='bbox 1433 710 1494 763; x_wconf 89' lang='grc' dir='ltr'><strong>οὑ</strong></span> <span class='ocrx_word' id='word_1_62' title='bbox 1524 709 1867 780; x_wconf 70' lang='grc' dir='ltr'>μωχόμενον;</span> 
     </span>
    </p>
   </div>
   <div class='ocr_carea' id='block_1_11' title="bbox 1975 708 3554 779">
    <p class='ocr_par' dir='ltr' id='par_1_11' title="bbox 1975 708 3554 779">
     <span class='ocr_line' id='line_1_11' title="bbox 1975 708 3554 779; baseline 0.003 -16"><span class='ocrx_word' id='word_1_63' title='bbox 1975 708 2095 763; x_wconf 84' lang='lat' dir='ltr'><strong>Jam</strong></span> <span class='ocrx_word' id='word_1_64' title='bbox 2127 724 2256 763; x_wconf 84' lang='lat' dir='ltr'><strong>vero</strong></span> <span class='ocrx_word' id='word_1_65' title='bbox 2288 710 2331 764; x_wconf 90' lang='lat' dir='ltr'><strong>si</strong></span> <span class='ocrx_word' id='word_1_66' title='bbox 2357 719 2408 764; x_wconf 89' lang='lat' dir='ltr'><strong>et</strong></span> <span class='ocrx_word' id='word_1_67' title='bbox 2439 718 2688 779; x_wconf 82' lang='lat' dir='ltr'><strong>oporteat</strong></span> <span class='ocrx_word' id='word_1_68' title='bbox 2714 710 2778 763; x_wconf 88' lang='lat' dir='ltr'><strong>ad</strong></span> <span class='ocrx_word' id='word_1_69' title='bbox 2808 709 2970 764; x_wconf 82' lang='lat' dir='ltr'><strong>Verbi</strong></span> <span class='ocrx_word' id='word_1_70' title='bbox 3000 712 3267 766; x_wconf 87' lang='lat' dir='ltr'><strong>incarnati</strong></span> <span class='ocrx_word' id='word_1_71' title='bbox 3292 713 3554 768; x_wconf 89' lang='lat' dir='ltr'><strong>humilia-</strong></span> 
     </span>
    </p>
   </div>
   <div class='ocr_carea' id='block_1_12' title="bbox 287 801 1880 877">
    <p class='ocr_par' dir='ltr' id='par_1_12' title="bbox 287 801 1870 877">
     <span class='ocr_line' id='line_1_12' title="bbox 287 801 1870 877; baseline -0.007 -14"><span class='ocrx_word' id='word_1_72' title='bbox 287 810 435 872; x_wconf 82' lang='grc' dir='ltr'>τίνος</span> <span class='ocrx_word' id='word_1_73' title='bbox 465 809 524 860; x_wconf 75' lang='grc' dir='ltr'>δὲ</span> <span class='ocrx_word' id='word_1_74' title='bbox 556 806 874 877; x_wconf 85' lang='grc' dir='ltr'>λειπόμενον</span> <span class='ocrx_word' id='word_1_75' title='bbox 901 804 1039 873; x_wconf 81' lang='grc' dir='ltr'>πρὸς</span> <span class='ocrx_word' id='word_1_76' title='bbox 1064 803 1378 864; x_wconf 74' lang='grc' dir='ltr'>εὑσέϐειανς</span> <span class='ocrx_word' id='word_1_77' title='bbox 1415 802 1479 854; x_wconf 79' lang='grc' dir='ltr'><strong>Εἰ</strong></span> <span class='ocrx_word' id='word_1_78' title='bbox 1515 801 1573 854; x_wconf 79' lang='grc' dir='ltr'>δὲ</span> <span class='ocrx_word' id='word_1_79' title='bbox 1610 801 1707 853; x_wconf 72' lang='grc' dir='ltr'>καὶ</span> <span class='ocrx_word' id='word_1_80' title='bbox 1736 804 1870 870; x_wconf 73' lang='grc' dir='ltr'>πρὸς</span> 
     </span>
    </p>
   </div>
   <div class='ocr_carea' id='block_1_13' title="bbox 1985 801 3554 877">
    <p class='ocr_par' dir='ltr' id='par_1_13' title="bbox 1985 802 3554 873">
     <span class='ocr_line' id='line_1_13' title="bbox 1985 802 3554 873; baseline 0.001 -16"><span class='ocrx_word' id='word_1_81' title='bbox 1985 803 2181 857; x_wconf 85' lang='lat' dir='ltr'><strong>tionem</strong></span> <span class='ocrx_word' id='word_1_82' title='bbox 2206 802 2558 867; x_wconf 84' lang='lat' dir='ltr'><strong>descendere,</strong></span> <span class='ocrx_word' id='word_1_83' title='bbox 2592 802 2824 872; x_wconf 88' lang='lat' dir='ltr'><strong>indeque</strong></span> <span class='ocrx_word' id='word_1_84' title='bbox 2850 803 2917 857; x_wconf 92' lang='lat' dir='ltr'><strong>de</strong></span> <span class='ocrx_word' id='word_1_85' title='bbox 2954 804 3258 858; x_wconf 91' lang='lat' dir='ltr'><strong>sublimiori</strong></span> <span class='ocrx_word' id='word_1_86' title='bbox 3292 806 3554 873; x_wconf 82' lang='lat' dir='ltr'><strong>mysterio</strong></span> 
     </span>
    </p>
   </div>
   <div class='ocr_carea' id='block_1_14' title="bbox 290 892 1872 967">
    <p class='ocr_par' dir='ltr' id='par_1_14' title="bbox 290 892 1872 967">
     <span class='ocr_line' id='line_1_14' title="bbox 290 892 1872 967; baseline -0.006 -14"><span class='ocrx_word' id='word_1_87' title='bbox 290 900 352 953; x_wconf 81' lang='grc' dir='ltr'>τὸ</span> <span class='ocrx_word' id='word_1_88' title='bbox 376 897 757 967; x_wconf 82' lang='grc' dir='ltr'><strong>ταπεινότερον</strong></span> <span class='ocrx_word' id='word_1_89' title='bbox 784 894 878 947; x_wconf 86' lang='grc' dir='ltr'>τοῦ</span> <span class='ocrx_word' id='word_1_90' title='bbox 905 894 1080 962; x_wconf 83' lang='grc' dir='ltr'>Λόγου</span> <span class='ocrx_word' id='word_1_91' title='bbox 1108 894 1295 964; x_wconf 78' lang='grc' dir='ltr'><strong>δεήσει</strong></span> <span class='ocrx_word' id='word_1_92' title='bbox 1341 892 1648 958; x_wconf 81' lang='grc' dir='ltr'>κατελθεῖν,</span> <span class='ocrx_word' id='word_1_93' title='bbox 1683 893 1872 945; x_wconf 89' lang='grc' dir='ltr'>κάκεῖ-</span> 
     </span>
    </p>
   </div>
   <div class='ocr_carea' id='block_1_15' title="bbox 295 981 1875 1060">
    <p class='ocr_par' dir='ltr' id='par_1_15' title="bbox 295 981 1875 1060">
     <span class='ocr_line' id='line_1_15' title="bbox 295 981 1875 1060; baseline -0.004 -17"><span class='ocrx_word' id='word_1_94' title='bbox 295 990 387 1043; x_wconf 93' lang='grc' dir='ltr'><strong>θεν</strong></span> <span class='ocrx_word' id='word_1_95' title='bbox 414 989 546 1060; x_wconf 79' lang='grc' dir='ltr'>περὶ</span> <span class='ocrx_word' id='word_1_96' title='bbox 598 987 694 1056; x_wconf 86' lang='grc' dir='ltr'>τῆς</span> <span class='ocrx_word' id='word_1_97' title='bbox 750 986 1090 1056; x_wconf 77' lang='grc' dir='ltr'><strong>ὑψηλοτέρας</strong></span> <span class='ocrx_word' id='word_1_98' title='bbox 1145 983 1480 1052; x_wconf 80' lang='grc' dir='ltr'>διασκέψεως</span> <span class='ocrx_word' id='word_1_99' title='bbox 1534 982 1615 1036; x_wconf 84' lang='grc' dir='ltr'><strong>έτι</strong></span> <span class='ocrx_word' id='word_1_100' title='bbox 1673 981 1875 1053; x_wconf 81' lang='grc' dir='ltr'>μᾶλλον</span> 
     </span>
    </p>
   </div>
   <div class='ocr_carea' id='block_1_16' title="bbox 295 1072 1872 1151">
    <p class='ocr_par' dir='ltr' id='par_1_16' title="bbox 295 1072 1872 1151">
     <span class='ocr_line' id='line_1_16' title="bbox 295 1072 1872 1151; baseline -0.006 -17"><span class='ocrx_word' id='word_1_101' title='bbox 295 1078 687 1151; x_wconf 84' lang='grc' dir='ltr'>ἀνηπλωμένην</span> <span class='ocrx_word' id='word_1_102' title='bbox 736 1076 836 1146; x_wconf 81' lang='grc' dir='ltr'>τὴν</span> <span class='ocrx_word' id='word_1_103' title='bbox 869 1075 1105 1145; x_wconf 75' lang='grc' dir='ltr'>Θεωρίαν</span> <span class='ocrx_word' id='word_1_104' title='bbox 1164 1075 1371 1137; x_wconf 78' lang='grc' dir='ltr'>λαϐεῖν,</span> <span class='ocrx_word' id='word_1_105' title='bbox 1404 1074 1658 1127; x_wconf 74' lang='grc' dir='ltr'>ἐντεῦθεν</span> <span class='ocrx_word' id='word_1_106' title='bbox 1689 1072 1872 1141; x_wconf 76' lang='grc' dir='ltr'>ἒξεστί</span> 
     </span>
    </p>
   </div>
   <div class='ocr_carea' id='block_1_17' title="bbox 296 1160 1875 1235">
    <p class='ocr_par' dir='ltr' id='par_1_17' title="bbox 296 1160 1875 1235">
     <span class='ocr_line' id='line_1_17' title="bbox 296 1160 1875 1235; baseline -0.004 -11"><span class='ocrx_word' id='word_1_107' title='bbox 296 1188 377 1224; x_wconf 92' lang='grc' dir='ltr'><strong>σοι</strong></span> <span class='ocrx_word' id='word_1_108' title='bbox 406 1171 626 1222; x_wconf 83' lang='grc' dir='ltr'>σκοπεῖν</span> <span class='ocrx_word' id='word_1_109' title='bbox 650 1184 665 1198; x_wconf 90' lang='grc'><strong>·</strong></span> <span class='ocrx_word' id='word_1_110' title='bbox 700 1160 810 1219; x_wconf 75' lang='grc' dir='ltr'>οἷον</span> <span class='ocrx_word' id='word_1_111' title='bbox 843 1166 905 1218; x_wconf 83' lang='grc' dir='ltr'>τὸ</span> <span class='ocrx_word' id='word_1_112' title='bbox 932 1166 1330 1235; x_wconf 82' lang='grc' dir='ltr'>γεγεννημένον</span> <span class='ocrx_word' id='word_1_113' title='bbox 1356 1164 1592 1218; x_wconf 83' lang='grc' dir='ltr'>ἀπέθετο</span> <span class='ocrx_word' id='word_1_114' title='bbox 1610 1165 1672 1218; x_wconf 80' lang='grc' dir='ltr'>τὸ</span> <span class='ocrx_word' id='word_1_115' title='bbox 1702 1164 1875 1218; x_wconf 78' lang='grc' dir='ltr'>ἀΐδιον</span> 
     </span>
    </p>
   </div>
   <div class='ocr_carea' id='block_1_18' title="bbox 293 1254 1877 1331">
    <p class='ocr_par' dir='ltr' id='par_1_18' title="bbox 293 1254 1877 1331">
     <span class='ocr_line' id='line_1_18' title="bbox 293 1254 1877 1331; baseline -0.003 -18"><span class='ocrx_word' id='word_1_116' title='bbox 293 1261 452 1331; x_wconf 81' lang='grc' dir='ltr'><strong>ἢούκ</strong></span> <span class='ocrx_word' id='word_1_117' title='bbox 506 1257 769 1324; x_wconf 84' lang='grc' dir='ltr'>ἀπέθετο;</span> <span class='ocrx_word' id='word_1_118' title='bbox 800 1258 987 1319; x_wconf 83' lang='grc' dir='ltr'>ἁπλῶς</span> <span class='ocrx_word' id='word_1_119' title='bbox 1045 1257 1143 1326; x_wconf 80' lang='grc' dir='ltr'>μὲν</span> <span class='ocrx_word' id='word_1_120' title='bbox 1200 1255 1310 1327; x_wconf 83' lang='grc' dir='ltr'><strong>γὰρ</strong></span> <span class='ocrx_word' id='word_1_121' title='bbox 1363 1255 1723 1323; x_wconf 79' lang='grc' dir='ltr'>ὑπενεγκεῖν,</span> <span class='ocrx_word' id='word_1_122' title='bbox 1762 1254 1877 1309; x_wconf 76' lang='grc' dir='ltr'>ἀπ-</span> 
     </span>
    </p>
   </div>
   <div class='ocr_carea' id='block_1_19' title="bbox 290 1345 1879 1421">
    <p class='ocr_par' dir='ltr' id='par_1_19' title="bbox 290 1345 1879 1421">
     <span class='ocr_line' id='line_1_19' title="bbox 290 1345 1879 1421; baseline -0.004 -15"><span class='ocrx_word' id='word_1_123' title='bbox 290 1351 477 1416; x_wconf 85' lang='grc' dir='ltr'>έθετο,</span> <span class='ocrx_word' id='word_1_124' title='bbox 500 1351 579 1421; x_wconf 83' lang='grc' dir='ltr'>τῷ</span> <span class='ocrx_word' id='word_1_125' title='bbox 598 1350 938 1421; x_wconf 78' lang='grc' dir='ltr'>σοφιζομένῳ</span> <span class='ocrx_word' id='word_1_126' title='bbox 955 1346 1094 1419; x_wconf 84' lang='grc' dir='ltr'>[τοῦ]</span> <span class='ocrx_word' id='word_1_127' title='bbox 1124 1349 1451 1419; x_wconf 78' lang='grc' dir='ltr'>κακουργεῖν</span> <span class='ocrx_word' id='word_1_128' title='bbox 1477 1346 1594 1401; x_wconf 85' lang='grc' dir='ltr'>ὁδὸν</span> <span class='ocrx_word' id='word_1_129' title='bbox 1610 1347 1711 1401; x_wconf 90' lang='grc' dir='ltr'><strong>οὑκ</strong></span> <span class='ocrx_word' id='word_1_130' title='bbox 1739 1345 1879 1399; x_wconf 79' lang='grc' dir='ltr'>ἐκώ-</span> 
     </span>
    </p>
   </div>
   <div class='ocr_carea' id='block_1_20' title="bbox 290 1438 1880 1512">
    <p class='ocr_par' dir='ltr' id='par_1_20' title="bbox 290 1438 1880 1512">
     <span class='ocr_line' id='line_1_20' title="bbox 290 1438 1880 1512; baseline -0.005 -14"><span class='ocrx_word' id='word_1_131' title='bbox 290 1444 480 1498; x_wconf 75' lang='grc' dir='ltr'>λυσενο</span> <span class='ocrx_word' id='word_1_132' title='bbox 505 1442 762 1512; x_wconf 80' lang='grc' dir='ltr'>ἀρπάσας</span> <span class='ocrx_word' id='word_1_133' title='bbox 812 1441 921 1512; x_wconf 87' lang='grc' dir='ltr'>γὰρ</span> <span class='ocrx_word' id='word_1_134' title='bbox 947 1440 1045 1510; x_wconf 83' lang='grc' dir='ltr'>τὴν</span> <span class='ocrx_word' id='word_1_135' title='bbox 1080 1439 1264 1510; x_wconf 84' lang='grc' dir='ltr'>φωνὴν</span> <span class='ocrx_word' id='word_1_136' title='bbox 1287 1441 1315 1492; x_wconf 88' lang='grc' dir='ltr'><strong>ό</strong></span> <span class='ocrx_word' id='word_1_137' title='bbox 1346 1438 1608 1509; x_wconf 75' lang='grc' dir='ltr'>σοφιστὴς</span> <span class='ocrx_word' id='word_1_138' title='bbox 1651 1438 1880 1492; x_wconf 78' lang='grc' dir='ltr'>οὔκουν</span> 
     </span>
    </p>
   </div>
   <div class='ocr_carea' id='block_1_21' title="bbox 291 1530 1876 1604">
    <p class='ocr_par' dir='ltr' id='par_1_21' title="bbox 291 1530 1876 1604">
     <span class='ocr_line' id='line_1_21' title="bbox 291 1530 1876 1604; baseline -0.004 -15"><span class='ocrx_word' id='word_1_139' title='bbox 291 1535 431 1604; x_wconf 81' lang='grc' dir='ltr'>παρ’</span> <span class='ocrx_word' id='word_1_140' title='bbox 472 1533 666 1599; x_wconf 84' lang='grc' dir='ltr'>ἐαυτῷ</span> <span class='ocrx_word' id='word_1_141' title='bbox 695 1534 842 1603; x_wconf 76' lang='grc' dir='ltr'>ἔχει,</span> <span class='ocrx_word' id='word_1_142' title='bbox 874 1532 1267 1604; x_wconf 81' lang='grc' dir='ltr'>συμπεραίνειν</span> <span class='ocrx_word' id='word_1_143' title='bbox 1312 1531 1475 1599; x_wconf 80' lang='grc' dir='ltr'>δόξει,</span> <span class='ocrx_word' id='word_1_144' title='bbox 1527 1531 1594 1584; x_wconf 87' lang='grc' dir='ltr'>τὸ</span> <span class='ocrx_word' id='word_1_145' title='bbox 1643 1530 1876 1585; x_wconf 71' lang='grc' dir='ltr'>ἀΐδιον-⁸</span> 
     </span>
    </p>
   </div>
   <div class='ocr_carea' id='block_1_22' title="bbox 292 1623 1879 1695">
    <p class='ocr_par' dir='ltr' id='par_1_22' title="bbox 292 1623 1879 1695">
     <span class='ocr_line' id='line_1_22' title="bbox 292 1623 1879 1695; baseline -0.004 -13"><span class='ocrx_word' id='word_1_146' title='bbox 292 1630 341 1682; x_wconf 78' lang='grc' dir='ltr'>εἰ</span> <span class='ocrx_word' id='word_1_147' title='bbox 362 1628 420 1682; x_wconf 85' lang='grc' dir='ltr'><strong>δέ</strong></span> <span class='ocrx_word' id='word_1_148' title='bbox 482 1644 568 1689; x_wconf 90' lang='grc' dir='ltr'><strong>τις</strong></span> <span class='ocrx_word' id='word_1_149' title='bbox 626 1626 971 1695; x_wconf 78' lang='grc' dir='ltr'>ὲπισυνάψας</span> <span class='ocrx_word' id='word_1_150' title='bbox 1031 1626 1092 1679; x_wconf 82' lang='grc' dir='ltr'><strong>τὸ</strong></span> <span class='ocrx_word' id='word_1_151' title='bbox 1144 1626 1331 1679; x_wconf 85' lang='grc' dir='ltr'>λεῖπον</span> <span class='ocrx_word' id='word_1_152' title='bbox 1397 1625 1758 1693; x_wconf 82' lang='grc' dir='ltr'>ἀποφήναιτο,</span> <span class='ocrx_word' id='word_1_153' title='bbox 1804 1623 1879 1686; x_wconf 85' lang='grc' dir='ltr'>ὡς</span> 
     </span>
    </p>
   </div>
   <div class='ocr_carea' id='block_1_23' title="bbox 290 1714 1882 1787">
    <p class='ocr_par' dir='ltr' id='par_1_23' title="bbox 290 1714 1882 1787">
     <span class='ocr_line' id='line_1_23' title="bbox 290 1714 1882 1787; baseline -0.005 -14"><span class='ocrx_word' id='word_1_154' title='bbox 290 1721 406 1773; x_wconf 83' lang='grc' dir='ltr'>οὐκ</span> <span class='ocrx_word' id='word_1_155' title='bbox 452 1717 729 1784; x_wconf 78' lang='grc' dir='ltr'>ἀπέθετο,</span> <span class='ocrx_word' id='word_1_156' title='bbox 757 1717 890 1771; x_wconf 82' lang='grc' dir='ltr'>διότι</span> <span class='ocrx_word' id='word_1_157' title='bbox 951 1716 1087 1787; x_wconf 82' lang='grc' dir='ltr'>μηδὲ</span> <span class='ocrx_word' id='word_1_158' title='bbox 1145 1715 1273 1785; x_wconf 74' lang='grc' dir='ltr'>ἔσχε</span> <span class='ocrx_word' id='word_1_159' title='bbox 1294 1716 1428 1769; x_wconf 83' lang='grc' dir='ltr'>ποτὲ</span> <span class='ocrx_word' id='word_1_160' title='bbox 1451 1715 1580 1783; x_wconf 88' lang='grc' dir='ltr'>(τῶν</span> <span class='ocrx_word' id='word_1_161' title='bbox 1610 1714 1721 1784; x_wconf 82' lang='grc' dir='ltr'>γὰρ</span> <span class='ocrx_word' id='word_1_162' title='bbox 1749 1730 1882 1785; x_wconf 87' lang='grc' dir='ltr'>προ-</span> 
     </span>
    </p>
   </div>
   <div class='ocr_carea' id='block_1_24' title="bbox 292 1804 1880 1879">
    <p class='ocr_par' dir='ltr' id='par_1_24' title="bbox 292 1804 1880 1879">
     <span class='ocr_line' id='line_1_24' title="bbox 292 1804 1880 1879; baseline -0.003 -18"><span class='ocrx_word' id='word_1_163' title='bbox 292 1808 653 1879; x_wconf 87' lang='grc' dir='ltr'>κεκτημένων</span> <span class='ocrx_word' id='word_1_164' title='bbox 707 1807 827 1860; x_wconf 70' lang='grc' dir='ltr'>ἐστὶ</span> <span class='ocrx_word' id='word_1_165' title='bbox 879 1806 943 1859; x_wconf 80' lang='grc' dir='ltr'>τὸ</span> <span class='ocrx_word' id='word_1_166' title='bbox 997 1805 1384 1875; x_wconf 78' lang='grc' dir='ltr'>ἀποτίθεσθαι)</span> <span class='ocrx_word' id='word_1_167' title='bbox 1439 1806 1665 1877; x_wconf 73' lang='grc' dir='ltr'>ἰσχυρὸν</span> <span class='ocrx_word' id='word_1_168' title='bbox 1727 1804 1880 1858; x_wconf 77' lang='grc' dir='ltr'>ἔθετο</span> 
     </span>
    </p>
   </div>
   <div class='ocr_carea' id='block_1_25' title="bbox 288 1895 1876 1970">
    <p class='ocr_par' dir='ltr' id='par_1_25' title="bbox 288 1895 1876 1970">
     <span class='ocr_line' id='line_1_25' title="bbox 288 1895 1876 1970; baseline -0.004 -17"><span class='ocrx_word' id='word_1_169' title='bbox 288 1899 470 1970; x_wconf 81' lang='grc' dir='ltr'>κημὸν</span> <span class='ocrx_word' id='word_1_170' title='bbox 519 1897 596 1967; x_wconf 86' lang='grc' dir='ltr'>τῷ</span> <span class='ocrx_word' id='word_1_171' title='bbox 629 1898 860 1968; x_wconf 84' lang='grc' dir='ltr'>μελετᾷν</span> <span class='ocrx_word' id='word_1_172' title='bbox 886 1898 1083 1968; x_wconf 83' lang='grc' dir='ltr'>τέχνην</span> <span class='ocrx_word' id='word_1_173' title='bbox 1114 1896 1297 1967; x_wconf 74' lang='grc' dir='ltr'>ἔχοντι</span> <span class='ocrx_word' id='word_1_174' title='bbox 1338 1896 1438 1969; x_wconf 80' lang='grc' dir='ltr'><strong>τὴν</strong></span> <span class='ocrx_word' id='word_1_175' title='bbox 1476 1895 1876 1966; x_wconf 88' lang='grc' dir='ltr'>γλωσσαλγίαν.</span> 
     </span>
    </p>
   </div>
   <div class='ocr_carea' id='block_1_26' title="bbox 289 1986 1884 2060">
    <p class='ocr_par' dir='ltr' id='par_1_26' title="bbox 289 1986 1884 2060">
     <span class='ocr_line' id='line_1_26' title="bbox 289 1986 1884 2060; baseline -0.003 -16"><span class='ocrx_word' id='word_1_176' title='bbox 289 1992 418 2044; x_wconf 84' lang='grc' dir='ltr'><strong>Κάκ</strong></span> <span class='ocrx_word' id='word_1_177' title='bbox 446 1991 636 2044; x_wconf 83' lang='grc' dir='ltr'>τούτου</span> <span class='ocrx_word' id='word_1_178' title='bbox 670 1989 726 2042; x_wconf 79' lang='grc' dir='ltr'>δὲ</span> <span class='ocrx_word' id='word_1_179' title='bbox 744 1989 915 2060; x_wconf 89' lang='grc' dir='ltr'>μυρία</span> <span class='ocrx_word' id='word_1_180' title='bbox 952 2004 1034 2041; x_wconf 91' lang='grc' dir='ltr'><strong>σοι</strong></span> <span class='ocrx_word' id='word_1_181' title='bbox 1062 1988 1203 2042; x_wconf 84' lang='grc' dir='ltr'><strong>κατὰ</strong></span> <span class='ocrx_word' id='word_1_182' title='bbox 1231 1986 1359 2042; x_wconf 85' lang='grc' dir='ltr'>νοῦν</span> <span class='ocrx_word' id='word_1_183' title='bbox 1386 1986 1727 2059; x_wconf 79' lang='grc' dir='ltr'>γεωργοῦντι</span> <span class='ocrx_word' id='word_1_184' title='bbox 1756 1989 1884 2041; x_wconf 87' lang='grc' dir='ltr'>ἀνα-</span> 
     </span>
    </p>
   </div>
   <div class='ocr_carea' id='block_1_27' title="bbox 289 2073 1883 2152">
    <p class='ocr_par' dir='ltr' id='par_1_27' title="bbox 289 2073 1883 2152">
     <span class='ocr_line' id='line_1_27' title="bbox 289 2073 1883 2152; baseline -0.002 -17"><span class='ocrx_word' id='word_1_185' title='bbox 289 2084 588 2152; x_wconf 75' lang='grc' dir='ltr'>ϐλαστήσει</span> <span class='ocrx_word' id='word_1_186' title='bbox 631 2081 721 2146; x_wconf 87' lang='grc' dir='ltr'><strong>τὰ,</strong></span> <span class='ocrx_word' id='word_1_187' title='bbox 755 2081 825 2135; x_wconf 90' lang='grc' dir='ltr'>δι’</span> <span class='ocrx_word' id='word_1_188' title='bbox 873 2073 947 2134; x_wconf 82' lang='grc' dir='ltr'>ὧν</span> <span class='ocrx_word' id='word_1_189' title='bbox 981 2082 1014 2152; x_wconf 84' lang='grc' dir='ltr'>ὴ</span> <span class='ocrx_word' id='word_1_190' title='bbox 1045 2081 1300 2151; x_wconf 79' lang='grc' dir='ltr'>αἱρετικὴ</span> <span class='ocrx_word' id='word_1_191' title='bbox 1331 2080 1499 2151; x_wconf 85' lang='grc' dir='ltr'>λέσχη</span> <span class='ocrx_word' id='word_1_192' title='bbox 1535 2078 1629 2134; x_wconf 77' lang='grc' dir='ltr'>καὶ</span> <span class='ocrx_word' id='word_1_193' title='bbox 1660 2078 1717 2132; x_wconf 82' lang='grc' dir='ltr'><strong>τὸ</strong></span> <span class='ocrx_word' id='word_1_194' title='bbox 1748 2077 1883 2150; x_wconf 82' lang='grc' dir='ltr'>θρά-</span> 
     </span>
    </p>
   </div>
   <div class='ocr_carea' id='block_1_28' title="bbox 291 2170 1354 2243">
    <p class='ocr_par' dir='ltr' id='par_1_28' title="bbox 291 2170 1354 2243">
     <span class='ocr_line' id='line_1_28' title="bbox 291 2170 1354 2243; baseline -0.002 -16"><span class='ocrx_word' id='word_1_195' title='bbox 291 2189 384 2238; x_wconf 73' lang='grc' dir='ltr'><strong>σος</strong></span> <span class='ocrx_word' id='word_1_196' title='bbox 418 2171 853 2243; x_wconf 74' lang='grc' dir='ltr'>ὲπιστομίζεται,</span> <span class='ocrx_word' id='word_1_197' title='bbox 908 2170 1354 2242; x_wconf 89' lang='grc' dir='ltr'>παραδείγματα.</span> 
     </span>
    </p>
   </div>
   <div class='ocr_carea' id='block_1_29' title="bbox 360 2258 1884 2336">
    <p class='ocr_par' dir='ltr' id='par_1_29' title="bbox 360 2258 1884 2336">
     <span class='ocr_line' id='line_1_29' title="bbox 360 2258 1884 2336; baseline -0.006 -14"><span class='ocrx_word' id='word_1_198' title='bbox 360 2265 432 2336; x_wconf 84' lang='grc' dir='ltr'><strong>η’.</strong></span> <span class='ocrx_word' id='word_1_199' title='bbox 476 2264 635 2318; x_wconf 86' lang='grc' dir='ltr'>Ἀλλά</span> <span class='ocrx_word' id='word_1_200' title='bbox 657 2264 766 2335; x_wconf 85' lang='grc' dir='ltr'>γὰρ</span> <span class='ocrx_word' id='word_1_201' title='bbox 799 2262 973 2317; x_wconf 85' lang='grc' dir='ltr'>ταῦτά</span> <span class='ocrx_word' id='word_1_202' title='bbox 994 2280 1076 2316; x_wconf 90' lang='grc' dir='ltr'><strong>σοι</strong></span> <span class='ocrx_word' id='word_1_203' title='bbox 1107 2263 1236 2333; x_wconf 65' lang='grc' dir='ltr'>περὶ</span> <span class='ocrx_word' id='word_1_204' title='bbox 1262 2263 1360 2332; x_wconf 83' lang='grc' dir='ltr'>τῆς</span> <span class='ocrx_word' id='word_1_205' title='bbox 1389 2260 1530 2316; x_wconf 85' lang='grc' dir='ltr'><strong>κατά</strong></span> <span class='ocrx_word' id='word_1_206' title='bbox 1579 2261 1681 2332; x_wconf 83' lang='grc' dir='ltr'><strong>τὴν</strong></span> <span class='ocrx_word' id='word_1_207' title='bbox 1736 2258 1884 2315; x_wconf 88' lang='grc' dir='ltr'>ἀντί-</span> 
     </span>
    </p>
   </div>
   <div class='ocr_carea' id='block_1_30' title="bbox 289 2351 1882 2425">
    <p class='ocr_par' dir='ltr' id='par_1_30' title="bbox 289 2351 1882 2425">
     <span class='ocr_line' id='line_1_30' title="bbox 289 2351 1882 2425; baseline -0.002 -17"><span class='ocrx_word' id='word_1_208' title='bbox 289 2371 460 2425; x_wconf 76' lang='grc' dir='ltr'>φασιν</span> <span class='ocrx_word' id='word_1_209' title='bbox 516 2354 862 2423; x_wconf 79' lang='grc' dir='ltr'>τεχνολογίαις</span> <span class='ocrx_word' id='word_1_210' title='bbox 891 2354 988 2407; x_wconf 74' lang='grc' dir='ltr'><strong>καὶ</strong></span> <span class='ocrx_word' id='word_1_211' title='bbox 1015 2353 1116 2424; x_wconf 85' lang='grc' dir='ltr'>τῆς</span> <span class='ocrx_word' id='word_1_212' title='bbox 1146 2352 1531 2424; x_wconf 78' lang='grc' dir='ltr'>αἱρετιζοὺσης</span> <span class='ocrx_word' id='word_1_213' title='bbox 1560 2351 1882 2422; x_wconf 81' lang='grc' dir='ltr'>ἀδολεσχίας</span> 
     </span>
    </p>
   </div>
   <div class='ocr_carea' id='block_1_31' title="bbox 285 2439 1884 2512">
    <p class='ocr_par' dir='ltr' id='par_1_31' title="bbox 285 2439 1884 2512">
     <span class='ocr_line' id='line_1_31' title="bbox 285 2439 1884 2512; baseline -0.002 -17"><span class='ocrx_word' id='word_1_214' title='bbox 285 2443 411 2496; x_wconf 81' lang='grc' dir='ltr'>κατ’</span> <span class='ocrx_word' id='word_1_215' title='bbox 436 2441 739 2512; x_wconf 78' lang='grc' dir='ltr'>ἐπιδρομὴν</span> <span class='ocrx_word' id='word_1_216' title='bbox 788 2442 1027 2512; x_wconf 76' lang='grc' dir='ltr'>εἴρηται,</span> <span class='ocrx_word' id='word_1_217' title='bbox 1080 2440 1181 2512; x_wconf 77' lang='grc' dir='ltr'><strong>τὴν</strong></span> <span class='ocrx_word' id='word_1_218' title='bbox 1217 2440 1603 2512; x_wconf 77' lang='grc' dir='ltr'>ἐντελεστέραν</span> <span class='ocrx_word' id='word_1_219' title='bbox 1628 2439 1884 2493; x_wconf 84' lang='grc' dir='ltr'>διδασκα-</span> 
     </span>
    </p>
   </div>
   <div class='ocr_carea' id='block_1_32' title="bbox 283 2529 1879 2604">
    <p class='ocr_par' dir='ltr' id='par_1_32' title="bbox 283 2529 1879 2604">
     <span class='ocr_line' id='line_1_32' title="bbox 283 2529 1879 2604; baseline -0.002 -18"><span class='ocrx_word' id='word_1_220' title='bbox 283 2534 411 2588; x_wconf 88' lang='grc' dir='ltr'>λίαν</span> <span class='ocrx_word' id='word_1_221' title='bbox 445 2534 541 2587; x_wconf 75' lang='grc' dir='ltr'><strong>καὶ</strong></span> <span class='ocrx_word' id='word_1_222' title='bbox 574 2531 810 2604; x_wconf 88' lang='grc' dir='ltr'>θεωρίαν</span> <span class='ocrx_word' id='word_1_223' title='bbox 841 2531 933 2585; x_wconf 80' lang='grc' dir='ltr'>τοῦ</span> <span class='ocrx_word' id='word_1_224' title='bbox 967 2532 1366 2602; x_wconf 81' lang='grc' dir='ltr'>προειρημένου</span> <span class='ocrx_word' id='word_1_225' title='bbox 1420 2532 1602 2601; x_wconf 89' lang='grc' dir='ltr'>λόγου,</span> <span class='ocrx_word' id='word_1_226' title='bbox 1630 2531 1691 2595; x_wconf 81' lang='grc' dir='ltr'>ὃς</span> <span class='ocrx_word' id='word_1_227' title='bbox 1734 2529 1879 2585; x_wconf 88' lang='grc' dir='ltr'><strong>κατά</strong></span> 
     </span>
    </p>
   </div>
   <div class='ocr_carea' id='block_1_33' title="bbox 282 2622 1881 2696">
    <p class='ocr_par' dir='ltr' id='par_1_33' title="bbox 282 2622 1881 2696">
     <span class='ocr_line' id='line_1_33' title="bbox 282 2622 1881 2696; baseline -0.003 -16"><span class='ocrx_word' id='word_1_228' title='bbox 282 2627 387 2689; x_wconf 73' lang='grc' dir='ltr'><strong>τὰς</strong></span> <span class='ocrx_word' id='word_1_229' title='bbox 448 2624 800 2687; x_wconf 82' lang='grc' dir='ltr'>διαλεκτικὰς</span> <span class='ocrx_word' id='word_1_230' title='bbox 858 2625 1026 2679; x_wconf 87' lang='grc' dir='ltr'>πάλαι</span> <span class='ocrx_word' id='word_1_231' title='bbox 1058 2624 1503 2696; x_wconf 75' lang='grc' dir='ltr'>παρρησιάζεται</span> <span class='ocrx_word' id='word_1_232' title='bbox 1571 2622 1881 2696; x_wconf 80' lang='grc' dir='ltr'>διατριϐὰς,</span> 
     </span>
    </p>
   </div>
   <div class='ocr_carea' id='block_1_34' title="bbox 282 2714 1878 2788">
    <p class='ocr_par' dir='ltr' id='par_1_34' title="bbox 282 2714 1878 2788">
     <span class='ocr_line' id='line_1_34' title="bbox 282 2714 1878 2788; baseline 0 -21"><span class='ocrx_word' id='word_1_233' title='bbox 282 2714 547 2788; x_wconf 84' lang='grc' dir='ltr'>παρέχειν</span> <span class='ocrx_word' id='word_1_234' title='bbox 580 2714 733 2777; x_wconf 76' lang='grc' dir='ltr'>ὄντος</span> <span class='ocrx_word' id='word_1_235' title='bbox 761 2715 1124 2769; x_wconf 78' lang='grc' dir='ltr'>ἱκανωτάτου.</span> <span class='ocrx_word' id='word_1_236' title='bbox 1161 2715 1205 2767; x_wconf 86' lang='lat'><strong>&#39;1‘</strong></span> <span class='ocrx_word' id='word_1_237' title='bbox 1212 2714 1245 2767; x_wconf 87' lang='grc' dir='ltr'><strong>ἀ</strong></span> <span class='ocrx_word' id='word_1_238' title='bbox 1275 2714 1332 2768; x_wconf 83' lang='grc' dir='ltr'>δὲ</span> <span class='ocrx_word' id='word_1_239' title='bbox 1367 2714 1501 2768; x_wconf 85' lang='grc' dir='ltr'>ἄλλα</span> <span class='ocrx_word' id='word_1_240' title='bbox 1525 2714 1741 2786; x_wconf 75' lang='grc' dir='ltr'>ἔρρωσο</span> <span class='ocrx_word' id='word_1_241' title='bbox 1780 2714 1878 2767; x_wconf 77' lang='grc' dir='ltr'><strong>καὶ</strong></span> 
     </span>
    </p>
   </div>
   <div class='ocr_carea' id='block_1_35' title="bbox 284 2805 1885 2882">
    <p class='ocr_par' dir='ltr' id='par_1_35' title="bbox 284 2805 1885 2882">
     <span class='ocr_line' id='line_1_35' title="bbox 284 2805 1885 2882; baseline -0.002 -21"><span class='ocrx_word' id='word_1_242' title='bbox 284 2808 572 2882; x_wconf 72' lang='grc' dir='ltr'>βραδύνειν</span> <span class='ocrx_word' id='word_1_243' title='bbox 618 2807 758 2878; x_wconf 83' lang='grc' dir='ltr'>πρὸς</span> <span class='ocrx_word' id='word_1_244' title='bbox 792 2807 893 2871; x_wconf 77' lang='grc' dir='ltr'>τὰς</span> <span class='ocrx_word' id='word_1_245' title='bbox 937 2808 1035 2872; x_wconf 86' lang='grc' dir='ltr'><strong>σάς</strong></span> <span class='ocrx_word' id='word_1_246' title='bbox 1064 2806 1310 2878; x_wconf 74' lang='grc' dir='ltr'>αἰτήσεις</span> <span class='ocrx_word' id='word_1_247' title='bbox 1358 2805 1449 2859; x_wconf 80' lang='grc' dir='ltr'>διὰ</span> <span class='ocrx_word' id='word_1_248' title='bbox 1470 2806 1568 2876; x_wconf 82' lang='grc' dir='ltr'>τὴν</span> <span class='ocrx_word' id='word_1_249' title='bbox 1614 2805 1722 2858; x_wconf 89' lang='grc' dir='ltr'><strong>τῶν</strong></span> <span class='ocrx_word' id='word_1_250' title='bbox 1751 2805 1885 2859; x_wconf 85' lang='grc' dir='ltr'>ὑπο-</span> 
     </span>
    </p>
   </div>
   <div class='ocr_carea' id='block_1_36' title="bbox 283 2897 1882 2971">
    <p class='ocr_par' dir='ltr' id='par_1_36' title="bbox 283 2897 1882 2971">
     <span class='ocr_line' id='line_1_36' title="bbox 283 2897 1882 2971; baseline -0.001 -19"><span class='ocrx_word' id='word_1_251' title='bbox 283 2901 546 2969; x_wconf 86' lang='grc' dir='ltr'>γραφέων</span> <span class='ocrx_word' id='word_1_252' title='bbox 579 2901 817 2971; x_wconf 84' lang='grc' dir='ltr'>ἀπορίαν</span> <span class='ocrx_word' id='word_1_253' title='bbox 849 2898 972 2953; x_wconf 80' lang='grc' dir='ltr'>ἀντὶ</span> <span class='ocrx_word' id='word_1_254' title='bbox 1024 2897 1121 2952; x_wconf 80' lang='grc' dir='ltr'>τοῦ</span> <span class='ocrx_word' id='word_1_255' title='bbox 1151 2898 1261 2952; x_wconf 90' lang='grc' dir='ltr'><strong>τῶν</strong></span> <span class='ocrx_word' id='word_1_256' title='bbox 1292 2898 1401 2951; x_wconf 85' lang='grc' dir='ltr'>σῶν</span> <span class='ocrx_word' id='word_1_257' title='bbox 1437 2897 1705 2968; x_wconf 79' lang='grc' dir='ltr'>αἰτήσεων</span> <span class='ocrx_word' id='word_1_258' title='bbox 1730 2897 1882 2968; x_wconf 76' lang='grc' dir='ltr'>ὀλιγ-</span> 
     </span>
    </p>
   </div>
   <div class='ocr_carea' id='block_1_37' title="bbox 290 2991 878 3062">
    <p class='ocr_par' dir='ltr' id='par_1_37' title="bbox 290 2991 878 3062">
     <span class='ocr_line' id='line_1_37' title="bbox 290 2991 878 3062; baseline -0.002 -16"><span class='ocrx_word' id='word_1_259' title='bbox 290 2994 462 3060; x_wconf 87' lang='grc' dir='ltr'>ωρεῖν</span> <span class='ocrx_word' id='word_1_260' title='bbox 493 2993 641 3062; x_wconf 76' lang='grc' dir='ltr'>ἡμᾶς</span> <span class='ocrx_word' id='word_1_261' title='bbox 668 2991 878 3061; x_wconf 81' lang='grc' dir='ltr'>νόμιζε.</span> 
     </span>
    </p>
   </div>
   <div class='ocr_carea' id='block_1_38' title="bbox 864 3102 1356 3159">
    <p class='ocr_par' dir='ltr' id='par_1_38' title="bbox 864 3102 1356 3159">
     <span class='ocr_line' id='line_1_38' title="bbox 864 3102 1356 3159; baseline 0.002 -2"><span class='ocrx_word' id='word_1_262' title='bbox 864 3105 1202 3158; x_wconf 84' lang='grc' dir='ltr'><strong>ΕΡΩἸἭΣῙΣ</strong></span> <span class='ocrx_word' id='word_1_263' title='bbox 1234 3102 1356 3159; x_wconf 87' lang='grc' dir='ltr'><strong>ΟΘ’.</strong></span> 
     </span>
    </p>
   </div>
   <div class='ocr_carea' id='block_1_39' title="bbox 1977 895 3557 966">
    <p class='ocr_par' dir='ltr' id='par_1_39' title="bbox 1977 895 3557 966">
     <span class='ocr_line' id='line_1_39' title="bbox 1977 895 3557 966; baseline 0.001 -18"><span class='ocrx_word' id='word_1_264' title='bbox 1977 895 2277 966; x_wconf 89' lang='lat' dir='ltr'><strong>pleniorem</strong></span> <span class='ocrx_word' id='word_1_265' title='bbox 2312 895 2492 950; x_wconf 88' lang='lat' dir='ltr'><strong>adhuc</strong></span> <span class='ocrx_word' id='word_1_266' title='bbox 2521 895 2942 964; x_wconf 79' lang='lat' dir='ltr'><strong>explicationem</strong></span> <span class='ocrx_word' id='word_1_267' title='bbox 2975 911 3215 961; x_wconf 86' lang='lat' dir='ltr'><strong>sumere,</strong></span> <span class='ocrx_word' id='word_1_268' title='bbox 3247 897 3320 951; x_wconf 91' lang='lat' dir='ltr'><strong>ita</strong></span> <span class='ocrx_word' id='word_1_269' title='bbox 3351 897 3557 966; x_wconf 88' lang='lat' dir='ltr'><strong>poteris</strong></span> 
     </span>
    </p>
   </div>
   <div class='ocr_carea' id='block_1_40' title="bbox 1979 984 3560 1057">
    <p class='ocr_par' dir='ltr' id='par_1_40' title="bbox 1979 984 3560 1057">
     <span class='ocr_line' id='line_1_40' title="bbox 1979 984 3560 1057; baseline 0.001 -16"><span class='ocrx_word' id='word_1_270' title='bbox 1979 986 2346 1041; x_wconf 87' lang='lat' dir='ltr'><strong>considerare.</strong></span> <span class='ocrx_word' id='word_1_271' title='bbox 2401 984 2467 1041; x_wconf 83' lang='lat' dir='ltr'><strong>V.</strong></span> <span class='ocrx_word' id='word_1_272' title='bbox 2519 1002 2601 1057; x_wconf 87' lang='lat' dir='ltr'><strong>gr.</strong></span> <span class='ocrx_word' id='word_1_273' title='bbox 2658 1004 2672 1041; x_wconf 92' lang='lat'><strong>:</strong></span> <span class='ocrx_word' id='word_1_274' title='bbox 2725 985 2881 1053; x_wconf 86' lang='lat' dir='ltr'><strong>Quod</strong></span> <span class='ocrx_word' id='word_1_275' title='bbox 2928 998 3115 1041; x_wconf 90' lang='lat' dir='ltr'><strong>natum</strong></span> <span class='ocrx_word' id='word_1_276' title='bbox 3168 996 3272 1051; x_wconf 89' lang='lat' dir='ltr'><strong>est,</strong></span> <span class='ocrx_word' id='word_1_277' title='bbox 3304 988 3560 1057; x_wconf 85' lang='lat' dir='ltr'><strong>deposuit</strong></span> 
     </span>
    </p>
   </div>
   <div class='ocr_carea' id='block_1_41' title="bbox 1979 1076 3560 1147">
    <p class='ocr_par' dir='ltr' id='par_1_41' title="bbox 1979 1076 3560 1147">
     <span class='ocr_line' id='line_1_41' title="bbox 1979 1076 3560 1147; baseline 0 -16"><span class='ocrx_word' id='word_1_278' title='bbox 1979 1076 2485 1146; x_wconf 79' lang='lat' dir='ltr'><strong>sempiteruitatem,</strong></span> <span class='ocrx_word' id='word_1_279' title='bbox 2534 1091 2602 1131; x_wconf 90' lang='lat' dir='ltr'><strong>an</strong></span> <span class='ocrx_word' id='word_1_280' title='bbox 2661 1093 2769 1132; x_wconf 89' lang='lat' dir='ltr'><strong>non</strong></span> <span class='ocrx_word' id='word_1_281' title='bbox 2828 1078 3116 1146; x_wconf 76' lang='lat' dir='ltr'><strong>deposuit?</strong></span> <span class='ocrx_word' id='word_1_282' title='bbox 3156 1076 3560 1147; x_wconf 85' lang='lat' dir='ltr'><strong>Respondendo</strong></span> 
     </span>
    </p>
   </div>
   <div class='ocr_carea' id='block_1_42' title="bbox 1979 1166 3561 1238">
    <p class='ocr_par' dir='ltr' id='par_1_42' title="bbox 1979 1166 3561 1238">
     <span class='ocr_line' id='line_1_42' title="bbox 1979 1166 3561 1238; baseline 0.001 -18"><span class='ocrx_word' id='word_1_283' title='bbox 1979 1166 2123 1220; x_wconf 90' lang='lat' dir='ltr'><strong>enim</strong></span> <span class='ocrx_word' id='word_1_284' title='bbox 2155 1167 2483 1236; x_wconf 88' lang='lat' dir='ltr'><strong>simpliciter</strong></span> <span class='ocrx_word' id='word_1_285' title='bbox 2508 1170 2774 1237; x_wconf 76' lang='lat' dir='ltr'><strong>deposuit,</strong></span> <span class='ocrx_word' id='word_1_286' title='bbox 2803 1169 3046 1223; x_wconf 77' lang='lat' dir='ltr'><strong>cavillari</strong></span> <span class='ocrx_word' id='word_1_287' title='bbox 3082 1168 3282 1225; x_wconf 87' lang='lat' dir='ltr'><strong>volenti</strong></span> <span class='ocrx_word' id='word_1_288' title='bbox 3316 1168 3561 1238; x_wconf 87' lang='lat' dir='ltr'><strong>aperitur</strong></span> 
     </span>
    </p>
   </div>
   <div class='ocr_carea' id='block_1_43' title="bbox 1979 1258 3557 1331">
    <p class='ocr_par' dir='ltr' id='par_1_43' title="bbox 1979 1258 3557 1331">
     <span class='ocr_line' id='line_1_43' title="bbox 1979 1258 3557 1331; baseline 0.001 -20"><span class='ocrx_word' id='word_1_289' title='bbox 1979 1258 2101 1324; x_wconf 91' lang='lat' dir='ltr'><strong>via;</strong></span> <span class='ocrx_word' id='word_1_290' title='bbox 2158 1273 2281 1312; x_wconf 89' lang='lat' dir='ltr'><strong>nam</strong></span> <span class='ocrx_word' id='word_1_291' title='bbox 2340 1258 2428 1313; x_wconf 91' lang='lat' dir='ltr'><strong>ille</strong></span> <span class='ocrx_word' id='word_1_292' title='bbox 2472 1275 2659 1314; x_wconf 87' lang='lat' dir='ltr'><strong>vocem</strong></span> <span class='ocrx_word' id='word_1_293' title='bbox 2707 1262 2868 1314; x_wconf 88' lang='lat' dir='ltr'><strong>istam</strong></span> <span class='ocrx_word' id='word_1_294' title='bbox 2910 1261 3179 1331; x_wconf 88' lang='lat' dir='ltr'><strong>arripiens</strong></span> <span class='ocrx_word' id='word_1_295' title='bbox 3226 1260 3557 1315; x_wconf 87' lang='lat' dir='ltr'><strong>concludet:</strong></span> 
     </span>
    </p>
   </div>
   <div class='ocr_carea' id='block_1_44' title="bbox 1981 1348 3562 1422">
    <p class='ocr_par' dir='ltr' id='par_1_44' title="bbox 1981 1348 3562 1422">
     <span class='ocr_line' id='line_1_44' title="bbox 1981 1348 3562 1422; baseline 0.002 -20"><span class='ocrx_word' id='word_1_296' title='bbox 1981 1348 2098 1404; x_wconf 76' lang='lat' dir='ltr'><strong>Non</strong></span> <span class='ocrx_word' id='word_1_297' title='bbox 2144 1364 2276 1418; x_wconf 86' lang='lat' dir='ltr'><strong>ergo</strong></span> <span class='ocrx_word' id='word_1_298' title='bbox 2305 1351 2446 1420; x_wconf 92' lang='lat' dir='ltr'><strong>apud</strong></span> <span class='ocrx_word' id='word_1_299' title='bbox 2476 1366 2535 1405; x_wconf 89' lang='lat' dir='ltr'><strong>se</strong></span> <span class='ocrx_word' id='word_1_300' title='bbox 2575 1350 2740 1406; x_wconf 87' lang='lat' dir='ltr'><strong>habet</strong></span> <span class='ocrx_word' id='word_1_301' title='bbox 2782 1350 3295 1422; x_wconf 88' lang='lat' dir='ltr'><strong>sempiteruitatem.</strong></span> <span class='ocrx_word' id='word_1_302' title='bbox 3327 1352 3483 1417; x_wconf 82' lang='lat' dir='ltr'><strong>Quod</strong></span> <span class='ocrx_word' id='word_1_303' title='bbox 3513 1352 3562 1405; x_wconf 82' lang='lat' dir='ltr'><strong>si</strong></span> 
     </span>
    </p>
   </div>
   <div class='ocr_carea' id='block_1_45' title="bbox 1981 1439 3561 1513">
    <p class='ocr_par' dir='ltr' id='par_1_45' title="bbox 1981 1439 3561 1513">
     <span class='ocr_line' id='line_1_45' title="bbox 1981 1439 3561 1513; baseline 0.002 -19"><span class='ocrx_word' id='word_1_304' title='bbox 1981 1439 2107 1510; x_wconf 85' lang='lat' dir='ltr'><strong>quis</strong></span> <span class='ocrx_word' id='word_1_305' title='bbox 2136 1452 2437 1497; x_wconf 87' lang='lat' dir='ltr'><strong>annecteus</strong></span> <span class='ocrx_word' id='word_1_306' title='bbox 2473 1444 2618 1513; x_wconf 92' lang='lat' dir='ltr'><strong>quod</strong></span> <span class='ocrx_word' id='word_1_307' title='bbox 2652 1444 2838 1497; x_wconf 89' lang='lat' dir='ltr'><strong>deerat</strong></span> <span class='ocrx_word' id='word_1_308' title='bbox 2859 1442 3094 1497; x_wconf 84' lang='lat' dir='ltr'><strong>allirmat</strong></span> <span class='ocrx_word' id='word_1_309' title='bbox 3126 1462 3139 1498; x_wconf 89' lang='lat'><strong>:</strong></span> <span class='ocrx_word' id='word_1_310' title='bbox 3166 1461 3269 1497; x_wconf 86' lang='lat' dir='ltr'><strong>non</strong></span> <span class='ocrx_word' id='word_1_311' title='bbox 3297 1445 3561 1512; x_wconf 74' lang='lat' dir='ltr'><strong>deposuit,</strong></span> 
     </span>
    </p>
   </div>
   <div class='ocr_carea' id='block_1_46' title="bbox 1982 1532 3561 1604">
    <p class='ocr_par' dir='ltr' id='par_1_46' title="bbox 1982 1532 3561 1604">
     <span class='ocr_line' id='line_1_46' title="bbox 1982 1532 3561 1604; baseline 0.003 -20"><span class='ocrx_word' id='word_1_312' title='bbox 1982 1532 2111 1601; x_wconf 82' lang='lat' dir='ltr'><strong>quia</strong></span> <span class='ocrx_word' id='word_1_313' title='bbox 2150 1547 2249 1586; x_wconf 85' lang='lat' dir='ltr'><strong>nec</strong></span> <span class='ocrx_word' id='word_1_314' title='bbox 2300 1548 2544 1603; x_wconf 86' lang='lat' dir='ltr'><strong>unquam</strong></span> <span class='ocrx_word' id='word_1_315' title='bbox 2573 1534 2765 1588; x_wconf 85' lang='lat' dir='ltr'><strong>habuit</strong></span> <span class='ocrx_word' id='word_1_316' title='bbox 2796 1534 3010 1604; x_wconf 88' lang='lat' dir='ltr'><strong>(eorum</strong></span> <span class='ocrx_word' id='word_1_317' title='bbox 3040 1535 3187 1589; x_wconf 90' lang='lat' dir='ltr'><strong>enim</strong></span> <span class='ocrx_word' id='word_1_318' title='bbox 3220 1544 3307 1590; x_wconf 91' lang='lat' dir='ltr'><strong>est</strong></span> <span class='ocrx_word' id='word_1_319' title='bbox 3354 1536 3561 1604; x_wconf 81' lang='lat' dir='ltr'><strong>aliquid</strong></span> 
     </span>
    </p>
   </div>
   <div class='ocr_carea' id='block_1_47' title="bbox 1983 1624 3566 1696">
    <p class='ocr_par' dir='ltr' id='par_1_47' title="bbox 1983 1624 3566 1696">
     <span class='ocr_line' id='line_1_47' title="bbox 1983 1624 3566 1696; baseline 0.002 -20"><span class='ocrx_word' id='word_1_320' title='bbox 1983 1624 2274 1693; x_wconf 88' lang='lat' dir='ltr'><strong>deponere,</strong></span> <span class='ocrx_word' id='word_1_321' title='bbox 2296 1625 2388 1693; x_wconf 91' lang='lat' dir='ltr'><strong>qui</strong></span> <span class='ocrx_word' id='word_1_322' title='bbox 2416 1625 2468 1679; x_wconf 87' lang='lat' dir='ltr'><strong>id</strong></span> <span class='ocrx_word' id='word_1_323' title='bbox 2496 1635 2653 1682; x_wconf 87' lang='lat' dir='ltr'><strong>antea</strong></span> <span class='ocrx_word' id='word_1_324' title='bbox 2676 1628 3083 1696; x_wconf 88' lang='lat' dir='ltr'><strong>possederunt),</strong></span> <span class='ocrx_word' id='word_1_325' title='bbox 3110 1626 3349 1680; x_wconf 85' lang='lat' dir='ltr'><strong>validum</strong></span> <span class='ocrx_word' id='word_1_326' title='bbox 3379 1626 3566 1695; x_wconf 82' lang='lat' dir='ltr'><strong>injecit</strong></span> 
     </span>
    </p>
   </div>
   <div class='ocr_carea' id='block_1_48' title="bbox 1987 1714 3564 1788">
    <p class='ocr_par' dir='ltr' id='par_1_48' title="bbox 1987 1714 3564 1788">
     <span class='ocr_line' id='line_1_48' title="bbox 1987 1714 3564 1788; baseline 0.001 -19"><span class='ocrx_word' id='word_1_327' title='bbox 1987 1714 2201 1770; x_wconf 84' lang='lat' dir='ltr'><strong>frenum</strong></span> <span class='ocrx_word' id='word_1_328' title='bbox 2254 1718 2521 1772; x_wconf 54' lang='lat' dir='ltr'><strong>haeretica}</strong></span> <span class='ocrx_word' id='word_1_329' title='bbox 2556 1718 2881 1788; x_wconf 78' lang='lat' dir='ltr'><strong>garrulitati.</strong></span> <span class='ocrx_word' id='word_1_330' title='bbox 2919 1717 3167 1785; x_wconf 86' lang='lat' dir='ltr'><strong>Hincque</strong></span> <span class='ocrx_word' id='word_1_331' title='bbox 3217 1726 3273 1771; x_wconf 93' lang='lat' dir='ltr'><strong>tu</strong></span> <span class='ocrx_word' id='word_1_332' title='bbox 3317 1718 3564 1773; x_wconf 86' lang='lat' dir='ltr'><strong>sedulam</strong></span> 
     </span>
    </p>
   </div>
   <div class='ocr_carea' id='block_1_49' title="bbox 1982 1808 3567 1879">
    <p class='ocr_par' dir='ltr' id='par_1_49' title="bbox 1982 1808 3567 1879">
     <span class='ocr_line' id='line_1_49' title="bbox 1982 1808 3567 1879; baseline 0.001 -18"><span class='ocrx_word' id='word_1_333' title='bbox 1982 1808 2150 1862; x_wconf 89' lang='lat' dir='ltr'><strong>animi</strong></span> <span class='ocrx_word' id='word_1_334' title='bbox 2208 1824 2418 1864; x_wconf 88' lang='lat' dir='ltr'><strong>navaus</strong></span> <span class='ocrx_word' id='word_1_335' title='bbox 2465 1824 2688 1879; x_wconf 82' lang='lat' dir='ltr'><strong>operam</strong></span> <span class='ocrx_word' id='word_1_336' title='bbox 2740 1811 3025 1865; x_wconf 88' lang='lat' dir='ltr'><strong>innumera</strong></span> <span class='ocrx_word' id='word_1_337' title='bbox 3062 1809 3369 1878; x_wconf 76' lang='lat' dir='ltr'><strong>germinare</strong></span> <span class='ocrx_word' id='word_1_338' title='bbox 3398 1808 3567 1863; x_wconf 82' lang='lat' dir='ltr'><strong>facies</strong></span> 
     </span>
    </p>
   </div>
   <div class='ocr_carea' id='block_1_50' title="bbox 1980 1900 3568 1971">
    <p class='ocr_par' dir='ltr' id='par_1_50' title="bbox 1980 1900 3568 1971">
     <span class='ocr_line' id='line_1_50' title="bbox 1980 1900 3568 1971; baseline 0.001 -17"><span class='ocrx_word' id='word_1_339' title='bbox 1980 1900 2251 1968; x_wconf 82' lang='lat' dir='ltr'><strong>exempla,</strong></span> <span class='ocrx_word' id='word_1_340' title='bbox 2298 1916 2393 1970; x_wconf 87' lang='lat' dir='ltr'><strong>per</strong></span> <span class='ocrx_word' id='word_1_341' title='bbox 2441 1916 2565 1970; x_wconf 67' lang='lat' dir='ltr'><strong>quae</strong></span> <span class='ocrx_word' id='word_1_342' title='bbox 2615 1901 2997 1958; x_wconf 69' lang='lat' dir='ltr'><strong>haereticorum</strong></span> <span class='ocrx_word' id='word_1_343' title='bbox 3046 1901 3349 1971; x_wconf 87' lang='lat' dir='ltr'><strong>loquacitas</strong></span> <span class='ocrx_word' id='word_1_344' title='bbox 3401 1909 3568 1971; x_wconf 84' lang='lat' dir='ltr'><strong>atque</strong></span> 
     </span>
    </p>
   </div>
   <div class='ocr_carea' id='block_1_51' title="bbox 1982 1991 2594 2061">
    <p class='ocr_par' dir='ltr' id='par_1_51' title="bbox 1982 1991 2594 2061">
     <span class='ocr_line' id='line_1_51' title="bbox 1982 1991 2594 2061; baseline 0.005 -17"><span class='ocrx_word' id='word_1_345' title='bbox 1982 1991 2207 2046; x_wconf 78' lang='lat' dir='ltr'><strong>audacia</strong></span> <span class='ocrx_word' id='word_1_346' title='bbox 2242 1992 2594 2061; x_wconf 88' lang='lat' dir='ltr'><strong>reprimatur.</strong></span> 
     </span>
    </p>
   </div>
   <div class='ocr_carea' id='block_1_52' title="bbox 2048 2252 3565 2327">
    <p class='ocr_par' dir='ltr' id='par_1_52' title="bbox 2048 2252 3565 2327">
     <span class='ocr_line' id='line_1_52' title="bbox 2048 2252 3565 2327; baseline -0.004 -15"><span class='ocrx_word' id='word_1_347' title='bbox 2048 2257 2103 2312; x_wconf 90' lang='lat'><strong>8.</strong></span> <span class='ocrx_word' id='word_1_348' title='bbox 2143 2258 2321 2327; x_wconf 80' lang='lat' dir='ltr'><strong>Atque</strong></span> <span class='ocrx_word' id='word_1_349' title='bbox 2361 2257 2478 2313; x_wconf 80' lang='lat' dir='ltr'><strong>lucc</strong></span> <span class='ocrx_word' id='word_1_350' title='bbox 2512 2257 2607 2311; x_wconf 90' lang='lat' dir='ltr'><strong>tibi</strong></span> <span class='ocrx_word' id='word_1_351' title='bbox 2640 2256 2708 2311; x_wconf 90' lang='lat' dir='ltr'><strong>de</strong></span> <span class='ocrx_word' id='word_1_352' title='bbox 2737 2254 3191 2313; x_wconf 84' lang='lat' dir='ltr'><strong>contradictionis</strong></span> <span class='ocrx_word' id='word_1_353' title='bbox 3242 2252 3475 2309; x_wconf 82' lang='lat' dir='ltr'><strong>artiﬁcio</strong></span> <span class='ocrx_word' id='word_1_354' title='bbox 3508 2260 3565 2307; x_wconf 87' lang='lat' dir='ltr'><strong>et</strong></span> 
     </span>
    </p>
   </div>
   <div class='ocr_carea' id='block_1_53' title="bbox 1982 2344 3567 2420">
    <p class='ocr_par' dir='ltr' id='par_1_53' title="bbox 1982 2344 3567 2420">
     <span class='ocr_line' id='line_1_53' title="bbox 1982 2344 3567 2420; baseline -0.004 -17"><span class='ocrx_word' id='word_1_355' title='bbox 1982 2348 2048 2403; x_wconf 91' lang='lat' dir='ltr'><strong>de</strong></span> <span class='ocrx_word' id='word_1_356' title='bbox 2076 2349 2323 2403; x_wconf 75' lang='lat' dir='ltr'><strong>lueretica</strong></span> <span class='ocrx_word' id='word_1_357' title='bbox 2359 2349 2678 2420; x_wconf 78' lang='lat' dir='ltr'><strong>garrulitate</strong></span> <span class='ocrx_word' id='word_1_358' title='bbox 2728 2349 2904 2403; x_wconf 91' lang='lat' dir='ltr'><strong>obiter</strong></span> <span class='ocrx_word' id='word_1_359' title='bbox 2925 2349 3070 2403; x_wconf 82' lang='lat' dir='ltr'><strong>dicta</strong></span> <span class='ocrx_word' id='word_1_360' title='bbox 3120 2356 3305 2402; x_wconf 86' lang='lat' dir='ltr'><strong>sunto.</strong></span> <span class='ocrx_word' id='word_1_361' title='bbox 3334 2344 3567 2398; x_wconf 82' lang='lat' dir='ltr'><strong>Absolu—</strong></span> 
     </span>
    </p>
   </div>
   <div class='ocr_carea' id='block_1_54' title="bbox 1984 2442 3567 2512">
    <p class='ocr_par' dir='ltr' id='par_1_54' title="bbox 1984 2442 3567 2512">
     <span class='ocr_line' id='line_1_54' title="bbox 1984 2442 3567 2512; baseline -0.004 -15"><span class='ocrx_word' id='word_1_362' title='bbox 1984 2442 2180 2497; x_wconf 81' lang='lat' dir='ltr'><strong>liorem</strong></span> <span class='ocrx_word' id='word_1_363' title='bbox 2219 2444 2520 2498; x_wconf 81' lang='lat' dir='ltr'><strong>doctrinam</strong></span> <span class='ocrx_word' id='word_1_364' title='bbox 2565 2451 2619 2497; x_wconf 92' lang='lat' dir='ltr'><strong>et</strong></span> <span class='ocrx_word' id='word_1_365' title='bbox 2647 2443 3065 2512; x_wconf 80' lang='lat' dir='ltr'><strong>explicationem</strong></span> <span class='ocrx_word' id='word_1_366' title='bbox 3097 2456 3263 2510; x_wconf 85' lang='lat' dir='ltr'><strong>supra</strong></span> <span class='ocrx_word' id='word_1_367' title='bbox 3295 2452 3567 2493; x_wconf 88' lang='lat' dir='ltr'><strong>memora-</strong></span> 
     </span>
    </p>
   </div>
   <div class='ocr_carea' id='block_1_55' title="bbox 1984 2529 3566 2606">
    <p class='ocr_par' dir='ltr' id='par_1_55' title="bbox 1984 2529 3566 2606">
     <span class='ocr_line' id='line_1_55' title="bbox 1984 2529 3566 2606; baseline -0.004 -16"><span class='ocrx_word' id='word_1_368' title='bbox 1984 2545 2071 2590; x_wconf 91' lang='lat' dir='ltr'><strong>tus</strong></span> <span class='ocrx_word' id='word_1_369' title='bbox 2087 2536 2340 2606; x_wconf 91' lang='lat' dir='ltr'><strong>liber,qui</strong></span> <span class='ocrx_word' id='word_1_370' title='bbox 2360 2536 2409 2589; x_wconf 92' lang='lat' dir='ltr'><strong>in</strong></span> <span class='ocrx_word' id='word_1_371' title='bbox 2431 2536 2729 2590; x_wconf 87' lang='lat' dir='ltr'><strong>dialecticis</strong></span> <span class='ocrx_word' id='word_1_372' title='bbox 2749 2535 2861 2606; x_wconf 88' lang='lat' dir='ltr'><strong>jam</strong></span> <span class='ocrx_word' id='word_1_373' title='bbox 2884 2534 3089 2589; x_wconf 90' lang='lat' dir='ltr'><strong>dudum</strong></span> <span class='ocrx_word' id='word_1_374' title='bbox 3110 2529 3566 2604; x_wconf 56' lang='lat' dir='ltr'><strong>prostatjscbolis,</strong></span> 
     </span>
    </p>
   </div>
   <div class='ocr_carea' id='block_1_56' title="bbox 1985 2621 3570 2697">
    <p class='ocr_par' dir='ltr' id='par_1_56' title="bbox 1985 2621 3570 2697">
     <span class='ocr_line' id='line_1_56' title="bbox 1985 2621 3570 2697; baseline -0.006 -16"><span class='ocrx_word' id='word_1_375' title='bbox 1985 2626 2245 2681; x_wconf 75' lang='lat' dir='ltr'><strong>exhibere</strong></span> <span class='ocrx_word' id='word_1_376' title='bbox 2300 2624 2766 2681; x_wconf 78' lang='lat' dir='ltr'><strong>sutﬁcientissime</strong></span> <span class='ocrx_word' id='word_1_377' title='bbox 2819 2626 3042 2697; x_wconf 89' lang='lat' dir='ltr'><strong>poterit.</strong></span> <span class='ocrx_word' id='word_1_378' title='bbox 3087 2626 3339 2680; x_wconf 83' lang='lat' dir='ltr'><strong>Ceterum</strong></span> <span class='ocrx_word' id='word_1_379' title='bbox 3373 2621 3491 2675; x_wconf 78' lang='lat' dir='ltr'><strong>vale</strong></span> <span class='ocrx_word' id='word_1_380' title='bbox 3512 2629 3570 2673; x_wconf 91' lang='lat' dir='ltr'><strong>et</strong></span> 
     </span>
    </p>
   </div>
   <div class='ocr_carea' id='block_1_57' title="bbox 1985 2711 3560 2790">
    <p class='ocr_par' dir='ltr' id='par_1_57' title="bbox 1985 2711 3560 2790">
     <span class='ocr_line' id='line_1_57' title="bbox 1985 2711 3560 2790; baseline -0.007 -17"><span class='ocrx_word' id='word_1_381' title='bbox 1985 2718 2165 2790; x_wconf 82' lang='lat' dir='ltr'><strong>petius</strong></span> <span class='ocrx_word' id='word_1_382' title='bbox 2196 2732 2281 2772; x_wconf 90' lang='lat' dir='ltr'><strong>me</strong></span> <span class='ocrx_word' id='word_1_383' title='bbox 2315 2718 2424 2773; x_wconf 90' lang='lat' dir='ltr'><strong>tuis</strong></span> <span class='ocrx_word' id='word_1_384' title='bbox 2470 2718 2759 2789; x_wconf 88' lang='lat' dir='ltr'><strong>postulatis</strong></span> <span class='ocrx_word' id='word_1_385' title='bbox 2802 2719 2957 2773; x_wconf 87' lang='lat' dir='ltr'><strong>tarde</strong></span> <span class='ocrx_word' id='word_1_386' title='bbox 2986 2716 3213 2785; x_wconf 88' lang='lat' dir='ltr'><strong>obsequi</strong></span> <span class='ocrx_word' id='word_1_387' title='bbox 3248 2714 3319 2767; x_wconf 90' lang='lat' dir='ltr'><strong>ob</strong></span> <span class='ocrx_word' id='word_1_388' title='bbox 3351 2711 3560 2769; x_wconf 87' lang='lat' dir='ltr'><strong>scriba-</strong></span> 
     </span>
    </p>
   </div>
   <div class='ocr_carea' id='block_1_58' title="bbox 1986 2803 3570 2878">
    <p class='ocr_par' dir='ltr' id='par_1_58' title="bbox 1986 2803 3570 2878">
     <span class='ocr_line' id='line_1_58' title="bbox 1986 2803 3570 2878; baseline -0.007 -15"><span class='ocrx_word' id='word_1_389' title='bbox 1986 2822 2108 2863; x_wconf 85' lang='lat' dir='ltr'><strong>rum</strong></span> <span class='ocrx_word' id='word_1_390' title='bbox 2158 2804 2423 2877; x_wconf 87' lang='lat' dir='ltr'><strong>inopiam,</strong></span> <span class='ocrx_word' id='word_1_391' title='bbox 2469 2822 2635 2877; x_wconf 88' lang='lat' dir='ltr'><strong>quam</strong></span> <span class='ocrx_word' id='word_1_392' title='bbox 2669 2816 2793 2863; x_wconf 88' lang='lat' dir='ltr'><strong>tuas</strong></span> <span class='ocrx_word' id='word_1_393' title='bbox 2840 2807 3134 2878; x_wconf 86' lang='lat' dir='ltr'><strong>petitiones</strong></span> <span class='ocrx_word' id='word_1_394' title='bbox 3162 2803 3437 2875; x_wconf 79' lang='lat' dir='ltr'><strong>negligere</strong></span> <span class='ocrx_word' id='word_1_395' title='bbox 3468 2814 3570 2869; x_wconf 91' lang='lat' dir='ltr'><strong>pu-</strong></span> 
     </span>
    </p>
   </div>
   <div class='ocr_carea' id='block_1_59' title="bbox 1986 2911 2123 2959">
    <p class='ocr_par' dir='ltr' id='par_1_59' title="bbox 1986 2911 2123 2959">
     <span class='ocr_line' id='line_1_59' title="bbox 1986 2911 2123 2959; baseline -0.007 0"><span class='ocrx_word' id='word_1_396' title='bbox 1986 2911 2123 2959; x_wconf 89' lang='lat' dir='ltr'><strong>tato.</strong></span> 
     </span>
    </p>
   </div>
   <div class='ocr_carea' id='block_1_60' title="bbox 2240 3076 3313 3151">
    <p class='ocr_par' dir='ltr' id='par_1_60' title="bbox 2240 3076 3313 3151">
     <span class='ocr_line' id='line_1_60' title="bbox 2240 3076 3313 3151; baseline -0.007 -12"><span class='ocrx_word' id='word_1_397' title='bbox 2240 3081 2568 3149; x_wconf 59' lang='lat' dir='ltr'><strong>QUESTIO</strong></span> <span class='ocrx_word' id='word_1_398' title='bbox 2602 3080 2818 3134; x_wconf 76' lang='lat' dir='ltr'><strong>LXXIX</strong></span> <span class='ocrx_word' id='word_1_399' title='bbox 2891 3080 2991 3151; x_wconf 79' lang='grc' dir='ltr'>[αι.</span> <span class='ocrx_word' id='word_1_400' title='bbox 3026 3078 3166 3151; x_wconf 80' lang='lat' dir='ltr'><strong>xu].</strong></span> <span class='ocrx_word' id='word_1_401' title='bbox 3201 3076 3313 3148; x_wconf 74' lang='lat' dir='ltr'><strong>(se)</strong></span> 
     </span>
    </p>
   </div>
   <div class='ocr_carea' id='block_1_61' title="bbox 278 3134 1880 3244">
    <p class='ocr_par' dir='ltr' id='par_1_61' title="bbox 278 3134 1878 3244">
     <span class='ocr_line' id='line_1_61' title="bbox 278 3134 1878 3244; baseline -0.003 -15"><span class='ocrx_word' id='word_1_402' title='bbox 278 3174 450 3229; x_wconf 80' lang='grc' dir='ltr'>Διατί</span> <span class='ocrx_word' id='word_1_403' title='bbox 500 3174 770 3244; x_wconf 69' lang='grc' dir='ltr'>ἀγγέλων</span> <span class='ocrx_word' id='word_1_404' title='bbox 1234 3134 1425 3242; x_wconf 56' lang='grc' dir='ltr'><strong>ἕὲέεν</strong></span> <span class='ocrx_word' id='word_1_405' title='bbox 1448 3171 1520 3227; x_wconf 78' lang='grc' dir='ltr'><strong>ἐν</strong></span> <span class='ocrx_word' id='word_1_406' title='bbox 1544 3170 1621 3242; x_wconf 76' lang='grc' dir='ltr'>τῇ</span> <span class='ocrx_word' id='word_1_407' title='bbox 1655 3187 1878 3244; x_wconf 74' lang='grc' dir='ltr'>κοσμο-</span> 
     </span>
    </p>
   </div>
   <div class='ocr_carea' id='block_1_62' title="bbox 1985 3134 3574 3244">
    <p class='ocr_par' dir='ltr' id='par_1_62' title="bbox 1987 3166 3574 3244">
     <span class='ocr_line' id='line_1_62' title="bbox 1987 3166 3574 3244; baseline -0.008 -16"><span class='ocrx_word' id='word_1_408' title='bbox 1987 3170 2098 3244; x_wconf 78' lang='lat' dir='ltr'><strong>Cur</strong></span> <span class='ocrx_word' id='word_1_409' title='bbox 2127 3171 2800 3244; x_wconf 68' lang='lat' dir='ltr'><strong>angelorttnt_menliou_em__</strong></span> <span class='ocrx_word' id='word_1_410' title='bbox 2824 3186 2925 3244; x_wconf 75' lang='lat' dir='ltr'><strong>uari</strong></span> <span class='ocrx_word' id='word_1_411' title='bbox 2947 3169 3077 3244; x_wconf 69' lang='lat' dir='ltr'><strong>fecit</strong></span> <span class='ocrx_word' id='word_1_412' title='bbox 3127 3166 3384 3244; x_wconf 46' lang='lat' dir='ltr'><strong>dlosesﬂin</strong></span> <span class='ocrx_word' id='word_1_413' title='bbox 3426 3179 3574 3244; x_wconf 65' lang='lat' dir='ltr'><strong>crea-</strong></span> 
     </span>
    </p>
   </div>
   <div class='ocr_carea' id='block_1_63' title="bbox 360 3236 1880 3314">
    <p class='ocr_par' dir='ltr' id='par_1_63' title="bbox 360 3236 1880 3314">
     <span class='ocr_line' id='line_1_63' title="bbox 360 3236 1880 3314; baseline -0.003 -16"><span class='ocrx_word' id='word_1_414' title='bbox 360 3236 562 3314; x_wconf 78' lang='grc' dir='ltr'>τενείᾴ</span> <span class='ocrx_word' id='word_1_415' title='bbox 580 3236 1175 3314; x_wconf 55' lang='grc' dir='ltr'>Μωσῆξβθδῂιαῖτί</span> <span class='ocrx_word' id='word_1_416' title='bbox 1204 3236 1485 3312; x_wconf 64' lang='grc' dir='ltr'>σηιὶὶιίνει</span> <span class='ocrx_word' id='word_1_417' title='bbox 1503 3244 1574 3295; x_wconf 84' lang='grc' dir='ltr'><strong>τό</strong></span> <span class='ocrx_word' id='word_1_418' title='bbox 1588 3236 1661 3314; x_wconf 72' lang='grc' dir='ltr'>ὀἰ</span> <span class='ocrx_word' id='word_1_419' title='bbox 1698 3236 1880 3314; x_wconf 62' lang='grc' dir='ltr'>Τοῦτο</span> 
     </span>
    </p>
   </div>
   <div class='ocr_carea' id='block_1_64' title="bbox 360 3311 1879 3384">
    <p class='ocr_par' dir='ltr' id='par_1_64' title="bbox 360 3311 1879 3384">
     <span class='ocr_line' id='line_1_64' title="bbox 360 3311 1879 3384; baseline -0.001 -17"><span class='ocrx_word' id='word_1_420' title='bbox 360 3311 472 3383; x_wconf 65' lang='grc' dir='ltr'><strong>ἀσὰρ</strong></span> <span class='ocrx_word' id='word_1_421' title='bbox 498 3314 702 3379; x_wconf 75' lang='grc' dir='ltr'>ποιῶν,</span> <span class='ocrx_word' id='word_1_422' title='bbox 726 3311 1028 3381; x_wconf 69' lang='grc' dir='ltr'>ἄνθρακας</span> <span class='ocrx_word' id='word_1_423' title='bbox 1057 3315 1249 3384; x_wconf 82' lang='grc' dir='ltr'>πυρὸς</span> <span class='ocrx_word' id='word_1_424' title='bbox 1276 3311 1606 3383; x_wconf 77' lang='grc' dir='ltr'>σωρεύσεις</span> <span class='ocrx_word' id='word_1_425' title='bbox 1633 3312 1735 3366; x_wconf 75' lang='grc' dir='ltr'><strong>ἐπὶ</strong></span> <span class='ocrx_word' id='word_1_426' title='bbox 1763 3311 1879 3381; x_wconf 76' lang='grc' dir='ltr'><strong>τὴν</strong></span> 
     </span>
    </p>
   </div>
   <div class='ocr_carea' id='block_1_65' title="bbox 359 3385 952 3453">
    <p class='ocr_par' dir='ltr' id='par_1_65' title="bbox 359 3385 952 3453">
     <span class='ocr_line' id='line_1_65' title="bbox 359 3385 952 3453; baseline -0.002 -16"><span class='ocrx_word' id='word_1_427' title='bbox 359 3385 639 3453; x_wconf 63' lang='grc' dir='ltr'>κεφαλὴν</span> <span class='ocrx_word' id='word_1_428' title='bbox 668 3385 855 3440; x_wconf 86' lang='grc' dir='ltr'>αὑτοῦ</span> <span class='ocrx_word' id='word_1_429' title='bbox 874 3402 893 3449; x_wconf 86' lang='grc'><strong><em>;</em></strong></span> <span class='ocrx_word' id='word_1_430' title='bbox 933 3404 952 3436; x_wconf 71' lang='grc' dir='ltr'><strong>ι</strong></span> 
     </span>
    </p>
   </div>
   <div class='ocr_carea' id='block_1_66' title="bbox 2062 3236 3576 3309">
    <p class='ocr_par' dir='ltr' id='par_1_66' title="bbox 2062 3236 3576 3309">
     <span class='ocr_line' id='line_1_66' title="bbox 2062 3236 3576 3309; baseline -0.008 -14"><span class='ocrx_word' id='word_1_431' title='bbox 2062 3236 2217 3295; x_wconf 61' lang='grc' dir='ltr'>ιὶοηέ</span> <span class='ocrx_word' id='word_1_432' title='bbox 2236 3241 2418 3293; x_wconf 75' lang='lat' dir='ltr'><strong>mundi</strong></span> <span class='ocrx_word' id='word_1_433' title='bbox 2438 3242 2462 3293; x_wconf 86' lang='lat'><strong><em>?</em></strong></span> <span class='ocrx_word' id='word_1_434' title='bbox 2486 3248 2539 3292; x_wconf 77' lang='lat' dir='ltr'><strong>et</strong></span> <span class='ocrx_word' id='word_1_435' title='bbox 2571 3241 2697 3309; x_wconf 85' lang='lat' dir='ltr'><strong>quid</strong></span> <span class='ocrx_word' id='word_1_436' title='bbox 2731 3240 2833 3292; x_wconf 82' lang='lat' dir='ltr'><strong>sibi</strong></span> <span class='ocrx_word' id='word_1_437' title='bbox 2870 3236 2977 3293; x_wconf 80' lang='lat' dir='ltr'><strong>vult</strong></span> <span class='ocrx_word' id='word_1_438' title='bbox 3007 3238 3142 3290; x_wconf 81' lang='lat' dir='ltr'><strong>illud</strong></span> <span class='ocrx_word' id='word_1_439' title='bbox 3175 3252 3193 3289; x_wconf 91' lang='lat'><em>:</em></span> <span class='ocrx_word' id='word_1_440' title='bbox 3246 3257 3263 3287; x_wconf 75' lang='grc' dir='ltr'><strong>ι</strong></span> <span class='ocrx_word' id='word_1_441' title='bbox 3295 3238 3407 3289; x_wconf 82' lang='lat' dir='ltr'><strong>Hoc</strong></span> <span class='ocrx_word' id='word_1_442' title='bbox 3433 3236 3576 3287; x_wconf 82' lang='lat' dir='ltr'><strong>enim</strong></span> 
     </span>
    </p>
   </div>
   <div class='ocr_carea' id='block_1_67' title="bbox 2061 3310 3577 3437">
    <p class='ocr_par' dir='ltr' id='par_1_67' title="bbox 2061 3310 3577 3437">
     <span class='ocr_line' id='line_1_67' title="bbox 2065 3310 3577 3437; baseline -0.006 -73"><span class='ocrx_word' id='word_1_443' title='bbox 2065 3313 2289 3437; x_wconf 57' lang='lat' dir='ltr'><strong>facieps,</strong></span> <span class='ocrx_word' id='word_1_444' title='bbox 2356 3310 2611 3365; x_wconf 83' lang='lat' dir='ltr'><strong>carbones</strong></span> <span class='ocrx_word' id='word_1_445' title='bbox 2688 3310 2825 3381; x_wconf 80' lang='lat' dir='ltr'><strong>ignis</strong></span> <span class='ocrx_word' id='word_1_446' title='bbox 2897 3324 3141 3378; x_wconf 84' lang='lat' dir='ltr'><strong>congeres</strong></span> <span class='ocrx_word' id='word_1_447' title='bbox 3210 3320 3368 3375; x_wconf 86' lang='lat' dir='ltr'><strong>super</strong></span> <span class='ocrx_word' id='word_1_448' title='bbox 3416 3310 3577 3373; x_wconf 79' lang='lat' dir='ltr'><strong>caput</strong></span> 
     </span>
     <span class='ocr_line' id='line_1_68' title="bbox 2061 3398 2263 3437; baseline -0.025 0"><span class='ocrx_word' id='word_1_449' title='bbox 2061 3398 2176 3437; x_wconf 68' lang='lat' dir='ltr'><strong>eius</strong></span> <span class='ocrx_word' id='word_1_450' title='bbox 2245 3402 2263 3432; x_wconf 74' lang='grc' dir='ltr'><strong>ι</strong></span> 
     </span>
    </p>
   </div>
   <div class='ocr_carea' id='block_1_68' title="bbox 2084 3398 2263 3451">
    <p class='ocr_par' dir='ltr' id='par_1_68' title="bbox 2084 3398 2263 3451">
     <span class='ocr_line' id='line_1_69' title="bbox 2084 3398 2263 3451; baseline -0.011 -17"><span class='ocrx_word' id='word_1_451' title='bbox 2084 3398 2263 3451; x_wconf 61' lang='grc' dir='ltr'>ναεῑι</span> 
     </span>
    </p>
   </div>
   <div class='ocr_carea' id='block_1_69' title="bbox 536 3492 3330 3563">
    <p class='ocr_par' dir='ltr' id='par_1_69' title="bbox 536 3492 3330 3563">
     <span class='ocr_line' id='line_1_70' title="bbox 536 3492 3330 3563; baseline -0.003 -13"><span class='ocrx_word' id='word_1_452' title='bbox 536 3498 680 3551; x_wconf 76' lang='lat' dir='ltr'><strong>Edita</strong></span> <span class='ocrx_word' id='word_1_453' title='bbox 706 3515 733 3551; x_wconf 87' lang='lat' dir='ltr'><strong>a</strong></span> <span class='ocrx_word' id='word_1_454' title='bbox 755 3500 952 3562; x_wconf 85' lang='lat' dir='ltr'><strong>Wolﬁo,</strong></span> <span class='ocrx_word' id='word_1_455' title='bbox 978 3500 1092 3551; x_wconf 86' lang='lat' dir='ltr'><strong>Cur.</strong></span> <span class='ocrx_word' id='word_1_456' title='bbox 1117 3497 1308 3551; x_wconf 76' lang='lat' dir='ltr'><strong>Philol.</strong></span> <span class='ocrx_word' id='word_1_457' title='bbox 1334 3498 1394 3559; x_wconf 72' lang='grc' dir='ltr'><strong>ν,</strong></span> <span class='ocrx_word' id='word_1_458' title='bbox 1420 3512 1467 3562; x_wconf 89' lang='lat' dir='ltr'><strong>p.</strong></span> <span class='ocrx_word' id='word_1_459' title='bbox 1492 3498 1723 3562; x_wconf 85' lang='lat' dir='ltr'><strong>687-69l,</strong></span> <span class='ocrx_word' id='word_1_460' title='bbox 1746 3500 1876 3563; x_wconf 87' lang='lat' dir='ltr'><strong>apud</strong></span> <span class='ocrx_word' id='word_1_461' title='bbox 1902 3499 2201 3559; x_wconf 85' lang='lat' dir='ltr'><strong>Galland.,t.</strong></span> <span class='ocrx_word' id='word_1_462' title='bbox 2226 3497 2358 3557; x_wconf 82' lang='lat' dir='ltr'><strong>XIII,</strong></span> <span class='ocrx_word' id='word_1_463' title='bbox 2384 3512 2435 3561; x_wconf 90' lang='lat' dir='ltr'><strong>p.</strong></span> <span class='ocrx_word' id='word_1_464' title='bbox 2455 3496 2684 3558; x_wconf 88' lang='lat'><strong>707-709,</strong></span> <span class='ocrx_word' id='word_1_465' title='bbox 2706 3509 2756 3545; x_wconf 92' lang='lat' dir='ltr'><strong>n.</strong></span> <span class='ocrx_word' id='word_1_466' title='bbox 2778 3495 2856 3545; x_wconf 73' lang='lat'><strong>12.</strong></span> <span class='ocrx_word' id='word_1_467' title='bbox 2873 3494 2927 3543; x_wconf 93' lang='lat' dir='ltr'><strong>In</strong></span> <span class='ocrx_word' id='word_1_468' title='bbox 2950 3495 3094 3543; x_wconf 79' lang='lat' dir='ltr'><strong>Rom.</strong></span> <span class='ocrx_word' id='word_1_469' title='bbox 3116 3492 3224 3554; x_wconf 79' lang='lat' dir='ltr'><strong>XII,</strong></span> <span class='ocrx_word' id='word_1_470' title='bbox 3249 3492 3330 3541; x_wconf 74' lang='lat'><strong>20.</strong></span> 
     </span>
    </p>
   </div>
   <div class='ocr_carea' id='block_1_70' title="bbox 361 3609 1896 3685">
    <p class='ocr_par' dir='ltr' id='par_1_70' title="bbox 361 3609 1896 3685">
     <span class='ocr_line' id='line_1_71' title="bbox 361 3609 1896 3685; baseline 0.001 -23"><span class='ocrx_word' id='word_1_471' title='bbox 361 3611 566 3679; x_wconf 69' lang='grc' dir='ltr'>Ἄμφω</span> <span class='ocrx_word' id='word_1_472' title='bbox 623 3609 724 3681; x_wconf 83' lang='grc' dir='ltr'><strong>μὲν</strong></span> <span class='ocrx_word' id='word_1_473' title='bbox 773 3610 843 3664; x_wconf 89' lang='grc' dir='ltr'><strong>τά</strong></span> <span class='ocrx_word' id='word_1_474' title='bbox 890 3609 1181 3680; x_wconf 81' lang='grc' dir='ltr'>ζητήματα</span> <span class='ocrx_word' id='word_1_475' title='bbox 1231 3609 1406 3664; x_wconf 83' lang='grc' dir='ltr'><strong>ταῦτα</strong></span> <span class='ocrx_word' id='word_1_476' title='bbox 1454 3610 1551 3666; x_wconf 70' lang='grc' dir='ltr'><strong>καὶ</strong></span> <span class='ocrx_word' id='word_1_477' title='bbox 1580 3612 1639 3665; x_wconf 82' lang='grc' dir='ltr'>ὲν</span> <span class='ocrx_word' id='word_1_478' title='bbox 1686 3611 1896 3685; x_wconf 75' lang='grc' dir='ltr'>ἑτέροις</span> 
     </span>
    </p>
   </div>
   <div class='ocr_carea' id='block_1_71' title="bbox 285 3697 1887 3774">
    <p class='ocr_par' dir='ltr' id='par_1_71' title="bbox 285 3697 1887 3774">
     <span class='ocr_line' id='line_1_72' title="bbox 285 3697 1887 3774; baseline 0.002 -21"><span class='ocrx_word' id='word_1_479' title='bbox 285 3702 446 3773; x_wconf 68' lang='grc' dir='ltr'>ἡμῶν</span> <span class='ocrx_word' id='word_1_480' title='bbox 482 3701 807 3773; x_wconf 81' lang='grc' dir='ltr'>γράμμασιν</span> <span class='ocrx_word' id='word_1_481' title='bbox 855 3702 968 3770; x_wconf 73' lang='grc'><strong>(40)</strong></span> <span class='ocrx_word' id='word_1_482' title='bbox 994 3697 1150 3773; x_wconf 74' lang='grc' dir='ltr'>οἶμαι</span> <span class='ocrx_word' id='word_1_483' title='bbox 1194 3703 1296 3771; x_wconf 83' lang='grc' dir='ltr'><strong>τὴν</strong></span> <span class='ocrx_word' id='word_1_484' title='bbox 1346 3701 1500 3755; x_wconf 86' lang='grc' dir='ltr'>λὺσιν</span> <span class='ocrx_word' id='word_1_485' title='bbox 1554 3703 1756 3774; x_wconf 89' lang='grc' dir='ltr'>εὑρεῖν,</span> <span class='ocrx_word' id='word_1_486' title='bbox 1785 3702 1887 3773; x_wconf 85' lang='grc' dir='ltr'><strong>τῆς</strong></span> 
     </span>
    </p>
   </div>
   <div class='ocr_carea' id='block_1_72' title="bbox 2070 3603 3565 3679">
    <p class='ocr_par' dir='ltr' id='par_1_72' title="bbox 2070 3603 3565 3679">
     <span class='ocr_line' id='line_1_73' title="bbox 2070 3603 3565 3679; baseline -0.003 -15"><span class='ocrx_word' id='word_1_487' title='bbox 2070 3610 2214 3665; x_wconf 91' lang='lat' dir='ltr'><strong>Duas</strong></span> <span class='ocrx_word' id='word_1_488' title='bbox 2261 3612 2360 3665; x_wconf 89' lang='lat' dir='ltr'><strong>has</strong></span> <span class='ocrx_word' id='word_1_489' title='bbox 2385 3609 2720 3679; x_wconf 72' lang='lat' dir='ltr'><strong>quaestiones</strong></span> <span class='ocrx_word' id='word_1_490' title='bbox 2752 3607 2919 3663; x_wconf 87' lang='lat' dir='ltr'><strong>etiam</strong></span> <span class='ocrx_word' id='word_1_491' title='bbox 2949 3606 3003 3661; x_wconf 94' lang='lat' dir='ltr'><strong>in</strong></span> <span class='ocrx_word' id='word_1_492' title='bbox 3035 3607 3158 3661; x_wconf 88' lang='lat' dir='ltr'><strong>aliis</strong></span> <span class='ocrx_word' id='word_1_493' title='bbox 3195 3603 3416 3673; x_wconf 85' lang='lat' dir='ltr'><strong>scriptis</strong></span> <span class='ocrx_word' id='word_1_494' title='bbox 3460 3619 3565 3660; x_wconf 78' lang='lat' dir='ltr'><strong>no-</strong></span> 
     </span>
    </p>
   </div>
   <div class='ocr_carea' id='block_1_73' title="bbox 1997 3699 3577 3768">
    <p class='ocr_par' dir='ltr' id='par_1_73' title="bbox 1997 3699 3577 3768">
     <span class='ocr_line' id='line_1_74' title="bbox 1997 3699 3577 3768; baseline -0.005 -9"><span class='ocrx_word' id='word_1_495' title='bbox 1997 3705 2128 3759; x_wconf 89' lang='lat' dir='ltr'><strong>stris</strong></span> <span class='ocrx_word' id='word_1_496' title='bbox 2163 3703 2377 3759; x_wconf 90' lang='lat' dir='ltr'><strong>solutas</strong></span> <span class='ocrx_word' id='word_1_497' title='bbox 2410 3718 2534 3758; x_wconf 88' lang='lat' dir='ltr'><strong>esse</strong></span> <span class='ocrx_word' id='word_1_498' title='bbox 2565 3702 2845 3760; x_wconf 86' lang='lat' dir='ltr'><strong>existimo.</strong></span> <span class='ocrx_word' id='word_1_499' title='bbox 2885 3700 2958 3754; x_wconf 86' lang='lat' dir='ltr'><strong>ita</strong></span> <span class='ocrx_word' id='word_1_500' title='bbox 2985 3699 3232 3768; x_wconf 88' lang='lat' dir='ltr'><strong>quidem,</strong></span> <span class='ocrx_word' id='word_1_501' title='bbox 3263 3706 3346 3763; x_wconf 91' lang='lat' dir='ltr'><strong>ut,</strong></span> <span class='ocrx_word' id='word_1_502' title='bbox 3374 3713 3577 3767; x_wconf 82' lang='lat' dir='ltr'><strong>quant-</strong></span> 
     </span>
    </p>
   </div>
   <div class='ocr_carea' id='block_1_74' title="bbox 286 3789 1880 3865">
    <p class='ocr_par' dir='ltr' id='par_1_74' title="bbox 286 3792 1880 3865">
     <span class='ocr_line' id='line_1_75' title="bbox 286 3792 1880 3865; baseline -0.001 -19"><span class='ocrx_word' id='word_1_503' title='bbox 286 3796 393 3865; x_wconf 91' lang='grc' dir='ltr'><strong>μὲν</strong></span> <span class='ocrx_word' id='word_1_504' title='bbox 417 3793 699 3863; x_wconf 72' lang='grc' dir='ltr'>ἀκριϐείας</span> <span class='ocrx_word' id='word_1_505' title='bbox 721 3793 820 3847; x_wconf 80' lang='grc' dir='ltr'><strong>οὑκ</strong></span> <span class='ocrx_word' id='word_1_506' title='bbox 842 3794 908 3847; x_wconf 82' lang='grc' dir='ltr'><strong>ἂν</strong></span> <span class='ocrx_word' id='word_1_507' title='bbox 942 3792 1152 3864; x_wconf 77' lang='grc' dir='ltr'>εἴποιμι</span> <span class='ocrx_word' id='word_1_508' title='bbox 1186 3793 1351 3864; x_wconf 79' lang='grc' dir='ltr'>μηδὲν</span> <span class='ocrx_word' id='word_1_509' title='bbox 1373 3793 1711 3847; x_wconf 81' lang='grc' dir='ltr'>ἀποδέουσαν</span> <span class='ocrx_word' id='word_1_510' title='bbox 1740 3833 1755 3856; x_wconf 92' lang='grc'><strong>,</strong></span> <span class='ocrx_word' id='word_1_511' title='bbox 1791 3793 1880 3863; x_wconf 79' lang='grc' dir='ltr'>τῆς</span> 
     </span>
    </p>
   </div>
   <div class='ocr_carea' id='block_1_75' title="bbox 1985 3789 3577 3865">
    <p class='ocr_par' dir='ltr' id='par_1_75' title="bbox 1996 3789 3577 3854">
     <span class='ocr_line' id='line_1_76' title="bbox 1996 3789 3577 3854; baseline -0.002 -9"><span class='ocrx_word' id='word_1_512' title='bbox 1996 3796 2079 3849; x_wconf 86' lang='lat' dir='ltr'><strong>vis</strong></span> <span class='ocrx_word' id='word_1_513' title='bbox 2105 3794 2446 3849; x_wconf 86' lang='lat' dir='ltr'><strong>accurationi</strong></span> <span class='ocrx_word' id='word_1_514' title='bbox 2484 3792 2776 3849; x_wconf 80' lang='lat' dir='ltr'><strong>solutionis</strong></span> <span class='ocrx_word' id='word_1_515' title='bbox 2805 3791 2943 3845; x_wconf 88' lang='lat' dir='ltr'><strong>nihil</strong></span> <span class='ocrx_word' id='word_1_516' title='bbox 2971 3791 3167 3845; x_wconf 88' lang='lat' dir='ltr'><strong>deesse</strong></span> <span class='ocrx_word' id='word_1_517' title='bbox 3210 3804 3319 3843; x_wconf 92' lang='lat' dir='ltr'><strong>non</strong></span> <span class='ocrx_word' id='word_1_518' title='bbox 3363 3789 3577 3854; x_wconf 80' lang='lat' dir='ltr'><strong>dixero,</strong></span> 
     </span>
    </p>
   </div>
   <div class='ocr_carea' id='block_1_76' title="bbox 279 3884 1890 3956">
    <p class='ocr_par' dir='ltr' id='par_1_76' title="bbox 279 3884 1890 3956">
     <span class='ocr_line' id='line_1_77' title="bbox 279 3884 1890 3956; baseline -0.001 -17"><span class='ocrx_word' id='word_1_519' title='bbox 279 3885 339 3939; x_wconf 83' lang='grc' dir='ltr'>δὲ</span> <span class='ocrx_word' id='word_1_520' title='bbox 377 3884 662 3955; x_wconf 83' lang='grc' dir='ltr'>δυνάμεως</span> <span class='ocrx_word' id='word_1_521' title='bbox 687 3884 841 3938; x_wconf 79' lang='grc' dir='ltr'>οὐδὲν</span> <span class='ocrx_word' id='word_1_522' title='bbox 872 3884 1105 3954; x_wconf 73' lang='grc' dir='ltr'>ἔχουσαν</span> <span class='ocrx_word' id='word_1_523' title='bbox 1138 3884 1501 3956; x_wconf 75' lang='grc' dir='ltr'>ἐνδεέστερον.</span> <span class='ocrx_word' id='word_1_524' title='bbox 1543 3885 1697 3938; x_wconf 74' lang='grc' dir='ltr'>Ἐπεὶ</span> <span class='ocrx_word' id='word_1_525' title='bbox 1718 3884 1777 3937; x_wconf 86' lang='grc' dir='ltr'><strong>δέ</strong></span> <span class='ocrx_word' id='word_1_526' title='bbox 1808 3901 1890 3937; x_wconf 92' lang='grc' dir='ltr'><strong>σοι</strong></span> 
     </span>
    </p>
   </div>
   <div class='ocr_carea' id='block_1_77' title="bbox 280 3975 1888 4047">
    <p class='ocr_par' dir='ltr' id='par_1_77' title="bbox 280 3975 1888 4047">
     <span class='ocr_line' id='line_1_78' title="bbox 280 3975 1888 4047; baseline -0.001 -18"><span class='ocrx_word' id='word_1_527' title='bbox 280 3977 464 4046; x_wconf 82' lang='grc' dir='ltr'>φίλον,</span> <span class='ocrx_word' id='word_1_528' title='bbox 494 3977 588 4029; x_wconf 76' lang='grc' dir='ltr'>καὶ</span> <span class='ocrx_word' id='word_1_529' title='bbox 621 3976 909 4046; x_wconf 84' lang='grc' dir='ltr'>ἱδιαίτερον</span> <span class='ocrx_word' id='word_1_530' title='bbox 937 3975 1081 4047; x_wconf 77' lang='grc' dir='ltr'>ἔχειν</span> <span class='ocrx_word' id='word_1_531' title='bbox 1108 3975 1206 4047; x_wconf 82' lang='grc' dir='ltr'>τὴν</span> <span class='ocrx_word' id='word_1_532' title='bbox 1256 3977 1386 4046; x_wconf 79' lang='grc' dir='ltr'>περὶ</span> <span class='ocrx_word' id='word_1_533' title='bbox 1427 3975 1608 4030; x_wconf 87' lang='grc' dir='ltr'>αὑτῶν</span> <span class='ocrx_word' id='word_1_534' title='bbox 1651 3975 1888 4045; x_wconf 84' lang='grc' dir='ltr'>θεωρίαν</span> 
     </span>
    </p>
   </div>
   <div class='ocr_carea' id='block_1_78' title="bbox 280 4065 1889 4138">
    <p class='ocr_par' dir='ltr' id='par_1_78' title="bbox 280 4065 1889 4138">
     <span class='ocr_line' id='line_1_79' title="bbox 280 4065 1889 4138; baseline 0 -18"><span class='ocrx_word' id='word_1_535' title='bbox 280 4068 381 4121; x_wconf 71' lang='grc' dir='ltr'><strong>καὶ</strong></span> <span class='ocrx_word' id='word_1_536' title='bbox 418 4067 744 4138; x_wconf 83' lang='grc' dir='ltr'>ἀνάμνησιν,</span> <span class='ocrx_word' id='word_1_537' title='bbox 783 4068 959 4121; x_wconf 86' lang='grc' dir='ltr'>καίτοι</span> <span class='ocrx_word' id='word_1_538' title='bbox 986 4085 1050 4137; x_wconf 91' lang='grc' dir='ltr'><strong>γε</strong></span> <span class='ocrx_word' id='word_1_539' title='bbox 1090 4066 1530 4138; x_wconf 84' lang='grc' dir='ltr'>κεχαριτωμένος</span> <span class='ocrx_word' id='word_1_540' title='bbox 1565 4065 1639 4121; x_wconf 83' lang='grc' dir='ltr'>ὣν</span> <span class='ocrx_word' id='word_1_541' title='bbox 1665 4066 1761 4121; x_wconf 72' lang='grc' dir='ltr'>καὶ</span> <span class='ocrx_word' id='word_1_542' title='bbox 1790 4067 1889 4120; x_wconf 89' lang='grc' dir='ltr'>αὑ-</span> 
     </span>
    </p>
   </div>
   <div class='ocr_carea' id='block_1_79' title="bbox 278 4156 1883 4229">
    <p class='ocr_par' dir='ltr' id='par_1_79' title="bbox 278 4156 1883 4229">
     <span class='ocr_line' id='line_1_80' title="bbox 278 4156 1883 4229; baseline -0.001 -18"><span class='ocrx_word' id='word_1_543' title='bbox 278 4158 376 4221; x_wconf 77' lang='grc' dir='ltr'><strong>τὸς</strong></span> <span class='ocrx_word' id='word_1_544' title='bbox 412 4159 474 4211; x_wconf 89' lang='grc' dir='ltr'><strong>οὑ</strong></span> <span class='ocrx_word' id='word_1_545' title='bbox 527 4159 692 4229; x_wconf 90' lang='grc' dir='ltr'>μόνον</span> <span class='ocrx_word' id='word_1_546' title='bbox 731 4159 932 4213; x_wconf 77' lang='grc' dir='ltr'>εἰδέναι</span> <span class='ocrx_word' id='word_1_547' title='bbox 985 4157 1055 4211; x_wconf 86' lang='grc' dir='ltr'><strong>τά</strong></span> <span class='ocrx_word' id='word_1_548' title='bbox 1107 4156 1353 4224; x_wconf 81' lang='grc' dir='ltr'>τοιαῦτα,</span> <span class='ocrx_word' id='word_1_549' title='bbox 1411 4156 1548 4210; x_wconf 88' lang='grc' dir='ltr'><strong>ἀλλά</strong></span> <span class='ocrx_word' id='word_1_550' title='bbox 1578 4158 1673 4210; x_wconf 76' lang='grc' dir='ltr'><strong>καὶ</strong></span> <span class='ocrx_word' id='word_1_551' title='bbox 1702 4156 1883 4220; x_wconf 77' lang='grc' dir='ltr'>ἄλλοις</span> 
     </span>
    </p>
   </div>
   <div class='ocr_carea' id='block_1_80' title="bbox 283 4245 1882 4321">
    <p class='ocr_par' dir='ltr' id='par_1_80' title="bbox 283 4245 1882 4321">
     <span class='ocr_line' id='line_1_81' title="bbox 283 4245 1882 4321; baseline -0.003 -18"><span class='ocrx_word' id='word_1_552' title='bbox 283 4249 487 4321; x_wconf 86' lang='grc' dir='ltr'>μαθεῖν</span> <span class='ocrx_word' id='word_1_553' title='bbox 536 4249 823 4320; x_wconf 84' lang='grc' dir='ltr'>παρέχειν,</span> <span class='ocrx_word' id='word_1_554' title='bbox 870 4249 969 4319; x_wconf 87' lang='grc' dir='ltr'>τῆς</span> <span class='ocrx_word' id='word_1_555' title='bbox 1001 4249 1098 4318; x_wconf 84' lang='grc' dir='ltr'>σῆς</span> <span class='ocrx_word' id='word_1_556' title='bbox 1140 4248 1410 4311; x_wconf 87' lang='grc' dir='ltr'>συνέσεως</span> <span class='ocrx_word' id='word_1_557' title='bbox 1449 4247 1548 4317; x_wconf 79' lang='grc' dir='ltr'>τὴν</span> <span class='ocrx_word' id='word_1_558' title='bbox 1572 4245 1790 4316; x_wconf 79' lang='grc' dir='ltr'>αἴτησιν</span> <span class='ocrx_word' id='word_1_559' title='bbox 1821 4245 1882 4299; x_wconf 91' lang='grc' dir='ltr'><strong>οὑ</strong></span> 
     </span>
    </p>
   </div>
   <div class='ocr_carea' id='block_1_81' title="bbox 282 4329 1887 4411">
    <p class='ocr_par' dir='ltr' id='par_1_81' title="bbox 282 4329 1887 4411">
     <span class='ocr_line' id='line_1_82' title="bbox 282 4329 1887 4411; baseline -0.002 -18"><span class='ocrx_word' id='word_1_560' title='bbox 282 4340 751 4411; x_wconf 77' lang='grc' dir='ltr'>παρῃτησάμεθα.</span> <span class='ocrx_word' id='word_1_561' title='bbox 776 4339 869 4392; x_wconf 82' lang='grc' dir='ltr'>Διό</span> <span class='ocrx_word' id='word_1_562' title='bbox 917 4356 1117 4409; x_wconf 87' lang='grc' dir='ltr'>φαμεν·</span> <span class='ocrx_word' id='word_1_563' title='bbox 1156 4337 1247 4401; x_wconf 81' lang='grc' dir='ltr'>Ἐξ</span> <span class='ocrx_word' id='word_1_564' title='bbox 1289 4329 1364 4391; x_wconf 81' lang='grc' dir='ltr'>ὧν</span> <span class='ocrx_word' id='word_1_565' title='bbox 1396 4336 1497 4407; x_wconf 81' lang='grc' dir='ltr'>τῆς</span> <span class='ocrx_word' id='word_1_566' title='bbox 1529 4336 1751 4407; x_wconf 89' lang='grc' dir='ltr'>μνήμης</span> <span class='ocrx_word' id='word_1_567' title='bbox 1790 4336 1887 4390; x_wconf 79' lang='grc' dir='ltr'><strong>καὶ</strong></span> 
     </span>
    </p>
   </div>
   <div class='ocr_carea' id='block_1_82' title="bbox 281 4426 1887 4500">
    <p class='ocr_par' dir='ltr' id='par_1_82' title="bbox 281 4426 1887 4500">
     <span class='ocr_line' id='line_1_83' title="bbox 281 4426 1887 4500; baseline -0.003 -15"><span class='ocrx_word' id='word_1_568' title='bbox 281 4431 397 4485; x_wconf 83' lang='grc' dir='ltr'><strong>τῶν</strong></span> <span class='ocrx_word' id='word_1_569' title='bbox 421 4430 699 4500; x_wconf 83' lang='grc' dir='ltr'>λογισμῶν</span> <span class='ocrx_word' id='word_1_570' title='bbox 719 4433 747 4485; x_wconf 86' lang='grc' dir='ltr'><strong>ό</strong></span> <span class='ocrx_word' id='word_1_571' title='bbox 767 4430 934 4493; x_wconf 83' lang='grc' dir='ltr'>πολὺς</span> <span class='ocrx_word' id='word_1_572' title='bbox 957 4430 1135 4500; x_wconf 73' lang='grc' dir='ltr'>ὄχλος,</span> <span class='ocrx_word' id='word_1_573' title='bbox 1160 4429 1264 4482; x_wconf 74' lang='grc' dir='ltr'><strong>καὶ</strong></span> <span class='ocrx_word' id='word_1_574' title='bbox 1290 4445 1401 4481; x_wconf 87' lang='grc' dir='ltr'><strong>των</strong></span> <span class='ocrx_word' id='word_1_575' title='bbox 1432 4426 1759 4498; x_wconf 84' lang='grc' dir='ltr'>πειρασμῶν</span> <span class='ocrx_word' id='word_1_576' title='bbox 1790 4426 1887 4481; x_wconf 74' lang='grc' dir='ltr'>καὶ</span> 
     </span>
    </p>
   </div>
   <div class='ocr_carea' id='block_1_83' title="bbox 1992 3884 3575 3951">
    <p class='ocr_par' dir='ltr' id='par_1_83' title="bbox 1992 3884 3575 3951">
     <span class='ocr_line' id='line_1_84' title="bbox 1992 3884 3575 3951; baseline -0.003 -9"><span class='ocrx_word' id='word_1_577' title='bbox 1992 3887 2233 3942; x_wconf 76' lang='lat' dir='ltr'><strong>cﬂicacia</strong></span> <span class='ocrx_word' id='word_1_578' title='bbox 2266 3897 2446 3943; x_wconf 90' lang='lat' dir='ltr'><strong>tamen</strong></span> <span class='ocrx_word' id='word_1_579' title='bbox 2481 3902 2590 3941; x_wconf 93' lang='lat' dir='ltr'><strong>non</strong></span> <span class='ocrx_word' id='word_1_580' title='bbox 2628 3888 2700 3943; x_wconf 91' lang='lat' dir='ltr'><strong>sit</strong></span> <span class='ocrx_word' id='word_1_581' title='bbox 2728 3885 2975 3941; x_wconf 80' lang='lat' dir='ltr'><strong>inferior.</strong></span> <span class='ocrx_word' id='word_1_582' title='bbox 3011 3884 3284 3951; x_wconf 86' lang='lat' dir='ltr'><strong>Quoniam</strong></span> <span class='ocrx_word' id='word_1_583' title='bbox 3313 3899 3444 3939; x_wconf 84' lang='lat' dir='ltr'><strong>vero</strong></span> <span class='ocrx_word' id='word_1_584' title='bbox 3475 3884 3575 3938; x_wconf 90' lang='lat' dir='ltr'><strong>tibi</strong></span> 
     </span>
    </p>
   </div>
   <div class='ocr_carea' id='block_1_84' title="bbox 1991 3975 3579 4048">
    <p class='ocr_par' dir='ltr' id='par_1_84' title="bbox 1991 3975 3579 4048">
     <span class='ocr_line' id='line_1_85' title="bbox 1991 3975 3579 4048; baseline -0.001 -19"><span class='ocrx_word' id='word_1_585' title='bbox 1991 3978 2218 4048; x_wconf 88' lang='lat' dir='ltr'><strong>placuit,</strong></span> <span class='ocrx_word' id='word_1_586' title='bbox 2297 3977 2633 4048; x_wconf 83' lang='lat' dir='ltr'><strong>singularem</strong></span> <span class='ocrx_word' id='word_1_587' title='bbox 2712 3976 2952 4046; x_wconf 88' lang='lat' dir='ltr'><strong>aliquam</strong></span> <span class='ocrx_word' id='word_1_588' title='bbox 3015 3975 3461 4045; x_wconf 89' lang='lat' dir='ltr'><strong>disquisitionem</strong></span> <span class='ocrx_word' id='word_1_589' title='bbox 3522 3983 3579 4028; x_wconf 85' lang='lat' dir='ltr'><strong>et</strong></span> 
     </span>
    </p>
   </div>
   <div class='ocr_carea' id='block_1_85' title="bbox 1989 4066 3574 4136">
    <p class='ocr_par' dir='ltr' id='par_1_85' title="bbox 1989 4066 3574 4136">
     <span class='ocr_line' id='line_1_86' title="bbox 1989 4066 3574 4136; baseline -0.004 -12"><span class='ocrx_word' id='word_1_590' title='bbox 1989 4068 2510 4125; x_wconf 88' lang='lat' dir='ltr'><strong>commentationem</strong></span> <span class='ocrx_word' id='word_1_591' title='bbox 2561 4068 2629 4123; x_wconf 89' lang='lat' dir='ltr'><strong>de</strong></span> <span class='ocrx_word' id='word_1_592' title='bbox 2668 4067 3010 4134; x_wconf 82' lang='lat' dir='ltr'><strong>argumentis</strong></span> <span class='ocrx_word' id='word_1_593' title='bbox 3062 4066 3171 4122; x_wconf 90' lang='lat' dir='ltr'><strong>illis</strong></span> <span class='ocrx_word' id='word_1_594' title='bbox 3227 4067 3281 4120; x_wconf 90' lang='lat' dir='ltr'><strong>in</strong></span> <span class='ocrx_word' id='word_1_595' title='bbox 3315 4072 3574 4136; x_wconf 88' lang='lat' dir='ltr'><strong>promptu</strong></span> 
     </span>
    </p>
   </div>
   <div class='ocr_carea' id='block_1_86' title="bbox 1990 4156 3572 4227">
    <p class='ocr_par' dir='ltr' id='par_1_86' title="bbox 1990 4156 3572 4227">
     <span class='ocr_line' id='line_1_87' title="bbox 1990 4156 3572 4227; baseline -0.005 -13"><span class='ocrx_word' id='word_1_596' title='bbox 1990 4161 2213 4226; x_wconf 89' lang='lat' dir='ltr'><strong>habere,</strong></span> <span class='ocrx_word' id='word_1_597' title='bbox 2246 4159 2380 4212; x_wconf 88' lang='lat' dir='ltr'><strong>mihi</strong></span> <span class='ocrx_word' id='word_1_598' title='bbox 2413 4174 2541 4213; x_wconf 86' lang='lat' dir='ltr'><strong>vero</strong></span> <span class='ocrx_word' id='word_1_599' title='bbox 2597 4158 2699 4227; x_wconf 90' lang='lat' dir='ltr'><strong>ipsi</strong></span> <span class='ocrx_word' id='word_1_600' title='bbox 2728 4158 3030 4226; x_wconf 88' lang='lat' dir='ltr'><strong>jucundqu</strong></span> <span class='ocrx_word' id='word_1_601' title='bbox 3087 4158 3179 4221; x_wconf 92' lang='lat' dir='ltr'><strong>sit,</strong></span> <span class='ocrx_word' id='word_1_602' title='bbox 3234 4171 3341 4210; x_wconf 90' lang='lat' dir='ltr'><strong>nou</strong></span> <span class='ocrx_word' id='word_1_603' title='bbox 3393 4156 3572 4211; x_wconf 88' lang='lat' dir='ltr'><strong>solum</strong></span> 
     </span>
    </p>
   </div>
   <div class='ocr_carea' id='block_1_87' title="bbox 1987 4248 3573 4318">
    <p class='ocr_par' dir='ltr' id='par_1_87' title="bbox 1987 4248 3573 4318">
     <span class='ocr_line' id='line_1_88' title="bbox 1987 4248 3573 4318; baseline -0.005 -10"><span class='ocrx_word' id='word_1_604' title='bbox 1987 4252 2129 4308; x_wconf 87' lang='lat' dir='ltr'><strong>scire</strong></span> <span class='ocrx_word' id='word_1_605' title='bbox 2167 4251 2318 4315; x_wconf 90' lang='lat' dir='ltr'><strong>talia,</strong></span> <span class='ocrx_word' id='word_1_606' title='bbox 2353 4250 2448 4305; x_wconf 87' lang='lat' dir='ltr'><strong>sed</strong></span> <span class='ocrx_word' id='word_1_607' title='bbox 2488 4258 2562 4314; x_wconf 92' lang='lat' dir='ltr'><strong>et,</strong></span> <span class='ocrx_word' id='word_1_608' title='bbox 2604 4260 2659 4303; x_wconf 94' lang='lat' dir='ltr'><strong>ut</strong></span> <span class='ocrx_word' id='word_1_609' title='bbox 2689 4250 2781 4303; x_wconf 90' lang='lat' dir='ltr'><strong>alii</strong></span> <span class='ocrx_word' id='word_1_610' title='bbox 2835 4250 3074 4313; x_wconf 89' lang='lat' dir='ltr'><strong>discant,</strong></span> <span class='ocrx_word' id='word_1_611' title='bbox 3131 4248 3371 4312; x_wconf 78' lang='lat' dir='ltr'><strong>efﬁcere,</strong></span> <span class='ocrx_word' id='word_1_612' title='bbox 3428 4248 3573 4318; x_wconf 81' lang='lat' dir='ltr'><strong>peti-</strong></span> 
     </span>
    </p>
   </div>
   <div class='ocr_carea' id='block_1_88' title="bbox 1989 4336 3571 4408">
    <p class='ocr_par' dir='ltr' id='par_1_88' title="bbox 1989 4336 3571 4408">
     <span class='ocr_line' id='line_1_89' title="bbox 1989 4336 3571 4408; baseline -0.004 -11"><span class='ocrx_word' id='word_1_613' title='bbox 1989 4343 2192 4398; x_wconf 88' lang='lat' dir='ltr'><strong>tionem</strong></span> <span class='ocrx_word' id='word_1_614' title='bbox 2232 4350 2379 4395; x_wconf 89' lang='lat' dir='ltr'><strong>tuam</strong></span> <span class='ocrx_word' id='word_1_615' title='bbox 2411 4341 2653 4396; x_wconf 87' lang='lat' dir='ltr'><strong>aversari</strong></span> <span class='ocrx_word' id='word_1_616' title='bbox 2688 4340 2863 4404; x_wconf 70' lang='lat' dir='ltr'><strong>nolui,</strong></span> <span class='ocrx_word' id='word_1_617' title='bbox 2901 4338 3031 4394; x_wconf 91' lang='lat' dir='ltr'><strong>Dico</strong></span> <span class='ocrx_word' id='word_1_618' title='bbox 3057 4340 3242 4408; x_wconf 88' lang='lat' dir='ltr'><strong>itaque</strong></span> <span class='ocrx_word' id='word_1_619' title='bbox 3274 4356 3288 4392; x_wconf 88' lang='lat'><strong>:</strong></span> <span class='ocrx_word' id='word_1_620' title='bbox 3316 4336 3571 4404; x_wconf 85' lang='lat' dir='ltr'><strong>Quandiu</strong></span> 
     </span>
    </p>
   </div>
   <div class='ocr_carea' id='block_1_89' title="bbox 1989 4429 3569 4502">
    <p class='ocr_par' dir='ltr' id='par_1_89' title="bbox 1989 4429 3569 4502">
     <span class='ocr_line' id='line_1_90' title="bbox 1989 4429 3569 4502; baseline -0.003 -16"><span class='ocrx_word' id='word_1_621' title='bbox 1989 4433 2183 4502; x_wconf 85' lang='lat' dir='ltr'><strong>vulgus</strong></span> <span class='ocrx_word' id='word_1_622' title='bbox 2245 4431 2559 4487; x_wconf 68' lang='lat' dir='ltr'><strong>Iudaeorum</strong></span> <span class='ocrx_word' id='word_1_623' title='bbox 2620 4431 2944 4485; x_wconf 88' lang='lat' dir='ltr'><strong>memoriam</strong></span> <span class='ocrx_word' id='word_1_624' title='bbox 3012 4439 3069 4485; x_wconf 91' lang='lat' dir='ltr'><strong>et</strong></span> <span class='ocrx_word' id='word_1_625' title='bbox 3130 4429 3569 4486; x_wconf 83' lang='lat' dir='ltr'><strong>recordationem</strong></span> 
     </span>
    </p>
   </div>
   <div class='ocr_carea' id='block_1_90' title="bbox 283 4521 1880 4593">
    <p class='ocr_par' dir='ltr' id='par_1_90' title="bbox 283 4521 1880 4593">
     <span class='ocr_line' id='line_1_91' title="bbox 283 4521 1880 4593; baseline -0.001 -16"><span class='ocrx_word' id='word_1_626' title='bbox 283 4525 398 4577; x_wconf 87' lang='grc' dir='ltr'><strong>τῶν</strong></span> <span class='ocrx_word' id='word_1_627' title='bbox 458 4522 691 4592; x_wconf 76' lang='grc' dir='ltr'>θλίψεων</span> <span class='ocrx_word' id='word_1_628' title='bbox 744 4524 846 4577; x_wconf 85' lang='grc' dir='ltr'><strong>οὑκ</strong></span> <span class='ocrx_word' id='word_1_629' title='bbox 892 4524 1206 4593; x_wconf 84' lang='grc' dir='ltr'>ἀφείλαντο,</span> <span class='ocrx_word' id='word_1_630' title='bbox 1236 4521 1354 4576; x_wconf 88' lang='grc' dir='ltr'>ἀλλ’</span> <span class='ocrx_word' id='word_1_631' title='bbox 1398 4521 1479 4575; x_wconf 78' lang='grc' dir='ltr'><strong>έτι</strong></span> <span class='ocrx_word' id='word_1_632' title='bbox 1516 4523 1700 4591; x_wconf 87' lang='grc' dir='ltr'>μένειν</span> <span class='ocrx_word' id='word_1_633' title='bbox 1756 4521 1880 4575; x_wconf 78' lang='grc' dir='ltr'>τινὰ</span> 
     </span>
    </p>
   </div>
   <div class='ocr_carea' id='block_1_91' title="bbox 1985 4521 3571 4593">
    <p class='ocr_par' dir='ltr' id='par_1_91' title="bbox 1985 4522 3571 4579">
     <span class='ocr_line' id='line_1_92' title="bbox 1985 4522 3571 4579; baseline -0.003 -1"><span class='ocrx_word' id='word_1_634' title='bbox 1985 4524 2265 4579; x_wconf 86' lang='lat' dir='ltr'><strong>variarum</strong></span> <span class='ocrx_word' id='word_1_635' title='bbox 2341 4525 2700 4578; x_wconf 87' lang='lat' dir='ltr'><strong>teutationum</strong></span> <span class='ocrx_word' id='word_1_636' title='bbox 2766 4530 2821 4578; x_wconf 89' lang='lat' dir='ltr'><strong>et</strong></span> <span class='ocrx_word' id='word_1_637' title='bbox 2875 4523 3251 4578; x_wconf 88' lang='lat' dir='ltr'><strong>calamitatum</strong></span> <span class='ocrx_word' id='word_1_638' title='bbox 3329 4522 3571 4577; x_wconf 89' lang='lat' dir='ltr'><strong>nondum</strong></span> 
     </span>
    </p>
   </div>
   <div class='ocr_carea' id='block_1_92' title="bbox 280 4610 1880 4681">
    <p class='ocr_par' dir='ltr' id='par_1_92' title="bbox 280 4610 1880 4681">
     <span class='ocr_line' id='line_1_93' title="bbox 280 4610 1880 4681; baseline 0 -16"><span class='ocrx_word' id='word_1_639' title='bbox 280 4612 394 4665; x_wconf 81' lang='grc' dir='ltr'><strong>τῶν</strong></span> <span class='ocrx_word' id='word_1_640' title='bbox 423 4610 691 4681; x_wconf 71' lang='grc' dir='ltr'>λειψάνων</span> <span class='ocrx_word' id='word_1_641' title='bbox 725 4612 1099 4677; x_wconf 86' lang='grc' dir='ltr'>ὑπελείποντο,</span> <span class='ocrx_word' id='word_1_642' title='bbox 1140 4612 1216 4675; x_wconf 86' lang='grc' dir='ltr'><strong>ὡς</strong></span> <span class='ocrx_word' id='word_1_643' title='bbox 1241 4614 1334 4665; x_wconf 81' lang='grc' dir='ltr'><strong>καὶ</strong></span> <span class='ocrx_word' id='word_1_644' title='bbox 1360 4612 1429 4665; x_wconf 84' lang='grc' dir='ltr'>δι’</span> <span class='ocrx_word' id='word_1_645' title='bbox 1456 4612 1623 4675; x_wconf 84' lang='grc' dir='ltr'>ἀλλας</span> <span class='ocrx_word' id='word_1_646' title='bbox 1666 4610 1765 4681; x_wconf 80' lang='grc' dir='ltr'><strong>μὲν</strong></span> <span class='ocrx_word' id='word_1_647' title='bbox 1792 4612 1880 4665; x_wconf 81' lang='grc' dir='ltr'><strong>αἰ-</strong></span> 
     </span>
    </p>
   </div>
   <div class='ocr_carea' id='block_1_93' title="bbox 278 4704 1879 4776">
    <p class='ocr_par' dir='ltr' id='par_1_93' title="bbox 278 4704 1879 4776">
     <span class='ocr_line' id='line_1_94' title="bbox 278 4704 1879 4776; baseline 0.002 -20"><span class='ocrx_word' id='word_1_648' title='bbox 278 4706 409 4766; x_wconf 87' lang='grc' dir='ltr'>τίας</span> <span class='ocrx_word' id='word_1_649' title='bbox 449 4705 677 4773; x_wconf 82' lang='grc' dir='ltr'>Μωσῆς,</span> <span class='ocrx_word' id='word_1_650' title='bbox 708 4704 806 4775; x_wconf 82' lang='grc' dir='ltr'><strong>τῆς</strong></span> <span class='ocrx_word' id='word_1_651' title='bbox 832 4705 1227 4774; x_wconf 88' lang='grc' dir='ltr'>κοσμογενείας</span> <span class='ocrx_word' id='word_1_652' title='bbox 1265 4705 1350 4767; x_wconf 84' lang='grc' dir='ltr'><strong>είς</strong></span> <span class='ocrx_word' id='word_1_653' title='bbox 1376 4704 1597 4776; x_wconf 74' lang='grc' dir='ltr'>ἐμφανῆ</span> <span class='ocrx_word' id='word_1_654' title='bbox 1627 4704 1879 4776; x_wconf 80' lang='grc' dir='ltr'>διήγησιν</span> 
     </span>
    </p>
   </div>
   <div class='ocr_carea' id='block_1_94' title="bbox 282 4795 1877 4865">
    <p class='ocr_par' dir='ltr' id='par_1_94' title="bbox 282 4795 1877 4865">
     <span class='ocr_line' id='line_1_95' title="bbox 282 4795 1877 4865; baseline 0.001 -17"><span class='ocrx_word' id='word_1_655' title='bbox 282 4795 710 4865; x_wconf 83' lang='grc' dir='ltr'>καθιστάμενος,</span> <span class='ocrx_word' id='word_1_656' title='bbox 758 4795 1006 4864; x_wconf 84' lang='grc' dir='ltr'>ἀγγέλων</span> <span class='ocrx_word' id='word_1_657' title='bbox 1039 4795 1163 4850; x_wconf 79' lang='grc' dir='ltr'>οὔτε</span> <span class='ocrx_word' id='word_1_658' title='bbox 1211 4797 1400 4860; x_wconf 85' lang='grc' dir='ltr'>οὐσίας</span> <span class='ocrx_word' id='word_1_659' title='bbox 1448 4797 1571 4849; x_wconf 71' lang='grc' dir='ltr'>οὔτε</span> <span class='ocrx_word' id='word_1_660' title='bbox 1604 4796 1877 4865; x_wconf 88' lang='grc' dir='ltr'>γενέσεως</span> 
     </span>
    </p>
   </div>
   <div class='ocr_carea' id='block_1_95' title="bbox 280 4886 1879 4959">
    <p class='ocr_par' dir='ltr' id='par_1_95' title="bbox 280 4886 1879 4959">
     <span class='ocr_line' id='line_1_96' title="bbox 280 4886 1879 4959; baseline 0.001 -21"><span class='ocrx_word' id='word_1_661' title='bbox 280 4888 381 4938; x_wconf 75' lang='grc' dir='ltr'>ἐπε</span> <span class='ocrx_word' id='word_1_662' title='bbox 392 4886 632 4957; x_wconf 85' lang='grc' dir='ltr'>μνήσθη.</span> <span class='ocrx_word' id='word_1_663' title='bbox 658 4887 1059 4958; x_wconf 80' lang='grc' dir='ltr'>Κεχωρισμένα</span> <span class='ocrx_word' id='word_1_664' title='bbox 1081 4904 1144 4941; x_wconf 87' lang='grc' dir='ltr'><strong>τε</strong></span> <span class='ocrx_word' id='word_1_665' title='bbox 1170 4888 1278 4959; x_wconf 81' lang='grc' dir='ltr'>γὰρ</span> <span class='ocrx_word' id='word_1_666' title='bbox 1300 4888 1475 4941; x_wconf 84' lang='grc' dir='ltr'>ταῦτα</span> <span class='ocrx_word' id='word_1_667' title='bbox 1488 4888 1587 4957; x_wconf 83' lang='grc' dir='ltr'><strong>τῆς</strong></span> <span class='ocrx_word' id='word_1_668' title='bbox 1610 4886 1879 4957; x_wconf 79' lang='grc' dir='ltr'>αἰσθητῆς</span> 
     </span>
    </p>
   </div>
   <div class='ocr_carea' id='block_1_96' title="bbox 280 4976 1883 5049">
    <p class='ocr_par' dir='ltr' id='par_1_96' title="bbox 280 4976 1883 5049">
     <span class='ocr_line' id='line_1_97' title="bbox 280 4976 1883 5049; baseline 0.001 -21"><span class='ocrx_word' id='word_1_669' title='bbox 280 4978 535 5039; x_wconf 89' lang='grc' dir='ltr'>κτίσεως.</span> <span class='ocrx_word' id='word_1_670' title='bbox 556 4977 666 5030; x_wconf 75' lang='grc' dir='ltr'><strong>Καὶ</strong></span> <span class='ocrx_word' id='word_1_671' title='bbox 681 4980 793 5042; x_wconf 85' lang='grc' dir='ltr'>τοῖς</span> <span class='ocrx_word' id='word_1_672' title='bbox 808 4976 869 5043; x_wconf 78' lang='grc' dir='ltr'>ἐξ</span> <span class='ocrx_word' id='word_1_673' title='bbox 902 4978 1117 5049; x_wconf 87' lang='grc' dir='ltr'>Ἰσραὴλ</span> <span class='ocrx_word' id='word_1_674' title='bbox 1136 4977 1262 5049; x_wconf 85' lang='grc' dir='ltr'>ἀρτι</span> <span class='ocrx_word' id='word_1_675' title='bbox 1281 4978 1417 5049; x_wconf 74' lang='grc' dir='ltr'>πρὸς</span> <span class='ocrx_word' id='word_1_676' title='bbox 1442 4977 1721 5048; x_wconf 86' lang='grc' dir='ltr'>θειοτέραν</span> <span class='ocrx_word' id='word_1_677' title='bbox 1742 4977 1883 5030; x_wconf 65' lang='grc' dir='ltr'>θεωο</span> 
     </span>
    </p>
   </div>
   <div class='ocr_carea' id='block_1_97' title="bbox 282 5070 1888 5142">
    <p class='ocr_par' dir='ltr' id='par_1_97' title="bbox 282 5070 1888 5142">
     <span class='ocr_line' id='line_1_98' title="bbox 282 5070 1888 5142; baseline 0.001 -21"><span class='ocrx_word' id='word_1_678' title='bbox 282 5070 410 5139; x_wconf 85' lang='grc' dir='ltr'>ρίαν</span> <span class='ocrx_word' id='word_1_679' title='bbox 463 5070 823 5142; x_wconf 86' lang='grc' dir='ltr'>ἀναγομένοις</span> <span class='ocrx_word' id='word_1_680' title='bbox 861 5072 969 5125; x_wconf 88' lang='grc' dir='ltr'><strong>ἀπὸ</strong></span> <span class='ocrx_word' id='word_1_681' title='bbox 989 5072 1091 5141; x_wconf 79' lang='grc' dir='ltr'>τῆς</span> <span class='ocrx_word' id='word_1_682' title='bbox 1109 5070 1491 5141; x_wconf 79' lang='grc' dir='ltr'>Αἰγυπτιακῆς</span> <span class='ocrx_word' id='word_1_683' title='bbox 1512 5071 1751 5141; x_wconf 83' lang='grc' dir='ltr'>μάλιστα</span> <span class='ocrx_word' id='word_1_684' title='bbox 1781 5070 1888 5123; x_wconf 81' lang='grc' dir='ltr'>δει-</span> 
     </span>
    </p>
   </div>
   <div class='ocr_carea' id='block_1_98' title="bbox 282 5157 1891 5238">
    <p class='ocr_par' dir='ltr' id='par_1_98' title="bbox 282 5157 1891 5238">
     <span class='ocr_line' id='line_1_99' title="bbox 282 5157 1891 5238; baseline 0.003 -27"><span class='ocrx_word' id='word_1_685' title='bbox 282 5160 647 5230; x_wconf 88' lang='grc' dir='ltr'>σιδαιμονίας,</span> <span class='ocrx_word' id='word_1_686' title='bbox 669 5163 727 5216; x_wconf 73' lang='grc' dir='ltr'>ὲν</span> <span class='ocrx_word' id='word_1_687' title='bbox 750 5157 963 5238; x_wconf 82' lang='grc' dir='ltr'>ᾗπολὺν</span> <span class='ocrx_word' id='word_1_688' title='bbox 982 5164 1172 5235; x_wconf 90' lang='grc' dir='ltr'>χρόνον</span> <span class='ocrx_word' id='word_1_689' title='bbox 1188 5164 1238 5217; x_wconf 78' lang='grc' dir='ltr'><strong>εί</strong></span> <span class='ocrx_word' id='word_1_690' title='bbox 1256 5164 1350 5217; x_wconf 78' lang='grc' dir='ltr'>καὶ</span> <span class='ocrx_word' id='word_1_691' title='bbox 1368 5161 1446 5234; x_wconf 82' lang='grc' dir='ltr'>μὴ</span> <span class='ocrx_word' id='word_1_692' title='bbox 1466 5164 1533 5234; x_wconf 81' lang='grc' dir='ltr'>τῇ</span> <span class='ocrx_word' id='word_1_693' title='bbox 1561 5163 1738 5235; x_wconf 83' lang='grc' dir='ltr'>πλάνῃ</span> <span class='ocrx_word' id='word_1_694' title='bbox 1758 5162 1891 5216; x_wconf 85' lang='grc' dir='ltr'>κάτ-</span> 
     </span>
    </p>
   </div>
   <div class='ocr_carea' id='block_1_99' title="bbox 280 5252 1879 5329">
    <p class='ocr_par' dir='ltr' id='par_1_99' title="bbox 280 5252 1879 5329">
     <span class='ocr_line' id='line_1_100' title="bbox 280 5252 1879 5329; baseline 0.003 -26"><span class='ocrx_word' id='word_1_695' title='bbox 280 5268 421 5321; x_wconf 84' lang='grc' dir='ltr'>οχοι,</span> <span class='ocrx_word' id='word_1_696' title='bbox 439 5252 554 5307; x_wconf 87' lang='grc' dir='ltr'>ἀλλ’</span> <span class='ocrx_word' id='word_1_697' title='bbox 573 5254 631 5309; x_wconf 81' lang='grc' dir='ltr'>ἑν</span> <span class='ocrx_word' id='word_1_698' title='bbox 649 5272 714 5325; x_wconf 85' lang='grc' dir='ltr'><strong>γε</strong></span> <span class='ocrx_word' id='word_1_699' title='bbox 737 5257 850 5329; x_wconf 74' lang='grc' dir='ltr'><strong>(Μ)</strong></span> <span class='ocrx_word' id='word_1_700' title='bbox 878 5258 991 5321; x_wconf 85' lang='grc' dir='ltr'>τοῖς</span> <span class='ocrx_word' id='word_1_701' title='bbox 1014 5253 1405 5327; x_wconf 85' lang='grc' dir='ltr'>κατεχομένοις</span> <span class='ocrx_word' id='word_1_702' title='bbox 1434 5253 1525 5308; x_wconf 78' lang='grc' dir='ltr'><strong>τὸν</strong></span> <span class='ocrx_word' id='word_1_703' title='bbox 1548 5253 1662 5325; x_wconf 83' lang='grc' dir='ltr'>βίον</span> <span class='ocrx_word' id='word_1_704' title='bbox 1682 5254 1879 5327; x_wconf 85' lang='grc' dir='ltr'>διέτρι-</span> 
     </span>
    </p>
   </div>
   <div class='ocr_carea' id='block_1_100' title="bbox 358 5458 1880 5534">
    <p class='ocr_par' dir='ltr' id='par_1_100' title="bbox 358 5458 1880 5534">
     <span class='ocr_line' id='line_1_101' title="bbox 358 5458 1880 5534; baseline 0.005 -21"><span class='ocrx_word' id='word_1_705' title='bbox 358 5458 474 5529; x_wconf 77' lang='lat'><strong>(‘58)</strong></span> <span class='ocrx_word' id='word_1_706' title='bbox 507 5459 700 5525; x_wconf 89' lang='lat' dir='ltr'><strong>Quoad</strong></span> <span class='ocrx_word' id='word_1_707' title='bbox 734 5462 971 5531; x_wconf 86' lang='lat' dir='ltr'><strong>priorem</strong></span> <span class='ocrx_word' id='word_1_708' title='bbox 1003 5474 1208 5533; x_wconf 89' lang='lat' dir='ltr'><strong>partem</strong></span> <span class='ocrx_word' id='word_1_709' title='bbox 1240 5466 1355 5520; x_wconf 67' lang='lat' dir='ltr'><strong>haec</strong></span> <span class='ocrx_word' id='word_1_710' title='bbox 1386 5465 1616 5534; x_wconf 74' lang='lat' dir='ltr'><strong>quarstio</strong></span> <span class='ocrx_word' id='word_1_711' title='bbox 1635 5464 1880 5534; x_wconf 85' lang='lat' dir='ltr'><strong>ejusdem</strong></span> 
     </span>
    </p>
   </div>
   <div class='ocr_carea' id='block_1_101' title="bbox 287 5528 1878 5609">
    <p class='ocr_par' dir='ltr' id='par_1_101' title="bbox 287 5528 1878 5609">
     <span class='ocr_line' id='line_1_102' title="bbox 287 5528 1878 5609; baseline 0.006 -28"><span class='ocrx_word' id='word_1_712' title='bbox 287 5528 405 5609; x_wconf 78' lang='lat' dir='ltr'><strong>fere</strong></span> <span class='ocrx_word' id='word_1_713' title='bbox 458 5528 773 5609; x_wconf 69' lang='lat' dir='ltr'><strong>argumenti</strong></span> <span class='ocrx_word' id='word_1_714' title='bbox 825 5544 917 5609; x_wconf 73' lang='lat' dir='ltr'><strong>est</strong></span> <span class='ocrx_word' id='word_1_715' title='bbox 964 5528 1028 5587; x_wconf 80' lang='lat' dir='ltr'><strong>ac</strong></span> <span class='ocrx_word' id='word_1_716' title='bbox 1078 5537 1315 5609; x_wconf 66' lang='lat' dir='ltr'><strong>quaestio</strong></span> <span class='ocrx_word' id='word_1_717' title='bbox 1366 5528 1430 5589; x_wconf 78' lang='grc' dir='ltr'>νί</span> <span class='ocrx_word' id='word_1_718' title='bbox 1468 5528 1878 5607; x_wconf 73' lang='grc' dir='ltr'>ειΧν,”ηυοιιι1</span> 
     </span>
    </p>
   </div>
   <div class='ocr_carea' id='block_1_102' title="bbox 284 5603 1339 5673">
    <p class='ocr_par' dir='ltr' id='par_1_102' title="bbox 284 5603 1339 5673">
     <span class='ocr_line' id='line_1_103' title="bbox 284 5603 1339 5673; baseline 0.006 -21"><span class='ocrx_word' id='word_1_719' title='bbox 284 5603 649 5673; x_wconf 64' lang='lat' dir='ltr'><strong>posteriorem</strong></span> <span class='ocrx_word' id='word_1_720' title='bbox 692 5603 947 5673; x_wconf 85' lang='lat' dir='ltr'><strong>convenit</strong></span> <span class='ocrx_word' id='word_1_721' title='bbox 984 5619 1106 5657; x_wconf 91' lang='lat' dir='ltr'><strong>cum</strong></span> <span class='ocrx_word' id='word_1_722' title='bbox 1141 5621 1196 5673; x_wconf 79' lang='grc' dir='ltr'><strong>ιι.</strong></span> <span class='ocrx_word' id='word_1_723' title='bbox 1230 5604 1339 5658; x_wconf 91' lang='lat' dir='ltr'><strong>LII.</strong></span> 
     </span>
    </p>
   </div>
   <div class='ocr_carea' id='block_1_103' title="bbox 357 5669 1872 5744">
    <p class='ocr_par' dir='ltr' id='par_1_103' title="bbox 357 5669 1872 5744">
     <span class='ocr_line' id='line_1_104' title="bbox 357 5669 1872 5744; baseline 0.005 -23"><span class='ocrx_word' id='word_1_724' title='bbox 357 5669 473 5744; x_wconf 71' lang='grc' dir='ltr'><strong>(ὅθ)</strong></span> <span class='ocrx_word' id='word_1_725' title='bbox 498 5670 656 5744; x_wconf 61' lang='lat' dir='ltr'><strong>(Iulli.</strong></span> <span class='ocrx_word' id='word_1_726' title='bbox 700 5671 770 5744; x_wconf 78' lang='lat' dir='ltr'><strong>ita</strong></span> <span class='ocrx_word' id='word_1_727' title='bbox 801 5690 827 5744; x_wconf 86' lang='lat'><strong>:_</strong></span> <span class='ocrx_word' id='word_1_728' title='bbox 848 5672 947 5725; x_wconf 81' lang='grc' dir='ltr'>Διά</span> <span class='ocrx_word' id='word_1_729' title='bbox 973 5673 1026 5744; x_wconf 73' lang='grc' dir='ltr'><strong>τί</strong></span> <span class='ocrx_word' id='word_1_730' title='bbox 1052 5669 1292 5743; x_wconf 76' lang='grc' dir='ltr'>Μωὺσῆς</span> <span class='ocrx_word' id='word_1_731' title='bbox 1322 5676 1381 5726; x_wconf 83' lang='grc' dir='ltr'><strong>ἐν</strong></span> <span class='ocrx_word' id='word_1_732' title='bbox 1411 5677 1476 5743; x_wconf 78' lang='grc' dir='ltr'>τῇ</span> <span class='ocrx_word' id='word_1_733' title='bbox 1511 5675 1872 5744; x_wconf 83' lang='grc' dir='ltr'>κοσμογενείᾳ</span> 
     </span>
    </p>
   </div>
   <div class='ocr_carea' id='block_1_104' title="bbox 281 5733 1863 5815">
    <p class='ocr_par' dir='ltr' id='par_1_104' title="bbox 281 5733 1863 5815">
     <span class='ocr_line' id='line_1_105' title="bbox 281 5733 1863 5815; baseline 0.006 -24"><span class='ocrx_word' id='word_1_734' title='bbox 281 5737 413 5792; x_wconf 75' lang='grc' dir='ltr'>οὔτε</span> <span class='ocrx_word' id='word_1_735' title='bbox 436 5733 685 5807; x_wconf 71' lang='grc' dir='ltr'>ἀγγέλων</span> <span class='ocrx_word' id='word_1_736' title='bbox 708 5740 916 5809; x_wconf 82' lang='grc' dir='ltr'>οὐσίας,</span> <span class='ocrx_word' id='word_1_737' title='bbox 942 5740 1062 5797; x_wconf 70' lang='grc' dir='ltr'>οὔτε</span> <span class='ocrx_word' id='word_1_738' title='bbox 1118 5733 1383 5813; x_wconf 69' lang='grc' dir='ltr'>γενέσεως</span> <span class='ocrx_word' id='word_1_739' title='bbox 1421 5733 1863 5815; x_wconf 64' lang='grc' dir='ltr'>ἐμνημόνεὺσενξ</span> 
     </span>
    </p>
   </div>
   <div class='ocr_carea' id='block_1_105' title="bbox 1984 4614 3566 4685">
    <p class='ocr_par' dir='ltr' id='par_1_105' title="bbox 1984 4614 3566 4685">
     <span class='ocr_line' id='line_1_106' title="bbox 1984 4614 3566 4685; baseline -0.003 -15"><span class='ocrx_word' id='word_1_740' title='bbox 1984 4616 2269 4679; x_wconf 85' lang='lat' dir='ltr'><strong>amiserat,</strong></span> <span class='ocrx_word' id='word_1_741' title='bbox 2293 4615 2389 4669; x_wconf 91' lang='lat' dir='ltr'><strong>sed</strong></span> <span class='ocrx_word' id='word_1_742' title='bbox 2420 4614 2681 4684; x_wconf 87' lang='lat' dir='ltr'><strong>reliquias</strong></span> <span class='ocrx_word' id='word_1_743' title='bbox 2714 4615 2986 4685; x_wconf 87' lang='lat' dir='ltr'><strong>quasdam</strong></span> <span class='ocrx_word' id='word_1_744' title='bbox 3025 4617 3078 4669; x_wconf 91' lang='lat' dir='ltr'><strong>in</strong></span> <span class='ocrx_word' id='word_1_745' title='bbox 3109 4622 3361 4685; x_wconf 90' lang='lat' dir='ltr'><strong>promptu</strong></span> <span class='ocrx_word' id='word_1_746' title='bbox 3398 4614 3566 4668; x_wconf 90' lang='lat' dir='ltr'><strong>habe-</strong></span> 
     </span>
    </p>
   </div>
   <div class='ocr_carea' id='block_1_106' title="bbox 1985 4707 3571 4779">
    <p class='ocr_par' dir='ltr' id='par_1_106' title="bbox 1985 4707 3571 4779">
     <span class='ocr_line' id='line_1_107' title="bbox 1985 4707 3571 4779; baseline -0.002 -15"><span class='ocrx_word' id='word_1_747' title='bbox 1985 4710 2096 4774; x_wconf 91' lang='lat' dir='ltr'><strong>bat,</strong></span> <span class='ocrx_word' id='word_1_748' title='bbox 2134 4707 2321 4763; x_wconf 89' lang='lat' dir='ltr'><strong>Mosen</strong></span> <span class='ocrx_word' id='word_1_749' title='bbox 2376 4708 2596 4777; x_wconf 88' lang='lat' dir='ltr'><strong>quidem</strong></span> <span class='ocrx_word' id='word_1_750' title='bbox 2648 4718 2849 4779; x_wconf 84' lang='lat' dir='ltr'><strong>praeter</strong></span> <span class='ocrx_word' id='word_1_751' title='bbox 2896 4710 3033 4765; x_wconf 89' lang='lat' dir='ltr'><strong>alias</strong></span> <span class='ocrx_word' id='word_1_752' title='bbox 3093 4724 3315 4779; x_wconf 91' lang='lat' dir='ltr'><strong>quoque</strong></span> <span class='ocrx_word' id='word_1_753' title='bbox 3366 4721 3571 4763; x_wconf 90' lang='lat' dir='ltr'><strong>causas</strong></span> 
     </span>
    </p>
   </div>
   <div class='ocr_carea' id='block_1_107' title="bbox 1983 4800 3563 4869">
    <p class='ocr_par' dir='ltr' id='par_1_107' title="bbox 1983 4800 3563 4869">
     <span class='ocr_line' id='line_1_108' title="bbox 1983 4800 3563 4869; baseline -0.004 -12"><span class='ocrx_word' id='word_1_754' title='bbox 1983 4810 2297 4857; x_wconf 88' lang='lat' dir='ltr'><strong>accuratam</strong></span> <span class='ocrx_word' id='word_1_755' title='bbox 2327 4803 2476 4856; x_wconf 89' lang='lat' dir='ltr'><strong>orbis</strong></span> <span class='ocrx_word' id='word_1_756' title='bbox 2505 4802 2711 4857; x_wconf 89' lang='lat' dir='ltr'><strong>conditi</strong></span> <span class='ocrx_word' id='word_1_757' title='bbox 2758 4802 3164 4856; x_wconf 88' lang='lat' dir='ltr'><strong>enarrationem</strong></span> <span class='ocrx_word' id='word_1_758' title='bbox 3227 4800 3563 4869; x_wconf 88' lang='lat' dir='ltr'><strong>ingressum,</strong></span> 
     </span>
    </p>
   </div>
   <div class='ocr_carea' id='block_1_108' title="bbox 1986 4891 3573 4961">
    <p class='ocr_par' dir='ltr' id='par_1_108' title="bbox 1986 4891 3573 4961">
     <span class='ocr_line' id='line_1_109' title="bbox 1986 4891 3573 4961; baseline -0.004 -13"><span class='ocrx_word' id='word_1_759' title='bbox 1986 4908 2089 4948; x_wconf 90' lang='lat' dir='ltr'><strong>nec</strong></span> <span class='ocrx_word' id='word_1_760' title='bbox 2112 4892 2491 4949; x_wconf 83' lang='lat' dir='ltr'><strong>exsistentiam</strong></span> <span class='ocrx_word' id='word_1_761' title='bbox 2530 4906 2634 4946; x_wconf 90' lang='lat' dir='ltr'><strong>nec</strong></span> <span class='ocrx_word' id='word_1_762' title='bbox 2664 4891 2931 4961; x_wconf 89' lang='lat' dir='ltr'><strong>originem</strong></span> <span class='ocrx_word' id='word_1_763' title='bbox 2964 4892 3283 4961; x_wconf 84' lang='lat' dir='ltr'><strong>angelorum</strong></span> <span class='ocrx_word' id='word_1_764' title='bbox 3330 4904 3573 4943; x_wconf 88' lang='lat' dir='ltr'><strong>comme-</strong></span> 
     </span>
    </p>
   </div>
   <div class='ocr_carea' id='block_1_109' title="bbox 1990 4976 3569 5051">
    <p class='ocr_par' dir='ltr' id='par_1_109' title="bbox 1990 4976 3569 5051">
     <span class='ocr_line' id='line_1_110' title="bbox 1990 4976 3569 5051; baseline -0.005 -14"><span class='ocrx_word' id='word_1_765' title='bbox 1990 4997 2256 5038; x_wconf 89' lang='lat' dir='ltr'><strong>morasse.</strong></span> <span class='ocrx_word' id='word_1_766' title='bbox 2288 4981 2415 5036; x_wconf 66' lang='lat' dir='ltr'><strong>llaac</strong></span> <span class='ocrx_word' id='word_1_767' title='bbox 2442 4980 2588 5035; x_wconf 89' lang='lat' dir='ltr'><strong>enim</strong></span> <span class='ocrx_word' id='word_1_768' title='bbox 2623 4997 2654 5035; x_wconf 89' lang='lat' dir='ltr'><strong>a</strong></span> <span class='ocrx_word' id='word_1_769' title='bbox 2688 4981 2873 5045; x_wconf 89' lang='lat' dir='ltr'><strong>rebus,</strong></span> <span class='ocrx_word' id='word_1_770' title='bbox 2907 4996 3031 5051; x_wconf 67' lang='lat' dir='ltr'><strong>quae</strong></span> <span class='ocrx_word' id='word_1_771' title='bbox 3083 4979 3337 5034; x_wconf 86' lang='lat' dir='ltr'><strong>sensibus</strong></span> <span class='ocrx_word' id='word_1_772' title='bbox 3390 4976 3569 5030; x_wconf 65' lang='lat' dir='ltr'><strong>obvim</strong></span> 
     </span>
    </p>
   </div>
   <div class='ocr_carea' id='block_1_110' title="bbox 1993 5066 3570 5134">
    <p class='ocr_par' dir='ltr' id='par_1_110' title="bbox 1993 5066 3570 5134">
     <span class='ocr_line' id='line_1_111' title="bbox 1993 5066 3570 5134; baseline -0.002 -9"><span class='ocrx_word' id='word_1_773' title='bbox 1993 5079 2143 5134; x_wconf 91' lang='lat' dir='ltr'><strong>sunt,</strong></span> <span class='ocrx_word' id='word_1_774' title='bbox 2178 5070 2530 5125; x_wconf 88' lang='lat' dir='ltr'><strong>vehementer</strong></span> <span class='ocrx_word' id='word_1_775' title='bbox 2571 5078 2701 5125; x_wconf 91' lang='lat' dir='ltr'><strong>sunt</strong></span> <span class='ocrx_word' id='word_1_776' title='bbox 2740 5070 3023 5126; x_wconf 87' lang='lat' dir='ltr'><strong>distincta.</strong></span> <span class='ocrx_word' id='word_1_777' title='bbox 3079 5068 3250 5123; x_wconf 86' lang='lat' dir='ltr'><strong>Porro</strong></span> <span class='ocrx_word' id='word_1_778' title='bbox 3282 5066 3570 5132; x_wconf 90' lang='lat' dir='ltr'><strong>Israclitis,</strong></span> 
     </span>
    </p>
   </div>
   <div class='ocr_carea' id='block_1_111' title="bbox 1998 5157 3572 5230">
    <p class='ocr_par' dir='ltr' id='par_1_111' title="bbox 1998 5157 3572 5230">
     <span class='ocr_line' id='line_1_112' title="bbox 1998 5157 3572 5230; baseline -0.002 -16"><span class='ocrx_word' id='word_1_779' title='bbox 1998 5169 2260 5230; x_wconf 88' lang='lat' dir='ltr'><strong>tanquam</strong></span> <span class='ocrx_word' id='word_1_780' title='bbox 2313 5161 2409 5227; x_wconf 89' lang='lat' dir='ltr'><strong>qui</strong></span> <span class='ocrx_word' id='word_1_781' title='bbox 2444 5161 2512 5215; x_wconf 87' lang='lat' dir='ltr'><strong>ad</strong></span> <span class='ocrx_word' id='word_1_782' title='bbox 2555 5161 2930 5217; x_wconf 88' lang='lat' dir='ltr'><strong>sublimiorem</strong></span> <span class='ocrx_word' id='word_1_783' title='bbox 2980 5160 3276 5230; x_wconf 86' lang='lat' dir='ltr'><strong>quamdam</strong></span> <span class='ocrx_word' id='word_1_784' title='bbox 3320 5157 3572 5219; x_wconf 77' lang='lat' dir='ltr'><strong>medita-</strong></span> 
     </span>
    </p>
   </div>
   <div class='ocr_carea' id='block_1_112' title="bbox 1985 5250 3573 5325">
    <p class='ocr_par' dir='ltr' id='par_1_112' title="bbox 1985 5250 3573 5325">
     <span class='ocr_line' id='line_1_113' title="bbox 1985 5250 3573 5325; baseline -0.002 -17"><span class='ocrx_word' id='word_1_785' title='bbox 1985 5252 2186 5308; x_wconf 91' lang='lat' dir='ltr'><strong>tionem</strong></span> <span class='ocrx_word' id='word_1_786' title='bbox 2214 5251 2285 5306; x_wconf 86' lang='lat' dir='ltr'><strong>ab</strong></span> <span class='ocrx_word' id='word_1_787' title='bbox 2309 5250 2630 5323; x_wconf 62' lang='lat' dir='ltr'><strong>Egyptiaca</strong></span> <span class='ocrx_word' id='word_1_788' title='bbox 2662 5254 2917 5325; x_wconf 91' lang='lat' dir='ltr'><strong>inprimis</strong></span> <span class='ocrx_word' id='word_1_789' title='bbox 2940 5251 3434 5323; x_wconf 89' lang='lat' dir='ltr'><strong>superstitione,(in</strong></span> <span class='ocrx_word' id='word_1_790' title='bbox 3463 5264 3573 5322; x_wconf 84' lang='lat' dir='ltr'><strong>qua</strong></span> 
     </span>
    </p>
   </div>
   <div class='ocr_carea' id='block_1_113' title="bbox 2068 5454 3570 5532">
    <p class='ocr_par' dir='ltr' id='par_1_113' title="bbox 2068 5454 3570 5532">
     <span class='ocr_line' id='line_1_114' title="bbox 2068 5454 3570 5532; baseline -0.004 -17"><span class='ocrx_word' id='word_1_791' title='bbox 2068 5463 2179 5532; x_wconf 69' lang='grc'><strong>(40)</strong></span> <span class='ocrx_word' id='word_1_792' title='bbox 2198 5461 2454 5517; x_wconf 85' lang='lat' dir='ltr'><strong>Fortasse</strong></span> <span class='ocrx_word' id='word_1_793' title='bbox 2481 5462 2585 5517; x_wconf 88' lang='lat' dir='ltr'><strong>hoc</strong></span> <span class='ocrx_word' id='word_1_794' title='bbox 2642 5460 2844 5514; x_wconf 82' lang='lat' dir='ltr'><strong>factum</strong></span> <span class='ocrx_word' id='word_1_795' title='bbox 2893 5466 3005 5532; x_wconf 83' lang='lat' dir='ltr'><strong>_cst_</strong></span> <span class='ocrx_word' id='word_1_796' title='bbox 3042 5456 3095 5510; x_wconf 91' lang='lat' dir='ltr'><strong>iu</strong></span> <span class='ocrx_word' id='word_1_797' title='bbox 3145 5454 3570 5532; x_wconf 80' lang='lat' dir='ltr'><strong>Commentariis</strong></span> 
     </span>
    </p>
   </div>
   <div class='ocr_carea' id='block_1_114' title="bbox 1989 5525 3565 5596">
    <p class='ocr_par' dir='ltr' id='par_1_114' title="bbox 1989 5525 3565 5596">
     <span class='ocr_line' id='line_1_115' title="bbox 1989 5525 3565 5596; baseline -0.006 -7"><span class='ocrx_word' id='word_1_798' title='bbox 1989 5525 2170 5590; x_wconf 84' lang='lat' dir='ltr'><strong>Photii</strong></span> <span class='ocrx_word' id='word_1_799' title='bbox 2201 5534 2252 5585; x_wconf 90' lang='lat' dir='ltr'><strong>in</strong></span> <span class='ocrx_word' id='word_1_800' title='bbox 2282 5533 2462 5587; x_wconf 86' lang='lat' dir='ltr'><strong>varios</strong></span> <span class='ocrx_word' id='word_1_801' title='bbox 2493 5532 2714 5586; x_wconf 86' lang='lat' dir='ltr'><strong>Codicis</strong></span> <span class='ocrx_word' id='word_1_802' title='bbox 2766 5529 2906 5583; x_wconf 89' lang='lat' dir='ltr'><strong>sacri</strong></span> <span class='ocrx_word' id='word_1_803' title='bbox 2954 5527 3141 5592; x_wconf 90' lang='lat' dir='ltr'><strong>libros,</strong></span> <span class='ocrx_word' id='word_1_804' title='bbox 3172 5542 3311 5596; x_wconf 88' lang='lat' dir='ltr'><strong>quos</strong></span> <span class='ocrx_word' id='word_1_805' title='bbox 3362 5525 3565 5596; x_wconf 82' lang='lat' dir='ltr'><strong>passim</strong></span> 
     </span>
    </p>
   </div>
   <div class='ocr_carea' id='block_1_115' title="bbox 1986 5595 3569 5669">
    <p class='ocr_par' dir='ltr' id='par_1_115' title="bbox 1986 5595 3569 5669">
     <span class='ocr_line' id='line_1_116' title="bbox 1986 5595 3569 5669; baseline -0.003 -12"><span class='ocrx_word' id='word_1_806' title='bbox 1986 5606 2172 5658; x_wconf 86' lang='lat' dir='ltr'><strong>videas</strong></span> <span class='ocrx_word' id='word_1_807' title='bbox 2224 5603 2425 5657; x_wconf 69' lang='lat' dir='ltr'><strong>ail‘erri.</strong></span> <span class='ocrx_word' id='word_1_808' title='bbox 2464 5601 2519 5655; x_wconf 90' lang='lat' dir='ltr'><strong>lu</strong></span> <span class='ocrx_word' id='word_1_809' title='bbox 2549 5601 2798 5669; x_wconf 90' lang='lat' dir='ltr'><strong>epistolis</strong></span> <span class='ocrx_word' id='word_1_810' title='bbox 2824 5611 2970 5653; x_wconf 88' lang='lat' dir='ltr'><strong>certe</strong></span> <span class='ocrx_word' id='word_1_811' title='bbox 3002 5597 3123 5667; x_wconf 77' lang='lat' dir='ltr'><strong>ejus</strong></span> <span class='ocrx_word' id='word_1_812' title='bbox 3171 5598 3340 5652; x_wconf 87' lang='lat' dir='ltr'><strong>altum</strong></span> <span class='ocrx_word' id='word_1_813' title='bbox 3390 5605 3473 5651; x_wconf 85' lang='lat' dir='ltr'><strong>est</strong></span> <span class='ocrx_word' id='word_1_814' title='bbox 3500 5595 3569 5652; x_wconf 79' lang='lat' dir='ltr'><strong>de</strong></span> 
     </span>
    </p>
   </div>
   <div class='ocr_carea' id='block_1_116' title="bbox 1984 5672 2759 5741">
    <p class='ocr_par' dir='ltr' id='par_1_116' title="bbox 1984 5672 2759 5741">
     <span class='ocr_line' id='line_1_117' title="bbox 1984 5672 2759 5741; baseline -0.009 -12"><span class='ocrx_word' id='word_1_815' title='bbox 1984 5685 2217 5741; x_wconf 88' lang='lat' dir='ltr'><strong>utroque</strong></span> <span class='ocrx_word' id='word_1_816' title='bbox 2250 5673 2427 5741; x_wconf 83' lang='lat' dir='ltr'><strong>capite</strong></span> <span class='ocrx_word' id='word_1_817' title='bbox 2461 5672 2759 5741; x_wconf 72' lang='lat' dir='ltr'><strong>silentium.</strong></span> 
     </span>
    </p>
   </div>
   <div class='ocr_carea' id='block_1_117' title="bbox 2050 5736 2862 5813">
    <p class='ocr_par' dir='ltr' id='par_1_117' title="bbox 2050 5736 2862 5813">
     <span class='ocr_line' id='line_1_118' title="bbox 2050 5736 2862 5813; baseline -0.007 -15"><span class='ocrx_word' id='word_1_818' title='bbox 2050 5736 2165 5813; x_wconf 69' lang='lat' dir='ltr'><strong>(II)</strong></span> <span class='ocrx_word' id='word_1_819' title='bbox 2196 5742 2270 5799; x_wconf 88' lang='lat' dir='ltr'><strong>Ita</strong></span> <span class='ocrx_word' id='word_1_820' title='bbox 2296 5736 2489 5813; x_wconf 74' lang='lat' dir='ltr'><strong>scripsi</strong></span> <span class='ocrx_word' id='word_1_821' title='bbox 2529 5758 2628 5813; x_wconf 87' lang='lat' dir='ltr'><strong>pro</strong></span> <span class='ocrx_word' id='word_1_822' title='bbox 2660 5736 2753 5795; x_wconf 79' lang='grc' dir='ltr'><strong>οὖν</strong></span> <span class='ocrx_word' id='word_1_823' title='bbox 2776 5756 2862 5808; x_wconf 87' lang='grc' dir='ltr'>γε.</span> 
     </span>
    </p>
   </div>
  </div>
