4158 6418
585 298 690 360 503

1744 310 2006 371 ΡΗΟΤΙΙ
2038 311 2233 370 PATR
2248 314 2263 370 l
2276 312 2549 371 ARCHIE
2578 313 2685 373 CP.

3740 315 3860 379 504

587 409 805 478 luttgttm
840 419 1074 479 tempus.
1106 410 1285 466 eidem
1318 412 1537 484 quidem
1565 416 1739 470 errori
1777 434 1886 472 non
1908 420 2152 483 obnoxii,

2279 421 2477 483 ἰον,οὐκ
2515 416 2583 491 ἦν
2609 420 2831 489 εὐχερὲς
2859 420 2978 474 οὐδὲ
3005 421 3188 492 ῥᾴδιον
3235 420 3422 491 φέρειν
3447 423 3581 493 πρὸς
3604 424 3704 496 τὴν
3736 443 3855 479 των

586 500 681 555 sed
747 500 887 554 inter
914 516 1015 555 eos
1046 509 1283 570 tamen,‘!
1311 507 1405 575 qui
1459 506 1553 561 illo
1606 508 1750 578 capti
1803 520 1983 576 erant,
2026 526 2161 567 exc-

585 592 799 661 gerant)
841 608 1013 662 nuper
1065 595 1361 651 admodum
1419 601 1666 667 perducti
1746 601 1989 667 fuerant,
2052 619 2161 657 non

588 684 745 738 I'acile
776 699 876 739 nec
905 686 1128 741 obvium
1159 698 1297 753 erat,
1332 698 1393 743 ut
1427 692 1495 744 ad
1543 693 1902 763 incorporeas
1946 695 2164 766 Deoque

586 776 797 830 similes
842 788 1052 832 mentes
1111 782 1493 850 percipiendas
1543 785 1789 839 animum
1842 788 2159 843 eveherent.

592 866 710 921 Non
744 868 929 922 minus
966 884 1117 929 vero,
1178 871 1282 924 nisi
1332 874 1514 941 potius
1556 876 1734 944 magis
1788 875 1920 941 huc,
1970 887 2166 947 praeter

587 960 755 1019 dicta,
788 959 1041 1028 pertinet,
1075 962 1220 1030 quod
1254 962 1398 1030 leges
1422 964 1631 1018 laturus
1654 976 1773 1019 erat
1795 982 1903 1020 non
1934 967 2162 1037 angelis,

584 1052 681 1107 sed
719 1052 1058 1115 hominibus,
1111 1055 1204 1124 qui
1235 1065 1291 1107 et
1322 1057 1526 1111 conditi
1581 1068 1759 1123 erant,
1805 1066 1861 1114 et
1893 1075 1956 1113 ex
1992 1060 2165 1115 nihilo

588 1140 855 1194 exsistere
889 1152 1187 1211 cmperant.
1220 1145 1342 1199 Ideo
1372 1161 1555 1200 rerum
1585 1147 1853 1203 Conditor
1884 1150 2165 1205 doctrinas

588 1232 952 1297 necessarias,
992 1244 1047 1287 et
1080 1249 1203 1289 cum
1237 1235 1471 1291 utilitate
1524 1239 1870 1307 conjunctae,
1907 1240 2011 1295 hoc
2058 1250 2163 1304 est,

586 1321 732 1387 caeli,
767 1331 946 1387 terra‘,
981 1324 1329 1396 aliorumque
1373 1328 1638 1382 similium
1678 1330 1970 1399 originem,
1994 1346 2165 1401 expo-

592 1415 693 1477 nit,
751 1416 1010 1482 qnoniant
1060 1416 1150 1471 illa
1206 1418 1429 1487 quidem
1510 1430 1803 1489 antequam
1888 1422 2164 1476 hominem

594 1505 855 1560 conderet
894 1523 1016 1562 esse
1053 1509 1247 1574 voluit,
1275 1510 1535 1580 quodque
1602 1513 1769 1567 homo
1805 1512 1920 1583 ipse
1956 1513 2009 1566 in
2059 1514 2168 1569 illis

596 1596 761 1649 vitam
799 1606 1025 1653 acturus
1068 1609 1206 1665 erat,
1256 1602 1403 1670 quod
1436 1603 1675 1673 denique
1724 1604 1888 1659 etiam
1924 1605 2052 1671 alia,
2100 1607 2166 1661 ad

594 1688 760 1741 vitam
815 1692 1120 1745 naturalem
1183 1695 1520 1758 necessaria,
1580 1696 1710 1760 illis,
1768 1697 1969 1767 quibus
2019 1698 2169 1769 leges

2264 514 2574 583 ἀσωμάτων
2605 513 2702 565 καὶ
2735 512 2984 565 θεοειδῶν
3028 514 3161 566 νόων
3184 514 3555 582 ἐπανάγεσθαι
3585 517 3852 588 μάθησιν.

2266 602 2431 656 Οὐδὲν
2457 603 2515 655 δὲ
2544 598 2727 675 ἦττον,
2750 606 2798 657 εί
2827 602 2902 674 μὴ
2928 605 3025 657 καὶ
3051 603 3254 673 μᾶλλον
3281 605 3391 658 τῶν
3418 606 3745 677 εἰρημένων,
3764 612 3854 664 δτι

2268 693 2391 764 μηδ’
2424 693 2678 762 ἀγγέλοις
2694 695 2821 757 τοὺς
2836 693 3035 763 νόμους
3057 694 3169 763 (ιε)
3182 695 3457 766 εἰσφέρειν
3473 696 3719 767 ἔμελλεν,
3732 699 3854 752 ἀλλ’

2265 786 2591 856 ἀνθρώποις,
2626 781 2708 848 οἷς
2737 781 2806 857 ἦν
2848 786 2943 839 καὶ
2990 788 3023 857 ή
3063 787 3298 854 γένεσις,
3351 790 3447 841 καὶ
3476 791 3510 860 ἡ
3542 790 3606 843 ὲκ
3637 790 3734 843 τοῦ
3767 792 3853 862 μὴ

2265 878 2417 940 δντος
2443 878 2523 940 είς
2548 876 2609 929 τὸ
2633 874 2775 930 εἶναι
2795 877 3042 946 πρόοδος.
3068 879 3177 932 Καὶ
3198 879 3227 931 6
3252 880 3641 952 Γενεσιουργδς
3665 882 3847 949 ἀναγ-

2267 971 2395 1023 καῖα
2426 970 2746 1039 μαθήματα,
2775 970 2869 1022 καὶ
2896 970 2957 1022 τὸ
2986 972 3257 1040 χρήσιμον
3285 973 3661 1044 παρεχόμενα,
3679 975 3855 1045 οὐρα-

2276 1059 2371 1112 νοῦ
2395 1060 2579 1129 μέντοι
2617 1061 2714 1112 καὶ
2750 1060 2874 1129 γῆς,
2916 1061 3014 1112 καὶ
3048 1061 3157 1113 τῶν
3174 1060 3350 1114 ἄλλων
3368 1063 3579 1131 εἰσάγει
3604 1063 3851 1131 γένεσιν,

2265 1152 2348 1204 ὃτι
2391 1150 2567 1203 ταῦτά
2586 1166 2646 1203 τε
2684 1150 2909 1221 πρὸτῆς
2930 1150 3026 1204 τοῦ
3053 1152 3343 1223 ἀνθρώπου
3368 1152 3483 1222 (45)
3506 1153 3697 1216 οὐσίας
3743 1156 3855 1207 ὐπ-

2269 1245 2422 1313 έστη,
2441 1243 2535 1296 καὶ
2551 1244 2633 1297 ὅτι
2652 1243 2711 1296 ὲν
2734 1244 2919 1306 αὐτοῖς
2936 1243 3032 1313 τὴν
3055 1243 3270 1297 δίαιταν
3286 1246 3313 1296 6
3328 1243 3613 1315 ἄνθρωπος
3629 1244 3859 1315 ἔμελλεν

2267 1334 2431 1402 ἔχειν,
2478 1332 2572 1385 καὶ
2594 1332 2729 1385 διότι
2775 1332 2874 1395 τὰς
2912 1331 3053 1385 κατά
3069 1331 3169 1401 τὴν
3206 1332 3460 1401 αἴσθησιν
3492 1331 3657 1395 ἄλλας
3679 1335 3857 1401 ἀναγ-

2269 1426 2433 1488 καίας
2461 1425 2650 1496 χρείας
2679 1425 2795 1487 τοῖς
2828 1424 3307 1493 νομοθετουμένοις
3341 1423 3534 1492 ἔμελλε
3565 1424 3861 1495 παρέχεινε

2267 1515 2404 1569 Θεοῦ
2437 1517 2535 1585 μὲν
2562 1517 2673 1586 γάρ
2704 1514 2897 1568 ὁποίαν
2924 1515 3128 1585 δήποτε
3158 1516 3280 1577 ταῖς
3317 1515 3537 1585 ψυχαῖς,
3570 1515 3620 1568 εἰ
3651 1516 3747 1570 καὶ
3772 1516 3861 1597 μὴλ

2270 1606 2405 1677 πρὸς
2429 1608 2528 1677 τὴν
2549 1606 2833 1677 ἀκρίϐειαν
2858 1605 3192 1676 ἀνηγμένην,
3219 1605 3366 1675 ὅμως
3388 1606 3595 1660 ἔννοιάν
3615 1622 3736 1659 τινα
3758 1606 3857 1658 καὶ

2271 1700 2570 1768 φαντασίαν
2593 1695 2757 1770 εἴχον·
2780 1699 3029 1767 ἀγγέλων
3051 1698 3109 1752 δὲ
3123 1698 3395 1769 οὐδαμῶς·
3425 1700 3560 1753 ὅπου
3587 1716 3651 1768 γε
3682 1698 3859 1752 καὶτὸ

595 1779 933 1847 ferebantur,
983 1784 1333 1852 suppeditare
1381 1787 1615 1842 volebat.
1676 1788 1771 1843 Dei
1815 1790 1961 1844 enim
2020 1790 2165 1845 noti-

2279 1788 2641 1843 Σαδδουκαίων
2658 1790 2798 1861 μετά
2820 1789 3019 1851 πολλάς
3038 1789 3230 1857 γενεάς
3256 1789 3408 1853 ἔθνος
3426 1790 3560 1842 Θεὸν
3585 1790 3683 1857 μὲν
3714 1791 3855 1859 δμο-

596 1873 750 1935 tiam,
806 1874 851 1926 si
913 1889 1021 1927 non
1072 1886 1408 1943 accuratam,
1477 1880 1674 1934 saltem
1734 1882 2173 1952 qualemcunque

593 1965 795 2022 animis
846 1968 1071 2022 inﬁxam
1114 1968 1408 2035 habebant,
1471 1973 1789 2040 angelorum
1840 1990 1972 2030 vero
2023 1976 2170 2029 illam

596 2058 819 2113 minime
854 2062 1100 2115 omnium
1133 2080 1147 2116 :
1188 2061 1657 2130 quemadmodum
1699 2067 1862 2121 etiam
1912 2066 2174 2123 Saducaz-

594 2163 753 2202 orum
774 2160 918 2204 secta
940 2153 1128 2206 multis
1146 2155 1362 2209 saeculis
1383 2166 1506 2225 post
1525 2155 1692 2211 Deum
1712 2157 1933 2227 quidem
1955 2158 2174 2226 prolite—

594 2238 1096 2308 batur,angelorum
1118 2251 1173 2298 et
1196 2244 1484 2313 spirituum
1503 2248 1722 2301 nomina
1738 2247 2035 2302 necaudire
2052 2262 2175 2303 sus-

596 2329 840 2384 tinebant
859 2332 926 2385 "°.
951 2332 1106 2398 Quod
1126 2349 1255 2390 vero
1280 2336 1479 2402 Moses,
1500 2337 1591 2407 qui
1628 2337 1795 2391 Deum
1827 2338 1985 2402 vidit,
2018 2354 2172 2393 meu-

594 2420 729 2473 tium
781 2420 1226 2492 incorporearum
1259 2428 1873 2482 -commemorationem
1950 2438 2175 2498 propter

590 2511 1017 2569 imbecillitatem
1044 2516 1286 2584 illorum,
1315 2518 1409 2588 qui
1448 2535 1569 2574 eam
1602 2520 1841 2575 audituri
1858 2528 2035 2586 erant,
2071 2520 2174 2575 sub

592 2602 807 2656 initium
827 2606 1093 2671 omiserit,
1132 2622 1200 2663 ex
1228 2624 1293 2663 eo
1308 2612 1657 2665 manifestum
1680 2619 1785 2675 est,
1817 2612 1961 2681 quod
1984 2612 2035 2665 in
2069 2610 2174 2667 line

592 2688 815 2758 reliqua:
840 2691 1183 2754 historize,et
1230 2706 1355 2763 post
1374 2698 1477 2751 alia
1509 2699 1678 2752 multa
1742 2700 1993 2764 recitata,
2021 2716 2175 2755 men-

589 2781 796 2834 tionem
814 2797 1006 2838 eorum
1025 2784 1172 2850 fecit,
1195 2790 1449 2857 quamvis
1469 2807 1537 2844 ne
1553 2800 1683 2845 tunc
1695 2792 1912 2864 quidem
1935 2794 2172 2847 creatio-

593 2886 720 2924 nem
745 2873 983 2939 illorum,
1000 2879 1093 2933 sed
1113 2879 1354 2934 lietitiam
1367 2882 1628 2937 caelorum
1643 2893 1695 2937 et
1710 2884 2024 2954 angelorum
2043 2885 2173 2939 ado-

590 2961 865 3017 rationem
898 2972 1373 3025 commemoravit.
1409 2990 1427 3022 ι
1458 2972 1766 3036 Laetamini,
1816 2974 2013 3044 inquit,
2046 2991 2170 3030 cum

593 3050 696 3105 illo
724 3056 949 3123 ,cneli,et
990 3060 1219 3115 adorent
1253 3077 1378 3117 cum
1408 3079 1603 3119 omnes
1624 3065 1799 3134 angeli
1828 3064 1922 3119 Dei
1948 3066 2014 3121 ⁸¹.
2040 3084 2059 3117 ι
2083 3066 2172 3120 Si-

2273 1882 2453 1951 λογετν
2479 1883 2717 1954 ἐφρόνει,
2746 1883 3011 1951 ἀγγέλους
3032 1882 3090 1935 δὲ
3125 1885 3219 1935 καὶ
3245 1883 3530 1950 πνεύματα
3562 1884 3683 1937 οὐδὲ
3713 1885 3856 1955 ἀκοῇ

2275 1974 2675 2044 παραδέχεσθαι
2700 1975 2924 2027 ἀνεκτὸν
2970 1974 3205 2045 ἡγοῦντο
3240 1975 3386 2029 ,Ὅτι
3411 1974 3548 2027 δὲδι⁹
3574 1975 3859 2027 ἀσθένειαν

2272 2066 2382 2120 τῶν
2406 2066 2711 2136 δεχομένων
2742 2069 2777 2139 ή
2802 2066 2911 2121 τῶν
2938 2066 3245 2136 ἀσωμάτων
3298 2066 3435 2120 νόων
3467 2066 3722 2135 διήγησις
3770 2067 3857 2136 τῷ

2275 2158 2475 2229 Θεόπτῃ
2524 2159 2646 2212 κατ’
2702 2160 2880 2231 ἀρχάς
2927 2160 3347 2230 παραλέληπται
3400 2159 3611 2224 Μωσεῖ,
3672 2159 3855 2227 δῆλον,

2275 2250 2333 2316 ἐξ
2364 2242 2439 2304 ῶν
2465 2251 2558 2303 ἐπὶ
2583 2250 2727 2304 τέλει
2754 2254 2854 2322 τῆς
2881 2251 3046 2321 ἄλλης
3087 2250 3348 2322 ίστορίας,
3381 2250 3474 2302 καὶ
3504 2248 3613 2302 τῶν
3639 2248 3851 2303 πολλῶν

2275 2342 2446 2410 λόγων
2497 2344 2578 2406 είς
2609 2344 2830 2415 μνήμην
2888 2345 3067 2397 αὐτῶν
3098 2342 3391 2414 περιῆλθεν
3415 2382 3431 2406 ,
3488 2343 3538 2394 εί
3577 2342 3674 2394 καὶ
3712 2341 3849 2411 μηδὲ

2274 2434 2394 2487 τότε
2440 2435 2657 2503 γένεσιν
2690 2436 2947 2505 είσάγων,
2996 2435 3125 2490 ἀλλ’
3172 2433 3511 2505 εὐφροσύνην
3544 2433 3641 2503 μὲν
3689 2433 3853 2501 οὐρα-

2275 2524 2403 2591 νῶν,
2434 2512 2805 2597 προσκύνησιν
2840 2526 2898 2579 δὲ
2951 2524 3220 2594 ἀγγέλων,
3279 2544 3297 2575 ‹
3349 2522 3857 2593 Ἐυφράνθητε,λέ-

2275 2631 2408 2682 γων,
2460 2617 2702 2688 οὐρανοὶ,
2747 2618 2865 2688 ἅμα
2924 2618 3075 2687 αὐτῷ
3102 2656 3117 2681 ,
3173 2614 3268 2669 καὶ
3320 2616 3856 2685 προσκυνησάτωσαν

2275 2706 2424 2776 αὐτῷ
2454 2708 2655 2772 πάντες
2690 2708 2911 2778 ἄγγελοι
2940 2707 3097 2763 Θεοῦ.
3136 2707 3232 2761 ’Ὀ
3269 2707 3449 2777 μέντοι
3477 2722 3539 2775 γε
3573 2706 3856 2775 θεοπάτωρ

2277 2797 2387 2867 (44)
2418 2798 2583 2852 Δαϐὶδ
2609 2800 2777 2870 πυρός
2824 2818 2882 2853 τε
2917 2800 3096 2853 αὐτῶν
3125 2801 3345 2854 ἀνεῖπεν
3372 2798 3472 2869 τὴν
3523 2798 3733 2857 οὐσίαν,
3762 2798 3855 2850 καὶ

2275 2892 2603 2961 δημιουργὸν
2630 2893 2916 2964 ὑπάρχειν,
2937 2893 2996 2957 ὃς
3035 2894 3126 2946 καὶ
3148 2893 3246 2963 τῆς
3272 2892 3439 2961 ἄλλης
3471 2892 3591 2944 ἐστὶ
3631 2890 3859 2950 κτίσεως

2274 2979 2498 3052 ἁπάσης
2560 2984 2653 3036 καὶ
2687 2982 3107 3050 ἐπιγινώσκεται
3133 2982 3485 3053 δημιουργός.
3546 2981 3604 3032 '0
3648 2979 3747 3048 μὲν
3768 2974 3860 3031 οὖν

2276 3072 2468 3143 καιρὸς
2505 3074 2633 3145 περὶ
2667 3073 2774 3126 τῶν
2799 3073 3046 3143 ἀγγέλων
3082 3072 3307 3126 τοιαῦτα
3357 3070 3633 3141 παρέσχεν
3662 3069 3856 3121 εἰπεῖν.

596 3145 801 3201 utiliter
816 3146 1121 3217 David,.Dei
1158 3155 1627 3225 pater.etigneam
1646 3170 1839 3210 eorum
1862 3158 2157 3212 essentiam
2173 3172 2590 3227 commemorat,
2618 3173 2673 3218 et
2687 3165 3028 3219 conditorem
3045 3178 3236 3219 eorum
3263 3161 3497 3234 appellat
3518 3162 3586 3227 ",
3614 3162 3707 3233 qui
3738 3160 3863 3216 reli-

598 3252 832 3306 quarum
856 3256 1042 3297 rerum
1059 3246 1302 3301 omnium
1325 3255 1517 3302 auctor
1530 3247 1602 3302 sit
1629 3256 1683 3301 et
1704 3256 2056 3317 agnoscatur.
2093 3250 2271 3319 Atque
2304 3253 2417 3307 haec
2443 3254 2660 3323 quidem
2692 3257 2792 3309 hac
2829 3254 3125 3309 occasione
3147 3252 3215 3307 de
3233 3252 3442 3323 angelis
3470 3250 3663 3306 aiTerre
3692 3247 3860 3306 licuit.

672 3329 828 3395 Quod
860 3348 988 3389 vero
1023 3336 1089 3391 ad
1122 3337 1253 3391 illud
1285 3338 1497 3393 dictum
1530 3349 1778 3409 spectat:
1816 3361 1834 3392 ‹
1868 3339 1985 3396 Hoc
2030 3342 2177 3396 enim

2355 3345 2429 3397 Τὸ
2455 3345 2563 3411 δὲ,‹
2602 3344 2775 3399 Τοῦτο
2802 3345 2912 3417 γὰρ
2940 3345 3128 3410 ποιῶν,
3161 3344 3439 3416 ἄνθρακας
3461 3343 3631 3414 πυρὸς
3662 3342 3863 3413 σωρεύ-

601 3422 834 3488 faciens,
866 3427 1132 3481 carbones
1163 3427 1304 3498 ignis
1337 3444 1601 3499 congeres
1632 3430 1686 3484 in
1721 3441 1889 3501 caput
1928 3433 2049 3501 ejus
2075 3432 2177 3497 ³³,ι

603 3516 746 3569 idem
783 3516 914 3571 illud
949 3526 1033 3572 est
1058 3533 1123 3573 ac
1156 3520 1426 3575 sidixeris
1452 3539 1468 3577 :
1499 3521 1870 3579 Coacervabis
1890 3525 2182 3592 carbones,

604 3618 769 3676 caput
817 3608 938 3678 ejus
994 3612 1354 3680 depascentes
1426 3623 1479 3669 et
1536 3626 1951 3671 consumentes.
2006 3615 2184 3673 Citius

605 3700 749 3753 enim
797 3701 927 3755 illud
961 3715 1369 3771 consumerent,
1408 3706 1517 3761 nisi
1562 3717 1779 3762 mature
1827 3707 1949 3763 illos
1997 3709 2065 3763 ab
2118 3724 2186 3763 eo

606 3806 913 3855 removeas,
945 3805 999 3849 et
1033 3810 1063 3848 a
1094 3806 1319 3865 repente
1352 3813 1417 3853 ac
1461 3808 1822 3854 consumente
1871 3799 1992 3854 labe
2052 3800 2185 3855 illud

609 3883 830 3939 liberes.
858 3884 1052 3942 Nonne
1110 3904 1260 3954 vero,
1296 3889 1370 3944 ita
1422 3891 1468 3946 si
1507 3891 1709 3960 egeris,
1769 3893 2013 3963 optimus
2059 3908 2188 3963 pro-

608 3977 741 4031 ximi
803 3978 895 4033 tibi
933 3980 1181 4037 medicus
1228 3982 1551 4040 videberis?
1589 3983 1646 4039 Si
1699 3984 1847 4040 enim
1908 4000 2099 4040 mensa
2133 3996 2188 4041 et

608 4072 861 4126 convictu
893 4072 1065 4129 hostis
1101 4083 1228 4130 tuus
1250 4092 1280 4129 a
1316 4084 1365 4132 te
1397 4077 1726 4145 excipiatur,
1766 4077 2048 4147 quomodo
2072 4076 2188 4131 lleri

610 4172 812 4232 potest,
859 4174 941 4229 nt,
975 4167 1021 4221 si
1057 4182 1163 4222 non
1223 4170 1294 4224 ob
1344 4169 1474 4225 boni
1531 4171 1864 4241 virtutisque
1920 4171 2187 4235 studium,

609 4256 801 4312 saltem
865 4269 1087 4330 prepter
1117 4302 1133 4327 ,
1185 4262 1410 4318 delicias
1472 4261 1673 4333 quibus
1717 4263 1859 4333 apud
1894 4272 1945 4318 te
1987 4262 2190 4317 fruitur

610 4350 853 4404 animum
928 4367 1087 4407 suum
1141 4354 1209 4409 ab
1276 4355 1561 4409 inimicitia
1633 4362 1890 4423 revocet,
1946 4355 2015 4409 ab
2094 4354 2189 4407 iii-

610 4439 765 4495 sidiis
791 4456 918 4495 vero
952 4442 1215 4500 faciendis
1258 4446 1550 4513 abstineat,
1608 4447 1922 4515 mentisque
1975 4444 2190 4500 sobrie-

613 4537 725 4586 tate
756 4544 996 4605 recepta,
1021 4536 1272 4593 ﬂammas
1309 4548 1363 4593 et
1396 4539 1554 4601 iram,
1590 4554 1728 4609 quas
1760 4538 2055 4593 inimicitia
2092 4554 2190 4592 ex-

611 4625 898 4692 citaverat,
959 4629 1012 4682 in
1045 4632 1288 4700 placidos
1345 4642 1777 4702 mansuetosque
1835 4648 2017 4687 mores
2054 4647 2191 4686 con»

2286 3453 2400 3500 σεις
2422 3437 2513 3490 ἐπὶ
2544 3436 2640 3508 τὴν
2687 3437 2927 3507 κεφαλὴν
2956 3436 3148 3503 αὐτοῦ,
3190 3455 3212 3488 ι
3268 3436 3391 3490 ἀντὶ
3450 3436 3568 3502 ⁴τοῦ,
3620 3436 3864 3488 Ἐπισυν-

2285 3526 2433 3592 άξεις
2458 3528 2585 3590 τοὺς
2626 3528 3102 3599 κατανεμομένους
3128 3526 3292 3581 αὐτοῦ
3331 3528 3426 3581 καὶ
3451 3525 3862 3596 διαφθείροντας

2286 3621 2385 3687 τὴν
2411 3619 2652 3691 κεφαλὴν
2704 3620 3001 3691 ἄνθρακας.
3037 3620 3148 3674 Καὶ
3180 3618 3287 3690 γὰρ
3316 3618 3510 3671 θᾶττον
3567 3617 3634 3671 ἂν
3690 3615 3862 3684 αὐτὴν

2287 3710 2688 3779 διεργάσαιντο,
2712 3712 2759 3762 εί
2788 3710 2864 3780 μὴ
2887 3709 3079 3763 θᾶττον
3104 3709 3304 3771 αὐτοὺς
3330 3709 3394 3762 σύ
3417 3707 3619 3777 ταύτης
3650 3707 3864 3759 ἀποσω-

2289 3802 2488 3876 ρεύσῃς
2532 3803 2625 3856 κα)⁸
2653 3802 2969 3873 ἀπαλλάξῃς
2997 3800 3091 3855 τοῦ
3121 3801 3383 3872 ἓρποντος
3417 3801 3512 3853 καὶ
3546 3796 3859 3853 κατεσθίον-

2284 3911 2377 3957 τος
2410 3894 2581 3965 αὐτὴν
2611 3894 2837 3958 πάθους.
2877 3893 3001 3957 Πῶς
3050 3891 3107 3947 δ’
3136 3893 3236 3946 οὐκ
3265 3893 3331 3947 ἂν
3381 3891 3605 3961 ὀφθείης
3650 3890 3865 3960 ἄριστος

2286 3989 2456 4052 οὐτως
2504 3988 2759 4060 πράττων
2781 3988 2875 4042 τοῦ
2918 3987 3147 4058 πλησίον
3191 3985 3373 4055 ἱατρός
3406 3982 3709 4054 ςτραπέζῃ
3759 3978 3866 4048 γὰρ

2289 4080 2383 4133 καὶ
2436 4079 2725 4151 φιλοτησία
2762 4078 2915 4150 παρά
2964 4077 3059 4131 σοῦ
3112 4075 3457 4146 δεξιούμενος
3492 4077 3521 4128 6
3570 4072 3783 4142 ἐχθρὸς,
3816 4072 3866 4124 εί

2291 4172 2388 4226 καὶ
2434 4172 2510 4242 μὴ
2557 4171 2691 4224 διότι
2730 4169 3044 4240 φιλόκαλος,
3098 4169 3194 4222 καὶ
3241 4167 3340 4237 τῆς
3368 4165 3567 4237 ἀρετῆς
3615 4164 3865 4232 ἐραστὴς.

2289 4264 2403 4319 ἀλλ’
2424 4260 2518 4317 οὖν
2550 4281 2612 4332 γε
2638 4263 2725 4316 διὰ
2751 4262 2850 4331 τὴν
2879 4261 3198 4325 εὐπάθειαν,
3224 4254 3291 4331 ἦς
3315 4258 3466 4324 παρά
3493 4254 3587 4310 σοῦ
3612 4257 3713 4325 τὴν
3742 4254 3868 4308 ἀπό-

2290 4356 2479 4409 λαυσιν
2508 4354 2644 4425 ἔχει,
2681 4352 2799 4414 πῶς
2831 4352 2930 4407 οὐκ
2968 4351 3035 4405 ἂν
3089 4351 3351 4419 ἐκστῆναι
3398 4349 3499 4420 μὲν
3544 4347 3645 4416 τῆς
3675 4345 3868 4416 ἔχθρας

2290 4446 2547 4517 λογισμὸν
2576 4443 2858 4507 ἀναλάϐοι,
2894 4444 3150 4513 ἐκστῆναι
3177 4440 3235 4493 δὲ
3260 4436 3577 4505 διανασταίη
3610 4436 3715 4505 τῆς
3753 4435 3870 4486 ὲπι·

2293 4537 2642 4609 ϐουλῆςυιαὶ
2687 4534 2965 4605 ἀνανήψας
3019 4533 3147 4596 τοὺς
3178 4532 3475 4601 λογισμοὺς
3524 4528 3623 4582 καὶ
3669 4527 3770 4595 τὴν
3817 4528 3872 4579 ἐν

2295 4632 2478 4694 αὐτοῖς
2510 4628 2754 4698 πύρωσίν
2793 4645 2853 4680 τε
2899 4626 2992 4679 καὶ
3048 4625 3379 4695 φλεγμονὴν,
3418 4622 3484 4692 ἦν
3520 4617 3871 4689 ἀνέφ).εγενή

613 4726 810 4783 vertat,
851 4730 1014 4789 atque
1049 4723 1185 4776 adeo
1208 4724 1423 4779 sensim'
1443 4740 1511 4778 eo
1543 4723 1872 4787 adducatur,
1913 4732 1975 4777 ut
2003 4738 2177 4777 amart

2297 4722 2489 4793 ἔχθρα,
2530 4720 2667 4792 πρὸς
2697 4718 2759 4772 τὸ
2807 4717 3170 4789 μαραίνεσθαι
3209 4716 3303 4768 καὶ
3344 4712 3682 4785 πραΰνεσῦαι
3709 4726 3870 4779 μετα-

614 4812 789 4866 discat
818 4812 1244 4879 benefactorem,
1301 4816 1543 4871 beneﬁca
1585 4826 1641 4871 et
1674 4818 1852 4871 amica
1900 4831 2069 4870 manu
2123 4830 2190 4870 eo

611 4918 773 4968 usus,
820 4915 879 4959 ut
925 4908 1277 4963 acerbitatem
1306 4925 1369 4964 ex
1402 4911 1529 4964 odio
1588 4920 1776 4965 natam
1819 4909 2056 4973 molliat,
2111 4908 2192 4963 si-

617 4998 1011 5068 multatemque
1034 5000 1298 5056 adversus
1355 5000 1779 5068 benefactorem,
1821 5017 1943 5071 quae
1992 5009 2047 5054 et
2078 4998 2199 5053 ani-

619 5103 770 5142 mum
803 5088 946 5158 ejus,
978 5101 1031 5145 et
1057 5107 1277 5163 corpus,
1304 5101 1359 5148 et
1398 5102 1563 5163 caput
1610 5092 1879 5164 depascit,
1937 5092 1990 5147 in
2024 5091 2199 5161 pudo-

2300 4814 2498 4879 ϐαλὼν,
2527 4812 2668 4866 κατὰ
2699 4810 2893 4881 μικρδν
2923 4809 3016 4862 ἐπὶ
3047 4806 3107 4861 τὸ
3131 4806 3334 4860 εἰδέναι
3376 4806 3470 4858 καὶ
3501 4803 3751 4872 στέργειν
3788 4798 3873 4852 τὸν

2297 4906 2592 4975 εὐεργέτην
2634 4898 3073 4973 χειραγωγηϐείη
3125 4898 3214 4951 διά
3260 4897 3358 4968 τῆς
3408 4893 3752 4965 εὐεργέτιδος
3786 4890 3875 4944 καὶ

2302 4995 2727 5068 φιλοφρονούσης
2754 4993 2935 5059 δεξιᾶς
2966 4994 3148 5045 πᾶσαν
3182 4990 3281 5061 τὴν
3310 4988 3406 5041 τοῦ
3438 4988 3629 5059 μίσους
3661 4984 3876 5051 διαγλυ-

2303 5089 2474 5152 κάνας
2533 5086 2781 5158 πικρίαν,
2818 5087 2913 5140 καὶ
2949 5086 3050 5156 τὴν
3094 5082 3293 5154 ψυχὴν,
3324 5084 3422 5135 καὶ
3461 5080 3522 5133 τὸ
3565 5076 3745 5150 σῶμα,
3784 5074 3872 5129 καὶ

692 5203 739 5234 ⁸ο
765 5202 956 5259 Matth.
999 5223 1158 5274 xxttt,
1190 5207 1244 5263 8.
1320 5209 1362 5240 ⁸¹
1407 5208 1567 5264 Deut.
1604 5224 1781 5273 xxxii,
1806 5207 1894 5261 43.
1975 5207 2020 5239 δ’
2048 5205 2170 5263 Psal

2285 5221 2334 5265 ν.
2366 5206 2418 5260 4.
2499 5207 2658 5261 Rom.
2684 5219 2781 5269 xu,
2810 5202 2902 5257 20.

2137 5323 2371 5380 NO'NE.

696 5441 808 5507 (ἀεὶ)
835 5440 985 5495 Coll).
1017 5455 1118 5509 pro
1155 5442 1265 5503 τοῖς
1292 5440 1497 5509 νόμοις.

706 5513 817 5580 (45)
851 5511 994 5566 Idem
1022 5508 1118 5579 pro
1155 5512 1384 5580 ποιητὴς
1446 5508 1701 5580 οὐρανοῦ,
1757 5524 1881 5578 qua:
1929 5510 2203 5580 posterior

631 5578 737 5635 νοτ
772 5578 836 5635 cx
866 5578 1188 5665 compendio
1218 5578 1531 5650 scriptionis
1574 5579 1725 5665 ἄνού,
1758 5580 1809 5665 id
1853 5586 1959 5659 est,
1990 5578 2205 5665 ἀνθρῴο

1865 5665 1919 5701 tn
1974 5665 2203 5717 ποιητης

633 5670 762 5711 που,
796 5663 919 5705 nata
951 5662 1055 5715 est,
1085 5652 1149 5705 ad
1183 5668 1346 5721 quant
1385 5667 1545 5704 voces
1572 5650 1677 5719 πρὸ
1722 5652 1820 5721 τῆς

630 5732 843 5779 mutata
878 5723 997 5777 ideo
1025 5738 1053 5776 a
1087 5719 1314 5777 librario
1368 5721 1607 5790 videtur,
1652 5719 1795 5789 quod
1859 5719 1977 5773 voci
2035 5720 2202 5790 οὐρε-

2311 5437 2403 5491 νοῦ
2436 5437 2612 5505 magis
2645 5434 2921 5489 videretur
2941 5427 3381 5505 accotiimodata.
3404 5495 3416 5505 ο

2383 5490 2495 5579 (μ)
2520 5490 2632 5579 ῆρε
2662 5505 2909 5579 Elogium
2941 5500 3126 5554 Davidi
3160 5495 3566 5579 oltucltristttnnlt
3606 5490 3875 5579 Θεάνρρωῖ

2314 5563 2433 5642 πον,
2467 5563 2533 5631 ex
2564 5563 2913 5643 familiavejus
2943 5581 3149 5643 natum,
3194 5566 3451 5643 trilittittn‘
3493 5563 3877 5643 Dlirysostomo

2312 5660 2365 5705 ct
2396 5634 2537 5711 aliis,
2583 5634 2996 5717 quorum'locos
3025 5640 3196 5694 habes
3232 5636 3375 5706 apud
3410 5634 3719 5688 Suiccrum.
