4158 6464
539 328 647 436 ιοτ

1700 370 1897 431 ΡΙΙΟΤ
1907 371 1963 431 II
1992 371 2503 433 PATRIABCHrE
2541 372 2653 433 CP.

3702 372 3818 436 508

539 482 595 537 in
622 479 872 535 Caesarea
903 478 1197 535 Viennensi
1226 488 1281 537 et
1324 481 1376 535 in
1426 480 1601 537 ducali
1640 482 1898 539 Bavarica
1933 483 2306 541 Monachensi.
2339 485 2546 552 Latine,
2572 484 2714 555 quod
2754 486 2948 549 sciam,
2982 498 3261 555 nunquam
3309 485 3361 540 in
3405 501 3601 543 manus
3630 489 3821 542 homi-

537 584 668 622 num
702 567 871 621 venit.
908 569 1183 634 Quocirca
1204 569 1515 624 mirandum
1547 586 1657 625 non
1686 580 1791 635 est,
1826 572 1871 627 si
1898 572 2197 642 disputatio
2223 575 2340 629 haec
2377 572 2591 628 Latinis
2616 575 2904 643 hucusque
2930 573 3018 627 vix
3048 585 3175 629 nota
3210 573 3332 629 fuit.
3376 573 3509 631 Vale
3537 592 3551 629 :
3587 583 3641 631 ut
3685 586 3818 647 post.

537 656 737 710 lectum
767 657 1093 725 opusculum
1128 658 1244 727 lege
1267 659 1435 713 etiam
1467 658 1816 727 subjunctam
1845 660 2097 715 criticam
2135 661 2711 716 Dissertatiuuculam.

537 762 863 833 ρυιεετιο
909 763 1101 819 Lxxx
1150 765 1283 835 (ιο).
1346 766 1529 837 [CoisL
1584 766 1880 835 CCXLV",
1941 767 2111 822 Taur.
2144 775 2193 830 Α

1136 857 1545 930 ccxxxvun.

539 958 738 1023 Quales
759 955 975 1009 debeant
1005 953 1108 1005 dici
1141 953 1195 1004 in
1217 950 1429 1023 Christo
1452 950 1745 1023 voluntates
1777 952 2051 1023 gnomicae,
2074 960 2123 1004 et

608 1028 783 1098 qualis
827 1027 1008 1098 debent
1043 1024 1097 1098 in
1134 1022 1311 1075 eodem
1351 1020 1569 1098 gltristo
1602 1022 1708 1074 dici
1751 1021 1991 1074 voluntas
2026 1022 2126 1074 Itu-

610 1090 791 1159 ntamt,
818 1095 1155 1164 hypostatica
1182 1101 1276 1145 aut
1305 1090 1436 1143 alia.

2787 768 3126 825 ΕΡΩΤΗΣΙΣ
3154 771 3234 825 ll'.

2227 947 2377 1001 Ποῖα
2443 947 2537 1002 δεῖ
2566 949 2789 1042 λέγειν.
2829 950 2943 1042 ιιίπξι
2975 950 3233 1042 Χριςξοῦ
3295 951 3561 1042 ηοωμικςι
3630 950 3814 1034 ρελή;

2289 1035 2471 1086 ματα,
2526 1019 2623 1089 καί
2681 1019 2859 1072 ποῖον
2912 1019 3045 1073 ἐστι
3086 1019 3428 1089 λέγεικὲπ⁹
3475 1019 3664 1075 αὐτοῦ
3702 1022 3816 1074 τοῦ

2298 1088 2557 1173 {tmarova
2577 1089 2958 1157 ἀνθρώπινον
3001 1088 3233 1160 θέλημα
3270 1090 3683 1146 ὐποστατικὸν
3708 1092 3814 1144 καὶ

2297 1174 2491 1227 ετερα.

544 1279 686 1333 Edita
707 1293 733 1328 ι
760 1276 1024 1328 Stewartio
1055 1272 1373 1341 et_Basnagio
1398 1272 1961 1341 (Auget-iumftewart,
1984 1289 2033 1337 p.
2060 1273 2295 1341 ἑδἹτᾷξὲ.
2320 1275 2611 1341 Ingolstad.,
2649 1274 2788 1341 16t6,
2823 1278 3030 1341 nfﬁttet‘
3052 1290 3125 1337 επ,
3182 1277 3230 1341 in
3256 1274 3492 1341 Antiqui,
3523 1276 3812 1328 ιεεεεοηξοηε

1067 1338 1149 1385 ed.
1182 1342 1429 1397 Antuerp.
1474 1335 1614 1395 1725,
1640 1342 1677 1384 t.
1714 1336 1775 1385 ll.
1800 1337 1854 1385 Ρ.
1889 1351 1940 1397 ιι,
1964 1335 2016 1399 p.
2048 1337 2276 1386 439-458.
2309 1364 2339 1372 -
2379 1335 2454 1388 De
2481 1338 2820 1389 voluntatibus
2852 1335 3311 1402 (lhristignomicis.

616 1447 895 1502 Disserere
924 1446 991 1498 de
1019 1442 1391 1498 voluntatibus
1416 1442 1467 1496 in
1494 1443 1860 1512 Christo,qu:e
1874 1443 2133 1499 dicuntur

544 1537 804 1610 γνωμικά
847 1537 1150 1608 θελήματα,
1202 1545 1317 1589 tum
1368 1536 1605 1602 dillicile,
1651 1546 1764 1590 tum
1814 1535 1974 1591 facile
2022 1547 2127 1593 est.

545 1633 685 1699 Quia
728 1630 873 1685 enim
904 1645 1087 1692 nemo,
1115 1627 1260 1698 quod
1287 1629 1478 1695 sciam,
1516 1644 1583 1683 ex
1610 1628 1814 1684 sanctis
1854 1626 2128 1693 Patrihus,

542 1725 841 1795 quidquam
864 1723 1099 1791 alicujus
1130 1722 1414 1785 momenti,
1460 1733 1516 1777 et
1544 1722 1731 1776 limate
1774 1730 1829 1776 et
1875 1721 2131 1777 distincte

544 1818 612 1871 de
642 1816 743 1870 hac
763 1831 822 1870 re
853 1814 1092 1879 tradidit,
1132 1823 1361 1884 excepto
1394 1821 1586 1868 sancto
1617 1812 1880 1873 Maximo,
1930 1828 2128 1883 magno

544 1926 685 1966 verre
709 1908 924 1980 pietatis
956 1908 1244 1963 defensore
1284 1907 1421 1977 (50),
1460 1907 1668 1962 idcirco
1715 1906 2004 1962 dilIicultas
2034 1921 2129 1962 su-

543 2006 626 2061 bit
654 2005 721 2061 de
742 2019 806 2059 ea
839 2003 1135 2073 loquendi;
1164 2003 1233 2057 iis
1254 2003 1399 2057 enim
1427 2002 1520 2073 qui
1551 2003 1743 2058 volunt
1779 2002 2124 2068 calumniari,

2319 1444 2377 1498 Ὀ
2406 1445 2535 1516 περὶ
2588 1446 2697 1499 τῶν
2735 1444 3029 1516 γνωμικῶν
3059 1444 3382 1515 θελημάτων
3435 1446 3529 1499 ἐπὶ
3567 1446 3813 1517 Χριστοῦ

2229 1534 2409 1604 λόγος,
2444 1536 2520 1605 πῆ
2549 1537 2650 1604 μέν
2672 1537 2788 1590 ἐστι
2813 1536 3065 1607 χαλεπὸς,
3096 1538 3171 1606 πῆ
3211 1536 3269 1589 δὲ
3303 1537 3502 1608 ῥᾴδιος.
3532 1538 3675 1591 Διότι
3709 1538 3814 1609 μὲν

2230 1632 2342 1699 γὰρ
2386 1630 2580 1693 οὐδεὶς,
2628 1630 2728 1684 ὅσα
2752 1646 2817 1699 γε
2850 1630 2949 1701 ἐμὲ
2980 1630 3199 1693 εἰδέναι,
3242 1630 3353 1682 τῶν
3397 1630 3689 1699 ἀξιολόγων
3716 1632 3816 1683 καὶ

2231 1718 2508 1789 θεοφόρων
2545 1718 2806 1790 Πατέρων
2834 1719 2995 1789 ήμῶν
3028 1720 3180 1773 οὐδὲν
3204 1719 3483 1787 ἀξιόλογον
3515 1721 3608 1773 καὶ
3629 1720 3813 1773 διακε-

2228 1808 2578 1880 καθαρμένον
2611 1812 2690 1873 είς
2716 1810 3024 1879 εὐκρίνειαν
3046 1811 3178 1880 περὶ
3193 1809 3382 1863 τούτου
3407 1810 3810 1881 παραδέδωκεν,

2230 1901 2371 1971 πλήν
2396 1918 2459 1970 γε
2486 1901 2741 1972 Μαξίμου
2760 1900 2856 1955 τοῦ
2889 1901 3125 1972 μεγάλου
3150 1901 3249 1972 τῆς
3271 1902 3549 1966 εὐσεϐείας
3572 1902 3648 1965 ὡς
3676 1902 3815 1974 ἀλη-

2231 1993 2339 2056 θῶς
2364 1994 2673 2065 προμάχου,
2708 1993 2797 2048 διά
2822 1994 2983 2048 τοῦτο
3008 1993 3069 2047 τὸ
3099 1994 3331 2063 χαλεπὸν
3353 1994 3526 2047 εἰπεῖν
3556 1994 3815 2065 ὑπεισέρ-

546 2112 653 2153 non
681 2096 900 2151 videtur
944 2096 1297 2150 metuendum
1332 2110 1478 2160 esse,
1514 2105 1568 2150 et
1614 2110 1722 2149 non
1756 2095 2127 2151 accedendum

2233 2102 2407 2155 χεται.
2450 2085 2569 2154 Ἐφ’
2598 2084 2678 2137 ἑνὶ
2701 2086 2811 2156 γάρ
2822 2085 2974 2155 ἀνδρὶ
2992 2084 3308 2155 τηλικοῦτον
3328 2086 3506 2158 δόγμα
3540 2086 3813 2151 σαλεύειν,

544 2188 612 2242 ad
640 2196 747 2242 tam
789 2201 953 2257 grave
986 2185 1179 2255 dogma
1220 2184 1272 2239 in
1315 2199 1425 2240 uno
1459 2184 1580 2239 viro
1622 2187 2123 2242 commovendum:

545 2292 738 2334 rursus
770 2291 903 2332 vero
931 2276 1057 2345 quia
1091 2276 1160 2331 ab
1189 2276 1323 2345 ipsis
1348 2276 1601 2331 thalamis
1629 2276 1848 2347 pietatis
1874 2288 1928 2333 et
1956 2279 2125 2334 ratio-

544 2367 914 2425 cinationibus
943 2367 1085 2423 inter
1119 2381 1179 2424 se
1204 2366 1668 2424 consentientibus
1709 2370 1895 2425 multae
1934 2385 2128 2426 neces-

544 2462 704 2516 sariae
732 2461 1116 2515 conclusiones
1148 2460 1492 2530 prodierunt,
1527 2474 1650 2529 quae
1677 2469 1881 2515 rectam
1910 2463 2128 2532 opinio-

544 2569 669 2609 nem
695 2553 970 2617 muniunt,
1010 2554 1113 2607 hac
1140 2554 1353 2608 ratione
1374 2551 1535 2609 facile
1563 2563 1648 2609 est
1674 2553 1875 2621 dicere,
1902 2555 1984 2609 vel
2018 2570 2124 2609 non

543 2654 789 2701 remanet
820 2646 1013 2701 saltem
1047 2646 1154 2699 hoc
1194 2644 1395 2715 dogma
1441 2645 1626 2710 altius,
1674 2660 1839 2715 quam
1888 2657 1948 2701 ut
1978 2662 2129 2701 com-

544 2736 806 2809 prehendi
835 2735 1030 2806 possit.

622 2825 701 2882 Tu
732 2842 886 2891 vero,
926 2826 1096 2881 frater
1132 2825 1265 2881 mihi
1309 2826 1632 2883 charissime
1674 2827 1811 2897 (5i),
1860 2827 1905 2883 si
1941 2836 2130 2896 partus

547 2918 819 2975 sermonis
850 2919 957 2972 mei
989 2916 1248 2987 petitione
1282 2927 1375 2973 tua
1427 2926 1478 2973 et
1509 2934 1609 2989 spe
1633 2919 1831 2991 dignus
1858 2920 2127 2985 videatur,

546 3012 876 3080 amplectere
929 3021 1189 3078 tanquam
1257 3025 1607 3065 communem
1658 3020 1711 3067 et
1768 3022 1969 3077 tecum,
2033 3010 2128 3084 qui

546 3103 934 3158 obstetricatus
967 3117 1047 3167 es,
1079 3110 1133 3157 et
1158 3117 1397 3168 mecum,
1431 3105 1524 3173 qui
1556 3104 1736 3174 peperi
1772 3120 1786 3157 :
1834 3105 1918 3161 sin
1944 3115 2128 3161 autem

549 3196 901 3266 imperfectus
927 3204 981 3251 et
1010 3211 1261 3262 mancus,
1290 3212 1414 3253 cum
1449 3198 1516 3253 iis
1553 3198 1808 3263 collatus,
1841 3214 1966 3269 quae
1998 3206 2131 3254 sunt

541 3288 657 3359 jam
699 3289 795 3343 tibi
843 3290 1027 3345 studio
1088 3289 1571 3360 contemplationis
1622 3291 1691 3345 ad
1754 3292 2128 3346 maturitatem

544 3380 809 3451 perducta
855 3381 1125 3453 (optarem
1153 3390 1336 3437 autem
1358 3381 1482 3446 hoc,
1513 3382 1559 3437 si
1583 3380 1852 3437 desiderio
1874 3382 2128 3438 vincendi

546 3481 780 3537 tenerer,
808 3475 982 3529 multo
1014 3475 1163 3529 enim
1195 3475 1421 3531 suavius
1444 3483 1530 3531 est
1561 3474 1615 3529 in
1648 3475 1835 3542 fratre,
1866 3491 2033 3546 quam
2076 3476 2133 3530 in
2160 3456 2204 3515 ο

546 3567 655 3621 alio
681 3565 936 3632 vincere;
979 3568 1249 3639 siquidem
1297 3584 1406 3623 non
1452 3569 1509 3623 in
1540 3568 1678 3624 Care
1714 3569 2043 3639 periculum,
2076 3579 2135 3625 ut

545 3665 635 3712 est
667 3656 722 3711 in
750 3657 1065 3726 proverbio,
1097 3657 1495 3724 machinamur,
1530 3659 1621 3713 sed
1665 3658 1718 3713 in
1748 3669 1980 3729 cognato
2006 3675 2137 3716 san-

549 3749 711 3817 guine
742 3763 931 3802 verum
963 3750 1132 3803 robur
1168 3748 1445 3819 inquirere
1476 3750 1688 3805 cordati
1737 3766 1801 3808 ac
1849 3753 2135 3823 prudentis

549 3854 674 3894 esse
719 3840 1148 3907 existimamus),
1178 3850 1418 3897 attamen
1494 3850 1754 3913 tanquam
1824 3845 2133 3914 expositum

549 3930 741 3985 foetum
788 3931 1026 4001 suscipe,
1066 3942 1119 3987 et
1163 3934 1270 3989 tuis
1323 3933 1602 3991 laboribus
1646 3948 1786 4005 auge
1827 3944 1882 3990 et
1915 3936 2132 4004 perﬁce,

548 4037 723 4092 eoque
768 4023 1045 4078 communi
1101 4024 1282 4079 laetitia
1306 4024 1563 4080 oblectari
1588 4034 1642 4080 et
1670 4025 1773 4079 frui
1803 4040 1869 4079 ne
1889 4025 2131 4082 desinas.

619 4112 755 4167 Cum
798 4114 962 4185 igitur
1008 4114 1116 4170 duo
1144 4131 1344 4185 genera
1388 4117 1752 4187 potentiarum
1801 4127 2013 4173 veteres
2044 4119 2133 4173 di-

549 4205 840 4262 stinxerim
899 4208 1135 4277 (oportet
1181 4208 1325 4262 enim
1381 4209 1545 4279 paulo
1611 4211 1776 4268 altius
1835 4208 2128 4281 repetere),

550 4313 719 4353 unum
770 4312 941 4369 genus
984 4307 1071 4354 est
1116 4315 1329 4367 earum,
1373 4317 1496 4371 quae
1532 4313 1823 4358 versantur
1863 4303 1919 4357 in
1945 4300 2134 4373 cogni-

548 4391 719 4456 tione,
743 4406 869 4461 quae
890 4391 1146 4447 dicuntur
1176 4394 1451 4464 cognition:
1475 4410 1495 4459 ;
1530 4395 1652 4450 alia;
1700 4396 1967 4450 animales
1997 4412 2011 4448 :
2062 4393 2131 4447 ad

547 4496 668 4538 eam
698 4498 834 4546 rem,
864 4483 931 4537 de
979 4499 1088 4554 qua
1134 4500 1281 4540 nunc
1321 4488 1589 4555 agendum
1631 4495 1734 4549 est,
1780 4487 1953 4557 magis
1989 4500 2131 4555 opus

548 4581 635 4627 est
662 4574 992 4629 animalibus
1030 4576 1309 4645 potentiis,
1335 4576 1388 4631 id
1417 4586 1499 4631 est
1544 4577 1867 4646 appetitivis.
1904 4576 2131 4647 lngene-

548 4673 667 4718 rata
697 4665 880 4735 itaque
902 4676 987 4722 est
1006 4667 1203 4723 anima:
1229 4669 1313 4724 vis
1344 4669 1634 4739 appetendi
1667 4669 1819 4729 illud.
1867 4670 2013 4738 quod
2045 4674 2131 4723 est

2231 2178 2332 2231 οὐκ
2364 2176 2429 2231 ἀν
2455 2179 2539 2247 είη
2570 2179 2683 2240 τοῖς
2713 2178 3039 2248 ἐπηρεάζειν
3079 2176 3423 2248 βουλομένοις
3456 2178 3685 2249 φοϐερὸν
3717 2180 3815 2233 καὶ

2232 2269 2704 2340 ἀπροσπέλαστον.
2736 2270 2883 2323 Διότι
2931 2270 2989 2323 δὲ
3040 2269 3203 2323 πάλιν
3230 2269 3323 2322 ἀπ’
3354 2269 3536 2325 αὐτῶν
3572 2269 3683 2323 τῶν
3711 2271 3815 2341 τῆς

2233 2361 2516 2425 εὐσεϐείας
2547 2360 2807 2433 θαλάμων
2833 2362 3050 2416 καὶτῶν
3069 2362 3343 2433 λογισμῶν
3364 2362 3473 2416 τῶν
3504 2363 3815 2434 συμψήφων

2235 2454 2428 2508 πολλαὶ
2460 2454 2717 2526 προΐασιν
2743 2455 3045 2519 ἀποδείξεις
3092 2456 3193 2525 τὴν
3216 2456 3384 2527 ὀρθὴν
3415 2456 3813 2528 δορυφοροῦσαι

2232 2546 2413 2612 δόξαν,
2443 2548 2615 2619 ταύτῃ
2646 2547 2708 2601 τδ
2737 2550 2934 2621 ῥᾷστον
2961 2550 3135 2604 εἰπεῖν
3167 2549 3201 2621 ἢ
3242 2562 3267 2591 ι
3293 2550 3626 2623 ὑψηλότερον
3648 2570 3818 2607 κατα-

2234 2639 2449 2711 λήψεως
2487 2640 2785 2710 περίεστιν.

2308 2842 2380 2896 Σύ
2402 2842 2457 2897 δέ
2485 2860 2598 2915 μοι,
2625 2844 2814 2915 ίερὲων
2843 2845 3243 2916 ἐρασμιώτατε,
3275 2847 3326 2901 εί
3360 2847 3463 2918 μὲν
3482 2847 3511 2900 ό
3535 2846 3631 2902 τοῦ
3655 2848 3813 2917 λόγου

2233 2935 2392 2996 τόκος
2412 2932 2560 3000 ἄξιός
2587 2952 2671 2989 σοι
2695 2939 2796 3008 τῆς
2818 2938 3089 3009 αἰτήσεως
3135 2941 3229 2993 καὶ
3277 2940 3376 3010 τῆς
3408 2940 3625 3005 ἐλπίδος
3644 2944 3810 3013 φανῇ,

2235 3022 2325 3084 οἷα
2354 3029 2418 3102 δὴ
2445 3026 2622 3081 κοινὸν
2652 3028 2782 3081 ὄντα
2804 3028 2899 3082 τοῦ
2924 3047 2985 3082 τε
3022 3032 3447 3101 μαιευσαμένου,
3490 3032 3586 3085 καὶ
3613 3033 3706 3086 τοῦ
3725 3038 3815 3086 τεέ

2236 3122 2446 3186 κόντος,
2471 3122 2735 3193 περιεπε’
2797 3123 2846 3175 εί
2887 3120 2933 3175 δ’
2966 3120 3172 3185 ἀτελῶς
3221 3121 3315 3175 καὶ
3342 3122 3536 3187 ἐνδεῶς
3582 3124 3719 3190 πρὸς
3746 3123 3817 3191 τὰ

2235 3212 2339 3283 ήδη
2363 3228 2445 3265 σοι
2477 3210 2945 3282 τελεσφορηθέντα
2974 3214 3091 3276 ταῖς
3114 3212 3368 3283 θεωρίαις
3390 3212 3503 3283 ἔχει
3525 3213 3816 3285 (εὐξαίμην

2236 3302 2283 3356 δ’
2306 3303 2371 3356 ἂν
2390 3301 2572 3366 τοῦτο,
2629 3300 2793 3372 εἴπερ
2839 3303 2868 3355 ό
2924 3301 3016 3355 τοῦ
3051 3305 3207 3374 νικᾷν
3235 3304 3397 3367 πόθος
3425 3297 3571 3374 εῐχεν
3594 3321 3609 3335 ·
3634 3304 3815 3375 πολλῷ

2237 3395 2348 3465 γὰρ
2376 3395 2525 3467 ἥδιον
2567 3396 2625 3449 ὲν
2651 3395 2790 3466 φίλῳ
2814 3395 2895 3467 ὶιῆ
2935 3396 2994 3449 ἂν
3037 3396 3181 3466 ἄλλῳ
3209 3397 3367 3468 νικᾷν
3386 3412 3401 3428 ’
3433 3398 3494 3451 οὐ
3530 3396 3639 3470 γάρ
3660 3400 3717 3451 ὲν
3736 3398 3814 3469 τῷ

2238 3488 2384 3559 Καρὶ
2415 3487 2506 3541 τὸν
2530 3487 2795 3554 κίνδυνον,
2829 3488 2905 3553 ῶς
2934 3489 2969 3559 ἡ
2991 3489 3281 3560 παροιμία,
3315 3488 3667 3560 σοφιζόμεθα,
3698 3489 3814 3543 ἀλλ’

2237 3580 2296 3632 ὲν
2324 3578 2401 3650 τῷ
2428 3579 2614 3650 οἰκείῳ
2640 3581 2834 3649 αἵματι
2853 3581 2916 3635 τὸ
2950 3580 3043 3634 τοῦ
3092 3580 3330 3650 κράτους
3359 3583 3584 3651 γνήσιον
3616 3581 3811 3652 ἐπιζη-

2234 3675 2349 3727 τεῖν
2370 3672 2652 3743 ἡγούμεθα
2686 3671 2949 3745 συνετὸν),
2982 3673 3117 3746 πλὴν
3134 3673 3249 3728 ἀλλ’
3272 3675 3349 3739 ὠς
3377 3674 3597 3728 ἔκθετον
3620 3675 3812 3729 ἀναλα-

2237 3764 2347 3818 ϐὼν
2371 3765 2432 3819 τὸ
2456 3764 2701 3835 γέννημα
2732 3765 2827 3817 καὶ
2860 3767 3042 3830 πόνοις
3067 3766 3289 3831 οἰκείοις
3347 3766 3687 3837 συναυξήσας
3716 3766 3812 3819 καὶ

2233 3857 2637 3929 τελεσφορήσας
2654 3858 2839 3929 κοινὴν
2861 3858 2948 3912 ἐπ’
2974 3858 3123 3929 αὐτῷ
3144 3858 3411 3913 ποιεῖσθαι
3432 3859 3507 3931 μὴ
3538 3859 3813 3930 φθονήσῃς

2232 3952 2333 4023 τὴν
2356 3950 2701 4021 εὐφροσύνην
2733 3950 2829 4005 καὶ
2855 3951 2953 4023 τὴν
2979 3951 3300 4008 ἀπόλαυσιν.

2304 4127 2510 4181 Διττων
2539 4125 2830 4198 τοιγαροῦν
2844 4126 2953 4179 τῶν
2967 4125 3214 4197 ψυχικῶν
3236 4124 3523 4196 δυνάμεων
3543 4125 3807 4197 ὑπάρχειν

2235 4219 2404 4275 πάλαι
2464 4218 2920 4289 διευκρινομένων
2946 4219 3168 4289 (μικρὸν
3189 4218 3297 4289 γάρ
3341 4217 3655 4289 ἀναδρομὴν
3682 4218 3805 4288 δεῖ),

2232 4313 2342 4367 τῶν
2371 4313 2470 4382 μὲν
2499 4310 2834 4381 γνωστικῶν,
2874 4312 2982 4364 τῶν
3030 4311 3087 4364 δὲ
3119 4310 3386 4375 ζωτικῶν,
3429 4310 3631 4380 μᾶλλον
3676 4311 3809 4381 πρὸς

2232 4403 2331 4475 τὴν
2357 4402 2640 4473 παροῦσαν
2681 4400 2961 4463 ὑπόθεσιν,
2994 4402 3027 4471 ἡ
3057 4401 3163 4454 τῶν
3191 4400 3439 4466 ζωτικῶν
3479 4405 3593 4454 ἐστι
3630 4402 3806 4472 χρεία,

2233 4496 2354 4565 ἦτοι
2388 4494 2498 4547 τῶν
2520 4492 2842 4563 ὀρεκτικῶν.
2906 4491 3268 4561 Ἐνέσπαρται
3324 4490 3503 4545 τοίνυν
3544 4492 3611 4561 τῇ
3664 4490 3807 4561 ψυχῇ

2231 4586 2462 4656 δύναμις
2493 4583 2754 4656 ὀρεκτικὴ
2777 4581 2872 4636 τοῦ
2900 4581 3043 4637 κατά
3065 4581 3225 4652 φύσιν
3259 4582 3432 4648 ὄντος,
3464 4582 3561 4635 καὶ
3593 4583 3809 4637 πάντων

2232 4680 2338 4735 τῶν
2355 4676 2630 4739 οὐσιωδῶς
2656 4674 3069 4748 προσ[ει]όντων
3097 4675 3407 4744 συνεκτικὴ,
3432 4674 3555 4745 ἥτις
3591 4674 3807 4744 λέγεται

548 4757 845 4811 secundum
904 4768 1178 4825 naturam,
1228 4761 1343 4815 sive
1401 4770 1610 4815 natura:
1674 4762 2026 4825 conveniens,
2075 4767 2130 4814 et

2234 4772 2471 4843 θέλησις.
2490 4769 2579 4823 Διὸ
2590 4767 2967 4838 καὶόρίζονται
2984 4765 3212 4834 φυσικὸν
3228 4760 3363 4818 εἷναι
3381 4763 3593 4835 θέλημα
3632 4764 3808 4836 ὄρεξιν

547 4847 753 4910 omnia,
806 4862 928 4917 qua:
978 4848 1413 4904 substantialiter
1466 4851 1673 4911 insunt,
1723 4848 2035 4904 continendi
2072 4858 2128 4904 et

2236 4864 2471 4933 φυσικήν
2496 4878 2554 4915 τε
2590 4861 2686 4914 καὶ
2716 4858 2941 4926 λογικὴν
2972 4856 3214 4928 θέλησιν.
3260 4857 3354 4911 Διὸ
3402 4858 3495 4910 καὶ
3538 4858 3807 4928 ὁρίζονται

547 4937 935 5005 conservandi,
982 4954 1104 5009 qua:
1133 4938 1335 4995 dicitur
1386 4940 1625 5009 θέλησις,
1658 4940 1708 4994 id
1743 4946 1828 4996 est
1863 4939 2128 5003 voluntas,

2237 4955 2465 5026 φυσικὸν
2499 4949 2638 5007 εἶναι
2666 4952 2900 5022 θέλημα,
2922 4947 3100 5019 ὄρεξιν
3130 4950 3365 5021 φυσικήν
3389 4968 3449 5005 τε
3472 4951 3569 5006 καὶ
3586 4950 3808 5021 λογικὴν

1849 5143 2081 5200 VARUS
2124 5139 2528 5198 LECTIONES.

630 5253 839 5326 ιῆοὐχ
870 5252 1070 5325 legisse
1125 5254 1340 5312 videtur
1400 5253 1728 5314 Turrianus.
1794 5258 1993 5315 Cum.
2048 5270 2187 5314 uota:
2233 5275 2333 5313 ms.

2443 5254 2471 5295 δ
2500 5253 2803 5310 Turrianus
2851 5252 3062 5323 legebat
3119 5253 3179 5306 ὲν
3254 5249 3490 5321 ἀδελφῷ,
3524 5250 3580 5305 in
3612 5250 3803 5320 fratre.

2047 5459 2282 5516 ΝΟΤᾸΕ.

614 5580 852 5653 μολιιιε
872 5580 1049 5653 codex
1099 5577 1573 5653 Grazcus‘habctur
1597 5591 1704 5633 ms.
1746 5574 1800 5628 in
1829 5573 1969 5653 Bibl.
1993 5571 2113 5653 Q22-

542 5646 650 5707 sar.
691 5646 1119 5715 Vindobonensi,
1150 5666 1204 5703 ιι.
1236 5649 1361 5709 ‘208,
1393 5646 2119 5715 chartaceus,mediocriter

541 5722 814 5788 antiquus,
849 5720 1007 5786 folio;
1047 5714 1244 5773 Lumb.
1271 5717 1408 5771 Bibl.
1453 5717 1609 5788 Yind.
1646 5728 1683 5771 ι.
1722 5714 1784 5788 V,
1818 5730 1867 5784 p.
1913 5715 1998 5769 15.

611 5785 723 5857 (50)
754 5791 889 5848 Vide
921 5785 1194 5856 Damascq
1232 5789 1325 5844 lib.
1355 5804 1414 5844 ιιι
1451 5786 1606 5841 Fidei
1645 5787 1808 5851 art/1.,
1851 5800 1971 5854 cap.
2024 5785 2112 5849 14,

2225 5585 2279 5630 et
2307 5570 2657 5627 Anastasium
2714 5570 2980 5624 Sinaitztm
3022 5570 3074 5624 iu
3123 5583 3225 5624 suo
3280 5566 3495 5638 llodego
3550 5581 3650 5622 seu
3692 5562 3797 5621 Vite

2223 5647 2410 5783 dﬂigi)
2440 5711 2619 5768 Photii
2648 5710 2815 5764 frater
2844 5709 3125 5783 Tarasius.
3154 5710 3212 5765 in
3243 5709 3436 5764 ϐιωοο
3466 5723 3576 5763 non
3610 5707 3802 5772 frater,

2224 5786 2318 5841 scd
2354 5785 2682 5838 sacerdotum
2716 5782 3027 5835 charissima
