4158 6498
430 375 534 440 509
1383 366 1483 426 AD
1507 365 2026 425 AMPHIIDCHII

2144 363 2496 435 ΟΙῙᾹΞΞΤΙΟ
2531 363 2766 423 LXXX.
3591 361 3697 426 510

431 497 608 566 μόνων
636 485 955 562 ἠρτημένην
985 485 1094 538 τῶν
1150 483 1414 552 φυσικῶν.
1473 486 1634 537 Ὥστε
1659 484 1692 553 ἡ
1728 483 1822 553 μὲν
1848 481 2008 552 θέλης

2126 481 2261 534 unde
2292 480 2519 548 φυσικὸν
2547 479 2779 550 θέλημα,
2817 479 2868 533 id
2897 490 2978 535 est
3012 479 3309 535 naturalem
3340 482 3696 547 voluntatem,

433 587 521 649 σίς
559 588 708 636 ἐστιν
734 581 872 651 αὐτὴ
906 581 941 649 ὴ
977 579 1179 648 ζωτική
1204 595 1264 630 τε
1281 578 1374 629 καὶ
1405 576 1597 644 λογικὴ
1623 575 1804 644 ὄρεξις
1822 573 2012 628 πασῶν

2126 571 2386 625 deﬁniunt
2416 587 2536 625 esse
2562 573 2859 639 appetitum
2908 575 3208 627 naturalem
3268 583 3321 627 ct
3351 577 3693 641 rationalem,

429 679 539 732 τῶν
565 676 662 744 τῆς
697 672 910 742 φύσεως
942 667 1282 722 συστατικῶν
1319 667 1469 735 ἁπλῆ
1509 667 1761 735 δύναμις.
1813 664 1878 717 Ἢ
1905 663 2014 732 γὰρ

2126 678 2180 716 εχ
2216 662 2347 715 solis
2377 662 2714 716 naturalibus
2747 663 3091 731 pendentem.
3124 663 3307 729 Quare
3340 666 3590 735 θέλησις,
3643 669 3695 721 id

431 769 540 821 τῶν
562 767 770 832 ἀλόγων
786 761 964 834 ὄρεξις
989 762 1062 831 μὴ
1087 757 1222 814 οὖσα
1239 759 1432 828 λογικὴ
1450 760 1510 812 οὐ
1534 758 1750 826 λέγεται
1775 757 2011 828 θέλησις.

2126 764 2197 810 ast
2255 754 2530 818 voluntas,
2563 763 2647 809 est
2678 754 2793 823 ipse
2833 755 3084 809 animalis
3118 767 3172 810 et
3218 759 3502 813 rationalis
3531 776 3698 829 appe-

433 860 665 928 Θὲλησις
691 851 784 909 οὖν
813 856 863 908 τί
895 853 1024 907 ποτέ
1069 854 1219 904 ἐστιν
1250 852 1486 920 εἴρηται.

2126 847 2244 901 .itus
2307 852 2553 900 omnium
2596 847 2984 914 potentiarum,
3028 864 3150 917 qua:
3197 862 3445 906 naturam
3494 854 3700 909 consti-

436 967 618 1019 tuunt,
654 952 878 1021 simplex
908 947 1172 1018 potentia.
1208 943 1494 1014 Appetitas
1532 941 1675 995 enim
1705 938 2127 1004 irrationalium,
2192 954 2317 993 cum
2376 953 2488 993 non
2552 940 2624 994 sit
2688 939 2996 1005 rationalis,
3029 956 3136 994 non
3182 941 3383 998 dicitur
3420 946 3694 1001 voluntas.

439 1057 645 1111 Dictum
693 1053 854 1123 igitur
892 1056 997 1114 est,
1047 1046 1178 1115 quid
1227 1045 1295 1098 sit
1348 1042 1588 1112 θέλησις,
1643 1039 1694 1093 id
1750 1046 1835 1093 est
1891 1038 2164 1092 voluntas.

507 1149 769 1217 Βούλησις
796 1143 851 1196 δέ
884 1145 1000 1195 ἐστι
1045 1139 1175 1193 ποιὰ
1207 1137 1411 1206 φυσικὴ
1441 1136 1681 1205 θέλησις,
1719 1136 1887 1206 ἤγουν
1914 1151 2014 1204 φυ-

2189 1129 2452 1199 Βούλησις
2487 1144 2616 1183 vero
2639 1139 2721 1183 est
2753 1131 3018 1186 naturalis
3045 1131 3299 1187 voluntas
3352 1134 3499 1199 ποιά,
3535 1136 3585 1188 id
3615 1147 3699 1189 est

440 1239 564 1307 σικὴ
601 1237 692 1290 καὶ
715 1232 909 1304 λογικὴ
943 1231 1118 1300 ὀρεξίς
1141 1245 1285 1291 τινος
1340 1228 1686 1298 πράγματος.
1726 1227 2012 1295 Ἔγκειται

2126 1222 2370 1291 aliqualis
2396 1222 2475 1290 (ut
2501 1222 2575 1276 ita
2606 1223 2842 1293 dicam);
2871 1225 3134 1279 naturalis
3161 1227 3305 1279 enim
3333 1237 3387 1280 et
3419 1228 3698 1283 rationalis

412 1374 414 1377 .
437 1333 535 1401 μὲν
558 1332 665 1400 γὰρ
692 1329 725 1397 ἡ
753 1326 983 1395 δύναμις
1004 1325 1062 1377 ὲν
1090 1326 1156 1394 τῇ
1174 1320 1267 1374 τοῦ
1300 1319 1588 1390 ἀνθρώπου
1621 1318 1768 1389 ψυχῇ
1805 1316 1898 1370 τοῦ
1921 1317 2012 1369 λο-

2126 1315 2392 1384 appetitus
2421 1315 2488 1370 de
2515 1316 2698 1384 aliqua
2727 1331 2784 1370 re
2815 1325 2896 1372 est
2927 1318 3236 1373 rationalis.
3275 1319 3418 1373 Inest
3463 1321 3607 1375 enim
3641 1322 3698 1375 in

433 1420 603 1489 γικῶς
633 1417 955 1490 ὀρέγεσθαιο
985 1417 1073 1468 ὅτε
1109 1415 1166 1467 δὲ
1200 1412 1444 1482 φυσικῶς
1510 1410 1758 1480 κινηθείη
1802 1409 1942 1477 αὕτη
1979 1410 2012 1480 ἠ

2126 1406 2304 1461 anima
2333 1407 2574 1462 hominis
2606 1409 2709 1473 vis,
2761 1409 2875 1464 sive
2921 1412 3160 1481 potentia
3205 1413 3489 1481 appetendi
3532 1415 3700 1468 ratio-

434 1511 623 1582 λογικὴ
641 1509 822 1580 ὄρεξις
849 1508 984 1578 πρός
1009 1525 1060 1560 τι
1089 1504 1565 1577 πρᾶγμα,λέγεται
1593 1502 1865 1572 βούλησις⁹
1890 1500 2015 1570 βού-

2126 1497 2354 1562 naliter;
2408 1500 2629 1567 quando
2673 1511 2853 1554 autem
2902 1502 3227 1556 naturaliter
3278 1513 3530 1558 movetur
3580 1505 3700 1574 ipse

433 1600 590 1669 λησις
608 1598 716 1670 γάρ
743 1599 890 1650 ἐστιν
925 1595 1104 1665 ὄρεξις
1139 1595 1232 1647 καὶ
1268 1593 1451 1662 ἔφεσίς
1487 1609 1632 1654 τινος
1685 1591 2013 1660 πράγματος

2126 1590 2390 1658 appetitus
2425 1592 2706 1647 rationalis
2735 1595 2800 1646 ad
2846 1594 3085 1663 aliquam
3128 1611 3266 1660 rem,
3318 1597 3517 1650 dicitur
3572 1599 3699 1668 βού-

433 1691 650 1760 λογική.
717 1689 949 1757 Λέγεται
973 1687 1028 1739 δὲ
1054 1686 1309 1756 βούλησις
1339 1685 1433 1738 καὶ
1476 1684 1567 1736 ἐπὶ
1599 1682 1708 1736 τῶν
1738 1682 1823 1751 ἐφ’
1855 1683 2008 1751 ἡμῖν,

2126 1685 2290 1751 ιησις,
2332 1682 2386 1737 id
2426 1697 2510 1739 cst
2535 1687 2789 1740 voluntas
2817 1686 3048 1756 alicujus
3083 1689 3157 1742 rei
3193 1708 3205 1743 :
3254 1690 3510 1761 βούλησις
3551 1693 3697 1747 enim

434 1784 685 1839 τουτέστι
724 1783 818 1835 καὶ
840 1782 932 1834 ἐπὶ
957 1781 1067 1835 τῶν
1095 1780 1397 1834 ἀδυνάτων.
1430 1776 1747 1846 Βουλόμεθα
1775 1774 1884 1845 γὰρ
1918 1774 2014 1827 καὶ

2126 1787 2201 1830 est
2230 1775 2501 1845 appetitus
2542 1785 2595 1831 et
2627 1777 2954 1832 desiderium
2991 1779 3222 1849 alicujus
3255 1782 3333 1836 rei
3380 1783 3646 1837 rationale
3681 1801 3694 1836 :

437 1877 514 1950 μὴ
543 1875 856 1939 ἀποθανεῖν,
894 1874 1006 1928 ἐστι
1037 1873 1092 1926 δὲ
1124 1875 1156 1943 ἡ
1181 1872 1436 1943 βούλησις
1454 1871 1549 1924 τοῦ
1572 1871 1782 1934 τέλους,
1809 1871 1870 1922 οὐ
1905 1868 2015 1922 τῶν

2126 1867 2319 1922 dicitur
2347 1878 2528 1923 autem
2557 1867 2832 1938 βούλησις,
2862 1871 2912 1923 id
2938 1880 3022 1924 est
3045 1873 3297 1926 voluntas
3325 1873 3560 1942 alicujus
3595 1875 3698 1938 rei,

406 2017 410 2024 .
435 1970 575 2041 πρὸς
589 1969 652 2021 τὸ
681 1968 854 2031 τέλος.
886 1967 1051 2029 Τέλος
1071 1964 1182 2035 γὰρ
1208 1965 1268 2018 τὸ
1300 1962 1655 2034 βουλητὸνὼς
1677 1961 1738 2014 τὸ
1768 1961 2014 2030 ὐγιᾶναι·

2126 1959 2188 2014 [Ιε
2221 1960 2288 2014 iis
2311 1976 2434 2030 quae
2457 1971 2585 2015 sunt
2617 1963 2666 2015 in
2683 1973 2870 2017 nostra
2894 1973 3180 2030 potestate,
3202 1973 3256 2018 et
3275 1965 3341 2020 de
3359 1966 3426 2020 iis
3444 1982 3564 2035 quae
3585 1981 3697 2020 non

401 2097 405 2102 ν
435 2060 573 2132 πρὸς
604 2058 667 2112 τό
694 2059 846 2122 τέλος
873 2058 929 2110 δὲ
957 2060 986 2111 ὁ
1021 2058 1221 2127 τρόπος
1251 2055 1321 2109 δι’
1353 2050 1416 2109 οὗ
1452 2054 1743 2124 ὀφείλομεν
1770 2053 2011 2121 ὐγιᾶναι.

2126 2060 2280 2118 ευηι;
2312 2051 2364 2106 id
2392 2061 2497 2115 est,
2524 2053 2590 2107 de
2625 2054 2692 2109 iis
2721 2070 2841 2123 qua:
2873 2071 2902 2108 a
2935 2056 3092 2110 nobis
3119 2054 3234 2110 ﬁeri
3261 2066 3507 2125 possunt,
3547 2069 3601 2112 et
3631 2058 3699 2112 de

436 2157 506 2211 iis
532 2169 658 2226 quae
691 2169 800 2208 non
833 2160 1096 2223 possunt;
1126 2152 1384 2208 volumus
1418 2152 1565 2206 enim
1593 2164 1706 2204 non
1734 2149 1902 2214 mori;
1935 2155 2018 2202 est
2047 2155 2309 2216 prazterea
2349 2145 2624 2218 βούλησις,
2674 2149 2728 2202 id
2775 2159 2858 2203 est
2911 2149 3164 2205 voluntas
3198 2153 3342 2216 linis,
3381 2168 3488 2206 non
3519 2160 3698 2206 autem

435 2267 629 2307 eorum
672 2266 794 2322 quae
821 2257 1069 2320 spectant
1112 2249 1180 2303 ad
1236 2248 1419 2302 linem.
1475 2246 1627 2301 Finis
1688 2245 1834 2300 enim
1861 2242 2021 2298 εειτὺ
2052 2241 2332 2313 βουλητὸν,
2362 2241 2414 2296 id
2440 2253 2527 2297 est
2552 2242 2603 2297 id
2641 2243 2787 2314 quod
2820 2245 3100 2311 volumus,
3129 2254 3188 2300 ut
3214 2247 3352 2303 bene
3379 2249 3596 2316 valere;
3631 2249 3701 2304 ad

409 2348 605 2402 .ﬁnem
661 2354 841 2400 autem
895 2352 1108 2414 spectat
1138 2342 1190 2397 id
1226 2357 1321 2412 per
1372 2341 1518 2412 quod
1552 2340 1816 2395 debemus
1846 2338 1986 2393 bene
2017 2337 2212 2392 valere.

512 2465 665 2521 Μετὰ
695 2465 752 2520 δὲ
775 2466 873 2536 τὴν
905 2463 1180 2535 βούλησιν,
1216 2462 1446 2534 ζήτησις
1477 2461 1571 2515 καὶ
1595 2460 1787 2530 σκέψις
1832 2459 1952 2531 μεθ’
1980 2457 2018 2513 ἃ.

433 2561 467 2629 ἠ
497 2558 680 2628 βουλή.
710 2555 886 2625 Βουλὴ
932 2554 1042 2623 γάρ
1071 2555 1218 2606 ἐστιν
1247 2551 1428 2622 ὀρεξις
1457 2549 1655 2621 ζητικὴ
1702 2560 1724 2587 ε
1760 2549 1889 2620 περὶ
1908 2549 2017 2601 τῶν

433 2652 520 2720 ἐφ’
554 2651 686 2721 ἡμῖν
723 2648 1068 2719 πραγμάτων
1111 2645 1371 2716 γινομένη
1396 2661 1411 2677 °
1464 2642 1777 2712 βουλεύεται
1825 2643 1934 2711 γὰρ
1969 2641 2019 2693 εἰ

431 2741 642 2810 ὀφείλει
671 2759 756 2804 τις
792 2739 1070 2811 μετελθεῖν
1114 2739 1175 2790 τὸ
1200 2739 1432 2808 πρᾶγμα
1463 2736 1497 2807 ἢ
1534 2734 1618 2790 οὐ.
1647 2731 1783 2788 Εἶτα
1818 2735 2015 2805 κρίνει,

2199 2456 2330 2514 Ροει
2360 2458 2638 2529 βούλησιν,
2675 2459 2728 2513 id
2786 2467 2870 2514 est
2931 2460 3264 2516 voluntatem
3325 2461 3558 2531 alicujus
3609 2463 3688 2518 rei

2123 2557 2207 2605 εει
2237 2552 2521 2621 inquisitio
2571 2561 2626 2606 et
2681 2552 3080 2617 consideratio,
3133 2562 3325 2623 postea
3382 2556 3697 2610 consilium.

2124 2642 2430 2698 Consilium
2460 2643 2605 2697 enim
2634 2653 2717 2698 est
2749 2644 3048 2713 appetitus,
3074 2646 3358 2715 inquirens
3390 2649 3456 2701 de
3485 2648 3549 2703 iis
3579 2663 3702 2718 qua).

2121 2745 2249 2790 sunt
2275 2752 2440 2806 penes
2471 2753 2614 2792 nos:
2666 2739 2937 2792 consultat
2967 2739 3113 2792 enim
3154 2755 3222 2793 an
3265 2741 3460 2794 debeat
3501 2743 3702 2811 aliquis

432 2835 530 2886 καὶ
559 2832 775 2900 λέγεται
814 2830 1014 2901 κρίσις.
1057 2830 1173 2896 Ἐφ’
1226 2823 1309 2896 οἷς
1349 2828 1648 2882 διατίθεται
1686 2826 1783 2880 καὶ
1828 2826 2020 2895 ἀγαπᾷ

2126 2829 2339 2897 aggredi
2377 2829 2615 2898 aliquam
2642 2844 2778 2894 rem,
2805 2846 2872 2883 an
2906 2847 3035 2884 non.
3070 2830 3265 2885 Postea
3290 2831 3502 2900 judicat
3535 2844 3587 2887 et
3619 2835 3705 2888 di-

436 2927 534 2978 xal.
557 2926 774 2995 λέγεται
833 2925 1028 2994 γνώμη
1051 2940 1066 2956 ο
1109 2924 1176 2977 ἂν
1197 2923 1360 2994 κριθῇ
1402 2924 1500 2993 μὲν
1529 2922 1658 2992 γὰρ,
1691 2922 1766 2992 μὴ
1796 2919 2017 2989 διατεθῇ

435 3017 492 3069 δὲ
527 3015 660 3086 πρὸς
689 3016 750 3068 τὸ
784 3015 972 3086 κριθὲν
993 3031 1008 3046 ·
1039 3015 1207 3085 ἤγουν
1235 3014 1299 3067 ἂν
1323 3013 1396 3083 μὴ
1419 3013 1684 3085 ἁγαπήσῃ
1702 3011 1762 3062 οὐ
1802 3009 2019 3077 λέγεται

436 3108 670 3177 γνώμη·
705 3107 797 3159 ἐπὶ
839 3106 1022 3177 μέντοι
1047 3109 1114 3176 τῇ
1152 3103 1346 3175 γνώμῃ
1398 3104 1432 3174 ἡ
1475 3103 1792 3174 προαίρεσις
1835 3102 2025 3155 ἕπεται

2125 2922 2268 2976 citur
2290 2921 2578 2990 judicium.
2611 2921 2669 2976 ln
2699 2923 2899 2992 quibus
2942 2924 3192 2988 adicitur,
3227 2934 3281 2979 et
3320 2940 3384 2980 ea
3414 2934 3581 2991 amat,
3617 2926 3705 2981 di-

2128 3012 2270 3066 citur
2298 3012 2518 3081 γνώμη,
2549 3012 2600 3065 id
2637 3022 2722 3067 est
2752 3013 2996 3080 aﬂ'ectio;
3035 3016 3080 3069 si
3117 3015 3491 3085 enimjudicet
3517 3025 3571 3070 et
3597 3032 3705 3070 non

2125 3104 2413 3168 alIiciatur,
2465 3105 2519 3158 id
2565 3113 2671 3171 est,
2712 3120 2820 3158 non
2866 3115 3010 3159 amet
3057 3106 3204 3175 quod
3251 3107 3552 3176 judicatum
3598 3114 3705 3172 est,

438 3199 604 3251 οἱονεὶ
639 3197 860 3268 ἐκλογή.
912 3197 1069 3251 Μετὰ
1133 3197 1190 3249 δὲ
1247 3199 1346 3268 τὴν
1409 3195 1730 3267 προαίρεσιν
1798 3194 1833 3264 ἡ
1883 3194 2020 3264 πρὸς

2126 3208 2234 3248 non
2261 3193 2461 3248 dicitur
2489 3195 2736 3265 γνώμην.
2763 3194 2893 3249 Post
2920 3195 3112 3266 γνώμη
3177 3199 3426 3266 sequitur
3443 3198 3706 3268 προαίρε-

436 3291 540 3362 τὴν
563 3291 758 3362 πρᾶξιν
798 3289 1079 3343 ἀκολουθεί
1120 3291 1300 3360 ὀρμή·
1356 3284 1477 3341 εἷτα
1527 3287 1745 3358 χρῆσις,
1801 3286 1923 3357 μεθ’
1953 3288 2019 3356 ἥν

436 3382 508 3436 τὰ
533 3382 630 3452 τῆς
657 3380 890 3452 ὀρέξεως
917 3380 1169 3433 παύεται.
1208 3380 1333 3432 Ἑπὶ
1392 3378 1492 3449 μὲν
1522 3375 1614 3432 οὖν
1635 3378 1746 3430 τῶν
1784 3377 2017 3446 ἀλόγων,

438 3475 579 3546 μετὰ
603 3473 700 3546 τὴν
730 3473 911 3545 ὄρεξιν
934 3473 1095 3536 εὐθὺς
1132 3476 1164 3543 ἡ
1205 3472 1351 3544 ὀρμὴ
1399 3472 1613 3535 ἕπεται,
1668 3471 1763 3524 ἐπὶ
1804 3471 1861 3524 δὲ
1911 3470 2019 3524 τῶν

434 3565 670 3632 λογικῶν
695 3566 754 3618 οὐ
780 3565 1020 3626 πάντως.
1049 3563 1131 3616 Τὰ
1160 3564 1262 3633 μὲν
1302 3563 1411 3633 γὰρ
1439 3562 1610 3631 ἄλογα
1649 3561 1755 3614 ὑπὸ
1780 3561 1881 3624 τῆς
1914 3578 2019 3628 φυ-

436 3659 597 3729 σικῆς
640 3657 875 3728 ὀρέξεως
934 3656 1150 3725 ἄγεται,
1191 3655 1272 3708 διὸ
1317 3654 1439 3708 οὐδὲ
1460 3653 1675 3724 θέλησις
1703 3654 1736 3722 ἡ
1769 3652 1877 3705 τῶν
1903 3652 2022 3705 ἁλός

435 3766 550 3817 γων
572 3747 752 3817 ὄρεξις
772 3747 1014 3816 λέγεται,
1047 3746 1166 3799 οὐδὲ
1213 3745 1488 3815 βούλησις.
1531 3744 1654 3796 Ἐπὶ
1690 3744 1748 3798 δὲ
1781 3744 1890 3796 τῶν
1922 3745 2019 3797 ἁν-

440 3837 676 3908 θρώπων
701 3838 904 3907 μᾶλλον
948 3838 982 3907 ή
1038 3835 1243 3907 φυσικὴ
1276 3835 1456 3907 ὄρεξις
1481 3836 1527 3873 θ’
1545 3834 1690 3905 ἥπερ
1717 3834 1840 3903 ἄγει
1861 3849 1876 3864 ’
1901 3835 2020 3887 αὐτο

440 3929 695 3994 εξουσίως
712 3931 820 4000 γὰρ
837 3929 932 3982 καὶ
953 3929 1094 3997 μετὰ
1114 3928 1274 3996 λόγου
1297 3929 1550 3989 κινεῖται,
1577 3925 1765 3997 ἐπειδὴ
1782 3925 1878 3979 καὶ⁷
1897 3943 2020 3978 συν-

440 4023 768 4092 εζευγμέναι
793 4023 931 4074 είσὶν
958 4022 1013 4074 αί
1047 4020 1349 4089 γνωστικαὶ
1374 4019 1469 4072 καὶ
1507 4018 1735 4083 ζωτικαὶ
1762 4018 2022 4087 δυνάμεις

442 4117 502 4167 ὲν
533 4115 612 4185 τῷ
649 4112 943 4184 ἀνθρώπῳ,
987 4111 1350 4176 αὐτεξουσίως
1401 4110 1692 4181 τοιγαροῦν
1743 4111 2018 4180 ὀρέγεται,

441 4207 538 4260 καὶ
579 4205 939 4272 αὐτεξουσίως
990 4207 1157 4277 ὁρμᾷ,
1209 4205 1305 4259 καὶ
1350 4203 1421 4258 τὰ
1475 4203 1614 4257 ἄλλα
1659 4201 2022 4268 αὐτεξουσίως

441 4315 514 4352 πο
521 4301 607 4353 ιεῖ.

516 4479 643 4534 Ἐπὶ
670 4479 728 4534 δέ
751 4496 814 4548 γε
843 4479 941 4550 τῆς
969 4477 1120 4540 θείας
1150 4477 1245 4532 καὶ
1279 4474 1556 4546 μακαρίας
1573 4474 1666 4528 καὶ
1689 4472 2018 4545 ὐπερουσξου

442 4571 682 4641 φύσεως,
723 4569 1016 4641 βούλησινά
1068 4570 1166 4640 μὲν
1194 4568 1445 4638 λέγομεν,
1497 4565 1816 4638 προαίρεσιν
1840 4564 1894 4616 δὲ
1922 4580 2020 4614 κυ-

447 4665 580 4735 ρίως
606 4664 666 4715 οὐ
702 4663 956 4732 λέγομεν,
993 4661 1181 4731 ὥσπερ
1225 4660 1348 4714 οὐδὲ
1395 4659 1608 4730 σκέψιν,
1664 4658 1785 4711 οὐδὲ
1821 4656 2020 4727 βούλη-

416 4772 531 4808 .σιν
553 4765 601 4819 θ,
645 4753 759 4807 ἀλλ’
793 4754 901 4807 οὐδ’
942 4754 1035 4807 ἐπὶ
1077 4754 1174 4824 τῆς
1205 4751 1296 4805 τοῦ
1345 4751 1553 4822 Κυρίου
1593 4751 1793 4821 ψυχῆς,
1826 4749 2022 4820 βουλὴν

441 4846 677 4915 λέγομεν
711 4845 744 4916 ἢ
776 4844 1115 4917 προαίρεσιν.
1152 4843 1228 4896 Οὐ
1251 4841 1362 4913 γὰρ
1391 4838 1538 4911 εἶχεν
1573 4841 1818 4909 ἄγνοιαν,
1848 4841 1896 4892 εί
1930 4840 2024 4893 καὶ

442 4939 544 5008 τῆς
599 4939 668 4992 τὰ
719 4938 982 5009 μέλλοντα
1035 4937 1337 5006 ἀγνοούσης
1395 4933 1731 5006 ἐχρημάτιζε
1781 4933 2020 5004 φύσεως.

458 5030 752 5084 Ἐνωθεῖσα
786 5031 895 5102 γὰρ
936 5029 1014 5101 τῷ
1039 5029 1158 5102 Θεῷ
1185 5029 1345 5100 Λόγῳ
1383 5027 1506 5081 καθ’
1531 5027 1851 5095 ὑπόστασιν,
1883 5027 2026 5081 πάν·

2046 4539 2102 4598 D

2129 3305 2211 3351 σις
2243 3287 2328 3341 vel
2361 3288 2581 3359 ἐκλογή,
2621 3288 2675 3342 id
2708 3298 2790 3343 est
2827 3289 3054 3354 electio;
3101 3299 3224 3359 post
3266 3290 3585 3344 electionem
3618 3307 3706 3346 se-

2126 3382 2312 3450 quitur
2347 3380 2492 3450 ὀρμὴ
2527 3380 2663 3450 πρὸς
2704 3380 2802 3451 τὴν
2845 3383 3063 3451 πρᾶξιν,
3116 3383 3167 3435 id
3211 3391 3295 3437 est
3328 3382 3604 3452 aggressio
3637 3385 3706 3438 ad

2125 3487 2277 3537 rem;
2309 3471 2504 3526 deinde
2527 3471 2745 3542 χρῆσις,
2778 3473 2829 3526 id
2862 3481 2946 3527 est
2997 3488 3150 3527 usus.
3199 3472 3328 3528 Post
3357 3475 3500 3527 hunc
3527 3485 3710 3530 cessat

2126 3563 2419 3632 appetitus.
2457 3565 2517 3615 In
2548 3563 2956 3619 irrationalibus
2980 3566 3198 3635 quidem
3233 3565 3418 3618 statim
3455 3576 3576 3635 post
3605 3583 3705 3636 ap-

2125 3656 2443 3725 petitionem
2508 3656 2758 3726 sequitur
2819 3659 3053 3726 impetus
3104 3658 3221 3712 sive
3274 3659 3596 3727 aggressio;
3652 3660 3708 3714 in

2126 3749 2489 3804 rationalibus
2544 3763 2674 3803 vero
2719 3765 2826 3803 nou
2877 3750 3123 3806 omnino.
3176 3749 3515 3805 lrrationalia
3559 3753 3706 3806 enim

2127 3840 2402 3895 ducuntur
2447 3841 2516 3895 ab
2547 3840 2789 3910 appetitu
2839 3839 3099 3907 naturali,
3155 3842 3508 3910 quamobrem
3543 3858 3710 3912 appe-

2129 3934 2261 3987 titus
2310 3947 2500 3988 eorum
2553 3949 2660 3987 non
2711 3932 2910 3987 dicitur
2957 3932 3210 4001 θέλησις,
3271 3934 3324 3986 ld
3367 3943 3449 3988 est
3515 3935 3712 3988 volun-

2131 4034 2242 4090 tas;
2294 4026 2348 4078 in
2373 4025 2686 4079 hominibus
2729 4039 2859 4078 vero
2909 4025 3083 4093 magis
3115 4025 3392 4094 appetitus
3441 4027 3710 4080 naturalis

2127 4112 2345 4166 ducitur
2368 4150 2383 4174 ,
2422 4127 2584 4180 quam
2616 4113 2804 4177 ducit;
2867 4113 3036 4168 libere
3068 4113 3214 4167 enim
3245 4121 3298 4167 et
3332 4129 3456 4167 cum
3497 4115 3712 4169 ratione

2129 4214 2400 4268 movetur,
2429 4206 2557 4273 quia
2596 4207 2650 4259 in
2686 4205 2909 4260 homine
2948 4206 3214 4274 copulatae
3259 4213 3387 4258 sunt
3435 4207 3705 4273 potentiae

2128 4296 2514 4366 cognoscitivm
2541 4306 2597 4350 et
2627 4297 2930 4362 animales,
2955 4313 3127 4367 quare
3160 4297 3329 4351 libere
3371 4299 3600 4367 appetit,
3648 4310 3705 4353 et

2129 4387 2295 4442 libere
2317 4388 2653 4458 aggreditur,
2680 4397 2734 4443 et
2753 4389 2859 4442 alia
2895 4390 3064 4443 libere
3087 4389 3239 4444 facit.

2199 4478 2257 4532 In
2279 4479 2462 4534 divina
2497 4489 2679 4536 autem
2717 4491 2912 4537 natura
2943 4481 3200 4554 βούλησιν
3247 4483 3487 4553 quidem,
3520 4483 3570 4537 id
3625 4491 3709 4538 est

2128 4571 2491 4637 voluntatem,
2517 4573 2754 4628 dicimus
2789 4591 2802 4627 :
2827 4573 3148 4629 electionem
3184 4591 3314 4632 vero
3343 4591 3449 4630 non
3475 4575 3708 4630 dicimus

2128 4663 2367 4733 proprie,
2411 4664 2553 4717 sicut
2597 4679 2771 4733 neque
2802 4666 3314 4732 considerationem,
3359 4684 3532 4736 neque
3574 4683 3709 4724 con-

2129 4755 2499 4821 sultationem,
2537 4757 2649 4811 imo
2694 4772 2794 4811 nec
2826 4756 2880 4810 in
2933 4758 3115 4812 anima
3159 4759 3361 4813 Christi
3410 4760 3703 4812 consilium

2128 4848 2386 4912 dicimus,
2416 4863 2515 4902 nec
2544 4848 2902 4916 electionem;
2954 4864 3062 4904 non
3103 4851 3248 4903 enim
3290 4850 3522 4905 habebat
3552 4851 3710 4922 igno-

2128 4939 2390 5004 rantiam,
2428 4940 2643 4995 tametsi
2693 4949 2906 4995 natura:
2957 4941 3256 5011 ignorantis
3306 4956 3425 4996 esse
3483 4942 3707 4996 diceba-

2128 5044 2217 5086 tur
2236 5031 2348 5103 (52)
2378 5050 2392 5086 :
2428 5031 2580 5087 unita
2609 5033 2755 5088 enim
2781 5032 2892 5088 Deo
2920 5031 3096 5087 Verbo
3120 5032 3420 5088 secundum
3452 5033 3708 5103 bypostao

1725 5229 1963 5285 VARIE
2037 5228 2438 5285 LECTIONES.

538 5324 1119 5397 clean01Cﬂ1ﬂTtXﬁ.
1187 5323 1523 5397 c‘Turrian.
1583 5325 1795 5397 legebat
1855 5325 2034 5396 ὄρεξις
2081 5324 2326 5397 ἄγεται.
2398 5325 2426 5366 ἀ
2459 5325 2713 5382 Turrian.
2757 5327 2996 5396 θέλησιν,
3077 5328 3170 5382 sed
3233 5328 3446 5397 legebat
3513 5327 3708 5396 βούλη-

413 5395 745 5469 ,ρινηυίλίη
778 5395 1104 5469 Colbertiuo
1125 5410 1348 5469 quoque
1381 5396 1600 5465 legitur.
1665 5408 1687 5435 ε
1714 5395 1854 5451 Olim
1886 5395 2204 5450 dubitabam
2235 5412 2306 5450 an
2336 5395 2882 5469 Ιεεςειιίιυηιιβουλήν,
2903 5399 2994 5452 sed
3024 5395 3372 5454 Colbertiiius
3405 5395 3573 5453 codex
3610 5395 3709 5453 ha—

445 5463 537 5518 ].iet
566 5464 866 5534 βούλευσιν,
895 5474 950 5520 ει
979 5463 1198 5535 quidem
1230 5463 1387 5521 bene.

1933 5554 2168 5611 NOTAE.

528 5656 639 5725 (52)
675 5657 914 5715 Tametsi
953 5667 1164 5713 naturte
1195 5656 1503 5727 ignorantis
1532 5670 1654 5711 esse
1699 5654 2023 5727 dicebatur:

446 5730 519 5787 lii
543 5731 640 5784 καὶ
678 5731 779 5800 τῆς
814 5731 882 5784 τὰ
919 5730 1180 5800 μέλλοντα
1218 5726 1519 5799 ἀγνοούσης
1568 5726 1902 5797 ἐχρημάτιζε
1929 5726 2030 5796 φύς

2137 5671 2298 5780 statui.
2328 5655 2380 5779 id
2409 5664 2492 5712 est
2526 5671 2540 5711 :
2573 5655 2787 5712 tametsi
2825 5665 3030 5712 naturae
3060 5655 3569 5730 futuraignorantis
3590 5672 3714 5715 esse

2179 5741 2256 5780 ice
2275 5742 2325 5780 η
2355 5741 2439 5780 ur.

2179 5741 2439 5782 icenatur.
