2079 3215
243 162 295 195 Sil

244 228 308 253 sim,
324 218 508 255 cognitionem
522 216 646 245 omnium
659 215 789 248 habebat,
811 223 867 242 non
883 214 981 250 gratia,
994 213 1041 241 sed

244 274 354 299 natura,
370 270 480 301 propter
492 265 621 292 unionem
637 263 850 299 hypostatieam,
877 261 947 288 idem
968 260 1040 287 enim

244 318 303 342 erat
320 313 392 340 Deus
414 316 442 339 et
468 312 561 340 homo.
587 311 771 344 Quamobrem
794 315 885 343 neque
903 306 1042 343 γνωμικὸν

245 361 352 395 θέλημα
369 359 486 387 habebat
503 358 541 393 (id
563 362 616 390 est,
639 358 809 386 voluntatem
836 355 960 383 aﬁ‘ectam
985 354 1042 381 sive

246 405 419 434 allectionem
434 403 584 431 voluntatis
596 402 624 430 in
636 403 726 438 aliqua
738 403 790 436 re);
802 401 921 429 habebat
932 399 1042 438 quidem

246 452 417 479 voluntatem
443 450 599 478 naturalem
627 449 701 477 illam
734 448 899 483 simplicem,
927 453 989 481 qum
1015 445 1042 472 in

249 498 325 525 omni
343 501 441 525 natura
455 497 600 524 hominum
618 496 742 524 similiter
761 498 919 529 spectatur;
935 492 1044 528 gnomi-

248 550 310 570 eam
335 549 400 570 vero
425 542 593 570 voluntatem
614 548 669 568 non
691 540 809 567 habebat
831 543 927 567 sancta
953 538 1045 565 anima

249 588 351 616 Christi
365 592 461 616 contra
479 586 599 616 divinam
620 586 801 618 voluntatem,
817 591 869 612 nec
884 583 957 611 aliud
970 583 1045 611 vole-

250 634 298 662 bat
314 639 413 669 przeter
426 634 595 662 voluntatem
611 632 743 659 divinam.
755 630 856 666 Γνώμη
868 630 943 658 enim
963 629 1046 658 simul

250 680 382 709 dividitur
398 688 462 708 cum
474 680 609 715 personis,
625 683 809 714 praeterquam
826 678 853 705 in
872 677 930 704 sola
950 681 1046 704 sancta

250 730 278 753 et
290 725 420 761 simplici,
433 730 461 753 et
474 732 528 752 non
545 724 709 759 composita,
720 728 748 751 et
759 721 919 750 indivisibili
934 721 1046 754 deitate;

251 772 307 800 illic
319 772 391 800 enim
418 780 481 800 cum
497 772 662 807 hypostases
679 778 733 797 non
752 769 865 797 omnino
879 768 1047 801 dividantur,

252 824 341 852 neque
357 817 468 849 distent,
484 815 544 843 ideo
560 823 649 850 neque
666 815 692 842 id
711 815 783 850 quod
799 821 926 850 personae
939 813 1046 846 volunt,

253 862 400 896 dividitur;
417 862 471 889 imo
491 862 522 888 τὸ
540 860 685 896 γνωμικὸν
714 864 757 887 est
779 863 910 894 tanquam
938 858 1046 886 unitum

253 915 317 936 cum
346 907 476 941 naturali,
502 911 530 934 et
556 906 614 941 lege
642 905 907 940 circumscriptionis
932 904 1049 940 propriae

254 954 446 988 subdivisum;
469 953 525 981 illic
543 953 628 985 enim,
649 952 713 987 quia
730 959 785 979 una
801 956 844 980 est
867 956 976 984 natura,
994 958 1049 978 una

253 1004 296 1027 est
306 1001 389 1027 etiam
402 1000 535 1029 naturalis
548 999 687 1031 voluntas;
697 999 760 1034 quia
768 1005 834 1026 vero
848 1003 875 1026 et
889 999 1049 1034 hypostases

253 1050 319 1074 sunt
333 1046 549 1081 inseparabiles,
565 1054 650 1073 unum
672 1046 755 1073 etiam
777 1049 819 1073 est
832 1045 1003 1080 τὸιθελητόν,
1021 1043 1047 1072 id

251 1096 306 1126 est,
318 1092 392 1128 quod
404 1092 511 1125 volunt,
523 1096 550 1119 et
566 1099 620 1119 una
645 1092 730 1119 motio
752 1090 835 1118 trium
852 1097 1045 1126 personarum,

252 1138 317 1173 quia
341 1138 407 1165 unio
426 1137 471 1165 illa
489 1137 666 1170 inviolabilis,
686 1142 714 1165 et
735 1144 818 1172 supra
843 1140 970 1164 naturam
995 1145 1049 1165 non

251 1184 388 1212 inferatur
406 1184 474 1220 (53).

287 1231 317 1258 In
342 1232 501 1260 hominibus
523 1233 609 1265 enim,
625 1231 689 1267 quia
717 1238 771 1258 una
791 1235 833 1259 est
861 1236 971 1264 natura,
997 1240 1051 1259 una

253 1275 364 1311 quidem
377 1280 419 1304 est
447 1277 582 1304 naturalis
609 1277 746 1309 voluntas,
773 1276 821 1304 sed
847 1284 973 1312 personae
987 1282 1053 1305 sunt

253 1322 325 1350 inter
341 1329 371 1350 se
387 1322 494 1356 divise,
516 1327 544 1350 et
563 1323 700 1351 distinctae
726 1327 860 1358 tempore,
881 1327 908 1351 et
933 1323 1006 1357 loco,
1026 1329 1054 1351 et

254 1368 437 1403 dispositione
449 1376 513 1404 erga
525 1376 580 1401 res,
598 1373 625 1396 et
641 1368 734 1396 multis
746 1369 808 1396 aliis
825 1377 832 1396 :
845 1368 948 1397 idcirco
960 1370 1052 1397 diver-

252 1413 457 1440 saevoluntates
473 1418 637 1446 cernuntur,
652 1418 680 1441 et.
703 1414 819 1442 diversae
834 1414 943 1450 γνῶμαι
959 1415 996 1449 (id
1012 1420 1054 1443 est

253 1459 411 1487 voluntates
425 1467 488 1487 cum
504 1459 648 1487 aﬁ'ectione
663 1465 690 1487 et
705 1460 853 1494 amore);in
873 1461 990 1489 Domino
1003 1469 1054 1489 au-

255 1509 312 1532 tem
332 1503 408 1536 Jesu,
420 1505 486 1539 quia
502 1509 568 1532 sunt
582 1505 699 1532 diversae
714 1509 829 1537 naturae,
842 1505 959 1533 diversae
971 1505 1055 1533 etiam

254 1553 319 1578 sunt
335 1550 500 1583 voluntates,
515 1550 668 1578 divinitatis
684 1550 745 1585 ejus
764 1555 791 1578 et
815 1550 1004 1584 humanitatis,
1028 1550 1056 1578 id

254 1599 298 1623 est
314 1596 443 1630 potentiae
463 1595 620 1631 θελητικαι,
639 1596 665 1624 id
681 1601 732 1629 est,
753 1596 787 1624 ad
809 1596 966 1624 volendum.
982 1596 1057 1625 Rur-

255 1648 305 1669 sus
323 1648 399 1674 vero,
420 1641 485 1676 quia
508 1648 563 1668 una
584 1645 626 1669 est
649 1641 825 1677 hypostasis,
848 1647 876 1669 et
901 1649 984 1675 unus,
1008 1642 1057 1677 qui

255 1688 325 1720 vult,
344 1695 430 1714 unum
456 1687 539 1714 etiam
558 1691 601 1715 est
619 1688 693 1723 quod
709 1688 778 1721 vult,
801 1688 828 1715 id
842 1692 885 1716 est
907 1688 937 1715 τὸ
951 1696 1058 1723 γνωμι-

257 1732 307 1759 κὸν
330 1731 413 1759 αὐτοῦ
431 1732 539 1767 θέλημα
563 1732 633 1768 (54),
652 1733 705 1761 hoe
718 1738 771 1766 est,
789 1733 916 1761 voluntas
932 1741 995 1761 cum
1016 1733 1058 1760 af-

259 1778 396 1812 fectione;
413 1784 544 1813 sequente
568 1779 674 1807 scilicet
699 1779 820 1807 humana
837 1779 897 1814 ejus
917 1780 1059 1807 voluntate

257 1823 378 1852 divinam
404 1823 527 1858 ejusdem
553 1824 733 1857 voluntatem,
766 1825 918 1861 cadentque
940 1825 1057 1857 volente,

259 1876 322 1903 quae
333 1868 425 1895 divina
436 1868 496 1903 ejus
517 1869 646 1897 voluntas
665 1869 752 1896 voluit
770 1870 858 1904 ipsam
877 1871 954 1897 velle.
968 1870 1059 1903 Quare

261 1914 417 1941 voluntates
428 1914 571 1949 gnomicze,
599 1919 626 1942 et
648 1915 825 1950 hypostaticaa
842 1923 874 1943 ac
890 1916 1058 1951 personales,

262 1965 291 1987 et
304 1960 426 1988 electivat
442 1961 565 1988 eamdem
578 1968 635 1989 rem
651 1962 802 1996 subjectain
819 1963 985 1998 signiﬁcant.

297 2005 413 2040 Oportet
427 2011 519 2034 autem
534 2006 616 2039 scire,
631 2012 662 2034 ut
678 2007 766 2043 major
789 2013 815 2035 et
834 2008 942 2043 plenior
961 2008 1061 2036 verbo-

262 2058 324 2078 rum
338 2051 496 2086 explanatio
511 2051 569 2085 ﬁat,
588 2051 747 2087 signiﬁcare
761 2053 911 2089 aliquando
930 2054 1060 2082 volunta-

261 2102 329 2129 tem,
351 2097 503 2131 potentiam
526 2097 558 2123 ad
585 2097 741 2129 volendnm,
763 2104 789 2125 ct
804 2099 904 2126 dicitur
933 2100 1060 2127 voluntas

262 2144 416 2176 naturalis;
438 2144 604 2178 quandoque
628 2152 693 2171 vero
716 2145 851 2179 signiﬁcat
874 2146 905 2172 τὸ
933 2146 1058 2181 θελητόν,

262 2189 290 2215 id
301 2194 351 2220 est,
367 2189 403 2221 id,
422 2189 495 2223 quod
511 2190 648 2220 volumus,
665 2196 691 2217 et
707 2190 808 2217 dicitur
822 2191 928 2226 θέλημα
951 2201 1059 2226 γνωμι-

261 2236 321 2262 κόν.
340 2236 370 2262 Et
384 2241 496 2262 auctore
508 2242 603 2263 sancto
618 2236 735 2263 Maximo
747 2236 837 2264 dill'ert
849 2239 974 2265 voluntas
990 2245 1060 2271 gno—

263 2283 335 2309 mica
353 2290 368 2309 a
388 2283 527 2309 voluntate
556 2282 684 2314 naturali,
705 2283 769 2317 quia
784 2283 829 2310 illa
848 2285 957 2318 quidem
975 2284 1061 2319 hypo-

265 2329 361 2356 statica
376 2332 403 2355 et
423 2328 576 2363 personalis
589 2333 630 2355 est
650 2332 678 2356 et
698 2330 872 2362 nominatur;
896 2330 952 2357 haec
967 2334 1057 2357 autem

265 2375 399 2402 naturalis
414 2375 541 2402 voluntas
555 2383 608 2401 non
622 2380 674 2408 est,
692 2383 781 2411 neque
799 2381 911 2402 vocatur
927 2377 1058 2411 hypOsta-

825 158 959 189 ΡΠΟΤΙΙ
979 156 1235 187 ΡΛΤΒῘΛΠΟΗᾸΞ
1250 157 1304 187 CP.

1833 157 1889 189 512

1057 215 1079 242 Α
1094 222 1148 240 των
1164 211 1221 248 εἶχε
1234 213 1285 248 τὴν
1300 212 1414 247 γνῶσιν,
1424 212 1455 239 οὗ
1470 211 1575 247 χάριτι,
1587 211 1655 239 ἀλλὰ
1670 212 1762 247 φύσει,
1777 212 1821 239 διὰ
1835 214 1889 249 τὴν

1093 259 1154 285 καθ’
1172 258 1323 285 ὑπόστασιν
1344 257 1459 284 ἕνωσιν
1483 259 1498 284 ὀ
1520 257 1602 288 αὐτὸς
1622 256 1677 293 γὰρ
1696 255 1731 292 ἦν
1755 256 1822 288 Θεὸς
1840 258 1890 285 καὶ

1094 304 1248 340 ἄνθρωπος.
1268 304 1314 331 Διὸ
1328 304 1389 331 οὐδὲ
1410 303 1549 339 γνωμικὸν
1563 300 1620 338 εἶχε
1632 302 1739 339 θέλημα
1753 310 1761 318 ⁸
1777 302 1889 338 θέλησιν

1095 351 1145 386 μὲν
1161 351 1215 385 γὰρ
1231 347 1288 386 εἶχε
1301 350 1351 386 τὴν
1368 350 1485 385 φυσικὴν
1499 350 1549 384 τὴν
1560 349 1660 385 ἁπλῆν,
1679 349 1729 383 τὴν
1743 349 1772 375 ἐν
1785 350 1891 381 πάσαις

1093 397 1148 423 τῶν
1162 396 1315 432 ἀνθρώπων
1332 396 1446 431 φύσεσιν
1456 396 1558 430 ὁμοίως
1570 395 1763 431 θεωρουμένην
1772 403 1780 411 ’
1796 395 1846 432 τὴν
1859 394 1891 422 δὲ

1094 444 1238 478 γνωμικὴν
1252 442 1364 477 θέλησιν
1377 442 1427 468 οὐκ
1443 438 1516 476 εἶχεν
1530 440 1612 468 αὐτοῦ
1631 442 1648 477 ή
1671 441 1737 475 ἁγία
1749 441 1823 477 ψυχὴ
1843 441 1891 467 ὲν-

1095 490 1193 516 αντίαν
1207 488 1255 515 τοῦ
1275 488 1348 515 θείου
1365 487 1518 524 θελήματος
1537 486 1631 520 αὐτοῦ,
1651 487 1713 514 οὐδὲ
1729 487 1794 514 ἄλλο
1813 486 1892 523 παρὰ

1095 535 1126 562 τὸ
1142 535 1214 562 θεῖον
1228 533 1309 561 αὑτοῦ
1325 534 1443 570 θέλημα.
1463 533 1495 560 Ἦ
1513 533 1568 569 γὰρ
1581 534 1678 569 γνώμη
1694 533 1891 569 συνδιαιρεῖται

1096 581 1159 613 ταῖς
1177 581 1371 612 ὑποστάσεσιν,
1392 579 1464 615 πλὴν
1488 580 1535 606 ἐπὶ
1559 579 1645 614 μόνης
1667 579 1718 614 τῆς
1742 578 1823 612 ἁγίας
1842 578 1893 605 xa'l.

1098 627 1188 662 ἁπλῆς
1203 627 1250 654 καὶ
1264 626 1413 653 ἀσυνθέτου
1428 626 1475 653 καὶ
1497 625 1655 661 ἀδιαιρέτου
1670 625 1812 660 θεότητοςο
1832 625 1894 651 ἐκεῖ

1097 673 1153 709 γὰρ
1177 673 1232 700 τῶν
1257 673 1435 700 ὑποστάσεων
1460 672 1497 708 μὴ
1525 672 1566 704 εἱς
1595 671 1670 698 ἁπαν
1693 670 1893 706 διαιρουμένων

1100 719 1169 754 μηδὲ
1185 719 1382 754 διισταμένων,
1396 718 1457 745 οὐδὲ
1471 717 1502 744 τὸ
1520 717 1631 752 θελητδν
1644 717 1801 752 διαιρεῖται,
1834 716 1894 743 ἀλλ’

1099 765 1157 792 ἐστι
1173 764 1213 800 τῷ
1228 764 1336 800 φυσικῷ
1351 764 1382 791 τὸ
1395 763 1546 798 γνωστικὸν
1559 762 1655 799 ῶσπερ
1669 762 1809 798 ἡνωμένον
1820 781 1828 793 .
1845 763 1895 789 καὶ

1099 811 1175 847 νόμῳ
1190 811 1368 847 περιγραφῆς
1389 810 1457 842 ιδίας
1475 809 1724 845 ὑπομεριζόμενον.
1740 808 1829 834 Κάκεῖ
1844 808 1896 843 μὲν

1100 857 1196 893 ἐπειδὴ
1211 857 1261 892 μία
1273 856 1366 892 φύσις,
1385 857 1435 892 μία
1448 857 1496 883 καὶ
1511 856 1528 891 ἡ
1545 856 1648 891 φυσικὴ
1664 854 1786 890 θέλησις,
1800 853 1897 889 ἐπειδὴ

1065 893 1085 920 Β
1100 904 1129 931 δὲ
1142 904 1190 931 καὶ
1204 904 1231 931 al.
1247 903 1414 935 ὑποστάσεις
1438 901 1588 937 ἀδιαίρετοι
1604 902 1687 935 είσιν,
1703 901 1732 927 ἓν
1746 900 1793 927 καὶ
1808 900 1839 927 τὸ
1853 900 1897 926 θε-

1099 951 1190 986 λητὸν,
1210 950 1258 977 καὶ
1283 950 1333 985 μία
1349 950 1366 985 ἡ
1383 949 1491 983 κίνησις
1513 948 1568 975 ¹τῶν
1592 947 1676 984 τριῶν
1707 945 1898 977 ὑποστάσεων,

1097 997 1149 1024 οὑκ
1164 996 1333 1032 ἀνεχομένης
1355 995 1406 1030 τῆς
1429 994 1566 1030 ἀχράντου
1591 994 1640 1021 καὶ
1652 992 1811 1028 ὑπερφυοῦς
1831 991 1899 1018 ἑνώ-

1098 1052 1167 1075 σεως
1201 1041 1331 1078 μερισμῷ
1359 1041 1455 1077 ὑλικῆς
1480 1049 1554 1073 τινος
1587 1039 1739 1075 φαντασίας
1765 1037 1899 1073 καθυσρί-

1097 1089 1203 1124 ζεσθαι.

1068 1138 1183 1174 patitur,
1204 1140 1234 1163 ut
1248 1134 1367 1163 alicuius
1387 1132 1541 1161 ‘divisionis
1561 1131 1670 1159 ﬁctione
1686 1129 1853 1158 contumelia
1873 1129 1900 1156 ei

1149 1230 1212 1257 Ἐπὶ
1226 1229 1255 1256 δὲ
1271 1228 1326 1256 τῶν
1347 1226 1498 1263 ἀνθρώπιον
1518 1226 1612 1260 ἐπειδὴ
1643 1225 1693 1260 μία
1709 1226 1726 1261 ή
1741 1224 1834 1259 φύσις,
1850 1224 1901 1259 μία

1108 1276 1158 1313 μὲν
1180 1276 1228 1303 καὶ
1245 1276 1261 1311 ὴ
1276 1274 1380 1310 φυσικὴ
1405 1274 1525 1308 θέλησις.
1543 1271 1755 1307 Κεχωρισμέναι
1778 1270 1808 1297 δέ
1830 1271 1901 1297 είσιν

1106 1323 1155 1351 ἀπ’
1170 1323 1294 1358 ἀλλήλων
1306 1321 1335 1348 αἱ
1349 1321 1514 1352 ὑποστάσεις
1526 1320 1573 1346 καὶ
1583 1319 1759 1352 διεστήκασιν
1770 1317 1861 1353 χρόνῳ
1871 1324 1900 1343 τε

1107 1369 1155 1396 καὶ
1177 1368 1254 1404 τόπῳ
1277 1368 1324 1394 καὶ
1341 1368 1374 1402 τῇ
1395 1366 1465 1402 πρὸς
1487 1366 1522 1393 τὰ
1537 1365 1691 1401 πράγματα
1703 1363 1835 1396 διαθέσει,
1854 1363 1902 1389 καὶ

1108 1415 1179 1442 κατὰ
1193 1414 1279 1441 πολλὰ
1293 1413 1362 1441 ἄλλα
1371 1413 1482 1446 ,τούτου
1498 1412 1580 1439 ἕνεκα
1595 1411 1711 1446 διάφορα
1724 1410 1760 1437 τά
1771 1419 1800 1437 τε
1817 1409 1898 1446 θελή-

1110 1468 1184 1495 ματα
1199 1458 1352 1495 καθορᾶται
1369 1458 1417 1485 καὶ
1428 1458 1455 1485 al
1476 1457 1595 1492 γνῶμαι.
1611 1456 1673 1483 Ἐπὶ
1686 1455 1715 1482 δὲ
1732 1455 1780 1482 τοῦ
1797 1455 1901 1491 Κυρίου

1069 1496 1090 1525 c
1108 1505 1188 1542 ήμῶν
1203 1505 1292 1541 Ίησοῦ
1307 1504 1437 1541 Χριστοῦ,
1452 1503 1514 1530 ἐπεὶ
1530 1502 1654 1538 διάφοροι
1668 1502 1697 1529 αἱ
1722 1501 1830 1537 φύσεις,
1843 1501 1902 1527 διὰ-

1108 1560 1187 1588 φοροι
1205 1551 1254 1587 μὲν
1270 1551 1318 1578 καὶ
1332 1551 1361 1577 αἰ
1373 1549 1485 1585 φυσικαῒ
1504 1548 1629 1584 θελήσεις
1639 1548 1689 1583 τῆς
1712 1547 1839 1583 θεότητος
1853 1547 1902 1573 αὑ-

1108 1597 1156 1624 τοῦ
1174 1597 1223 1624 καὶ
1239 1597 1289 1631 τῆς
1304 1595 1529 1632 ἀνθρωπότητος,
1548 1594 1632 1629 ἡγουν
1654 1593 1682 1620 αἱ
1706 1593 1847 1628 θελητικαὶ
1858 1592 1904 1619 δυ-

1108 1643 1215 1678 νάμεις.
1237 1643 1314 1669 Ἐπεὶ
1327 1642 1356 1669 δὲ
1370 1641 1452 1669 πάλιν
1467 1642 1483 1676 ἡ
1501 1640 1651 1672 ὑπόστασις
1674 1640 1734 1675 μία,
1758 1640 1806 1666 καὶ
1828 1636 1868 1671 εἷς
1888 1639 1905 1665 ὸ

1109 1689 1205 1721 θέλων,
1219 1689 1248 1715 ἓν
1263 1688 1312 1715 καὶ
1323 1689 1354 1715 τὸ
1374 1687 1489 1723 θελητὺν
1499 1707 1507 1720 ,
1522 1687 1607 1722 ἦγουν
1622 1686 1653 1713 τὸ
1664 1686 1814 1721 γνωστικὸν
1826 1685 1836 1705 ί
1859 1685 1905 1712 αὐ-

1110 1735 1157 1761 τοῦ
1172 1734 1288 1771 θέλημα·
1306 1733 1387 1769 δῆλον
1409 1734 1451 1761 ὅτι
1470 1734 1520 1768 τῆς
1541 1732 1717 1768 ἀνθρωπίνης
1731 1731 1814 1760 αὐτοῦ
1828 1732 1905 1766 θελή-

1113 1789 1183 1811 σεως
1198 1779 1336 1815 ἑπομένης
1354 1781 1388 1815 τῇ
1404 1778 1466 1814 θείᾳ,
1480 1778 1564 1805 αὑτοῦ
1580 1778 1708 1815 θελήσει,
1724 1778 1772 1804 καὶ
1785 1777 1820 1804 τὰ
1837 1777 1905 1804 αὐτὰ

1111 1825 1243 1860 θελούσης
1258 1825 1291 1852 ἃν
1308 1826 1325 1861 ὴ
1341 1825 1403 1851 θεία
1431 1824 1515 1851 αὐτοῦ
1540 1824 1650 1860 θέλησις
1673 1824 1792 1859 ⁴ἣθιέλησε
1818 1823 1905 1850 θέλειν

1111 1870 1208 1905 αὑτήν.
1234 1871 1252 1897 Γ
1255 1870 1376 1897 νωστικὰ
1391 1870 1482 1897 τοίνυν
1498 1869 1641 1905 θελήματα
1664 1869 1712 1896 καὶ
1735 1868 1906 1896 ὑποστατικά

1112 1916 1161 1943 καὶ
1174 1916 1341 1952 προσωπικὰ
1359 1916 1408 1943 καὶ
1423 1916 1619 1952 προαιρετικὰ,
1632 1915 1663 1942 τὸ
1677 1915 1743 1943 αὐτὸ
1757 1915 1791 1942 ἂν
1810 1915 1907 1950 εἴησαν

1111 1962 1294 1998 ὑποκείμενον
1306 1963 1425 1998 πρᾶγμα
1440 1962 1618 1998 σημαίνοντα.

1149 2008 1256 2035 Εἰδέναι
1271 2008 1313 2035 δεῖ
1329 2008 1429 2043 πείρας
1444 2008 1588 2043 φιλολόγου
1602 2008 1649 2034 καὶ
1662 2006 1834 2043 σαφεστέρας
1844 2006 1908 2033 ἀνα-

1112 2053 1282 2090 πληρώσεως
1296 2054 1430 2089 ῥημάτων
1444 2054 1536 2090 χάριν,
1552 2055 1590 2087 ὼς
1605 2055 1635 2082 τὸ
1651 2054 1758 2090 θέλημα
1775 2053 1841 2080 ποτὲ
1857 2053 1907 2088 μὲν

1112 2102 1161 2136 τὴν
1176 2101 1284 2136 θέλησιν
1305 2101 1392 2135 δηλοῖ,
1414 2102 1472 2136 ἦτοι
1488 2102 1536 2136 τὴν
1555 2101 1699 2136 θελητικὴν
1715 2101 1841 2135 δύναμιν,
1861 2099 1908 2126 καὶ

1113 2149 1220 2182 λέγεται
1236 2148 1340 2184 θέλημα
1354 2149 1466 2182 φυσικόν
1477 2157 1483 2163 ⁸
1501 2149 1565 2175 ποτὲ
1578 2149 1607 2175 δὲ
1628 2149 1658 2175 τὸ
1674 2148 1852 2182 θελητὸν,καὶ
1863 2146 1908 2172 λέ-

1117 2203 1195 2228 γεται
1212 2194 1319 2229 θέλημα
1334 2195 1482 2229 γνωμικόν.
1501 2195 1556 2221 Καὶ
1573 2195 1645 2221 κατὰ
1659 2194 1704 2220 τὸν
1719 2195 1739 2220 ιε
1746 2194 1790 2229 ρὸν
1806 2194 1834 2220 δὲ
1849 2193 1909 2220 Μά-

1116 2242 1205 2275 ξιμον,
1221 2242 1345 2276 διαφέρει
1369 2241 1475 2277 θέλημα
1491 2242 1630 2276 γνωμικὸν
1652 2241 1803 2276 θελήματος
1829 2249 1908 2275 φυσι-

1115 2288 1174 2318 κοῦ,
1192 2288 1232 2314 ὅτι
1246 2289 1275 2314 τὸ
1292 2288 1340 2322 μὲν
1356 2288 1537 2315 ὑποστατικᾶν
1558 2297 1588 2314 τε
1602 2289 1652 2315 καὶ
1668 2287 1845 2323 προσωπικὸν
1865 2287 1910 2313 καὶ

1114 2333 1172 2359 ἐστι
1187 2335 1235 2360 καὶ
1248 2334 1411 2369 ὀνομάζεται
1427 2354 1434 2366 ,
1454 2334 1486 2361 τδ
1502 2334 1528 2360 δὲ
1543 2334 1656 2369 φυσικὸν
1672 2333 1777 2369 θέλημα
1794 2333 1843 2359 οὑκ
1859 2334 1921 2360 ἔτι.1

1114 2379 1170 2405 Καὶ
1195 2379 1235 2405 ἔτι
1257 2379 1392 2415 διαφέρει,
1406 2380 1477 2416 ὅτιὴ
1496 2379 1545 2415 μὲν
1570 2379 1663 2411 ἁπλῶς
1685 2379 1733 2406 καὶ
1754 2378 1791 2410 ῶς
1816 2378 1910 2412 ἔτυχεν

908 2459 1022 2486 Vitille
1038 2459 1245 2488 LECTIONES.

301 2533 313 2553 ἲ
331 2532 461 2562 Turrian.
480 2534 546 2569 legit
559 2532 711 2567 γνωμικόν,
734 2532 836 2567 optime

1028 2609 1147 2638 ΝΟΤέΕ.

303 2668 359 2703 (55)
374 2667 436 2694 Νοη
454 2668 555 2702 patitur
569 2673 596 2694 ut
606 2666 721 2701 alicujus
736 2667 873 2695 divisionis
883 2668 987 2702 fictione
996 2677 1059 2695 con-

266 2704 376 2731 tumelia
396 2705 419 2730 ei
438 2704 581 2737 inferatur.
601 2704 657 2729 Οὐκ
672 2704 840 2738 ἀνεχομένης
854 2724 860 2730 .
882 2723 888 2729 .
907 2724 913 2730 .
932 2705 1059 2739 μερισμῷ

268 2739 363 2772 ὑλικῆς
377 2747 450 2770 τινος
467 2739 620 2772 φαντασίας
634 2739 858 2773 καθυϐρίζεσθαι.
876 2739 903 2765 Μ
915 2744 956 2766 est
973 2748 978 2765 :
999 2739 1058 2766 Non

267 2775 370 2810 patitur
383 2779 410 2801 ut
422 2774 538 2808 alicujus
556 2774 622 2800 idem
637 2774 786 2801 materialis
798 2775 933 2801 divisione
960 2779 1058 2801 contu—

270 2811 347 2837 melia
365 2810 417 2836 sibi
436 2810 579 2836 inferatur.

304 2844 360 2879 (5-5)
374 2845 421 2880 Ad“
433 2844 490 2870 lnec
505 2844 592 2880 l’hotii
612 2844 691 2871 verba
707 2844 806 2878 adjecit
818 2844 912 2871 nescio
928 2845 991 2878 quis
1007 2845 1063 2872 hoc

270 2879 393 2906 Cnet-um
406 2878 678 2912 Scholiond’ltotiuin
692 2880 919 2908 contradictiouis
929 2888 1062 2915 arguens:

1113 2671 1175 2702 Πῶς
1195 2671 1306 2705 λέγεται
1321 2669 1438 2696 ἐνταῦθα
1456 2669 1485 2696 ἒν
1501 2669 1642 2704 γνωμικὸν
1659 2668 1707 2705 iisti.
1733 2668 1852 2702 Χριστοῦ
1870 2668 1913 2695 θέ-

1113 2706 1187 2741 λημα
1203 2704 1339 2739 πολλαχοῦ
1355 2706 1482 2740 διαϐολὴν
1499 2705 1609 2739 ἔχοντος
1634 2704 1912 2741 τοῦῠπαρεισὰγοντος

1112 2739 1162 2776 τῆν
1186 2742 1263 2773 δόξαν
1289 2741 1414 2774 eadem;
1438 2739 1576 2776 Quomodo
1594 2740 1635 2766 hic
1659 2739 1836 2776 dicituresse
1863 2746 1916 2776 una

1114 2774 1237 2803 voluntas
1264 2776 1387 2811 gnomica
1413 2777 1438 2801 in
1463 2775 1586 2807 C/irislu,
1612 2782 1671 2801 cum
1698 2775 1742 2811 qui
1767 2774 1834 2811 lianc
1858 2774 1911 2811 opi~

1118 2813 1222 2838 nionem
1248 2808 1394 2839 irilraducil
1423 2811 1521 2844 passim
1553 2810 1706 2845 refutetur?
1728 2808 1754 2836 In
1781 2810 1833 2837 hoc
1857 2810 1916 2844 ipsu

1120 2848 1224 2875 scilicet
1237 2851 1367 2875 tractatu.
1386 2846 1472 2873 Tum
1482 2854 1520 2872 \x.
