4158 6474
446 431 549 493 5ὶ3

1385 430 1482 487 AD
1514 423 2107 485 AMPIIILOCHIUM
2147 420 2489 494 QUESTIO
2522 422 2746 481 LXXX.

3604 418 3707 482 514

446 542 645 611 ἔχουσα
696 538 806 592 τῶν
853 539 994 592 κατὰ
1038 537 1199 607 φύσιν
1252 536 1594 591 συστατικῶν
1641 537 1783 606 ὁρμή
1823 553 1881 589 τε
1926 534 2019 587 καί

2131 542 2223 586 nea
2249 542 2301 586 et
2327 531 2652 601 personalis.
2678 529 2860 585 Diﬁ‘crt
2885 530 3082 595 adhuc,
3112 529 3256 601 quod
3281 530 3540 600 appetitio
3563 531 3701 584 sim-

448 634 657 700 ἔφεσις,
691 631 903 700 θέλημά
942 632 1059 683 ἐστι
1086 629 1335 699 φυσικόν.
1368 630 1432 683 Ἠ
1464 628 1519 682 δὲ
1547 629 1653 681 τῶν
1680 627 1799 681 καθ’
1830 627 2024 698 ἡδονὴν

452 722 866 793 συνεργητικῶν
915 722 1043 775 ποιὰ
1098 723 1192 774 καὶ
1241 721 1495 791 διάφορος
1546 720 1758 790 κίνησίς
1804 736 1864 772 τε
1928 720 2023 773 καὶ

448 812 651 886 ὄρεξις,
677 813 886 883 θέλημα
910 814 1208 881 γνωμικὸν,
1231 814 1351 883 ἥτις
1381 815 1475 865 καὶ
1499 814 1556 864 ἐν
1582 812 1829 865 ἐπιτάσει
1854 809 2020 863 καλοῦ

454 923 515 958 τε
550 906 644 958 καὶ
674 902 771 956 τοῦ
810 903 884 973 μὴ
909 904 1152 957 τοιούτου
1182 903 1530 972 γινώσκεται,
1566 903 1659 957 καὶ
1686 902 1785 955 οὐκ
1816 900 1930 955 ἐστι
1960 902 2021 954 τὸ

453 998 717 1067 πρότερον
745 995 1144 1066 σημαινόμενον
1169 995 1263 1048 τοῦ
1292 995 1547 1066 δευτέρου
1567 994 1844 1057 παντελῶς
1869 992 2025 1046 ἁλλό-

450 1106 622 1158 τριον,
667 1086 784 1140 ἀλλ’
818 1086 968 1140 ἐστιν
1013 1088 1198 1150 αὐτοῖς
1246 1088 1280 1157 ἡ
1330 1086 1583 1139 κοινωνία
1626 1087 1683 1137 ἐν
1731 1085 2027 1154 ποσότητος

448 1181 678 1252 ἰδιότητι
715 1182 763 1233 δ.
800 1180 912 1234 Καὶ
941 1179 1001 1234 ὃν
1030 1179 1232 1250 τρόπον
1281 1179 1375 1231 καὶ
1404 1178 1464 1230 τὸ
1494 1177 1889 1249 σημαινόμενον
1929 1177 2026 1247 τῆς

446 1271 535 1323 ἐπ’
567 1270 860 1343 ἀνθρώπου
887 1271 1314 1343 λαμϐανομένης
1348 1269 1584 1338 φύσεως.

2130 624 2346 694 pliciter
2366 633 2421 678 et
2455 632 2728 694 utcunque
2772 638 2986 688 eorum,
3020 637 3143 694 quae
3191 631 3320 678 sunt
3363 623 3506 676 κατὰ
3538 624 3701 693 φύσιν

2131 713 2449 778 συστατικὰ,
2480 713 2530 766 id
2575 721 2679 777 est,
2717 729 2838 782 «iuge
2884 713 2952 767 ad
3000 713 3441 768 constitutionem
3496 724 3703 767 naturae

2128 807 2422 878 pertinent,
2454 815 2508 860 et
2553 805 2671 860 sine
2700 806 2897 875 quibus
2936 814 3130 860 natura
3181 821 3287 860 non
3330 806 3603 869 consistit,
3653 814 3706 859 ct

2125 900 2478 965 desiderium,
2519 899 2772 953 voluntas
2828 899 3093 953 naturalis
3150 906 3255 953 est.
3297 898 3362 951 Ἦ
3411 898 3521 951 τῶν
3571 898 3707 951 καθ’

2129 991 2318 1063 ἡδονὴν
2350 990 2479 1044 ποιὰ
2509 991 2604 1044 καὶ
2629 990 2879 1061 διάφορος
2918 990 3151 1059 κίνησις,
3194 990 3245 1043 id
3283 998 3386 1053 est,
3432 998 3608 1043 motus
3653 1000 3707 1041 ct

2129 1084 2399 1153 appetitus
2430 1084 2730 1138 secundum
2783 1083 3113 1152 voluptatem
3166 1096 3291 1136 cum
3344 1083 3606 1151 qualitate
3653 1091 3707 1136 ct

2132 1175 2451 1230 diversitate
2484 1186 2564 1230 est
2590 1174 2801 1244 θέλημα
2830 1172 3125 1243 γνωμικὸν,
3166 1187 3287 1240 qua:
3309 1173 3555 1225 voluntas
3574 1185 3710 1240 gno-

2130 1266 2271 1321 mica
2302 1266 2355 1321 in
2394 1266 2566 1335 magis
2602 1268 2826 1335 pulchra
2875 1280 2955 1329 re,
2995 1273 3048 1318 et
3100 1264 3274 1335 magis
3319 1279 3426 1318 non
3478 1264 3707 1332 pulchra

445 1365 811 1436 dignoscitur,
856 1377 910 1422 et
940 1382 1051 1421 non
1098 1374 1185 1420 est
1234 1366 1386 1434 prius
1424 1364 1788 1434 signiﬁcatum
1821 1363 1890 1416 ab
1926 1361 2032 1417 hoc
2068 1362 2307 1415 secundo
2350 1362 2565 1430 penitus
2614 1362 2874 1423 alienum,
2921 1376 3052 1429 qum
3120 1360 3303 1430 potius
3364 1359 3708 1414 communio-

443 1472 571 1512 nem
614 1458 816 1513 habent
870 1460 923 1512 in
969 1458 1303 1529 proprietate
1358 1456 1702 1526 quantitatis,
1757 1464 1812 1510 et
1855 1454 2157 1526 qualitatis,
2222 1455 2366 1510 sicut
2430 1456 2794 1525 signiﬁcatum
2840 1454 3060 1508 nomine
3131 1462 3338 1507 natura:
3377 1456 3430 1507 in
3484 1453 3708 1507 homine

445 1563 707 1605 acceptae.

522 1567 789 1711 ῗὲἓίωγὰρ
818 1640 994 1694 διττὸν
1030 1640 1266 1695 ἐνταῦθα
1298 1641 1361 1694 τὸ
1390 1644 1490 1712 τῆς
1538 1640 1752 1711 φύσεως
1774 1681 1789 1705 ,
1816 1640 1877 1693 τὸ
1929 1640 2026 1711 μὲν

452 1731 638 1794 ἁπλῶς
681 1732 776 1785 καὶ
803 1731 1037 1785 καθόλου
1082 1736 1344 1802 σημαῖνον
1378 1732 1604 1784 ἕκαστον
1636 1731 1744 1783 τῶν
1786 1729 1891 1784 ὑπὸ
1934 1730 2026 1783 τὸν

443 1822 737 1895 ἄνθρωπον
768 1822 1067 1876 τελούντων
1093 1826 1334 1893 ἀτόμων,
1380 1823 1441 1876 τὸ
1471 1822 1527 1876 δὲ
1556 1824 1655 1894 οὐχ
1691 1822 1878 1886 ἁπλῶς
1903 1821 2024 1875 οὐδὲ

2206 1636 2412 1708 Duplex
2469 1638 2613 1691 cnim
2661 1648 2743 1692 est
2791 1639 3155 1709 signiﬁcatum
3205 1638 3427 1693 nomine
3476 1650 3705 1702 naturae,

2131 1730 2362 1785 alterum
2401 1731 2621 1801 quidem
2669 1730 2990 1801 simpliciter
3033 1740 3088 1785 et
3137 1732 3388 1785 universe
3429 1730 3707 1799 signiﬁca-

2133 1831 2267 1887 tum,
2316 1821 2751 1892 unumquodque
2789 1823 3131 1877 individuum
3176 1838 3243 1877 ex
3293 1823 3384 1887 iis,
3420 1838 3542 1892 qua:
3581 1832 3707 1877 sunt

447 1917 538 1969 τὸν
572 1917 692 1970 ὅλον
734 1916 834 1985 τῆς
881 1917 1124 1987 ἐμφύτου
1158 1916 1441 1987 δυνάμεως
1487 1917 1623 1986 πρὸς
1662 1916 1763 1980 τὰς
1797 1915 2025 1986 πράξεις

2132 1914 2234 1967 sub
2261 1914 2504 1979 homine,
2536 1913 2765 1968 alterum
2800 1929 2906 1968 non
2935 1914 3039 1969 hoc
3072 1914 3294 1969 nomine
3340 1914 3582 1969 hominis
3626 1914 3705 1968 si—

444 2005 843 2074 ὲνισχυούσης,
894 2005 1015 2059 καθ’
1048 2005 1107 2058 ὃν
1141 2005 1236 2059 καὶ
1289 2006 1352 2059 τὸ
1403 2005 1654 2077 σύστημα
1701 2004 1869 2059 τῶνδε
1915 2005 2025 2058 τῶν

448 2096 777 2166 ἀνθρώπων,
800 2097 861 2151 τὸ
893 2098 990 2167 μὲν
1021 2100 1359 2168 γεωμετρεῖν
1392 2097 1602 2168 πέφυκε
1633 2097 1852 2169 μᾶλλον,
1889 2098 1949 2151 τὸ
1968 2097 2025 2151 δὲ

452 2190 684 2258 μουσικῇ
708 2188 980 2243 τελεῖσθαι
1009 2189 1462 2261 ἐπιτηδειότερον,
1492 2190 1525 2261 ἢ
1572 2192 1621 2244 οί
1659 2191 1758 2261 μὲν
1785 2191 2026 2261 πραότη-

453 2296 562 2345 τος,
593 2280 642 2332 οἱ
670 2278 727 2332 δὲ
754 2280 1109 2351 σωςροσύνης
1143 2281 1345 2352 μᾶλλον
1376 2282 1606 2353 ἐργάται
1645 2281 2022 2352 γνωρίζονται.

521 2541 776 2610 Διαφέρει
821 2543 919 2611 μὲν
961 2540 1055 2595 οῦν
1100 2541 1193 2595 τοῦ
1248 2543 1478 2611 φυσικοῦ
1526 2543 1827 2615 θελήματος
1876 2543 2023 2612 λογιη

454 2635 609 2702 σμοῖς
657 2634 926 2701 γενναίοις
969 2636 1002 2705 ὴ
1049 2636 1409 2707 προαίρεσις,
1451 2634 1587 2689 καθὸ
1630 2637 1664 2706 ἡ
1704 2636 1801 2705 μὲν
1846 2635 2024 2706 ὄρεξίς

446 2726 567 2777 ἑστι
594 2724 910 2794 βουλευτικὴ
941 2726 1049 2779 τῶν
1072 2730 1138 2796 ἐφ
1155 2726 1203 2796 ’ἡ
1214 2730 1324 2796 μῖν,
1348 2730 1444 2781 καὶ
1460 2727 1540 2780 ἔτι
1561 2727 1693 2781 καθὸ
1717 2727 1779 2780 τὸ
1804 2729 1901 2799 μὲν
1926 2746 2026 2799 φυ-

455 2817 608 2869 σικὸν
646 2815 859 2886 θέλημα
888 2816 1048 2887 μόνον
1082 2819 1314 2891 ἢρτηται
1336 2818 1445 2873 τῶν
1476 2818 1741 2886 φυσικῶν,
1770 2820 1801 2889 ἡ
1836 2818 1890 2871 δὲ
1926 2819 2025 2889 μό-

448 2925 542 2962 νον
575 2908 683 2961 τῶν
715 2908 801 2979 ἐφ’
834 2909 1011 2979 ἡμῶν.
1046 2910 1143 2963 Ἕν
1168 2910 1224 2963 δὲ
1252 2910 1466 2980 θέλημὰ
1494 2928 1626 2980 φησι
1652 2910 1745 2963 τοῦ
1786 2909 2025 2981 Χριστοῦ

452 3001 680 3067 φυσικὸν
710 3001 742 3071 ἢ
778 3003 1162 3071 προαιρετικὸν
1208 3005 1424 3071 φρονεῖν
1458 3001 1491 3073 ἢ
1529 3002 1707 3070 λέγειν
1743 3001 1915 3064 οὐδεὶς
1948 3002 2025 3054 εί-

452 3095 578 3146 πεῖν
621 3092 730 3145 τῶν
773 3094 1033 3164 Ηατέρων
1076 3095 1400 3165 ἐτόλμησεν,
1445 3095 1663 3166 ἀληθῶς
1710 3094 1911 3157 εἰδότες
1943 3095 2026 3146 ὅτι

450 3185 561 3238 τῶν
588 3184 675 3237 ἐπ’
705 3184 870 3255 ἆμτω
901 3186 1237 3256 κινουμένων
1270 3188 1417 3240 ἐστὶν
1445 3188 1479 3258 ἡ
1512 3186 1855 3257 προαίρεσις,
1884 3185 2026 3254 λέγω

2127 2008 2443 2078 gnilicatum
2474 2008 2812 2077 simpliciter,
2853 2022 3031 2077 neque
3073 2015 3271 2070 totum,
3299 2006 3446 2077 quod
3479 2014 3563 2061 est
3596 2006 3707 2059 vir-

2128 2099 2258 2152 tutis
2293 2107 2488 2155 natnra
2527 2100 2840 2155 hominibus
2874 2100 3050 2155 insitae
3077 2099 3144 2154 ad
3172 2100 3451 2165 actiones;
3489 2113 3598 2169 quo
3626 2098 3706 2152 si-

2127 2190 2382 2260 gnilicalo
2428 2190 2661 2248 dicimus
2701 2192 2801 2248 bos
2863 2192 3117 2247 homines
3163 2205 3285 2245 esse
3336 2190 3508 2261 magis
3549 2198 3707 2259 aptos

2128 2290 2322 2336 natura
2365 2282 2431 2336 ad
2478 2283 2789 2353 geometria:
2838 2283 3100 2345 studium,
3153 2282 3291 2337 alios
3344 2281 3409 2335 ad
3463 2281 3704 2336 studium

2127 2375 2373 2439 musicae,
2404 2374 2536 2430 alios
2568 2376 2634 2430 ad
2686 2375 3185 2441 mansuetudinem,
3223 2376 3343 2430 illos
3372 2375 3439 2430 ad
3483 2376 3707 2431 castita-

2127 2474 2256 2519 tem.

2206 2556 2393 2612 Diﬂ'ert
2430 2559 2595 2629 igitur
2622 2572 2653 2613 a
2693 2559 2973 2615 voluntate
3002 2558 3236 2613 naturali
3282 2558 3708 2629 cegitationibus

2126 2651 2406 2719 generosis
2423 2651 2676 2708 voluntas
2710 2651 2903 2715 libera,
2928 2660 3202 2721 quatenus
3228 2652 3340 2706 haec
3372 2662 3457 2706 est
3490 2651 3705 2721 appeti-

2127 2750 2216 2796 tus
2243 2743 2565 2797 consultans
2586 2742 2654 2797 de
2675 2743 2761 2809 iis,
2799 2758 2919 2812 qua;
2951 2751 3080 2797 sunt
3103 2744 3157 2798 in
3196 2752 3383 2799 nostra
3416 2751 3707 2813 potestate,

2127 2841 2181 2888 et
2197 2844 2467 2904 quatenus
2497 2834 2761 2891 naturalis
2784 2835 3040 2890 voluntas
3064 2835 3258 2904 pendet
3282 2849 3349 2891 ex
3366 2834 3711 2889 naturalibus

2128 2934 2334 2982 tantum
2353 2943 2367 2991 ;
2384 2925 2497 2979 haec
2517 2935 2697 2981 autem
2720 2926 2885 2981 llbera
2902 2926 3052 2982 exiis
3078 2935 3307 2992 tantum,
3325 2942 3446 2996 quae
3466 2934 3595 2982 sunt
3618 2939 3714 2995 pe-

2127 3030 2226 3069 nes
2242 3030 2361 3070 nos.
2384 3013 2561 3069 Unam
2583 3023 2765 3070 autem
2786 3025 3039 3071 naturam
3064 3016 3119 3071 in
3137 3016 3355 3072 Christo
3380 3016 3711 3081 naturalem,

2128 3114 2221 3160 tua
2238 3108 2649 3180 προαιρετικὴν,
2677 3109 2727 3163 id
2750 3118 2856 3172 est,
2874 3109 3155 3164 electivam
3175 3109 3378 3164 sentire
3397 3119 3493 3165 aut
3507 3110 3710 3175 dicere,

2128 3200 2334 3265 nullus,
2367 3201 2543 3271 inquit
2566 3201 2702 3270 (55),
2746 3218 2814 3256 ex
2864 3203 3070 3259 sanctis
3112 3201 3365 3258 Patribus
3408 3218 3577 3257 ausus
3605 3211 3711 3257 est.

446 3279 513 3331 δὲ
554 3277 644 3330 ἐπί
678 3294 737 3329 τε
782 3278 850 3331 τά
891 3278 1034 3331 καλὰ
1070 3279 1165 3332 καὶ
1208 3280 1302 3333 ἐπὶ
1345 3281 1413 3332 τὰ
1454 3279 1654 3348 φαῦλα,
1698 3280 1837 3350 ὅπερ
1880 3279 2029 3332 ἐστὶν

2138 3291 2390 3347 Sciebant
2408 3294 2557 3347 enim
2581 3292 2900 3350 electionem
2923 3311 3045 3351 esse
3064 3309 3278 3360 eorum,
3304 3296 3397 3364 qui
3422 3295 3475 3349 in
3508 3304 3718 3348 utram-

455 3370 553 3421 ἐπὶ
608 3368 845 3440 Χριστοῦ
896 3370 990 3423 καὶ
1048 3373 1189 3425 νοεῖν
1235 3370 1331 3424 καὶ
1386 3370 1568 3439 λέγειν
1602 3370 1702 3440 τῆς
1745 3369 1910 3441 ὀρθῆς
1951 3372 2035 3421 ἐν-

453 3459 738 3532 δεέστερον
772 3461 1028 3532 κρίσεως.

536 3640 658 3692 Ἔτι
682 3640 738 3693 δὲ
767 3641 816 3692 εί
842 3640 989 3694 ἐστιν
1017 3642 1376 3696 ύποστατικὸν
1416 3640 1627 3713 θέλημα
1653 3642 1745 3694 ἐπὶ
1770 3640 2032 3712 Χριστοῦ,

450 3729 649 3784 διοίσει
677 3732 895 3795 πάντως
924 3733 1034 3787 τῶν
1065 3734 1150 3803 ἐφ’
1178 3734 1409 3788 ἑκάστου
1434 3734 1543 3787 τῶν
1570 3733 1875 3806 ἀνθρώπων
1896 3732 2035 3787 θεω-

458 3821 745 3891 ρουμένων
783 3820 1078 3892 γνωμικῶν
1101 3823 1424 3894 θελημάτων
1461 3825 1650 3879 διοίσει
1685 3825 1741 3879 δὲ
1772 3823 2037 3888 ὡσαύτως

454 3913 558 3965 καὶ
577 3913 670 3967 τοῦ
703 3916 757 3968 ἐν
775 3915 951 3986 Πατρὶ
969 3916 1060 3968 καὶ
1086 3916 1365 3988 Πνεύματι
1388 3918 1763 3988 θεωρουμένου
1793 3917 1919 3988 θελή
1931 3934 2037 3987 μα-

452 4020 571 4067 τος.
602 4004 667 4057 Τί
698 4001 792 4059 οὖν
819 4006 968 4060 ἐστιν
994 4007 1022 4061 δ
1045 4008 1118 4078 μή
1137 4025 1197 4061 τε
1232 4007 1571 4079 ἀνθρώπινόν
1597 4012 1713 4062 ἐστι
1736 4010 2035 4079 γνωμικὸν,

452 4096 602 4168 μήτε
627 4097 762 4161 ὅλως
786 4096 967 4152 θεῖκὸν
989 4099 1220 4169 θέλημα.
1244 4101 1317 4153 Οὐ
1347 4101 1456 4170 γὰρ
1483 4100 1545 4170 δή
1572 4118 1654 4164 τις
1691 4101 1942 4155 σύνθετόν
1984 4120 2037 4157 τι

454 4190 597 4257 ἐρεῖ,
636 4189 718 4241 ὃτι
757 4188 882 4259 μηδ’
910 4188 1058 4242 ἔστιν
1100 4189 1385 4259 ἐπινοῆσαι
1418 4190 1721 4262 θελήματος
1758 4194 2034 4261 σύνθεσιν,

453 4278 651 4349 ὥσπερ
681 4279 981 4333 ὑπόστασιν
1011 4282 1143 4351 όρᾷν
1168 4282 1283 4334 ἐστι
1310 4280 1584 4338 σύνθετον.

534 4458 668 4512 υύδέ
698 4477 780 4524 τις
806 4459 955 4529 λέγοι
983 4459 1058 4523 ὡς
1092 4462 1120 4512 ὁ
1168 4460 1324 4529 λόγος
1360 4453 1518 4525 οῦτος
1561 4462 1670 4516 οὐδ’
1696 4463 1870 4517 ἄλλων
1914 4466 2037 4519 τινὰ

2136 3399 2244 3455 que
2297 3394 2507 3455 partem
2557 3396 2865 3452 moventur,
2926 3388 2991 3441 ad
3048 3387 3214 3451 bona,
3249 3388 3494 3457 inquam,
3543 3396 3598 3441 et
3647 3384 3715 3439 ad

2136 3492 2324 3546 prava,
2351 3476 2496 3546 quod
2529 3478 2749 3549 quidem
2780 3480 3085 3551 intelligere
3116 3491 3169 3537 et
3203 3481 3382 3537 dicere
3411 3481 3466 3535 in
3496 3480 3717 3536 Christo

2135 3581 2165 3621 a
2197 3577 2346 3623 recto
2371 3568 2581 3638 judicio
2608 3570 2909 3625 declinant.

2203 3658 2473 3715 Praeterea
2505 3661 2552 3716 si
2582 3670 2667 3717 est
2717 3661 2771 3716 in
2803 3662 3025 3718 Christo
3066 3664 3405 3737 hypostatica
3441 3664 3717 3729 voluntas,

2137 3750 2349 3807 differet
2377 3752 2603 3807 omnino
2643 3769 2673 3808 a
2717 3755 3096 3812 voluntatibus
3146 3756 3437 3827 gnomicis,
3494 3772 3617 3824 quae
3661 3757 3717 3811 in

2138 3858 2471 3915 unoquoque
2510 3846 2735 3901 homine
2774 3858 3111 3916 spectantur.
3157 3848 3376 3904 Dill‘eret
3406 3849 3658 3905 similiter
3687 3865 3717 3904 a

2086 3994 2089 3995 ν
2136 3935 2423 3991 voluntate
2465 3934 2646 3993 Patris
2694 3948 2747 3993 et
2777 3938 3015 4008 Spiritus
3046 3941 3239 3996 sancti.
3272 3940 3403 4006 ane
3431 3942 3598 4011 igitur
3635 3950 3721 3995 cst

2136 4025 2413 4091 voluntas,
2460 4042 2584 4097 qua:
2614 4044 2715 4083 nec
2748 4031 2985 4084 humana
3036 4030 3309 4100 γνωμικὴ,
3360 4046 3460 4084 nec
3491 4030 3719 4085 omnino

2137 4116 2318 4172 divina
2348 4117 2648 4174 voluntas?
2680 4118 2801 4175 Non
2841 4122 2983 4176 dicet
3016 4122 3157 4176 ullus
3186 4122 3545 4192 compositam
3572 4138 3716 4189 esse,

2138 4207 2268 4275 quia
2316 4222 2417 4262 nec
2462 4209 2761 4279 excogitari
2812 4220 2991 4280 potest
3024 4212 3349 4281 compositio
3393 4213 3715 4278 voluntatis,

2139 4298 2284 4350 sicut
2343 4312 2635 4368 possumus
2691 4303 3051 4372 compositam
3116 4304 3454 4375 hypostasim
3512 4306 3715 4361 intelli-

2139 4402 2288 4454 gere.

2211 4481 2269 4535 Si
2320 4482 2445 4552 quis
2477 4499 2607 4539 vero
2647 4484 2813 4553 dicat,
2850 4489 2893 4541 si
2943 4489 3014 4542 ita
3060 4498 3167 4553 est,
3203 4499 3263 4544 ut
3308 4490 3565 4556 dicimus,
3615 4506 3716 4547 nec

453 4551 571 4605 τῶν
620 4552 925 4624 ἀνθρώπων
958 4553 1024 4623 ἐᾷ
1066 4554 1342 4623 γνωμικὸν
1396 4554 1541 4625 ἔχειν
1586 4556 1817 4627 θέλημα.
1851 4557 2029 4613 Ἀπαν

2142 4572 2288 4628 ullus
2341 4551 2511 4630 homo
2569 4577 2711 4633 alius
2761 4551 3095 4635 voluntatem
3157 4551 3338 4637 habet
3403 4551 3710 4653 γνωμικὴνν

456 4644 578 4714 γὰρ
608 4646 885 4716 γνωμικόν
913 4663 1056 4710 τινος
1085 4646 1318 4716 θέλημα,
1352 4647 1527 4701 οὐδενὶ
1554 4648 1664 4701 τῶν
1693 4651 1750 4702 ἐν
1775 4652 1888 4713 τοῖς
1909 4650 2031 4703 καθ’

456 4738 671 4788 ἕκαστα
692 4738 957 4810 γνωμικῷ
974 4737 1239 4809 θελήματι
1257 4738 1668 4810 θεωρουμένων,
1685 4742 1880 4796 ταύτόν
1902 4744 2036 4811 ἐστι,

458 4828 600 4880 ἀλλὰ
656 4829 873 4892 πάντως
925 4830 1111 4900 ἕτερον
1137 4845 1151 4858 ⁶
1185 4830 1261 4893 ὥς
1301 4848 1362 4883 τε
1408 4832 1512 4885 κᾶν
1543 4834 1628 4903 εἴη
1678 4834 2038 4905 ἀνθρώπινον,

464 4919 695 4989 μηδενὸς
723 4920 751 4960 ιι
778 4922 885 4973 τῶν
917 4920 1022 4974 ὑπὸ
1044 4923 1135 4976 τὸν
1158 4923 1442 4993 ἄνθρωπον
1482 4924 1699 4993 ἀτόμων
1721 4926 1797 4989 ὠς
1834 4927 2042 4997 ἀνθρὼ-

462 5030 553 5081 mp
580 5010 976 5082 ἁρμοζόμενον.
1022 5014 1084 5066 El
1118 5016 1226 5084 γὰρ
1252 5009 1319 5085 ἦν
1369 5015 1575 5085 κυρίως
1613 5018 1719 5069 τινὶ
1764 5019 1871 5070 τῶν
1917 5020 2040 5072 καθ’

459 5101 673 5153 ἕκαστα
711 5101 771 5154 τὸ
819 5102 1097 5171 γνωμικὸν
1144 5103 1358 5173 θέλημα
1403 5104 1742 5176 ἀνθρώπινον
1771 5109 1836 5161 ἂν
1863 5110 2041 5181 ὑπῆρ-

460 5209 579 5261 χεν.
603 5193 717 5246 Ούκ
751 5193 831 5248 ἔτι
865 5195 922 5247 δὲ
948 5194 1311 5264 ἀνθρώπινον,
1346 5196 1479 5249 διότι
1501 5197 1624 5251 οῦτε
1657 5201 1684 5253 ὁ
1720 5200 2038 5273 Σωκράτης,

461 5281 588 5336 οὔτε
622 5287 648 5337 ὁ
684 5286 908 5357 Πέτρος,
941 5287 1061 5340 οὗτε
1088 5306 1170 5351 τις
1194 5288 1354 5352 ἄλλος
1390 5289 1527 5343 καθὸ
1560 5290 1803 5360 πέφυκεν
1832 5294 2041 5365 ἄνθρω-

2138 4666 2319 4719 omnis
2347 4667 2489 4720 enim
2523 4669 2774 4724 voluntas
2810 4670 3041 4739 alicujus
3088 4674 3353 4743 gnomica:
3403 4689 3529 4729 cum
3567 4676 3714 4729 nulla

2136 4772 2324 4811 earum
2377 4759 2752 4828 gnomicarum
2800 4764 3161 4831 voluntatum,
3215 4782 3337 4835 quae
3378 4767 3431 4820 in
3480 4767 3715 4837 singulis

2138 4848 2435 4906 individuis
2457 4854 2828 4923 reperiuntur,
2850 4856 3040 4911 eadem
3069 4868 3173 4922 est,
3205 4859 3297 4913 sed
3325 4860 3552 4914 omnino
3572 4859 3676 4912 alia
3700 4874 3714 4923 ;

2137 4955 2310 5009 quare
2357 4958 2460 4997 nec
2503 4944 2609 4998 erit
2639 4945 2901 5013 humana,
2933 4948 3063 5017 quia
3114 4950 3247 5003 nulli
3297 4949 3581 5003 individuo
3617 4964 3718 5002 na-

2145 5042 2282 5087 tura:
2315 5034 2589 5101 humanae,
2629 5045 2886 5107 tanquam
2927 5041 3156 5101 homini.
3190 5042 3462 5106 convenit,
3496 5040 3542 5095 si
3570 5041 3716 5094 enim

2145 5124 2309 5181 alicui
2364 5126 2630 5199 singulari
2678 5132 2898 5201 proprie
2943 5144 3092 5189 esset
3141 5136 3393 5190 voluntas
3440 5134 3715 5204 gnomica,

2146 5211 2387 5266 humana
2432 5216 2623 5284 utique
2670 5229 2846 5283 esset;
2901 5230 2955 5274 at
3005 5238 3113 5276 non
3168 5234 3249 5277 cst
3295 5224 3554 5283 humana,
3586 5223 3716 5291 quia

2146 5319 2326 5373 neque
2361 5304 2637 5375 Socrates,
2662 5324 2836 5380 neque
2861 5310 3077 5378 Petrus,
3113 5328 3211 5368 nec
3241 5314 3380 5369 alius
3402 5315 3544 5384 quis,
3576 5328 3715 5383 qua-

1762 5447 1997 5505 VARIAS
2039 5453 2445 5514 LECTIONES.

539 5566 565 5605 Β
604 5575 671 5612 an
710 5559 831 5613 καθ’
859 5562 919 5613 ὃν
964 5563 1213 5634 τρόπονῖ
1280 5565 1303 5603 h
1334 5565 1371 5619 ι.
1408 5566 1597 5635 μηδενὶ
1637 5566 1769 5623 τῶν.

1971 5699 2204 5758 ΝΟΤΑΕ.

539 5811 653 5882 (55)
678 5812 750 5866 De
791 5811 851 5866 S.
887 5810 1120 5866 Maximo
1153 5814 1417 5882 loquitur.

787 5904 1056 5965 PATROL.
1101 5908 1215 5966 Gn.
1262 5909 1352 5969 CI.

3217 5920 3287 5977 17
