4158 6460
481 426 591 494 515

1634 416 1900 484 PHOTII
1928 414 2435 483 PATRIARCHIE
2465 412 2576 483 CF.

3640 410 3755 482 516

478 535 639 576 tenus
673 520 835 575 homo
862 526 965 586 est,
1016 514 1181 571 habet
1211 515 1549 572 voluntatem
1581 516 1916 586 gnomicam,
1958 523 2053 569 aut

2158 532 2256 578 πος
2294 512 2573 585 γνωμικὸν
2606 510 2819 584 θέλημα
2845 511 2980 583 ἔχει,
3015 512 3048 583 ἦ
3085 508 3510 582 σοφισματώδης
3532 511 3561 563 6
3587 511 3755 579 λόγος

477 615 642 667 fallax
664 620 747 668 est
776 612 937 674 ratio,
964 625 1086 679 qua:
1117 608 1405 678 distinguit
1438 606 1777 662 individuum
1810 606 2056 677 ejusdem

476 716 684 759 naturas
714 703 781 756 ab
814 703 937 756 aliis
973 700 1312 766 individuis,
1344 708 1399 754 et
1438 700 1562 770 quia
1597 699 1921 754 confitemur
1948 713 2056 754 non

473 813 595 852 esse
626 797 771 850 hunc
803 810 927 850 cum
967 794 1079 847 ullo
1113 792 1399 846 individuo
1426 808 1489 846 ex
1523 791 1646 846 aliis
1670 791 1924 847 eumdem
1958 793 2058 863 by-a

476 890 705 957 postasi,
736 901 837 940 nec
866 886 990 939 aliis
1019 884 1481 954 proprietatibus:
1505 883 1711 938 idcirco
1740 897 1840 937 nos
1860 898 2058 937 acom-

475 980 629 1033 muni
676 986 871 1032 natura
906 991 1190 1031 removere
1242 991 1392 1041 eum,
1444 983 1498 1029 et
1549 975 1884 1028 voluntatem
1937 975 2057 1041 ejus

476 1071 789 1141 gnomicam
833 1083 939 1122 non
970 1068 1149 1121 dicere
1198 1067 1494 1121 humanam
1546 1080 1668 1119 esse
1702 1082 1716 1117 :
1749 1064 1865 1117 haec
1908 1065 2057 1118 enim

476 1162 721 1233 captiosa
770 1161 911 1215 ratio
944 1160 1130 1214 multis
1158 1158 1497 1228 argumentis
1526 1169 1775 1211 naturam
1813 1172 2058 1211 commu-

478 1266 602 1305 ncm
637 1248 915 1319 separabit
940 1263 968 1301 a
1000 1247 1384 1315 singularibus,
1414 1263 1536 1316 qua:
1568 1248 1672 1302 sub
1702 1262 1767 1303 ea
1795 1257 1925 1303 sunt
1954 1248 2058 1304 hac

477 1342 831 1412 adjunctione
855 1340 1001 1393 verbi
1027 1348 1283 1408 quatenus
1306 1338 1524 1392 Itoniiui.
1555 1338 1920 1406 Quamobrem
1945 1355 2055 1395 non

477 1442 563 1489 est
614 1432 792 1487 simile
843 1432 986 1500 quod
1029 1432 1287 1496 dicimus,
1338 1445 1447 1484 non
1482 1446 1604 1486 esse
1648 1431 1954 1501 ponendam
2000 1434 2057 1487 in

477 1526 702 1581 Christo
734 1524 1068 1579 voluntatem
1102 1522 1407 1591 gnomicam
1454 1522 1589 1592 (56).
1649 1522 1706 1576 In
1742 1523 2057 1578 hominibus

475 1621 649 1683 enim,
682 1619 775 1689 qui
805 1633 981 1672 unum
1006 1631 1070 1671 ex
1105 1616 1482 1684 singularibus
1518 1617 1751 1686 sumpsit
1782 1632 1881 1686 pro
1909 1626 2057 1671 certo

484 1712 689 1767 habere
726 1710 1058 1764 voluntatem
1110 1708 1442 1779 gnomicam,
1474 1710 1601 1779 quia
1645 1708 1825 1763 dill‘ert
1856 1724 1886 1763 a
1937 1709 2061 1764 reli-

475 1804 602 1874 quis
631 1800 1005 1858 voluntatibus
1027 1799 1295 1871 gnomicis
1316 1815 1531 1867 eorum,
1557 1802 1646 1870 qui
1671 1810 1798 1856 sunt
1814 1800 2055 1871 ejusdem

2157 613 2186 666 6
2212 612 2273 665 τὸ
2310 610 2548 681 ὁμοφυὲς
2570 610 2779 679 ἄτομον
2796 608 2905 662 τῶν
2922 609 3099 663 ἄλλων
3123 608 3247 662 καθ’
3271 609 3479 661 ἕκαστα
3498 608 3757 661 διαστέλρ

2156 702 2285 758 λων.
2315 704 2425 757 Καὶ
2456 704 2522 755 ἐκ
2569 703 2665 755 τοῦ
2706 703 3092 773 συνομολογεῖν
3153 702 3345 772 μηδενὶ
3404 701 3517 752 τῶν
3568 700 3754 754 ἄλλων

2156 792 2376 861 ἀτόμων
2407 792 2607 845 ταὺτὸν
2636 787 2776 845 εἶναι
2805 796 2870 863 τῇ
2913 790 3213 844 ὑποστάσει
3252 791 3385 861 μηδὲ
3416 793 3527 852 τοῖς
3564 790 3757 851 ἄλλοις

2161 881 2416 950 ἰδιώμασι
2445 880 2538 933 τὸν
2569 881 2953 951 προκείμενον.
2999 882 3095 936 Ἐκ
3135 880 3332 934 τούτου
3375 882 3470 934 καὶ
3492 882 3596 950 τῆς
3627 897 3749 933 κοι-

2156 972 2255 1042 νῆς
2288 974 2303 1013 ί
2336 972 2517 1026 αὑτῶν
2546 973 2868 1043 ἀποστερεῖν
2886 971 3123 1042 φύσεως,
3150 973 3245 1025 καὶ
3268 972 3328 1025 τὸ
3346 973 3628 1043 γνωμικὸν
3650 972 3754 1023 αὑ·-

2155 1063 2249 1117 τοῦ
2277 1063 2488 1134 θέλημα
2519 1063 2595 1135 μὴ
2622 1063 2802 1132 λέγειν
2832 1063 3174 1134 ἀνθρώπινον
3204 1060 3367 1117 εἶναι.
3411 1064 3509 1117 Ἐκ
3532 1064 3754 1116 πολλῶν

2156 1154 2265 1227 γὰρ
2285 1154 2551 1224 ἀφορμῶν
2588 1156 2621 1207 6
2648 1154 3065 1225 παραλογισμὸς
3092 1148 3247 1219 οὗτος
3287 1157 3389 1225 τὴν
3418 1157 3606 1225 κοινὴν
3639 1156 3751 1223 φύ-

2158 1264 2243 1301 σιν
2274 1249 2575 1318 ἀποστήσει
2607 1248 2703 1300 καὶ
2728 1247 3075 1318 διαχωρίσει,
3102 1248 3213 1301 τῶν
3245 1249 3338 1300 ὑπ’
3356 1249 3495 1318 αὑτῇ
3521 1247 3751 1300 τελούν-

2155 1356 2263 1392 των
2296 1340 2388 1393 nat
2415 1340 2897 1411 ἐμπεριεχομένων
2922 1341 3141 1412 ἀτόμων
3172 1340 3346 1410 αὑτῆς
3383 1339 3464 1410 τῷ
3502 1342 3753 1410 προσρή-

2159 1448 2315 1502 ματι.
2340 1433 2418 1484 Δι’
2447 1433 2588 1502 ὅπερ
2634 1432 2732 1502 οὑχ
2774 1432 2978 1503 ὁμοίως
3011 1435 3040 1485 6
3078 1433 3237 1501 λόγος
3266 1428 3423 1496 οὗτος
3448 1434 3561 1503 εχει
3591 1436 3687 1485 καὶ
3718 1435 3752 1485 ὁ

2155 1522 2218 1576 τὸ
2242 1524 2258 1573 l
2289 1523 2591 1591 γνωστικὸν
2626 1522 2721 1575 ἐπὶ
2748 1524 2989 1594 Χριστοῦ
3022 1524 3098 1594 μὴ
3121 1523 3563 1594 παραδεχόμενος
3586 1522 3753 1592 θέλη-

2161 1633 2259 1686 μα.
2295 1616 2422 1669 Ἐπὶ
2448 1615 2550 1686 μὲν
2583 1616 2693 1687 γὰρ
2729 1616 2840 1669 τῶν
2870 1614 3177 1687 ἀνθρώπων
3206 1616 3302 1670 ἕνα
3338 1614 3521 1669 λαϐὼν
3553 1615 3754 1685 ὁμολο-

2157 1710 2441 1781 γουμένως
2460 1709 2571 1763 τῶν
2602 1710 2725 1765 καθ’
2754 1709 2989 1763 ἕκαστον
3018 1709 3299 1780 γνωμικὸν
3334 1708 3483 1780 ἔχειν
3524 1709 3748 1779 θέλημα

2159 1808 2223 1861 ὲκ
2245 1808 2349 1877 τῆς
2384 1808 2522 1879 πρὸς
2556 1808 2623 1861 τά
2660 1805 2822 1860 λοιπά
2846 1806 2954 1859 τῶν
2984 1805 3249 1876 ὁμοειδῶν
3274 1804 3615 1876 ἑτερότητος,
3640 1805 3751 1874 τὴν

476 1905 709 1960 natura,
742 1904 991 1948 naturam
1028 1907 1373 1946 communem
1412 1892 1719 1959 deiraudat,
1770 1895 1913 1964 quod
1973 1903 2056 1949 est

2159 1868 2346 1970 κοιλιην
2388 1868 2550 1969 φῦσιν
2584 1868 3053 1970 παραγράφεταιί
3088 1899 3228 1969 ὅπερ
3260 1868 3380 1952 ἐστι
3413 1868 3749 1967 σεσοφισμέ-

475 1989 801 2058 captiosum.
843 1994 897 2040 et
955 1982 1233 2039 concludit
1279 1982 1426 2054 quod
1478 2000 1586 2039 non
1638 1994 1723 2039 est
1767 1996 2057 2041 consecta-

476 2081 643 2136 rium.
693 2079 753 2133 In
810 2077 1033 2133 Christo
1084 2088 1264 2131 autem
1304 2074 1536 2131 Domino
1578 2086 1766 2132 nostro
1814 2078 2053 2149 primum

474 2170 706 2242 quidem
726 2168 1044 2240 quaerimus,
1099 2182 1171 2221 an
1222 2166 1451 2221 omnino
1482 2167 1778 2223 dicendum
1811 2168 1882 2223 sit
1933 2181 2060 2223 esse

475 2262 533 2318 in
562 2276 628 2317 eo
659 2260 994 2315 voluntatem
1042 2256 1377 2326 gnomicam,
1417 2267 1471 2311 et
1518 2272 1625 2311 non
1678 2256 1805 2312 licet
1850 2257 2058 2312 intelli-

476 2371 605 2427 gere
636 2355 964 2426 hypostascs
996 2360 1258 2422 cognatas
1299 2350 1401 2407 sub
1434 2349 1657 2406 nomine
1684 2349 1889 2405 Christi
1920 2364 2058 2405 con-

474 2460 673 2506 lentas.

537 2542 806 2597 Prmterea
834 2540 889 2594 in
917 2537 1236 2594 hominibus
1261 2535 1393 2593 licet
1418 2535 1640 2607 quidem
1671 2535 1872 2602 dicere,
1908 2533 2057 2606 quod

470 2636 727 2691 voluntas
754 2632 1027 2704 gnomica,
1057 2647 1183 2703 qua:
1230 2640 1313 2685 est
1343 2630 1395 2684 in
1423 2629 1532 2696 eis,
1558 2639 1833 2700 quatenus
1862 2644 2057 2699 perso-

475 2727 563 2783 nis
612 2725 961 2797 distinguitur
993 2738 1059 2779 ac
1107 2730 1422 2793 separatur,
1460 2737 1570 2777 non
1605 2728 1692 2777 est
1730 2722 1835 2777 alia
1864 2721 2055 2777 eadem

474 2831 601 2870 cum
640 2814 768 2879 alia,
797 2820 1069 2882 quatenus
1094 2824 1227 2865 vero
1265 2809 1321 2864 in
1355 2824 1522 2865 unam
1547 2818 1797 2864 naturam
1824 2809 2063 2866 includi-

475 2916 586 2970 tur,
616 2904 753 2958 nihil
796 2902 1050 2973 prohibet
1092 2900 1276 2956 dicere
1303 2908 1358 2955 ει
1388 2901 1687 2955 humanam
1723 2900 2058 2956 voluntatem

474 3008 528 3054 et
580 2998 828 3052 eamdem
866 3009 989 3050 esse
1028 3011 1041 3048 :
1079 2992 1133 3047 in
1166 2992 1387 3048 Christo
1422 3001 1602 3047 autem
1661 3008 1822 3047 nemo
1877 3000 2059 3064 potest

474 3090 727 3147 similiter
746 3090 951 3156 dicere,
984 3103 1092 3142 non
1124 3086 1268 3141 enim
1303 3100 1599 3156 possumus
1620 3102 1787 3142 unum
1814 3088 1942 3158 quid
1975 3089 2060 3142 in-

475 3184 737 3254 telligere,
774 3182 829 3236 in
861 3180 1082 3236 Christo
1119 3180 1243 3234 diue
1285 3179 1557 3249 siquidem
1610 3188 1821 3235 natura:
1846 3180 2057 3236 consti-

473 3284 635 3330 tuunt
665 3272 1005 3345 hypostasim
1024 3274 1165 3342 ejus,
1192 3280 1247 3325 et
1270 3286 1377 3325 non
1404 3285 1531 3328 una.
1556 3268 1741 3342 Neque
1760 3287 2051 3343 possumus

470 3372 655 3427 dicere
685 3370 737 3425 in
768 3386 872 3437 eo;
904 3370 1159 3423 voluntas
1208 3368 1459 3437 gnomica
1503 3376 1776 3438 quatenus
1803 3368 1917 3424 haec
1943 3378 2050 3435 est,

472 3482 579 3520 non
612 3472 697 3519 est
718 3463 944 3529 eadem;
981 3470 1251 3532 quatenus
1280 3477 1412 3516 vero
1440 3461 1555 3516 haec
1589 3469 1695 3525 est,
1728 3462 1917 3517 eadem
1944 3472 2051 3529 est,

471 3554 731 3625 quoniam
782 3568 925 3608 unus
955 3561 1038 3607 est
1065 3552 1318 3608 Christus
1349 3562 1403 3607 et
1431 3567 1538 3607 una
1565 3552 1684 3622 ejus
1708 3568 1964 3623 persona,
1997 3562 2055 3610 et

472 3663 579 3703 una
609 3646 939 3718 hypostasis,
996 3659 1175 3714 neque
1222 3644 1390 3699 habet
1438 3644 1683 3714 ejusdem
1713 3644 1946 3711 ordinis,
1999 3655 2056 3701 et

470 3740 717 3810 ejusdem
767 3736 1008 3793 nominis
1057 3745 1112 3792 et
1155 3737 1387 3793 rationis
1438 3736 1697 3794 Christus
1728 3738 2056 3809 hypostases

472 3828 915 3899 συντεταγμένας
959 3866 978 3893 ,
1034 3828 1086 3882 id
1141 3837 1226 3882 est
1266 3828 1652 3895 coordinatas;
1702 3844 1803 3884 nec
1849 3828 2054 3899 aliquid

471 3935 784 3987 commune,
834 3919 980 3991 quod
1028 3919 1085 3974 in
1120 3935 1186 3976 eo
1229 3919 1467 3985 dicatur,
1497 3921 1643 3990 quod
1676 3919 1852 3991 possit
1887 3921 2053 3975 etiam

469 4015 593 4071 aliis
625 4014 1017 4086 hypostasibus
1050 4013 1245 4083 aptari.
1294 4012 1478 4081 Quare
1508 4023 1695 4071 manet
1729 4030 1837 4069 non
1874 4015 2053 4070 soluta

469 4108 759 4173 dubitatio,
811 4120 920 4177 qua
978 4105 1335 4161 dubitabatur
1384 4104 1647 4176 quidnam
1679 4107 1753 4161 sit
1797 4106 2054 4161 voluntas

469 4198 737 4271 gnomica,
762 4211 887 4252 cum
916 4196 971 4250 in
1000 4194 1219 4250 Christo
1250 4210 1427 4266 neque
1470 4197 1544 4251 sit
1578 4195 1843 4265 humana,
1874 4210 2055 4269 neque

468 4294 675 4356 divina,
714 4304 892 4361 neque
922 4288 1089 4344 etiam
1119 4286 1247 4343 talis
1269 4287 1539 4343 nominari
1571 4289 1769 4358 possit.

542 4383 857 4440 Secundum
905 4395 1034 4451 ergo
1091 4380 1472 4450 responsionis
1521 4396 1694 4452 genus
1750 4391 1854 4447 est,
1906 4380 2055 4452 quod

468 4477 712 4534 diximus
740 4474 877 4547 (57),
910 4487 1019 4528 non
1053 4480 1306 4542 oportere
1349 4472 1532 4529 dicere
1588 4488 1710 4528 esse
1752 4474 1808 4527 in
1831 4473 2055 4533 Christo

2156 2011 2267 2059 νον,
2290 1992 2775 2047 καὶ-ἀνακόλουθον
2794 1990 3239 2059 συλλογίσασθαι.
3272 1992 3395 2043 Ἐπὶ
3419 1990 3477 2043 δὲ
3502 1989 3599 2043 τοῦ
3632 1992 3753 2044 Κυ-

2161 2083 2288 2156 ριοιν
2317 2081 2475 2153 ἡμῶν
2519 2080 2695 2150 Ἰησοῦ
2744 2080 2984 2152 Χριστοῦ
3043 2080 3265 2152 πρῶτον
3316 2079 3416 2150 μὲν
3470 2078 3755 2150 ζητοῦμεν

2156 2176 2294 2240 τέως
2319 2177 2369 2229 εἰ
2394 2173 2532 2235 ὅλως
2581 2172 2661 2226 δεῖ
2710 2172 2889 2242 λέγειν
2929 2173 3214 2245 γνωμικὸν
3261 2172 3412 2243 αὐτῷ
3459 2174 3753 2241 προσεῖναι

2157 2268 2393 2339 θέλημα,
2423 2269 2518 2321 καὶ
2549 2267 2650 2320 οὑκ
2683 2266 2806 2320 ἔστι
2824 2266 3010 2320 λαϐεῖν
3038 2263 3462 2336 ὑποστάσειςτῷ
3487 2263 3588 2317 τοῦ
3608 2266 3751 2336 Χριά

2158 2361 2284 2417 στοῦ
2315 2361 2710 2433 περιεχομένας
2738 2361 2988 2432 ὀνόματι.

2231 2542 2357 2597 Ἔτι
2382 2541 2439 2596 δὲ
2465 2541 2559 2596 ἐπὶ
2597 2542 2699 2613 μιν
2739 2540 2859 2595 τῶν
2891 2539 3199 2611 ἀνθρώπων
3248 2538 3396 2592 ἔστιν
3438 2538 3615 2591 εΡπετν
3663 2537 3757 2591 ὅτι

2155 2634 2218 2688 τὸ
2244 2633 2554 2705 ἐνυπάρχον
2579 2633 2765 2697 αὑτοῖς
2791 2632 3072 2702 γνωμικὸν
3093 2630 3307 2701 θέλημα
3333 2631 3470 2684 καθὸ
3496 2631 3596 2700 μὲν
3624 2634 3753 2693 ταῖς

2157 2725 2525 2781 ὑτιοστάσεσιν
2579 2724 2958 2796 διακέκριται,
2996 2723 3098 2778 οὑκ
3155 2723 3304 2776 ἔστιν
3337 2721 3523 2792 ἕτερον
3571 2722 3754 2791 ἑτέρῳ

2154 2817 2375 2886 ταυτὸν,
2410 2817 2547 2873 καθὸ
2572 2816 2628 2872 δὲ
2658 2818 2738 2881 εις
2778 2816 2912 2885 μιαν
2946 2814 3112 2885 φύσιν
3155 2814 3563 2882 συνεισάγεται,
3591 2814 3751 2867 οὐδὲν

2156 2908 2410 2980 λέγεσθαι
2463 2909 2559 2963 καὶ
2617 2906 2957 2981 ἀνθρώπινον
2998 2909 3092 2961 καὶ
3142 2907 3362 2963 ταύτόν.
3412 2908 3538 2961 Ἐπὶ
3566 2907 3621 2960 δὲ
3649 2907 3750 2960 τοῦ

2156 3001 2396 3074 Χριστοῦ
2425 3002 2525 3074 οὑχ
2556 3002 2668 3066 ἕξει
2696 3018 2781 3066 τις
2825 3001 2886 3056 τὸ
2913 3002 3099 3073 ὅμοιον
3136 3003 3332 3067 εἰπεῖν,
3368 3000 3429 3055 οὑ
3464 3003 3573 3073 γάρ
3595 3003 3752 3054 ἐστιν

2157 3094 2218 3150 ἓν
2247 3113 2301 3149 τι
2331 3095 2511 3150 κοινὸν
2538 3095 2733 3149 λαὸεϊν
2754 3095 2848 3148 ἐπὶ
2878 3092 3141 3166 Χριστοῦ,
3170 3094 3271 3149 δύο
3309 3093 3420 3165 γὰρ
3450 3093 3753 3148 σονιστῶσξ

2158 3186 2257 3260 τὴν
2288 3188 2588 3241 ὑπόστασιν
2628 3186 2841 3255 φύσεις,
2887 3184 3005 3239 ἀλλ’
3050 3184 3110 3237 οὑ
3162 3182 3283 3254 μία.
3323 3184 3435 3237 Καὶ
3472 3184 3575 3237 οὑκ
3599 3184 3749 3236 ἐστιν

2162 3280 2336 3333 εἰπεῖν
2368 3278 2429 3332 τὸ
2458 3276 2736 3348 γνωμικὸν
2764 3276 3009 3347 θέλημα·
3044 3274 3182 3330 καθὸ
3221 3274 3321 3346 μὲν
3354 3274 3473 3329 τόδε
3506 3276 3604 3328 οὑκ
3629 3274 3749 3328 ἐστι.

2160 3370 2377 3425 ταύτόν.
2407 3363 2504 3434 Εἷς
2528 3370 2637 3440 γὰρ
2672 3371 2701 3423 ό
2740 3368 2997 3439 Χριστὸς,
3059 3369 3152 3422 καὶ
3181 3366 3240 3420 ἒν
3290 3367 3459 3423 αὑτοῦ
3490 3367 3552 3421 τὸ
3575 3368 3746 3439 πρόσ-

2161 3480 2331 3529 ωπον,
2368 3463 2461 3517 καὶ
2511 3462 2610 3533 μία
2649 3464 2682 3531 ἡ
2723 3462 3058 3528 ὑπόστασις,
3109 3461 3247 3531 μήτε
3289 3461 3585 3531 όμοταγεῖς
3650 3462 3750 3514 καὶ

2164 3555 2515 3627 συνωνύμους
2565 3554 2704 3626 ἔχων
2755 3554 2832 3618 ὡς
2864 3552 3088 3626 Χριστῷ
3133 3554 3578 3624 συντεταγμένας
3611 3555 3748 3606 ὑπο-

2165 3648 2426 3710 στάσεις’
2462 3648 2600 3717 μήτε
2650 3664 2703 3700 τι
2768 3646 2961 3709 κοινῶς
3015 3643 3105 3699 ἐπ’
3150 3644 3317 3699 αὑτοῦ
3367 3645 3683 3715 λεγόμενον,
3718 3647 3751 3699 ὅ

2160 3739 2364 3794 δύναιτ’
2388 3738 2454 3794 ἂν
2496 3741 2593 3794 καὶ
2642 3739 2852 3810 ὲτὲροις
2890 3737 3310 3810 ἐναρμόζεσθαι.
3340 3738 3437 3799 ’Ὧς
3461 3755 3521 3790 τε
3551 3738 3745 3809 διο.μέ-

2162 3851 2243 3888 νει
2294 3833 2354 3886 τὸ
2408 3833 2675 3903 ἑπόμενον
2732 3833 2939 3903 ἄπορον
2978 3831 3173 3886 ἄλυτον
3198 3872 3213 3897 ,
3254 3832 3395 3904 ὅπερ
3433 3832 3488 3884 τί
3523 3833 3643 3884 ποτ’
3682 3832 3747 3884 ἂν

2162 3927 2247 3997 εἴη
2274 3926 2524 3997 διηπόρει
2584 3925 2645 3978 τὸ
2682 3926 2966 3995 γνωμικὸν
3011 3925 3245 3995 θέλημα,
3278 3926 3415 3996 μήτε
3467 3922 3747 3993 ἀνθρώπι-

2162 4032 2253 4070 νον
2322 4017 2459 4087 μήτε
2520 4015 2663 4070 θεῖον
2696 4014 2995 4085 δυνάμενον
3050 4011 3209 4081 εἶναι,
3284 4018 3423 4087 μήτε
3479 4014 3752 4084 ὀνομάζελ

2164 4112 2307 4168 σθαι.

2234 4384 2500 4457 Δεύτερον
2541 4386 2640 4456 μὲν
2666 4379 2759 4439 οῦν
2799 4384 2919 4438 ἐστι
2950 4383 3012 4438 τὸ
3046 4383 3340 4457 εἰρημένον
3382 4382 3748 4455 ἐπιχείρημα,

2166 4478 2241 4548 μὴ
2279 4478 2391 4532 δεῖν
2437 4479 2531 4532 ἐπὶ
2584 4477 2822 4549 Χριστοῦ
2863 4478 3043 4547 λέγειν
3070 4477 3347 4547 γνωμικὸν
3390 4478 3678 4549 ὑπάρχειν,

472 4572 809 4638 gnomicam,
852 4567 905 4622 id
947 4575 1053 4631 est,
1100 4563 1401 4619 humanam
1432 4565 1826 4637 hypostaticam
1858 4566 2055 4622 volun-

2168 4569 2512 4643 ἀνθρώπινον
2541 4569 2907 4624 ὑποστατικὸν
2933 4569 3167 4640 θέλημα.

473 4672 717 4813 ηξιεῗὲιῖιὶο
732 4753 847 4828 (58)
866 4752 997 4810 licet
1017 4751 1269 4809 dicerein
1282 4750 1502 4810 Christo
1520 4750 1819 4807 humanam
1840 4748 1903 4824 [f.
1922 4764 2057 4823 gno-

2162 4748 2361 4820 Τρετον
2390 4747 2447 4802 δὲ
2476 4749 2525 4802 εἰ
2548 4747 2769 4817 λέγεται
2791 4746 2885 4801 ἐπὶ
2904 4744 3142 4819 Χριστοῦ
3169 4742 3511 4817 ἀνθρώπινον
3531 4742 3747 4811 θέλημα

1787 4933 2026 4991 VAﬂlIE
2062 4930 2469 4990 LECTIONES.

549 5056 570 5097 ί
601 5057 641 5115 ι.
698 5055 882 5111 αὑτόν.
962 5053 1311 5125 ἱγνωμικόν.

2001 5158 2236 5216 NOTAE.

544 5283 659 5352 ('56)
691 5279 1182 5352 Quamobrem__iioii
1202 5288 1279 5333 est
1306 5276 1480 5352 simile
1501 5275 1643 5347 quod
1673 5276 1902 5352 dicimus
1946 5291 2056 5352 non

473 5346 584 5413 esse
612 5346 907 5419 ponendam
933 5351 990 5404 in
1020 5346 1570 5419 Christqvotuntatem
1591 5349 1911 5419 gnomicam.
1937 5346 2059 5399 Διό-

474 5444 584 5497 περ
606 5416 705 5494 οὑχ
726 5422 927 5494 ὁμοίως
949 5422 977 5474 6
1006 5421 1162 5488 λόγος
1189 5416 1344 5483 οὗτος
1375 5418 1487 5488 ἔχει
1538 5416 1633 5471 καὶ
1656 5420 1684 5471 ό
1712 5418 1773 5471 τὸ
1827 5434 2063 5486 γνωστι-

474 5498 572 5550 κὸν
602 5495 743 5550 liene
769 5490 1071 5550 γνωμικὸνι
1109 5490 1202 5543 ἐπὶ
1229 5488 1468 5550 Χριστοῦ
1501 5488 1576 5550 μὴ
1617 5487 2056 5550 παραδεχόμενος

474 5490 572 5552 κὸν
602 5490 743 5567 [lege
763 5490 1071 5562 γνωμικὸν]
1109 5490 1202 5543 ἐπὶ
1229 5490 1468 5560 Χριστοῦ
1501 5490 1576 5559 μὴ
1617 5490 2055 5559 παραδεχόμενος

476 5567 713 5637 θέλημε.
746 5564 802 5617 id
829 5574 942 5637 est:
971 5561 1338 5627 Quamobrem
1378 5561 1493 5613 hmo
1544 5559 1893 5637 ratiocinatio
1944 5572 2055 5637 non

478 5628 708 5705 perinde
743 5649 800 5688 se
832 5633 994 5686 habet
1027 5647 1092 5705 ac
1113 5646 1193 5705 ea
1226 5647 1347 5699 qua:
1375 5630 1684 5700 gnomicam
1715 5630 1773 5683 in
1831 5628 2055 5683 Christo

479 5702 816 5759 voluntatem
850 5718 957 5756 non
983 5702 1241 5756 admittit.

552 5774 989 5842 (5)7)Sctundum
1014 5788 1135 5842 ergo
1184 5772 1539 5842 responsionis
1598 5777 1873 5842 genusest
1916 5767 2056 5839 quod

481 5840 711 5899 diarium:
739 5858 755 5896 :
785 5841 1047 5912 Δεύτερον
1076 5840 1178 5911 μὲν
1202 5840 1296 5895 οὑν
1328 5845 1447 5896 ἐστι
1470 5842 1532 5895 τὸ
1591 5840 1883 5913 εἰρημένον
1931 5855 2055 5891 επι-

2164 5274 2433 5346 χείρημα.
2465 5271 2520 5328 Id
2549 5282 2681 5330 est:
2739 5272 3052 5329 Secundum
3110 5284 3243 5341 ergo
3294 5268 3426 5346 illud
3467 5277 3553 5323 est
3600 5268 3748 5337 quod

2164 5342 2492 5416 protulimus
2520 5354 2931 5416 argumentum,
2960 5359 3057 5398 seu
3084 5342 3385 5410 argumenti
3412 5355 3603 5416 genus.

2251 5411 2620 5485 Ἐπιχεὶρημα
2651 5431 2757 5469 non
2797 5415 3069 5485 signiﬁcat
3097 5426 3427 5480 responsum,
3462 5411 3557 5465 sed
3587 5426 3750 5478 argu-

2163 5484 2418 5549 mentum,
2458 5484 2538 5539 vel
2567 5489 2789 5555 speciem
2822 5484 3140 5555 argumenti.

2236 5501 2418 5549 tntum,
2458 5501 2538 5539 vet
2567 5504 2588 5538 δ
2630 5501 2789 5539 εοιεηι
2822 5501 3140 5555 argumenta.

2236 5556 2347 5627 (58)
2382 5555 2558 5627 Tertio
2586 5501 2707 5608 licet
2736 5556 2907 5610 dicere
2971 5553 3265 5627 in_Ch_risto
3301 5590 3316 5605 .
3349 5589 3363 5604 .
3401 5565 3556 5627 .meue
3579 5588 3595 5602 .
3620 5548 3747 5627 Τρίτ

2163 5620 2255 5680 τον
2290 5620 2368 5689 δὲ,
2388 5628 2437 5678 εἱ
2464 5626 2682 5697 λέγεται
2710 5627 2803 5678 ἐπὶ
2826 5624 3090 5697 Χριστοῦ.
3129 5622 3187 5677 Id
3216 5630 3301 5677 est
3328 5637 3342 5674 :
3411 5620 3599 5674 Tertio
3622 5658 3636 5683 ,
3705 5622 3749 5671 si

2170 5698 2385 5752 dicatur
2415 5699 2466 5749 in
2498 5696 2723 5750 Christo
2751 5736 2765 5751 .
2795 5735 2808 5751 .
2847 5734 2862 5748 .
2886 5696 3036 5750 esse.

2239 5767 2541 5820 Tun-ianus
2582 5782 2690 5819 non
2727 5767 2962 5821 reddidit
2985 5764 3311 5833 particulam
3332 5761 3421 5833 εὶ,
3442 5759 3522 5833 si,
3540 5774 3750 5833 neces-

2164 5839 2367 5895 sariam
2394 5847 2453 5892 ut
2498 5836 2677 5893 Photii
2709 5830 3091 5907 argumentum
3129 5833 3304 5905 possit
3328 5830 3588 5900 intelligi.-
