4158 6436
452 381 459 388 '
477 360 583 423 529

1415 353 1515 412 AD
1555 353 2154 428 AMPIIILOCHIUM
2194 353 2539 426 ΟΠίΕΞΤΙΟ
2591 353 2820 413 LXXX.

3654 349 3760 412 530

479 468 589 538 ·ιὸῇ
620 462 868 538 περιέχει
895 461 1096 533 ἄτομα,
1125 461 1217 514 ἐπὶ
1242 459 1296 513 δὲ
1325 459 1564 532 Χριστοῦ
1589 459 1820 530 φυσικὸν
1849 459 2058 530 ἀνθρὼ-

2169 460 2425 530 ejusdem
2462 461 2683 530 speciei,
2735 461 2786 512 in
2831 457 3054 512 Christo
3089 467 3271 513 autem
3320 456 3625 512 naturalem
3662 473 3758 511 vo-

474 576 630 613 πινον
661 555 874 624 Θέλημα
903 554 1157 624 λέγομεν,
1189 551 1380 603 τούτου
1407 551 1470 621 δὴ
1502 550 1597 604 τοῦ
1625 549 1858 618 φυσικοῦ
1896 551 2058 622 Θελή-

478 667 645 721 ματος
670 648 766 702 καὶ
782 644 1143 700 ύποστατικὸν
1173 647 1264 696 καὶ
1285 642 1563 714 γνωμικὸν
1583 643 1796 714 θέλημα
1831 643 2060 707 εἰκότως

476 743 542 798 ἂν
569 743 804 807 λέγοιτο.

551 853 670 906 Ἔτι
695 853 751 906 δὲ
782 853 830 905 εἰ
861 851 924 904 τὸ
955 849 1232 918 γνωμικὸν
1255 850 1466 920 Οέλημα
1496 849 1649 902 οὐδὲν
1679 849 1865 921 ἕτερόν
1886 850 2060 913 ἐστιν,

477 951 652 1020 ἀλλ’ἢ
689 949 914 1016 φυσικὸν
955 947 1129 1010 ποιὸν,
1173 947 1405 1016 Χριστ>›;
1433 947 1489 1000 δὲ
1533 947 1593 998 τὸ
1628 948 1858 1016 φυσικὸν
1896 947 2060 1016 ἔχων,

477 1045 574 1112 οὐχ
599 1042 782 1104 ἁπλῶς
817 1040 978 1110 μόνον
1000 1041 1244 1108 ἐνήργει,
1281 1038 1416 1092 ἀλλὰ
1439 1039 1532 1090 καὶ
1557 1038 1632 1100 ῶς
1657 1038 1777 1090 τόδε
1805 1055 1858 1090 τι
1889 1037 2064 1107 πράτ-

474 1153 581 1190 των
597 1151 611 1166 ·
639 1135 787 1187 ἔστιν
809 1135 917 1204 ἄρα
933 1132 1025 1186 καὶ
1048 1135 1106 1185 ὲν
1135 1133 1284 1202 αύτῷ
1311 1131 1496 1185 λαϐεῖν
1519 1132 1796 1202 γνωμικζν
1829 1131 2061 1200 Θέλημα.

555 1432 697 1486 Ἀλλ’
727 1433 988 1503 ἑκάτερον
1006 1433 1114 1488 τῶν
1141 1434 1450 1506 εἰρημένων
1483 1434 1801 1505 σοφιστικῆς
1830 1437 2066 1506 ἤρτηται

473 1526 703 1595 πλοκῆς.
738 1527 812 1578 Τὸ
845 1527 945 1597 μὲν
997 1526 1215 1597 πρῶτον
1261 1529 1344 1580 ὅτι
1391 1529 1501 1581 ἀπὸ
1535 1527 1645 1581 τῶν
1692 1528 1940 1598 φυσικῶν
1974 1528 2065 1582 ἐπὶ

473 1617 544 1671 τὰ
571 1618 916 1672 ὑποστατικὲι
944 1622 1180 1672 ἐποιεῖτο
1200 1619 1300 1690 τὴν
1328 1621 1576 1684 κάθοδον,
1604 1621 1814 1689 τέμνων
1838 1621 1938 1691 τὴν
1966 1620 2066 1690 φύ-

477 1728 562 1762 σιν
591 1712 671 1772 εἰς
699 1711 766 1762 τὰ
792 1710 915 1763 καθ’
949 1711 1187 1763 ἕκασταο
1220 1712 1246 1762 ὁ
1271 1712 1326 1764 δὲ
1356 1715 1455 1780 τῆς
1479 1711 1759 1775 εὐσεϐείας
1783 1711 1940 1780 λόγος
1969 1712 2063 1764 ἐπὶ

2165 551 2431 605 luntatcm
2466 551 2762 604 humanam
2806 551 3064 614 dirimus,
3097 559 3245 602 certe
3270 549 3434 619 hujus
3478 551 3748 602 naturalis

2164 637 2508 702 voluntatis,
2567 648 2620 689 ιιι
2667 637 3008 708 hypostatica
3069 648 3122 692 ct
3178 640 3430 708 gnonnica
3493 639 3746 692 voluntas

2165 737 2535 784 consentanea
2561 729 2796 783 dicetur.

2237 841 2505 897 Przeterea
2547 843 2594 898 si
2639 845 2892 898 voluntas
2946 843 3198 912 gnomica
3258 843 3397 896 nihil
3453 843 3597 896 aliud
3652 856 3754 895 est.

2167 950 2332 1004 quam
2392 936 2659 991 naturalis
2721 936 2872 998 ποιὰ,
2925 938 2975 988 id
3028 947 3135 1000 est,
3193 937 3457 1004 qualitate
3497 938 3756 1004 quapiam

2167 1026 2385 1090 affecta,
2423 1029 2678 1082 Christus
2707 1037 2892 1082 autent
2933 1028 3236 1080 naturalem
3273 1029 3608 1082 voluntatem
3658 1028 3757 1078 ha-

2168 1121 2324 1185 bens,
2356 1137 2464 1174 non
2497 1121 2818 1189 simpliciter
2853 1129 3064 1173 tantum
3098 1135 3219 1174 eam
3255 1120 3584 1188 operabatur
3616 1120 3758 1186 (84),

2167 1215 2261 1269 sed
2297 1223 2350 1266 ut
2385 1214 2488 1269 hoc
2513 1213 2719 1283 aliquid
2749 1229 2918 1283 agens
2949 1232 2963 1269 :
2997 1221 3082 1268 est
3111 1213 3278 1282 igitur
3318 1212 3670 1282 intelligenda
3706 1215 3758 1266 in

2167 1323 2228 1360 ea
2263 1307 2518 1360 voluntas
2549 1305 2826 1376 gnomica.

2241 1420 2441 1475 Verum
2487 1432 2782 1489 utrumque
2826 1421 3049 1482 horum,
3112 1436 3236 1490 qua:
3284 1421 3425 1473 dicta
3461 1419 3628 1483 sunt,
3693 1435 3759 1474 ex

2167 1511 2347 1588 fallaci
2378 1512 2577 1582 pendet
2603 1511 2902 1567 tendicula.
2923 1511 3000 1565 Ac
3031 1511 3269 1580 primum
3295 1511 3516 1579 quidem
3551 1513 3762 1580 captio—

2168 1587 2290 1657 sum
2337 1612 2440 1666 est,
2503 1603 2631 1672 quia
2678 1617 2709 1655 a
2773 1587 3123 1657 naturalibus
3177 1602 3245 1655 ad
3304 1602 3651 1672 hypostatica
3704 1604 3764 1656 lit

2171 1695 2492 1756 descensus,
2551 1695 2849 1750 dividendo
2896 1705 3150 1749 naturam
3211 1695 3263 1748 in
3314 1695 3626 1760 individua;
3675 1697 3761 1764 pia

475 1799 714 1869 Χριστοῦ
730 1802 829 1853 οὑκ
851 1801 958 1853 ἀπὸ
985 1803 1114 1871 μιᾶς
1134 1819 1277 1862 τινος
1305 1801 1520 1872 φύσεως
1555 1804 1648 1856 ἐπὶ
1662 1805 1731 1857 τὰ
1751 1802 2058 1857 καθέκαστα

2170 1803 2303 1843 vero
2336 1788 2583 1841 doctrina
2627 1788 2693 1841 de
2729 1787 2976 1852 Christo,
3027 1804 3134 1841 non
3190 1787 3318 1842 facit
3363 1791 3432 1842 ah
3477 1806 3581 1842 una
3619 1805 3761 1858 qua-

476 1896 711 1946 ποιεῖται
736 1895 836 1964 τὴν
859 1897 1032 1964 τομὴν
1059 1895 1156 1948 καὶ
1183 1895 1281 1967 τὴν
1316 1895 1564 1959 κάθοδον,
1605 1897 1666 1950 ού
1705 1898 1813 1968 γάρ
1840 1897 1956 1951 ὲστί
1979 1915 2064 1962 τις

534 1987 839 2058 τεμνομένη
870 1987 1030 2056 φύσις
1062 1987 1296 2042 ἐνταῦθα
1325 1989 1444 2058 μία,
1476 1990 1584 2043 ἀπὸ
1609 1989 1666 2042 δὲ
1692 1991 1792 2056 τῆς
1821 1992 2063 2043 ὑποστά-

475 2098 635 2145 σεως,
673 2082 874 2152 μᾶλλον
899 2085 975 2145 εἰς
1003 2085 1102 2153 τὴν
1127 2083 1228 2153 τῆς
1261 2085 1479 2153 φύσεως
1507 2084 1841 2139 ἀναπλοῦται
1870 2085 2060 2140 δυάδα·

474 2175 637 2228 κάκεῖ
668 2176 767 2247 μὲν
798 2176 858 2228 τὸ
883 2176 1112 2244 φυσικὸν
1150 2177 1492 2231 ὑποστατικὰ
1529 2178 1660 2242 ἕξει,
1689 2178 1772 2232 ὄτι
1803 2179 1900 2232 καὶ
1932 2176 2062 2231 πολ-

472 2265 562 2319 λαὶ
607 2267 919 2336 πεφύκασιν
970 2267 1062 2321 ὑπ’
1113 2269 1286 2340 αὐτὴν
1321 2269 1682 2337 ὑποστάσειςο
1720 2272 1814 2325 ἐπὶ
1866 2271 1924 2326 δὲ
1961 2269 2059 2324 τοῦ

471 2357 596 2411 καθ’
645 2361 795 2429 ἡμᾶς
825 2360 1126 2432 μυστηρίου
1181 2361 1304 2414 ἐπεὶ
1334 2361 1393 2415 ἒν
1443 2363 1606 2432 μόνον
1642 2363 1702 2417 τὸ
1747 2365 1928 2416 κοινὸν
1953 2363 2062 2417 ὑπὸ

470 2448 563 2502 τδν
590 2449 742 2520 ἥλιον
779 2449 958 2520 ῶφΟη,
1009 2451 1106 2504 καὶ
1147 2451 1245 2522 μία
1287 2454 1436 2506 ἐστὶν
1475 2456 1506 2524 ἡ
1551 2453 1645 2507 τοῦ
1690 2454 1928 2523 Χριστοῦ
1965 2455 2059 2508 καὶ

474 2540 781 2612 ἀδιαίρετος
799 2544 1118 2608 ὑπόστασιςο
1142 2543 1266 2598 οὔτε
1298 2546 1662 2600 ὑποστατικδν
1687 2548 1870 2618 ὄὶωςὴ
1893 2547 2057 2617 φύσις

467 2634 693 2690 δύναται
720 2637 1022 2709 περιέχειν,
1049 2637 1172 2692 οὕτε
1208 2639 1372 2709 φύσις
1401 2641 1538 2704 ὅλως
1565 2641 1900 2695 ἐπινοεῖσθαι
1932 2641 2053 2712 μία.

540 2832 613 2886 Τὸ
637 2833 693 2886 δὲ
721 2833 975 2906 δεύτερον
1041 2835 1152 2888 τῶν
1183 2833 1566 2907 αἱρετιζόντων
1608 2839 1851 2908 σόφισμα
1894 2839 2052 2910 παρὰ

466 2923 532 2977 τὸ
556 2925 820 2994 ἑπόμενον
863 2928 1267 2992 κατασκευάζει
1303 2929 1364 2982 τὸ
1414 2929 1806 2999 κακούργημα.
1843 2932 1916 2983 Τὸ
1948 2933 2050 3001 μὲν

467 3017 577 3087 γὰρ
602 3024 878 3088 γνωμικὸν
911 3019 1122 3091 θέλημα
1150 3021 1242 3074 καὶ
1280 3021 1646 3076 ὑποστατικὸν
1674 3025 1892 3087 πάντως
1929 3027 2050 3080 ἐστὶ

467 3110 567 3162 καὶ
617 3111 790 3165 ποιόν.
832 3113 905 3165 Τὸ
937 3113 993 3165 δὲ
1026 3114 1177 3166 ποιὸν
1217 3115 1278 3167 οὐ
1316 3114 1533 3178 παντως
1568 3117 1717 3168 ἐστὶν
1755 3117 2050 3170 ύποστατι-
2081 3151 2125 3208 c

470 3200 588 3255 κόν.
655 3202 762 3256 Kal.
827 3205 935 3276 γὰρ
974 3206 1070 3259 καὶ
1100 3206 1168 3258 τὰ
1203 3209 1357 3260 κοινὰ
1381 3206 1587 3276 φυσικὰ
1611 3207 1892 3279 Θελήματα
1931 3226 2054 3262 ποι-

468 3289 620 3360 ότητι
665 3297 867 3366 φυσικῇ
929 3295 1038 3348 τῶν
1102 3297 1433 3368 ἑτερογενῶν
1484 3297 1814 3368 διενήνοχεν.
1893 3300 2055 3353 Ἀλλὰ

472 3384 600 3435 ποιὰ
636 3384 765 3438 ὄντα
816 3387 916 3439 ούκ
966 3389 1074 3442 εἶσὶ
1133 3389 1414 3461 θελήματα
1449 3393 1724 3461 γνωμικά.
1761 3392 1924 3446 Ἀλλὰ
1945 3394 2053 3465 γὰρ

470 3475 521 3527 εξ
551 3481 642 3527 καὶ
694 3479 1084 3546 συνεφέλκεται
1137 3481 1197 3534 τὸ
1235 3483 1504 3552 ἑπόμενον
1542 3485 1571 3537 ὁ
1620 3485 2055 3556 παραλογισμὸς,

470 3567 621 3636 ὅμως
641 3569 702 3622 ού
740 3572 892 3644 παρὰ
927 3573 1085 3627 τοῦτο
1116 3575 1176 3628 τὸ
1205 3575 1403 3646 ψεῦδος
1443 3579 1870 3648 ὲσχηματίζετο.
1900 3580 2058 3633 Ἐστι

469 3658 582 3730 γὰρ
614 3663 809 3729 εἰπεῖν,
860 3663 935 3728 ῶς
965 3667 1013 3718 εἰ
1045 3667 1137 3720 καὶ
1163 3668 1224 3720 τὸ
1252 3669 1406 3722 ποιὸν
1456 3670 1728 3742 θεωρῆται
1772 3671 1973 3737 διττὸν,
1999 3672 2062 3726 τὸ

474 3753 577 3819 μὲν
602 3755 695 3810 ἐπὶ
743 3756 838 3810 τοῦ
892 3758 1121 3828 φυσικοῦ
1157 3760 1479 3832 θελήματος,
1503 3766 1566 3817 τὸ
1599 3764 1657 3818 δὲ
1685 3765 1778 3818 ἐπὶ
1808 3765 1904 3819 τοῦ
1937 3765 2065 3820 ὑπο-

475 3849 754 3914 στατικοῦ,
788 3851 940 3905 οὐδὲν
971 3854 1169 3906 κωλύει
1201 3855 1404 3924 λέγειν,
1447 3858 1647 3928 μᾶλλον
1671 3858 1725 3911 δὲ
1757 3860 1851 3913 καὶ
1907 3877 2062 3932 χειρ-

469 3947 772 4013 οιγωγήσει,
799 3945 873 4008 ῶς
897 3947 1076 4001 διττοῦ
1109 3950 1470 4018 τυγχάνοντος
1493 3950 1587 4004 τοῦ
1617 3951 1794 4016 ποιοῦ,
1820 3953 1944 4005 ἐπεὶ⁵
1960 3955 2061 4006 ούκ

473 4034 594 4088 ἔστι
645 4039 898 4104 φυσικὸν,
953 4041 1128 4094 ἐκεῖνο
1182 4044 1292 4112 γὰρ
1347 4044 1544 4108 κοινὸν,
1595 4045 1960 4100 ὑποστατικὸν
1983 4046 2049 4100 ἂν

472 4127 559 4194 τῖη
611 4125 822 4198 θέλημα
875 4130 972 4182 καὶ
1015 4134 1313 4202 γνωμικὸν,
1348 4133 1489 4186 ὥστε
1529 4137 1608 4199 εἰς
1641 4136 1842 4190 ταυτὸν
1867 4135 1932 4191 ἂν
1962 4139 2048 4209 εἴη

470 4219 988 4288 περιενηνεγμένον,
1025 4223 1074 4274 εἰ
1101 4223 1194 4275 καὶ
1221 4223 1296 4294 μὴ
1328 4225 1477 4294 παρὰ
1505 4227 1564 4278 τὸ
1603 4226 1868 4296 ἑπόμενον
1897 4230 1930 4298 ἡ
1959 4228 2052 4280 τοῦ

468 4310 631 4376 λόγου
698 4313 910 4385 προύϐη
975 4314 1262 4380 σύνθεσις,
1323 4317 1381 4368 τὸ
1420 4318 1517 4386 τῆς
1577 4319 1845 4388 αἱρέσεως
1889 4336 2059 4372 κατα-

471 4401 784 4472 σκεύασμα.
819 4405 883 4456 Τί
907 4401 999 4458 οὖν
1026 4405 1105 4458 δεῖ
1155 4407 1372 4475 ).ἐγειν;
1404 4410 1485 4461 ὅτι
1516 4409 1544 4461 ὁ
1569 4409 1803 4480 Χριστὸς
1859 4411 1908 4462 εἰ
1963 4409 2060 4462 καὶ

2167 1879 2316 1950 piam
2363 1889 2556 1934 natura
2600 1879 2666 1933 ad
2701 1880 3001 1950 singularia
3053 1881 3406 1942 divisionem,
3453 1891 3505 1934 et
3532 1882 3764 1935 descen-

2166 1990 2288 2030 sum
2322 1992 2335 2028 :
2369 1989 2476 2029 non
2513 1974 2662 2027 ettim
2698 1973 2785 2028 hic
2812 1981 2898 2027 est
2943 1973 3126 2042 aliqua
3170 1985 3364 2027 natura
3420 1989 3525 2026 una
3561 1974 3760 2037 divisa,

2165 2070 2260 2124 scd
2296 2067 2477 2138 potius
2511 2068 2568 2120 lit
2603 2065 2918 2137 hypostasis
2959 2065 3076 2119 sive
3105 2081 3354 2135 persona:
3394 2068 3447 2118 in
3485 2067 3622 2121 duas
3660 2083 3760 2120 ua-

2165 2172 2316 2217 turas
2353 2161 2671 2231 explicatio,
2702 2160 2811 2214 illic
2845 2159 2994 2213 enim
3029 2161 3283 2213 naturale
3316 2159 3537 2214 haliehit
3584 2159 3761 2230 hypo—

2163 2254 2379 2319 statica,
2415 2253 2507 2308 ubi
2543 2253 2726 2307 inultae
2766 2253 3092 2323 hypostases
3128 2253 3231 2306 suh
3279 2253 3368 2305 illa
3412 2262 3608 2305 natura
3647 2251 3764 2304 fne-

2162 2347 2273 2400 rint
2301 2365 2314 2400 :
2347 2347 2401 2399 in
2441 2347 2708 2416 mysterio
2733 2357 2921 2398 autem
2959 2353 3164 2399 nostra:
3211 2344 3593 2404 humanitatis,
3633 2345 3760 2412 quia

2161 2451 2332 2491 unum
2367 2443 2580 2490 tantum
2615 2451 2816 2488 novum
2850 2434 2954 2489 sub
2986 2435 3102 2488 sole
3128 2435 3402 2504 apparuit,
3439 2444 3491 2489 ct
3533 2451 3640 2488 una
3673 2444 3759 2488 est

2159 2529 2403 2592 Christi,
2463 2538 2518 2583 et
2577 2528 2888 2598 ἀδιαίρετος
2954 2528 3306 2596 hypostasis,
3377 2538 3574 2582 natura
3643 2545 3748 2581 non

2159 2629 2338 2690 potest
2361 2621 2588 2673 omnino
2614 2621 2903 2674 continere
2931 2618 3298 2688 hypostatica,
3327 2636 3503 2690 neque
3531 2623 3764 2674 omnino

2158 2712 2387 2782 cogitari
2423 2728 2554 2766 una.

2232 2827 2545 2882 Secundum
2580 2843 2708 2882 vero
2733 2827 3015 2897 sophisma
3049 2827 3459 2891 hazreticorum,
3489 2825 3763 2881 fallaciam

2155 2922 2544 2992 consequentis
2590 2923 2960 2977 machinatur.
2998 2921 3263 2977 Voluntas
3296 2921 3443 2976 enim
3503 2921 3758 2990 gnomira

2156 3025 2212 3070 et
2245 3015 2606 3085 hypostatica,
2638 3014 2863 3067 otnnino
2901 3022 2985 3068 est
3011 3013 3349 3084 hypostatica
3381 3013 3522 3082 (35):
3554 3012 3757 3066 ctenim

2157 3123 2482 3163 communes
2519 3106 2802 3160 naturales
2861 3105 3168 3158 voluntates
3219 3104 3479 3172 qualitate
3529 3103 3764 3157 naturali

2162 3199 2419 3255 differunt
2467 3199 2534 3250 ab
2569 3196 2959 3266 heterogencis,
3015 3196 3066 3250 id
3110 3207 3247 3251 esta
3277 3196 3510 3250 diversis
3543 3211 3763 3265 genere,

2163 3307 2350 3347 verum
2377 3291 2640 3360 qualitate
2663 3289 2895 3344 naturali
2924 3287 3132 3342 affectae
3164 3306 3272 3342 non
3302 3298 3431 3342 sunt
3453 3289 3765 3343 voluntates

2165 3386 2450 3457 gnomicaz.
2487 3384 2591 3438 Sed
2623 3394 2804 3440 tamen
2835 3387 3085 3456 quamvis
3111 3385 3510 3454 par-alogismus
3530 3399 3595 3437 ex
3627 3400 3764 3436 cou-

2167 3488 2427 3550 sequente
2455 3480 2690 3541 ducitur,
2745 3494 2855 3532 non
2917 3488 3094 3532 tamen
3145 3486 3366 3547 pmpter
3419 3490 3766 3545 consequens

2168 3571 2504 3643 ligurabatur
2539 3571 2905 3637 mendacium,
2939 3571 3230 3641 siquidem,
3261 3577 3439 3638 potest
3469 3569 3596 3636 dici,
3619 3569 3765 3635 quod

2161 3667 2207 3722 si
2238 3666 2298 3719 τὸ
2325 3665 2497 3731 ποιὸν,
2554 3663 2603 3718 id
2653 3674 2756 3729 est,
2793 3665 3045 3719 allectum
3095 3665 3358 3733 qualitate
3399 3661 3534 3732 (86),
3565 3661 3765 3728 duplex

2160 3769 2457 3828 Spectatur,
2509 3759 2740 3813 alterum
2797 3759 2850 3812 in
2889 3757 3125 3812 naturali
3165 3757 3470 3820 voluntate,
3533 3754 3762 3808 alterum

2159 3869 2288 3907 vero
2331 3855 2384 3908 in
2427 3854 2790 3925 hypostatica,
2851 3852 2982 3906 nihil
3045 3851 3298 3922 prohibet
3351 3850 3556 3910 dicere,
3616 3847 3762 3916 quol

2159 3962 2283 4002 cum
2306 3949 2507 4016 duplex
2533 3947 2599 4001 sit
2634 3946 2785 4000 ποιὸν
2810 3945 2946 4017 (87),
2973 3945 3102 4015 quia
3123 3960 3228 3999 non
3252 3952 3336 3998 est
3354 3939 3644 4001 naturalis,
3671 3939 3761 3992 illa

2159 4039 2304 4092 enim
2338 4037 2649 4092 communis
2689 4048 2793 4097 est,
2845 4037 2950 4089 erit
2997 4035 3252 4088 voluntas
3307 4031 3652 4103 hypostatica
3707 4038 3764 4082 et

2163 4129 2436 4201 gnomica.
2473 4127 2653 4194 Quare
2709 4129 2760 4182 in
2809 4129 2952 4181 idem
2996 4126 3160 4189 redit,
3198 4126 3345 4195 quod
3405 4124 3618 4178 ellicere
3649 4120 3767 4172 vult

2165 4220 2474 4285 hicn-licus,
2499 4219 2604 4274 etsi
2662 4234 2769 4271 non
2804 4217 3062 4286 procedat
3092 4227 3370 4271 structura
3425 4213 3635 4267 fallacis
3666 4227 3760 4264 ar-

2166 4310 2591 4382 gumentationis
2615 4319 2837 4380 pl‘Oplt'l‘
2865 4323 3231 4378 consequens.
3265 4307 3406 4373 Quid
3434 4321 3565 4374 ergo
3599 4319 3767 4372 Opor.

2171 4413 2246 4459 tet
2277 4404 2456 4459 dicere
2483 4403 2506 4457 ?
2534 4401 2739 4473 Nempe
2768 4403 2912 4472 quod
2963 4403 3238 4464 Christus,
3269 4399 3369 4455 etsi
3396 4406 3482 4453 cst
3516 4411 3627 4450 una
3660 4397 3770 4464 hy-

472 4495 573 4565 μία
607 4491 674 4566 ἦν
705 4497 1024 4563 ὑπόστασις,
1078 4500 1197 4568 οὐχὶ
1231 4501 1368 4571 ποιῷ
1419 4518 1525 4553 τινι
1550 4501 1890 4572 κεχρημένος
1923 4501 2058 4553 ὑπο-

2167 4499 2428 4568 postasis,
2476 4513 2583 4552 non
2637 4507 2816 4551 tamen
2861 4511 2994 4550 usus
3024 4504 3109 4548 est
3159 4493 3501 4564 hypostatica
3559 4487 3760 4542 volun-

472 4588 714 4657 στατικῴ
765 4588 1032 4658 Οελήματι
1070 4591 1340 4659 φαίνεται.
1394 4592 1556 4646 Ἀλλὰ
1603 4593 1812 4664 τροφῆς
1847 4591 1947 4663 μὲν
1982 4591 2060 4654 ὡς

469 4678 703 4747 φυσικὸν
771 4680 1008 4752 πληρῶν·
1054 4681 1262 4752 θέλημα
1296 4723 1310 4746 ,
1385 4688 1678 4754 μετασχεῖν
1757 4684 2050 4755 ἠθέλησεν.

468 4768 512 4821 Γ
516 4768 854 4842 λυκαζούσης
889 4773 944 4824 δὲ
988 4773 1020 4842 ἢ
1076 4774 1386 4843 στυφούσης
1438 4774 1471 4845 ἢ
1518 4775 1694 4840 ἄλλως
1754 4775 2056 4847 ἡδυνούσης

2168 4600 2297 4656 tate,
2331 4591 2594 4661 qualitate
2623 4589 2838 4652 all‘ecla,
2868 4587 2960 4642 sed
2998 4588 3178 4657 potius
3229 4595 3288 4638 ut
3315 4583 3541 4650 explens
3597 4591 3771 4633 natu—-

2171 4685 2336 4738 ralem
2393 4683 2751 4742 voluntatem,
2784 4681 2968 4735 cibum
3036 4678 3208 4733 voluit
3263 4690 3480 4742 capere,
3541 4672 3758 4724 dulcem

2166 4792 2296 4831 vero
2325 4785 2418 4830 aut
2457 4774 2739 4836 acerbum,
2779 4773 2865 4828 vel
2888 4773 3044 4826 aliter
3066 4771 3453 4831 delectautem,
3485 4764 3711 4818 minime
3738 4778 3765 4827 ;

1964 4981 2199 5038 ΝΟΤᾸΞ.

480 5153 502 5176 τι
548 5095 659 5176 (δι)
697 5097 816 5176 Non
848 5101 1159 5176 simpliciter
1186 5114 1403 5176 tantum
1419 5121 1532 5176 eam
1565 5102 1896 5171 operabatur.
1943 5102 2055 5172 Οὐχ

469 5167 660 5231 ἁπλῶς
696 5169 856 5238 μόνον
877 5167 1109 5242 ἐνεργεῖ.
1144 5174 1196 5227 Id
1225 5185 1309 5230 est
1340 5195 1352 5231 :
1391 5175 1507 5229 Non
1545 5167 1868 5244 simpliciter
1927 5167 2055 5226 tan:

474 5248 588 5290 lunt
623 5250 895 5306 operatur.
916 5273 985 5281 —
1021 5243 1143 5298 Dele
1165 5262 1301 5301 eam.

548 5308 655 5375 (85)
704 5309 957 5386 Voluntas
1000 5317 1138 5367 enim
1168 5317 1410 5386 gnomica
1448 5325 1498 5369 et
1539 5313 1890 5386 hypostalira,
1939 5329 2053 5386 ons-

477 5393 599 5429 nmo
650 5390 727 5432 est
770 5383 1140 5446 Iit/posta'ica;
1170 5383 1388 5440 Vctenim
1435 5383 1732 5439 communes
1778 5383 2049 5439 naturales

475 5449 788 5526 voluntates.
810 5453 902 5526 _Tb
937 5454 1038 5522 μὲν
1090 5457 1198 5526 γὰρ
1227 5458 1501 5525 γνωμικὸν
1538 5456 1768 5526 ϋέλημα,
1790 5454 1885 5526 καὶ
1915 5455 2048 5526 ὑττο-

475 5522 725 5574 στατικὸν
753 5523 968 5586 πάντως
996 5526 1113 5578 ἐστὶ
1138 5522 1420 5580 κάξ-ποιόν.
1449 5528 1521 5578 Τὸ
1549 5527 1605 5579 δὲ
1627 5522 1796 5590 ττῡιὸν,
1823 5525 1882 5578 οὐ
1911 5524 2048 5577 πάν-

471 5609 592 5670 ιέως.
637 5594 1220 5670 ἐστὶν-ύποστατικόν.
1269 5599 1375 5649 Καὶ
1406 5600 1514 5670 γὰρ
1557 5598 1624 5649 τὰ
1650 5597 1803 5670 κοινὰ
1844 5596 2050 5670 φυσικὰ

475 5661 774 5733 θελήματα.
803 5661 856 5716 Id
881 5674 964 5717 est
991 5683 1005 5718 :
1048 5665 1302 5720 Voluntas
1330 5661 1746 5735 enim'gnomica
1784 5661 1867 5719 cst-
1887 5667 2049 5720 etiam

474 5735 688 5785 οηιηιηό
715 5735 1044 5801 Ιιῃροδιαιιτα
1069 5747 1114 5789 et
1140 5749 1282 5790 certa
1304 5737 1532 5804 quadam
1559 5737 1814 5805 qualitate
1837 5737 2049 5806 a/I‘ecta;

479 5806 567 5856 sed
607 5824 648 5857 δι
686 5821 800 5871 qnw
849 5806 1088 5858 l'UlltliltltS
1111 5809 1612 5874 qualitarcpra'tlim
1653 5817 1748 5862 est,
1788 5825 1886 5858 non
1928 5825 2051 5860 con-

2164 5101 2312 5173 tinuo
2358 5109 2433 5153 est
2472 5101 2825 5171 hypostatica.
2877 5098 3434 5173 Etenim_rommunes
3484 5091 3758 5173 naturales

2161 5171 2482 5233 voluntates,
2508 5165 2696 5234 'c'tc,-—
2727 5174 2784 5225 In
2812 5172 3063 5225 versione
3090 5169 3346 5224 Turn-sani
3376 5175 3492 5218 erat
3520 5165 3749 5218 omissio

2161 5243 2422 5295 notanda.

2231 5313 2342 5382 (86)
2379 5311 2558 5367 Potest
2591 5315 2700 5366 dici
2733 5313 2872 5382 quod
2905 5315 2952 5367 si
2981 5311 3041 5365 τὸ
3068 5312 3253 5375 ποιδν,
3289 5312 3342 5364 id
3383 5317 3460 5382 est
3508 5306 3754 5382 allectum

2157 5377 2431 5452 qualitate.
2467 5385 2656 5436 Ἔστιν
2685 5377 2882 5447 εἰξτείν,
2929 5385 3003 5443 ὼς
3031 5386 3079 5436 εἰ
3107 5387 3200 5437 καὶ
3232 5383 3292 5434 τὸ
3331 5379 3505 5434 ποιόν.
3543 5377 3597 5452 ω
3625 5387 3707 5427 est
3739 5391 3754 5426 :

2157 5447 2342 5507 Potest
2389 5454 2494 5508 dici
2550 5454 2695 5524 quod
2754 5455 2858 5509 etsi
2914 5456 2977 5508 τὸ
3035 5456 3211 5521 ποιὸν,
3263 5453 3314 5508 id
3356 5460 3459 5515 est,
3501 5447 3754 5502 alla-tum

2154 5524 2438 5594 qualitate.

2229 5595 2342 5666 (87)
2377 5594 2530 5648 Nihil
2572 5596 2808 5663 prohibet
2841 5595 3034 5659 dicere,
3087 5598 3225 5666 quod
3276 5608 3394 5666 cunt
3431 5589 3631 5666 flatile;
3683 5586 3754 5637 sit

2157 5660 2332 5726 ποιὸν,
2371 5667 2497 5735 quia
2533 5660 2633 5719 non
2663 5680 2737 5720 est
2764 5667 3053 5721 naturalis.
3085 5660 3252 5720 Οὐδὲν
3302 5661 3499 5718 κωλύει
3550 5660 3756 5735 λέγειν,

2161 5735 2362 5807 μᾶλλον
2471 5738 2564 5789 καὶ
2593 5739 2910 5807 χειραγωγή
2925 5755 3023 5801 σει,
3057 5737 3131 5796 ὡς
3163 5737 3344 5790 διττοῦ
3388 5734 3754 5807 τυγχάνοντες

2161 5803 2252 5859 τοῦ
2286 5806 2461 5874 ποιοῦ,
2493 5803 2740 5862 Ξττεὶήοῦκ
2772 5803 3165 5878 ἔστιφυτικῧν.
3195 5809 3249 5864 ll
3281 5818 3360 5862 cst
3396 5823 3407 5859 :
3441 5803 3583 5858 Νιῐιιι
3622 5803 3750 5872 ιιι-μζ
