4158 6422
381 409 482 475 537

1331 410 1430 468 AD
1469 384 2061 466 AMPIIILOCHIUM
2096 387 2441 468 QUzESTlO
2477 388 2706 452 LXXX.

3549 385 3656 452 538

379 521 669 592 ὐποϐληθῆ
726 497 925 592 ἐρεόνῃ
976 517 1162 583 ἁπλῶς
1200 536 1258 571 τε
1286 513 1526 586 λέγεται,
1577 519 1672 570 καὶ
1696 515 1757 568 τὸ
1790 515 1957 583 ὄνομα

2066 505 2310 563 eussioni
2342 520 2437 559 seu
2487 501 2695 556 notioni
2749 498 3139 568 subjiciantur,
3194 498 3519 570 simpliciter
3557 502 3646 555 di-

378 616 519 667 πᾶσι
581 613 742 682 δῆλον
804 612 1119 682 παρέχεται.
1196 609 1668 678 ’Λναπτισσόμενα
1748 606 1806 658 δὲ
1865 604 1961 657 καὶ

379 705 854 776 λεπτολογούμενα
916 703 1231 774 συμπλοκὴν
1262 721 1385 756 τινα
1426 702 1813 773 προϐάλλεται.
1850 699 1962 753 Καὶ

381 801 578 870 κλῆσιν
616 796 862 868 ἐπιζητεῖ
914 797 1245 868 κατάλληλον
1297 795 1390 848 τοῦ
1417 796 1711 865 νοήματος.
1752 791 1961 844 Αὐτίκα

381 891 447 944 τὸ
468 890 696 959 φυσικὸν
751 887 1090 957 ἀνθρώπινον
1153 888 1248 940 καὶ
1279 885 1710 957 ὁμολογούμενον
1746 883 1960 953 θέλημα

385 980 1032 1051 πολυπραγμονούμενον,
1073 979 1334 1050 διαφορᾶς
1377 980 1442 1031 ἂν
1471 978 1662 1047 ὀφθείη
1700 976 1960 1048 προίσχὸ-

387 1089 565 1142 μενον.
607 1072 672 1123 Αἳ
726 1073 819 1124 καὶ
868 1073 967 1142 τὴν
1012 1073 1306 1142 ἑτερῦτητα
1371 1069 1696 1131 σννιστῶσι,
1749 1070 1842 1122 καὶ
1899 1068 1958 1120 τὸ

381 1161 560 1214 κοινὸν
583 1156 721 1222 εἶδος
747 1163 826 1223 εἰς
859 1161 1052 1230 ἐτέρας
1080 1161 1408 1228 καινότητας
1430 1173 1456 1200 κ
1475 1161 1534 1212 οὐ
1557 1160 1957 1230 διατέμνουσιν,

375 1248 490 1305 οἷον
525 1253 668 1306 θέλει
699 1269 784 1316 τις
818 1257 1013 1322 φαγεῖν
1047 1253 1142 1306 καὶ
1181 1257 1322 1306 πιεῖν
1344 1268 1356 1282 ·
1384 1252 1499 1305 ἀλλ’
1526 1252 1554 1303 ὀ
1588 1251 1685 1319 μὲν
1735 1251 1959 1321 μᾶλλον,

374 1347 406 1398 ὀ
431 1346 486 1399 δὲ
515 1341 680 1417 ἦττον
709 1345 807 1416 τὴν
861 1345 1118 1413 τοιαύτην
1173 1345 1358 1414 ἔφεσιν
1410 1345 1498 1398 διὰ
1529 1345 1644 1413 βίου
1673 1346 1955 1414 κέκτηται.

378 1439 493 1490 Καὶ
539 1437 598 1489 τὸ
633 1437 833 1507 μᾶλλον
868 1437 962 1490 καὶ
999 1435 1060 1490 τὸ
1085 1431 1247 1505 ἦττον
1279 1437 1339 1488 τὸ
1395 1437 1626 1504 φυσικὸν
1659 1436 1720 1489 οὐ
1750 1437 1960 1508 μερίζει

379 1530 478 1582 καὶ
513 1527 790 1581 συστέλλει
829 1528 964 1600 πρὸς
995 1528 1344 1598 εἵδικὼτερον
1370 1528 1606 1598 θέλημα.
1643 1528 1791 1580 Διότι
1824 1527 1961 1598 μηδὲ

380 1622 591 1689 πέφυκε
621 1621 680 1674 τὸ
710 1621 910 1691 μᾶλλον
967 1621 1063 1675 καὶ
1087 1616 1249 1691 ἦττον
1273 1622 1444 1683 εἴδους
1470 1620 1617 1684 τινὸς
1649 1619 1683 1690 ἢ
1713 1619 1960 1690 κοινότη-

375 1729 472 1776 τος
504 1713 784 1784 σύμφυτον
816 1715 1117 1786 ἐξαλλαγὴν
1147 1712 1577 1786 ἀπεργάζεσθαι.

463 1917 612 1988 ’βρεῖ
651 1911 745 1969 οὖν
797 1932 880 1978 τις
928 1915 1060 1988 ὀρθῇ
1117 1911 1594 1986 διακοπτόμενοςῗ
1636 1913 1840 1984 κρίσειν
1881 1911 1957 1975 ὡς

372 2006 625 2078 τοῦτο’ὃὴ
657 2007 718 2060 τὸ
749 2008 977 2077 φυσικὸν
1036 2008 1268 2076 θέλημα,
1323 2007 1458 2061 καθὸ
1492 2007 1592 2077 μὲν
1623 2007 1713 2059 ἐπὶ
1746 2007 1956 2069 πάντας

373 2099 722 2170 ἀνθρώπους,
768 2099 1045 2170 ὀμοτίμως
1094 2100 1378 2164 διαϐαίνει,
1440 2103 1520 2164 εἰς
1577 2097 1958 2168 ὁποϐεϐηκὸτα

373 2191 465 2262 εἴη
487 2201 508 2227 ι
536 2192 597 2244 οὐ
621 2191 898 2260 τέμνεται*
935 2191 1068 2245 καθὸ
1100 2192 1157 2244 δὲ
1188 2193 1288 2256 τὰς
1345 2191 1452 2246 ἀπὸ
1500 2191 1596 2245 τοῦ
1631 2190 1832 2262 μᾶλλον
1862 2191 1958 2244 καὶ

372 2278 542 2356 ἦττον
573 2284 882 2355 ἐπιδέχεται
930 2286 1302 2356 παραλλαγὰς,
1333 2285 1624 2354 ἀναλογίαν
1644 2284 1766 2337 τινα
1796 2282 1958 2348 σώζει

377 2376 520 2446 πρὸς
548 2374 616 2429 τὰ
640 2376 992 2448 διαιρούμενα
1049 2379 1144 2431 καὶ
1196 2379 1296 2448 τὴν
1360 2377 1624 2446 διαίρεσιν
1677 2377 1754 2438 είς
1780 2376 1958 2438 εἴδους

375 2463 654 2535 προϐολὴν
701 2465 801 2517 οὐκ
852 2465 1180 2536 ἐπιδέχεται.
1247 2466 1412 2519 Οὐδὲν
1476 2465 1566 2519 οὖν
1595 2466 1832 2518 ἐκώλυσε
1863 2464 1957 2518 καὶ

371 2555 442 2606 τὸ
469 2555 695 2623 φυσικὸν
738 2555 926 2620 ἁπλῶς
962 2557 1241 2626 ὁμολογεῖν
1273 2556 1561 2628 ἀνθρώπου
1593 2557 1826 2628 θέλημα,
1856 2559 1950 2611 καὶ

373 2647 537 2700 τοῦτο
601 2646 1222 2720 πολυπραγμονούμενον
1291 2651 1386 2703 καὶ
1432 2649 1717 2720 διαφοραῖς
1767 2648 1957 2719 ὥσπερ

372 2739 513 2793 αὐτὸ
559 2739 999 2812 διαστελλόμενον
1056 2741 1423 2812 ποικιλωτέρᾳ
1473 2741 1684 2812 διανοίᾳ
1709 2743 1804 2793 καὶ
1832 2757 1955 2793 ποι-

374 2829 696 2901 κιλωτέροις
751 2831 1010 2902 ὀνόμασιν
1058 2832 1478 2886 ὐποϐἁλλεσθαι·
1519 2835 1580 2884 τὸ
1609 2832 1742 2884 αὐτὸ
1771 2831 1827 2884 δὲ
1859 2832 1956 2885 καὶ

370 2918 465 2972 ἐπ’
491 2919 666 2973 ἄλλων
719 2922 927 2992 μυρίων
974 2921 1377 2993 προϐλημάτων
1435 2923 1662 2993 εὑρήσει
1695 2939 1780 2985 τις
1815 2921 1955 2974 θεω-

376 3012 477 3083 ρού
488 3030 670 3082 μενον.
1094 3000 1096 3003 ’

463 3105 624 3158 Ἀλλὰ
652 3104 722 3159 τὰ
741 3105 1080 3178 πορρωτέρω
1139 3107 1304 3175 λέγω.
1374 3108 1492 3161 ὲνδν
1549 3107 1831 3178 ἐγγυτέρω
1858 3106 1950 3161 τὸν

2065 604 2305 659 cuntur;
2337 603 2390 648 et
2419 610 2615 649 nomen
2649 592 2907 647 omnibus
2967 589 3320 644 manifestum
3366 592 3652 648 tribuitur.

2063 684 2340 754 Explicota
2371 698 2498 738 vero
2527 693 2579 737 ct
2601 683 2870 736 subtiliter
2887 697 3141 741 excussa.
3173 683 3652 752 complicationem

2070 776 2361 846 quamdam
2384 791 2492 845 prae
2515 791 2572 829 se
2588 774 2791 839 ferunt,
2824 781 2879 828 et
2915 773 3651 844 requirunt.appellationem

2065 869 2275 923 notioni
2319 867 2772 932 convenientem;
2825 875 2878 922 et
2923 878 2983 922 ut
3029 870 3209 922 statim
3258 869 3324 921 de
3371 869 3654 922 voluntate

2063 961 2334 1023 dicamus,
2366 959 2638 1014 naturalis
2667 960 2922 1013 voluntas
2946 960 3207 1024 hominis,
3252 975 3416 1029 quam
3455 975 3651 1014 omnes

2063 1055 2392 1119 concedunt,
2415 1054 2460 1108 si
2484 1063 2735 1108 accurate
2757 1052 3088 1121 inquiratur,
3125 1053 3427 1121 reperietur
3448 1053 3652 1106 habere

2063 1149 2425 1213 diﬂ‘erentias,
2466 1163 2587 1217 quae
2617 1155 2672 1201 et
2741 1147 3120 1201 diversitatem
3178 1146 3542 1212 constituunt,
3595 1155 3652 1201 et

2069 1255 2425 1294 communem
2462 1238 2700 1309 speciem
2762 1238 2816 1292 in
2838 1239 2986 1300 alias
3041 1239 3465 1293 communitates
3510 1237 3653 1293 divi-

2061 1330 2317 1401 dunt“),
2354 1347 2405 1385 v.
2434 1348 2515 1401 gr.
2556 1331 2669 1383 vult
2699 1332 3049 1384 comedi-rect
3071 1331 3255 1384 bibere
3279 1348 3292 1396 ;
3315 1331 3512 1385 sedhie
3535 1345 3652 1384 ma-

2062 1424 2166 1493 gis,
2198 1424 2288 1478 illc
2319 1423 2502 1478 minus
2525 1421 2794 1490 ejusmodi
2851 1423 3182 1476 desiderium
3209 1423 3394 1486 habet,
3431 1423 3559 1476 dum
3595 1424 3648 1476 in

2063 1517 2172 1570 vita
2221 1524 2325 1578 est,
2359 1524 2414 1568 et
2450 1517 2623 1584 magis
2654 1526 2707 1568 et
2733 1516 2917 1570 minus
2959 1515 3263 1568 naturalem
3309 1516 3649 1568 Voluntatein

2062 1622 2171 1661 non
2200 1609 2454 1677 partitur,
2488 1619 2545 1662 et
2570 1609 2847 1662 contrahit
2896 1608 2960 1661 ad
3015 1608 3190 1677 magis
3225 1608 3646 1676 particularem,

2061 1700 2186 1766 quia
2213 1699 2387 1769 magis
2411 1709 2464 1753 et
2497 1701 2676 1754 minus
2711 1715 2819 1752 non
2853 1709 3033 1768 potest
3067 1707 3262 1754 natura
3289 1700 3648 1754 variationcm

2064 1792 2368 1844 naturalem
2403 1792 2610 1859 speciei
2643 1791 2723 1844 vel
2752 1791 3165 1847 communitatis
3199 1791 3435 1846 ellicere.

1992 1857 2032 1912 Β
2129 1881 2283 1936 Dicet
2316 1897 2446 1953 ergo
2480 1884 2679 1952 aliquis
2719 1892 2865 1937 recto
2891 1882 3097 1951 judicio
3138 1898 3250 1936 rem
3283 1883 3645 1952 perpendens.

2062 1975 2206 2030 hanc
2233 1975 2563 2031 voluntatem
2601 1976 2904 2031 naturalem
2937 1985 3209 2045 quatenus
3236 1976 3303 2030 ad
3333 1992 3523 2031 omnes
3551 1977 3652 2031 ho-

2061 2068 2238 2122 mines
2267 2069 2549 2138 arqualiter
2580 2078 2784 2133 manat,
2813 2077 2865 2122 et
2917 2069 3168 2137 pertinet,
3226 2083 3332 2120 non
3375 2069 3540 2122 dividi
3591 2070 3645 2121 in

2061 2163 2268 2232 species
2299 2162 2608 2232 subjectas;
2637 2173 2908 2232 quatenus
2928 2176 3058 2214 vero
3099 2162 3435 2216 variatiunes
3461 2177 3525 2215 ex
3557 2178 3646 2225 eo,

2060 2255 2206 2326 quod
2240 2255 2412 2324 magis
2447 2263 2539 2309 aut
2567 2256 2752 2310 minus
2783 2258 2943 2320 inest,
2990 2255 3204 2323 recipit,
3242 2272 3460 2310 servare
3515 2271 3649 2325 pro-

2061 2347 2366 2416 portionem
2397 2347 2689 2415 quamdam
2719 2348 2785 2400 ad
2815 2347 2988 2402 divisa
3021 2349 3398 2415 pertinentem,
3429 2357 3483 2402 et
3506 2349 3651 2401 divi-

2059 2438 2268 2494 sionem
2325 2435 2392 2489 ad
2448 2438 2852 2506 producendam
2888 2441 3124 2508 speciem
3170 2455 3276 2491 non
3339 2440 3644 2508 suscipere.

2059 2531 2206 2586 Nihil
2261 2532 2426 2603 igitur
2472 2530 2752 2601 prohibuit
2780 2531 3026 2584 conliteri
3059 2531 3386 2600 simpliciter
3421 2542 3646 2586 natura-

2059 2624 2163 2678 lem
2209 2627 2542 2679 voluntatem
2579 2622 2839 2687 hominis,
2871 2631 2923 2677 et
2970 2625 3109 2678 hanc
3157 2636 3412 2678 accurate
3448 2641 3651 2697 excus-

2062 2732 2203 2782 sam,
2233 2727 2287 2772 et
2309 2715 2638 2771 diﬂerentiis
2666 2715 2835 2769 veluti
2864 2715 3200 2780 distinctam,
3243 2717 3406 2770 varia:
3433 2714 3648 2769 notioni

2059 2818 2112 2864 et
2144 2810 2312 2865 variis
2343 2808 2659 2864 nominibus
2693 2806 2999 2874 subjicere;
3032 2807 3173 2861 idem
3212 2811 3377 2860 etiam
3435 2807 3490 2860 in
3525 2806 3650 2859 intl-

2060 2902 2191 2958 nitis
2227 2903 2348 2957 aliis
2372 2898 2772 2973 quaestionibus
2799 2899 3136 2969 reperiemus
3170 2899 3429 2968 spectari.

2135 3102 2238 3158 Sed
2271 3104 2401 3174 quid
2431 3118 2569 3173 opus
2607 3113 2690 3159 est
2718 3115 3148 3158 commemorare
3172 3101 3495 3170 longinqua,
3521 3117 3645 3155 cum

370 3195 536 3264 λόγον
585 3195 964 3252 πιστώσασθαι
998 3199 1403 3269 παραδείγματι
1434 3217 1449 3267 ;
1479 3198 1691 3264 Παῦλος
1720 3199 1950 3272 ξυρᾶται

2061 3212 2230 3267 prope
2255 3196 2574 3263 habeamus,
2594 3195 2898 3265 undequod
2931 3193 3188 3259 dicimus,
3220 3187 3651 3249 conlirmemus?

372 3292 476 3345 καὶ
535 3293 860 3360 ἁγνίζεται,
927 3295 1020 3347 καὶ
1087 3297 1405 3365 περιτέμνει
1467 3295 1752 3365 Τιμόθεον.
1804 3294 1954 3367 Ἀρα

373 3383 637 3454 καθαρῶς
671 3388 765 3437 καὶ
807 3386 1022 3456 ἁμιγῶς
1056 3386 1226 3439 θέλων
1259 3389 1352 3440 καὶ
1383 3387 1550 3458 μηδὲν
1591 3389 1956 3456 ἐφιστάμενος

371 3475 487 3527 τῶν
536 3476 816 3548 ἁθελήτων
879 3478 1346 3549 ἐπιπλεκόμενοιει
1390 3481 1465 3550 cf)
1501 3482 1766 3550 θελήματι
1801 3496 1815 3544 ;
1853 3481 1960 3532 Καὶ

374 3567 494 3630 πῶς
537 3569 742 3637 ζημίαν
801 3572 1017 3640 ἡγεῖται
1049 3574 1117 3624 τὰ,
1147 3573 1242 3625 τοῦ
1268 3573 1432 3642 νόμον
1461 3573 1556 3625 καὶ
1595 3571 1840 3625 σκύϐαλα
1865 3572 1959 3625 καὶ

369 3661 438 3712 τὸ
506 3661 928 3732 περιτέμνεσθαι
979 3663 1056 3732 τῷ
1111 3664 1204 3716 τοῦ
1259 3665 1496 3734 Χριστοῦ
1562 3663 1958 3734 καταργεῖσθαι

368 3755 638 3823 κήρυγμα
659 3773 673 3820 ;
694 3756 808 3809 Οὐκ
829 3751 922 3809 οὖν
947 3757 1179 3810 ἀκούσια
1205 3757 1376 3811 ταῦτα
1410 3758 1505 3810 καὶ
1531 3756 1771 3826 ὰθέλητα
1801 3753 1956 3823 λόγος

369 3847 549 3910 ουδεὶς
612 3849 1020 3917 ἁντιφθὲγξοιτο
1080 3851 1174 3903 καὶ
1236 3851 1437 3921 τρόπος
1503 3848 1820 3918 οἰκονομίας
1877 3849 1957 3918 τῷ

369 3942 616 4011 ἀπρεπεῖ
677 3941 907 4012 μάλιστα
955 3943 1048 3996 καὶ
1073 3943 1319 4014 ἀθελήτῳ
1350 3942 1740 4014 στηριζόμενός
1768 3961 1825 3995 τε
1862 3943 1955 3996 καὶ

369 4032 812 4102 ἐπιπλεκόμενος
840 4033 918 4102 τῷ
941 4033 1226 4104 θελήματι.
1265 4032 1391 4104 'Ap'
1422 4034 1516 4087 οὖν
1548 4023 1632 4097 τίς
1663 4037 1794 4104 ἡμῖν
1834 4033 1957 4103 φθο-

371 4126 534 4194 νήσει
592 4125 701 4177 τῶν
750 4126 1071 4194 ὀνομάτων,
1130 4124 1271 4195 ὁρῶν
1321 4127 1389 4178 τὰ
1445 4129 1588 4180 κατὰ
1635 4126 1956 4196 συμπλοκὴν

371 4216 677 4285 πράγματα
699 4217 995 4287 προσφυῶν
1046 4219 1138 4271 καὶ
1172 4217 1526 4288 καταλλήλων
1552 4219 1813 4290 ῥημάτων
1843 4219 1956 4272 δεό-

373 4325 554 4378 μενα;
587 4309 652 4361 Τί
699 4310 786 4363 δαὶ
814 4311 1031 4376 ἄτοπον,
1068 4312 1269 4381 μᾶλλον
1295 4311 1352 4365 δὲ
1384 4312 1500 4374 πῶς
1520 4313 1622 4364 οὐκ
1657 4313 1955 4380 αναγκαῖον

367 4399 662 4469 ὀνομάζειν
707 4403 937 4472 ἐπείπερ
998 4403 1242 4472 ὑπάρχον
1295 4404 1490 4474 ὁρᾶται
1551 4403 1646 4457 καὶ
1693 4402 1955 4474 ἀθὲλητον

368 4492 610 4563 θέλημα,
667 4495 760 4546 καὶ
795 4495 888 4564 βίᾳ
920 4495 1260 4566 ὑποδυομένη
1293 4497 1350 4549 τι
1377 4497 1664 4560 ἐκούσιονς
1699 4496 1809 4550 Καὶ
1837 4499 1951 4559 τοῖς

2063 3289 2263 3343 Paulus
2294 3289 2571 3352 tondetur,
2614 3303 2667 3342 et
2697 3288 3039 3358 puriﬁcatur,
3075 3301 3138 3339 ac
3169 3286 3515 3340 circumcidit
3548 3285 3646 3338 Ti-

2063 3383 2366 3436 motheum.
2415 3379 2672 3451 Nunquid
2705 3395 2842 3451 pure
2881 3388 2937 3436 et
2978 3379 3325 3448 impermixte
3353 3378 3563 3440 volens,
3594 3387 3650 3433 et

2061 3477 2194 3529 nihil
2224 3492 2439 3540 eorum,
2471 3491 2592 3545 qum
2615 3475 2822 3550 volebat
2861 3473 2961 3544 (‘2),
2994 3488 3116 3526 eum
3148 3473 3431 3526 voluntate
3461 3473 3647 3542 impli-

2060 3582 2240 3624 catum
2274 3567 2589 3624 sustinens?
2614 3576 2667 3620 et
2691 3565 2968 3644 quomodo
2997 3580 3118 3633 qum
3150 3563 3286 3633 legis
3319 3571 3446 3617 sunt
3474 3563 3649 3617 detri-

2059 3673 2304 3720 mentum
2366 3672 2576 3733 reputat
2627 3663 2726 3733 (5),
2767 3670 2822 3716 ει
2875 3659 3160 3715 stercora?
3204 3668 3257 3713 et
3302 3658 3648 3724 circumcidi,

2058 3758 2314 3813 cvacuari
2339 3755 2541 3812 Christi
2569 3753 3051 3825 praedicationem?
3081 3753 3271 3807 Nullus
3311 3751 3481 3822 igitur
3511 3751 3648 3806 con-4

2060 3852 2310 3914 tratlicet,
2345 3849 2478 3920 quin
2501 3850 2617 3902 haec
2645 3857 2880 3902 essenta
2906 3846 3182 3901 voluntate
3208 3845 3327 3915 ejus
3350 3843 3524 3900 aliena
3545 3844 3645 3916 (4),

2058 3952 2287 4013 eratque
2343 3941 2540 3997 modus
2581 3940 2925 4003 meonomiaa,
2974 3939 3161 4002 idest,
3207 3937 3639 4007 gubernationis.

2058 4037 2114 4091 in
2140 4037 2421 4089 voluntate
2449 4033 2691 4088 maxime
2715 4033 2894 4085 aliena
2926 4040 2981 4084 et
3005 4031 3172 4084 invita
3204 4030 3430 4084 fulcitus
3457 4040 3508 4084 et
3538 4031 3648 4083 im-

2058 4128 2311 4199 plicatus.
2357 4124 2496 4178 Num
2531 4124 2696 4194 igitur
2739 4123 2940 4192 aliquis
2996 4122 3273 4176 invidebat
3329 4122 3488 4176 nohis
3547 4138 3647 4177 no-

2057 4223 2207 4276 mina
2239 4219 2338 4289 (5),
2376 4217 2422 4272 si
2456 4217 2635 4271 videat
2678 4231 2766 4270 res
2801 4215 3112 4283 implicatas
3147 4213 3328 4269 verbis
3377 4215 3542 4283 aptis,
3589 4223 3646 4268 et

2058 4311 2488 4385 congruentibus
2521 4309 2794 4378 indigere?
2839 4307 2982 4373 Quid
3031 4320 3212 4361 autem
3263 4307 3488 4362 absurdi
3533 4317 3641 4372 est,

2059 4407 2191 4477 qttiu
2239 4404 2425 4475 potius
2468 4402 2746 4472 quomodo
2794 4415 2900 4453 non
2939 4401 3307 4456 necessarium
3345 4408 3428 4454 est
3464 4399 3644 4454 nomi-

2059 4499 2224 4555 nare?
2255 4496 2548 4570 (siquidem
2578 4494 2822 4550 cernitur
2847 4511 2967 4551 esse
2987 4506 3042 4551 et
3071 4494 3326 4550 voluntas
3363 4491 3555 4556 invita,
3588 4498 3644 4546 et

1655 4678 1888 4736 \‘AIUIE
1922 4679 2331 4736 LECTIONES.

434 4805 846 4874 1}xowor+,7a;.
920 4810 946 4849 ἵ
987 4803 1023 4856 l.
1057 4801 1543 4873 διασκεπτόμενος.
1611 4810 1632 4838 ι
1665 4801 1804 4872 εῐδη.
1879 4813 1906 4841 ι
1935 4801 2018 4853 An
2072 4801 2550 4869 ὲπιπλεκὸμενονἻ

2533 4800 2558 4827 9

1886 4917 2120 4974 ΝΟΤᾸΞ.

448 5011 525 5080 (ι)
561 5010 624 5064 Et
659 5026 990 5080 communem
1020 5013 1245 5080 speciem
1266 5011 1509 5066 dividunt
1541 5028 1559 5066 :
1594 5011 1706 5066 Καὶ
1736 5011 1800 5065 τὸ
1831 5028 1948 5066 κοι-
1981 5013 2026 5067 1)
2056 5015 2374 5080 ιεριιιιιινει
2405 5006 2842 5080 curcumcisioae
2873 5022 2966 5080 seu
3025 5021 3121 5074 per
3151 5003 3638 5080 circmgcisionem

371 5079 469 5135 νιν
515 5082 721 5145 εἶδος...
754 5079 806 5133 ΙιΙ
862 5090 947 5135 est
986 5100 998 5136 :
1040 5079 1103 5136 Et
1157 5096 1508 5137 communem
1561 5083 1799 5151 speciem
1843 5098 1950 5137 non

373 5151 645 5205 dividunt.
675 5181 746 5192 —-
775 5151 1050 5208 Particula
1083 5155 1145 5206 οὐ
1173 5153 1361 5207 deerat
1392 5153 1445 5206 in
1465 5153 1653 5207 codice
1678 5169 1784 5207 ms.
1815 5153 1952 5206 Tur-

371 5221 540 5293 i_-iani,
583 5231 823 5293 attamen
857 5232 941 5276 est
987 5223 1322 5287 necessaria,
1385 5222 1590 5293 quippe
1637 5224 1839 5291 legitur
1869 5223 1955 5277 iu-

369 5291 548 5365 fc-rins
579 5293 640 5365 ος)
675 5292 958 5363 μερίζει...
997 5293 1135 5364 μηδὲ
1173 5291 1819 5365 πέφυκεν...’ἐξαλλαγὴν
1850 5293 1958 5347 ἀπ-

365 5361 722 5430 εργάζεσθαι.

447 5432 726 5504 (Ξῇ-ΝίΙιίί
753 5449 934 5504 eorum
952 5451 1069 5503 qum
1099 5434 1303 5488 volebat
1333 5450 1351 5489 :
1385 5434 1571 5502 Μηδὲν
1621 5433 1735 5487 τῶν
1759 5432 1958 5504 ἀθελή-

363 5501 512 5574 των.
542 5501 595 5574 ld
620 5513 705 5558 est
735 5522 748 5557 :
783 5503 925 5574 Nihil
958 5501 1146 5559 eorum
1177 5521 1302 5574 qnze
1349 5501 1595 5559 nolebat.

447 5572 523 5642 (5)
556 5573 832 5637 Quomodo
853 5590 968 5643 qua:
995 5575 1120 5643 legis
1147 5572 1290 5637 sunt,
1323 5576 1696 5628 detrimentum
1715 5583 1950 5639 reputat,

364 5649 423 5714 et
453 5644 788 5714 circumcidi,
824 5646 1072 5698 evacuari
1095 5645 1294 5698 Christi
1316 5645 1792 5714 praedicationem?
1827 5645 1950 5707 Πῶς

369 5711 579 5780 ζημίαν
655 5717 869 5784 ἡγεῖται
916 5715 988 5767 τὰ
1044 5717 1138 5767 τοῦ
1174 5711 1342 5785 νόμου
1388 5717 1484 5768 καὶ
1512 5715 1572 5767 τὺ
1604 5716 1816 5781 (malim
1851 5714 1950 5785 τῷ)

368 5785 799 5856 περιτέμνεσθαι
829 5784 890 5837 τὸ
932 5785 1027 5856 τοῦ
1082 5784 1321 5856 Χριστοῦ
1350 5785 1747 5853 καταργεῐσθαι
1771 5784 1950 5856 κήρυ-

365 5867 507 5922 γμα.
543 5851 598 5909 ιιι
614 5862 700 5909 εει
725 5853 1049 5920 :Quomodo
1072 5851 1194 5925 quae
1218 5855 1353 5926 legis
1386 5851 1950 5921 sunt,detrimen't'um

2061 5073 2314 5133 ev'aeunri
2379 5078 2584 5131 Christi
2656 5073 3100 5145 praedicationem
3149 5075 3174 5127 ἵ
3223 5105 3293 5115 -
3337 5073 3641 5132 Turrianus

2060 5149 2338 5204 reddendo
2359 5147 2436 5217 τῷ
2459 5147 2881 5217 περιτέμνεσθαι
2922 5163 3016 5212 per
3034 5146 3363 5207 circumcidi,
3389 5147 3638 5200 inserue-

2063 5230 2149 5274 rat
2201 5216 2445 5272 versioni
2487 5216 2693 5270 Latinze
2735 5217 3133 5276 Gra-eismum,
3178 5217 3268 5284 qui
3334 5233 3437 5271 non
3479 5217 3642 5271 intel-

2064 5291 2157 5359 ligi
2184 5289 2362 5358 potuit
2400 5287 2569 5359 abiis
2607 5286 2705 5359 qui
2740 5284 2930 5359 Latine
2967 5296 3219 5359 _tantunr
3245 5288 3488 5355 sapiunt,
3537 5304 3638 5341 nec

2063 5355 2295 5430 possunt
2326 5358 2580 5428 supplere
2604 5357 2898 5412 articulum
2923 5355 3000 5426 τῷ
3020 5372 3181 5425 quem
3210 5356 3478 5425 interpres
3499 5359 3641 5411 omi-

2061 5441 2228 5485 8873!.

2119 5501 2200 5568 (4)
2233 5497 2299 5552 In
2316 5497 2844 5568 volunlaleumxime
2873 5498 3050 5568 aliena
3087 5511 3104 5548 :
3137 5496 3227 5564 Τῷ
3257 5496 3502 5566 ἀπρεπεῖ
3530 5498 3640 5568 μά-

2057 5565 2214 5623 item
2269 5568 2558 5640 θελήματι.
2593 5565 2648 5618 ιιι
2682 5578 2766 5620 est
2804 5589 2817 5622 :
2859 5567 3150 5621 Voluntate
3207 5565 3446 5621 maxime
3475 5565 3637 5621 inde-

2091 5641 2226 5694 cnti.

2057 5655 2262 5780 cf(':‘$l)liv
2270 5726 2354 5763 um
2379 5708 2542 5777 igitur
2566 5707 3036 5780 aliquisiuvidebat
3060 5707 3206 5780 nobis
3234 5707 3445 5780 {tantum
3464 5701 3640 5780 ?_'_Ap‘

2058 5774 2152 5835 οὖν
2173 5774 2264 5845 ’τις
2285 5774 2422 5850 ἡμῖν
2466 5774 2723 5849 φθονήσει
2767 5779 2878 5850 τῶν
2907 5779 3208 5850 ὀνομάτων.
3232 5777 3296 5850 -Ιιι
3323 5788 3407 5832 est
3444 5795 3459 5832 :
3494 5774 3636 5831 Nutu

2060 5853 2227 5921 igitur
2261 5847 2458 5922 aliquis
2481 5847 2758 5906 invidebit
2781 5849 2940 5904 nobis
2980 5847 3250 5903 nomina?
