4158 6434
519 400 629 468 5ἱό
1677 391 1943 454 ΡΠΟΤΙΙ
1982 394 2161 454 PATf

2160 393 2491 454 {IARCILE
2517 393 2624 452 ΟΡ.
3696 383 3802 450 544

1604 549 2298 608 DlSSERTATlUNCULA
2344 549 2737 606 STEWAR'I‘II

641 709 714 764 De
747 708 1030 778 scriptione
1057 703 1324 760 Pltotiana
1357 715 1405 760 et
1433 707 1620 777 quanti
1647 709 1895 778 ponderis
1927 707 2034 761 sint
2069 717 2405 776 argumenta,
2435 725 2552 778 qua:
2589 707 2745 777 a/fert
2779 724 2875 779 pro
2911 724 3009 761 sua
3041 709 3302 762 sententia
3338 707 3692 762 stabilienda.

597 799 640 854 Δ
665 798 894 854 diversis
920 797 1132 853 actibus
1160 796 1462 852 voluntatis
1494 796 1747 852 dividunt
1786 796 2006 865 qttidam
2049 795 2220 851 Graeci
2251 795 2610 859 voluntatem,
2655 797 2706 848 in
2738 797 3072 851 voluntatem
3105 798 3432 859 naturalem,
3475 812 3570 849 seu
3606 811 3807 850 essen-

530 889 758 954 tialcm;
818 888 952 940 etin
997 887 1336 940 voluntatem
1397 885 1730 953 gnomicam,
1793 887 2062 940 divisione
2126 883 2358 949 Latinis,
2399 896 2458 939 ut
2495 886 2712 955 opinor,
2753 887 3034 953 inusitata,
3067 895 3120 940 et
3173 885 3441 939 inaudita.
3474 884 3802 939 Naturalem

528 988 745 1037 vocant,
802 991 924 1044 quae
953 975 1158 1028 homini
1195 976 1450 1030 convenit
1509 975 1735 1046 praaeise
1765 976 1976 1028 ratione
2008 984 2218 1028 natura:
2251 974 2516 1042 speciﬁeze
2554 992 2568 1029 :
2603 985 2658 1026 et
2693 989 2815 1042 qua).
2870 974 2922 1028 in
2962 974 3220 1028 onmibus
3252 974 3572 1028 hominibus
3603 972 3803 1027 eadem

527 1073 632 1130 est,
671 1064 812 1117 sicut
850 1072 906 1116 et
933 1062 1051 1132 ipsa
1086 1062 1299 1130 species
1331 1062 1573 1117 humana
1613 1063 1801 1116 eadem
1851 1072 1934 1117 est
1964 1062 2190 1131 praecise
2217 1073 2484 1134 spectata,
2526 1065 2676 1120 etab
2701 1065 2962 1120 omnibus
2991 1063 3400 1118 conditionibus
3437 1063 3803 1117 individuan-

529 1153 678 1208 tihus
701 1152 1002 1205 abstracta.
1045 1167 1064 1201 ε
1105 1150 1382 1205 Naturalis
1406 1151 1660 1206 voluntas
1695 1150 1936 1207 hominis
1963 1161 2067 1218 est,
2098 1169 2118 1204 ι
2157 1151 2418 1221 inquitex
2449 1150 2554 1206 SS.
2587 1151 2806 1218 Basilio,
2843 1165 2897 1207 et
2925 1150 3154 1224 Cyrillo,
3201 1151 3522 1206 Anastasius
3558 1150 3803 1213 Sinaita,

528 1247 724 1294 contra
761 1237 1114 1302 Severianos,
1151 1254 1171 1287 ‹
1218 1251 1404 1291 amare
1435 1239 1626 1301 vitam,
1655 1247 1709 1292 et
1740 1254 1862 1308 qua!
1894 1243 2207 1295 necessario
2238 1241 2304 1294 ad
2337 1243 2499 1296 vitam
2537 1243 2832 1311 pertinent.
2872 1239 3064 1297 Omnis
3121 1242 3266 1296 enim
3298 1242 3484 1305 homo,
3509 1241 3620 1294 hoe
3658 1241 3801 1309 ipso,

531 1327 676 1396 quod
711 1324 834 1378 talis
860 1333 962 1388 est,
1020 1325 1339 1379 naturaliter
1367 1335 1518 1379 amat
1547 1328 1738 1380 vitam.
1781 1347 1799 1380 ›
1839 1327 2102 1382 Gnomica
2158 1331 2410 1384 voluntas
2460 1339 2687 1385 vocatur
2721 1331 3084 1402 hypostatica,
3155 1331 3483 1400 personalis,
3535 1329 3799 1384 electiva.

537 1433 557 1466 σ
587 1414 882 1468 (inomicas
915 1414 1243 1477 voluntates,
1281 1433 1298 1466 ι
1335 1415 1517 1484 inquit
1553 1416 1695 1470 idetn
1729 1419 2077 1484 Anastasius,
2111 1418 2234 1473 loco
2258 1419 2448 1484 citato,
2484 1437 2503 1471 σ
2541 1420 2725 1474 varias
2779 1420 2942 1474 habet
2971 1430 3154 1475 nostra
3210 1430 3430 1474 natura.
3463 1419 3624 1473 Alius
3651 1420 3802 1472 enim

531 1504 650 1556 vult
680 1501 926 1571 privatus
950 1517 1090 1568 εεειι,
1142 1502 1285 1556 alius
1343 1504 1638 1565 aediﬁcare,
1703 1505 1844 1560 alius
1903 1507 2292 1577 agriculturam
2351 1524 2627 1572 exercere,
2669 1508 2810 1563 alius
2841 1508 2991 1564 aliud
3029 1525 3210 1580 agere,
3254 1515 3414 1577 prout
3445 1515 3578 1562 sunt
3610 1507 3802 1572 varias,

534 1591 857 1662 peCnliares,
893 1598 946 1641 et
977 1590 1134 1655 quasi
1161 1590 1522 1645 iudividuales
1547 1608 1779 1662 gnomae,
1821 1596 1935 1647 sive
1965 1595 2266 1654 sentcntiae.
2305 1612 2398 1651 seu
2429 1598 2666 1651 decreta.

607 1679 844 1734 Sanctus
874 1678 1146 1732 Maximus
1180 1680 1230 1732 in
1274 1681 1388 1733 suis
1421 1679 1834 1736 deﬁnitionibus
1871 1685 1943 1737 ita
1974 1684 2165 1738 deﬁnit
2198 1702 2213 1738 :
2254 1683 2520 1742 Voluntas
2575 1693 2825 1760 gnomiea
2866 1709 2884 1742 ι
2917 1697 3002 1744 εει
3033 1689 3375 1742 voluntarius
3417 1684 3657 1740 rationis
3699 1685 3803 1738 im—

534 1777 715 1837 petus,
749 1779 803 1821 et
837 1776 1016 1821 motus
1045 1767 1097 1818 in
1125 1777 1417 1836 utramque
1450 1778 1658 1837 partem
1694 1770 1948 1824 rationis.
1986 1790 2003 1823 ι
2049 1770 2168 1836 Qua
2200 1774 2518 1830 deﬁnitione
2557 1777 2814 1833 describit
2854 1788 3106 1832 naturam
3148 1778 3265 1845 ejus
3301 1784 3480 1840 actus,
3523 1777 3622 1845 qui
3663 1773 3806 1828 dici-

535 1865 626 1909 tur
653 1855 867 1919 electio,
899 1856 983 1908 vel
1019 1856 1201 1923 potius
1228 1857 1404 1921 illttm,
1442 1860 1534 1925 qui
1574 1872 1640 1909 ex
1681 1867 1835 1926 parte
1869 1860 2098 1913 rationis
2141 1863 2196 1915 in
2237 1865 2603 1930 discussione,
2640 1878 2692 1920 et
2721 1868 2975 1922 examine
3017 1883 3199 1920 rerum
3236 1867 3411 1934 ipsam
3465 1863 3802 1916 electionem

535 1944 822 1998 antecedit.
859 1943 1002 1996 Idem
1038 1954 1217 1997 tamen
1262 1945 1314 1996 in
1359 1946 1588 2014 epistola
1644 1949 1708 1999 ad
1749 1945 2041 2011 lllarinum,
2077 1960 2238 2020 negat
2276 1969 2518 2022 gnomen,
2553 1971 2646 2010 seu
2693 1957 3010 2010 sententiam
3043 1969 3165 2010 esse
3217 1955 3389 2023 ipsam
3444 1952 3803 2010 electionem,

536 2033 630 2087 sed
661 2032 793 2085 dicit
822 2031 1142 2086 electionem
1192 2033 1370 2100 potius
1425 2049 1546 2088 esse
1585 2035 1834 2090 ell‘ectum
1886 2054 2100 2106 gnomac
2124 2079 2137 2101 ,
2178 2041 2483 2096 sententim.
2521 2041 2584 2096 Et
2638 2044 2742 2098 hoe
2787 2045 3023 2098 maxime
3051 2043 3310 2098 convenit
3343 2058 3466 2095 cum
3509 2041 3647 2100 illis,
3683 2055 3807 2109 qua:

535 2121 828 2173 traduxttur
860 2120 974 2181 1-2,
1009 2137 1063 2188 q.
1099 2121 1184 2183 13,
1210 2129 1314 2174 art.
1340 2121 1392 2187 1,
1427 2121 1516 2175 ubi
1541 2121 1788 2187 docetur,
1820 2141 1919 2179 nos
1944 2135 2070 2181 tunc
2097 2127 2320 2195 eligere,
2354 2144 2478 2183 cum
2508 2131 2905 2186 animadversis
2936 2130 3100 2185 variis
3128 2130 3341 2191 mediis,
3369 2129 3434 2181 ad
3462 2129 3630 2182 linem
3656 2128 3806 2197 judi-

536 2210 621 2263 cio
651 2207 882 2262 rationis
907 2208 1290 2264 concludimus
1327 2225 1494 2262 unum
1525 2226 1633 2280 pra:
1662 2212 1784 2266 aliis
1815 2230 1937 2268 esse
1971 2215 2434 2283 amplectcudum,
2468 2229 2630 2288 atque
2669 2219 2806 2272 adeo
2836 2219 3112 2272 voluntate
3143 2218 3274 2271 illud
3301 2217 3745 2286 complectimur.

605 2293 881 2360 Qu:eritur
906 2303 1113 2359 autem,
1145 2306 1266 2349 uter
1315 2298 1498 2366 potius
1529 2306 1687 2353 actus
1734 2298 2040 2356 formaliter
2072 2303 2144 2356 sit
2199 2303 2439 2358 electio?
2469 2303 2628 2359 Prior
2662 2321 2730 2359 ne
2774 2306 2864 2360 ille
2894 2307 3139 2366 rationis,
3181 2320 3341 2374 quem
3369 2315 3599 2358 sanctus
3635 2302 3808 2356 Maxi-

534 2398 656 2436 mus
683 2380 1050 2437 ad'Marinum
1081 2385 1296 2439 videtur
1325 2401 1522 2441 vocare
1560 2403 1794 2456 gnomen
1821 2407 1836 2454 ;
1874 2405 1944 2443 an
1978 2390 2065 2443 ille
2095 2393 2366 2460 posterior
2413 2393 2734 2456 voluntatis,
2765 2409 2875 2464 quo
2905 2410 3070 2447 unum
3111 2393 3349 2447 medium
3387 2408 3496 2460 prae
3519 2391 3654 2445 aliis
3686 2406 3805 2444 ante

533 2468 845 2538 plectimur.
879 2471 943 2524 Et
985 2473 1354 2527 communiter
1398 2475 1780 2542 respondetur,
1831 2476 1887 2529 iu
1930 2477 2032 2530 hoc
2081 2480 2385 2546 posteriore
2438 2493 2559 2536 actu
2623 2482 2926 2537 formaliter
2981 2491 3035 2536 et
3087 2481 3457 2536 essentialiter
3496 2479 3806 2535 consistere

533 2556 856 2611 (lectionem
893 2575 907 2611 :
945 2561 1198 2628 quamvis
1221 2559 1388 2614 etiam
1424 2561 1576 2616 illum
1607 2563 1838 2618 alterum
1866 2573 2048 2619 aetum
2079 2566 2313 2622 rationis
2363 2581 2772 2640 pracsupponat,
2826 2577 2880 2625 et
2929 2577 3206 2624 connotet.
3238 2568 3318 2623 Ita
3349 2567 3522 2623 ferme
3559 2581 3802 2638 gnomon

535 2645 771 2712 explicat
796 2661 1019 2716 quoque
1048 2645 1300 2713 Photius,
1343 2658 1404 2703 ut
1433 2651 1694 2707 vidimus.

608 2731 685 2788 De
708 2735 897 2787 eadem
930 2735 1211 2790 voluntate
1244 2739 1496 2807 gnomica
1537 2739 1610 2794 ita
1642 2749 1870 2797 sanctus
1892 2742 2266 2797 Damascenus
2303 2743 2396 2798 lib.
2425 2761 2483 2798 ιιι
2520 2744 2594 2799 De
2632 2747 2737 2815 ﬁde
2764 2745 3080 2813 orthodoxa,
3109 2762 3234 2815 cap.
3287 2745 3354 2799 14
3386 2763 3399 2800 :
3437 2764 3455 2797 ι
3503 2744 3804 2800 Sciendum

534 2830 642 2889 est,
673 2836 780 2876 non
811 2822 953 2877 idem
985 2839 1128 2888 esse,
1158 2825 1316 2890 velle,
1347 2831 1519 2891 ειπῶς
1555 2830 1749 2892 θελείν,
1779 2832 1884 2885 hoc
1914 2841 2016 2898 est,
2048 2848 2172 2887 cum
2221 2834 2405 2899 modo,
2447 2850 2539 2888 seu
2586 2837 2873 2890 modaliter
2915 2837 3073 2890 Velle.
3111 2834 3244 2890 Nam
3279 2837 3415 2890 velle
3450 2845 3665 2889 natura:
3699 2845 3804 2898 est,

536 2911 682 2966 sicut
711 2921 768 2966 et
799 2912 1007 2967 videre.
1051 2915 1318 2970 Omnibus
1346 2919 1493 2971 enim
1524 2919 1838 2976 hominibus
1866 2916 2029 2978 inest.
2087 2924 2157 2976 At
2189 2940 2342 2990 vero,
2390 2925 2491 2979 hoc
2522 2927 2605 2980 vel
2646 2927 2738 2980 illo
2780 2927 2943 2981 modo
2980 2928 3137 2992 velle,
3172 2944 3280 2981 non
3311 2936 3395 2982 est
3437 2937 3672 2987 naturae,
3705 2926 3801 2978 sed

537 3007 746 3054 nostrae
773 3015 1010 3070 gnomae,
1043 3017 1138 3056 seu
1172 3007 1457 3060 sententia}
1488 3025 1500 3059 :
1535 3007 1678 3062 sicut
1705 3009 1892 3075 etiam,
1919 3011 2044 3075 hoc,
2084 3014 2169 3068 vel
2197 3014 2288 3067 illo
2341 3016 2502 3069 modo
2541 3017 2745 3077 videre,
2800 3027 2928 3085 puta
2980 3019 3138 3091 bene,
3161 3029 3256 3072 aut
3295 3017 3458 3071 male.
3504 3015 3627 3070 Non
3658 3016 3802 3070 enim

535 3102 732 3141 omnes
760 3089 1009 3143 homines
1036 3091 1228 3144 eodem
1269 3095 1429 3146 modo
1455 3097 1664 3149 volunt.
1694 3095 1879 3167 Neque
1907 3099 2095 3153 cedent
2123 3102 2286 3154 modo
2313 3102 2520 3169 vident,
2550 3107 2696 3172 quod
2730 3111 2896 3159 etiam
2953 3105 3005 3158 in
3040 3089 3356 3160 actionibus
3387 3114 3642 3174 apparet.
3669 3101 3800 3156 Nam

537 3174 665 3238 hoc,
692 3175 774 3227 vel
801 3175 894 3228 illo
923 3177 1085 3230 modo
1123 3179 1279 3244 velle,
1315 3181 1521 3244 videre,
1553 3185 1795 3253 operari,
1829 3195 1912 3240 est
1955 3187 2193 3256 all'cCtiO,
2226 3199 2279 3242 et
2306 3191 2642 3246 modiﬁcatio
2707 3209 2840 3247 usus
2889 3193 3119 3248 actualis
3173 3194 3408 3258 volendi,
3460 3192 3707 3253 videndi,
3753 3199 3806 3243 ct

531 3263 819 3331 operandi,
851 3262 901 3316 in
939 3265 1058 3318 solo
1097 3275 1282 3321 utente
1323 3271 1617 3335 cxsistens,
1653 3288 1892 3343 cumque
1923 3275 1992 3328 ab
2021 3276 2146 3332 aliis
2178 3293 2464 3347 separans.
2514 3280 2853 3350 Simpliciter
2898 3281 3064 3353 igitur
3108 3282 3314 3351 aliquid
3340 3282 3493 3344 velle,
3538 3281 3804 3336 nimirum

534 3353 904 3406 abstrahendo
947 3354 1016 3407 ab
1052 3354 1199 3408 omni
1240 3356 1424 3420 modo,
1458 3367 1543 3412 est
1568 3361 1845 3427 voluntas,
1881 3363 1963 3417 vel
2001 3367 2242 3432 potentia
2281 3368 2496 3422 volendi
2529 3387 2542 3424 :
2587 3385 2709 3439 quae
2738 3371 2813 3423 nil
2856 3377 2941 3424 est
2972 3370 3145 3436 aliud,
3189 3386 3352 3440 quam
3386 3369 3676 3425 rationaﬁs
3713 3383 3807 3438 ap-

536 3441 745 3509 petitio,
777 3451 833 3496 et
862 3441 1118 3496 voluntas
1160 3445 1449 3499 naturalis.
1493 3447 1563 3500 At
1590 3464 1743 3511 vero,
1809 3452 1912 3505 hoc
1963 3454 2046 3508 vel
2104 3453 2198 3509 illo
2252 3456 2418 3510 modo
2464 3457 2622 3523 velle,
2675 3471 2760 3512 est
2800 3460 3053 3514 voluntas
3099 3461 3385 3530 gnotuiea;
3440 3468 3495 3514 et
3527 3460 3802 3530 ohjettum

536 3527 703 3597 hujus
735 3530 1035 3586 voluntatis
1065 3540 1149 3585 est
1182 3532 1411 3586 volitum
1463 3537 1801 3605 gnomieum.
1842 3557 1860 3590 ι
1911 3539 1976 3594 Et
2015 3551 2072 3594 ut
2100 3558 2187 3598 res
2220 3545 2470 3615 exemplo
2515 3547 2826 3602 declaretur
2856 3567 2869 3603 :
2921 3527 3185 3606 Voluntas
3214 3550 3534 3604 comedendi
3595 3527 3805 3618 simpli-

533 3616 692 3679 citer,
724 3627 807 3672 est
839 3619 1092 3675 voluntas
1125 3623 1395 3676 naturalis
1437 3624 1490 3677 iu
1527 3627 1761 3696 singulis
1791 3630 2004 3684 ratione
2026 3633 2250 3700 Speciali
2287 3635 2549 3690 existens.
2583 3639 2652 3690 At
2685 3638 2937 3692 voluntas
2965 3640 3280 3694 comedendi
3325 3639 3529 3710 aliqttid
3590 3642 3692 3694 hac
3722 3638 3804 3692 vel

537 3703 627 3800 illa
661 3705 925 3800 qualitate
965 3707 1242 3774 allectum,
1284 3719 1343 3764 ut
1369 3713 1550 3778 dulce,
1585 3717 1872 3780 acerbum,
1907 3720 2163 3784 multum,
2205 3739 2423 3790 parum,
2463 3725 2667 3781 dicitur
2724 3728 2982 3785 voluntas
3022 3731 3298 3800 gnomica,
3337 3703 3434 3785 seu
3494 3733 3652 3796 ποιὰ,
3707 3745 3800 3784 seu

536 3791 678 3857 πῶς,
723 3793 773 3847 id
807 3803 914 3887 est,
947 3796 1204 3887 voluntas
1235 3798 1424 3854 all‘ecta
1455 3803 1637 3873 aliqua
1673 3806 1958 3875 qualitate,
2005 3819 2100 3864 aut
2153 3812 2497 3882 conditione;
2551 3826 2604 3870 et
2646 3832 2754 3872 non
2779 3829 2863 3874 est
2894 3791 3122 3887 natura},
3155 3828 3214 3875 ut
3259 3791 3448 3874 dicunt
3476 3791 3675 3886 Graeci,
3710 3817 3802 3874 sed

539 3896 802 3945 personae.
843 3881 908 3936 Et
946 3885 1073 3953 quia
1111 3902 1360 3954 persona:
1398 3893 1560 3945 variae
1593 3903 1743 3959 sunt,
1775 3894 1895 3949 ideo
1926 3910 1979 3950 et
2004 3899 2119 3953 haec
2149 3902 2403 3958 voluntas
2426 3914 2509 3959 est
2539 3907 2710 3961 varia.

739 3969 1323 4064 explicatavolunlate
1354 3980 1628 4047 gnomica,
1676 3985 1905 4051 quaestio
1947 3996 2051 4050 est,
2089 3997 2268 4042 utrum
2313 3992 2567 4050 voluntas
2608 3997 2858 4064 gnomica
2893 4000 3059 4056 fuerit
3091 4002 3144 4056 in
3194 4001 3452 4059 Christo?
3477 4002 3540 4056 Et
3574 4000 3804 4056 Photius

536 4054 952 4161 quideu'tlsupra
1003 4060 1210 4116 diserte
1244 4077 1425 4134 negat.
1460 4067 1606 4122 Idem
1649 4071 1906 4127 videntur
1943 4091 2142 4144 negare
2193 4054 2674 4149 Damascenus,‘et
2729 4086 3002 4144 Maximus
3038 4105 3226 4158 supra.
3263 4093 3602 4161 Argumenta
3635 4089 3802 4143 multa

533 4145 695 4246 adirt
721 4146 973 4214 Photius,
1011 4159 1066 4205 ut
1096 4153 1353 4210 vidimus.
1381 4155 1658 4229 Praecipua
1687 4171 1898 4217 tantum
1931 4165 2017 4219 hic
2049 4179 2311 4235 repetam,
2347 4180 2399 4224 et
2421 4145 2625 4229 clarius
2664 4191 2988 4246 proponam.

605 4233 876 4289 Primum.
923 4237 1502 4342 Voluntasgnomica,‘
1528 4259 1613 4302 est
1641 4251 1892 4308 voluntas
1948 4271 2195 4323 personae
2255 4260 2507 4314 Immanae
2539 4270 2591 4316 et
2626 4233 2841 4319 creatae.
2894 4264 2949 4320 ln
2987 4267 3205 4323 Christo
3243 4286 3351 4324 non
3405 4271 3508 4325 fuit
3567 4285 3798 4342 persona

536 4322 776 4376 humana
808 4336 861 4378 et
893 4335 1079 4424 creata
1107 4327 1327 4430 inErgo.
1363 4331 1536 4430 Major
1565 4346 1713 4404 patet
1743 4357 1757 4392 :
1794 4341 1917 4408 quia
1949 4322 2090 4397 velle
2141 4353 2350 4400 tantum
2383 4349 2468 4402 vel
2510 4358 2747 4418 tantum,
2780 4352 2939 4408 dulce
3007 4356 3088 4408 vel
3143 4322 3799 4430 amarum,‘nortr‘potest

533 4425 658 4464 esse
687 4421 919 4475 natur-.e,
951 4414 1080 4481 quia
1110 4415 1198 4469 illa
1231 4427 1315 4473 est
1349 4421 1538 4475 eadem
1571 4424 1626 4477 in
1662 4428 1920 4482 omnibus
1957 4447 1970 4483 :
2033 4441 2088 4484 et
2119 4445 2517 4504 consequenter
2554 4440 2696 4495 idem
2734 4414 2889 4496 ivult.
2931 4445 3068 4513 Ergo
3125 4447 3379 4502 voluntas
3406 4414 3678 4516 'gnomiea
3717 4455 3798 4501 est

537 4511 824 4603 personat:
858 4515 1002 4603 qua},
1031 4516 1161 4603 eum
1191 4507 1602 4576 multiplicetur,
1639 4528 1744 4566 non
1780 4527 1866 4570 est
1897 4516 2118 4583 mirum,
2151 4525 2482 4590 quodetiam
2521 4537 2679 4583 actus
2714 4530 2929 4584 VOIl‘lHli
2973 4507 3388 4603 multiplicetur,
3424 4507 3507 4592 ita
3546 4548 3605 4592 ut
3658 4539 3795 4592 alius

536 4586 642 4638 hoe
669 4586 822 4652 velit,
856 4590 996 4643 alius
1031 4591 1184 4644 illud.

607 4671 922 4786 Secundum
965 4691 1375 4748 argumentum.
1409 4685 1615 4742 Electio
1644 4705 1751 4744 non
1778 4693 1941 4748 estin
1996 4694 2240 4764 Christo,
2294 4716 2425 4772 ergo
2467 4718 2570 4758 nec
2611 4707 2867 4762 voluntas
2903 4712 3176 4779 gnomiea.
3230 4714 3571 4770 Anteeedens
3600 4723 3742 4786 patet
3777 4731 3791 4768 :

533 4762 662 4828 quia
694 4762 896 4872 electio
920 4777 1004 4866 est
1033 4783 1250 4872 eorum,
1281 4789 1404 4842 qua:
1434 4776 1485 4829 in
1527 4786 1816 4849 utramque
1849 4793 2057 4851 partem
2089 4795 2327 4851 movent,
2359 4789 2463 4844 hoc
2493 4801 2598 4856 est,
2625 4793 2690 4848 ad
2723 4795 2864 4849 bona
2899 4762 2951 4850 ἕι
2975 4799 3040 4852 ad
3073 4801 3235 4868 mala,
3268 4813 3324 4856 ut
3361 4804 3538 4872 inquit
3573 4762 3795 4859 [:IIOIlllS

531 4861 820 4947 cxi-saneto
855 4852 1114 4909 Maximo.
1146 4856 1414 4915 Probatur
1443 4871 1860 4937 consequentia.
1901 4872 2038 4939 Quia
2071 4875 2327 4931 voluntas
2360 4852 2615 4947 gnomica
2646 4890 2701 4936 et
2725 4883 2957 4939 electiva
3002 4897 3086 4941 est
3120 4852 3235 4943 una,
3253 4899 3308 4944 et
3342 4852 3556 4946 eadem.

604 4935 849 5036 Tertium
883 4953 1297 5045 argumentum.
1329 4948 1384 5002 Si
1419 4952 1468 5005 in
1504 4954 1722 5011 Christo
1753 4969 1900 5014 esset
1931 4961 2182 5018 voluntas
2212 4935 2488 5034 gnoniica,
2523 4980 2652 5024 tunc
2679 4970 2925 5027 diﬂ‘erret
2987 4990 3016 5029 a
3071 4978 3446 5035 voluntatibus
3505 4980 3788 5045 gnomicis.

527 5040 655 5093 quae
687 5033 1116 5138 iu‘unoqupque
1152 5033 1374 5092 homine
1421 5051 1757 5110 spectantur.
1788 5044 2042 5104 Dillerret
2085 5033 2251 5105 etiam
2306 5067 2335 5106 a
2362 5054 2646 5110 voluntate
2673 5056 2912 5128 Spiritus
2943 5064 3141 5130 sancti,
3183 5053 3240 5118 et.
3269 5033 3470 5121 Patris.
3505 5033 3789 5138 Sed—qum;

533 5126 662 5227 itam
692 5123 775 5168 est
805 5119 911 5227 ista
957 5119 1230 5184 voluntas,
1266 5139 1510 5192 quasuee
1544 5139 1626 5182 est
1657 5132 1894 5187 humana
1933 5137 2207 5206 gnomica,
2268 5155 2368 5195 nec
2418 5143 2643 5197 omnino
2694 5119 2896 5202 dicitur
2943 5119 3240 5206 voluntas?
3277 5152 3387 5208 Nec
3438 5155 3546 5210 dici
3597 5119 3789 5227 po'test,

531 5202 690 5308 istam
736 5202 1069 5306 voluntatem
1096 5215 1409 5278 guou'ticam
1441 5214 1492 5269 iu
1526 5216 1769 5282 Christo,
1798 5238 1928 5278 esse
1966 5228 2327 5295 compositam
2362 5234 2558 5300 partim
2590 5250 2657 5290 ex
2703 5238 2910 5304 divina,
2950 5244 3144 5308 partim
3201 5260 3266 5297 ex
3328 5244 3567 5301 humana
3597 5202 3787 5301 ζοιιιιισΣ

530 5296 638 5406 ξένω
668 5306 683 5342 :
712 5291 868 5406 quia,
900 5302 957 5347 ut
980 5293 1056 5348 ait
1089 5298 1344 5396 Photius,
1382 5319 1450 5357 ne
1481 5307 1713 5374 cogitari
1745 5311 1967 5378 quidem
1996 5325 2174 5382 potest
2202 5321 2531 5389 compositio
2585 5325 2908 5393 voluntatis,
2942 5291 3085 5383 sicut
3141 5347 3438 5400 possumus
3490 5337 3788 5406 intelligere

529 5375 852 5445 ltypostasin
881 5385 1248 5452 compositam
1279 5405 1342 5443 ex
1386 5403 1579 5447 natura
1624 5375 1861 5453 humana
1886 5409 1940 5454 et
1965 5375 2174 5460 divina.

600 5462 866 5527 Quartum
925 5484 1332 5539 argumentum.
1371 5477 1426 5531 Si
1455 5481 1613 5535 detur
1647 5485 1697 5536 in
1732 5486 1956 5543 Christo
2013 5492 2266 5550 voluntas

528 5554 763 5671 naturali
783 5555 1274 5671 C'llflSll.lllflC(llCl
1299 5582 1402 5622 non
1437 5579 1610 5637 potest
1634 5591 1646 5648 :_
1673 5574 1800 5642 quia
1835 5575 1880 5630 si
1904 5578 2160 5637 voluntas
2178 5583 2380 5640 Christi
2410 5597 2560 5643 esset
2589 5595 2917 5660 composita,
2941 5554 3104 5650 etliatn
3133 5601 3469 5671 naturaejus
3490 5600 3785 5671 composita

528 5643 830 5755 ΞΡΞῗΞΙτΪ1ῗοιΕ
998 5648 1104 5703 dici
1142 5667 1249 5706 non
1307 5668 1504 5723 potest.
1545 5659 1660 5714 υηι
1695 5664 1840 5717 enim
1879 5673 1966 5720 est
2017 5678 2213 5726 natura
2261 5674 2500 5730 humana
2562 5677 2614 5730 in
2672 5680 2892 5737 Christo
2940 5683 3170 5755 simplex
3203 5704 3216 5740 :
3250 5642 3469 5744 ctinler
3496 5642 3813 5746 humlanam'

526 5725 756 5826 Christi,
784 5740 838 5784 et
866 5734 1108 5789 divinam
1148 5753 1426 5800 ttutttt'atn.
1463 5763 1570 5800 non
1607 5748 1772 5805 datur
1806 5754 1914 5807 ulla
1951 5762 2275 5826 compositio
2311 5764 2365 5818 in
2399 5776 2614 5821 natura.

601 5810 862 5876 Quintum
906 5834 1314 5892 argumentum.
1383 5830 1438 5884 Si
1487 5835 1740 5892 voluntas
1794 5843 2048 5909 gnomica
2113 5849 2359 5925 nascitur
2415 5867 2477 5906 cx
2529 5856 2763 5913 consilio
2789 5860 3088 5931 etjuelicio,
3127 5880 3220 5925 seu
3254 5837 3796 5926 exdcterminationc’

2319 5499 2597 5567 gnomica.
2651 5502 2818 5558 faciet
2852 5509 3305 5575 compositionem
3351 5528 3477 5568 cum
3515 5515 3785 5570 voluntate
