4158 6494
423 422 532 485 515
1362 421 1462 481 AD
1499 418 2101 481 AMPHILOCHIUM
2141 417 2492 491 QUIESTIO
2522 419 2751 480 LXXX.
3595 410 3701 475 546

427 534 660 591 rationis
689 533 755 588 ad
802 550 995 602 unum,
1030 532 1111 589 vel
1168 534 1325 603 plura
1360 533 1540 587 media
1569 549 1635 587 ex
1672 533 1797 587 aliis
1848 531 2119 601 eligenda,
2180 532 2430 602 sequitur
2485 547 2607 584 eam
2651 532 2703 583 in
2741 528 2958 583 (llo-isto
2985 543 3092 583 non
3126 526 3328 582 habere
3360 526 3573 593 locum;
3603 527 3699 582 sed

428 625 680 679 nascitur
709 623 878 677 inde:
918 622 1083 693 Ergo.
1120 620 1396 675 Probatur
1432 620 1652 691 scquela
1685 638 1699 676 :
1727 620 1858 690 quia
1892 618 2201 690 ignorantia
2238 635 2346 672 non
2404 619 2569 673 habet
2624 618 2805 671 locum
2853 616 2911 671 in
2959 617 3201 681 Christo,
3252 631 3351 671 nec
3402 615 3697 671 dubitatio.

426 712 668 767 Haberet
705 720 908 769 autem.
938 710 983 765 si
1022 718 1169 765 esset
1209 710 1262 761 in
1305 709 1399 762 illo
1432 708 1688 762 voluntas
1717 708 1993 778 gnomica,
2042 707 2094 759 in
2121 722 2253 777 qua,
2283 722 2380 776 per
2435 706 2731 761 consilium
2782 713 2837 760 et
2886 704 3404 758 determinationem
3442 702 3700 763 rationis,

428 810 515 856 est
575 801 839 855 transitus
901 800 970 853 ab
1019 798 1331 869 ignorantia
1391 798 1459 852 ad
1514 798 1910 867 eugnitionem,
1964 806 2021 850 et
2071 797 2140 851 ab
2188 797 2403 851 incerto
2462 795 2529 849 ad
2569 806 2805 858 certum,
2842 801 2898 848 et
2950 791 3181 846 mutatio
3218 807 3324 845 non
3360 791 3598 845 amantis
3634 791 3701 844 ad

430 905 701 944 amorem.

506 975 731 1028 Sextum
796 979 1208 1043 argumentum.
1273 971 1537 1027 "omines
1590 979 1807 1028 utentes
1862 973 2146 1027 voluntate
2203 972 2485 1043 gnomica,
2553 977 2864 1042 repugnant
2911 967 3020 1023 Deo
3072 985 3086 1022 :
3144 981 3278 1034 ergo
3332 982 3442 1021 non
3500 976 3585 1023 cst
3645 966 3703 1021 in

328 1112 335 1125 ,
426 1062 673 1117 Christo.

506 1149 810 1219 Septimum
842 1158 1250 1220 argumentum.
1284 1146 1554 1203 Voluntas
1586 1149 1842 1217 gnomica
1878 1160 1962 1203 est
1990 1165 2261 1221 propensa
2293 1150 2359 1204 ad
2387 1159 2681 1217 utramque
2706 1145 2979 1201 actionem
3005 1185 3020 1210 ,
3058 1141 3344 1196 honestam
3384 1141 3613 1205 scilicet,
3636 1153 3705 1196 ac

430 1253 654 1308 pravam
680 1253 694 1303 ;
745 1251 900 1307 ergo.

497 1323 729 1394 Propter
755 1326 870 1379 haec
905 1334 1257 1395 argumenta,
1290 1322 1522 1379 Photius
1579 1334 1633 1379 et
1658 1324 1752 1379 alii
1814 1341 1880 1379 ne
1912 1326 2226 1397 gnomicam
2261 1329 2484 1398 quidem
2517 1329 2757 1383 divinam
2799 1326 3141 1381 voluntatem
3185 1332 3434 1379 statuunt
3463 1322 3514 1376 in
3541 1318 3706 1376 Chri-

423 1423 533 1469 sto.
568 1412 728 1479 Nam,
761 1414 807 1468 si
836 1414 959 1469 talis
990 1424 1075 1469 est
1107 1415 1158 1468 in
1188 1414 1434 1478 Christo,
1462 1413 1550 1467 illa
1575 1414 1876 1467 auteadem
1906 1418 1989 1469 est
2026 1431 2150 1470 cum
2186 1418 2466 1472 voluntate
2498 1418 2678 1471 divina
2711 1414 2971 1479 naturali,
3005 1423 3099 1468 aut
3126 1413 3364 1467 diversa.
3398 1411 3453 1464 Si
3487 1409 3703 1471 eadem,

429 1501 696 1557 habemus
729 1516 860 1571 ergo
901 1502 1195 1564 intentum,
1228 1516 1337 1555 non
1364 1516 1485 1556 esse
1512 1500 1727 1555 scilicet
1792 1501 1954 1554 aliam
1986 1502 2228 1558 divinam
2260 1506 2621 1567 voluntatem,
2646 1514 2844 1573 praster
2867 1503 3015 1557 illam
3052 1502 3381 1566 naturalem,
3411 1500 3700 1568 tribusque

428 1591 682 1659 personis
714 1605 1093 1645 communem.
1136 1588 1193 1643 Si
1226 1604 1359 1644 vero
1414 1588 1598 1642 divina
1623 1587 1878 1643 voluntas
1919 1591 2175 1660 gnomica
2209 1592 2263 1646 in
2298 1593 2519 1648 Christo
2568 1602 2652 1647 est
2683 1592 2787 1646 alia
2828 1605 2857 1644 a
2886 1588 3126 1643 naturali
3155 1588 3339 1642 divina
3376 1588 3701 1654 voluntate;

427 1688 560 1734 tunc
585 1680 690 1733 erit
717 1679 959 1745 diversa,
997 1695 1119 1749 quae
1147 1688 1234 1734 est
1264 1679 1320 1733 in
1349 1678 1529 1741 Patre,
1566 1687 1621 1732 et
1646 1677 1852 1748 Spiritu
1888 1688 2106 1734 sancto.
2143 1680 2249 1736 Sed
2285 1681 2391 1736 hoc
2419 1690 2503 1736 est
2533 1681 2855 1738 absurdum.
2896 1678 3024 1749 quia
3062 1678 3309 1731 omnium
3344 1692 3703 1747 personarum

427 1768 735 1821 divinarum
764 1776 850 1821 est
875 1768 1067 1823 eadem
1105 1768 1381 1823 voluntas.
1407 1766 1676 1822 Gnomica
1728 1777 1911 1820 autem
1996 1782 2103 1821 non
2167 1777 2256 1823 est
2288 1768 2501 1833 eadem,
2547 1767 2643 1822 sed
2677 1767 2891 1821 diversa
2926 1766 2979 1819 in
3027 1765 3263 1820 diversis
3290 1765 3706 1837 bypostasibus.

427 1856 608 1924 Quare
634 1856 724 1911 isti
761 1865 1016 1912 auctores
1061 1847 1165 1911 nec
1189 1856 1243 1910 in
1275 1854 1546 1910 Trinitate
1576 1854 1892 1925 gnomicam
1933 1855 2271 1910 voluntatem
2302 1863 2537 1926 ponunt,
2579 1854 2821 1908 maxime
2866 1863 3091 1923 pr0pter
3145 1863 3537 1924 argumentum
3573 1856 3628 1920 5,
3663 1855 3697 1910 6

422 1957 479 2001 et
541 1945 590 1999 7.
654 1945 711 2000 ln
759 1945 1034 2000 Trinitate
1096 1947 1243 2000 enim
1313 1945 1442 1999 licet
1494 1944 1611 2005 sint
1667 1954 1778 1999 tres
1825 1959 2097 2015 personat,
2152 1955 2239 1999 est
2298 1954 2480 1999 tamen
2531 1942 2859 2013 simpliciter
2909 1958 3079 1997 unum
3130 1950 3184 1997 et
3241 1942 3387 1998 idem
3452 1945 3590 2000 velle
3639 1960 3707 2001 ac

426 2032 591 2089 nolle.

500 2120 909 2175 Observationes
952 2120 1348 2176 Stewartii.—-—
1406 2120 1533 2176 Haec
1565 2131 1748 2176 tamen
1809 2128 1866 2175 et
1900 2120 2028 2195 alia,
2079 2136 2203 2191 qua}
2259 2121 2492 2177 l’botius
2546 2120 2815 2190 disputat,
2868 2134 2979 2174 non
3032 2118 3291 2174 videntur
3356 2120 3707 2177 concludere.

422 2207 597 2277 Cuius
658 2220 977 2278 argumenta
1051 2217 1112 2264 ut
1194 2210 1507 2277 solvantur,
1585 2210 1868 2265 fatendum
1926 2219 2031 2274 est,
2103 2209 2157 2263 in
2216 2209 2439 2264 Christo
2496 2224 2605 2264 non
2673 2209 2845 2264 fuisse
2920 2209 3279 2274 voluntatem,
3370 2209 3452 2265 vel
3524 2220 3709 2265 actum

425 2300 752 2360 voluntatis,
786 2314 910 2367 quae
946 2299 1109 2353 fuerit
1140 2309 1318 2361 actus,
1352 2301 1436 2354 vei
1464 2300 1706 2369 potentia
1740 2314 1993 2368 personat
2034 2308 2250 2353 creatrc.
2304 2297 2524 2352 Clarum
2560 2298 2706 2351 enim
2755 2306 2838 2352 est
2888 2296 2940 2351 in
2974 2296 3195 2351 Christo
3232 2311 3522 2366 personam
3551 2314 3712 2353 crea-

427 2394 535 2438 tam
571 2402 677 2439 non
716 2384 912 2441 fuisse.
951 2384 1173 2440 Interim
1205 2393 1385 2441 tamen
1423 2387 1607 2459 negari
1660 2403 1765 2440 non
1809 2397 1986 2457 potest
2018 2386 2070 2441 in
2099 2385 2324 2441 Christo
2355 2388 2520 2442 fuisse
2544 2388 2880 2441 voluntatem
2934 2386 3349 2440 iudividualiter
3392 2386 3707 2441 distinctam

424 2473 765 2527 avoluntate
814 2473 1140 2528 individuali
1182 2473 1568 2545 cujuscunque
1601 2475 1829 2530 alterius
1864 2475 2123 2541 hominis,
2164 2476 2533 2531 abstrahendo
2569 2476 2637 2528 ab
2683 2475 3023 2545 hypostatica
3075 2475 3489 2545 personalitate.
3548 2476 3711 2531 Sicut

418 2562 591 2618 etiam
624 2562 1002 2618 abstrahenth
1032 2563 1101 2617 ab
1128 2563 1344 2630 eadem,
1369 2564 1425 2619 in
1455 2564 1675 2620 Christo
1704 2574 1789 2621 est
1822 2561 2175 2619 individualis
2207 2570 2399 2614 natura
2452 2560 2717 2624 humana,
2763 2558 3025 2613 distincta
3060 2560 3130 2613 ab
3164 2558 3312 2612 omni
3358 2558 3487 2623 alia,
3517 2566 3572 2612 et
3602 2558 3709 2614 sub

424 2650 521 2706 illa
576 2650 633 2705 in
681 2653 962 2706 communi
995 2653 1419 2721 comprehensa,
1459 2662 1720 2724 tanquam
1756 2653 2033 2721 quoddam
2085 2648 2235 2704 illius
2282 2647 2626 2703 individuum
2676 2665 2690 2702 :
2739 2646 2904 2716 cujus
2944 2645 3296 2701 individualis
3358 2657 3571 2700 natura:
3603 2654 3710 2713 est,

426 2739 794 2795 individuales
825 2749 880 2794 et
930 2739 1240 2809 singulares
1267 2740 1515 2797 actiones
1540 2741 1868 2811 producere,
1905 2752 2016 2795 tam
2047 2736 2379 2798 intellectus,
2422 2751 2589 2805 quant
2638 2733 2961 2799 voluntatis,
3009 2749 3134 2803 quze
3166 2734 3219 2787 in
3259 2733 3546 2787 individuo
3596 2735 3712 2788 dis-

425 2829 752 2897 tinguuntur
783 2828 853 2881 ab
885 2827 1196 2883 actionibus
1243 2829 1479 2883 aliarum
1505 2841 1833 2884 naturarum
1889 2824 2329 2882 individualium.
2378 2822 2645 2890 Quamvis
2672 2830 2867 2877 natura
2896 2822 3245 2876 individualis
3281 2823 3546 2890 producat
3578 2822 3713 2879 istas

422 2913 670 2969 actiones
703 2914 757 2967 in
788 2914 912 2969 aliis
938 2914 1161 2983 quidem
1199 2915 1538 2981 hominibus,
1576 2926 1636 2972 ut
1673 2927 1883 2971 natura:
1915 2915 2280 2971 individuales
2313 2913 2625 2967 subsistunt
2653 2912 2707 2966 in
2744 2911 3139 2982 personalitate
3163 2922 3371 2966 creata.
3402 2911 3455 2964 In
3488 2912 3715 2966 Christo

421 3016 553 3054 vero
577 3010 637 3055 ut
667 3012 864 3056 natura
896 3002 1018 3072 ejus
1049 3003 1289 3058 humana
1323 3004 1574 3059 subsistit
1610 3005 1664 3060 in
1698 3006 1884 3061 divino
1930 3003 2259 3075 supposito;
2294 3001 2439 3072 quod
2474 3008 2659 3054 tamen
2693 2999 3041 3069 suppositum
3076 3014 3171 3068 per
3201 3014 3260 3054 se
3307 3014 3413 3053 non
3445 2998 3622 3053 inﬂuit
3657 3001 3713 3054 in

422 3089 700 3143 actionem
730 3089 878 3143 illam
940 3090 1295 3146 individuaiis
1322 3092 1624 3149 voluntatis
1658 3110 1673 3147 τ
1703 3093 1957 3165 quamvis
1989 3107 2093 3147 nec
2142 3104 2294 3145 mere
2329 3105 2425 3158 per
2471 3088 2753 3156 accidens,
2799 3096 2855 3142 et
2898 3089 3342 3141 coneomitantcr
3389 3102 3511 3142 sese
3546 3087 3716 3143 habet

423 3177 772 3246 suppositum
807 3178 873 3230 ad
908 3177 1179 3232 actionem
1211 3178 1359 3232 illam
1398 3181 1699 3236 voluntatis
1759 3180 2137 3243 imlividualis,
2195 3176 2291 3232 sed
2340 3184 2428 3232 est
2476 3175 2721 3231 conditio
2771 3175 3153 3245 prterequisita
3205 3175 3274 3229 ad
3314 3175 3587 3245 agendum
3642 3191 3711 3231 ex

422 3271 583 3332 parte
612 3262 823 3330 agentis
859 3278 873 3315 :
899 3272 1172 3332 quatenus
1207 3264 1418 3318 nullum
1452 3280 1622 3335 agens
1646 3265 1900 3319 naturale
1922 3280 2086 3335 agere
2117 3272 2300 3335 potest
2331 3264 2656 3320 naturaliter
2689 3262 2986 3335 loquendo,
3021 3263 3130 3318 nisi
3166 3263 3396 3319 exsistat
3426 3263 3480 3317 in
3503 3279 3714 3334 suppo-g

420 3354 555 3408 sito.
590 3350 665 3405 De
692 3367 803 3423 quo
840 3352 1005 3408 latius
1031 3352 1261 3420 Suarez,
1291 3353 1434 3424 disp.
1465 3354 1534 3409 50
1566 3355 1620 3409 in
1654 3353 1893 3424 Metaplt.
1924 3363 2062 3409 sect.
2098 3352 2151 3408 7.

495 3440 614 3498 1am
664 3457 815 3508 vero,
853 3443 994 3499 sicut
1043 3443 1260 3510 Petrus,
1307 3444 1464 3510 verbi
1515 3445 1717 3516 gratia,
1755 3459 1853 3515 per
1888 3444 2230 3499 voluntatem
2284 3456 2448 3498 suam
2481 3438 2874 3496 individualem
2906 3439 3260 3495 exsistentem
3308 3438 3362 3494 in
3415 3441 3712 3511 supposito

419 3539 633 3596 creato,
672 3531 896 3586 tendere
928 3541 1110 3600 potest
1141 3540 1252 3586 tam
1294 3532 1349 3586 in
1380 3532 1558 3598 dulce,
1592 3549 1759 3603 quam
1796 3534 1848 3586 in
1885 3546 2159 3596 amarum,
2204 3540 2316 3586 tam
2356 3533 2410 3585 in
2444 3545 2728 3602 magnum,
2768 3545 2933 3601 quam
2963 3530 3017 3583 in
3050 3545 3303 3600 parvum,
3344 3530 3479 3585 etin
3515 3543 3713 3588 cattera

423 3615 641 3684 objecta
675 3614 1095 3669 conditionibus
1124 3616 1403 3686 aliquibus
1431 3616 1659 3683 atl‘ecta;
1695 3616 1770 3671 ita
1796 3626 1971 3685 potest
1999 3617 2165 3672 etiam
2192 3619 2371 3685 dulce,
2404 3628 2458 3674 et
2483 3634 2757 3681 amarum,
2791 3627 2937 3685 etc.,
2963 3626 3218 3688 appetere
3244 3634 3339 3688 per
3376 3635 3531 3675 suam
3568 3620 3714 3675 indi-

424 3704 698 3757 vidualem
734 3702 1075 3758 voluntatem
1112 3703 1335 3771 Paulus,
1369 3714 1476 3760 etc.
1506 3705 1564 3760 Si
1597 3721 1730 3776 ergo
1752 3705 1935 3776 quivis
1986 3707 2153 3762 homo
2202 3708 2501 3778 singularis
2542 3717 2816 3778 quatenus
2850 3706 3015 3761 habet
3050 3705 3385 3775 singularem
3428 3716 3709 3775 naturam,

428 3791 532 3846 hoc
572 3800 770 3860 potest,
803 3791 1175 3848 abstrahendo
1215 3808 1243 3845 a
1292 3795 1707 3863 personalitate,
1744 3802 2005 3865 tanquam
2046 3809 2078 3849 a
2121 3794 2394 3864 principio
2436 3792 2697 3849 inﬂuente
2744 3793 2797 3847 in
2852 3792 3124 3847 actionem
3175 3792 3321 3846 illam
3367 3793 3709 3864 voluntatis;

423 3880 680 3950 quamvis
731 3894 843 3934 non
904 3880 1278 3935 abstraltendo
1318 3896 1352 3935 a
1405 3882 1816 3951 personalitate,
1864 3891 1925 3938 ut
1975 3889 2061 3939 est
2114 3881 2360 3936 conditio
2402 3882 2598 3953 agendi
2650 3880 2976 3936 naturaliter
3037 3881 3303 3951 requisita
3343 3899 3358 3936 :
3407 3882 3709 3939 absurdum

422 3967 641 4023 videtur
673 3968 857 4022 dicere
935 3968 987 4021 id
1029 3968 1312 4024 Christum
1356 3984 1463 4023 non
1498 3971 1768 4041 p0tuisse,
1808 3981 1863 4025 et
1902 3970 2119 4043 quoties
2168 3968 2375 4039 aliquid
2435 3970 2630 4032 voluit,
2670 3979 2765 4023 aut
2812 3969 3091 4040 appetit-it,
3123 3969 3176 4023 id
3212 3978 3425 4023 tantum
3470 3971 3714 4028 voluisse

418 4055 703 4110 counuuni
740 4057 952 4111 ratione
979 4056 1129 4121 boni,
1163 4064 1219 4110 et
1252 4056 1305 4110 in
1334 4056 1616 4127 objectnm
1648 4060 1943 4116 tetendisse
1971 4061 2219 4130 praecisis
2249 4060 2513 4115 omnibus
2542 4059 2925 4131 qualitatibus,
2950 4067 3006 4115 et
3026 4058 3438 4114 conditionibus
3460 4062 3710 4131 particu-

420 4144 655 4201 laribus.

495 4230 655 4297 Quod
697 4231 744 4287 si
781 4232 909 4303 quis
944 4232 1276 4287 sententiam
1300 4231 1619 4289 Graecorum
1650 4237 1967 4291 accuratius
2000 4238 2335 4303 consideret,
2372 4237 2533 4308 plane
2564 4234 2823 4292 videntur
2853 4236 2997 4292 hanc
3025 4236 3363 4293 voluntatem
3392 4238 3703 4307 gnomicam

419 4318 745 4375 distinxisse
777 4320 1001 4377 realiter
1038 4334 1069 4374 a
1097 4320 1339 4390 potentia
1372 4321 1485 4384 illa,
1520 4338 1685 4392 quam
1719 4334 1917 4380 vocant
1950 4325 2054 4395 ipsi
2082 4327 2412 4390 naturalem,
2448 4341 2685 4397 quaeque
2708 4326 2886 4381 oritur
2909 4341 2976 4382 ex
3012 4326 3129 4396 ipsa
3180 4337 3374 4382 natura
3414 4327 3697 4399 specit‘tca.

422 4405 694 4464 Videntur
718 4409 884 4463 etiam
920 4408 1279 4464 existimasse
1309 4409 1455 4465 hanc
1483 4412 1821 4468 voluntatem
1855 4414 2186 4483 gnomicam,
2219 4424 2275 4469 et
2321 4424 2478 4470 actus
2515 4415 2638 4483 ejus
2689 4413 2938 4470 etfective
2976 4430 3101 4470 esse
3142 4416 3210 4471 ab
3260 4415 3377 4485 ipsa
3425 4432 3688 4487 persona.

420 4496 581 4563 Quod
618 4497 665 4552 si
698 4496 773 4551 ita
804 4506 974 4563 esset,
1007 4505 1139 4552 tunc
1166 4498 1379 4553 clarum
1410 4509 1561 4555 esset
1593 4501 1646 4554 in
1679 4500 1903 4557 Christo
1930 4519 2039 4559 non
2072 4518 2234 4572 posse
2263 4504 2392 4575 poni
2426 4504 2763 4559 voluntatem
2797 4504 3108 4574 gnomicam
3149 4512 3419 4571 creatam,
3458 4522 3585 4563 cum
3635 4508 3693 4563 in

421 4580 545 4651 ipso
574 4596 680 4634 non
716 4578 880 4633 fuerit
904 4594 1137 4649 persona
1152 4588 1363 4645 creata,
1387 4596 1455 4635 ex
1479 4598 1586 4653 qua
1617 4584 1931 4653 hujusmodi
1962 4592 2213 4647 voluntas
2241 4593 2480 4646 humana
2518 4592 2769 4663 gnomica
2804 4592 3016 4647 ﬂueret.

493 4665 601 4722 Sed
638 4671 752 4722 haec
780 4665 1139 4721 fundamenta
1166 4676 1295 4722 sunt
1342 4667 1499 4723 falsa.
1548 4670 1685 4737 Quia
1727 4675 1908 4729 omnis
1940 4689 2096 4733 actus
2140 4681 2461 4746 voluntatis,
2507 4680 2909 4750 qualiscunque
2951 4682 3041 4745 sit,
3083 4680 3335 4736 ell‘ectivc
3366 4690 3452 4738 est
3498 4682 3567 4737 ab
3602 4682 3691 4739 illa

421 4757 663 4827 potentia
694 4757 912 4810 volcndi
943 4772 1066 4827 qua:
1092 4756 1213 4812 ﬂuit
1242 4772 1306 4812 ex
1352 4759 1670 4816 intrinseeis
1710 4764 1996 4835 principiis
2032 4767 2289 4823 humana:
2328 4778 2559 4824 naturaa.
2613 4769 2681 4824 Et
2716 4769 3059 4839 suppositum
3111 4771 3200 4825 hic
3237 4771 3315 4826 nil
3358 4772 3507 4826 aliud
3542 4771 3699 4839 facit,

419 4859 587 4915 quam
630 4844 777 4912 quod
818 4852 905 4898 est
937 4844 1202 4913 conditio,
1248 4846 1369 4900 sine
1416 4862 1527 4914 qua
1580 4851 1909 4907 naturaliter
1958 4853 2255 4924 loquendo,
2288 4858 2546 4912 voluntas
2578 4857 2788 4911 nullum
2840 4867 3023 4911 actum
3072 4862 3245 4928 possit
3279 4860 3513 4928 elicere,
3551 4863 3701 4917 sicut

424 4931 751 4985 naturaliter
780 4946 891 4987 non
927 4940 1109 5002 potest
1136 4933 1401 4989 exsistere
1425 4945 1582 4991 extra
1614 4940 1983 5009 suppositum.
2046 4940 2105 4996 Si
2138 4950 2315 4997 tamen
2363 4955 2517 4999 extra
2566 4957 2710 4999 esset
2735 4960 2833 5014 per
2870 4945 3112 5000 divinam
3150 4949 3477 5016 potentiam,
3530 4965 3697 5019 posse

421 5021 585 5073 etiam
647 5028 805 5075 extra
868 5021 1125 5090 operari,
1189 5035 1291 5076 nec
1351 5023 1660 5093 requireret
1729 5027 1872 5083 hanc
1926 5029 2299 5085 conditionem
2365 5032 2672 5103 suppositi,
2728 5040 2787 5093 ut
2861 5033 3021 5088 docet
3081 5036 3245 5089 etiam
3320 5034 3508 5091 Suare'
3586 5038 3708 5095 loco

421 5107 612 5161 citato.

494 5195 573 5249 Ad
600 5194 840 5265 primum
882 5208 1269 5265 argumentum
1292 5197 1496 5266 Photii,
1523 5211 1751 5275 negatur
1775 5205 1972 5276 major.
2023 5206 2163 5273 Quia
2193 5207 2450 5263 voluntas
2478 5208 2729 5279 gnomiea
2757 5218 2842 5263 est
2883 5221 3113 5275 naturzn,
3149 5228 3257 5267 non
3291 5227 3562 5282 personae,
3596 5213 3705 5272 nisi

422 5292 697 5369 quatenus
735 5298 967 5352 persona
1000 5296 1084 5339 est
1107 5286 1372 5355 conditio,
1411 5289 1531 5345 sine
1571 5307 1680 5362 qua
1722 5294 1978 5350 voluntas
2008 5296 2339 5351 naturaliter
2360 5309 2542 5351 actum
2577 5313 2684 5351 non
2717 5297 2962 5353 eliceret.
2995 5299 3076 5354 Ad
3109 5301 3493 5369 probationem
3536 5302 3703 5359 dico:

422 5368 577 5425 Licet
600 5369 654 5423 in
686 5371 922 5440 singulis
948 5372 1263 5429 hominibus
1296 5376 1369 5430 sit
1400 5377 1590 5434 eadem
1614 5380 1869 5437 voluntas
1896 5384 2203 5439 secundum
2248 5384 2510 5454 speciem,
2543 5384 2939 5456 multiplicatur
2967 5368 3148 5443 tamen
3190 5388 3604 5447 individualiter
3644 5392 3700 5448 in

421 5456 676 5549 singulis.
718 5457 959 5549 Et,_licet
981 5460 1231 5517 voluntas
1254 5462 1308 5517 in
1347 5467 1627 5522 communi
1647 5469 1934 5525 abstrahat
1971 5475 2000 5525 ξι
2039 5480 2215 5536 tanto,
2248 5474 2335 5527 vel
2376 5482 2549 5538 tanto,
2591 5483 2722 5537 etc.,
2748 5482 2802 5529 et
2830 5474 2899 5528 ab
2931 5475 3054 5531 aliis
3090 5478 3502 5535 conditionibus
3533 5481 3704 5549 parti-

416 5546 699 5603 cularihus
732 5546 1119 5615 objectorum;
1152 5566 1260 5605 non
1301 5565 1572 5625 repugnat
1601 5566 1782 5613 tamen
1826 5559 1903 5613 illi
1937 5560 2075 5614 velle
2102 5569 2341 5626 tantum,
2368 5561 2450 5615 vel
2484 5570 2720 5625 tantum,
2762 5573 2899 5628 etc.;
2958 5564 3070 5619 imo
3094 5565 3198 5620 hoc
3234 5566 3284 5621 ei
3311 5575 3396 5622 est
3425 5546 3700 5633 naturale.

416 5652 486 5694 eo
514 5638 656 5727 ipso,
691 5636 841 5727 quod
864 5637 1051 5692 omnia
1078 5637 1181 5694 ista
1210 5643 1565 5700 continentur
1599 5648 1740 5703 intra
1777 5649 2123 5705 latitudinem
2152 5651 2235 5704 sui
2264 5649 2488 5720 objecti,
2521 5652 2665 5720 quod
2698 5660 2785 5706 est
2812 5651 3016 5707 bonum
3042 5670 3058 5707 ε
3095 5654 3238 5708 sicut
3263 5655 3425 5711 etiam
3456 5658 3699 5727 potentia

419 5725 761 5816 intelligendi
795 5740 906 5816 non
935 5734 1148 5816 tantum
1182 5738 1361 5799 potest
1381 5735 1603 5791 tendere
1630 5737 1683 5792 in
1708 5754 1899 5793 verum
1932 5739 1987 5794 in
2015 5738 2322 5801 communi,
2354 5738 2449 5794 sed
2477 5739 2640 5794 etiam
2670 5739 2723 5794 in
2750 5741 2855 5796 hoc
2881 5742 2963 5796 vel
2983 5742 3111 5798 illud
3139 5760 3326 5799 verum
3346 5725 3699 5816 particulam.

422 5816 526 5869 loc
555 5813 640 5869 vel
671 5813 764 5867 illo
784 5813 896 5867 veri
931 5814 1399 5905 modo‘atl‘ectum.
1438 5821 1621 5885 Quare
1650 5827 1815 5882 etiam
1846 5828 2112 5883 voluntati
2143 5830 2418 5894 humanm,
2452 5839 2513 5884 ut
2535 5829 2790 5885 voluntas
2828 5840 2934 5896 est,
2970 5833 3242 5900 convenit,
3276 5813 3534 5905 ill—p085“
3563 5835 3701 5890 velte

427 5905 657 5983 bonum,
693 5908 975 6054 etPomnes
1005 5901 1343 6055 digerentias
1379 5908 1505 5967 boni
1536 5929 1549 5967 :
1582 5914 1736 5982 item,
1779 5926 1839 5971 ut
1869 5917 2041 5988 possit
2071 5916 2511 5997 fugeremalum,
2547 5926 2603 5974 et
2628 5932 2821 5974 omnes
2841 5919 3173 5977 dill‘ercntias
3198 5901 3520 5978 maliaNam
3551 5924 3698 5995 quod

771 6010 1015 6054 'ATROL.
1118 6013 1180 6055 ιι.
1229 5998 1325 6055 Cl.
2480 6002 2483 6005 ’
3228 6016 3302 6055 ιιΩ

771 5998 1015 6054 ’ATROL.
1064 5998 1180 6055 Gn.
1229 5998 1325 6060 Cl.

2480 6002 2483 6005 ’
3228 6016 3302 6077 18
