4158 6458
488 401 591 466 5,7
1661 397 1923 459 rnorn
1958 396 2465 458 mmmam:
2500 398 2609 460 er.
3667 397 3773 466 548

484 525 675 588 postea
704 512 992 569 actualitcr
1019 512 1123 568 iste
1149 512 1231 568 vel
1256 512 1357 569 iste
1380 528 1489 568 non
1522 524 1797 577 versatur,
1840 512 1988 567 circa
2022 511 2412 581 appetitionem
2454 513 2618 584 hujus
2649 512 2733 569 vel
2766 512 2912 570 illius
2954 513 3009 569 in
3059 513 3364 579 individuo,
3397 526 3521 567 cum
3562 514 3655 568 tali
3689 519 3771 572 vel

487 605 579 661 tali
616 602 800 665 modo,
835 615 931 670 per
958 600 1214 656 accidens
1244 609 1369 656 est:
1406 608 1619 672 posset,
1653 602 1700 656 si
1727 600 1908 665 vellet,
1932 608 2203 669 quantum
2234 608 2319 653 est
2350 600 2578 669 praecise
2605 615 2669 655 ex
2715 600 2834 671 ipsa
2875 601 3178 665 voluntate,
3213 610 3335 670 Quae
3378 602 3450 656 ita
3499 611 3586 656 est
3621 619 3772 657 eom-

486 700 699 763 parata,
727 699 786 744 ut
812 690 978 743 homo
1007 704 1102 758 per
1140 689 1288 744 illam
1321 690 1495 759 possit
1525 690 1748 745 tendere
1777 690 1830 743 in
1862 688 2236 759 quodcunque
2265 687 2598 757 particulare
2646 687 2874 755 henum,
2924 692 3026 744 sub
3060 703 3394 758 quocunque
3449 689 3636 753 modo,
3678 690 3768 760 qui

486 782 556 836 sit
586 782 728 833 intra
759 778 1105 833 latitudinem
1140 778 1335 848 objecti
1362 777 1664 833 voluntatis
1693 778 1746 831 in
1779 775 2084 831 communi.

554 870 637 923 Ex
674 869 876 938 quibus
901 877 1127 937 apparet
1147 868 1310 922 etiam
1339 868 1392 920 in
1421 866 1643 921 Christo
1676 867 1820 920 hanc
1846 865 2184 919 voluntatem
2218 877 2381 931 posse
2414 862 2563 933 poni,
2596 879 2704 917 non
2737 870 2949 918 tantum
2983 863 3036 916 in
3066 871 3216 927 actu,
3242 865 3398 932 quasi
3424 865 3632 935 primo,
3667 864 3761 919 sed

482 957 647 1011 etiam
682 956 735 1009 in
763 965 1025 1010 secundo.
1060 953 1248 1023 Neque
1269 954 1416 1008 enim
1442 954 1607 1008 ullam
1652 952 2121 1022 imperfectionem
2170 949 2400 1004 includit
2445 951 2583 1003 velle
2606 959 2821 1005 tantum
2868 950 2954 1004 vel
2992 960 3227 1015 tantum,
3275 952 3434 1007 dulce
3487 952 3569 1007 vel
3617 968 3769 1007 ama-

485 1061 629 1107 rum,
659 1053 766 1098 etc.
796 1041 861 1095 Et
892 1058 1015 1097 cum
1044 1042 1300 1096 voluntas
1331 1042 1444 1095 hate
1473 1041 1727 1111 gnomica
1802 1055 1911 1094 non
1948 1038 2020 1093 sit
2069 1054 2097 1091 a
2129 1051 2386 1106 persona,
2413 1046 2671 1105 tanquam
2702 1053 2729 1090 a
2766 1039 3043 1107 principio
3073 1040 3456 1103 ennmationis,
3506 1049 3599 1092 aut
3635 1038 3767 1092 elle-

485 1133 650 1195 clivo,
685 1132 759 1185 nil
791 1131 979 1194 refert,
1006 1146 1137 1184 num
1169 1130 1403 1185 exsistat
1437 1130 1490 1183 in
1519 1129 1799 1201 hypostasi
1833 1128 2074 1181 humana
2101 1134 2155 1179 et
2179 1133 2381 1187 creata,
2422 1134 2481 1179 ut
2518 1127 2576 1178 fit
2606 1125 2658 1178 in
2686 1126 2810 1179 aliis
2843 1125 3162 1180 hominibus
3196 1141 3210 1179 :
3257 1143 3325 1180 an
3349 1143 3484 1180 vero
3512 1128 3564 1180 in
3597 1129 3769 1197 hypo-

485 1222 618 1275 stasi
646 1220 910 1284 inereata,
946 1228 999 1274 et
1027 1219 1233 1284 divina,
1265 1226 1325 1272 ut
1348 1218 1617 1287 contingit
1647 1217 1701 1271 in
1722 1215 1983 1281 Christo;
2022 1229 2146 1268 cum
2181 1213 2489 1284 hypostasis
2527 1214 2600 1267 sit
2648 1213 2910 1268 voluntati
2957 1223 3168 1269 tantunt
3226 1216 3469 1269 conditio
3508 1215 3628 1269 sine
3660 1232 3769 1285 qua

486 1320 593 1359 non
625 1303 841 1372 agendi.

556 1392 637 1445 Ad
670 1389 970 1445 secundum
1008 1398 1399 1459 argumentum
1426 1385 1603 1441 Photii
1647 1394 1878 1457 negatur
1909 1386 2253 1443 antecedens.
2281 1383 2419 1440 Nam
2450 1386 2776 1442 electionem
2825 1402 2948 1443 esse
2993 1388 3049 1442 in
3097 1388 3326 1443 Christo
3371 1399 3520 1460 patet
3570 1407 3631 1445 ex
3676 1391 3772 1446 illo

486 1477 642 1531 [sane
674 1478 791 1545 (vn,
835 1475 919 1546 15)
958 1490 970 1526 :
1006 1474 1269 1543 Buiyrum
1301 1482 1350 1526 et
1383 1471 1483 1526 mel
1529 1474 1782 1535 comedet,
1815 1470 2028 1523 utsciat
2072 1474 2353 1543 reprobare
2399 1475 2621 1539 malum,
2656 1486 2703 1529 et
2733 1476 2923 1546 eligere
2959 1475 3171 1531 bonum.
3213 1476 3323 1532 Nec
3351 1489 3427 1532 est
3464 1478 3528 1532 de
3559 1480 3772 1534 ratione

484 1563 793 1625 electionis,
827 1570 885 1613 ut
909 1560 1077 1631 possit
1109 1561 1272 1627 etiam
1308 1560 1511 1612 malum
1544 1560 1765 1628 eligere.
1800 1555 1947 1613 Satis
1984 1568 2088 1623 est,
2120 1566 2180 1612 ut
2213 1560 2409 1612 habeat
2456 1558 2889 1615 imlill‘erentiam
2935 1572 3186 1631 respectu
3231 1562 3530 1618 bonorum.
3597 1563 3661 1618 Et
3713 1565 3769 1619 in

486 1651 703 1706 Christo
731 1658 811 1703 est
843 1642 1073 1703 liberum
1109 1647 1421 1711 arbitrium,
1449 1656 1510 1700 ut
1552 1658 1739 1715 postea
1778 1647 2085 1701 videbimus
2116 1665 2128 1698 :
2168 1663 2300 1716 ergo
2336 1646 2500 1701 etiam
2530 1647 2747 1703 electio.

553 1739 633 1793 Ad
671 1738 892 1792 tertium
925 1746 1313 1807 argumentum
1346 1735 1732 1803 respondetur,
1782 1735 2117 1799 voluntatem
2142 1734 2436 1788 humanam
2467 1736 2779 1805 gnomicam
2810 1736 3016 1791 Christi
3048 1738 3439 1792 individualem
3487 1737 3710 1793 diﬂ'erre
3740 1758 3773 1795 a

484 1822 857 1877 voluntatibus
891 1820 1163 1890 gnomicis
1212 1819 1553 1890 singulorum
1611 1818 1915 1883 hominum,
1953 1826 2009 1872 et
2058 1817 2278 1877 dill’erre
2328 1825 2493 1878 etiam
2557 1823 2776 1880 realiter
2814 1841 2849 1880 a
2886 1826 3167 1881 voluntate
3215 1825 3396 1881 Patris
3429 1836 3484 1882 et
3531 1826 3774 1898 Spir-ius

486 1913 683 1978 sancti,
711 1912 823 1968 sive
848 1918 1123 1980 speetetur
1154 1918 1211 1962 ut
1249 1922 1335 1964 est
1365 1908 1629 1978 potentia,
1668 1908 1784 1963 sive
1815 1917 1875 1962 ut
1906 1916 1990 1963 est
2020 1918 2195 1965 actus.

556 2002 819 2067 Quartum
850 2006 1236 2069 argumentum
1270 1994 1343 2050 nil
1368 1995 1531 2049 valet.
1562 1993 1699 2049 Nam
1734 1995 1986 2051 voluntas
2013 1997 2264 2066 gnomica
2292 2008 2375 2054 est
2398 2007 2575 2064 actus,
2628 2015 2737 2056 non
2783 2001 3046 2072 potentia.
3080 2000 3146 2057 Et
3188 2003 3233 2056 si
3266 2010 3351 2058 est
3391 2004 3653 2074 potentia,
3689 2012 3776 2060 est

486 2089 674 2144 eadem
708 2087 948 2157 potentia
975 2085 1277 2141 secundum
1303 2085 1590 2139 entitatem
1615 2100 1743 2140 cum
1768 2086 2050 2140 voluntate
2079 2087 2339 2151 naturali,
2370 2098 2424 2143 et
2459 2090 2750 2159 specilica;
2780 2099 2834 2145 et
2862 2090 2943 2145 sic
2972 2090 3123 2145 nulla
3172 2103 3258 2146 est
3293 2093 3623 2162 compositio
3678 2110 3777 2147 vo-

487 2176 762 2229 luntatum
791 2194 805 2231 :
837 2174 931 2229 sed
964 2181 1094 2227 sunt
1127 2182 1336 2226 tantum
1367 2171 1598 2227 diversa:
1628 2172 1892 2239 rationes,
1918 2174 2159 2229 fundata:
2184 2175 2239 2229 in
2267 2176 2458 2231 eadem
2491 2179 2719 2233 cntitate
2753 2179 3072 2234 voluntatis.
3111 2178 3176 2234 Et
3209 2193 3637 2250 consequenter,
3671 2197 3779 2235 nec

487 2265 585 2319 erit
623 2264 953 2335 compositio
989 2272 1338 2317 naturarum.
1372 2261 1459 2325 Et,
1502 2263 1547 2317 si
1593 2272 1981 2333 argumentum
2023 2261 2248 2326 valeret,
2279 2263 2537 2333 probaret
2565 2266 2731 2319 etiam
2763 2264 2816 2319 in
2847 2266 3083 2336 singulis
3119 2267 3433 2321 hominibus
3465 2284 3590 2322 esse
3618 2284 3773 2323 com-

486 2355 719 2424 positam
751 2354 1110 2418 voluntatem,
1146 2362 1200 2406 et
1239 2362 1639 2420 consequenter
1685 2351 2046 2422 compositam
2076 2360 2327 2405 naturam
2354 2368 2416 2407 ex
2447 2352 2662 2411 duabus
2690 2356 2905 2412 naturis
2942 2354 3225 2428 perfectis,
3270 2366 3325 2412 et
3362 2356 3591 2428 integris
3629 2375 3643 2413 :
3675 2373 3781 2412 na-

489 2458 665 2497 turam
691 2442 839 2495 enim
864 2457 929 2494 ex
959 2439 1291 2510 imperfectis
1322 2439 1532 2494 naturis
1553 2440 1807 2508 componi
1844 2439 1919 2493 nil
1949 2447 2035 2495 est
2062 2438 2312 2492 absurdi.

558 2529 637 2582 Ad
667 2528 921 2599 quintum
954 2539 1204 2600 negatur,
1242 2530 1309 2584 de
1346 2529 1558 2583 ratione
1580 2526 1800 2581 consilii
1825 2541 1950 2581 esse
1981 2526 2372 2598 ignorantiam,
2421 2526 2506 2583 vel
2537 2528 2957 2586 dubitationem.
3008 2530 3165 2588 Licet
3210 2531 3358 2587 enim
3410 2531 3465 2587 in
3517 2532 3674 2588 nobis
3717 2534 3779 2591 ἰεΙ

488 2620 563 2672 ita
609 2619 844 2681 accidat,
891 2630 958 2672 eo
993 2617 1138 2686 quod
1188 2633 1297 2671 non
1348 2614 1652 2670 habeamus
1701 2614 2075 2684 cognitionem
2124 2618 2373 2674 omnium
2411 2635 2617 2687 rerum,
2666 2622 2810 2677 sicut
2857 2620 3115 2677 Christus
3150 2622 3427 2689 habebat;
3479 2624 3779 2680 consilium

487 2717 668 2761 tamen
704 2722 799 2776 prl'
823 2722 905 2772 se,
940 2721 1046 2760 non
1072 2705 1303 2761 includit
1326 2703 1697 2777 ignorantiam
1740 2711 1796 2757 et
1838 2703 2263 2760 dubitationem.
2307 2707 2464 2775 Quod
2495 2718 2706 2765 certmn
2758 2723 2865 2779 est,
2916 2711 2961 2767 si
3002 2713 3297 2767 consilium
3331 2713 3636 2783 accipiatur
3676 2730 3785 2784 pro

491 2796 609 2864 ipso
637 2794 869 2864 judicio,
895 2808 994 2848 seu
1015 2793 1311 2859 sententia,
1340 2808 1449 2863 qua
1486 2806 1582 2862 per
1610 2790 1879 2844 rationem
1922 2793 2290 2860 concluditur,
2324 2797 2455 2867 quid
2485 2798 2558 2852 sit
2595 2799 2887 2868 agendum.
2910 2798 3033 2867 Quo
3074 2810 3232 2870 pacto
3279 2801 3569 2855 consilium
3610 2802 3785 2855 etiam

491 2885 545 2937 in
574 2883 682 2936 Deo
713 2880 839 2950 poni
871 2889 1073 2949 potest.
1106 2880 1162 2934 Si
1201 2895 1331 2935 vero
1361 2877 1655 2934 consilium
1684 2877 1989 2947 accipiatur
2023 2896 2121 2951 pro
2161 2884 2532 2955 inquisitione
2578 2888 2645 2942 de
2669 2904 2754 2955 eo,
2794 2890 2938 2957 quod
2979 2899 3064 2943 est
3091 2890 3361 2959 agendum
3397 2905 3412 2944 :
3444 2890 3524 2945 sic
3552 2889 3780 2959 quidem

490 2974 545 3027 in
577 2972 735 3026 nobis
771 2969 1015 3041 procedit
1043 2968 1336 3023 consilium
1370 2983 1437 3023 ex
1460 2966 1771 3037 ignorantia
1797 2975 1850 3020 et
1878 2967 2254 3041 dubitatione;
2289 2976 2341 3029 in
2380 2975 2604 3031 Christo
2638 2988 2823 3031 tamen
2879 2986 3089 3031 tantum
3133 2978 3467 3033 connotabat
3515 2994 3780 3049 progreso

492 3076 613 3116 sum
644 3059 710 3112 ab
739 3072 848 3114 uno
871 3056 937 3112 ad
965 3058 1220 3119 alterum,
1256 3056 1465 3125 absque
1494 3054 1805 3121 ignorantia
1833 3055 1913 3108 vel
1946 3054 2139 3115 dubio.
2168 3062 2279 3118 Nec
2311 3065 2415 3120 hoc
2437 3068 2613 3137 magis
2634 3078 2719 3121 est
2753 3068 3070 3132 absurdum,
3120 3083 3286 3137 quam
3340 3068 3483 3137 quod
3516 3067 3781 3124 Christus

489 3149 847 3203 discurrendo
907 3160 1003 3215 per
1055 3143 1413 3209 intellectum,
1467 3142 1797 3212 procedebat
1840 3158 1868 3196 a
1917 3147 2219 3214 praemissis
2255 3152 2418 3219 notis,
2462 3154 2529 3208 ad
2583 3155 2995 3209 conclusionem
3043 3164 3272 3220 notam;
3318 3155 3447 3210 licet
3490 3157 3783 3212 discursus

489 3239 698 3292 dicatur
723 3250 846 3290 esse
875 3250 904 3288 a
940 3242 1072 3287 noto
1101 3236 1168 3287 ad
1201 3232 1447 3303 ignotum
1480 3251 1493 3287 :
1548 3233 1643 3289 sed
1682 3233 1789 3288 hoc
1835 3247 1933 3301 per
1978 3236 2254 3305 accidens,
2282 3253 2340 3296 ut
2369 3252 2520 3313 patet
2560 3244 2724 3299 etiam
2766 3245 2821 3298 in
2861 3244 2982 3300 viro
3025 3243 3215 3310 docto,
3258 3260 3383 3300 cum
3429 3246 3782 3319 syllogismos

488 3326 621 3380 facit
659 3324 727 3380 de
773 3323 1129 3379 conclusione
1180 3322 1289 3376 Sibi
1350 3337 1458 3375 n0n
1503 3322 1712 3393 ignota.
1762 3320 1923 3391 Ergo,
1975 3323 2118 3378 sicut
2156 3326 2409 3387 Christus
2452 3331 2555 3387 fuit
2602 3332 2924 3386 discursivus
2977 3332 3095 3388 sine
3133 3333 3508 3401 dubitatione;
3561 3336 3634 3390 ita
3676 3337 3784 3391 fuit

489 3414 651 3469 etiam
683 3411 1051 3467 consilialiuus
1079 3410 1200 3465 sine
1231 3410 1562 3480 ignorantia,
1614 3421 1721 3465 etc.
1778 3408 1895 3465 Nisi
1944 3413 2069 3480 quis
2101 3418 2403 3472 secundum
2455 3422 2810 3481 sententiam,
2859 3435 2985 3490 quae
3042 3429 3203 3491 negat
3246 3422 3525 3478 Christum
3578 3425 3783 3480 habere

492 3507 780 3561 scientiam
815 3503 1148 3573 acquisitam
1196 3517 1225 3554 a
1271 3502 1450 3571 primo
1496 3500 1722 3556 instanti
1758 3501 2175 3571 incarnationis,
2215 3504 2398 3561 dicere
2442 3508 2588 3569 velit,
2624 3510 2839 3564 ratione
2884 3508 3126 3564 scientia:
3170 3512 3420 3578 practica:
3474 3516 3779 3586 acquisita;

490 3612 614 3651 eum
650 3593 908 3649 habuisse
949 3591 1241 3646 consilium
1286 3589 1528 3645 secundo
1567 3590 1728 3644 modo
1759 3601 2042 3661 sumptum
2075 3593 2143 3647 de
2173 3607 2263 3658 eo,
2293 3592 2443 3663 quod
2474 3595 2774 3660 nesciebat,
2804 3610 2913 3649 non
2946 3596 3287 3666 simpliciter,
3330 3601 3424 3653 sed
3472 3616 3569 3669 per
3596 3605 3784 3657 scien-

492 3686 623 3739 tiam
649 3683 999 3753 acquisitam.
1039 3682 1152 3735 Etsi
1182 3680 1638 3735 duhitatioetiatn
1666 3681 1754 3736 hic
1787 3680 2056 3737 removeri
2082 3680 2478 3756 debet.»Neque
2515 3699 2662 3741 enim
2696 3683 2749 3738 in
2790 3684 3013 3741 Christo
3046 3685 3191 3741 ullus
3225 3687 3329 3741 fuit
3358 3696 3517 3743 actus
3561 3690 3780 3746 intelle-

492 3772 693 3828 ctualis
722 3770 1084 3825 dubitativus.

562 3859 698 3915 Esse
728 3866 910 3912 autem
944 3859 999 3912 in
1028 3855 1252 3911 Christo
1290 3854 1608 3923 consilium,
1635 3858 1855 3914 videtur
1901 3859 2065 3914 etiam
2102 3860 2326 3931 planum
2369 3862 2485 3919 ﬁeri
2514 3879 2579 3919 ex
2626 3878 2716 3929 eo,
2746 3862 2894 3934 quod
2929 3863 3000 3921 ab
3033 3863 3181 3921 Isaia
3224 3864 3322 3938 (ut,
3355 3867 3410 3936 ϐ)
3471 3868 3781 3937 appellatur

493 3948 673 4019 magni
704 3944 918 4000 consilii
950 3944 1195 4015 angelus.
1234 3942 1336 3999 Ubi
1368 3962 1570 4002 nomen
1602 3949 1816 4003 consilii
1864 3963 1975 4002 non
2007 3959 2219 4004 tantum
2250 3947 2568 4020 imprOprie,
2600 3962 2702 4018 pro
2743 3964 2969 4019 gnome,
2999 3964 3097 4004 seu
3136 3953 3431 4015 sententia,
3461 3952 3555 4005 sed
3609 3954 3778 4007 etiam

496 4053 591 4108 pro
625 4039 741 4106 ipsa
774 4033 1135 4104 inquisitione
1163 4036 1500 4106 agendorum
1541 4036 1716 4105 accipi
1745 4043 1946 4107 potest.

566 4126 645 4178 Ad
670 4134 884 4178 sextum
910 4133 1295 4193 argumentum
1318 4121 1501 4179 Photii
1531 4125 1917 4194 respondetur,
1969 4122 2043 4177 nil
2078 4124 2225 4179 aliud
2259 4124 2499 4195 probari,
2527 4138 2693 4194 quam
2740 4123 3077 4178 voluntatem
3119 4126 3426 4195 gnomicam
3464 4141 3571 4180 non
3605 4126 3780 4183 fuisse

494 4216 547 4266 in
575 4212 794 4267 Christo
826 4226 951 4265 cum
985 4211 1366 4281 peccabilitate
1400 4229 1414 4265 :
1440 4228 1563 4281 quae
1592 4228 1698 4267 nou
1729 4221 1811 4267 est
1845 4210 2131 4282 perfectio,
2163 4210 2256 4264 sed
2286 4208 2650 4279 imperfectio.

563 4301 641 4354 Ad
673 4301 968 4369 septimum
994 4297 1357 4367 respOndetur
1380 4302 1570 4355 eodem
1612 4300 1800 4355 modo.
1822 4298 1942 4355 Non
1969 4300 2115 4353 enim
2145 4307 2230 4354 est
2258 4299 2324 4351 de
2353 4299 2565 4352 ratione
2596 4293 2894 4351 voluntatis
2917 4295 3208 4365 gnomieae,
3245 4307 3302 4352 ut
3336 4297 3515 4367 possit
3550 4297 3782 4353 tendere

495 4389 548 4444 in
593 4392 793 4442 lmnum
828 4388 956 4441 etin
992 4387 1197 4440 malum
1236 4405 1250 4440 :
1289 4388 1437 4441 sicut
1477 4403 1653 4458 neque
1682 4396 1767 4441 est
1799 4388 1864 4441 de
1894 4386 2108 4440 ratione
2136 4385 2290 4438 liberi
2323 4384 2557 4449 arbitrii,
2584 4394 2641 4438 ut
2680 4393 2827 4454 patet
2862 4384 2915 4437 in
2952 4385 3081 4450 Deo,
3112 4394 3218 4439 etc.

566 4477 645 4531 Ad
681 4477 753 4541 id,
782 4475 926 4545 quod
967 4473 1202 4529 Photins
1251 4477 1399 4530 addit
1434 4478 1501 4529 de
1534 4478 1818 4528 voluntate
1870 4474 2060 4527 divina
2115 4474 2389 4543 gnomiea,
2440 4473 2805 4542 respondetur
2838 4490 2852 4526 :
2910 4472 3244 4528 voluntatem
3291 4473 3533 4528 divinam
3569 4473 3777 4530 Christi

496 4566 806 4635 gnomicam
858 4563 1084 4617 entitate
1130 4579 1251 4616 esse
1292 4579 1453 4616 unam
1495 4565 1855 4631 eamdemque
1898 4576 2022 4615 cum
2066 4562 2343 4615 voluntate
2375 4558 2577 4625 Patris,
2618 4568 2675 4616 et
2717 4558 2955 4629 Spiritus
2977 4564 3173 4615 sancti.
3202 4559 3356 4615 Sicut
3389 4560 3552 4615 etiam
3589 4577 3696 4615 una
3720 4573 3777 4616 ct

497 4654 687 4707 eadem
721 4661 828 4716 est,
864 4651 1044 4720 quoad
1078 4660 1285 4705 actum.
1317 4650 1372 4705 Si
1410 4653 1555 4706 enim
1592 4650 1848 4705 voluntas
1896 4648 2149 4720 gnotnica
2182 4648 2466 4703 hominum
2504 4662 2611 4701 non
2635 4647 2988 4714 distinguitur
3031 4665 3061 4701 a
3104 4648 3381 4703 voluntate
3407 4649 3641 4703 naturali
3686 4665 3776 4704 se-

498 4742 737 4795 cundent
772 4742 1086 4803 entitatem,
1120 4738 1291 4793 multo
1326 4739 1509 4793 minus
1530 4737 1903 4806 distinguctur
1936 4737 1990 4790 in
2024 4736 2246 4791 divinis.
2274 4735 2341 4790 Et
2370 4735 2622 4805 quamvis
2651 4735 2704 4789 in
2731 4735 3069 4803 hominibus,
3112 4739 3291 4806 quoad
3324 4746 3530 4802 actum,
3561 4738 3775 4793 differat

496 4830 749 4884 voluntas
845 4826 1120 4897 gnomica,
1203 4843 1311 4880 non
1362 4826 1551 4893 modo,
1609 4833 1883 4895 quatenus
1954 4824 2305 4881 individualis
2394 4836 2551 4881 actus
2632 4826 2798 4882 unius
2865 4841 2973 4881 non
3038 4837 3121 4883 est
3187 4827 3540 4884 individualis
3619 4840 3780 4883 actus

496 4920 764 4973 alterius:
830 4916 924 4972 sed
993 4915 1179 4979 etiam,
1248 4925 1523 4983 quatenus
1589 4930 1734 4967 unus
1806 4912 1944 4977 vult,
2020 4914 2156 4966 alter
2214 4927 2324 4966 non
2396 4913 2536 4977 vult,
2591 4922 2651 4967 ut
2702 4923 2975 4982 quatenus
3034 4917 3137 4970 iste
3193 4917 3307 4971 vult
3398 4917 3582 4981 dulce,
3637 4917 3776 4970 alter

499 5022 774 5071 amarum,
841 5016 897 5059 et
957 5005 1038 5059 sic
1086 5004 1190 5059 sibi
1241 5014 1433 5058 mutuo
1492 5004 1563 5058 ob
1631 5003 1811 5057 varias
1842 5004 2144 5056 sententias
2175 5012 2521 5073 repugnant:
2560 5012 2742 5057 tamen
2773 5004 2829 5059 in
2858 5004 3059 5059 divinis
3090 5006 3327 5061 hocnon
3358 5008 3450 5061 fit:
3492 5006 3587 5061 sed
3617 5015 3782 5061 actus

499 5096 795 5151 voluntatis
824 5093 986 5147 unius
1019 5107 1287 5162 personae,
1325 5100 1409 5145 est
1464 5091 1789 5161 simpliciter
1823 5090 1989 5143 etiam
2036 5101 2192 5145 actus
2247 5091 2476 5145 alterius
2535 5092 2843 5146 secundum
2890 5093 3200 5149 cntitatem.
3243 5092 3355 5147 Nec
3388 5110 3495 5148 una
3536 5109 3773 5163 persona

499 5186 615 5239 vult
647 5186 769 5247 hoc,
806 5182 912 5236 alia
944 5180 1098 5245 illud,
1132 5188 1356 5250 propter
1387 5178 1635 5249 ejusdem
1680 5194 1912 5236 numero
1938 5191 2170 5240 naturae,
2196 5187 2252 5232 et
2281 5190 2681 5247 consequenter
2704 5179 3001 5236 voluntatis
3032 5183 3587 5237 communicationem
3621 5200 3634 5235 :
3676 5183 3771 5236 sed

498 5273 783 5328 numerica
824 5270 940 5324 haec
976 5267 1257 5323 distinctio
1292 5278 1536 5333 actuum,
1573 5277 1625 5323 et
1656 5271 2017 5339 repugnantia
2052 5267 2199 5322 circa
2230 5260 2471 5329 objecta,
2505 5277 2613 5316 non
2638 5272 2726 5317 est
2759 5265 3085 5333 simpliciter
3115 5266 3183 5319 de
3223 5266 3436 5320 ratione
3468 5267 3779 5321 voluntatis

501 5358 791 5428 gnomicaz,
820 5356 885 5408 ad
905 5352 1065 5423 cujus
1096 5353 1364 5406 rationem
1393 5353 1498 5407 hoc
1529 5361 1740 5407 tantum
1775 5354 2032 5422 pertinet,
2059 5360 2117 5405 ut
2143 5350 2214 5405 sit
2241 5347 2477 5417 alicujus
2504 5348 2794 5413 individui,
2828 5360 2884 5405 et
2908 5352 3291 5420 proﬁciscatur
3323 5370 3389 5407 ex
3422 5369 3641 5423 gnome,
3677 5370 3775 5409 seu

500 5447 768 5501 sententia
797 5446 1130 5513 decretoque
1153 5443 1386 5498 rationis
1414 5443 1563 5499 circa
1596 5444 1817 5514 agibile,
1849 5454 1904 5499 et
1933 5452 1994 5499 ut
2022 5450 2273 5498 versetur
2303 5440 2452 5495 circa
2482 5440 2763 5510 ohjectum
2793 5441 3089 5499 voluntatis
3114 5444 3445 5507 conditione,
3483 5444 3564 5498 vel
3594 5446 3773 5513 quali-

503 5545 617 5590 tate
637 5536 817 5604 aliqua
844 5533 1125 5599 allectum,
1167 5540 1228 5585 ut
1254 5542 1339 5587 est
1371 5542 1584 5588 tantum
1620 5534 1701 5589 vel
1728 5542 1963 5596 tantum,
1998 5533 2156 5587 dulce
2183 5528 2266 5583 vel
2302 5542 2577 5581 amarum.
2616 5528 2679 5582 Et
2710 5529 2858 5597 quod
2890 5530 2946 5584 in
2976 5531 3177 5587 divinis
3220 5548 3330 5585 non
3363 5532 3431 5585 sit
3467 5547 3782 5601 repugnan-

502 5626 576 5678 tia
602 5620 923 5687 volunmis,
956 5635 1057 5675 nec
1090 5619 1270 5689 quoad
1312 5628 1518 5687 actum,
1561 5636 1661 5675 nec
1699 5621 1882 5690 quoad
1929 5621 2157 5675 volitum
2198 5615 2451 5681 formale,
2496 5616 2580 5670 vel
2621 5618 2928 5682 materiale,
2968 5618 3022 5674 id
3064 5619 3125 5673 fit
3167 5630 3391 5689 propter
3438 5620 3771 5674 identitatem

501 5710 749 5779 ejusdem
778 5715 1011 5762 naturae.
1042 5706 1110 5760 Et
1138 5706 1185 5761 si
1228 5708 1279 5759 in
1315 5709 1593 5773 humanis,
1629 5709 1776 5762 verbi
1810 5708 2008 5779 gratia,
2045 5717 2154 5762 tres
2192 5720 2440 5777 personae
2468 5706 2963 5776 communicarent,
2996 5717 3049 5763 et
3075 5710 3488 5779 suppositarent
3524 5708 3772 5763 eamdem

500 5810 774 5863 naturam,
807 5811 915 5849 non
947 5804 1097 5850 esset
1122 5793 1286 5848 etiam
1319 5796 1430 5848 ulla
1463 5796 1762 5851 diversitas
1790 5797 1844 5849 in
1880 5795 2199 5863 voluntate;
2238 5804 2292 5847 et
2326 5802 2505 5847 tamen
2550 5792 2753 5861 Optime
2781 5809 3071 5864 possemus
3102 5795 3176 5853 ibi
3207 5796 3546 5853 constituere
3580 5794 3777 5851 volun-

502 5897 671 5943 tatem
699 5883 1031 5955 giiomicam,
1068 5900 1135 5941 eo
1160 5882 1348 5952 modo,
1376 5897 1488 5953 quo
1527 5883 1779 5939 voluntas
1804 5884 1911 5941 ista
1940 5882 2211 5939 hactenus
2246 5880 2517 5951 explicata
2550 5890 2663 5936 est.
