4158 6484
400 391 507 472 549

1262 406 1352 467 AD
1392 403 1990 466 AMPHILOCHIUM
2038 406 2385 478 ΟΗᾸΞΞΤΙΟ
2420 410 2682 471 LXXXI.

3563 414 3669 480 550

468 500 598 576 Ἰἰειιο
628 519 697 575 de
724 519 1063 590 argumentis
1086 518 1290 583 Pbotii,
1315 519 1410 589 qui
1436 519 1713 587 opinionis
1744 533 1858 574 aute
1897 525 2083 582 tenax,
2112 521 2423 588 gnomicam
2454 521 2791 575 voluntatem
2841 535 2873 575 a
2908 519 3133 577 Christo
3170 521 3453 579 mordicus
3479 540 3666 580 remo-

412 612 592 664 vebat.
625 608 893 676 Quocirca
919 609 1104 679 plures
1141 609 1363 678 reperit,
1390 609 1482 677 qui
1515 621 1573 662 se
1607 615 1983 676 opponerent;
2018 614 2074 660 ut
2109 610 2334 674 apparet
2367 601 2435 683 ei;
2471 600 2698 678 Epilogo
2728 608 3004 675 opusculi,
3032 617 3088 665 et
3117 625 3183 665 ex
3220 611 3428 667 Graecis
3452 612 3670 683 quoque

403 697 651 760 scholiis,
683 705 805 766 qua:
826 696 1034 765 adjecta
1065 702 1220 750 erant
1253 695 1319 749 ad
1353 694 1656 765 marginem
1678 692 1859 748 (ἓνωοί
1883 694 2242 765 eXcmpla‘ris,
2275 711 2385 765 quo
2415 682 2723 751 Turriantls
2753 696 2818 750 ad
2851 699 3157 754 Versionem
3192 715 3346 755 suam
3379 716 3515 757 usus
3546 682 3659 759 est:

403 794 528 838 nam
556 800 587 837 a
621 783 809 837 codice
832 782 1095 836 Bavarico
1131 782 1382 835 aberant.

964 897 1300 969 ΕΡΩΤΗΣιΣ
1322 912 1451 972 nA'.

408 991 470 1063 Τί
496 1006 632 1078 ἐστι
654 1007 721 1061 τὸ
750 1004 908 1077 παρά
938 1008 1016 1072 τῷ
1046 1006 1288 1078 Λοᾲυκᾷο
1326 1027 1345 1059 ι
1375 994 1721 1078 Γενομένης
1762 1005 1833 1078 δὲ
1876 988 1989 1072 τῆς

473 1075 679 1151 φερνῆς
714 1075 936 1145 ταύτης
983 1075 1262 1147 συνῆλθε
1296 1078 1361 1132 τὸ
1394 1075 1632 1148 πλῆθος
1675 1075 1777 1132 καὶ
1830 1091 1986 1130 συν.

470 1149 680 1215 εχύθη,
716 1165 737 1199 ι
770 1164 826 1202 κ.
855 1162 909 1201 τ.
938 1151 1025 1213 λ.;

2021 898 2065 954 Δ
2169 913 2497 981 ρυλεετιο
2548 903 2761 972 Lxxxt
2816 918 3006 992 [σοίει.
3061 902 3227 974 Ταιιν.
3272 921 3573 995 CCLXIX].

2101 1004 2246 1071 Quid
2270 1017 2347 1061 est
2380 1008 2516 1062 illud
2540 1017 2684 1076 apud
2716 1010 2913 1063 Lucam
2943 1026 2963 1063 :
2998 1030 3015 1063 ι
3044 1011 3206 1065 Facta
3234 1023 3410 1076 autem
3437 1015 3533 1068 hac
3557 1033 3669 1070 vocr

2166 1080 2403 1132 cbnvenit
2427 1081 2715 1134 multitudo
2738 1091 2787 1135 et
2822 1092 2991 1135 mente
3020 1082 3247 1152 confusa
3279 1085 3399 1137 est?
3424 1104 3442 1136 ι
3481 1096 3585 1142 etc.

462 1260 605 1333 Edita
630 1287 710 1333 est
732 1296 761 1332 a
783 1283 844 1334 li.
868 1274 1175 1336 Mon‘tacutl‘o
1207 1277 1343 1336 inter
1368 1286 1534 1337 Pbotii
1565 1285 1807 1349 epistolas
1831 1286 1909 1335 ed.
1939 1282 2145 1335 Londin.
2173 1264 2291 1333 16ὅί
2326 1282 2359 1333 t‘.
2387 1295 2470 1347 ep.
2497 1282 2608 1344 145,
2636 1283 2815 1350 Sergio
2837 1283 3004 1349 fratri,
3030 1301 3079 1350 p.
3104 1288 3214 1349 202,
3239 1289 3349 1339 205.

472 1388 711 1459 Πότερον
736 1389 787 1443 οἱ
804 1389 1164 1460 χλευάζοντες
1194 1392 1449 1447 συνίεσαν
1477 1392 1786 1447 λαλούντων
1813 1392 1993 1461 γλώσ-

405 1478 525 1543 σαις
560 1479 671 1532 τῶν
697 1481 1039 1547 ἀποστόλων,
1070 1482 1102 1553 ἦ
1139 1482 1237 1549 οὖς
1274 1484 1337 1536 Et
1362 1484 1462 1553 μὲν
1483 1485 1592 1556 γὰρ
1620 1485 1680 1538 οὑ
1715 1485 1989 1551 συνίεσαν,

402 1572 520 1653 πῶς
575 1573 817 1638 ἀπάσαις
846 1573 1097 1648 ίᾶπασιν]
1129 1575 1357 1632 ἐλάλουν
1400 1579 1448 1630 οἱ
1478 1577 1769 1631 ἀπόστολοι
1797 1596 1811 1644 ;
1854 1580 1903 1631 εἰ
1933 1579 1991 1632 δὲ

404 1664 677 1729 συνίεσαν,
707 1666 825 1729 πῶς
852 1666 1165 1739 ἐθάρρησαν
1212 1668 1384 1739 μέθην
1437 1669 1813 1735 αἰτιάσασθαι,
1836 1671 1991 1742 παρὰ

402 1756 573 1820 πόδας
625 1757 720 1812 τὸν
765 1757 988 1829 ἔλεγχον
1032 1760 1270 1830 ἔχοντες,
1309 1761 1491 1815 αὑτῶν
1533 1760 1643 1815 τῶν
1682 1762 1992 1817 ἀκουόντων

401 1849 496 1902 καὶ
528 1850 817 1904 συνιέντων
847 1852 947 1923 τὴν
996 1852 1289 1923 αῖσθησιν;
1322 1852 1479 1906 Οὕτω
1511 1853 1612 1924 μὲν
1640 1854 1706 1909 ἄν
1731 1872 1815 1919 τις
1844 1855 1990 1907 εἴποι

398 1940 501 2011 τὴν
553 1939 653 2012 σὴν
698 1941 933 2011 ἀπορίαν
974 1943 1055 2008 είς
1082 1944 1142 1997 τὸ
1174 1943 1511 2017 δριμύτερον
1537 1945 1991 2018 μεταχειριζόμε-

400 2048 511 2093 νος.
555 2032 698 2102 Ἐγὼ
722 2033 777 2087 δὲ
802 2035 970 2106 φαίην
1006 2034 1073 2089 ἂν
1101 2037 1415 2091 τούναντίον
1439 2052 1453 2067 ·
1484 2037 1583 2101 ὡς,
1616 2040 1664 2091 εί
1702 2038 1777 2110 μὴ
1813 2037 1991 2091 συνίε-

404 2140 525 2190 σαν,
549 2123 660 2178 οὐδ’
695 2125 761 2179 ἂν
793 2126 872 2189 είς
906 2127 1079 2199 μέθην
1109 2128 1170 2182 τδ
1214 2128 1401 2200 θαῦμα
1445 2128 1747 2185 διέϐαλλον.
1789 2130 1855 2182 Τί
1883 2134 1993 2201 γάρ

400 2217 466 2270 ἄν
490 2234 575 2280 τις
614 2219 708 2272 καὶ
731 2218 1041 2274 διαϐάλλειν
1069 2222 1375 2294 ἐπιχειροίη
1429 2224 1565 2294 ὅπερ
1595 2223 1718 2276 οὑδὲ
1750 2222 1859 2275 τῶν
1902 2223 1994 2275 λυ-

401 2310 651 2364 πούντων
703 2312 870 2366 αὐτὸν
928 2315 1049 2385 sit};
1093 2315 1255 2369 Ἀλλά
1322 2316 1574 2371 συνίεσαν
1624 2317 1745 2388 μὲν,
1782 2318 1996 2390 ἀπηρέ-

403 2421 599 2458 σκοντο
636 2404 716 2458 δέ’
747 2405 816 2459 τὰ
846 2407 955 2479 γὰρ
982 2408 1249 2477 μεγαλεῖα
1278 2407 1465 2477 ἔλεγον
1486 2410 1686 2463 ἐκεῖνοι
1709 2408 1804 2464 τοῦ
1829 2409 1992 2464 Θεοῦ·

403 2495 489 2563 ἐφ’
523 2490 627 2560 οἷς,
656 2496 709 2548 οἱ
769 2497 1216 2569 ἀγνωμονοῦντες
1265 2499 1608 2571 νυττόμενοι,
1645 2500 1845 2573 χλεύην
1894 2503 1993 2556 ἐπ-

404 2588 654 2659 εχείρουν
685 2590 746 2643 τὸ
776 2590 960 2661 θαῦμα
990 2591 1343 2664 ἐργάξεσθαι.
1395 2593 1489 2647 Διὸ
1525 2595 1619 2648 καὶ
1647 2597 1676 2650 ό
1718 2596 1991 2668 μακάριος

402 2682 644 2747 Λουκᾶς,
684 2701 703 2735 t
740 2683 1130 2751 Χλευάζοντες,
1164 2686 1349 2756 φησὶν,
1382 2686 1596 2756 ελεγονσ
1634 2705 1653 2740 ι
1692 2687 1859 2741 οίονελ⁸
1877 2688 1994 2742 δια-

406 2772 700 2843 σύροντες,
748 2773 1212 2840 ὲνδιαὸάλλοντες,
1246 2776 1571 2831 ὲπισκιάσαι
1621 2777 1721 2849 τὴν
1746 2777 1995 2849 θαυματ-

404 2865 634 2937 ἀυργίαν
688 2866 1100 2939 μηχανώμενοι.
1156 2869 1280 2934 Πῶς
1323 2868 1417 2923 οὖν
1465 2869 1756 2936 συνιέντες,
1787 2872 1867 2934 είς
1898 2869 1994 2940 μέ-

405 2956 507 3025 θην
547 2957 812 3028 ἀνέφερον
843 2958 912 3011 τὰ
950 2957 1259 3029 λεγόμενα;
1289 2959 1424 3014 Ἀπὸ
1449 2960 1651 3032 πολλῆς
1697 2960 1957 3026 ἀπονοίας
1976 2977 1990 2993 ⁸

407 3048 468 3113 ἐξ
497 3048 948 3121 ὑπερόαλλούσης
973 3051 1193 3115 ἀνοίας⁶
1219 3051 1343 3115 ἔθος
1386 3053 1495 3123 γὰρ
1543 3054 1655 3116 τοῖς
1705 3036 1990 3119 τοιούτοις,

407 3139 540 3192 ὅταν
638 3141 715 3212 μὴ
745 3141 1069 3212 καταθύμια
1099 3142 1167 3197 τὰ
1196 3141 1489 3213 λεγόμενα,
1520 3143 1625 3198 κᾶν
1656 3142 1832 3208 ἄλλως
1857 3143 1993 3197 πολὺ

405 3233 467 3285 τὸ
496 3235 840 3306 σωτηριῶδες
870 3236 971 3308 ἔχῃ
988 3238 1083 3290 καὶ
1113 3236 1408 3309 ὠφέλιμον,
1433 3239 1764 3310 παραφορὰν
1781 3237 1890 3291 τῶν
1911 3239 1995 3291 εἱ-

410 3341 477 3396 ριν⁸
486 3326 684 3396 μένων,
706 3326 738 3396 ἢ
756 3326 928 3398 μέθην
948 3327 981 3398 ἢ
1005 3326 1098 3381 καὶ⁵
1114 3328 1393 3399 δαιμόνιον
1422 3328 1802 3384 αἱτιᾶσθαιτοῦ
1817 3329 1997 3398 λέγον-

410 3432 540 3479 τος·
614 3417 707 3471 καὶ
756 3419 895 3489 μήτε
946 3418 1110 3472 αὑτὸν
1136 3421 1366 3484 ἐκεῖνον,
1408 3419 1444 3474 ἃ
1494 3419 1673 3488 λέγοι,
1712 3421 1953 3474 συνιέναι
1978 3435 1993 3449 υ

413 3509 549 3578 μήτε
572 3511 679 3580 μὴν
706 3509 798 3563 τὸν
825 3510 1118 3577 ἀκούοντα,
1144 3512 1237 3565 καί
1264 3529 1347 3566 τοι
1376 3513 1470 3565 καί
1500 3511 1596 3567 τοῦ
1629 3512 1882 3581 λέγοντος
1904 3512 1996 3564 ἐπὶ

410 3601 472 3653 τὸ
511 3600 814 3655 ἄπταιστον
848 3601 1247 3673 φθεγγομένου,
1278 3603 1374 3657 καὶ
1399 3604 1492 3658 τοῦ
1517 3601 1874 3675 χλευάζοντος
1901 3603 1999 3657 καὶ

412 3694 760 3764 αἰτιωμένου,
796 3695 960 3766 μέχρι
988 3696 1083 3748 τοῦ
1128 3694 1351 3749 ἀκούειν
1385 3697 1483 3749 καὶ
1534 3696 1795 3761 συνιέναι,
1826 3695 1995 3765 ὑγιῶς

2173 1388 2365 1445 Utrum
2400 1390 2495 1461 qui
2544 1391 2850 1447 irridebant
2890 1395 3167 1464 apostolos
3209 1396 3409 1468 linguis
3444 1397 3643 1469 loquen

2100 1490 2202 1549 tes,
2248 1497 2344 1537 eos
2391 1483 2786 1554 intelligebant,
2824 1486 2907 1539 vel
2963 1487 3111 1540 non?
3159 1487 3215 1542 Si
3267 1503 3375 1544 non
3421 1490 3676 1562 intellige-

2099 1572 2252 1634 bant.
2286 1574 2567 1642 quomodo
2616 1574 2818 1646 linguis
2852 1576 3109 1631 omnibus
3144 1577 3312 1633 locuti
3369 1588 3499 1635 sunt
3545 1596 3669 1652 apo-

2099 1665 2223 1720 stoli
2252 1665 2374 1720 ?sin
2401 1665 2792 1736 intelligebant,
2815 1668 2958 1720 unde
2981 1669 3253 1724 audebant
3280 1680 3373 1727 eos
3397 1672 3679 1727 ebrietatis

2099 1771 2384 1821 accusare,
2438 1773 2562 1813 cum
2612 1758 2667 1813 in
2720 1769 2973 1829 promptu
3022 1763 3275 1817 eonvinci
3329 1775 3555 1833 possent
3609 1767 3679 1820 ab

2102 1848 2464 1920 intelligentia
2511 1849 2889 1916 audientium,
2944 1861 2999 1906 et
3051 1852 3502 1923 cognoscentium
3556 1873 3679 1927 quat

2099 1942 2504 2013 loquebantur?
2535 1943 2601 1998 Et
2627 1944 2731 1997 hoc
2766 1945 2929 1999 modo
2967 1946 3113 2015 loqui
3156 1947 3352 2016 potuit,
3385 1950 3479 2019 qui
3522 1958 3674 2003 tuam

2097 2035 2458 2105 qua‘stionem
2501 2035 2754 2092 acerbius
2794 2047 3051 2092 excutere
3087 2039 3236 2093 velit.
3269 2041 3339 2094 At
3376 2041 3509 2098 mihi
3544 2057 3677 2095 con-

2099 2126 2329 2179 trarium
2374 2126 2556 2181 dicere
2602 2126 2827 2193 visum;
2859 2129 3118 2182 nimirum
3167 2130 3211 2185 si
3258 2146 3365 2185 non
3401 2132 3674 2201 intellige-

2100 2217 2231 2271 bant
2269 2216 2573 2286 loquentes,
2614 2216 2763 2272 haud
2808 2219 3075 2275 miracula
3108 2229 3362 2276 taxarent
3390 2224 3454 2277 de
3503 2224 3675 2277 ebrie-

2098 2318 2230 2365 tate.
2264 2308 2542 2375 Quorsum
2593 2309 2737 2364 enim
2776 2310 2904 2380 quis
2948 2322 3137 2366 taxare
3179 2314 3306 2367 velit
3336 2314 3492 2379 illud,
3527 2315 3674 2382 quod

2101 2401 2206 2471 ipsi
2236 2401 2544 2455 molestiam
2582 2417 2691 2456 non
2722 2401 2982 2457 lecisset?
3016 2401 3216 2457 Verum
3243 2419 3368 2459 cum
3404 2405 3677 2475 intellige-

2098 2504 2239 2561 rent,
2283 2495 2569 2565 displicuit
2624 2495 2733 2551 illis
2779 2496 2924 2565 quod
2977 2497 3245 2568 magnalia
3292 2496 3388 2552 Dei
3437 2498 3674 2569 apostoli

2097 2588 2501 2658 praedicarent;
2542 2586 2748 2657 quibus
2782 2603 2907 2643 cum
2949 2589 3201 2645 malevoli
3236 2604 3678 2661 compungeren-

2096 2687 2225 2745 tur,
2266 2678 2452 2733 conati
2503 2686 2633 2734 sunt
2676 2677 3002 2734 miraculum
3048 2679 3163 2735 risu
3203 2680 3511 2735 traducere.
3547 2680 3677 2737 Ideo

2096 2771 2292 2827 beatus
2338 2770 2515 2827 Lucas
2559 2773 2659 2837 ait,
2709 2772 3052 2829 ‘tlrritlentes
3093 2772 3434 2839 dicebant”,
3467 2790 3487 2826 ›
3542 2785 3675 2840 etc.;

2097 2862 2204 2918 hoc
2237 2872 2321 2918 est
2350 2864 2727 2927 traducentes,
2762 2871 3106 2928 accusantes,
3148 2864 3401 2933 obtegere
3433 2864 3679 2918 volentes

2098 2954 2476 3023 operatiOnem
2523 2955 2937 3011 miraculosam;
2976 2953 3264 3021 Quomodo
3309 2955 3496 3026 igitur,
3553 2972 3676 3011 cum

2098 3045 2474 3117 intelligebant
2516 3061 2640 3117 quae
2666 3047 3015 3110 dicebantur,
3056 3047 3309 3101 ebrietati
3338 3048 3680 3117 ascripsere?

2096 3136 2181 3192 Ab
2209 3136 2415 3207 ingenti
2444 3136 2652 3203 furore,
2689 3138 2758 3192 ab
2789 3138 3094 3208 ignorantia
3118 3152 3408 3208 suprema;
3445 3139 3499 3193 in
3528 3150 3680 3193 more

2098 3229 2247 3283 enim
2304 3229 2527 3298 ponitur
2576 3229 2719 3298 apud
2772 3229 3045 3299 ejusmodi
3101 3229 3374 3297 homines,
3439 3239 3499 3285 ut
3551 3247 3675 3286 cum

2100 3322 2290 3376 minus
2344 3321 2484 3391 ipsis
2541 3322 2847 3387 arrideant,
2895 3336 3019 3391 quae
3067 3321 3350 3387 dicuntur,
3399 3331 3679 3394 utcunque

2106 3414 2395 3470 salutifera
2452 3424 2508 3469 et
2552 3414 2809 3485 perutilia
2868 3414 3014 3479 sint,
3070 3414 3330 3481 insaniae,
3390 3416 3677 3473 ebrietatis

2101 3506 2345 3562 dicentes
2374 3515 2673 3573 accusent;
2699 3515 2794 3561 aut
2814 3506 2976 3561 etiam
3010 3508 3354 3576 arreptitium
3384 3523 3506 3564 esse
3527 3524 3677 3575 cum,

2101 3601 2196 3670 qui
2230 3600 2499 3670 loquitur,
2537 3599 2717 3655 solent
2753 3610 3049 3665 accusare;
3090 3616 3189 3655 nec
3217 3601 3396 3670 ipsum
3433 3616 3492 3656 se
3520 3601 3678 3657 intel-

2103 3692 2296 3763 ligere,
2345 3692 2545 3747 nedum
2597 3692 2906 3761 perciperet
2952 3691 3202 3757 auditor;
3252 3700 3534 3761 utcunque
3585 3696 3677 3762 qui

412 3780 650 3852 ἔχοντος.
690 3784 922 3838 Ἐκεῖνοι
945 3785 1003 3838 δὲ
1026 3786 1121 3838 καὶ
1143 3785 1344 3856 μᾶλλον
1361 3786 1631 3859 ἐθάρρουν
1648 3788 1821 3858 μέθην
1837 3788 1994 3856 ἐγκα-

2105 3785 2370 3855 loquitur,
2419 3785 2539 3840 sine
2595 3784 2748 3854 lapsu
2788 3784 3077 3854 loquatur;
3121 3794 3171 3839 et
3212 3784 3303 3853 qui
3356 3793 3583 3840 accusat
3625 3796 3681 3840 ct

412 3872 543 3941 λείν,
561 3875 645 3929 ὅτι
672 3878 738 3947 τῇ
775 3875 881 3948 ίδίᾳ
900 3876 1123 3950 γλώσσῃ
1138 3877 1594 3944 ἀκούοντες,τοὺς
1612 3879 1804 3944 ἄλλους
1821 3879 1880 3934 δὲ
1906 3879 1995 3933 διὰ

2104 3879 2316 3939 irridet,
2353 3879 2499 3948 quod
2528 3877 2774 3931 auditum
2806 3886 3020 3947 spectat
3044 3886 3098 3933 et
3125 3877 3484 3937 intellectum.
3510 3893 3680 3933 sanus

412 3965 474 4018 τὸ
513 3966 914 4037 έτερόγλωσσον
943 3967 1020 4039 μὴ
1047 3968 1285 4022 συνιέναι
1304 3969 1641 4041 νομίζοντες,
1663 3969 1999 4041 οὐδἐλεγχον

410 4057 512 4125 τῆς
557 4056 925 4127 συκοφαντίας
970 4058 1154 4129 εὑρεῖν
1202 4058 1263 4124 ἐξ
1312 4059 1531 4131 ἑτοίμου
1593 4059 1996 4130 ὑπελάμϐανον.

410 4149 575 4202 Αὐτοὶ
611 4149 713 4219 μὲν
739 4150 847 4220 γὰρ
884 4150 1174 4204 συνίεσανο
1209 4152 1337 4215 τοὺς
1378 4151 1437 4205 δὲ
1491 4151 1904 4223 συμπαρόντας,
1928 4152 1997 4205 δι’

411 4234 505 4299 οὓς
532 4239 627 4289 καὶ
659 4238 795 4308 πρὸς
820 4238 993 4308 μέθην
1022 4238 1083 4292 τὸ
1110 4238 1294 4311 θαῦμα
1321 4240 1647 4314 κατέφερον,
1679 4244 1869 4313 πόρρω
1902 4242 1996 4296 τοῦ

412 4328 654 4382 συνιέναι
704 4329 993 4393 ἐτόπαζον.
1049 4331 1157 4384 Καὶ
1213 4331 1526 4402 θαυμαστὸν
1577 4332 1751 4388 οὐδέν.
1786 4334 1997 4403 Ὥσπερ

411 4421 521 4491 γάρ
550 4422 648 4490 τῆς
678 4421 1019 4491 Δεσποτικῆς
1061 4421 1327 4487 ἐξουσίας,
1356 4421 1684 4491 έλαυνούσης
1711 4423 1780 4475 τὰ
1810 4423 2001 4493 δαιμό-

414 4527 526 4574 νια,
565 4510 819 4564 συνίεσαν
849 4511 948 4581 μὲν
970 4512 1067 4565 καὶ
1095 4511 1324 4566 έόλεπον
1350 4512 1421 4565 τά
1444 4513 1745 4585 παράδοξα,
1779 4514 1900 4567 δέον
1940 4512 1998 4566 δὲ

417 4603 610 4670 ὑμνεῖν
651 4603 742 4654 καὶ
769 4606 1118 4672 προσκυνεῖν,
1173 4606 1255 4667 είς
1302 4604 1656 4675 βλασφημίας
1684 4606 1961 4675 ἀπήγοντο
1981 4621 1995 4634 ’

416 4697 513 4749 καὶ
553 4696 742 4760 νόσους
795 4698 974 4760 πάσας
1006 4699 1101 4751 καὶ
1142 4700 1294 4769 πάθη
1329 4699 1508 4753 πάντα
1556 4699 1793 4770 ὁρῶντες
1822 4716 1999 4768 φυγα-

416 4786 687 4857 δευόμενα
717 4828 731 4851 ,
788 4787 895 4840 τῶν
930 4788 1227 4859 θαυμάτων
1251 4789 1353 4858 τὴν
1408 4788 1715 4860 ὑπερϐολὴν
1761 4788 1858 4841 καὶ
1898 4789 1999 4858 τῆς

417 4878 757 4949 εὐεργεσίας,
784 4878 978 4947 φθόνου
1019 4880 1113 4932 καὶ
1146 4880 1509 4950 συκοφαντίας
1538 4881 1632 4933 καὶ
1666 4881 1826 4948 φόνου
1861 4878 1998 4950 ὕλην

418 4970 772 5041 εἰργάζοντοο
839 4970 982 5024 οὕτω
1024 4972 1120 5025 καὶ
1157 4971 1253 5026 νῦν
1291 4972 1391 5025 οὑκ
1432 4972 1649 5042 ἔχοντες
1696 4972 2002 5042 ὲξαρνήσαυ

421 5062 544 5115 σθαι
584 5062 646 5114 τὸ
705 5062 984 5133 ὑπερφυὲς
1037 5061 1148 5115 τῶν
1200 5062 1465 5131 γλωσσῶν
1512 5063 1607 5115 καὶ
1670 5061 1995 5132 παράδοξον,

2102 3969 2287 4024 fuerit.
2329 3970 2435 4024 Sed
2464 3969 2553 4024 isti
2580 3970 2900 4024 ebrietatem
2929 3969 3168 4037 obiicere
3212 3984 3278 4024 eo
3309 3971 3483 4040 magis
3511 3970 3683 4024 audea

2100 4060 2255 4125 bant,
2291 4060 2422 4129 quia
2458 4074 2584 4113 cum
2630 4059 2920 4128 loquentes
2970 4059 3087 4113 suis
3136 4058 3381 4129 ipsorum
3427 4060 3677 4115 dialectis

2101 4150 2490 4220 intelligerent,
2519 4157 2574 4204 et
2607 4150 2745 4204 alios
2778 4149 3182 4204 arbitrarentur
3218 4160 3326 4204 nun
3375 4150 3680 4221 intelligere

2101 4251 2325 4312 propter
2371 4240 2614 4311 linguam
2662 4241 2921 4303 alienam,
2972 4244 3031 4295 'se
3057 4232 3182 4295 ἰιοη
3215 4239 3375 4296 facile
3414 4240 3480 4296 de
3520 4254 3682 4311 sycos-

2101 4332 2327 4403 phantia
2369 4332 2653 4387 convictos
2690 4329 2758 4384 iri
2806 4338 3083 4400 putarent.
3128 4329 3506 4402 Intelligebaut
3537 4331 3677 4400 Ipsi,

2100 4425 2198 4481 sed
2249 4424 2411 4491 alios,
2460 4424 2553 4494 qui
2600 4438 2706 4477 una
2757 4423 3004 4485 aderant,
3055 4436 3290 4492 quorum
3345 4437 3510 4477 causa
3564 4438 3677 4476 rem

2102 4517 2565 4587 transcripserant
2590 4514 2869 4575 ebrietati,
2898 4514 3056 4584 lange
3085 4520 3330 4568 remotos
3360 4515 3429 4567 ab
3472 4514 3691 4569 intelli-r

2103 4605 2285 4678 gentia
2330 4603 2767 4659 arbitrabantur.
2823 4601 2935 4657 Nec
2977 4617 3112 4657 sane
3158 4602 3379 4657 mirum.
3416 4601 3684 4669 Quemad-

2105 4697 2332 4751 modum
2361 4696 2509 4751 enim
2541 4710 2666 4750 cum
2703 4710 2799 4764 per
2826 4692 3042 4748 Domini
3070 4694 3369 4763 potentiam
3411 4693 3684 4747 daamonia

2104 4788 2462 4856 ejicerentur,
2500 4794 2556 4841 et
2584 4786 2867 4851 videbant,
2901 4794 2957 4839 et
3002 4784 3373 4853 agnoscebant
3409 4799 3525 4838 rem
3576 4786 3681 4837 mi-

2106 4880 2441 4945 raculosam,
2481 4877 2574 4933 sed
2602 4892 2726 4931 cum
2768 4877 2993 4931 laudare
3045 4885 3099 4931 et
3128 4876 3493 4945 depraedicare
3520 4874 3687 4930 debea-

2107 4980 2254 5035 reut,
2296 4971 2362 5025 ad
2410 4969 2905 5041 blasphemaudum
2959 4967 3411 5029 abducebantur;
3463 4977 3518 5021 et
3557 4983 3683 5021 cum

2110 5063 2337 5117 morbos
2383 5071 2437 5116 et
2480 5061 2838 5131 aegritudines
2881 5059 3064 5119 curari
3094 5059 3362 5124 viderent,
3406 5058 3687 5130 magnitu-

420 5154 617 5222 ὁμοίως
654 5152 875 5225 [ὁμῶς]
925 5157 989 5224 τῇ
1023 5154 1293 5226 βασκανίᾳ.
1333 5152 1794 5225 ἀνερεθιζόμενοι,
1831 5152 1995 5223 μέθην

2112 5153 2296 5208 dinem
2329 5168 2453 5208 cum
2492 5152 2767 5221 miraculi,
2813 5160 2926 5207 tum
2959 5150 3231 5214 beneﬁcii,
3262 5148 3483 5204 invidiae
3513 5158 3690 5203 mate-

423 5245 843 5308 κατασκεδάζειν
871 5244 965 5297 τοῦ
987 5244 1263 5314 θαύματος
1290 5245 1391 5298 οὑκ
1416 5242 1863 5299 ένεκαλύπτοντο.
1889 5244 2001 5298 Καὶ

425 5335 618 5388 σκόπει
663 5335 1002 5406 κακουργίας
1045 5336 1374 5408 ὑπερϐολὴν,
1426 5338 1483 5389 έν
1529 5337 1629 5406 ίσῳ
1672 5336 1773 5408 τὴν
1807 5336 1997 5391 ἄνοιαν

423 5426 674 5496 ἔχουσαν.
721 5427 875 5481 Ἐπεὶ
904 5428 1014 5499 γὰρ
1030 5428 1295 5483 ἀπίθανον
1326 5423 1417 5500 ἦν,
1447 5427 1570 5481 καθ’
1592 5426 1740 5499 ῶραν
1760 5427 2001 5497 μάλιστα

421 5518 633 5589 τρίτην,
667 5519 806 5590 μέθῃ
869 5519 1074 5574 διδόναι
1123 5520 1250 5583 τοὺς
1291 5520 1643 5585 ἀποστόλους,
1680 5518 2001 5589 ἀνθρώπους

419 5593 621 5681 ἀρετῆς
658 5627 721 5663 τε
750 5613 1020 5681 κήρυκας,
1051 5611 1148 5665 καὶ
1178 5612 1236 5665 ὲν
1265 5610 1450 5683 μέσοις
1500 5612 1688 5682 φόϐοις
1737 5612 1830 5665 καὶ
1884 5627 2001 5664 κινε-

423 5686 599 5766 “eam;
631 5702 1165 5770 ἑναπειλημμένους,
1196 5705 1290 5759 ἐπὶ
1321 5705 1382 5758 τὸ
1418 5703 1513 5757 τοῦ
1563 5705 1806 5779 πόματος
1834 5705 2003 5788 πρόσ-

508 5838 555 5871 θ’
578 5840 698 5896 Act.
733 5856 792 5907 ιι,
832 5842 915 5905 15.

2109 5247 2247 5302 riam
2298 5256 2353 5302 et
2397 5246 2802 5302 calumniarum
2863 5244 3114 5301 fecerunt
3146 5261 3160 5298 :
3191 5243 3266 5298 ita
3318 5258 3499 5305 nunc,
3561 5256 3691 5296 cum

2110 5340 2363 5410 negando
2410 5353 2520 5393 non
2570 5346 2756 5394 essent
2804 5337 3115 5408 linguarum
3164 5335 3585 5406 supernaturale
3634 5343 3691 5389 et

2111 5429 2487 5501 prodigiosum
2534 5428 2766 5493 donum,
2828 5426 2994 5483 simili
3044 5426 3249 5482 invidia
3299 5426 3525 5492 irritati,
3570 5425 3692 5481 sine

2111 5523 2345 5593 pudore,
2398 5522 2558 5591 pleno
2608 5531 2703 5575 ore
2740 5519 3063 5576 ebrietatem
3124 5518 3391 5572 miraculo
3434 5531 3690 5587 asperseo

2116 5624 2266 5671 runt.
2302 5614 2536 5669 Adverte
2570 5622 2754 5668 autem
2788 5610 3109 5681 nequitiam,
3156 5618 3460 5665 extremam
3508 5607 3678 5663 stulti‘

2117 5710 2250 5763 tiam
2310 5716 2496 5777 parem
2547 5706 2600 5761 in
2670 5721 2731 5760 se
2789 5704 3102 5760 habentem.
3158 5700 3294 5757 Nam
3360 5715 3485 5757 cum
3536 5704 3689 5755 esset
