4158 6466
512 433 611 501 551

1667 438 1932 503 PHOTII
1968 437 2476 501 PATRIARCHE
2515 439 2624 503 ΕΡ.

3682 444 3782 512 552

511 545 849 611 incredibile,
891 545 1038 605 circa
1090 548 1282 623 horam
1309 549 1554 615 tertiam,
1585 559 1645 605 ut
1679 552 1947 608 ebrietate
1976 565 2090 630 apo:

2213 563 2381 620 φατον
2402 551 2522 619 (καί
2542 570 2625 607 τοι
2654 550 2764 605 τῶν
2792 552 3038 625 βοτρύων
3063 554 3220 610 οῦπω
3246 555 3381 628 πρὸς
3418 557 3569 630 ὡραν
3595 558 3784 627 ὄντων,

508 641 633 697 ειοΙὶ
688 650 1045 708 tenerentur,
1099 643 1353 700 homines
1397 644 1620 701 virtutis
1670 660 1986 714 praecones,
2040 654 2094 699 et

509 736 649 792 inter
699 736 955 792 timorem
1008 747 1063 793 et
1113 740 1357 808 pericula
1398 741 1665 795 continuo
1712 748 1972 811 agentes;
2023 737 2093 792 ad

508 828 807 896 potationis
856 831 1161 885 novitatem
1210 832 1542 902 confugiunt
1595 832 1748 903 (cum
1792 846 1911 885 uvae
1949 845 2091 884 non-

505 919 637 974 dum
664 928 1067 989 maturuerant,
1102 924 1197 977 sed
1227 932 1506 979 terrenum
1536 924 1823 978 humorem
1850 922 1903 977 in
1928 920 2092 977 ﬂores

507 1012 867 1085 eliquarent),
901 1024 954 1069 et
985 1030 1017 1069 a
1056 1015 1325 1085 qualitate
1358 1015 1696 1085 coutplicant
1732 1014 2092 1080 calumniam,

428 1176 431 1179 ν
514 1119 532 1153 ι
571 1101 752 1167 Musti,
790 1104 1064 1169 dicentes,
1104 1086 1249 1175 pl'eni
1290 1113 1439 1160 sunt.
1478 1124 1496 1157 ι
1535 1102 1638 1159 Ubi
1695 1103 1843 1159 enim
1879 1102 2093 1158 violens

506 1204 563 1250 et
608 1210 853 1266 praeceps
898 1198 1121 1253 animus
1155 1198 1299 1253 haud
1357 1197 1659 1260 inhibetur,
1710 1196 1763 1251 id
1814 1195 1993 1251 solum
2035 1196 2090 1249 in

506 1285 792 1355 proposito
827 1286 1082 1353 habetur,
1121 1301 1231 1341 non
1264 1294 1322 1341 ut
1358 1286 1507 1356 quod
1542 1299 1850 1356 congruum
1879 1291 1964 1338 est
1992 1297 2093 1339 nec

507 1377 870 1434 deridendum
921 1380 1155 1443 dicatur,
1210 1378 1306 1435 sed
1349 1379 1442 1433 illa
1481 1377 1669 1449 potius
1717 1374 2091 1447 proferantur,

506 1482 606 1539 per
633 1484 757 1540 quae
784 1469 955 1525 animi
987 1468 1207 1545 furores
1259 1479 1315 1525 et
1343 1469 1715 1524 absurditates
1754 1467 2096 1539 adimplean-

2202 643 2322 696 ἀλλ’
2352 643 2478 714 ἄρτι
2501 644 2601 715 τὴν
2642 643 2854 717 γεηρὰν
2881 647 3083 717 ἰκμάδα
3116 648 3196 711 είς
3220 648 3381 711 ἄνθος
3412 649 3789 721 ἀποτριϐομέ-

2200 734 2329 805 νων)
2392 736 2827 806 καταφεύγουσι,
2859 742 2953 793 κςιὶ
2981 743 3048 811 τῇ
3079 741 3330 813 ποιότητι
3351 742 3450 813 τὴν
3480 742 3640 813 ὓϐριν
3674 760 3790 797 συν-

2203 826 2598 894 διαπλέκουσι,
2631 847 2649 881 ι
2687 830 2994 897 Γλεύκους,
3042 832 3325 901 λέγοντες,
3377 837 3788 905 μεμεστωμένοι

2199 919 2361 971 εἰσίν.
2399 937 2419 971 ι
2464 920 2553 973 Ἔν
2578 917 2659 985 οἷς
2699 921 2811 993 γὰρ
2864 924 2926 976 τὸ
2956 925 3147 993 ἰταμὸν
3175 928 3274 995 τῆς
3314 924 3541 997 γνώμης
3588 928 3816 983 ἀκατάπ-

2202 1025 2418 1079 σχετον,
2452 1011 2614 1081 μόνος
2644 1015 2939 1084 πρόκειται
2992 1016 3216 1082 σκοπὸς,
3247 1018 3345 1087 οὐχ
3390 1020 3541 1082 ὅπως
3581 1035 3637 1071 τι
3674 1018 3791 1072 δέον

2196 1102 2291 1154 καὶ
2319 1102 2394 1174 μὴ
2425 1104 2837 1173 καταγέλαστον
2855 1107 3052 1170 εἰπεῖν,
3076 1107 3215 1162 ἀλλὰ
3242 1108 3313 1161 δι’
3326 1102 3402 1162 ὧν
3427 1109 3492 1163 ἄν
3526 1127 3612 1173 τις
3638 1109 3791 1181 τύχοι

2196 1192 2259 1247 τὺ
2283 1194 2552 1264 μανιῶδες
2618 1196 2715 1251 καὶ
2748 1196 3007 1251 ἁλόκοτον
3037 1198 3318 1271 ἐμπλῆσαι
3338 1202 3437 1271 τῆς
3467 1201 3667 1272 ψυχῆς,
3698 1202 3793 1254 καὶ

2196 1285 2299 1356 τὴν
2349 1285 2448 1339 ἐπὶ
2496 1288 2611 1352 τοῖς
2662 1290 2967 1360 ὁρωμένοις
2999 1291 3321 1361 ἀμηχανίαν
3378 1292 3787 1366 παραμυθήσαα

2203 1376 2363 1430 σθαι.
2398 1377 2490 1431 Διὸ
2520 1380 2618 1434 καὶ
2649 1379 2788 1451 ὅπερ
2815 1380 3001 1447 ἔδοξαν
3035 1382 3101 1435 ὲκ
3156 1384 3438 1454 περινοίας
3489 1386 3687 1451 εἰπεῖν,
3715 1384 3795 1449 εἰς

2202 1464 2407 1535 πολλὴν
2438 1466 2621 1521 αὐτῶν
2662 1468 2853 1522 ἄνοιαν
2881 1468 2977 1522 καί
3004 1470 3268 1525 ἀπόνοιαν
3293 1472 3542 1544 τελευτᾷ.

506 1573 621 1634 tur,
669 1574 723 1621 et
771 1565 1066 1622 dillicultas
1115 1566 1170 1622 in
1219 1567 1303 1622 eis
1360 1582 1485 1638 quae
1528 1565 1706 1622 oculis
1762 1572 2091 1628 cernuntur,
2126 1563 2444 1619 amoliatur.
2481 1563 2753 1631 Quocirca
2829 1565 2979 1637 quod
3010 1565 3312 1638 prudenter
3357 1564 3569 1620 dixisse
3636 1564 3795 1619 vide-

508 1658 735 1725 bantur,
778 1659 1052 1732 insignem
1090 1661 1378 1717 stultitiam
1413 1671 1469 1717 et
1496 1660 1805 1716 fatuitatem
1851 1660 2098 1732 ipsorum
2139 1658 2196 1715 in
2232 1658 2342 1716 ﬁne
2371 1661 2633 1717 ostendit.

505 1792 836 1861 QUx’ESTIO
899 1792 1142 1850 LXXXII
1204 1793 1411 1861 [CoisL
1477 1791 1831 1861 CCXLVIII,
1919 1791 2089 1847 Taur.

1103 1863 1419 1920 ccxxmx
1445 1863 1490 1937 ].

2740 1753 3099 1850 ΕΡΩἸἩΣΙΣ¹
3120 1796 3249 1853 ΠΒ’.

506 1958 785 2025 Quomodo
814 1974 918 2015 nou
953 1967 1029 2013 est
1054 1958 1383 2012 contrarium
1419 1972 1624 2011 sumere
1652 1970 1837 2010 nomen
1866 1954 2087 2011 Domim’

2193 1954 2325 2021 Πῶς
2352 1958 2465 2011 οὐκ
2488 1956 2663 2011 ἐστιν
2706 1954 2988 2010 ἐναντίον
3008 1956 3076 2027 τὸ
3107 1955 3318 2011 λαϐεῖν
3350 1954 3417 2009 τὸ
3445 1955 3634 2027 ὄνομα
3686 1958 3798 2013 τοῦ

1064 2028 1163 2083 Det"
1206 2029 1260 2082 in
1294 2027 1528 2082 vanum?

2507 2029 2731 2096 Κυρίου
2745 2027 2843 2081 καί
2885 2026 3033 2082 Θεοῦ
3055 2027 3154 2080 ἐπὶ
3195 2027 3456 2097 parato);

812 2170 957 2224 Edita
996 2188 1025 2224 a
1056 2170 1197 2223 Rich.
1233 2170 1535 2222 Montacutio
1566 2172 1699 2221 Inter
1738 2169 1902 2222 Photii
1924 2169 2185 2233 epistolas,
2220 2170 2302 2219 ed.
2339 2168 2553 2229 Londin,
2581 2181 2664 2232 ep.
2700 2168 2809 2230 H7,
2851 2166 2917 2218 ad
2946 2167 3186 2219 Theodot.
3214 2182 3264 2231 p.
3287 2167 3400 2229 204,
3422 2167 3531 2218 293.

576 2301 819 2358 Sumunt
846 2318 867 2355 ‹
896 2300 992 2357 Dei
1020 2315 1219 2357 nomen
1249 2300 1302 2355 in
1334 2316 1535 2355 vanum
1561 2301 1633 2364 ",
1670 2318 1690 2351 ι
1727 2298 1870 2369 apud
1900 2296 2090 2353 Testa-

2266 2295 2622 2368 Λαμὸάνουσι
2657 2314 2677 2349 ι
2700 2295 2761 2349 τὸ
2783 2295 2953 2368 ὄνομα
2980 2294 3187 2366 Κυρίου
3217 2295 3310 2349 τοῦ
3329 2297 3464 2351 θεοῦ
3491 2296 3673 2353 αὐτῶν
3704 2299 3797 2353 ἐπὶ

503 2402 754 2449 mentum
786 2393 977 2458 Vetus,
1020 2393 1113 2462 qui
1164 2391 1331 2447 idolis
1386 2390 1520 2445 illud
1565 2389 2009 2445 transcrihehant
2037 2395 2093 2442 et

503 2484 875 2555 adaptabant;
907 2493 1024 2538 tum
1055 2482 1154 2553 qui
1198 2481 1341 2537 falso
1370 2480 1686 2549 iuramento
1714 2480 2091 2545 temerabaut;

506 2589 624 2634 tum
657 2578 826 2634 etiam
860 2576 959 2647 qui
1003 2575 1073 2630 ad
1112 2574 1480 2629 scurrilitates
1526 2581 1623 2627 aut
1652 2585 1789 2626 vana
1816 2568 2093 2640 colloquia

501 2673 557 2727 id
589 2670 922 2726 tractabant.
954 2667 1197 2723 Istorum
1245 2665 1471 2735 singuli,
1519 2664 1709 2719 divino
1741 2662 1988 2727 nomine,
2032 2667 2094 2715 ut

508 2779 569 2819 re
608 2762 921 2817 frustranea
972 2759 1312 2814 utebantur:
1342 2757 1402 2813 In
1444 2755 1597 2811 Novo
1640 2756 1715 2809 illi
1762 2755 2088 2816 abutuntur,

504 2870 630 2910 cum
661 2862 853 2909 contra
884 2852 1029 2922 quod
1058 2848 1303 2905 sancitur
1328 2849 1465 2920 lege,
1492 2846 1856 2919 jurejurando
1889 2860 2088 2900 nomen

504 2946 626 3016 ejus
673 2944 998 3015 subjiciunt.
1049 2942 1280 3013 Oportet
1320 2940 1465 2996 enim
1506 2939 1601 3009 qui
1648 2938 1754 2993 sub
1782 2937 1958 3007 gratia
2007 2935 2093 2990 vi-

507 3048 662 3105 vunt,
692 3036 989 3108 perfectius
1018 3035 1149 3106 quid
1176 3032 1465 3104 'prioribus
1497 3030 1799 3099 possidere.
1845 3029 1985 3083 Tum
2034 3036 2093 3083 et

504 3131 585 3187 illi
620 3131 712 3201 qui
765 3129 965 3184 Filium
1020 3144 1050 3181 a
1095 3134 1322 3197 paterna
1367 3122 1675 3178 substantia
1720 3120 1981 3185 alienant,
2035 3127 2093 3175 et

503 3239 632 3279 cum
676 3220 948 3277 creaturis
978 3219 1200 3285 locant;
1235 3232 1302 3271 ac
1329 3225 1513 3271 tamen
1555 3213 1707 3270 velut
1734 3214 2087 3284 ptenitentes,

502 3315 663 3371 titulo
690 3311 917 3368 deitatis
947 3326 1073 3365 eum
1124 3310 1449 3378 adoptatum
1507 3313 1712 3360 ornant
1741 3322 1755 3359 :
1783 3304 1889 3371 Qui
1938 3303 2087 3358 enim

504 3410 587 3466 sic
619 3405 891 3464 creaturis
921 3404 1016 3459 Dei
1046 3417 1253 3458 nomen
1290 3399 1591 3471 applicant,
1621 3396 1934 3468 prodigiose
1982 3412 2001 3447 ι
2032 3394 2087 3450 in

503 3516 708 3557 vanum
741 3518 761 3553 ι
805 3503 1053 3553 sumunt.
1098 3493 1204 3551 Sed
1238 3500 1294 3548 et
1321 3491 1417 3562 qui
1454 3505 1554 3562 per
1584 3487 1996 3545 controversias
2034 3494 2091 3541 et

502 3587 971 3651 concertationes,
1012 3596 1274 3655 tanquam
1321 3596 1353 3637 e
1400 3580 1563 3637 trivio
1607 3578 1741 3650 quid
1780 3587 2087 3648 arreptum,

2196 2386 2446 2459 ματαίῳο
2494 2405 2513 2439 ›
2545 2388 2594 2440 οἰ
2622 2386 2722 2459 μὲν
2749 2387 2848 2457 τῆς
2896 2386 3159 2452 Παλαιᾶς,
3196 2387 3437 2452 εἰδώλοις
3482 2389 3615 2443 αὐτὸ
3635 2406 3799 2461 περι-

2193 2481 2461 2544 άπτοντες
2505 2479 2603 2534 καὶ
2662 2479 3070 2551 περιτιθέντες,
3104 2480 3199 2533 καί
3242 2481 3291 2533 οἰ
3327 2480 3574 2552 ὲπιόρκῳ
3656 2484 3798 2537 καθ-

2193 2572 2512 2643 υὸρίζοντες
2541 2573 2690 2643 ὅρκῳ
2712 2612 2728 2638 ,
2760 2572 2857 2626 καὶ
2905 2571 2972 2643 δὴ
3018 2572 3114 2625 καὶ
3144 2572 3554 2643 εὐτραπελίαις,
3585 2574 3620 2645 ἦ
3650 2592 3798 2627 τισιν

2192 2664 2383 2727 ἄλλαις
2438 2664 2865 2734 συνεφέλκοντες
2926 2664 3060 2718 αὐτὸ
3145 2664 3519 2737 ἀργολογίαις.
3552 2665 3797 2736 (Τούτων

2192 2755 2302 2826 γὰρ
2322 2756 2575 2820 ἕκαστος,
2602 2757 2678 2820 ὼς
2706 2757 2913 2827 ματαίᾳ
2937 2757 3205 2829 κέχρηται
3235 2760 3301 2829 τῇ
3326 2757 3422 2812 τοῦ
3444 2758 3583 2812 Θεοῦ
3614 2775 3795 2829 προσ-

2191 2847 2441 2919 ηγορίᾳ.)
2493 2848 2558 2901 Ol
2587 2848 2643 2903 δὲ
2693 2849 2792 2919 τῆς
2818 2848 2995 2912 Νέαςο
3044 2849 3215 2904 ὲπειδ’
3242 2850 3328 2915 ἂν,
3364 2850 3519 2921 παρὰ
3571 2850 3663 2903 τὸν
3708 2869 3798 2904 τε·

2193 2937 2355 2992 θέντα
2387 2939 2574 3010 νόμον,
2603 2940 2753 3011 ὅρκῳ
2807 2939 2907 3010 τὴν
2953 2938 3122 2993 αὐτοῦ
3172 2940 3628 2995 καθυποὸάλλωσι
3662 2942 3801 3011 κλῆο

2193 3047 2299 3085 σιν.
2348 3032 2443 3084 Δεῖ
2484 3033 2595 3103 γάρ
2617 3049 2670 3086 τι
2719 3031 3052 3105 τελειότερον
3085 3034 3212 3096 τοὺς
3240 3036 3298 3087 ὲν
3328 3037 3393 3105 τῇ
3428 3034 3633 3105 χάριτι,
3682 3035 3796 3089 τῶν

2191 3123 2301 3194 πρὸ
2325 3123 2551 3195 ταύτης,
2582 3123 2750 3195 ἔχειν.
2786 3125 3018 3179 Ἔπειτα
3046 3124 3125 3191 δὲ,
3164 3124 3258 3179 καὶ
3287 3126 3338 3179 oi
3367 3126 3459 3179 τὸν
3485 3126 3614 3180 Υίὺν
3642 3127 3799 3181 ἀλλο-

2189 3216 2470 3289 τριοῦντες
2502 3217 2603 3287 τῆς
2630 3216 2910 3288 πατρικῆς
2955 3218 3167 3284 οὐσίας,
3199 3218 3297 3272 καὶ
3336 3219 3478 3289 μετὰ
3510 3219 3621 3273 τῶν
3671 3237 3797 3275 κτι-

2193 3309 2418 3378 σμάτων
2443 3308 2707 3373 τιθέντες.
2732 3303 2867 3364 Εἶτα
2895 3309 3087 3375 πάλιν,
3110 3308 3303 3382 ὥσπερ
3324 3311 3388 3364 ὲκ
3422 3311 3800 3382 μεταμελείας

2197 3400 2280 3462 εἰς
2331 3398 2433 3470 τὴν
2474 3400 2575 3470 τῆς
2622 3399 2876 3469 θεότητος
2918 3401 3083 3455 αὐτὸν
3144 3402 3513 3465 εἰσποιοῦντες
3560 3404 3796 3474 κλῆσιν.

2189 3488 2472 3558 Κτίσματι
2518 3489 2628 3562 γὰρ
2681 3484 2832 3545 οὗτοι
2873 3491 2936 3544 τὸ
2976 3491 3121 3546 θεῖον
3157 3491 3332 3563 όνομα
3385 3494 3794 3564 περιτιθέντες,

2192 3580 2445 3646 ἐκτόπως
2492 3582 2626 3636 αὐτὸ
2674 3581 3115 3654 ματαιοποιοῦσι.
3166 3585 3277 3639 Καὶ
3306 3585 3392 3657 δὴ,
3424 3587 3516 3640 καὶ
3582 3587 3635 3639 ot
3671 3590 3796 3651 ta't;

505 3681 636 3745 huc,
666 3678 818 3742 illuc,
854 3685 916 3731 ut
967 3674 1107 3730 aleis
1136 3674 1413 3738 ludentes,
1448 3671 1682 3743 agitant,
1732 3678 1788 3724 et
1823 3684 1949 3723 cum
1995 3683 2088 3725 so-

2193 3674 2499 3743 ὲριστικαῖς
2524 3647 2805 3743 ἁμίλλαις,
2850 3673 3043 3747 ὥσπερ
3089 3694 3144 3731 τι
3190 3677 3300 3730 τῶν
3326 3647 3623 3749 τῦχόντων,
3656 3647 3797 3734 αύτὸ

505 3771 623 3825 nitu
658 3766 1001 3824 transferunt
1027 3783 1042 3821 :
1073 3766 1179 3821 hoc
1203 3772 1385 3817 autem
1417 3768 1681 3833 praestant
1710 3770 1958 3825 strenue,
1993 3759 2091 3830 qui

504 3860 779 3918 haereticis
830 3858 1037 3915 scholis
1088 3864 1447 3913 evanescunt.
1500 3854 1812 3909 Etiamnum
1873 3868 2093 3924 quoque

511 3974 530 4006 ι
568 3954 622 4008 ἱη
663 3966 868 4008 vanum
901 3969 919 4003 ι
970 3957 1199 4006 sumunt
1231 3962 1433 4002 nomen
1472 3945 1688 4001 Domini
1737 3944 1942 4016 Deique
1983 3959 2091 4000 no-

503 4046 625 4111 stri,
671 4044 766 4115 qui
798 4043 1005 4099 audent
1035 4042 1180 4097 tueri
1226 4036 1630 4095 indilferentem
1669 4053 1786 4093 rem
1823 4052 1949 4093 esse
1990 4051 2091 4093 seu

501 4138 729 4203 Christi,
756 4138 874 4194 sive
897 4133 1221 4193 Antichristi
1254 4133 1553 4205 imaginem
1585 4132 1787 4197 facere,
1820 4139 1915 4186 aut
1941 4130 2089 4186 idola

500 4229 729 4301 paganis
778 4229 913 4284 olim
976 4219 1146 4283 culta;
1212 4225 1310 4282 Isti
1380 4240 1596 4289 omnes,
1660 4232 1926 4296 quantum
1989 4238 2090 4295 per

500 4320 792 4376 audaciam
864 4319 1111 4389 ipsorum
1176 4324 1448 4388 possunt,
1511 4316 1725 4371 Domini
1777 4330 1978 4371 nomen
2033 4324 2089 4371 et

500 4413 930 4485 appellationem
983 4410 1353 4467 frustraueam
1407 4409 1643 4465 reddunt
1702 4416 1760 4463 et
1812 4408 2085 4464 inutilem.

499 4504 610 4561 Par
654 4513 739 4561 est
769 4505 917 4560 enim
956 4502 1185 4559 omnino
1229 4499 1325 4556 Dei
1378 4516 1577 4555 nomen
1610 4499 1984 4554 venerandum
2031 4507 2090 4553 et

501 4599 847 4655 adorandum
869 4594 1215 4658 existimare,
1244 4607 1424 4662 neque
1440 4592 1499 4662 ju
1509 4591 1774 4646 ramentis
1795 4588 2087 4655 oblectat-i,

500 4707 607 4748 nec
648 4690 912 4762 perjuriis
961 4687 1081 4758 (Dei
1120 4690 1345 4756 nomen)
1398 4684 1717 4756 profanare,
1766 4698 1868 4739 nec
1926 4681 2089 4737 idolis

501 4785 807 4856 adaptare:
860 4798 1015 4848 non,
1078 4789 1137 4835 ut
1194 4779 1457 4836 insanivit
1508 4778 1674 4834 Arius
1705 4817 1721 4842 ,
1774 4787 2084 4833 creaturam

509 4874 766 4931 deificare
813 4874 868 4929 in
915 4871 1272 4944 opprobrium
1302 4868 1607 4934 Creatoris,
1632 4882 1813 4938 neque
1841 4883 1955 4923 rem
1997 4867 2086 4921 in-

504 4965 851 5022 diﬁerentem
876 4975 1091 5034 putare,
1110 4963 1182 5027 ei,
1207 4959 1305 5031 qui
1325 4958 1529 5015 meruit
1545 4958 1651 5014 hoc
1671 4972 1894 5026 nomen,
1915 4968 1966 5014 et
1986 4959 2082 5029 qui

2190 3757 2294 3819 ὦδε
2359 3767 2611 3831 κάκεῖσε,
2652 3763 2745 3822 οἷα
2795 3768 2860 3838 δὴ
2904 3769 3096 3835 κύῦοις
3150 3770 3460 3837 παίζοντες,
3504 3773 3798 3842 περιστρέ·

2192 3874 2387 3926 φοντες
2436 3859 2532 3913 καὶ
2552 3860 3030 3927 διακωδωνιῶντες
3050 3877 3069 3892 ο
3094 3863 3232 3935 ὅπερ
3257 3864 3494 3936 μάλιστα
3536 3866 3798 3919 ποιοῦσιν

2189 3951 2239 4004 oi
2264 3952 2387 4016 ταῖς
2434 3954 2740 4025 αἱρετικαῖς
2810 3956 3250 4026 ὲμματαῒζοντες
3303 3958 3546 4029 λέσχαις.
3586 3961 3801 4014 Ἐτιδὲ

2189 4041 2528 4114 λαμϐάνουσι
2554 4046 2651 4100 καὶ
2678 4045 2773 4099 νῦν
2799 4064 2820 4098 ι
2854 4048 2945 4101 ἐπὶ
2977 4049 3196 4122 ματαίῳ
3222 4070 3242 4103 ι
3276 4050 3337 4104 τὸ
3365 4051 3541 4119 ὄνομα
3570 4053 3801 4124 Κυρίου

2187 4134 2285 4189 τοῦ
2313 4136 2448 4190 Θεοῦ
2479 4137 2661 4207 ἡμῶν,
2690 4138 2743 4191 οἱ
2760 4138 3057 4210 ἀδιάφορον
3092 4141 3403 4211 τολμῶντες
3449 4141 3633 4211 λέγειν
3690 4145 3799 4214 τήν

2187 4243 2247 4281 τε
2286 4229 2525 4301 Χριστοῦ
2550 4232 2754 4297 εἰκόνα,
2788 4232 2886 4286 καὶ
2910 4234 3012 4303 τὴν
3034 4232 3130 4287 τοῦ
3156 4233 3536 4305 Ἀντιχρίστου
3572 4236 3701 4307 ἦτοι
3726 4237 3803 4289 τὰ

2188 4318 2387 4374 εἴδωλα
2421 4321 2532 4375 τῶν
2571 4321 2903 4393 Ἑλληνικῶν
2936 4323 3321 4397 σεϐασμόιτων.
3352 4326 3562 4390 Πάντες
3595 4328 3714 4398 γὰρ
3746 4329 3800 4381 οἱ

2187 4410 2458 4478 τοιοῦτοι,
2524 4412 2762 4481 ματαίαν
2820 4414 2916 4469 καὶ
2958 4416 3217 4487 ἀνωφελῆ
3290 4418 3388 4489 τὴν
3444 4420 3799 4490 Δεσποτικὴν

2189 4505 2585 4574 προσηγορίαν,
2616 4509 2677 4561 τό
2707 4523 2771 4576 γε
2816 4503 2953 4578 ἧκον
2990 4510 3072 4573 εἰς
3121 4511 3220 4581 τὴν
3253 4510 3436 4564 αὐτῶν
3460 4509 3511 4575 ἀ,
3542 4514 3798 4582 άποφαί·

2188 4611 2362 4661 νουσι,
2394 4594 2621 4666 τόλμαν.
2658 4601 2751 4651 Δεῖ
2783 4600 2894 4673 γάρ
2928 4602 3094 4655 παντὶ
3124 4601 3314 4673 τρόπω
3345 4603 3443 4673 τὴν
3473 4602 3629 4658 θείαν
3660 4607 3797 4677 κλῆ-

2190 4703 2295 4752 σιν,
2329 4689 2567 4760 φρικτήν
2595 4706 2654 4742 τε
2686 4692 2782 4745 καὶ
2830 4693 3138 4764 σεϐασμέαν
3171 4697 3464 4764 ἡγεῖσθαι*
3511 4698 3608 4752 καὶ
3641 4702 3796 4771 μήτε

2186 4779 2372 4851 ὅρκοις
2416 4780 2555 4846 ὅλως
2605 4783 2839 4855 χαίρειν,
2892 4786 3030 4857 μήτε
3081 4788 3440 4861 καθυϐρίζειν
3490 4793 3795 4864 ἐπιορκίᾳο

2188 4870 2326 4925 ἀλλὰ
2384 4873 2524 4944 μηδὲ
2582 4875 2911 4945 περιάπτειν
2965 4878 3251 4941 εἰδώλοιςο
3295 4882 3431 4951 μηδὲ
3491 4884 3637 4951 μετᾶ
3690 4888 3801 4953 τὴν

2200 4963 2411 5035 Ἀρείου
2440 4966 2597 5021 νόσον
2618 4968 2888 5024 θεοποιεῖν
2910 4970 3009 5043 τὴν
3031 4972 3232 5037 κτίσιν,
3256 4973 3398 5027 κατὰ
3418 4972 3514 5027 τοῦ
3552 4975 3805 5030 Κτίσανι-

498 5059 836 5116 contrarium
881 5057 1110 5112 sortitus
1157 5066 1266 5121 est,
1310 5053 1624 5124 applicare;
1654 5066 1764 5108 non
1810 5053 2083 5109 haereticis

2193 5031 2312 5121 τος·
2341 5059 2480 5128 μήτε
2519 5058 2621 5130 μὲν
2645 5060 2943 5131 ἀδιάφορον
2966 5031 3228 5133 ζἡγεῖσθαι
3256 5065 3319 5118 τὸ
3356 5066 3561 5137 ταύτης
3610 5069 3803 5135 ἠξιω-

496 5150 887 5222 logomachiis,
910 5150 1063 5204 velut
1088 5146 1229 5210 alea.
1259 5145 1487 5212 ludere;
1516 5159 1625 5199 non
1647 5143 1943 5214 superﬂuis
1972 5160 2089 5200 ma-

2193 5147 2356 5218 μένον
2390 5149 2491 5220 τῆς
2528 5151 2802 5222 κλήσεως,
2826 5154 2923 5207 καὶ
2941 5154 3002 5208 τὸ
3033 5153 3461 5227 κληρωσάμενον
3489 5158 3592 5230 τὴν
3628 5161 3801 5214 ἐναν-

498 5243 767 5314 taeologiis
803 5240 1143 5312 quibuslibet
1188 5237 1524 5304 immiscere,
1570 5244 1669 5291 aut
1701 5250 2033 5307 componere
2068 5255 2083 5293 :

2193 5239 2343 5294 τίαν·
2395 5241 2521 5313 μηδ’
2552 5243 2857 5316 αἱρετικαῖς
2897 5246 3183 5300 πεττεύειν
3226 5249 3361 5302 αὐτὸ
3387 5249 3801 5320 λογομαχίαιςσ

496 5336 594 5394 sed
625 5334 1011 5393 tantummodo
1032 5331 1383 5388 salutiferum
1419 5335 1475 5385 et
1507 5328 1850 5384 adorandum
1883 5345 2084 5385 nomen

2193 5332 2326 5387 ἀλλὰ
2362 5334 2502 5405 μηδὲ
2542 5338 2830 5409 περιτταῖς
2876 5356 2987 5392 τισι
3022 5341 3428 5411 συνανακιρνᾷν
3491 5340 3590 5393 καὶ
3659 5359 3801 5395 συν-

494 5431 566 5486 ad
598 5441 949 5486 communem
979 5438 1246 5495 usurpare
1277 5422 1594 5487 utilitatem,
1626 5422 1681 5476 in
1706 5421 1883 5478 sacris
1906 5422 2086 5492 preci-

2193 5425 2497 5497 αναφύρειν
2547 5428 2989 5499 ματαιολογίαιςσ
3019 5431 3080 5484 ὲν
3113 5431 3306 5501 μόναις
3336 5430 3393 5485 δὲ
3435 5433 3554 5495 ταῖς
3609 5431 3803 5502 Iapeti;

497 5521 623 5587 bus,
677 5519 974 5594 mysteriis,
1018 5526 1074 5574 et
1104 5516 1364 5587 congruis
1392 5514 1679 5572 doctrinis.
1725 5513 1854 5571 Haec
1903 5523 1980 5583 tu,
2034 5514 2081 5570 si

2193 5518 2348 5588 ἡμῶν
2376 5520 2566 5591 εὐχαῖς
2592 5537 2653 5575 τε
2684 5521 2779 5577 καὶ
2802 5523 3051 5586 τελεταῖς
3099 5524 3195 5578 καὶ⁸
3216 5526 3337 5588 ταῖς
3365 5525 3802 5597 προσηκούσαις

497 5614 729 5683 caveris,
762 5610 1107 5669 observando
1136 5608 1301 5665 simul
1333 5606 1465 5674 eris,
1517 5616 1663 5663 recte
1710 5608 1785 5663 ita
1830 5615 2081 5663 statuens

2193 5608 2557 5677 διδασκαλίαις
2586 5624 2633 5679 ο,
2662 5613 2726 5667 τὸ
2777 5617 3046 5686 σωτήριον
3092 5617 3273 5671 ἐκεῖνο
3323 5618 3418 5672 καὶ
3463 5616 3802 5687 θαυμαστὸν

1759 5741 1997 5798 VARle
2027 5741 2445 5799 LECTIONES.

602 5862 635 5903 δι
658 5863 793 5920 Cod.
819 5862 964 5920 lion.
1002 5859 1109 5915 553
1137 5856 1179 5914 ί.
1197 5858 1303 5914 H4
1319 5856 1481 5914 habet
1507 5857 1588 5925 εἰς
1614 5856 1714 5930 τὴν
1747 5856 1939 5929 αὐτὴν.
2020 5870 2044 5899 θ
2063 5857 2199 5915 Cod.
2237 5858 2380 5917 Men.
2397 5862 2808 5933 προσηκούσαις
2832 5883 2894 5920 τε
2925 5866 3228 5937 θεολογίαις
3254 5868 3347 5925 καὶ
3373 5866 3795 5936 διδασκαλίαιςι
