4158 6452
415 328 518 396 553

1174 331 1277 391 AD
1322 330 1918 392 AMPHILOCHIUM
1966 331 2313 403 QUIESTIO
2346 334 2961 398 LXXXII-LXXXIV.

3585 339 3689 402 551

413 439 606 511 ὄνομα,
655 438 735 502 εις
775 437 960 510 κοινὴν
999 437 1271 509 ὠφέλειαν
1313 441 1792 512 παραλαμϐάνειν.
1861 442 1905 495 Α
1935 442 2000 496 6".-
2033 495 2037 506 ι

2143 443 2239 497 lud
2268 455 2595 513 przeccptum
2623 444 2972 513 praeclarum,
3004 464 3023 497 ι
3059 444 3179 501 Non
3207 463 3458 505 assumes
3490 467 3688 505 uolnen

415 529 997 602 παραφυλαττόμενος,
1032 529 1288 600 φυλάξεις
1309 548 1368 584 τε
1395 531 1534 600 ἅμα,
1569 524 1664 584 καὶ
1686 529 1868 594 καλῶς
1885 531 2002 600 νοή⁶

419 620 673 692 σῖις,τὴν
703 620 855 674 θείαν
878 621 1093 692 ἐκείνην
1106 621 1452 694 νομοθεσίαν,
1477 621 1576 693 τὴν
1590 621 1906 690 λέγουσαν,‹
1932 622 2006 676 Οὐ

418 715 567 786 λήψῃ
584 712 646 766 τὸ
667 713 837 784 ὄνομα
868 713 1071 783 Κυρίου
1101 714 1195 768 τοῦ
1217 713 1354 767 Θεοῦ
1407 730 1502 767 σου
1560 714 1654 767 ἐπὶ
1705 713 1943 785 ματαίῳ.
1983 732 2005 767 ι

951 827 1292 880 ΕΡΩΤΗΣΙΣ
1328 827 1457 882 III".

798 984 860 1037 Τί
881 983 1020 1040 ἐστι
1049 983 1290 1054 πνεῦμα
1313 984 1632 1048 Πύθωνος;

2113 530 2333 587 Domini
2368 530 2463 587 Dei
2494 533 2571 588 tui
2601 532 2655 588 in
2688 550 2891 589 vanum
2919 535 2986 588 ⁸³.
3023 553 3042 588 ι

2254 815 2587 884 ρυιεδτιο
2651 818 3204 894 [ριχχιιιηῳρεει.
3261 824 3548 894 ccxux,

2675 889 2843 944 Taur.
2903 889 3079 947 CCLX
3096 891 3137 964 1.

2481 979 2624 1046 Quid
2653 989 2731 1036 est
2769 982 2992 1051 spiritus
3023 982 3324 1055 Pythonis?

488 1101 630 1151 Edita
652 1115 678 1149 a
706 1099 1024 1162 Montacutio,
1050 1113 1134 1163 ep.
1155 1100 1264 1163 151,
1285 1101 1350 1150 ad
1375 1103 1641 1167 Tlteodot.,
1672 1117 1724 1168 p.
1749 1097 1977 1151 206-907.
1997 1095 2075 1150 De
2094 1097 2488 1161 engastrimytho
2514 1097 2536 1147 Ι
2569 1097 2874 1161 Reg.xxvm,
2899 1097 2927 1148 7
2949 1111 3081 1162 seq.;
3105 1101 3200 1151 Act
3228 1117 3329 1164 va,
3355 1104 3412 1153 16
3435 1118 3541 1168 seq.

498 1211 570 1262 Τὸ
604 1207 923 1280 ὲμφωλεῦον
956 1211 1024 1279 τῇ
1053 1207 1375 1282 ἀνθρωπεία
1397 1213 1598 1284 γαστρὶ
1627 1211 1890 1284 πονηρὸν,
1914 1207 2011 1263 καὶ

2185 1204 2389 1260 Malum
2419 1205 2571 1260 illutn
2594 1210 2686 1278 qui
2715 1211 2984 1269 humanos
3001 1223 3219 1271 ventres
3243 1215 3453 1283 incolit,
3471 1215 3694 1286 dignum

426 1302 576 1368 ἄξιον
609 1301 708 1371 τὴν
740 1301 1076 1372 κοπροδόχον
1103 1303 1278 1356 οἰκεῖν
1299 1344 1315 1370 ,
1342 1303 1656 1375 ἀκάθαρτον
1689 1305 1933 1376 πνεῦμα,
1959 1305 2012 1359 οι

2143 1306 2265 1352 :erte
2318 1297 2576 1352 latrinam
2609 1315 2903 1372 occupare,
2956 1306 3232 1376 impurum
3289 1323 3484 1379 nempe
3537 1312 3700 1380 spiri-

429 1398 529 1467 μὲν
557 1397 656 1466 τῆς
689 1395 994 1462 εὐσεϐείας,
1043 1395 1166 1449 λίαν
1198 1397 1458 1467 ἐμφερῶς
1510 1399 2013 1470 προσωνομάκασιν

2143 1402 2254 1453 um,
2300 1387 2376 1441 illi
2417 1389 2509 1458 qui
2549 1390 2804 1459 pietatem
2836 1393 3026 1450 colunt
3056 1399 3305 1468 apposite
3342 1403 3702 1458 nominarunt

426 1489 937 1560 ὲγγαστρίμυθον·
964 1487 1075 1541 τῶν
1107 1488 1165 1542 δὲ
1194 1488 1327 1561 παρ’
1355 1489 1616 1561 Ἕλλησιν
1646 1495 1697 1548 oi
1733 1493 1835 1565 μὲν
1861 1493 2012 1546 πλεῖ-

2117 1479 2635 1550 engastrimytltum.
2713 1482 2869 1552 Apud
2904 1484 3122 1545 Gnecos
3181 1490 3425 1560 plerique
3493 1500 3702 1547 entero-

431 1598 567 1646 στοι,
599 1580 1024 1650 ἐντερόμαντιν
1044 1597 1062 1614 ο
1101 1580 1282 1652 ἕτεροι
1329 1580 1385 1634 δὲ
1414 1581 2012 1658 ἐγγαστρίμαντινβ)

2143 1578 2350 1644 nantin,
2409 1575 2578 1644 aliqui
2619 1581 3068 1646 engastrimantin
3119 1593 3338 1640 vocant.
3405 1585 3703 1656 Sophocles

431 1671 786 1741 ὀνομάζουσι.
823 1673 1106 1744 Σοφοκλῆς
1131 1672 1188 1726 δὲ
1217 1673 1327 1735 ἄρα
1355 1673 1452 1726 καὶ
1485 1677 1889 1751 Πλάτων,ὐπὲρ
1912 1677 2008 1733 τοῦ

2143 1677 2174 1722 :t
2206 1668 2358 1723 Plato
2383 1668 2640 1723 daemonii
2674 1669 2724 1722 iu
2751 1673 3005 1739 gratiam,
3039 1689 3166 1730 cum
3212 1677 3279 1731 de
3307 1679 3513 1734 ventris
3556 1679 3704 1737 illius

428 1764 734 1835 δαιμονίου,
759 1763 864 1834 τῆς
889 1764 1128 1836 γαστρὸς
1155 1764 1253 1833 τὴν
1289 1763 1505 1841 οίκησιν
1543 1770 1952 1840 αἰσχυνόμενοι,
1987 1773 2016 1825 ὁ

2119 1761 2361 1817 incolatu
2410 1759 2773 1831 pudcﬁerent,
2829 1763 2921 1818 ille
2953 1764 3176 1834 quidem
3208 1765 3422 1837 (utpote
3452 1770 3705 1840 poeticus

441 1855 539 1925 μὲν
571 1856 690 1923 (ἆτε
723 1857 1006 1926 ποιητικός
1034 1875 1119 1922 τις
1150 1858 1248 1922 ὢν,
1284 1865 1379 1916 καὶ
1418 1861 1552 1916 πολὺ
1597 1861 1659 1914 τὸ
1688 1861 1887 1931 ἄφετον
1923 1863 2018 1917 ἐπὶ

2143 1852 2433 1917 :xsistens,
2483 1858 2539 1906 et
2589 1850 2788 1921 linguae
2837 1853 3090 1910 libertate
3149 1857 3448 1926 prteditus,
3508 1860 3708 1928 suique

434 1945 535 2015 τῆς
566 1945 818 2018 γλώσσης
846 1947 1008 2017 ἔχων,
1037 1949 1134 2003 καὶ
1161 1951 1481 2023 αὐτόνομον)
1511 1953 1634 2007 ἀντὶ
1657 1953 1892 2025 γαστρὸς
1919 1955 2019 2010 αὐ-

434 2036 513 2107 τῷ
541 2037 609 2092 τά
646 2037 848 2109 στέρνα
875 2040 1266 2119 χαρισάμενος,
1297 2046 1735 2114 στερνόμαντιν
1777 2046 2020 2117 μετωνό-

440 2147 646 2201 μασενο
711 2131 742 2184 ό
780 2131 862 2197 δὲ,
893 2132 956 2186 τὸ
986 2134 1228 2204 ἐμφανὲς
1269 2137 1404 2200 ἴσως
1430 2136 1523 2190 τοῦ
1559 2137 1790 2206 ψεύδους
1835 2138 2023 2193 ἐκκλί-

438 2239 566 2288 νων,
585 2222 750 2296 ἑτέρᾳ
777 2223 834 2276 δὲ
869 2224 1081 2297 μεθόδῳ
1107 2227 1360 2282 κλέπτων
1386 2229 1488 2299 τὴν
1512 2229 1692 2300 ὕϐριν,
1705 2230 2023 2299 Εὐρυκλέα

442 2313 598 2368 καλεῖ
623 2315 686 2367 τὸ
716 2315 1084 2386 γαστρίοικον.
1119 2318 1301 2386 Οὕτω,
1330 2323 1485 2389 φασὶ,
1518 2321 1814 2392 κληθέντος
1851 2323 2023 2379 πάλαι

440 2407 603 2475 τινὸς,
629 2408 722 2462 ἐπὶ
748 2408 826 2480 τῷ
851 2410 1014 2463 πάθει
1038 2413 1086 2450 θ’
1117 2411 1499 2485 διαϐοηθέντος
1519 2432 1532 2446 ·
1563 2417 1658 2484 ἀφ’
1691 2408 1752 2469 οῦ
1783 2417 1880 2470 καὶ
1908 2419 2023 2480 τοῖς

438 2500 642 2569 ἑφεξῆς
681 2499 780 2571 τὴν
827 2502 1204 2574 προσηγορίαν
1251 2505 1532 2576 νέμουσιν.
1575 2507 1761 2560 Ἐοικε
1808 2506 1918 2579 γὰρ
1962 2507 2025 2561 τὸ

437 2591 718 2660 δαιμόνιον
747 2590 905 2645 τοῦτο
932 2593 1121 2664 φῦλον,
1153 2596 1215 2649 οὐ
1250 2599 1492 2667 γυναίων
1540 2599 1722 2668 μόνον,
1755 2599 1894 2654 ἀλλὰ
1931 2601 2027 2655 καὶ

443 2682 655 2754 ἀνδρῶν
685 2685 750 2755 τῇ
777 2685 969 2756 κόπρῳ
993 2685 1168 2757 φιλεῖν
1195 2689 1680 2760 ἐγγαστρίζεσθαι.
1709 2691 2028 2747 Λαοπλάνον

440 2774 500 2826 δὲ
526 2775 706 2842 τοῦτο,
738 2777 834 2831 καὶ
863 2779 960 2848 τῆς
983 2779 1220 2851 ἐσχάτης
1251 2782 1549 2847 ἀπωλείας,
1588 2785 1702 2847 τοῖς
1735 2784 2029 2858 προσέχειν

443 2866 597 2938 αὐτῷ
626 2869 1160 2941 άναπεπεισμένοις,
1206 2873 1488 2944 πρόξενον.
1530 2875 1774 2930 Καλοῦσι
1804 2876 1860 2931 δὲ
1895 2878 2028 2932 αὐτὸ

2117 1939 2283 2014 juris)
2321 1940 2443 1995 loco
2475 1939 2684 1995 ventris
2713 1949 2907 2010 pectus
2943 1942 2994 1998 ei
3034 1957 3157 1998 cum
3176 1944 3532 2015 assignasset,
3567 1955 3706 2000 ater-

2123 2034 2403 2089 nomantin
2435 2030 2774 2097 nominavit;
2806 2033 2966 2101 alter,
2995 2049 3148 2101 cum,
3183 2045 3243 2092 ut
3269 2036 3570 2092 verisimile
3599 2048 3704 2104 est,

2123 2135 2376 2196 apertum
2427 2128 2654 2193 cuperet
2694 2123 2872 2180 vitare
2923 2127 3296 2192 mendacium,
3329 2128 3499 2184 aliam
3552 2129 3710 2185 inivit

2127 2220 2293 2284 viam,
2323 2228 2378 2275 et
2409 2219 2646 2275 dedecus
2670 2216 2993 2284 declinavit,
3026 2229 3079 2274 et
3105 2221 3504 2276 inbabitantem
3544 2222 3712 2276 Euri-

2125 2311 2240 2365 ctea
2273 2311 2539 2365 nominat.
2558 2300 2694 2378 'Quo
2719 2311 2966 2376 nomine,
2999 2322 3061 2366 ut
3084 2309 3377 2378 aliirmant,
3409 2314 3713 2368 vocabatur

2126 2405 2376 2475 quidam,
2409 2405 2506 2475 qui
2555 2405 2688 2460 olim
2740 2412 2847 2462 hoc
2892 2405 3092 2462 aﬂ‘ectu
3148 2406 3502 2473 inclaruerat,
3533 2423 3564 2462 a
3602 2423 3713 2476 quo

2128 2497 2388 2568 deinceps
2418 2497 2542 2552 aliis
2567 2497 2787 2552 titulum
2824 2497 3161 2553 indiderunt.
3209 2497 3362 2554 Solet
3405 2498 3554 2554 enim
3606 2499 3715 2554 hoc

2128 2603 2304 2657 genus
2357 2588 2668 2643 daemonum
2727 2597 2974 2643 stercore
3025 2604 3133 2643 non
3181 2589 3478 2644 mulierum
3525 2590 3714 2654 modo,

2131 2679 2226 2736 sed
2255 2688 2311 2734 et
2335 2680 2580 2735 virorum
2629 2679 2914 2746 oblectari,
2946 2688 3004 2735 et
3051 2680 3178 2736 ideo
3224 2690 3469 2736 ventrem
3501 2681 3714 2737 subire.

2131 2772 2231 2829 Est
2275 2781 2458 2828 autem
2489 2772 2676 2842 populi
2709 2772 2971 2844 deceptor
3001 2774 3253 2844 spiritus,
3283 2782 3339 2830 et
3366 2775 3582 2829 ruinam
3619 2790 3720 2828 ex-

2135 2881 2364 2927 tremam
2419 2873 2676 2937 procurat
2706 2864 2810 2930 eis,
2841 2866 2939 2933 qui
2973 2873 3034 2919 ut
3067 2865 3228 2920 fidem
3273 2865 3326 2920 ei
3365 2865 3605 2922 habeant
3631 2866 3722 2920 in-

446 2960 633 3015 πολλοί
660 2963 770 3016 τῶν
815 2963 1083 3037 Ἑλλήνων
1119 2968 1212 3021 καὶ
1246 2969 1494 3023 Πύθωνα
1515 2987 1530 3001 ο
1574 2971 1715 3041 ὅπερ
1741 2967 1898 3043 οἶμαι
1929 2973 2025 3027 καὶ

2143 2965 2253 3023 iuci
2282 2960 2542 3034 poterint.
2575 2955 2726 3011 Multi
2755 2974 2919 3029 porro
2945 2974 2976 3014 e
2997 2957 3201 3014 Grtecis
3226 2957 3517 3030 Pythonem
3549 2958 3724 3014 nomi-

443 3055 515 3123 τῇ
545 3052 653 3106 τῶν
679 3053 1062 3124 Φιλιππησίων
1097 3058 1360 3131 παιδίσκῃ
1387 3060 1904 3133 ἐγγαστριζόμενον,
1933 3062 2028 3118 τὸν

445 3147 518 3198 ὲκ
543 3146 643 3212 τῆς
667 3146 874 3218 πλάνης
903 3149 1118 3220 ἔρανον,
1145 3154 1258 3214 τοῖς
1289 3152 1500 3221 κυρίοις
1524 3153 1716 3224 αὐτῆς,
1737 3151 1824 3207 οἷα
1847 3155 1912 3225 δὴ
1934 3155 2032 3210 καὶ

446 3235 619 3289 αὑτοῦ
652 3237 718 3289 δι’
751 3237 966 3310 ἐκείνης
998 3239 1322 3304 δεσπόζουσι
1357 3280 1372 3304 ,
1410 3241 1822 3296 κατατίθεσθαι.
1867 3245 1933 3296 ’⁸0
1966 3243 2032 3315 δὴ

449 3329 825 3398 κακομηχάνῳ
856 3330 1056 3402 γνώμῃι
1100 3333 1196 3386 καὶ
1245 3333 1337 3387 τὸν
1379 3334 1664 3388 θεσπέσιον
1698 3335 1909 3390 Παῦλον
1938 3338 2038 3390 ἒπ-

450 3415 622 3469 οιίνων
653 3419 952 3489 ἐγκωμίοις
986 3422 1292 3491 μελετῆσαν
1322 3423 1681 3495 ὑπέρχεσθαι,
1719 3423 1911 3494 μισθὸν
1937 3426 2037 3495 τῆς

454 3509 774 3574 κολακείας,
799 3513 898 3582 τὴν
935 3513 1254 3585 ὑπερορίαν,
1287 3511 1434 3586 εὗρε,
1472 3516 1570 3585 τῆς
1606 3517 1791 3569 ἀδίκου
1827 3517 1921 3570 καὶ
1956 3516 2039 3586 φί-

454 3600 556 3671 λης
589 3602 875 3673 οἰκήσεως.

992 3719 1330 3773 ΕΡΩΤΠΣΙΣ
1371 3717 1493 3776 ΠΝ.

2138 3064 2311 3114 nant:
2339 3051 2670 3121 cujusmodi,
2701 3052 2918 3123 opinor,
2943 3049 3086 3120 apud
3100 3048 3726 3118 Pbilippenses,ancill:e

2139 3160 2386 3206 ventrem
2451 3141 2727 3212 subierat,
2795 3160 2918 3214 qua:
2993 3157 3089 3212 per
3161 3141 3308 3195 illam
3361 3134 3723 3211 imposturam

2142 3241 2276 3297 hero
2305 3257 2406 3298 suo
2446 3239 2694 3315 symbola
2727 3232 3037 3304 colligebat,
3081 3232 3175 3302 qni
3216 3247 3312 3300 per
3348 3231 3602 3286 ancillam
3626 3234 3727 3285 do-

2143 3322 2456 3389 minabatur
2493 3329 2786 3388 daemonio.
2819 3325 2913 3379 Ille
2957 3322 3182 3393 spiritus
3220 3323 3364 3376 mala
3398 3330 3580 3377 mente
3609 3322 3729 3375 lau-

2144 3425 2308 3480 dabat
2353 3423 2606 3488 Paulum,
2656 3431 2834 3491 et-per
2866 3414 3118 3474 encomia
3168 3414 3533 3469 meditabatur
3575 3413 3728 3467 illum

2145 3517 2353 3582 subire,
2389 3515 2484 3572 sed
2509 3513 2840 3570 adulationis
2865 3511 3151 3582 prmmium
3185 3505 3570 3576 relegationem
3611 3519 3735 3561 me—

2146 3611 2278 3677 ruit,
2304 3611 2372 3665 ab
2408 3609 2614 3679 injusta
2640 3617 2692 3662 et
2723 3606 2919 3661 dilecta
2959 3599 3296 3656 habitatione
3331 3606 3597 3654 semotus.

2150 3721 2482 3790 QllrESTIO
2531 3718 2794 3776 LXXXIV
2832 3715 3020 3792 [CoisL
3051 3715 3206 3783 CCL,
3249 3714 3416 3771 Taur.
3457 3707 3734 3782 CCXLI.].

1167 3857 1310 3908 Edita
1341 3873 1369 3908 a
1395 3859 1712 3920 Moutacutio,
1737 3873 1819 3922 ep.
1839 3859 1942 3919 152,
1963 3861 2029 3910 ad
2055 3862 2231 3912 Taras.
2258 3876 2306 3925 p.
2332 3861 2444 3923 207,
2467 3860 2580 3922 208,
2603 3862 2655 3910 in
2673 3859 2817 3910 Rom.
2843 3871 2891 3920 v,
2914 3859 2995 3907 12.

535 3966 626 4032 Τὸ,
661 3986 678 4016 ι
722 3967 836 4052 Ἐφ’
864 3958 908 4032 ᾧ
937 3957 1138 4030 πάντες
1173 3966 1444 4038 ἥμαρτον,
1484 3985 1504 4018 ι
1534 3968 1674 4038 ὅπερ
1699 3966 1910 4030 Παῦλος
1940 3967 2040 4038 μὲν

460 4060 494 4112 ό
523 4057 661 4122 θεῖος
693 4058 886 4128 ἔφησε,
917 4058 980 4110 σὺ
1001 4056 1059 4110 δὲ
1087 4059 1280 4129 μαθειν
1337 4058 1573 4130 ᾔτησας,
1628 4058 1823 4113 τούτου
1852 4059 1920 4128 δὴ
1942 4059 2043 4130 τὴν

2215 3969 2366 4025 Pauli
2421 3969 2555 4025 illud
2608 3970 2853 4035 clintum,
2922 3987 2941 4021 ι
2978 3968 3036 4022 1η
3080 3980 3190 4037 quo
3241 3977 3434 4019 omnes
3471 3975 3736 4032 peccave-

2144 4063 2354 4126 runt“,
2392 4079 2410 4113 ι
2453 4061 2586 4130 quid
2627 4061 2730 4116 sibi
2783 4059 2930 4119 velit,
2981 4056 3166 4112 doceri
3198 4053 3376 4123 cupis.
3421 4051 3588 4106 Istius
3631 4051 3738 4104 loci

461 4151 726 4212 διάνοιαν,
769 4151 818 4202 οἱ
853 4149 984 4220 μὲν,
1019 4149 1110 4220 ἐφ’
1151 4143 1221 4218 ᾧ,
1270 4150 1351 4222 τῷ
1383 4151 1581 4220 Ἀδάμτ
1625 4152 1676 4204 oi
1721 4152 1796 4215 δὲ,
1853 4152 1949 4221 ἐφ’
1996 4143 2037 4219 ᾧ

2155 4150 2480 4205 sententiam
2506 4149 2728 4220 quidam
2761 4148 2834 4202 ita
2869 4146 3126 4210 reddunt,
3155 4152 3214 4198 ttt
3243 4142 3398 4207 illud,
3436 4143 3491 4195 in
3522 4157 3645 4212 quo,
3670 4140 3740 4194 ad

466 4241 550 4308 τῷ
580 4241 838 4307 θανάτῳ,
868 4243 1342 4308 συνυπακούοντες
1383 4243 1748 4298 ἀποδιδόασιν.
1793 4243 1948 4314 Ἐμοὶ
1994 4243 2037 4295 δὲ

2153 4242 2426 4296 Adamnm
2467 4239 2746 4307 referant;
2780 4240 2872 4296 alii
2914 4239 2978 4292 al
3012 4238 3163 4302 illud,
3195 4253 3214 4288 ι
3246 4235 3300 4290 in
3343 4247 3452 4304 qua
3484 4241 3680 4287 morte.
3713 4249 3734 4284 ι

465 4334 750 4406 οὐδέτερον
793 4335 964 4388 δοκεῖ.
1007 4336 1144 4390 Οὐδὲ
1197 4337 1308 4407 γάρ
1372 4353 1427 4392 τι
1480 4335 1882 4392 συνυπακούειν
1949 4335 2050 4402 δεῖ,

471 4425 702 4478 αὐτόθεν
748 4426 965 4496 ἔχοντος
992 4425 1086 4480 τοῦ
1136 4427 1304 4498 ῥητοῦ
1351 4427 1450 4498 τὴν
1480 4428 1776 4482 ὲντέλειαν.
1808 4425 1884 4482 Τὸ
1921 4429 2052 4498 γὰρ,

481 4533 502 4566 ι
526 4516 640 4585 Ἐφ’
667 4510 712 4584 ᾧ
742 4517 945 4580 πάντες
979 4518 1248 4589 ἥμαρτον,
1283 4537 1303 4570 ι
1339 4518 1434 4573 νῦν
1467 4520 1528 4572 οὐ
1560 4518 1857 4589 προσώπου
1886 4517 2054 4584 τινὸς,

477 4607 588 4660 οὐδ’
618 4604 730 4661 οἷον
760 4609 1076 4680 προσώπου,
1104 4608 1372 4662 δεικτικὸν
1397 4611 1543 4662 ἐστιν
1560 4625 1574 4640 ·
1593 4609 1708 4664 ἀλλ’
1744 4609 1922 4673 αἰτίας
1949 4609 2056 4681 μά-

479 4702 638 4756 λιστα
687 4704 1124 4774 παραστατικόν·
1165 4697 1298 4767 οἷον,
1347 4721 1366 4756 ι
1409 4705 1528 4773 Ἐφ’
1554 4696 1602 4772 ᾧ
1637 4704 1840 4767 πάντες
1870 4704 2058 4775 ἦμαρ-

479 4815 593 4862 τον,
629 4817 649 4850 ι
683 4797 816 4852 διότι
843 4797 1044 4861 πάντες
1069 4799 1336 4871 ἥμαρτον.
1390 4800 1501 4853 Καὶ
1529 4799 1706 4873 μυρία
1729 4797 1751 4836 τ
1801 4798 1921 4868 μὲν,
1963 4796 2060 4850 καὶ

481 4893 636 4962 παρὰ
665 4893 781 4954 τοῖς
821 4889 946 4958 ἔξω,
984 4891 1018 4959 ή
1052 4892 1274 4964 τοιαύτη
1310 4892 1552 4963 συνθήκη
1577 4890 1688 4944 τῶν
1716 4889 1923 4956 λόγων*
1957 4890 2062 4959 ἀρ-

485 4983 636 5037 κέσει
664 4981 709 5035 δ’
738 4979 834 5036 οῦν
858 4985 886 5035 ὁ
916 4983 1057 5044 θεῖος
1078 4982 1310 5048 Παῦλος,
1351 4984 1513 5048 αὐτὸς
1539 4981 1733 5036 ἑαυτοῦ
1762 4983 1861 5045 τὰς
1888 4980 2064 5046 λέξεις

485 5073 827 5144 ἑρμηνεύων.
859 5078 1026 5145 Λέγει
1059 5079 1169 5149 γὰρ
1198 5075 1434 5147 ἀλλαχοῦ
1460 5117 1475 5142 ,
1507 5093 1528 5127 t
1560 5075 1671 5128 Kal.
1697 5073 1808 5144 γὰρ
1833 5073 1883 5125 οἱ
1913 5072 2066 5134 ὄντες

485 5166 543 5218 ἐν
568 5164 646 5234 τῷ
677 5165 889 5234 σκήνει,
926 5169 1260 5238 στενάζομεν
1294 5165 1646 5237 βαρούμενοι,
1677 5182 1695 5214 ι
1729 5159 1868 5224 εἶτα,
1906 5180 1924 5213 ι
1949 5161 2066 5230 Ἐφ’

483 5250 529 5324 ᾧ
559 5257 620 5309 ω)
670 5256 899 5328 θέλομεν
961 5259 1288 5314 ἐνδύσασθαι
1309 5261 1359 5324 ε,
1405 5257 1523 5312 ἀλλ’
1572 5254 1992 5310 ἐπενδύσασθαι.
2043 5270 2062 5304 ι

488 5350 790 5422 Περίδηλον
821 5349 938 5423 γὰρ.
960 5355 1026 5408 ὲκ
1053 5354 1268 5420 τούτου,
1293 5351 1368 5417 ὡς
1391 5350 1473 5417 τὺ,
1499 5349 1594 5420 ἐφ’
1623 5343 1691 5415 ᾧ,
1714 5349 1896 5410 αἰτίας
1920 5343 2068 5415 αὑτῷ

485 5447 830 5515 σημαντικὸν
887 5447 1267 5520 παρειλήφθηο
1315 5444 1585 5509 τουτέστι,
1622 5441 1720 5496 Διὰ
1753 5438 1914 5493 τοῦτο
1947 5455 2069 5492 στε-

561 5562 609 5594 ⁹³
632 5561 808 5622 Exod.
835 5583 930 5635 xx,
961 5567 1015 5620 7.
1089 5565 1139 5598 ⁸⁵
1163 5563 1322 5618 Rom.
1351 5577 1406 5628 v,
1440 5561 1524 5616 12.
1596 5559 1642 5592 ’³
1675 5555 1718 5612 ll
1747 5555 1874 5612 Cor.
1904 5569 1958 5618 ν,
1986 5553 2039 5608 4.

2154 4333 2285 4388 ΜΗιί
2315 4344 2570 4388 neutrum
2601 4333 2801 4404 placet.
2827 4331 3011 4402 Neque
3039 4329 3186 4386 enim
3221 4325 3521 4397 quidquam
3555 4322 3740 4378 subin-

2156 4426 2506 4496 telligemlum
2557 4424 2817 4490 occurrit,
2851 4439 2974 4479 cum
3010 4437 3106 4492 per
3133 4408 3192 4480 se
3229 4424 3442 4475 constet
3471 4416 3574 4471 sibi
3607 4416 3740 4470 dicti

2156 4518 2305 4574 illius
2357 4517 2596 4589 perfecta
2641 4517 2981 4573 constitutio.
3016 4512 3188 4578 Nam,
3247 4531 3266 4564 ι
3303 4511 3358 4565 In
3402 4525 3512 4580 quo
3551 4523 3744 4562 omnes

2159 4619 2544 4682 peccaverunt,
2591 4629 2610 4662 ι
2641 4610 2694 4665 in
2722 4609 2976 4681 praesenti
3010 4623 3112 4663 nec
3149 4617 3442 4676 personam
3476 4601 3740 4669 aliquam,

2160 4718 2263 4759 nec
2311 4712 2573 4773 tauquam
2619 4717 2910 4774 personam
2959 4704 3360 4770 repraesentat:
3408 4694 3503 4748 sed
3561 4691 3743 4760 potius

2166 4808 2393 4850 causam
2423 4793 2649 4858 indicat,
2673 4793 2828 4863 quasi
2859 4792 3080 4852 diceret,
3122 4807 3142 4842 ι
3171 4787 3227 4842 in
3266 4800 3380 4857 quo
3406 4800 3596 4840 omnes
3626 4799 3746 4854 pec-

2161 4892 2448 4948 caverunt,
2483 4901 2502 4936 i
2532 4882 2585 4938 id
2618 4892 2724 4948 est,
2759 4882 2811 4934 in
2837 4889 3103 4951 quantum
3133 4883 3500 4946 peccaverunt
3527 4887 3742 4927 omnes.

2161 4978 2341 5046 Atque
2381 4980 2529 5030 certe
2561 4981 2778 5029 exstant
2816 4971 2957 5041 apud
2993 4980 3250 5025 externos
3293 4966 3589 5036 scriptores
3619 4979 3747 5019 sex-

2166 5075 2322 5122 centa
2370 5063 2682 5122 istiusmodi
2735 5061 3027 5117 locutionis
3058 5058 3339 5127 exempla;
3381 5055 3476 5112 sed
3516 5053 3752 5109 suﬁiciet

2167 5161 2328 5215 nobis
2359 5157 2578 5214 divinus
2625 5156 2845 5221 Paulus,
2894 5152 2988 5223 qui
3021 5166 3178 5206 suam
3221 5149 3381 5204 nobis
3426 5144 3751 5202 sententiam

2168 5251 2423 5322 explicet.
2454 5250 2544 5304 Ait
2575 5248 2665 5302 ille
2693 5247 2823 5301 alibi
2856 5261 2870 5298 :
2911 5264 2929 5296 ι
2971 5239 3184 5299 Etenim
3219 5239 3313 5310 qui
3354 5239 3408 5293 in
3445 5239 3548 5292 hoc
3575 5235 3752 5290 taber-

2171 5344 2370 5400 naculo
2407 5357 2637 5405 sumus,
2686 5338 3098 5411 ingemiscimus
3139 5330 3488 5408 przegravati.
3539 5326 3598 5381 In
3645 5339 3754 5397 quo

2173 5435 2430 5491 nolumus
2491 5434 2742 5496 induere,
2786 5432 2883 5489 sed
2927 5427 3332 5500 superindui”.
3370 5445 3392 5480 ι
3420 5423 3576 5479 Patet
3607 5418 3753 5477 enim

1795 5644 2033 5701 VARUE
2076 5637 2485 5698 LECTIONES.

581 5755 630 5795 ⁸⁸
661 5753 798 5813 Cod.
820 5751 967 5810 Non.
999 5751 1104 5808 555
1135 5748 1295 5806 £115
1328 5746 1457 5819 legit
1490 5745 1582 5800 ἐπὶ
1610 5745 1670 5801 τὸ
1693 5743 1887 5810 πάθος.
1957 5741 1976 5782 ί
2021 5739 2301 5814 μυριάκις.
2326 5737 2388 5803 C,
2424 5735 2490 5794 Μ.
2524 5733 2714 5807 μυρία.
2787 5733 2812 5773 ε
2841 5724 3190 5786 ἐκδύσασθαι.
3208 5725 3272 5783 C.
3306 5725 3383 5781 Μ.
3406 5721 3742 5779 ἐνδύσασθαι,
