4158 6506
452 399 558 463 555

1607 402 1871 464 ΡΗΟΤΙῙ
1913 400 2416 464 PATRIARCIUE
2454 400 2568 463 (ΣΡ.

3659 388 3775 453 556

453 516 508 571 in
545 514 815 578 liocloeo,
868 513 998 569 illud
1034 513 1242 585 inquo,
1294 513 1453 585 quasi
1508 516 1853 571 causativum
1911 515 2041 585 quid

2160 512 2408 586 νᾲζομεν,
2457 511 2555 580 οὐχ
2606 510 2688 563 δτι
2717 505 3084 564 ἐνδύσασθαι1³
3123 507 3381 578 θέλομεν,
3414 503 3572 560 ἀλλὰ
3625 505 3773 559 διότι

452 602 627 673 accipi
657 602 872 657 debeat.
903 599 996 656 Est
1018 600 1163 656 enim
1194 615 1414 663 sensus,
1449 599 1529 657 0b
1562 602 1694 656 illud
1727 602 2043 671 ingemisci-

454 710 579 750 mus
600 710 706 749 non
732 694 879 764 quod
909 694 1059 749 indui
1087 695 1365 759 volumus,
1394 696 1491 751 sed
1515 696 1662 766 quod
1690 695 2038 765 superindui.

459 785 530 841 Ut
551 786 872 855 explicatius
910 786 1108 853 dicam,
1135 786 1239 841 loci
1263 789 1537 843 sententia
1568 789 1671 843 ista
1697 797 1780 855 est
1814 806 1826 842 :
1879 786 2041 856 Iuge-

456 877 752 942 miscimus,
777 877 907 932 dum
938 878 992 931 in
1016 879 1367 953 tabernaculo
1391 879 1745 934 consistimus
1768 919 1782 942 ,
1815 894 1880 933 eo
1900 878 2047 948 quod

457 984 1007 1039 superaggravamur.
1063 968 1202 1051 Quid
1245 971 1419 1038 ergo?
1471 971 1626 1039 vispe
1667 985 1867 1041 corpus
1924 971 2045 1026 ideo

461 1070 615 1114 tuum
646 1074 865 1125 exuere,
898 1059 1039 1128 quod
1080 1060 1171 1114 Dei
1226 1076 1423 1115 manus
1457 1059 1849 1131 eﬂigiaverunt,
1878 1070 1930 1114 et
1957 1060 2043 1116 cui

460 1148 704 1203 animam
761 1151 1036 1218 eoaptavit
1100 1149 1341 1203 divinum
1407 1149 1779 1219 spiraculum?
1832 1148 2047 1219 Nequa-

463 1255 657 1308 quam,
691 1239 926 1309 inquies,
964 1239 1106 1294 absit
1139 1241 1192 1294 id
1236 1240 1453 1296 faciam.
1488 1238 1672 1310 Neque
1713 1241 1857 1295 enim
1895 1242 2047 1311 inge-

461 1330 659 1397 misco,
683 1346 745 1385 ea
774 1341 996 1401 propter
1021 1331 1168 1401 quod
1197 1347 1303 1386 non
1333 1346 1504 1387 exuar
1532 1351 1546 1387 :
1579 1331 1674 1388 sed
1701 1333 2049 1403 quandoqui-

464 1422 588 1478 dem
621 1438 728 1478 non
764 1424 978 1479 induar.
1009 1423 1163 1479 Indui
1193 1439 1323 1480 vero
1351 1426 1605 1494 appellat,
1640 1425 2049 1481 immortalitate

464 1513 914 1577 circumamiciri,
946 1524 1000 1569 et
1031 1524 1232 1570 statum
1270 1515 1518 1585 adipisci,
1562 1515 1616 1570 in
1646 1530 1756 1587 quo
1786 1516 1854 1570 ab
1894 1516 2050 1571 initio

466 1604 823 1659 formabatur.
877 1605 1147 1671 Quocirca
1189 1606 1372 1661 statim
1414 1606 1628 1662 infert:
1683 1627 1701 1659 ι
1737 1608 1809 1664 Ut
1860 1608 2050 1662 absor-

463 1695 658 1750 beatur
684 1697 989 1750 mortalitas
1016 1713 1044 1751 a
1070 1699 1204 1751 vita.
1253 1716 1271 1751 ι
1306 1695 1424 1751 Νοιι
1468 1698 1771 1769 ingemisco
1803 1713 2051 1770 propter-

464 1803 528 1841 ea
568 1787 715 1857 quod
776 1804 976 1858 corpus
1032 1789 1178 1844 istud
1210 1805 1316 1844 non
1350 1790 1582 1860 depono,
1618 1791 1709 1845 sed
1740 1791 1886 1862 quod
1917 1808 2051 1846 non-

2145 605 2564 675 ἐπενδύσασθαι.
2587 604 2743 656 Ἐστι
2772 602 2905 672 γὰρ,
2937 599 3273 670 πλατύτερον
3305 601 3535 665 εἰπεῖν,
3574 598 3607 650 ὁ
3641 599 3781 660 νοῦς

2143 695 2239 749 τοῦ
2274 694 2441 766 ῥητοῦ
2466 692 2709 754 τοιοῦτος
2728 709 2742 725 ο
2773 689 3137 759 Στενάζομεν
3162 691 3219 742 ὲν
3249 690 3324 760 τῷ
3368 691 3586 759 σκήνει
3612 687 3779 750 ὄντες

2146 766 2495 860 βαρούμενοι.
2526 786 2593 840 Τί
2618 785 2750 849 οῦνς
2782 782 3161 838 ἀποδύσασθαι
3192 784 3252 835 τὸ
3289 781 3470 852 σῶμα
3504 779 3706 841 θέλεις
3749 779 3780 831 ὃ

2144 886 2327 954 χεῖρες
2355 882 2596 935 ἔπλασαν
2627 878 2788 945 Θεοῦ,
2837 879 2931 930 καὶ
2977 875 3154 947 ψυχὴν
3187 875 3336 947 αὐτῷ
3378 875 3548 928 θεῖον
3585 871 3783 943 ἐμφύ-

2149 993 2301 1045 σημα
2331 972 2748 1045 συνηρμόσατο;
2782 970 2939 1040 Οὐχὶ,
2974 970 3126 1039 φησί·
3157 968 3232 1038 μὴ
3256 969 3523 1036 γένοιτοο
3560 967 3630 1019 οὐ
3661 964 3780 1035 γὰρ

2146 1066 2282 1131 διότι
2328 1068 2427 1134 ούκ
2473 1048 2785 1133 ἀποδύομαι
2822 1062 3087 1135 στενάζω,
3127 1060 3262 1115 ἀλλά
3302 1061 3454 1128 διότι
3503 1058 3620 1111 οὐκ
3674 1059 3779 1110 ἑπ-

2148 1157 2436 1228 ενδύομαι·
2484 1157 2771 1211 ὲπένδυσιν
2821 1154 3025 1218 καλῶν,
3078 1154 3141 1207 τὸ
3190 1153 3330 1223 μετὰ
3380 1153 3501 1218 τῆς
3536 1150 3779 1221 ἀφθαρ-

2150 1249 2271 1311 σίας
2306 1246 2496 1318 αύτῷί
2532 1245 2946 1318 περιϐαλέσθαι,
2987 1248 3081 1300 καὶ
3111 1241 3223 1308 οἷον
3256 1244 3543 1320 ἀπαρχῆς
3582 1242 3781 1313 διεπέ-

2146 1338 2374 1394 λαστοὶ.
2411 1339 2502 1393 Διὸ
2537 1341 2632 1393 καὶ
2688 1338 2851 1402 εὐθὺς
2885 1338 3112 1407 ἐπάγει*
3149 1357 3167 1389 ι
3208 1339 3324 1390 Ἵνα
3356 1318 3682 1407 καταποθῇ
3714 1334 3781 1388 τδ

2150 1432 2343 1503 θνητὸν
2382 1432 2488 1485 ὑπὸ
2516 1431 2616 1500 τῆς
2643 1430 2808 1500 ζωῆς.
2843 1450 2861 1482 ι
2894 1432 2968 1485 Ού
2997 1431 3131 1484 διότι
3150 1428 3242 1485 οὖν
3272 1430 3372 1483 ούκ
3397 1428 3774 1498 ἀποτίθεμαι

2149 1523 2211 1577 τὸ
2245 1523 2427 1593 σῶμα,
2459 1522 2722 1587 στενάζω,
2758 1521 2893 1575 ἀλλά
2926 1522 3060 1575 διότι
3107 1521 3168 1574 ού
3206 1520 3587 1591 περιτίθεμαι
3626 1520 3769 1573 αὐτὸ

2154 1616 2293 1687 μετά
2340 1615 2657 1686 ἀφθαρσίας
2706 1614 2799 1668 καὶ
2840 1614 3011 1668 ἀϊδίου
3045 1614 3209 1684 ζωῆς.
3256 1613 3330 1667 Ού
3364 1613 3552 1683 μόνον
3582 1612 3647 1665 δὲ
3687 1612 3779 1663 ὲν-

2149 1708 2341 1762 τεῦθεν
2391 1708 2576 1776 δῆλον.
2606 1708 2682 1770 ὡς
2716 1706 2797 1771 τὸ,
2863 1705 2955 1775 ἐφ’
3006 1700 3094 1774 ᾧ,
3146 1706 3327 1769 αἰτίας
3381 1706 3552 1758 ἐστὶν
3618 1703 3778 1773 αὐτῷ

2151 1801 2449 1872 δηλωτικόν
2469 1816 2483 1830 ·
2518 1799 2656 1853 ἀλλά
2683 1800 2778 1855 καὶ
2820 1801 2878 1865 ἐξ
2909 1800 3078 1867 αὐτῆς
3115 1801 3213 1868 τῆς
3247 1800 3340 1852 τοῦ
3369 1798 3776 1870 προκειμένου

464 1875 597 1939 dum
655 1892 885 1953 corpore
946 1879 1258 1938 circumdor
1308 1894 1395 1945 eo,
1451 1882 1595 1949 quod
1652 1882 2049 1951 incorruptioni

2160 1891 2317 1963 ῥητοῦ
2344 1889 2603 1953 διανοίας.
2638 1889 2798 1958 Λέγει
2843 1889 2974 1959 γὰρ,
3024 1890 3106 1942 ὅτι
3133 1888 3228 1943 τοῦ
3266 1889 3445 1958 ’Δδάμ
3493 1889 3775 1958 ἡμαρτηεο

466 1970 850 2041 conjnugitur,
900 1981 955 2026 et
989 1973 1113 2031 vitae
1159 1984 1397 2029 αξιοι-ηαξ.
1434 1973 1570 2028 llinc
1611 1974 1723 2044 jam
1756 1975 1889 2029 satis
1920 1990 2053 2029 cono

2150 1983 2329 2048 κότος,
2362 1977 2483 2035 εἷτα
2516 1981 2733 2052 θανάτῳ
2760 1979 3188 2050 κατακριθέντος
3212 2019 3228 2043 ,
3264 1978 3359 2033 καὶ
3389 1978 3460 2032 cs
3500 1977 3566 2045 ἐξ
3596 1976 3772 2031 αὑτοῦ

465 2072 596 2131 ttat,
626 2066 776 2131 illud,
806 2067 866 2119 in
912 2082 1036 2136 qua,
1068 2069 1337 2123 causativi
1372 2066 1605 2121 formam
1636 2068 1915 2133 obtinere;
1958 2069 2050 2123 sed

2160 2074 2305 2144 γένος
2357 2071 2696 2142 είσεπράχθη
2745 2070 2837 2124 τδν
2890 2071 3140 2125 θάνατον.
3210 2068 3348 2122 Ἀλλ’
3399 2071 3512 2138 οὐχ
3568 2068 3771 2131 ἁπλῶς

466 2156 718 2223 ulterius,
771 2171 802 2212 ε
847 2157 979 2212 dicti
1028 2159 1202 2228 ipsius
1254 2174 1453 2226 sensu,
1507 2166 1676 2229 pattt.
1716 2159 1855 2214 Dicit
1904 2160 2051 2213 enim

466 2251 763 2319 Apostolus
807 2252 953 2320 quod
994 2268 1116 2307 cum
1168 2263 1412 2323 peccaret
1451 2252 1655 2318 Adam,
1710 2264 1901 2324 atque,
1932 2253 2053 2308 ideo

467 2344 631 2407 morti
668 2343 1107 2415 adjudicabatur,
1144 2344 1213 2398 ab
1246 2360 1310 2398 eo
1347 2354 1705 2415 propagatum
1747 2344 2049 2398 humanum

466 2449 638 2507 genus
670 2443 898 2498 mortem
938 2450 1161 2505 quoque
1192 2435 1296 2489 sibi
1334 2435 1668 2504 procuravit.
1707 2433 1891 2504 Neque
1921 2434 2051 2489 illud

469 2526 813 2596 simpliciter,
844 2537 897 2582 et
921 2528 1040 2591 sine
1062 2529 1309 2599 judiciali
1336 2530 1605 2583 sententia
1628 2571 1641 2594 ,
1671 2529 1761 2583 sed
1804 2546 1822 2580 ι
1858 2529 1912 2583 ἰιι
1942 2544 2052 2598 quo

469 2633 662 2675 omnes
697 2629 1064 2693 peccaverunt
1097 2640 1110 2676 :
1150 2640 1168 2673 ι
1207 2622 1314 2677 hoc
1342 2632 1445 2687 est,
1479 2621 1574 2677 sed
1618 2639 1636 2672 ι
1679 2620 1822 2690 quod
1863 2635 2054 2677 omnes

2152 2181 2341 2235 φησιν,
2390 2164 2512 2217 οὐδὲ
2560 2162 2774 2233 ἀκρίτῳ
2822 2162 2999 2232 λόγῳσ
3038 2162 3154 2215 ἀλλ’
3207 2181 3225 2214 ι
3268 2163 3385 2231 Ἐφ’
3447 2155 3498 2230 ᾧ
3556 2162 3774 2226 πάντες

2153 2256 2406 2328 ἥμαρτον
2431 2270 2443 2284 ·
2480 2274 2499 2307 ι
2534 2256 2836 2321 τουτέστιν,
2895 2254 3033 2309 ἀλλὰ
3088 2274 3105 2305 ι
3142 2255 3287 2308 Διότι
3326 2255 3543 2319 πάντες
3567 2297 3582 2320 ,
3624 2254 3704 2317 ὡς
3742 2255 3771 2307 ὀ

2158 2347 2583 2416 γεννησάμενος,
2616 2346 2885 2417 ἥμαρτον.
2922 2366 2939 2396 ι
2976 2344 3149 2398 Τοῦτο
3172 2345 3281 2415 γὰρ
3312 2345 3525 2407 αὐτοὺς
3562 2362 3770 2397 κοινω-

2159 2440 2283 2503 νοὺς
2306 2439 2399 2493 καὶ
2418 2438 2519 2510 τῆς
2547 2436 2822 2509 τιμωρίας
2852 2438 3121 2507 ἀπέφηνε.
3158 2437 3266 2490 Καὶ
3291 2437 3401 2506 γὰρ
3431 2437 3467 2505 ὴ
3498 2434 3767 2501 κοινωνία

2157 2532 2258 2601 τῆς
2290 2530 2544 2602 πράξεως
2597 2531 2675 2593 είς
2722 2529 2821 2601 τὴν
2865 2528 3150 2583 κοινωνίαν
3189 2528 3388 2605 αὐτοὺς
3426 2529 3538 2599 τῆς
3587 2545 3770 2593 κατατ

2161 2621 2317 2693 δίκης
2349 2622 2672 2693 συνήλασεν.
3502 2605 3510 2613 ’

469 2723 857 2783 peccaverunt,
892 2735 910 2768 ι
992 2731 1099 2770 non
1151 2716 1305 2769 aliter
1342 2730 1507 2786 quam
1558 2714 1653 2785 qui
1698 2724 1916 2770 creatus
1962 2715 2090 2770 fuit.
2131 2713 2285 2771 Hanc
2323 2716 2395 2771 ob
2454 2730 2681 2772 causam
2758 2722 2814 2769 et
2858 2713 2913 2768 in
2960 2711 3229 2784 supplicio
3251 2722 3550 2769 consortes
3599 2711 3769 2780 ﬁunt,

470 2806 677 2876 Agendi
721 2806 846 2865 item
898 2807 1236 2862 consortium
1292 2807 1344 2862 in
1370 2806 1614 2862 eamdem
1669 2806 2149 2864 condemnationis
2178 2807 2501 2863 societatem
2537 2806 2752 2878 impulit
2785 2806 2926 2861 illos.

508 2919 837 2986 ρυΑῐεΤιο
876 2919 1115 2975 LXXXV
1155 2920 1319 2993 [Coit
1347 2920 1524 2985 CCLI,
1558 2919 1722 2974 Taur.
1743 2917 2011 2991 CCXLll].

476 3012 617 3078 Quid
648 3014 916 3085 signiﬁcat
950 3014 1136 3084 iugum
1175 3030 1278 3068 non
1316 3014 1504 3067 ducere
1542 3029 1661 3067 cum
1704 3011 2053 3080 inﬁdelibus?

2695 2919 3036 2973 ΕΡΩΤΗΣΙΣ
3069 2918 3198 2974 ΠΕ.’.

2272 3013 2335 3067 Τί
2355 3010 2639 3081 σημαίνει
2682 3010 2751 3066 τὸ
2779 3011 2866 3081 μὴ
2906 3009 3276 3081 ἐτεροζυγεῖν
3305 3010 3607 3077 ἀπίστοις
3627 3026 3648 3075 ;

1009 3126 1151 3178 Edita
1177 3142 1204 3177 a
1226 3129 1541 3190 Montacutin,
1563 3142 1644 3192 ep.
1688 3127 1797 3189 155,
1820 3127 1887 3177 ad
1910 3129 2091 3177 Joamt.
2115 3130 2245 3189 patr.
2272 3138 2325 3189 p.
2349 3124 2458 3185 209,
2482 3124 2591 3187 2l0.
2618 3125 2672 3175 In
2712 3124 2754 3175 ll
2787 3124 2896 3176 Cor.
2918 3137 2984 3183 vr,
3012 3124 3090 3175 ιι,

542 3236 699 3301 ρυοά
736 3237 1042 3309 interrogas
1096 3237 1225 3307 quid
1260 3238 1409 3302 velit,
1451 3257 1470 3290 ι
1521 3237 1600 3293 Ne
1642 3238 1835 3308 jugnm
1864 3236 2052 3293 ducito
2081 3235 2128 3297 ϐ

472 3345 597 3383 cum
632 3329 945 3401 infidelibus
976 3329 1046 3392 “.
1099 3348 1118 3388 ι
1159 3330 1435 3399 duplicem
1488 3329 1747 3395 admittit,
1802 3328 1880 3383 uti
1912 3344 2059 3395 reor,

473 3434 721 3497 sensum.
748 3410 851 3474 Aut
878 3419 1024 3491 quod
1052 3436 1158 3475 non
1180 3430 1430 3492 oporteat
1454 3420 1519 3477 ad
1546 3420 1795 3476 infide1es
1820 3434 2063 3492 propen-

473 3510 628 3576 dere,
664 3511 739 3565 ita
772 3520 831 3588 ut
857 3513 924 3566 ad
949 3512 1167 3583 illorum
1206 3512 1421 3573 fabulas
1464 3516 1649 3585 potius
1683 3514 2058 3577 attendamus,

476 3617 643 3673 quam
670 3601 911 3674 fidelium
942 3602 1286 3671 doctrinam;
1336 3615 1431 3674 aut
1476 3605 1624 3675 quod
1666 3620 1780 3659 non
1812 3611 2067 3675 oporteat

476 3705 577 3767 vos
604 3691 763 3761 quasi
798 3689 1160 3771 familiaribus
1206 3700 1262 3748 et
1301 3692 1580 3748 sodalibus
1630 3694 1876 3764 copulari
1936 3708 2063 3749 eum

477 3782 816 3848 inﬁdelibus,
842 3793 898 3840 et
922 3785 1171 3840 eumdem
1203 3787 1415 3841 sulcum
1447 3802 1652 3841 serere.
1686 3785 1799 3841 lloc
1827 3793 1882 3840 et
1920 3786 2066 3841 anti-

479 3892 588 3946 qua
618 3879 873 3946 praecepit
918 3878 1028 3932 lex.
1080 3898 1098 3930 ι
1151 3877 1467 3947 Iumentum
1523 3891 1679 3937 tuum
1733 3894 1843 3933 non
1892 3877 2064 3934 facies

479 3969 629 4045 coire
644 3983 767 4043 eum
794 3969 1017 4039 alterius
1041 3972 1255 4043 generis
1282 3972 1609 4028 animalibus
1638 3989 1651 4025 :
1687 3990 1705 4024 ι
1744 3980 1856 4036 aut,
1885 3989 1905 4024 ι
1944 3968 2062 4025 Non

480 4065 988 4135 admittesjumenta
1006 4065 1540 4137 tuaalienigente’m
1562 4062 1827 4136 Praecepit
1849 4064 1902 4118 in
1924 4062 2062 4129 istis,

481 4165 542 4211 nt
587 4172 691 4211 nec
737 4156 802 4210 ad
860 4157 1099 4229 sobolem
1139 4157 1555 4229 procreandam,
1598 4166 1692 4218 aut
1737 4157 1886 4213 aliud
1926 4172 2065 4228 opus

482 4247 906 4312 instituendum,
935 4249 1312 4319 Ineter-egencis
1340 4249 1678 4319 animalibus
1697 4248 1946 4319 jumenta
1965 4263 2066 4303 sua

483 4337 788 4417 subjiciat:
818 4339 919 4393 hoc
964 4340 1109 4392 enim
1164 4342 1288 4395 usui
1325 4356 1435 4394 non
1469 4340 1727 4410 expedit;
1767 4339 1901 4398 illud
1938 4354 2067 4394 con-

484 4438 565 4482 tra
618 4429 765 4498 leges
795 4430 1074 4484 naturales
1136 4429 1238 4485 fit:
1275 4432 1457 4500 potius
1504 4448 1599 4502 per
1630 4432 1946 4487 mandatum
2000 4431 2069 4485 de

484 4519 898 4577 irrationalibus
955 4521 1218 4587 insinuat,
1268 4524 1413 4592 quod
1457 4524 1668 4578 ratione
1714 4523 1926 4592 praaditi
1965 4523 2068 4576 ho—

487 4611 663 4667 mines
711 4614 1154 4669 communionem
1188 4615 1406 4670 illorum
1454 4617 1627 4671 vitare
1674 4618 1938 4677 debeant,
1973 4614 2065 4685 qui

487 4702 654 4771 alieni
702 4711 758 4758 et
790 4704 1110 4775 alienigena:
1154 4716 1283 4760 sunt
1325 4721 1355 4760 a
1394 4705 1530 4773 fide;
1581 4720 1689 4760 non
1745 4706 2069 4761 contrahere

485 4811 609 4867 eum
642 4794 722 4865 eis
754 4797 1192 4869 matrimonium,
1222 4796 1422 4851 nedum
1449 4797 1500 4850 in
1542 4798 1777 4867 negotiis
1805 4796 2066 4867 spiritua-

486 4885 632 4941 libus
655 4870 935 4963 assumere
970 4887 1094 4963 illos
1123 4890 1493 4957 coeperarios.
1528 4886 1855 4955 C(lt‘runlpel
1888 4888 2070 4956 potius

488 4978 582 5048 qui
616 4978 738 5033 talis
781 4989 864 5033 est
903 4995 1043 5051 mos,
1089 4995 1257 5051 quam
1312 4979 1611 5049 adaugebit
1651 4988 1775 5034 tuos
1812 4980 2066 5045 labores;

487 5058 542 5122 et
574 5069 932 5147 quamobrem
964 5085 1190 5141 necesse
1232 5078 1336 5133 est,
1385 5077 1448 5123 ut
1494 5068 1710 5138 pietatis
1744 5077 1849 5124 tua:
1872 5068 2074 5124 nobili-

491 5170 654 5215 tatem
693 5163 876 5238 npthis
898 5163 1343 5233 generationibus
1367 5162 1771 5230 commisceas?
1807 5162 1914 5218 Sed
1937 5177 2062 5217 cum

493 5268 697 5325 sensus
735 5253 898 5333 hujus
926 5254 1076 5317 dicti,
1114 5263 1170 5308 ut
1201 5255 1504 5331 aiebamus,
1534 5253 1731 5323 duplex
1765 5254 1859 5321 sit,
1909 5269 2069 5309 eum-

2230 3234 2413 3302 Ὀπερ
2454 3232 2749 3305 ἠρώτησας
2798 3231 2852 3284 τί
2884 3232 3059 3298 ἐστιν,
3136 3226 3265 3301 ιΜὴ
3301 3227 3768 3301 ἑτεροζυγοῦντες

2164 3326 2436 3388 ἀπίστοις,
2463 3344 2482 3378 ι
2518 3323 2722 3392 διττὴν,
2760 3319 2936 3394 οἶμαι,
2973 3321 3074 3393 τὴν
3118 3321 3327 3376 ἔννοιαν
3374 3322 3518 3392 ἔχει.
3556 3322 3655 3381 Ἦ.
3680 3322 3764 3373 ὅτι

2164 3420 2226 3473 ού
2248 3419 2331 3473 δεῖ
2359 3419 2503 3487 ὑμᾶς
2519 3414 2546 3470 ll.
2566 3416 2944 3489 ὲτεροῤῥεπῶς
2970 3415 3115 3486 ἔχειν
3148 3414 3285 3487 πρὸς
3306 3414 3433 3478 τοὺς
3467 3415 3708 3470 ἀπίστου
3722 3431 3760 3477 ⁸,

2166 3512 2439 3566 κάκείνων
2501 3510 2701 3581 μᾶλλον
2756 3512 2869 3573 τοῖς
2917 3508 3109 3582 μύθοις
3138 3508 3450 3579 προσέχειν,
3510 3508 3661 3577 ἥπερ
3693 3507 3760 3577 τῇ

2163 3602 2275 3656 τῶν
2343 3602 2551 3655 πιστῶν
2604 3600 2955 3673 διδασκαλίαι
2990 3600 3131 3672 ἢότι
3178 3600 3238 3653 ού
3292 3599 3372 3652 δεῖ
3431 3598 3653 3671 ύμᾶςι,
3687 3597 3763 3661 ὡς

2164 3690 2389 3755 οἰκείοις
2440 3691 2537 3745 καὶ
2571 3691 2778 3761 ἑτέροις
2801 3702 2841 3742 ιιι
2863 3690 3091 3753 ἑαυτοὺς
3121 3691 3233 3751 τοῖς
3267 3690 3526 3754 ἀπίστοις
3566 3687 3762 3752 συζευ-

2165 3782 2379 3852 γνύναι,
2413 3781 2510 3836 καὶ
2537 3781 2637 3852 τὴν
2665 3780 2835 3852 αὐτὴν
2860 3780 2960 3846 τῆς
2989 3781 3245 3845 ἀσεϐείας
3268 3779 3483 3834 αὔλακα
3512 3781 3757 3851 τέμνειν.

2166 3876 2338 3931 Τοῦτο
2372 3877 2429 3931 δὲ
2486 3878 2628 3931 καὶὸ
2666 3877 2895 3941 παλαιὸς
2958 3877 3316 3943 ἀποθεσπίζει
3367 3876 3557 3947 νόμος,
3634 3895 3651 3928 ι
3684 3875 3758 3928 Ού

2167 3970 2521 4041 κατοχεύσεις
2550 3971 2617 4025 τὰ
2654 3971 2828 4042 κτήνη
2880 3987 2997 4034 σου,
3029 3970 3227 4038 λέγων,
3265 3968 3580 4041 ἐτεροξύγῳ
3605 3986 3620 4000 ·
3644 3987 3663 4022 ι
3698 3966 3754 4038 ἢ,

2172 4078 2191 4113 ι
2218 4062 2331 4131 Οὐχ
2391 4060 2681 4124 ύποὸαλεϊς
2706 4060 2777 4114 τὰ
2804 4061 2978 4131 κτήνη
3017 4077 3109 4113 σου
3141 4058 3489 4130 ἀνομοιρύλῳ.
3533 4078 3552 4110 ι
3584 4059 3759 4127 Προσ-

2166 4154 2351 4207 τάττει
2415 4153 2514 4224 μὲν
2540 4155 2648 4225 γὰρ
2701 4152 2790 4207 διά
2814 4152 3038 4217 τούτων,
3069 4152 3209 4222 μήτε
3237 4156 3318 4216 εἰς
3357 4153 3585 4221 γένεσιν,
3618 4150 3755 4222 μήτε

2168 4247 2249 4308 εἰς
2275 4244 2442 4314 ἄλλην
2470 4244 2594 4298 τινὰ
2622 4244 2906 4316 ἐργασίαν,
2942 4245 3053 4298 δεῖν
3084 4247 3197 4308 τοῖς
3227 4245 3569 4315 ὲτερογενέσι
3598 4242 3758 4307 ζώοις

2170 4336 2238 4389 τά
2268 4337 2444 4390 οίκεῖα
2477 4339 2646 4409 κτήνη
2678 4337 2969 4390 συνάπτειν
2992 4354 3005 4368 ·
3041 4337 3102 4390 τὸ
3130 4339 3228 4407 μὲν
3254 4336 3361 4409 γὰρ
3389 4336 3751 4407 δύσχρηστον’

2169 4424 2233 4477 τὸ
2253 4425 2311 4478 δὲ
2342 4426 2469 4488 τοὺς
2527 4425 2761 4496 θεσμούς
2805 4428 2953 4480 ἐστιν
3003 4427 3333 4497 ἀνατρέπειν
3366 4428 3463 4497 τῆς
3513 4426 3752 4495 φύσεως.

2174 4519 2555 4588 παρεγγυᾶται
2586 4517 2643 4571 δὲ
2669 4519 2892 4589 μᾶλλον,
2952 4519 3042 4573 διά
3093 4519 3191 4589 τῆς
3243 4519 3334 4572 ἐπὶ
3380 4519 3490 4572 τῶν
3545 4518 3751 4585 ἀλόγων

2174 4608 2515 4679 νομοθεσίας,
2548 4610 2624 4672 ὡς
2646 4610 2809 4663 παντὶ
2851 4611 3041 4682 τρόπῳ
3091 4612 3357 4683 προσήκει
3420 4613 3549 4674 τοὺς
3606 4610 3750 4676 λογι-

2177 4699 2329 4763 κοὺς,
2383 4700 2606 4769 φεύγειν
2656 4700 2757 4771 τὴν
2818 4700 2953 4772 πρὸς
3010 4701 3139 4764 τοὺς
3177 4703 3319 4755 κατά
3352 4702 3538 4755 πίστιν
3567 4702 3748 4770 ἑτερο-

2177 4790 2378 4860 φύλους
2428 4790 2752 4847 κοινωνίαν·
2785 4792 2879 4847 καὶ
2943 4794 3081 4863 μήτε
3130 4794 3209 4857 είς
3264 4793 3509 4865 γαμικὴν
3539 4791 3752 4862 ὁμιλίαν

2177 4882 2362 4945 αὐτοῖς
2397 4882 2658 4946 συνιέναι,
2710 4882 2853 4953 μήτε
2904 4883 3229 4953 συνεργοὺς
3263 4885 3342 4948 είς
3375 4881 3747 4954 πνευματικὴν

2178 4975 2443 5047 ἐργασίαν
2480 4973 2954 5046 παραλαμϐάνειν.
2987 4974 3283 5045 Διαφθερεῖ
3328 4975 3438 5047 γὰρ
3466 4977 3495 5029 ό
3519 4974 3750 5033 τοιοῦτος

2180 5067 2275 5120 καὶ
2303 5066 2393 5119 τὸν
2447 5064 2541 5116 σὺν
2599 5064 2761 5119 πόνον
2809 5063 3034 5136 μᾶλλον,
3067 5065 3181 5119 ἀλλ’
3214 5067 3273 5118 οὺ
3301 5065 3573 5131 συναύξει.
3607 5065 3669 5117 Τί
3697 5062 3748 5115 δὲ

2175 5159 2260 5211 δεῖ
2314 5157 2493 5211 καὶτὸ
2525 5158 2746 5226 εὐγενὲς
2774 5160 2874 5227 τῆς
2898 5158 2997 5228 σῆς
3030 5158 3313 5222 εὐσεϐείας
3350 5159 3524 5223 νόθοις
3577 5157 3748 5226 γένεσι

2171 5249 2681 5320 συναναφύρεσθαι;
2749 5249 2888 5303 Ἀλλ’
2922 5250 2951 5301 ὁ
2981 5250 3080 5321 μὲν
3109 5249 3253 5312 νοῦς,
3299 5249 3489 5321 ὥσπερ
3523 5250 3744 5319 ἔφημεν,

494 5340 617 5394 dem
677 5326 1083 5413 progerminant
1141 5326 1397 5400 utilitatis
1460 5345 1725 5399 fructum.
1777 5344 2058 5401 Sententia

2168 5338 2262 5392 τοῦ
2287 5337 2477 5409 ῥητοῦ,
2515 5337 2688 5401 διττὸς
2713 5337 2810 5403 ὢν,
2859 5337 2951 5390 τὸν
3001 5338 3163 5390 αὐτὸν
3190 5338 3291 5407 τῆς
3326 5339 3590 5407 ὠφελείας
3621 5352 3748 5403 καρ-

495 5445 661 5502 porro
686 5449 808 5503 qua:
827 5442 908 5488 est
934 5433 1248 5501 diversitas,
1280 5434 1570 5504 scriptura:
1600 5448 1821 5506 quoque
1859 5431 2069 5501 ﬂagita-

579 5570 623 5602 9"
651 5568 694 5643 ll
720 5572 849 5647 Cor.
884 5588 961 5638 \‘l,
1001 5572 1088 5627 Η.
1166 5575 1210 5606 ⁸⁷
1235 5572 1403 5629 chil.
1444 5588 1559 5637 XIX,
1596 5572 1678 5626 19.

2168 5431 2269 5485 πον
2298 5429 2672 5484 ἐκϐλαστάνει.
2711 5429 2784 5481 Τὸ
2826 5429 2924 5499 μέν
2957 5447 3039 5484 τοι
3094 5430 3350 5501 διάφορον
3394 5433 3494 5503 τῆς
3529 5426 3743 5490 ἑννοίας,

1763 5706 1994 5779 muas
2038 5703 2446 5775 LqECTlONES.

606 5825 633 5864 ει
671 5821 1015 5881 ἐκδύσασθαι,
1100 5825 1195 5889 ιε.
1224 5824 1296 5891 Μ.
1332 5825 1484 5880 αὑτό.
1567 5837 1579 5875 ι
1618 5824 2001 5881 διεπέπλαστο.
2079 5822 2105 5873 ις
2138 5810 2304 5896 ἡμᾶς.
2339 5820 2398 5874 (Σ.
2428 5816 2494 5872 Μ.
2542 5819 2708 5889 ύμας.

2828 5815 2843 5855 ι
2888 5819 3053 5890 ἡμᾶς.
3134 5827 3169 5867 πε
3201 5820 3466 5893 ἑταίροις.
