4158 6430
423 349 526 414 557

1169 347 1268 407 ΑΙ)
1295 343 1891 406 ΑΜΡΗΙιΟιἪΙυΜ
1939 341 2292 414 QUAESTIO
2332 337 2967 404 LXXXV-LXXXVII.

3601 315 3706 408 558

422 459 944 534 διάφορονδηλονότι
980 462 1076 514 καὶ
1116 461 1216 530 τὴν
1237 459 1459 530 γραφὴν
1485 459 1779 530 ἀπαιτήσει
1798 473 1814 490 ·
1844 459 1878 527 ἡ
1915 456 2015 526 μὲν

2124 456 2210 510 bat
2237 454 2640 519 dill‘erentiam;
2677 452 2825 521 prior
2866 452 3010 506 enim
3033 451 3297 524 syllabam
3316 454 3505 524 primie
3525 459 3704 525 proxi-

423 552 534 621 γὰρ
592 550 863 621 προτέρα,
923 550 1181 620 βραχεῖαν
1245 549 1345 619 τὴν
1408 550 1546 620 μετὰ
1587 548 1684 620 τὴν
1730 548 2008 618 ἄρχουσαν

428 641 722 711 συλλαϐήν·
757 643 790 710 ἠ
817 641 873 693 δὲ
902 642 1150 712 δευτέρα,
1220 641 1611 712 μηκυνομένην
1635 643 1714 705 είς
1764 639 2005 709 φθόγγον

427 732 602 796 tam.
643 734 713 785 Σὺ
735 733 792 786 δέ
827 749 916 803 μοι
935 735 998 786 ἐν
1023 734 1210 804 Κυρίῳ
1245 733 1476 806 ἔρρωσο.

969 845 1306 899 ΕΡΩΤιιΣιΣ
1333 847 1459 912 nq.

2115 562 2259 602 mam
2304 547 2522 600 brevem
2570 545 2750 609 hahet,
2803 544 3039 598 Secunda
3080 553 3259 599 autem
3303 560 3441 600 sono
3488 547 3705 617 longam

2124 639 2401 712 producit.
2429 636 2510 692 Tu
2542 645 2723 691 autem
2751 637 2806 690 in
2839 635 3069 691 Domino
3097 637 3237 692 vale.

2115 835 2444 904 QUAESTIO
2498 835 2764 891 LXXXVI
2791 836 2981 910 [CoisL
3001 838 3204 903 CCL“,
3230 839 3394 894 Taur.
3428 840 3703 914 CCXLH].

669 956 811 1007 Edita
832 970 860 1008 a
883 956 1204 1020 Montaeutio,
1231 972 1308 1022 ep.
1340 958 1452 1021 156,
1482 958 1548 1008 ad
1565 955 1827 1022 Georgium
1858 958 1898 1007 Ν
1909 956 1991 1018 ic.,

2124 953 2216 1016 ιιο,
2247 952 2358 1003 211.
2403 953 2479 1002 De
2508 965 2630 1002 voce
2655 954 3050 1018 ἐγκομϐώσασθαι
3075 955 3095 1006 Ι
3141 953 3276 1004 Petri
3307 970 3351 1015 v,
3393 956 3440 1007 5.

502 1063 774 1134 Θαυμάζω
813 1063 1067 1135 μάλιστα,
1101 1065 1150 1117 εἰ
1176 1065 1270 1118 καί
1310 1080 1393 1117 σοι
1429 1062 2021 1135 γραμματικευομένῳ,

429 1159 522 1214 καὶ
539 1160 655 1219 ταῖς
669 1157 777 1208 τῶν
795 1156 1036 1227 ποιητῶν
1051 1156 1428 1227 λεσχηνεύοντι
1455 1156 1725 1227 μελέταις,
1742 1155 1803 1209 τὸ
1823 1158 2025 1226 ἐγκομ-

429 1248 704 1302 ϐώσασθαι
734 1248 801 1318 βα
813 1248 1016 1320 ρϐάρου
1047 1249 1251 1320 φωνῆς,
1274 1248 1389 1302 ἀλλ’
1413 1249 1511 1318 οὐχ
1545 1247 1830 1319 Ἑλληνικὴ
1848 1247 2014 1312 λέξις,

427 1339 626 1408 ἔδοξεν.
661 1340 723 1392 '0
747 1339 846 1410 μὲν
871 1341 979 1410 γὰρ
1015 1340 1286 1410 μακάριος
1313 1338 1408 1392 καὶ
1440 1340 1739 1409 κορυφαῖος
1780 1338 2010 1408 Πέτρος,

428 1432 578 1484 οὐδὲν
608 1430 735 1500 περὶ
773 1429 871 1502 τὴν
930 1430 1160 1501 ἐκλογὴν
1210 1430 1318 1483 τῶν
1360 1428 1695 1499 Ἑλληνικῶν
1725 1428 2012 1497 ὀνομάτων

433 1524 768 1588 σπουδάζων,
799 1521 1005 1590 ταύτην
1036 1525 1148 1586 τοῖς
1174 1520 1372 1576 ἑαυτοῦ
1404 1521 1710 1592 παρείληφε
1740 1520 2010 1590 γράμμα-

433 1632 536 1668 σιν.
573 1615 647 1667 Ού
679 1614 787 1682 γὰρ
843 1613 962 1683 ἡχώ
1010 1631 1131 1666 τινα
1179 1614 1272 1666 καὶ
1325 1612 1525 1682 τέχνην
1577 1612 1862 1683 ῥημάτων,
1898 1611 2019 1666 οὐδὲ

430 1706 675 1772 λεξιδίων
717 1705 913 1774 ψόφον,
966 1705 1060 1758 καὶ
1113 1704 1319 1758 κτύπον
1355 1705 1636 1776 ῥημάτων,
1672 1703 1739 1756 δι’
1769 1697 1846 1757 ὧν
1873 1721 2019 1768 τινες

431 1797 502 1850 τὰ
531 1796 640 1849 τῶν
672 1795 974 1866 μειρακίων
1005 1794 1536 1866 ὑπογσργαλίςουσιν
1556 1788 1693 1859 ὦτα,
1712 1795 1806 1848 καὶ
1825 1793 2019 1865 κρότον

432 1889 644 1950 ἑαυτοῖς
694 1887 1006 1957 ἐγείρουσιν
1065 1885 1298 1950 ἐκεῖθεν,
1329 1885 1464 1941 ἀλλὰ
1507 1883 1697 1954 ψυχῶν
1744 1881 2020 1952 σωτηρίαν

432 1982 543 2043 τοῖς
576 1981 872 2052 ἀκροαταῖς
902 1979 1135 2035 ἐνθεῖναι
1174 1977 1398 2048 φορτίδκ
1422 1982 1474 2014 ιι·
1511 1977 1736 2032 ἐτίθετο.
1767 1976 1836 2030 Σὲ
1859 1975 1902 2028 δ’
1925 1970 2018 2030 οὖν

445 2071 782 2143 Ἐπιχάρμου
840 2069 1112 2140 μάλιστα,
1170 2070 1264 2123 καὶ
1313 2067 1714 2139 ’Λπολλοδώρου
1757 2066 1852 2122 τοῦ
1905 2067 2017 2120 Κα-

436 2161 679 2236 ρυστίου,
737 2162 844 2216 τῶν
891 2161 1018 2226 σῶν,
1074 2161 1446 2233 μεμνημένον,
1477 2162 1643 2231 ἐχρῆν
1677 2158 2016 2232 περιπτύσε-

435 2256 559 2310 σθαι
590 2255 816 2326 μᾶλλον,
841 2253 873 2326 ἢ
901 2253 1296 2326 δυσχεραίνειν,
1355 2255 1420 2324 τῇ
1457 2252 1620 2318 λέξει.
1668 2251 1726 2306 ὐ
1771 2251 1870 2321 μὲν
1910 2250 2020 2320 γὰρ

435 2346 726 2419 πολλαχοῦ,
755 2347 846 2399 καὶ
875 2345 1016 2399 κατὰ
1041 2345 1330 2414 διαφόρους
1353 2343 1630 2414 ἐγκλίσεις
1663 2341 2020 2413 σχηματίζων

433 2439 532 2510 τὴν
585 2438 752 2505 λέξιν,
787 2438 1058 2509 ἐχρήσατο
1107 2436 1304 2510 ταύτῃ.
1361 2435 1816 2507 Ἐγκεκόμόωται
1883 2437 2016 2505 γὰρ,

434 2529 591 2599 φησὶ,
626 2528 720 2582 καὶ
749 2528 1176 2598 ὰπερεμφάτως,
1216 2526 1695 2597 ἐγκομϐώσασοαι.
1733 2525 1791 2580 '0
1823 2526 1878 2579 δὲ
1905 2527 2016 2578 Κα·

439 2621 682 2692 ρύστιος,
737 2621 795 2672 ἐν
864 2617 1314 2685 Ἀπολειπούσῃ
1369 2632 1384 2647 ⁸
1439 2617 1719 2690 (εἰρήσθω
1770 2617 1881 2686 γὲιρ
1940 2619 2022 2680 είς

433 2711 532 2779 τὴν
561 2711 661 2778 σὴν
707 2709 865 2782 χάριν
895 2709 987 2762 καὶ
1026 2710 1059 2781 ἠ
1106 2709 1300 2780 χρῆσις
1329 2709 1368 2766 ·)
1405 2707 1502 2779 τὴν
1537 2707 1813 2778 έπωμίαν,
1858 2710 2018 2778 φησὶ,

436 2802 688 2869 πτύξασα
711 2801 928 2872 διπλῆν,
955 2801 1162 2855 ἄνωθεν
1181 2800 1675 2872 ὲνεκομὸωσάμην.
1707 2799 1814 2864 Οὓς
1852 2803 2021 2873 ἐχρῆν

435 2897 908 2969 ἁναλαμὸάνοντα,
942 2897 1017 2968 μὴ
1041 2895 1493 2969 βαρϐαροφωνίας
1509 2898 1600 2951 τὸν
1627 2897 1729 2966 τῆς
1763 2897 2022 2969 ἀληθείας

435 2989 660 3061 κήρυκα
716 2985 1026 3040 αἰτιᾶσθαι·
1076 2986 1524 3057 ὑπερθαυμάζειν
1547 2986 1604 3039 δὲ
1656 2987 1876 3058 μᾶλλον,
1938 2987 2020 3040 ὅτι

437 3080 536 3132 καὶ
592 3077 690 3147 τῆς
738 3074 994 3144 τοιαύτης
1036 3076 1294 3146 σπουδῆς,
1331 3074 1408 3138 ὼς
1443 3074 1663 3139 παιδιᾶς
1709 3075 2017 3147 ὑπερορῶν·

438 3171 588 3240 ὅμως
643 3167 786 3222 κατὰ
840 3169 964 3232 τοὺς
1006 3167 1116 3221 τῶν
1155 3167 1481 3239 Ἑλληνικῶν
1513 3167 1708 3238 κριτὰς
1736 3169 2019 3236 ὀνομάτων

2200 1056 2366 1112 Miror
2394 1071 2546 1120 sane,
2576 1070 2700 1111 cum
2735 1059 3207 1126 grammaticaster
3230 1058 3327 1121 sis,
3352 1067 3406 1112 et
3425 1071 3707 1129 poetarum

2124 1150 2307 1205 studio
2359 1163 2541 1211 vaces,
2609 1147 2705 1202 tibi
2757 1150 2969 1220 έγκομϐ
2988 1149 3236 1203 ώσασοαι
3289 1150 3458 1205 videri
3519 1168 3707 1205 vocent

2124 1246 2435 1310 barbaram,
2498 1258 2550 1302 et
2616 1261 2725 1300 non
2761 1243 3026 1300 Graecam.
3069 1243 3268 1299 Beatus
3320 1245 3409 1299 llle
3459 1254 3511 1298 et
3555 1260 3711 1316 cory-

2119 1340 2311 1409 phaens
2358 1339 2576 1402 Petrus,
2634 1338 2726 1409 qui
2770 1337 2982 1392 nullum
3061 1337 3115 1390 in
3164 1335 3478 1390 Grmcarum
3516 1350 3710 1391 vocum

2122 1432 2390 1487 electione
2427 1431 2610 1503 posuit
2642 1431 2912 1496 studium,
2939 1429 3084 1484 hanc
3154 1444 3267 1482 suae
3316 1428 3545 1482 inseruit
3594 1427 3714 1497 cpi-

2119 1523 2294 1578 stolae.
2329 1521 2445 1577 Non
2473 1523 2562 1578 ille
2599 1523 2755 1590 echo,
2798 1529 2892 1576 aut
2930 1521 3222 1575 artificium
3259 1521 3574 1584 verborum,
3608 1533 3712 1574 nec

2123 1613 2460 1685 syllabarum
2494 1631 2718 1680 sonum,
2752 1624 2848 1668 aut
2879 1614 3145 1678 sonitum,
3180 1616 3324 1668 unde
3363 1612 3588 1682 quidam
3623 1612 3713 1680 ju-

2121 1705 2362 1761 ventutis
2399 1706 2786 1761 lenocinantur
2836 1705 3087 1770 auribus,
3145 1713 3199 1760 et
3243 1704 3565 1775 applansum
3605 1702 3712 1758 sibi

2126 1798 2444 1864 concitant,
2497 1798 2593 1852 sed
2636 1799 2870 1853 salutem
2906 1799 3218 1852 animarum
3249 1795 3593 1850 auditoribus
3625 1794 3712 1848 in-

2052 1912 2094 1968 B
2123 1904 2308 1944 serere
2363 1905 2554 1945 curam
2589 1891 2800 1944 habuit.
2835 1890 2911 1944 Te
2948 1899 3133 1944 autem
3173 1889 3355 1943 decuit
3396 1887 3472 1941 tui
3513 1885 3713 1940 memi-

2127 1984 2275 2040 nisse
2306 1982 2643 2054 Epicharmi,
2676 1992 2730 2038 et
2757 1982 3077 2053 Apollodori
3103 1981 3358 2052 Carystii,
3387 1995 3564 2048 coque
3591 1993 3715 2032 aln-

2125 2075 2288 2146 plecti
2317 2075 2498 2145 potius
2525 2075 2838 2140 dictionem,
2864 2090 3026 2142 quam
3057 2073 3152 2127 illa
3187 2072 3413 2128 oii‘endi.
3442 2072 3536 2127 Ille
3567 2073 3712 2127 tnui-

2125 2169 2312 2232 toties,
2364 2175 2419 2220 et
2469 2166 2773 2221 secundum
2794 2164 2976 2221 varias
3028 2165 3385 2219 formationes
3435 2163 3709 2218 declinata

2127 2274 2262 2315 voce
2289 2259 2481 2313 utitur.
2508 2257 2600 2312 Ait
2623 2257 2770 2311 enim
2823 2256 3272 2328 ὲγκεκὸμόωται,
3298 2265 3350 2309 ct
3370 2257 3422 2309 in
3442 2255 3715 2309 inlinitim

2126 2352 2605 2424 ὲγκομϐώσασθαι.
2639 2349 2924 2421 Carystius
2949 2361 3130 2406 autem
3162 2351 3215 2405 in
3264 2350 3576 2420 Apoh'pusa,
3614 2365 3708 2405 scu

2130 2445 2455 2508 Desertrice,
2485 2445 2782 2519 [comoedia
2803 2445 2882 2501 sic
2910 2443 3104 2516 dicta,]
3138 2445 3216 2513 (in
3241 2454 3390 2498 tuam
3411 2445 3556 2498 enim
3584 2460 3712 2514 gra-

2128 2540 2258 2593 tiam
2297 2540 2512 2594 dicatur
2565 2539 2820 2594 lectionis
2874 2538 3055 2608 usus.)
3098 2538 3214 2611 _‘t‘hv
3266 2537 3520 2607 ὲπωμίαν
3581 2537 3715 2590 dicit

2126 2633 2375 2698 πτύξασα
2394 2630 2607 2702 διπλὴν,
2631 2630 2838 2685 ἄνωθεν
2867 2630 3358 2701 ὲνεκομϐιυσάμην.
3390 2628 3497 2683 llos
3520 2629 3572 2683 in
3600 2646 3716 2682 me-

2127 2725 2358 2778 moriam
2395 2725 2684 2784 reducens,
2720 2737 2828 2775 non
2857 2724 3100 2791 oportuit
3133 2733 3184 2775 te
3230 2722 3476 2776 veritatis
3506 2738 3716 2792 praeco-

2130 2832 2252 2870 nem
2313 2816 2380 2869 de
2436 2831 2574 2869 voce
2623 2813 2863 2868 barbara
2897 2815 3250 2878 insimulare;
3293 2814 3475 2883 potius
3503 2814 3714 2880 mirari,

2128 2910 2273 2981 quod
2299 2926 2424 2965 cum
2457 2911 2563 2966 tale
2591 2913 2828 2967 studium
2899 2911 3107 2982 puerile
3136 2907 3526 2978 contempserit
3587 2923 3720 2978 apo-

2133 3003 2333 3068 srolus,
2354 3003 2884 3074 nihilominusjuxta
2915 3005 3137 3058 criticos
3169 3003 3471 3056 dictionum
3504 3001 3720 3057 Grzcca-

2129 3109 2249 3146 rum
2286 3109 2450 3157 suas,
2500 3094 2686 3149 nescio
2738 3109 2848 3164 quo
2905 3103 3089 3163 pacto,
3122 3091 3392 3160 Epistolas
3444 3090 3712 3145 exaravit.

2129 3185 2264 3241 lline
2289 3197 2470 3241 autem
2502 3188 2800 3258 intelligere
2833 3187 3020 3252 dedit,
3054 3187 3199 3255 quod
3228 3187 3276 3242 si
3301 3185 3452 3241 vocis
3495 3184 3714 3239 sonitus

440 3261 588 3314 ἔστιν
617 3249 699 3325 οὗ,
739 3259 837 3323 τὰς
895 3259 1091 3313 ἑαυτοῦ
1137 3259 1428 3323 ἐπιστολὰς
1462 3259 1718 3325 ἐξεδίδου’
1749 3261 1924 3326 διδοὺς
1956 3264 2021 3314 έκ

2125 3285 2180 3332 et
2228 3277 2524 3332 oblectatio
2575 3249 2876 3341 arrivderet,
2937 3276 3096 3332 facile
3149 3277 3266 3345 ipse
3319 3276 3456 3331 feret
3513 3275 3597 3330 vel
3661 3275 3714 3328 in

437 3355 548 3408 τῶν
581 3352 834 3408 τοιούτων
856 3355 1078 3418 ἐννοεῖν,
1110 3352 1184 3418 ὡς
1215 3352 1374 3422 εἴπερ
1400 3352 1625 3422 ἔμελλεν
1654 3353 1804 3424 αύτῷ
1827 3354 2002 3422 λεξειο

436 3447 566 3501 δίων
606 3440 741 3516 ἦχος
789 3444 882 3498 καὶ
919 3444 1131 3516 τέρψις,
1165 3445 1346 3516 ῥᾴδιον
1392 3440 1460 3516 ἦν
1495 3444 1646 3518 αύτῷ
1675 3446 1776 3499 κάν
1811 3447 2024 3512 τούτοις

440 3535 960 3610 ὑπερθαυμάζεσθαι
980 3550 994 3564 ⁸
1031 3535 1123 3588 καὶ
1152 3536 1267 3602 εἴγε
1313 3533 1502 3608 ψυχῶν
1530 3553 1698 3589 τινων
1727 3537 2022 3607 σωτηρίαν,

440 3630 505 3682 ὲκ
530 3629 628 3699 τῆς
692 3626 950 3696 τοιαύτης
990 3627 1228 3696 σπουδῆς
1255 3629 1550 3698 προϊοῦσαν
1586 3630 1855 3705 συνεώρα,
1907 3629 2028 3706 ἴδῃς

441 3719 508 3774 ἂν
535 3718 699 3772 αὐτοῦ
749 3719 876 3780 τοὺς
923 3717 1136 3786 λόγους,
1163 3718 1242 3789 τῷ
1276 3719 1505 3793 ὲμφύτῳ
1566 3720 1778 3788 κάλλει,
1813 3718 1873 3776 οὗ
1928 3724 2026 3775 καὶ

441 3811 538 3866 νῦν
598 3811 837 3882 μέτοχοι,
870 3811 1126 3867 τοσοῦτον
1177 3809 1287 3862 τῶν
1317 3811 1682 3864 Πλατωνικῶν
1711 3813 2025 3883 γοητευμά-

438 3919 569 3969 των,
621 3905 716 3958 καὶ
744 3905 846 3974 τῆς
874 3901 1286 3974 Δημοσθενικῆς
1329 3901 1623 3972 κομψείας,
1645 3904 1739 3956 καὶ
1762 3906 1857 3971 τῆς
1883 3903 2022 3956 Θου-

442 3996 656 4050 κυδίδου
727 3994 1308 4068 μεγαλορρημοσύνης,
1362 3993 1585 4065 ἔχοντας
1635 3994 1696 4048 τὸ
1731 3995 2022 4067 ὑπερέχον,

441 4087 564 4140 ὅσον
588 4087 698 4140 τῶν
736 4087 1005 4142 Ἀσιακῶν
1037 4086 1178 4154 (οὐδὲ
1214 4086 1321 4156 γάρ
1346 4086 1411 4140 ἂν
1435 4086 1610 4157 ήδέως
1671 4087 1881 4158 είποιμι
1918 4088 2028 4140 τῶν

443 4179 759 4252 κακοζηλων
790 4180 878 4233 διά
912 4181 1013 4250 σὲ),
1042 4179 1267 4243 τούτους
1289 4181 1454 4248 φασὶν
1496 4177 1883 4249 ὑπερκεῖσθαι.
1917 4180 2028 4234 Καὶ

441 4273 600 4342 δῆλον
640 4271 909 4326 ἐντεῦθεν.
946 4272 1002 4326 Ὀ
1026 4271 1133 4342 γὰρ
1155 4273 1222 4325 τά
1247 4271 1424 4341 πολλῷ
1467 4271 1692 4340 μείζονα
1714 4273 1809 4325 καὶ
1844 4273 2020 4345 ὑπερ-

445 4367 558 4435 eor,
589 4363 790 4432 λαϐὼν,
846 4364 940 4417 ἐπὶ
971 4362 1216 4436 σωτηρίᾳ
1239 4365 1346 4416 τῶν
1386 4361 1711 4434 ἀνθρώπων,
1740 4365 1790 4416 εί
1829 4364 2025 4434 κέρδος

444 4473 498 4509 τι
524 4455 766 4510 τοιοῦτον
819 4455 1014 4526 ἐφύετο
1060 4456 1293 4520 ἐκεῖθεν,
1326 4455 1426 4508 οὑκ
1451 4455 1516 4509 ἂν
1546 4455 1670 4512 οὐδὲ
1692 4457 1789 4526 τῆς
1823 4473 2023 4529 μειρα-

447 4545 674 4610 κιώδους
720 4546 924 4619 ταύτης
975 4546 1114 4618 ἔχων
1138 4547 1200 4600 τὸ
1241 4540 1404 4618 ἦττον
1448 4547 1623 4619 ἐφάνη
1671 4546 2022 4618 φιλοτιμίας·

443 4636 581 4690 ἀλλὰ
603 4638 703 4690 κάν
732 4639 962 4704 τούτοις,
981 4639 1040 4692 τὸ
1062 4637 1206 4692 κατὰ
1238 4638 1458 4692 πάντων
1481 4639 1703 4712 κράτος,
1729 4639 1825 4696 καὶ
1853 4640 2024 4711 χωρὶς
2058 4657 2100 4713 ο

444 4731 673 4800 ἀγῶνος,
706 4731 922 4804 ἐδείχθη
952 4733 1021 4787 ἂν
1051 4734 1520 4806 ἀναδεδειγμένος.

991 4866 1326 4920 ΕΡΩΤΗΣΙΣ
1355 4869 1482 4924 ΠΖθ.

2127 3367 2249 3424 iStis
2287 3369 2577 3438 acquirere
2607 3368 3036 3424 admirationem
3073 3386 3088 3423 :
3126 3380 3180 3423 et
3205 3369 3250 3423 si
3282 3384 3348 3424 ex
3397 3369 3502 3423 isto
3531 3367 3716 3422 studio

2125 3475 2328 3515 cnrave
2382 3460 2618 3514 salutem
2677 3459 2991 3514 animarum
3027 3459 3300 3514 resultare
3350 3459 3603 3522 vidisset,
3635 3458 3714 3510 vi-

2127 3550 2304 3606 disses
2353 3551 2527 3620 ipsius
2581 3563 2868 3606 sermones
2926 3552 3094 3606 insita
3145 3551 3380 3619 quadam
3411 3549 3716 3620 pulchritu-

2127 3642 2277 3708 dine,
2311 3645 2472 3712 cujus
2523 3652 2578 3698 et
2627 3659 2774 3700 nunc
2801 3644 3148 3714 participant,
3194 3643 3247 3697 in
3281 3654 3492 3696 tantum
3520 3652 3709 3695 trans—

2127 3737 2380 3790 cendisse
2420 3735 2661 3791 Platonis
2696 3737 3126 3802 incantamenta,
3177 3735 3563 3791 Demosthenis
3600 3735 3719 3789 cin-

2127 3827 2344 3892 cinuos,
2404 3829 2928 3898 magniloquentiam
2978 3827 3410 3899 Thucydideam,
3438 3827 3491 3880 in
3523 3841 3703 3895 quan-

2129 3928 2243 3974 tum
2286 3919 2361 3972 illi
2408 3919 2680 3975 Asiaticos
2727 3919 2864 3974 istos
2935 3928 3185 3974 oratores
3257 3929 3518 3986 superant
3555 3933 3569 3970 :
3608 3931 3718 3971 non

2129 4011 2277 4063 enim
2311 4011 2363 4063 in
2393 4019 2544 4065 tuam
2574 4011 2807 4081 gratiam
2849 4011 3026 4065 licebit
3067 4024 3264 4064 vocare
3291 4025 3385 4063 cos
3415 4009 3718 4064 alfcetatos.

2129 4099 2283 4156 Patet
2326 4112 2508 4156 autem
2552 4102 2699 4171 quod
2731 4101 2979 4168 allirmo;
3013 4116 3140 4154 nam
3175 4100 3270 4168 qui
3320 4101 3475 4168 longe
3509 4099 3720 4166 majora

2129 4201 2185 4249 et
2230 4192 2555 4248 sublimiora
2587 4194 2654 4247 ad
2697 4193 2982 4247 hominum
3034 4192 3268 4248 salutem
3320 4193 3719 4260 procurandum

2130 4284 2394 4354 suscepit,
2425 4285 2698 4355 siquidem
2738 4284 2935 4339 eximie
2969 4283 3320 4338 commodum
3354 4289 3717 4345 accresceret,

2131 4377 2274 4430 haud
2305 4383 2450 4431 certe
2477 4385 2786 4431 recusasset
2823 4375 3028 4446 aliquid
3060 4375 3128 4429 de
3174 4375 3368 4443 puerili
3407 4374 3508 4428 hac
3540 4371 3720 4426 ambi-

2131 4468 2281 4523 tione
2310 4467 2589 4538 possidere
2614 4485 2629 4536 ;
2654 4482 2844 4522 verum
2873 4478 2926 4521 et
2957 4465 3012 4520 in
3034 4465 3331 4521 illiusmodi
3361 4466 3499 4518 ultra
3525 4478 3719 4519 omnes

2133 4558 2464 4622 obtinuisse,
2492 4565 2548 4612 et
2571 4555 2800 4627 quidem
2823 4556 2943 4610 sine
2979 4557 3280 4611 certamine
3309 4554 3606 4610 videretur.

2241 4862 2572 4932 QUIESTIU
3177 4861 3402 4959 CCLlll.
3441 4859 3605 4917 Taur.

991 5040 1136 5092 Edita
1175 5043 1545 5107 aMontacutio,
1573 5044 1790 5109 ep.157,
1823 5047 1889 5096 ad
1910 5046 2187 5110 Eusclwnt.,
2213 5061 2262 5111 p.
2307 5047 2535 5096 ﬁll-212.
2570 5046 2624 5095 ln
2664 5043 2940 5095 Ezechielis
2970 5057 3074 5107 cap.
3125 5059 3162 5102 ι,
3199 5043 3275 5093 to.

515 5148 584 5202 Τί
613 5147 838 5220 δήποτε,
874 5149 1238 5224 διαπυνθάνῃ,
1272 5151 1410 5222 βοῶν
1445 5153 1540 5205 καὶ
1565 5151 1817 5219 λεόντων,
1845 5152 2017 5208 διετῶη⁹

443 5260 504 5295 τε
527 5245 621 5296 καὶ
647 5241 950 5315 ἀνθρώπων
976 5247 1217 5317 μορφαῖς
1234 5246 1286 5298 αἱ
1304 5245 1412 5298 τῶν
1429 5245 1710 5316 Χερουϐὶμ
1735 5245 1888 5314 ὄψεις
1905 5247 2018 5308 τοῖς

444 5335 614 5398 θείοις
634 5337 940 5407 προφήταις
956 5337 1386 5409 ἐνεφανίσθησαν
1405 5353 1421 5406 ;
1439 5336 1600 5390 Ἀλλὰ
1627 5338 1728 5400 τάς
1762 5336 1884 5407 μὲν,
1906 5338 2024 5400 τοῖς

2203 5155 2266 5208 Ει
2284 5169 2571 5223 quorsum,
2597 5153 2822 5224 rogitas,
2843 5151 3158 5206 cherubinre
3177 5148 3340 5203 facies
3357 5147 3556 5203 divinis
3581 5163 3716 5218 pro-

2133 5244 2308 5314 phetis
2327 5243 2730 5309 revelebanlur,
2747 5244 2851 5301 sub
2873 5241 3063 5299 formis
3080 5241 3265 5307 bourn,
3297 5239 3542 5305 leonum,
3563 5239 3718 5307 aqui-

2134 5337 2334 5401 larum,
2353 5336 2670 5395 hominum?
2691 5337 2948 5390 llationes
2966 5335 3034 5389 ab
3051 5331 3291 5402 antiquis
3312 5330 3551 5386 redditas
3571 5329 3715 5386 haud

1715 5541 1950 5597 VARIJE
1997 5537 2289 5598 LECTION
2300 5539 2406 5595 ES.

587 5733 615 5762 ιι
638 5723 701 5782 C.
734 5724 804 5782 M.
834 5725 1089 5798 βραχεῖαν
1123 5725 1264 5798 μετὰ
1291 5725 1389 5798 τὴν
1421 5724 1692 5797 ἄρχουσαν
1753 5719 2029 5792 συλλαϐὴν
2053 5720 2132 5784 είς
2164 5715 2634 5789 δίρθογγονὲξει.

451 5796 640 5852 editio.

2754 5719 2801 5754 ιι·
2831 5729 2968 5784 pone
3000 5713 3272 5785 φ;.οντίὸα,
3304 5721 3358 5770 et
3383 5711 3462 5768 sic
3492 5709 3698 5767 llmsclr
