4158 6492
375 905 385 981 l

420 353 528 420 {v59

1580 355 1846 418 ΡΗΟΊῚΙ
1890 352 2402 416 PATRIARCILE
2426 355 2536 416 ΟΡ.

3590 357 3702 420 560

414 485 469 531 te
512 472 752 530 arbitror
786 473 1046 544 ignorare
1079 491 1093 530 :
1123 481 1180 529 at
1227 473 1353 530 illos
1388 475 1664 546 negligere
1704 475 1799 546 qui
1849 473 2007 529 dixe-

2116 471 2220 544 πρὸ
2237 473 2395 544 ἡμῶν
2420 471 2822 543 ἀποδεδομένας
2842 470 3046 538 αίτίας,
3085 465 3241 544 οἶμαι
3272 488 3331 526 σε
3358 471 3433 544 μὴ
3452 472 3698 542 ἀγνοεῖν,

415 575 546 622 runt
573 581 858 624 sermones
883 567 1027 632 illos,
1052 583 1287 638 quorum
1319 568 1722 623 ordinabantur
1781 567 2003 637 inspec-

414 671 580 725 tores,
602 674 699 730 per
725 660 844 715 illas
871 661 1074 731 figuras
1105 661 1413 717 insinuari:
1433 661 1598 716 boum
1626 660 1826 731 quippe
1850 660 2004 730 ip~is,

414 751 604 806 nescio
633 766 752 818 cur,
791 751 1102 817 hominum,
1140 753 1474 822 aquilarum,
1530 753 1750 807 leonum
1811 768 2003 807 curam

412 841 891 913 etinspectionem
930 846 1292 909 com:reduut,
1346 844 1635 900 Platonico
1679 860 1856 911 inore,
1911 845 2007 901 sed

416 933 597 989 verbis
643 933 881 990 diversis
935 936 1089 991 ideas
1138 936 1574 1002 introdueentes,
1619 937 1803 1008 potius
1835 951 2003 1007 quam

415 1027 636 1097 pictatis
687 1027 870 1083 studio
925 1028 1215 1098 quaestioni
1275 1029 1539 1085 institutae
1588 1027 2003 1099 respondentes.

413 1119 657 1175 Dixerim
671 1137 794 1190 ego,
809 1121 955 1192 quod
972 1121 1396 1192 haudquaquam
1412 1135 1604 1176 eorum
1618 1118 2004 1186 animantium,

413 1229 650 1284 quorum
696 1222 855 1269 erant
882 1223 1192 1277 curatores,
1227 1215 1441 1283 species
1472 1228 1570 1284 per
1615 1213 1822 1284 ﬁguras
1861 1212 2002 1268 istas

415 1306 974 1376 repraesentabantur.
1011 1305 1171 1362 Absit
1200 1323 1213 1361 :
1249 1321 1393 1362 unus
1418 1304 1565 1360 enim
1599 1305 1846 1361 omnium
1871 1319 2008 1359 con-

413 1396 560 1453 ditor
607 1403 663 1452 et
693 1396 973 1467 inspector
1004 1407 1109 1452 est.
1152 1395 1352 1452 Verum
1398 1395 1537 1452 illud
1575 1395 1864 1467 perspicue
1911 1409 2008 1464 per

416 1490 622 1560 tiguras
647 1491 968 1558 ostendunt,
1001 1491 1146 1561 quod
1171 1491 1263 1561 qui
1297 1499 1526 1556 terram,
1545 1504 1754 1552 aerem,
1777 1487 2003 1553 cmlum,

413 1590 469 1635 et
501 1596 623 1651 qua:
657 1581 712 1636 in
743 1581 811 1638 iis
842 1593 991 1648 sunt,
1025 1582 1290 1638 stabilivit
1353 1580 1500 1652 (istis
1559 1581 1706 1636 enim
1761 1580 1816 1634 in
1871 1578 2009 1634 locis

413 1679 764 1728 ostensorum
809 1672 1131 1728 animalium
1165 1674 1279 1729 vita
1321 1671 1610 1743 victusque
1646 1671 1899 1738 habetur,
1951 1678 2008 1726 et

410 1763 732 1836 generatio),
772 1765 818 1822 is
853 1767 969 1836 ipse
994 1775 1097 1832 est,
1128 1766 1221 1836 qui
1254 1774 1551 1836 potestates
1584 1765 1837 1819 cwlestcs
1870 1763 2005 1819 sub-

412 1857 607 1911 sistere
660 1855 812 1922 iecit,
865 1865 920 1912 et
968 1857 1148 1913 inesse
1187 1856 1464 1926 produxit.
1519 1854 1626 1911 Sed
1671 1864 1727 1910 et
1773 1856 2007 1912 ulterius

414 1948 698 2018 Scriptura
748 1965 846 2019 per
909 1948 1010 2004 ista
1061 1949 1242 2016 docet,
1295 1948 1442 2020 quod
1493 1947 1771 2016 quomodo
1817 1948 2006 2015 homo,

411 2041 536 2106 bos,
573 2041 679 2108 leo,
731 2041 938 2114 aquila,
974 2051 1028 2097 et
1076 2052 1288 2097 c:eter.c
1334 2057 1527 2098 omnes
1578 2052 1863 2108 creaturae,
1913 2058 2008 2114 per

411 2134 592 2189 Solum
643 2133 870 2190 verbum
908 2134 1389 2204 producebmtur;
1444 2134 1515 2190 ita
1565 2145 1620 2190 et
1677 2136 1848 2192 beata:
1901 2137 2008 2193 illae

410 2235 699 2292 creaturae,
735 2241 830 2297 per
859 2227 1086 2283 verbum
1133 2227 1447 2282 Conditoris
1477 2227 1544 2283 de
1575 2244 1684 2282 non
1721 2245 1844 2284 esse
1878 2245 2009 2299 pro-

411 2316 590 2372 ductae
606 2327 660 2373 et
678 2328 952 2389 generata:
972 2318 1210 2374 fuerant.
1235 2320 1296 2374 In
1321 2319 1408 2374 illa
1435 2320 1656 2390 quidem
1684 2321 2009 2392 incorporea

410 2419 467 2464 et
517 2408 813 2481 iuelligiata
869 2423 1064 2466 natura
1141 2411 1347 2483 liguras
1401 2411 1616 2482 aliquas
1688 2422 1746 2468 et
1799 2413 2009 2470 formas

412 2503 725 2560 istiusmodi
755 2514 1151 2577 repracsentare
1179 2505 1335 2571 velle,
1370 2505 1507 2559 nihil
1541 2505 1692 2561 aliud
1727 2515 1810 2563 est
1838 2522 2006 2579 quam

411 2595 717 2661 declarare,
754 2612 923 2651 unum
966 2598 1302 2652 t-Leunnlem
1329 2611 1512 2651 rerum
1543 2597 1793 2651 omnium
1827 2596 2006 2652 exsis-

413 2696 530 2741 tere
557 2686 950 2753 Conditorem;
1002 2694 1117 2741 tum
1150 2686 1294 2756 quod
1349 2686 1487 2741 nihil
1539 2687 1873 2744 laboriosius
1903 2687 2010 2759 ipsi

415 2775 538 2842 fuit,
561 2777 918 2848 incorporeas
945 2788 999 2832 et
1018 2771 1419 2834 intéllectuales
1445 2788 1669 2833 naturas
1691 2795 2007 2850 procreare,

417 2885 581 2940 quam
614 2879 839 2926 caeteras
862 2871 1136 2940 quaslibet
1159 2881 1476 2938 creaturas;
1513 2889 1636 2928 eum
1669 2873 1725 2928 in
1750 2874 2011 2930 omnibus

417 2976 484 3018 ex
507 2977 689 3034 aequo,
730 2973 784 3018 et
822 2965 937 3033 pari
972 2972 1242 3035 potestate
1270 2965 1525 3020 voluntas
1554 2965 1741 3022 divina
1781 2966 2010 3022 inﬁnita:

419 3054 675 3124 petentia;
725 3065 1001 3124 operetur.
1053 3056 1109 3110 Si
1143 3055 1342 3126 placet,
1389 3067 1473 3111 cst
1505 3066 1559 3111 et
1605 3057 1825 3113 tertium
1860 3057 2009 3129 quod

2112 565 2399 629 κάκείνους
2454 565 2512 619 δὲ
2535 566 2805 637 παρορᾷν,
2843 566 2893 619 οἳ
2917 567 3045 631 τοὺς
3100 564 3296 635 λόγους
3349 564 3560 633 ἔφασαν
3617 563 3697 621 ὧν

2110 655 2420 726 ἐτάχθησαν
2445 655 2654 729 ἔφοροι,
2681 657 2772 711 διὰ
2799 656 2912 711 τῶν
2939 658 3237 729 σχημάτων
3270 657 3497 711 ἐκείνων
3522 658 3697 712 αἰνίτ-

2108 752 2334 804 τεσθαι·
2373 750 2512 820 βοῶν
2553 750 2665 822 γὰρ
2689 751 2872 814 αὐτοῖς
2909 744 3082 816 οὗτοι,
3119 750 3215 803 καὶ
3247 748 3572 820 ἀνθρώπων,
3602 751 3699 801 ἀε-

2108 841 2219 896 τῶν
2247 859 2306 894 τε
2330 843 2426 895 καὶ
2453 841 2707 906 λεόντων,
2733 842 2836 896 οὐκ
2858 837 2955 896 οἷδ’
3000 841 3122 896 ἀνθ’
3148 842 3295 908 ὅτου,
3339 841 3438 912 τὴν
3468 841 3697 912 ἐφορίαν

2110 935 2480 1009 ἐγχειρίζουσι
2503 953 2520 970 ο
2582 934 3081 1004 Πλατωνικὼτερον
3143 935 3367 1006 μᾶλλον,
3391 934 3461 988 δι’
3494 936 3700 1004 ἐτέρων

2109 1028 2310 1098 λόγων,
2337 1028 2436 1092 τὰς
2461 1027 2638 1092 είδέας
2665 1027 3008 1096 εἰσάγοντες,
3051 1027 3080 1098 ἢ
3112 1027 3504 1098 εὐσεϐέστερον
3555 1043 3703 1097 παρ-

2113 1121 2369 1185 ιστῶντες
2394 1120 2454 1174 τὸ
2489 1119 2846 1190 ζητούμενον.
2896 1118 3040 1186 Ἐγὼ
3075 1119 3131 1173 δὲ
3171 1119 3338 1190 φαίην
3361 1118 3450 1183 ἂν,
3481 1118 3557 1183 ὡς
3599 1120 3702 1190 ούχ

2110 1208 2186 1270 ὧν
2217 1214 2400 1284 ἔφοροι
2422 1213 2770 1284 τυγχάνουσι,
2807 1212 2980 1267 ταῦτα
3007 1213 3094 1267 διὰ
3117 1213 3224 1267 τῶν
3264 1214 3562 1286 σχημάτων
3597 1217 3701 1285 ἑμ-

2110 1308 2400 1378 φανίζουσι
2426 1322 2440 1337 ·
2478 1305 2678 1360 πολλοῦ
2700 1323 2763 1375 γε
2796 1304 2892 1358 καὶ
2923 1304 3004 1358 δεῖ
3032 1321 3046 1336 ⁸
3079 1299 3160 1370 εἷς
3190 1307 3298 1377 γὰρ
3321 1305 3575 1359 ἁπάντων
3603 1305 3701 1375 δη-

2113 1402 2377 1472 μιουργός
2409 1417 2470 1452 τε
2521 1400 2615 1453 καὶ
2671 1397 2890 1470 ἔφορος.
2954 1396 3097 1450 Ἀλλ’
3147 1399 3323 1452 ἐκεῖνο
3377 1396 3595 1466 τρανῶς
3641 1399 3705 1451 ἐν

2108 1494 2223 1556 τοῖς
2281 1490 2473 1555 τύποις
2517 1491 2874 1556 δεικνύουσιν,
2911 1491 2987 1555 ὡς
3019 1493 3048 1545 ὁ
3080 1491 3181 1562 τὴν
3223 1491 3328 1560 γῆν
3359 1507 3419 1543 τε
3458 1491 3548 1542 καὶ
3608 1489 3702 1542 τὸν

2109 1583 2270 1654 ἀέρα,
2303 1582 2399 1636 καὶ
2434 1581 2526 1636 τὸν
2557 1581 2804 1655 οὐρανὸν,
2847 1583 2940 1635 καὶ
2965 1581 3034 1636 τά
3064 1583 3120 1635 ὲν
3150 1581 3334 1645 αὐτοῖς
3383 1581 3703 1651 ὑποστήσας

2109 1674 2191 1746 (ἐν
2245 1672 2458 1738 τούτοις
2515 1671 2626 1744 γὰρ
2683 1672 2793 1726 τῶν
2848 1671 3270 1744 ἐμφαινομένων
3326 1669 3518 1737 ζώων,
3582 1675 3698 1734 τοῖς

2108 1767 2316 1831 τόποις,
2350 1767 2378 1819 ὅ
2424 1783 2482 1819 τε
2513 1765 2626 1835 βίος
2655 1767 2749 1820 καὶ
2797 1766 2830 1837 ἡ
2859 1765 3110 1836 γένεσις)
3147 1765 3311 1828 αὑτός
3343 1765 3491 1816 ἐστιν
3522 1757 3704 1830 οὗτος,

2108 1863 2138 1916 ὁ
2170 1863 2264 1916 καὶ
2315 1862 2414 1925 τὰς
2467 1859 2900 1932 ὑπερουρανίους
2935 1858 3198 1930 δυνάμεις
3221 1868 3251 1895 ιι
3279 1857 3572 1922 οὖσιώσας,
3607 1859 3703 1911 καὶ

2109 1956 2453 2030 παραγαγὼν
2499 1958 2582 2020 είς
2617 1953 2873 2026 ὓπαρξιν.
2914 1955 3150 2008 Ἔπειτα
3202 1952 3281 2016 δὲ,
3305 1953 3396 2006 διά
3423 1952 3632 2006 τούτων
3674 1954 3703 2004 ὁ

2108 2046 2266 2116 λόγος
2299 2057 2328 2097 P
2348 2047 2615 2110 διδάσκει,
2650 2047 2846 2118 ὅτιπερ
2868 2043 2992 2100 καθ’
3020 2043 3079 2098 δν
3105 2047 3309 2116 τρόπον
3335 2044 3620 2115 ἄνθρωπός
3644 2061 3704 2096 τε

2109 2142 2206 2198 καὶ
2265 2140 2393 2212 βοῦς
2447 2140 2544 2194 καὶ
2591 2139 2752 2204 λέων,
2805 2138 2900 2192 καὶ
2960 2135 3142 2202 ἀετὸς,
3204 2137 3300 2190 καὶ
3364 2135 3536 2190 τᾶλλα
3592 2134 3706 2187 τῶν

2109 2234 2448 2306 κτισμάτων,
2500 2231 2739 2305 εὐχερῶς
2799 2231 2892 2286 καὶ
2943 2234 3151 2304 ῥήματι
3208 2230 3356 2300 μόνῳ
3419 2228 3696 2299 συνέστη⁹

2109 2326 2256 2380 οὕτω
2305 2324 2393 2396 δὴ,
2433 2322 2582 2378 οὕτω
2613 2324 2765 2394 καὶὴ
2801 2323 3050 2394 μακαρία
3097 2321 3264 2391 φύσις
3322 2319 3530 2390 ἐκείνη,
3557 2319 3705 2388 λόγῳ

2109 2420 2203 2472 τοῦ
2245 2417 2565 2482 Κτίσαντος,
2594 2415 2659 2469 ὲκ
2698 2413 2788 2469 τοῦ
2815 2414 2891 2486 μὴ
2920 2411 3073 2478 ὄντος
3114 2412 3259 2485 ἢχθη
3293 2412 3435 2484 πρὸς
3459 2411 3699 2479 γένεσιν.

2112 2511 2185 2564 Τὸ
2203 2511 2330 2583 γὰρ,
2357 2509 2544 2582 ἐκείνῃ
2568 2511 2634 2581 τῇ
2667 2509 2944 2579 ἀσωμάτῳ
2975 2507 3072 2561 καὶ
3094 2505 3492 2576 άσχηματίστῳ
3519 2505 3704 2574 φύσει,

2114 2604 2333 2677 μορφάς
2393 2621 2548 2668 τινας
2576 2604 2673 2657 καὶ
2723 2602 2953 2656 τοιαῦτα
2987 2603 3243 2673 σχήματα
3307 2597 3706 2671 παρυποδεῖξαι

2111 2699 2263 2754 οὐδὲν
2292 2698 2483 2768 ἕτερόν
2537 2699 2708 2760 ἐστιν,
2735 2695 2768 2768 ἦ
2805 2695 2901 2748 ’ἐνα
2927 2711 2988 2747 τε
3017 2697 3106 2747 καὶ
3139 2693 3230 2746 τὸν
3259 2691 3418 2744 αὑτὸν
3448 2689 3712 2744 ἁπάντων

2113 2792 2350 2864 Ποιητὴν
2411 2790 2720 2862 ὑπάρχειν,
2791 2787 3223 2858 ἐπιδεδειχέναι·
3269 2786 3367 2840 καὶ
3412 2785 3493 2838 ὅτι
3544 2782 3699 2837 οὐδὲν

2111 2881 2533 2954 ἐργωδέστερον,
2568 2881 2602 2953 ἢ
2628 2880 2796 2936 τᾶλλα
2825 2879 2933 2933 τῶν
2955 2880 3274 2951 κτισμάτων
3293 2921 3308 2945 ,
3345 2881 3378 2951 ὴ
3411 2878 3708 2948 ἀσώματος

2111 2972 2209 3028 καὶ
2253 2975 2416 3046 νοερὰ
2464 2974 2627 3042 φύσις
2667 2973 2878 3045 ὑπέστη
2907 2975 2964 3027 ὲν
2992 2975 3130 3026 πᾶσι
3165 2972 3574 3044 παραπλησίως
3611 2971 3708 3024 καὶ

2116 3066 2425 3132 ίσοσΟενῶς,
2481 3065 2576 3120 τοῦ
2629 3065 2774 3120 Θείου
2827 3066 2923 3120 καὶ
2975 3065 3422 3138 ἁπειροδυνάμου
3471 3063 3709 3136 δρῶντος

422 3147 529 3202 ill.e
563 3147 617 3202 in
649 3149 980 3205 Cherubiuis
1012 3149 1406 3206 similitudines
1433 3151 1738 3216 insinuant,
1782 3167 2004 3222 nempe,

2116 3159 2480 3230 βουλήματος.
2529 3159 2589 3212 Εἰ
2626 3158 2806 3230 βούλει
2837 3158 2918 3223 δὲ,
2956 3159 3094 3228 πρὸς
3133 3155 3346 3220 τούτοις
3396 3157 3492 3210 καὶ
3523 3155 3710 3226 τρίτον

420 3240 886 3311 quemadmodum
912 3241 1096 3306 homo,
1119 3251 1176 3297 et
1203 3241 1410 3314 aquila,
1445 3252 1500 3297 et
1524 3244 1641 3308 bos,
1675 3259 1728 3300 et
1753 3245 2014 3315 quzelibet

421 3333 644 3388 omnino
665 3343 917 3388 creatura
943 3334 1242 3392 Dominicis
1267 3335 1552 3406 praeceptis
1588 3337 2012 3393 obsecundaba-

428 3432 541 3489 tur,
595 3425 745 3480 illius
792 3436 1071 3482 reveretur
1117 3443 1244 3483 cum
1274 3427 1472 3482 timore
1529 3430 1892 3485 mandatum:
1939 3431 2014 3487 ita

422 3517 603 3572 omnis
629 3532 849 3588 quoque
877 3517 1302 3572 ultramundana
1354 3526 1408 3572 et
1443 3518 1832 3575 ulti-acmlcstis
1875 3521 2013 3576 sub-

424 3609 626 3664 stantia
659 3610 884 3665 nutibus
912 3609 1084 3680 ipsius
1123 3611 1394 3677 subsidet,
1443 3619 1496 3666 et
1528 3611 1760 3668 libenter
1788 3612 2016 3668 subser-

427 3703 546 3756 vire
577 3704 740 3773 gestit
779 3704 843 3758 ad
871 3704 1139 3775 quidquid
1164 3705 1390 3777 jubetur
1422 3707 1849 3776 expediendum.
1883 3708 2021 3764 For-

427 3796 594 3851 tassis
622 3805 802 3850 autem
832 3809 884 3850 et
915 3797 1034 3853 aliae
1074 3798 1299 3869 insuper
1328 3807 1624 3870 suppetent
1654 3816 1856 3863 causae,
1889 3801 2019 3855 dum

426 3887 628 3943 tacitus
662 3889 777 3943 haec
822 3893 962 3959 apul
1010 3900 1062 3946 te
1113 3891 1394 3948 mediteris
1436 3908 1560 3963 quae
1601 3893 1715 3964 jam
1762 3893 1912 3960 dixi,
1967 3894 2019 3947 in

426 3996 568 4052 quas
604 3981 836 4036 libenter
868 3991 920 4037 te
953 3982 1197 4040 incidere
1229 3984 1414 4041 velim.

427 4172 764 4243 QUESTIO
829 4175 1162 4233 Lxxxvui.
1239 4179 1443 4253 [σοξδι.
1521 4181 1769 4249 cem;

1026 4272 1412 4346 CCXLVL(U

1851 4183 2014 4237 Taur.

2122 3251 2252 3307 ἄλλο
2282 3252 2626 3306 διδάσκουσιν
2671 3253 2727 3304 αἱ
2753 3254 2809 3305 ἐν
2832 3253 2942 3314 τοῖς
2985 3251 3271 3322 Χερουϐὶμ
3297 3248 3607 3320 ὁμοιώσεις,
3628 3247 3712 3300 ὅτι

2121 3345 2312 3416 ὥσπερ
2370 3343 2660 3415 ἄνθρωπός
2689 3361 2749 3396 τε
2780 3343 2876 3396 καὶ
2903 3343 3060 3406 ἀετὸς
3083 3344 3177 3396 καὶ
3218 3341 3365 3411 βοῦς,
3407 3340 3502 3393 καὶ
3526 3337 3714 3402 ἁπλῶς

2121 3437 2354 3492 ἕκαστον
2382 3435 2491 3490 τῶν
2515 3435 2851 3506 κτισμάτων,
2881 3435 2960 3505 τῷ
2982 3433 3298 3503 Δεσποτικῷ
3328 3431 3712 3504 προστάγματι

2125 3531 2439 3601 πειθαρχεῖ,
2481 3529 2578 3582 καὶ
2626 3529 2725 3597 τὴν
2775 3527 2988 3580 ὲκεῖοεν
3041 3527 3263 3596 ἐντολὴν
3329 3525 3712 3593 ὑποπτήσσει·

2124 3621 2269 3676 οὕτω
2290 3621 2356 3692 δὴ
2376 3620 2542 3685 οὓτω,
2578 3620 2672 3674 καὶ
2699 3621 2849 3674 πᾶσα
2872 3621 2904 3690 ἡ
2940 3618 3311 3690 ύπερκόσμιός
3331 3635 3388 3671 τε
3415 3617 3510 3671 καὶ
3541 3617 3714 3686 ὑπερ-

2123 3715 2382 3785 ουράνιος
2467 3714 2630 3767 οὐσία
2710 3715 2825 3777 τοῖς
2886 3711 3053 3768 αὑτοῦ
3122 3711 3390 3782 νεύμασιν
3459 3710 3715 3771 ὑπείκει,

2125 3805 2378 3878 καὶπρὸς
2441 3806 2587 3860 ἆπαν
2616 3805 2676 3858 τὸ
2704 3803 3061 3876 κελευόμενον
3091 3804 3388 3877 προθύμως
3412 3803 3713 3872 ὑπηρετεῖ-

2125 3917 2238 3953 ται.
2285 3899 2438 3969 Τάχα
2460 3898 2505 3952 δ’
2529 3896 2595 3951 ἄν
2623 3915 2728 3963 σοι,
2762 3896 2885 3951 καθ’
2922 3897 3116 3951 ἑαυτὸν
3162 3894 3480 3960 σκοποῦντι,
3517 3896 3580 3947 ὲκ
3606 3894 3716 3947 τῶν

2130 3989 2456 4062 εἰρημένων
2505 3989 2602 4043 καλ⁵
2664 3987 2852 4060 ἕτεραι
2885 3988 3486 4060 προσεξευρεθήσονται
3518 3985 3712 4041 αἰτίαν

2130 4077 2220 4144 αἷς
2251 4081 2316 4134 ἂν
2342 4079 2513 4151 ἡδέως
2531 4077 2836 4150 ἐντύχοιμι.

2674 4195 3011 4249 ΙΞΡΩΤΙΙΣΙΣ
3045 4195 3176 4250 HH'.

1007 4410 1149 4462 Edita
1188 4428 1216 4464 a
1255 4413 1578 4476 Monlacutio,
1605 4430 1687 4480 ep.
1730 4418 1808 4467 161
1821 4419 1921 4482 ,ad
1949 4419 2128 4478 Taras,
2154 4431 2203 4481 p.
2237 4416 2348 4478 2H,
2370 4416 2482 4470 215.
2520 4418 2598 4468 De
2627 4423 2792 4465 sancta
2832 4411 3094 4464 'l‘riuitate.

503 4501 709 4572 Rogas,
751 4500 1032 4572 quomodo
1088 4501 1323 4558 dicimus
1382 4522 1396 4559 :

433 4597 600 4652 Deum
636 4594 856 4661 Filium,
889 4596 1059 4651 Deum
1096 4597 1362 4666 Spiritum
1409 4593 1658 4655 sanctum
1691 4622 1737 4665 ι,
1802 4617 1905 4658 nec
1935 4612 2021 4659 ta-

431 4706 558 4746 men
581 4689 831 4759 cogimur
857 4690 1168 4744 neccssario
1191 4698 1301 4744 tres
1333 4689 1497 4755 Deos,
1538 4708 1646 4748 non
1685 4709 1857 4748 unum
1884 4711 2022 4750 con-

433 4782 614 4837 ﬁteri?
660 4780 820 4836 Clare
852 4789 908 4835 et
937 4781 1173 4835 breviter
1202 4782 1526 4852 respondeo.
1584 4783 1849 4856 Exempla
1877 4787 2022 4841 enim

434 4877 592 4946 plura
627 4883 680 4928 et.
744 4875 894 4929 varia
945 4890 976 4928 a
1011 4873 1212 4931 divinis
1267 4875 1524 4931 Patribus
1571 4879 1640 4934 ad
1689 4881 2024 4936 solutionem

436 4969 601 5040 hujus
654 4970 998 5039 qumstionis,
1054 4970 1122 5024 ab
1185 4969 1302 5040 ipsa
1347 4975 1600 5036 veritate,
1650 4975 1740 5028 cui
1799 4989 2024 5044 Operam

435 5060 712 5127 locabant,
742 5062 960 5117 abunde
982 5063 1323 5133 suppeditata
1352 5061 1524 5131 fuere,
1553 5064 1698 5118 etab
1753 5065 1821 5120 iis
1865 5066 2028 5121 adhi-

438 5155 549 5210 bita
599 5162 762 5226 prout
801 5156 1050 5224 oportuit
1094 5173 1109 5223 ;
1190 5172 1426 5227 quorum
1473 5157 1649 5227 siquis
1693 5160 2027 5214 mentionem

437 5247 595 5302 vellet
663 5247 950 5318 replicare,
1018 5247 1217 5303 librum
1297 5248 1540 5303 scribere
1577 5259 1834 5320 oportet,
1914 5267 2025 5308 non

434 5339 746 5412 epistolam.
807 5339 966 5406 Quod
1026 5338 1210 5396 facere
1261 5340 1397 5395 mihi
1435 5341 1652 5402 videtur
1700 5358 2028 5416 supervaca-

1466 4522 1486 4554 ι
1544 4504 1715 4560 Deum
1771 4506 2099 4574 Patrem,D

2207 4506 2471 4578 Ἐρωτᾷς,
2522 4504 2642 4567 πῶς
2705 4504 2823 4556 ἔστι
2867 4501 3068 4571 λέγειν,
3140 4498 3314 4554 «Θεὸν
3347 4497 3438 4554 τὸν
3471 4500 3715 4573 Πατέρα,

2127 4599 2262 4653 Θεὸν
2306 4595 2399 4653 τὸν
2425 4596 2577 4663 Υίὺν,
2599 4595 2733 4650 Θεὸν
2763 4595 2825 4648 τὸ
2852 4593 3101 4665 Πνεῦμα,
3135 4611 3154 4645 ι
3195 4594 3292 4648 καὶ⁵
3326 4591 3401 4664 μὴ
3431 4596 3511 4660 είς
3546 4596 3717 4664 ἀνάγ-

2125 4711 2228 4765 κην
2294 4690 2705 4766 περιΐστασθαι,
2764 4691 2936 4761 τρεῖς,
3000 4687 3117 4744 ἀνθ’
3151 4688 3292 4754 ἐνὸς,
3319 4688 3490 4752 Θεοὺς
3524 4689 3719 4760 άνομο⁶

2128 4782 2346 4850 λογείνς
2393 4780 2534 4852 Ἑγὼ
2583 4798 2665 4835 σοι
2715 4778 2901 4849 σαφῶς
2928 4780 3024 4832 καὶ⁸
3053 4779 3339 4850 συντόμως
3369 4777 3503 4849 ἐρῶ.
3529 4779 3720 4848 Παρα-

2124 4877 2394 4947 δείγματα
2421 4873 2657 4946 μὲνγὰρ
2689 4873 2862 4926 πολλά
2914 4875 3010 4926 καὶ
3067 4871 3318 4938 ποικίλα,
3379 4873 3496 4934 τοῖς
3553 4871 3719 4934 θείοις

2132 4969 2290 5040 ἡμῶν
2322 4967 2619 5038 Πατράσιν,
2638 4969 2718 5031 εἰς
2738 4966 2799 5019 τὸ
2823 4965 3076 5019 διαλῦσαι
3108 4964 3205 5036 τὴν
3231 4963 3469 5035 ἀπορίαν
3489 4963 3716 5035 ταύτην,

2132 5061 2224 5115 ὑπ’
2262 5061 2432 5132 αὐτῆς
2461 5063 2561 5132 τῆς
2595 5060 2879 5131 ἀληθείας,
2906 5060 3047 5130 ὑπὲρ
3075 5054 3142 5132 ἧς
3167 5058 3522 5123 ἐσπούδαζον,
3548 5058 3718 5127 άφῦό-

2132 5172 2238 5219 νως
2252 5171 2311 5208 τε
2333 5148 2648 5226 ἐχορηγήθη
2682 5154 2777 5207 καὶ
2801 5155 2882 5218 εἰς
2910 5153 3029 5207 δέον
3059 5152 3431 5206 διατέτακταιο
3463 5146 3540 5206 ὧν
3558 5151 3613 5204 εῐ
3636 5167 3721 5214 τις

2129 5248 2535 5320 ἐπιμνησθῆναι
2569 5247 2839 5317 θελήσειε,
2865 5245 3071 5316 βιϐλίον
3102 5244 3222 5298 ὅλον
3254 5244 3368 5297 ἀντ’
3415 5242 3712 5312 ἐπιστολῆς

2133 5339 2200 5396 ἂν
2226 5339 2479 5412 γράψειε.
2503 5339 2677 5395 Τοῦτο
2707 5339 2766 5394 δὲ
2785 5338 2960 5403 άλλως
2987 5334 3145 5409 οἶμαι
3179 5337 3455 5409 περιττόνο
3486 5335 3539 5389 τί
3574 5335 3683 5406 γάρ
3705 5351 3718 5363 ·

1721 5503 1956 5560 VARle
1994 5501 2407 5560 LECTIONES.

511 5625 531 5649 ’
557 5615 783 5673 C.Mon.
959 5617 996 5672 ί.
1032 5617 1135 5672 118
1171 5635 1185 5672 :
1219 5617 1504 5688 οὐρανίους
1531 5616 1810 5688 δυνάμεις.

1891 5621 1918 5662 Ρ
1947 5615 2012 5672 C.
2052 5616 2121 5672 M.
2147 5615 2389 5686 ὀλίγους.

1954 5739 2182 5798 NOTAE.

517 5826 591 5894 (Ι)
624 5823 814 5881 Aﬂiuis
846 5835 927 5879 est
955 5843 1008 5895 q.
1057 5824 1272 5879 XXVII.
