4158 6460
451 341 550 412 561

1161 343 1265 408 AD
1295 344 1896 409 AMPHILOCHIUM
1937 348 2287 418 QUIESTIO
2328 352 2708 429 LXXXVIII,
2735 353 3057 415 LXXXIX.

3635 355 3746 422 562

450 462 569 515 ἐνὸν
623 460 742 525 τοῖς
789 458 1083 534 ἀρχαίοις,
1140 461 1240 517 καὶ
1268 462 1329 529 ἐξ
1359 463 1603 534 ἑτοίμου,
1657 466 2026 535 προσομιλεῖν.

2142 484 2343 535 neum,
2401 485 2528 526 cum
2580 471 2758 527 cuivis
2811 470 2972 526 obvia
3029 470 3141 527 sint
3195 470 3340 542 apud
3399 470 3741 542 antiquiores

448 556 524 609 Σὺ
547 553 605 609 δὲ
637 554 720 625 (οὐ
749 553 861 627 γὰρ
913 555 1031 627 ,ἔχω
1069 554 1188 621 πῶς
1223 542 1698 628 ἅνὲπαχθέστερον
1725 557 1887 626 εἴπω)
1916 559 2037 613 ἀντὶ

445 645 555 698 τῶν
607 644 776 700 πάλαι
818 644 1002 709 καλῶς
1049 645 1480 718 γεγραμμένων,
1522 649 1730 702 καινῶν
1793 649 2035 720 προσδέῃ

447 737 725 807 γραφέων,
758 737 1147 808 ἑξιδιουμένων
1176 737 1248 792 τὰ
1277 739 1383 809 πρὸ
1420 738 1604 793 αὐτῶν
1637 741 1732 794 καὶ
1755 741 2032 811 ἀλλότρια.

473 826 623 880 Alli
666 828 836 898 χωρὶς
896 827 1146 890 ἐκείνων.
1168 827 1233 881 τὸ
1270 827 1540 899 σύντομον
1579 830 1675 883 καὶ
1706 832 1908 901 σαφὲς,
1939 834 2036 886 καὶ

446 919 570 972 οὐδὲ
619 919 788 990 χωρὶς
846 918 942 972 τοῦ
987 919 1334 990 συμπείθειν,
1367 922 1505 991 μετὰ
1531 923 1812 995 προσοχῆς
1837 923 2030 978 ἄκουεο

448 1009 560 1080 ἔχει
605 1011 663 1064 δὲ
708 1004 851 1063 ῶδευ
917 1010 1051 1064 Θεὸν
1097 1010 1284 1076 καλεῖς
1327 1012 1420 1066 τὸν
1478 1013 1734 1086 Πατέρα·
1803 1016 2036 1088 πότερον

446 1101 626 1172 τεμὼν
657 1101 754 1172 τὴν
785 1103 1108 1172 ὑπόστασιν,
1135 1107 1232 1161 καὶ
1264 1107 1638 1178 ἁλλοτριὼσας
1667 1110 1768 1182 τῆς
1795 1113 1854 1164 ὲν
1880 1113 2035 1184 αὐτῷ

445 1196 540 1246 καὶ
589 1196 778 1265 κοινῆς
835 1195 1180 1270 θεότητος,ἢ
1232 1199 1332 1253 οὐκ
1363 1199 1432 1254 ἂν
1462 1202 1770 1271 τολμήσαις
1817 1204 2030 1272 εἰπεῐνς

441 1285 584 1339 οὕτω
627 1285 738 1358 γὰρ
761 1286 828 1341 ἂν
861 1289 947 1359 εἴη
975 1288 1038 1342 τὸ
1063 1291 1231 1362 τιμᾷν
1281 1297 1378 1346 καὶ
1431 1293 1720 1365 ὀνομάζειν
1778 1296 1912 1352 Θεὸν
1941 1298 2034 1352 τὸν

441 1376 688 1449 Πατέρα,
720 1379 818 1450 τῆς
851 1379 1088 1450 ἐσχάτης
1115 1379 1416 1454 βαρύτερον
1461 1383 1698 1457 ὕϐρεως,
1735 1388 2034 1444 ἀποσπάδα

441 1469 566 1522 τινὰ
583 1471 677 1524 καὶ
704 1472 1041 1541 παραφυάδα
1076 1475 1219 1528 νοεῖν
1237 1477 1338 1545 τῆς
1361 1475 1553 1547 ὸλικῆς
1575 1479 1671 1532 καὶ
1699 1479 2032 1550 ὑπερουσίου

441 1562 707 1634 Θεότητος
735 1561 794 1627 ἐξ
817 1556 878 1615 οὗ
910 1565 1063 1618 πᾶσα
1089 1563 1231 1632 θεία,
1273 1566 1372 1620 καὶ
1399 1569 1512 1632 τοῖς
1541 1569 1601 1622 ὲν
1633 1568 1901 1640 διαιρέσει
1933 1571 2033 1626 καὶ

444 1654 631 1726 ρεύσει
661 1656 720 1708 τὸ
753 1655 895 1708 εἶναι
943 1655 1226 1727 λαχοῦσιν,
1259 1657 1453 1722 ἓνωσίς
1479 1676 1539 1712 τε
1576 1659 1678 1713 καὶ
1703 1661 1906 1734 συνοχὴ
1937 1664 2031 1715 καὶ⁵

443 1749 734 1818 συνάφεια.
777 1751 944 1822 Ὁρᾷς
1000 1751 1114 1816 πῶς
1151 1752 1218 1805 ἂν
1269 1753 1450 1824 ὀρθῶς
1485 1753 1802 1825 ὲννοηθείης
1835 1773 1894 1808 τε
1935 1757 2030 1810 καὶ

2140 559 2354 616 lectori.
2389 559 2471 616 Tu
2509 570 2695 616 autem
2729 563 2934 632 (neque
2960 562 3107 616 enim
3138 562 3314 618 habeo
3340 565 3490 634 quod
3521 565 3745 635 gravius

2138 647 2343 717 dicam)
2378 664 2482 720 pro
2507 649 2637 704 olim
2668 653 2875 720 Optime
2898 650 3086 705 relatis
3113 650 3170 704 in
3194 651 3431 714 litteras,
3469 668 3739 708 novorum

2140 735 2359 805 indigus
2413 737 2749 806 scriptorum
2798 751 2888 802 es,
2959 737 3054 807 qui
3105 738 3208 792 sibi
3264 740 3440 794 aliena
3493 749 3548 794 et
3596 741 3744 795 anti-

2138 825 2334 894 quiora
2365 825 2751 896 apprOpriant.
2797 825 3022 894 Absque
3057 825 3168 880 illis
3199 839 3384 880 autem
3419 827 3656 882 breviter
3686 837 3742 883 et

2136 911 2448 983 perspicue,
2499 928 2626 968 cum
2663 911 2987 980 attentione,
3023 923 3083 966 ut
3124 915 3539 982 persnadearis,
3577 914 3735 978 audi.

2136 1004 2284 1074 quod
2315 1002 2396 1059 sic
2417 1019 2478 1060 se
2497 1003 2693 1058 habet:
2723 1001 2939 1058 Patrem
2964 1004 3206 1074 appellas
3259 1003 3448 1072 Deum,
3479 1015 3737 1060 utrumne

2136 1093 2462 1166 hypostasin
2512 1093 2846 1150 diﬂindendo
2883 1103 2940 1149 et
2988 1095 3286 1148 alienando
3335 1096 3486 1150 illum
3523 1113 3551 1148 a
3584 1110 3735 1149 com-

2144 1190 2322 1256 muni,
2357 1206 2480 1262 qua:
2511 1191 2615 1263 ipsi
2651 1191 2816 1257 inest,
2856 1191 3084 1259 deitatc,
3121 1207 3303 1246 annon
3337 1190 3506 1245 audes
3536 1188 3736 1243 ell'ari?

2135 1277 2242 1334 hoc
2272 1280 2418 1334 enim
2481 1280 2647 1336 modo
2708 1281 2985 1336 honorare
3017 1293 3073 1337 et
3103 1281 3390 1337 nominare
3422 1280 3590 1334 Deum
3626 1280 3732 1334 Pa-

2135 1378 2274 1427 trem
2332 1374 2562 1428 extremi
2611 1374 2838 1429 convitii
2886 1374 3209 1446 gravitatem
3262 1373 3735 1438 excederet;abs-

2142 1466 2472 1521 tractionem
2555 1468 2709 1524 enim
2775 1468 3074 1539 quamdam’
3179 1477 3235 1522 et
3297 1466 3731 1523 excrescuntiam

2134 1558 2457 1630 imaginaris
2514 1561 2698 1617 totalis
2766 1569 2823 1616 et
2873 1560 3429 1632 supersuhstantialis
3476 1559 3728 1624 Deitatis,

2133 1667 2164 1707 a
2199 1667 2304 1722 qua
2342 1652 2524 1708 omnis
2569 1653 2751 1708 divina
2791 1654 2940 1719 unio,
2997 1653 3320 1723 coniunctio
3371 1662 3422 1708 et
3457 1651 3723 1716 cohaesio,

2133 1745 2300 1800 etiam
2350 1746 2458 1802 illis
2501 1746 2644 1802 inest
2690 1763 2932 1818 quorum
2983 1747 3228 1805 essentia
3284 1746 3338 1800 in
3382 1744 3651 1815 divisione
3677 1751 3735 1797 et

438 1851 642 1911 φησαις
662 1842 797 1895 Θεὸν
942 1843 1186 1914 Πατέρα.
1214 1818 1426 1898 Οὐκοῦν
1451 1845 1573 1899 οὐδὲ
1601 1818 1693 1899 τὸν
1723 1818 1853 1899 Ῠῐὸν
1887 1846 2021 1901 Θεὸν

2128 1837 2278 1895 ﬂuxu
2310 1838 2755 1895 consistit.Vides
2788 1850 2848 1895 ut
2879 1849 3028 1896 recte
3069 1840 3213 1912 apud
3237 1839 3484 1894 animum
3515 1845 3730 1892 statuas

437 1933 742 2006 ὀνομάζων,
776 1937 1026 2006 ἀφοριείς
1049 1937 1150 2008 τῆς
1176 1938 1350 2008 αὐτῆς
1411 1938 1678 2004 Θεότητος
1699 1955 1713 1969 ⁶
1743 1940 1900 2010 εἴπερ
1945 1941 2022 2014 μὴ

437 2026 561 2078 κατ’
588 2023 759 2095 ἄλλην
807 2024 906 2096 μὲν
953 2025 1164 2081 ἔ·.νοιαν
1189 2028 1281 2082 τὸν
1310 2028 1459 2093 Υίὸν,
1491 2030 1614 2084 κατ’
1642 2029 1811 2100 ἄλλην
1845 2032 1902 2086 δὲ
1929 2033 2024 2087 τὸν

438 2117 656 2186 Πατέρα
671 2116 806 2171 Θεὸν
828 2118 1109 2188 ὑπεκρίνω
1130 2119 1551 2187 ἀποφαίνεσθαν
1569 2122 1693 2176 οὐδὲ
1716 2123 1778 2176 τὸ
1797 2124 2023 2196 Πνεῦμα

435 2209 491 2263 δὲ
517 2209 796 2279 δηλονότι’
828 2210 862 2280 ἡ
904 2209 1044 2279 αὐτὴ
1097 2213 1206 2282 γὰρ
1241 2210 1307 2266 ἂν
1357 2213 1820 2288 παρακολουθήσῃ
1858 2217 2026 2270 κακό.

435 2315 573 2354 νοια.
610 2298 673 2353 El
708 2299 890 2353 τοίνυν
939 2300 1170 2354 ἕκαστον
1213 2302 1324 2355 τῶν
1377 2304 1567 2374 τριῶν,
1602 2304 1727 2358 καθ’
1757 2307 1918 2360 ἑαυτὸ
1944 2307 2023 2378 τῷ

435 2389 511 2460 νῴ
570 2389 1006 2462 λαμϐανόμενον,
1056 2391 1152 2446 καὶ
1205 2391 1369 2459 Θεὸς,
1425 2394 1520 2448 καὶ
1557 2395 1710 2460 Θεὸς,
1754 2397 1851 2452 καὶ
1888 2397 2021 2462 Θεὸς

433 2481 856 2554 ὀνομαζόμενον,
903 2485 1116 2557 οὐδαμῆ
1153 2485 1412 2558 οὐδαμῶς
1439 2487 1536 2558 τῆς
1574 2489 2022 2561 ἑνθεωρουμένης

433 2577 529 2632 καὶ
560 2577 692 2648 μιᾶς
727 2577 1024 2650 ἀπετμήθη
1055 2578 1328 2650 Θεότητος
1351 2597 1369 2613 ⁸
1409 2581 1638 2646 εἰκότως
1671 2582 1780 2654 ἄρα
1809 2584 1902 2636 καὶ
1923 2585 2021 2637 σὺν

433 2671 685 2741 ἀλλήλοις
723 2669 1138 2742 λαμϐανόμενα,
1167 2672 1230 2728 οὐ
1260 2674 1410 2744 τρεῖς
1459 2673 1605 2740 Θεοδ,
1637 2673 1752 2728 ἀλλ’
1781 2678 1863 2740 εἰς
1894 2685 1923 2726 q
1953 2676 2024 2731 τὰ

430 2764 558 2835 τρία
601 2763 732 2826 Θεὸς
776 2762 1189 2834 δοξασθήσεται.
1222 2764 1286 2818 El
1327 2765 1429 2836 μὲν
1475 2765 1586 2837 γὰρ
1614 2765 1748 2830 Θεὸς
1779 2767 2021 2837 ἐλέγετο,

433 2857 556 2911 καθ’
603 2858 766 2911 ἑαυτὸ
818 2857 1115 2927 νοούμενον
1173 2857 1430 2924 ἕκαστον,
1461 2858 1539 2922 ὡς
1589 2860 1671 2923 εἰς
1733 2859 1872 2913 ἰδίαν
1929 2861 2023 2920 καὶ

433 2947 665 3017 ἔκφυλον
725 2947 972 3019 Θεότητα
1015 2947 1379 3018 ἀναγόμενον,
1413 2949 1644 3013 εἰκότως
1669 2948 1756 3014 ἂν,
1789 2951 1889 3003 σὺν
1921 2950 2018 3004 ἁλ-

433 3039 637 3110 λήλοις,
683 3041 779 3094 καὶ
834 3042 986 3111 τρεῖς
1025 3040 1153 3092 Θεοὶ
1202 3039 1575 3110 ὠνομάζοντο.
1629 3041 1692 3094 Εἰ
1718 3041 1797 3105 δὲ,
1825 3041 1901 3106 ὡς
1921 3045 2021 3112 τὴν

433 3135 607 3203 αὐτὴν
650 3135 926 3204 όμοτιμως
973 3132 1068 3186 καὶ
1121 3132 1252 3203 μίαν
1299 3133 1545 3204 Θεότητα
1605 3135 1978 3204 συναγόμενον
2003 3175 2018 3200 ,
2051 3183 2088 3204 ,,

434 3226 568 3288 Θεὸς
613 3224 720 3279 τῶν
751 3224 917 3297 τριῶν
942 3225 1194 3279 ἐκαλεῖτο
1229 3225 1485 3278 ἕκαστον
1510 3225 1596 3289 τίς
1621 3228 1648 3280 ό
1669 3226 2019 3298 βιαζόμενος,

433 3318 504 3374 τὰ
533 3317 758 3390 μηδαμῆ
797 3317 1067 3388 μηδαμῶς
1094 3319 1193 3388 τῆς
1219 3316 1669 3390 ὲνθεωρουμένης
1699 3321 1886 3384 αὐτοῖς
1919 3320 2022 3374 καὶ

436 3411 910 3483 συμπληρωτικῆς
941 3411 1288 3483 διαιρεθέντα
1334 3412 1630 3483 Θεότητος,
1659 3415 1816 3484 τρεῖς
1842 3415 2026 3482 λέγειν

434 3506 634 3574 Θεούς;
690 3506 992 3577 μᾶλλονδὲ,
1025 3505 1144 3569 πῶς
1191 3505 1290 3558 οὐκ
1329 3505 1545 3576 ἀνάγκη
1589 3507 1761 3568 πᾶσα,
1793 3505 1866 3560 τὰ
1896 3506 2026 3577 τρία

433 3597 614 3667 λέγειν
671 3598 768 3653 ἕνα
829 3597 998 3663 Θεὸν,
1075 3596 1318 3668 οὐδαμοῦ
1364 3596 1734 3666 διαιρεθέντος
1812 3598 2026 3662 οὐδενὸς

438 3690 544 3743 τῶν
581 3691 750 3761 τριῶν
776 3691 876 3760 τῆς
925 3689 1134 3754 ὲνιαίας
1174 3691 1271 3744 καὶ
1304 3690 1556 3761 ἀτμήτου
1581 3692 1679 3745 κοιλ⁸
1707 3691 2024 3765 ἀδιαιρέτου

439 3782 702 3854 Θεότητος
728 3799 744 3847 ;

961 3962 1301 4016 ΕΡΩΤΗΣΙΣ
1352 3957 1483 4017 ΠΘ’.

435 4053 604 4112 Πόσα
640 4054 1060 4128 σημαινόμεζα
1111 4055 1287 4128 augur
1337 4054 1539 4128 εἰρεῖν
1581 4054 1652 4110 ἐν
1683 4054 1760 4126 τῇ
1799 4056 2016 4128 Γραφῇ

938 4124 1048 4194 τῆς
1079 4124 1229 4180 Θεοῦ
1251 4125 1460 4195 φωνῆς
1479 4142 1496 4193 ;

2123 1941 2180 1986 et
2211 1931 2519 2001 proﬁtearis
2549 1930 2718 1986 Deum
2744 1930 2982 1987 Patrem.
3003 1932 3269 1998 Quocirca
3297 1945 3395 1984 nec
3413 1944 3537 1984 cum
3561 1927 3730 1981 Deum

2128 2022 2283 2078 dicas
2307 2021 2532 2090 Filium,
2563 2024 2633 2078 ab
2656 2024 2844 2078 eadem
2865 2024 3146 2094 separabis
3177 2022 3407 2087 Deitate,
3439 2021 3544 2075 nisi
3591 2019 3733 2074 forte

2124 2130 2237 2171 uno
2261 2115 2597 2185 intelligendi
2635 2116 2796 2170 modo
2824 2115 3045 2180 Filium.
3066 2116 3174 2171 alio
3202 2115 3416 2170 Patrem
3437 2113 3734 2185 perhiben-

2123 2211 2254 2266 dum
2279 2212 2513 2276 sentias;
2539 2208 2634 2264 sed
2667 2225 2766 2264 nec
2789 2225 2912 2265 cum
2934 2208 3197 2279 Spiritum
3222 2217 3470 2264 sanctum
3490 2223 3509 2271 ;
3533 2208 3728 2262 eadem

2122 2302 2270 2357 enim
2304 2311 2567 2373 sequetur
2617 2302 2783 2371 impia
2821 2302 3200 2372 intelligentia.
3268 2300 3552 2372 Siquidem
3592 2311 3728 2371 ergo

2125 2395 2323 2450 horum
2373 2396 2537 2450 trium
2581 2396 2816 2466 quilibet
2878 2395 3175 2466 separatim
3232 2405 3286 2450 et
3337 2411 3435 2466 per
3483 2409 3542 2448 se
3568 2409 3727 2449 com-

2123 2489 2432 2559 prehensus
2476 2489 2663 2544 animo
2690 2499 2746 2544 et
2788 2489 2953 2556 Deus,
2979 2488 3146 2556 Deus,
3183 2489 3350 2553 Deus,
3390 2488 3497 2542 erit
3523 2488 3726 2551 dictus.

2124 2582 2443 2637 nullatenus
2471 2582 2769 2651 aliquando
2820 2582 2890 2636 ab
2921 2581 3084 2636 unica
3146 2589 3202 2636 et
3246 2587 3427 2634 mente
3465 2580 3725 2635 conside-

2124 2685 2243 2729 rata
2303 2671 2516 2728 Deitate
2549 2674 2927 2740 abscinditur;
2994 2683 3143 2728 certe
3189 2689 3290 2727 nec
3345 2672 3574 2742 injuria,
3633 2673 3727 2728 ubi

2123 2768 2463 2840 conjunctim
2504 2768 2896 2838 praedicantur,
2927 2782 3037 2821 non
3071 2775 3183 2820 tres
3213 2765 3324 2832 Dii,
3356 2764 3452 2820 sed
3482 2775 3544 2818 ut
3578 2781 3726 2821 unus

2126 2856 2290 2920 Deus,
2341 2867 2454 2913 tres
2503 2855 2582 2910 illi
2628 2855 3107 2926 gloriﬁcabuntur.
3168 2852 3226 2909 Si
3276 2854 3473 2909 horum
3522 2853 3727 2924 singuli

2124 2951 2418 3020 separatim
2465 2949 2684 3019 prolati,
2719 2947 2862 3003 Deus
2897 2947 3198 3012 diceretur,
3227 2947 3394 3002 veluti
3433 2949 3486 3002 in
3519 2962 3725 3018 appro-

2126 3043 2358 3112 priatam
2409 3040 2672 3096 Deitatem
2712 3048 2768 3095 et
2800 3039 3170 3110 alienigenam
3207 3039 3454 3105 abducti,
3491 3039 3725 3094 omnino

2126 3142 2274 3188 certe
2329 3132 2473 3187 inter
2518 3147 2578 3186 se
2623 3142 2736 3186 tres
2784 3131 2866 3184 Dii
2914 3131 3248 3186 dicerentur.
3302 3129 3401 3184 Sin
3449 3140 3632 3185 autem
3668 3129 3723 3184 in

2128 3237 2294 3276 unam
2327 3231 2382 3274 et
2431 3220 2641 3274 honore
2671 3218 2935 3289 aequalem
2982 3217 3252 3273 Deitatem
3284 3217 3533 3282 adducti,
3577 3216 3722 3272 Deus

2128 3317 2294 3372 trium
2323 3315 2555 3386 quilibet
2597 3324 2867 3381 vocetur;
2919 3312 3110 3382 ecquis
3155 3320 3260 3377 est,
3310 3310 3404 3380 qui
3453 3318 3613 3380 coget
3655 3325 3722 3363 ea

2127 3423 2251 3477 qua:
2280 3406 2432 3461 nullo
2461 3406 2628 3460 modo
2657 3404 2861 3460 alicubi
2894 3403 3140 3473 separari
3175 3412 3405 3473 possunt
3449 3417 3478 3454 a
3511 3399 3726 3456 Deitate

2128 3496 2344 3551 interne
2370 3494 2744 3559 considerata,
2797 3503 2852 3549 et
2889 3492 3150 3548 omnibus
3185 3492 3303 3547 suis
3333 3491 3582 3545 numeris
3614 3490 3721 3544 ab-

2128 3582 2329 3648 soluta,
2395 3591 2507 3637 tres
2562 3579 2702 3636 Dens
2763 3578 3098 3634 nominare?
3146 3578 3268 3634 Jam
3323 3594 3452 3632 vero
3490 3578 3723 3632 omnino

2128 3686 2353 3726 necesse
2377 3671 2500 3734 erit,
2536 3670 2671 3724 Tres
2706 3668 2891 3723 dicere
2927 3683 3096 3722 unum
3129 3665 3323 3731 Deum,
3377 3681 3501 3721 cum
3536 3666 3720 3719 nulla-

2127 3769 2287 3814 tcnus
2317 3758 2518 3828 aliquis
2551 3773 2582 3812 e
2611 3757 2786 3812 tribus
2819 3757 3119 3822 dividatur,
3174 3755 3258 3810 vel
3308 3755 3579 3810 alienetnr
3611 3770 3722 3808 una

2128 3846 2364 3902 indivisa
2391 3857 2446 3902 et
2475 3846 2759 3902 insecabili
2792 3844 3019 3900 Deitate.

2136 3958 2465 4028 QUASSTIO
2485 3958 2757 4014 LXXXIX
2779 3955 3243 4030 [Coisl.CCLXX,
3280 3953 3722 4028 Taur.,CCLXI].

2128 4054 2268 4122 Quot
2292 4054 2710 4126 signiﬁcationes
2732 4055 2875 4109 vocis
2901 4054 3130 4176 Deusﬁin
3159 4053 3456 4124 Scripturis
3499 4051 3722 4122 reperiri

2833 4141 3025 4176 nasum
3055 4164 3068 4176 .

2831 4141 3068 4194 possum:

921 4241 1064 4292 Edita
1107 4255 1135 4292 a
1175 4241 1496 4303 Montacutio,
1529 4255 1610 4304 ep.
1645 4242 1755 4304 162,
1783 4242 1850 4293 ad
1874 4241 2114 4309 Amp/tit"
2137 4256 2189 4307 p.
2211 4241 2439 4293 215-216.
2462 4243 2544 4294 De
2567 4239 2933 4306 signiﬁcatione
2959 4240 3174 4293 nominis
3201 4239 3319 4294 Dei.

501 4357 572 4407 α’.
600 4351 742 4422 Τρία
797 4323 1180 4423 σημαινόμενα
1226 4349 1344 4414 τοῦ,
1385 4350 1538 4415 Θεὸς,
1583 4351 1873 4422 ὀνόματος,
1911 4353 2013 4406 ὅσα

429 4459 494 4511 γε
517 4445 597 4508 είς
631 4443 855 4516 μνήμην
920 4443 1062 4497 κατὰ
1088 4442 1245 4507 δόξαν
1279 4437 1394 4494 οἴδα
1429 4443 1532 4512 τῆς
1559 4442 1713 4506 θείας
1745 4445 1972 4515 Γραφῆς
1998 4451 2014 4474 '°

431 4537 488 4589 ἓν
516 4538 614 4608 μὲν
641 4537 702 4589 τὸ
731 4538 936 4607 κυρῖως
983 4536 1077 4590 καὶ
1127 4536 1356 4605 πρώτως
1393 4537 1507 4600 Ὃν,
1542 4530 1603 4591 οὗ
1658 4539 1716 4589 ὲν
1749 4529 1816 4608 τῇ
1866 4536 2016 4608 χειρὶ

2195 4353 2248 4410 1.
2279 4351 2530 4408 Nominis
2557 4352 2648 4408 Dei
2674 4354 2775 4408 tria
2805 4359 2937 4408 sunt
2965 4351 3299 4423 signiﬁcata,
3325 4359 3595 4421 quantum
3628 4365 3720 4406 re-

2119 4445 2335 4502 cordari
2358 4460 2606 4517 possum,
2639 4444 2798 4516 juxta
2853 4445 3152 4517 Scriptura:
3204 4460 3475 4502 sensum:
3519 4459 3718 4509 unum,

2120 4539 2267 4610 quod
2309 4539 2391 4596 sit.
2428 4539 2648 4611 proprie
2697 4548 2753 4594 et
2801 4540 3066 4610 primario
3099 4539 3232 4607 Ens,
3268 4539 3429 4610 cujus
3457 4539 3513 4593 in
3548 4553 3714 4592 manu

431 4630 631 4691 πάντα,
689 4630 782 4683 καὶ
807 4630 866 4692 ὃς
897 4629 1155 4683 ἁπάντων
1207 4625 1460 4692 δεσπόζει
1479 4645 1496 4660 ο
1568 4647 1586 4680 ι
1611 4629 1693 4683 Τὰ
1718 4628 1828 4701 γὰρ
1868 4631 2014 4701 σύμ-

2128 4633 2308 4687 omnia
2339 4641 2498 4697 sunt,
2555 4643 2612 4688 et
2649 4633 2742 4704 qui
2778 4634 3035 4690 omnibus
3063 4635 3422 4689 dominatur:
3461 4650 3480 4684 ι
3513 4631 3717 4687 Omnia

432 4740 610 4776 παντα
647 4723 809 4776 δοῦλα
844 4723 929 4776 σά.
960 4741 980 4774 ι

502 4811 567 4880 β’.
595 4814 836 4883 Δευτέρα
860 4811 917 4864 δὲ
938 4809 1112 4876 τάξει,
1168 4809 1266 4866 καὶ
1303 4809 1526 4882 μεθέξει
1555 4810 1656 4880 τῆς
1680 4808 1908 4882 πρώτης
1930 4812 2018 4864 αἱ·

427 4903 570 4968 τίας,
628 4903 828 4970 λέγοιτ’
859 4901 924 4956 ἂν
981 4905 1076 4956 καὶ
1118 4903 1226 4956 τῶν
1259 4901 1566 4975 ἀνθρώπων
1609 4904 1816 4968 ἐκεῖνος
1867 4905 2011 4969 θεὸς,

429 5107 599 5161 μησιν
649 5090 864 5148 ἑαυτὸν.
917 5090 1128 5160 ἀρετῶν
1181 5089 1436 5157 ἀσκήσει,
1491 5089 1812 5143 διαπλάττοι
1848 5089 2013 5146 Θεοῦ.

427 5181 539 5236 Καὶ
594 5181 726 5254 γὰρ,
778 5181 972 5256 ῶσπερ
1026 5185 1234 5252 κυρίως
1283 5182 1384 5250 μέν
1423 5184 1570 5235 ἐστιν
1604 5181 2013 5252 ἁγαθὸνήθεία

427 5275 521 5328 καὶ
569 5279 878 5346 πανουργὸς
928 5276 1125 5345 φύσιςσ
1186 5276 1327 5329 κατὰ
1379 5275 1596 5346 μέθεξιν
1642 5275 1721 5340 δὲ,
1767 5274 1865 5328 καὶ
1906 5275 2016 5326 τῶν

424 5364 734 5440 ἀνθρώπων
771 5409 787 5435 ,
848 5370 962 5423 ὅσοι
1039 5367 1398 5440 διακαθάρσει
1460 5367 1577 5439 βίου
1642 5366 1742 5438 τῆς
1801 5366 2015 5420 ἐκεῖθεν

498 5527 621 5560 ⁵⁸⁸³⁸
651 5525 795 5582 Psal.
847 5543 1033 5596 cxvul,
1071 5530 1173 5601 ιιι.

2121 4724 2266 4780 enim
2295 4725 2544 4780 serviunt
2573 4725 2672 4780 tibi
2701 4726 2846 4781 ηδ’.
2877 4747 2894 4778 υ

2188 4818 2241 4872 2.
2273 4815 2479 4873 Ordine
2505 4819 2749 4874 secundo
2770 4829 2823 4874 et
2845 4820 3070 4875 relative
3103 4819 3171 4875 ad
3201 4835 3423 4876 causam
3450 4819 3714 4891 primam,

2117 4909 2332 4966 dicetur
2373 4910 2660 4965 hominum
2700 4909 2844 4967 Deus
2881 4912 2990 4979 ille,
3017 4914 3110 4982 qui
3146 4915 3200 4968 in
3232 4923 3500 4984 quantum
3535 4911 3725 4981 possi—

331 5056 344 5060 _
426 4995 507 5060 ὃς,
541 4997 629 5065 ἐφ’
652 4998 776 5050 ὅσον
845 4999 962 5050 ἐστὶ
1020 4997 1272 5051 δυνατὸν⁹
1309 4999 1544 5070 γεννητῇ
1591 4997 1778 5067 φύσει,
1810 4999 1890 5062 εἰς
1923 4999 2014 5068 μί-

2128 5001 2227 5056 bile
2259 5009 2344 5057 est
2363 5013 2574 5057 natura:
2606 5013 2805 5058 creata:
2828 5044 2842 5066 .
2894 5021 2954 5060 se
2986 5021 3083 5076 per
3113 5005 3334 5062 virtutis
3379 5005 3719 5060 exercitium.

2116 5093 2184 5149 ad
2215 5093 2580 5150 imitationem
2611 5095 2705 5150 Dei
2731 5095 3068 5153 conformat.
3105 5096 3320 5154 Etenim
3347 5100 3720 5169 quemadmo-

2120 5181 2252 5237 dum
2307 5183 2686 5254 principaliter
2729 5185 2936 5240 bonum
2985 5195 3070 5242 est
3120 5195 3321 5241 natura
3376 5187 3468 5242 illa
3519 5187 3715 5244 divina

2119 5277 2368 5332 omnium
2430 5293 2616 5356 rerum
2677 5278 2958 5346 creatrix,
3059 5296 3160 5352 per
3225 5281 3713 5353 participationem

2129 5382 2261 5421 vero
2320 5379 2374 5423 et
2438 5369 2518 5426 illi
2576 5369 2852 5438 homines,
2908 5371 3005 5445 qui
3059 5372 3130 5429 de
3191 5374 3302 5429 vita
3352 5371 3710 5429 munditicata

1728 5645 1810 5698 VA
1822 5645 1960 5702 ΠΙΑΞ
2005 5645 2300 5706 LECTION
2309 5646 2413 5705 ES.

533 5833 561 5874 ιι
587 5821 846 5881 Μειιόοδο
869 5840 968 5895 pro
988 5820 1090 5891 εἷς.
1121 5824 1183 5880 (Σ.
1211 5824 1354 5882 Bion.
1394 5821 1477 5892 εἷς
1511 5827 1643 5890 Θεὸς
1680 5832 1746 5882 τὰ
1775 5828 1920 5898 τρία.
