  <div class='ocr_page' id='page_1' title='image "/cluster/home/n/w/nwhite01/storage/ocr_20150623/101:no.1/coo.31924054870054/309.png"; bbox 0 0 4158 6454; ppageno 0'>
   <div class='ocr_carea' id='block_1_1' title="bbox 447 375 556 445">
    <p class='ocr_par' dir='ltr' id='par_1_1' title="bbox 447 375 556 445">
     <span class='ocr_line' id='line_1_1' title="bbox 447 375 556 445; baseline 0.018 -2"><span class='ocrx_word' id='word_1_1' title='bbox 447 375 556 445; x_wconf 67' lang='grc' dir='ltr'><strong>εει</strong></span> 
     </span>
    </p>
   </div>
   <div class='ocr_carea' id='block_1_2' title="bbox 1624 371 2558 436">
    <p class='ocr_par' dir='ltr' id='par_1_2' title="bbox 1624 371 2558 436">
     <span class='ocr_line' id='line_1_2' title="bbox 1624 371 2558 436; baseline 0.003 -3"><span class='ocrx_word' id='word_1_2' title='bbox 1624 371 1889 433; x_wconf 85' lang='lat' dir='ltr'><strong>PHOTII</strong></span> <span class='ocrx_word' id='word_1_3' title='bbox 1917 372 2423 434; x_wconf 74' lang='lat' dir='ltr'><strong>PATRIARCH/E</strong></span> <span class='ocrx_word' id='word_1_4' title='bbox 2449 374 2558 436; x_wconf 74' lang='grc' dir='ltr'><strong>(ΣΡ.</strong></span> 
     </span>
    </p>
   </div>
   <div class='ocr_carea' id='block_1_3' title="bbox 3609 373 3724 440">
    <p class='ocr_par' dir='ltr' id='par_1_3' title="bbox 3609 373 3724 440">
     <span class='ocr_line' id='line_1_3' title="bbox 3609 373 3724 440; baseline 0.017 -3"><span class='ocrx_word' id='word_1_5' title='bbox 3609 373 3724 440; x_wconf 65' lang='grc'><strong>564</strong></span> 
     </span>
    </p>
   </div>
   <div class='ocr_carea' id='block_1_4' title="bbox 447 481 2036 563">
    <p class='ocr_par' dir='ltr' id='par_1_4' title="bbox 447 487 2028 561">
     <span class='ocr_line' id='line_1_4' title="bbox 447 487 2028 561; baseline -0.009 -4"><span class='ocrx_word' id='word_1_6' title='bbox 447 499 731 556; x_wconf 83' lang='lat' dir='ltr'><strong>radiorum</strong></span> <span class='ocrx_word' id='word_1_7' title='bbox 784 494 911 551; x_wconf 87' lang='lat' dir='ltr'><strong>inde</strong></span> <span class='ocrx_word' id='word_1_8' title='bbox 956 489 1329 549; x_wconf 88' lang='lat' dir='ltr'><strong>emanantium</strong></span> <span class='ocrx_word' id='word_1_9' title='bbox 1381 487 1595 561; x_wconf 79' lang='lat' dir='ltr'><strong>fulgore</strong></span> <span class='ocrx_word' id='word_1_10' title='bbox 1638 489 2028 544; x_wconf 77' lang='lat' dir='ltr'><strong>illustrantur:</strong></span> 
     </span>
    </p>
   </div>
   <div class='ocr_carea' id='block_1_5' title="bbox 2140 481 3725 563">
    <p class='ocr_par' dir='ltr' id='par_1_5' title="bbox 2140 481 3725 560">
     <span class='ocr_line' id='line_1_5' title="bbox 2140 481 3725 560; baseline 0.002 -20"><span class='ocrx_word' id='word_1_11' title='bbox 2140 488 2352 550; x_wconf 73' lang='grc' dir='ltr'><strong>ἀκτῖνος</strong></span> <span class='ocrx_word' id='word_1_12' title='bbox 2378 486 2793 558; x_wconf 70' lang='grc' dir='ltr'><strong>ἐνηυγάσοησαν</strong></span> <span class='ocrx_word' id='word_1_13' title='bbox 2830 486 2929 552; x_wconf 71' lang='grc' dir='ltr'><strong>τὰς</strong></span> <span class='ocrx_word' id='word_1_14' title='bbox 2978 490 3356 560; x_wconf 70' lang='grc' dir='ltr'><strong>μαρμαρυγὰς</strong></span> <span class='ocrx_word' id='word_1_15' title='bbox 3379 498 3425 555; x_wconf 74' lang='grc' dir='ltr'><strong>τ,</strong></span> <span class='ocrx_word' id='word_1_16' title='bbox 3456 487 3599 544; x_wconf 78' lang='grc' dir='ltr'><strong>οὑτω</strong></span> <span class='ocrx_word' id='word_1_17' title='bbox 3624 481 3725 543; x_wconf 58' lang='grc' dir='ltr'><strong>καῖι</strong></span> 
     </span>
    </p>
   </div>
   <div class='ocr_carea' id='block_1_6' title="bbox 447 580 2033 650">
    <p class='ocr_par' dir='ltr' id='par_1_6' title="bbox 447 580 2033 650">
     <span class='ocr_line' id='line_1_6' title="bbox 447 580 2033 650; baseline -0.011 -1"><span class='ocrx_word' id='word_1_18' title='bbox 447 593 529 649; x_wconf 83' lang='lat' dir='ltr'><strong>ita</strong></span> <span class='ocrx_word' id='word_1_19' title='bbox 578 600 631 649; x_wconf 90' lang='lat' dir='ltr'><strong>et</strong></span> <span class='ocrx_word' id='word_1_20' title='bbox 662 590 803 643; x_wconf 84' lang='lat' dir='ltr'><strong>Deus</strong></span> <span class='ocrx_word' id='word_1_21' title='bbox 858 601 967 640; x_wconf 90' lang='lat' dir='ltr'><strong>non</strong></span> <span class='ocrx_word' id='word_1_22' title='bbox 1023 591 1233 637; x_wconf 88' lang='lat' dir='ltr'><strong>tantum</strong></span> <span class='ocrx_word' id='word_1_23' title='bbox 1265 590 1350 636; x_wconf 93' lang='lat' dir='ltr'><strong>est</strong></span> <span class='ocrx_word' id='word_1_24' title='bbox 1374 580 1462 635; x_wconf 92' lang='lat' dir='ltr'><strong>illa</strong></span> <span class='ocrx_word' id='word_1_25' title='bbox 1504 592 1719 646; x_wconf 91' lang='lat' dir='ltr'><strong>natura,</strong></span> <span class='ocrx_word' id='word_1_26' title='bbox 1750 595 1870 650; x_wconf 73' lang='lat' dir='ltr'><strong>qua:</strong></span> <span class='ocrx_word' id='word_1_27' title='bbox 1898 595 2033 634; x_wconf 55' lang='lat' dir='ltr'><strong>cun.</strong></span> 
     </span>
    </p>
   </div>
   <div class='ocr_carea' id='block_1_7' title="bbox 453 674 2034 746">
    <p class='ocr_par' dir='ltr' id='par_1_7' title="bbox 453 674 2034 746">
     <span class='ocr_line' id='line_1_7' title="bbox 453 674 2034 746; baseline -0.008 -7"><span class='ocrx_word' id='word_1_28' title='bbox 453 684 559 739; x_wconf 89' lang='lat' dir='ltr'><strong>ctis</strong></span> <span class='ocrx_word' id='word_1_29' title='bbox 589 682 925 740; x_wconf 78' lang='lat' dir='ltr'><strong>dominatur.</strong></span> <span class='ocrx_word' id='word_1_30' title='bbox 961 686 1014 733; x_wconf 88' lang='lat' dir='ltr'><strong>et</strong></span> <span class='ocrx_word' id='word_1_31' title='bbox 1056 691 1153 746; x_wconf 93' lang='lat' dir='ltr'><strong>pro</strong></span> <span class='ocrx_word' id='word_1_32' title='bbox 1190 683 1463 745; x_wconf 85' lang='lat' dir='ltr'><strong>potestate</strong></span> <span class='ocrx_word' id='word_1_33' title='bbox 1526 676 1793 745; x_wconf 86' lang='lat' dir='ltr'><strong>imperat;</strong></span> <span class='ocrx_word' id='word_1_34' title='bbox 1850 674 1945 729; x_wconf 87' lang='lat' dir='ltr'><strong>sed</strong></span> <span class='ocrx_word' id='word_1_35' title='bbox 1977 681 2034 727; x_wconf 93' lang='lat' dir='ltr'><strong>et</strong></span> 
     </span>
    </p>
   </div>
   <div class='ocr_carea' id='block_1_8' title="bbox 453 765 2026 838">
    <p class='ocr_par' dir='ltr' id='par_1_8' title="bbox 453 765 2026 838">
     <span class='ocr_line' id='line_1_8' title="bbox 453 765 2026 838; baseline -0.007 -9"><span class='ocrx_word' id='word_1_36' title='bbox 453 775 706 830; x_wconf 81' lang='lat' dir='ltr'><strong>homines</strong></span> <span class='ocrx_word' id='word_1_37' title='bbox 750 770 937 825; x_wconf 72' lang='lat' dir='ltr'><strong>videre</strong></span> <span class='ocrx_word' id='word_1_38' title='bbox 988 780 1041 822; x_wconf 85' lang='lat' dir='ltr'><strong>et</strong></span> <span class='ocrx_word' id='word_1_39' title='bbox 1077 768 1236 821; x_wconf 81' lang='lat' dir='ltr'><strong>istius</strong></span> <span class='ocrx_word' id='word_1_40' title='bbox 1288 767 1674 838; x_wconf 84' lang='lat' dir='ltr'><strong>appellationis</strong></span> <span class='ocrx_word' id='word_1_41' title='bbox 1707 765 2026 834; x_wconf 79' lang='lat' dir='ltr'><strong>participes.</strong></span> 
     </span>
    </p>
   </div>
   <div class='ocr_carea' id='block_1_9' title="bbox 454 857 2032 928">
    <p class='ocr_par' dir='ltr' id='par_1_9' title="bbox 454 857 2032 928">
     <span class='ocr_line' id='line_1_9' title="bbox 454 857 2032 928; baseline -0.007 -8"><span class='ocrx_word' id='word_1_42' title='bbox 454 866 607 920; x_wconf 86' lang='lat' dir='ltr'><strong>Setbi</strong></span> <span class='ocrx_word' id='word_1_43' title='bbox 643 864 787 917; x_wconf 85' lang='lat' dir='ltr'><strong>cnim</strong></span> <span class='ocrx_word' id='word_1_44' title='bbox 819 862 963 916; x_wconf 81' lang='lat' dir='ltr'><strong>ﬁlius</strong></span> <span class='ocrx_word' id='word_1_45' title='bbox 994 860 1137 915; x_wconf 79' lang='lat' dir='ltr'><strong>Enos</strong></span> <span class='ocrx_word' id='word_1_46' title='bbox 1165 858 1331 928; x_wconf 85' lang='lat' dir='ltr'><strong>hujus</strong></span> <span class='ocrx_word' id='word_1_47' title='bbox 1363 859 1602 918; x_wconf 80' lang='lat' dir='ltr'><strong>nominis</strong></span> <span class='ocrx_word' id='word_1_48' title='bbox 1633 857 1849 912; x_wconf 89' lang='lat' dir='ltr'><strong>titulum</strong></span> <span class='ocrx_word' id='word_1_49' title='bbox 1882 870 2032 910; x_wconf 88' lang='lat' dir='ltr'><strong>assc-</strong></span> 
     </span>
    </p>
   </div>
   <div class='ocr_carea' id='block_1_10' title="bbox 451 947 2031 1024">
    <p class='ocr_par' dir='ltr' id='par_1_10' title="bbox 451 947 2031 1024">
     <span class='ocr_line' id='line_1_10' title="bbox 451 947 2031 1024; baseline -0.006 -13"><span class='ocrx_word' id='word_1_50' title='bbox 451 968 613 1022; x_wconf 73' lang='lat' dir='ltr'><strong>cutus</strong></span> <span class='ocrx_word' id='word_1_51' title='bbox 642 966 726 1011; x_wconf 90' lang='lat' dir='ltr'><strong>est</strong></span> <span class='ocrx_word' id='word_1_52' title='bbox 756 974 770 1010; x_wconf 94' lang='lat'><strong>:</strong></span> <span class='ocrx_word' id='word_1_53' title='bbox 805 957 888 1008; x_wconf 80' lang='lat' dir='ltr'><strong>vir</strong></span> <span class='ocrx_word' id='word_1_54' title='bbox 921 956 992 1008; x_wconf 92' lang='lat' dir='ltr'><strong>ob</strong></span> <span class='ocrx_word' id='word_1_55' title='bbox 1023 963 1370 1024; x_wconf 88' lang='lat' dir='ltr'><strong>potestatem,</strong></span> <span class='ocrx_word' id='word_1_56' title='bbox 1423 960 1477 1007; x_wconf 90' lang='lat' dir='ltr'><strong>et</strong></span> <span class='ocrx_word' id='word_1_57' title='bbox 1500 951 1571 1004; x_wconf 89' lang='lat' dir='ltr'><strong>ob</strong></span> <span class='ocrx_word' id='word_1_58' title='bbox 1596 966 1812 1004; x_wconf 91' lang='lat' dir='ltr'><strong>morum</strong></span> <span class='ocrx_word' id='word_1_59' title='bbox 1840 947 2031 1019; x_wconf 57' lang='lat' dir='ltr'><strong>probi-</strong></span> 
     </span>
    </p>
   </div>
   <div class='ocr_carea' id='block_1_11' title="bbox 451 1039 2029 1116">
    <p class='ocr_par' dir='ltr' id='par_1_11' title="bbox 451 1039 2029 1116">
     <span class='ocr_line' id='line_1_11' title="bbox 451 1039 2029 1116; baseline -0.007 -12"><span class='ocrx_word' id='word_1_60' title='bbox 451 1060 616 1105; x_wconf 90' lang='lat' dir='ltr'><strong>tatem</strong></span> <span class='ocrx_word' id='word_1_61' title='bbox 647 1049 973 1107; x_wconf 87' lang='lat' dir='ltr'><strong>honoratus,</strong></span> <span class='ocrx_word' id='word_1_62' title='bbox 1020 1063 1117 1116; x_wconf 90' lang='lat' dir='ltr'><strong>per</strong></span> <span class='ocrx_word' id='word_1_63' title='bbox 1147 1046 1270 1099; x_wconf 90' lang='lat' dir='ltr'><strong>illos</strong></span> <span class='ocrx_word' id='word_1_64' title='bbox 1315 1043 1410 1114; x_wconf 89' lang='lat' dir='ltr'><strong>qui</strong></span> <span class='ocrx_word' id='word_1_65' title='bbox 1442 1052 1574 1097; x_wconf 89' lang='lat' dir='ltr'><strong>tunc</strong></span> <span class='ocrx_word' id='word_1_66' title='bbox 1600 1042 1876 1104; x_wconf 83' lang='lat' dir='ltr'><strong>vivebant.</strong></span> <span class='ocrx_word' id='word_1_67' title='bbox 1933 1039 2029 1094; x_wconf 88' lang='lat' dir='ltr'><strong>Dei</strong></span> 
     </span>
    </p>
   </div>
   <div class='ocr_carea' id='block_1_12' title="bbox 453 1130 2031 1208">
    <p class='ocr_par' dir='ltr' id='par_1_12' title="bbox 453 1130 2031 1208">
     <span class='ocr_line' id='line_1_12' title="bbox 453 1130 2031 1208; baseline -0.008 -13"><span class='ocrx_word' id='word_1_68' title='bbox 453 1140 694 1196; x_wconf 87' lang='lat' dir='ltr'><strong>nominis</strong></span> <span class='ocrx_word' id='word_1_69' title='bbox 731 1138 1143 1208; x_wconf 70' lang='lat' dir='ltr'><strong>appellatione;</strong></span> <span class='ocrx_word' id='word_1_70' title='bbox 1180 1151 1211 1189; x_wconf 89' lang='lat' dir='ltr'><strong>a</strong></span> <span class='ocrx_word' id='word_1_71' title='bbox 1236 1149 1347 1204; x_wconf 85' lang='lat' dir='ltr'><strong>quo</strong></span> <span class='ocrx_word' id='word_1_72' title='bbox 1400 1131 1601 1207; x_wconf 87' lang='lat' dir='ltr'><strong>posteri</strong></span> <span class='ocrx_word' id='word_1_73' title='bbox 1646 1146 1838 1186; x_wconf 91' lang='lat' dir='ltr'><strong>omnes</strong></span> <span class='ocrx_word' id='word_1_74' title='bbox 1870 1130 1944 1184; x_wconf 91' lang='lat' dir='ltr'><strong>dii</strong></span> <span class='ocrx_word' id='word_1_75' title='bbox 1978 1137 2031 1183; x_wconf 84' lang='lat' dir='ltr'><strong>ct</strong></span> 
     </span>
    </p>
   </div>
   <div class='ocr_carea' id='block_1_13' title="bbox 450 1220 2032 1290">
    <p class='ocr_par' dir='ltr' id='par_1_13' title="bbox 450 1220 2032 1290">
     <span class='ocr_line' id='line_1_13' title="bbox 450 1220 2032 1290; baseline -0.007 -4"><span class='ocrx_word' id='word_1_76' title='bbox 450 1232 679 1287; x_wconf 85' lang='lat' dir='ltr'><strong>deorum</strong></span> <span class='ocrx_word' id='word_1_77' title='bbox 707 1230 800 1284; x_wconf 93' lang='lat' dir='ltr'><strong>ﬁlii</strong></span> <span class='ocrx_word' id='word_1_78' title='bbox 829 1229 1171 1290; x_wconf 88' lang='lat' dir='ltr'><strong>dicebantur,</strong></span> <span class='ocrx_word' id='word_1_79' title='bbox 1223 1236 1284 1279; x_wconf 81' lang='lat' dir='ltr'><strong>ut</strong></span> <span class='ocrx_word' id='word_1_80' title='bbox 1312 1224 1513 1279; x_wconf 84' lang='lat' dir='ltr'><strong>alicubi</strong></span> <span class='ocrx_word' id='word_1_81' title='bbox 1546 1225 1776 1279; x_wconf 88' lang='lat' dir='ltr'><strong>habetur</strong></span> <span class='ocrx_word' id='word_1_82' title='bbox 1806 1238 1821 1277; x_wconf 90' lang='lat'><strong>:</strong></span> <span class='ocrx_word' id='word_1_83' title='bbox 1883 1241 1902 1275; x_wconf 92' lang='grc' dir='ltr'><strong>ι</strong></span> <span class='ocrx_word' id='word_1_84' title='bbox 1938 1220 2032 1276; x_wconf 72' lang='grc' dir='ltr'><strong>γε-</strong></span> 
     </span>
    </p>
   </div>
   <div class='ocr_carea' id='block_1_14' title="bbox 450 1315 2027 1387">
    <p class='ocr_par' dir='ltr' id='par_1_14' title="bbox 450 1315 2027 1387">
     <span class='ocr_line' id='line_1_14' title="bbox 450 1315 2027 1387; baseline -0.006 -8"><span class='ocrx_word' id='word_1_85' title='bbox 450 1325 641 1379; x_wconf 85' lang='lat' dir='ltr'><strong>dentes</strong></span> <span class='ocrx_word' id='word_1_86' title='bbox 691 1335 872 1377; x_wconf 87' lang='lat' dir='ltr'><strong>autem</strong></span> <span class='ocrx_word' id='word_1_87' title='bbox 934 1320 1026 1375; x_wconf 91' lang='lat' dir='ltr'><strong>ﬁlii</strong></span> <span class='ocrx_word' id='word_1_88' title='bbox 1081 1319 1171 1373; x_wconf 78' lang='lat' dir='ltr'><strong>Dei</strong></span> <span class='ocrx_word' id='word_1_89' title='bbox 1204 1319 1341 1374; x_wconf 85' lang='lat' dir='ltr'><strong>ﬁlias</strong></span> <span class='ocrx_word' id='word_1_90' title='bbox 1372 1316 1683 1381; x_wconf 85' lang='lat' dir='ltr'><strong>hominum,</strong></span> <span class='ocrx_word' id='word_1_91' title='bbox 1715 1316 1862 1387; x_wconf 88' lang='lat' dir='ltr'><strong>quod</strong></span> <span class='ocrx_word' id='word_1_92' title='bbox 1901 1315 2027 1385; x_wconf 90' lang='lat' dir='ltr'><strong>pul-</strong></span> 
     </span>
    </p>
   </div>
   <div class='ocr_carea' id='block_1_15' title="bbox 451 1407 2030 1479">
    <p class='ocr_par' dir='ltr' id='par_1_15' title="bbox 451 1407 2030 1479">
     <span class='ocr_line' id='line_1_15' title="bbox 451 1407 2030 1479; baseline -0.006 -9"><span class='ocrx_word' id='word_1_93' title='bbox 451 1417 599 1470; x_wconf 75' lang='lat' dir='ltr'><strong>chra:</strong></span> <span class='ocrx_word' id='word_1_94' title='bbox 622 1423 824 1476; x_wconf 82' lang='lat' dir='ltr'><strong>essent,</strong></span> <span class='ocrx_word' id='word_1_95' title='bbox 859 1419 1272 1479; x_wconf 84' lang='lat' dir='ltr'><strong>assumpserunt</strong></span> <span class='ocrx_word' id='word_1_96' title='bbox 1303 1423 1503 1462; x_wconf 75' lang='lat' dir='ltr'><strong>uxores</strong></span> <span class='ocrx_word' id='word_1_97' title='bbox 1529 1408 1633 1462; x_wconf 89' lang='lat' dir='ltr'><strong>sibi</strong></span> <span class='ocrx_word' id='word_1_98' title='bbox 1669 1407 1739 1461; x_wconf 91' lang='lat' dir='ltr'><strong>ab</strong></span> <span class='ocrx_word' id='word_1_99' title='bbox 1770 1407 2030 1462; x_wconf 91' lang='lat' dir='ltr'><strong>omnibus</strong></span> 
     </span>
    </p>
   </div>
   <div class='ocr_carea' id='block_1_16' title="bbox 450 1496 2025 1573">
    <p class='ocr_par' dir='ltr' id='par_1_16' title="bbox 450 1496 2025 1573">
     <span class='ocr_line' id='line_1_16' title="bbox 450 1496 2025 1573; baseline -0.004 -17"><span class='ocrx_word' id='word_1_100' title='bbox 450 1517 589 1573; x_wconf 90' lang='lat' dir='ltr'><strong>quas</strong></span> <span class='ocrx_word' id='word_1_101' title='bbox 615 1502 960 1569; x_wconf 75' lang='lat' dir='ltr'><strong>elegerant’.</strong></span> <span class='ocrx_word' id='word_1_102' title='bbox 1004 1519 1021 1552; x_wconf 82' lang='grc' dir='ltr'><strong>ι</strong></span> <span class='ocrx_word' id='word_1_103' title='bbox 1071 1498 1237 1553; x_wconf 88' lang='lat' dir='ltr'><strong>Filios</strong></span> <span class='ocrx_word' id='word_1_104' title='bbox 1298 1496 1390 1551; x_wconf 95' lang='lat' dir='ltr'><strong>Dei</strong></span> <span class='ocrx_word' id='word_1_105' title='bbox 1439 1512 1536 1553; x_wconf 88' lang='lat' dir='ltr'><strong>eos</strong></span> <span class='ocrx_word' id='word_1_106' title='bbox 1585 1497 1794 1553; x_wconf 88' lang='lat' dir='ltr'><strong>scilicet</strong></span> <span class='ocrx_word' id='word_1_107' title='bbox 1850 1505 2025 1563; x_wconf 82' lang='lat' dir='ltr'><strong>vocat,</strong></span> 
     </span>
    </p>
   </div>
   <div class='ocr_carea' id='block_1_17' title="bbox 451 1589 2026 1665">
    <p class='ocr_par' dir='ltr' id='par_1_17' title="bbox 451 1589 2026 1665">
     <span class='ocr_line' id='line_1_17' title="bbox 451 1589 2026 1665; baseline -0.003 -18"><span class='ocrx_word' id='word_1_108' title='bbox 451 1595 545 1665; x_wconf 91' lang='lat' dir='ltr'><strong>qui</strong></span> <span class='ocrx_word' id='word_1_109' title='bbox 594 1594 662 1647; x_wconf 92' lang='lat' dir='ltr'><strong>de</strong></span> <span class='ocrx_word' id='word_1_110' title='bbox 715 1592 861 1649; x_wconf 87' lang='lat' dir='ltr'><strong>Enos</strong></span> <span class='ocrx_word' id='word_1_111' title='bbox 905 1594 1382 1663; x_wconf 84' lang='lat' dir='ltr'><strong>propagabantur;</strong></span> <span class='ocrx_word' id='word_1_112' title='bbox 1432 1591 1525 1660; x_wconf 85' lang='lat' dir='ltr'><strong>qui</strong></span> <span class='ocrx_word' id='word_1_113' title='bbox 1584 1606 1681 1660; x_wconf 89' lang='lat' dir='ltr'><strong>per</strong></span> <span class='ocrx_word' id='word_1_114' title='bbox 1729 1589 2026 1644; x_wconf 84' lang='lat' dir='ltr'><strong>coitionem</strong></span> 
     </span>
    </p>
   </div>
   <div class='ocr_carea' id='block_1_18' title="bbox 449 1683 2026 1757">
    <p class='ocr_par' dir='ltr' id='par_1_18' title="bbox 449 1683 2026 1757">
     <span class='ocr_line' id='line_1_18' title="bbox 449 1683 2026 1757; baseline -0.002 -17"><span class='ocrx_word' id='word_1_115' title='bbox 449 1703 575 1740; x_wconf 91' lang='lat' dir='ltr'><strong>cum</strong></span> <span class='ocrx_word' id='word_1_116' title='bbox 636 1687 872 1756; x_wconf 81' lang='lat' dir='ltr'><strong>posteris</strong></span> <span class='ocrx_word' id='word_1_117' title='bbox 920 1686 1051 1740; x_wconf 77' lang='lat' dir='ltr'><strong>Cain</strong></span> <span class='ocrx_word' id='word_1_118' title='bbox 1121 1702 1293 1757; x_wconf 87' lang='lat' dir='ltr'><strong>genus</strong></span> <span class='ocrx_word' id='word_1_119' title='bbox 1339 1683 1741 1750; x_wconf 86' lang='lat' dir='ltr'><strong>adulterabant,</strong></span> <span class='ocrx_word' id='word_1_120' title='bbox 1799 1691 1855 1738; x_wconf 92' lang='lat' dir='ltr'><strong>et</strong></span> <span class='ocrx_word' id='word_1_121' title='bbox 1900 1699 2026 1738; x_wconf 91' lang='lat' dir='ltr'><strong>cum</strong></span> 
     </span>
    </p>
   </div>
   <div class='ocr_carea' id='block_1_19' title="bbox 451 1775 2027 1849">
    <p class='ocr_par' dir='ltr' id='par_1_19' title="bbox 451 1775 2027 1849">
     <span class='ocr_line' id='line_1_19' title="bbox 451 1775 2027 1849; baseline -0.003 -16"><span class='ocrx_word' id='word_1_122' title='bbox 451 1779 562 1834; x_wconf 91' lang='lat' dir='ltr'><strong>illis</strong></span> <span class='ocrx_word' id='word_1_123' title='bbox 622 1780 674 1833; x_wconf 94' lang='lat' dir='ltr'><strong>in</strong></span> <span class='ocrx_word' id='word_1_124' title='bbox 739 1779 1071 1849; x_wconf 86' lang='lat' dir='ltr'><strong>impietatem</strong></span> <span class='ocrx_word' id='word_1_125' title='bbox 1145 1788 1200 1831; x_wconf 84' lang='lat' dir='ltr'><strong>ct</strong></span> <span class='ocrx_word' id='word_1_126' title='bbox 1244 1776 1651 1846; x_wconf 85' lang='lat' dir='ltr'><strong>improbitatem</strong></span> <span class='ocrx_word' id='word_1_127' title='bbox 1698 1775 2027 1829; x_wconf 87' lang='lat' dir='ltr'><strong>commisce-</strong></span> 
     </span>
    </p>
   </div>
   <div class='ocr_carea' id='block_1_20' title="bbox 2134 578 3725 650">
    <p class='ocr_par' dir='ltr' id='par_1_20' title="bbox 2134 578 3725 650">
     <span class='ocr_line' id='line_1_20' title="bbox 2134 578 3725 650; baseline 0.002 -19"><span class='ocrx_word' id='word_1_128' title='bbox 2134 578 2287 645; x_wconf 77' lang='grc' dir='ltr'><strong>Θεὸς,</strong></span> <span class='ocrx_word' id='word_1_129' title='bbox 2314 579 2374 632; x_wconf 90' lang='grc' dir='ltr'><strong>οὑ</strong></span> <span class='ocrx_word' id='word_1_130' title='bbox 2407 579 2569 649; x_wconf 89' lang='grc' dir='ltr'><strong>μόνον</strong></span> <span class='ocrx_word' id='word_1_131' title='bbox 2596 582 2628 650; x_wconf 88' lang='grc' dir='ltr'><strong>ή</strong></span> <span class='ocrx_word' id='word_1_132' title='bbox 2662 580 2885 633; x_wconf 80' lang='grc' dir='ltr'><strong>πάντων</strong></span> <span class='ocrx_word' id='word_1_133' title='bbox 2940 579 3277 644; x_wconf 73' lang='grc' dir='ltr'><strong>δεσπόζουσα</strong></span> <span class='ocrx_word' id='word_1_134' title='bbox 3332 583 3425 635; x_wconf 69' lang='grc' dir='ltr'><strong>καὶ</strong></span> <span class='ocrx_word' id='word_1_135' title='bbox 3450 580 3686 647; x_wconf 80' lang='grc' dir='ltr'><strong>γατεξου</strong></span> <span class='ocrx_word' id='word_1_136' title='bbox 3706 610 3725 621; x_wconf 88' lang='grc'><strong><em>-</em></strong></span> 
     </span>
    </p>
   </div>
   <div class='ocr_carea' id='block_1_21' title="bbox 2135 669 3713 741">
    <p class='ocr_par' dir='ltr' id='par_1_21' title="bbox 2135 669 3713 741">
     <span class='ocr_line' id='line_1_21' title="bbox 2135 669 3713 741; baseline 0.001 -19"><span class='ocrx_word' id='word_1_137' title='bbox 2135 669 2395 733; x_wconf 73' lang='grc' dir='ltr'><strong>σιάζουσα</strong></span> <span class='ocrx_word' id='word_1_138' title='bbox 2460 671 2643 740; x_wconf 84' lang='grc' dir='ltr'><strong>φύσις,</strong></span> <span class='ocrx_word' id='word_1_139' title='bbox 2696 670 2830 725; x_wconf 65' lang='grc' dir='ltr'><strong>ἀλλὰ</strong></span> <span class='ocrx_word' id='word_1_140' title='bbox 2879 674 2975 725; x_wconf 76' lang='grc' dir='ltr'><strong>καὶ</strong></span> <span class='ocrx_word' id='word_1_141' title='bbox 3027 672 3153 733; x_wconf 78' lang='grc' dir='ltr'><strong>τοὺς</strong></span> <span class='ocrx_word' id='word_1_142' title='bbox 3191 671 3513 741; x_wconf 67' lang='grc' dir='ltr'><strong>ἀνθρεῦπους</strong></span> <span class='ocrx_word' id='word_1_143' title='bbox 3547 672 3713 726; x_wconf 74' lang='grc' dir='ltr'><strong>ἔστιν</strong></span> 
     </span>
    </p>
   </div>
   <div class='ocr_carea' id='block_1_22' title="bbox 2137 760 3723 830">
    <p class='ocr_par' dir='ltr' id='par_1_22' title="bbox 2137 760 3723 830">
     <span class='ocr_line' id='line_1_22' title="bbox 2137 760 3723 830; baseline -0.001 -17"><span class='ocrx_word' id='word_1_144' title='bbox 2137 762 2265 814; x_wconf 84' lang='grc' dir='ltr'><strong>ίδεῖν</strong></span> <span class='ocrx_word' id='word_1_145' title='bbox 2293 760 2496 830; x_wconf 80' lang='grc' dir='ltr'><strong>ταύτης</strong></span> <span class='ocrx_word' id='word_1_146' title='bbox 2541 760 2879 830; x_wconf 72' lang='grc' dir='ltr'><strong>ἠξιωμένους</strong></span> <span class='ocrx_word' id='word_1_147' title='bbox 2922 760 3025 829; x_wconf 80' lang='grc' dir='ltr'><strong>τῆς</strong></span> <span class='ocrx_word' id='word_1_148' title='bbox 3056 760 3372 829; x_wconf 85' lang='grc' dir='ltr'><strong>ὀνομασίας.</strong></span> <span class='ocrx_word' id='word_1_149' title='bbox 3408 761 3629 830; x_wconf 83' lang='grc' dir='ltr'><strong>Πρῶτος</strong></span> <span class='ocrx_word' id='word_1_150' title='bbox 3660 760 3723 813; x_wconf 73' lang='grc' dir='ltr'><strong>δὲ</strong></span> 
     </span>
    </p>
   </div>
   <div class='ocr_carea' id='block_1_23' title="bbox 2132 851 3721 922">
    <p class='ocr_par' dir='ltr' id='par_1_23' title="bbox 2132 851 3721 922">
     <span class='ocr_line' id='line_1_23' title="bbox 2132 851 3721 922; baseline -0.002 -17"><span class='ocrx_word' id='word_1_151' title='bbox 2132 853 2231 921; x_wconf 81' lang='grc' dir='ltr'><strong>τῆς</strong></span> <span class='ocrx_word' id='word_1_152' title='bbox 2279 852 2527 922; x_wconf 78' lang='grc' dir='ltr'><strong>κλήσεως</strong></span> <span class='ocrx_word' id='word_1_153' title='bbox 2553 852 2812 922; x_wconf 80' lang='grc' dir='ltr'><strong>τυγχάνει</strong></span> <span class='ocrx_word' id='word_1_154' title='bbox 2841 853 2869 903; x_wconf 82' lang='grc' dir='ltr'>ὁ</span> <span class='ocrx_word' id='word_1_155' title='bbox 2890 851 2984 905; x_wconf 88' lang='grc' dir='ltr'><strong>τοῦ</strong></span> <span class='ocrx_word' id='word_1_156' title='bbox 3028 852 3134 921; x_wconf 76' lang='grc' dir='ltr'><strong>Σὴὺ</strong></span> <span class='ocrx_word' id='word_1_157' title='bbox 3164 855 3294 915; x_wconf 81' lang='grc' dir='ltr'><strong>παῖς</strong></span> <span class='ocrx_word' id='word_1_158' title='bbox 3331 852 3499 914; x_wconf 67' lang='grc' dir='ltr'><strong>Ἰείνώς</strong></span> <span class='ocrx_word' id='word_1_159' title='bbox 3552 853 3721 920; x_wconf 73' lang='grc' dir='ltr'><strong>ἀνὴρ,</strong></span> 
     </span>
    </p>
   </div>
   <div class='ocr_carea' id='block_1_24' title="bbox 2131 941 3719 1013">
    <p class='ocr_par' dir='ltr' id='par_1_24' title="bbox 2131 941 3719 1013">
     <span class='ocr_line' id='line_1_24' title="bbox 2131 941 3719 1013; baseline -0.002 -17"><span class='ocrx_word' id='word_1_160' title='bbox 2131 943 2196 996; x_wconf 86' lang='grc' dir='ltr'><strong>δι’</strong></span> <span class='ocrx_word' id='word_1_161' title='bbox 2222 943 2507 996; x_wconf 81' lang='grc' dir='ltr'><strong>εὑσέϐειαν</strong></span> <span class='ocrx_word' id='word_1_162' title='bbox 2540 943 2633 995; x_wconf 78' lang='grc' dir='ltr'><strong>καὶ</strong></span> <span class='ocrx_word' id='word_1_163' title='bbox 2662 942 3009 1012; x_wconf 80' lang='grc' dir='ltr'><strong>χρηστότητα</strong></span> <span class='ocrx_word' id='word_1_164' title='bbox 3037 943 3275 1013; x_wconf 86' lang='grc' dir='ltr'><strong>τρόπων,</strong></span> <span class='ocrx_word' id='word_1_165' title='bbox 3310 942 3415 995; x_wconf 75' lang='grc' dir='ltr'><strong>ὑπὸ</strong></span> <span class='ocrx_word' id='word_1_166' title='bbox 3444 942 3554 994; x_wconf 82' lang='grc' dir='ltr'><strong>τῶν</strong></span> <span class='ocrx_word' id='word_1_167' title='bbox 3591 941 3719 994; x_wconf 87' lang='grc' dir='ltr'><strong>τότε</strong></span> 
     </span>
    </p>
   </div>
   <div class='ocr_carea' id='block_1_25' title="bbox 2132 1028 3719 1105">
    <p class='ocr_par' dir='ltr' id='par_1_25' title="bbox 2132 1028 3719 1105">
     <span class='ocr_line' id='line_1_25' title="bbox 2132 1028 3719 1105; baseline -0.001 -16"><span class='ocrx_word' id='word_1_168' title='bbox 2132 1034 2455 1105; x_wconf 73' lang='grc' dir='ltr'><strong>ἀνθρώπων,</strong></span> <span class='ocrx_word' id='word_1_169' title='bbox 2488 1037 2555 1105; x_wconf 80' lang='grc' dir='ltr'><strong>τῇ</strong></span> <span class='ocrx_word' id='word_1_170' title='bbox 2582 1034 2676 1087; x_wconf 87' lang='grc' dir='ltr'><strong>τοῦ</strong></span> <span class='ocrx_word' id='word_1_171' title='bbox 2706 1033 2853 1087; x_wconf 85' lang='grc' dir='ltr'><strong>θείου</strong></span> <span class='ocrx_word' id='word_1_172' title='bbox 2900 1035 3090 1105; x_wconf 87' lang='grc' dir='ltr'><strong>κλήσει</strong></span> <span class='ocrx_word' id='word_1_173' title='bbox 3129 1035 3499 1105; x_wconf 75' lang='grc' dir='ltr'><strong>τετιμημένος</strong></span> <span class='ocrx_word' id='word_1_174' title='bbox 3527 1051 3539 1064; x_wconf 87' lang='grc'><strong>·</strong></span> <span class='ocrx_word' id='word_1_175' title='bbox 3568 1035 3626 1101; x_wconf 77' lang='grc' dir='ltr'><strong>ἐξ</strong></span> <span class='ocrx_word' id='word_1_176' title='bbox 3651 1028 3719 1088; x_wconf 77' lang='grc' dir='ltr'><strong>οῦ</strong></span> 
     </span>
    </p>
   </div>
   <div class='ocr_carea' id='block_1_26' title="bbox 2132 1124 3723 1194">
    <p class='ocr_par' dir='ltr' id='par_1_26' title="bbox 2132 1124 3723 1194">
     <span class='ocr_line' id='line_1_26' title="bbox 2132 1124 3723 1194; baseline 0 -15"><span class='ocrx_word' id='word_1_177' title='bbox 2132 1127 2313 1180; x_wconf 74' lang='grc' dir='ltr'><strong>καὶτὸ</strong></span> <span class='ocrx_word' id='word_1_178' title='bbox 2344 1126 2501 1194; x_wconf 86' lang='grc' dir='ltr'><strong>γένος</strong></span> <span class='ocrx_word' id='word_1_179' title='bbox 2558 1124 2706 1178; x_wconf 73' lang='grc' dir='ltr'><strong>ἅπαν</strong></span> <span class='ocrx_word' id='word_1_180' title='bbox 2754 1126 2868 1178; x_wconf 84' lang='grc' dir='ltr'><strong>θεοί</strong></span> <span class='ocrx_word' id='word_1_181' title='bbox 2918 1143 2976 1179; x_wconf 86' lang='grc' dir='ltr'><strong>τε</strong></span> <span class='ocrx_word' id='word_1_182' title='bbox 3030 1126 3126 1178; x_wconf 72' lang='grc' dir='ltr'><strong>καὶ</strong></span> <span class='ocrx_word' id='word_1_183' title='bbox 3160 1126 3298 1178; x_wconf 83' lang='grc' dir='ltr'><strong>θεῶν</strong></span> <span class='ocrx_word' id='word_1_184' title='bbox 3338 1127 3528 1187; x_wconf 79' lang='grc' dir='ltr'><strong>παῖδες</strong></span> <span class='ocrx_word' id='word_1_185' title='bbox 3582 1126 3723 1179; x_wconf 82' lang='grc' dir='ltr'><strong>ὠνο-</strong></span> 
     </span>
    </p>
   </div>
   <div class='ocr_carea' id='block_1_27' title="bbox 2135 1216 3717 1288">
    <p class='ocr_par' dir='ltr' id='par_1_27' title="bbox 2135 1216 3717 1288">
     <span class='ocr_line' id='line_1_27' title="bbox 2135 1216 3717 1288; baseline -0.003 -16"><span class='ocrx_word' id='word_1_186' title='bbox 2135 1219 2424 1288; x_wconf 79' lang='grc' dir='ltr'><strong>μάσθησαν</strong></span> <span class='ocrx_word' id='word_1_187' title='bbox 2446 1221 2517 1283; x_wconf 75' lang='grc' dir='ltr'><strong>τ’,</strong></span> <span class='ocrx_word' id='word_1_188' title='bbox 2552 1216 2696 1270; x_wconf 84' lang='grc' dir='ltr'><strong>καθά</strong></span> <span class='ocrx_word' id='word_1_189' title='bbox 2714 1217 2815 1270; x_wconf 80' lang='grc' dir='ltr'><strong>πού</strong></span> <span class='ocrx_word' id='word_1_190' title='bbox 2835 1234 3020 1287; x_wconf 70' lang='grc' dir='ltr'><strong>φησιν,</strong></span> <span class='ocrx_word' id='word_1_191' title='bbox 3041 1237 3059 1269; x_wconf 88' lang='grc' dir='ltr'><strong>ι</strong></span> <span class='ocrx_word' id='word_1_192' title='bbox 3084 1218 3307 1279; x_wconf 80' lang='grc' dir='ltr'><strong>Ἰδόντες</strong></span> <span class='ocrx_word' id='word_1_193' title='bbox 3332 1218 3388 1270; x_wconf 81' lang='grc' dir='ltr'><strong>δὲ</strong></span> <span class='ocrx_word' id='word_1_194' title='bbox 3409 1218 3458 1270; x_wconf 89' lang='lat' dir='ltr'><strong>ol</strong></span> <span class='ocrx_word' id='word_1_195' title='bbox 3486 1218 3591 1269; x_wconf 72' lang='lat' dir='ltr'><strong>utol.</strong></span> <span class='ocrx_word' id='word_1_196' title='bbox 3616 1216 3717 1268; x_wconf 78' lang='grc' dir='ltr'><strong>τοῦ</strong></span> 
     </span>
    </p>
   </div>
   <div class='ocr_carea' id='block_1_28' title="bbox 2131 1308 3719 1382">
    <p class='ocr_par' dir='ltr' id='par_1_28' title="bbox 2131 1308 3719 1382">
     <span class='ocr_line' id='line_1_28' title="bbox 2131 1308 3719 1382; baseline -0.003 -19"><span class='ocrx_word' id='word_1_197' title='bbox 2131 1310 2267 1365; x_wconf 86' lang='grc' dir='ltr'><strong>Θεοῦ</strong></span> <span class='ocrx_word' id='word_1_198' title='bbox 2348 1310 2446 1373; x_wconf 74' lang='grc' dir='ltr'><strong>τὰς</strong></span> <span class='ocrx_word' id='word_1_199' title='bbox 2503 1311 2814 1382; x_wconf 83' lang='grc' dir='ltr'><strong>Θυγατέρας</strong></span> <span class='ocrx_word' id='word_1_200' title='bbox 2866 1311 2974 1363; x_wconf 82' lang='grc' dir='ltr'><strong>τῶν</strong></span> <span class='ocrx_word' id='word_1_201' title='bbox 3042 1308 3371 1381; x_wconf 81' lang='grc' dir='ltr'><strong>ἀνθρώπων,</strong></span> <span class='ocrx_word' id='word_1_202' title='bbox 3422 1310 3503 1362; x_wconf 80' lang='grc' dir='ltr'><strong>ὅτι</strong></span> <span class='ocrx_word' id='word_1_203' title='bbox 3551 1308 3719 1362; x_wconf 76' lang='grc' dir='ltr'><strong>καλαί</strong></span> 
     </span>
    </p>
   </div>
   <div class='ocr_carea' id='block_1_29' title="bbox 2132 1394 3717 1469">
    <p class='ocr_par' dir='ltr' id='par_1_29' title="bbox 2132 1394 3717 1469">
     <span class='ocr_line' id='line_1_29' title="bbox 2132 1394 3717 1469; baseline -0.004 -13"><span class='ocrx_word' id='word_1_204' title='bbox 2132 1404 2305 1465; x_wconf 81' lang='grc' dir='ltr'><strong>εἰσιν,</strong></span> <span class='ocrx_word' id='word_1_205' title='bbox 2352 1402 2545 1455; x_wconf 80' lang='grc' dir='ltr'><strong>ἔλαϐον</strong></span> <span class='ocrx_word' id='word_1_206' title='bbox 2597 1404 2811 1466; x_wconf 78' lang='grc' dir='ltr'><strong>ἑαυτοῖς</strong></span> <span class='ocrx_word' id='word_1_207' title='bbox 2859 1403 3126 1469; x_wconf 85' lang='grc' dir='ltr'><strong>γυναῖκας</strong></span> <span class='ocrx_word' id='word_1_208' title='bbox 3156 1440 3171 1464; x_wconf 95' lang='grc'><strong>,</strong></span> <span class='ocrx_word' id='word_1_209' title='bbox 3222 1400 3333 1453; x_wconf 79' lang='grc' dir='ltr'><strong>ἀπὸ</strong></span> <span class='ocrx_word' id='word_1_210' title='bbox 3392 1399 3582 1452; x_wconf 82' lang='grc' dir='ltr'><strong>πασῶν</strong></span> <span class='ocrx_word' id='word_1_211' title='bbox 3635 1394 3717 1452; x_wconf 81' lang='grc' dir='ltr'><strong>ὦν</strong></span> 
     </span>
    </p>
   </div>
   <div class='ocr_carea' id='block_1_30' title="bbox 2131 1490 3713 1562">
    <p class='ocr_par' dir='ltr' id='par_1_30' title="bbox 2131 1490 3713 1562">
     <span class='ocr_line' id='line_1_30' title="bbox 2131 1490 3713 1562; baseline -0.003 -17"><span class='ocrx_word' id='word_1_212' title='bbox 2131 1490 2460 1556; x_wconf 74' lang='grc' dir='ltr'><strong>ἐξελέξαντο.</strong></span> <span class='ocrx_word' id='word_1_213' title='bbox 2488 1509 2506 1543; x_wconf 80' lang='grc' dir='ltr'><strong>ι</strong></span> <span class='ocrx_word' id='word_1_214' title='bbox 2559 1494 2725 1555; x_wconf 77' lang='grc' dir='ltr'><strong>Υἰοὺς</strong></span> <span class='ocrx_word' id='word_1_215' title='bbox 2776 1492 2884 1562; x_wconf 71' lang='grc' dir='ltr'><strong>γὰρ</strong></span> <span class='ocrx_word' id='word_1_216' title='bbox 2908 1491 3042 1543; x_wconf 89' lang='grc' dir='ltr'><strong>Θεοῦ</strong></span> <span class='ocrx_word' id='word_1_217' title='bbox 3070 1490 3313 1560; x_wconf 81' lang='grc' dir='ltr'><strong>δηλονότι</strong></span> <span class='ocrx_word' id='word_1_218' title='bbox 3347 1490 3476 1551; x_wconf 79' lang='grc' dir='ltr'><strong>τοὺς</strong></span> <span class='ocrx_word' id='word_1_219' title='bbox 3526 1491 3589 1541; x_wconf 80' lang='grc' dir='ltr'><strong>ὲκ</strong></span> <span class='ocrx_word' id='word_1_220' title='bbox 3617 1490 3713 1541; x_wconf 88' lang='grc' dir='ltr'><strong>τοῦ</strong></span> 
     </span>
    </p>
   </div>
   <div class='ocr_carea' id='block_1_31' title="bbox 2145 1579 3711 1651">
    <p class='ocr_par' dir='ltr' id='par_1_31' title="bbox 2145 1579 3711 1651">
     <span class='ocr_line' id='line_1_31' title="bbox 2145 1579 3711 1651; baseline -0.004 -14"><span class='ocrx_word' id='word_1_221' title='bbox 2145 1583 2307 1647; x_wconf 81' lang='grc' dir='ltr'><strong>Ἐνὼς</strong></span> <span class='ocrx_word' id='word_1_222' title='bbox 2338 1584 2552 1651; x_wconf 76' lang='grc' dir='ltr'><strong>φύντας</strong></span> <span class='ocrx_word' id='word_1_223' title='bbox 2596 1583 2872 1636; x_wconf 78' lang='grc' dir='ltr'>ἐκάλεσεν·</span> <span class='ocrx_word' id='word_1_224' title='bbox 2904 1582 2955 1634; x_wconf 84' lang='grc' dir='ltr'><strong>οἳ</strong></span> <span class='ocrx_word' id='word_1_225' title='bbox 2977 1585 3096 1644; x_wconf 86' lang='grc' dir='ltr'><strong>ταῖς</strong></span> <span class='ocrx_word' id='word_1_226' title='bbox 3116 1583 3178 1634; x_wconf 79' lang='grc' dir='ltr'><strong>ἐκ</strong></span> <span class='ocrx_word' id='word_1_227' title='bbox 3201 1579 3294 1634; x_wconf 90' lang='grc' dir='ltr'><strong>τοῦ</strong></span> <span class='ocrx_word' id='word_1_228' title='bbox 3326 1579 3466 1633; x_wconf 81' lang='grc' dir='ltr'><strong>Κάῖν</strong></span> <span class='ocrx_word' id='word_1_229' title='bbox 3490 1579 3711 1649; x_wconf 75' lang='grc' dir='ltr'><strong>ὡμιλη-</strong></span> 
     </span>
    </p>
   </div>
   <div class='ocr_carea' id='block_1_32' title="bbox 2131 1669 3715 1741">
    <p class='ocr_par' dir='ltr' id='par_1_32' title="bbox 2131 1669 3715 1741">
     <span class='ocr_line' id='line_1_32' title="bbox 2131 1669 3715 1741; baseline -0.003 -16"><span class='ocrx_word' id='word_1_230' title='bbox 2131 1674 2306 1736; x_wconf 86' lang='grc' dir='ltr'><strong>κότες,</strong></span> <span class='ocrx_word' id='word_1_231' title='bbox 2358 1675 2418 1728; x_wconf 86' lang='grc' dir='ltr'><strong>τό</strong></span> <span class='ocrx_word' id='word_1_232' title='bbox 2454 1692 2511 1727; x_wconf 85' lang='grc' dir='ltr'><strong>τε</strong></span> <span class='ocrx_word' id='word_1_233' title='bbox 2545 1674 2703 1741; x_wconf 73' lang='grc' dir='ltr'><strong>γένος</strong></span> <span class='ocrx_word' id='word_1_234' title='bbox 2749 1670 3061 1734; x_wconf 82' lang='grc' dir='ltr'><strong>ὲνόθευσαν,</strong></span> <span class='ocrx_word' id='word_1_235' title='bbox 3095 1672 3188 1723; x_wconf 69' lang='grc' dir='ltr'><strong>καὶ</strong></span> <span class='ocrx_word' id='word_1_236' title='bbox 3219 1670 3299 1731; x_wconf 86' lang='grc' dir='ltr'><strong>είς</strong></span> <span class='ocrx_word' id='word_1_237' title='bbox 3329 1669 3584 1721; x_wconf 85' lang='grc' dir='ltr'><strong>ἀσέϐειαν</strong></span> <span class='ocrx_word' id='word_1_238' title='bbox 3618 1670 3715 1721; x_wconf 76' lang='grc' dir='ltr'><strong>καὶ</strong></span> 
     </span>
    </p>
   </div>
   <div class='ocr_carea' id='block_1_33' title="bbox 2131 1758 3714 1831">
    <p class='ocr_par' dir='ltr' id='par_1_33' title="bbox 2131 1758 3714 1831">
     <span class='ocr_line' id='line_1_33' title="bbox 2131 1758 3714 1831; baseline -0.003 -17"><span class='ocrx_word' id='word_1_239' title='bbox 2131 1762 2353 1827; x_wconf 79' lang='grc' dir='ltr'><strong>κακίαν,</strong></span> <span class='ocrx_word' id='word_1_240' title='bbox 2409 1762 2811 1831; x_wconf 84' lang='grc' dir='ltr'><strong>συναλίσοησαν</strong></span> <span class='ocrx_word' id='word_1_241' title='bbox 2830 1768 2876 1814; x_wconf 81' lang='grc'><strong>⁸.</strong></span> <span class='ocrx_word' id='word_1_242' title='bbox 2919 1760 2992 1812; x_wconf 85' lang='grc' dir='ltr'>Τὸ</span> <span class='ocrx_word' id='word_1_243' title='bbox 3044 1760 3155 1829; x_wconf 75' lang='grc' dir='ltr'><strong>γὰρ</strong></span> <span class='ocrx_word' id='word_1_244' title='bbox 3218 1759 3396 1827; x_wconf 76' lang='grc' dir='ltr'><strong>λέγειν</strong></span> <span class='ocrx_word' id='word_1_245' title='bbox 3445 1758 3714 1827; x_wconf 80' lang='grc' dir='ltr'><strong>ἀγγέλους</strong></span> 
     </span>
    </p>
   </div>
   <div class='ocr_carea' id='block_1_34' title="bbox 449 1848 2036 1937">
    <p class='ocr_par' dir='ltr' id='par_1_34' title="bbox 449 1848 2025 1937">
     <span class='ocr_line' id='line_1_34' title="bbox 449 1848 2025 1937; baseline -0.003 -14"><span class='ocrx_word' id='word_1_246' title='bbox 449 1870 671 1923; x_wconf 89' lang='lat' dir='ltr'><strong>bantur.</strong></span> <span class='ocrx_word' id='word_1_247' title='bbox 728 1848 1012 1923; x_wconf 78' lang='lat' dir='ltr'><strong>Allirmare</strong></span> <span class='ocrx_word' id='word_1_248' title='bbox 1066 1868 1211 1923; x_wconf 89' lang='lat' dir='ltr'><strong>enim</strong></span> <span class='ocrx_word' id='word_1_249' title='bbox 1265 1866 1412 1937; x_wconf 89' lang='lat' dir='ltr'><strong>quod</strong></span> <span class='ocrx_word' id='word_1_250' title='bbox 1471 1866 1648 1936; x_wconf 83' lang='lat' dir='ltr'><strong>angeli</strong></span> <span class='ocrx_word' id='word_1_251' title='bbox 1684 1866 2025 1935; x_wconf 81' lang='lat' dir='ltr'><strong>incorporeae</strong></span> 
     </span>
    </p>
   </div>
   <div class='ocr_carea' id='block_1_35' title="bbox 2140 1848 3708 1937">
    <p class='ocr_par' dir='ltr' id='par_1_35' title="bbox 2140 1848 3708 1921">
     <span class='ocr_line' id='line_1_35' title="bbox 2140 1848 3708 1921; baseline -0.001 -20"><span class='ocrx_word' id='word_1_252' title='bbox 2140 1852 2338 1916; x_wconf 79' lang='grc' dir='ltr'><strong>πεσεῖν,</strong></span> <span class='ocrx_word' id='word_1_253' title='bbox 2368 1852 2469 1921; x_wconf 83' lang='grc' dir='ltr'><strong>τὴν</strong></span> <span class='ocrx_word' id='word_1_254' title='bbox 2528 1849 2819 1919; x_wconf 79' lang='grc' dir='ltr'><strong>ἀσώματον</strong></span> <span class='ocrx_word' id='word_1_255' title='bbox 2849 1848 3036 1917; x_wconf 80' lang='grc' dir='ltr'><strong>φύσιν,</strong></span> <span class='ocrx_word' id='word_1_256' title='bbox 3068 1851 3148 1912; x_wconf 87' lang='grc' dir='ltr'><strong>εἰς</strong></span> <span class='ocrx_word' id='word_1_257' title='bbox 3178 1848 3388 1919; x_wconf 77' lang='grc' dir='ltr'><strong>ἔρωτας</strong></span> <span class='ocrx_word' id='word_1_258' title='bbox 3411 1850 3708 1916; x_wconf 76' lang='grc' dir='ltr'><strong>γυναικῶν,</strong></span> 
     </span>
    </p>
   </div>
   <div class='ocr_carea' id='block_1_36' title="bbox 448 1956 2025 2019">
    <p class='ocr_par' dir='ltr' id='par_1_36' title="bbox 448 1956 2025 2019">
     <span class='ocr_line' id='line_1_36' title="bbox 448 1956 2025 2019; baseline -0.003 -6"><span class='ocrx_word' id='word_1_259' title='bbox 448 1960 700 2013; x_wconf 72' lang='lat' dir='ltr'><strong>essentia:</strong></span> <span class='ocrx_word' id='word_1_260' title='bbox 734 1958 787 2011; x_wconf 92' lang='lat' dir='ltr'><strong>in</strong></span> <span class='ocrx_word' id='word_1_261' title='bbox 819 1959 1107 2011; x_wconf 83' lang='lat' dir='ltr'><strong>mulierum</strong></span> <span class='ocrx_word' id='word_1_262' title='bbox 1147 1971 1390 2011; x_wconf 90' lang='lat' dir='ltr'><strong>amorem</strong></span> <span class='ocrx_word' id='word_1_263' title='bbox 1415 1956 1726 2019; x_wconf 88' lang='lat' dir='ltr'><strong>inciderint,</strong></span> <span class='ocrx_word' id='word_1_264' title='bbox 1759 1964 1843 2011; x_wconf 89' lang='lat' dir='ltr'><strong>est</strong></span> <span class='ocrx_word' id='word_1_265' title='bbox 1863 1971 2025 2010; x_wconf 84' lang='lat' dir='ltr'><strong>exor-</strong></span> 
     </span>
    </p>
   </div>
   <div class='ocr_carea' id='block_1_37' title="bbox 451 2048 2027 2117">
    <p class='ocr_par' dir='ltr' id='par_1_37' title="bbox 451 2048 2027 2117">
     <span class='ocr_line' id='line_1_37' title="bbox 451 2048 2027 2117; baseline -0.001 -13"><span class='ocrx_word' id='word_1_266' title='bbox 451 2048 630 2106; x_wconf 89' lang='lat' dir='ltr'><strong>bitare</strong></span> <span class='ocrx_word' id='word_1_267' title='bbox 668 2051 721 2105; x_wconf 94' lang='lat' dir='ltr'><strong>in</strong></span> <span class='ocrx_word' id='word_1_268' title='bbox 752 2050 1034 2106; x_wconf 81' lang='lat' dir='ltr'><strong>labulosas</strong></span> <span class='ocrx_word' id='word_1_269' title='bbox 1074 2049 1339 2117; x_wconf 88' lang='lat' dir='ltr'><strong>quasdam</strong></span> <span class='ocrx_word' id='word_1_270' title='bbox 1391 2049 1775 2117; x_wconf 79' lang='lat' dir='ltr'><strong>cogitationes,</strong></span> <span class='ocrx_word' id='word_1_271' title='bbox 1827 2062 1929 2103; x_wconf 89' lang='lat' dir='ltr'><strong>nec</strong></span> <span class='ocrx_word' id='word_1_272' title='bbox 1958 2049 2027 2104; x_wconf 87' lang='lat' dir='ltr'><strong>ab</strong></span> 
     </span>
    </p>
   </div>
   <div class='ocr_carea' id='block_1_38' title="bbox 451 2140 2028 2214">
    <p class='ocr_par' dir='ltr' id='par_1_38' title="bbox 451 2140 2028 2214">
     <span class='ocr_line' id='line_1_38' title="bbox 451 2140 2028 2214; baseline -0.002 -15"><span class='ocrx_word' id='word_1_273' title='bbox 451 2145 602 2199; x_wconf 89' lang='lat' dir='ltr'><strong>omni</strong></span> <span class='ocrx_word' id='word_1_274' title='bbox 671 2145 947 2214; x_wconf 88' lang='lat' dir='ltr'><strong>impietate</strong></span> <span class='ocrx_word' id='word_1_275' title='bbox 1011 2152 1269 2197; x_wconf 88' lang='lat' dir='ltr'><strong>remotas.</strong></span> <span class='ocrx_word' id='word_1_276' title='bbox 1341 2141 1604 2208; x_wconf 81' lang='lat' dir='ltr'><strong>Quocirca</strong></span> <span class='ocrx_word' id='word_1_277' title='bbox 1674 2140 1887 2196; x_wconf 90' lang='lat' dir='ltr'><strong>deducti</strong></span> <span class='ocrx_word' id='word_1_278' title='bbox 1960 2141 2028 2196; x_wconf 90' lang='lat' dir='ltr'><strong>ab</strong></span> 
     </span>
    </p>
   </div>
   <div class='ocr_carea' id='block_1_39' title="bbox 452 2232 2029 2306">
    <p class='ocr_par' dir='ltr' id='par_1_39' title="bbox 452 2232 2029 2306">
     <span class='ocr_line' id='line_1_39' title="bbox 452 2232 2029 2306; baseline -0.004 -13"><span class='ocrx_word' id='word_1_279' title='bbox 452 2236 622 2293; x_wconf 85' lang='lat' dir='ltr'><strong>Enosi</strong></span> <span class='ocrx_word' id='word_1_280' title='bbox 664 2250 889 2306; x_wconf 77' lang='lat' dir='ltr'><strong>genere,</strong></span> <span class='ocrx_word' id='word_1_281' title='bbox 941 2245 995 2287; x_wconf 84' lang='lat' dir='ltr'><strong>et</strong></span> <span class='ocrx_word' id='word_1_282' title='bbox 1045 2234 1133 2287; x_wconf 85' lang='lat' dir='ltr'><strong>alii</strong></span> <span class='ocrx_word' id='word_1_283' title='bbox 1176 2232 1424 2301; x_wconf 85' lang='lat' dir='ltr'><strong>quilibet,</strong></span> <span class='ocrx_word' id='word_1_284' title='bbox 1479 2233 1571 2301; x_wconf 89' lang='lat' dir='ltr'><strong>qui</strong></span> <span class='ocrx_word' id='word_1_285' title='bbox 1606 2240 1667 2286; x_wconf 87' lang='lat' dir='ltr'><strong>ut</strong></span> <span class='ocrx_word' id='word_1_286' title='bbox 1699 2233 1944 2287; x_wconf 87' lang='lat' dir='ltr'><strong>moribus</strong></span> <span class='ocrx_word' id='word_1_287' title='bbox 1974 2242 2029 2286; x_wconf 89' lang='lat' dir='ltr'><strong>et</strong></span> 
     </span>
    </p>
   </div>
   <div class='ocr_carea' id='block_1_40' title="bbox 453 2323 2032 2395">
    <p class='ocr_par' dir='ltr' id='par_1_40' title="bbox 453 2323 2032 2395">
     <span class='ocr_line' id='line_1_40' title="bbox 453 2323 2032 2395; baseline -0.003 -13"><span class='ocrx_word' id='word_1_288' title='bbox 453 2327 872 2382; x_wconf 84' lang='lat' dir='ltr'><strong>conversatione</strong></span> <span class='ocrx_word' id='word_1_289' title='bbox 920 2326 1029 2380; x_wconf 86' lang='lat' dir='ltr'><strong>Deo</strong></span> <span class='ocrx_word' id='word_1_290' title='bbox 1080 2326 1305 2395; x_wconf 87' lang='lat' dir='ltr'><strong>propius</strong></span> <span class='ocrx_word' id='word_1_291' title='bbox 1350 2323 1703 2385; x_wconf 90' lang='lat' dir='ltr'><strong>accederent,</strong></span> <span class='ocrx_word' id='word_1_292' title='bbox 1762 2323 2032 2378; x_wconf 90' lang='lat' dir='ltr'><strong>dederunt</strong></span> 
     </span>
    </p>
   </div>
   <div class='ocr_carea' id='block_1_41' title="bbox 450 2418 2029 2491">
    <p class='ocr_par' dir='ltr' id='par_1_41' title="bbox 450 2418 2029 2491">
     <span class='ocr_line' id='line_1_41' title="bbox 450 2418 2029 2491; baseline -0.001 -18"><span class='ocrx_word' id='word_1_293' title='bbox 450 2435 671 2491; x_wconf 80' lang='lat' dir='ltr'><strong>operam</strong></span> <span class='ocrx_word' id='word_1_294' title='bbox 714 2438 726 2478; x_wconf 84' lang='lat'><strong>:</strong></span> <span class='ocrx_word' id='word_1_295' title='bbox 758 2420 886 2488; x_wconf 89' lang='lat' dir='ltr'><strong>quin</strong></span> <span class='ocrx_word' id='word_1_296' title='bbox 921 2419 1146 2473; x_wconf 91' lang='lat' dir='ltr'><strong>ulterius</strong></span> <span class='ocrx_word' id='word_1_297' title='bbox 1191 2430 1240 2473; x_wconf 90' lang='lat' dir='ltr'><strong>et</strong></span> <span class='ocrx_word' id='word_1_298' title='bbox 1275 2423 1609 2489; x_wconf 84' lang='lat' dir='ltr'><strong>quicumque</strong></span> <span class='ocrx_word' id='word_1_299' title='bbox 1665 2419 1730 2473; x_wconf 89' lang='lat' dir='ltr'><strong>ad</strong></span> <span class='ocrx_word' id='word_1_300' title='bbox 1763 2418 2029 2473; x_wconf 88' lang='lat' dir='ltr'><strong>honorem</strong></span> 
     </span>
    </p>
   </div>
   <div class='ocr_carea' id='block_1_42' title="bbox 448 2511 2032 2584">
    <p class='ocr_par' dir='ltr' id='par_1_42' title="bbox 448 2511 2032 2584">
     <span class='ocr_line' id='line_1_42' title="bbox 448 2511 2032 2584; baseline 0.001 -21"><span class='ocrx_word' id='word_1_301' title='bbox 448 2513 728 2584; x_wconf 86' lang='lat' dir='ltr'><strong>justorum</strong></span> <span class='ocrx_word' id='word_1_302' title='bbox 766 2512 1036 2582; x_wconf 77' lang='lat' dir='ltr'><strong>iudicum,</strong></span> <span class='ocrx_word' id='word_1_303' title='bbox 1088 2520 1185 2566; x_wconf 89' lang='lat' dir='ltr'><strong>aut</strong></span> <span class='ocrx_word' id='word_1_304' title='bbox 1231 2513 1540 2582; x_wconf 90' lang='lat' dir='ltr'><strong>principum</strong></span> <span class='ocrx_word' id='word_1_305' title='bbox 1577 2512 1896 2580; x_wconf 77' lang='lat' dir='ltr'><strong>dignitatem</strong></span> <span class='ocrx_word' id='word_1_306' title='bbox 1930 2511 2032 2565; x_wconf 85' lang='lat' dir='ltr'><strong>ad-</strong></span> 
     </span>
    </p>
   </div>
   <div class='ocr_carea' id='block_1_43' title="bbox 453 2600 2031 2670">
    <p class='ocr_par' dir='ltr' id='par_1_43' title="bbox 453 2600 2031 2670">
     <span class='ocr_line' id='line_1_43' title="bbox 453 2600 2031 2670; baseline 0.001 -17"><span class='ocrx_word' id='word_1_307' title='bbox 453 2601 831 2665; x_wconf 86' lang='lat' dir='ltr'><strong>mittebantur,</strong></span> <span class='ocrx_word' id='word_1_308' title='bbox 857 2601 933 2653; x_wconf 90' lang='lat' dir='ltr'><strong>illi</strong></span> <span class='ocrx_word' id='word_1_309' title='bbox 962 2616 1154 2655; x_wconf 81' lang='lat' dir='ltr'><strong>omncs</strong></span> <span class='ocrx_word' id='word_1_310' title='bbox 1191 2600 1281 2654; x_wconf 85' lang='lat' dir='ltr'><strong>Dei</strong></span> <span class='ocrx_word' id='word_1_311' title='bbox 1310 2602 1527 2656; x_wconf 90' lang='lat' dir='ltr'><strong>titulum</strong></span> <span class='ocrx_word' id='word_1_312' title='bbox 1561 2602 2031 2670; x_wconf 84' lang='lat' dir='ltr'><strong>assequebantur:</strong></span> 
     </span>
    </p>
   </div>
   <div class='ocr_carea' id='block_1_44' title="bbox 459 2690 2036 2761">
    <p class='ocr_par' dir='ltr' id='par_1_44' title="bbox 459 2690 2036 2761">
     <span class='ocr_line' id='line_1_44' title="bbox 459 2690 2036 2761; baseline 0.001 -16"><span class='ocrx_word' id='word_1_313' title='bbox 459 2709 479 2745; x_wconf 87' lang='grc' dir='ltr'><strong>ι</strong></span> <span class='ocrx_word' id='word_1_314' title='bbox 515 2692 655 2745; x_wconf 84' lang='lat' dir='ltr'><strong>Deus</strong></span> <span class='ocrx_word' id='word_1_315' title='bbox 702 2690 925 2746; x_wconf 88' lang='lat' dir='ltr'><strong>deorum</strong></span> <span class='ocrx_word' id='word_1_316' title='bbox 951 2730 965 2754; x_wconf 91' lang='lat'><strong>,</strong></span> <span class='ocrx_word' id='word_1_317' title='bbox 1000 2692 1206 2761; x_wconf 89' lang='lat' dir='ltr'><strong>inquit,</strong></span> <span class='ocrx_word' id='word_1_318' title='bbox 1259 2693 1476 2748; x_wconf 87' lang='lat' dir='ltr'><strong>locutus</strong></span> <span class='ocrx_word' id='word_1_319' title='bbox 1508 2702 1632 2749; x_wconf 90' lang='lat' dir='ltr'><strong>est:</strong></span> <span class='ocrx_word' id='word_1_320' title='bbox 1668 2713 1687 2745; x_wconf 78' lang='grc' dir='ltr'><strong>ι</strong></span> <span class='ocrx_word' id='word_1_321' title='bbox 1742 2702 1832 2758; x_wconf 91' lang='lat' dir='ltr'><strong>et,</strong></span> <span class='ocrx_word' id='word_1_322' title='bbox 1869 2710 1889 2744; x_wconf 93' lang='grc' dir='ltr'><strong>ι</strong></span> <span class='ocrx_word' id='word_1_323' title='bbox 1925 2692 2036 2761; x_wconf 82' lang='lat' dir='ltr'><strong>Ego</strong></span> 
     </span>
    </p>
   </div>
   <div class='ocr_carea' id='block_1_45' title="bbox 454 2776 2030 2847">
    <p class='ocr_par' dir='ltr' id='par_1_45' title="bbox 454 2776 2030 2847">
     <span class='ocr_line' id='line_1_45' title="bbox 454 2776 2030 2847; baseline 0.002 -17"><span class='ocrx_word' id='word_1_324' title='bbox 454 2776 567 2831; x_wconf 77' lang='lat' dir='ltr'><strong>dixi</strong></span> <span class='ocrx_word' id='word_1_325' title='bbox 598 2778 740 2847; x_wconf 91' lang='lat' dir='ltr'><strong>quod</strong></span> <span class='ocrx_word' id='word_1_326' title='bbox 766 2779 839 2831; x_wconf 92' lang='lat' dir='ltr'><strong>dii</strong></span> <span class='ocrx_word' id='word_1_327' title='bbox 875 2779 1026 2842; x_wconf 85' lang='lat' dir='ltr'><strong>estis,</strong></span> <span class='ocrx_word' id='word_1_328' title='bbox 1077 2788 1132 2832; x_wconf 93' lang='lat' dir='ltr'><strong>et</strong></span> <span class='ocrx_word' id='word_1_329' title='bbox 1176 2779 1269 2832; x_wconf 94' lang='lat' dir='ltr'><strong>ﬁlii</strong></span> <span class='ocrx_word' id='word_1_330' title='bbox 1320 2780 1586 2835; x_wconf 81' lang='lat' dir='ltr'><strong>Altissimi</strong></span> <span class='ocrx_word' id='word_1_331' title='bbox 1626 2796 1860 2836; x_wconf 89' lang='lat' dir='ltr'><strong>omnes:</strong></span> <span class='ocrx_word' id='word_1_332' title='bbox 1898 2799 1919 2835; x_wconf 79' lang='grc' dir='ltr'><strong>ι</strong></span> <span class='ocrx_word' id='word_1_333' title='bbox 1953 2788 2030 2844; x_wconf 89' lang='lat' dir='ltr'><strong>et,</strong></span> 
     </span>
    </p>
   </div>
   <div class='ocr_carea' id='block_1_46' title="bbox 462 2867 2039 2940">
    <p class='ocr_par' dir='ltr' id='par_1_46' title="bbox 462 2867 2039 2940">
     <span class='ocr_line' id='line_1_46' title="bbox 462 2867 2039 2940; baseline 0.004 -18"><span class='ocrx_word' id='word_1_334' title='bbox 462 2867 638 2922; x_wconf 74' lang='lat' dir='ltr'><strong>(Deus</strong></span> <span class='ocrx_word' id='word_1_335' title='bbox 658 2869 807 2923; x_wconf 86' lang='lat' dir='ltr'><strong>stetit</strong></span> <span class='ocrx_word' id='word_1_336' title='bbox 833 2869 886 2923; x_wconf 91' lang='lat' dir='ltr'><strong>in</strong></span> <span class='ocrx_word' id='word_1_337' title='bbox 917 2870 1336 2940; x_wconf 80' lang='lat' dir='ltr'><strong>congregatione</strong></span> <span class='ocrx_word' id='word_1_338' title='bbox 1354 2872 1603 2939; x_wconf 89' lang='lat' dir='ltr'><strong>deorum;</strong></span> <span class='ocrx_word' id='word_1_339' title='bbox 1618 2891 1636 2924; x_wconf 82' lang='grc' dir='ltr'><strong>ι</strong></span> <span class='ocrx_word' id='word_1_340' title='bbox 1660 2881 1764 2935; x_wconf 74' lang='lat' dir='ltr'><strong>et,t</strong></span> <span class='ocrx_word' id='word_1_341' title='bbox 1789 2874 1847 2926; x_wconf 89' lang='lat' dir='ltr'><strong>In</strong></span> <span class='ocrx_word' id='word_1_342' title='bbox 1862 2872 2039 2928; x_wconf 87' lang='lat' dir='ltr'><strong>medio</strong></span> 
     </span>
    </p>
   </div>
   <div class='ocr_carea' id='block_1_47' title="bbox 456 2959 2039 3030">
    <p class='ocr_par' dir='ltr' id='par_1_47' title="bbox 456 2959 2039 3030">
     <span class='ocr_line' id='line_1_47' title="bbox 456 2959 2039 3030; baseline 0.003 -16"><span class='ocrx_word' id='word_1_343' title='bbox 456 2959 599 3014; x_wconf 85' lang='lat' dir='ltr'><strong>Inter</strong></span> <span class='ocrx_word' id='word_1_344' title='bbox 626 2959 758 3013; x_wconf 91' lang='lat' dir='ltr'><strong>deos</strong></span> <span class='ocrx_word' id='word_1_345' title='bbox 777 2959 1133 3030; x_wconf 80' lang='lat' dir='ltr'><strong>discrptabit&#39;</strong></span> <span class='ocrx_word' id='word_1_346' title='bbox 1163 2978 1176 3015; x_wconf 89' lang='lat'><strong>:</strong></span> <span class='ocrx_word' id='word_1_347' title='bbox 1208 2979 1226 3013; x_wconf 80' lang='grc' dir='ltr'><strong>ι</strong></span> <span class='ocrx_word' id='word_1_348' title='bbox 1259 2970 1330 3027; x_wconf 91' lang='lat' dir='ltr'><strong>et,</strong></span> <span class='ocrx_word' id='word_1_349' title='bbox 1364 2980 1382 3013; x_wconf 87' lang='grc' dir='ltr'><strong>ι</strong></span> <span class='ocrx_word' id='word_1_350' title='bbox 1416 2961 1529 3017; x_wconf 89' lang='lat' dir='ltr'><strong>Diis</strong></span> <span class='ocrx_word' id='word_1_351' title='bbox 1560 2979 1666 3018; x_wconf 89' lang='lat' dir='ltr'><strong>non</strong></span> <span class='ocrx_word' id='word_1_352' title='bbox 1702 2962 1995 3019; x_wconf 84' lang='lat' dir='ltr'><strong>maledices</strong></span> <span class='ocrx_word' id='word_1_353' title='bbox 2021 3002 2039 3027; x_wconf 84' lang='lat'><strong>,</strong></span> 
     </span>
    </p>
   </div>
   <div class='ocr_carea' id='block_1_48' title="bbox 456 3050 2040 3122">
    <p class='ocr_par' dir='ltr' id='par_1_48' title="bbox 456 3050 2040 3122">
     <span class='ocr_line' id='line_1_48' title="bbox 456 3050 2040 3122; baseline 0.002 -18"><span class='ocrx_word' id='word_1_354' title='bbox 456 3066 557 3104; x_wconf 90' lang='lat' dir='ltr'><strong>nec</strong></span> <span class='ocrx_word' id='word_1_355' title='bbox 594 3050 660 3103; x_wconf 90' lang='lat' dir='ltr'><strong>de</strong></span> <span class='ocrx_word' id='word_1_356' title='bbox 698 3050 943 3121; x_wconf 86' lang='lat' dir='ltr'><strong>principe</strong></span> <span class='ocrx_word' id='word_1_357' title='bbox 993 3051 1175 3120; x_wconf 90' lang='lat' dir='ltr'><strong>populi</strong></span> <span class='ocrx_word' id='word_1_358' title='bbox 1206 3050 1280 3103; x_wconf 88' lang='lat' dir='ltr'><strong>tui</strong></span> <span class='ocrx_word' id='word_1_359' title='bbox 1326 3051 1569 3122; x_wconf 91' lang='lat' dir='ltr'><strong>improbe</strong></span> <span class='ocrx_word' id='word_1_360' title='bbox 1597 3052 1836 3120; x_wconf 84' lang='lat' dir='ltr'><strong>loqueris</strong></span> <span class='ocrx_word' id='word_1_361' title='bbox 1869 3052 1911 3106; x_wconf 89' lang='grc'><strong>³.</strong></span> <span class='ocrx_word' id='word_1_362' title='bbox 1950 3072 1968 3105; x_wconf 79' lang='grc' dir='ltr'><strong>ι</strong></span> <span class='ocrx_word' id='word_1_363' title='bbox 1998 3052 2040 3107; x_wconf 85' lang='grc' dir='ltr'><strong>Ε</strong></span> 
     </span>
    </p>
   </div>
   <div class='ocr_carea' id='block_1_49' title="bbox 456 3141 2041 3214">
    <p class='ocr_par' dir='ltr' id='par_1_49' title="bbox 456 3141 2041 3214">
     <span class='ocr_line' id='line_1_49' title="bbox 456 3141 2041 3214; baseline 0.003 -19"><span class='ocrx_word' id='word_1_364' title='bbox 456 3142 657 3210; x_wconf 86' lang='lat' dir='ltr'><strong>quibus</strong></span> <span class='ocrx_word' id='word_1_365' title='bbox 716 3141 879 3196; x_wconf 84' lang='lat' dir='ltr'><strong>dietis</strong></span> <span class='ocrx_word' id='word_1_366' title='bbox 909 3153 1155 3212; x_wconf 87' lang='lat' dir='ltr'><strong>apparet,</strong></span> <span class='ocrx_word' id='word_1_367' title='bbox 1184 3144 1328 3214; x_wconf 87' lang='lat' dir='ltr'><strong>quod</strong></span> <span class='ocrx_word' id='word_1_368' title='bbox 1360 3144 1492 3199; x_wconf 87' lang='lat' dir='ltr'><strong>deos</strong></span> <span class='ocrx_word' id='word_1_369' title='bbox 1547 3146 1727 3199; x_wconf 78' lang='lat' dir='ltr'><strong>divina</strong></span> <span class='ocrx_word' id='word_1_370' title='bbox 1758 3144 2041 3214; x_wconf 87' lang='lat' dir='ltr'><strong>Scriptura</strong></span> 
     </span>
    </p>
   </div>
   <div class='ocr_carea' id='block_1_50' title="bbox 457 3234 1935 3305">
    <p class='ocr_par' dir='ltr' id='par_1_50' title="bbox 457 3234 1935 3305">
     <span class='ocr_line' id='line_1_50' title="bbox 457 3234 1935 3305; baseline 0.003 -20"><span class='ocrx_word' id='word_1_371' title='bbox 457 3234 676 3287; x_wconf 57' lang='lat' dir='ltr'><strong>Virtutis</strong></span> <span class='ocrx_word' id='word_1_372' title='bbox 738 3245 985 3289; x_wconf 85' lang='lat' dir='ltr'><strong>amantes</strong></span> <span class='ocrx_word' id='word_1_373' title='bbox 1036 3244 1088 3289; x_wconf 90' lang='lat' dir='ltr'><strong>et</strong></span> <span class='ocrx_word' id='word_1_374' title='bbox 1116 3234 1347 3305; x_wconf 67' lang='lat' dir='ltr'><strong>justitiaa</strong></span> <span class='ocrx_word' id='word_1_375' title='bbox 1376 3236 1728 3292; x_wconf 85' lang='lat' dir='ltr'><strong>administros</strong></span> <span class='ocrx_word' id='word_1_376' title='bbox 1758 3246 1935 3292; x_wconf 71' lang='lat' dir='ltr'><strong>vocat.</strong></span> 
     </span>
    </p>
   </div>
   <div class='ocr_carea' id='block_1_51' title="bbox 528 3325 2037 3397">
    <p class='ocr_par' dir='ltr' id='par_1_51' title="bbox 528 3325 2037 3397">
     <span class='ocr_line' id='line_1_51' title="bbox 528 3325 2037 3397; baseline 0.003 -18"><span class='ocrx_word' id='word_1_377' title='bbox 528 3328 582 3381; x_wconf 72' lang='grc' dir='ltr'><strong>ὃ.</strong></span> <span class='ocrx_word' id='word_1_378' title='bbox 621 3325 717 3381; x_wconf 84' lang='lat' dir='ltr'><strong>Est</strong></span> <span class='ocrx_word' id='word_1_379' title='bbox 764 3336 819 3383; x_wconf 89' lang='lat' dir='ltr'><strong>et</strong></span> <span class='ocrx_word' id='word_1_380' title='bbox 858 3328 1080 3382; x_wconf 91' lang='lat' dir='ltr'><strong>tertium</strong></span> <span class='ocrx_word' id='word_1_381' title='bbox 1128 3327 1196 3382; x_wconf 87' lang='lat' dir='ltr'><strong>ad</strong></span> <span class='ocrx_word' id='word_1_382' title='bbox 1258 3329 1372 3383; x_wconf 68' lang='lat' dir='ltr'><strong>bmc</strong></span> <span class='ocrx_word' id='word_1_383' title='bbox 1420 3330 1811 3397; x_wconf 83' lang='lat' dir='ltr'><strong>signiﬁcatum,</strong></span> <span class='ocrx_word' id='word_1_384' title='bbox 1873 3330 2037 3384; x_wconf 87' lang='lat' dir='ltr'><strong>modo</strong></span> 
     </span>
    </p>
   </div>
   <div class='ocr_carea' id='block_1_52' title="bbox 456 3421 2038 3493">
    <p class='ocr_par' dir='ltr' id='par_1_52' title="bbox 456 3421 2038 3493">
     <span class='ocr_line' id='line_1_52' title="bbox 456 3421 2038 3493; baseline 0.002 -19"><span class='ocrx_word' id='word_1_385' title='bbox 456 3421 694 3489; x_wconf 88' lang='lat' dir='ltr'><strong>quodam</strong></span> <span class='ocrx_word' id='word_1_386' title='bbox 713 3437 837 3475; x_wconf 90' lang='lat' dir='ltr'><strong>cum</strong></span> <span class='ocrx_word' id='word_1_387' title='bbox 865 3424 1109 3475; x_wconf 86' lang='lat' dir='ltr'><strong>secundo</strong></span> <span class='ocrx_word' id='word_1_388' title='bbox 1135 3423 1516 3491; x_wconf 90' lang='lat' dir='ltr'><strong>conjunctum,</strong></span> <span class='ocrx_word' id='word_1_389' title='bbox 1546 3431 1600 3477; x_wconf 89' lang='lat' dir='ltr'><strong>et</strong></span> <span class='ocrx_word' id='word_1_390' title='bbox 1629 3422 2038 3493; x_wconf 85' lang='lat' dir='ltr'><strong>quodammodo</strong></span> 
     </span>
    </p>
   </div>
   <div class='ocr_carea' id='block_1_53' title="bbox 459 3512 2041 3582">
    <p class='ocr_par' dir='ltr' id='par_1_53' title="bbox 459 3512 2041 3582">
     <span class='ocr_line' id='line_1_53' title="bbox 459 3512 2041 3582; baseline 0.002 -17"><span class='ocrx_word' id='word_1_391' title='bbox 459 3512 627 3572; x_wconf 83' lang='lat' dir='ltr'><strong>latins</strong></span> <span class='ocrx_word' id='word_1_392' title='bbox 696 3520 1027 3581; x_wconf 81' lang='lat' dir='ltr'><strong>separatum,</strong></span> <span class='ocrx_word' id='word_1_393' title='bbox 1089 3512 1242 3581; x_wconf 78' lang='lat' dir='ltr'><strong>juxta</strong></span> <span class='ocrx_word' id='word_1_394' title='bbox 1347 3514 1496 3582; x_wconf 90' lang='lat' dir='ltr'><strong>quod</strong></span> <span class='ocrx_word' id='word_1_395' title='bbox 1574 3512 1755 3568; x_wconf 87' lang='lat' dir='ltr'><strong>Moses</strong></span> <span class='ocrx_word' id='word_1_396' title='bbox 1838 3514 2041 3568; x_wconf 91' lang='lat' dir='ltr'><strong>dicitur</strong></span> 
     </span>
    </p>
   </div>
   <div class='ocr_carea' id='block_1_54' title="bbox 467 3598 2039 3669">
    <p class='ocr_par' dir='ltr' id='par_1_54' title="bbox 467 3598 2039 3669">
     <span class='ocr_line' id='line_1_54' title="bbox 467 3598 2039 3669; baseline 0.004 -18"><span class='ocrx_word' id='word_1_397' title='bbox 467 3619 486 3651; x_wconf 90' lang='grc' dir='ltr'><strong>ι</strong></span> <span class='ocrx_word' id='word_1_398' title='bbox 532 3600 834 3654; x_wconf 83' lang='lat' dir='ltr'><strong>Pharaonis</strong></span> <span class='ocrx_word' id='word_1_399' title='bbox 872 3598 1013 3653; x_wconf 83' lang='lat' dir='ltr'><strong>Deus</strong></span> <span class='ocrx_word' id='word_1_400' title='bbox 1041 3599 1064 3630; x_wconf 72' lang='grc'><strong>⁸</strong></span> <span class='ocrx_word' id='word_1_401' title='bbox 1093 3618 1107 3653; x_wconf 83' lang='grc' dir='ltr'><strong>ι</strong></span> <span class='ocrx_word' id='word_1_402' title='bbox 1141 3619 1160 3651; x_wconf 86' lang='grc' dir='ltr'><strong>ι</strong></span> <span class='ocrx_word' id='word_1_403' title='bbox 1204 3606 1298 3669; x_wconf 88' lang='lat' dir='ltr'><strong>qui</strong></span> <span class='ocrx_word' id='word_1_404' title='bbox 1330 3601 1546 3656; x_wconf 88' lang='lat' dir='ltr'><strong>dicendi</strong></span> <span class='ocrx_word' id='word_1_405' title='bbox 1584 3603 1779 3656; x_wconf 88' lang='lat' dir='ltr'><strong>modus</strong></span> <span class='ocrx_word' id='word_1_406' title='bbox 1811 3603 1879 3658; x_wconf 87' lang='lat' dir='ltr'><strong>ab</strong></span> <span class='ocrx_word' id='word_1_407' title='bbox 1907 3618 2039 3658; x_wconf 83' lang='lat' dir='ltr'><strong>ana-</strong></span> 
     </span>
    </p>
   </div>
   <div class='ocr_carea' id='block_1_55' title="bbox 462 3688 2044 3761">
    <p class='ocr_par' dir='ltr' id='par_1_55' title="bbox 462 3688 2044 3761">
     <span class='ocr_line' id='line_1_55' title="bbox 462 3688 2044 3761; baseline 0.003 -21"><span class='ocrx_word' id='word_1_408' title='bbox 462 3688 600 3755; x_wconf 85' lang='lat' dir='ltr'><strong>logia</strong></span> <span class='ocrx_word' id='word_1_409' title='bbox 636 3688 883 3757; x_wconf 84' lang='lat' dir='ltr'><strong>procedit</strong></span> <span class='ocrx_word' id='word_1_410' title='bbox 917 3707 930 3742; x_wconf 92' lang='lat'><strong>:</strong></span> <span class='ocrx_word' id='word_1_411' title='bbox 978 3704 1102 3742; x_wconf 90' lang='lat' dir='ltr'><strong>nam</strong></span> <span class='ocrx_word' id='word_1_412' title='bbox 1136 3698 1195 3741; x_wconf 91' lang='grc' dir='ltr'><strong>ιιι</strong></span> <span class='ocrx_word' id='word_1_413' title='bbox 1224 3688 1365 3743; x_wconf 92' lang='lat' dir='ltr'><strong>Dens</strong></span> <span class='ocrx_word' id='word_1_414' title='bbox 1395 3690 1533 3744; x_wconf 80' lang='lat' dir='ltr'><strong>dixit</strong></span> <span class='ocrx_word' id='word_1_415' title='bbox 1563 3689 1694 3745; x_wconf 86' lang='lat' dir='ltr'><strong>Mosi</strong></span> <span class='ocrx_word' id='word_1_416' title='bbox 1729 3707 1743 3743; x_wconf 92' lang='lat'><strong>:</strong></span> <span class='ocrx_word' id='word_1_417' title='bbox 1776 3708 1795 3741; x_wconf 88' lang='grc' dir='ltr'><strong>ι</strong></span> <span class='ocrx_word' id='word_1_418' title='bbox 1830 3690 2044 3761; x_wconf 89' lang='lat' dir='ltr'><strong>Projice</strong></span> 
     </span>
    </p>
   </div>
   <div class='ocr_carea' id='block_1_56' title="bbox 464 3777 2041 3851">
    <p class='ocr_par' dir='ltr' id='par_1_56' title="bbox 464 3777 2041 3851">
     <span class='ocr_line' id='line_1_56' title="bbox 464 3777 2041 3851; baseline 0.006 -22"><span class='ocrx_word' id='word_1_419' title='bbox 464 3777 697 3846; x_wconf 73' lang='lat' dir='ltr'><strong>virgam,</strong></span> <span class='ocrx_word' id='word_1_420' title='bbox 735 3778 790 3831; x_wconf 95' lang='lat' dir='ltr'><strong>in</strong></span> <span class='ocrx_word' id='word_1_421' title='bbox 817 3779 1291 3835; x_wconf 87' lang='lat' dir='ltr'><strong>conﬁrmationem</strong></span> <span class='ocrx_word' id='word_1_422' title='bbox 1321 3796 1510 3835; x_wconf 90' lang='lat' dir='ltr'><strong>eorum</strong></span> <span class='ocrx_word' id='word_1_423' title='bbox 1542 3797 1667 3851; x_wconf 66' lang='lat' dir='ltr'><strong>qua:</strong></span> <span class='ocrx_word' id='word_1_424' title='bbox 1693 3783 2041 3838; x_wconf 85' lang='lat' dir='ltr'><strong>mandaban-</strong></span> 
     </span>
    </p>
   </div>
   <div class='ocr_carea' id='block_1_57' title="bbox 465 3868 2042 3943">
    <p class='ocr_par' dir='ltr' id='par_1_57' title="bbox 465 3868 2042 3943">
     <span class='ocr_line' id='line_1_57' title="bbox 465 3868 2042 3943; baseline 0.003 -22"><span class='ocrx_word' id='word_1_425' title='bbox 465 3877 590 3933; x_wconf 88' lang='lat' dir='ltr'><strong>tur;</strong></span> <span class='ocrx_word' id='word_1_426' title='bbox 618 3886 635 3919; x_wconf 87' lang='grc' dir='ltr'><strong>ι</strong></span> <span class='ocrx_word' id='word_1_427' title='bbox 667 3868 746 3923; x_wconf 92' lang='lat' dir='ltr'><strong>sic</strong></span> <span class='ocrx_word' id='word_1_428' title='bbox 774 3870 975 3924; x_wconf 86' lang='lat' dir='ltr'><strong>Aaroni</strong></span> <span class='ocrx_word' id='word_1_429' title='bbox 1005 3871 1186 3927; x_wconf 84' lang='lat' dir='ltr'><strong>Moses</strong></span> <span class='ocrx_word' id='word_1_430' title='bbox 1215 3870 1503 3941; x_wconf 87' lang='lat' dir='ltr'><strong>imperavit</strong></span> <span class='ocrx_word' id='word_1_431' title='bbox 1528 3872 1793 3941; x_wconf 87' lang='lat' dir='ltr'><strong>projicere</strong></span> <span class='ocrx_word' id='word_1_432' title='bbox 1812 3872 2042 3943; x_wconf 85' lang='lat' dir='ltr'><strong>virgam,</strong></span> 
     </span>
    </p>
   </div>
   <div class='ocr_carea' id='block_1_58' title="bbox 467 3961 2045 4033">
    <p class='ocr_par' dir='ltr' id='par_1_58' title="bbox 467 3961 2045 4033">
     <span class='ocr_line' id='line_1_58' title="bbox 467 3961 2045 4033; baseline 0.004 -22"><span class='ocrx_word' id='word_1_433' title='bbox 467 3969 525 4013; x_wconf 92' lang='lat' dir='ltr'><strong>ut</strong></span> <span class='ocrx_word' id='word_1_434' title='bbox 553 3961 1010 4016; x_wconf 87' lang='lat' dir='ltr'><strong>conﬁrmarentur</strong></span> <span class='ocrx_word' id='word_1_435' title='bbox 1044 3978 1164 4033; x_wconf 64' lang='lat' dir='ltr'><strong>quae</strong></span> <span class='ocrx_word' id='word_1_436' title='bbox 1214 3964 1453 4019; x_wconf 89' lang='lat' dir='ltr'><strong>minatus</strong></span> <span class='ocrx_word' id='word_1_437' title='bbox 1508 3963 1689 4018; x_wconf 82' lang='lat' dir='ltr'><strong>fuerat</strong></span> <span class='ocrx_word' id='word_1_438' title='bbox 1719 3979 1733 4017; x_wconf 92' lang='lat'><strong>:</strong></span> <span class='ocrx_word' id='word_1_439' title='bbox 1785 3972 1840 4019; x_wconf 89' lang='lat' dir='ltr'><strong>et</strong></span> <span class='ocrx_word' id='word_1_440' title='bbox 1866 3963 2045 4018; x_wconf 85' lang='lat' dir='ltr'><strong>Moses</strong></span> 
     </span>
    </p>
   </div>
   <div class='ocr_carea' id='block_1_59' title="bbox 464 4051 2044 4125">
    <p class='ocr_par' dir='ltr' id='par_1_59' title="bbox 464 4051 2044 4125">
     <span class='ocr_line' id='line_1_59' title="bbox 464 4051 2044 4125; baseline 0.003 -21"><span class='ocrx_word' id='word_1_441' title='bbox 464 4051 667 4106; x_wconf 70' lang='lat' dir='ltr'><strong>divinis</strong></span> <span class='ocrx_word' id='word_1_442' title='bbox 700 4053 989 4123; x_wconf 84' lang='lat' dir='ltr'><strong>pr:eceptis</strong></span> <span class='ocrx_word' id='word_1_443' title='bbox 1015 4054 1277 4123; x_wconf 88' lang='lat' dir='ltr'><strong>parebat;</strong></span> <span class='ocrx_word' id='word_1_444' title='bbox 1314 4053 1496 4108; x_wconf 83' lang='lat' dir='ltr'><strong>Aaron</strong></span> <span class='ocrx_word' id='word_1_445' title='bbox 1529 4054 1803 4111; x_wconf 89' lang='lat' dir='ltr'><strong>Mosaicas</strong></span> <span class='ocrx_word' id='word_1_446' title='bbox 1834 4056 2044 4125; x_wconf 65' lang='lat' dir='ltr'><strong>jnssio-</strong></span> 
     </span>
    </p>
   </div>
   <div class='ocr_carea' id='block_1_60' title="bbox 467 4144 2045 4217">
    <p class='ocr_par' dir='ltr' id='par_1_60' title="bbox 467 4144 2045 4217">
     <span class='ocr_line' id='line_1_60' title="bbox 467 4144 2045 4217; baseline 0.004 -21"><span class='ocrx_word' id='word_1_447' title='bbox 467 4160 561 4197; x_wconf 86' lang='lat' dir='ltr'><strong>nes</strong></span> <span class='ocrx_word' id='word_1_448' title='bbox 627 4145 954 4214; x_wconf 80' lang='lat' dir='ltr'><strong>adiinplebat</strong></span> <span class='ocrx_word' id='word_1_449' title='bbox 1011 4161 1201 4200; x_wconf 84' lang='lat' dir='ltr'><strong>versus</strong></span> <span class='ocrx_word' id='word_1_450' title='bbox 1270 4144 1655 4211; x_wconf 83' lang='lat' dir='ltr'><strong>Pharaonem,</strong></span> <span class='ocrx_word' id='word_1_451' title='bbox 1725 4147 2045 4217; x_wconf 82' lang='lat' dir='ltr'><strong>ﬁagellando</strong></span> 
     </span>
    </p>
   </div>
   <div class='ocr_carea' id='block_1_61' title="bbox 465 4238 2042 4313">
    <p class='ocr_par' dir='ltr' id='par_1_61' title="bbox 465 4238 2042 4313">
     <span class='ocr_line' id='line_1_61' title="bbox 465 4238 2042 4313; baseline 0.004 -23"><span class='ocrx_word' id='word_1_452' title='bbox 465 4252 659 4309; x_wconf 86' lang='lat' dir='ltr'><strong>nempe</strong></span> <span class='ocrx_word' id='word_1_453' title='bbox 696 4238 1011 4309; x_wconf 57' lang='lat' dir='ltr'><strong>Aigyptum,</strong></span> <span class='ocrx_word' id='word_1_454' title='bbox 1055 4248 1109 4293; x_wconf 93' lang='lat' dir='ltr'><strong>et</strong></span> <span class='ocrx_word' id='word_1_455' title='bbox 1137 4241 1417 4311; x_wconf 74' lang='lat' dir='ltr'><strong>proobetzn</strong></span> <span class='ocrx_word' id='word_1_456' title='bbox 1462 4253 1642 4310; x_wconf 86' lang='lat' dir='ltr'><strong>partes</strong></span> <span class='ocrx_word' id='word_1_457' title='bbox 1671 4257 1799 4313; x_wconf 86' lang='lat' dir='ltr'><strong>erga</strong></span> <span class='ocrx_word' id='word_1_458' title='bbox 1833 4241 2042 4305; x_wconf 85' lang='lat' dir='ltr'><strong>Mosen,</strong></span> 
     </span>
    </p>
   </div>
   <div class='ocr_carea' id='block_1_62' title="bbox 467 4332 2045 4403">
    <p class='ocr_par' dir='ltr' id='par_1_62' title="bbox 467 4332 2045 4403">
     <span class='ocr_line' id='line_1_62' title="bbox 467 4332 2045 4403; baseline 0.003 -20"><span class='ocrx_word' id='word_1_459' title='bbox 467 4332 926 4397; x_wconf 77' lang='lat' dir='ltr'><strong>quemadmodum</strong></span> <span class='ocrx_word' id='word_1_460' title='bbox 1010 4333 1103 4387; x_wconf 86' lang='lat' dir='ltr'><strong>ille</strong></span> <span class='ocrx_word' id='word_1_461' title='bbox 1166 4350 1292 4403; x_wconf 81' lang='lat' dir='ltr'><strong>ergi</strong></span> <span class='ocrx_word' id='word_1_462' title='bbox 1366 4337 1554 4389; x_wconf 88' lang='lat' dir='ltr'><strong>Deum.</strong></span> <span class='ocrx_word' id='word_1_463' title='bbox 1602 4334 1875 4398; x_wconf 85' lang='lat' dir='ltr'><strong>Quocirca</strong></span> <span class='ocrx_word' id='word_1_464' title='bbox 1936 4349 2045 4387; x_wconf 90' lang='lat' dir='ltr'><strong>non</strong></span> 
     </span>
    </p>
   </div>
   <div class='ocr_carea' id='block_1_63' title="bbox 467 4422 2044 4488">
    <p class='ocr_par' dir='ltr' id='par_1_63' title="bbox 467 4422 2044 4488">
     <span class='ocr_line' id='line_1_63' title="bbox 467 4422 2044 4488; baseline 0.003 -13"><span class='ocrx_word' id='word_1_465' title='bbox 467 4422 716 4476; x_wconf 87' lang='lat' dir='ltr'><strong>absolute</strong></span> <span class='ocrx_word' id='word_1_466' title='bbox 747 4422 884 4475; x_wconf 82' lang='lat' dir='ltr'><strong>Deus</strong></span> <span class='ocrx_word' id='word_1_467' title='bbox 910 4424 1110 4479; x_wconf 88' lang='lat' dir='ltr'><strong>dicitur</strong></span> <span class='ocrx_word' id='word_1_468' title='bbox 1162 4423 1361 4488; x_wconf 84' lang='lat' dir='ltr'><strong>Moses,</strong></span> <span class='ocrx_word' id='word_1_469' title='bbox 1415 4426 1508 4479; x_wconf 89' lang='lat' dir='ltr'><strong>sed</strong></span> <span class='ocrx_word' id='word_1_470' title='bbox 1550 4424 1850 4481; x_wconf 74' lang='lat' dir='ltr'><strong>Pharaonis</strong></span> <span class='ocrx_word' id='word_1_471' title='bbox 1886 4426 2044 4480; x_wconf 80' lang='lat' dir='ltr'><strong>Dem.</strong></span> 
     </span>
    </p>
   </div>
   <div class='ocr_carea' id='block_1_64' title="bbox 468 4510 2035 4586">
    <p class='ocr_par' dir='ltr' id='par_1_64' title="bbox 468 4510 2035 4586">
     <span class='ocr_line' id='line_1_64' title="bbox 468 4510 2035 4586; baseline 0.002 -19"><span class='ocrx_word' id='word_1_472' title='bbox 468 4510 664 4567; x_wconf 79' lang='lat' dir='ltr'><strong>Omnia</strong></span> <span class='ocrx_word' id='word_1_473' title='bbox 710 4515 856 4569; x_wconf 89' lang='lat' dir='ltr'><strong>enim</strong></span> <span class='ocrx_word' id='word_1_474' title='bbox 912 4514 1041 4569; x_wconf 82' lang='lat' dir='ltr'><strong>fecit</strong></span> <span class='ocrx_word' id='word_1_475' title='bbox 1081 4516 1133 4570; x_wconf 94' lang='lat' dir='ltr'><strong>in</strong></span> <span class='ocrx_word' id='word_1_476' title='bbox 1177 4533 1302 4571; x_wconf 90' lang='lat' dir='ltr'><strong>eum</strong></span> <span class='ocrx_word' id='word_1_477' title='bbox 1357 4529 1615 4586; x_wconf 80' lang='lat' dir='ltr'><strong>tanquam</strong></span> <span class='ocrx_word' id='word_1_478' title='bbox 1664 4520 1731 4572; x_wconf 88' lang='lat' dir='ltr'><strong>de</strong></span> <span class='ocrx_word' id='word_1_479' title='bbox 1783 4520 2035 4579; x_wconf 83' lang='lat' dir='ltr'><strong>absoluta</strong></span> 
     </span>
    </p>
   </div>
   <div class='ocr_carea' id='block_1_65' title="bbox 2128 1939 3712 2011">
    <p class='ocr_par' dir='ltr' id='par_1_65' title="bbox 2128 1939 3712 2011">
     <span class='ocr_line' id='line_1_65' title="bbox 2128 1939 3712 2011; baseline -0.001 -18"><span class='ocrx_word' id='word_1_480' title='bbox 2128 1943 2404 1997; x_wconf 77' lang='grc' dir='ltr'><strong>πεσόντων</strong></span> <span class='ocrx_word' id='word_1_481' title='bbox 2434 1944 2605 2006; x_wconf 71' lang='grc' dir='ltr'><strong>ἐστὶν,</strong></span> <span class='ocrx_word' id='word_1_482' title='bbox 2638 1943 2714 2002; x_wconf 82' lang='grc' dir='ltr'><strong>ὡς</strong></span> <span class='ocrx_word' id='word_1_483' title='bbox 2741 1941 2979 2011; x_wconf 84' lang='grc' dir='ltr'><strong>άληθῶς,</strong></span> <span class='ocrx_word' id='word_1_484' title='bbox 3011 1942 3092 2004; x_wconf 79' lang='grc' dir='ltr'><strong>είς</strong></span> <span class='ocrx_word' id='word_1_485' title='bbox 3150 1939 3415 2011; x_wconf 77' lang='grc' dir='ltr'><strong>μυθώδεις</strong></span> <span class='ocrx_word' id='word_1_486' title='bbox 3473 1941 3567 1993; x_wconf 73' lang='grc' dir='ltr'><strong>καὶ</strong></span> <span class='ocrx_word' id='word_1_487' title='bbox 3590 1940 3712 1992; x_wconf 71' lang='grc' dir='ltr'><strong>οὑδὲ</strong></span> 
     </span>
    </p>
   </div>
   <div class='ocr_carea' id='block_1_66' title="bbox 2128 2031 3709 2104">
    <p class='ocr_par' dir='ltr' id='par_1_66' title="bbox 2128 2031 3709 2104">
     <span class='ocr_line' id='line_1_66' title="bbox 2128 2031 3709 2104; baseline -0.001 -19"><span class='ocrx_word' id='word_1_488' title='bbox 2128 2034 2569 2104; x_wconf 76' lang='grc' dir='ltr'><strong>κεχωρισμένους</strong></span> <span class='ocrx_word' id='word_1_489' title='bbox 2622 2033 2716 2086; x_wconf 83' lang='grc' dir='ltr'><strong>τοῦ</strong></span> <span class='ocrx_word' id='word_1_490' title='bbox 2747 2033 2968 2087; x_wconf 85' lang='grc' dir='ltr'><strong>ἀσεϐεῖν</strong></span> <span class='ocrx_word' id='word_1_491' title='bbox 3031 2031 3344 2100; x_wconf 78' lang='grc' dir='ltr'><strong>λογισμούς.</strong></span> <span class='ocrx_word' id='word_1_492' title='bbox 3383 2032 3471 2097; x_wconf 79' lang='grc' dir='ltr'><strong>Ἐξ</strong></span> <span class='ocrx_word' id='word_1_493' title='bbox 3497 2032 3709 2084; x_wconf 76' lang='grc' dir='ltr'><strong>ἐκείνου</strong></span> 
     </span>
    </p>
   </div>
   <div class='ocr_carea' id='block_1_67' title="bbox 2128 2121 3705 2195">
    <p class='ocr_par' dir='ltr' id='par_1_67' title="bbox 2128 2121 3705 2195">
     <span class='ocr_line' id='line_1_67' title="bbox 2128 2121 3705 2195; baseline -0.003 -18"><span class='ocrx_word' id='word_1_494' title='bbox 2128 2124 2418 2195; x_wconf 78' lang='grc' dir='ltr'><strong>τοιγαροῦν</strong></span> <span class='ocrx_word' id='word_1_495' title='bbox 2455 2127 2550 2179; x_wconf 83' lang='grc' dir='ltr'><strong>τοῦ</strong></span> <span class='ocrx_word' id='word_1_496' title='bbox 2600 2128 2809 2193; x_wconf 78' lang='grc' dir='ltr'><strong>γένους,</strong></span> <span class='ocrx_word' id='word_1_497' title='bbox 2880 2126 2976 2179; x_wconf 78' lang='grc' dir='ltr'><strong>καὶ</strong></span> <span class='ocrx_word' id='word_1_498' title='bbox 3024 2124 3135 2177; x_wconf 82' lang='grc' dir='ltr'><strong>τῶν</strong></span> <span class='ocrx_word' id='word_1_499' title='bbox 3169 2122 3347 2177; x_wconf 80' lang='grc' dir='ltr'><strong>ἄλλων</strong></span> <span class='ocrx_word' id='word_1_500' title='bbox 3380 2121 3705 2189; x_wconf 82' lang='grc' dir='ltr'><strong>ἀνθρώπων,</strong></span> 
     </span>
    </p>
   </div>
   <div class='ocr_carea' id='block_1_68' title="bbox 2129 2216 3711 2289">
    <p class='ocr_par' dir='ltr' id='par_1_68' title="bbox 2129 2216 3711 2289">
     <span class='ocr_line' id='line_1_68' title="bbox 2129 2216 3711 2289; baseline -0.003 -18"><span class='ocrx_word' id='word_1_501' title='bbox 2129 2219 2243 2271; x_wconf 84' lang='grc' dir='ltr'><strong>ὅσοι</strong></span> <span class='ocrx_word' id='word_1_502' title='bbox 2297 2220 2366 2272; x_wconf 84' lang='grc' dir='ltr'><strong>δι’</strong></span> <span class='ocrx_word' id='word_1_503' title='bbox 2439 2219 2761 2289; x_wconf 74' lang='grc' dir='ltr'><strong>ἐπιμελείας</strong></span> <span class='ocrx_word' id='word_1_504' title='bbox 2813 2221 2959 2289; x_wconf 77' lang='grc' dir='ltr'><strong>ἡϐῶν</strong></span> <span class='ocrx_word' id='word_1_505' title='bbox 3021 2216 3099 2287; x_wconf 83' lang='grc' dir='ltr'><strong>τῷ</strong></span> <span class='ocrx_word' id='word_1_506' title='bbox 3152 2216 3270 2285; x_wconf 87' lang='grc' dir='ltr'><strong>Θεῷ</strong></span> <span class='ocrx_word' id='word_1_507' title='bbox 3327 2216 3711 2284; x_wconf 74' lang='grc' dir='ltr'><strong>προσεγγίζειν</strong></span> 
     </span>
    </p>
   </div>
   <div class='ocr_carea' id='block_1_69' title="bbox 2132 2308 3710 2381">
    <p class='ocr_par' dir='ltr' id='par_1_69' title="bbox 2132 2308 3710 2381">
     <span class='ocr_line' id='line_1_69' title="bbox 2132 2308 3710 2381; baseline 0.004 -19"><span class='ocrx_word' id='word_1_508' title='bbox 2132 2311 2509 2381; x_wconf 77' lang='grc' dir='ltr'><strong>ἐμελέτησαν·</strong></span> <span class='ocrx_word' id='word_1_509' title='bbox 2569 2314 2657 2365; x_wconf 72' lang='grc' dir='ltr'><strong>ναὶ</strong></span> <span class='ocrx_word' id='word_1_510' title='bbox 2714 2313 2779 2381; x_wconf 86' lang='grc' dir='ltr'><strong>δὴ</strong></span> <span class='ocrx_word' id='word_1_511' title='bbox 2830 2314 2925 2365; x_wconf 76' lang='grc' dir='ltr'><strong>καὶ</strong></span> <span class='ocrx_word' id='word_1_512' title='bbox 2980 2313 3127 2373; x_wconf 84' lang='grc' dir='ltr'><strong>ὅσοις</strong></span> <span class='ocrx_word' id='word_1_513' title='bbox 3188 2311 3269 2371; x_wconf 84' lang='grc' dir='ltr'><strong>εἰς</strong></span> <span class='ocrx_word' id='word_1_514' title='bbox 3328 2308 3548 2375; x_wconf 65' lang='grc' dir='ltr'><strong>ἀξίωμα</strong></span> <span class='ocrx_word' id='word_1_515' title='bbox 3601 2308 3710 2360; x_wconf 76' lang='grc' dir='ltr'><strong>τῶν</strong></span> 
     </span>
    </p>
   </div>
   <div class='ocr_carea' id='block_1_70' title="bbox 2132 2397 3708 2472">
    <p class='ocr_par' dir='ltr' id='par_1_70' title="bbox 2132 2397 3708 2472">
     <span class='ocr_line' id='line_1_70' title="bbox 2132 2397 3708 2472; baseline -0.003 -18"><span class='ocrx_word' id='word_1_516' title='bbox 2132 2401 2357 2454; x_wconf 77' lang='grc' dir='ltr'><strong>δικαίων</strong></span> <span class='ocrx_word' id='word_1_517' title='bbox 2384 2400 2589 2472; x_wconf 85' lang='grc' dir='ltr'><strong>κριτῶν</strong></span> <span class='ocrx_word' id='word_1_518' title='bbox 2617 2401 2857 2454; x_wconf 80' lang='grc' dir='ltr'><strong>ἀνελθεῖν</strong></span> <span class='ocrx_word' id='word_1_519' title='bbox 2908 2401 3003 2455; x_wconf 81' lang='grc' dir='ltr'><strong>καὶ</strong></span> <span class='ocrx_word' id='word_1_520' title='bbox 3031 2400 3311 2471; x_wconf 80' lang='grc' dir='ltr'><strong>ἀρχόντων</strong></span> <span class='ocrx_word' id='word_1_521' title='bbox 3344 2397 3495 2463; x_wconf 81' lang='grc' dir='ltr'><strong>τάξιν</strong></span> <span class='ocrx_word' id='word_1_522' title='bbox 3523 2397 3708 2465; x_wconf 77' lang='grc' dir='ltr'><strong>ἐξεγέ-</strong></span> 
     </span>
    </p>
   </div>
   <div class='ocr_carea' id='block_1_71' title="bbox 2134 2488 3704 2564">
    <p class='ocr_par' dir='ltr' id='par_1_71' title="bbox 2134 2488 3704 2564">
     <span class='ocr_line' id='line_1_71' title="bbox 2134 2488 3704 2564; baseline -0.003 -18"><span class='ocrx_word' id='word_1_523' title='bbox 2134 2510 2274 2555; x_wconf 85' lang='grc' dir='ltr'><strong>νετο,</strong></span> <span class='ocrx_word' id='word_1_524' title='bbox 2325 2488 2470 2546; x_wconf 77' lang='grc' dir='ltr'><strong>οῦτοι</strong></span> <span class='ocrx_word' id='word_1_525' title='bbox 2506 2494 2709 2554; x_wconf 79' lang='grc' dir='ltr'><strong>πάντες</strong></span> <span class='ocrx_word' id='word_1_526' title='bbox 2766 2494 2866 2564; x_wconf 85' lang='grc' dir='ltr'><strong>τῆς</strong></span> <span class='ocrx_word' id='word_1_527' title='bbox 2896 2493 3047 2553; x_wconf 83' lang='grc' dir='ltr'><strong>θείας</strong></span> <span class='ocrx_word' id='word_1_528' title='bbox 3073 2493 3323 2561; x_wconf 78' lang='grc' dir='ltr'><strong>κλήσεως</strong></span> <span class='ocrx_word' id='word_1_529' title='bbox 3347 2492 3704 2560; x_wconf 69' lang='grc' dir='ltr'><strong>τετυχήκασν</strong></span> 
     </span>
    </p>
   </div>
   <div class='ocr_carea' id='block_1_72' title="bbox 2142 2581 3711 2656">
    <p class='ocr_par' dir='ltr' id='par_1_72' title="bbox 2142 2581 3711 2656">
     <span class='ocr_line' id='line_1_72' title="bbox 2142 2581 3711 2656; baseline -0.004 -17"><span class='ocrx_word' id='word_1_530' title='bbox 2142 2606 2161 2639; x_wconf 91' lang='grc' dir='ltr'><strong>ι</strong></span> <span class='ocrx_word' id='word_1_531' title='bbox 2184 2585 2315 2649; x_wconf 72' lang='grc' dir='ltr'><strong>Θεὸς</strong></span> <span class='ocrx_word' id='word_1_532' title='bbox 2340 2584 2467 2656; x_wconf 74' lang='grc' dir='ltr'><strong>γάρ,</strong></span> <span class='ocrx_word' id='word_1_533' title='bbox 2495 2586 2648 2655; x_wconf 66' lang='grc' dir='ltr'><strong>φησι,</strong></span> <span class='ocrx_word' id='word_1_534' title='bbox 2670 2584 2809 2637; x_wconf 82' lang='grc' dir='ltr'><strong>θεῶν</strong></span> <span class='ocrx_word' id='word_1_535' title='bbox 2840 2585 3043 2656; x_wconf 75' lang='grc' dir='ltr'><strong>Κύριος</strong></span> <span class='ocrx_word' id='word_1_536' title='bbox 3075 2584 3323 2653; x_wconf 77' lang='grc' dir='ltr'><strong>ἐλάλησε·</strong></span> <span class='ocrx_word' id='word_1_537' title='bbox 3346 2602 3363 2634; x_wconf 85' lang='grc' dir='ltr'><strong>ι</strong></span> <span class='ocrx_word' id='word_1_538' title='bbox 3392 2583 3505 2645; x_wconf 68' lang='grc' dir='ltr'><strong>καὶ,</strong></span> <span class='ocrx_word' id='word_1_539' title='bbox 3531 2601 3549 2634; x_wconf 91' lang='grc' dir='ltr'><strong>ι</strong></span> <span class='ocrx_word' id='word_1_540' title='bbox 3572 2581 3711 2651; x_wconf 77' lang='grc' dir='ltr'><strong>Ἐγὼ</strong></span> 
     </span>
    </p>
   </div>
   <div class='ocr_carea' id='block_1_73' title="bbox 2136 2674 3711 2746">
    <p class='ocr_par' dir='ltr' id='par_1_73' title="bbox 2136 2674 3711 2746">
     <span class='ocr_line' id='line_1_73' title="bbox 2136 2674 3711 2746; baseline -0.002 -16"><span class='ocrx_word' id='word_1_541' title='bbox 2136 2674 2287 2741; x_wconf 74' lang='grc' dir='ltr'><strong>εἶπα,</strong></span> <span class='ocrx_word' id='word_1_542' title='bbox 2316 2677 2428 2730; x_wconf 81' lang='grc' dir='ltr'><strong>θεοί</strong></span> <span class='ocrx_word' id='word_1_543' title='bbox 2462 2679 2606 2741; x_wconf 82' lang='grc' dir='ltr'><strong>ἐστε,</strong></span> <span class='ocrx_word' id='word_1_544' title='bbox 2642 2676 2736 2729; x_wconf 75' lang='grc' dir='ltr'><strong>καὶ</strong></span> <span class='ocrx_word' id='word_1_545' title='bbox 2770 2678 3146 2746; x_wconf 78' lang='grc' dir='ltr'><strong>υίοὶὙψίστου</strong></span> <span class='ocrx_word' id='word_1_546' title='bbox 3174 2679 3396 2741; x_wconf 83' lang='grc' dir='ltr'><strong>πάντες·</strong></span> <span class='ocrx_word' id='word_1_547' title='bbox 3422 2698 3438 2730; x_wconf 82' lang='grc' dir='ltr'><strong>ι</strong></span> <span class='ocrx_word' id='word_1_548' title='bbox 3470 2679 3584 2740; x_wconf 68' lang='grc' dir='ltr'><strong>καὶ,</strong></span> <span class='ocrx_word' id='word_1_549' title='bbox 3614 2696 3633 2729; x_wconf 85' lang='grc' dir='ltr'><strong>ι</strong></span> <span class='ocrx_word' id='word_1_550' title='bbox 3656 2679 3711 2727; x_wconf 84' lang='grc'><strong>’0</strong></span> 
     </span>
    </p>
   </div>
   <div class='ocr_carea' id='block_1_74' title="bbox 2137 2764 3713 2842">
    <p class='ocr_par' dir='ltr' id='par_1_74' title="bbox 2137 2764 3713 2842">
     <span class='ocr_line' id='line_1_74' title="bbox 2137 2764 3713 2842; baseline -0.001 -18"><span class='ocrx_word' id='word_1_551' title='bbox 2137 2771 2269 2834; x_wconf 83' lang='grc' dir='ltr'><strong>Θεὸς</strong></span> <span class='ocrx_word' id='word_1_552' title='bbox 2290 2764 2417 2841; x_wconf 74' lang='grc' dir='ltr'><strong>ἔστη</strong></span> <span class='ocrx_word' id='word_1_553' title='bbox 2449 2771 2506 2823; x_wconf 77' lang='grc' dir='ltr'><strong>έν</strong></span> <span class='ocrx_word' id='word_1_554' title='bbox 2549 2772 2840 2842; x_wconf 81' lang='grc' dir='ltr'><strong>συναγωγῇ</strong></span> <span class='ocrx_word' id='word_1_555' title='bbox 2889 2770 3028 2823; x_wconf 80' lang='grc' dir='ltr'><strong>Θεῶν</strong></span> <span class='ocrx_word' id='word_1_556' title='bbox 3053 2787 3067 2800; x_wconf 84' lang='lat'><strong><em>°</em></strong></span> <span class='ocrx_word' id='word_1_557' title='bbox 3096 2789 3113 2823; x_wconf 80' lang='grc' dir='ltr'><strong>ι</strong></span> <span class='ocrx_word' id='word_1_558' title='bbox 3146 2772 3260 2838; x_wconf 84' lang='grc' dir='ltr'><strong>καὶ,</strong></span> <span class='ocrx_word' id='word_1_559' title='bbox 3296 2791 3314 2823; x_wconf 92' lang='grc' dir='ltr'><strong>ι</strong></span> <span class='ocrx_word' id='word_1_560' title='bbox 3353 2773 3442 2825; x_wconf 82' lang='grc' dir='ltr'><strong>Ἐν</strong></span> <span class='ocrx_word' id='word_1_561' title='bbox 3479 2772 3627 2841; x_wconf 84' lang='grc' dir='ltr'><strong>μέσῳ</strong></span> <span class='ocrx_word' id='word_1_562' title='bbox 3658 2771 3713 2823; x_wconf 72' lang='grc' dir='ltr'><strong>δὲ</strong></span> 
     </span>
    </p>
   </div>
   <div class='ocr_carea' id='block_1_75' title="bbox 2140 2863 3711 2933">
    <p class='ocr_par' dir='ltr' id='par_1_75' title="bbox 2140 2863 3711 2933">
     <span class='ocr_line' id='line_1_75' title="bbox 2140 2863 3711 2933; baseline -0.001 -16"><span class='ocrx_word' id='word_1_563' title='bbox 2140 2863 2296 2926; x_wconf 79' lang='grc' dir='ltr'><strong>Θεοὺς</strong></span> <span class='ocrx_word' id='word_1_564' title='bbox 2337 2864 2641 2933; x_wconf 74' lang='grc' dir='ltr'><strong>διακρινεῖο</strong></span> <span class='ocrx_word' id='word_1_565' title='bbox 2670 2882 2688 2915; x_wconf 81' lang='grc' dir='ltr'><strong>ι</strong></span> <span class='ocrx_word' id='word_1_566' title='bbox 2759 2864 2877 2930; x_wconf 78' lang='grc' dir='ltr'><strong>καὶ,</strong></span> <span class='ocrx_word' id='word_1_567' title='bbox 2918 2883 2936 2915; x_wconf 88' lang='grc' dir='ltr'><strong>ι</strong></span> <span class='ocrx_word' id='word_1_568' title='bbox 2961 2864 3129 2927; x_wconf 80' lang='grc' dir='ltr'><strong>Θεοὺς</strong></span> <span class='ocrx_word' id='word_1_569' title='bbox 3182 2864 3245 2917; x_wconf 85' lang='grc' dir='ltr'><strong>οὑ</strong></span> <span class='ocrx_word' id='word_1_570' title='bbox 3305 2865 3711 2933; x_wconf 79' lang='grc' dir='ltr'><strong>κακολογήσεις,</strong></span> 
     </span>
    </p>
   </div>
   <div class='ocr_carea' id='block_1_76' title="bbox 2141 2956 3716 3027">
    <p class='ocr_par' dir='ltr' id='par_1_76' title="bbox 2141 2956 3716 3027">
     <span class='ocr_line' id='line_1_76' title="bbox 2141 2956 3716 3027; baseline -0.001 -18"><span class='ocrx_word' id='word_1_571' title='bbox 2141 2956 2233 3009; x_wconf 73' lang='grc' dir='ltr'><strong>καὶ</strong></span> <span class='ocrx_word' id='word_1_572' title='bbox 2264 2956 2502 3026; x_wconf 80' lang='grc' dir='ltr'><strong>ἄρχοντα</strong></span> <span class='ocrx_word' id='word_1_573' title='bbox 2549 2956 2642 3009; x_wconf 87' lang='grc' dir='ltr'><strong>τοῦ</strong></span> <span class='ocrx_word' id='word_1_574' title='bbox 2666 2956 2796 3011; x_wconf 87' lang='grc' dir='ltr'><strong>λαοῦ</strong></span> <span class='ocrx_word' id='word_1_575' title='bbox 2853 2974 2947 3010; x_wconf 90' lang='grc' dir='ltr'><strong>σου</strong></span> <span class='ocrx_word' id='word_1_576' title='bbox 2976 2957 3075 3010; x_wconf 90' lang='grc' dir='ltr'><strong>οὑκ</strong></span> <span class='ocrx_word' id='word_1_577' title='bbox 3114 2958 3261 3027; x_wconf 84' lang='grc' dir='ltr'><strong>ἐρεῖς</strong></span> <span class='ocrx_word' id='word_1_578' title='bbox 3301 2956 3509 3019; x_wconf 80' lang='grc' dir='ltr'><strong>κακῶς.</strong></span> <span class='ocrx_word' id='word_1_579' title='bbox 3547 2958 3716 3027; x_wconf 77' lang='grc' dir='ltr'><strong>Δῆλον</strong></span> 
     </span>
    </p>
   </div>
   <div class='ocr_carea' id='block_1_77' title="bbox 2141 3047 3717 3120">
    <p class='ocr_par' dir='ltr' id='par_1_77' title="bbox 2141 3047 3717 3120">
     <span class='ocr_line' id='line_1_77' title="bbox 2141 3047 3717 3120; baseline -0.001 -19"><span class='ocrx_word' id='word_1_580' title='bbox 2141 3047 2250 3120; x_wconf 82' lang='grc' dir='ltr'><strong>γὰρ</strong></span> <span class='ocrx_word' id='word_1_581' title='bbox 2274 3050 2337 3101; x_wconf 79' lang='grc' dir='ltr'><strong>ἐκ</strong></span> <span class='ocrx_word' id='word_1_582' title='bbox 2376 3047 2486 3101; x_wconf 84' lang='grc' dir='ltr'><strong>τῶν</strong></span> <span class='ocrx_word' id='word_1_583' title='bbox 2529 3048 2858 3120; x_wconf 79' lang='grc' dir='ltr'><strong>είρημένων,</strong></span> <span class='ocrx_word' id='word_1_584' title='bbox 2919 3049 3003 3103; x_wconf 83' lang='grc' dir='ltr'><strong>ὅτι</strong></span> <span class='ocrx_word' id='word_1_585' title='bbox 3054 3048 3212 3112; x_wconf 86' lang='grc' dir='ltr'><strong>θεοὺς</strong></span> <span class='ocrx_word' id='word_1_586' title='bbox 3261 3050 3295 3119; x_wconf 83' lang='grc' dir='ltr'>ἠ</span> <span class='ocrx_word' id='word_1_587' title='bbox 3356 3048 3475 3102; x_wconf 83' lang='grc' dir='ltr'><strong>θεία</strong></span> <span class='ocrx_word' id='word_1_588' title='bbox 3522 3048 3717 3120; x_wconf 81' lang='grc' dir='ltr'><strong>Γραφὴ</strong></span> 
     </span>
    </p>
   </div>
   <div class='ocr_carea' id='block_1_78' title="bbox 2147 3140 3721 3213">
    <p class='ocr_par' dir='ltr' id='par_1_78' title="bbox 2147 3140 3721 3213">
     <span class='ocr_line' id='line_1_78' title="bbox 2147 3140 3721 3213; baseline -0.003 -18"><span class='ocrx_word' id='word_1_589' title='bbox 2147 3142 2275 3203; x_wconf 85' lang='grc' dir='ltr'><strong>τούς</strong></span> <span class='ocrx_word' id='word_1_590' title='bbox 2300 3158 2360 3195; x_wconf 84' lang='grc' dir='ltr'><strong>τε</strong></span> <span class='ocrx_word' id='word_1_591' title='bbox 2386 3144 2486 3212; x_wconf 88' lang='grc' dir='ltr'><strong>τῆς</strong></span> <span class='ocrx_word' id='word_1_592' title='bbox 2512 3142 2714 3213; x_wconf 79' lang='grc' dir='ltr'><strong>ἀρετῆς</strong></span> <span class='ocrx_word' id='word_1_593' title='bbox 2740 3140 2947 3211; x_wconf 81' lang='grc' dir='ltr'><strong>φίλους,</strong></span> <span class='ocrx_word' id='word_1_594' title='bbox 2977 3141 3072 3195; x_wconf 61' lang='grc' dir='ltr'><strong>καὶ⁸</strong></span> <span class='ocrx_word' id='word_1_595' title='bbox 3097 3142 3223 3204; x_wconf 75' lang='grc' dir='ltr'><strong>τοὺς</strong></span> <span class='ocrx_word' id='word_1_596' title='bbox 3253 3140 3351 3211; x_wconf 87' lang='grc' dir='ltr'><strong>τῆς</strong></span> <span class='ocrx_word' id='word_1_597' title='bbox 3381 3140 3537 3209; x_wconf 84' lang='grc' dir='ltr'><strong>δίκης</strong></span> <span class='ocrx_word' id='word_1_598' title='bbox 3562 3140 3721 3193; x_wconf 87' lang='grc' dir='ltr'><strong>καλεῖ</strong></span> 
     </span>
    </p>
   </div>
   <div class='ocr_carea' id='block_1_79' title="bbox 2070 3235 2449 3307">
    <p class='ocr_par' dir='ltr' id='par_1_79' title="bbox 2070 3235 2449 3307">
     <span class='ocr_line' id='line_1_79' title="bbox 2070 3235 2449 3307; baseline 0 -16"><span class='ocrx_word' id='word_1_599' title='bbox 2070 3235 2113 3291; x_wconf 87' lang='lat' dir='ltr'><strong><em>C</em></strong></span> <span class='ocrx_word' id='word_1_600' title='bbox 2148 3236 2449 3307; x_wconf 81' lang='grc' dir='ltr'><strong>ὑπηρέτας.</strong></span> 
     </span>
    </p>
   </div>
   <div class='ocr_carea' id='block_1_80' title="bbox 2209 3325 3725 3397">
    <p class='ocr_par' dir='ltr' id='par_1_80' title="bbox 2209 3325 3725 3397">
     <span class='ocr_line' id='line_1_80' title="bbox 2209 3325 3725 3397; baseline -0.006 -11"><span class='ocrx_word' id='word_1_601' title='bbox 2209 3334 2279 3397; x_wconf 87' lang='grc' dir='ltr'><strong>γ’.</strong></span> <span class='ocrx_word' id='word_1_602' title='bbox 2308 3330 2465 3381; x_wconf 84' lang='grc' dir='ltr'><strong>Ἐστι</strong></span> <span class='ocrx_word' id='word_1_603' title='bbox 2497 3328 2553 3381; x_wconf 79' lang='grc' dir='ltr'><strong>δὲ</strong></span> <span class='ocrx_word' id='word_1_604' title='bbox 2582 3327 2675 3381; x_wconf 70' lang='grc' dir='ltr'><strong>καὶ</strong></span> <span class='ocrx_word' id='word_1_605' title='bbox 2698 3325 3071 3397; x_wconf 74' lang='grc' dir='ltr'><strong>τρίτον,παρ3ι</strong></span> <span class='ocrx_word' id='word_1_606' title='bbox 3097 3326 3292 3389; x_wconf 82' lang='grc' dir='ltr'><strong>ταῦτα,</strong></span> <span class='ocrx_word' id='word_1_607' title='bbox 3320 3325 3725 3396; x_wconf 82' lang='grc' dir='ltr'><strong>σημαινόμενον</strong></span> 
     </span>
    </p>
   </div>
   <div class='ocr_carea' id='block_1_81' title="bbox 2138 3415 3724 3491">
    <p class='ocr_par' dir='ltr' id='par_1_81' title="bbox 2138 3415 3724 3491">
     <span class='ocr_line' id='line_1_81' title="bbox 2138 3415 3724 3491; baseline -0.004 -18"><span class='ocrx_word' id='word_1_608' title='bbox 2138 3419 2326 3491; x_wconf 85' lang='grc' dir='ltr'><strong>τρόπῳ</strong></span> <span class='ocrx_word' id='word_1_609' title='bbox 2379 3421 2479 3490; x_wconf 90' lang='grc' dir='ltr'><strong>μέν</strong></span> <span class='ocrx_word' id='word_1_610' title='bbox 2521 3436 2629 3471; x_wconf 88' lang='grc' dir='ltr'><strong>τινι</strong></span> <span class='ocrx_word' id='word_1_611' title='bbox 2688 3418 3135 3489; x_wconf 81' lang='grc' dir='ltr'><strong>συναπτόμενον,</strong></span> <span class='ocrx_word' id='word_1_612' title='bbox 3197 3417 3384 3489; x_wconf 81' lang='grc' dir='ltr'><strong>τρόπῳ</strong></span> <span class='ocrx_word' id='word_1_613' title='bbox 3417 3417 3472 3470; x_wconf 78' lang='grc' dir='ltr'><strong>δὲ</strong></span> <span class='ocrx_word' id='word_1_614' title='bbox 3518 3415 3724 3468; x_wconf 85' lang='grc' dir='ltr'><strong>πλείονι</strong></span> 
     </span>
    </p>
   </div>
   <div class='ocr_carea' id='block_1_82' title="bbox 2139 3507 3725 3581">
    <p class='ocr_par' dir='ltr' id='par_1_82' title="bbox 2139 3507 3725 3581">
     <span class='ocr_line' id='line_1_82' title="bbox 2139 3507 3725 3581; baseline -0.003 -18"><span class='ocrx_word' id='word_1_615' title='bbox 2139 3510 2514 3581; x_wconf 83' lang='grc' dir='ltr'><strong>διαιρούμενον</strong></span> <span class='ocrx_word' id='word_1_616' title='bbox 2569 3511 2855 3580; x_wconf 81' lang='grc' dir='ltr'><strong>δευτέρου·</strong></span> <span class='ocrx_word' id='word_1_617' title='bbox 2891 3511 3011 3565; x_wconf 79' lang='grc' dir='ltr'><strong>καθ’</strong></span> <span class='ocrx_word' id='word_1_618' title='bbox 3035 3510 3063 3562; x_wconf 83' lang='grc' dir='ltr'><strong>ὃ</strong></span> <span class='ocrx_word' id='word_1_619' title='bbox 3087 3510 3288 3563; x_wconf 81' lang='grc' dir='ltr'><strong>δίδοται</strong></span> <span class='ocrx_word' id='word_1_620' title='bbox 3334 3509 3539 3576; x_wconf 89' lang='grc' dir='ltr'><strong>Μωσῆς</strong></span> <span class='ocrx_word' id='word_1_621' title='bbox 3601 3507 3725 3569; x_wconf 77' lang='grc' dir='ltr'><strong>Θεὸς</strong></span> 
     </span>
    </p>
   </div>
   <div class='ocr_carea' id='block_1_83' title="bbox 2141 3596 3723 3672">
    <p class='ocr_par' dir='ltr' id='par_1_83' title="bbox 2141 3596 3723 3672">
     <span class='ocr_line' id='line_1_83' title="bbox 2141 3596 3723 3672; baseline -0.001 -19"><span class='ocrx_word' id='word_1_622' title='bbox 2141 3596 2282 3654; x_wconf 81' lang='grc' dir='ltr'><strong>εἶναι</strong></span> <span class='ocrx_word' id='word_1_623' title='bbox 2329 3600 2551 3669; x_wconf 81' lang='grc' dir='ltr'><strong>Φαραώ.</strong></span> <span class='ocrx_word' id='word_1_624' title='bbox 2590 3600 2687 3670; x_wconf 80' lang='grc' dir='ltr'><strong>Εῐη</strong></span> <span class='ocrx_word' id='word_1_625' title='bbox 2718 3601 2764 3655; x_wconf 76' lang='grc' dir='ltr'><strong>δ’</strong></span> <span class='ocrx_word' id='word_1_626' title='bbox 2797 3601 2862 3655; x_wconf 78' lang='grc' dir='ltr'><strong>ἂν</strong></span> <span class='ocrx_word' id='word_1_627' title='bbox 2889 3604 2917 3655; x_wconf 87' lang='grc' dir='ltr'>ὁ</span> <span class='ocrx_word' id='word_1_628' title='bbox 2949 3602 3152 3672; x_wconf 82' lang='grc' dir='ltr'><strong>τρόπος</strong></span> <span class='ocrx_word' id='word_1_629' title='bbox 3211 3596 3387 3663; x_wconf 80' lang='grc' dir='ltr'><strong>οὗτος,</strong></span> <span class='ocrx_word' id='word_1_630' title='bbox 3427 3600 3524 3671; x_wconf 78' lang='grc' dir='ltr'><strong>τῆς</strong></span> <span class='ocrx_word' id='word_1_631' title='bbox 3550 3616 3723 3671; x_wconf 65' lang='grc' dir='ltr'><strong>προσν</strong></span> 
     </span>
    </p>
   </div>
   <div class='ocr_carea' id='block_1_84' title="bbox 2140 3691 3727 3762">
    <p class='ocr_par' dir='ltr' id='par_1_84' title="bbox 2140 3691 3727 3762">
     <span class='ocr_line' id='line_1_84' title="bbox 2140 3691 3727 3762; baseline -0.001 -17"><span class='ocrx_word' id='word_1_632' title='bbox 2140 3691 2391 3762; x_wconf 89' lang='grc' dir='ltr'><strong>ηγορίας,</strong></span> <span class='ocrx_word' id='word_1_633' title='bbox 2427 3691 2485 3755; x_wconf 76' lang='grc' dir='ltr'><strong>ἐξ</strong></span> <span class='ocrx_word' id='word_1_634' title='bbox 2517 3691 2809 3760; x_wconf 77' lang='grc' dir='ltr'><strong>ἀναλογίας</strong></span> <span class='ocrx_word' id='word_1_635' title='bbox 2860 3692 3212 3762; x_wconf 79' lang='grc' dir='ltr'><strong>εἰλημμένος.</strong></span> <span class='ocrx_word' id='word_1_636' title='bbox 3240 3692 3353 3745; x_wconf 71' lang='grc' dir='ltr'><strong>Καὶ</strong></span> <span class='ocrx_word' id='word_1_637' title='bbox 3379 3692 3509 3762; x_wconf 82' lang='grc' dir='ltr'><strong>γὰρ,</strong></span> <span class='ocrx_word' id='word_1_638' title='bbox 3538 3691 3727 3762; x_wconf 76' lang='grc' dir='ltr'><strong>ὥσπερ</strong></span> 
     </span>
    </p>
   </div>
   <div class='ocr_carea' id='block_1_85' title="bbox 2141 3782 3727 3855">
    <p class='ocr_par' dir='ltr' id='par_1_85' title="bbox 2141 3782 3727 3855">
     <span class='ocr_line' id='line_1_85' title="bbox 2141 3782 3727 3855; baseline 0 -19"><span class='ocrx_word' id='word_1_639' title='bbox 2141 3784 2275 3847; x_wconf 84' lang='grc' dir='ltr'><strong>Θεὸς</strong></span> <span class='ocrx_word' id='word_1_640' title='bbox 2319 3782 2656 3853; x_wconf 76' lang='grc' dir='ltr'><strong>ἐχρημάτιζε</strong></span> <span class='ocrx_word' id='word_1_641' title='bbox 2719 3785 2914 3855; x_wconf 81' lang='grc' dir='ltr'><strong>Μωσῇ.</strong></span> <span class='ocrx_word' id='word_1_642' title='bbox 2943 3803 2961 3836; x_wconf 89' lang='grc' dir='ltr'><strong>ι</strong></span> <span class='ocrx_word' id='word_1_643' title='bbox 2994 3783 3175 3853; x_wconf 77' lang='grc' dir='ltr'><strong>Ῥίψαι</strong></span> <span class='ocrx_word' id='word_1_644' title='bbox 3230 3785 3329 3846; x_wconf 80' lang='grc' dir='ltr'><strong>τὴν</strong></span> <span class='ocrx_word' id='word_1_645' title='bbox 3367 3784 3582 3854; x_wconf 76' lang='grc' dir='ltr'><strong>ῥάϐδον,</strong></span> <span class='ocrx_word' id='word_1_646' title='bbox 3648 3787 3727 3848; x_wconf 78' lang='grc' dir='ltr'><strong>εἰς</strong></span> 
     </span>
    </p>
   </div>
   <div class='ocr_carea' id='block_1_86' title="bbox 2144 3872 3727 3945">
    <p class='ocr_par' dir='ltr' id='par_1_86' title="bbox 2144 3872 3727 3945">
     <span class='ocr_line' id='line_1_86' title="bbox 2144 3872 3727 3945; baseline -0.001 -19"><span class='ocrx_word' id='word_1_647' title='bbox 2144 3874 2408 3927; x_wconf 70' lang='grc' dir='ltr'><strong>πίστωσιν</strong></span> <span class='ocrx_word' id='word_1_648' title='bbox 2436 3876 2544 3928; x_wconf 85' lang='grc' dir='ltr'><strong>τῶν</strong></span> <span class='ocrx_word' id='word_1_649' title='bbox 2572 3875 3023 3945; x_wconf 75' lang='grc' dir='ltr'><strong>ἐπηγγελμένων·</strong></span> <span class='ocrx_word' id='word_1_650' title='bbox 3062 3892 3081 3927; x_wconf 82' lang='grc' dir='ltr'><strong>ι</strong></span> <span class='ocrx_word' id='word_1_651' title='bbox 3118 3873 3260 3927; x_wconf 76' lang='grc' dir='ltr'><strong>οὓτω</strong></span> <span class='ocrx_word' id='word_1_652' title='bbox 3280 3873 3486 3942; x_wconf 82' lang='grc' dir='ltr'><strong>Μωσῆς</strong></span> <span class='ocrx_word' id='word_1_653' title='bbox 3514 3872 3727 3942; x_wconf 81' lang='grc' dir='ltr'><strong>Ἀαρὼν</strong></span> 
     </span>
    </p>
   </div>
   <div class='ocr_carea' id='block_1_87' title="bbox 2146 3963 3724 4037">
    <p class='ocr_par' dir='ltr' id='par_1_87' title="bbox 2146 3963 3724 4037">
     <span class='ocr_line' id='line_1_87' title="bbox 2146 3963 3724 4037; baseline -0.002 -19"><span class='ocrx_word' id='word_1_654' title='bbox 2146 3965 2398 4018; x_wconf 81' lang='grc' dir='ltr'><strong>ἐκέλευσε</strong></span> <span class='ocrx_word' id='word_1_655' title='bbox 2451 3967 2667 4037; x_wconf 78' lang='grc' dir='ltr'><strong>ῥίπτειν</strong></span> <span class='ocrx_word' id='word_1_656' title='bbox 2724 3966 2823 4037; x_wconf 82' lang='grc' dir='ltr'><strong>τὴν</strong></span> <span class='ocrx_word' id='word_1_657' title='bbox 2900 3965 3095 4035; x_wconf 77' lang='grc' dir='ltr'><strong>ῥάϐδον</strong></span> <span class='ocrx_word' id='word_1_658' title='bbox 3128 4003 3143 4027; x_wconf 92' lang='grc'><strong>,</strong></span> <span class='ocrx_word' id='word_1_659' title='bbox 3195 3966 3275 4026; x_wconf 89' lang='grc' dir='ltr'><strong>εἰς</strong></span> <span class='ocrx_word' id='word_1_660' title='bbox 3335 3963 3563 4016; x_wconf 77' lang='grc' dir='ltr'><strong>ἔκϐασιν</strong></span> <span class='ocrx_word' id='word_1_661' title='bbox 3614 3963 3724 4016; x_wconf 83' lang='grc' dir='ltr'><strong>τῶν</strong></span> 
     </span>
    </p>
   </div>
   <div class='ocr_carea' id='block_1_88' title="bbox 2146 4058 3728 4129">
    <p class='ocr_par' dir='ltr' id='par_1_88' title="bbox 2146 4058 3728 4129">
     <span class='ocr_line' id='line_1_88' title="bbox 2146 4058 3728 4129; baseline -0.002 -18"><span class='ocrx_word' id='word_1_662' title='bbox 2146 4058 2572 4129; x_wconf 78' lang='grc' dir='ltr'><strong>ἀπειλουμένων.</strong></span> <span class='ocrx_word' id='word_1_663' title='bbox 2627 4062 2735 4113; x_wconf 71' lang='grc' dir='ltr'><strong>Καὶ</strong></span> <span class='ocrx_word' id='word_1_664' title='bbox 2784 4060 2989 4127; x_wconf 71' lang='grc' dir='ltr'><strong>Μωσῆς</strong></span> <span class='ocrx_word' id='word_1_665' title='bbox 3043 4058 3141 4127; x_wconf 76' lang='grc' dir='ltr'><strong>μὲν</strong></span> <span class='ocrx_word' id='word_1_666' title='bbox 3174 4058 3501 4127; x_wconf 82' lang='grc' dir='ltr'><strong>ὑπηρετεῖτο</strong></span> <span class='ocrx_word' id='word_1_667' title='bbox 3557 4074 3728 4127; x_wconf 66' lang='grc' dir='ltr'><strong>προσς</strong></span> 
     </span>
    </p>
   </div>
   <div class='ocr_carea' id='block_1_89' title="bbox 2146 4147 3727 4222">
    <p class='ocr_par' dir='ltr' id='par_1_89' title="bbox 2146 4147 3727 4222">
     <span class='ocr_line' id='line_1_89' title="bbox 2146 4147 3727 4222; baseline -0.003 -17"><span class='ocrx_word' id='word_1_668' title='bbox 2146 4153 2391 4222; x_wconf 82' lang='grc' dir='ltr'><strong>τάγμασι</strong></span> <span class='ocrx_word' id='word_1_669' title='bbox 2445 4151 2616 4205; x_wconf 85' lang='grc' dir='ltr'><strong>Θεοῦ·</strong></span> <span class='ocrx_word' id='word_1_670' title='bbox 2660 4151 2871 4221; x_wconf 82' lang='grc' dir='ltr'><strong>’Λαρὼν</strong></span> <span class='ocrx_word' id='word_1_671' title='bbox 2901 4151 2955 4203; x_wconf 76' lang='grc' dir='ltr'><strong>δὲ</strong></span> <span class='ocrx_word' id='word_1_672' title='bbox 2987 4150 3230 4211; x_wconf 70' lang='grc' dir='ltr'><strong>Μωσέως</strong></span> <span class='ocrx_word' id='word_1_673' title='bbox 3286 4147 3591 4220; x_wconf 72' lang='grc' dir='ltr'><strong>ἐξεπλήρου</strong></span> <span class='ocrx_word' id='word_1_674' title='bbox 3627 4148 3727 4212; x_wconf 74' lang='grc' dir='ltr'><strong>τὰς</strong></span> 
     </span>
    </p>
   </div>
   <div class='ocr_carea' id='block_1_90' title="bbox 2149 4240 3732 4313">
    <p class='ocr_par' dir='ltr' id='par_1_90' title="bbox 2149 4240 3732 4313">
     <span class='ocr_line' id='line_1_90' title="bbox 2149 4240 3732 4313; baseline -0.004 -17"><span class='ocrx_word' id='word_1_675' title='bbox 2149 4244 2371 4307; x_wconf 76' lang='grc' dir='ltr'><strong>ἐντολάς</strong></span> <span class='ocrx_word' id='word_1_676' title='bbox 2417 4245 2497 4307; x_wconf 76' lang='grc' dir='ltr'><strong>εἰς</strong></span> <span class='ocrx_word' id='word_1_677' title='bbox 2546 4242 2764 4313; x_wconf 84' lang='grc' dir='ltr'><strong>Φαραὼ,</strong></span> <span class='ocrx_word' id='word_1_678' title='bbox 2814 4242 3091 4313; x_wconf 76' lang='grc' dir='ltr'><strong>μαστίζοιν</strong></span> <span class='ocrx_word' id='word_1_679' title='bbox 3144 4245 3243 4313; x_wconf 80' lang='grc' dir='ltr'><strong>τὴν</strong></span> <span class='ocrx_word' id='word_1_680' title='bbox 3309 4242 3603 4309; x_wconf 73' lang='grc' dir='ltr'><strong>Αἴγυπτον,</strong></span> <span class='ocrx_word' id='word_1_681' title='bbox 3638 4240 3732 4292; x_wconf 76' lang='grc' dir='ltr'><strong>καὶ</strong></span> 
     </span>
    </p>
   </div>
   <div class='ocr_carea' id='block_1_91' title="bbox 2149 4330 3737 4407">
    <p class='ocr_par' dir='ltr' id='par_1_91' title="bbox 2149 4330 3737 4407">
     <span class='ocr_line' id='line_1_91' title="bbox 2149 4330 3737 4407; baseline -0.004 -18"><span class='ocrx_word' id='word_1_682' title='bbox 2149 4336 2438 4407; x_wconf 67' lang='grc' dir='ltr'><strong>προφήτης</strong></span> <span class='ocrx_word' id='word_1_683' title='bbox 2482 4338 2499 4372; x_wconf 69' lang='grc' dir='ltr'><strong>ι</strong></span> <span class='ocrx_word' id='word_1_684' title='bbox 2542 4335 2827 4403; x_wconf 80' lang='grc' dir='ltr'><strong>γινόμενος</strong></span> <span class='ocrx_word' id='word_1_685' title='bbox 2885 4334 3173 4402; x_wconf 68' lang='grc' dir='ltr'><strong>τάδελφοῦ,</strong></span> <span class='ocrx_word' id='word_1_686' title='bbox 3244 4335 3302 4386; x_wconf 85' lang='grc' dir='ltr'><strong>ὃν</strong></span> <span class='ocrx_word' id='word_1_687' title='bbox 3352 4335 3561 4395; x_wconf 83' lang='grc' dir='ltr'><strong>ἐκεῖνος</strong></span> <span class='ocrx_word' id='word_1_688' title='bbox 3610 4330 3737 4401; x_wconf 82' lang='grc' dir='ltr'><strong>τρό-</strong></span> 
     </span>
    </p>
   </div>
   <div class='ocr_carea' id='block_1_92' title="bbox 2152 4423 3732 4494">
    <p class='ocr_par' dir='ltr' id='par_1_92' title="bbox 2152 4423 3732 4494">
     <span class='ocr_line' id='line_1_92' title="bbox 2152 4423 3732 4494; baseline -0.005 -14"><span class='ocrx_word' id='word_1_689' title='bbox 2152 4445 2253 4480; x_wconf 87' lang='grc' dir='ltr'><strong>πον</strong></span> <span class='ocrx_word' id='word_1_690' title='bbox 2280 4427 2489 4494; x_wconf 83' lang='grc' dir='ltr'><strong>ὲγίνετο</strong></span> <span class='ocrx_word' id='word_1_691' title='bbox 2518 4425 2610 4479; x_wconf 86' lang='grc' dir='ltr'><strong>τοῦ</strong></span> <span class='ocrx_word' id='word_1_692' title='bbox 2643 4425 2801 4478; x_wconf 80' lang='grc' dir='ltr'><strong>Θεοῦ.</strong></span> <span class='ocrx_word' id='word_1_693' title='bbox 2833 4423 2912 4476; x_wconf 80' lang='grc' dir='ltr'><strong>Δι’</strong></span> <span class='ocrx_word' id='word_1_694' title='bbox 2937 4424 2965 4477; x_wconf 83' lang='grc' dir='ltr'><strong>ὃ</strong></span> <span class='ocrx_word' id='word_1_695' title='bbox 2990 4426 3111 4478; x_wconf 67' lang='grc' dir='ltr'><strong>οὐδὲ</strong></span> <span class='ocrx_word' id='word_1_696' title='bbox 3144 4425 3264 4488; x_wconf 74' lang='grc' dir='ltr'><strong>Οεδς</strong></span> <span class='ocrx_word' id='word_1_697' title='bbox 3292 4424 3494 4493; x_wconf 80' lang='grc' dir='ltr'><strong>Μωσῆς</strong></span> <span class='ocrx_word' id='word_1_698' title='bbox 3525 4424 3732 4486; x_wconf 81' lang='grc' dir='ltr'><strong>ἁπλῶς,</strong></span> 
     </span>
    </p>
   </div>
   <div class='ocr_carea' id='block_1_93' title="bbox 2154 4516 3736 4587">
    <p class='ocr_par' dir='ltr' id='par_1_93' title="bbox 2154 4516 3736 4587">
     <span class='ocr_line' id='line_1_93' title="bbox 2154 4516 3736 4587; baseline -0.003 -14"><span class='ocrx_word' id='word_1_699' title='bbox 2154 4520 2291 4573; x_wconf 77' lang='grc' dir='ltr'><strong>ἀλλὰ</strong></span> <span class='ocrx_word' id='word_1_700' title='bbox 2330 4521 2464 4586; x_wconf 77' lang='grc' dir='ltr'><strong>θεὸς</strong></span> <span class='ocrx_word' id='word_1_701' title='bbox 2522 4520 2748 4587; x_wconf 75' lang='grc' dir='ltr'><strong>είπηται</strong></span> <span class='ocrx_word' id='word_1_702' title='bbox 2802 4516 3032 4585; x_wconf 81' lang='grc' dir='ltr'><strong>Φαραώ.</strong></span> <span class='ocrx_word' id='word_1_703' title='bbox 3091 4517 3274 4571; x_wconf 82' lang='grc' dir='ltr'><strong>Πάντα</strong></span> <span class='ocrx_word' id='word_1_704' title='bbox 3313 4518 3421 4586; x_wconf 80' lang='grc' dir='ltr'><strong>γάρ</strong></span> <span class='ocrx_word' id='word_1_705' title='bbox 3468 4516 3736 4586; x_wconf 78' lang='grc' dir='ltr'><strong>ἔπραττεν</strong></span> 
     </span>
    </p>
   </div>
   <div class='ocr_carea' id='block_1_94' title="bbox 470 4599 2036 4678">
    <p class='ocr_par' dir='ltr' id='par_1_94' title="bbox 470 4607 2036 4676">
     <span class='ocr_line' id='line_1_94' title="bbox 470 4607 2036 4676; baseline 0.005 -21"><span class='ocrx_word' id='word_1_706' title='bbox 470 4615 756 4673; x_wconf 75' lang='lat' dir='ltr'><strong>potestate,</strong></span> <span class='ocrx_word' id='word_1_707' title='bbox 825 4607 1242 4663; x_wconf 80' lang='lat' dir='ltr'><strong>administrante</strong></span> <span class='ocrx_word' id='word_1_708' title='bbox 1297 4609 1345 4662; x_wconf 86' lang='lat' dir='ltr'><strong>ei</strong></span> <span class='ocrx_word' id='word_1_709' title='bbox 1400 4610 1637 4663; x_wconf 81' lang='lat' dir='ltr'><strong>Araone.</strong></span> <span class='ocrx_word' id='word_1_710' title='bbox 1702 4609 1807 4663; x_wconf 86' lang='lat' dir='ltr'><strong>Sed</strong></span> <span class='ocrx_word' id='word_1_711' title='bbox 1873 4609 2036 4676; x_wconf 84' lang='lat' dir='ltr'><strong>hujus</strong></span> 
     </span>
    </p>
   </div>
   <div class='ocr_carea' id='block_1_95' title="bbox 2140 4599 3735 4678">
    <p class='ocr_par' dir='ltr' id='par_1_95' title="bbox 2146 4606 3735 4678">
     <span class='ocr_line' id='line_1_95' title="bbox 2146 4606 3735 4678; baseline -0.003 -16"><span class='ocrx_word' id='word_1_712' title='bbox 2146 4612 2224 4672; x_wconf 84' lang='grc' dir='ltr'><strong>εἰς</strong></span> <span class='ocrx_word' id='word_1_713' title='bbox 2244 4610 2426 4675; x_wconf 83' lang='grc' dir='ltr'><strong>αὑτὸν,</strong></span> <span class='ocrx_word' id='word_1_714' title='bbox 2466 4609 2655 4677; x_wconf 77' lang='grc' dir='ltr'><strong>ὥσπερ</strong></span> <span class='ocrx_word' id='word_1_715' title='bbox 2688 4606 3024 4677; x_wconf 59' lang='grc' dir='ltr'><strong>αὑτεξιυσίῳ</strong></span> <span class='ocrx_word' id='word_1_716' title='bbox 3059 4608 3252 4678; x_wconf 82' lang='grc' dir='ltr'><strong>κράτει</strong></span> <span class='ocrx_word' id='word_1_717' title='bbox 3288 4608 3735 4676; x_wconf 78' lang='grc' dir='ltr'><strong>ὑπηρετουμένου</strong></span> 
     </span>
    </p>
   </div>
   <div class='ocr_carea' id='block_1_96' title="bbox 470 4697 2050 4774">
    <p class='ocr_par' dir='ltr' id='par_1_96' title="bbox 470 4697 2050 4774">
     <span class='ocr_line' id='line_1_96' title="bbox 470 4697 2050 4774; baseline 0.007 -26"><span class='ocrx_word' id='word_1_718' title='bbox 470 4697 857 4765; x_wconf 64' lang='grc' dir='ltr'><strong>ιιιψηηειιὶοιιὶε</strong></span> <span class='ocrx_word' id='word_1_719' title='bbox 909 4699 1105 4753; x_wconf 92' lang='lat' dir='ltr'><strong>modus</strong></span> <span class='ocrx_word' id='word_1_720' title='bbox 1161 4701 1431 4769; x_wconf 74' lang='lat' dir='ltr'><strong>particeps</strong></span> <span class='ocrx_word' id='word_1_721' title='bbox 1478 4709 1563 4754; x_wconf 88' lang='lat' dir='ltr'><strong>est</strong></span> <span class='ocrx_word' id='word_1_722' title='bbox 1607 4702 1732 4771; x_wconf 91' lang='lat' dir='ltr'><strong>ejus</strong></span> <span class='ocrx_word' id='word_1_723' title='bbox 1780 4705 1873 4774; x_wconf 88' lang='lat' dir='ltr'><strong>qui</strong></span> <span class='ocrx_word' id='word_1_724' title='bbox 1921 4716 2050 4759; x_wconf 85' lang='lat' dir='ltr'><strong>ante</strong></span> 
     </span>
    </p>
   </div>
   <div class='ocr_carea' id='block_1_97' title="bbox 475 4785 2051 4863">
    <p class='ocr_par' dir='ltr' id='par_1_97' title="bbox 475 4785 2051 4863">
     <span class='ocr_line' id='line_1_97' title="bbox 475 4785 2051 4863; baseline 0.006 -23"><span class='ocrx_word' id='word_1_725' title='bbox 475 4785 575 4840; x_wconf 63' lang='lat' dir='ltr'><strong>(«ait</strong></span> <span class='ocrx_word' id='word_1_726' title='bbox 597 4806 611 4844; x_wconf 87' lang='lat'><strong>:</strong></span> <span class='ocrx_word' id='word_1_727' title='bbox 632 4798 687 4842; x_wconf 84' lang='lat' dir='ltr'><strong>ct</strong></span> <span class='ocrx_word' id='word_1_728' title='bbox 702 4790 846 4858; x_wconf 93' lang='lat' dir='ltr'><strong>quod</strong></span> <span class='ocrx_word' id='word_1_729' title='bbox 867 4791 933 4845; x_wconf 89' lang='lat' dir='ltr'><strong>de</strong></span> <span class='ocrx_word' id='word_1_730' title='bbox 953 4792 1170 4845; x_wconf 91' lang='lat' dir='ltr'><strong>homine</strong></span> <span class='ocrx_word' id='word_1_731' title='bbox 1190 4805 1505 4862; x_wconf 84' lang='lat' dir='ltr'><strong>usurpetur,</strong></span> <span class='ocrx_word' id='word_1_732' title='bbox 1527 4804 1577 4850; x_wconf 93' lang='lat' dir='ltr'><strong>et</strong></span> <span class='ocrx_word' id='word_1_733' title='bbox 1598 4795 1742 4863; x_wconf 88' lang='lat' dir='ltr'><strong>quod</strong></span> <span class='ocrx_word' id='word_1_734' title='bbox 1764 4796 1830 4849; x_wconf 92' lang='lat' dir='ltr'><strong>de</strong></span> <span class='ocrx_word' id='word_1_735' title='bbox 1854 4795 2051 4850; x_wconf 82' lang='lat' dir='ltr'><strong>virtute</strong></span> 
     </span>
    </p>
   </div>
   <div class='ocr_carea' id='block_1_98' title="bbox 474 4878 2051 4957">
    <p class='ocr_par' dir='ltr' id='par_1_98' title="bbox 474 4878 2051 4957">
     <span class='ocr_line' id='line_1_98' title="bbox 474 4878 2051 4957; baseline 0.008 -27"><span class='ocrx_word' id='word_1_736' title='bbox 474 4878 752 4949; x_wconf 71' lang='lat' dir='ltr'><strong>praeditis;</strong></span> <span class='ocrx_word' id='word_1_737' title='bbox 817 4882 1157 4938; x_wconf 86' lang='lat' dir='ltr'><strong>multimodis</strong></span> <span class='ocrx_word' id='word_1_738' title='bbox 1214 4892 1395 4939; x_wconf 88' lang='lat' dir='ltr'><strong>autem</strong></span> <span class='ocrx_word' id='word_1_739' title='bbox 1449 4887 1634 4941; x_wconf 79' lang='lat' dir='ltr'><strong>dilfert</strong></span> <span class='ocrx_word' id='word_1_740' title='bbox 1681 4887 1785 4941; x_wconf 91' lang='lat' dir='ltr'><strong>:in</strong></span> <span class='ocrx_word' id='word_1_741' title='bbox 1856 4888 2051 4957; x_wconf 87' lang='lat' dir='ltr'><strong>primis</strong></span> 
     </span>
    </p>
   </div>
   <div class='ocr_carea' id='block_1_99' title="bbox 472 4970 2047 5046">
    <p class='ocr_par' dir='ltr' id='par_1_99' title="bbox 472 4970 2047 5046">
     <span class='ocr_line' id='line_1_99' title="bbox 472 4970 2047 5046; baseline 0.008 -24"><span class='ocrx_word' id='word_1_742' title='bbox 472 4970 619 5041; x_wconf 88' lang='lat' dir='ltr'><strong>quod</strong></span> <span class='ocrx_word' id='word_1_743' title='bbox 656 4973 1038 5041; x_wconf 81' lang='lat' dir='ltr'><strong>appropriatus</strong></span> <span class='ocrx_word' id='word_1_744' title='bbox 1066 4973 1223 5041; x_wconf 89' lang='lat' dir='ltr'><strong>Mosi,</strong></span> <span class='ocrx_word' id='word_1_745' title='bbox 1258 4976 1432 5046; x_wconf 88' lang='lat' dir='ltr'><strong>ipsius</strong></span> <span class='ocrx_word' id='word_1_746' title='bbox 1464 4978 1554 5045; x_wconf 86' lang='lat' dir='ltr'><strong>Iit;</strong></span> <span class='ocrx_word' id='word_1_747' title='bbox 1608 4994 1707 5033; x_wconf 89' lang='lat' dir='ltr'><strong>nec</strong></span> <span class='ocrx_word' id='word_1_748' title='bbox 1730 4988 1834 5045; x_wconf 83' lang='lat' dir='ltr'><strong>est,</strong></span> <span class='ocrx_word' id='word_1_749' title='bbox 1861 4990 1919 5032; x_wconf 90' lang='lat' dir='ltr'><strong>nt</strong></span> <span class='ocrx_word' id='word_1_750' title='bbox 1956 4979 2047 5034; x_wconf 93' lang='lat' dir='ltr'><strong>ille</strong></span> 
     </span>
    </p>
   </div>
   <div class='ocr_carea' id='block_1_100' title="bbox 474 5062 2042 5137">
    <p class='ocr_par' dir='ltr' id='par_1_100' title="bbox 474 5062 2042 5137">
     <span class='ocr_line' id='line_1_100' title="bbox 474 5062 2042 5137; baseline 0.007 -22"><span class='ocrx_word' id='word_1_751' title='bbox 474 5062 630 5127; x_wconf 89' lang='lat' dir='ltr'><strong>alter,</strong></span> <span class='ocrx_word' id='word_1_752' title='bbox 663 5067 1008 5131; x_wconf 89' lang='lat' dir='ltr'><strong>communis;</strong></span> <span class='ocrx_word' id='word_1_753' title='bbox 1042 5069 1257 5136; x_wconf 88' lang='lat' dir='ltr'><strong>etquod</strong></span> <span class='ocrx_word' id='word_1_754' title='bbox 1285 5068 1356 5123; x_wconf 84' lang='lat' dir='ltr'><strong>ibi</strong></span> <span class='ocrx_word' id='word_1_755' title='bbox 1383 5068 1524 5123; x_wconf 90' lang='lat' dir='ltr'><strong>Deus</strong></span> <span class='ocrx_word' id='word_1_756' title='bbox 1549 5070 1815 5137; x_wconf 85' lang='lat' dir='ltr'><strong>absolute,</strong></span> <span class='ocrx_word' id='word_1_757' title='bbox 1857 5079 1912 5125; x_wconf 92' lang='lat' dir='ltr'><strong>et</strong></span> <span class='ocrx_word' id='word_1_758' title='bbox 1934 5086 2042 5128; x_wconf 92' lang='lat' dir='ltr'><strong>non</strong></span> 
     </span>
    </p>
   </div>
   <div class='ocr_carea' id='block_1_101' title="bbox 476 5151 2043 5227">
    <p class='ocr_par' dir='ltr' id='par_1_101' title="bbox 476 5151 2043 5227">
     <span class='ocr_line' id='line_1_101' title="bbox 476 5151 2043 5227; baseline 0.009 -25"><span class='ocrx_word' id='word_1_759' title='bbox 476 5151 714 5223; x_wconf 79' lang='lat' dir='ltr'><strong>alicujus</strong></span> <span class='ocrx_word' id='word_1_760' title='bbox 751 5153 892 5209; x_wconf 86' lang='lat' dir='ltr'><strong>Dens</strong></span> <span class='ocrx_word' id='word_1_761' title='bbox 940 5155 1173 5223; x_wconf 84' lang='lat' dir='ltr'><strong>dicitur,</strong></span> <span class='ocrx_word' id='word_1_762' title='bbox 1217 5158 1312 5227; x_wconf 90' lang='lat' dir='ltr'><strong>qui</strong></span> <span class='ocrx_word' id='word_1_763' title='bbox 1357 5160 1575 5213; x_wconf 88' lang='lat' dir='ltr'><strong>titulum</strong></span> <span class='ocrx_word' id='word_1_764' title='bbox 1618 5160 1721 5215; x_wconf 86' lang='lat' dir='ltr'><strong>sibi</strong></span> <span class='ocrx_word' id='word_1_765' title='bbox 1756 5161 2043 5216; x_wconf 76' lang='lat' dir='ltr'><strong>vindicet:</strong></span> 
     </span>
    </p>
   </div>
   <div class='ocr_carea' id='block_1_102' title="bbox 477 5242 2046 5308">
    <p class='ocr_par' dir='ltr' id='par_1_102' title="bbox 477 5242 2046 5308">
     <span class='ocr_line' id='line_1_102' title="bbox 477 5242 2046 5308; baseline 0.007 -11"><span class='ocrx_word' id='word_1_766' title='bbox 477 5242 570 5297; x_wconf 88' lang='lat' dir='ltr'><strong>hic</strong></span> <span class='ocrx_word' id='word_1_767' title='bbox 597 5255 779 5298; x_wconf 88' lang='lat' dir='ltr'><strong>autem</strong></span> <span class='ocrx_word' id='word_1_768' title='bbox 812 5261 843 5300; x_wconf 86' lang='lat' dir='ltr'><strong>e</strong></span> <span class='ocrx_word' id='word_1_769' title='bbox 876 5247 1158 5304; x_wconf 84' lang='lat' dir='ltr'><strong>contrario</strong></span> <span class='ocrx_word' id='word_1_770' title='bbox 1191 5246 1329 5303; x_wconf 84' lang='lat' dir='ltr'><strong>Deus</strong></span> <span class='ocrx_word' id='word_1_771' title='bbox 1364 5248 1661 5305; x_wconf 78' lang='lat' dir='ltr'><strong>Pharaonis</strong></span> <span class='ocrx_word' id='word_1_772' title='bbox 1688 5253 2046 5308; x_wconf 86' lang='lat' dir='ltr'><strong>nominatur:</strong></span> 
     </span>
    </p>
   </div>
   <div class='ocr_carea' id='block_1_103' title="bbox 551 5403 1617 5476">
    <p class='ocr_par' dir='ltr' id='par_1_103' title="bbox 551 5403 1617 5476">
     <span class='ocr_line' id='line_1_103' title="bbox 551 5403 1617 5476; baseline 0.005 -17"><span class='ocrx_word' id='word_1_773' title='bbox 551 5405 567 5435; x_wconf 87' lang='grc'>¹</span> <span class='ocrx_word' id='word_1_774' title='bbox 601 5403 737 5459; x_wconf 84' lang='lat' dir='ltr'><strong>Gen.</strong></span> <span class='ocrx_word' id='word_1_775' title='bbox 769 5421 844 5470; x_wconf 74' lang='lat' dir='ltr'><strong>Vl,</strong></span> <span class='ocrx_word' id='word_1_776' title='bbox 885 5406 941 5460; x_wconf 70' lang='lat'><strong>2.</strong></span> <span class='ocrx_word' id='word_1_777' title='bbox 1020 5408 1041 5439; x_wconf 82' lang='grc'><strong>¹</strong></span> <span class='ocrx_word' id='word_1_778' title='bbox 1072 5406 1218 5464; x_wconf 81' lang='lat' dir='ltr'><strong>Psal.</strong></span> <span class='ocrx_word' id='word_1_779' title='bbox 1248 5425 1455 5476; x_wconf 68' lang='grc' dir='ltr'><strong>ωειιχιι,</strong></span> <span class='ocrx_word' id='word_1_780' title='bbox 1504 5411 1526 5463; x_wconf 79' lang='lat' dir='ltr'><strong>‘l</strong></span> <span class='ocrx_word' id='word_1_781' title='bbox 1564 5410 1617 5464; x_wconf 86' lang='lat'><strong>6.</strong></span> 
     </span>
    </p>
   </div>
   <div class='ocr_carea' id='block_1_104' title="bbox 2150 4691 3736 4772">
    <p class='ocr_par' dir='ltr' id='par_1_104' title="bbox 2150 4691 3736 4772">
     <span class='ocr_line' id='line_1_104' title="bbox 2150 4691 3736 4772; baseline -0.004 -18"><span class='ocrx_word' id='word_1_782' title='bbox 2150 4701 2244 4754; x_wconf 87' lang='grc' dir='ltr'><strong>τοῦ</strong></span> <span class='ocrx_word' id='word_1_783' title='bbox 2281 4701 2514 4772; x_wconf 80' lang='grc' dir='ltr'><strong>Ἀαρών.</strong></span> <span class='ocrx_word' id='word_1_784' title='bbox 2559 4700 2721 4753; x_wconf 73' lang='grc' dir='ltr'><strong>Ἀλλὰ</strong></span> <span class='ocrx_word' id='word_1_785' title='bbox 2752 4703 3001 4754; x_wconf 85' lang='grc' dir='ltr'><strong>κοινωνεῖ</strong></span> <span class='ocrx_word' id='word_1_786' title='bbox 3032 4700 3131 4768; x_wconf 79' lang='grc' dir='ltr'><strong>μὲν</strong></span> <span class='ocrx_word' id='word_1_787' title='bbox 3158 4691 3312 4762; x_wconf 72' lang='grc' dir='ltr'><strong>οὗτος</strong></span> <span class='ocrx_word' id='word_1_788' title='bbox 3339 4699 3438 4765; x_wconf 83' lang='grc' dir='ltr'><strong>τῆς</strong></span> <span class='ocrx_word' id='word_1_789' title='bbox 3484 4697 3736 4768; x_wconf 86' lang='grc' dir='ltr'><strong>κλήσεως</strong></span> 
     </span>
    </p>
   </div>
   <div class='ocr_carea' id='block_1_105' title="bbox 2152 4787 3741 4863">
    <p class='ocr_par' dir='ltr' id='par_1_105' title="bbox 2152 4787 3741 4863">
     <span class='ocr_line' id='line_1_105' title="bbox 2152 4787 3741 4863; baseline -0.003 -18"><span class='ocrx_word' id='word_1_790' title='bbox 2152 4792 2401 4863; x_wconf 81' lang='grc' dir='ltr'><strong>ὁτρόπος</strong></span> <span class='ocrx_word' id='word_1_791' title='bbox 2442 4791 2520 4860; x_wconf 84' lang='grc' dir='ltr'><strong>τῷ</strong></span> <span class='ocrx_word' id='word_1_792' title='bbox 2558 4793 2662 4862; x_wconf 58' lang='grc' dir='ltr'><strong>προ</strong></span> <span class='ocrx_word' id='word_1_793' title='bbox 2696 4792 2865 4845; x_wconf 74' lang='grc' dir='ltr'><strong>αὑτοῦ</strong></span> <span class='ocrx_word' id='word_1_794' title='bbox 2888 4809 2902 4823; x_wconf 76' lang='grc' dir='ltr'><strong>ο</strong></span> <span class='ocrx_word' id='word_1_795' title='bbox 2949 4790 3027 4861; x_wconf 81' lang='grc' dir='ltr'><strong>τῷ</strong></span> <span class='ocrx_word' id='word_1_796' title='bbox 3056 4808 3116 4844; x_wconf 88' lang='grc' dir='ltr'><strong>τε</strong></span> <span class='ocrx_word' id='word_1_797' title='bbox 3150 4792 3237 4842; x_wconf 78' lang='grc' dir='ltr'><strong>ἐπ’</strong></span> <span class='ocrx_word' id='word_1_798' title='bbox 3290 4787 3580 4860; x_wconf 77' lang='grc' dir='ltr'><strong>ἀνθρώπου</strong></span> <span class='ocrx_word' id='word_1_799' title='bbox 3646 4789 3741 4840; x_wconf 76' lang='grc' dir='ltr'><strong>καὶ</strong></span> 
     </span>
    </p>
   </div>
   <div class='ocr_carea' id='block_1_106' title="bbox 2153 4880 3738 4953">
    <p class='ocr_par' dir='ltr' id='par_1_106' title="bbox 2153 4880 3738 4953">
     <span class='ocr_line' id='line_1_106' title="bbox 2153 4880 3738 4953; baseline -0.002 -18"><span class='ocrx_word' id='word_1_800' title='bbox 2153 4883 2358 4953; x_wconf 80' lang='grc' dir='ltr'><strong>ταύτην</strong></span> <span class='ocrx_word' id='word_1_801' title='bbox 2387 4882 2682 4943; x_wconf 79' lang='grc' dir='ltr'><strong>τεθεῖσθαι,</strong></span> <span class='ocrx_word' id='word_1_802' title='bbox 2719 4886 2812 4937; x_wconf 69' lang='grc' dir='ltr'><strong>καὶ</strong></span> <span class='ocrx_word' id='word_1_803' title='bbox 2835 4883 2935 4951; x_wconf 82' lang='grc' dir='ltr'><strong>τῷ,</strong></span> <span class='ocrx_word' id='word_1_804' title='bbox 2967 4882 3184 4953; x_wconf 78' lang='grc' dir='ltr'><strong>ἔχοντος</strong></span> <span class='ocrx_word' id='word_1_805' title='bbox 3208 4882 3412 4951; x_wconf 74' lang='grc' dir='ltr'><strong>ἀρετήν</strong></span> <span class='ocrx_word' id='word_1_806' title='bbox 3435 4896 3450 4911; x_wconf 71' lang='grc'><strong><em>⁸</em></strong></span> <span class='ocrx_word' id='word_1_807' title='bbox 3484 4880 3738 4949; x_wconf 78' lang='grc' dir='ltr'><strong>διαφέρει</strong></span> 
     </span>
    </p>
   </div>
   <div class='ocr_carea' id='block_1_107' title="bbox 2154 4973 3734 5043">
    <p class='ocr_par' dir='ltr' id='par_1_107' title="bbox 2154 4973 3734 5043">
     <span class='ocr_line' id='line_1_107' title="bbox 2154 4973 3734 5043; baseline -0.006 -13"><span class='ocrx_word' id='word_1_808' title='bbox 2154 4974 2213 5030; x_wconf 79' lang='grc' dir='ltr'><strong>δε</strong></span> <span class='ocrx_word' id='word_1_809' title='bbox 2246 4974 2427 5037; x_wconf 79' lang='grc' dir='ltr'><strong>ἄλλοις</strong></span> <span class='ocrx_word' id='word_1_810' title='bbox 2453 4990 2513 5030; x_wconf 84' lang='grc' dir='ltr'><strong>τε</strong></span> <span class='ocrx_word' id='word_1_811' title='bbox 2546 4974 2791 5037; x_wconf 71' lang='grc' dir='ltr'><strong>πολλοῖςο</strong></span> <span class='ocrx_word' id='word_1_812' title='bbox 2821 4975 2937 5026; x_wconf 71' lang='grc' dir='ltr'><strong>καὶ·</strong></span> <span class='ocrx_word' id='word_1_813' title='bbox 2974 4975 3077 5038; x_wconf 79' lang='grc' dir='ltr'><strong>ὅτι,</strong></span> <span class='ocrx_word' id='word_1_814' title='bbox 3104 4975 3137 5043; x_wconf 83' lang='grc' dir='ltr'>ὴ</span> <span class='ocrx_word' id='word_1_815' title='bbox 3173 4975 3270 5043; x_wconf 74' lang='grc' dir='ltr'><strong>μὲν</strong></span> <span class='ocrx_word' id='word_1_816' title='bbox 3333 4973 3734 5041; x_wconf 73' lang='grc' dir='ltr'><strong>ὲξιδιωσαμένη</strong></span> 
     </span>
    </p>
   </div>
   <div class='ocr_carea' id='block_1_108' title="bbox 2153 5066 3739 5140">
    <p class='ocr_par' dir='ltr' id='par_1_108' title="bbox 2153 5066 3739 5140">
     <span class='ocr_line' id='line_1_108' title="bbox 2153 5066 3739 5140; baseline -0.003 -18"><span class='ocrx_word' id='word_1_817' title='bbox 2153 5070 2378 5140; x_wconf 76' lang='grc' dir='ltr'><strong>Μωσῆν,</strong></span> <span class='ocrx_word' id='word_1_818' title='bbox 2411 5068 2577 5122; x_wconf 79' lang='grc' dir='ltr'><strong>αὑτοῦ</strong></span> <span class='ocrx_word' id='word_1_819' title='bbox 2605 5068 2834 5137; x_wconf 78' lang='grc' dir='ltr'><strong>γίνεται⁸</strong></span> <span class='ocrx_word' id='word_1_820' title='bbox 2868 5068 2964 5120; x_wconf 79' lang='grc' dir='ltr'><strong>καὶ</strong></span> <span class='ocrx_word' id='word_1_821' title='bbox 2992 5069 3091 5120; x_wconf 86' lang='grc' dir='ltr'><strong>οὑκ</strong></span> <span class='ocrx_word' id='word_1_822' title='bbox 3114 5067 3285 5129; x_wconf 76' lang='grc' dir='ltr'><strong>ἔστιν,</strong></span> <span class='ocrx_word' id='word_1_823' title='bbox 3319 5066 3509 5136; x_wconf 80' lang='grc' dir='ltr'><strong>ὥσπερ</strong></span> <span class='ocrx_word' id='word_1_824' title='bbox 3533 5066 3739 5135; x_wconf 72' lang='grc' dir='ltr'><strong>ἐκείνη,</strong></span> 
     </span>
    </p>
   </div>
   <div class='ocr_carea' id='block_1_109' title="bbox 2159 5156 3740 5229">
    <p class='ocr_par' dir='ltr' id='par_1_109' title="bbox 2159 5156 3740 5229">
     <span class='ocr_line' id='line_1_109' title="bbox 2159 5156 3740 5229; baseline -0.003 -17"><span class='ocrx_word' id='word_1_825' title='bbox 2159 5162 2335 5229; x_wconf 79' lang='grc' dir='ltr'><strong>κοινή’</strong></span> <span class='ocrx_word' id='word_1_826' title='bbox 2366 5161 2460 5213; x_wconf 77' lang='grc' dir='ltr'><strong>καὶ</strong></span> <span class='ocrx_word' id='word_1_827' title='bbox 2490 5160 2593 5223; x_wconf 81' lang='grc' dir='ltr'><strong>ὅτι,</strong></span> <span class='ocrx_word' id='word_1_828' title='bbox 2630 5161 2746 5212; x_wconf 75' lang='grc' dir='ltr'><strong>ἐκεῖ</strong></span> <span class='ocrx_word' id='word_1_829' title='bbox 2771 5157 2870 5226; x_wconf 86' lang='grc' dir='ltr'><strong>μὲν</strong></span> <span class='ocrx_word' id='word_1_830' title='bbox 2901 5158 3025 5223; x_wconf 78' lang='grc' dir='ltr'><strong>θεὸς</strong></span> <span class='ocrx_word' id='word_1_831' title='bbox 3052 5159 3266 5221; x_wconf 84' lang='grc' dir='ltr'><strong>ἁπλῶς,</strong></span> <span class='ocrx_word' id='word_1_832' title='bbox 3307 5157 3397 5211; x_wconf 72' lang='grc' dir='ltr'><strong>καὶ</strong></span> <span class='ocrx_word' id='word_1_833' title='bbox 3419 5156 3544 5228; x_wconf 87' lang='grc' dir='ltr'><strong>οὑχί</strong></span> <span class='ocrx_word' id='word_1_834' title='bbox 3572 5172 3740 5221; x_wconf 88' lang='grc' dir='ltr'><strong>τινος,</strong></span> 
     </span>
    </p>
   </div>
   <div class='ocr_carea' id='block_1_110' title="bbox 2157 5248 3745 5323">
    <p class='ocr_par' dir='ltr' id='par_1_110' title="bbox 2157 5248 3745 5323">
     <span class='ocr_line' id='line_1_110' title="bbox 2157 5248 3745 5323; baseline -0.004 -17"><span class='ocrx_word' id='word_1_835' title='bbox 2157 5255 2186 5306; x_wconf 88' lang='grc' dir='ltr'>ὁ</span> <span class='ocrx_word' id='word_1_836' title='bbox 2232 5251 2330 5323; x_wconf 81' lang='grc' dir='ltr'><strong>τὴν</strong></span> <span class='ocrx_word' id='word_1_837' title='bbox 2381 5252 2576 5323; x_wconf 80' lang='grc' dir='ltr'><strong>κλῆσιν</strong></span> <span class='ocrx_word' id='word_1_838' title='bbox 2630 5252 2919 5318; x_wconf 74' lang='grc' dir='ltr'><strong>ὑπελθὼν,</strong></span> <span class='ocrx_word' id='word_1_839' title='bbox 2981 5252 3272 5307; x_wconf 80' lang='grc' dir='ltr'><strong>άπεδέδοτο</strong></span> <span class='ocrx_word' id='word_1_840' title='bbox 3302 5267 3317 5281; x_wconf 81' lang='lat'>&#39;</span> <span class='ocrx_word' id='word_1_841' title='bbox 3389 5249 3634 5304; x_wconf 76' lang='grc' dir='ltr'><strong>ἐνταῦθα</strong></span> <span class='ocrx_word' id='word_1_842' title='bbox 3686 5248 3745 5302; x_wconf 69' lang='grc' dir='ltr'><strong>δὲ</strong></span> 
     </span>
    </p>
   </div>
   <div class='ocr_carea' id='block_1_111' title="bbox 1712 5410 2766 5480">
    <p class='ocr_par' dir='ltr' id='par_1_111' title="bbox 1712 5410 2766 5480">
     <span class='ocr_line' id='line_1_111' title="bbox 1712 5410 2766 5480; baseline 0.003 -15"><span class='ocrx_word' id='word_1_843' title='bbox 1712 5413 1733 5444; x_wconf 87' lang='grc'><em>³</em></span> <span class='ocrx_word' id='word_1_844' title='bbox 1763 5410 1934 5466; x_wconf 79' lang='lat' dir='ltr'><strong>Exod.</strong></span> <span class='ocrx_word' id='word_1_845' title='bbox 1990 5428 2123 5478; x_wconf 75' lang='lat' dir='ltr'><strong>xx&quot;,</strong></span> <span class='ocrx_word' id='word_1_846' title='bbox 2164 5412 2253 5467; x_wconf 76' lang='lat'><strong>28.</strong></span> <span class='ocrx_word' id='word_1_847' title='bbox 2330 5411 2351 5443; x_wconf 71' lang='grc'>⁸</span> <span class='ocrx_word' id='word_1_848' title='bbox 2382 5410 2553 5468; x_wconf 80' lang='lat' dir='ltr'><strong>Exod.</strong></span> <span class='ocrx_word' id='word_1_849' title='bbox 2581 5428 2678 5480; x_wconf 83' lang='lat' dir='ltr'><strong>vn,</strong></span> <span class='ocrx_word' id='word_1_850' title='bbox 2714 5413 2766 5468; x_wconf 78' lang='grc'><strong>1.</strong></span> 
     </span>
    </p>
   </div>
   <div class='ocr_carea' id='block_1_112' title="bbox 1758 5565 2445 5623">
    <p class='ocr_par' dir='ltr' id='par_1_112' title="bbox 1758 5565 2445 5623">
     <span class='ocr_line' id='line_1_112' title="bbox 1758 5565 2445 5623; baseline 0.003 -3"><span class='ocrx_word' id='word_1_851' title='bbox 1758 5565 1993 5622; x_wconf 63' lang='grc' dir='ltr'><strong>ΥΑΙῖΙέΕ</strong></span> <span class='ocrx_word' id='word_1_852' title='bbox 2035 5565 2445 5623; x_wconf 78' lang='lat' dir='ltr'><strong>LECTIONES.</strong></span> 
     </span>
    </p>
   </div>
   <div class='ocr_carea' id='block_1_113' title="bbox 596 5654 2058 5728">
    <p class='ocr_par' dir='ltr' id='par_1_113' title="bbox 596 5654 2058 5728">
     <span class='ocr_line' id='line_1_113' title="bbox 596 5654 2058 5728; baseline 0.011 -23"><span class='ocrx_word' id='word_1_853' title='bbox 596 5654 769 5728; x_wconf 37' lang='lat' dir='ltr'><strong>ﬁmi;</strong></span> <span class='ocrx_word' id='word_1_854' title='bbox 820 5658 1229 5728; x_wconf 74' lang='grc' dir='ltr'><strong>μαρμαρυγαῖς.</strong></span> <span class='ocrx_word' id='word_1_855' title='bbox 1269 5657 1333 5712; x_wconf 70' lang='grc' dir='ltr'><strong>(ἶ.</strong></span> <span class='ocrx_word' id='word_1_856' title='bbox 1382 5657 1453 5713; x_wconf 89' lang='lat' dir='ltr'><strong>M.</strong></span> <span class='ocrx_word' id='word_1_857' title='bbox 1506 5658 1605 5722; x_wconf 74' lang='grc' dir='ltr'><strong>τὰς</strong></span> <span class='ocrx_word' id='word_1_858' title='bbox 1667 5657 2058 5728; x_wconf 76' lang='grc' dir='ltr'><strong>μαρμαρυγάς-</strong></span> 
     </span>
    </p>
   </div>
   <div class='ocr_carea' id='block_1_114' title="bbox 1438 5728 2108 5800">
    <p class='ocr_par' dir='ltr' id='par_1_114' title="bbox 1438 5728 2108 5800">
     <span class='ocr_line' id='line_1_114' title="bbox 1438 5728 2108 5800; baseline 0.001 -20"><span class='ocrx_word' id='word_1_859' title='bbox 1438 5732 1453 5766; x_wconf 80' lang='grc' dir='ltr'><strong>ι</strong></span> <span class='ocrx_word' id='word_1_860' title='bbox 1492 5730 1575 5782; x_wconf 80' lang='grc' dir='ltr'><strong>ῖσ.</strong></span> <span class='ocrx_word' id='word_1_861' title='bbox 1608 5728 1912 5800; x_wconf 77' lang='grc' dir='ltr'><strong>ὑποφήτης,</strong></span> <span class='ocrx_word' id='word_1_862' title='bbox 1943 5731 1996 5783; x_wconf 92' lang='lat' dir='ltr'><strong>h.</strong></span> <span class='ocrx_word' id='word_1_863' title='bbox 2063 5744 2108 5784; x_wconf 90' lang='lat' dir='ltr'><strong>c.</strong></span> 
     </span>
    </p>
   </div>
   <div class='ocr_carea' id='block_1_115' title="bbox 488 5720 1319 5805">
    <p class='ocr_par' dir='ltr' id='par_1_115' title="bbox 488 5720 1319 5805">
     <span class='ocr_line' id='line_1_115' title="bbox 488 5720 1319 5805; baseline 0.016 -37"><span class='ocrx_word' id='word_1_864' title='bbox 488 5729 510 5757; x_wconf 70' lang='grc' dir='ltr'><strong>ε</strong></span> <span class='ocrx_word' id='word_1_865' title='bbox 540 5720 672 5805; x_wconf 62' lang='lat' dir='ltr'><strong>Coll.</strong></span> <span class='ocrx_word' id='word_1_866' title='bbox 719 5720 863 5776; x_wconf 77' lang='lat' dir='ltr'><strong>Ilion.</strong></span> <span class='ocrx_word' id='word_1_867' title='bbox 894 5720 1319 5796; x_wconf 74' lang='grc' dir='ltr'><strong>συνωλισθησαν.</strong></span> 
     </span>
    </p>
   </div>
   <div class='ocr_carea' id='block_1_116' title="bbox 488 5804 786 5861">
    <p class='ocr_par' dir='ltr' id='par_1_116' title="bbox 488 5804 786 5861">
     <span class='ocr_line' id='line_1_116' title="bbox 488 5804 786 5861; baseline 0.007 -2"><span class='ocrx_word' id='word_1_868' title='bbox 488 5804 786 5861; x_wconf 55' lang='lat' dir='ltr'><strong>Momm;-</strong></span> 
     </span>
    </p>
   </div>
   <div class='ocr_carea' id='block_1_117' title="bbox 2176 5654 3746 5729">
    <p class='ocr_par' dir='ltr' id='par_1_117' title="bbox 2176 5654 3746 5729">
     <span class='ocr_line' id='line_1_117' title="bbox 2176 5654 3746 5729; baseline 0.01 -23"><span class='ocrx_word' id='word_1_869' title='bbox 2176 5664 2220 5729; x_wconf 62' lang='grc' dir='ltr'><strong>ι·</strong></span> <span class='ocrx_word' id='word_1_870' title='bbox 2272 5657 2385 5712; x_wconf 77' lang='lat' dir='ltr'><strong>&quot;ac</strong></span> <span class='ocrx_word' id='word_1_871' title='bbox 2438 5657 2520 5729; x_wconf 83' lang='lat' dir='ltr'><strong>de</strong></span> <span class='ocrx_word' id='word_1_872' title='bbox 2560 5672 2617 5712; x_wconf 92' lang='lat' dir='ltr'><strong>re</strong></span> <span class='ocrx_word' id='word_1_873' title='bbox 2663 5657 3012 5728; x_wconf 81' lang='lat' dir='ltr'><strong>peculiariter</strong></span> <span class='ocrx_word' id='word_1_874' title='bbox 3089 5659 3396 5729; x_wconf 90' lang='lat' dir='ltr'><strong>disputatur</strong></span> <span class='ocrx_word' id='word_1_875' title='bbox 3445 5654 3746 5729; x_wconf 43' lang='grc' dir='ltr'><strong>ιιλϐοιιν·</strong></span> 
     </span>
    </p>
   </div>
   <div class='ocr_carea' id='block_1_118' title="bbox 2173 5726 3751 5799">
    <p class='ocr_par' dir='ltr' id='par_1_118' title="bbox 2173 5726 3751 5799">
     <span class='ocr_line' id='line_1_118' title="bbox 2173 5726 3751 5799; baseline 0 -19"><span class='ocrx_word' id='word_1_876' title='bbox 2173 5727 2569 5799; x_wconf 73' lang='grc' dir='ltr'><strong>διερμηνευτής</strong></span> <span class='ocrx_word' id='word_1_877' title='bbox 2623 5726 2718 5783; x_wconf 83' lang='lat' dir='ltr'><strong>aut</strong></span> <span class='ocrx_word' id='word_1_878' title='bbox 2774 5726 3238 5799; x_wconf 75' lang='grc' dir='ltr'><strong>ὑποτεταγμένος.</strong></span> <span class='ocrx_word' id='word_1_879' title='bbox 3300 5729 3432 5786; x_wconf 81' lang='lat' dir='ltr'><strong>Cod.</strong></span> <span class='ocrx_word' id='word_1_880' title='bbox 3475 5726 3594 5784; x_wconf 86' lang='lat' dir='ltr'><strong>Mon</strong></span> <span class='ocrx_word' id='word_1_881' title='bbox 3645 5728 3751 5797; x_wconf 77' lang='lat' dir='ltr'><strong>lcg-</strong></span> 
     </span>
    </p>
   </div>
  </div>
