  <div class='ocr_page' id='page_1' title='image "/cluster/home/n/w/nwhite01/storage/ocr_20150623/101:no.1/coo.31924054870054/310.png"; bbox 0 0 4158 6444; ppageno 0'>
   <div class='ocr_carea' id='block_1_1' title="bbox 463 334 568 401">
    <p class='ocr_par' dir='ltr' id='par_1_1' title="bbox 463 334 568 401">
     <span class='ocr_line' id='line_1_1' title="bbox 463 334 568 401; baseline -0.038 0"><span class='ocrx_word' id='word_1_1' title='bbox 463 334 568 401; x_wconf 74' lang='grc'><strong>565</strong></span> 
     </span>
    </p>
   </div>
   <div class='ocr_carea' id='block_1_2' title="bbox 1348 349 2815 431">
    <p class='ocr_par' dir='ltr' id='par_1_2' title="bbox 1348 349 2815 431">
     <span class='ocr_line' id='line_1_2' title="bbox 1348 349 2815 431; baseline 0.013 -21"><span class='ocrx_word' id='word_1_2' title='bbox 1348 349 1450 412; x_wconf 86' lang='lat' dir='ltr'><strong>AD</strong></span> <span class='ocrx_word' id='word_1_3' title='bbox 1486 354 2082 419; x_wconf 81' lang='lat' dir='ltr'><strong>AMPHILOCHIUM</strong></span> <span class='ocrx_word' id='word_1_4' title='bbox 2110 357 2456 430; x_wconf 57' lang='lat' dir='ltr'><strong>QUIES&#39;I‘IO</strong></span> <span class='ocrx_word' id='word_1_5' title='bbox 2493 365 2815 431; x_wconf 74' lang='lat' dir='ltr'><strong>LXXXIX.</strong></span> 
     </span>
    </p>
   </div>
   <div class='ocr_carea' id='block_1_3' title="bbox 3631 376 3736 440">
    <p class='ocr_par' dir='ltr' id='par_1_3' title="bbox 3631 376 3736 440">
     <span class='ocr_line' id='line_1_3' title="bbox 3631 376 3736 440; baseline 0 0"><span class='ocrx_word' id='word_1_6' title='bbox 3631 376 3736 440; x_wconf 76' lang='lat'><strong>566</strong></span> 
     </span>
    </p>
   </div>
   <div class='ocr_carea' id='block_1_4' title="bbox 462 454 2026 555">
    <p class='ocr_par' dir='ltr' id='par_1_4' title="bbox 462 454 2026 531">
     <span class='ocr_line' id='line_1_4' title="bbox 462 454 2026 531; baseline 0.015 -25"><span class='ocrx_word' id='word_1_7' title='bbox 462 454 799 523; x_wconf 75' lang='grc' dir='ltr'>τούναντίον,</span> <span class='ocrx_word' id='word_1_8' title='bbox 864 458 1001 526; x_wconf 75' lang='grc' dir='ltr'>θεὸς</span> <span class='ocrx_word' id='word_1_9' title='bbox 1062 465 1293 531; x_wconf 53' lang='grc' dir='ltr'>Φαραώ.</span> <span class='ocrx_word' id='word_1_10' title='bbox 1346 467 1471 522; x_wconf 72' lang='grc' dir='ltr'>Ὀτι</span> <span class='ocrx_word' id='word_1_11' title='bbox 1503 470 1550 524; x_wconf 86' lang='grc' dir='ltr'>δ’</span> <span class='ocrx_word' id='word_1_12' title='bbox 1586 471 1648 524; x_wconf 73' lang='grc' dir='ltr'>οὗ</span> <span class='ocrx_word' id='word_1_13' title='bbox 1675 473 1798 527; x_wconf 84' lang='grc' dir='ltr'>κατ’</span> <span class='ocrx_word' id='word_1_14' title='bbox 1837 475 2026 528; x_wconf 63' lang='grc' dir='ltr'>ἑκεῖνοε</span> 
     </span>
    </p>
   </div>
   <div class='ocr_carea' id='block_1_5' title="bbox 2126 454 3730 555">
    <p class='ocr_par' dir='ltr' id='par_1_5' title="bbox 2148 470 3730 555">
     <span class='ocr_line' id='line_1_5' title="bbox 2148 470 3730 555; baseline 0.009 -26"><span class='ocrx_word' id='word_1_15' title='bbox 2148 477 2294 542; x_wconf 84' lang='lat' dir='ltr'><strong>quod</strong></span> <span class='ocrx_word' id='word_1_16' title='bbox 2325 470 2671 549; x_wconf 84' lang='lat' dir='ltr'><strong>nequaquam</strong></span> <span class='ocrx_word' id='word_1_17' title='bbox 2710 483 2801 537; x_wconf 80' lang='lat' dir='ltr'><strong>illo</strong></span> <span class='ocrx_word' id='word_1_18' title='bbox 2829 499 3019 550; x_wconf 89' lang='lat' dir='ltr'><strong>sensu,</strong></span> <span class='ocrx_word' id='word_1_19' title='bbox 3055 483 3152 539; x_wconf 89' lang='lat' dir='ltr'><strong>scd</strong></span> <span class='ocrx_word' id='word_1_20' title='bbox 3179 499 3247 540; x_wconf 87' lang='lat' dir='ltr'><strong>eo</strong></span> <span class='ocrx_word' id='word_1_21' title='bbox 3274 501 3435 555; x_wconf 91' lang='lat' dir='ltr'><strong>quem</strong></span> <span class='ocrx_word' id='word_1_22' title='bbox 3463 486 3730 554; x_wconf 79' lang='lat' dir='ltr'><strong>diximus,</strong></span> 
     </span>
    </p>
   </div>
   <div class='ocr_carea' id='block_1_6' title="bbox 461 548 2047 640">
    <p class='ocr_par' dir='ltr' id='par_1_6' title="bbox 461 548 2047 640">
     <span class='ocr_line' id='line_1_6' title="bbox 461 548 2047 640; baseline 0.015 -41"><span class='ocrx_word' id='word_1_23' title='bbox 461 548 559 640; x_wconf 72' lang='grc' dir='ltr'><strong>τὸν</strong></span> <span class='ocrx_word' id='word_1_24' title='bbox 608 548 754 611; x_wconf 87' lang='grc' dir='ltr'>νοῦν,</span> <span class='ocrx_word' id='word_1_25' title='bbox 812 550 947 605; x_wconf 78' lang='grc' dir='ltr'>ἀλλὰ</span> <span class='ocrx_word' id='word_1_26' title='bbox 988 555 1108 608; x_wconf 84' lang='grc' dir='ltr'>καθ’</span> <span class='ocrx_word' id='word_1_27' title='bbox 1158 557 1218 611; x_wconf 78' lang='grc' dir='ltr'>ὃν</span> <span class='ocrx_word' id='word_1_28' title='bbox 1266 558 1498 631; x_wconf 79' lang='grc' dir='ltr'>ἔφαμεν,</span> <span class='ocrx_word' id='word_1_29' title='bbox 1528 566 1790 636; x_wconf 79' lang='grc' dir='ltr'>όΜωσῆς</span> <span class='ocrx_word' id='word_1_30' title='bbox 1828 568 2047 640; x_wconf 69' lang='grc' dir='ltr'>εἴρηται</span> 
     </span>
    </p>
   </div>
   <div class='ocr_carea' id='block_1_7' title="bbox 463 637 2043 728">
    <p class='ocr_par' dir='ltr' id='par_1_7' title="bbox 463 637 2043 728">
     <span class='ocr_line' id='line_1_7' title="bbox 463 637 2043 728; baseline 0.013 -37"><span class='ocrx_word' id='word_1_31' title='bbox 463 637 604 704; x_wconf 83' lang='grc' dir='ltr'>θεὸς</span> <span class='ocrx_word' id='word_1_32' title='bbox 660 640 893 708; x_wconf 78' lang='grc' dir='ltr'>Φαραὼ,</span> <span class='ocrx_word' id='word_1_33' title='bbox 953 643 1232 717; x_wconf 83' lang='grc' dir='ltr'><strong>γνώριμον</strong></span> <span class='ocrx_word' id='word_1_34' title='bbox 1286 649 1387 720; x_wconf 81' lang='grc' dir='ltr'>μὲν</span> <span class='ocrx_word' id='word_1_35' title='bbox 1436 653 1500 707; x_wconf 81' lang='grc' dir='ltr'>ἐκ</span> <span class='ocrx_word' id='word_1_36' title='bbox 1554 653 1662 707; x_wconf 83' lang='grc' dir='ltr'><strong>τῶν</strong></span> <span class='ocrx_word' id='word_1_37' title='bbox 1711 637 2043 728; x_wconf 72' lang='grc' dir='ltr'>εἰρημένων.</span> 
     </span>
    </p>
   </div>
   <div class='ocr_carea' id='block_1_8' title="bbox 462 728 2041 818">
    <p class='ocr_par' dir='ltr' id='par_1_8' title="bbox 462 728 2041 818">
     <span class='ocr_line' id='line_1_8' title="bbox 462 728 2041 818; baseline 0.014 -38"><span class='ocrx_word' id='word_1_38' title='bbox 462 728 631 782; x_wconf 77' lang='grc' dir='ltr'>Οὐδὲν</span> <span class='ocrx_word' id='word_1_39' title='bbox 673 730 730 783; x_wconf 84' lang='grc' dir='ltr'>δὲ</span> <span class='ocrx_word' id='word_1_40' title='bbox 792 732 1032 800; x_wconf 80' lang='grc' dir='ltr'>ἔλαττον,</span> <span class='ocrx_word' id='word_1_41' title='bbox 1083 743 1376 810; x_wconf 76' lang='grc' dir='ltr'><strong>τεκμηριοῖ</strong></span> <span class='ocrx_word' id='word_1_42' title='bbox 1407 743 1581 797; x_wconf 80' lang='grc' dir='ltr'>καὶτὸ</span> <span class='ocrx_word' id='word_1_43' title='bbox 1605 745 1764 798; x_wconf 81' lang='grc' dir='ltr'>τῶνιι</span> <span class='ocrx_word' id='word_1_44' title='bbox 1808 746 2041 818; x_wconf 82' lang='grc' dir='ltr'>’Δαρὼν,</span> 
     </span>
    </p>
   </div>
   <div class='ocr_carea' id='block_1_9' title="bbox 462 818 2044 910">
    <p class='ocr_par' dir='ltr' id='par_1_9' title="bbox 462 818 2044 910">
     <span class='ocr_line' id='line_1_9' title="bbox 462 818 2044 910; baseline 0.015 -38"><span class='ocrx_word' id='word_1_45' title='bbox 462 818 751 890; x_wconf 79' lang='grc' dir='ltr'>ἄνθρωπόν</span> <span class='ocrx_word' id='word_1_46' title='bbox 778 841 838 876; x_wconf 91' lang='grc' dir='ltr'><strong>τε</strong></span> <span class='ocrx_word' id='word_1_47' title='bbox 864 824 1011 892; x_wconf 78' lang='grc' dir='ltr'>ὄντα,</span> <span class='ocrx_word' id='word_1_48' title='bbox 1053 830 1149 882; x_wconf 81' lang='grc' dir='ltr'><strong>καὶ</strong></span> <span class='ocrx_word' id='word_1_49' title='bbox 1189 831 1392 903; x_wconf 85' lang='grc' dir='ltr'>ἀρετὴν</span> <span class='ocrx_word' id='word_1_50' title='bbox 1442 834 1739 905; x_wconf 82' lang='grc' dir='ltr'>ἀσκοῦντα,</span> <span class='ocrx_word' id='word_1_51' title='bbox 1781 841 1830 893; x_wconf 87' lang='grc' dir='ltr'><strong>εί</strong></span> <span class='ocrx_word' id='word_1_52' title='bbox 1862 840 2044 910; x_wconf 80' lang='grc' dir='ltr'>βούλει</span> 
     </span>
    </p>
   </div>
   <div class='ocr_carea' id='block_1_10' title="bbox 462 908 2042 1003">
    <p class='ocr_par' dir='ltr' id='par_1_10' title="bbox 462 908 2042 1003">
     <span class='ocr_line' id='line_1_10' title="bbox 462 908 2042 1003; baseline 0.015 -40"><span class='ocrx_word' id='word_1_53' title='bbox 462 908 548 971; x_wconf 81' lang='grc' dir='ltr'>δὲ,</span> <span class='ocrx_word' id='word_1_54' title='bbox 594 912 690 963; x_wconf 79' lang='grc' dir='ltr'>καὶ</span> <span class='ocrx_word' id='word_1_55' title='bbox 724 916 845 977; x_wconf 82' lang='grc' dir='ltr'>ταῖς</span> <span class='ocrx_word' id='word_1_56' title='bbox 896 921 1318 989; x_wconf 71' lang='grc' dir='ltr'><strong>τερατουργίαις</strong></span> <span class='ocrx_word' id='word_1_57' title='bbox 1357 923 1726 997; x_wconf 72' lang='grc' dir='ltr'>ἐφεστηκότα,</span> <span class='ocrx_word' id='word_1_58' title='bbox 1786 908 2042 1003; x_wconf 74' lang='grc' dir='ltr'>μηδαμοῦ</span> 
     </span>
    </p>
   </div>
   <div class='ocr_carea' id='block_1_11' title="bbox 463 1000 1151 1076">
    <p class='ocr_par' dir='ltr' id='par_1_11' title="bbox 463 1000 1151 1076">
     <span class='ocr_line' id='line_1_11' title="bbox 463 1000 1151 1076; baseline 0.02 -25"><span class='ocrx_word' id='word_1_59' title='bbox 463 1000 726 1071; x_wconf 83' lang='grc' dir='ltr'>κληθῆναι</span> <span class='ocrx_word' id='word_1_60' title='bbox 750 1005 892 1059; x_wconf 79' lang='grc' dir='ltr'>θεὸν</span> <span class='ocrx_word' id='word_1_61' title='bbox 912 1009 1151 1076; x_wconf 84' lang='grc' dir='ltr'>Φαραώ.</span> 
     </span>
    </p>
   </div>
   <div class='ocr_carea' id='block_1_12' title="bbox 529 1092 2042 1186">
    <p class='ocr_par' dir='ltr' id='par_1_12' title="bbox 529 1092 2042 1186">
     <span class='ocr_line' id='line_1_12' title="bbox 529 1092 2042 1186; baseline 0.019 -41"><span class='ocrx_word' id='word_1_62' title='bbox 529 1092 592 1186; x_wconf 85' lang='grc' dir='ltr'><strong>δ’.</strong></span> <span class='ocrx_word' id='word_1_63' title='bbox 612 1094 734 1147; x_wconf 82' lang='grc' dir='ltr'><strong>Ἐπὶ</strong></span> <span class='ocrx_word' id='word_1_64' title='bbox 749 1097 879 1164; x_wconf 92' lang='grc' dir='ltr'>γοῦν</span> <span class='ocrx_word' id='word_1_65' title='bbox 892 1116 920 1151; x_wconf 89' lang='grc' dir='ltr'>τ</span> <span class='ocrx_word' id='word_1_66' title='bbox 930 1101 1058 1170; x_wconf 85' lang='grc' dir='ltr'>ριῶν</span> <span class='ocrx_word' id='word_1_67' title='bbox 1069 1102 1342 1176; x_wconf 82' lang='grc' dir='ltr'>διαφόρων</span> <span class='ocrx_word' id='word_1_68' title='bbox 1354 1106 1730 1182; x_wconf 71' lang='grc' dir='ltr'>ὑποκειμένων</span> <span class='ocrx_word' id='word_1_69' title='bbox 1741 1115 1838 1186; x_wconf 83' lang='grc' dir='ltr'><strong>τῆς</strong></span> <span class='ocrx_word' id='word_1_70' title='bbox 1852 1115 2000 1181; x_wconf 83' lang='grc' dir='ltr'>θείας</span> <span class='ocrx_word' id='word_1_71' title='bbox 2014 1126 2042 1159; x_wconf 73' lang='grc' dir='ltr'><strong>ν</strong></span> 
     </span>
    </p>
   </div>
   <div class='ocr_carea' id='block_1_13' title="bbox 456 1183 2041 1279">
    <p class='ocr_par' dir='ltr' id='par_1_13' title="bbox 456 1183 2041 1279">
     <span class='ocr_line' id='line_1_13' title="bbox 456 1183 2041 1279; baseline 0.02 -43"><span class='ocrx_word' id='word_1_72' title='bbox 456 1183 749 1279; x_wconf 71' lang='grc' dir='ltr'>τιθεμένης</span> <span class='ocrx_word' id='word_1_73' title='bbox 782 1195 1178 1265; x_wconf 79' lang='grc' dir='ltr'>προσηγορίας,</span> <span class='ocrx_word' id='word_1_74' title='bbox 1211 1201 1305 1252; x_wconf 71' lang='grc' dir='ltr'>καὶ</span> <span class='ocrx_word' id='word_1_75' title='bbox 1335 1200 1430 1255; x_wconf 91' lang='grc' dir='ltr'><strong>τοῦ</strong></span> <span class='ocrx_word' id='word_1_76' title='bbox 1458 1203 1558 1273; x_wconf 83' lang='grc' dir='ltr'>μὲν</span> <span class='ocrx_word' id='word_1_77' title='bbox 1585 1183 1809 1279; x_wconf 72' lang='grc' dir='ltr'>κυρίως,</span> <span class='ocrx_word' id='word_1_78' title='bbox 1842 1210 1951 1264; x_wconf 83' lang='grc' dir='ltr'>τῶν</span> <span class='ocrx_word' id='word_1_79' title='bbox 1983 1212 2041 1266; x_wconf 77' lang='grc' dir='ltr'>δὲ</span> 
     </span>
    </p>
   </div>
   <div class='ocr_carea' id='block_1_14' title="bbox 457 1276 2040 1369">
    <p class='ocr_par' dir='ltr' id='par_1_14' title="bbox 457 1276 2040 1369">
     <span class='ocr_line' id='line_1_14' title="bbox 457 1276 2040 1369; baseline 0.019 -42"><span class='ocrx_word' id='word_1_80' title='bbox 457 1276 578 1329; x_wconf 81' lang='grc' dir='ltr'>καθ’</span> <span class='ocrx_word' id='word_1_81' title='bbox 611 1279 933 1352; x_wconf 79' lang='grc' dir='ltr'>ὁμωνυμίαν</span> <span class='ocrx_word' id='word_1_82' title='bbox 965 1286 1276 1358; x_wconf 81' lang='grc' dir='ltr'>λεγομένων</span> <span class='ocrx_word' id='word_1_83' title='bbox 1300 1309 1313 1323; x_wconf 92' lang='grc'><strong>·</strong></span> <span class='ocrx_word' id='word_1_84' title='bbox 1367 1293 1514 1351; x_wconf 79' lang='grc' dir='ltr'>ἔστιν</span> <span class='ocrx_word' id='word_1_85' title='bbox 1545 1276 1725 1369; x_wconf 77' lang='grc' dir='ltr'>εὑρεῖν</span> <span class='ocrx_word' id='word_1_86' title='bbox 1769 1302 1864 1357; x_wconf 79' lang='grc' dir='ltr'>καὶ</span> <span class='ocrx_word' id='word_1_87' title='bbox 1910 1305 2040 1359; x_wconf 77' lang='grc' dir='ltr'>ἄλλο</span> 
     </span>
    </p>
   </div>
   <div class='ocr_carea' id='block_1_15' title="bbox 454 1369 2036 1461">
    <p class='ocr_par' dir='ltr' id='par_1_15' title="bbox 454 1369 2036 1461">
     <span class='ocr_line' id='line_1_15' title="bbox 454 1369 2036 1461; baseline 0.02 -43"><span class='ocrx_word' id='word_1_88' title='bbox 454 1384 508 1420; x_wconf 85' lang='grc' dir='ltr'><strong>τι</strong></span> <span class='ocrx_word' id='word_1_89' title='bbox 542 1369 641 1437; x_wconf 78' lang='grc' dir='ltr'><strong>τῆς</strong></span> <span class='ocrx_word' id='word_1_90' title='bbox 664 1374 845 1443; x_wconf 79' lang='grc' dir='ltr'>φωνῆς</span> <span class='ocrx_word' id='word_1_91' title='bbox 889 1379 1312 1449; x_wconf 81' lang='grc' dir='ltr'>σημαινόμενον,</span> <span class='ocrx_word' id='word_1_92' title='bbox 1342 1386 1524 1441; x_wconf 78' lang='grc' dir='ltr'>οὐκέτι</span> <span class='ocrx_word' id='word_1_93' title='bbox 1556 1390 1656 1459; x_wconf 83' lang='grc' dir='ltr'><strong>μὲν</strong></span> <span class='ocrx_word' id='word_1_94' title='bbox 1684 1394 1826 1447; x_wconf 66' lang='grc' dir='ltr'>κατὰ</span> <span class='ocrx_word' id='word_1_95' title='bbox 1858 1394 2036 1461; x_wconf 73' lang='grc' dir='ltr'>δόξαν,</span> 
     </span>
    </p>
   </div>
   <div class='ocr_carea' id='block_1_16' title="bbox 456 1461 2039 1556">
    <p class='ocr_par' dir='ltr' id='par_1_16' title="bbox 456 1461 2039 1556">
     <span class='ocr_line' id='line_1_16' title="bbox 456 1461 2039 1556; baseline 0.018 -41"><span class='ocrx_word' id='word_1_96' title='bbox 456 1461 652 1556; x_wconf 72' lang='grc' dir='ltr'>χρήσει</span> <span class='ocrx_word' id='word_1_97' title='bbox 680 1462 740 1556; x_wconf 70' lang='grc' dir='ltr'><strong>δὲ</strong></span> <span class='ocrx_word' id='word_1_98' title='bbox 768 1463 904 1538; x_wconf 80' lang='grc' dir='ltr'>μόνῃ</span> <span class='ocrx_word' id='word_1_99' title='bbox 928 1466 1343 1542; x_wconf 89' lang='grc' dir='ltr'>λαμϐανόμενον</span> <span class='ocrx_word' id='word_1_100' title='bbox 1370 1478 1473 1546; x_wconf 86' lang='grc' dir='ltr'><strong>τῆς</strong></span> <span class='ocrx_word' id='word_1_101' title='bbox 1498 1478 1650 1544; x_wconf 84' lang='grc' dir='ltr'>θείας</span> <span class='ocrx_word' id='word_1_102' title='bbox 1679 1483 1924 1556; x_wconf 84' lang='grc' dir='ltr'>Γραφῆς.</span> <span class='ocrx_word' id='word_1_103' title='bbox 1957 1488 2039 1544; x_wconf 85' lang='grc' dir='ltr'><strong>Τὰ</strong></span> 
     </span>
    </p>
   </div>
   <div class='ocr_carea' id='block_1_17' title="bbox 456 1550 2038 1643">
    <p class='ocr_par' dir='ltr' id='par_1_17' title="bbox 456 1550 2038 1643">
     <span class='ocr_line' id='line_1_17' title="bbox 456 1550 2038 1643; baseline 0.021 -41"><span class='ocrx_word' id='word_1_104' title='bbox 456 1550 565 1643; x_wconf 64' lang='grc' dir='ltr'><strong>γάρ</strong></span> <span class='ocrx_word' id='word_1_105' title='bbox 593 1554 692 1623; x_wconf 75' lang='grc' dir='ltr'><strong>τῆς</strong></span> <span class='ocrx_word' id='word_1_106' title='bbox 729 1554 1049 1629; x_wconf 80' lang='grc' dir='ltr'><strong>Ἑλληνικῆς</strong></span> <span class='ocrx_word' id='word_1_107' title='bbox 1070 1561 1367 1633; x_wconf 86' lang='grc' dir='ltr'>θρησκείας</span> <span class='ocrx_word' id='word_1_108' title='bbox 1391 1550 1732 1642; x_wconf 77' lang='grc' dir='ltr'>σεϐάσματα,</span> <span class='ocrx_word' id='word_1_109' title='bbox 1763 1550 1918 1643; x_wconf 64' lang='lat' dir='ltr'><strong>Osci);</strong></span> <span class='ocrx_word' id='word_1_110' title='bbox 1943 1581 2038 1635; x_wconf 80' lang='grc' dir='ltr'>καὶ</span> 
     </span>
    </p>
   </div>
   <div class='ocr_carea' id='block_1_18' title="bbox 456 1641 2037 1734">
    <p class='ocr_par' dir='ltr' id='par_1_18' title="bbox 456 1641 2037 1734">
     <span class='ocr_line' id='line_1_18' title="bbox 456 1641 2037 1734; baseline 0.021 -41"><span class='ocrx_word' id='word_1_111' title='bbox 456 1641 594 1734; x_wconf 70' lang='grc' dir='ltr'>αὐτὴ</span> <span class='ocrx_word' id='word_1_112' title='bbox 632 1657 660 1687; x_wconf 72' lang='grc' dir='ltr'><strong>κ</strong></span> <span class='ocrx_word' id='word_1_113' title='bbox 715 1646 977 1712; x_wconf 84' lang='grc' dir='ltr'>πολλάκις</span> <span class='ocrx_word' id='word_1_114' title='bbox 1039 1652 1140 1721; x_wconf 79' lang='grc' dir='ltr'>μὲν</span> <span class='ocrx_word' id='word_1_115' title='bbox 1195 1641 1737 1734; x_wconf 81' lang='grc' dir='ltr'>κατειρωνευομένη,</span> <span class='ocrx_word' id='word_1_116' title='bbox 1793 1641 1908 1722; x_wconf 56' lang='grc' dir='ltr'><strong>καί</strong></span> <span class='ocrx_word' id='word_1_117' title='bbox 1944 1671 2037 1726; x_wconf 77' lang='grc' dir='ltr'><strong>ἐπὶ</strong></span> 
     </span>
    </p>
   </div>
   <div class='ocr_carea' id='block_1_19' title="bbox 454 1730 2033 1834">
    <p class='ocr_par' dir='ltr' id='par_1_19' title="bbox 454 1730 2033 1834">
     <span class='ocr_line' id='line_1_19' title="bbox 454 1730 2033 1834; baseline 0.021 -52"><span class='ocrx_word' id='word_1_118' title='bbox 454 1730 1350 1834; x_wconf 31' lang='grc' dir='ltr'>ἐλέγχῳ.τιῦνῌπροσκεκυνηκότων</span> <span class='ocrx_word' id='word_1_119' title='bbox 1375 1762 1389 1777; x_wconf 74' lang='grc' dir='ltr'><strong>ο</strong></span> <span class='ocrx_word' id='word_1_120' title='bbox 1426 1768 1446 1800; x_wconf 75' lang='grc' dir='ltr'><strong>ι</strong></span> <span class='ocrx_word' id='word_1_121' title='bbox 1482 1730 1732 1819; x_wconf 79' lang='grc' dir='ltr'>Βαδίζετε</span> <span class='ocrx_word' id='word_1_122' title='bbox 1765 1758 1895 1833; x_wconf 79' lang='grc' dir='ltr'>γὰρ,</span> <span class='ocrx_word' id='word_1_123' title='bbox 1927 1779 2033 1834; x_wconf 78' lang='grc' dir='ltr'><strong>φη-</strong></span> 
     </span>
    </p>
   </div>
   <div class='ocr_carea' id='block_1_20' title="bbox 454 1823 2034 1913">
    <p class='ocr_par' dir='ltr' id='par_1_20' title="bbox 454 1823 2034 1913">
     <span class='ocr_line' id='line_1_20' title="bbox 454 1823 2034 1913; baseline 0.021 -39"><span class='ocrx_word' id='word_1_124' title='bbox 454 1823 561 1887; x_wconf 68' lang='grc' dir='ltr'>σιν,</span> <span class='ocrx_word' id='word_1_125' title='bbox 591 1825 685 1877; x_wconf 87' lang='grc' dir='ltr'><strong>καί</strong></span> <span class='ocrx_word' id='word_1_126' title='bbox 720 1826 878 1896; x_wconf 76' lang='grc' dir='ltr'>βοᾶτε</span> <span class='ocrx_word' id='word_1_127' title='bbox 911 1832 1047 1902; x_wconf 85' lang='grc' dir='ltr'>πρὸς</span> <span class='ocrx_word' id='word_1_128' title='bbox 1078 1837 1205 1901; x_wconf 79' lang='grc' dir='ltr'>τοὺς</span> <span class='ocrx_word' id='word_1_129' title='bbox 1228 1838 1404 1906; x_wconf 83' lang='grc' dir='ltr'>θεοὺς,</span> <span class='ocrx_word' id='word_1_130' title='bbox 1437 1842 1532 1908; x_wconf 86' lang='grc' dir='ltr'><strong>οὒς</strong></span> <span class='ocrx_word' id='word_1_131' title='bbox 1560 1823 2034 1913; x_wconf 14' lang='grc' dir='ltr'>ἑξελέξαῶενὲαῦ-</span> 
     </span>
    </p>
   </div>
   <div class='ocr_carea' id='block_1_21' title="bbox 450 1916 2035 2009">
    <p class='ocr_par' dir='ltr' id='par_1_21' title="bbox 450 1916 2035 2009">
     <span class='ocr_line' id='line_1_21' title="bbox 450 1916 2035 2009; baseline 0.023 -46"><span class='ocrx_word' id='word_1_132' title='bbox 450 1916 587 2009; x_wconf 81' lang='grc' dir='ltr'>τοῖς,</span> <span class='ocrx_word' id='word_1_133' title='bbox 620 1916 715 1969; x_wconf 73' lang='grc' dir='ltr'><strong>καὶ</strong></span> <span class='ocrx_word' id='word_1_134' title='bbox 742 1919 896 1974; x_wconf 73' lang='grc' dir='ltr'>αὐτοὶ</span> <span class='ocrx_word' id='word_1_135' title='bbox 922 1926 1254 1984; x_wconf 83' lang='grc' dir='ltr'>σωσάτωσαν</span> <span class='ocrx_word' id='word_1_136' title='bbox 1276 1931 1421 2002; x_wconf 85' lang='grc' dir='ltr'>ὑμᾶς</span> <span class='ocrx_word' id='word_1_137' title='bbox 1440 1951 1455 1966; x_wconf 78' lang='grc' dir='ltr'><strong>ο</strong></span> <span class='ocrx_word' id='word_1_138' title='bbox 1490 1954 1509 1987; x_wconf 82' lang='lat' dir='ltr'><strong>t</strong></span> <span class='ocrx_word' id='word_1_139' title='bbox 1548 1937 1808 2005; x_wconf 84' lang='grc' dir='ltr'>πολλάκις</span> <span class='ocrx_word' id='word_1_140' title='bbox 1829 1942 1909 2009; x_wconf 83' lang='grc' dir='ltr'>δὲ,</span> <span class='ocrx_word' id='word_1_141' title='bbox 1940 1947 2035 2001; x_wconf 69' lang='grc' dir='ltr'><strong>καὶ</strong></span> 
     </span>
    </p>
   </div>
   <div class='ocr_carea' id='block_1_22' title="bbox 448 2004 2030 2092">
    <p class='ocr_par' dir='ltr' id='par_1_22' title="bbox 448 2004 2030 2092">
     <span class='ocr_line' id='line_1_22' title="bbox 448 2004 2030 2092; baseline 0.02 -37"><span class='ocrx_word' id='word_1_142' title='bbox 448 2004 530 2066; x_wconf 86' lang='grc' dir='ltr'><strong>είς</strong></span> <span class='ocrx_word' id='word_1_143' title='bbox 570 2006 738 2075; x_wconf 85' lang='grc' dir='ltr'>μόνην</span> <span class='ocrx_word' id='word_1_144' title='bbox 788 2008 1023 2078; x_wconf 88' lang='grc' dir='ltr'>δήλωσιν</span> <span class='ocrx_word' id='word_1_145' title='bbox 1064 2015 1157 2069; x_wconf 91' lang='grc' dir='ltr'><strong>τοῦ</strong></span> <span class='ocrx_word' id='word_1_146' title='bbox 1200 2022 1586 2092; x_wconf 83' lang='grc' dir='ltr'>προκειμένου,</span> <span class='ocrx_word' id='word_1_147' title='bbox 1618 2004 2030 2085; x_wconf 12' lang='grc' dir='ltr'>εῖωθείκαλεῖνο</span> 
     </span>
    </p>
   </div>
   <div class='ocr_carea' id='block_1_23' title="bbox 458 2096 2033 2194">
    <p class='ocr_par' dir='ltr' id='par_1_23' title="bbox 458 2096 2033 2194">
     <span class='ocr_line' id='line_1_23' title="bbox 458 2096 2033 2194; baseline 0.02 -48"><span class='ocrx_word' id='word_1_148' title='bbox 458 2096 630 2194; x_wconf 58' lang='grc' dir='ltr'>ιΟῦκ</span> <span class='ocrx_word' id='word_1_149' title='bbox 672 2098 886 2155; x_wconf 79' lang='grc' dir='ltr'>ἔσονταί</span> <span class='ocrx_word' id='word_1_150' title='bbox 939 2122 1021 2159; x_wconf 90' lang='grc' dir='ltr'><strong>σοι</strong></span> <span class='ocrx_word' id='word_1_151' title='bbox 1070 2107 1199 2180; x_wconf 84' lang='grc' dir='ltr'>γὰρ,</span> <span class='ocrx_word' id='word_1_152' title='bbox 1255 2114 1439 2182; x_wconf 76' lang='grc' dir='ltr'>φησὶν,</span> <span class='ocrx_word' id='word_1_153' title='bbox 1498 2116 1610 2170; x_wconf 76' lang='grc' dir='ltr'>θεοὶ</span> <span class='ocrx_word' id='word_1_154' title='bbox 1666 2118 1843 2189; x_wconf 72' lang='grc' dir='ltr'>ἕτεροι</span> <span class='ocrx_word' id='word_1_155' title='bbox 1892 2123 2033 2194; x_wconf 79' lang='grc' dir='ltr'>πλὴν</span> 
     </span>
    </p>
   </div>
   <div class='ocr_carea' id='block_1_24' title="bbox 450 2185 2034 2286">
    <p class='ocr_par' dir='ltr' id='par_1_24' title="bbox 450 2185 2034 2286">
     <span class='ocr_line' id='line_1_24' title="bbox 450 2185 2034 2286; baseline 0.021 -51"><span class='ocrx_word' id='word_1_156' title='bbox 450 2185 606 2286; x_wconf 73' lang='grc' dir='ltr'>ἐμοῦ·</span> <span class='ocrx_word' id='word_1_157' title='bbox 639 2207 657 2239; x_wconf 77' lang='grc' dir='ltr'><strong>ι</strong></span> <span class='ocrx_word' id='word_1_158' title='bbox 696 2193 813 2286; x_wconf 74' lang='grc' dir='ltr'>καὶ,</span> <span class='ocrx_word' id='word_1_159' title='bbox 846 2211 865 2244; x_wconf 78' lang='grc' dir='ltr'><strong>ι</strong></span> <span class='ocrx_word' id='word_1_160' title='bbox 904 2195 1017 2248; x_wconf 83' lang='grc' dir='ltr'>Οὐκ</span> <span class='ocrx_word' id='word_1_161' title='bbox 1049 2199 1344 2271; x_wconf 78' lang='grc' dir='ltr'>ἐποιήσατε</span> <span class='ocrx_word' id='word_1_162' title='bbox 1398 2205 1528 2273; x_wconf 83' lang='grc' dir='ltr'>ὑμῖν</span> <span class='ocrx_word' id='word_1_163' title='bbox 1574 2207 1729 2273; x_wconf 75' lang='grc' dir='ltr'>θεοὺς</span> <span class='ocrx_word' id='word_1_164' title='bbox 1757 2185 2034 2286; x_wconf 74' lang='grc' dir='ltr'>άργυροῦς</span> 
     </span>
    </p>
   </div>
   <div class='ocr_carea' id='block_1_25' title="bbox 448 2278 1545 2366">
    <p class='ocr_par' dir='ltr' id='par_1_25' title="bbox 448 2278 1545 2366">
     <span class='ocr_line' id='line_1_25' title="bbox 448 2278 1545 2366; baseline 0.019 -36"><span class='ocrx_word' id='word_1_165' title='bbox 448 2278 542 2330; x_wconf 58' lang='grc' dir='ltr'>καῖ.</span> <span class='ocrx_word' id='word_1_166' title='bbox 565 2282 837 2349; x_wconf 78' lang='grc' dir='ltr'>χρυσοῦς;</span> <span class='ocrx_word' id='word_1_167' title='bbox 879 2304 897 2335; x_wconf 75' lang='grc' dir='ltr'><strong>ι</strong></span> <span class='ocrx_word' id='word_1_168' title='bbox 934 2289 1029 2341; x_wconf 75' lang='grc' dir='ltr'><strong>καὶ</strong></span> <span class='ocrx_word' id='word_1_169' title='bbox 1061 2292 1228 2361; x_wconf 89' lang='grc' dir='ltr'>μυρία</span> <span class='ocrx_word' id='word_1_170' title='bbox 1262 2295 1293 2364; x_wconf 86' lang='grc' dir='ltr'><strong>ή</strong></span> <span class='ocrx_word' id='word_1_171' title='bbox 1327 2296 1545 2366; x_wconf 83' lang='grc' dir='ltr'>χρῆσις.</span> 
     </span>
    </p>
   </div>
   <div class='ocr_carea' id='block_1_26' title="bbox 518 2370 2033 2467">
    <p class='ocr_par' dir='ltr' id='par_1_26' title="bbox 518 2370 2033 2467">
     <span class='ocr_line' id='line_1_26' title="bbox 518 2370 2033 2467; baseline 0.021 -47"><span class='ocrx_word' id='word_1_172' title='bbox 518 2375 561 2467; x_wconf 82' lang='grc' dir='ltr'>ε’</span> <span class='ocrx_word' id='word_1_173' title='bbox 590 2370 752 2467; x_wconf 29' lang='grc' dir='ltr'>,Ἐπεὶ</span> <span class='ocrx_word' id='word_1_174' title='bbox 768 2374 824 2427; x_wconf 80' lang='grc' dir='ltr'>δὲ</span> <span class='ocrx_word' id='word_1_175' title='bbox 851 2376 1089 2448; x_wconf 83' lang='grc' dir='ltr'>τέσσαρα</span> <span class='ocrx_word' id='word_1_176' title='bbox 1113 2389 1142 2429; x_wconf 68' lang='grc'><em>1</em></span> <span class='ocrx_word' id='word_1_177' title='bbox 1158 2382 1276 2452; x_wconf 87' lang='grc' dir='ltr'>τῆς,</span> <span class='ocrx_word' id='word_1_178' title='bbox 1299 2387 1463 2453; x_wconf 84' lang='grc' dir='ltr'>Θεὸς,</span> <span class='ocrx_word' id='word_1_179' title='bbox 1484 2390 1667 2461; x_wconf 67' lang='grc' dir='ltr'>φωνῆς</span> <span class='ocrx_word' id='word_1_180' title='bbox 1688 2392 1931 2467; x_wconf 85' lang='grc' dir='ltr'>διεκρίθη</span> <span class='ocrx_word' id='word_1_181' title='bbox 1961 2396 2033 2452; x_wconf 79' lang='grc' dir='ltr'>τὰ</span> 
     </span>
    </p>
   </div>
   <div class='ocr_carea' id='block_1_27' title="bbox 445 2459 2030 2557">
    <p class='ocr_par' dir='ltr' id='par_1_27' title="bbox 445 2459 2030 2557">
     <span class='ocr_line' id='line_1_27' title="bbox 445 2459 2030 2557; baseline 0.018 -44"><span class='ocrx_word' id='word_1_182' title='bbox 445 2459 777 2557; x_wconf 79' lang='grc' dir='ltr'>δηλούμενα·</span> <span class='ocrx_word' id='word_1_183' title='bbox 828 2470 1027 2524; x_wconf 75' lang='grc' dir='ltr'>ειδέναι</span> <span class='ocrx_word' id='word_1_184' title='bbox 1085 2474 1167 2527; x_wconf 85' lang='grc' dir='ltr'>δεῖ</span> <span class='ocrx_word' id='word_1_185' title='bbox 1209 2476 1285 2540; x_wconf 83' lang='grc' dir='ltr'>ὡς</span> <span class='ocrx_word' id='word_1_186' title='bbox 1330 2478 1389 2531; x_wconf 85' lang='grc' dir='ltr'><strong>ἑν</strong></span> <span class='ocrx_word' id='word_1_187' title='bbox 1427 2481 1503 2550; x_wconf 85' lang='grc' dir='ltr'>τῷ</span> <span class='ocrx_word' id='word_1_188' title='bbox 1553 2459 2030 2557; x_wconf 35' lang='grc' dir='ltr'>προκειμένῳυσοι</span> 
     </span>
    </p>
   </div>
   <div class='ocr_carea' id='block_1_28' title="bbox 444 2554 2030 2652">
    <p class='ocr_par' dir='ltr' id='par_1_28' title="bbox 444 2554 2030 2652">
     <span class='ocr_line' id='line_1_28' title="bbox 444 2554 2030 2652; baseline 0.019 -46"><span class='ocrx_word' id='word_1_189' title='bbox 444 2554 583 2625; x_wconf 78' lang='grc' dir='ltr'>πρὸς</span> <span class='ocrx_word' id='word_1_190' title='bbox 659 2558 895 2652; x_wconf 83' lang='grc' dir='ltr'>μάθησιν</span> <span class='ocrx_word' id='word_1_191' title='bbox 960 2566 1129 2635; x_wconf 77' lang='grc' dir='ltr'>ῥητῷ,</span> <span class='ocrx_word' id='word_1_192' title='bbox 1197 2586 1217 2620; x_wconf 84' lang='grc' dir='ltr'><strong>ι</strong></span> <span class='ocrx_word' id='word_1_193' title='bbox 1274 2571 1594 2643; x_wconf 75' lang='grc' dir='ltr'>’Ἄνθρωπος</span> <span class='ocrx_word' id='word_1_194' title='bbox 1666 2576 1725 2637; x_wconf 85' lang='grc' dir='ltr'>ὃς</span> <span class='ocrx_word' id='word_1_195' title='bbox 1757 2554 2030 2652; x_wconf 72' lang='grc' dir='ltr'>καταρά-</span> 
     </span>
    </p>
   </div>
   <div class='ocr_carea' id='block_1_29' title="bbox 445 2650 2031 2745">
    <p class='ocr_par' dir='ltr' id='par_1_29' title="bbox 445 2650 2031 2745">
     <span class='ocr_line' id='line_1_29' title="bbox 445 2650 2031 2745; baseline 0.019 -45"><span class='ocrx_word' id='word_1_196' title='bbox 445 2665 606 2745; x_wconf 67' lang='grc' dir='ltr'>σηται</span> <span class='ocrx_word' id='word_1_197' title='bbox 631 2650 808 2745; x_wconf 26' lang='grc' dir='ltr'>ΑΘεὸν,</span> <span class='ocrx_word' id='word_1_198' title='bbox 858 2656 1137 2728; x_wconf 77' lang='grc' dir='ltr'>ἁμαρτίαν</span> <span class='ocrx_word' id='word_1_199' title='bbox 1176 2658 1434 2731; x_wconf 74' lang='grc' dir='ltr'>λήψεται,</span> <span class='ocrx_word' id='word_1_200' title='bbox 1480 2684 1500 2719; x_wconf 70' lang='grc' dir='ltr'><strong>ι</strong></span> <span class='ocrx_word' id='word_1_201' title='bbox 1534 2668 1629 2721; x_wconf 74' lang='grc' dir='ltr'>καὶ</span> <span class='ocrx_word' id='word_1_202' title='bbox 1664 2669 1811 2741; x_wconf 82' lang='grc' dir='ltr'>ἑξῆς,</span> <span class='ocrx_word' id='word_1_203' title='bbox 1846 2674 1897 2728; x_wconf 76' lang='grc' dir='ltr'><strong>οἱ</strong></span> <span class='ocrx_word' id='word_1_204' title='bbox 1929 2650 2031 2745; x_wconf 79' lang='grc' dir='ltr'>μὲν</span> 
     </span>
    </p>
   </div>
   <div class='ocr_carea' id='block_1_30' title="bbox 442 2738 2030 2832">
    <p class='ocr_par' dir='ltr' id='par_1_30' title="bbox 442 2738 2030 2832">
     <span class='ocr_line' id='line_1_30' title="bbox 442 2738 2030 2832; baseline 0.019 -42"><span class='ocrx_word' id='word_1_205' title='bbox 442 2738 576 2832; x_wconf 77' lang='grc' dir='ltr'>Θεὸν</span> <span class='ocrx_word' id='word_1_206' title='bbox 627 2742 890 2811; x_wconf 77' lang='grc' dir='ltr'>ἐνταῦθα,</span> <span class='ocrx_word' id='word_1_207' title='bbox 940 2748 1032 2802; x_wconf 76' lang='grc' dir='ltr'><strong>τὸν</strong></span> <span class='ocrx_word' id='word_1_208' title='bbox 1081 2751 1297 2823; x_wconf 83' lang='grc' dir='ltr'>ἀληθῶς</span> <span class='ocrx_word' id='word_1_209' title='bbox 1360 2757 1455 2810; x_wconf 79' lang='grc' dir='ltr'><strong>καὶ</strong></span> <span class='ocrx_word' id='word_1_210' title='bbox 1498 2759 1705 2831; x_wconf 78' lang='grc' dir='ltr'>κυρίως</span> <span class='ocrx_word' id='word_1_211' title='bbox 1747 2738 1888 2817; x_wconf 70' lang='grc' dir='ltr'>’θεὸν</span> <span class='ocrx_word' id='word_1_212' title='bbox 1931 2738 2030 2832; x_wconf 77' lang='grc' dir='ltr'><strong>ἐξ-</strong></span> 
     </span>
    </p>
   </div>
   <div class='ocr_carea' id='block_1_31' title="bbox 443 2830 2029 2921">
    <p class='ocr_par' dir='ltr' id='par_1_31' title="bbox 443 2830 2029 2921">
     <span class='ocr_line' id='line_1_31' title="bbox 443 2830 2029 2921; baseline 0.018 -39"><span class='ocrx_word' id='word_1_213' title='bbox 443 2830 770 2887; x_wconf 75' lang='grc' dir='ltr'>ακούουσινο</span> <span class='ocrx_word' id='word_1_214' title='bbox 815 2839 863 2890; x_wconf 86' lang='grc' dir='ltr'>οἱ</span> <span class='ocrx_word' id='word_1_215' title='bbox 899 2837 977 2904; x_wconf 80' lang='grc' dir='ltr'><strong>δὲ,</strong></span> <span class='ocrx_word' id='word_1_216' title='bbox 1009 2839 1118 2893; x_wconf 84' lang='grc' dir='ltr'><strong>τῶν</strong></span> <span class='ocrx_word' id='word_1_217' title='bbox 1161 2844 1535 2916; x_wconf 78' lang='grc' dir='ltr'>ψευδωνύμως</span> <span class='ocrx_word' id='word_1_218' title='bbox 1580 2830 2029 2921; x_wconf 74' lang='grc' dir='ltr'>ἐπονομασθέντα</span> 
     </span>
    </p>
   </div>
   <div class='ocr_carea' id='block_1_32' title="bbox 442 2921 2025 3015">
    <p class='ocr_par' dir='ltr' id='par_1_32' title="bbox 442 2921 2025 3015">
     <span class='ocr_line' id='line_1_32' title="bbox 442 2921 2025 3015; baseline 0.016 -40"><span class='ocrx_word' id='word_1_219' title='bbox 442 2921 813 2993; x_wconf 83' lang='grc' dir='ltr'>λαμϐάνουσιν</span> <span class='ocrx_word' id='word_1_220' title='bbox 836 2945 852 2960; x_wconf 74' lang='grc' dir='ltr'><strong>ο</strong></span> <span class='ocrx_word' id='word_1_221' title='bbox 879 2930 1053 3004; x_wconf 80' lang='grc' dir='ltr'>ἀρχὴν</span> <span class='ocrx_word' id='word_1_222' title='bbox 1084 2933 1139 2988; x_wconf 85' lang='grc' dir='ltr'>δὲ</span> <span class='ocrx_word' id='word_1_223' title='bbox 1160 2934 1415 3007; x_wconf 79' lang='grc' dir='ltr'>διάφορον</span> <span class='ocrx_word' id='word_1_224' title='bbox 1440 2938 1653 3005; x_wconf 79' lang='grc' dir='ltr'>ἑαυτοῖς</span> <span class='ocrx_word' id='word_1_225' title='bbox 1678 2942 2025 3015; x_wconf 78' lang='grc' dir='ltr'>ὑποθέμενοι,</span> 
     </span>
    </p>
   </div>
   <div class='ocr_carea' id='block_1_33' title="bbox 440 3016 2029 3110">
    <p class='ocr_par' dir='ltr' id='par_1_33' title="bbox 440 3016 2029 3110">
     <span class='ocr_line' id='line_1_33' title="bbox 440 3016 2029 3110; baseline 0.013 -37"><span class='ocrx_word' id='word_1_226' title='bbox 440 3016 537 3110; x_wconf 75' lang='grc' dir='ltr'>καὶ</span> <span class='ocrx_word' id='word_1_227' title='bbox 564 3018 633 3072; x_wconf 84' lang='grc' dir='ltr'>τὰ</span> <span class='ocrx_word' id='word_1_228' title='bbox 669 3019 796 3090; x_wconf 76' lang='grc' dir='ltr'>ἑξῆς</span> <span class='ocrx_word' id='word_1_229' title='bbox 830 3022 1103 3097; x_wconf 79' lang='grc' dir='ltr'>διαφόρως</span> <span class='ocrx_word' id='word_1_230' title='bbox 1145 3030 1513 3099; x_wconf 78' lang='grc' dir='ltr'>περαίνουσιν.</span> <span class='ocrx_word' id='word_1_231' title='bbox 1548 3034 1612 3086; x_wconf 84' lang='grc' dir='ltr'>Οί</span> <span class='ocrx_word' id='word_1_232' title='bbox 1641 3035 1751 3106; x_wconf 79' lang='grc' dir='ltr'>γὰρ</span> <span class='ocrx_word' id='word_1_233' title='bbox 1798 3037 2029 3110; x_wconf 81' lang='grc' dir='ltr'>ὑπειλη-</span> 
     </span>
    </p>
   </div>
   <div class='ocr_carea' id='block_1_34' title="bbox 440 3107 2093 3219">
    <p class='ocr_par' dir='ltr' id='par_1_34' title="bbox 440 3107 2093 3219">
     <span class='ocr_line' id='line_1_34' title="bbox 440 3107 2093 3219; baseline 0.008 -46"><span class='ocrx_word' id='word_1_234' title='bbox 440 3107 763 3219; x_wconf 39' lang='grc' dir='ltr'>φύτεςνθεὸν</span> <span class='ocrx_word' id='word_1_235' title='bbox 795 3115 1047 3219; x_wconf 54' lang='grc' dir='ltr'>ξξρῆσθαι</span> <span class='ocrx_word' id='word_1_236' title='bbox 1076 3118 1195 3219; x_wconf 67' lang='grc' dir='ltr'>νῦν,</span> <span class='ocrx_word' id='word_1_237' title='bbox 1224 3119 1283 3173; x_wconf 83' lang='grc' dir='ltr'>ὃν</span> <span class='ocrx_word' id='word_1_238' title='bbox 1307 3121 1537 3189; x_wconf 66' lang='grc' dir='ltr'>ἕκαστος</span> <span class='ocrx_word' id='word_1_239' title='bbox 1564 3126 1672 3179; x_wconf 84' lang='grc' dir='ltr'><strong>τῶν</strong></span> <span class='ocrx_word' id='word_1_240' title='bbox 1700 3107 2023 3187; x_wconf 76' lang='grc' dir='ltr'>δυσσεϐούν-</span> <span class='ocrx_word' id='word_1_241' title='bbox 2046 3153 2093 3219; x_wconf 79' lang='lat' dir='ltr'><strong><em>C</em></strong></span> 
     </span>
    </p>
   </div>
   <div class='ocr_carea' id='block_1_35' title="bbox 438 3200 2018 3277">
    <p class='ocr_par' dir='ltr' id='par_1_35' title="bbox 438 3200 2018 3277">
     <span class='ocr_line' id='line_1_35' title="bbox 438 3200 2018 3277; baseline 0.018 -27"><span class='ocrx_word' id='word_1_242' title='bbox 438 3214 548 3251; x_wconf 83' lang='grc' dir='ltr'><strong>των</strong></span> <span class='ocrx_word' id='word_1_243' title='bbox 593 3200 719 3271; x_wconf 78' lang='grc' dir='ltr'>ἄγει</span> <span class='ocrx_word' id='word_1_244' title='bbox 756 3203 1025 3276; x_wconf 72' lang='grc' dir='ltr'>σέϐασμα,</span> <span class='ocrx_word' id='word_1_245' title='bbox 1061 3208 1203 3263; x_wconf 76' lang='grc' dir='ltr'>οὕτω</span> <span class='ocrx_word' id='word_1_246' title='bbox 1236 3209 1329 3264; x_wconf 83' lang='grc' dir='ltr'><strong>τδν</strong></span> <span class='ocrx_word' id='word_1_247' title='bbox 1371 3212 1497 3267; x_wconf 90' lang='grc' dir='ltr'>νοῦν</span> <span class='ocrx_word' id='word_1_248' title='bbox 1540 3217 2018 3277; x_wconf 83' lang='grc' dir='ltr'>άναπτύσσουσιν·</span> 
     </span>
    </p>
   </div>
   <div class='ocr_carea' id='block_1_36' title="bbox 439 3288 2024 3385">
    <p class='ocr_par' dir='ltr' id='par_1_36' title="bbox 439 3288 2024 3385">
     <span class='ocr_line' id='line_1_36' title="bbox 439 3288 2024 3385; baseline 0.02 -46"><span class='ocrx_word' id='word_1_249' title='bbox 439 3288 513 3340; x_wconf 78' lang='grc' dir='ltr'><strong>Οὐ</strong></span> <span class='ocrx_word' id='word_1_250' title='bbox 536 3288 636 3355; x_wconf 87' lang='grc' dir='ltr'>δεῖ,</span> <span class='ocrx_word' id='word_1_251' title='bbox 666 3295 850 3363; x_wconf 68' lang='grc' dir='ltr'>φησὶν,</span> <span class='ocrx_word' id='word_1_252' title='bbox 879 3297 1000 3350; x_wconf 79' lang='grc' dir='ltr'>οὐδὲ</span> <span class='ocrx_word' id='word_1_253' title='bbox 1022 3299 1113 3353; x_wconf 80' lang='grc' dir='ltr'><strong>τὸν</strong></span> <span class='ocrx_word' id='word_1_254' title='bbox 1149 3301 1485 3373; x_wconf 81' lang='grc' dir='ltr'>Ἑλληνικαῖς</span> <span class='ocrx_word' id='word_1_255' title='bbox 1509 3308 1829 3380; x_wconf 85' lang='grc' dir='ltr'>θρησκείαις</span> <span class='ocrx_word' id='word_1_256' title='bbox 1852 3330 2024 3385; x_wconf 85' lang='grc' dir='ltr'>προσ-</span> 
     </span>
    </p>
   </div>
   <div class='ocr_carea' id='block_1_37' title="bbox 437 3384 2024 3473">
    <p class='ocr_par' dir='ltr' id='par_1_37' title="bbox 437 3384 2024 3473">
     <span class='ocr_line' id='line_1_37' title="bbox 437 3384 2024 3473; baseline 0.018 -41"><span class='ocrx_word' id='word_1_257' title='bbox 437 3384 796 3473; x_wconf 78' lang='grc' dir='ltr'>ανακείμενον</span> <span class='ocrx_word' id='word_1_258' title='bbox 820 3387 1123 3461; x_wconf 76' lang='grc' dir='ltr'>ἐξυϐρίζειν</span> <span class='ocrx_word' id='word_1_259' title='bbox 1142 3393 1279 3464; x_wconf 79' lang='grc' dir='ltr'>ὅπερ</span> <span class='ocrx_word' id='word_1_260' title='bbox 1302 3395 1537 3452; x_wconf 78' lang='grc' dir='ltr'>σέϐεται.</span> <span class='ocrx_word' id='word_1_261' title='bbox 1570 3401 1633 3453; x_wconf 81' lang='lat' dir='ltr'><strong>Ei</strong></span> <span class='ocrx_word' id='word_1_262' title='bbox 1662 3402 1769 3473; x_wconf 83' lang='grc' dir='ltr'>γὰρ</span> <span class='ocrx_word' id='word_1_263' title='bbox 1800 3384 2024 3462; x_wconf 78' lang='grc' dir='ltr'>κάκεῖνο</span> 
     </span>
    </p>
   </div>
   <div class='ocr_carea' id='block_1_38' title="bbox 435 3471 2023 3555">
    <p class='ocr_par' dir='ltr' id='par_1_38' title="bbox 435 3471 2023 3555">
     <span class='ocr_line' id='line_1_38' title="bbox 435 3471 2023 3555; baseline 0.019 -33"><span class='ocrx_word' id='word_1_264' title='bbox 435 3471 747 3544; x_wconf 69' lang='grc' dir='ltr'>δυσφημίας</span> <span class='ocrx_word' id='word_1_265' title='bbox 794 3479 943 3532; x_wconf 78' lang='grc' dir='ltr'>ἐστὶν</span> <span class='ocrx_word' id='word_1_266' title='bbox 977 3481 1197 3555; x_wconf 81' lang='grc' dir='ltr'>ἁπάσης</span> <span class='ocrx_word' id='word_1_267' title='bbox 1229 3485 1409 3552; x_wconf 70' lang='grc' dir='ltr'>ἄξιον*</span> <span class='ocrx_word' id='word_1_268' title='bbox 1456 3491 1691 3546; x_wconf 78' lang='grc' dir='ltr'>καὶτῶν</span> <span class='ocrx_word' id='word_1_269' title='bbox 1733 3471 2023 3552; x_wconf 77' lang='grc' dir='ltr'>εὐσεϐούν-</span> 
     </span>
    </p>
   </div>
   <div class='ocr_carea' id='block_1_39' title="bbox 435 3566 2021 3659">
    <p class='ocr_par' dir='ltr' id='par_1_39' title="bbox 435 3566 2021 3659">
     <span class='ocr_line' id='line_1_39' title="bbox 435 3566 2021 3659; baseline 0.019 -46"><span class='ocrx_word' id='word_1_270' title='bbox 435 3579 543 3659; x_wconf 70' lang='grc' dir='ltr'><strong>των</strong></span> <span class='ocrx_word' id='word_1_271' title='bbox 573 3566 791 3659; x_wconf 73' lang='grc' dir='ltr'>ἑκάστῳ</span> <span class='ocrx_word' id='word_1_272' title='bbox 829 3569 1105 3643; x_wconf 78' lang='grc' dir='ltr'>βδέλυγμα</span> <span class='ocrx_word' id='word_1_273' title='bbox 1133 3577 1224 3630; x_wconf 76' lang='grc' dir='ltr'><strong>καὶ</strong></span> <span class='ocrx_word' id='word_1_274' title='bbox 1251 3578 1568 3647; x_wconf 75' lang='grc' dir='ltr'>νομίζεσθαι</span> <span class='ocrx_word' id='word_1_275' title='bbox 1616 3586 1711 3638; x_wconf 78' lang='grc' dir='ltr'><strong>καὶ</strong></span> <span class='ocrx_word' id='word_1_276' title='bbox 1752 3585 2021 3659; x_wconf 76' lang='grc' dir='ltr'>ὀνομάζε-</span> 
     </span>
    </p>
   </div>
   <div class='ocr_carea' id='block_1_40' title="bbox 438 3653 2020 3745">
    <p class='ocr_par' dir='ltr' id='par_1_40' title="bbox 438 3653 2020 3745">
     <span class='ocr_line' id='line_1_40' title="bbox 438 3653 2020 3745; baseline 0.019 -40"><span class='ocrx_word' id='word_1_277' title='bbox 438 3653 561 3707; x_wconf 84' lang='grc' dir='ltr'>σθαι</span> <span class='ocrx_word' id='word_1_278' title='bbox 618 3657 826 3712; x_wconf 84' lang='grc' dir='ltr'>δίκαιον</span> <span class='ocrx_word' id='word_1_279' title='bbox 848 3677 862 3690; x_wconf 88' lang='grc'><strong>·</strong></span> <span class='ocrx_word' id='word_1_280' title='bbox 902 3662 1025 3717; x_wconf 80' lang='grc' dir='ltr'>ἀλλ’·</span> <span class='ocrx_word' id='word_1_281' title='bbox 1059 3662 1155 3720; x_wconf 81' lang='grc' dir='ltr'><strong>οῦν</strong></span> <span class='ocrx_word' id='word_1_282' title='bbox 1190 3670 1219 3721; x_wconf 84' lang='grc' dir='ltr'>ὅ</span> <span class='ocrx_word' id='word_1_283' title='bbox 1261 3686 1325 3738; x_wconf 87' lang='grc' dir='ltr'><strong>γε</strong></span> <span class='ocrx_word' id='word_1_284' title='bbox 1369 3672 1505 3725; x_wconf 78' lang='grc' dir='ltr'>θεὸν</span> <span class='ocrx_word' id='word_1_285' title='bbox 1530 3674 1789 3745; x_wconf 73' lang='grc' dir='ltr'>νομίζων,</span> <span class='ocrx_word' id='word_1_286' title='bbox 1814 3653 2020 3735; x_wconf 50' lang='grc' dir='ltr'>είταξδὲ</span> 
     </span>
    </p>
   </div>
   <div class='ocr_carea' id='block_1_41' title="bbox 433 3745 2018 3839">
    <p class='ocr_par' dir='ltr' id='par_1_41' title="bbox 433 3745 2018 3839">
     <span class='ocr_line' id='line_1_41' title="bbox 433 3745 2018 3839; baseline 0.018 -42"><span class='ocrx_word' id='word_1_287' title='bbox 433 3745 754 3819; x_wconf 56' lang='grc' dir='ltr'>δυσᾳημῶν,</span> <span class='ocrx_word' id='word_1_288' title='bbox 791 3754 1067 3826; x_wconf 82' lang='grc' dir='ltr'>ἁμαρτίας</span> <span class='ocrx_word' id='word_1_289' title='bbox 1126 3761 1273 3814; x_wconf 78' lang='grc' dir='ltr'>ἐστὶν</span> <span class='ocrx_word' id='word_1_290' title='bbox 1318 3761 1522 3833; x_wconf 78' lang='grc' dir='ltr'>ἔνοχος.</span> <span class='ocrx_word' id='word_1_291' title='bbox 1555 3766 1633 3837; x_wconf 81' lang='grc' dir='ltr'><strong>Τῇ</strong></span> <span class='ocrx_word' id='word_1_292' title='bbox 1679 3769 1788 3839; x_wconf 84' lang='grc' dir='ltr'>γὰρ</span> <span class='ocrx_word' id='word_1_293' title='bbox 1819 3769 2018 3825; x_wconf 80' lang='grc' dir='ltr'>ἑαυτοῦ</span> 
     </span>
    </p>
   </div>
   <div class='ocr_carea' id='block_1_42' title="bbox 432 3840 2021 3934">
    <p class='ocr_par' dir='ltr' id='par_1_42' title="bbox 432 3840 2021 3934">
     <span class='ocr_line' id='line_1_42' title="bbox 432 3840 2021 3934; baseline 0.02 -46"><span class='ocrx_word' id='word_1_294' title='bbox 432 3840 622 3934; x_wconf 67' lang='grc' dir='ltr'>γνωμῃ</span> <span class='ocrx_word' id='word_1_295' title='bbox 655 3844 750 3897; x_wconf 82' lang='grc' dir='ltr'>καὶ</span> <span class='ocrx_word' id='word_1_296' title='bbox 771 3846 971 3916; x_wconf 81' lang='grc' dir='ltr'>κρίσει,</span> <span class='ocrx_word' id='word_1_297' title='bbox 995 3850 1128 3904; x_wconf 78' lang='grc' dir='ltr'>Θεὸν</span> <span class='ocrx_word' id='word_1_298' title='bbox 1154 3853 1183 3906; x_wconf 87' lang='grc' dir='ltr'><strong>ό</strong></span> <span class='ocrx_word' id='word_1_299' title='bbox 1202 3854 1442 3921; x_wconf 84' lang='grc' dir='ltr'>τοιοῦτος</span> <span class='ocrx_word' id='word_1_300' title='bbox 1465 3858 1751 3913; x_wconf 82' lang='grc' dir='ltr'>ἁλίσκεται</span> <span class='ocrx_word' id='word_1_301' title='bbox 1776 3861 2021 3934; x_wconf 82' lang='grc' dir='ltr'>βλασφη-</span> 
     </span>
    </p>
   </div>
   <div class='ocr_carea' id='block_1_43' title="bbox 435 3932 2018 4019">
    <p class='ocr_par' dir='ltr' id='par_1_43' title="bbox 435 3932 2018 4019">
     <span class='ocr_line' id='line_1_43' title="bbox 435 3932 2018 4019; baseline 0.017 -35"><span class='ocrx_word' id='word_1_302' title='bbox 435 3932 570 4019; x_wconf 76' lang='grc' dir='ltr'>μῶν,</span> <span class='ocrx_word' id='word_1_303' title='bbox 606 3936 699 3988; x_wconf 81' lang='grc' dir='ltr'>καὶ</span> <span class='ocrx_word' id='word_1_304' title='bbox 724 3938 1047 4006; x_wconf 77' lang='grc' dir='ltr'>δυσσεϐείας</span> <span class='ocrx_word' id='word_1_305' title='bbox 1078 3945 1380 4001; x_wconf 84' lang='grc' dir='ltr'>ὑπεύθυνον</span> <span class='ocrx_word' id='word_1_306' title='bbox 1409 3950 1601 4003; x_wconf 79' lang='grc' dir='ltr'>ἑαυτὸν</span> <span class='ocrx_word' id='word_1_307' title='bbox 1628 3932 2018 4019; x_wconf 42' lang='grc' dir='ltr'>καθιστάςξΤί</span> 
     </span>
    </p>
   </div>
   <div class='ocr_carea' id='block_1_44' title="bbox 430 4018 2014 4116">
    <p class='ocr_par' dir='ltr' id='par_1_44' title="bbox 430 4018 2014 4116">
     <span class='ocr_line' id='line_1_44' title="bbox 430 4018 2014 4116; baseline 0.019 -45"><span class='ocrx_word' id='word_1_308' title='bbox 430 4018 557 4089; x_wconf 78' lang='grc' dir='ltr'>γὰρ,</span> <span class='ocrx_word' id='word_1_309' title='bbox 597 4023 717 4116; x_wconf 80' lang='grc' dir='ltr'>ἐνὸν</span> <span class='ocrx_word' id='word_1_310' title='bbox 764 4026 795 4096; x_wconf 79' lang='grc' dir='ltr'>ἦ</span> <span class='ocrx_word' id='word_1_311' title='bbox 841 4027 914 4099; x_wconf 78' lang='grc' dir='ltr'>μὴ</span> <span class='ocrx_word' id='word_1_312' title='bbox 944 4031 1146 4096; x_wconf 89' lang='grc' dir='ltr'>σὲϐειν,</span> <span class='ocrx_word' id='word_1_313' title='bbox 1179 4034 1211 4105; x_wconf 80' lang='grc' dir='ltr'>ἢ</span> <span class='ocrx_word' id='word_1_314' title='bbox 1242 4037 1317 4108; x_wconf 84' lang='grc' dir='ltr'>μὴ</span> <span class='ocrx_word' id='word_1_315' title='bbox 1350 4038 1693 4109; x_wconf 84' lang='grc' dir='ltr'>δυσφημεῖν;</span> <span class='ocrx_word' id='word_1_316' title='bbox 1724 4044 1798 4098; x_wconf 80' lang='grc' dir='ltr'><strong>Σὺ</strong></span> <span class='ocrx_word' id='word_1_317' title='bbox 1831 4018 1890 4099; x_wconf 71' lang='grc' dir='ltr'>δὲ</span> <span class='ocrx_word' id='word_1_318' title='bbox 1922 4064 2014 4116; x_wconf 82' lang='grc' dir='ltr'><strong>μι⁸</strong></span> 
     </span>
    </p>
   </div>
   <div class='ocr_carea' id='block_1_45' title="bbox 428 4115 2012 4206">
    <p class='ocr_par' dir='ltr' id='par_1_45' title="bbox 428 4115 2012 4206">
     <span class='ocr_line' id='line_1_45' title="bbox 428 4115 2012 4206; baseline 0.019 -42"><span class='ocrx_word' id='word_1_319' title='bbox 428 4115 560 4181; x_wconf 77' lang='grc' dir='ltr'>γνὺς</span> <span class='ocrx_word' id='word_1_320' title='bbox 593 4115 662 4171; x_wconf 72' lang='grc' dir='ltr'>τὰ</span> <span class='ocrx_word' id='word_1_321' title='bbox 701 4120 1015 4190; x_wconf 76' lang='grc' dir='ltr'>ἁσύμϐατα,</span> <span class='ocrx_word' id='word_1_322' title='bbox 1041 4127 1178 4197; x_wconf 82' lang='grc' dir='ltr'>ὅπερ</span> <span class='ocrx_word' id='word_1_323' title='bbox 1219 4128 1401 4195; x_wconf 84' lang='grc' dir='ltr'>σέϐεις</span> <span class='ocrx_word' id='word_1_324' title='bbox 1430 4132 1588 4186; x_wconf 91' lang='grc' dir='ltr'>τοῦτο</span> <span class='ocrx_word' id='word_1_325' title='bbox 1615 4115 1973 4206; x_wconf 68' lang='grc' dir='ltr'><strong>δυσφημεῖν²</strong></span> <span class='ocrx_word' id='word_1_326' title='bbox 1995 4156 2012 4174; x_wconf 80' lang='grc' dir='ltr'><strong><em>ο</em></strong></span> 
     </span>
    </p>
   </div>
   <div class='ocr_carea' id='block_1_46' title="bbox 428 4207 2010 4301">
    <p class='ocr_par' dir='ltr' id='par_1_46' title="bbox 428 4207 2010 4301">
     <span class='ocr_line' id='line_1_46' title="bbox 428 4207 2010 4301; baseline 0.018 -45"><span class='ocrx_word' id='word_1_327' title='bbox 428 4207 724 4301; x_wconf 68' lang='grc' dir='ltr'>κατέγνως,</span> <span class='ocrx_word' id='word_1_328' title='bbox 760 4213 1048 4286; x_wconf 82' lang='grc' dir='ltr'>ἀπόστηθι.</span> <span class='ocrx_word' id='word_1_329' title='bbox 1095 4218 1233 4273; x_wconf 81' lang='grc' dir='ltr'>Ἀλλ’</span> <span class='ocrx_word' id='word_1_330' title='bbox 1279 4222 1359 4275; x_wconf 82' lang='grc' dir='ltr'>ἔτι</span> <span class='ocrx_word' id='word_1_331' title='bbox 1416 4224 1696 4299; x_wconf 82' lang='grc' dir='ltr'>προσέρχῃ</span> <span class='ocrx_word' id='word_1_332' title='bbox 1739 4227 1815 4292; x_wconf 84' lang='grc' dir='ltr'>ὡς</span> <span class='ocrx_word' id='word_1_333' title='bbox 1871 4230 2010 4301; x_wconf 84' lang='grc' dir='ltr'>Θεῷ,</span> 
     </span>
    </p>
   </div>
   <div class='ocr_carea' id='block_1_47' title="bbox 426 4297 2014 4387">
    <p class='ocr_par' dir='ltr' id='par_1_47' title="bbox 426 4297 2014 4387">
     <span class='ocr_line' id='line_1_47' title="bbox 426 4297 2014 4387; baseline 0.019 -41"><span class='ocrx_word' id='word_1_334' title='bbox 426 4297 543 4387; x_wconf 68' lang='grc' dir='ltr'><strong>πῶς</strong></span> <span class='ocrx_word' id='word_1_335' title='bbox 574 4301 633 4351; x_wconf 77' lang='grc' dir='ltr'><strong>οὐ</strong></span> <span class='ocrx_word' id='word_1_336' title='bbox 670 4302 942 4374; x_wconf 74' lang='grc' dir='ltr'>πέφρικας</span> <span class='ocrx_word' id='word_1_337' title='bbox 972 4307 1297 4382; x_wconf 82' lang='grc' dir='ltr'>δυσφημεῖν,</span> <span class='ocrx_word' id='word_1_338' title='bbox 1340 4315 1437 4367; x_wconf 80' lang='grc' dir='ltr'>καὶ</span> <span class='ocrx_word' id='word_1_339' title='bbox 1467 4317 1628 4386; x_wconf 80' lang='grc' dir='ltr'>ἀραῖς</span> <span class='ocrx_word' id='word_1_340' title='bbox 1658 4297 1893 4387; x_wconf 75' lang='grc' dir='ltr'>ῦπάγειν</span> 
     </span>
    </p>
   </div>
   <div class='ocr_carea' id='block_1_48' title="bbox 425 4386 2012 4478">
    <p class='ocr_par' dir='ltr' id='par_1_48' title="bbox 425 4386 2012 4478">
     <span class='ocr_line' id='line_1_48' title="bbox 425 4386 2012 4478; baseline 0.018 -42"><span class='ocrx_word' id='word_1_341' title='bbox 425 4386 505 4478; x_wconf 69' lang='grc' dir='ltr'><strong>ἑτι</strong></span> <span class='ocrx_word' id='word_1_342' title='bbox 557 4407 638 4443; x_wconf 87' lang='grc' dir='ltr'><strong>σοι</strong></span> <span class='ocrx_word' id='word_1_343' title='bbox 674 4391 1096 4467; x_wconf 80' lang='grc' dir='ltr'>λατρευόμενον;</span> <span class='ocrx_word' id='word_1_344' title='bbox 1138 4421 1158 4454; x_wconf 77' lang='grc' dir='ltr'><strong>ι</strong></span> <span class='ocrx_word' id='word_1_345' title='bbox 1188 4403 1511 4475; x_wconf 81' lang='grc' dir='ltr'>Ἀνθρωπος</span> <span class='ocrx_word' id='word_1_346' title='bbox 1557 4386 1871 4478; x_wconf 72' lang='grc' dir='ltr'>τοιγαροῦν,</span> <span class='ocrx_word' id='word_1_347' title='bbox 1916 4410 2012 4465; x_wconf 80' lang='grc' dir='ltr'><strong>ἆν-</strong></span> 
     </span>
    </p>
   </div>
   <div class='ocr_carea' id='block_1_49' title="bbox 2149 566 3734 642">
    <p class='ocr_par' dir='ltr' id='par_1_49' title="bbox 2149 566 3734 642">
     <span class='ocr_line' id='line_1_49' title="bbox 2149 566 3734 642; baseline 0.011 -23"><span class='ocrx_word' id='word_1_348' title='bbox 2149 566 2330 624; x_wconf 80' lang='lat' dir='ltr'><strong>Moses</strong></span> <span class='ocrx_word' id='word_1_349' title='bbox 2364 571 2565 626; x_wconf 83' lang='lat' dir='ltr'><strong>dicitur</strong></span> <span class='ocrx_word' id='word_1_350' title='bbox 2600 574 2736 628; x_wconf 74' lang='lat' dir='ltr'><strong>Dens</strong></span> <span class='ocrx_word' id='word_1_351' title='bbox 2774 575 3096 642; x_wconf 74' lang='lat' dir='ltr'><strong>Pharaonis,</strong></span> <span class='ocrx_word' id='word_1_352' title='bbox 3139 594 3169 631; x_wconf 92' lang='lat' dir='ltr'><strong>c</strong></span> <span class='ocrx_word' id='word_1_353' title='bbox 3199 579 3355 634; x_wconf 88' lang='lat' dir='ltr'><strong>dictis</strong></span> <span class='ocrx_word' id='word_1_354' title='bbox 3398 580 3590 635; x_wconf 90' lang='lat' dir='ltr'><strong>scitur.</strong></span> <span class='ocrx_word' id='word_1_355' title='bbox 3625 580 3734 636; x_wconf 76' lang='lat' dir='ltr'><strong>Sed</strong></span> 
     </span>
    </p>
   </div>
   <div class='ocr_carea' id='block_1_50' title="bbox 2146 660 3730 737">
    <p class='ocr_par' dir='ltr' id='par_1_50' title="bbox 2146 660 3730 737">
     <span class='ocr_line' id='line_1_50' title="bbox 2146 660 3730 737; baseline 0.008 -25"><span class='ocrx_word' id='word_1_356' title='bbox 2146 660 2446 730; x_wconf 88' lang='lat' dir='ltr'><strong>conjectari</strong></span> <span class='ocrx_word' id='word_1_357' title='bbox 2485 676 2746 735; x_wconf 66' lang='lat' dir='ltr'><strong>prmterea</strong></span> <span class='ocrx_word' id='word_1_358' title='bbox 2778 667 2924 731; x_wconf 89' lang='lat' dir='ltr'><strong>licet,</strong></span> <span class='ocrx_word' id='word_1_359' title='bbox 2982 669 3129 737; x_wconf 89' lang='lat' dir='ltr'><strong>quod</strong></span> <span class='ocrx_word' id='word_1_360' title='bbox 3160 669 3368 733; x_wconf 81' lang='lat' dir='ltr'><strong>Aaron,</strong></span> <span class='ocrx_word' id='word_1_361' title='bbox 3413 671 3579 727; x_wconf 92' lang='lat' dir='ltr'><strong>homo</strong></span> <span class='ocrx_word' id='word_1_362' title='bbox 3606 688 3730 725; x_wconf 88' lang='lat' dir='ltr'><strong>cum</strong></span> 
     </span>
    </p>
   </div>
   <div class='ocr_carea' id='block_1_51' title="bbox 2144 752 3730 823">
    <p class='ocr_par' dir='ltr' id='par_1_51' title="bbox 2144 752 3730 823">
     <span class='ocr_line' id='line_1_51' title="bbox 2144 752 3730 823; baseline 0.008 -21"><span class='ocrx_word' id='word_1_363' title='bbox 2144 759 2313 813; x_wconf 87' lang='lat' dir='ltr'><strong>esset,</strong></span> <span class='ocrx_word' id='word_1_364' title='bbox 2352 752 2446 820; x_wconf 91' lang='lat' dir='ltr'><strong>qui</strong></span> <span class='ocrx_word' id='word_1_365' title='bbox 2480 752 2735 807; x_wconf 89' lang='lat' dir='ltr'><strong>virtutem</strong></span> <span class='ocrx_word' id='word_1_366' title='bbox 2768 766 3068 823; x_wconf 79' lang='lat' dir='ltr'><strong>exerceret,</strong></span> <span class='ocrx_word' id='word_1_367' title='bbox 3100 766 3154 810; x_wconf 89' lang='lat' dir='ltr'><strong>et</strong></span> <span class='ocrx_word' id='word_1_368' title='bbox 3184 758 3437 813; x_wconf 76' lang='lat' dir='ltr'><strong>fortassis</strong></span> <span class='ocrx_word' id='word_1_369' title='bbox 3466 760 3730 814; x_wconf 88' lang='lat' dir='ltr'><strong>miracula</strong></span> 
     </span>
    </p>
   </div>
   <div class='ocr_carea' id='block_1_52' title="bbox 2145 844 3577 916">
    <p class='ocr_par' dir='ltr' id='par_1_52' title="bbox 2145 844 3577 916">
     <span class='ocr_line' id='line_1_52' title="bbox 2145 844 3577 916; baseline 0.008 -22"><span class='ocrx_word' id='word_1_370' title='bbox 2145 852 2486 911; x_wconf 69' lang='lat' dir='ltr'><strong>operaretur,</strong></span> <span class='ocrx_word' id='word_1_371' title='bbox 2518 844 2712 900; x_wconf 85' lang='lat' dir='ltr'><strong>nullibi</strong></span> <span class='ocrx_word' id='word_1_372' title='bbox 2738 846 3042 916; x_wconf 78' lang='lat' dir='ltr'><strong>appelletur</strong></span> <span class='ocrx_word' id='word_1_373' title='bbox 3074 847 3214 902; x_wconf 82' lang='lat' dir='ltr'><strong>Deus</strong></span> <span class='ocrx_word' id='word_1_374' title='bbox 3252 848 3577 907; x_wconf 71' lang='lat' dir='ltr'><strong>Pharaonis.</strong></span> 
     </span>
    </p>
   </div>
   <div class='ocr_carea' id='block_1_53' title="bbox 2212 1107 3729 1181">
    <p class='ocr_par' dir='ltr' id='par_1_53' title="bbox 2212 1107 3729 1181">
     <span class='ocr_line' id='line_1_53' title="bbox 2212 1107 3729 1181; baseline -0.002 -16"><span class='ocrx_word' id='word_1_375' title='bbox 2212 1110 2266 1165; x_wconf 72' lang='grc'><strong>4.</strong></span> <span class='ocrx_word' id='word_1_376' title='bbox 2299 1107 2407 1165; x_wconf 87' lang='lat' dir='ltr'><strong>ista</strong></span> <span class='ocrx_word' id='word_1_377' title='bbox 2429 1108 2530 1164; x_wconf 86' lang='lat' dir='ltr'><strong>tria</strong></span> <span class='ocrx_word' id='word_1_378' title='bbox 2572 1123 2696 1163; x_wconf 84' lang='lat' dir='ltr'><strong>cum</strong></span> <span class='ocrx_word' id='word_1_379' title='bbox 2728 1108 2975 1179; x_wconf 82' lang='lat' dir='ltr'><strong>subjecta</strong></span> <span class='ocrx_word' id='word_1_380' title='bbox 3008 1108 3351 1179; x_wconf 82' lang='lat' dir='ltr'><strong>reperiantur</strong></span> <span class='ocrx_word' id='word_1_381' title='bbox 3378 1108 3574 1165; x_wconf 71' lang='lat' dir='ltr'><strong>divina:</strong></span> <span class='ocrx_word' id='word_1_382' title='bbox 3601 1124 3729 1181; x_wconf 85' lang='lat' dir='ltr'><strong>pro-</strong></span> 
     </span>
    </p>
   </div>
   <div class='ocr_carea' id='block_1_54' title="bbox 2141 1201 3733 1271">
    <p class='ocr_par' dir='ltr' id='par_1_54' title="bbox 2141 1201 3733 1271">
     <span class='ocr_line' id='line_1_54' title="bbox 2141 1201 3733 1271; baseline 0.002 -18"><span class='ocrx_word' id='word_1_383' title='bbox 2141 1202 2335 1271; x_wconf 76' lang='lat' dir='ltr'><strong>positze</strong></span> <span class='ocrx_word' id='word_1_384' title='bbox 2366 1201 2796 1268; x_wconf 83' lang='lat' dir='ltr'><strong>nominationis;</strong></span> <span class='ocrx_word' id='word_1_385' title='bbox 2847 1217 3082 1271; x_wconf 84' lang='lat' dir='ltr'><strong>quorum</strong></span> <span class='ocrx_word' id='word_1_386' title='bbox 3137 1217 3305 1254; x_wconf 90' lang='lat' dir='ltr'><strong>unum</strong></span> <span class='ocrx_word' id='word_1_387' title='bbox 3346 1202 3583 1271; x_wconf 80' lang='lat' dir='ltr'><strong>proprie,</strong></span> <span class='ocrx_word' id='word_1_388' title='bbox 3619 1202 3733 1256; x_wconf 86' lang='lat' dir='ltr'><strong>duo</strong></span> 
     </span>
    </p>
   </div>
   <div class='ocr_carea' id='block_1_55' title="bbox 2142 1292 3724 1364">
    <p class='ocr_par' dir='ltr' id='par_1_55' title="bbox 2142 1292 3724 1364">
     <span class='ocr_line' id='line_1_55' title="bbox 2142 1292 3724 1364; baseline -0.001 -18"><span class='ocrx_word' id='word_1_389' title='bbox 2142 1292 2475 1364; x_wconf 84' lang='lat' dir='ltr'><strong>homonyme</strong></span> <span class='ocrx_word' id='word_1_390' title='bbox 2508 1292 2769 1347; x_wconf 87' lang='lat' dir='ltr'><strong>dicuntur</strong></span> <span class='ocrx_word' id='word_1_391' title='bbox 2805 1310 2820 1347; x_wconf 88' lang='lat'><strong>:</strong></span> <span class='ocrx_word' id='word_1_392' title='bbox 2854 1294 2960 1347; x_wconf 89' lang='lat' dir='ltr'><strong>alia</strong></span> <span class='ocrx_word' id='word_1_393' title='bbox 3009 1293 3161 1348; x_wconf 83' lang='lat' dir='ltr'><strong>vocis</strong></span> <span class='ocrx_word' id='word_1_394' title='bbox 3199 1293 3528 1362; x_wconf 78' lang='lat' dir='ltr'><strong>signiﬁcatio</strong></span> <span class='ocrx_word' id='word_1_395' title='bbox 3567 1309 3724 1362; x_wconf 85' lang='lat' dir='ltr'><strong>repe-.</strong></span> 
     </span>
    </p>
   </div>
   <div class='ocr_carea' id='block_1_56' title="bbox 2140 1384 3726 1454">
    <p class='ocr_par' dir='ltr' id='par_1_56' title="bbox 2140 1384 3726 1454">
     <span class='ocr_line' id='line_1_56' title="bbox 2140 1384 3726 1454; baseline 0.001 -17"><span class='ocrx_word' id='word_1_396' title='bbox 2140 1384 2235 1438; x_wconf 82' lang='lat' dir='ltr'><strong>riri</strong></span> <span class='ocrx_word' id='word_1_397' title='bbox 2268 1394 2463 1454; x_wconf 74' lang='lat' dir='ltr'><strong>potest,</strong></span> <span class='ocrx_word' id='word_1_398' title='bbox 2509 1399 2615 1439; x_wconf 85' lang='lat' dir='ltr'><strong>non</strong></span> <span class='ocrx_word' id='word_1_399' title='bbox 2660 1384 2892 1439; x_wconf 85' lang='lat' dir='ltr'><strong>formata</strong></span> <span class='ocrx_word' id='word_1_400' title='bbox 2928 1386 3205 1454; x_wconf 63' lang='lat' dir='ltr'><strong>opinione,</strong></span> <span class='ocrx_word' id='word_1_401' title='bbox 3243 1401 3344 1439; x_wconf 91' lang='lat' dir='ltr'><strong>usu</strong></span> <span class='ocrx_word' id='word_1_402' title='bbox 3386 1395 3597 1440; x_wconf 91' lang='lat' dir='ltr'><strong>tantum</strong></span> <span class='ocrx_word' id='word_1_403' title='bbox 3625 1386 3726 1440; x_wconf 87' lang='lat' dir='ltr'><strong>ob-</strong></span> 
     </span>
    </p>
   </div>
   <div class='ocr_carea' id='block_1_57' title="bbox 2142 1475 3724 1547">
    <p class='ocr_par' dir='ltr' id='par_1_57' title="bbox 2142 1475 3724 1547">
     <span class='ocr_line' id='line_1_57' title="bbox 2142 1475 3724 1547; baseline 0.003 -19"><span class='ocrx_word' id='word_1_404' title='bbox 2142 1476 2347 1531; x_wconf 89' lang='lat' dir='ltr'><strong>tinente</strong></span> <span class='ocrx_word' id='word_1_405' title='bbox 2393 1476 2703 1529; x_wconf 87' lang='lat' dir='ltr'><strong>divinarum</strong></span> <span class='ocrx_word' id='word_1_406' title='bbox 2738 1476 3174 1545; x_wconf 86' lang='lat' dir='ltr'><strong>Scripturarum.</strong></span> <span class='ocrx_word' id='word_1_407' title='bbox 3209 1475 3340 1542; x_wconf 75' lang='lat' dir='ltr'><strong>Quae</strong></span> <span class='ocrx_word' id='word_1_408' title='bbox 3373 1478 3518 1532; x_wconf 89' lang='lat' dir='ltr'><strong>enim</strong></span> <span class='ocrx_word' id='word_1_409' title='bbox 3556 1493 3584 1531; x_wconf 90' lang='lat' dir='ltr'><strong>a</strong></span> <span class='ocrx_word' id='word_1_410' title='bbox 3625 1494 3724 1547; x_wconf 86' lang='lat' dir='ltr'><strong>pa-</strong></span> 
     </span>
    </p>
   </div>
   <div class='ocr_carea' id='block_1_58' title="bbox 2139 1568 3731 1638">
    <p class='ocr_par' dir='ltr' id='par_1_58' title="bbox 2139 1568 3731 1638">
     <span class='ocr_line' id='line_1_58' title="bbox 2139 1568 3731 1638; baseline 0.001 -16"><span class='ocrx_word' id='word_1_411' title='bbox 2139 1568 2296 1638; x_wconf 72' lang='lat' dir='ltr'><strong>ganis</strong></span> <span class='ocrx_word' id='word_1_412' title='bbox 2325 1568 2641 1622; x_wconf 79' lang='lat' dir='ltr'><strong>colebantur</strong></span> <span class='ocrx_word' id='word_1_413' title='bbox 2678 1569 2927 1630; x_wconf 87' lang='lat' dir='ltr'><strong>numina,</strong></span> <span class='ocrx_word' id='word_1_414' title='bbox 2962 1568 3085 1622; x_wconf 72' lang='lat' dir='ltr'><strong>deos</strong></span> <span class='ocrx_word' id='word_1_415' title='bbox 3119 1570 3390 1622; x_wconf 78' lang='lat' dir='ltr'><strong>interdum</strong></span> <span class='ocrx_word' id='word_1_416' title='bbox 3439 1578 3593 1624; x_wconf 87' lang='lat' dir='ltr'><strong>vocat</strong></span> <span class='ocrx_word' id='word_1_417' title='bbox 3631 1584 3731 1638; x_wconf 75' lang='lat' dir='ltr'><strong>per</strong></span> 
     </span>
    </p>
   </div>
   <div class='ocr_carea' id='block_1_59' title="bbox 2137 1662 3721 1734">
    <p class='ocr_par' dir='ltr' id='par_1_59' title="bbox 2137 1662 3721 1734">
     <span class='ocr_line' id='line_1_59' title="bbox 2137 1662 3721 1734; baseline 0 -16"><span class='ocrx_word' id='word_1_418' title='bbox 2137 1662 2408 1727; x_wconf 78' lang='lat' dir='ltr'><strong>ironiam,</strong></span> <span class='ocrx_word' id='word_1_419' title='bbox 2462 1664 2515 1717; x_wconf 90' lang='lat' dir='ltr'><strong>in</strong></span> <span class='ocrx_word' id='word_1_420' title='bbox 2575 1663 2973 1719; x_wconf 80' lang='lat' dir='ltr'><strong>convictiouem</strong></span> <span class='ocrx_word' id='word_1_421' title='bbox 3035 1678 3226 1718; x_wconf 75' lang='lat' dir='ltr'><strong>eorum</strong></span> <span class='ocrx_word' id='word_1_422' title='bbox 3282 1663 3375 1734; x_wconf 89' lang='lat' dir='ltr'><strong>qui</strong></span> <span class='ocrx_word' id='word_1_423' title='bbox 3427 1663 3721 1718; x_wconf 83' lang='lat' dir='ltr'><strong>colebant:</strong></span> 
     </span>
    </p>
   </div>
   <div class='ocr_carea' id='block_1_60' title="bbox 2142 1753 3723 1825">
    <p class='ocr_par' dir='ltr' id='par_1_60' title="bbox 2142 1753 3723 1825">
     <span class='ocr_line' id='line_1_60' title="bbox 2142 1753 3723 1825; baseline 0.002 -17"><span class='ocrx_word' id='word_1_424' title='bbox 2142 1773 2163 1808; x_wconf 75' lang='grc' dir='ltr'><strong>ι</strong></span> <span class='ocrx_word' id='word_1_425' title='bbox 2211 1753 2308 1818; x_wconf 89' lang='lat' dir='ltr'><strong>Ite,</strong></span> <span class='ocrx_word' id='word_1_426' title='bbox 2340 1754 2539 1823; x_wconf 86' lang='lat' dir='ltr'><strong>inquit,</strong></span> <span class='ocrx_word' id='word_1_427' title='bbox 2567 1763 2620 1808; x_wconf 90' lang='lat' dir='ltr'><strong>et</strong></span> <span class='ocrx_word' id='word_1_428' title='bbox 2650 1754 2941 1808; x_wconf 89' lang='lat' dir='ltr'><strong>inclamate</strong></span> <span class='ocrx_word' id='word_1_429' title='bbox 2971 1756 3113 1825; x_wconf 88' lang='lat' dir='ltr'><strong>apud</strong></span> <span class='ocrx_word' id='word_1_430' title='bbox 3142 1757 3272 1811; x_wconf 80' lang='lat' dir='ltr'><strong>dcos</strong></span> <span class='ocrx_word' id='word_1_431' title='bbox 3312 1770 3453 1824; x_wconf 88' lang='lat' dir='ltr'><strong>quos</strong></span> <span class='ocrx_word' id='word_1_432' title='bbox 3484 1754 3723 1825; x_wconf 72' lang='lat' dir='ltr'><strong>elegistis</strong></span> 
     </span>
    </p>
   </div>
   <div class='ocr_carea' id='block_1_61' title="bbox 2135 1843 3726 1914">
    <p class='ocr_par' dir='ltr' id='par_1_61' title="bbox 2135 1843 3726 1914">
     <span class='ocr_line' id='line_1_61' title="bbox 2135 1843 3726 1914; baseline -0.001 -14"><span class='ocrx_word' id='word_1_433' title='bbox 2135 1846 2310 1910; x_wconf 83' lang='lat' dir='ltr'><strong>vobis,</strong></span> <span class='ocrx_word' id='word_1_434' title='bbox 2364 1857 2418 1900; x_wconf 91' lang='lat' dir='ltr'><strong>et</strong></span> <span class='ocrx_word' id='word_1_435' title='bbox 2469 1846 2571 1914; x_wconf 89' lang='lat' dir='ltr'><strong>ipsi</strong></span> <span class='ocrx_word' id='word_1_436' title='bbox 2600 1860 2699 1901; x_wconf 91' lang='lat' dir='ltr'><strong>vos</strong></span> <span class='ocrx_word' id='word_1_437' title='bbox 2728 1845 2913 1900; x_wconf 86' lang='lat' dir='ltr'><strong>salvos</strong></span> <span class='ocrx_word' id='word_1_438' title='bbox 2942 1843 3141 1901; x_wconf 89' lang='lat' dir='ltr'><strong>facient</strong></span> <span class='ocrx_word' id='word_1_439' title='bbox 3161 1847 3211 1911; x_wconf 72' lang='grc' dir='ltr'>’ς</span> <span class='ocrx_word' id='word_1_440' title='bbox 3242 1864 3260 1898; x_wconf 82' lang='grc' dir='ltr'><strong>ι</strong></span> <span class='ocrx_word' id='word_1_441' title='bbox 3293 1861 3435 1913; x_wconf 68' lang='grc' dir='ltr'>εαξρο</span> <span class='ocrx_word' id='word_1_442' title='bbox 3472 1846 3632 1900; x_wconf 83' lang='lat' dir='ltr'><strong>etiam</strong></span> <span class='ocrx_word' id='word_1_443' title='bbox 3664 1854 3726 1899; x_wconf 83' lang='lat' dir='ltr'><strong>ut</strong></span> 
     </span>
    </p>
   </div>
   <div class='ocr_carea' id='block_1_62' title="bbox 2136 1935 3731 2006">
    <p class='ocr_par' dir='ltr' id='par_1_62' title="bbox 2136 1935 3731 2006">
     <span class='ocr_line' id='line_1_62' title="bbox 2136 1935 3731 2006; baseline -0.002 -14"><span class='ocrx_word' id='word_1_444' title='bbox 2136 1937 2516 1992; x_wconf 82' lang='lat' dir='ltr'><strong>tantummodo</strong></span> <span class='ocrx_word' id='word_1_445' title='bbox 2556 1936 2758 1991; x_wconf 85' lang='lat' dir='ltr'><strong>indicet</strong></span> <span class='ocrx_word' id='word_1_446' title='bbox 2786 1951 2948 2006; x_wconf 89' lang='lat' dir='ltr'><strong>quem</strong></span> <span class='ocrx_word' id='word_1_447' title='bbox 3002 1935 3271 2006; x_wconf 76' lang='lat' dir='ltr'><strong>designat,</strong></span> <span class='ocrx_word' id='word_1_448' title='bbox 3330 1935 3402 1990; x_wconf 87' lang='lat' dir='ltr'><strong>ita</strong></span> <span class='ocrx_word' id='word_1_449' title='bbox 3448 1936 3731 2006; x_wconf 57' lang='lat' dir='ltr'><strong>appellare</strong></span> 
     </span>
    </p>
   </div>
   <div class='ocr_carea' id='block_1_63' title="bbox 2135 2025 3727 2096">
    <p class='ocr_par' dir='ltr' id='par_1_63' title="bbox 2135 2025 3727 2096">
     <span class='ocr_line' id='line_1_63' title="bbox 2135 2025 3727 2096; baseline -0.003 -13"><span class='ocrx_word' id='word_1_450' title='bbox 2135 2031 2320 2085; x_wconf 72' lang='lat' dir='ltr'><strong>solet:</strong></span> <span class='ocrx_word' id='word_1_451' title='bbox 2364 2047 2381 2079; x_wconf 76' lang='grc' dir='ltr'><strong>ι</strong></span> <span class='ocrx_word' id='word_1_452' title='bbox 2426 2026 2542 2080; x_wconf 83' lang='lat' dir='ltr'><strong>Non</strong></span> <span class='ocrx_word' id='word_1_453' title='bbox 2595 2036 2787 2090; x_wconf 85' lang='lat' dir='ltr'><strong>erunt,</strong></span> <span class='ocrx_word' id='word_1_454' title='bbox 2844 2025 3051 2096; x_wconf 88' lang='lat' dir='ltr'><strong>inquit,</strong></span> <span class='ocrx_word' id='word_1_455' title='bbox 3108 2025 3206 2081; x_wconf 86' lang='lat' dir='ltr'><strong>tibi</strong></span> <span class='ocrx_word' id='word_1_456' title='bbox 3264 2025 3339 2081; x_wconf 86' lang='lat' dir='ltr'><strong>dii</strong></span> <span class='ocrx_word' id='word_1_457' title='bbox 3389 2026 3479 2080; x_wconf 83' lang='lat' dir='ltr'><strong>alii</strong></span> <span class='ocrx_word' id='word_1_458' title='bbox 3527 2035 3727 2095; x_wconf 73' lang='lat' dir='ltr'><strong>prmter</strong></span> 
     </span>
    </p>
   </div>
   <div class='ocr_carea' id='block_1_64' title="bbox 2135 2117 3728 2187">
    <p class='ocr_par' dir='ltr' id='par_1_64' title="bbox 2135 2117 3728 2187">
     <span class='ocr_line' id='line_1_64' title="bbox 2135 2117 3728 2187; baseline -0.001 -13"><span class='ocrx_word' id='word_1_459' title='bbox 2135 2121 2276 2174; x_wconf 82' lang='lat' dir='ltr'><strong>me‘.</strong></span> <span class='ocrx_word' id='word_1_460' title='bbox 2314 2139 2332 2172; x_wconf 74' lang='grc' dir='ltr'><strong>ι</strong></span> <span class='ocrx_word' id='word_1_461' title='bbox 2370 2120 2430 2175; x_wconf 83' lang='grc' dir='ltr'>Ει</span> <span class='ocrx_word' id='word_1_462' title='bbox 2465 2137 2479 2173; x_wconf 88' lang='lat'><strong>:</strong></span> <span class='ocrx_word' id='word_1_463' title='bbox 2517 2137 2534 2169; x_wconf 83' lang='grc' dir='ltr'><strong>ι</strong></span> <span class='ocrx_word' id='word_1_464' title='bbox 2568 2119 2767 2173; x_wconf 81' lang='lat' dir='ltr'><strong>Annon</strong></span> <span class='ocrx_word' id='word_1_465' title='bbox 2813 2118 3019 2173; x_wconf 80' lang='lat' dir='ltr'><strong>fecistis</strong></span> <span class='ocrx_word' id='word_1_466' title='bbox 3067 2119 3223 2173; x_wconf 81' lang='lat' dir='ltr'><strong>vobis</strong></span> <span class='ocrx_word' id='word_1_467' title='bbox 3274 2117 3406 2172; x_wconf 78' lang='lat' dir='ltr'><strong>deos</strong></span> <span class='ocrx_word' id='word_1_468' title='bbox 3436 2127 3728 2187; x_wconf 74' lang='lat' dir='ltr'><strong>argenteus</strong></span> 
     </span>
    </p>
   </div>
   <div class='ocr_carea' id='block_1_65' title="bbox 2132 2208 3323 2279">
    <p class='ocr_par' dir='ltr' id='par_1_65' title="bbox 2132 2208 3323 2279">
     <span class='ocr_line' id='line_1_65' title="bbox 2132 2208 3323 2279; baseline -0.003 -13"><span class='ocrx_word' id='word_1_469' title='bbox 2132 2218 2187 2266; x_wconf 90' lang='lat' dir='ltr'><strong>et</strong></span> <span class='ocrx_word' id='word_1_470' title='bbox 2219 2210 2485 2265; x_wconf 82' lang='lat' dir='ltr'><strong>aureos&#39;?</strong></span> <span class='ocrx_word' id='word_1_471' title='bbox 2523 2229 2542 2262; x_wconf 84' lang='grc'><strong>›</strong></span> <span class='ocrx_word' id='word_1_472' title='bbox 2579 2208 2687 2265; x_wconf 87' lang='lat' dir='ltr'><strong>Sed</strong></span> <span class='ocrx_word' id='word_1_473' title='bbox 2717 2210 3004 2279; x_wconf 80' lang='lat' dir='ltr'><strong>multiplex</strong></span> <span class='ocrx_word' id='word_1_474' title='bbox 3034 2208 3139 2264; x_wconf 88' lang='lat' dir='ltr'><strong>iste</strong></span> <span class='ocrx_word' id='word_1_475' title='bbox 3165 2222 3323 2262; x_wconf 79' lang='lat' dir='ltr'><strong>usus.</strong></span> 
     </span>
    </p>
   </div>
   <div class='ocr_carea' id='block_1_66' title="bbox 2213 2380 3723 2457">
    <p class='ocr_par' dir='ltr' id='par_1_66' title="bbox 2213 2380 3723 2457">
     <span class='ocr_line' id='line_1_66' title="bbox 2213 2380 3723 2457; baseline -0.007 -16"><span class='ocrx_word' id='word_1_476' title='bbox 2213 2386 2265 2441; x_wconf 84' lang='lat'><strong>5.</strong></span> <span class='ocrx_word' id='word_1_477' title='bbox 2303 2385 2403 2442; x_wconf 89' lang='lat' dir='ltr'><strong>Ista</strong></span> <span class='ocrx_word' id='word_1_478' title='bbox 2434 2392 2675 2457; x_wconf 86' lang='lat' dir='ltr'><strong>quatuor</strong></span> <span class='ocrx_word' id='word_1_479' title='bbox 2695 2384 2844 2439; x_wconf 83' lang='lat' dir='ltr'><strong>vocis</strong></span> <span class='ocrx_word' id='word_1_480' title='bbox 2873 2382 3009 2438; x_wconf 75' lang='lat' dir='ltr'><strong>Deus</strong></span> <span class='ocrx_word' id='word_1_481' title='bbox 3031 2383 3334 2451; x_wconf 63' lang='lat' dir='ltr'><strong>significata</strong></span> <span class='ocrx_word' id='word_1_482' title='bbox 3363 2396 3487 2437; x_wconf 86' lang='lat' dir='ltr'><strong>cum</strong></span> <span class='ocrx_word' id='word_1_483' title='bbox 3521 2380 3723 2435; x_wconf 50' lang='lat' dir='ltr'><strong>distinq</strong></span> 
     </span>
    </p>
   </div>
   <div class='ocr_carea' id='block_1_67' title="bbox 2132 2474 3723 2549">
    <p class='ocr_par' dir='ltr' id='par_1_67' title="bbox 2132 2474 3723 2549">
     <span class='ocr_line' id='line_1_67' title="bbox 2132 2474 3723 2549; baseline -0.003 -17"><span class='ocrx_word' id='word_1_484' title='bbox 2132 2490 2394 2549; x_wconf 73' lang='lat' dir='ltr'><strong>guantur,</strong></span> <span class='ocrx_word' id='word_1_485' title='bbox 2431 2477 2715 2534; x_wconf 92' lang='lat' dir='ltr'><strong>sciendum</strong></span> <span class='ocrx_word' id='word_1_486' title='bbox 2744 2485 2848 2542; x_wconf 89' lang='lat' dir='ltr'><strong>est,</strong></span> <span class='ocrx_word' id='word_1_487' title='bbox 2884 2485 2943 2529; x_wconf 94' lang='lat' dir='ltr'><strong>ut</strong></span> <span class='ocrx_word' id='word_1_488' title='bbox 2972 2474 3196 2529; x_wconf 87' lang='lat' dir='ltr'><strong>dubium</strong></span> <span class='ocrx_word' id='word_1_489' title='bbox 3228 2489 3257 2527; x_wconf 89' lang='lat' dir='ltr'><strong>a</strong></span> <span class='ocrx_word' id='word_1_490' title='bbox 3293 2483 3343 2529; x_wconf 90' lang='lat' dir='ltr'><strong>te</strong></span> <span class='ocrx_word' id='word_1_491' title='bbox 3382 2475 3723 2545; x_wconf 79' lang='lat' dir='ltr'><strong>prapositum</strong></span> 
     </span>
    </p>
   </div>
   <div class='ocr_carea' id='block_1_68' title="bbox 2130 2565 3719 2639">
    <p class='ocr_par' dir='ltr' id='par_1_68' title="bbox 2130 2565 3719 2639">
     <span class='ocr_line' id='line_1_68' title="bbox 2130 2565 3719 2639; baseline -0.003 -14"><span class='ocrx_word' id='word_1_492' title='bbox 2130 2571 2487 2639; x_wconf 82' lang='lat' dir='ltr'><strong>explicemus,</strong></span> <span class='ocrx_word' id='word_1_493' title='bbox 2532 2589 2551 2622; x_wconf 78' lang='grc' dir='ltr'><strong>ι</strong></span> <span class='ocrx_word' id='word_1_494' title='bbox 2598 2568 2773 2623; x_wconf 86' lang='lat' dir='ltr'><strong>llomo</strong></span> <span class='ocrx_word' id='word_1_495' title='bbox 2799 2567 2894 2637; x_wconf 91' lang='lat' dir='ltr'><strong>qui</strong></span> <span class='ocrx_word' id='word_1_496' title='bbox 2935 2565 3046 2622; x_wconf 88' lang='lat' dir='ltr'><strong>Deo</strong></span> <span class='ocrx_word' id='word_1_497' title='bbox 3076 2565 3384 2632; x_wconf 88' lang='lat' dir='ltr'><strong>maledicet,</strong></span> <span class='ocrx_word' id='word_1_498' title='bbox 3435 2573 3719 2636; x_wconf 85' lang='lat' dir='ltr'><strong>peccatum</strong></span> 
     </span>
    </p>
   </div>
   <div class='ocr_carea' id='block_1_69' title="bbox 2131 2661 2578 2730">
    <p class='ocr_par' dir='ltr' id='par_1_69' title="bbox 2131 2661 2578 2730">
     <span class='ocr_line' id='line_1_69' title="bbox 2131 2661 2578 2730; baseline -0.002 -14"><span class='ocrx_word' id='word_1_499' title='bbox 2131 2661 2311 2730; x_wconf 86' lang='lat' dir='ltr'><strong>capiet</strong></span> <span class='ocrx_word' id='word_1_500' title='bbox 2331 2661 2373 2723; x_wconf 77' lang='grc'><strong>⁸,</strong></span> <span class='ocrx_word' id='word_1_501' title='bbox 2412 2678 2431 2711; x_wconf 72' lang='grc' dir='ltr'><strong>ι</strong></span> <span class='ocrx_word' id='word_1_502' title='bbox 2472 2668 2578 2715; x_wconf 86' lang='lat' dir='ltr'><strong>etc.</strong></span> 
     </span>
    </p>
   </div>
   <div class='ocr_carea' id='block_1_70' title="bbox 2204 2746 3719 2822">
    <p class='ocr_par' dir='ltr' id='par_1_70' title="bbox 2204 2746 3719 2822">
     <span class='ocr_line' id='line_1_70' title="bbox 2204 2746 3719 2822; baseline -0.004 -15"><span class='ocrx_word' id='word_1_503' title='bbox 2204 2751 2347 2807; x_wconf 86' lang='lat' dir='ltr'><strong>Sunt</strong></span> <span class='ocrx_word' id='word_1_504' title='bbox 2375 2751 2468 2822; x_wconf 90' lang='lat' dir='ltr'><strong>qui</strong></span> <span class='ocrx_word' id='word_1_505' title='bbox 2497 2767 2625 2807; x_wconf 84' lang='lat' dir='ltr'><strong>vere</strong></span> <span class='ocrx_word' id='word_1_506' title='bbox 2657 2760 2711 2807; x_wconf 86' lang='lat' dir='ltr'><strong>et</strong></span> <span class='ocrx_word' id='word_1_507' title='bbox 2747 2750 2967 2822; x_wconf 90' lang='lat' dir='ltr'><strong>proprie</strong></span> <span class='ocrx_word' id='word_1_508' title='bbox 3001 2748 3228 2819; x_wconf 80' lang='lat' dir='ltr'><strong>intelligi</strong></span> <span class='ocrx_word' id='word_1_509' title='bbox 3263 2747 3434 2803; x_wconf 83' lang='lat' dir='ltr'><strong>Deum</strong></span> <span class='ocrx_word' id='word_1_510' title='bbox 3469 2746 3660 2801; x_wconf 89' lang='lat' dir='ltr'><strong>volunt</strong></span> <span class='ocrx_word' id='word_1_511' title='bbox 3703 2762 3719 2801; x_wconf 84' lang='lat'><strong>:</strong></span> 
     </span>
    </p>
   </div>
   <div class='ocr_carea' id='block_1_71' title="bbox 2130 2839 3723 2913">
    <p class='ocr_par' dir='ltr' id='par_1_71' title="bbox 2130 2839 3723 2913">
     <span class='ocr_line' id='line_1_71' title="bbox 2130 2839 3723 2913; baseline -0.003 -14"><span class='ocrx_word' id='word_1_512' title='bbox 2130 2845 2223 2899; x_wconf 86' lang='lat' dir='ltr'><strong>alii</strong></span> <span class='ocrx_word' id='word_1_513' title='bbox 2257 2843 2398 2899; x_wconf 88' lang='lat' dir='ltr'><strong>falso</strong></span> <span class='ocrx_word' id='word_1_514' title='bbox 2432 2844 2655 2900; x_wconf 86' lang='lat' dir='ltr'><strong>nomine</strong></span> <span class='ocrx_word' id='word_1_515' title='bbox 2687 2844 2865 2899; x_wconf 89' lang='lat' dir='ltr'><strong>dictos</strong></span> <span class='ocrx_word' id='word_1_516' title='bbox 2893 2861 2907 2899; x_wconf 92' lang='lat'><strong>:</strong></span> <span class='ocrx_word' id='word_1_517' title='bbox 2946 2842 3276 2913; x_wconf 82' lang='lat' dir='ltr'><strong>principium</strong></span> <span class='ocrx_word' id='word_1_518' title='bbox 3310 2855 3440 2895; x_wconf 86' lang='lat' dir='ltr'><strong>vero</strong></span> <span class='ocrx_word' id='word_1_519' title='bbox 3471 2839 3574 2895; x_wconf 89' lang='lat' dir='ltr'><strong>sibi</strong></span> <span class='ocrx_word' id='word_1_520' title='bbox 3604 2839 3723 2894; x_wconf 83' lang='lat' dir='ltr'><strong>dis-</strong></span> 
     </span>
    </p>
   </div>
   <div class='ocr_carea' id='block_1_72' title="bbox 2129 2929 3724 3007">
    <p class='ocr_par' dir='ltr' id='par_1_72' title="bbox 2129 2929 3724 3007">
     <span class='ocr_line' id='line_1_72' title="bbox 2129 2929 3724 3007; baseline -0.004 -16"><span class='ocrx_word' id='word_1_521' title='bbox 2129 2951 2365 3007; x_wconf 80' lang='lat' dir='ltr'><strong>crepans</strong></span> <span class='ocrx_word' id='word_1_522' title='bbox 2395 2935 2751 2990; x_wconf 88' lang='lat' dir='ltr'><strong>substernunt</strong></span> <span class='ocrx_word' id='word_1_523' title='bbox 2778 2935 2889 2999; x_wconf 83' lang='lat' dir='ltr'><strong>isti,</strong></span> <span class='ocrx_word' id='word_1_524' title='bbox 2920 2944 2975 2989; x_wconf 92' lang='lat' dir='ltr'><strong>et</strong></span> <span class='ocrx_word' id='word_1_525' title='bbox 2998 2930 3367 2987; x_wconf 87' lang='lat' dir='ltr'><strong>diversimode</strong></span> <span class='ocrx_word' id='word_1_526' title='bbox 3397 2929 3465 2984; x_wconf 90' lang='lat' dir='ltr'><strong>de</strong></span> <span class='ocrx_word' id='word_1_527' title='bbox 3491 2945 3724 3000; x_wconf 84' lang='lat' dir='ltr'><strong>sequen-</strong></span> 
     </span>
    </p>
   </div>
   <div class='ocr_carea' id='block_1_73' title="bbox 2129 3010 3724 3095">
    <p class='ocr_par' dir='ltr' id='par_1_73' title="bbox 2129 3010 3724 3095">
     <span class='ocr_line' id='line_1_73' title="bbox 2129 3010 3724 3095; baseline -0.005 -11"><span class='ocrx_word' id='word_1_528' title='bbox 2129 3030 2278 3085; x_wconf 88' lang='lat' dir='ltr'><strong>tibus</strong></span> <span class='ocrx_word' id='word_1_529' title='bbox 2321 3010 2712 3087; x_wconf 86' lang='lat' dir='ltr'><strong>determinaut.</strong></span> <span class='ocrx_word' id='word_1_530' title='bbox 2754 3025 2887 3080; x_wconf 80' lang='lat' dir='ltr'><strong>Nam</strong></span> <span class='ocrx_word' id='word_1_531' title='bbox 2933 3025 3029 3095; x_wconf 87' lang='lat' dir='ltr'><strong>qui</strong></span> <span class='ocrx_word' id='word_1_532' title='bbox 3074 3031 3391 3093; x_wconf 89' lang='lat' dir='ltr'><strong>supponunt</strong></span> <span class='ocrx_word' id='word_1_533' title='bbox 3424 3020 3594 3075; x_wconf 87' lang='lat' dir='ltr'><strong>Deum</strong></span> <span class='ocrx_word' id='word_1_534' title='bbox 3632 3021 3724 3076; x_wconf 89' lang='lat' dir='ltr'><strong>hic</strong></span> 
     </span>
    </p>
   </div>
   <div class='ocr_carea' id='block_1_74' title="bbox 2131 3111 3719 3189">
    <p class='ocr_par' dir='ltr' id='par_1_74' title="bbox 2131 3111 3719 3189">
     <span class='ocr_line' id='line_1_74' title="bbox 2131 3111 3719 3189; baseline -0.005 -14"><span class='ocrx_word' id='word_1_535' title='bbox 2131 3118 2385 3189; x_wconf 83' lang='lat' dir='ltr'><strong>intelligi,</strong></span> <span class='ocrx_word' id='word_1_536' title='bbox 2414 3134 2577 3188; x_wconf 92' lang='lat' dir='ltr'><strong>quem</strong></span> <span class='ocrx_word' id='word_1_537' title='bbox 2622 3133 2721 3186; x_wconf 89' lang='lat' dir='ltr'><strong>pro</strong></span> <span class='ocrx_word' id='word_1_538' title='bbox 2755 3117 2981 3171; x_wconf 90' lang='lat' dir='ltr'><strong>numine</strong></span> <span class='ocrx_word' id='word_1_539' title='bbox 3012 3115 3287 3184; x_wconf 79' lang='lat' dir='ltr'><strong>quispiam</strong></span> <span class='ocrx_word' id='word_1_540' title='bbox 3316 3113 3507 3167; x_wconf 85' lang='lat' dir='ltr'><strong>adorat</strong></span> <span class='ocrx_word' id='word_1_541' title='bbox 3533 3111 3719 3183; x_wconf 84' lang='lat' dir='ltr'><strong>impie,</strong></span> 
     </span>
    </p>
   </div>
   <div class='ocr_carea' id='block_1_75' title="bbox 2125 3205 3720 3275">
    <p class='ocr_par' dir='ltr' id='par_1_75' title="bbox 2125 3205 3720 3275">
     <span class='ocr_line' id='line_1_75' title="bbox 2125 3205 3720 3275; baseline -0.006 -8"><span class='ocrx_word' id='word_1_542' title='bbox 2125 3227 2347 3268; x_wconf 81' lang='lat' dir='ltr'><strong>sensum</strong></span> <span class='ocrx_word' id='word_1_543' title='bbox 2382 3211 2454 3266; x_wconf 89' lang='lat' dir='ltr'><strong>ita</strong></span> <span class='ocrx_word' id='word_1_544' title='bbox 2486 3210 2762 3264; x_wconf 79' lang='lat' dir='ltr'><strong>reddunt:</strong></span> <span class='ocrx_word' id='word_1_545' title='bbox 2817 3207 2933 3262; x_wconf 87' lang='lat' dir='ltr'><strong>Non</strong></span> <span class='ocrx_word' id='word_1_546' title='bbox 2995 3215 3204 3275; x_wconf 84' lang='lat' dir='ltr'><strong>oportet</strong></span> <span class='ocrx_word' id='word_1_547' title='bbox 3258 3220 3324 3258; x_wconf 86' lang='lat' dir='ltr'><strong>ne</strong></span> <span class='ocrx_word' id='word_1_548' title='bbox 3363 3205 3580 3275; x_wconf 83' lang='lat' dir='ltr'><strong>quidem</strong></span> <span class='ocrx_word' id='word_1_549' title='bbox 3618 3219 3720 3273; x_wconf 86' lang='lat' dir='ltr'><strong>pa-</strong></span> 
     </span>
    </p>
   </div>
   <div class='ocr_carea' id='block_1_76' title="bbox 2125 3294 3718 3375">
    <p class='ocr_par' dir='ltr' id='par_1_76' title="bbox 2125 3294 3718 3375">
     <span class='ocr_line' id='line_1_76' title="bbox 2125 3294 3718 3375; baseline -0.006 -17"><span class='ocrx_word' id='word_1_550' title='bbox 2125 3303 2335 3375; x_wconf 61' lang='lat' dir='ltr'><strong>ganica</strong></span> <span class='ocrx_word' id='word_1_551' title='bbox 2371 3301 2657 3373; x_wconf 77' lang='lat' dir='ltr'><strong>religionis</strong></span> <span class='ocrx_word' id='word_1_552' title='bbox 2705 3300 3015 3364; x_wconf 89' lang='lat' dir='ltr'><strong>addictum,</strong></span> <span class='ocrx_word' id='word_1_553' title='bbox 3070 3296 3419 3352; x_wconf 85' lang='lat' dir='ltr'><strong>contumeliis</strong></span> <span class='ocrx_word' id='word_1_554' title='bbox 3468 3295 3519 3350; x_wconf 90' lang='lat' dir='ltr'><strong>id</strong></span> <span class='ocrx_word' id='word_1_555' title='bbox 3570 3294 3718 3365; x_wconf 88' lang='lat' dir='ltr'><strong>quod</strong></span> 
     </span>
    </p>
   </div>
   <div class='ocr_carea' id='block_1_77' title="bbox 2132 3386 3717 3457">
    <p class='ocr_par' dir='ltr' id='par_1_77' title="bbox 2132 3386 3717 3457">
     <span class='ocr_line' id='line_1_77' title="bbox 2132 3386 3717 3457; baseline -0.008 -6"><span class='ocrx_word' id='word_1_556' title='bbox 2132 3396 2264 3451; x_wconf 85' lang='lat' dir='ltr'><strong>colit</strong></span> <span class='ocrx_word' id='word_1_557' title='bbox 2293 3395 2509 3451; x_wconf 73' lang='lat' dir='ltr'><strong>allicere</strong></span> <span class='ocrx_word' id='word_1_558' title='bbox 2545 3412 2559 3449; x_wconf 69' lang='grc' dir='ltr'><strong>ε</strong></span> <span class='ocrx_word' id='word_1_559' title='bbox 2607 3409 2731 3448; x_wconf 82' lang='lat' dir='ltr'><strong>nam</strong></span> <span class='ocrx_word' id='word_1_560' title='bbox 2773 3392 2901 3446; x_wconf 88' lang='lat' dir='ltr'><strong>licet</strong></span> <span class='ocrx_word' id='word_1_561' title='bbox 2934 3392 2986 3445; x_wconf 90' lang='lat' dir='ltr'><strong>id</strong></span> <span class='ocrx_word' id='word_1_562' title='bbox 3032 3400 3306 3443; x_wconf 85' lang='lat' dir='ltr'><strong>mereatur</strong></span> <span class='ocrx_word' id='word_1_563' title='bbox 3349 3387 3544 3457; x_wconf 86' lang='lat' dir='ltr'><strong>quavis</strong></span> <span class='ocrx_word' id='word_1_564' title='bbox 3572 3386 3717 3441; x_wconf 84' lang='lat' dir='ltr'><strong>affici</strong></span> 
     </span>
    </p>
   </div>
   <div class='ocr_carea' id='block_1_78' title="bbox 2120 3477 3721 3554">
    <p class='ocr_par' dir='ltr' id='par_1_78' title="bbox 2120 3477 3721 3554">
     <span class='ocr_line' id='line_1_78' title="bbox 2120 3477 3721 3554; baseline -0.009 -11"><span class='ocrx_word' id='word_1_565' title='bbox 2120 3487 2483 3550; x_wconf 84' lang='lat' dir='ltr'><strong>contumelia,</strong></span> <span class='ocrx_word' id='word_1_566' title='bbox 2515 3494 2572 3542; x_wconf 88' lang='lat' dir='ltr'><strong>et</strong></span> <span class='ocrx_word' id='word_1_567' title='bbox 2623 3500 2654 3540; x_wconf 89' lang='lat' dir='ltr'><strong>a</strong></span> <span class='ocrx_word' id='word_1_568' title='bbox 2692 3484 2827 3539; x_wconf 91' lang='lat' dir='ltr'><strong>viris</strong></span> <span class='ocrx_word' id='word_1_569' title='bbox 2871 3483 3145 3554; x_wconf 74' lang='lat' dir='ltr'><strong>religiosis</strong></span> <span class='ocrx_word' id='word_1_570' title='bbox 3192 3494 3293 3550; x_wconf 84' lang='lat' dir='ltr'><strong>pro</strong></span> <span class='ocrx_word' id='word_1_571' title='bbox 3352 3477 3721 3535; x_wconf 75' lang='lat' dir='ltr'><strong>abominanda</strong></span> 
     </span>
    </p>
   </div>
   <div class='ocr_carea' id='block_1_79' title="bbox 2121 3569 3717 3641">
    <p class='ocr_par' dir='ltr' id='par_1_79' title="bbox 2121 3569 3717 3641">
     <span class='ocr_line' id='line_1_79' title="bbox 2121 3569 3717 3641; baseline -0.009 -6"><span class='ocrx_word' id='word_1_572' title='bbox 2121 3578 2312 3635; x_wconf 85' lang='lat' dir='ltr'><strong>haberi</strong></span> <span class='ocrx_word' id='word_1_573' title='bbox 2368 3579 2565 3634; x_wconf 82' lang='lat' dir='ltr'><strong>debeat</strong></span> <span class='ocrx_word' id='word_1_574' title='bbox 2596 3584 2650 3631; x_wconf 89' lang='lat' dir='ltr'><strong>et</strong></span> <span class='ocrx_word' id='word_1_575' title='bbox 2697 3575 3005 3641; x_wconf 88' lang='lat' dir='ltr'><strong>nominari;</strong></span> <span class='ocrx_word' id='word_1_576' title='bbox 3056 3574 3105 3628; x_wconf 89' lang='lat' dir='ltr'><strong>is</strong></span> <span class='ocrx_word' id='word_1_577' title='bbox 3143 3581 3323 3625; x_wconf 88' lang='lat' dir='ltr'><strong>tamen</strong></span> <span class='ocrx_word' id='word_1_578' title='bbox 3355 3570 3450 3641; x_wconf 90' lang='lat' dir='ltr'><strong>qui</strong></span> <span class='ocrx_word' id='word_1_579' title='bbox 3505 3569 3557 3623; x_wconf 92' lang='lat' dir='ltr'><strong>id</strong></span> <span class='ocrx_word' id='word_1_580' title='bbox 3618 3583 3717 3638; x_wconf 87' lang='lat' dir='ltr'><strong>pro</strong></span> 
     </span>
    </p>
   </div>
   <div class='ocr_carea' id='block_1_80' title="bbox 2122 3659 3719 3736">
    <p class='ocr_par' dir='ltr' id='par_1_80' title="bbox 2122 3659 3719 3736">
     <span class='ocr_line' id='line_1_80' title="bbox 2122 3659 3719 3736; baseline -0.008 -10"><span class='ocrx_word' id='word_1_581' title='bbox 2122 3672 2234 3727; x_wconf 88' lang='lat' dir='ltr'><strong>Deo</strong></span> <span class='ocrx_word' id='word_1_582' title='bbox 2286 3670 2485 3736; x_wconf 90' lang='lat' dir='ltr'><strong>habet,</strong></span> <span class='ocrx_word' id='word_1_583' title='bbox 2520 3678 2573 3724; x_wconf 88' lang='lat' dir='ltr'><strong>et</strong></span> <span class='ocrx_word' id='word_1_584' title='bbox 2619 3676 2734 3722; x_wconf 92' lang='lat' dir='ltr'><strong>tum</strong></span> <span class='ocrx_word' id='word_1_585' title='bbox 2790 3666 3169 3735; x_wconf 81' lang='lat' dir='ltr'><strong>blaspbemat,</strong></span> <span class='ocrx_word' id='word_1_586' title='bbox 3219 3670 3431 3717; x_wconf 79' lang='lat' dir='ltr'><strong>reatum</strong></span> <span class='ocrx_word' id='word_1_587' title='bbox 3484 3659 3719 3714; x_wconf 88' lang='lat' dir='ltr'><strong>incurrit</strong></span> 
     </span>
    </p>
   </div>
   <div class='ocr_carea' id='block_1_81' title="bbox 2119 3752 3718 3834">
    <p class='ocr_par' dir='ltr' id='par_1_81' title="bbox 2119 3752 3718 3834">
     <span class='ocr_line' id='line_1_81' title="bbox 2119 3752 3718 3834; baseline -0.009 -15"><span class='ocrx_word' id='word_1_588' title='bbox 2119 3761 2352 3834; x_wconf 84' lang='lat' dir='ltr'><strong>peccati.</strong></span> <span class='ocrx_word' id='word_1_589' title='bbox 2382 3759 2519 3816; x_wconf 83' lang='lat' dir='ltr'><strong>Nam</strong></span> <span class='ocrx_word' id='word_1_590' title='bbox 2554 3777 2621 3815; x_wconf 80' lang='lat' dir='ltr'><strong>ex</strong></span> <span class='ocrx_word' id='word_1_591' title='bbox 2652 3759 2821 3814; x_wconf 87' lang='lat' dir='ltr'><strong>animi</strong></span> <span class='ocrx_word' id='word_1_592' title='bbox 2850 3758 2935 3812; x_wconf 91' lang='lat' dir='ltr'><strong>sui</strong></span> <span class='ocrx_word' id='word_1_593' title='bbox 2987 3756 3282 3820; x_wconf 89' lang='lat' dir='ltr'><strong>sententia,</strong></span> <span class='ocrx_word' id='word_1_594' title='bbox 3319 3753 3491 3809; x_wconf 83' lang='lat' dir='ltr'><strong>Deum</strong></span> <span class='ocrx_word' id='word_1_595' title='bbox 3539 3752 3718 3807; x_wconf 88' lang='lat' dir='ltr'><strong>maui-</strong></span> 
     </span>
    </p>
   </div>
   <div class='ocr_carea' id='block_1_82' title="bbox 2119 3849 3717 3923">
    <p class='ocr_par' dir='ltr' id='par_1_82' title="bbox 2119 3849 3717 3923">
     <span class='ocr_line' id='line_1_82' title="bbox 2119 3849 3717 3923; baseline -0.006 -13"><span class='ocrx_word' id='word_1_596' title='bbox 2119 3854 2259 3910; x_wconf 86' lang='lat' dir='ltr'><strong>feste</strong></span> <span class='ocrx_word' id='word_1_597' title='bbox 2293 3854 2674 3923; x_wconf 85' lang='lat' dir='ltr'><strong>hlasphemat,</strong></span> <span class='ocrx_word' id='word_1_598' title='bbox 2723 3859 2780 3906; x_wconf 90' lang='lat' dir='ltr'><strong>et</strong></span> <span class='ocrx_word' id='word_1_599' title='bbox 2826 3849 3121 3921; x_wconf 89' lang='lat' dir='ltr'><strong>impietatis</strong></span> <span class='ocrx_word' id='word_1_600' title='bbox 3163 3864 3224 3904; x_wconf 90' lang='lat' dir='ltr'><strong>se</strong></span> <span class='ocrx_word' id='word_1_601' title='bbox 3270 3862 3425 3903; x_wconf 89' lang='lat' dir='ltr'><strong>reum</strong></span> <span class='ocrx_word' id='word_1_602' title='bbox 3472 3853 3717 3919; x_wconf 66' lang='lat' dir='ltr'><strong>praestat.</strong></span> 
     </span>
    </p>
   </div>
   <div class='ocr_carea' id='block_1_83' title="bbox 2118 3940 3719 4012">
    <p class='ocr_par' dir='ltr' id='par_1_83' title="bbox 2118 3940 3719 4012">
     <span class='ocr_line' id='line_1_83' title="bbox 2118 3940 3719 4012; baseline -0.007 -9"><span class='ocrx_word' id='word_1_603' title='bbox 2118 3949 2385 4004; x_wconf 86' lang='lat' dir='ltr'><strong>Certeaut</strong></span> <span class='ocrx_word' id='word_1_604' title='bbox 2414 3944 3032 4010; x_wconf 86' lang='lat' dir='ltr'><strong>noncoluisse,autnon</strong></span> <span class='ocrx_word' id='word_1_605' title='bbox 3087 3940 3494 4012; x_wconf 89' lang='lat' dir='ltr'><strong>blaspbemasse</strong></span> <span class='ocrx_word' id='word_1_606' title='bbox 3553 3954 3719 4010; x_wconf 82' lang='lat' dir='ltr'><strong>opor-</strong></span> 
     </span>
    </p>
   </div>
   <div class='ocr_carea' id='block_1_84' title="bbox 2120 4030 3714 4101">
    <p class='ocr_par' dir='ltr' id='par_1_84' title="bbox 2120 4030 3714 4101">
     <span class='ocr_line' id='line_1_84' title="bbox 2120 4030 3714 4101; baseline -0.006 -10"><span class='ocrx_word' id='word_1_607' title='bbox 2120 4037 2245 4091; x_wconf 91' lang='lat' dir='ltr'><strong>tuit.</strong></span> <span class='ocrx_word' id='word_1_608' title='bbox 2304 4034 2391 4089; x_wconf 81' lang='lat' dir='ltr'><strong>&#39;l‘u</strong></span> <span class='ocrx_word' id='word_1_609' title='bbox 2469 4034 2797 4090; x_wconf 89' lang='lat' dir='ltr'><strong>commisces</strong></span> <span class='ocrx_word' id='word_1_610' title='bbox 2858 4032 3314 4101; x_wconf 81' lang='lat' dir='ltr'><strong>incongruentia,</strong></span> <span class='ocrx_word' id='word_1_611' title='bbox 3372 4031 3502 4085; x_wconf 92' lang='lat' dir='ltr'><strong>dum</strong></span> <span class='ocrx_word' id='word_1_612' title='bbox 3567 4030 3714 4100; x_wconf 82' lang='lat' dir='ltr'><strong>quod</strong></span> 
     </span>
    </p>
   </div>
   <div class='ocr_carea' id='block_1_85' title="bbox 2115 4119 3715 4194">
    <p class='ocr_par' dir='ltr' id='par_1_85' title="bbox 2115 4119 3715 4194">
     <span class='ocr_line' id='line_1_85' title="bbox 2115 4119 3715 4194; baseline -0.004 -13"><span class='ocrx_word' id='word_1_613' title='bbox 2115 4126 2287 4187; x_wconf 90' lang='lat' dir='ltr'><strong>colis,</strong></span> <span class='ocrx_word' id='word_1_614' title='bbox 2342 4125 2688 4194; x_wconf 86' lang='lat' dir='ltr'><strong>blasphemas</strong></span> <span class='ocrx_word' id='word_1_615' title='bbox 2740 4123 2895 4179; x_wconf 91' lang='lat' dir='ltr'><strong>illud.</strong></span> <span class='ocrx_word' id='word_1_616' title='bbox 2949 4121 3005 4176; x_wconf 93' lang='lat' dir='ltr'><strong>Si</strong></span> <span class='ocrx_word' id='word_1_617' title='bbox 3063 4122 3429 4186; x_wconf 89' lang='lat' dir='ltr'><strong>condemnas,</strong></span> <span class='ocrx_word' id='word_1_618' title='bbox 3482 4119 3551 4174; x_wconf 91' lang='lat' dir='ltr'><strong>ab</strong></span> <span class='ocrx_word' id='word_1_619' title='bbox 3595 4120 3715 4189; x_wconf 64' lang='lat' dir='ltr'><strong>ejus</strong></span> 
     </span>
    </p>
   </div>
   <div class='ocr_carea' id='block_1_86' title="bbox 2116 4210 3711 4281">
    <p class='ocr_par' dir='ltr' id='par_1_86' title="bbox 2116 4210 3711 4281">
     <span class='ocr_line' id='line_1_86' title="bbox 2116 4210 3711 4281; baseline -0.004 -12"><span class='ocrx_word' id='word_1_620' title='bbox 2116 4217 2269 4275; x_wconf 82' lang='lat' dir='ltr'><strong>cultu</strong></span> <span class='ocrx_word' id='word_1_621' title='bbox 2311 4217 2525 4270; x_wconf 89' lang='lat' dir='ltr'><strong>recede.</strong></span> <span class='ocrx_word' id='word_1_622' title='bbox 2556 4213 2613 4268; x_wconf 85' lang='lat' dir='ltr'><strong>Si</strong></span> <span class='ocrx_word' id='word_1_623' title='bbox 2647 4222 2831 4273; x_wconf 83' lang='lat' dir='ltr'><strong>tamen</strong></span> <span class='ocrx_word' id='word_1_624' title='bbox 2860 4210 3075 4269; x_wconf 89' lang='lat' dir='ltr'><strong>accedis</strong></span> <span class='ocrx_word' id='word_1_625' title='bbox 3114 4221 3373 4281; x_wconf 81' lang='lat' dir='ltr'><strong>tanquam</strong></span> <span class='ocrx_word' id='word_1_626' title='bbox 3404 4210 3471 4265; x_wconf 90' lang='lat' dir='ltr'><strong>ad</strong></span> <span class='ocrx_word' id='word_1_627' title='bbox 3510 4210 3711 4276; x_wconf 88' lang='lat' dir='ltr'><strong>Deum,</strong></span> 
     </span>
    </p>
   </div>
   <div class='ocr_carea' id='block_1_87' title="bbox 2115 4304 3713 4378">
    <p class='ocr_par' dir='ltr' id='par_1_87' title="bbox 2115 4304 3713 4378">
     <span class='ocr_line' id='line_1_87' title="bbox 2115 4304 3713 4378; baseline -0.003 -16"><span class='ocrx_word' id='word_1_628' title='bbox 2115 4322 2285 4378; x_wconf 87' lang='lat' dir='ltr'><strong>quare</strong></span> <span class='ocrx_word' id='word_1_629' title='bbox 2314 4324 2422 4366; x_wconf 90' lang='lat' dir='ltr'><strong>non</strong></span> <span class='ocrx_word' id='word_1_630' title='bbox 2456 4306 2723 4364; x_wconf 69' lang='lat' dir='ltr'><strong>formidas.</strong></span> <span class='ocrx_word' id='word_1_631' title='bbox 2745 4305 2885 4361; x_wconf 81' lang='lat' dir='ltr'><strong>male</strong></span> <span class='ocrx_word' id='word_1_632' title='bbox 2916 4304 3101 4361; x_wconf 80' lang='lat' dir='ltr'><strong>verbis</strong></span> <span class='ocrx_word' id='word_1_633' title='bbox 3133 4304 3433 4368; x_wconf 86' lang='lat' dir='ltr'><strong>incessere,</strong></span> <span class='ocrx_word' id='word_1_634' title='bbox 3467 4313 3521 4357; x_wconf 89' lang='lat' dir='ltr'><strong>et</strong></span> <span class='ocrx_word' id='word_1_635' title='bbox 3550 4320 3713 4359; x_wconf 82' lang='lat' dir='ltr'><strong>exse-</strong></span> 
     </span>
    </p>
   </div>
   <div class='ocr_carea' id='block_1_88' title="bbox 2115 4394 3711 4467">
    <p class='ocr_par' dir='ltr' id='par_1_88' title="bbox 2115 4394 3711 4467">
     <span class='ocr_line' id='line_1_88' title="bbox 2115 4394 3711 4467; baseline -0.004 -12"><span class='ocrx_word' id='word_1_636' title='bbox 2115 4400 2351 4455; x_wconf 88' lang='lat' dir='ltr'><strong>crationi</strong></span> <span class='ocrx_word' id='word_1_637' title='bbox 2382 4398 2672 4467; x_wconf 83' lang='lat' dir='ltr'><strong>subjicere,</strong></span> <span class='ocrx_word' id='word_1_638' title='bbox 2703 4411 2862 4465; x_wconf 86' lang='lat' dir='ltr'><strong>quem</strong></span> <span class='ocrx_word' id='word_1_639' title='bbox 2894 4397 3076 4451; x_wconf 84' lang='lat' dir='ltr'><strong>colis?</strong></span> <span class='ocrx_word' id='word_1_640' title='bbox 3124 4395 3393 4463; x_wconf 86' lang='lat' dir='ltr'><strong>Quocirca</strong></span> <span class='ocrx_word' id='word_1_641' title='bbox 3461 4413 3480 4447; x_wconf 74' lang='grc' dir='ltr'><strong>ι</strong></span> <span class='ocrx_word' id='word_1_642' title='bbox 3534 4394 3711 4450; x_wconf 73' lang='grc' dir='ltr'>Ηοιιιο</span> 
     </span>
    </p>
   </div>
   <div class='ocr_carea' id='block_1_89' title="bbox 424 4476 2026 4565">
    <p class='ocr_par' dir='ltr' id='par_1_89' title="bbox 424 4476 2017 4563">
     <span class='ocr_line' id='line_1_89' title="bbox 424 4476 2017 4563; baseline 0.016 -34"><span class='ocrx_word' id='word_1_643' title='bbox 424 4476 662 4547; x_wconf 78' lang='grc' dir='ltr'>θρωπος,</span> <span class='ocrx_word' id='word_1_644' title='bbox 712 4483 771 4546; x_wconf 85' lang='grc' dir='ltr'>ὃς</span> <span class='ocrx_word' id='word_1_645' title='bbox 824 4490 1209 4562; x_wconf 82' lang='grc' dir='ltr'>καταράσηται</span> <span class='ocrx_word' id='word_1_646' title='bbox 1263 4495 1396 4548; x_wconf 72' lang='grc' dir='ltr'>Θεὸν</span> <span class='ocrx_word' id='word_1_647' title='bbox 1459 4496 1647 4563; x_wconf 85' lang='grc' dir='ltr'>αὐτοῦ,</span> <span class='ocrx_word' id='word_1_648' title='bbox 1709 4496 1799 4552; x_wconf 73' lang='grc' dir='ltr'>διὰ</span> <span class='ocrx_word' id='word_1_649' title='bbox 1857 4500 2017 4554; x_wconf 82' lang='grc' dir='ltr'>τοῦτο</span> 
     </span>
    </p>
   </div>
   <div class='ocr_carea' id='block_1_90' title="bbox 2126 4476 3713 4565">
    <p class='ocr_par' dir='ltr' id='par_1_90' title="bbox 2126 4487 3713 4562">
     <span class='ocr_line' id='line_1_90' title="bbox 2126 4487 3713 4562; baseline -0.004 -15"><span class='ocrx_word' id='word_1_650' title='bbox 2126 4492 2213 4548; x_wconf 72' lang='lat' dir='ltr'><strong>ille</strong></span> <span class='ocrx_word' id='word_1_651' title='bbox 2246 4491 2343 4562; x_wconf 91' lang='lat' dir='ltr'><strong>qui</strong></span> <span class='ocrx_word' id='word_1_652' title='bbox 2372 4499 2693 4546; x_wconf 82' lang='lat' dir='ltr'><strong>exsecratur</strong></span> <span class='ocrx_word' id='word_1_653' title='bbox 2728 4488 2896 4544; x_wconf 83' lang='lat' dir='ltr'><strong>Deum</strong></span> <span class='ocrx_word' id='word_1_654' title='bbox 2932 4504 3120 4551; x_wconf 81' lang='lat' dir='ltr'><strong>suum,</strong></span> <span class='ocrx_word' id='word_1_655' title='bbox 3156 4487 3226 4541; x_wconf 87' lang='lat' dir='ltr'><strong>ob</strong></span> <span class='ocrx_word' id='word_1_656' title='bbox 3252 4487 3486 4556; x_wconf 88' lang='lat' dir='ltr'><strong>idipsum</strong></span> <span class='ocrx_word' id='word_1_657' title='bbox 3521 4503 3713 4557; x_wconf 80' lang='lat' dir='ltr'><strong>pecea—</strong></span> 
     </span>
    </p>
   </div>
   <div class='ocr_carea' id='block_1_91' title="bbox 421 4569 2010 4658">
    <p class='ocr_par' dir='ltr' id='par_1_91' title="bbox 421 4569 2010 4658">
     <span class='ocr_line' id='line_1_91' title="bbox 421 4569 2010 4658; baseline 0.015 -37"><span class='ocrx_word' id='word_1_658' title='bbox 421 4569 698 4641; x_wconf 57' lang='lat' dir='ltr'><strong>dpptixv</strong></span> <span class='ocrx_word' id='word_1_659' title='bbox 724 4576 992 4646; x_wconf 70' lang='grc' dir='ltr'>λήψεται*</span> <span class='ocrx_word' id='word_1_660' title='bbox 1032 4601 1050 4634; x_wconf 74' lang='grc' dir='ltr'><strong>ι</strong></span> <span class='ocrx_word' id='word_1_661' title='bbox 1080 4584 1178 4653; x_wconf 85' lang='grc' dir='ltr'>οὐχ</span> <span class='ocrx_word' id='word_1_662' title='bbox 1211 4585 1293 4638; x_wconf 81' lang='grc' dir='ltr'><strong>ὅτι</strong></span> <span class='ocrx_word' id='word_1_663' title='bbox 1337 4585 1472 4639; x_wconf 77' lang='grc' dir='ltr'>Θεὸν</span> <span class='ocrx_word' id='word_1_664' title='bbox 1503 4588 1823 4658; x_wconf 75' lang='grc' dir='ltr'>ἐπηράσατο</span> <span class='ocrx_word' id='word_1_665' title='bbox 1843 4608 1857 4621; x_wconf 86' lang='grc'><strong>·</strong></span> <span class='ocrx_word' id='word_1_666' title='bbox 1893 4591 2010 4647; x_wconf 75' lang='grc' dir='ltr'>ἀλλ’</span> 
     </span>
    </p>
   </div>
   <div class='ocr_carea' id='block_1_92' title="bbox 421 4661 2009 4744">
    <p class='ocr_par' dir='ltr' id='par_1_92' title="bbox 421 4661 2009 4744">
     <span class='ocr_line' id='line_1_92' title="bbox 421 4661 2009 4744; baseline 0.014 -30"><span class='ocrx_word' id='word_1_667' title='bbox 421 4661 500 4715; x_wconf 79' lang='grc' dir='ltr'><strong>ὅτι</strong></span> <span class='ocrx_word' id='word_1_668' title='bbox 540 4664 709 4737; x_wconf 86' lang='grc' dir='ltr'>ὅνπερ</span> <span class='ocrx_word' id='word_1_669' title='bbox 752 4668 827 4733; x_wconf 86' lang='grc' dir='ltr'>ὼς</span> <span class='ocrx_word' id='word_1_670' title='bbox 876 4671 1009 4725; x_wconf 83' lang='grc' dir='ltr'>Θεὸν</span> <span class='ocrx_word' id='word_1_671' title='bbox 1055 4676 1222 4729; x_wconf 78' lang='grc' dir='ltr'>αὐτοῦ</span> <span class='ocrx_word' id='word_1_672' title='bbox 1262 4678 1500 4744; x_wconf 85' lang='grc' dir='ltr'>σέϐεται,</span> <span class='ocrx_word' id='word_1_673' title='bbox 1541 4682 1665 4734; x_wconf 86' lang='grc' dir='ltr'>κατ’</span> <span class='ocrx_word' id='word_1_674' title='bbox 1696 4681 1862 4736; x_wconf 79' lang='grc' dir='ltr'>αὐτοῦ</span> <span class='ocrx_word' id='word_1_675' title='bbox 1914 4685 2009 4737; x_wconf 76' lang='grc' dir='ltr'><strong>καὶ</strong></span> 
     </span>
    </p>
   </div>
   <div class='ocr_carea' id='block_1_93' title="bbox 420 4752 2009 4844">
    <p class='ocr_par' dir='ltr' id='par_1_93' title="bbox 420 4752 2009 4844">
     <span class='ocr_line' id='line_1_93' title="bbox 420 4752 2009 4844; baseline 0.016 -40"><span class='ocrx_word' id='word_1_676' title='bbox 420 4752 672 4844; x_wconf 86' lang='grc' dir='ltr'>γλῶσσαν</span> <span class='ocrx_word' id='word_1_677' title='bbox 702 4760 883 4831; x_wconf 83' lang='grc' dir='ltr'>ἀφῆκε</span> <span class='ocrx_word' id='word_1_678' title='bbox 915 4764 1221 4837; x_wconf 79' lang='grc' dir='ltr'>δύσφημον.</span> <span class='ocrx_word' id='word_1_679' title='bbox 1250 4765 1383 4825; x_wconf 83' lang='grc' dir='ltr'>Εἶτα</span> <span class='ocrx_word' id='word_1_680' title='bbox 1408 4787 1423 4803; x_wconf 82' lang='grc'>⁶</span> <span class='ocrx_word' id='word_1_681' title='bbox 1462 4789 1482 4823; x_wconf 76' lang='grc' dir='ltr'><strong>ι</strong></span> <span class='ocrx_word' id='word_1_682' title='bbox 1524 4773 1837 4844; x_wconf 79' lang='grc' dir='ltr'>Ὀνομάζων</span> <span class='ocrx_word' id='word_1_683' title='bbox 1866 4776 1923 4830; x_wconf 82' lang='grc' dir='ltr'>δὲ</span> <span class='ocrx_word' id='word_1_684' title='bbox 1948 4778 2009 4829; x_wconf 80' lang='grc' dir='ltr'>τὸ</span> 
     </span>
    </p>
   </div>
   <div class='ocr_carea' id='block_1_94' title="bbox 417 4843 2010 4930">
    <p class='ocr_par' dir='ltr' id='par_1_94' title="bbox 417 4843 2010 4930">
     <span class='ocr_line' id='line_1_94' title="bbox 417 4843 2010 4930; baseline 0.016 -34"><span class='ocrx_word' id='word_1_685' title='bbox 417 4843 588 4916; x_wconf 77' lang='grc' dir='ltr'>ὖνομα</span> <span class='ocrx_word' id='word_1_686' title='bbox 626 4851 853 4922; x_wconf 84' lang='grc' dir='ltr'>Κυρίου,</span> <span class='ocrx_word' id='word_1_687' title='bbox 885 4856 1099 4930; x_wconf 81' lang='grc' dir='ltr'>θανάτῳ</span> <span class='ocrx_word' id='word_1_688' title='bbox 1130 4861 1503 4917; x_wconf 75' lang='grc' dir='ltr'>θανατοῦσθω.</span> <span class='ocrx_word' id='word_1_689' title='bbox 1534 4882 1553 4914; x_wconf 69' lang='grc' dir='ltr'><strong>ι</strong></span> <span class='ocrx_word' id='word_1_690' title='bbox 1588 4866 1684 4918; x_wconf 82' lang='grc' dir='ltr'>Ἂν</span> <span class='ocrx_word' id='word_1_691' title='bbox 1712 4867 1770 4918; x_wconf 75' lang='grc' dir='ltr'>δέ</span> <span class='ocrx_word' id='word_1_692' title='bbox 1803 4884 1887 4929; x_wconf 83' lang='grc' dir='ltr'><strong>τις</strong></span> <span class='ocrx_word' id='word_1_693' title='bbox 1919 4868 2010 4922; x_wconf 73' lang='grc' dir='ltr'>τὸν</span> 
     </span>
    </p>
   </div>
   <div class='ocr_carea' id='block_1_95' title="bbox 418 4938 2009 5028">
    <p class='ocr_par' dir='ltr' id='par_1_95' title="bbox 418 4938 2009 5028">
     <span class='ocr_line' id='line_1_95' title="bbox 418 4938 2009 5028; baseline 0.014 -37"><span class='ocrx_word' id='word_1_694' title='bbox 418 4938 594 5011; x_wconf 77' lang='grc' dir='ltr'>ἀληθῆ</span> <span class='ocrx_word' id='word_1_695' title='bbox 636 4943 786 5006; x_wconf 71' lang='grc' dir='ltr'>Θεὸν,</span> <span class='ocrx_word' id='word_1_696' title='bbox 838 4949 931 5002; x_wconf 76' lang='grc' dir='ltr'><strong>καὶ</strong></span> <span class='ocrx_word' id='word_1_697' title='bbox 971 4951 1190 5005; x_wconf 83' lang='grc' dir='ltr'>πάντων</span> <span class='ocrx_word' id='word_1_698' title='bbox 1238 4955 1539 5025; x_wconf 87' lang='grc' dir='ltr'>Δεσπότην,</span> <span class='ocrx_word' id='word_1_699' title='bbox 1582 4956 1674 5009; x_wconf 78' lang='grc' dir='ltr'><strong>ὑπ’</strong></span> <span class='ocrx_word' id='word_1_700' title='bbox 1722 4957 1861 5028; x_wconf 78' lang='grc' dir='ltr'>ἀρὰν</span> <span class='ocrx_word' id='word_1_701' title='bbox 1914 4959 2009 5013; x_wconf 71' lang='grc' dir='ltr'>καὶ</span> 
     </span>
    </p>
   </div>
   <div class='ocr_carea' id='block_1_96' title="bbox 419 5029 2009 5120">
    <p class='ocr_par' dir='ltr' id='par_1_96' title="bbox 419 5029 2009 5120">
     <span class='ocr_line' id='line_1_96' title="bbox 419 5029 2009 5120; baseline 0.011 -33"><span class='ocrx_word' id='word_1_702' title='bbox 419 5029 771 5104; x_wconf 76' lang='grc' dir='ltr'>βλασφημίαν</span> <span class='ocrx_word' id='word_1_703' title='bbox 796 5038 1026 5109; x_wconf 83' lang='grc' dir='ltr'>ἀγαγεῖν</span> <span class='ocrx_word' id='word_1_704' title='bbox 1049 5045 1334 5115; x_wconf 71' lang='grc' dir='ltr'>τολμήσω,</span> <span class='ocrx_word' id='word_1_705' title='bbox 1367 5047 1597 5112; x_wconf 81' lang='grc' dir='ltr'>θάνατος</span> <span class='ocrx_word' id='word_1_706' title='bbox 1627 5050 1777 5120; x_wconf 84' lang='grc' dir='ltr'>αὐτῷ</span> <span class='ocrx_word' id='word_1_707' title='bbox 1798 5050 1859 5103; x_wconf 87' lang='grc' dir='ltr'><strong>τὸ</strong></span> <span class='ocrx_word' id='word_1_708' title='bbox 1890 5052 2009 5106; x_wconf 82' lang='grc' dir='ltr'>ἑπι-</span> 
     </span>
    </p>
   </div>
   <div class='ocr_carea' id='block_1_97' title="bbox 416 5122 2006 5212">
    <p class='ocr_par' dir='ltr' id='par_1_97' title="bbox 416 5122 2006 5212">
     <span class='ocr_line' id='line_1_97' title="bbox 416 5122 2006 5212; baseline 0.016 -40"><span class='ocrx_word' id='word_1_709' title='bbox 416 5122 615 5192; x_wconf 73' lang='grc' dir='ltr'>τίμιον.</span> <span class='ocrx_word' id='word_1_710' title='bbox 652 5132 857 5196; x_wconf 85' lang='grc' dir='ltr'>Διττοῖς</span> <span class='ocrx_word' id='word_1_711' title='bbox 892 5135 996 5207; x_wconf 71' lang='grc' dir='ltr'>γὰρ</span> <span class='ocrx_word' id='word_1_712' title='bbox 1031 5130 1187 5200; x_wconf 76' lang='grc' dir='ltr'>οὗτος</span> <span class='ocrx_word' id='word_1_713' title='bbox 1218 5138 1418 5204; x_wconf 77' lang='grc' dir='ltr'>ἄτοπος</span> <span class='ocrx_word' id='word_1_714' title='bbox 1446 5141 1819 5212; x_wconf 84' lang='grc' dir='ltr'>συνείληπται.</span> <span class='ocrx_word' id='word_1_715' title='bbox 1847 5143 1919 5197; x_wconf 87' lang='grc' dir='ltr'><strong><em>Τό</em></strong></span> <span class='ocrx_word' id='word_1_716' title='bbox 1946 5161 2006 5197; x_wconf 85' lang='grc' dir='ltr'><strong>τε</strong></span> 
     </span>
    </p>
   </div>
   <div class='ocr_carea' id='block_1_98' title="bbox 416 5214 2007 5306">
    <p class='ocr_par' dir='ltr' id='par_1_98' title="bbox 416 5214 2007 5306">
     <span class='ocr_line' id='line_1_98' title="bbox 416 5214 2007 5306; baseline 0.014 -39"><span class='ocrx_word' id='word_1_717' title='bbox 416 5214 525 5286; x_wconf 77' lang='grc' dir='ltr'>γὰρ</span> <span class='ocrx_word' id='word_1_718' title='bbox 582 5222 781 5277; x_wconf 85' lang='grc' dir='ltr'>οἰκεῖον</span> <span class='ocrx_word' id='word_1_719' title='bbox 833 5226 1189 5300; x_wconf 69' lang='grc' dir='ltr'>ἑδυσφήμησε</span> <span class='ocrx_word' id='word_1_720' title='bbox 1239 5231 1512 5303; x_wconf 85' lang='grc' dir='ltr'>σέϐασμα,</span> <span class='ocrx_word' id='word_1_721' title='bbox 1556 5234 1654 5291; x_wconf 74' lang='grc' dir='ltr'><strong>καὶ</strong></span> <span class='ocrx_word' id='word_1_722' title='bbox 1703 5235 1801 5305; x_wconf 82' lang='grc' dir='ltr'>τὴν</span> <span class='ocrx_word' id='word_1_723' title='bbox 1847 5234 2007 5306; x_wconf 79' lang='grc' dir='ltr'>ὕϐριν</span> 
     </span>
    </p>
   </div>
   <div class='ocr_carea' id='block_1_99' title="bbox 416 5310 2005 5395">
    <p class='ocr_par' dir='ltr' id='par_1_99' title="bbox 416 5310 2005 5395">
     <span class='ocr_line' id='line_1_99' title="bbox 416 5310 2005 5395; baseline 0.015 -36"><span class='ocrx_word' id='word_1_724' title='bbox 416 5310 556 5362; x_wconf 73' lang='grc' dir='ltr'>κατὰ</span> <span class='ocrx_word' id='word_1_725' title='bbox 590 5313 684 5367; x_wconf 88' lang='grc' dir='ltr'><strong>τοῦ</strong></span> <span class='ocrx_word' id='word_1_726' title='bbox 709 5317 963 5389; x_wconf 77' lang='grc' dir='ltr'>Σωτῆρος</span> <span class='ocrx_word' id='word_1_727' title='bbox 995 5323 1089 5374; x_wconf 76' lang='grc' dir='ltr'><strong>καὶ</strong></span> <span class='ocrx_word' id='word_1_728' title='bbox 1115 5324 1459 5395; x_wconf 85' lang='grc' dir='ltr'>Δημιουργοῦ</span> <span class='ocrx_word' id='word_1_729' title='bbox 1484 5325 1593 5379; x_wconf 85' lang='grc' dir='ltr'>τῶν</span> <span class='ocrx_word' id='word_1_730' title='bbox 1615 5326 1772 5392; x_wconf 81' lang='grc' dir='ltr'>ὅλων,</span> <span class='ocrx_word' id='word_1_731' title='bbox 1808 5327 1866 5390; x_wconf 85' lang='grc' dir='ltr'>ὃς</span> <span class='ocrx_word' id='word_1_732' title='bbox 1897 5327 2005 5382; x_wconf 77' lang='grc' dir='ltr'>πά-</span> 
     </span>
    </p>
   </div>
   <div class='ocr_carea' id='block_1_100' title="bbox 2115 4579 3710 4650">
    <p class='ocr_par' dir='ltr' id='par_1_100' title="bbox 2115 4579 3710 4650">
     <span class='ocr_line' id='line_1_100' title="bbox 2115 4579 3710 4650; baseline -0.004 -11"><span class='ocrx_word' id='word_1_733' title='bbox 2115 4594 2230 4645; x_wconf 87' lang='lat' dir='ltr'><strong>tum</strong></span> <span class='ocrx_word' id='word_1_734' title='bbox 2280 4583 2556 4643; x_wconf 86' lang='lat' dir='ltr'><strong>incurrit:</strong></span> <span class='ocrx_word' id='word_1_735' title='bbox 2603 4601 2622 4634; x_wconf 73' lang='grc' dir='ltr'><strong>ι</strong></span> <span class='ocrx_word' id='word_1_736' title='bbox 2680 4596 2788 4636; x_wconf 88' lang='lat' dir='ltr'><strong>non</strong></span> <span class='ocrx_word' id='word_1_737' title='bbox 2822 4580 2968 4650; x_wconf 86' lang='lat' dir='ltr'><strong>quod</strong></span> <span class='ocrx_word' id='word_1_738' title='bbox 3024 4581 3133 4635; x_wconf 92' lang='lat' dir='ltr'><strong>Dco</strong></span> <span class='ocrx_word' id='word_1_739' title='bbox 3182 4579 3565 4645; x_wconf 81' lang='lat' dir='ltr'><strong>tnaledixcrit,</strong></span> <span class='ocrx_word' id='word_1_740' title='bbox 3614 4579 3710 4633; x_wconf 86' lang='lat' dir='ltr'><strong>sed</strong></span> 
     </span>
    </p>
   </div>
   <div class='ocr_carea' id='block_1_101' title="bbox 2113 4670 3709 4748">
    <p class='ocr_par' dir='ltr' id='par_1_101' title="bbox 2113 4670 3709 4748">
     <span class='ocr_line' id='line_1_101' title="bbox 2113 4670 3709 4748; baseline -0.004 -17"><span class='ocrx_word' id='word_1_741' title='bbox 2113 4676 2259 4748; x_wconf 90' lang='lat' dir='ltr'><strong>quod</strong></span> <span class='ocrx_word' id='word_1_742' title='bbox 2306 4676 2361 4731; x_wconf 90' lang='lat' dir='ltr'><strong>in</strong></span> <span class='ocrx_word' id='word_1_743' title='bbox 2408 4692 2533 4731; x_wconf 90' lang='lat' dir='ltr'><strong>eum</strong></span> <span class='ocrx_word' id='word_1_744' title='bbox 2566 4690 2732 4745; x_wconf 90' lang='lat' dir='ltr'><strong>quem</strong></span> <span class='ocrx_word' id='word_1_745' title='bbox 2764 4673 2924 4727; x_wconf 91' lang='lat' dir='ltr'><strong>deum</strong></span> <span class='ocrx_word' id='word_1_746' title='bbox 2972 4686 3133 4727; x_wconf 87' lang='lat' dir='ltr'><strong>suum</strong></span> <span class='ocrx_word' id='word_1_747' title='bbox 3181 4671 3418 4736; x_wconf 89' lang='lat' dir='ltr'><strong>colebat,</strong></span> <span class='ocrx_word' id='word_1_748' title='bbox 3468 4670 3709 4741; x_wconf 82' lang='lat' dir='ltr'><strong>linguam</strong></span> 
     </span>
    </p>
   </div>
   <div class='ocr_carea' id='block_1_102' title="bbox 2113 4762 3711 4824">
    <p class='ocr_par' dir='ltr' id='par_1_102' title="bbox 2113 4762 3711 4824">
     <span class='ocr_line' id='line_1_102' title="bbox 2113 4762 3711 4824; baseline -0.005 0"><span class='ocrx_word' id='word_1_749' title='bbox 2113 4768 2341 4824; x_wconf 85' lang='lat' dir='ltr'><strong>immisit</strong></span> <span class='ocrx_word' id='word_1_750' title='bbox 2396 4768 2744 4822; x_wconf 84' lang='lat' dir='ltr'><strong>maledicam.</strong></span> <span class='ocrx_word' id='word_1_751' title='bbox 2799 4764 2967 4820; x_wconf 81' lang='lat' dir='ltr'><strong>Addit</strong></span> <span class='ocrx_word' id='word_1_752' title='bbox 3013 4782 3027 4819; x_wconf 91' lang='lat'><strong>:</strong></span> <span class='ocrx_word' id='word_1_753' title='bbox 3093 4783 3111 4816; x_wconf 78' lang='grc' dir='ltr'><strong>ι</strong></span> <span class='ocrx_word' id='word_1_754' title='bbox 3164 4762 3469 4817; x_wconf 87' lang='lat' dir='ltr'><strong>Nomiuans</strong></span> <span class='ocrx_word' id='word_1_755' title='bbox 3525 4772 3711 4822; x_wconf 79' lang='lat' dir='ltr'><strong>autem</strong></span> 
     </span>
    </p>
   </div>
   <div class='ocr_carea' id='block_1_103' title="bbox 2110 4853 3708 4922">
    <p class='ocr_par' dir='ltr' id='par_1_103' title="bbox 2110 4853 3708 4922">
     <span class='ocr_line' id='line_1_103' title="bbox 2110 4853 3708 4922; baseline -0.004 -9"><span class='ocrx_word' id='word_1_756' title='bbox 2110 4874 2313 4922; x_wconf 82' lang='lat' dir='ltr'><strong>nomen</strong></span> <span class='ocrx_word' id='word_1_757' title='bbox 2359 4856 2615 4922; x_wconf 87' lang='lat' dir='ltr'><strong>Domini,</strong></span> <span class='ocrx_word' id='word_1_758' title='bbox 2665 4864 2843 4911; x_wconf 91' lang='lat' dir='ltr'><strong>morte</strong></span> <span class='ocrx_word' id='word_1_759' title='bbox 2875 4855 3177 4909; x_wconf 77' lang='lat' dir='ltr'><strong>moriatur’</strong></span> <span class='ocrx_word' id='word_1_760' title='bbox 3212 4871 3226 4909; x_wconf 87' lang='lat'>:</span> <span class='ocrx_word' id='word_1_761' title='bbox 3266 4871 3285 4905; x_wconf 70' lang='grc' dir='ltr'><strong>ι</strong></span> <span class='ocrx_word' id='word_1_762' title='bbox 3338 4853 3441 4907; x_wconf 88' lang='lat' dir='ltr'><strong>hoc</strong></span> <span class='ocrx_word' id='word_1_763' title='bbox 3489 4862 3615 4907; x_wconf 87' lang='lat' dir='ltr'><strong>est:</strong></span> <span class='ocrx_word' id='word_1_764' title='bbox 3649 4853 3708 4907; x_wconf 89' lang='lat' dir='ltr'><strong>Si</strong></span> 
     </span>
    </p>
   </div>
   <div class='ocr_carea' id='block_1_104' title="bbox 2114 4944 3710 5023">
    <p class='ocr_par' dir='ltr' id='par_1_104' title="bbox 2114 4944 3710 5023">
     <span class='ocr_line' id='line_1_104' title="bbox 2114 4944 3710 5023; baseline -0.007 -16"><span class='ocrx_word' id='word_1_765' title='bbox 2114 4951 2240 5023; x_wconf 89' lang='lat' dir='ltr'><strong>quis</strong></span> <span class='ocrx_word' id='word_1_766' title='bbox 2261 4966 2451 5010; x_wconf 86' lang='lat' dir='ltr'><strong>verum</strong></span> <span class='ocrx_word' id='word_1_767' title='bbox 2481 4948 2676 5013; x_wconf 89' lang='lat' dir='ltr'><strong>Deum,</strong></span> <span class='ocrx_word' id='word_1_768' title='bbox 2709 4948 3098 5002; x_wconf 89' lang='lat' dir='ltr'><strong>universorum</strong></span> <span class='ocrx_word' id='word_1_769' title='bbox 3126 4945 3441 5009; x_wconf 88' lang='lat' dir='ltr'><strong>Dominum,</strong></span> <span class='ocrx_word' id='word_1_770' title='bbox 3471 4944 3575 4999; x_wconf 90' lang='lat' dir='ltr'><strong>sub</strong></span> <span class='ocrx_word' id='word_1_771' title='bbox 3605 4944 3710 4998; x_wconf 85' lang='lat' dir='ltr'><strong>itu-</strong></span> 
     </span>
    </p>
   </div>
   <div class='ocr_carea' id='block_1_105' title="bbox 2112 5036 3707 5115">
    <p class='ocr_par' dir='ltr' id='par_1_105' title="bbox 2112 5036 3707 5115">
     <span class='ocr_line' id='line_1_105' title="bbox 2112 5036 3707 5115; baseline -0.006 -16"><span class='ocrx_word' id='word_1_772' title='bbox 2112 5043 2431 5115; x_wconf 85' lang='lat' dir='ltr'><strong>precatione</strong></span> <span class='ocrx_word' id='word_1_773' title='bbox 2475 5050 2526 5096; x_wconf 91' lang='lat' dir='ltr'><strong>et</strong></span> <span class='ocrx_word' id='word_1_774' title='bbox 2580 5039 2919 5110; x_wconf 84' lang='lat' dir='ltr'><strong>blasphemia</strong></span> <span class='ocrx_word' id='word_1_775' title='bbox 2968 5037 3241 5092; x_wconf 86' lang='lat' dir='ltr'><strong>adducere</strong></span> <span class='ocrx_word' id='word_1_776' title='bbox 3287 5052 3456 5091; x_wconf 87' lang='lat' dir='ltr'><strong>ausus</strong></span> <span class='ocrx_word' id='word_1_777' title='bbox 3506 5036 3707 5099; x_wconf 81' lang='lat' dir='ltr'><strong>fuerit,</strong></span> 
     </span>
    </p>
   </div>
   <div class='ocr_carea' id='block_1_106' title="bbox 2114 5126 3712 5203">
    <p class='ocr_par' dir='ltr' id='par_1_106' title="bbox 2114 5126 3712 5203">
     <span class='ocr_line' id='line_1_106' title="bbox 2114 5126 3712 5203; baseline -0.006 -13"><span class='ocrx_word' id='word_1_778' title='bbox 2114 5149 2263 5190; x_wconf 88' lang='lat' dir='ltr'><strong>mors</strong></span> <span class='ocrx_word' id='word_1_779' title='bbox 2298 5134 2375 5189; x_wconf 92' lang='lat' dir='ltr'><strong>illi</strong></span> <span class='ocrx_word' id='word_1_780' title='bbox 2415 5132 2675 5203; x_wconf 82' lang='lat' dir='ltr'><strong>infligitur</strong></span> <span class='ocrx_word' id='word_1_781' title='bbox 2708 5146 2889 5202; x_wconf 73' lang='lat' dir='ltr'><strong>ptena.</strong></span> <span class='ocrx_word' id='word_1_782' title='bbox 2926 5128 3140 5198; x_wconf 88' lang='lat' dir='ltr'><strong>Duplici</strong></span> <span class='ocrx_word' id='word_1_783' title='bbox 3181 5129 3327 5183; x_wconf 87' lang='lat' dir='ltr'><strong>enim</strong></span> <span class='ocrx_word' id='word_1_784' title='bbox 3372 5126 3712 5181; x_wconf 70' lang='lat' dir='ltr'><strong>absurditate</strong></span> 
     </span>
    </p>
   </div>
   <div class='ocr_carea' id='block_1_107' title="bbox 2112 5220 3709 5300">
    <p class='ocr_par' dir='ltr' id='par_1_107' title="bbox 2112 5220 3709 5300">
     <span class='ocr_line' id='line_1_107' title="bbox 2112 5220 3709 5300; baseline -0.005 -16"><span class='ocrx_word' id='word_1_785' title='bbox 2112 5228 2414 5300; x_wconf 84' lang='lat' dir='ltr'><strong>premitur;</strong></span> <span class='ocrx_word' id='word_1_786' title='bbox 2453 5225 2665 5281; x_wconf 83' lang='lat' dir='ltr'><strong>Numen</strong></span> <span class='ocrx_word' id='word_1_787' title='bbox 2696 5226 2844 5282; x_wconf 90' lang='lat' dir='ltr'><strong>enim</strong></span> <span class='ocrx_word' id='word_1_788' title='bbox 2880 5224 3163 5296; x_wconf 89' lang='lat' dir='ltr'><strong>proprium</strong></span> <span class='ocrx_word' id='word_1_789' title='bbox 3200 5220 3627 5290; x_wconf 77' lang='lat' dir='ltr'><strong>blasphemavit,</strong></span> <span class='ocrx_word' id='word_1_790' title='bbox 3654 5229 3709 5276; x_wconf 80' lang='lat' dir='ltr'><strong>ct</strong></span> 
     </span>
    </p>
   </div>
   <div class='ocr_carea' id='block_1_108' title="bbox 2112 5316 3708 5390">
    <p class='ocr_par' dir='ltr' id='par_1_108' title="bbox 2112 5316 3708 5390">
     <span class='ocr_line' id='line_1_108' title="bbox 2112 5316 3708 5390; baseline -0.005 -12"><span class='ocrx_word' id='word_1_791' title='bbox 2112 5322 2461 5378; x_wconf 88' lang='lat' dir='ltr'><strong>contumeliis</strong></span> <span class='ocrx_word' id='word_1_792' title='bbox 2513 5322 2695 5376; x_wconf 77' lang='lat' dir='ltr'><strong>affecit</strong></span> <span class='ocrx_word' id='word_1_793' title='bbox 2731 5321 2921 5387; x_wconf 86' lang='lat' dir='ltr'><strong>Deum,</strong></span> <span class='ocrx_word' id='word_1_794' title='bbox 2956 5319 3053 5390; x_wconf 93' lang='lat' dir='ltr'><strong>qui</strong></span> <span class='ocrx_word' id='word_1_795' title='bbox 3089 5316 3339 5374; x_wconf 87' lang='lat' dir='ltr'><strong>Salvator</strong></span> <span class='ocrx_word' id='word_1_796' title='bbox 3369 5316 3611 5371; x_wconf 90' lang='lat' dir='ltr'><strong>omnium</strong></span> <span class='ocrx_word' id='word_1_797' title='bbox 3651 5324 3708 5370; x_wconf 89' lang='lat' dir='ltr'><strong>et</strong></span> 
     </span>
    </p>
   </div>
   <div class='ocr_carea' id='block_1_109' title="bbox 485 5449 2869 5528">
    <p class='ocr_par' dir='ltr' id='par_1_109' title="bbox 485 5449 2869 5528">
     <span class='ocr_line' id='line_1_109' title="bbox 485 5449 2869 5528; baseline 0.004 -23"><span class='ocrx_word' id='word_1_798' title='bbox 485 5451 505 5481; x_wconf 84' lang='lat'>&#39;</span> <span class='ocrx_word' id='word_1_799' title='bbox 539 5449 720 5509; x_wconf 84' lang='lat' dir='ltr'><strong>Judic.</strong></span> <span class='ocrx_word' id='word_1_800' title='bbox 760 5471 817 5522; x_wconf 70' lang='grc' dir='ltr'><strong>κ,</strong></span> <span class='ocrx_word' id='word_1_801' title='bbox 856 5457 943 5524; x_wconf 74' lang='grc' dir='ltr'>Μ,</span> <span class='ocrx_word' id='word_1_802' title='bbox 1019 5462 1041 5494; x_wconf 79' lang='grc'><strong>⁸</strong></span> <span class='ocrx_word' id='word_1_803' title='bbox 1075 5462 1251 5519; x_wconf 74' lang='lat' dir='ltr'><strong>Exod.</strong></span> <span class='ocrx_word' id='word_1_804' title='bbox 1306 5481 1397 5524; x_wconf 78' lang='lat' dir='ltr'><strong>xx.</strong></span> <span class='ocrx_word' id='word_1_805' title='bbox 1456 5465 1511 5520; x_wconf 77' lang='lat'><strong>3.</strong></span> <span class='ocrx_word' id='word_1_806' title='bbox 1589 5465 1608 5497; x_wconf 78' lang='grc'>⁷</span> <span class='ocrx_word' id='word_1_807' title='bbox 1643 5464 1782 5518; x_wconf 89' lang='lat' dir='ltr'><strong>Dan.</strong></span> <span class='ocrx_word' id='word_1_808' title='bbox 1835 5480 1886 5527; x_wconf 89' lang='lat' dir='ltr'><strong>v,</strong></span> <span class='ocrx_word' id='word_1_809' title='bbox 1915 5463 2011 5520; x_wconf 69' lang='grc' dir='ltr'>εδ.</span> <span class='ocrx_word' id='word_1_810' title='bbox 2084 5462 2107 5494; x_wconf 82' lang='grc'><strong><em>⁸</em></strong></span> <span class='ocrx_word' id='word_1_811' title='bbox 2142 5460 2314 5517; x_wconf 87' lang='lat' dir='ltr'><strong>Levit.</strong></span> <span class='ocrx_word' id='word_1_812' title='bbox 2345 5478 2496 5528; x_wconf 74' lang='lat' dir='ltr'><strong>xxiv,</strong></span> <span class='ocrx_word' id='word_1_813' title='bbox 2533 5461 2618 5517; x_wconf 78' lang='lat' dir='ltr'><strong>i5.</strong></span> <span class='ocrx_word' id='word_1_814' title='bbox 2691 5463 2713 5495; x_wconf 78' lang='lat'><strong>’</strong></span> <span class='ocrx_word' id='word_1_815' title='bbox 2742 5461 2869 5515; x_wconf 79' lang='lat' dir='ltr'><strong>ibid.</strong></span> 
     </span>
    </p>
   </div>
   <div class='ocr_carea' id='block_1_110' title="bbox 1686 5576 2388 5635">
    <p class='ocr_par' dir='ltr' id='par_1_110' title="bbox 1686 5576 2388 5635">
     <span class='ocr_line' id='line_1_110' title="bbox 1686 5576 2388 5635; baseline -0.004 0"><span class='ocrx_word' id='word_1_816' title='bbox 1686 5579 1925 5635; x_wconf 67' lang='lat' dir='ltr'><strong>VARUE</strong></span> <span class='ocrx_word' id='word_1_817' title='bbox 1984 5576 2388 5635; x_wconf 78' lang='lat' dir='ltr'><strong>LECTIONES.</strong></span> 
     </span>
    </p>
   </div>
   <div class='ocr_carea' id='block_1_111' title="bbox 524 5681 1854 5759">
    <p class='ocr_par' dir='ltr' id='par_1_111' title="bbox 524 5681 1854 5759">
     <span class='ocr_line' id='line_1_111' title="bbox 524 5681 1854 5759; baseline 0.02 -28"><span class='ocrx_word' id='word_1_818' title='bbox 524 5692 550 5719; x_wconf 78' lang='grc' dir='ltr'>ιι</span> <span class='ocrx_word' id='word_1_819' title='bbox 582 5681 717 5759; x_wconf 58' lang='grc' dir='ltr'>ραι.</span> <span class='ocrx_word' id='word_1_820' title='bbox 764 5683 907 5741; x_wconf 81' lang='lat' dir='ltr'><strong>Mnn.</strong></span> <span class='ocrx_word' id='word_1_821' title='bbox 935 5686 1046 5743; x_wconf 83' lang='grc' dir='ltr'>τόν.</span> <span class='ocrx_word' id='word_1_822' title='bbox 1124 5699 1151 5730; x_wconf 76' lang='grc' dir='ltr'><strong>ν</strong></span> <span class='ocrx_word' id='word_1_823' title='bbox 1177 5690 1263 5748; x_wconf 81' lang='grc' dir='ltr'><strong>ἵσ.</strong></span> <span class='ocrx_word' id='word_1_824' title='bbox 1300 5690 1445 5757; x_wconf 84' lang='grc' dir='ltr'>θεός.</span> <span class='ocrx_word' id='word_1_825' title='bbox 1477 5690 1539 5759; x_wconf 81' lang='lat' dir='ltr'><strong>C.</strong></span> <span class='ocrx_word' id='word_1_826' title='bbox 1581 5690 1655 5758; x_wconf 65' lang='grc' dir='ltr'>Μ,</span> <span class='ocrx_word' id='word_1_827' title='bbox 1685 5692 1854 5757; x_wconf 62' lang='grc' dir='ltr'><strong>θείαςς</strong></span> 
     </span>
    </p>
   </div>
   <div class='ocr_carea' id='block_1_112' title="bbox 412 5750 910 5822">
    <p class='ocr_par' dir='ltr' id='par_1_112' title="bbox 412 5750 910 5822">
     <span class='ocr_line' id='line_1_112' title="bbox 412 5750 910 5822; baseline 0.006 -15"><span class='ocrx_word' id='word_1_828' title='bbox 412 5750 557 5813; x_wconf 72' lang='lat' dir='ltr'><strong>Man.</strong></span> <span class='ocrx_word' id='word_1_829' title='bbox 590 5753 910 5822; x_wconf 68' lang='grc' dir='ltr'>δυσφημεῖς.</span> 
     </span>
    </p>
   </div>
   <div class='ocr_carea' id='block_1_113' title="bbox 1945 5673 3684 5757">
    <p class='ocr_par' dir='ltr' id='par_1_113' title="bbox 1945 5673 3684 5757">
     <span class='ocr_line' id='line_1_113' title="bbox 1945 5673 3684 5757; baseline -0.005 -14"><span class='ocrx_word' id='word_1_830' title='bbox 1945 5705 1967 5733; x_wconf 73' lang='grc' dir='ltr'>ι</span> <span class='ocrx_word' id='word_1_831' title='bbox 2009 5690 2095 5745; x_wconf 80' lang='grc' dir='ltr'><strong>ἵσ.</strong></span> <span class='ocrx_word' id='word_1_832' title='bbox 2134 5687 2352 5753; x_wconf 77' lang='grc' dir='ltr'>αὐτούς.</span> <span class='ocrx_word' id='word_1_833' title='bbox 2382 5688 2444 5745; x_wconf 83' lang='lat' dir='ltr'><strong>C.</strong></span> <span class='ocrx_word' id='word_1_834' title='bbox 2488 5685 2557 5742; x_wconf 78' lang='grc' dir='ltr'><strong>Μ.</strong></span> <span class='ocrx_word' id='word_1_835' title='bbox 2590 5685 2750 5757; x_wconf 75' lang='grc' dir='ltr'>αὕτη.</span> <span class='ocrx_word' id='word_1_836' title='bbox 2828 5692 2851 5732; x_wconf 65' lang='lat'><strong><em>3&#39;</em></strong></span> <span class='ocrx_word' id='word_1_837' title='bbox 2886 5684 2979 5739; x_wconf 78' lang='lat' dir='ltr'><strong>Sic</strong></span> <span class='ocrx_word' id='word_1_838' title='bbox 3021 5690 3073 5737; x_wconf 86' lang='lat' dir='ltr'><strong>et</strong></span> <span class='ocrx_word' id='word_1_839' title='bbox 3122 5678 3257 5737; x_wconf 82' lang='lat' dir='ltr'><strong>Cod.</strong></span> <span class='ocrx_word' id='word_1_840' title='bbox 3288 5679 3433 5741; x_wconf 71' lang='lat' dir='ltr'><strong>M011.</strong></span> <span class='ocrx_word' id='word_1_841' title='bbox 3511 5686 3534 5716; x_wconf 86' lang='grc'><strong>²</strong></span> <span class='ocrx_word' id='word_1_842' title='bbox 3563 5673 3684 5738; x_wconf 75' lang='lat' dir='ltr'><strong>Cod</strong></span> 
     </span>
    </p>
   </div>
  </div>
