4158 6512
452 351 560 417 567
1626 351 1895 415 PHOTII
1922 353 2055 415 PA'I

2157 354 2432 415 ARCHIE
2464 357 2576 417 (ΣΡ.
3647 353 3771 416 $68

450 465 681 519 Creator
728 470 849 528 est,
904 459 999 533 qui
1051 471 1278 533 superat
1327 479 1547 523 omnem
1593 468 1960 525 laudationem
1994 479 2049 524 et

2154 487 2254 542 σης
2286 472 2436 526 ἐστὶν
2468 471 2745 541 εὐφημίας
2781 470 2874 525 καὶ
2910 471 3067 541 δόξης
3101 470 3379 544 ὑπεράνω,
3406 472 3767 526 κατεσκέδα-

403 535 418 567 ³
450 556 685 626 gloriam
720 573 733 609 :
776 552 989 624 peccati
1025 566 1177 609 reatu
1216 565 1470 625 tenetur,
1509 560 1615 616 hoc
1660 572 1777 623 est.
1829 578 2045 632 prunam

2154 535 2285 616 σεν·
2341 535 2627 634 ἁμαρτίας
2675 564 2773 633 μὲν
2826 564 2935 634 γάρ
2979 535 3130 617 ἐστιν
3179 535 3383 634 ἔνοχος,
3437 565 3763 625 τουτέστιν,
3816 616 3819 619 .

454 648 763 704 insolentiae
792 656 845 701 et
874 645 1099 701 convitii
1136 648 1364 705 subibit.
1398 652 1504 720 Qui
1555 654 1607 709 id
1640 656 1783 725 quod
1819 671 2049 710 venera-

454 750 578 807 tur,
622 741 739 810 ipse
767 752 1111 805 exsecratur,
1152 754 1444 817 utramque
1477 756 1794 815 usurpatam
1831 746 2052 801 deitatis

454 832 802 887 vocationem
840 834 943 889 sibi
993 837 1355 906 assumpserit
1386 856 1399 892 :
1431 837 1638 907 duplici
1682 853 1842 907 ptena
1865 879 1880 903 ,
1939 838 2051 891 imo

453 924 743 994 multiplici
774 926 1031 985 subditus
1064 931 1262 983 merito
1300 929 1425 992 erit,
1465 929 1560 999 qui
1600 930 1840 984 universl
1873 928 2051 984 facto—

455 1034 594 1085 rem,
623 1028 678 1074 et
702 1017 872 1073 Dcum
905 1022 1210 1076 maledictis
1232 1023 1456 1091 proluit,
1498 1032 1550 1077 et
1579 1022 2051 1079 essecratiouibns

453 1108 621 1163 audet
648 1123 985 1177 supponere.
1023 1113 1204 1179 Quare
1232 1113 1459 1182 dignum
1500 1113 1631 1167 illud
1669 1112 2048 1183 blasphemum

453 1209 620 1269 caput
672 1209 790 1265 est,
834 1213 893 1255 ut
952 1203 1224 1273 lapidibus
1278 1205 1385 1259 vita
1416 1205 1685 1274 privetur,
1717 1206 2051 1264 lascivientis

456 1297 655 1367 linguae
685 1297 844 1352 luens
876 1296 1227 1367 supplicium.

527 1390 582 1444 6.
611 1388 789 1459 Atque
822 1388 896 1442 ita
928 1388 1031 1444 hoc
1073 1389 1283 1445 dictum
1332 1390 1759 1460 interpretantur
1785 1391 2049 1448 vetustio-

457 1495 565 1537 res.
600 1480 944 1537 Posteriores
972 1482 1042 1536 ad
1076 1481 1223 1538 hunc
1261 1482 1484 1537 modum
1515 1485 1840 1538 sententiam
1877 1486 2053 1556 expli-

456 1571 627 1625 ean't:
671 1589 691 1623 ι
731 1571 928 1641 Homo,
971 1572 1217 1643 inquam,
1261 1572 1354 1642 qui
1394 1572 1498 1627 diis
1530 1573 1648 1630 suis
1688 1575 2051 1642 maledixerit,

455 1672 736 1731 peccatum
774 1664 1046 1730 incurret;
1086 1682 1105 1716 ι
1158 1672 1244 1719 est
1276 1663 1412 1727 haec,
1447 1664 1522 1718 illi
1556 1665 1830 1735 inquiunt.
1866 1682 1961 1737 per
1990 1683 2052 1724 se

456 1753 617 1822 plana
648 1754 941 1809 sententia.
1000 1754 1104 1821 Qui
1160 1753 1421 1809 nimirum
1456 1770 1643 1810 verum
1684 1755 1855 1813 Deum
1890 1773 2051 1814 exse-

452 1854 660 1913 cratur,
691 1853 786 1900 aut
816 1846 1061 1916 alioquin
1114 1844 1171 1900 in
1224 1860 1351 1899 eum
1400 1847 1625 1914 insanit,
1673 1849 1882 1918 peccati
1924 1865 2049 1906 reus
2078 1820 2125 1880 B

451 1948 556 2002 est,
589 1941 735 2009 quod
774 1941 831 1995 in
872 1937 1209 1995 ineluctabili
1247 1937 1521 2007 supplicio
1558 1941 1903 1997 terminatur.
1940 1940 2051 1997 lloc

452 2043 637 2087 autem
676 2034 885 2089 dictum
919 2049 935 2087 :
983 2050 1003 2083 ι
1040 2028 1249 2086 Nomen
1286 2030 1380 2084 Dei
1424 2030 1641 2085 Domini
1673 2034 1984 2101 nominans,
2024 2053 2045 2087 ι

453 2126 561 2181 tale
602 2126 926 2195 prohibetur
958 2140 1081 2183 esse
1101 2122 1308 2178 Iuda-is
1338 2138 1538 2178 nomen
1577 2125 1693 2190 Dei,
1723 2136 1818 2181 aut
1849 2142 1945 2197 per
1971 2127 2051 2182 la-

451 2216 538 2270 bia
570 2217 829 2287 proferri,
867 2221 962 2274 sed
1005 2216 1296 2280 indictum,
1326 2224 1381 2269 et
1420 2216 1563 2270 haud
1589 2217 1900 2290 cuicunque
1932 2232 2055 2287 pro-

452 2308 622 2364 latum
658 2312 946 2376 custodiri,
1000 2309 1105 2365 nisi
1138 2310 1274 2363 solis
1319 2310 1695 2379 pontificibus,
1740 2311 1794 2365 in
1840 2312 2052 2366 cultum

452 2395 544 2451 Dei
579 2408 634 2453 et
663 2401 1045 2455 reverentiam.
1077 2396 1348 2464 Quocirca
1384 2414 1483 2453 ncc
1529 2399 1729 2455 litteris
1756 2402 1898 2470 apud
1931 2402 2053 2457 illos

454 2490 669 2545 usitatis
722 2493 1017 2557 scribitur,
1060 2493 1153 2546 sed
1206 2491 1513 2561 peregrinis
1553 2502 1606 2546 et
1639 2493 1869 2547 exoticis
1916 2494 2053 2548 cha-

452 2581 757 2636 racteribus
792 2582 1000 2635 litteras
1040 2580 1297 2649 figurant,
1334 2583 1492 2652 quasi
1523 2583 1793 2653 symbolis
1819 2584 2054 2653 quihus-

453 2673 578 2726 dam
621 2674 903 2744 mysticis;
933 2683 1061 2727 sunt
1091 2684 1274 2730 autem
1309 2675 1505 2729 littera:
1537 2686 1795 2745 quatuor,
1831 2677 1973 2732 unde
2000 2686 2056 2732 et

456 2773 947 2835 tetragrammaton
998 2766 1144 2832 apud
1190 2782 1286 2822 eos
1341 2778 1659 2835 usurpatur.
1711 2767 1855 2822 Idem
1885 2785 2051 2839 ergo,

456 2856 741 2925 inquiunt,
790 2856 935 2926 apud
964 2856 1189 2912 Judaeos
1221 2868 1373 2926 erat,
1405 2862 1677 2914 exsecrari
1701 2870 1749 2914 et
1781 2861 2056 2915 nominare

460 2949 654 3015 Deum,
686 2950 790 3005 hoc
828 2959 934 3015 est,
982 2968 1180 3007 nomen
1220 2953 1343 3022 ejus
1372 2952 1646 3007 ineﬂabilc
1668 2968 1764 3023 per
1801 2953 1943 3008 labia
1985 2953 2055 3008 ad

456 3043 717 3112 profanas
741 3059 905 3101 aures
923 3047 1293 3103 transmittere
1317 3061 1331 3099 :
1356 3044 1612 3117 quocirca
1645 3055 1821 3100 morte
1849 3054 2057 3099 utrum-

455 3149 565 3204 que
598 3134 872 3191 luebatur.

530 3397 583 3452 7.
620 3401 800 3470 Atque
832 3399 1099 3456 hactenus
1122 3400 1234 3456 isti.
1270 3400 1443 3457 Porro
1466 3411 1648 3456 autem
1674 3418 1871 3458 nomen
1906 3404 2050 3460 istud

458 3506 628 3546 aureo
664 3493 908 3548 folliculo
942 3496 1302 3566 inscriptum,
1340 3507 1394 3550 et
1446 3495 1683 3550 vinculis
1722 3498 2052 3566 quibusdam

459 3582 527 3637 ad
569 3583 783 3638 tilamen
825 3600 1102 3641 annexum
1134 3586 1465 3655 pontificale,
1515 3588 1717 3640 summi
1753 3590 2056 3646 sacerdotis

461 3675 694 3730 frontem
731 3675 964 3730 ornabat
1022 3686 1077 3731 et
1118 3677 1500 3733 custodiebat:
1545 3693 1670 3731 nam
1709 3682 2054 3737 tremendum

459 3776 515 3823 et
564 3766 934 3822 venerandum
969 3768 1312 3824 intuentibus
1358 3767 1682 3824 videbatur:
1728 3771 1891 3826 simul
1926 3774 2058 3829 inti-

464 3861 669 3928 mabat,
706 3873 961 3934 oportere
990 3861 1308 3936 pontificem
1368 3875 1549 3921 mente
1583 3875 1847 3939 perpetuo
1882 3882 2055 3937 copu-

464 3954 563 4009 lari
600 3954 731 4022 Deo,
767 3969 867 4011 nec
894 3957 963 4011 ab
992 3957 1083 4011 illa
1115 3957 1274 4017 beata
1312 3959 1652 4015 conuexione
1682 3962 1957 4017 divulsum
1989 3962 2058 4017 ad

466 4048 744 4103 terrestria
772 4057 827 4105 et
848 4049 1079 4105 evanida
1118 4048 1341 4105 deferri.
1376 4050 1557 4121 Atque
1605 4053 1680 4109 ita
1716 4056 1845 4125 quid
1883 4057 2060 4111 inten-

462 4139 558 4193 dat
588 4139 692 4195 hoc
721 4155 942 4209 nomen,
967 4140 1115 4197 Deus
1149 4141 1264 4213 ipse
1297 4143 1457 4200 docet
1487 4164 1500 4201 :
1534 4163 1660 4203 cum
1693 4147 2061 4219 interregarct

461 4229 674 4302 Moyses
706 4250 721 4287 :
754 4252 772 4286 ι
809 4233 966 4301 Quod
1013 4245 1098 4289 est
1160 4250 1361 4290 nomen
1435 4240 1629 4294 tuum?
1668 4259 1685 4293 ι
1725 4241 2055 4310 respondit:

465 4339 485 4372 ι
526 4322 638 4393 Ego
670 4338 814 4391 sum,
850 4325 942 4396 qui
973 4341 1096 4380 sum
1133 4343 1148 4381 :
1192 4345 1212 4379 ι
1251 4335 1365 4382 tum
1391 4331 1552 4398 quasi
1579 4342 1926 4387 asseveraret
1955 4332 2060 4388 hoc

458 4413 582 4483 ejus
616 4430 739 4470 esse
771 4431 971 4471 nomen
1011 4418 1159 4488 quod
1201 4420 1534 4491 protulerat,
1600 4442 1621 4476 ι
1665 4423 1814 4495 Ego,
1842 4425 2057 4494 inquit,

2152 654 2445 725 παροινίας
2480 656 2573 709 καὶ
2606 654 2817 727 ῦῦρεως
2846 656 3001 726 δίκην
3029 656 3283 725 ὀφείλων.
3314 655 3426 709 Καὶ
3452 657 3482 708 ό
3512 656 3573 709 τὸ
3613 653 3768 707 [διον

2152 744 2509 814 ἐπαρώμενος
2532 744 2881 817 θρησκευμα,
2906 747 2954 799 εἰ
2978 747 3073 799 καὶ
3097 745 3463 816 ψευδωνύμως
3488 745 3590 816 τὴν
3610 744 3767 813 κλῆ-

2152 852 2237 889 σιν
2262 835 2544 903 ἐφέλκοιτο
2566 836 2664 906 τῆς
2702 836 2981 907 θεότητος,
3013 837 3206 907 διπλῆς
3226 836 3284 890 δὲ
3310 838 3404 890 καὶ
3424 834 3768 903 πολλαπλῆς

2149 927 2423 997 τιμωρίας
2479 927 2785 998 ὑπόχρεως,
2831 929 2860 981 ό
2901 928 2994 982 τὸν
3018 929 3113 982 τοῦ
3161 928 3363 992 παντὸς
3397 926 3766 1000 Δημιουργὸν

2150 1021 2246 1073 καὶ
2271 1020 2405 1073 Θεὸν
2436 1019 2661 1091 ὖόρεσιν
2690 1021 2926 1087 πλύνων,
2953 1022 3049 1075 καὶ
3075 1023 3234 1091 ἀραῖς
3256 1021 3612 1093 τετολμηκὼς
3646 1023 3768 1075 ὑπ·-

2151 1111 2329 1181 άγειν.
2362 1111 2442 1164 Δι’
2468 1112 2497 1165 ὃ
2529 1111 2698 1176 λίθοις
2735 1111 2831 1166 τοῦ
2863 1113 2963 1183 ζῇν
2997 1116 3029 1184 η
3073 1113 3396 1183 βλάσφημος
3433 1114 3621 1183 εκείνη
3657 1130 3767 1166 κε-

2151 1205 2295 1274 φαλὴ
2323 1203 2449 1268 ἀξία
2476 1204 2865 1271 ἐκκόπτεσθαι,
2896 1208 2997 1277 τῆς
3027 1206 3333 1260 ἀκολάστου
3361 1205 3617 1277 γλώσσης
3646 1205 3765 1276 τὴν

2149 1295 2307 1367 δίκην
2338 1294 2637 1366 ὑπέχουσα.

2223 1397 2298 1455 ς’.
2324 1390 2483 1442 Οὕτω
2530 1388 2628 1458 μὲν
2660 1389 2711 1442 οῖ
2748 1389 3005 1459 πρότεροι
3036 1387 3099 1440 τὸ
3129 1386 3294 1458 ῥητὸν
3327 1387 3695 1456 διασαφοῦσιν
3739 1402 3757 1417 ο

2150 1484 2200 1536 οί
2228 1483 2284 1535 δὲ
2334 1481 2452 1553 μετ’
2481 1479 2742 1543 ἐκείνους.
2766 1473 2875 1534 ὧδε
2899 1479 3213 1551 διηγοῦνται
3242 1480 3334 1533 τὸν
3372 1478 3527 1534 νοῦν·
3558 1498 3578 1531 ι
3612 1481 3759 1533 Ἀν-

2153 1575 2410 1647 θρωπος,
2456 1573 2514 1637 ὃς
2559 1574 2942 1646 καταράσηται
3001 1571 3136 1627 Θεὸν
3186 1572 3354 1627 αὐτοῦ
3381 1613 3396 1638 ,
3463 1573 3757 1643 ἁμαρτίαν

2151 1667 2402 1738 λήψεται,
2439 1685 2458 1718 ι
2498 1666 2721 1719 αὐτόθεν
2754 1667 2894 1730 ἐστὶ,
2934 1666 3089 1734 φασὶ,
3124 1666 3303 1735 σαφὴς
3342 1667 3376 1735 ἠ
3405 1666 3635 1719 διάνοια.
3683 1666 3755 1719 ὐ

2152 1759 2263 1830 γὰρ
2299 1757 2390 1811 τὸν
2423 1755 2600 1828 ἀληθῆ
2632 1756 2765 1809 Θεὸν
2798 1755 3178 1827 ἐπαρώμενος,
3227 1756 3260 1825 ἢ
3298 1755 3473 1817 ἄλλως
3525 1756 3757 1826 ἐμπαρ-

2152 1850 2312 1904 οινῶν
2353 1848 2525 1918 αὐτῷ,
2557 1846 2739 1917 ἔνοχός
2770 1848 2920 1901 ἐστιν
2945 1848 3257 1919 ἁμαρτίας’
3304 1848 3337 1916 ὴ
3369 1846 3426 1899 δὲ
3460 1847 3539 1908 είς
3567 1863 3755 1915 τιμωο

2156 1945 2279 2015 ρίαν
2308 1945 2681 2015 ἀπαραίτητον
2710 1943 2960 2014 τελευτᾷ.
2996 1941 3071 1993 Τὸ
3103 1940 3159 1994 δὲ
3188 1952 3239 2003 ει,
3281 1959 3299 1991 ι
3337 1939 3651 2010 Ὀνομάζων
3684 1938 3753 1991 τὸ

2151 2034 2324 2104 ὄνομα
2357 2034 2565 2104 Κυρίου
2603 2033 2698 2087 τοῦ
2730 2032 2868 2087 Θεοῦ
2890 2049 2903 2062 ·
2939 2051 2957 2083 ι
3008 2030 3250 2085 τοιοῦτον
3293 2026 3432 2083 εἶναι
3475 2030 3750 2102 ἀπείρητο

2151 2128 2263 2189 τοῖς
2298 2124 2567 2189 Ἰουδαίοις
2587 2125 2649 2179 τὸ
2672 2124 2765 2179 τοῦ
2798 2122 2934 2177 Θεοῦ
2963 2122 3162 2193 ὄνομαο
3195 2122 3312 2175 ἀλλ’
3339 2123 3423 2175 ὅτι
3448 2121 3601 2192 παρά
3622 2124 3744 2193 τὴν,

2152 2218 2306 2285 Θεὸς,
2354 2217 2540 2289 φωνὴν
2582 2216 2942 2289 νομιζόμενον
2977 2214 3065 2267 διὰ
3108 2213 3335 2284 χειλέων
3366 2214 3504 2278 ὅλως
3538 2217 3747 2286 προφέ-

2156 2310 2349 2382 ρεσθαι
2373 2326 2388 2339 ’
2423 2310 2703 2380 ἄφραστον
2728 2308 2786 2362 δὲ
2812 2308 2907 2362 καὶ
2936 2306 3238 2376 ἀνέκφορον
3268 2308 3571 2373 παντελῶς,
3602 2310 3748 2380 πλὴν

2153 2404 2254 2457 ὅσα
2289 2420 2355 2471 γε
2393 2404 2504 2466 τοῖς
2549 2398 2868 2471 ἀρχιερεῦσι
2908 2399 3109 2470 μόνοις,
3150 2401 3242 2452 ἐπὶ
3275 2401 3407 2471 τιμῇ
3446 2401 3544 2453 καὶ
3582 2401 3747 2454 σεϐα-

2156 2496 2408 2567 σμιότητι
2440 2493 2535 2546 τοῦ
2566 2492 2745 2557 Θείου,
2773 2492 3144 2563 διετετήρητο.
3172 2491 3265 2544 Διὸ
3297 2491 3421 2545 οὐδὲ
3450 2491 3746 2562 γράμμασι

2152 2589 2266 2650 τοῖς
2295 2587 2425 2655 παρ’
2450 2586 2635 2647 αὐτοῖς
2665 2584 3011 2655 διεγράφετο,
3044 2582 3215 2648 ξένοις
3246 2583 3303 2635 δέ
3334 2599 3444 2636 τισι
3483 2585 3573 2636 καὶ
3602 2602 3747 2656 παρ-

2152 2678 2519 2749 ηλλαγμένοις
2563 2677 2909 2747 γραμμάτων
2968 2676 3161 2737 τύποις
3220 2674 3745 2747 χαρακτηρίζοντες,

2154 2764 2243 2823 οἷα
2269 2770 2334 2839 δὴ
2372 2766 2807 2839 μυπικωτὲροις
2830 2764 3139 2836 συμϐόλοις,
3170 2766 3303 2819 αὐτὸ
3330 2766 3747 2836 παρυπέφαινον

2155 2862 2398 2929 τέσσαρα
2430 2859 2486 2912 δὲ
2509 2858 2578 2912 τὰ
2600 2859 2905 2928 γράμματα
2926 2852 2994 2928 ἦν
3022 2857 3082 2922 ἐξ
3103 2850 3163 2910 οὗ
3195 2857 3291 2909 καὶ
3318 2859 3748 2929 τετράγραμμον

2156 2952 2343 3014 αὐτοῖς
2368 2948 2777 3019 ἐπωνομάζετο.
2806 2948 2895 3000 Ἐν
2928 2948 3028 3017 ῐσῳ
3055 2947 3257 3013 τοίνυν,
3290 2950 3477 3016 φασιν,
3507 2948 3745 3018 ὑπῆρχε.

2157 3044 2288 3114 παρ’
2333 3041 2611 3104 Ἰουδαίοις
2636 3038 2982 3107 ἀράσασθαι
3006 3054 3066 3091 τε
3097 3038 3189 3091 τὸν
3224 3039 3377 3106 Θεὸν,
3404 3040 3500 3093 καὶ
3525 3040 3747 3109 ὀνομά-

2077 3168 2121 3227 C
2156 3150 2295 3190 σαν
2333 3135 2629 3196 τουτέστιν,
2670 3131 2732 3185 τὸ
2762 3130 3043 3201 ἄφραστον
3086 3130 3257 3201 ὄνομα
3287 3130 3453 3185 αὑτοῦ
3503 3130 3593 3185 διὰ
3636 3148 3749 3201 χει·

2154 3228 2313 3290 λέων,
2360 3225 2457 3278 καὶ
2492 3224 2728 3294 μάλιστα
2754 3223 2963 3283 κοιναῖς
2991 3223 3386 3293 προσενεγκεῖν
3416 3222 3631 3285 ἀκοαῖς.
3660 3223 3750 3275 Διὸ

2152 3322 2249 3375 καὶ
2279 3318 2526 3388 ἐκατέρῳ
2555 3316 2786 3377 Θάνατος
2825 3312 3078 3366 ἐπέκειτο
3108 3316 3140 3384 ὴ
3175 3313 3369 3384 ζημία.

2226 3411 2292 3477 ζ’.
2330 3410 2490 3464 Ἀλλά
2508 3409 2680 3479 ταύτῃ
2714 3407 2813 3478 μὲν
2828 3404 2926 3459 καὶ
2968 3401 3136 3461 οὗτοι.
3165 3405 3337 3460 Τοῦτο
3366 3406 3425 3460 δὲ
3465 3406 3527 3459 τὸ
3557 3406 3748 3477 ὄνομα,

2155 3505 2249 3557 καὶ
2272 3501 2477 3573 χρυσοῦ
2508 3500 2724 3571 πετάλῳ
2757 3500 3255 3575 ὲγχαραττόμενον,
3277 3499 3371 3552 καὶ
3398 3502 3464 3569 τῇ
3496 3500 3754 3570 ἀρχιερα-

2154 3598 2282 3666 τικῇ
2327 3593 2512 3665 ταινίᾳ
2537 3593 2756 3665 δεσμοῖς
2798 3592 3197 3665 ἁρμοζόμενον,
3230 3591 3288 3643 τὸ
3313 3589 3409 3643 τοῦ
3444 3591 3752 3660 ἀρχιερέως

2156 3687 2416 3757 ἐφρούρει
2449 3703 2508 3739 τε
2538 3687 2637 3740 καὶ
2666 3686 2891 3756 ἐκόσμει
2918 3685 3171 3755 μέτωπον
3196 3699 3211 3714 ο
3246 3682 3362 3752 ἅμα
3389 3682 3487 3752 μὲν
3519 3683 3750 3753 φοϐερὸν

2158 3779 2255 3831 καὶ
2289 3776 2587 3847 σεϐάσμιον
2619 3778 2732 3837 τοῖς
2755 3776 2925 3847 ὁρῶσι
2960 3772 3173 3835 δεικνύς
3196 3792 3209 3802 ·
3243 3773 3359 3842 ἃμα
3391 3771 3458 3823 δὲ.
3490 3773 3583 3824 καὶ
3608 3790 3752 3845 παρ-

2158 3868 2511 3940 εγγυώμενον
2538 3867 2626 3919 ἀεὶ
2659 3866 2769 3919 δεῖν
2797 3866 2888 3918 τὸν
2926 3860 3252 3934 ἁρχιερατὸν
3282 3861 3308 3900 b
3350 3858 3470 3914 νοῦν
3506 3862 3751 3931 συνηνῶ-

2162 3962 2289 4016 σΟαι
2318 3959 2395 4031 τῷ
2425 3959 2562 4029 Θεῷ,
2608 3959 2701 4013 καὶ
2750 3956 3022 4028 μηδέποτε
3069 3955 3170 4025 τῆς
3206 3953 3415 4006 ἐκεῖθεν
3452 3954 3753 4023 συναφείας

2160 4055 2257 4111 καὶ
2306 4052 2708 4126 μακαριότητος
2756 4047 3161 4119 διασπώμενον,
3195 4046 3289 4099 ἐπὶ
3324 4046 3394 4099 τὰ
3439 4050 3623 4118 γήϊνα,
3659 4050 3756 4102 καὶ

2162 4151 2307 4218 ἅπερ
2346 4146 2465 4200 ἐστὶ
2510 4145 2610 4215 τῆς
2663 4142 3047 4214 ματαιότητος,
3097 4140 3528 4209 καταφέρεσθαι.
3577 4142 3643 4193 Τί
3691 4142 3755 4212 δή

2163 4242 2283 4296 ποτ’
2306 4239 2401 4294 οῦν
2433 4239 2551 4292 ἐστι
2578 4237 2739 4291 τοῦτο
2772 4235 2832 4288 τὸ
2860 4236 3053 4304 ὄνομα,
3080 4232 3245 4295 αὐτὸς
3273 4233 3300 4284 ό
3322 4232 3430 4284 τῶν
3459 4233 3597 4286 ὅλων
3623 4232 3758 4296 Θεὸς

2160 4334 2428 4389 διδάσκει.
2467 4329 2912 4403 Ἐπερωτήσαντι
2934 4325 3046 4396 γάρ
3065 4323 3143 4394 τῷ
3166 4324 3378 4408 Μωσεῖ,
3412 4323 3466 4377 τί
3495 4324 3557 4378 τὸ
3585 4324 3759 4394 ὄνομα

2162 4424 2355 4489 αὑτοῦ,
2386 4422 2514 4493 ἔφη,
2557 4441 2574 4473 ι
2612 4419 2756 4490 Ἐγώ
2791 4421 2909 4489 εἰμι
2945 4420 2972 4471 ὀ
2998 4416 3073 4469 ὢν
3098 4431 3111 4446 °
3159 4433 3178 4466 ι
3218 4418 3314 4470 καὶ
3344 4417 3529 4475 πάλιν.
3575 4416 3759 4469 ἐπιδε-

462 4504 734 4562 Dominus
776 4507 928 4564 visus
980 4525 1104 4563 sum
1156 4510 1422 4581 Abraliaa,
1474 4517 1693 4582 lsaaco,
1741 4515 1991 4572 Jacobo:
2029 4537 2047 4569 ι

2162 4518 2333 4573 6αιῶν
2387 4517 2463 4581 ὠς
2502 4514 2663 4570 τοῦτο
2710 4513 2878 4567 αὑτοῦ
2919 4512 3004 4578 εἴη
3052 4512 3249 4585 ὄνομα,
3281 4511 3310 4565 ὃ
3355 4510 3755 4581 προεξέφηνεν,

463 4607 603 4663 tum,
643 4617 661 4650 ι
713 4597 923 4653 Nomen
957 4615 1139 4653 meum
1180 4617 1288 4657 non
1324 4606 1558 4660 revelavi
1589 4606 1795 4673 illis";
1831 4626 1850 4659 ι
1904 4616 1962 4663 ιιι
2001 4616 2057 4662 ιιι

459 4690 612 4747 dicas
642 4707 730 4746 me
766 4701 816 4746 te
845 4692 1043 4761 majori
1078 4693 1287 4749 honore
1314 4709 1665 4767 prosecutum
1686 4741 1700 4764 ,
1734 4684 1901 4770 quam
1937 4717 2055 4757 ma-

454 4784 609 4854 jores
634 4793 757 4839 tuos
789 4786 1158 4855 patriarchas,
1190 4802 1392 4844 nomen
1426 4792 1573 4846 enim
1604 4808 1785 4848 meum
1818 4796 1964 4865 quod
1990 4796 2060 4853 iis

462 4899 571 4937 non
597 4878 870 4947 iudicavi,
916 4895 984 4934 ne
1023 4879 1243 4949 quidem
1290 4880 1534 4951 Jacobo,
1585 4901 1711 4941 cum
1758 4889 2059 4948 instantius

461 4988 713 5047 rogaret,
765 4976 869 5029 hoc
910 4973 1011 5027 tibi
1070 4972 1318 5042 innotui,
1380 4992 1476 5046 per
1536 4996 1555 5030 ι
1603 4978 1718 5051 Ego
1767 4996 1927 5047 sum,
1962 4983 2057 5053 qui

458 5085 617 5134 sum;
656 5086 675 5120 ι
706 5076 764 5123 et
798 5067 901 5124 hoc
931 5085 1134 5125 nomen
1179 5066 1420 5123 Hebraeis
1458 5068 1560 5124 Aia
1589 5071 1817 5138 dicitur,
1854 5073 2053 5129 Sama-

462 5158 655 5214 ritanis
708 5157 834 5214 labe
890 5162 1172 5217 scribitur.
1230 5159 1408 5219 Porro
1463 5161 1615 5218 hisce
1665 5162 1864 5221 litteris
1908 5165 2049 5223 Ἰὼϐ.

464 5253 625 5322 ’Λλφ.
662 5251 854 5309 nouae.
900 5254 991 5326 eo.
1042 5256 1244 5327 quibus
1276 5258 1576 5326 indicatur,
1604 5256 1723 5313 sine
1765 5257 1891 5326 fine,
1935 5259 2055 5318 sine

532 5481 577 5516 ³⁸
607 5481 779 5541 Exod.
813 5500 897 5553 ιιι,
933 5486 999 5544 14

2167 4634 2187 4669 ι
2224 4612 2391 4684 Ἐγὼ,
2443 4612 2600 4683 φησὶ,
2657 4610 2862 4681 Κύριος
2917 4609 3107 4681 ὤφθην
3164 4608 3302 4680 πρὸς
3356 4605 3610 4675 ’Δὸραὰμ
3664 4605 3757 4657 καὶ

2173 4707 2361 4762 Ἰσαὰκ
2389 4707 2484 4760 καὶ
2529 4702 2753 4760 Ἰακώϐ·
2784 4723 2803 4755 ι
2843 4698 2983 4767 εἶτα,
3016 4721 3034 4753 ι
3073 4703 3181 4757 Καὶ
3214 4702 3275 4755 τὸ
3299 4698 3473 4769 ὄνομά
3508 4715 3609 4768 μου
3658 4697 3758 4749 οὐκ

2163 4799 2409 4873 ἐδήλωσα
2447 4799 2631 4861 αὐτοῖς
2656 4814 2669 4829 ·
2712 4816 2729 4848 ι
2768 4796 2853 4849 ἵνα
2887 4794 3048 4867 εἴπῃς
3071 4806 3118 4862 ο,
3152 4793 3399 4865 μείζονός
3448 4807 3509 4842 σε
3556 4788 3759 4858 φιλοτι-

2166 4892 2321 4965 μίας,
2371 4893 2408 4965 ἦ
2462 4893 2591 4953 τοὺς
2650 4888 3018 4961 πατριάρχας,
3069 4888 3199 4951 τοὺς
3254 4886 3382 4947 σοὺς
3433 4881 3754 4953 προγόνους,

2162 4987 2371 5059 ἠξίωσα
2396 5001 2411 5017 ·
2457 4986 2520 5039 τὸ
2568 4985 2676 5055 γάρ
2710 4982 2882 5050 ὄνομά
2917 4997 3041 5050 μου,
3071 4980 3209 5049 ὅπερ
3238 4976 3467 5036 ἐκείνοις
3499 4975 3600 5027 οὐκ
3633 4972 3754 5042 ἐδή-

2163 5079 2335 5142 λωσα,
2390 5078 2570 5132 καίτοι
2626 5076 2704 5147 τῷ
2765 5072 2996 5137 Ἰακὼϐ,
3049 5072 3146 5126 καὶ
3204 5067 3751 5140 προσλιπαρήσαντι,

2162 5171 2324 5225 τοῦτό
2376 5188 2460 5224 σοι
2507 5170 2814 5239 διεσάφησα
2862 5165 3308 5237 ἀποφηνάμενος,
3348 5180 3367 5212 ι
3400 5157 3542 5227 Ἐγὼ
3577 5160 3692 5226 είμι
3731 5156 3758 5208 ὁ

2162 5266 2260 5320 ὢν.
2302 5284 2322 5319 ι
2357 5262 2533 5318 Τοῦτο
2588 5262 2647 5317 δὲ
2700 5261 2853 5333 παρὰ
2904 5259 3003 5331 μὲν
3043 5254 3320 5328 Ἑϐραίοις
3361 5251 3581 5320 λέγεται
3620 5247 3751 5302 Δίά⁶

1740 5624 1975 5682 VAle
2020 5622 2423 5680 LECTIONES.

531 5840 552 5864 ‘
583 5831 644 5887 C.
676 5830 747 5890 Μ.
775 5832 826 5887 τί
850 5833 928 5888 δέ.
1009 5835 1038 5877 δ
1075 5834 1180 5905 leg.
1211 5836 1474 5907 ἀρχιερέα
1506 5836 1615 5891 τῦν.
1652 5837 1708 5892 C.
1743 5834 1810 5890 hi.
1841 5831 2228 5908 ἁρχιερατικὸν
2255 5832 2400 5887 νοῦν.
2469 5842 2489 5869 ο
2524 5828 2678 5898 εἴπῃ.
