4158 6488
464 434 577 500 569

1336 436 1439 499 ΑΙ)
1492 437 2092 502 AMPHILOCIIIUM
2144 440 2493 514 QUIESTIO
2562 442 2676 518 XC,
2736 447 2889 511 XCI.

3666 459 3772 524 570

465 549 626 620 παρὰ
651 547 711 603 δέ
740 510 1137 618 έαμαρείταις,
1173 546 1338 602 Ἷαὸέ.
1382 548 1659 619 Γράφεται
1685 552 1741 604 δὲ
1768 551 1863 606 καὶ
1887 551 2038 622 γράμ

2139 556 2442 627 ,ρι’ἰιιοὶρίο
2472 573 2596 614 esse
2633 558 2823 613 Deum.
2878 560 2944 617 Et
2990 561 3091 619 hoc
3136 562 3447 634 signiﬁcat,
3501 573 3592 641 qui
3628 586 3707 629 est
3747 593 3769 630 :

471 657 607 711 μασι
632 638 862 701 τούτοιςο
896 637 1011 691 ίώθ.
1039 636 1167 706 ᾶλφ.
1196 637 1384 692 ούαύθ.
1413 638 1504 710 ἧθ.
1537 637 1684 695 δι’ὦν
1710 641 1968 711 δηλοῦται
1999 644 2063 697 τὸ

467 729 708 800 ἄναρχόν
758 746 819 782 τε
869 730 966 782 καὶ
1013 728 1373 800 ἀτελεύτητον
1410 729 1504 783 τοῦ
1548 730 1706 787 Θεοῦ.
1745 733 1918 786 Τοῦτο
1953 733 2063 805 γὰρ

472 822 804 892 παρίστησιν
838 819 934 873 καὶ
978 820 1039 872 τὸ
1064 819 1114 885 ἀ,
1148 823 1181 875 ὁ
1205 819 1309 874 ὧν.
1335 820 1489 892 Αὕτη
1506 821 1616 894 γὰρ
1650 824 1884 895 ήφωνὴ,
1920 826 2062 896 μήτε

472 912 577 982 πρὸ
610 912 797 976 αὑτοῦ,
832 912 971 983 μήτε
1026 913 1145 982 μετ’
1188 913 1352 967 αὑτὸν
1398 910 1539 967 εἷναί
1579 934 1636 969 τι
1688 917 1917 988 κυρίως,
1968 917 2065 971 καὶ

471 1004 736 1075 ὑπάρχειν
777 1004 934 1068 ὅλως,
968 1004 1343 1058 ἐνδείκνυται·
1388 1005 1523 1079 ὅπερ
1564 1007 1624 1059 τὸ
1665 1008 1752 1062 ἀεὶ
1782 1004 1941 1073 εἶναι,
1967 1010 2065 1062 καῖ¹

466 1095 653 1158 ἀϊδίως
680 1091 842 1157 εἶναι,
881 1094 1219 1165 συνίστησιν.
1265 1095 1536 1168 Ἐκατέρᾳ
1580 1098 1763 1153 τοίνυν
1793 1116 2065 1170 προσομι-

463 1182 569 1238 λῶν
602 1186 896 1257 ἑρμηνείᾳ,
924 1187 1033 1238 οὐδ’
1062 1187 1277 1260 ἑτέραν,
1309 1184 1486 1259 οἶμαι,
1513 1188 1748 1256 διώξεις,
1773 1189 1897 1243 οὔτε
1925 1193 2064 1245 ἀσα-

463 1278 645 1345 φείας,
677 1275 803 1330 οὔτε
833 1278 927 1330 τοῦ
961 1278 1037 1348 μὴ
1072 1280 1201 1349 περὶ
1243 1280 1380 1334 πόδα
1418 1275 1559 1335 εἶναι
1596 1282 1698 1352 τὴν
1743 1283 2057 1356 ἑκατέρωθε

460 1368 701 1423 διάνοιαν
728 1368 807 1439 τῷ
841 1369 1014 1440 ῥητῷ.
1050 1371 1329 1442 Ἔρρωσθ.

1034 1483 1371 1538 sparum:
1411 1490 1484 1555 ιιν.

2166 646 2281 703 haec
2322 648 2468 701 enim
2505 665 2612 703 vox
2645 665 2822 720 neque
2850 661 2975 707 ante
3008 669 3165 723 eum,
3200 672 3303 712 nec
3337 669 3462 729 post
3498 677 3623 717 eum
3659 666 3767 719 ali-

2165 737 2296 806 quid
2329 738 2558 794 omnino
2587 740 2872 807 exsislcro,
2896 746 3115 812 proprie
3140 757 3320 814 notat;
3354 749 3518 820 idque
3546 767 3767 823 semper

2164 831 2433 885 exsistere
2475 841 2530 887 et
2573 834 2906 886 acternaliter
2940 836 3242 892 subsistere
3278 841 3515 897 intimat.
3559 843 3764 901 Utrivis

2164 922 2395 977 istarum
2418 924 2821 993 expositionum
2842 925 2885 979 si
2908 936 2956 978 te
2975 929 3378 995 acclimmodes,
3403 932 3548 987 baud
3566 936 3764 1005 opinor

2168 1014 2332 1069 aliam
2367 1015 2681 1085 indagabis,
2725 1032 2848 1070 cum
2900 1034 2999 1073 nec
3032 1021 3341 1078 obscuritas
3372 1023 3480 1079 ulla
3516 1028 3678 1093 adsit,
3706 1037 3762 1082 et

2166 1114 2464 1178 utrumque
2489 1107 2690 1161 dictam
2722 1110 3050 1164 sententiam
3084 1112 3343 1167 exhibeat
3375 1115 3428 1169 in
3450 1118 3755 1186 procinctu.

2168 1195 2319 1251 Vale.

2279 1477 2621 1545 QUIES'HO
2649 1480 2740 1535 XC
2776 1482 3075 1554 [CCLXXL
3120 1485 3290 1542 Taur.
3322 1487 3621 1565 CCXLVI].

524 1618 668 1669 Edita
703 1632 731 1666 a
762 1615 1084 1678 Montacutio,
1105 1630 1188 1679 ep.
1218 1616 1325 1679 165,
1360 1618 1427 1667 ad
1456 1618 1691 1685 Amphil.,
1721 1636 1773 1684 p.
1796 1620 1910 1673 220.
1934 1622 2010 1672 De
2032 1614 2246 1682 pcena'in
2286 1614 2671 1677 pronuntiantes
2694 1628 2874 1665 nomen
2898 1615 2991 1667 Dei
3011 1615 3287 1671 ineffabile.
3312 1621 3475 1673 Levit.
3503 1637 3641 1687 χιιι,
3669 1626 3747 1691 16,

541 1728 632 1791 Ὠς
665 1728 800 1800 καλή
838 1746 930 1783 σου
964 1731 1261 1803 ηάπορίαί
1299 1733 1538 1804 Γράφεις
1575 1735 1707 1804 γὰρ,
1745 1733 1822 1797 ὡς
1862 1734 1911 1787 εί
1949 1731 2038 1804 μὲι

2223 1726 2399 1792 Quam
2433 1725 2648 1780 erudita
2684 1736 2770 1781 est
2797 1737 2887 1780 tua
2922 1729 3189 1798 quaestio!
3238 1728 3316 1786 Ita
3352 1733 3498 1787 enim
3529 1735 3748 1799 scribis.

461 1820 707 1891 ἄρρητον
773 1820 948 1893 ὄνομα
985 1822 1046 1876 τὸ
1082 1822 1247 1888 θεῖον,
1268 1826 1362 1877 καλ⁸
1395 1824 1653 1894 γνώσεως
1682 1828 1887 1897 μεῖζον,
1928 1825 2050 1888 πῶς

454 1912 709 1964 ἐπέκειτο
734 1910 963 1976 θάνατος
988 1912 1065 1983 τῷ
1089 1914 1452 1987 φθεγξαμένῳ
1475 1918 1508 1986 ή
1541 1916 1747 1988 ζημίας
1778 1917 1913 1971 Οὑδέ
1939 1917 2049 1987 γὰρ

454 2002 604 2072 ἐνῆν,
639 2002 761 2055 οὐδὲ
794 2002 967 2057 πολλὰ
1000 2003 1313 2075 θελήσαντι,
1339 2006 1679 2075 φθέγξασθαι
1699 2024 1713 2037 ⁸
1747 2008 1797 2060 εί
1844 2008 1891 2060 δ’
1918 2008 2048 2080 ἐνῆν

450 2093 543 2148 διὰ
565 2094 788 2164 χειλέων
824 2099 1204 2164 προενεγκεῖν,
1231 2097 1347 2161 πῶς
1377 2098 1618 2170 ἄρρητον
1643 2100 1738 2154 καὶ
1764 2099 2047 2171 ἀνέκφρα-

455 2203 619 2255 στον;
661 2187 802 2239 Ἀλλ’
835 2187 1004 2258 ἔχεις,
1037 2184 1214 2260 οἶμαι,
1265 2192 1776 2263 προγεγραμμένην
1818 2210 1900 2245 σοι
1948 2194 2043 2246 καὶ⁹

453 2274 721 2346 λαμπρῶς
759 2275 857 2347 τὴν
894 2276 1068 2331 λύσιν.
1103 2278 1193 2349 Τῷ
1228 2278 1337 2350 γὰρ
1367 2281 1543 2333 εἰπεῖν
1576 2282 1669 2334 τὸν
1697 2281 2041 2353 ύπερουσίως

451 2368 582 2420 ὄντα
609 2369 760 2435 Θεὸν,
797 2387 817 2421 ι
849 2368 991 2439 Ἐγώ
1026 2371 1140 2440 εἰμι
1164 2373 1190 2424 ὁ
1214 2370 1289 2425 ὢν
1309 2388 1323 2401 ·
1355 2390 1375 2423 ›
1409 2372 1581 2442 ὄνομά
1608 2390 1666 2425 τε
1692 2372 1857 2426 αὐτοῦ
1899 2368 2039 2427 εἶναι

447 2458 605 2511 τοῦτο
655 2458 723 2511 ἂν
769 2461 965 2527 εἰπεῖν,
1007 2460 1104 2515 καὶ
1133 2460 1210 2533 τῷ
1236 2462 1445 2533 ταύτης
1486 2467 1586 2534 τῆς
1618 2466 1804 2536 φωνῆς
1834 2467 2038 2519 Μωσέα

444 2550 732 2606 διακοῦσαι
760 2567 774 2581 ·
814 2552 915 2605 οὐκ
972 2553 1200 2607 ἀκοῦσαι
1255 2554 1312 2608 δὲ
1368 2555 1551 2625 μόνον,
1603 2556 1739 2609 ἀλλὰ
1782 2558 1879 2609 καὶ
1926 2560 2037 2621 τοῖς

444 2643 800 2714 ἀρχιερεῦσιν
835 2645 1203 2715 ἀπαγγεῖλαιο
1235 2646 1335 2701 οὐκ
1375 2648 1707 2716 ἀπαγγεῖλαι
1749 2649 1807 2702 δὲ
1852 2649 2033 2719 μόνον,

441 2732 580 2785 ἀλλὰ
624 2734 718 2786 καὶ
757 2734 945 2808 χρυσῷ
983 2736 1201 2809 πετάλῳ
1255 2738 1493 2809 γράφειν
1523 2739 1895 2810 παραδοῦναι’
1950 2741 2035 2795 ὅτι

444 2826 549 2895 μὲν
576 2829 642 2897 τῇ
669 2827 867 2882 ἐαυτοῦ
899 2827 1058 2897 φύσει
1086 2830 1179 2883 καὶ
1203 2831 1444 2899 γνωστὸν
1470 2827 1560 2903 ἦν,
1589 2832 1684 2885 καὶ
1710 2831 1906 2902 ῥητόν*
1939 2833 2035 2886 καὶ

436 2919 522 2971 ὅτι
554 2919 669 2971 τισὶ
697 2919 798 2990 μὲν
829 2919 1163 2989 ἐπέγνωστο,
1195 2922 1290 2976 καὶ
1319 2922 1420 2976 οὐκ
1454 2922 1732 2993 ἄφραστον
1764 2923 1903 2994 πρὸς
1937 2923 2033 2978 άλ-

436 3012 639 3082 λήλους
672 3007 761 3085 ἦν,
789 3013 880 3067 διὰ
913 3016 1130 3067 πάντων
1160 3013 1397 3085 ὑπάρχει
1430 3014 1790 3084 σαφέστατον.
1824 3016 1949 3069 Ὅτι
1973 3016 2030 3069 δὲ

2154 1817 2201 1874 si
2235 1816 2515 1871 inelfabile
2541 1832 2737 1872 nomen
2769 1817 2859 1872 Dei
2890 1818 2984 1883 sit,
3017 1828 3071 1875 et
3094 1821 3482 1893 cogitationem
3510 1826 3747 1891 excedit,

2152 1923 2254 1963 cur
2285 1915 2463 1962 morte
2488 1906 2737 1973 luebant,
2774 1908 2865 1977 qui
2891 1907 3230 1964 efferebant?
3260 1927 3440 1981 neque
3471 1915 3617 1969 enim
3648 1932 3750 1981 po-

2152 2005 2291 2051 terat
2323 1998 2470 2067 quis,
2502 1998 2633 2052 licet
2659 1998 2820 2053 valde
2852 2009 3097 2069 cuperet,
3116 1999 3247 2055 illud
3291 2003 3570 2073 proferre;
3602 2007 3748 2076 quod

2146 2088 2195 2144 si
2232 2089 2394 2145 labiis
2434 2089 2671 2159 proferri
2721 2091 2931 2159 potuit,
2964 2094 3240 2160 quomodo
3286 2104 3407 2148 erat
3438 2097 3749 2167 ineﬂ'abile,

2145 2188 2243 2234 aut
2278 2180 2706 2250 inexplicabile?
2747 2180 2855 2235 Sed
2900 2181 3069 2238 babes
3095 2182 3207 2252 jam
3253 2187 3660 2257 praescriptam,
3692 2191 3748 2243 ni

2145 2272 2345 2335 fallor,
2381 2273 2713 2327 luculentam
2750 2274 3105 2329 solutionem.
3156 2274 3294 2331 Cum
3324 2280 3471 2333 cnim
3519 2282 3745 2343 dixerit.

2143 2364 2241 2433 qui
2283 2364 2425 2420 Deus
2470 2373 2555 2421 est
2586 2365 3175 2437 suprasubstantialis.
3233 2386 3253 2421 ι
3304 2367 3418 2438 Ego
3466 2386 3612 2433 sum,
3649 2389 3745 2446 qui

2141 2471 2287 2521 sum,
2327 2475 2347 2508 ι
2380 2456 2675 2512 dicendum
2704 2472 2927 2527 quoque
2962 2467 3045 2513 est
3073 2458 3180 2515 hoc
3209 2474 3333 2515 esse
3364 2476 3567 2515 nomen
3598 2462 3744 2531 ejus.

2138 2559 2206 2599 eo
2234 2546 2379 2614 quod
2412 2546 2555 2602 lianc
2582 2563 2769 2604 vocem
2804 2549 2972 2604 fando
3016 2551 3319 2622 accipiebat
3353 2552 3600 2625 Moyses;
3647 2569 3742 2611 seu

2138 2651 2240 2691 nec
2278 2637 2394 2706 ipse
2418 2638 2572 2694 solus
2602 2638 2800 2704 audiit,
2839 2656 3028 2696 verum
3055 2649 3109 2696 et
3135 2644 3486 2713 pontilicibus
3525 2662 3746 2704 annun-

2138 2728 2332 2793 tiavit;
2364 2745 2466 2787 nec
2486 2732 2839 2786 annuntiavit
2868 2742 3100 2800 tantum,
3140 2736 3233 2790 sed
3286 2736 3607 2807 inscriptum
3635 2755 3739 2794 au-

2136 2836 2243 2875 reae
2272 2821 2494 2877 laminae
2523 2823 2674 2878 dedit
2704 2840 2719 2876 :
2765 2836 2934 2895 atque
2983 2826 3108 2881 ideo
3141 2826 3386 2882 insinuat
3419 2840 3474 2883 et
3505 2831 3741 2903 intelligi

2133 2923 2188 2967 et
2223 2912 2495 2967 nominari
2547 2915 2716 2968 Deum
2752 2930 2956 2985 posse;
2997 2927 3051 2972 et
3102 2931 3250 2973 certe
3300 2921 3446 2990 quod
3484 2938 3591 2976 non
3640 2941 3742 2978 tte-

2135 3003 2271 3058 mini
2308 3007 2776 3074 cognoscebatur,
2826 3017 2882 3063 et
2912 3008 3063 3078 quod
3093 3026 3200 3064 non
3238 3013 3399 3082 plane
3443 3014 3585 3069 inter
3615 3017 3742 3072 illos

436 3103 509 3156 δι’
541 3097 616 3157 ὧν
656 3107 768 3167 τοῖς
813 3104 1027 3168 πολλοῖς
1054 3103 1178 3158 οὕτε
1222 3107 1303 3169 είς
1336 3106 1526 3170 ἀκοὰς,
1562 3103 1686 3158 οὔτε
1719 3107 1799 3169 είς
1829 3105 2032 3175 γνῶσιν

2139 3092 2451 3159 indicibilis,
2480 3111 2512 3151 e
2542 3098 2730 3155 multis
2754 3109 2900 3168 patet
2931 3076 3012 3156 vel
3065 3076 3394 3161 clarissime.
3430 3107 3588 3173 Quod
3637 3125 3739 3165 au-

440 3197 664 3266 ἀφίκτο,
692 3199 828 3251 ἀλλὰ
857 3198 952 3252 καὶ
981 3193 1065 3261 οἷς
1098 3199 1428 3268 ἐγινώσκετο
1458 3198 1672 3270 φυλακὴ
1704 3199 1916 3269 προσῆν
1951 3200 2031 3263 εἰς

438 3291 635 3355 ἄλλους
672 3291 745 3363 μὴ
772 3292 987 3360 ἐξάγειν
1013 3309 1027 3324 ο
1058 3292 1153 3345 καὶ
1183 3290 1342 3345 τοῦτο
1369 3291 1525 3362 δῆλον
1553 3290 1628 3354 ὡς
1658 3291 1898 3362 ἄρρητον
1928 3292 2030 3344 αύ-

435 3382 500 3436 τδ
529 3382 625 3436 καὶ
655 3384 1031 3454 ἀνέκφραστον
1063 3384 1235 3438 ἐδίδου
1270 3383 1555 3437 καλεῖσθαι
1579 3400 1593 3414 θ
1626 3384 1905 3457 ἄφραστος
1936 3379 2030 3438 οὖν

435 3474 533 3527 καὶ
563 3475 863 3547 ἅνέκφορος
888 3477 921 3546 ἡ
944 3476 1064 3530 θεία
1096 3477 1311 3547 κλῆσις,
1345 3477 1445 3547 οὑχ
1479 3478 1562 3530 ὃτι
1591 3475 1753 3544 φύσιν
1781 3477 1884 3530 οὐκ
1915 3472 2029 3547 εἶχε

438 3567 645 3635 ῥήμασι
697 3568 791 3620 καὶ
837 3567 1062 3640 γλώσσῃ
1115 3568 1347 3640 ῥηθῆναι
1388 3568 1568 3640 (δῆλον
1625 3570 1755 3641 γὰρ,
1816 3570 1920 3634 κάξ
1952 3565 2029 3625 ὧν

434 3656 531 3710 νῦν
554 3668 579 3697 θ
610 3659 775 3712 παντὶ
797 3658 874 3730 τῷ
905 3659 1216 3731 βουλομένῳ
1247 3661 1413 3733 ῥητός
1446 3662 1641 3731 ἐστιν),
1664 3662 1777 3715 ἀλλ’
1806 3660 2027 3716 ὃτιοῦτε

436 3748 573 3802 πᾶσι
611 3749 775 3820 ῥητὸν
818 3750 1141 3822 ἢγνωστὸν,
1172 3752 1282 3805 οὐδ’
1313 3752 1397 3805 ὃτι
1425 3746 1505 3816 οἷς
1545 3752 1910 3805 ἐπεπίστευτο
1946 3754 2029 3805 εί-

434 3836 603 3904 δέναι,
639 3839 762 3893 οὐδὲ
804 3843 1036 3904 ἐκείνοις
1064 3837 1132 3913 ἦν
1172 3842 1419 3909 δυνατὸν,
1460 3842 1611 3913 φόϐῳ
1640 3841 1737 3897 τοῦ
1768 3842 2025 3910 θανάτου,

434 3929 573 4001 πρὸς
627 3931 823 3997 ἄλλους
864 3934 1066 4004 λέγειν,
1124 3935 1157 4006 ἢ
1209 3935 1409 4008 τρόπον
1452 3934 1641 4007 ἓτερον
1689 3936 1770 3999 είς
1824 3935 2027 4004 γνῶσιν

433 4022 609 4090 ἄγειν.
670 4025 857 4096 Ἔχεις
907 4027 1220 4097 τοιγαροῦν,
1276 4020 1321 4080 ὦ
1375 4026 1639 4097 βέλτιστε,
1691 4026 1841 4089 ὅπως
1893 4026 2025 4095 παρ’

445 4113 722 4181 Ἰουδαίοις
752 4117 1032 4185 ἄγνωστόν
1057 4136 1118 4172 τε
1140 4119 1235 4172 καὶ
1262 4118 1639 4189 ἀνέκφραστον
1668 4116 1727 4171 τὸ
1760 4116 1854 4169 τοῦ
1888 4115 2024 4169 Θεοῦ

430 4204 603 4276 ὄνομα
636 4207 850 4279 ὑπῆρχε
874 4226 889 4240 ·
919 4211 1014 4263 καὶ
1036 4210 1187 4274 ὅπως
1216 4211 1341 4270 ἐνῆν
1370 4208 1718 4280 βουλομένοις
1738 4207 1902 4271 ἐνίοις
1928 4207 2026 4260 αὐ-

430 4297 561 4363 τῶν,
595 4297 692 4351 καὶ
736 4299 936 4364 αὐτοὺς
972 4301 1148 4354 εἰπεῖν
1198 4301 1293 4355 καὶ
1331 4300 1552 4371 ἐτέρους
1596 4299 1798 4352 εἰδέναι
1831 4315 1891 4351 τε
1929 4297 2026 4350 καὶ

354 4404 359 4407 '
432 4389 877 4459 ἀναφθέγγεσθαι
909 4394 1312 4463 παραπλησίως
1334 4392 1539 4455 αὐτοῖς,
1567 4390 1938 4444 ἐκδιδάσκειν·
1972 4390 2020 4442 εί

437 4480 512 4549 μὴ
552 4482 651 4544 τῆς
684 4483 957 4554 τιμωρίας
986 4485 1334 4555 ἐπικείμενος
1366 4484 1396 4537 ὁ
1436 4482 1621 4553 φόϐος,
1658 4480 1861 4553 μείζων
1900 4479 2020 4549 έΥί·

432 4583 555 4621 νετο
579 4570 680 4640 τῆς
710 4572 1002 4644 ἐπιθυμίας
1031 4573 1139 4627 τῶν
1160 4576 1229 4628 τὰ
1253 4572 1481 4627 τοιαῦτα
1512 4572 1821 4642 ζητούντων
1861 4571 2019 4641 μυεῖ-

432 4656 577 4712 σθαι.
607 4660 716 4713 Καὶ
739 4662 916 4727 οὐδὲν,
953 4663 1028 4726 ὼς
1059 4664 1213 4735 ὁρᾷς,
1262 4664 1563 4734 καθορᾶται
1605 4661 1728 4715 οὔτε
1760 4660 2019 4715 δύσκολον

426 4748 544 4804 οὔτ’
576 4753 658 4816 είς
678 4753 917 4825 ἀπορίαν
944 4754 1068 4809 τινὰ
1094 4758 1418 4827 περιστῆναι
1460 4753 1803 4823 βιαζόμενον.

2136 3190 2267 3248 tem,
2299 3194 2351 3238 et
2390 3200 2485 3254 per
2509 3201 2633 3255 quae
2669 3190 3114 3259 quamplurimis,
3150 3210 3251 3250 nec
3295 3195 3362 3249 ad
3404 3213 3590 3265 aures,
3637 3215 3739 3257 nec

2134 3270 2199 3323 ad
2236 3271 2653 3340 intelligentiam
2686 3277 2958 3343 ascendit,
3006 3281 3098 3333 sed
3149 3289 3205 3335 et
3234 3283 3459 3353 insuper
3506 3286 3559 3341 in
3599 3303 3735 3353 eos,

2132 3358 2336 3427 quibus
2375 3358 2729 3426 inualuerat,
2780 3365 3031 3420 custodia
3083 3371 3493 3439 apponebatur,
3547 3391 3616 3430 ne
3665 3378 3735 3431 ad

2130 3460 2426 3508 extraneos
2457 3453 2776 3524 eﬂ‘arentur,
2827 3458 2999 3528 liquet
3041 3461 3197 3527 inde,
3233 3467 3376 3534 quod
3418 3468 3733 3525 inuomiua-

2129 3541 2239 3598 bile
2265 3553 2321 3598 et
2364 3544 2649 3602 indicibile
2696 3551 2869 3606 voluit
2913 3555 3198 3623 appellari.
3248 3557 3315 3613 Et
3360 3576 3489 3630 ergo
3530 3580 3729 3619 nomen

2132 3635 2229 3692 Dei
2267 3636 2546 3695 inell'abile
2572 3648 2627 3695 et
2658 3642 3008 3713 inell‘eribile;
3042 3664 3149 3703 non
3179 3652 3322 3721 quod
3357 3666 3553 3710 natura
3589 3672 3731 3727 prte-

2128 3727 2278 3783 ditus
2307 3740 2391 3785 est
2423 3729 2587 3796 Deus,
2618 3748 2743 3802 quae
2770 3735 2953 3791 verbis
2990 3747 3045 3791 et
3072 3738 3259 3809 lingua
3299 3742 3406 3797 dici
3446 3759 3683 3815 nequeat
3712 3766 3729 3804 :

2128 3832 2280 3893 patet
2307 3824 2454 3880 enim
2492 3829 2637 3897 quod
2666 3827 2967 3883 etiamnum
3008 3832 3138 3888 illud
3184 3837 3442 3907 quisquis
3472 3841 3729 3908 voluerit,

2128 3918 2379 3988 proferre
2426 3929 2593 3991 queat
2622 3938 2636 3975 :
2663 3922 2758 3977 sed
2797 3923 2945 3993 quod
2973 3924 3232 3980 omnibus
3258 3928 3463 3996 passim
3511 3946 3610 3984 nec
3637 3932 3727 3984 in-

2130 4011 2319 4083 telligi,
2352 4013 2437 4067 vel
2464 4013 2606 4069 edici
2632 4024 2820 4083 queat,
2855 4015 2953 4071 sed
2996 4033 3096 4071 nec
3126 4017 3215 4082 iis,
3250 4021 3453 4090 quibus
3484 4024 3732 4092 cognitio

2126 4102 2247 4171 ejus
2274 4105 2727 4173 concredebatur,
2761 4109 2969 4165 licitum
3004 4122 3123 4166 erat
3154 4114 3256 4168 sub
3289 4130 3453 4184 poena
3481 4119 3726 4188 capitali,

2126 4195 2252 4249 aliis
2280 4210 2579 4263 enarrare,
2609 4209 2705 4254 aut
2760 4201 2883 4256 aliis
2912 4204 3108 4272 quovis
3140 4206 3305 4260 modo
3354 4210 3721 4279 cognifacerc.

2126 4285 2310 4341 Habes
2359 4288 2430 4342 ita
2450 4329 2466 4353 ,
2512 4305 2546 4343 ο
2587 4291 2760 4355 bone,
2791 4297 3067 4363 quomodo
3101 4295 3192 4350 Dei
3222 4313 3421 4352 nomen
3447 4303 3589 4368 apud
3618 4301 3722 4356 Ju-

2128 4378 2278 4435 dteos
2318 4381 2567 4451 ignotum
2621 4392 2676 4439 et
2722 4385 2996 4457 ineffabile
3045 4389 3182 4455 fuit,
3232 4400 3287 4446 et
3329 4394 3472 4462 quod
3525 4395 3723 4451 licebat

2128 4471 2415 4526 nonnullis
2443 4471 2584 4527 inter
2612 4488 2733 4542 eos,
2757 4491 2881 4530 cum
2916 4479 3206 4536 enuntiare
3244 4481 3401 4552 ipsis,
3432 4493 3546 4539 tum
3575 4488 3718 4555 apud

2129 4562 2267 4617 alios
2301 4563 2578 4633 proferre,
2630 4576 2685 4622 et
2730 4584 2825 4624 eos
2854 4570 3084 4637 docere,
3140 4588 3262 4643 qua:
3316 4577 3720 4646 cognoscebant

2128 4653 2234 4722 ipsi
2270 4673 2284 4709 :
2334 4656 2439 4711 nisi
2484 4659 2682 4715 mortis
2721 4672 2902 4718 metus
2929 4663 3106 4734 major
3149 4665 3484 4723 desiderium
3526 4684 3718 4725 eorum

2129 4759 2485 4818 superasset,
2527 4752 2621 4823 qui
2651 4754 2910 4811 volebant
2938 4758 3057 4813 baze
3103 4761 3363 4829 mysteria
3409 4762 3714 4819 addiscere.

424 4844 607 4914 Atque
635 4847 710 4903 ita
745 4848 899 4905 vides
928 4849 1064 4904 nihil
1102 4849 1289 4905 videre
1317 4850 1478 4916 licet,
1515 4848 1600 4903 vel
1649 4845 1886 4913 dillicile,
1926 4851 2024 4902 aut
2058 4842 2209 4914 quod
2284 4843 2550 4916 impingat
2596 4848 2649 4904 in
2701 4850 2937 4921 aliquam
3005 4854 3440 4911 inextricandam
3493 4855 3716 4912 dubita-

426 4941 657 4995 tionem.

967 5059 1304 5113 ΕΡΩΤΗΣΙΣ
1364 5058 1481 5125 ιιΑν.

432 5260 495 5318 Τί
511 5260 688 5317 ἐστιν
713 5279 733 5317 ι
756 5261 1063 5328 Πολλάκις
1080 5279 1153 5331 πί
1163 5263 1419 5334 οεθέμην
1432 5261 1630 5317 ἐλθεῖν
1647 5262 1753 5331 πρὸ
1766 5282 1797 5328 ς
1816 5254 1993 5330 ὑμᾶς
2006 5273 2025 5308 ι

2338 5044 2675 5111 ρυΑεειτιυ
2714 5049 2827 5106 XCI
2870 5050 3303 5123 [CoisLCCLVL
3346 5054 3510 5111 Taur.

2759 5143 3082 5219 cexavut

2142 5260 2285 5326 Quid
2306 5262 2411 5316 sibi
2440 5261 2549 5316 vult
2564 5261 2698 5315 illud
2722 5275 2742 5314 :
2774 5280 2792 5313 ι
2825 5260 3232 5333 Strpepropasui
3246 5267 3416 5321 venire
3437 5267 3508 5320 ad
3533 5284 3619 5324 vos
3639 5270 3667 5321 .’
3690 5288 3711 5322 ι

997 5394 1142 5446 Edita
1171 5410 1199 5446 a
1234 5393 1553 5457 Montacutio,
1587 5407 1668 5457 ep.
1694 5393 1803 5457 164,
1825 5399 1890 5447 ad
1921 5398 2038 5447 Gem

2139 5393 2343 5456 licam,
2377 5407 2427 5457 p.
2467 5392 2695 5442 221-229.
2735 5392 2791 5441 ln
2820 5391 2960 5443 Rom.
2990 5404 3025 5453 ι,
3050 5392 3128 5443 15.

502 5520 526 5558 c
563 5503 638 5558 υύ
672 5501 816 5557 θέλω
855 5503 915 5558 δὲ
964 5504 1107 5575 ὑμᾶς
1149 5504 1353 5572 ἁγοεῖν,
1379 5502 1619 5575 ἀδελφοὶ,
1642 5503 1724 5558 ὅτι
1755 5502 2017 5569 πολλάκις

2198 5519 2221 5554 ι
2268 5499 2406 5558 Nolo
2434 5516 2536 5559 vos
2588 5499 2865 5572 ignorare,
2899 5497 3117 5569 fratres,
3162 5500 3309 5574 quod
3354 5517 3479 5559 cum
3513 5503 3714 5576 saepius

1744 5706 1979 5766 ἾΔΒΙΕ
2021 5701 2435 5764 LECTIONES.

488 5859 602 5919 dC.
640 5860 712 5919 ll.
738 5863 933 5923 omittit
962 5863 1045 5919 τό.
1162 5876 1186 5903 ε
1217 5862 1302 5920 τσ.
1328 5859 1480 5922 εἶπον
1500 5865 1604 5920 ὅτι.
