  <div class='ocr_page' id='page_1' title='image "/cluster/home/n/w/nwhite01/storage/ocr_20150623/101:no.1/coo.31924054870054/313.png"; bbox 0 0 4158 6422; ppageno 0'>
   <div class='ocr_carea' id='block_1_1' title="bbox 490 371 592 436">
    <p class='ocr_par' dir='ltr' id='par_1_1' title="bbox 490 371 592 436">
     <span class='ocr_line' id='line_1_1' title="bbox 490 371 592 436; baseline 0 0"><span class='ocrx_word' id='word_1_1' title='bbox 490 371 592 436; x_wconf 68' lang='grc' dir='ltr'>οτι</span> 
     </span>
    </p>
   </div>
   <div class='ocr_carea' id='block_1_2' title="bbox 1645 360 2598 426">
    <p class='ocr_par' dir='ltr' id='par_1_2' title="bbox 1645 360 2598 426">
     <span class='ocr_line' id='line_1_2' title="bbox 1645 360 2598 426; baseline 0 0"><span class='ocrx_word' id='word_1_2' title='bbox 1645 362 1912 426; x_wconf 82' lang='grc' dir='ltr'><strong>ΡΗΟΤΙΙ</strong></span> <span class='ocrx_word' id='word_1_3' title='bbox 1940 360 2448 424; x_wconf 68' lang='grc' dir='ltr'><strong>ΡΑΤΒΙΑΒΟΗΑΞ</strong></span> <span class='ocrx_word' id='word_1_4' title='bbox 2488 364 2598 426; x_wconf 87' lang='lat' dir='ltr'><strong>CP.</strong></span> 
     </span>
    </p>
   </div>
   <div class='ocr_carea' id='block_1_3' title="bbox 3653 369 3765 433">
    <p class='ocr_par' dir='ltr' id='par_1_3' title="bbox 3653 369 3765 433">
     <span class='ocr_line' id='line_1_3' title="bbox 3653 369 3765 433; baseline -0.009 0"><span class='ocrx_word' id='word_1_5' title='bbox 3653 369 3765 433; x_wconf 74' lang='grc'><strong>572</strong></span> 
     </span>
    </p>
   </div>
   <div class='ocr_carea' id='block_1_4' title="bbox 491 452 2071 563">
    <p class='ocr_par' dir='ltr' id='par_1_4' title="bbox 491 479 2071 555">
     <span class='ocr_line' id='line_1_4' title="bbox 491 479 2071 555; baseline -0.004 -15"><span class='ocrx_word' id='word_1_6' title='bbox 491 502 588 542; x_wconf 73' lang='lat' dir='ltr'><strong>vos</strong></span> <span class='ocrx_word' id='word_1_7' title='bbox 617 485 771 541; x_wconf 88' lang='lat' dir='ltr'><strong>adire</strong></span> <span class='ocrx_word' id='word_1_8' title='bbox 807 482 1217 555; x_wconf 86' lang='lat' dir='ltr'><strong>proposuerim,</strong></span> <span class='ocrx_word' id='word_1_9' title='bbox 1271 490 1332 538; x_wconf 92' lang='lat' dir='ltr'><strong>ut</strong></span> <span class='ocrx_word' id='word_1_10' title='bbox 1374 482 1610 555; x_wconf 84' lang='lat' dir='ltr'><strong>aliquem</strong></span> <span class='ocrx_word' id='word_1_11' title='bbox 1661 482 1903 537; x_wconf 80' lang='lat' dir='ltr'><strong>fructum</strong></span> <span class='ocrx_word' id='word_1_12' title='bbox 1954 479 2071 535; x_wconf 86' lang='lat' dir='ltr'><strong>inde</strong></span> 
     </span>
    </p>
   </div>
   <div class='ocr_carea' id='block_1_5' title="bbox 2175 452 3761 563">
    <p class='ocr_par' dir='ltr' id='par_1_5' title="bbox 2182 452 3761 563">
     <span class='ocr_line' id='line_1_5' title="bbox 2182 452 3761 563; baseline 0.008 -32"><span class='ocrx_word' id='word_1_13' title='bbox 2182 480 2498 551; x_wconf 79' lang='grc' dir='ltr'><strong>προεθέμην</strong></span> <span class='ocrx_word' id='word_1_14' title='bbox 2550 464 2729 535; x_wconf 81' lang='grc' dir='ltr'>ἐλθεῖν</span> <span class='ocrx_word' id='word_1_15' title='bbox 2801 483 2938 555; x_wconf 82' lang='grc' dir='ltr'>πρδς</span> <span class='ocrx_word' id='word_1_16' title='bbox 2977 483 3124 557; x_wconf 79' lang='grc' dir='ltr'>ὑμᾶς</span> <span class='ocrx_word' id='word_1_17' title='bbox 3155 525 3171 551; x_wconf 86' lang='grc'><strong>,</strong></span> <span class='ocrx_word' id='word_1_18' title='bbox 3200 452 3293 541; x_wconf 65' lang='grc' dir='ltr'><strong>ᾆξαι</strong></span> <span class='ocrx_word' id='word_1_19' title='bbox 3321 486 3603 560; x_wconf 76' lang='grc' dir='ltr'>ἐκωλύθην</span> <span class='ocrx_word' id='word_1_20' title='bbox 3625 492 3761 563; x_wconf 75' lang='grc' dir='ltr'>ἄχρι</span> 
     </span>
    </p>
   </div>
   <div class='ocr_carea' id='block_1_6' title="bbox 489 573 2073 649">
    <p class='ocr_par' dir='ltr' id='par_1_6' title="bbox 489 573 2073 649">
     <span class='ocr_line' id='line_1_6' title="bbox 489 573 2073 649; baseline -0.005 -15"><span class='ocrx_word' id='word_1_21' title='bbox 489 578 812 649; x_wconf 79' lang='lat' dir='ltr'><strong>percipiam,</strong></span> <span class='ocrx_word' id='word_1_22' title='bbox 842 577 1107 633; x_wconf 88' lang='lat' dir='ltr'><strong>hactenus</strong></span> <span class='ocrx_word' id='word_1_23' title='bbox 1133 576 1329 631; x_wconf 83' lang='lat' dir='ltr'><strong>luerim</strong></span> <span class='ocrx_word' id='word_1_24' title='bbox 1355 576 1651 647; x_wconf 87' lang='lat' dir='ltr'><strong>impeditus</strong></span> <span class='ocrx_word' id='word_1_25' title='bbox 1679 577 1745 639; x_wconf 86' lang='lat'><strong>“,</strong></span> <span class='ocrx_word' id='word_1_26' title='bbox 1777 583 1881 630; x_wconf 92' lang='lat' dir='ltr'><strong>etc.</strong></span> <span class='ocrx_word' id='word_1_27' title='bbox 1910 593 1931 627; x_wconf 74' lang='grc' dir='ltr'><strong>ι</strong></span> <span class='ocrx_word' id='word_1_28' title='bbox 1964 573 2073 627; x_wconf 86' lang='lat' dir='ltr'><strong>Lo-</strong></span> 
     </span>
    </p>
   </div>
   <div class='ocr_carea' id='block_1_7' title="bbox 490 664 2076 736">
    <p class='ocr_par' dir='ltr' id='par_1_7' title="bbox 490 664 2076 736">
     <span class='ocr_line' id='line_1_7' title="bbox 490 664 2076 736; baseline -0.001 -15"><span class='ocrx_word' id='word_1_29' title='bbox 490 683 614 722; x_wconf 86' lang='lat' dir='ltr'><strong>cum</strong></span> <span class='ocrx_word' id='word_1_30' title='bbox 649 668 815 731; x_wconf 76' lang='lat' dir='ltr'><strong>hune,</strong></span> <span class='ocrx_word' id='word_1_31' title='bbox 845 667 1006 736; x_wconf 89' lang='lat' dir='ltr'><strong>cujus</strong></span> <span class='ocrx_word' id='word_1_32' title='bbox 1042 677 1097 721; x_wconf 92' lang='lat' dir='ltr'><strong>tu</strong></span> <span class='ocrx_word' id='word_1_33' title='bbox 1145 668 1471 723; x_wconf 87' lang='lat' dir='ltr'><strong>sententiam</strong></span> <span class='ocrx_word' id='word_1_34' title='bbox 1503 676 1557 721; x_wconf 86' lang='lat' dir='ltr'><strong>et</strong></span> <span class='ocrx_word' id='word_1_35' title='bbox 1596 681 1818 723; x_wconf 86' lang='lat' dir='ltr'><strong>sensum</strong></span> <span class='ocrx_word' id='word_1_36' title='bbox 1853 664 2076 720; x_wconf 88' lang='lat' dir='ltr'><strong>deside-</strong></span> 
     </span>
    </p>
   </div>
   <div class='ocr_carea' id='block_1_8' title="bbox 492 759 2073 829">
    <p class='ocr_par' dir='ltr' id='par_1_8' title="bbox 492 759 2073 829">
     <span class='ocr_line' id='line_1_8' title="bbox 492 759 2073 829; baseline -0.001 -17"><span class='ocrx_word' id='word_1_37' title='bbox 492 774 606 824; x_wconf 83' lang='lat' dir='ltr'><strong>ras,</strong></span> <span class='ocrx_word' id='word_1_38' title='bbox 642 773 738 827; x_wconf 88' lang='lat' dir='ltr'><strong>per</strong></span> <span class='ocrx_word' id='word_1_39' title='bbox 766 759 1106 829; x_wconf 77' lang='lat' dir='ltr'><strong>hyperbaton</strong></span> <span class='ocrx_word' id='word_1_40' title='bbox 1138 774 1412 829; x_wconf 77' lang='lat' dir='ltr'><strong>exponere</strong></span> <span class='ocrx_word' id='word_1_41' title='bbox 1442 773 1758 828; x_wconf 87' lang='lat' dir='ltr'><strong>possumus,</strong></span> <span class='ocrx_word' id='word_1_42' title='bbox 1783 766 1842 812; x_wconf 89' lang='lat' dir='ltr'><strong>ut</strong></span> <span class='ocrx_word' id='word_1_43' title='bbox 1875 770 2073 812; x_wconf 75' lang='lat' dir='ltr'><strong>conse-</strong></span> 
     </span>
    </p>
   </div>
   <div class='ocr_carea' id='block_1_9' title="bbox 489 850 2075 922">
    <p class='ocr_par' dir='ltr' id='par_1_9' title="bbox 489 850 2075 922">
     <span class='ocr_line' id='line_1_9' title="bbox 489 850 2075 922; baseline -0.001 -20"><span class='ocrx_word' id='word_1_44' title='bbox 489 851 713 919; x_wconf 79' lang='lat' dir='ltr'><strong>quentia</strong></span> <span class='ocrx_word' id='word_1_45' title='bbox 741 851 868 904; x_wconf 85' lang='lat' dir='ltr'><strong>talis</strong></span> <span class='ocrx_word' id='word_1_46' title='bbox 913 850 986 905; x_wconf 90' lang='lat' dir='ltr'><strong>sit</strong></span> <span class='ocrx_word' id='word_1_47' title='bbox 1022 868 1034 903; x_wconf 94' lang='lat'>:</span> <span class='ocrx_word' id='word_1_48' title='bbox 1075 850 1208 906; x_wconf 78' lang='lat' dir='ltr'><strong>Nolo</strong></span> <span class='ocrx_word' id='word_1_49' title='bbox 1236 867 1331 906; x_wconf 88' lang='lat' dir='ltr'><strong>vos</strong></span> <span class='ocrx_word' id='word_1_50' title='bbox 1361 855 1615 922; x_wconf 85' lang='lat' dir='ltr'><strong>ignorare</strong></span> <span class='ocrx_word' id='word_1_51' title='bbox 1638 850 1785 920; x_wconf 91' lang='lat' dir='ltr'><strong>quod</strong></span> <span class='ocrx_word' id='word_1_52' title='bbox 1818 864 2075 919; x_wconf 68' lang='lat' dir='ltr'><strong>saepenu-</strong></span> 
     </span>
    </p>
   </div>
   <div class='ocr_carea' id='block_1_10' title="bbox 489 942 2073 1008">
    <p class='ocr_par' dir='ltr' id='par_1_10' title="bbox 489 942 2073 1008">
     <span class='ocr_line' id='line_1_10' title="bbox 489 942 2073 1008; baseline -0.001 -11"><span class='ocrx_word' id='word_1_53' title='bbox 489 958 642 997; x_wconf 90' lang='lat' dir='ltr'><strong>mero</strong></span> <span class='ocrx_word' id='word_1_54' title='bbox 677 943 730 996; x_wconf 91' lang='lat' dir='ltr'><strong>in</strong></span> <span class='ocrx_word' id='word_1_55' title='bbox 761 946 948 997; x_wconf 87' lang='lat' dir='ltr'><strong>animo</strong></span> <span class='ocrx_word' id='word_1_56' title='bbox 980 945 1143 997; x_wconf 86' lang='lat' dir='ltr'><strong>habui</strong></span> <span class='ocrx_word' id='word_1_57' title='bbox 1186 945 1251 997; x_wconf 91' lang='lat' dir='ltr'><strong>ad</strong></span> <span class='ocrx_word' id='word_1_58' title='bbox 1284 960 1381 998; x_wconf 80' lang='lat' dir='ltr'><strong>vos</strong></span> <span class='ocrx_word' id='word_1_59' title='bbox 1416 942 1701 1008; x_wconf 81' lang='lat' dir='ltr'><strong>accedere,</strong></span> <span class='ocrx_word' id='word_1_60' title='bbox 1730 950 1789 997; x_wconf 92' lang='lat' dir='ltr'><strong>ut</strong></span> <span class='ocrx_word' id='word_1_61' title='bbox 1831 942 2073 997; x_wconf 82' lang='lat' dir='ltr'><strong>fructum</strong></span> 
     </span>
    </p>
   </div>
   <div class='ocr_carea' id='block_1_11' title="bbox 491 1034 2071 1106">
    <p class='ocr_par' dir='ltr' id='par_1_11' title="bbox 491 1034 2071 1106">
     <span class='ocr_line' id='line_1_11' title="bbox 491 1034 2071 1106; baseline 0 -18"><span class='ocrx_word' id='word_1_62' title='bbox 491 1036 725 1105; x_wconf 82' lang='lat' dir='ltr'><strong>aliquem</strong></span> <span class='ocrx_word' id='word_1_63' title='bbox 762 1036 928 1090; x_wconf 73' lang='lat' dir='ltr'><strong>etiam</strong></span> <span class='ocrx_word' id='word_1_64' title='bbox 964 1052 994 1089; x_wconf 89' lang='lat' dir='ltr'><strong>a</strong></span> <span class='ocrx_word' id='word_1_65' title='bbox 1030 1036 1186 1089; x_wconf 83' lang='lat' dir='ltr'><strong>vobis</strong></span> <span class='ocrx_word' id='word_1_66' title='bbox 1214 1036 1531 1106; x_wconf 80' lang='lat' dir='ltr'><strong>percipiam,</strong></span> <span class='ocrx_word' id='word_1_67' title='bbox 1559 1035 1653 1089; x_wconf 89' lang='lat' dir='ltr'><strong>sed</strong></span> <span class='ocrx_word' id='word_1_68' title='bbox 1685 1034 1751 1089; x_wconf 88' lang='lat' dir='ltr'><strong>ad</strong></span> <span class='ocrx_word' id='word_1_69' title='bbox 1788 1034 1934 1088; x_wconf 87' lang='lat' dir='ltr'><strong>hunc</strong></span> <span class='ocrx_word' id='word_1_70' title='bbox 1974 1049 2071 1089; x_wconf 82' lang='lat' dir='ltr'><strong>us-</strong></span> 
     </span>
    </p>
   </div>
   <div class='ocr_carea' id='block_1_12' title="bbox 490 1125 2073 1198">
    <p class='ocr_par' dir='ltr' id='par_1_12' title="bbox 490 1125 2073 1198">
     <span class='ocr_line' id='line_1_12' title="bbox 490 1125 2073 1198; baseline -0.001 -17"><span class='ocrx_word' id='word_1_71' title='bbox 490 1145 596 1197; x_wconf 84' lang='lat' dir='ltr'><strong>que</strong></span> <span class='ocrx_word' id='word_1_72' title='bbox 622 1128 765 1181; x_wconf 88' lang='lat' dir='ltr'><strong>diem</strong></span> <span class='ocrx_word' id='word_1_73' title='bbox 806 1129 1103 1198; x_wconf 84' lang='lat' dir='ltr'><strong>impeditus</strong></span> <span class='ocrx_word' id='word_1_74' title='bbox 1130 1129 1225 1182; x_wconf 82' lang='lat' dir='ltr'><strong>fui.</strong></span> <span class='ocrx_word' id='word_1_75' title='bbox 1276 1128 1533 1198; x_wconf 79' lang='lat' dir='ltr'><strong>Syutaxis</strong></span> <span class='ocrx_word' id='word_1_76' title='bbox 1565 1126 1724 1180; x_wconf 85' lang='lat' dir='ltr'><strong>istius</strong></span> <span class='ocrx_word' id='word_1_77' title='bbox 1746 1125 1880 1180; x_wconf 91' lang='lat' dir='ltr'><strong>dicti</strong></span> <span class='ocrx_word' id='word_1_78' title='bbox 1913 1125 2073 1194; x_wconf 84' lang='lat' dir='ltr'><strong>plena</strong></span> 
     </span>
    </p>
   </div>
   <div class='ocr_carea' id='block_1_13' title="bbox 491 1222 2070 1293">
    <p class='ocr_par' dir='ltr' id='par_1_13' title="bbox 491 1222 2070 1293">
     <span class='ocr_line' id='line_1_13' title="bbox 491 1222 2070 1293; baseline -0.002 -19"><span class='ocrx_word' id='word_1_79' title='bbox 491 1229 573 1274; x_wconf 87' lang='lat' dir='ltr'><strong>est</strong></span> <span class='ocrx_word' id='word_1_80' title='bbox 610 1224 743 1281; x_wconf 72' lang='lat' dir='ltr'><strong>lucc,</strong></span> <span class='ocrx_word' id='word_1_81' title='bbox 777 1237 898 1290; x_wconf 75' lang='lat' dir='ltr'><strong>qua:</strong></span> <span class='ocrx_word' id='word_1_82' title='bbox 925 1231 981 1274; x_wconf 85' lang='lat' dir='ltr'><strong>et</strong></span> <span class='ocrx_word' id='word_1_83' title='bbox 1016 1222 1299 1290; x_wconf 80' lang='lat' dir='ltr'><strong>perspicua</strong></span> <span class='ocrx_word' id='word_1_84' title='bbox 1347 1231 1452 1285; x_wconf 85' lang='lat' dir='ltr'><strong>est.</strong></span> <span class='ocrx_word' id='word_1_85' title='bbox 1491 1232 1543 1276; x_wconf 91' lang='lat' dir='ltr'><strong>et</strong></span> <span class='ocrx_word' id='word_1_86' title='bbox 1579 1222 1786 1293; x_wconf 75' lang='lat' dir='ltr'><strong>periodi</strong></span> <span class='ocrx_word' id='word_1_87' title='bbox 1846 1234 2070 1274; x_wconf 89' lang='lat' dir='ltr'><strong>sensum</strong></span> 
     </span>
    </p>
   </div>
   <div class='ocr_carea' id='block_1_14' title="bbox 490 1309 2071 1381">
    <p class='ocr_par' dir='ltr' id='par_1_14' title="bbox 490 1309 2071 1381">
     <span class='ocr_line' id='line_1_14' title="bbox 490 1309 2071 1381; baseline 0.001 -19"><span class='ocrx_word' id='word_1_88' title='bbox 490 1309 747 1377; x_wconf 73' lang='lat' dir='ltr'><strong>explicat.</strong></span> <span class='ocrx_word' id='word_1_89' title='bbox 774 1312 1022 1364; x_wconf 80' lang='lat' dir='ltr'><strong>Attamen</strong></span> <span class='ocrx_word' id='word_1_90' title='bbox 1052 1311 1197 1366; x_wconf 81' lang='lat' dir='ltr'><strong>dicet</strong></span> <span class='ocrx_word' id='word_1_91' title='bbox 1232 1312 1468 1381; x_wconf 81' lang='lat' dir='ltr'><strong>aliquis:</strong></span> <span class='ocrx_word' id='word_1_92' title='bbox 1502 1313 1557 1366; x_wconf 88' lang='lat' dir='ltr'><strong>Si</strong></span> <span class='ocrx_word' id='word_1_93' title='bbox 1596 1313 1729 1366; x_wconf 87' lang='lat' dir='ltr'><strong>lides</strong></span> <span class='ocrx_word' id='word_1_94' title='bbox 1765 1312 1981 1365; x_wconf 91' lang='lat' dir='ltr'><strong>illorum</strong></span> <span class='ocrx_word' id='word_1_95' title='bbox 2017 1310 2071 1363; x_wconf 93' lang='lat' dir='ltr'><strong>in</strong></span> 
     </span>
    </p>
   </div>
   <div class='ocr_carea' id='block_1_15' title="bbox 494 1400 2073 1475">
    <p class='ocr_par' dir='ltr' id='par_1_15' title="bbox 494 1400 2073 1475">
     <span class='ocr_line' id='line_1_15' title="bbox 494 1400 2073 1475; baseline 0.003 -24"><span class='ocrx_word' id='word_1_96' title='bbox 494 1408 611 1454; x_wconf 91' lang='lat' dir='ltr'><strong>toto</strong></span> <span class='ocrx_word' id='word_1_97' title='bbox 662 1400 794 1454; x_wconf 84' lang='lat' dir='ltr'><strong>orbe</strong></span> <span class='ocrx_word' id='word_1_98' title='bbox 852 1401 1285 1457; x_wconf 89' lang='lat' dir='ltr'><strong>annuntiabatur</strong></span> <span class='ocrx_word' id='word_1_99' title='bbox 1338 1405 1467 1475; x_wconf 88' lang='lat' dir='ltr'><strong>(hoc</strong></span> <span class='ocrx_word' id='word_1_100' title='bbox 1510 1404 1655 1458; x_wconf 90' lang='lat' dir='ltr'><strong>enim</strong></span> <span class='ocrx_word' id='word_1_101' title='bbox 1704 1404 1866 1474; x_wconf 91' lang='lat' dir='ltr'><strong>paulo</strong></span> <span class='ocrx_word' id='word_1_102' title='bbox 1919 1403 2073 1472; x_wconf 88' lang='lat' dir='ltr'><strong>prius</strong></span> 
     </span>
    </p>
   </div>
   <div class='ocr_carea' id='block_1_16' title="bbox 491 1492 2063 1566">
    <p class='ocr_par' dir='ltr' id='par_1_16' title="bbox 491 1492 2063 1566">
     <span class='ocr_line' id='line_1_16' title="bbox 491 1492 2063 1566; baseline 0.003 -22"><span class='ocrx_word' id='word_1_103' title='bbox 491 1492 864 1546; x_wconf 79' lang='lat' dir='ltr'><strong>testimonium</strong></span> <span class='ocrx_word' id='word_1_104' title='bbox 914 1493 979 1547; x_wconf 87' lang='lat' dir='ltr'><strong>iis</strong></span> <span class='ocrx_word' id='word_1_105' title='bbox 1038 1494 1439 1566; x_wconf 71' lang='lat' dir='ltr'><strong>perltiliucrat),</strong></span> <span class='ocrx_word' id='word_1_106' title='bbox 1469 1511 1628 1566; x_wconf 86' lang='lat' dir='ltr'><strong>quem</strong></span> <span class='ocrx_word' id='word_1_107' title='bbox 1675 1497 1888 1550; x_wconf 90' lang='lat' dir='ltr'><strong>tandem</strong></span> <span class='ocrx_word' id='word_1_108' title='bbox 1952 1493 2063 1548; x_wconf 80' lang='lat' dir='ltr'><strong>fru-</strong></span> 
     </span>
    </p>
   </div>
   <div class='ocr_carea' id='block_1_17' title="bbox 492 1585 2075 1658">
    <p class='ocr_par' dir='ltr' id='par_1_17' title="bbox 492 1585 2075 1658">
     <span class='ocr_line' id='line_1_17' title="bbox 492 1585 2075 1658; baseline 0.003 -22"><span class='ocrx_word' id='word_1_109' title='bbox 492 1594 640 1636; x_wconf 81' lang='lat' dir='ltr'><strong>etum</strong></span> <span class='ocrx_word' id='word_1_110' title='bbox 674 1585 889 1640; x_wconf 82' lang='lat' dir='ltr'><strong>&#39;volebat</strong></span> <span class='ocrx_word' id='word_1_111' title='bbox 931 1585 1047 1654; x_wconf 91' lang='lat' dir='ltr'><strong>ipse</strong></span> <span class='ocrx_word' id='word_1_112' title='bbox 1096 1603 1357 1656; x_wconf 64' lang='lat' dir='ltr'><strong>praesens,</strong></span> <span class='ocrx_word' id='word_1_113' title='bbox 1408 1587 1455 1643; x_wconf 90' lang='lat' dir='ltr'><strong>si</strong></span> <span class='ocrx_word' id='word_1_114' title='bbox 1498 1589 1715 1643; x_wconf 79' lang='lat' dir='ltr'><strong>adesset</strong></span> <span class='ocrx_word' id='word_1_115' title='bbox 1748 1585 2075 1658; x_wconf 88' lang='lat' dir='ltr'><strong>perhibere?</strong></span> 
     </span>
    </p>
   </div>
   <div class='ocr_carea' id='block_1_18' title="bbox 494 1675 2073 1745">
    <p class='ocr_par' dir='ltr' id='par_1_18' title="bbox 494 1675 2073 1745">
     <span class='ocr_line' id='line_1_18' title="bbox 494 1675 2073 1745; baseline 0.003 -17"><span class='ocrx_word' id='word_1_116' title='bbox 494 1675 840 1745; x_wconf 67' lang='lat' dir='ltr'><strong>Multiplicem</strong></span> <span class='ocrx_word' id='word_1_117' title='bbox 869 1676 1230 1733; x_wconf 83' lang='lat' dir='ltr'><strong>aﬂirmamus.</strong></span> <span class='ocrx_word' id='word_1_118' title='bbox 1270 1676 1327 1732; x_wconf 90' lang='lat' dir='ltr'><strong>Si</strong></span> <span class='ocrx_word' id='word_1_119' title='bbox 1360 1679 1504 1733; x_wconf 88' lang='lat' dir='ltr'><strong>enim</strong></span> <span class='ocrx_word' id='word_1_120' title='bbox 1547 1680 1622 1733; x_wconf 91' lang='lat' dir='ltr'><strong>illi</strong></span> <span class='ocrx_word' id='word_1_121' title='bbox 1668 1680 1985 1745; x_wconf 86' lang='lat' dir='ltr'><strong>credebant,</strong></span> <span class='ocrx_word' id='word_1_122' title='bbox 2020 1690 2073 1733; x_wconf 89' lang='lat' dir='ltr'><strong>et</strong></span> 
     </span>
    </p>
   </div>
   <div class='ocr_carea' id='block_1_19' title="bbox 493 1769 2070 1840">
    <p class='ocr_par' dir='ltr' id='par_1_19' title="bbox 493 1769 2070 1840">
     <span class='ocr_line' id='line_1_19' title="bbox 493 1769 2070 1840; baseline 0.003 -21"><span class='ocrx_word' id='word_1_123' title='bbox 493 1777 713 1837; x_wconf 79' lang='lat' dir='ltr'><strong>prepter</strong></span> <span class='ocrx_word' id='word_1_124' title='bbox 750 1770 898 1823; x_wconf 86' lang='lat' dir='ltr'><strong>urbis</strong></span> <span class='ocrx_word' id='word_1_125' title='bbox 929 1769 1342 1837; x_wconf 87' lang='lat' dir='ltr'><strong>amplitudinem</strong></span> <span class='ocrx_word' id='word_1_126' title='bbox 1406 1771 1527 1823; x_wconf 81' lang='lat' dir='ltr'><strong>ﬁdei</strong></span> <span class='ocrx_word' id='word_1_127' title='bbox 1560 1770 1801 1840; x_wconf 73' lang='lat' dir='ltr'><strong>ipsorum</strong></span> <span class='ocrx_word' id='word_1_128' title='bbox 1834 1771 1976 1826; x_wconf 81' lang='lat' dir='ltr'><strong>fama</strong></span> <span class='ocrx_word' id='word_1_129' title='bbox 2004 1772 2070 1825; x_wconf 87' lang='lat' dir='ltr'><strong>ad</strong></span> 
     </span>
    </p>
   </div>
   <div class='ocr_carea' id='block_1_20' title="bbox 492 1860 2073 1931">
    <p class='ocr_par' dir='ltr' id='par_1_20' title="bbox 492 1860 2073 1931">
     <span class='ocr_line' id='line_1_20' title="bbox 492 1860 2073 1931; baseline 0.005 -22"><span class='ocrx_word' id='word_1_130' title='bbox 492 1869 683 1913; x_wconf 87' lang='lat' dir='ltr'><strong>omnes</strong></span> <span class='ocrx_word' id='word_1_131' title='bbox 737 1860 1162 1931; x_wconf 78' lang='lat' dir='ltr'><strong>propagabatur,</strong></span> <span class='ocrx_word' id='word_1_132' title='bbox 1225 1861 1584 1917; x_wconf 85' lang='lat' dir='ltr'><strong>nihilominus</strong></span> <span class='ocrx_word' id='word_1_133' title='bbox 1640 1862 1829 1918; x_wconf 91' lang='lat' dir='ltr'><strong>multis</strong></span> <span class='ocrx_word' id='word_1_134' title='bbox 1894 1863 2073 1918; x_wconf 87' lang='lat' dir='ltr'><strong>adhuc</strong></span> 
     </span>
    </p>
   </div>
   <div class='ocr_carea' id='block_1_21' title="bbox 494 1950 2074 2024">
    <p class='ocr_par' dir='ltr' id='par_1_21' title="bbox 494 1950 2074 2024">
     <span class='ocr_line' id='line_1_21' title="bbox 494 1950 2074 2024; baseline 0.003 -21"><span class='ocrx_word' id='word_1_135' title='bbox 494 1950 830 2021; x_wconf 79' lang='lat' dir='ltr'><strong>indigebant.</strong></span> <span class='ocrx_word' id='word_1_136' title='bbox 876 1950 1034 2005; x_wconf 89' lang='lat' dir='ltr'><strong>Patet</strong></span> <span class='ocrx_word' id='word_1_137' title='bbox 1095 1952 1199 2007; x_wconf 88' lang='lat' dir='ltr'><strong>hoc</strong></span> <span class='ocrx_word' id='word_1_138' title='bbox 1249 1968 1315 2007; x_wconf 83' lang='lat' dir='ltr'><strong>ex</strong></span> <span class='ocrx_word' id='word_1_139' title='bbox 1369 1966 1456 2014; x_wconf 88' lang='lat' dir='ltr'><strong>eo.</strong></span> <span class='ocrx_word' id='word_1_140' title='bbox 1507 1952 1652 2023; x_wconf 79' lang='lat' dir='ltr'><strong>qhod</strong></span> <span class='ocrx_word' id='word_1_141' title='bbox 1710 1953 1872 2024; x_wconf 90' lang='lat' dir='ltr'><strong>paulo</strong></span> <span class='ocrx_word' id='word_1_142' title='bbox 1921 1953 2074 2023; x_wconf 81' lang='lat' dir='ltr'><strong>prius</strong></span> 
     </span>
    </p>
   </div>
   <div class='ocr_carea' id='block_1_22' title="bbox 489 2043 2072 2101">
    <p class='ocr_par' dir='ltr' id='par_1_22' title="bbox 489 2043 2072 2101">
     <span class='ocr_line' id='line_1_22' title="bbox 489 2043 2072 2101; baseline 0.002 -5"><span class='ocrx_word' id='word_1_143' title='bbox 489 2043 629 2096; x_wconf 82' lang='lat' dir='ltr'><strong>dixit</strong></span> <span class='ocrx_word' id='word_1_144' title='bbox 670 2061 685 2097; x_wconf 90' lang='lat'><strong>:</strong></span> <span class='ocrx_word' id='word_1_145' title='bbox 724 2062 743 2096; x_wconf 80' lang='grc' dir='ltr'>ι</span> <span class='ocrx_word' id='word_1_146' title='bbox 777 2044 849 2099; x_wconf 89' lang='lat' dir='ltr'><strong>Ut</strong></span> <span class='ocrx_word' id='word_1_147' title='bbox 878 2045 1105 2099; x_wconf 82' lang='lat' dir='ltr'><strong>stabiles</strong></span> <span class='ocrx_word' id='word_1_148' title='bbox 1133 2045 1467 2100; x_wconf 83' lang='lat' dir='ltr'><strong>elliciamini.</strong></span> <span class='ocrx_word' id='word_1_149' title='bbox 1508 2063 1526 2098; x_wconf 70' lang='grc' dir='ltr'><strong>ι</strong></span> <span class='ocrx_word' id='word_1_150' title='bbox 1564 2043 1699 2099; x_wconf 84' lang='lat' dir='ltr'><strong>Nam</strong></span> <span class='ocrx_word' id='word_1_151' title='bbox 1739 2045 1968 2101; x_wconf 86' lang='lat' dir='ltr'><strong>stabiliri</strong></span> <span class='ocrx_word' id='word_1_152' title='bbox 2006 2047 2072 2099; x_wconf 89' lang='lat' dir='ltr'><strong>ad</strong></span> 
     </span>
    </p>
   </div>
   <div class='ocr_carea' id='block_1_23' title="bbox 491 2135 2071 2208">
    <p class='ocr_par' dir='ltr' id='par_1_23' title="bbox 491 2135 2071 2208">
     <span class='ocr_line' id='line_1_23' title="bbox 491 2135 2071 2208; baseline 0.001 -20"><span class='ocrx_word' id='word_1_153' title='bbox 491 2150 632 2203; x_wconf 92' lang='lat' dir='ltr'><strong>quos</strong></span> <span class='ocrx_word' id='word_1_154' title='bbox 661 2143 894 2203; x_wconf 86' lang='lat' dir='ltr'><strong>spectat,</strong></span> <span class='ocrx_word' id='word_1_155' title='bbox 927 2135 1030 2191; x_wconf 91' lang='lat' dir='ltr'><strong>nisi</strong></span> <span class='ocrx_word' id='word_1_156' title='bbox 1064 2137 1130 2189; x_wconf 88' lang='lat' dir='ltr'><strong>ad</strong></span> <span class='ocrx_word' id='word_1_157' title='bbox 1161 2152 1258 2191; x_wconf 91' lang='lat' dir='ltr'><strong>eos</strong></span> <span class='ocrx_word' id='word_1_158' title='bbox 1288 2138 1381 2208; x_wconf 90' lang='lat' dir='ltr'><strong>qui</strong></span> <span class='ocrx_word' id='word_1_159' title='bbox 1415 2137 1851 2192; x_wconf 78' lang='lat' dir='ltr'><strong>concutiuntur?</strong></span> <span class='ocrx_word' id='word_1_160' title='bbox 1871 2138 2071 2193; x_wconf 90' lang='lat' dir='ltr'><strong>lterum</strong></span> 
     </span>
    </p>
   </div>
   <div class='ocr_carea' id='block_1_24' title="bbox 491 2226 2075 2298">
    <p class='ocr_par' dir='ltr' id='par_1_24' title="bbox 491 2226 2075 2298">
     <span class='ocr_line' id='line_1_24' title="bbox 491 2226 2075 2298; baseline 0.003 -19"><span class='ocrx_word' id='word_1_161' title='bbox 491 2235 750 2296; x_wconf 66' lang='lat' dir='ltr'><strong>praeterea</strong></span> <span class='ocrx_word' id='word_1_162' title='bbox 782 2242 907 2282; x_wconf 90' lang='lat' dir='ltr'><strong>cum</strong></span> <span class='ocrx_word' id='word_1_163' title='bbox 951 2226 1006 2281; x_wconf 89' lang='lat' dir='ltr'><strong>in</strong></span> <span class='ocrx_word' id='word_1_164' title='bbox 1036 2230 1467 2298; x_wconf 72' lang='lat' dir='ltr'><strong>praecedentibus</strong></span> <span class='ocrx_word' id='word_1_165' title='bbox 1504 2228 1780 2293; x_wconf 90' lang='lat' dir='ltr'><strong>admonet,</strong></span> <span class='ocrx_word' id='word_1_166' title='bbox 1821 2239 1883 2283; x_wconf 91' lang='lat' dir='ltr'><strong>ut</strong></span> <span class='ocrx_word' id='word_1_167' title='bbox 1921 2246 1987 2285; x_wconf 85' lang='lat' dir='ltr'><strong>ne</strong></span> <span class='ocrx_word' id='word_1_168' title='bbox 2016 2245 2075 2283; x_wconf 91' lang='lat' dir='ltr'><strong>se</strong></span> 
     </span>
    </p>
   </div>
   <div class='ocr_carea' id='block_1_25' title="bbox 491 2320 2075 2391">
    <p class='ocr_par' dir='ltr' id='par_1_25' title="bbox 491 2320 2075 2391">
     <span class='ocr_line' id='line_1_25' title="bbox 491 2320 2075 2391; baseline 0.001 -16"><span class='ocrx_word' id='word_1_169' title='bbox 491 2320 727 2376; x_wconf 81' lang='lat' dir='ltr'><strong>invicem</strong></span> <span class='ocrx_word' id='word_1_170' title='bbox 757 2324 1145 2389; x_wconf 79' lang='lat' dir='ltr'><strong>condemnem,</strong></span> <span class='ocrx_word' id='word_1_171' title='bbox 1176 2332 1232 2377; x_wconf 91' lang='lat' dir='ltr'><strong>ut</strong></span> <span class='ocrx_word' id='word_1_172' title='bbox 1257 2324 1558 2379; x_wconf 82' lang='lat' dir='ltr'><strong>divisiones</strong></span> <span class='ocrx_word' id='word_1_173' title='bbox 1581 2324 1875 2390; x_wconf 84' lang='lat' dir='ltr'><strong>declinent,</strong></span> <span class='ocrx_word' id='word_1_174' title='bbox 1910 2331 2075 2391; x_wconf 84' lang='lat' dir='ltr'><strong>atque</strong></span> 
     </span>
    </p>
   </div>
   <div class='ocr_carea' id='block_1_26' title="bbox 489 2414 2072 2487">
    <p class='ocr_par' dir='ltr' id='par_1_26' title="bbox 489 2414 2072 2487">
     <span class='ocr_line' id='line_1_26' title="bbox 489 2414 2072 2487; baseline 0 -19"><span class='ocrx_word' id='word_1_175' title='bbox 489 2414 773 2469; x_wconf 73' lang='lat' dir='ltr'><strong>scandala.</strong></span> <span class='ocrx_word' id='word_1_176' title='bbox 814 2414 1055 2470; x_wconf 86' lang='lat' dir='ltr'><strong>Plurima</strong></span> <span class='ocrx_word' id='word_1_177' title='bbox 1095 2415 1259 2486; x_wconf 83' lang='lat' dir='ltr'><strong>hujus</strong></span> <span class='ocrx_word' id='word_1_178' title='bbox 1292 2417 1510 2487; x_wconf 78' lang='lat' dir='ltr'><strong>generis</strong></span> <span class='ocrx_word' id='word_1_179' title='bbox 1542 2431 1637 2486; x_wconf 88' lang='lat' dir='ltr'><strong>per</strong></span> <span class='ocrx_word' id='word_1_180' title='bbox 1684 2424 1855 2470; x_wconf 85' lang='lat' dir='ltr'><strong>totam</strong></span> <span class='ocrx_word' id='word_1_181' title='bbox 1911 2430 2072 2485; x_wconf 79' lang='lat' dir='ltr'><strong>spor--</strong></span> 
     </span>
    </p>
   </div>
   <div class='ocr_carea' id='block_1_27' title="bbox 489 2508 2074 2577">
    <p class='ocr_par' dir='ltr' id='par_1_27' title="bbox 489 2508 2074 2577">
     <span class='ocr_line' id='line_1_27' title="bbox 489 2508 2074 2577; baseline 0.001 -16"><span class='ocrx_word' id='word_1_182' title='bbox 489 2508 593 2561; x_wconf 82' lang='lat' dir='ltr'><strong>sim</strong></span> <span class='ocrx_word' id='word_1_183' title='bbox 624 2508 908 2577; x_wconf 88' lang='lat' dir='ltr'><strong>epistolam</strong></span> <span class='ocrx_word' id='word_1_184' title='bbox 965 2525 1189 2564; x_wconf 89' lang='lat' dir='ltr'><strong>cernere</strong></span> <span class='ocrx_word' id='word_1_185' title='bbox 1237 2510 1384 2573; x_wconf 84' lang='lat' dir='ltr'><strong>licet.</strong></span> <span class='ocrx_word' id='word_1_186' title='bbox 1419 2512 1563 2565; x_wconf 90' lang='lat' dir='ltr'><strong>unde</strong></span> <span class='ocrx_word' id='word_1_187' title='bbox 1609 2519 1947 2564; x_wconf 86' lang='lat' dir='ltr'><strong>monstratur</strong></span> <span class='ocrx_word' id='word_1_188' title='bbox 1978 2523 2074 2563; x_wconf 91' lang='lat' dir='ltr'><strong>eo-</strong></span> 
     </span>
    </p>
   </div>
   <div class='ocr_carea' id='block_1_28' title="bbox 490 2598 2073 2671">
    <p class='ocr_par' dir='ltr' id='par_1_28' title="bbox 490 2598 2073 2671">
     <span class='ocr_line' id='line_1_28' title="bbox 490 2598 2073 2671; baseline 0.001 -20"><span class='ocrx_word' id='word_1_189' title='bbox 490 2614 611 2651; x_wconf 89' lang='lat' dir='ltr'><strong>rum</strong></span> <span class='ocrx_word' id='word_1_190' title='bbox 643 2598 985 2669; x_wconf 83' lang='lat' dir='ltr'><strong>impei-l‘ectio</strong></span> <span class='ocrx_word' id='word_1_191' title='bbox 1034 2610 1090 2653; x_wconf 76' lang='lat' dir='ltr'><strong>el</strong></span> <span class='ocrx_word' id='word_1_192' title='bbox 1138 2614 1343 2671; x_wconf 86' lang='lat' dir='ltr'><strong>nupera</strong></span> <span class='ocrx_word' id='word_1_193' title='bbox 1377 2601 1803 2671; x_wconf 81' lang='lat' dir='ltr'><strong>compaginatio.</strong></span> <span class='ocrx_word' id='word_1_194' title='bbox 1850 2599 1927 2655; x_wconf 86' lang='lat' dir='ltr'><strong>ita</strong></span> <span class='ocrx_word' id='word_1_195' title='bbox 1962 2614 2073 2653; x_wconf 91' lang='lat' dir='ltr'><strong>non</strong></span> 
     </span>
    </p>
   </div>
   <div class='ocr_carea' id='block_1_29' title="bbox 489 2691 2075 2764">
    <p class='ocr_par' dir='ltr' id='par_1_29' title="bbox 489 2691 2075 2764">
     <span class='ocr_line' id='line_1_29' title="bbox 489 2691 2075 2764; baseline 0.003 -22"><span class='ocrx_word' id='word_1_196' title='bbox 489 2691 721 2753; x_wconf 81' lang='lat' dir='ltr'><strong>abludit.</strong></span> <span class='ocrx_word' id='word_1_197' title='bbox 753 2701 811 2745; x_wconf 93' lang='lat' dir='ltr'><strong>ut</strong></span> <span class='ocrx_word' id='word_1_198' title='bbox 851 2692 974 2745; x_wconf 92' lang='lat' dir='ltr'><strong>licet</strong></span> <span class='ocrx_word' id='word_1_199' title='bbox 1007 2708 1197 2745; x_wconf 90' lang='lat' dir='ltr'><strong>eorum</strong></span> <span class='ocrx_word' id='word_1_200' title='bbox 1240 2694 1374 2748; x_wconf 84' lang='lat' dir='ltr'><strong>lides</strong></span> <span class='ocrx_word' id='word_1_201' title='bbox 1403 2693 1835 2764; x_wconf 66' lang='lat' dir='ltr'><strong>deprmdicctur,</strong></span> <span class='ocrx_word' id='word_1_202' title='bbox 1886 2691 2075 2746; x_wconf 91' lang='lat' dir='ltr'><strong>multi-</strong></span> 
     </span>
    </p>
   </div>
   <div class='ocr_carea' id='block_1_30' title="bbox 490 2781 2074 2855">
    <p class='ocr_par' dir='ltr' id='par_1_30' title="bbox 490 2781 2074 2855">
     <span class='ocr_line' id='line_1_30' title="bbox 490 2781 2074 2855; baseline 0.003 -21"><span class='ocrx_word' id='word_1_203' title='bbox 490 2781 616 2852; x_wconf 82' lang='lat' dir='ltr'><strong>plici</strong></span> <span class='ocrx_word' id='word_1_204' title='bbox 651 2790 831 2836; x_wconf 88' lang='lat' dir='ltr'><strong>tamen</strong></span> <span class='ocrx_word' id='word_1_205' title='bbox 877 2797 1016 2853; x_wconf 83' lang='lat' dir='ltr'><strong>Opus</strong></span> <span class='ocrx_word' id='word_1_206' title='bbox 1050 2783 1298 2838; x_wconf 87' lang='lat' dir='ltr'><strong>subsidio</strong></span> <span class='ocrx_word' id='word_1_207' title='bbox 1326 2784 1563 2838; x_wconf 82' lang='lat' dir='ltr'><strong>habeant</strong></span> <span class='ocrx_word' id='word_1_208' title='bbox 1601 2800 1631 2838; x_wconf 90' lang='lat' dir='ltr'><strong>a</strong></span> <span class='ocrx_word' id='word_1_209' title='bbox 1673 2784 1842 2839; x_wconf 87' lang='lat' dir='ltr'><strong>Paulo</strong></span> <span class='ocrx_word' id='word_1_210' title='bbox 1873 2783 2074 2855; x_wconf 75' lang='lat' dir='ltr'><strong>(verbis</strong></span> 
     </span>
    </p>
   </div>
   <div class='ocr_carea' id='block_1_31' title="bbox 490 2872 2067 2945">
    <p class='ocr_par' dir='ltr' id='par_1_31' title="bbox 490 2872 2067 2945">
     <span class='ocr_line' id='line_1_31' title="bbox 490 2872 2067 2945; baseline 0.003 -20"><span class='ocrx_word' id='word_1_211' title='bbox 490 2881 553 2925; x_wconf 86' lang='lat' dir='ltr'><strong>ut</strong></span> <span class='ocrx_word' id='word_1_212' title='bbox 596 2872 775 2925; x_wconf 80' lang='lat' dir='ltr'><strong>dicant</strong></span> <span class='ocrx_word' id='word_1_213' title='bbox 818 2872 1013 2943; x_wconf 84' lang='lat' dir='ltr'><strong>ipsius)</strong></span> <span class='ocrx_word' id='word_1_214' title='bbox 1048 2886 1066 2925; x_wconf 77' lang='grc' dir='ltr'>ι</span> <span class='ocrx_word' id='word_1_215' title='bbox 1100 2873 1387 2945; x_wconf 79' lang='lat' dir='ltr'><strong>irrigantli,</strong></span> <span class='ocrx_word' id='word_1_216' title='bbox 1422 2884 1479 2929; x_wconf 92' lang='grc' dir='ltr'><strong>ιιι</strong></span> <span class='ocrx_word' id='word_1_217' title='bbox 1533 2875 1768 2930; x_wconf 80' lang='lat' dir='ltr'><strong>fructum</strong></span> <span class='ocrx_word' id='word_1_218' title='bbox 1811 2876 2006 2931; x_wconf 81' lang='lat' dir='ltr'><strong>ferant.</strong></span> <span class='ocrx_word' id='word_1_219' title='bbox 2049 2894 2067 2929; x_wconf 81' lang='grc'>›</span> 
     </span>
    </p>
   </div>
   <div class='ocr_carea' id='block_1_32' title="bbox 490 2957 2073 3041">
    <p class='ocr_par' dir='ltr' id='par_1_32' title="bbox 490 2957 2073 3041">
     <span class='ocr_line' id='line_1_32' title="bbox 490 2957 2073 3041; baseline 0.004 -23"><span class='ocrx_word' id='word_1_220' title='bbox 490 2957 708 3020; x_wconf 62' lang='lat' dir='ltr'><strong>Vide-sis</strong></span> <span class='ocrx_word' id='word_1_221' title='bbox 733 2975 915 3019; x_wconf 90' lang='lat' dir='ltr'><strong>autem</strong></span> <span class='ocrx_word' id='word_1_222' title='bbox 950 2976 1008 3022; x_wconf 87' lang='lat' dir='ltr'><strong>ut</strong></span> <span class='ocrx_word' id='word_1_223' title='bbox 1046 2967 1216 3030; x_wconf 80' lang='lat' dir='ltr'><strong>dicat,</strong></span> <span class='ocrx_word' id='word_1_224' title='bbox 1258 2988 1274 3020; x_wconf 81' lang='grc' dir='ltr'>ι</span> <span class='ocrx_word' id='word_1_225' title='bbox 1316 2968 1383 3023; x_wconf 90' lang='lat' dir='ltr'><strong>Ut</strong></span> <span class='ocrx_word' id='word_1_226' title='bbox 1410 2969 1642 3024; x_wconf 77' lang='lat' dir='ltr'><strong>fructum</strong></span> <span class='ocrx_word' id='word_1_227' title='bbox 1678 2972 1913 3041; x_wconf 88' lang='lat' dir='ltr'><strong>aliquem</strong></span> <span class='ocrx_word' id='word_1_228' title='bbox 1946 2986 2073 3041; x_wconf 85' lang='lat' dir='ltr'><strong>per—</strong></span> 
     </span>
    </p>
   </div>
   <div class='ocr_carea' id='block_1_33' title="bbox 489 3057 2072 3131">
    <p class='ocr_par' dir='ltr' id='par_1_33' title="bbox 489 3057 2072 3131">
     <span class='ocr_line' id='line_1_33' title="bbox 489 3057 2072 3131; baseline 0.003 -19"><span class='ocrx_word' id='word_1_229' title='bbox 489 3057 687 3127; x_wconf 81' lang='lat' dir='ltr'><strong>cipiant</strong></span> <span class='ocrx_word' id='word_1_230' title='bbox 740 3068 794 3112; x_wconf 81' lang='lat' dir='ltr'><strong>et</strong></span> <span class='ocrx_word' id='word_1_231' title='bbox 844 3073 873 3111; x_wconf 89' lang='lat' dir='ltr'><strong>a</strong></span> <span class='ocrx_word' id='word_1_232' title='bbox 910 3058 1082 3113; x_wconf 76' lang='lat' dir='ltr'><strong>vobis.</strong></span> <span class='ocrx_word' id='word_1_233' title='bbox 1126 3069 1143 3111; x_wconf 66' lang='grc' dir='ltr'><strong>ι</strong></span> <span class='ocrx_word' id='word_1_234' title='bbox 1194 3059 1360 3114; x_wconf 81' lang='lat' dir='ltr'><strong>Docet</strong></span> <span class='ocrx_word' id='word_1_235' title='bbox 1400 3062 1547 3131; x_wconf 89' lang='lat' dir='ltr'><strong>quod</strong></span> <span class='ocrx_word' id='word_1_236' title='bbox 1589 3061 1805 3116; x_wconf 89' lang='lat' dir='ltr'><strong>illorum</strong></span> <span class='ocrx_word' id='word_1_237' title='bbox 1860 3062 2072 3117; x_wconf 82' lang='lat' dir='ltr'><strong>fructus</strong></span> 
     </span>
    </p>
   </div>
   <div class='ocr_carea' id='block_1_34' title="bbox 487 3147 2143 3241">
    <p class='ocr_par' dir='ltr' id='par_1_34' title="bbox 487 3147 2143 3241">
     <span class='ocr_line' id='line_1_34' title="bbox 487 3147 2143 3241; baseline 0.001 -37"><span class='ocrx_word' id='word_1_238' title='bbox 487 3147 643 3205; x_wconf 86' lang='lat' dir='ltr'><strong>Pauli</strong></span> <span class='ocrx_word' id='word_1_239' title='bbox 679 3152 932 3221; x_wconf 86' lang='lat' dir='ltr'><strong>proprius</strong></span> <span class='ocrx_word' id='word_1_240' title='bbox 954 3152 1165 3207; x_wconf 81' lang='lat' dir='ltr'><strong>fructus</strong></span> <span class='ocrx_word' id='word_1_241' title='bbox 1189 3155 1236 3207; x_wconf 93' lang='lat' dir='ltr'><strong>ei</strong></span> <span class='ocrx_word' id='word_1_242' title='bbox 1264 3154 1641 3223; x_wconf 85' lang='lat' dir='ltr'><strong>reputabatur,</strong></span> <span class='ocrx_word' id='word_1_243' title='bbox 1665 3163 1721 3209; x_wconf 93' lang='lat' dir='ltr'><strong>et</strong></span> <span class='ocrx_word' id='word_1_244' title='bbox 1748 3154 1894 3224; x_wconf 90' lang='lat' dir='ltr'><strong>quod</strong></span> <span class='ocrx_word' id='word_1_245' title='bbox 1926 3154 2069 3209; x_wconf 87' lang='lat' dir='ltr'><strong>haud</strong></span> <span class='ocrx_word' id='word_1_246' title='bbox 2099 3181 2143 3241; x_wconf 68' lang='grc' dir='ltr'>ο</span> 
     </span>
    </p>
   </div>
   <div class='ocr_carea' id='block_1_35' title="bbox 488 3245 2074 3318">
    <p class='ocr_par' dir='ltr' id='par_1_35' title="bbox 488 3245 2074 3318">
     <span class='ocr_line' id='line_1_35' title="bbox 488 3245 2074 3318; baseline 0.002 -20"><span class='ocrx_word' id='word_1_247' title='bbox 488 3245 645 3298; x_wconf 84' lang='lat' dir='ltr'><strong>aliter</strong></span> <span class='ocrx_word' id='word_1_248' title='bbox 679 3245 744 3299; x_wconf 90' lang='lat' dir='ltr'><strong>de</strong></span> <span class='ocrx_word' id='word_1_249' title='bbox 775 3246 1080 3299; x_wconf 81' lang='lat' dir='ltr'><strong>vicinorum</strong></span> <span class='ocrx_word' id='word_1_250' title='bbox 1124 3246 1433 3303; x_wconf 80' lang='lat' dir='ltr'><strong>rectcfactis</strong></span> <span class='ocrx_word' id='word_1_251' title='bbox 1474 3254 1753 3318; x_wconf 79' lang='lat' dir='ltr'><strong>gauderet,</strong></span> <span class='ocrx_word' id='word_1_252' title='bbox 1804 3264 1969 3317; x_wconf 87' lang='lat' dir='ltr'><strong>quam</strong></span> <span class='ocrx_word' id='word_1_253' title='bbox 2008 3250 2074 3301; x_wconf 88' lang='lat' dir='ltr'><strong>de</strong></span> 
     </span>
    </p>
   </div>
   <div class='ocr_carea' id='block_1_36' title="bbox 488 3336 2072 3410">
    <p class='ocr_par' dir='ltr' id='par_1_36' title="bbox 488 3336 2072 3410">
     <span class='ocr_line' id='line_1_36' title="bbox 488 3336 2072 3410; baseline 0.001 -21"><span class='ocrx_word' id='word_1_254' title='bbox 488 3336 725 3407; x_wconf 79' lang='lat' dir='ltr'><strong>propriis</strong></span> <span class='ocrx_word' id='word_1_255' title='bbox 781 3338 1075 3391; x_wconf 62' lang='lat' dir='ltr'><strong>laetaretur.</strong></span> <span class='ocrx_word' id='word_1_256' title='bbox 1139 3336 1425 3404; x_wconf 81' lang='lat' dir='ltr'><strong>Fructum,</strong></span> <span class='ocrx_word' id='word_1_257' title='bbox 1489 3356 1651 3410; x_wconf 85' lang='lat' dir='ltr'><strong>quem</strong></span> <span class='ocrx_word' id='word_1_258' title='bbox 1716 3338 1923 3393; x_wconf 78' lang='lat' dir='ltr'><strong>ferrent</strong></span> <span class='ocrx_word' id='word_1_259' title='bbox 1973 3339 2072 3403; x_wconf 90' lang='lat' dir='ltr'><strong>illi,</strong></span> 
     </span>
    </p>
   </div>
   <div class='ocr_carea' id='block_1_37' title="bbox 489 3430 2073 3501">
    <p class='ocr_par' dir='ltr' id='par_1_37' title="bbox 489 3430 2073 3501">
     <span class='ocr_line' id='line_1_37' title="bbox 489 3430 2073 3501; baseline -0.003 -13"><span class='ocrx_word' id='word_1_260' title='bbox 489 3449 651 3488; x_wconf 88' lang='lat' dir='ltr'><strong>suum</strong></span> <span class='ocrx_word' id='word_1_261' title='bbox 686 3433 923 3486; x_wconf 87' lang='lat' dir='ltr'><strong>l&#39;ructum</strong></span> <span class='ocrx_word' id='word_1_262' title='bbox 958 3430 1235 3501; x_wconf 88' lang='lat' dir='ltr'><strong>proprium</strong></span> <span class='ocrx_word' id='word_1_263' title='bbox 1273 3433 1457 3499; x_wconf 88' lang='lat' dir='ltr'><strong>ducit;</strong></span> <span class='ocrx_word' id='word_1_264' title='bbox 1498 3432 1663 3501; x_wconf 82' lang='lat' dir='ltr'><strong>idque</strong></span> <span class='ocrx_word' id='word_1_265' title='bbox 1693 3432 1828 3493; x_wconf 79' lang='lat' dir='ltr'><strong>vult,</strong></span> <span class='ocrx_word' id='word_1_266' title='bbox 1862 3439 1918 3484; x_wconf 89' lang='lat' dir='ltr'><strong>ut</strong></span> <span class='ocrx_word' id='word_1_267' title='bbox 1954 3430 2073 3484; x_wconf 81' lang='lat' dir='ltr'><strong>fru-</strong></span> 
     </span>
    </p>
   </div>
   <div class='ocr_carea' id='block_1_38' title="bbox 489 3523 2073 3592">
    <p class='ocr_par' dir='ltr' id='par_1_38' title="bbox 489 3523 2073 3592">
     <span class='ocr_line' id='line_1_38' title="bbox 489 3523 2073 3592; baseline -0.002 -13"><span class='ocrx_word' id='word_1_268' title='bbox 489 3534 639 3579; x_wconf 85' lang='lat' dir='ltr'><strong>ctum</strong></span> <span class='ocrx_word' id='word_1_269' title='bbox 669 3523 985 3592; x_wconf 87' lang='lat' dir='ltr'><strong>percipiam.</strong></span> <span class='ocrx_word' id='word_1_270' title='bbox 1031 3523 1154 3589; x_wconf 87' lang='lat' dir='ltr'><strong>Quo</strong></span> <span class='ocrx_word' id='word_1_271' title='bbox 1205 3525 1353 3578; x_wconf 90' lang='lat' dir='ltr'><strong>dicto</strong></span> <span class='ocrx_word' id='word_1_272' title='bbox 1409 3525 1629 3578; x_wconf 87' lang='lat' dir='ltr'><strong>demum</strong></span> <span class='ocrx_word' id='word_1_273' title='bbox 1680 3533 1735 3578; x_wconf 93' lang='lat' dir='ltr'><strong>et</strong></span> <span class='ocrx_word' id='word_1_274' title='bbox 1768 3524 1898 3578; x_wconf 90' lang='lat' dir='ltr'><strong>illud</strong></span> <span class='ocrx_word' id='word_1_275' title='bbox 1936 3524 2073 3577; x_wconf 88' lang='lat' dir='ltr'><strong>insi-</strong></span> 
     </span>
    </p>
   </div>
   <div class='ocr_carea' id='block_1_39' title="bbox 490 3615 2075 3685">
    <p class='ocr_par' dir='ltr' id='par_1_39' title="bbox 490 3615 2075 3685">
     <span class='ocr_line' id='line_1_39' title="bbox 490 3615 2075 3685; baseline -0.001 -16"><span class='ocrx_word' id='word_1_276' title='bbox 490 3622 647 3679; x_wconf 78' lang='lat' dir='ltr'><strong>nuat,</strong></span> <span class='ocrx_word' id='word_1_277' title='bbox 689 3615 970 3669; x_wconf 69' lang='lat' dir='ltr'><strong>distulisse</strong></span> <span class='ocrx_word' id='word_1_278' title='bbox 1006 3631 1065 3669; x_wconf 88' lang='lat' dir='ltr'><strong>se</strong></span> <span class='ocrx_word' id='word_1_279' title='bbox 1109 3616 1232 3668; x_wconf 87' lang='lat' dir='ltr'><strong>ideo</strong></span> <span class='ocrx_word' id='word_1_280' title='bbox 1263 3615 1656 3685; x_wconf 79' lang='lat' dir='ltr'><strong>profectionem</strong></span> <span class='ocrx_word' id='word_1_281' title='bbox 1688 3616 1755 3669; x_wconf 86' lang='lat' dir='ltr'><strong>ad</strong></span> <span class='ocrx_word' id='word_1_282' title='bbox 1797 3615 1964 3683; x_wconf 84' lang='lat' dir='ltr'><strong>ipsos,</strong></span> <span class='ocrx_word' id='word_1_283' title='bbox 2014 3624 2075 3669; x_wconf 91' lang='lat' dir='ltr'><strong>ut</strong></span> 
     </span>
    </p>
   </div>
   <div class='ocr_carea' id='block_1_40' title="bbox 490 3706 2071 3776">
    <p class='ocr_par' dir='ltr' id='par_1_40' title="bbox 490 3706 2071 3776">
     <span class='ocr_line' id='line_1_40' title="bbox 490 3706 2071 3776; baseline 0.001 -18"><span class='ocrx_word' id='word_1_284' title='bbox 490 3706 796 3759; x_wconf 86' lang='lat' dir='ltr'><strong>commodis</strong></span> <span class='ocrx_word' id='word_1_285' title='bbox 859 3707 1101 3774; x_wconf 87' lang='lat' dir='ltr'><strong>ipsorum</strong></span> <span class='ocrx_word' id='word_1_286' title='bbox 1162 3708 1498 3760; x_wconf 85' lang='lat' dir='ltr'><strong>consuleret.</strong></span> <span class='ocrx_word' id='word_1_287' title='bbox 1561 3707 1817 3776; x_wconf 84' lang='lat' dir='ltr'><strong>Alioquin</strong></span> <span class='ocrx_word' id='word_1_288' title='bbox 1889 3717 2071 3761; x_wconf 87' lang='lat' dir='ltr'><strong>autem</strong></span> 
     </span>
    </p>
   </div>
   <div class='ocr_carea' id='block_1_41' title="bbox 490 3793 2074 3863">
    <p class='ocr_par' dir='ltr' id='par_1_41' title="bbox 490 3793 2074 3863">
     <span class='ocr_line' id='line_1_41' title="bbox 490 3793 2074 3863; baseline -0.002 -13"><span class='ocrx_word' id='word_1_289' title='bbox 490 3793 643 3850; x_wconf 81' lang='lat' dir='ltr'><strong>Pauli</strong></span> <span class='ocrx_word' id='word_1_290' title='bbox 678 3794 914 3858; x_wconf 80' lang='lat' dir='ltr'><strong>fructus,</strong></span> <span class='ocrx_word' id='word_1_291' title='bbox 948 3796 995 3849; x_wconf 90' lang='lat' dir='ltr'><strong>si</strong></span> <span class='ocrx_word' id='word_1_292' title='bbox 1028 3794 1153 3863; x_wconf 90' lang='lat' dir='ltr'><strong>quis</strong></span> <span class='ocrx_word' id='word_1_293' title='bbox 1192 3808 1450 3850; x_wconf 88' lang='lat' dir='ltr'><strong>accurate</strong></span> <span class='ocrx_word' id='word_1_294' title='bbox 1487 3797 1942 3861; x_wconf 86' lang='lat' dir='ltr'><strong>consideraverit,</strong></span> <span class='ocrx_word' id='word_1_295' title='bbox 1989 3812 2074 3849; x_wconf 85' lang='lat' dir='ltr'><strong>re—</strong></span> 
     </span>
    </p>
   </div>
   <div class='ocr_carea' id='block_1_42' title="bbox 489 3887 2070 3961">
    <p class='ocr_par' dir='ltr' id='par_1_42' title="bbox 489 3887 2070 3961">
     <span class='ocr_line' id='line_1_42' title="bbox 489 3887 2070 3961; baseline 0.001 -20"><span class='ocrx_word' id='word_1_296' title='bbox 489 3892 618 3941; x_wconf 68' lang='lat' dir='ltr'><strong>Vera</strong></span> <span class='ocrx_word' id='word_1_297' title='bbox 648 3895 732 3942; x_wconf 87' lang='lat' dir='ltr'><strong>est</strong></span> <span class='ocrx_word' id='word_1_298' title='bbox 757 3888 972 3942; x_wconf 88' lang='lat' dir='ltr'><strong>illorum</strong></span> <span class='ocrx_word' id='word_1_299' title='bbox 1010 3887 1246 3943; x_wconf 80' lang='lat' dir='ltr'><strong>fructus.</strong></span> <span class='ocrx_word' id='word_1_300' title='bbox 1274 3889 1420 3944; x_wconf 86' lang='lat' dir='ltr'><strong>illius</strong></span> <span class='ocrx_word' id='word_1_301' title='bbox 1442 3890 1586 3944; x_wconf 89' lang='lat' dir='ltr'><strong>enim</strong></span> <span class='ocrx_word' id='word_1_302' title='bbox 1614 3905 1774 3961; x_wconf 90' lang='lat' dir='ltr'><strong>opus,</strong></span> <span class='ocrx_word' id='word_1_303' title='bbox 1806 3889 2070 3954; x_wconf 91' lang='lat' dir='ltr'><strong>studium,</strong></span> 
     </span>
    </p>
   </div>
   <div class='ocr_carea' id='block_1_43' title="bbox 489 3980 2072 4050">
    <p class='ocr_par' dir='ltr' id='par_1_43' title="bbox 489 3980 2072 4050">
     <span class='ocr_line' id='line_1_43' title="bbox 489 3980 2072 4050; baseline 0.004 -19"><span class='ocrx_word' id='word_1_304' title='bbox 489 3980 835 4050; x_wconf 81' lang='lat' dir='ltr'><strong>agricolatio,</strong></span> <span class='ocrx_word' id='word_1_305' title='bbox 863 3991 977 4035; x_wconf 83' lang='lat' dir='ltr'><strong>erat</strong></span> <span class='ocrx_word' id='word_1_306' title='bbox 1009 3981 1293 4035; x_wconf 70' lang='lat' dir='ltr'><strong>ltoinluUm</strong></span> <span class='ocrx_word' id='word_1_307' title='bbox 1327 3982 1503 4047; x_wconf 77' lang='lat' dir='ltr'><strong>saltis,</strong></span> <span class='ocrx_word' id='word_1_308' title='bbox 1543 3992 1593 4036; x_wconf 82' lang='lat' dir='ltr'><strong>et</strong></span> <span class='ocrx_word' id='word_1_309' title='bbox 1621 3991 1681 4036; x_wconf 95' lang='lat' dir='ltr'><strong>ut</strong></span> <span class='ocrx_word' id='word_1_310' title='bbox 1706 3981 1942 4037; x_wconf 78' lang='lat' dir='ltr'><strong>fructum</strong></span> <span class='ocrx_word' id='word_1_311' title='bbox 1975 3998 2072 4037; x_wconf 87' lang='lat' dir='ltr'><strong>eos</strong></span> 
     </span>
    </p>
   </div>
   <div class='ocr_carea' id='block_1_44' title="bbox 488 4067 2072 4145">
    <p class='ocr_par' dir='ltr' id='par_1_44' title="bbox 488 4067 2072 4145">
     <span class='ocr_line' id='line_1_44' title="bbox 488 4067 2072 4145; baseline 0.001 -21"><span class='ocrx_word' id='word_1_312' title='bbox 488 4069 726 4126; x_wconf 77' lang='lat' dir='ltr'><strong>ferentes</strong></span> <span class='ocrx_word' id='word_1_313' title='bbox 761 4067 1009 4127; x_wconf 90' lang='lat' dir='ltr'><strong>redderet</strong></span> <span class='ocrx_word' id='word_1_314' title='bbox 1040 4073 1255 4144; x_wconf 86' lang='lat' dir='ltr'><strong>pietatis</strong></span> <span class='ocrx_word' id='word_1_315' title='bbox 1285 4084 1340 4129; x_wconf 89' lang='lat' dir='ltr'><strong>et</strong></span> <span class='ocrx_word' id='word_1_316' title='bbox 1373 4074 1659 4131; x_wconf 81' lang='lat' dir='ltr'><strong>virtutum.</strong></span> <span class='ocrx_word' id='word_1_317' title='bbox 1703 4072 1918 4145; x_wconf 92' lang='lat' dir='ltr'><strong>Optime</strong></span> <span class='ocrx_word' id='word_1_318' title='bbox 1942 4089 2072 4144; x_wconf 87' lang='lat' dir='ltr'><strong>ergo</strong></span> 
     </span>
    </p>
   </div>
   <div class='ocr_carea' id='block_1_45' title="bbox 487 4159 2070 4237">
    <p class='ocr_par' dir='ltr' id='par_1_45' title="bbox 487 4159 2070 4237">
     <span class='ocr_line' id='line_1_45' title="bbox 487 4159 2070 4237; baseline -0.001 -18"><span class='ocrx_word' id='word_1_319' title='bbox 487 4159 685 4233; x_wconf 82' lang='lat' dir='ltr'><strong>inquit,</strong></span> <span class='ocrx_word' id='word_1_320' title='bbox 729 4184 747 4217; x_wconf 78' lang='grc' dir='ltr'>ι</span> <span class='ocrx_word' id='word_1_321' title='bbox 792 4163 859 4219; x_wconf 90' lang='lat' dir='ltr'><strong>Ut</strong></span> <span class='ocrx_word' id='word_1_322' title='bbox 912 4164 1152 4219; x_wconf 78' lang='lat' dir='ltr'><strong>fructum</strong></span> <span class='ocrx_word' id='word_1_323' title='bbox 1204 4165 1441 4237; x_wconf 89' lang='lat' dir='ltr'><strong>aliquem</strong></span> <span class='ocrx_word' id='word_1_324' title='bbox 1500 4165 1694 4221; x_wconf 81' lang='lat' dir='ltr'><strong>feram.</strong></span> <span class='ocrx_word' id='word_1_325' title='bbox 1736 4184 1754 4219; x_wconf 76' lang='grc' dir='ltr'>ι</span> <span class='ocrx_word' id='word_1_326' title='bbox 1806 4164 2070 4229; x_wconf 83' lang='lat' dir='ltr'><strong>Breviter,</strong></span> 
     </span>
    </p>
   </div>
   <div class='ocr_carea' id='block_1_46' title="bbox 489 4256 2070 4325">
    <p class='ocr_par' dir='ltr' id='par_1_46' title="bbox 489 4256 2070 4325">
     <span class='ocr_line' id='line_1_46' title="bbox 489 4256 2070 4325; baseline 0.003 -19"><span class='ocrx_word' id='word_1_327' title='bbox 489 4264 780 4324; x_wconf 71' lang='lat' dir='ltr'><strong>utiumque</strong></span> <span class='ocrx_word' id='word_1_328' title='bbox 832 4256 1153 4324; x_wconf 79' lang='lat' dir='ltr'><strong>perfectum,</strong></span> <span class='ocrx_word' id='word_1_329' title='bbox 1210 4264 1265 4310; x_wconf 88' lang='lat' dir='ltr'><strong>et</strong></span> <span class='ocrx_word' id='word_1_330' title='bbox 1318 4256 1503 4311; x_wconf 81' lang='lat' dir='ltr'><strong>nativo</strong></span> <span class='ocrx_word' id='word_1_331' title='bbox 1557 4256 1741 4311; x_wconf 83' lang='lat' dir='ltr'><strong>colore</strong></span> <span class='ocrx_word' id='word_1_332' title='bbox 1805 4266 2070 4325; x_wconf 67' lang='lat' dir='ltr'><strong>praestans</strong></span> 
     </span>
    </p>
   </div>
   <div class='ocr_carea' id='block_1_47' title="bbox 488 4346 2067 4416">
    <p class='ocr_par' dir='ltr' id='par_1_47' title="bbox 488 4346 2067 4416">
     <span class='ocr_line' id='line_1_47' title="bbox 488 4346 2067 4416; baseline 0.001 -17"><span class='ocrx_word' id='word_1_333' title='bbox 488 4349 805 4401; x_wconf 87' lang='lat' dir='ltr'><strong>manilestat</strong></span> <span class='ocrx_word' id='word_1_334' title='bbox 837 4364 849 4397; x_wconf 92' lang='lat'><strong>:</strong></span> <span class='ocrx_word' id='word_1_335' title='bbox 886 4355 1105 4416; x_wconf 85' lang='lat' dir='ltr'><strong>nempe,</strong></span> <span class='ocrx_word' id='word_1_336' title='bbox 1133 4357 1280 4402; x_wconf 88' lang='lat' dir='ltr'><strong>recte</strong></span> <span class='ocrx_word' id='word_1_337' title='bbox 1304 4359 1363 4401; x_wconf 93' lang='lat' dir='ltr'><strong>ut</strong></span> <span class='ocrx_word' id='word_1_338' title='bbox 1394 4347 1470 4401; x_wconf 90' lang='lat' dir='ltr'><strong>illi</strong></span> <span class='ocrx_word' id='word_1_339' title='bbox 1502 4346 1659 4402; x_wconf 81' lang='lat' dir='ltr'><strong>factis</strong></span> <span class='ocrx_word' id='word_1_340' title='bbox 1689 4347 1804 4402; x_wconf 90' lang='lat' dir='ltr'><strong>suis</strong></span> <span class='ocrx_word' id='word_1_341' title='bbox 1829 4346 2067 4402; x_wconf 84' lang='lat' dir='ltr'><strong>fructum</strong></span> 
     </span>
    </p>
   </div>
   <div class='ocr_carea' id='block_1_48' title="bbox 488 4438 2069 4509">
    <p class='ocr_par' dir='ltr' id='par_1_48' title="bbox 488 4438 2069 4509">
     <span class='ocr_line' id='line_1_48' title="bbox 488 4438 2069 4509; baseline -0.001 -16"><span class='ocrx_word' id='word_1_342' title='bbox 488 4439 686 4503; x_wconf 82' lang='lat' dir='ltr'><strong>ferant,</strong></span> <span class='ocrx_word' id='word_1_343' title='bbox 727 4447 781 4493; x_wconf 91' lang='lat' dir='ltr'><strong>et</strong></span> <span class='ocrx_word' id='word_1_344' title='bbox 816 4438 930 4507; x_wconf 85' lang='lat' dir='ltr'><strong>ipse</strong></span> <span class='ocrx_word' id='word_1_345' title='bbox 972 4439 1096 4493; x_wconf 82' lang='lat' dir='ltr'><strong>illos</strong></span> <span class='ocrx_word' id='word_1_346' title='bbox 1129 4455 1225 4509; x_wconf 86' lang='lat' dir='ltr'><strong>pro</strong></span> <span class='ocrx_word' id='word_1_347' title='bbox 1259 4438 1439 4495; x_wconf 80' lang='lat' dir='ltr'><strong>frttctu</strong></span> <span class='ocrx_word' id='word_1_348' title='bbox 1482 4440 1720 4494; x_wconf 88' lang='lat' dir='ltr'><strong>habeat:</strong></span> <span class='ocrx_word' id='word_1_349' title='bbox 1756 4455 1879 4493; x_wconf 89' lang='lat' dir='ltr'><strong>nam</strong></span> <span class='ocrx_word' id='word_1_350' title='bbox 1914 4439 1967 4493; x_wconf 93' lang='lat' dir='ltr'><strong>in</strong></span> <span class='ocrx_word' id='word_1_351' title='bbox 2004 4456 2069 4492; x_wconf 92' lang='lat' dir='ltr'><strong>eo</strong></span> 
     </span>
    </p>
   </div>
   <div class='ocr_carea' id='block_1_49' title="bbox 2178 570 3762 652">
    <p class='ocr_par' dir='ltr' id='par_1_49' title="bbox 2178 570 3762 652">
     <span class='ocr_line' id='line_1_49' title="bbox 2178 570 3762 652; baseline 0.009 -29"><span class='ocrx_word' id='word_1_352' title='bbox 2178 570 2275 624; x_wconf 82' lang='grc' dir='ltr'>τοῦ</span> <span class='ocrx_word' id='word_1_353' title='bbox 2301 571 2483 644; x_wconf 82' lang='grc' dir='ltr'>δεῦρο,</span> <span class='ocrx_word' id='word_1_354' title='bbox 2512 573 2599 628; x_wconf 82' lang='grc' dir='ltr'>ἵνα</span> <span class='ocrx_word' id='word_1_355' title='bbox 2627 575 2748 629; x_wconf 84' lang='grc' dir='ltr'>τινὰ</span> <span class='ocrx_word' id='word_1_356' title='bbox 2773 578 2986 646; x_wconf 75' lang='grc' dir='ltr'>καρπὸν</span> <span class='ocrx_word' id='word_1_357' title='bbox 3008 579 3158 649; x_wconf 59' lang='grc' dir='ltr'>ισχῶ,</span> <span class='ocrx_word' id='word_1_358' title='bbox 3186 598 3204 631; x_wconf 75' lang='grc' dir='ltr'>ι</span> <span class='ocrx_word' id='word_1_359' title='bbox 3252 572 3344 633; x_wconf 67' lang='grc' dir='ltr'>καὶ</span> <span class='ocrx_word' id='word_1_360' title='bbox 3376 580 3521 652; x_wconf 79' lang='grc' dir='ltr'>ἑξῆς.</span> <span class='ocrx_word' id='word_1_361' title='bbox 3587 581 3762 637; x_wconf 81' lang='grc' dir='ltr'>Τοῦτὸ</span> 
     </span>
    </p>
   </div>
   <div class='ocr_carea' id='block_1_50' title="bbox 2176 660 3756 745">
    <p class='ocr_par' dir='ltr' id='par_1_50' title="bbox 2176 660 3756 745">
     <span class='ocr_line' id='line_1_50' title="bbox 2176 660 3756 745; baseline 0.007 -27"><span class='ocrx_word' id='word_1_362' title='bbox 2176 663 2241 734; x_wconf 73' lang='grc' dir='ltr'><strong>δὴ</strong></span> <span class='ocrx_word' id='word_1_363' title='bbox 2270 663 2331 718; x_wconf 84' lang='grc' dir='ltr'><strong>τὸ</strong></span> <span class='ocrx_word' id='word_1_364' title='bbox 2352 667 2553 739; x_wconf 81' lang='grc' dir='ltr'>χωρίον</span> <span class='ocrx_word' id='word_1_365' title='bbox 2583 660 2644 720; x_wconf 79' lang='grc' dir='ltr'>οὗ</span> <span class='ocrx_word' id='word_1_366' title='bbox 2674 668 2773 739; x_wconf 76' lang='grc' dir='ltr'><strong>τὴν</strong></span> <span class='ocrx_word' id='word_1_367' title='bbox 2796 670 3037 725; x_wconf 84' lang='grc' dir='ltr'>διάνοιαν</span> <span class='ocrx_word' id='word_1_368' title='bbox 3059 660 3360 742; x_wconf 80' lang='grc' dir='ltr'>ἁναμαθεῖν</span> <span class='ocrx_word' id='word_1_369' title='bbox 3386 673 3756 745; x_wconf 75' lang='grc' dir='ltr'>ἐπεζήτησας,</span> 
     </span>
    </p>
   </div>
   <div class='ocr_carea' id='block_1_51' title="bbox 2177 747 3761 840">
    <p class='ocr_par' dir='ltr' id='par_1_51' title="bbox 2177 747 3761 840">
     <span class='ocr_line' id='line_1_51' title="bbox 2177 747 3761 840; baseline 0.006 -28"><span class='ocrx_word' id='word_1_370' title='bbox 2177 759 2296 814; x_wconf 80' lang='grc' dir='ltr'>ἐστι</span> <span class='ocrx_word' id='word_1_371' title='bbox 2329 761 2430 832; x_wconf 87' lang='grc' dir='ltr'><strong>μὲν</strong></span> <span class='ocrx_word' id='word_1_372' title='bbox 2459 761 2554 814; x_wconf 75' lang='grc' dir='ltr'>καὶ</span> <span class='ocrx_word' id='word_1_373' title='bbox 2570 761 2693 815; x_wconf 81' lang='grc' dir='ltr'>καθ’</span> <span class='ocrx_word' id='word_1_374' title='bbox 2716 763 3025 835; x_wconf 77' lang='grc' dir='ltr'>ὑπερϐατὸν</span> <span class='ocrx_word' id='word_1_375' title='bbox 3050 764 3322 830; x_wconf 76' lang='grc' dir='ltr'>ἐκλαϐεῖν,</span> <span class='ocrx_word' id='word_1_376' title='bbox 3360 747 3412 820; x_wconf 74' lang='grc' dir='ltr'><strong>ῖν</strong></span> <span class='ocrx_word' id='word_1_377' title='bbox 3529 748 3590 821; x_wconf 57' lang='grc' dir='ltr'><strong>τί)</strong></span> <span class='ocrx_word' id='word_1_378' title='bbox 3634 769 3761 821; x_wconf 74' lang='grc' dir='ltr'><strong>ἀκό-</strong></span> 
     </span>
    </p>
   </div>
   <div class='ocr_carea' id='block_1_52' title="bbox 2176 847 3759 925">
    <p class='ocr_par' dir='ltr' id='par_1_52' title="bbox 2176 847 3759 925">
     <span class='ocr_line' id='line_1_52' title="bbox 2176 847 3759 925; baseline 0.005 -20"><span class='ocrx_word' id='word_1_379' title='bbox 2176 852 2368 907; x_wconf 86' lang='grc' dir='ltr'>λουθον</span> <span class='ocrx_word' id='word_1_380' title='bbox 2401 853 2661 907; x_wconf 82' lang='grc' dir='ltr'>τοιοῦτον·</span> <span class='ocrx_word' id='word_1_381' title='bbox 2694 854 2770 907; x_wconf 84' lang='grc' dir='ltr'><strong>Οὐ</strong></span> <span class='ocrx_word' id='word_1_382' title='bbox 2801 854 2943 908; x_wconf 86' lang='grc' dir='ltr'>θέλω</span> <span class='ocrx_word' id='word_1_383' title='bbox 2969 856 3113 925; x_wconf 82' lang='grc' dir='ltr'><strong>ὑμᾶς</strong></span> <span class='ocrx_word' id='word_1_384' title='bbox 3146 858 3359 925; x_wconf 78' lang='grc' dir='ltr'>ἀγνοεῖν</span> <span class='ocrx_word' id='word_1_385' title='bbox 3383 860 3464 913; x_wconf 80' lang='grc' dir='ltr'>ὅτι</span> <span class='ocrx_word' id='word_1_386' title='bbox 3496 847 3759 923; x_wconf 74' lang='grc' dir='ltr'><strong>πολλάκις</strong></span> 
     </span>
    </p>
   </div>
   <div class='ocr_carea' id='block_1_53' title="bbox 2176 940 3757 1018">
    <p class='ocr_par' dir='ltr' id='par_1_53' title="bbox 2176 940 3757 1018">
     <span class='ocr_line' id='line_1_53' title="bbox 2176 940 3757 1018; baseline 0.005 -25"><span class='ocrx_word' id='word_1_387' title='bbox 2176 940 2497 1013; x_wconf 80' lang='grc' dir='ltr'><strong>προεθέμην</strong></span> <span class='ocrx_word' id='word_1_388' title='bbox 2533 942 2709 995; x_wconf 77' lang='grc' dir='ltr'>ἐλθεῖν</span> <span class='ocrx_word' id='word_1_389' title='bbox 2742 942 2879 1014; x_wconf 78' lang='grc' dir='ltr'>πρὸς</span> <span class='ocrx_word' id='word_1_390' title='bbox 2910 944 3073 1014; x_wconf 80' lang='grc' dir='ltr'>ὑμᾶς.</span> <span class='ocrx_word' id='word_1_391' title='bbox 3102 946 3188 999; x_wconf 78' lang='grc' dir='ltr'><strong>ἵνα</strong></span> <span class='ocrx_word' id='word_1_392' title='bbox 3220 948 3432 1016; x_wconf 85' lang='grc' dir='ltr'>καρπόν</span> <span class='ocrx_word' id='word_1_393' title='bbox 3469 965 3591 1001; x_wconf 90' lang='grc' dir='ltr'>τινα</span> <span class='ocrx_word' id='word_1_394' title='bbox 3640 949 3757 1018; x_wconf 78' lang='grc' dir='ltr'><strong>σχῶ</strong></span> 
     </span>
    </p>
   </div>
   <div class='ocr_carea' id='block_1_54' title="bbox 2177 1031 3756 1109">
    <p class='ocr_par' dir='ltr' id='par_1_54' title="bbox 2177 1031 3756 1109">
     <span class='ocr_line' id='line_1_54' title="bbox 2177 1031 3756 1109; baseline 0.005 -25"><span class='ocrx_word' id='word_1_395' title='bbox 2177 1031 2273 1084; x_wconf 76' lang='grc' dir='ltr'>καὶ</span> <span class='ocrx_word' id='word_1_396' title='bbox 2302 1032 2362 1084; x_wconf 90' lang='grc' dir='ltr'><strong>ἐν</strong></span> <span class='ocrx_word' id='word_1_397' title='bbox 2416 1033 2566 1101; x_wconf 83' lang='grc' dir='ltr'>ὑμῖν,</span> <span class='ocrx_word' id='word_1_398' title='bbox 2600 1032 2714 1085; x_wconf 86' lang='grc' dir='ltr'>ἀλλ’</span> <span class='ocrx_word' id='word_1_399' title='bbox 2748 1032 3025 1104; x_wconf 75' lang='grc' dir='ltr'><strong>ἐκωλύθην</strong></span> <span class='ocrx_word' id='word_1_400' title='bbox 3066 1035 3194 1107; x_wconf 81' lang='grc' dir='ltr'>ἄρχι</span> <span class='ocrx_word' id='word_1_401' title='bbox 3226 1036 3319 1089; x_wconf 79' lang='grc' dir='ltr'>τοῦ</span> <span class='ocrx_word' id='word_1_402' title='bbox 3347 1037 3523 1108; x_wconf 81' lang='grc' dir='ltr'>δεῦρο.</span> <span class='ocrx_word' id='word_1_403' title='bbox 3578 1039 3687 1092; x_wconf 72' lang='grc' dir='ltr'><strong>Καὶ</strong></span> <span class='ocrx_word' id='word_1_404' title='bbox 3718 1038 3756 1109; x_wconf 75' lang='grc' dir='ltr'>ἡ</span> 
     </span>
    </p>
   </div>
   <div class='ocr_carea' id='block_1_55' title="bbox 2180 1124 3756 1202">
    <p class='ocr_par' dir='ltr' id='par_1_55' title="bbox 2180 1124 3756 1202">
     <span class='ocr_line' id='line_1_55' title="bbox 2180 1124 3756 1202; baseline 0.006 -26"><span class='ocrx_word' id='word_1_405' title='bbox 2180 1124 2278 1193; x_wconf 85' lang='grc' dir='ltr'><strong>μὲν</strong></span> <span class='ocrx_word' id='word_1_406' title='bbox 2322 1124 2704 1196; x_wconf 70' lang='grc' dir='ltr'><strong>ἀπηρτισμένη</strong></span> <span class='ocrx_word' id='word_1_407' title='bbox 2756 1125 2851 1179; x_wconf 83' lang='grc' dir='ltr'>τοῦ</span> <span class='ocrx_word' id='word_1_408' title='bbox 2905 1127 3069 1197; x_wconf 78' lang='grc' dir='ltr'>ῥητοῦ</span> <span class='ocrx_word' id='word_1_409' title='bbox 3131 1129 3382 1194; x_wconf 72' lang='grc' dir='ltr'>σύνταξις</span> <span class='ocrx_word' id='word_1_410' title='bbox 3431 1130 3651 1202; x_wconf 80' lang='grc' dir='ltr'><strong>τοιαύτη</strong></span> <span class='ocrx_word' id='word_1_411' title='bbox 3688 1131 3756 1185; x_wconf 82' lang='grc' dir='ltr'>ἂν</span> 
     </span>
    </p>
   </div>
   <div class='ocr_carea' id='block_1_56' title="bbox 2176 1215 3751 1293">
    <p class='ocr_par' dir='ltr' id='par_1_56' title="bbox 2176 1215 3751 1293">
     <span class='ocr_line' id='line_1_56' title="bbox 2176 1215 3751 1293; baseline 0.005 -26"><span class='ocrx_word' id='word_1_412' title='bbox 2176 1217 2260 1285; x_wconf 75' lang='grc' dir='ltr'><strong>εἴη</strong></span> <span class='ocrx_word' id='word_1_413' title='bbox 2299 1215 2475 1285; x_wconf 79' lang='grc' dir='ltr'>σαφὴς</span> <span class='ocrx_word' id='word_1_414' title='bbox 2513 1217 2608 1270; x_wconf 77' lang='grc' dir='ltr'><strong>καὶ</strong></span> <span class='ocrx_word' id='word_1_415' title='bbox 2646 1217 2737 1271; x_wconf 81' lang='grc' dir='ltr'><strong>τὸν</strong></span> <span class='ocrx_word' id='word_1_416' title='bbox 2783 1218 2906 1271; x_wconf 82' lang='grc' dir='ltr'>νοῦν</span> <span class='ocrx_word' id='word_1_417' title='bbox 2946 1220 3047 1289; x_wconf 83' lang='grc' dir='ltr'>τῆς</span> <span class='ocrx_word' id='word_1_418' title='bbox 3112 1221 3363 1291; x_wconf 76' lang='grc' dir='ltr'><strong>περιόδου</strong></span> <span class='ocrx_word' id='word_1_419' title='bbox 3416 1221 3751 1293; x_wconf 80' lang='grc' dir='ltr'>παρέχουσα.</span> 
     </span>
    </p>
   </div>
   <div class='ocr_carea' id='block_1_57' title="bbox 2187 1306 3756 1387">
    <p class='ocr_par' dir='ltr' id='par_1_57' title="bbox 2187 1306 3756 1387">
     <span class='ocr_line' id='line_1_57' title="bbox 2187 1306 3756 1387; baseline 0.006 -28"><span class='ocrx_word' id='word_1_420' title='bbox 2187 1306 2330 1360; x_wconf 83' lang='grc' dir='ltr'>Ἀλλ’</span> <span class='ocrx_word' id='word_1_421' title='bbox 2358 1306 2504 1361; x_wconf 86' lang='grc' dir='ltr'>εῖποι</span> <span class='ocrx_word' id='word_1_422' title='bbox 2529 1326 2613 1373; x_wconf 90' lang='grc' dir='ltr'><strong>τις</strong></span> <span class='ocrx_word' id='word_1_423' title='bbox 2643 1310 2732 1375; x_wconf 78' lang='grc' dir='ltr'><strong>ἂν,</strong></span> <span class='ocrx_word' id='word_1_424' title='bbox 2763 1310 2844 1364; x_wconf 80' lang='grc' dir='ltr'>ὅτι</span> <span class='ocrx_word' id='word_1_425' title='bbox 2870 1314 2919 1364; x_wconf 87' lang='grc' dir='ltr'><strong>εί</strong></span> <span class='ocrx_word' id='word_1_426' title='bbox 2951 1313 2984 1382; x_wconf 83' lang='grc' dir='ltr'>ἡ</span> <span class='ocrx_word' id='word_1_427' title='bbox 3023 1312 3198 1377; x_wconf 78' lang='grc' dir='ltr'><strong>πίστις</strong></span> <span class='ocrx_word' id='word_1_428' title='bbox 3223 1314 3401 1368; x_wconf 80' lang='grc' dir='ltr'>αὐτῶν</span> <span class='ocrx_word' id='word_1_429' title='bbox 3428 1316 3486 1369; x_wconf 86' lang='grc' dir='ltr'><strong>ἐν</strong></span> <span class='ocrx_word' id='word_1_430' title='bbox 3534 1316 3641 1387; x_wconf 83' lang='grc' dir='ltr'><strong>ὅλῳ</strong></span> <span class='ocrx_word' id='word_1_431' title='bbox 3677 1315 3756 1386; x_wconf 85' lang='grc' dir='ltr'>τῷ</span> 
     </span>
    </p>
   </div>
   <div class='ocr_carea' id='block_1_58' title="bbox 2176 1399 3754 1479">
    <p class='ocr_par' dir='ltr' id='par_1_58' title="bbox 2176 1399 3754 1479">
     <span class='ocr_line' id='line_1_58' title="bbox 2176 1399 3754 1479; baseline 0.004 -27"><span class='ocrx_word' id='word_1_432' title='bbox 2176 1399 2369 1470; x_wconf 79' lang='grc' dir='ltr'>κόσμῳ</span> <span class='ocrx_word' id='word_1_433' title='bbox 2401 1401 2806 1471; x_wconf 78' lang='grc' dir='ltr'><strong>κατηγγέλλετο</strong></span> <span class='ocrx_word' id='word_1_434' title='bbox 2846 1401 3025 1473; x_wconf 81' lang='grc' dir='ltr'>(τοῦτο</span> <span class='ocrx_word' id='word_1_435' title='bbox 3058 1405 3165 1473; x_wconf 83' lang='grc' dir='ltr'>γὰρ</span> <span class='ocrx_word' id='word_1_436' title='bbox 3208 1406 3392 1468; x_wconf 70' lang='grc' dir='ltr'>αὐτοῖς</span> <span class='ocrx_word' id='word_1_437' title='bbox 3438 1406 3754 1479; x_wconf 64' lang='grc' dir='ltr'>ἐμαρτύρηέ</span> 
     </span>
    </p>
   </div>
   <div class='ocr_carea' id='block_1_59' title="bbox 2177 1493 3754 1569">
    <p class='ocr_par' dir='ltr' id='par_1_59' title="bbox 2177 1493 3754 1569">
     <span class='ocr_line' id='line_1_59' title="bbox 2177 1493 3754 1569; baseline 0.006 -25"><span class='ocrx_word' id='word_1_438' title='bbox 2177 1509 2270 1544; x_wconf 89' lang='grc' dir='ltr'><strong>σεν</strong></span> <span class='ocrx_word' id='word_1_439' title='bbox 2294 1493 2648 1565; x_wconf 77' lang='grc' dir='ltr'>προμικροῦ),</span> <span class='ocrx_word' id='word_1_440' title='bbox 2686 1494 2807 1549; x_wconf 88' lang='grc' dir='ltr'>τίνα</span> <span class='ocrx_word' id='word_1_441' title='bbox 2856 1496 3066 1566; x_wconf 76' lang='grc' dir='ltr'>καρπὸν</span> <span class='ocrx_word' id='word_1_442' title='bbox 3122 1496 3280 1568; x_wconf 68' lang='grc' dir='ltr'>ἤθελε</span> <span class='ocrx_word' id='word_1_443' title='bbox 3314 1500 3754 1569; x_wconf 80' lang='grc' dir='ltr'>παραγενόμενος</span> 
     </span>
    </p>
   </div>
   <div class='ocr_carea' id='block_1_60' title="bbox 2177 1584 3753 1662">
    <p class='ocr_par' dir='ltr' id='par_1_60' title="bbox 2177 1584 3753 1662">
     <span class='ocr_line' id='line_1_60' title="bbox 2177 1584 3753 1662; baseline 0.006 -26"><span class='ocrx_word' id='word_1_444' title='bbox 2177 1584 2340 1646; x_wconf 76' lang='grc' dir='ltr'>αὐτὸς</span> <span class='ocrx_word' id='word_1_445' title='bbox 2375 1587 2678 1656; x_wconf 81' lang='grc' dir='ltr'>παρασχεῖν</span> <span class='ocrx_word' id='word_1_446' title='bbox 2705 1605 2718 1652; x_wconf 89' lang='lat'><strong>;</strong></span> <span class='ocrx_word' id='word_1_447' title='bbox 2779 1587 2941 1641; x_wconf 82' lang='grc' dir='ltr'>Ἀλλὰ</span> <span class='ocrx_word' id='word_1_448' title='bbox 2965 1587 3135 1642; x_wconf 76' lang='grc' dir='ltr'>πολὺν</span> <span class='ocrx_word' id='word_1_449' title='bbox 3170 1590 3267 1659; x_wconf 86' lang='grc' dir='ltr'>μὲν</span> <span class='ocrx_word' id='word_1_450' title='bbox 3288 1586 3380 1644; x_wconf 82' lang='grc' dir='ltr'><strong>οὖν</strong></span> <span class='ocrx_word' id='word_1_451' title='bbox 3401 1591 3651 1662; x_wconf 80' lang='grc' dir='ltr'>ἐροῦμεν.</span> <span class='ocrx_word' id='word_1_452' title='bbox 3691 1594 3753 1645; x_wconf 80' lang='grc' dir='ltr'><strong>Εἰ</strong></span> 
     </span>
    </p>
   </div>
   <div class='ocr_carea' id='block_1_61' title="bbox 2177 1674 3755 1753">
    <p class='ocr_par' dir='ltr' id='par_1_61' title="bbox 2177 1674 3755 1753">
     <span class='ocr_line' id='line_1_61' title="bbox 2177 1674 3755 1753; baseline 0.006 -27"><span class='ocrx_word' id='word_1_453' title='bbox 2177 1674 2286 1743; x_wconf 76' lang='grc' dir='ltr'><strong>γὰρ</strong></span> <span class='ocrx_word' id='word_1_454' title='bbox 2334 1676 2425 1728; x_wconf 81' lang='grc' dir='ltr'><strong>καὶ</strong></span> <span class='ocrx_word' id='word_1_455' title='bbox 2484 1676 2948 1731; x_wconf 73' lang='grc' dir='ltr'>ἐπεπίστεύκασιν</span> <span class='ocrx_word' id='word_1_456' title='bbox 2970 1679 3188 1744; x_wconf 83' lang='grc' dir='ltr'>ἐκεῖνοι,</span> <span class='ocrx_word' id='word_1_457' title='bbox 3231 1681 3327 1733; x_wconf 79' lang='grc' dir='ltr'><strong>καὶ</strong></span> <span class='ocrx_word' id='word_1_458' title='bbox 3370 1679 3456 1734; x_wconf 78' lang='grc' dir='ltr'><strong>διὰ</strong></span> <span class='ocrx_word' id='word_1_459' title='bbox 3498 1681 3559 1733; x_wconf 81' lang='grc' dir='ltr'>τὸ</span> <span class='ocrx_word' id='word_1_460' title='bbox 3611 1681 3755 1753; x_wconf 61' lang='grc' dir='ltr'>λαμω</span> 
     </span>
    </p>
   </div>
   <div class='ocr_carea' id='block_1_62' title="bbox 2180 1766 3753 1841">
    <p class='ocr_par' dir='ltr' id='par_1_62' title="bbox 2180 1766 3753 1841">
     <span class='ocr_line' id='line_1_62' title="bbox 2180 1766 3753 1841; baseline 0.006 -24"><span class='ocrx_word' id='word_1_461' title='bbox 2180 1766 2315 1837; x_wconf 74' lang='grc' dir='ltr'>πρὸν</span> <span class='ocrx_word' id='word_1_462' title='bbox 2332 1766 2432 1837; x_wconf 82' lang='grc' dir='ltr'>τῆς</span> <span class='ocrx_word' id='word_1_463' title='bbox 2456 1768 2660 1832; x_wconf 83' lang='grc' dir='ltr'>πόλεως</span> <span class='ocrx_word' id='word_1_464' title='bbox 2684 1770 2760 1831; x_wconf 74' lang='grc' dir='ltr'>εἰς</span> <span class='ocrx_word' id='word_1_465' title='bbox 2778 1772 2986 1833; x_wconf 72' lang='grc' dir='ltr'>πάντας</span> <span class='ocrx_word' id='word_1_466' title='bbox 3010 1770 3176 1841; x_wconf 79' lang='grc' dir='ltr'>ἐχύθη</span> <span class='ocrx_word' id='word_1_467' title='bbox 3197 1771 3294 1841; x_wconf 83' lang='grc' dir='ltr'>τῆς</span> <span class='ocrx_word' id='word_1_468' title='bbox 3321 1771 3501 1825; x_wconf 79' lang='grc' dir='ltr'>αὐτῶν</span> <span class='ocrx_word' id='word_1_469' title='bbox 3518 1773 3753 1839; x_wconf 83' lang='grc' dir='ltr'>πίστεως</span> 
     </span>
    </p>
   </div>
   <div class='ocr_carea' id='block_1_63' title="bbox 2181 1858 3753 1933">
    <p class='ocr_par' dir='ltr' id='par_1_63' title="bbox 2181 1858 3753 1933">
     <span class='ocr_line' id='line_1_63' title="bbox 2181 1858 3753 1933; baseline -0.008 -5"><span class='ocrx_word' id='word_1_470' title='bbox 2181 1858 2214 1928; x_wconf 70' lang='grc' dir='ltr'><strong>ἡ</strong></span> <span class='ocrx_word' id='word_1_471' title='bbox 2261 1859 2442 1927; x_wconf 67' lang='grc' dir='ltr'>φήμη,</span> <span class='ocrx_word' id='word_1_472' title='bbox 2485 1859 2821 1928; x_wconf 67' lang='grc' dir='ltr'><strong>παμπόλλων</strong></span> <span class='ocrx_word' id='word_1_473' title='bbox 2866 1861 3014 1929; x_wconf 80' lang='grc' dir='ltr'>ὅμως</span> <span class='ocrx_word' id='word_1_474' title='bbox 3057 1860 3285 1914; x_wconf 78' lang='grc' dir='ltr'>ἐδέοντο.</span> <span class='ocrx_word' id='word_1_475' title='bbox 3338 1863 3445 1916; x_wconf 76' lang='grc' dir='ltr'><strong>Καὶ</strong></span> <span class='ocrx_word' id='word_1_476' title='bbox 3474 1863 3631 1917; x_wconf 83' lang='grc' dir='ltr'>τοῦτο</span> <span class='ocrx_word' id='word_1_477' title='bbox 3661 1864 3753 1933; x_wconf 81' lang='grc' dir='ltr'><strong>δῆ-</strong></span> 
     </span>
    </p>
   </div>
   <div class='ocr_carea' id='block_1_64' title="bbox 2176 1938 3753 2034">
    <p class='ocr_par' dir='ltr' id='par_1_64' title="bbox 2176 1938 3753 2034">
     <span class='ocr_line' id='line_1_64' title="bbox 2176 1938 3753 2034; baseline 0.004 -34"><span class='ocrx_word' id='word_1_478' title='bbox 2176 1950 2265 2001; x_wconf 85' lang='grc' dir='ltr'><strong>λον</strong></span> <span class='ocrx_word' id='word_1_479' title='bbox 2292 1948 2355 2001; x_wconf 80' lang='grc' dir='ltr'><strong>ἐκ</strong></span> <span class='ocrx_word' id='word_1_480' title='bbox 2375 1966 2434 2003; x_wconf 89' lang='grc' dir='ltr'><strong>τε</strong></span> <span class='ocrx_word' id='word_1_481' title='bbox 2462 1949 2556 2003; x_wconf 77' lang='grc' dir='ltr'>τοῦ</span> <span class='ocrx_word' id='word_1_482' title='bbox 2576 1950 2681 2022; x_wconf 76' lang='grc' dir='ltr'><strong>πρὸ</strong></span> <span class='ocrx_word' id='word_1_483' title='bbox 2702 1951 2880 2019; x_wconf 82' lang='grc' dir='ltr'>ὀλίγου</span> <span class='ocrx_word' id='word_1_484' title='bbox 2911 1953 3106 2005; x_wconf 83' lang='grc' dir='ltr'>εἰπεῖν·</span> <span class='ocrx_word' id='word_1_485' title='bbox 3145 1971 3164 2005; x_wconf 81' lang='grc' dir='ltr'><strong>ι</strong></span> <span class='ocrx_word' id='word_1_486' title='bbox 3192 1938 3287 2029; x_wconf 80' lang='grc' dir='ltr'><strong>Εἰς</strong></span> <span class='ocrx_word' id='word_1_487' title='bbox 3312 1951 3372 2006; x_wconf 85' lang='grc' dir='ltr'><strong>τὸ</strong></span> <span class='ocrx_word' id='word_1_488' title='bbox 3398 1955 3753 2034; x_wconf 66' lang='grc' dir='ltr'>στηριχθῆναι</span> 
     </span>
    </p>
   </div>
   <div class='ocr_carea' id='block_1_65' title="bbox 2176 2037 3752 2113">
    <p class='ocr_par' dir='ltr' id='par_1_65' title="bbox 2176 2037 3752 2113">
     <span class='ocr_line' id='line_1_65' title="bbox 2176 2037 3752 2113; baseline 0.003 -23"><span class='ocrx_word' id='word_1_489' title='bbox 2176 2038 2339 2107; x_wconf 78' lang='grc' dir='ltr'>ὑμᾶς.</span> <span class='ocrx_word' id='word_1_490' title='bbox 2369 2056 2390 2088; x_wconf 68' lang='grc' dir='ltr'>ι</span> <span class='ocrx_word' id='word_1_491' title='bbox 2438 2037 2513 2089; x_wconf 86' lang='grc' dir='ltr'><strong>Τὸ</strong></span> <span class='ocrx_word' id='word_1_492' title='bbox 2528 2038 2636 2108; x_wconf 80' lang='grc' dir='ltr'>γὰρ</span> <span class='ocrx_word' id='word_1_493' title='bbox 2666 2038 3022 2111; x_wconf 82' lang='grc' dir='ltr'>στηριχθῆναι</span> <span class='ocrx_word' id='word_1_494' title='bbox 3043 2039 3203 2093; x_wconf 81' lang='grc' dir='ltr'>τίνων</span> <span class='ocrx_word' id='word_1_495' title='bbox 3239 2039 3414 2093; x_wconf 82' lang='grc' dir='ltr'>ἄλλων</span> <span class='ocrx_word' id='word_1_496' title='bbox 3442 2040 3475 2113; x_wconf 84' lang='grc' dir='ltr'>ἢ</span> <span class='ocrx_word' id='word_1_497' title='bbox 3507 2042 3615 2094; x_wconf 84' lang='grc' dir='ltr'>τῶν</span> <span class='ocrx_word' id='word_1_498' title='bbox 3650 2056 3752 2095; x_wconf 87' lang='grc' dir='ltr'>σα-</span> 
     </span>
    </p>
   </div>
   <div class='ocr_carea' id='block_1_66' title="bbox 2175 2128 3751 2203">
    <p class='ocr_par' dir='ltr' id='par_1_66' title="bbox 2175 2128 3751 2203">
     <span class='ocr_line' id='line_1_66' title="bbox 2175 2128 3751 2203; baseline 0.002 -22"><span class='ocrx_word' id='word_1_499' title='bbox 2175 2129 2483 2198; x_wconf 78' lang='grc' dir='ltr'>λευομένων</span> <span class='ocrx_word' id='word_1_500' title='bbox 2548 2129 2731 2193; x_wconf 74' lang='grc' dir='ltr'>ἐστίνς</span> <span class='ocrx_word' id='word_1_501' title='bbox 2789 2128 2898 2184; x_wconf 78' lang='grc' dir='ltr'>Καὶ</span> <span class='ocrx_word' id='word_1_502' title='bbox 2954 2131 3114 2185; x_wconf 80' lang='grc' dir='ltr'>πάλιν</span> <span class='ocrx_word' id='word_1_503' title='bbox 3169 2134 3228 2184; x_wconf 91' lang='grc' dir='ltr'><strong>ἐν</strong></span> <span class='ocrx_word' id='word_1_504' title='bbox 3268 2134 3382 2195; x_wconf 85' lang='grc' dir='ltr'>τοῖς</span> <span class='ocrx_word' id='word_1_505' title='bbox 3422 2132 3751 2203; x_wconf 74' lang='grc' dir='ltr'>ἔμπροσθεν,</span> 
     </span>
    </p>
   </div>
   <div class='ocr_carea' id='block_1_67' title="bbox 2175 2209 3756 2294">
    <p class='ocr_par' dir='ltr' id='par_1_67' title="bbox 2175 2209 3756 2294">
     <span class='ocr_line' id='line_1_67' title="bbox 2175 2209 3756 2294; baseline 0.001 -19"><span class='ocrx_word' id='word_1_506' title='bbox 2175 2221 2338 2293; x_wconf 70' lang='grc' dir='ltr'>ἡνίκα</span> <span class='ocrx_word' id='word_1_507' title='bbox 2378 2221 2454 2294; x_wconf 77' lang='grc' dir='ltr'><strong>μὴ</strong></span> <span class='ocrx_word' id='word_1_508' title='bbox 2503 2221 2711 2294; x_wconf 79' lang='grc' dir='ltr'>κρίνειν</span> <span class='ocrx_word' id='word_1_509' title='bbox 2761 2223 3044 2292; x_wconf 82' lang='grc' dir='ltr'>ἀλλήλους,</span> <span class='ocrx_word' id='word_1_510' title='bbox 3093 2209 3230 2277; x_wconf 77' lang='grc' dir='ltr'><strong>ἀλλᾶ</strong></span> <span class='ocrx_word' id='word_1_511' title='bbox 3266 2224 3359 2277; x_wconf 75' lang='grc' dir='ltr'><strong>καὶ</strong></span> <span class='ocrx_word' id='word_1_512' title='bbox 3385 2225 3484 2286; x_wconf 67' lang='grc' dir='ltr'>τὶς</span> <span class='ocrx_word' id='word_1_513' title='bbox 3508 2224 3756 2294; x_wconf 68' lang='grc' dir='ltr'>διχοσταδ</span> 
     </span>
    </p>
   </div>
   <div class='ocr_carea' id='block_1_68' title="bbox 2177 2299 3752 2385">
    <p class='ocr_par' dir='ltr' id='par_1_68' title="bbox 2177 2299 3752 2385">
     <span class='ocr_line' id='line_1_68' title="bbox 2177 2299 3752 2385; baseline 0.001 -20"><span class='ocrx_word' id='word_1_514' title='bbox 2177 2312 2300 2376; x_wconf 83' lang='grc' dir='ltr'>σίας</span> <span class='ocrx_word' id='word_1_515' title='bbox 2318 2312 2588 2366; x_wconf 78' lang='grc' dir='ltr'>ἐκκλίνειν</span> <span class='ocrx_word' id='word_1_516' title='bbox 2613 2313 2708 2367; x_wconf 74' lang='grc' dir='ltr'><strong>καὶ</strong></span> <span class='ocrx_word' id='word_1_517' title='bbox 2730 2314 2798 2367; x_wconf 79' lang='grc' dir='ltr'>τὰ</span> <span class='ocrx_word' id='word_1_518' title='bbox 2830 2313 3102 2367; x_wconf 74' lang='grc' dir='ltr'>σκάνδαλα</span> <span class='ocrx_word' id='word_1_519' title='bbox 3125 2299 3385 2384; x_wconf 76' lang='grc' dir='ltr'>παραινεῖ</span> <span class='ocrx_word' id='word_1_520' title='bbox 3403 2330 3417 2345; x_wconf 78' lang='grc' dir='ltr'><strong>ο</strong></span> <span class='ocrx_word' id='word_1_521' title='bbox 3445 2314 3539 2367; x_wconf 72' lang='grc' dir='ltr'>καὶ</span> <span class='ocrx_word' id='word_1_522' title='bbox 3582 2316 3752 2385; x_wconf 79' lang='grc' dir='ltr'>μυρία</span> 
     </span>
    </p>
   </div>
   <div class='ocr_carea' id='block_1_69' title="bbox 2172 2399 3753 2475">
    <p class='ocr_par' dir='ltr' id='par_1_69' title="bbox 2172 2399 3753 2475">
     <span class='ocr_line' id='line_1_69' title="bbox 2172 2399 3753 2475; baseline 0 -18"><span class='ocrx_word' id='word_1_523' title='bbox 2172 2420 2258 2465; x_wconf 83' lang='grc' dir='ltr'><strong>τις</strong></span> <span class='ocrx_word' id='word_1_524' title='bbox 2286 2403 2513 2457; x_wconf 83' lang='grc' dir='ltr'>τοιαῦτα</span> <span class='ocrx_word' id='word_1_525' title='bbox 2546 2403 2615 2457; x_wconf 80' lang='grc' dir='ltr'><strong>δι’</strong></span> <span class='ocrx_word' id='word_1_526' title='bbox 2658 2404 2787 2475; x_wconf 85' lang='grc' dir='ltr'>ὅλης</span> <span class='ocrx_word' id='word_1_527' title='bbox 2810 2404 2908 2457; x_wconf 80' lang='grc' dir='ltr'>ἴδοι</span> <span class='ocrx_word' id='word_1_528' title='bbox 2939 2407 3039 2475; x_wconf 78' lang='grc' dir='ltr'>τῆς</span> <span class='ocrx_word' id='word_1_529' title='bbox 3086 2404 3401 2473; x_wconf 80' lang='grc' dir='ltr'>ἐπιστολῆς,</span> <span class='ocrx_word' id='word_1_530' title='bbox 3436 2404 3504 2457; x_wconf 87' lang='grc' dir='ltr'><strong>δι’</strong></span> <span class='ocrx_word' id='word_1_531' title='bbox 3564 2399 3639 2457; x_wconf 79' lang='grc' dir='ltr'>ὧν</span> <span class='ocrx_word' id='word_1_532' title='bbox 3694 2407 3753 2457; x_wconf 73' lang='grc' dir='ltr'>τὸ</span> 
     </span>
    </p>
   </div>
   <div class='ocr_carea' id='block_1_70' title="bbox 2174 2482 3752 2565">
    <p class='ocr_par' dir='ltr' id='par_1_70' title="bbox 2174 2482 3752 2565">
     <span class='ocr_line' id='line_1_70' title="bbox 2174 2482 3752 2565; baseline 0 -15"><span class='ocrx_word' id='word_1_533' title='bbox 2174 2494 2364 2560; x_wconf 75' lang='grc' dir='ltr'>ἀτελὲς</span> <span class='ocrx_word' id='word_1_534' title='bbox 2421 2496 2604 2549; x_wconf 84' lang='grc' dir='ltr'>αὐτῶν</span> <span class='ocrx_word' id='word_1_535' title='bbox 2661 2496 2756 2550; x_wconf 79' lang='grc' dir='ltr'><strong>καὶ</strong></span> <span class='ocrx_word' id='word_1_536' title='bbox 2822 2497 3087 2565; x_wconf 80' lang='grc' dir='ltr'>νεοπαγὲς</span> <span class='ocrx_word' id='word_1_537' title='bbox 3135 2482 3525 2551; x_wconf 81' lang='grc' dir='ltr'>ἐπιδείκνυται.</span> <span class='ocrx_word' id='word_1_538' title='bbox 3589 2499 3752 2551; x_wconf 68' lang='grc' dir='ltr'>Οὐδὲν</span> 
     </span>
    </p>
   </div>
   <div class='ocr_carea' id='block_1_71' title="bbox 2174 2583 3752 2661">
    <p class='ocr_par' dir='ltr' id='par_1_71' title="bbox 2174 2583 3752 2661">
     <span class='ocr_line' id='line_1_71' title="bbox 2174 2583 3752 2661; baseline 0.001 -19"><span class='ocrx_word' id='word_1_539' title='bbox 2174 2583 2268 2642; x_wconf 77' lang='grc' dir='ltr'><strong>οὖν</strong></span> <span class='ocrx_word' id='word_1_540' title='bbox 2297 2588 2525 2652; x_wconf 74' lang='grc' dir='ltr'>ἀπεικὸς</span> <span class='ocrx_word' id='word_1_541' title='bbox 2555 2587 2649 2642; x_wconf 73' lang='grc' dir='ltr'>καὶ</span> <span class='ocrx_word' id='word_1_542' title='bbox 2694 2588 2795 2661; x_wconf 80' lang='grc' dir='ltr'>τὴν</span> <span class='ocrx_word' id='word_1_543' title='bbox 2820 2588 3004 2643; x_wconf 87' lang='grc' dir='ltr'>πίστιν</span> <span class='ocrx_word' id='word_1_544' title='bbox 3036 2588 3215 2643; x_wconf 81' lang='grc' dir='ltr'>αὐτῶν</span> <span class='ocrx_word' id='word_1_545' title='bbox 3244 2589 3264 2629; x_wconf 68' lang='grc' dir='ltr'><strong><em>ἲ</em></strong></span> <span class='ocrx_word' id='word_1_546' title='bbox 3288 2591 3752 2659; x_wconf 70' lang='grc' dir='ltr'>καταγγέλλεσθαι</span> 
     </span>
    </p>
   </div>
   <div class='ocr_carea' id='block_1_72' title="bbox 2177 2681 3748 2756">
    <p class='ocr_par' dir='ltr' id='par_1_72' title="bbox 2177 2681 3748 2756">
     <span class='ocr_line' id='line_1_72' title="bbox 2177 2681 3748 2756; baseline 0.002 -20"><span class='ocrx_word' id='word_1_547' title='bbox 2177 2682 2273 2737; x_wconf 75' lang='grc' dir='ltr'>καὶ</span> <span class='ocrx_word' id='word_1_548' title='bbox 2311 2682 2512 2745; x_wconf 79' lang='grc' dir='ltr'>αὐτοὺς</span> <span class='ocrx_word' id='word_1_549' title='bbox 2538 2681 2619 2735; x_wconf 78' lang='grc' dir='ltr'><strong>ἔτι</strong></span> <span class='ocrx_word' id='word_1_550' title='bbox 2654 2681 2860 2753; x_wconf 83' lang='grc' dir='ltr'>πολλῆς</span> <span class='ocrx_word' id='word_1_551' title='bbox 2892 2683 3098 2737; x_wconf 84' lang='grc' dir='ltr'>δεῖσθαι</span> <span class='ocrx_word' id='word_1_552' title='bbox 3121 2682 3220 2737; x_wconf 80' lang='grc' dir='ltr'>τοῦ</span> <span class='ocrx_word' id='word_1_553' title='bbox 3248 2684 3570 2756; x_wconf 76' lang='grc' dir='ltr'>ἐπικουρίας</span> <span class='ocrx_word' id='word_1_554' title='bbox 3603 2686 3748 2739; x_wconf 63' lang='lat' dir='ltr'><strong>nas.</strong></span> 
     </span>
    </p>
   </div>
   <div class='ocr_carea' id='block_1_73' title="bbox 2174 2774 3752 2848">
    <p class='ocr_par' dir='ltr' id='par_1_73' title="bbox 2174 2774 3752 2848">
     <span class='ocr_line' id='line_1_73' title="bbox 2174 2774 3752 2848; baseline 0.001 -21"><span class='ocrx_word' id='word_1_555' title='bbox 2174 2774 2269 2828; x_wconf 87' lang='grc' dir='ltr'><strong>λου</strong></span> <span class='ocrx_word' id='word_1_556' title='bbox 2298 2775 2396 2828; x_wconf 72' lang='grc' dir='ltr'><strong>καὶ</strong></span> <span class='ocrx_word' id='word_1_557' title='bbox 2420 2778 2521 2845; x_wconf 82' lang='grc' dir='ltr'>τῆς</span> <span class='ocrx_word' id='word_1_558' title='bbox 2569 2774 2660 2828; x_wconf 71' lang='grc' dir='ltr'><strong>διὰ</strong></span> <span class='ocrx_word' id='word_1_559' title='bbox 2708 2775 2819 2828; x_wconf 81' lang='grc' dir='ltr'><strong>τῶν</strong></span> <span class='ocrx_word' id='word_1_560' title='bbox 2875 2775 3039 2828; x_wconf 83' lang='grc' dir='ltr'>αὐτοῦ</span> <span class='ocrx_word' id='word_1_561' title='bbox 3103 2776 3365 2848; x_wconf 75' lang='grc' dir='ltr'>ῥημάτιον</span> <span class='ocrx_word' id='word_1_562' title='bbox 3391 2776 3607 2848; x_wconf 72' lang='grc' dir='ltr'>ἀρδείας</span> <span class='ocrx_word' id='word_1_563' title='bbox 3661 2780 3752 2830; x_wconf 73' lang='grc' dir='ltr'><strong>καὶ</strong></span> 
     </span>
    </p>
   </div>
   <div class='ocr_carea' id='block_1_74' title="bbox 2176 2865 3750 2939">
    <p class='ocr_par' dir='ltr' id='par_1_74' title="bbox 2176 2865 3750 2939">
     <span class='ocr_line' id='line_1_74' title="bbox 2176 2865 3750 2939; baseline 0.002 -21"><span class='ocrx_word' id='word_1_564' title='bbox 2176 2865 2577 2937; x_wconf 82' lang='grc' dir='ltr'>καρποφορίας.</span> <span class='ocrx_word' id='word_1_565' title='bbox 2607 2866 2748 2936; x_wconf 82' lang='grc' dir='ltr'>Ὅρα</span> <span class='ocrx_word' id='word_1_566' title='bbox 2772 2866 2830 2919; x_wconf 79' lang='grc' dir='ltr'><strong>δὲ</strong></span> <span class='ocrx_word' id='word_1_567' title='bbox 2864 2866 2982 2931; x_wconf 85' lang='grc' dir='ltr'><strong>πῶς</strong></span> <span class='ocrx_word' id='word_1_568' title='bbox 3013 2882 3199 2937; x_wconf 81' lang='grc' dir='ltr'>φησιν·</span> <span class='ocrx_word' id='word_1_569' title='bbox 3246 2886 3265 2921; x_wconf 83' lang='grc' dir='ltr'><strong>ι</strong></span> <span class='ocrx_word' id='word_1_570' title='bbox 3296 2869 3415 2922; x_wconf 80' lang='grc' dir='ltr'>ἰνα</span> <span class='ocrx_word' id='word_1_571' title='bbox 3449 2869 3573 2921; x_wconf 69' lang='grc' dir='ltr'>τινὰ</span> <span class='ocrx_word' id='word_1_572' title='bbox 3613 2885 3750 2939; x_wconf 87' lang='grc' dir='ltr'>καρ-</span> 
     </span>
    </p>
   </div>
   <div class='ocr_carea' id='block_1_75' title="bbox 2175 2949 3750 3031">
    <p class='ocr_par' dir='ltr' id='par_1_75' title="bbox 2175 2949 3750 3031">
     <span class='ocr_line' id='line_1_75' title="bbox 2175 2949 3750 3031; baseline 0.001 -21"><span class='ocrx_word' id='word_1_573' title='bbox 2175 2959 2277 3011; x_wconf 76' lang='grc' dir='ltr'><strong>πὸν</strong></span> <span class='ocrx_word' id='word_1_574' title='bbox 2308 2957 2421 3028; x_wconf 86' lang='grc' dir='ltr'><strong>σχῶ</strong></span> <span class='ocrx_word' id='word_1_575' title='bbox 2443 2957 2538 3010; x_wconf 78' lang='grc' dir='ltr'><strong>καὶ</strong></span> <span class='ocrx_word' id='word_1_576' title='bbox 2559 2957 2618 3011; x_wconf 86' lang='grc' dir='ltr'><strong>ἐν</strong></span> <span class='ocrx_word' id='word_1_577' title='bbox 2646 2949 2796 3028; x_wconf 78' lang='grc' dir='ltr'>ύμῖν.</span> <span class='ocrx_word' id='word_1_578' title='bbox 2830 2976 2848 3010; x_wconf 72' lang='grc' dir='ltr'>δ</span> <span class='ocrx_word' id='word_1_579' title='bbox 2876 2958 3045 3012; x_wconf 79' lang='grc' dir='ltr'>Τοῦτο</span> <span class='ocrx_word' id='word_1_580' title='bbox 3069 2959 3168 3031; x_wconf 82' lang='grc' dir='ltr'><strong>μὲν</strong></span> <span class='ocrx_word' id='word_1_581' title='bbox 3194 2960 3406 3023; x_wconf 76' lang='grc' dir='ltr'>δεικνὺς</span> <span class='ocrx_word' id='word_1_582' title='bbox 3428 2960 3502 3024; x_wconf 84' lang='grc' dir='ltr'>ὡς</span> <span class='ocrx_word' id='word_1_583' title='bbox 3528 2960 3750 3013; x_wconf 81' lang='grc' dir='ltr'>ἐκείνων</span> 
     </span>
    </p>
   </div>
   <div class='ocr_carea' id='block_1_76' title="bbox 2177 3040 3749 3123">
    <p class='ocr_par' dir='ltr' id='par_1_76' title="bbox 2177 3040 3749 3123">
     <span class='ocr_line' id='line_1_76' title="bbox 2177 3040 3749 3123; baseline 0.001 -21"><span class='ocrx_word' id='word_1_584' title='bbox 2177 3050 2632 3121; x_wconf 74' lang='grc' dir='ltr'>καρπὸς,οίκεῖος</span> <span class='ocrx_word' id='word_1_585' title='bbox 2684 3040 2957 3118; x_wconf 70' lang='grc' dir='ltr'>ἐλογίζετο</span> <span class='ocrx_word' id='word_1_586' title='bbox 3007 3051 3087 3122; x_wconf 85' lang='grc' dir='ltr'>τῷ</span> <span class='ocrx_word' id='word_1_587' title='bbox 3135 3040 3333 3123; x_wconf 77' lang='grc' dir='ltr'>Παύλῳ</span> <span class='ocrx_word' id='word_1_588' title='bbox 3372 3054 3605 3123; x_wconf 75' lang='grc' dir='ltr'>καρπόςο</span> <span class='ocrx_word' id='word_1_589' title='bbox 3658 3052 3749 3105; x_wconf 71' lang='grc' dir='ltr'><strong>καὶ</strong></span> 
     </span>
    </p>
   </div>
   <div class='ocr_carea' id='block_1_77' title="bbox 2175 3133 3751 3217">
    <p class='ocr_par' dir='ltr' id='par_1_77' title="bbox 2175 3133 3751 3217">
     <span class='ocr_line' id='line_1_77' title="bbox 2175 3133 3751 3217; baseline -0.001 -18"><span class='ocrx_word' id='word_1_590' title='bbox 2175 3146 2348 3208; x_wconf 82' lang='grc' dir='ltr'>οὔτως</span> <span class='ocrx_word' id='word_1_591' title='bbox 2400 3144 2619 3217; x_wconf 79' lang='grc' dir='ltr'>ἔχαιρεν</span> <span class='ocrx_word' id='word_1_592' title='bbox 2671 3148 2698 3185; x_wconf 74' lang='grc'>⁸</span> <span class='ocrx_word' id='word_1_593' title='bbox 2743 3148 2801 3199; x_wconf 88' lang='grc' dir='ltr'><strong>ἐν</strong></span> <span class='ocrx_word' id='word_1_594' title='bbox 2838 3133 2949 3209; x_wconf 89' lang='grc' dir='ltr'>τοῖς</span> <span class='ocrx_word' id='word_1_595' title='bbox 3009 3146 3119 3199; x_wconf 84' lang='grc' dir='ltr'>τῶν</span> <span class='ocrx_word' id='word_1_596' title='bbox 3163 3146 3428 3217; x_wconf 89' lang='grc' dir='ltr'>πλησίον,</span> <span class='ocrx_word' id='word_1_597' title='bbox 3486 3145 3617 3198; x_wconf 85' lang='grc' dir='ltr'>ὡσεί</span> <span class='ocrx_word' id='word_1_598' title='bbox 3668 3146 3751 3209; x_wconf 72' lang='grc' dir='ltr'><strong>τις</strong></span> 
     </span>
    </p>
   </div>
   <div class='ocr_carea' id='block_1_78' title="bbox 2176 3238 3749 3311">
    <p class='ocr_par' dir='ltr' id='par_1_78' title="bbox 2176 3238 3749 3311">
     <span class='ocr_line' id='line_1_78' title="bbox 2176 3238 3749 3311; baseline -0.002 -17"><span class='ocrx_word' id='word_1_599' title='bbox 2176 3239 2335 3303; x_wconf 84' lang='grc' dir='ltr'>ἄλλος</span> <span class='ocrx_word' id='word_1_600' title='bbox 2401 3240 2460 3292; x_wconf 87' lang='grc' dir='ltr'><strong>ἐν</strong></span> <span class='ocrx_word' id='word_1_601' title='bbox 2520 3240 2636 3299; x_wconf 81' lang='grc' dir='ltr'>τοῖς</span> <span class='ocrx_word' id='word_1_602' title='bbox 2700 3238 2851 3302; x_wconf 75' lang='grc' dir='ltr'>ἰδίοις</span> <span class='ocrx_word' id='word_1_603' title='bbox 2911 3238 3353 3311; x_wconf 81' lang='grc' dir='ltr'>κατορθώμασιν.</span> <span class='ocrx_word' id='word_1_604' title='bbox 3422 3238 3541 3291; x_wconf 87' lang='grc' dir='ltr'>Ἵνα</span> <span class='ocrx_word' id='word_1_605' title='bbox 3607 3239 3749 3303; x_wconf 60' lang='lat' dir='ltr'><strong>tavit,</strong></span> 
     </span>
    </p>
   </div>
   <div class='ocr_carea' id='block_1_79' title="bbox 2174 3328 3751 3401">
    <p class='ocr_par' dir='ltr' id='par_1_79' title="bbox 2174 3328 3751 3401">
     <span class='ocr_line' id='line_1_79' title="bbox 2174 3328 3751 3401; baseline -0.011 -1"><span class='ocrx_word' id='word_1_606' title='bbox 2174 3332 2372 3400; x_wconf 75' lang='grc' dir='ltr'>φησὶν,</span> <span class='ocrx_word' id='word_1_607' title='bbox 2428 3330 2641 3401; x_wconf 80' lang='grc' dir='ltr'>καρπὸν</span> <span class='ocrx_word' id='word_1_608' title='bbox 2704 3328 2851 3399; x_wconf 84' lang='grc' dir='ltr'>σχῶ,</span> <span class='ocrx_word' id='word_1_609' title='bbox 2920 3329 3012 3383; x_wconf 84' lang='grc' dir='ltr'><strong>τὸν</strong></span> <span class='ocrx_word' id='word_1_610' title='bbox 3074 3330 3296 3383; x_wconf 85' lang='grc' dir='ltr'>ἐκείνων</span> <span class='ocrx_word' id='word_1_611' title='bbox 3355 3329 3566 3399; x_wconf 76' lang='grc' dir='ltr'>καρπὸν</span> <span class='ocrx_word' id='word_1_612' title='bbox 3617 3342 3751 3400; x_wconf 66' lang='grc' dir='ltr'>καρδ</span> 
     </span>
    </p>
   </div>
   <div class='ocr_carea' id='block_1_80' title="bbox 2172 3421 3751 3492">
    <p class='ocr_par' dir='ltr' id='par_1_80' title="bbox 2172 3421 3751 3492">
     <span class='ocr_line' id='line_1_80' title="bbox 2172 3421 3751 3492; baseline -0.001 -17"><span class='ocrx_word' id='word_1_613' title='bbox 2172 3423 2274 3476; x_wconf 70' lang='grc' dir='ltr'><strong>πδν</strong></span> <span class='ocrx_word' id='word_1_614' title='bbox 2316 3424 2515 3475; x_wconf 85' lang='grc' dir='ltr'>οἰκεῖον</span> <span class='ocrx_word' id='word_1_615' title='bbox 2567 3422 2873 3491; x_wconf 78' lang='grc' dir='ltr'>τιθέμενος.</span> <span class='ocrx_word' id='word_1_616' title='bbox 2936 3421 3107 3474; x_wconf 83' lang='grc' dir='ltr'>Τοῦτο</span> <span class='ocrx_word' id='word_1_617' title='bbox 3161 3421 3220 3474; x_wconf 80' lang='grc' dir='ltr'>δὲ</span> <span class='ocrx_word' id='word_1_618' title='bbox 3271 3421 3432 3475; x_wconf 85' lang='grc' dir='ltr'>πάλιν</span> <span class='ocrx_word' id='word_1_619' title='bbox 3482 3422 3751 3492; x_wconf 82' lang='grc' dir='ltr'>παριστὰς</span> 
     </span>
    </p>
   </div>
   <div class='ocr_carea' id='block_1_81' title="bbox 2171 3512 3752 3586">
    <p class='ocr_par' dir='ltr' id='par_1_81' title="bbox 2171 3512 3752 3586">
     <span class='ocr_line' id='line_1_81' title="bbox 2171 3512 3752 3586; baseline 0 -20"><span class='ocrx_word' id='word_1_620' title='bbox 2171 3514 2254 3566; x_wconf 77' lang='grc' dir='ltr'>ὅτι</span> <span class='ocrx_word' id='word_1_621' title='bbox 2302 3513 2404 3582; x_wconf 82' lang='grc' dir='ltr'><strong>τῆς</strong></span> <span class='ocrx_word' id='word_1_622' title='bbox 2459 3512 2640 3565; x_wconf 82' lang='grc' dir='ltr'>αὐτῶν</span> <span class='ocrx_word' id='word_1_623' title='bbox 2686 3512 2873 3565; x_wconf 73' lang='grc' dir='ltr'>ἕνεκεν</span> <span class='ocrx_word' id='word_1_624' title='bbox 2921 3512 3191 3584; x_wconf 78' lang='grc' dir='ltr'>ὠφελείας</span> <span class='ocrx_word' id='word_1_625' title='bbox 3228 3513 3327 3583; x_wconf 83' lang='grc' dir='ltr'>τὴν</span> <span class='ocrx_word' id='word_1_626' title='bbox 3375 3514 3509 3586; x_wconf 75' lang='grc' dir='ltr'>πρὸς</span> <span class='ocrx_word' id='word_1_627' title='bbox 3554 3514 3752 3578; x_wconf 71' lang='grc' dir='ltr'>αὐτοὺς</span> 
     </span>
    </p>
   </div>
   <div class='ocr_carea' id='block_1_82' title="bbox 2173 3600 3749 3674">
    <p class='ocr_par' dir='ltr' id='par_1_82' title="bbox 2173 3600 3749 3674">
     <span class='ocr_line' id='line_1_82' title="bbox 2173 3600 3749 3674; baseline 0.003 -22"><span class='ocrx_word' id='word_1_628' title='bbox 2173 3600 2401 3671; x_wconf 84' lang='grc' dir='ltr'>πορείαν</span> <span class='ocrx_word' id='word_1_629' title='bbox 2436 3600 2741 3655; x_wconf 85' lang='grc' dir='ltr'>ἐστέλλετο.</span> <span class='ocrx_word' id='word_1_630' title='bbox 2797 3601 3008 3666; x_wconf 77' lang='grc' dir='ltr'>Ἄλλως</span> <span class='ocrx_word' id='word_1_631' title='bbox 3039 3616 3097 3655; x_wconf 78' lang='grc' dir='ltr'><strong>τε</strong></span> <span class='ocrx_word' id='word_1_632' title='bbox 3117 3601 3285 3657; x_wconf 77' lang='grc' dir='ltr'>δὲκαὶ</span> <span class='ocrx_word' id='word_1_633' title='bbox 3316 3603 3369 3655; x_wconf 80' lang='grc' dir='ltr'><strong>εί</strong></span> <span class='ocrx_word' id='word_1_634' title='bbox 3394 3620 3477 3666; x_wconf 85' lang='grc' dir='ltr'><strong>τις</strong></span> <span class='ocrx_word' id='word_1_635' title='bbox 3508 3604 3749 3674; x_wconf 75' lang='grc' dir='ltr'>ἀκριϐῶς</span> 
     </span>
    </p>
   </div>
   <div class='ocr_carea' id='block_1_83' title="bbox 2172 3692 3750 3765">
    <p class='ocr_par' dir='ltr' id='par_1_83' title="bbox 2172 3692 3750 3765">
     <span class='ocr_line' id='line_1_83' title="bbox 2172 3692 3750 3765; baseline 0.001 -19"><span class='ocrx_word' id='word_1_636' title='bbox 2172 3692 2522 3764; x_wconf 86' lang='grc' dir='ltr'>ἐπισκοποίη,</span> <span class='ocrx_word' id='word_1_637' title='bbox 2566 3693 2780 3747; x_wconf 82' lang='grc' dir='ltr'>Παύλου</span> <span class='ocrx_word' id='word_1_638' title='bbox 2810 3693 3024 3765; x_wconf 81' lang='grc' dir='ltr'>καρπὸς</span> <span class='ocrx_word' id='word_1_639' title='bbox 3060 3693 3275 3765; x_wconf 78' lang='grc' dir='ltr'>ἀληθῶς</span> <span class='ocrx_word' id='word_1_640' title='bbox 3305 3696 3451 3748; x_wconf 84' lang='grc' dir='ltr'>ἐστιν</span> <span class='ocrx_word' id='word_1_641' title='bbox 3473 3697 3501 3749; x_wconf 84' lang='grc' dir='ltr'>ὁ</span> <span class='ocrx_word' id='word_1_642' title='bbox 3526 3695 3750 3749; x_wconf 72' lang='grc' dir='ltr'>ἐκείνοιν</span> 
     </span>
    </p>
   </div>
   <div class='ocr_carea' id='block_1_84' title="bbox 2172 3784 3750 3860">
    <p class='ocr_par' dir='ltr' id='par_1_84' title="bbox 2172 3784 3750 3860">
     <span class='ocr_line' id='line_1_84' title="bbox 2172 3784 3750 3860; baseline 0.001 -21"><span class='ocrx_word' id='word_1_643' title='bbox 2172 3787 2408 3857; x_wconf 84' lang='grc' dir='ltr'>καρπός.</span> <span class='ocrx_word' id='word_1_644' title='bbox 2480 3787 2681 3856; x_wconf 82' lang='grc' dir='ltr'>Ἔργον</span> <span class='ocrx_word' id='word_1_645' title='bbox 2740 3786 2849 3856; x_wconf 79' lang='grc' dir='ltr'>γὰρ</span> <span class='ocrx_word' id='word_1_646' title='bbox 2889 3784 2960 3860; x_wconf 79' lang='grc' dir='ltr'>ἦν</span> <span class='ocrx_word' id='word_1_647' title='bbox 3011 3787 3208 3858; x_wconf 81' lang='grc' dir='ltr'>ἐκείνῳ</span> <span class='ocrx_word' id='word_1_648' title='bbox 3258 3788 3353 3842; x_wconf 74' lang='grc' dir='ltr'><strong>καὶ</strong></span> <span class='ocrx_word' id='word_1_649' title='bbox 3402 3789 3605 3858; x_wconf 83' lang='grc' dir='ltr'>σπουδὴ</span> <span class='ocrx_word' id='word_1_650' title='bbox 3658 3791 3750 3841; x_wconf 76' lang='grc' dir='ltr'><strong>καὶ</strong></span> 
     </span>
    </p>
   </div>
   <div class='ocr_carea' id='block_1_85' title="bbox 2172 3878 3753 3952">
    <p class='ocr_par' dir='ltr' id='par_1_85' title="bbox 2172 3878 3753 3952">
     <span class='ocr_line' id='line_1_85' title="bbox 2172 3878 3753 3952; baseline 0 -21"><span class='ocrx_word' id='word_1_651' title='bbox 2172 3878 2446 3949; x_wconf 83' lang='grc' dir='ltr'>γεώργιον</span> <span class='ocrx_word' id='word_1_652' title='bbox 2476 3880 2508 3950; x_wconf 84' lang='grc' dir='ltr'><strong>ἡ</strong></span> <span class='ocrx_word' id='word_1_653' title='bbox 2553 3881 2664 3933; x_wconf 85' lang='grc' dir='ltr'><strong>τῶν</strong></span> <span class='ocrx_word' id='word_1_654' title='bbox 2695 3878 2999 3951; x_wconf 82' lang='grc' dir='ltr'>ἀνθρώπων</span> <span class='ocrx_word' id='word_1_655' title='bbox 3035 3879 3300 3951; x_wconf 74' lang='grc' dir='ltr'>σωτηρία,</span> <span class='ocrx_word' id='word_1_656' title='bbox 3320 3880 3413 3933; x_wconf 72' lang='grc' dir='ltr'>καὶ</span> <span class='ocrx_word' id='word_1_657' title='bbox 3439 3879 3496 3932; x_wconf 82' lang='grc' dir='ltr'><strong>τὸ</strong></span> <span class='ocrx_word' id='word_1_658' title='bbox 3540 3897 3753 3952; x_wconf 80' lang='grc' dir='ltr'>καρπο-</span> 
     </span>
    </p>
   </div>
   <div class='ocr_carea' id='block_1_86' title="bbox 2174 3957 3752 4044">
    <p class='ocr_par' dir='ltr' id='par_1_86' title="bbox 2174 3957 3752 4044">
     <span class='ocr_line' id='line_1_86' title="bbox 2174 3957 3752 4044; baseline -0.001 -19"><span class='ocrx_word' id='word_1_659' title='bbox 2174 3972 2476 4043; x_wconf 64' lang='grc' dir='ltr'>φοροῦντες</span> <span class='ocrx_word' id='word_1_660' title='bbox 2501 3973 2699 4035; x_wconf 80' lang='grc' dir='ltr'>αὐτοὺς</span> <span class='ocrx_word' id='word_1_661' title='bbox 2736 3972 3090 4044; x_wconf 75' lang='grc' dir='ltr'>παραστῆσαι</span> <span class='ocrx_word' id='word_1_662' title='bbox 3111 3971 3209 4043; x_wconf 73' lang='grc' dir='ltr'>τὴν</span> <span class='ocrx_word' id='word_1_663' title='bbox 3238 3957 3520 4025; x_wconf 73' lang='grc' dir='ltr'>εύσέόειαν</span> <span class='ocrx_word' id='word_1_664' title='bbox 3545 3972 3638 4025; x_wconf 72' lang='grc' dir='ltr'>καὶ</span> <span class='ocrx_word' id='word_1_665' title='bbox 3655 3973 3752 4034; x_wconf 68' lang='grc' dir='ltr'><strong>τὰς</strong></span> 
     </span>
    </p>
   </div>
   <div class='ocr_carea' id='block_1_87' title="bbox 2172 4049 3747 4138">
    <p class='ocr_par' dir='ltr' id='par_1_87' title="bbox 2172 4049 3747 4138">
     <span class='ocr_line' id='line_1_87' title="bbox 2172 4049 3747 4138; baseline -0.001 -19"><span class='ocrx_word' id='word_1_666' title='bbox 2172 4066 2399 4138; x_wconf 86' lang='grc' dir='ltr'>ἀρετάς.</span> <span class='ocrx_word' id='word_1_667' title='bbox 2454 4064 2654 4128; x_wconf 78' lang='grc' dir='ltr'>Καλῶς</span> <span class='ocrx_word' id='word_1_668' title='bbox 2676 4049 2768 4118; x_wconf 71' lang='grc' dir='ltr'><strong>οὖν</strong></span> <span class='ocrx_word' id='word_1_669' title='bbox 2799 4082 2986 4136; x_wconf 81' lang='grc' dir='ltr'>φησιν,</span> <span class='ocrx_word' id='word_1_670' title='bbox 3025 4059 3176 4117; x_wconf 86' lang='grc' dir='ltr'>ι’Ίνα</span> <span class='ocrx_word' id='word_1_671' title='bbox 3194 4065 3313 4117; x_wconf 80' lang='grc' dir='ltr'>τινὰ</span> <span class='ocrx_word' id='word_1_672' title='bbox 3338 4063 3551 4134; x_wconf 65' lang='grc' dir='ltr'>καρπὸν</span> <span class='ocrx_word' id='word_1_673' title='bbox 3579 4063 3747 4133; x_wconf 55' lang='lat' dir='ltr'><strong>extim</strong></span> 
     </span>
    </p>
   </div>
   <div class='ocr_carea' id='block_1_88' title="bbox 2181 4156 3754 4228">
    <p class='ocr_par' dir='ltr' id='par_1_88' title="bbox 2181 4156 3754 4228">
     <span class='ocr_line' id='line_1_88' title="bbox 2181 4156 3754 4228; baseline 0 -17"><span class='ocrx_word' id='word_1_674' title='bbox 2181 4158 2478 4228; x_wconf 81' lang='grc' dir='ltr'>Ἑκάτερον</span> <span class='ocrx_word' id='word_1_675' title='bbox 2501 4156 2781 4227; x_wconf 84' lang='grc' dir='ltr'>συντόμως</span> <span class='ocrx_word' id='word_1_676' title='bbox 2807 4156 3022 4211; x_wconf 85' lang='grc' dir='ltr'>τελείαν</span> <span class='ocrx_word' id='word_1_677' title='bbox 3051 4157 3144 4209; x_wconf 75' lang='grc' dir='ltr'>καὶ</span> <span class='ocrx_word' id='word_1_678' title='bbox 3179 4158 3275 4212; x_wconf 76' lang='grc' dir='ltr'><strong>σὺν</strong></span> <span class='ocrx_word' id='word_1_679' title='bbox 3306 4157 3383 4228; x_wconf 83' lang='grc' dir='ltr'><strong>τῷ</strong></span> <span class='ocrx_word' id='word_1_680' title='bbox 3418 4158 3607 4227; x_wconf 81' lang='grc' dir='ltr'>εὐφυεῖ</span> <span class='ocrx_word' id='word_1_681' title='bbox 3635 4158 3754 4211; x_wconf 81' lang='grc' dir='ltr'>ἐπί-</span> 
     </span>
    </p>
   </div>
   <div class='ocr_carea' id='block_1_89' title="bbox 2175 4248 3753 4322">
    <p class='ocr_par' dir='ltr' id='par_1_89' title="bbox 2175 4248 3753 4322">
     <span class='ocr_line' id='line_1_89' title="bbox 2175 4248 3753 4322; baseline -0.001 -19"><span class='ocrx_word' id='word_1_682' title='bbox 2175 4252 2335 4322; x_wconf 84' lang='grc' dir='ltr'>δηλον</span> <span class='ocrx_word' id='word_1_683' title='bbox 2369 4249 2560 4311; x_wconf 83' lang='grc' dir='ltr'>ποιῶν,</span> <span class='ocrx_word' id='word_1_684' title='bbox 2603 4248 2697 4302; x_wconf 70' lang='grc' dir='ltr'><strong>καὶ</strong></span> <span class='ocrx_word' id='word_1_685' title='bbox 2745 4248 2806 4302; x_wconf 77' lang='grc' dir='ltr'>τὸ</span> <span class='ocrx_word' id='word_1_686' title='bbox 2852 4249 3097 4312; x_wconf 75' lang='grc' dir='ltr'>ἐκείνους</span> <span class='ocrx_word' id='word_1_687' title='bbox 3132 4250 3232 4320; x_wconf 84' lang='grc' dir='ltr'><strong>τὴν</strong></span> <span class='ocrx_word' id='word_1_688' title='bbox 3271 4251 3329 4302; x_wconf 82' lang='grc' dir='ltr'><strong>ἐν</strong></span> <span class='ocrx_word' id='word_1_689' title='bbox 3363 4249 3753 4320; x_wconf 80' lang='grc' dir='ltr'>κατορθώμασι</span> 
     </span>
    </p>
   </div>
   <div class='ocr_carea' id='block_1_90' title="bbox 2172 4328 3749 4414">
    <p class='ocr_par' dir='ltr' id='par_1_90' title="bbox 2172 4328 3749 4414">
     <span class='ocr_line' id='line_1_90' title="bbox 2172 4328 3749 4414; baseline -0.002 -16"><span class='ocrx_word' id='word_1_690' title='bbox 2172 4345 2355 4398; x_wconf 83' lang='grc' dir='ltr'>πίστιν</span> <span class='ocrx_word' id='word_1_691' title='bbox 2392 4344 2786 4414; x_wconf 66' lang='grc' dir='ltr'>καρποφορεῖν,</span> <span class='ocrx_word' id='word_1_692' title='bbox 2834 4343 2929 4395; x_wconf 81' lang='grc' dir='ltr'>καὶ</span> <span class='ocrx_word' id='word_1_693' title='bbox 2977 4344 3036 4395; x_wconf 77' lang='grc' dir='ltr'>τὸ</span> <span class='ocrx_word' id='word_1_694' title='bbox 3064 4328 3228 4398; x_wconf 78' lang='grc' dir='ltr'>αύτὸν</span> <span class='ocrx_word' id='word_1_695' title='bbox 3257 4343 3453 4405; x_wconf 74' lang='grc' dir='ltr'>αὐτοὺς</span> <span class='ocrx_word' id='word_1_696' title='bbox 3486 4342 3749 4405; x_wconf 85' lang='grc' dir='ltr'>ἐκείνους.</span> 
     </span>
    </p>
   </div>
   <div class='ocr_carea' id='block_1_91' title="bbox 2184 4432 3754 4507">
    <p class='ocr_par' dir='ltr' id='par_1_91' title="bbox 2184 4432 3754 4507">
     <span class='ocr_line' id='line_1_91' title="bbox 2184 4432 3754 4507; baseline -0.004 -16"><span class='ocrx_word' id='word_1_697' title='bbox 2184 4439 2272 4491; x_wconf 80' lang='grc' dir='ltr'>Ἑν</span> <span class='ocrx_word' id='word_1_698' title='bbox 2304 4438 2414 4507; x_wconf 84' lang='grc' dir='ltr'><strong>γὰρ</strong></span> <span class='ocrx_word' id='word_1_699' title='bbox 2442 4439 2509 4507; x_wconf 86' lang='grc' dir='ltr'>τῇ</span> <span class='ocrx_word' id='word_1_700' title='bbox 2538 4435 2763 4488; x_wconf 85' lang='grc' dir='ltr'>ἐκείνων</span> <span class='ocrx_word' id='word_1_701' title='bbox 2790 4434 3139 4507; x_wconf 83' lang='grc' dir='ltr'>καρποφορίᾳ</span> <span class='ocrx_word' id='word_1_702' title='bbox 3179 4436 3211 4505; x_wconf 87' lang='grc' dir='ltr'><strong>ἡ</strong></span> <span class='ocrx_word' id='word_1_703' title='bbox 3249 4433 3344 4487; x_wconf 84' lang='grc' dir='ltr'>τοῦ</span> <span class='ocrx_word' id='word_1_704' title='bbox 3369 4432 3579 4487; x_wconf 86' lang='grc' dir='ltr'>Παύλου</span> <span class='ocrx_word' id='word_1_705' title='bbox 3612 4432 3754 4502; x_wconf 86' lang='grc' dir='ltr'>λαμ-</span> 
     </span>
    </p>
   </div>
   <div class='ocr_carea' id='block_1_92' title="bbox 488 4524 2071 4601">
    <p class='ocr_par' dir='ltr' id='par_1_92' title="bbox 488 4529 2065 4601">
     <span class='ocr_line' id='line_1_92' title="bbox 488 4529 2065 4601; baseline -0.001 -17"><span class='ocrx_word' id='word_1_706' title='bbox 488 4532 630 4601; x_wconf 85' lang='lat' dir='ltr'><strong>quod</strong></span> <span class='ocrx_word' id='word_1_707' title='bbox 658 4529 901 4599; x_wconf 79' lang='lat' dir='ltr'><strong>frugiferi</strong></span> <span class='ocrx_word' id='word_1_708' title='bbox 923 4540 1130 4594; x_wconf 88' lang='lat' dir='ltr'><strong>essent,</strong></span> <span class='ocrx_word' id='word_1_709' title='bbox 1162 4530 1316 4585; x_wconf 85' lang='lat' dir='ltr'><strong>Pauli</strong></span> <span class='ocrx_word' id='word_1_710' title='bbox 1360 4531 1576 4585; x_wconf 85' lang='lat' dir='ltr'><strong>cultura</strong></span> <span class='ocrx_word' id='word_1_711' title='bbox 1607 4530 1833 4586; x_wconf 89' lang='lat' dir='ltr'><strong>illustris</strong></span> <span class='ocrx_word' id='word_1_712' title='bbox 1874 4529 2065 4584; x_wconf 86' lang='lat' dir='ltr'><strong>redde-</strong></span> 
     </span>
    </p>
   </div>
   <div class='ocr_carea' id='block_1_93' title="bbox 2175 4524 3752 4601">
    <p class='ocr_par' dir='ltr' id='par_1_93' title="bbox 2175 4524 3752 4598">
     <span class='ocr_line' id='line_1_93' title="bbox 2175 4524 3752 4598; baseline -0.004 -17"><span class='ocrx_word' id='word_1_713' title='bbox 2175 4528 2327 4598; x_wconf 78' lang='grc' dir='ltr'>πρῶς</span> <span class='ocrx_word' id='word_1_714' title='bbox 2349 4528 2625 4581; x_wconf 80' lang='grc' dir='ltr'>ἐδείκνυτο</span> <span class='ocrx_word' id='word_1_715' title='bbox 2649 4525 2913 4598; x_wconf 88' lang='grc' dir='ltr'>γεωργία.</span> <span class='ocrx_word' id='word_1_716' title='bbox 2951 4526 3090 4579; x_wconf 78' lang='grc' dir='ltr'>Ἀλλ’</span> <span class='ocrx_word' id='word_1_717' title='bbox 3114 4527 3162 4579; x_wconf 87' lang='grc' dir='ltr'>εἰ</span> <span class='ocrx_word' id='word_1_718' title='bbox 3188 4526 3285 4597; x_wconf 82' lang='grc' dir='ltr'>μὲν</span> <span class='ocrx_word' id='word_1_719' title='bbox 3306 4524 3427 4579; x_wconf 85' lang='grc' dir='ltr'>καθ’</span> <span class='ocrx_word' id='word_1_720' title='bbox 3447 4524 3752 4594; x_wconf 77' lang='grc' dir='ltr'>ὑπερϐατόν</span> 
     </span>
    </p>
   </div>
   <div class='ocr_carea' id='block_1_94' title="bbox 487 4621 2059 4693">
    <p class='ocr_par' dir='ltr' id='par_1_94' title="bbox 487 4621 2059 4693">
     <span class='ocr_line' id='line_1_94' title="bbox 487 4621 2059 4693; baseline -0.002 -16"><span class='ocrx_word' id='word_1_721' title='bbox 487 4624 667 4677; x_wconf 91' lang='lat' dir='ltr'><strong>batur.</strong></span> <span class='ocrx_word' id='word_1_722' title='bbox 697 4622 851 4688; x_wconf 84' lang='lat' dir='ltr'><strong>Quod</strong></span> <span class='ocrx_word' id='word_1_723' title='bbox 881 4622 925 4676; x_wconf 90' lang='lat' dir='ltr'><strong>sl</strong></span> <span class='ocrx_word' id='word_1_724' title='bbox 958 4637 1051 4690; x_wconf 88' lang='lat' dir='ltr'><strong>por</strong></span> <span class='ocrx_word' id='word_1_725' title='bbox 1082 4621 1415 4693; x_wconf 78' lang='lat' dir='ltr'><strong>hyperbaton</strong></span> <span class='ocrx_word' id='word_1_726' title='bbox 1437 4621 1616 4676; x_wconf 89' lang='lat' dir='ltr'><strong>locum</strong></span> <span class='ocrx_word' id='word_1_727' title='bbox 1649 4621 2059 4690; x_wconf 87' lang='lat' dir='ltr'><strong>intelligendum</strong></span> 
     </span>
    </p>
   </div>
   <div class='ocr_carea' id='block_1_95' title="bbox 486 4712 2063 4785">
    <p class='ocr_par' dir='ltr' id='par_1_95' title="bbox 486 4712 2063 4785">
     <span class='ocr_line' id='line_1_95' title="bbox 486 4712 2063 4785; baseline -0.002 -17"><span class='ocrx_word' id='word_1_728' title='bbox 486 4716 610 4785; x_wconf 86' lang='lat' dir='ltr'><strong>quis</strong></span> <span class='ocrx_word' id='word_1_729' title='bbox 640 4723 812 4785; x_wconf 87' lang='lat' dir='ltr'><strong>putet,</strong></span> <span class='ocrx_word' id='word_1_730' title='bbox 840 4729 1065 4769; x_wconf 84' lang='lat' dir='ltr'><strong>sensum</strong></span> <span class='ocrx_word' id='word_1_731' title='bbox 1098 4713 1235 4767; x_wconf 81' lang='lat' dir='ltr'><strong>feret</strong></span> <span class='ocrx_word' id='word_1_732' title='bbox 1270 4713 1373 4767; x_wconf 87' lang='lat' dir='ltr'><strong>iste</strong></span> <span class='ocrx_word' id='word_1_733' title='bbox 1417 4713 1720 4782; x_wconf 89' lang='lat' dir='ltr'><strong>simplicem</strong></span> <span class='ocrx_word' id='word_1_734' title='bbox 1750 4730 1763 4766; x_wconf 92' lang='lat'><strong>:</strong></span> <span class='ocrx_word' id='word_1_735' title='bbox 1790 4728 1910 4766; x_wconf 89' lang='lat' dir='ltr'><strong>cum</strong></span> <span class='ocrx_word' id='word_1_736' title='bbox 1943 4712 2063 4781; x_wconf 88' lang='lat' dir='ltr'><strong>plu-</strong></span> 
     </span>
    </p>
   </div>
   <div class='ocr_carea' id='block_1_96' title="bbox 485 4803 2066 4875">
    <p class='ocr_par' dir='ltr' id='par_1_96' title="bbox 485 4803 2066 4875">
     <span class='ocr_line' id='line_1_96' title="bbox 485 4803 2066 4875; baseline 0 -16"><span class='ocrx_word' id='word_1_737' title='bbox 485 4806 685 4859; x_wconf 75' lang='lat' dir='ltr'><strong>rimutn</strong></span> <span class='ocrx_word' id='word_1_738' title='bbox 728 4806 831 4859; x_wconf 88' lang='lat' dir='ltr'><strong>hac</strong></span> <span class='ocrx_word' id='word_1_739' title='bbox 880 4804 1051 4875; x_wconf 84' lang='lat' dir='ltr'><strong>ﬁgura</strong></span> <span class='ocrx_word' id='word_1_740' title='bbox 1096 4813 1281 4858; x_wconf 91' lang='lat' dir='ltr'><strong>utatur</strong></span> <span class='ocrx_word' id='word_1_741' title='bbox 1332 4818 1563 4873; x_wconf 84' lang='lat' dir='ltr'><strong>magnus</strong></span> <span class='ocrx_word' id='word_1_742' title='bbox 1614 4803 1831 4870; x_wconf 86' lang='lat' dir='ltr'><strong>Paulus,</strong></span> <span class='ocrx_word' id='word_1_743' title='bbox 1874 4804 1953 4858; x_wconf 88' lang='lat' dir='ltr'><strong>uti</strong></span> <span class='ocrx_word' id='word_1_744' title='bbox 2011 4813 2066 4859; x_wconf 88' lang='lat' dir='ltr'><strong>et</strong></span> 
     </span>
    </p>
   </div>
   <div class='ocr_carea' id='block_1_97' title="bbox 484 4895 2059 4968">
    <p class='ocr_par' dir='ltr' id='par_1_97' title="bbox 484 4895 2059 4968">
     <span class='ocr_line' id='line_1_97' title="bbox 484 4895 2059 4968; baseline -0.001 -16"><span class='ocrx_word' id='word_1_745' title='bbox 484 4898 661 4968; x_wconf 84' lang='lat' dir='ltr'><strong>ellipsi</strong></span> <span class='ocrx_word' id='word_1_746' title='bbox 715 4905 769 4951; x_wconf 90' lang='lat' dir='ltr'><strong>et</strong></span> <span class='ocrx_word' id='word_1_747' title='bbox 813 4896 1327 4960; x_wconf 89' lang='lat' dir='ltr'><strong>circumlocutione,</strong></span> <span class='ocrx_word' id='word_1_748' title='bbox 1374 4905 1430 4951; x_wconf 90' lang='lat' dir='ltr'><strong>et</strong></span> <span class='ocrx_word' id='word_1_749' title='bbox 1464 4895 1571 4950; x_wconf 70' lang='grc' dir='ltr'><strong>ἀπὸ</strong></span> <span class='ocrx_word' id='word_1_750' title='bbox 1623 4895 1826 4960; x_wconf 79' lang='grc' dir='ltr'>κοινοῦ,</span> <span class='ocrx_word' id='word_1_751' title='bbox 1855 4903 1909 4951; x_wconf 90' lang='lat' dir='ltr'><strong>et</strong></span> <span class='ocrx_word' id='word_1_752' title='bbox 1944 4895 2059 4951; x_wconf 83' lang='lat' dir='ltr'><strong>fere</strong></span> 
     </span>
    </p>
   </div>
   <div class='ocr_carea' id='block_1_98' title="bbox 484 4987 2061 5058">
    <p class='ocr_par' dir='ltr' id='par_1_98' title="bbox 484 4987 2061 5058">
     <span class='ocr_line' id='line_1_98' title="bbox 484 4987 2061 5058; baseline -0.001 -14"><span class='ocrx_word' id='word_1_753' title='bbox 484 4991 744 5045; x_wconf 87' lang='lat' dir='ltr'><strong>omnibus</strong></span> <span class='ocrx_word' id='word_1_754' title='bbox 799 4989 921 5044; x_wconf 75' lang='lat' dir='ltr'><strong>ali‘s</strong></span> <span class='ocrx_word' id='word_1_755' title='bbox 981 4989 1190 5056; x_wconf 85' lang='lat' dir='ltr'><strong>liguris.</strong></span> <span class='ocrx_word' id='word_1_756' title='bbox 1220 4987 1424 5042; x_wconf 90' lang='lat' dir='ltr'><strong>Tamen</strong></span> <span class='ocrx_word' id='word_1_757' title='bbox 1475 4988 1590 5042; x_wconf 84' lang='lat' dir='ltr'><strong>ﬁeri</strong></span> <span class='ocrx_word' id='word_1_758' title='bbox 1628 4997 1805 5057; x_wconf 86' lang='lat' dir='ltr'><strong>potest</strong></span> <span class='ocrx_word' id='word_1_759' title='bbox 1858 4999 1919 5043; x_wconf 88' lang='lat' dir='ltr'><strong>ut</strong></span> <span class='ocrx_word' id='word_1_760' title='bbox 1969 4989 2061 5058; x_wconf 86' lang='lat' dir='ltr'><strong>qui</strong></span> 
     </span>
    </p>
   </div>
   <div class='ocr_carea' id='block_1_99' title="bbox 484 5081 2064 5152">
    <p class='ocr_par' dir='ltr' id='par_1_99' title="bbox 484 5081 2064 5152">
     <span class='ocr_line' id='line_1_99' title="bbox 484 5081 2064 5152; baseline -0.002 -15"><span class='ocrx_word' id='word_1_761' title='bbox 484 5081 628 5137; x_wconf 86' lang='lat' dir='ltr'><strong>haud</strong></span> <span class='ocrx_word' id='word_1_762' title='bbox 671 5083 877 5152; x_wconf 85' lang='lat' dir='ltr'><strong>ceperit</strong></span> <span class='ocrx_word' id='word_1_763' title='bbox 907 5098 1003 5151; x_wconf 88' lang='lat' dir='ltr'><strong>per</strong></span> <span class='ocrx_word' id='word_1_764' title='bbox 1057 5082 1419 5152; x_wconf 84' lang='lat' dir='ltr'><strong>hyperbaton,</strong></span> <span class='ocrx_word' id='word_1_765' title='bbox 1474 5082 1567 5136; x_wconf 83' lang='lat' dir='ltr'><strong>sed</strong></span> <span class='ocrx_word' id='word_1_766' title='bbox 1617 5098 1682 5137; x_wconf 90' lang='lat' dir='ltr'><strong>eo</strong></span> <span class='ocrx_word' id='word_1_767' title='bbox 1730 5083 1921 5137; x_wconf 91' lang='lat' dir='ltr'><strong>ordine</strong></span> <span class='ocrx_word' id='word_1_768' title='bbox 1955 5098 2064 5152; x_wconf 86' lang='lat' dir='ltr'><strong>quo</strong></span> 
     </span>
    </p>
   </div>
   <div class='ocr_carea' id='block_1_100' title="bbox 484 5171 2065 5240">
    <p class='ocr_par' dir='ltr' id='par_1_100' title="bbox 484 5171 2065 5240">
     <span class='ocr_line' id='line_1_100' title="bbox 484 5171 2065 5240; baseline 0.001 -15"><span class='ocrx_word' id='word_1_769' title='bbox 484 5188 648 5227; x_wconf 86' lang='lat' dir='ltr'><strong>voces</strong></span> <span class='ocrx_word' id='word_1_770' title='bbox 680 5173 1069 5240; x_wconf 86' lang='lat' dir='ltr'><strong>disponuntur,</strong></span> <span class='ocrx_word' id='word_1_771' title='bbox 1108 5171 1418 5226; x_wconf 89' lang='lat' dir='ltr'><strong>istiusmodi</strong></span> <span class='ocrx_word' id='word_1_772' title='bbox 1456 5172 1580 5226; x_wconf 90' lang='lat' dir='ltr'><strong>inde</strong></span> <span class='ocrx_word' id='word_1_773' title='bbox 1616 5172 1942 5227; x_wconf 89' lang='lat' dir='ltr'><strong>sententiam</strong></span> <span class='ocrx_word' id='word_1_774' title='bbox 1974 5190 2065 5227; x_wconf 68' lang='lat' dir='ltr'><strong>te-</strong></span> 
     </span>
    </p>
   </div>
   <div class='ocr_carea' id='block_1_101' title="bbox 485 5266 2063 5337">
    <p class='ocr_par' dir='ltr' id='par_1_101' title="bbox 485 5266 2063 5337">
     <span class='ocr_line' id='line_1_101' title="bbox 485 5266 2063 5337; baseline -0.002 -16"><span class='ocrx_word' id='word_1_775' title='bbox 485 5276 645 5321; x_wconf 91' lang='lat' dir='ltr'><strong>netur</strong></span> <span class='ocrx_word' id='word_1_776' title='bbox 680 5282 694 5320; x_wconf 92' lang='lat'><strong>:</strong></span> <span class='ocrx_word' id='word_1_777' title='bbox 734 5285 753 5318; x_wconf 88' lang='grc'><strong><em>‹</em></strong></span> <span class='ocrx_word' id='word_1_778' title='bbox 785 5266 1175 5337; x_wconf 70' lang='lat' dir='ltr'><strong>Saepenumero</strong></span> <span class='ocrx_word' id='word_1_779' title='bbox 1223 5267 1480 5337; x_wconf 90' lang='lat' dir='ltr'><strong>proposui</strong></span> <span class='ocrx_word' id='word_1_780' title='bbox 1539 5267 1606 5320; x_wconf 88' lang='lat' dir='ltr'><strong>ad</strong></span> <span class='ocrx_word' id='word_1_781' title='bbox 1660 5282 1758 5321; x_wconf 84' lang='lat' dir='ltr'><strong>vos</strong></span> <span class='ocrx_word' id='word_1_782' title='bbox 1807 5268 2012 5321; x_wconf 86' lang='lat' dir='ltr'><strong>venire.</strong></span> <span class='ocrx_word' id='word_1_783' title='bbox 2044 5287 2063 5319; x_wconf 73' lang='grc' dir='ltr'>ι</span> 
     </span>
    </p>
   </div>
   <div class='ocr_carea' id='block_1_102' title="bbox 481 5357 2069 5429">
    <p class='ocr_par' dir='ltr' id='par_1_102' title="bbox 481 5357 2069 5429">
     <span class='ocr_line' id='line_1_102' title="bbox 481 5357 2069 5429; baseline 0 -16"><span class='ocrx_word' id='word_1_784' title='bbox 481 5361 553 5413; x_wconf 84' lang='grc' dir='ltr'>Αι</span> <span class='ocrx_word' id='word_1_785' title='bbox 579 5377 840 5429; x_wconf 87' lang='lat' dir='ltr'><strong>quorsum</strong></span> <span class='ocrx_word' id='word_1_786' title='bbox 888 5377 994 5414; x_wconf 87' lang='lat' dir='ltr'><strong>non</strong></span> <span class='ocrx_word' id='word_1_787' title='bbox 1045 5359 1279 5415; x_wconf 73' lang='lat' dir='ltr'><strong>venisti?</strong></span> <span class='ocrx_word' id='word_1_788' title='bbox 1308 5377 1326 5410; x_wconf 83' lang='grc' dir='ltr'><strong>ι</strong></span> <span class='ocrx_word' id='word_1_789' title='bbox 1375 5357 1669 5425; x_wconf 87' lang='lat' dir='ltr'><strong>lmpeditus</strong></span> <span class='ocrx_word' id='word_1_790' title='bbox 1705 5358 1803 5424; x_wconf 79' lang='lat' dir='ltr'><strong>fui,</strong></span> <span class='ocrx_word' id='word_1_791' title='bbox 1839 5375 2069 5427; x_wconf 82' lang='lat' dir='ltr'><strong>l‘eSpOll-</strong></span> 
     </span>
    </p>
   </div>
   <div class='ocr_carea' id='block_1_103' title="bbox 2172 4616 3750 4692">
    <p class='ocr_par' dir='ltr' id='par_1_103' title="bbox 2172 4616 3750 4692">
     <span class='ocr_line' id='line_1_103' title="bbox 2172 4616 3750 4692; baseline -0.004 -18"><span class='ocrx_word' id='word_1_792' title='bbox 2172 4636 2257 4685; x_wconf 82' lang='grc' dir='ltr'><strong>τις</strong></span> <span class='ocrx_word' id='word_1_793' title='bbox 2297 4620 2550 4692; x_wconf 79' lang='grc' dir='ltr'>εἰρῆσθαι</span> <span class='ocrx_word' id='word_1_794' title='bbox 2589 4619 2649 4672; x_wconf 78' lang='grc' dir='ltr'>τὸ</span> <span class='ocrx_word' id='word_1_795' title='bbox 2678 4621 2878 4690; x_wconf 78' lang='grc' dir='ltr'>χωρίον</span> <span class='ocrx_word' id='word_1_796' title='bbox 2938 4618 3180 4683; x_wconf 78' lang='grc' dir='ltr'>ἐκλάϐοι,</span> <span class='ocrx_word' id='word_1_797' title='bbox 3230 4632 3342 4688; x_wconf 84' lang='grc' dir='ltr'>εχει</span> <span class='ocrx_word' id='word_1_798' title='bbox 3388 4616 3482 4688; x_wconf 62' lang='grc' dir='ltr'><strong>τὴν</strong></span> <span class='ocrx_word' id='word_1_799' title='bbox 3514 4616 3750 4670; x_wconf 64' lang='grc' dir='ltr'>ἓιέειοιαν</span> 
     </span>
    </p>
   </div>
   <div class='ocr_carea' id='block_1_104' title="bbox 2169 4707 3747 4781">
    <p class='ocr_par' dir='ltr' id='par_1_104' title="bbox 2169 4707 3747 4781">
     <span class='ocr_line' id='line_1_104' title="bbox 2169 4707 3747 4781; baseline -0.003 -18"><span class='ocrx_word' id='word_1_800' title='bbox 2169 4710 2344 4773; x_wconf 74' lang='grc' dir='ltr'>οὕτως</span> <span class='ocrx_word' id='word_1_801' title='bbox 2375 4709 2791 4781; x_wconf 73' lang='grc' dir='ltr'>ἐξηπλωμένηνο</span> <span class='ocrx_word' id='word_1_802' title='bbox 2824 4711 2917 4764; x_wconf 85' lang='grc' dir='ltr'><strong>καὶ</strong></span> <span class='ocrx_word' id='word_1_803' title='bbox 2940 4710 3048 4780; x_wconf 86' lang='grc' dir='ltr'>γὰρ</span> <span class='ocrx_word' id='word_1_804' title='bbox 3082 4709 3250 4779; x_wconf 81' lang='grc' dir='ltr'>πολλή</span> <span class='ocrx_word' id='word_1_805' title='bbox 3283 4726 3364 4770; x_wconf 79' lang='grc' dir='ltr'><strong>τις</strong></span> <span class='ocrx_word' id='word_1_806' title='bbox 3389 4708 3482 4760; x_wconf 69' lang='grc' dir='ltr'>τοῦ</span> <span class='ocrx_word' id='word_1_807' title='bbox 3510 4707 3747 4760; x_wconf 81' lang='grc' dir='ltr'>τοιούτου</span> 
     </span>
    </p>
   </div>
   <div class='ocr_carea' id='block_1_105' title="bbox 2173 4800 3750 4873">
    <p class='ocr_par' dir='ltr' id='par_1_105' title="bbox 2173 4800 3750 4873">
     <span class='ocr_line' id='line_1_105' title="bbox 2173 4800 3750 4873; baseline -0.002 -19"><span class='ocrx_word' id='word_1_808' title='bbox 2173 4802 2453 4873; x_wconf 81' lang='grc' dir='ltr'>σχήματος</span> <span class='ocrx_word' id='word_1_809' title='bbox 2483 4802 2560 4872; x_wconf 82' lang='grc' dir='ltr'>τῷ</span> <span class='ocrx_word' id='word_1_810' title='bbox 2612 4802 2833 4873; x_wconf 83' lang='grc' dir='ltr'>μεγάλῳ</span> <span class='ocrx_word' id='word_1_811' title='bbox 2866 4801 3064 4871; x_wconf 79' lang='grc' dir='ltr'>Παύλῳ</span> <span class='ocrx_word' id='word_1_812' title='bbox 3122 4804 3155 4870; x_wconf 80' lang='grc' dir='ltr'>ἡ</span> <span class='ocrx_word' id='word_1_813' title='bbox 3191 4801 3409 4870; x_wconf 81' lang='grc' dir='ltr'>χρῆσις,</span> <span class='ocrx_word' id='word_1_814' title='bbox 3438 4800 3627 4869; x_wconf 80' lang='grc' dir='ltr'>ὥσπερ</span> <span class='ocrx_word' id='word_1_815' title='bbox 3658 4801 3750 4851; x_wconf 77' lang='grc' dir='ltr'><strong>καὶ</strong></span> 
     </span>
    </p>
   </div>
   <div class='ocr_carea' id='block_1_106' title="bbox 2168 4890 3748 4965">
    <p class='ocr_par' dir='ltr' id='par_1_106' title="bbox 2168 4890 3748 4965">
     <span class='ocr_line' id='line_1_106' title="bbox 2168 4890 3748 4965; baseline -0.003 -18"><span class='ocrx_word' id='word_1_816' title='bbox 2168 4896 2266 4965; x_wconf 85' lang='grc' dir='ltr'><strong>τῆς</strong></span> <span class='ocrx_word' id='word_1_817' title='bbox 2299 4895 2613 4963; x_wconf 77' lang='grc' dir='ltr'>ἐλλείψεως,</span> <span class='ocrx_word' id='word_1_818' title='bbox 2647 4895 2741 4948; x_wconf 82' lang='grc' dir='ltr'><strong>καὶ</strong></span> <span class='ocrx_word' id='word_1_819' title='bbox 2773 4894 2881 4946; x_wconf 83' lang='grc' dir='ltr'><strong>τῶν</strong></span> <span class='ocrx_word' id='word_1_820' title='bbox 2931 4892 3257 4964; x_wconf 80' lang='grc' dir='ltr'>περιϐολῶν,</span> <span class='ocrx_word' id='word_1_821' title='bbox 3312 4892 3405 4944; x_wconf 70' lang='grc' dir='ltr'><strong>καὶ</strong></span> <span class='ocrx_word' id='word_1_822' title='bbox 3437 4891 3500 4961; x_wconf 78' lang='grc' dir='ltr'><strong>δὴ</strong></span> <span class='ocrx_word' id='word_1_823' title='bbox 3540 4891 3633 4944; x_wconf 69' lang='grc' dir='ltr'><strong>καὶ</strong></span> <span class='ocrx_word' id='word_1_824' title='bbox 3656 4890 3748 4942; x_wconf 67' lang='grc' dir='ltr'>τοῦ</span> 
     </span>
    </p>
   </div>
   <div class='ocr_carea' id='block_1_107' title="bbox 2172 4977 3747 5056">
    <p class='ocr_par' dir='ltr' id='par_1_107' title="bbox 2172 4977 3747 5056">
     <span class='ocr_line' id='line_1_107' title="bbox 2172 4977 3747 5056; baseline -0.003 -15"><span class='ocrx_word' id='word_1_825' title='bbox 2172 4989 2281 5041; x_wconf 86' lang='grc' dir='ltr'>ἀπὸ</span> <span class='ocrx_word' id='word_1_826' title='bbox 2311 4989 2514 5049; x_wconf 80' lang='grc' dir='ltr'>κοινοῦ,</span> <span class='ocrx_word' id='word_1_827' title='bbox 2545 4987 2641 5040; x_wconf 75' lang='grc' dir='ltr'><strong>καὶ</strong></span> <span class='ocrx_word' id='word_1_828' title='bbox 2692 4986 2837 5040; x_wconf 78' lang='grc' dir='ltr'>κατὰ</span> <span class='ocrx_word' id='word_1_829' title='bbox 2864 4987 3043 5039; x_wconf 75' lang='grc' dir='ltr'>πᾶσαν</span> <span class='ocrx_word' id='word_1_830' title='bbox 3100 4977 3245 5039; x_wconf 81' lang='grc' dir='ltr'>ἰδέαν</span> <span class='ocrx_word' id='word_1_831' title='bbox 3273 4985 3305 5056; x_wconf 81' lang='grc' dir='ltr'><strong>ἡ</strong></span> <span class='ocrx_word' id='word_1_832' title='bbox 3337 4986 3747 5055; x_wconf 84' lang='grc' dir='ltr'>μεταχείρησις.</span> 
     </span>
    </p>
   </div>
   <div class='ocr_carea' id='block_1_108' title="bbox 2185 5076 3750 5150">
    <p class='ocr_par' dir='ltr' id='par_1_108' title="bbox 2185 5076 3750 5150">
     <span class='ocr_line' id='line_1_108' title="bbox 2185 5076 3750 5150; baseline -0.004 -17"><span class='ocrx_word' id='word_1_833' title='bbox 2185 5080 2326 5133; x_wconf 82' lang='grc' dir='ltr'>Ἀλλ’</span> <span class='ocrx_word' id='word_1_834' title='bbox 2358 5076 2451 5132; x_wconf 75' lang='grc' dir='ltr'><strong>οὖν</strong></span> <span class='ocrx_word' id='word_1_835' title='bbox 2478 5080 2704 5133; x_wconf 78' lang='grc' dir='ltr'>δυνατὸν</span> <span class='ocrx_word' id='word_1_836' title='bbox 2735 5085 2828 5132; x_wconf 80' lang='grc' dir='ltr'>καὶ</span> <span class='ocrx_word' id='word_1_837' title='bbox 2853 5077 2928 5148; x_wconf 85' lang='grc' dir='ltr'><strong>μὴ</strong></span> <span class='ocrx_word' id='word_1_838' title='bbox 2951 5077 3074 5132; x_wconf 85' lang='grc' dir='ltr'>καθ’</span> <span class='ocrx_word' id='word_1_839' title='bbox 3106 5076 3416 5150; x_wconf 72' lang='grc' dir='ltr'>ὑπερῦατὸν</span> <span class='ocrx_word' id='word_1_840' title='bbox 3463 5076 3750 5145; x_wconf 83' lang='grc' dir='ltr'>εἰληφότα,</span> 
     </span>
    </p>
   </div>
   <div class='ocr_carea' id='block_1_109' title="bbox 2174 5169 3753 5245">
    <p class='ocr_par' dir='ltr' id='par_1_109' title="bbox 2174 5169 3753 5245">
     <span class='ocr_line' id='line_1_109' title="bbox 2174 5169 3753 5245; baseline -0.005 -17"><span class='ocrx_word' id='word_1_841' title='bbox 2174 5175 2289 5229; x_wconf 83' lang='grc' dir='ltr'>ἀλλ’</span> <span class='ocrx_word' id='word_1_842' title='bbox 2312 5174 2387 5237; x_wconf 83' lang='grc' dir='ltr'>ὡς</span> <span class='ocrx_word' id='word_1_843' title='bbox 2411 5173 2527 5245; x_wconf 74' lang='grc' dir='ltr'>ἔχει</span> <span class='ocrx_word' id='word_1_844' title='bbox 2553 5172 2761 5238; x_wconf 79' lang='grc' dir='ltr'>τάξεως</span> <span class='ocrx_word' id='word_1_845' title='bbox 2796 5172 3212 5242; x_wconf 84' lang='grc' dir='ltr'>συντηρήσαντα</span> <span class='ocrx_word' id='word_1_846' title='bbox 3248 5170 3487 5224; x_wconf 79' lang='grc' dir='ltr'>τοιοῦτον</span> <span class='ocrx_word' id='word_1_847' title='bbox 3511 5173 3569 5224; x_wconf 90' lang='grc' dir='ltr'><strong>ἐν</strong></span> <span class='ocrx_word' id='word_1_848' title='bbox 3605 5169 3753 5239; x_wconf 81' lang='grc' dir='ltr'>αὐτῷ</span> 
     </span>
    </p>
   </div>
   <div class='ocr_carea' id='block_1_110' title="bbox 2174 5262 3753 5338">
    <p class='ocr_par' dir='ltr' id='par_1_110' title="bbox 2174 5262 3753 5338">
     <span class='ocr_line' id='line_1_110' title="bbox 2174 5262 3753 5338; baseline -0.004 -19"><span class='ocrx_word' id='word_1_849' title='bbox 2174 5266 2413 5338; x_wconf 82' lang='grc' dir='ltr'>θηρᾶσαι</span> <span class='ocrx_word' id='word_1_850' title='bbox 2439 5267 2529 5320; x_wconf 79' lang='grc' dir='ltr'><strong>τὸν</strong></span> <span class='ocrx_word' id='word_1_851' title='bbox 2553 5266 2697 5320; x_wconf 77' lang='grc' dir='ltr'>νοῦνο</span> <span class='ocrx_word' id='word_1_852' title='bbox 2732 5263 3030 5327; x_wconf 76' lang='grc' dir='ltr'>(Πολλάκις</span> <span class='ocrx_word' id='word_1_853' title='bbox 3058 5264 3369 5336; x_wconf 81' lang='grc' dir='ltr'>προεθέμην</span> <span class='ocrx_word' id='word_1_854' title='bbox 3416 5262 3590 5315; x_wconf 85' lang='grc' dir='ltr'>ἐλθεῖν</span> <span class='ocrx_word' id='word_1_855' title='bbox 3617 5262 3753 5332; x_wconf 76' lang='grc' dir='ltr'>πρὸς</span> 
     </span>
    </p>
   </div>
   <div class='ocr_carea' id='block_1_111' title="bbox 2168 5349 3751 5426">
    <p class='ocr_par' dir='ltr' id='par_1_111' title="bbox 2168 5349 3751 5426">
     <span class='ocr_line' id='line_1_111' title="bbox 2168 5349 3751 5426; baseline -0.004 -18"><span class='ocrx_word' id='word_1_856' title='bbox 2168 5357 2335 5425; x_wconf 80' lang='grc' dir='ltr'>ὑμᾶς.</span> <span class='ocrx_word' id='word_1_857' title='bbox 2365 5374 2383 5407; x_wconf 81' lang='grc' dir='ltr'><strong>ι</strong></span> <span class='ocrx_word' id='word_1_858' title='bbox 2422 5354 2521 5407; x_wconf 85' lang='grc' dir='ltr'><strong>Διὰ</strong></span> <span class='ocrx_word' id='word_1_859' title='bbox 2560 5354 2614 5408; x_wconf 90' lang='grc' dir='ltr'><strong>τί</strong></span> <span class='ocrx_word' id='word_1_860' title='bbox 2657 5350 2751 5407; x_wconf 82' lang='grc' dir='ltr'><strong>οὖν</strong></span> <span class='ocrx_word' id='word_1_861' title='bbox 2790 5353 2891 5407; x_wconf 82' lang='grc' dir='ltr'><strong>οὐκ</strong></span> <span class='ocrx_word' id='word_1_862' title='bbox 2913 5349 3112 5426; x_wconf 84' lang='grc' dir='ltr'>ἦλθες;</span> <span class='ocrx_word' id='word_1_863' title='bbox 3142 5372 3163 5407; x_wconf 78' lang='grc' dir='ltr'><strong>ι</strong></span> <span class='ocrx_word' id='word_1_864' title='bbox 3205 5352 3535 5423; x_wconf 83' lang='grc' dir='ltr'>Ἐκωλύθην,</span> <span class='ocrx_word' id='word_1_865' title='bbox 3563 5353 3751 5421; x_wconf 73' lang='grc' dir='ltr'>φησιν,</span> 
     </span>
    </p>
   </div>
   <div class='ocr_carea' id='block_1_112' title="bbox 482 5445 2071 5523">
    <p class='ocr_par' dir='ltr' id='par_1_112' title="bbox 482 5450 2068 5523">
     <span class='ocr_line' id='line_1_112' title="bbox 482 5450 2068 5523; baseline 0.002 -17"><span class='ocrx_word' id='word_1_866' title='bbox 482 5452 593 5517; x_wconf 83' lang='lat' dir='ltr'><strong>det,</strong></span> <span class='ocrx_word' id='word_1_867' title='bbox 644 5469 816 5522; x_wconf 88' lang='lat' dir='ltr'><strong>usque</strong></span> <span class='ocrx_word' id='word_1_868' title='bbox 855 5467 1024 5507; x_wconf 91' lang='lat' dir='ltr'><strong>nunc.</strong></span> <span class='ocrx_word' id='word_1_869' title='bbox 1067 5471 1086 5504; x_wconf 76' lang='grc' dir='ltr'>ι</span> <span class='ocrx_word' id='word_1_870' title='bbox 1120 5450 1263 5519; x_wconf 86' lang='lat' dir='ltr'><strong>Quid</strong></span> <span class='ocrx_word' id='word_1_871' title='bbox 1306 5452 1636 5523; x_wconf 89' lang='lat' dir='ltr'><strong>impediebat</strong></span> <span class='ocrx_word' id='word_1_872' title='bbox 1677 5455 1900 5507; x_wconf 87' lang='lat' dir='ltr'><strong>autem?</strong></span> <span class='ocrx_word' id='word_1_873' title='bbox 1933 5472 1951 5504; x_wconf 77' lang='grc' dir='ltr'>ι</span> <span class='ocrx_word' id='word_1_874' title='bbox 1996 5451 2068 5509; x_wconf 91' lang='lat' dir='ltr'><strong>Ut</strong></span> 
     </span>
    </p>
   </div>
   <div class='ocr_carea' id='block_1_113' title="bbox 2175 5445 3753 5523">
    <p class='ocr_par' dir='ltr' id='par_1_113' title="bbox 2175 5445 3753 5523">
     <span class='ocr_line' id='line_1_113' title="bbox 2175 5445 3753 5523; baseline -0.004 -19"><span class='ocrx_word' id='word_1_875' title='bbox 2175 5450 2295 5522; x_wconf 63' lang='grc' dir='ltr'>ἄχρι</span> <span class='ocrx_word' id='word_1_876' title='bbox 2321 5449 2417 5504; x_wconf 79' lang='grc' dir='ltr'>τοῦ</span> <span class='ocrx_word' id='word_1_877' title='bbox 2450 5447 2665 5521; x_wconf 72' lang='grc' dir='ltr'>δεῦρο.)</span> <span class='ocrx_word' id='word_1_878' title='bbox 2725 5448 2884 5513; x_wconf 86' lang='grc' dir='ltr'>Τίνος</span> <span class='ocrx_word' id='word_1_879' title='bbox 2926 5447 3156 5514; x_wconf 79' lang='grc' dir='ltr'>ἐνεκεν;</span> <span class='ocrx_word' id='word_1_880' title='bbox 3219 5447 3368 5502; x_wconf 71' lang='grc' dir='ltr'>ι’Ίνα</span> <span class='ocrx_word' id='word_1_881' title='bbox 3390 5448 3511 5501; x_wconf 72' lang='grc' dir='ltr'>τινὰ</span> <span class='ocrx_word' id='word_1_882' title='bbox 3541 5445 3753 5523; x_wconf 66' lang='grc' dir='ltr'>καρπὸν</span> 
     </span>
    </p>
   </div>
   <div class='ocr_carea' id='block_1_114' title="bbox 555 5568 985 5634">
    <p class='ocr_par' dir='ltr' id='par_1_114' title="bbox 555 5568 985 5634">
     <span class='ocr_line' id='line_1_114' title="bbox 555 5568 985 5634; baseline 0 -11"><span class='ocrx_word' id='word_1_883' title='bbox 555 5569 596 5600; x_wconf 85' lang='lat'>“</span> <span class='ocrx_word' id='word_1_884' title='bbox 631 5569 790 5623; x_wconf 70' lang='lat' dir='ltr'><strong>llum.</strong></span> <span class='ocrx_word' id='word_1_885' title='bbox 828 5568 985 5634; x_wconf 78' lang='grc' dir='ltr'>ι,15.</span> 
     </span>
    </p>
   </div>
   <div class='ocr_carea' id='block_1_115' title="bbox 1765 5678 2451 5740">
    <p class='ocr_par' dir='ltr' id='par_1_115' title="bbox 1765 5678 2451 5740">
     <span class='ocr_line' id='line_1_115' title="bbox 1765 5678 2451 5740; baseline 0.003 -5"><span class='ocrx_word' id='word_1_886' title='bbox 1765 5678 2002 5736; x_wconf 67' lang='grc' dir='ltr'><strong>νΛαΒΙᾸΞ</strong></span> <span class='ocrx_word' id='word_1_887' title='bbox 2044 5681 2451 5740; x_wconf 73' lang='lat' dir='ltr'><strong>LECTIONES.</strong></span> 
     </span>
    </p>
   </div>
   <div class='ocr_carea' id='block_1_116' title="bbox 612 5795 1485 5863">
    <p class='ocr_par' dir='ltr' id='par_1_116' title="bbox 612 5795 1485 5863">
     <span class='ocr_line' id='line_1_116' title="bbox 612 5795 1485 5863; baseline 0.002 -12"><span class='ocrx_word' id='word_1_888' title='bbox 612 5796 675 5853; x_wconf 84' lang='lat' dir='ltr'><strong>C.</strong></span> <span class='ocrx_word' id='word_1_889' title='bbox 718 5795 864 5853; x_wconf 50' lang='lat' dir='ltr'><strong>Metti</strong></span> <span class='ocrx_word' id='word_1_890' title='bbox 894 5796 1077 5853; x_wconf 90' lang='lat' dir='ltr'><strong>minus</strong></span> <span class='ocrx_word' id='word_1_891' title='bbox 1106 5806 1255 5857; x_wconf 87' lang='lat' dir='ltr'><strong>recte</strong></span> <span class='ocrx_word' id='word_1_892' title='bbox 1278 5798 1485 5863; x_wconf 74' lang='grc' dir='ltr'>αὐτοῖς.</span> 
     </span>
    </p>
   </div>
   <div class='ocr_carea' id='block_1_117' title="bbox 1599 5797 2159 5872">
    <p class='ocr_par' dir='ltr' id='par_1_117' title="bbox 1599 5797 2159 5872">
     <span class='ocr_line' id='line_1_117' title="bbox 1599 5797 2159 5872; baseline 0.002 -18"><span class='ocrx_word' id='word_1_893' title='bbox 1599 5802 1622 5840; x_wconf 72' lang='grc' dir='ltr'><strong>Β</strong></span> <span class='ocrx_word' id='word_1_894' title='bbox 1652 5797 1716 5855; x_wconf 89' lang='lat' dir='ltr'><strong>C.</strong></span> <span class='ocrx_word' id='word_1_895' title='bbox 1747 5799 1889 5856; x_wconf 78' lang='lat' dir='ltr'><strong>Men.</strong></span> <span class='ocrx_word' id='word_1_896' title='bbox 1920 5799 2159 5872; x_wconf 75' lang='grc' dir='ltr'>ἔχαιρον.</span> 
     </span>
    </p>
   </div>
  </div>
