4158 6432
433 365 538 433 5³ἶ3

1429 369 1527 430 ΑΙ)
1580 370 2172 434 AMPIIILOCHIUM
2239 367 2582 445 QUAESTIO
2635 374 2786 435 XCI.

3597 377 3704 442 574
3772 453 3774 456 ν

430 477 547 550 σχῶ
569 474 670 531 καὶ
699 474 758 530 ἐν
789 473 943 546 ὑμῖν.
981 491 1001 528 ι
1053 474 1364 542 Τουτέστιν,
1398 478 1486 532 διὰ
1509 479 1670 533 τοῦτο
1706 480 2009 551 ἐκωλύθην,

2121 483 2364 538 fructum
2396 484 2634 554 aliquem
2669 499 2699 538 a
2727 483 2884 540 vobis
2924 483 3242 555 pereipiam.
3289 501 3312 537 ›
3348 484 3406 541 ld
3441 495 3546 552 est,
3579 503 3700 542 eaut
3757 478 3767 486 ’

431 569 520 623 ἵνα
555 568 630 639 μὴ
665 568 859 622 θᾶττον
889 565 1059 620 ἐλθὼν
1087 569 1369 640 ἀκάρπους
1398 570 1541 641 ὑμᾶς
1578 570 1658 624 ἐτι
1691 571 2002 626 καταλάϐω·

431 661 762 715 καταλαὸὼν
794 661 904 732 γάρ
933 661 1146 732 ἀώρους
1194 662 1531 733 ἐμεμψάμην
1559 662 1627 715 ἂν
1657 663 1882 733 ἐμαυτῷ
1910 665 2008 734 μὲν

430 753 534 820 τῆς
565 751 796 822 ἀκαίρου
827 750 1149 822 ταχύτητος,
1191 753 1287 804 καὶ
1321 753 1452 822 ὑμῖν
1475 752 1531 806 δὲ
1570 754 1667 820 τῆς
1712 755 1772 806 ἐν
1801 748 1882 816 οἷς
1907 753 2009 806 ούκ

433 843 541 895 ἔδει
575 842 923 913 βραδύτητος.
981 844 1072 895 Διὸ
1122 841 1463 914 άνεϐαλόμην
1518 844 1619 914 τὴν
1678 845 2001 915 παρουσίαν,

435 934 671 997 ἐλπίζων
700 936 796 1004 τὴν
820 935 1119 1006 γεωργίαν.
1144 930 1212 1006 ἧς
1239 934 1362 1004 οὐχὶ
1393 937 1558 1006 μήπω
1597 936 1734 1006 πρὸς
1771 936 2009 1008 βλάστην

433 1025 663 1096 ἐρώσης,
723 1025 838 1079 ἀλλ’
899 1027 1002 1097 ήδη
1034 1027 1128 1079 καὶ
1183 1029 1294 1088 τοῖς
1323 1026 1548 1081 ἄνθεσιν
1590 1029 2006 1099 ἐνυστερούσης,

433 1114 588 1178 ὄκνος
614 1117 1107 1190 ἔχειπαρεῖναιτήν
1119 1120 1326 1190 ταύτης
1349 1119 1405 1170 ἐν
1435 1114 1734 1173 ἀπολαύσει
1755 1121 2009 1188 γενέσθαι

432 1205 720 1260 ποθοῦντα.
786 1208 989 1262 Ἐπειδ’
1025 1211 1092 1264 ἂν
1144 1211 1204 1264 δὲ
1231 1213 1371 1282 μετὰ
1395 1212 1494 1281 τήν
1554 1211 1794 1282 βλάστην
1824 1213 1919 1265 καὶ
1943 1213 2012 1266 τά

431 1297 592 1367 ἄνθη,
627 1300 985 1371 ἐπιφαίνηται
1027 1303 1124 1356 καὶ
1166 1304 1657 1375 τελεσφορουμένηο
1687 1299 1809 1358 τότε
1834 1300 2012 1378 χαράς

437 1389 530 1443 καὶ
577 1390 916 1463 εὐφροσύνης
945 1395 973 1447 ὁ
1005 1393 1144 1464 πρὸς
1169 1395 1338 1466 αὐτὴν
1361 1396 1739 1468 πληρούμενος
1786 1397 2008 1469 δρόμος.

433 1482 547 1534 Ούκ
577 1476 717 1534 οἶδεν
750 1481 1062 1550 λογίζεσθαι
1108 1486 1321 1549 πόνους,
1374 1487 1495 1540 οὐδὲ
1549 1488 1688 1559 πρὸς
1719 1489 1856 1543 ἄλλα
1913 1489 2013 1559 τὴν

437 1575 669 1646 σπουδὴν
684 1577 1094 1648 καταμερίξειν.
1127 1579 1193 1632 Τί
1216 1575 1311 1632 οὖν
1337 1579 1404 1633 ἂν
1434 1581 1528 1634 καὶ
1555 1583 2010 1654 καρποφορῶσιν;

433 1664 568 1734 τίςή
599 1665 758 1736 χρεία
792 1667 892 1736 τῆς
924 1669 1233 1737 παρουσίας
1263 1669 1516 1739 Παύλους
1552 1672 1730 1742 Πολλὴ
1759 1673 1858 1743 μὲν
1893 1672 2009 1726 οὖν.

434 1755 509 1806 Οὐ
549 1754 656 1825 γὰρ
720 1757 901 1809 πάντα
955 1754 1221 1829 ἀνέμενεν
1278 1756 1372 1813 τὸν
1425 1761 1660 1832 καρπὸν,
1696 1762 1835 1816 ἀλλά
1865 1763 2009 1819 τινά.

437 1863 455 1894 ο
499 1845 615 1897 ’Ὶνα
647 1848 756 1918 γάρ
785 1864 907 1899 τινα
953 1849 1166 1919 καρπὸν
1207 1850 1344 1921 σχῶ,
1383 1851 1538 1922 φησὶ,
1586 1852 1682 1905 καὶ
1711 1853 1771 1907 ἐν
1800 1853 1948 1924 ὑμῖν.
1989 1873 2011 1907 ι
2047 1841 2089 1897 Β

431 1932 644 2008 Ὥσπερ
672 1937 729 1990 δὲ
762 1941 1019 2010 περιττὸν
1046 1941 1141 1994 καὶ
1168 1943 1402 2012 μάταιον
1425 1944 1518 1996 τὸν
1553 1943 1777 2009 τελείως
1803 1962 2017 2015 καρποο

428 2027 706 2098 φοροῦντα
739 2030 821 2092 είς
861 2033 1250 2102 καρποφορίαν
1292 2035 1656 2104 παρακαλεῖν,
1693 2035 1868 2101 οὕτως
1895 2039 2016 2092 ἐπί·

443 2135 608 2172 πονον
632 2122 724 2173 καὶ
755 2123 1015 2194 ὀκνηρὸν,
1053 2124 1118 2177 ἂν
1136 2128 1268 2196 μηδέ
1288 2129 1529 2198 χρηστὰς
1549 2129 1770 2192 ἐλπίδας
1793 2131 2017 2203 ὑπάρχῃ

431 2208 639 2277 λαϐεῖν,
655 2213 747 2266 ἐπὶ
770 2215 840 2266 τά
861 2215 1044 2268 τέλεια
1059 2221 1366 2288 παραινεῖν.
1391 2220 1451 2270 Ei
1477 2219 1534 2271 δὲ
1553 2218 1579 2255 ³³
1596 2222 1805 2291 καρπός
1829 2239 1910 2285 τις
1931 2217 2017 2291 ἧν,

430 2303 524 2354 καὶ
547 2296 703 2367 οὗτος
724 2304 933 2368 τέλειος
963 2308 1023 2360 ἐν
1076 2309 1283 2376 αὐτοῖς,
1329 2309 1440 2363 οὐδ’
1469 2309 1646 2376 οὕτως
1681 2313 1870 2378 ἀπλῶς
1929 2315 2020 2368 ἐν·-

429 2395 694 2449 εκόπτετο
718 2398 822 2470 τήν
857 2402 1168 2472 παρουσίαν
1190 2404 1241 2443 ιι·
1267 2406 1296 2458 ὁ
1326 2405 1528 2478 πτηνὸς
1561 2407 1768 2471 ἐκεῖνος
1795 2409 1887 2462 καὶ
1917 2425 2018 2479 με-

425 2490 654 2561 τάρσιος
674 2492 964 2564 ἄνθρωπος
987 2511 1002 2527 ·
1031 2514 1050 2548 t
1080 2495 1398 2568 ὀφειλέτην»
1439 2499 1550 2570 γὰρ
1581 2501 1774 2554 ἐαυτὸν
1796 2501 1891 2555 καὶ
1908 2496 2018 2554 οἶδε

428 2583 523 2634 καὶ
551 2583 840 2648 ἀποκαλεῖ,
884 2587 1013 2656 (οὐχ
1043 2585 1318 2658 Ἐλλήνων
1349 2590 1532 2660 μόνων
1567 2592 1662 2645 καὶ
1696 2591 2015 2664 βαρϐάρων,

431 2673 571 2726 ἀλλὰ
604 2675 704 2727 καὶ
733 2676 912 2745 σοφῶν
947 2678 1044 2734 καὶ
1065 2677 1330 2749 ἀνοήτων·
1369 2699 1390 2734 ο
1428 2682 1522 2734 καὶ
1552 2683 1630 2752 τῷ
1667 2683 1793 2736 καθ’
1824 2684 2018 2738 ἐαυτὸν

429 2766 723 2838 προθύμῳ,
755 2768 855 2838 οὐχ
882 2769 1076 2823 ἵστατο
1103 2771 1179 2840 μὴ
1203 2772 1376 2825 πλείω
1390 2773 1500 2826 τῶν
1525 2775 1694 2828 ὄντων
1716 2777 2014 2847 ἐπιζητεῖν,

430 2859 575 2914 ὥστε
601 2865 695 2915 καὶ
733 2863 749 2901 ί
785 2864 895 2926 τοῖς
934 2862 1118 2935 ἔργοις
1157 2865 1399 2935 ἐκόμων,
1443 2867 1609 2931 αὐτὸς
1644 2868 1711 2921 ἀν
1737 2869 1800 2922 τὸ
1848 2869 2015 2923 αὐτοῦ

430 2953 530 3006 οὐκ
561 2954 779 3024 ἀπέστη
815 2955 986 3008 ποιῶν
1011 2972 1022 2985 ·
1047 2953 1162 3008 ἀλλ’
1188 2955 1444 3010 ἐπέκειτο
1473 2959 1795 3031 προσθήκην
1829 2961 2016 3030 μειζό-

432 3061 541 3098 νων
575 3045 873 3115 ἐπιξητῶν.
928 3047 1070 3099 Ἀλλ’
1120 3048 1267 3102 οὓτω
1320 3051 1420 3119 μέν
1463 3051 1557 3103 καὶ
1601 3053 1630 3121 ή
1665 3053 1890 3123 τοιαύτη
1919 3053 2014 3106 τοῦ

437 3137 602 3206 ῥητοῦ
637 3138 988 3209 διασάφησις.
1027 3140 1184 3193 Ἐστι
1227 3141 1284 3194 δὲ
1345 3141 1441 3195 καὶ
1496 3141 1674 3204 ἄλλως
1718 3143 1781 3196 τδ
1836 3144 2014 3215 νόημα

439 3229 687 3289 συνιδεῖν,
721 3229 1100 3302 ἁπλουστέραν
1133 3231 1232 3300 μὲν
1270 3231 1400 3295 ἴσως
1422 3231 1524 3302 τήν
1564 3233 1829 3303 ἐξήγησιν
1859 3236 2014 3288 ἐκδε-

434 3321 690 3391 χόμενον,
721 3324 1076 3395 οίκειωτέραν
1101 3323 1167 3386 δ’,
1194 3318 1375 3393 οἶμαι,
1401 3326 1498 3378 καὶ
1527 3328 1626 3397 τῆς
1656 3325 1867 3379 Παύλου
1899 3327 2015 3380 διας

432 3411 580 3476 νοίας
606 3413 822 3484 καὶτῆς
851 3413 1072 3478 λέξεως.
1117 3431 1136 3465 t
1174 3413 1463 3483 Πολλάκις,
1507 3417 1663 3486 φησὶ.
1699 3415 2015 3488 προεθέμην

431 3503 610 3558 ἐλθεῖν
637 3504 774 3578 πρὸς
804 3505 971 3576 ὑμᾶς,
1007 3507 1122 3561 ἀλλ’
1166 3506 1449 3578 ἐκωλύθην
1479 3508 1607 3578 ἄχρι
1635 3506 1730 3561 τοῦ
1767 3508 1948 3577 δεῦρο.
1989 3528 2011 3562 ι

431 3600 532 3654 Διά
559 3598 610 3653 τί
632 3617 648 3666 ;
673 3617 692 3650 ι
722 3599 841 3652 Ἵνα
904 3599 1028 3651 τινὰ
1063 3599 1278 3669 καρπὸν
1309 3600 1443 3670 σχῶ,
1483 3619 1502 3652 ι
1534 3599 1623 3652 ἵνα
1660 3599 1826 3670 εἴπῃς
1855 3598 1898 3664 i,
1931 3601 2018 3654 ἐν·

432 3689 678 3745 ελείπετό
715 3707 803 3761 μοι
831 3689 1040 3760 καρπός
1067 3707 1152 3753 τις
1180 3689 1239 3742 ὃν
1262 3690 1371 3744 ἔδει
1406 3689 1662 3754 συλλέξαι
1719 3691 2011 3761 πρότερον,

433 3781 554 3837 εἶτα
587 3783 724 3853 πρὸς
746 3781 892 3852 ὑμᾶς
915 3781 1351 3851 παραγενέσθαι.
1386 3782 1482 3844 Τίς
1503 3777 1597 3835 οὖν
1625 3776 1694 3852 ἦν
1745 3781 1774 3833 ὁ
1803 3782 2015 3851 καρπὸς

432 3875 664 3936 ἐκεῖνος,
699 3872 794 3924 καὶ
826 3873 885 3924 ἐν
920 3871 1032 3924 τίσι
1055 3871 1379 3940 συνελέγετο
1401 3871 1605 3938 mm;
1635 3872 1843 3935 ἐκεῖνος
1873 3873 2011 3942 ἐρεῖ*

430 3964 525 4018 ἐπὶ
547 3965 658 4034 γάρ
689 3963 767 4033 τῷ
801 3961 946 4016 τέλει
973 3962 1073 4033 τῆς
1097 3962 1413 4034 ἐπιστολῆς,
1469 3962 1660 4036 ὥσπερ
1706 3962 2014 4031 ἐπιλογιζό-

433 4073 594 4129 μενος
618 4055 768 4128 αύτῷ
805 4055 875 4108 τά
902 4054 1368 4126 προοιμιασθέντα
1393 4096 1408 4122 ,
1443 4055 1587 4109 οὓτω
1620 4055 1802 4126 φησίν·
1860 4073 1879 4106 ι
1922 4055 2016 4108 Διὸ

430 4151 528 4204 καὶ
584 4148 964 4219 ἐνεκοπτόμην
1019 4147 1198 4202 ἐλθεῖν
1254 4148 1396 4218 πρὸς
1453 4148 1622 4218 ὑμᾶς,
1681 4167 1699 4199 ι
1749 4150 1887 4220 ὅπερ
1932 4150 2015 4212 είς

428 4244 624 4298 ταύτδν
655 4245 782 4314 ἣκει
814 4242 876 4295 τὸ
909 4245 935 4282 k
965 4242 1059 4296 καὶ
1089 4261 1108 4295 ι
1161 4241 1472 4314 Ἐκωλύθην
1493 4243 1623 4315 ἄχρι
1651 4240 1747 4294 τοῦ
1775 4241 1955 4312 δεῦρο’
1988 4259 2009 4293 ι

430 4333 575 4398 εἶτα,
612 4354 632 4388 ι
663 4338 800 4392 Νυνὶ
827 4341 885 4393 δὲ
917 4339 1114 4411 μηκέτι
1139 4337 1278 4407 ἔχων
1310 4334 1477 4388 τόπον
1521 4335 1580 4386 ἐν
1623 4334 1738 4396 τοῖς
1784 4332 2013 4402 κλίμασι

429 4429 666 4495 τούτοις,
725 4449 745 4482 ι
798 4431 938 4485 ἀλλά
970 4425 1350 4501 πεπληρωκὼς
1413 4424 1661 4496 δηλονότι
1723 4424 1786 4478 τὸ
1825 4423 2008 4496 ἔργον,

2117 575 2187 630 ob
2218 591 2440 630 causam
2473 576 2780 644 prohibitus
2826 592 2970 638 sum,
3013 592 3075 630 ne
3107 577 3150 631 si
3203 577 3369 633 eitiu‘s
3402 579 3703 644 venissem”,

2112 682 2210 720 vos
2235 664 2588 736 iufrugil‘eros
2613 667 2935 734 reperissem
2965 685 2980 733 ;
3012 671 3056 722 si
3084 669 3228 723 enim
3257 669 3582 724 immaturos
3614 671 3698 722 itt-

2113 758 2406 822 veuissetn,
2475 757 2786 827 culpassetn
2863 758 3303 829 intempestivum
3397 761 3694 816 adventum

2112 866 2320 916 meum,
2351 865 2440 904 me
2473 850 2541 904 de
2589 849 2940 904 festinatiOne
2971 851 3158 917 nimia,
3184 867 3282 906 vos
3311 853 3378 908 de
3408 854 3690 914 tarditate.

2112 939 2166 995 in
2195 941 2263 996 iis
2298 955 2420 1011 quae
2466 956 2574 993 non
2623 938 2907 994 decebant.
2958 939 3085 995 ideo
3131 941 3426 998 adventum
3480 959 3704 1014 comptu-

2113 1032 2393 1086 rendinavi
2439 1047 2642 1094 meum,
2677 1041 2998 1100 proventum
3042 1041 3390 1103 exspectans,
3446 1038 3538 1104 qui
3575 1047 3704 1090 cum

2111 1125 2354 1177 nondum
2385 1124 2872 1195 egerminationetn
2908 1125 3222 1194 respiceret,
3257 1126 3350 1180 sed
3393 1128 3603 1182 tardius
3647 1127 3702 1180 iu

2111 1212 2297 1268 ﬂorem
2334 1216 2659 1283 solveretur,
2693 1226 3009 1287 gravaretur
3043 1217 3133 1271 ille
3176 1216 3388 1281 adesse,
3424 1218 3517 1286 qui
3559 1217 3707 1270 desi-

2112 1308 2264 1363 derio
2292 1307 2412 1379 ejus
2447 1308 2690 1364 fruenda:
2725 1317 3019 1364 teneretur.
3084 1308 3150 1363 At
3187 1325 3310 1363 cum
3344 1319 3470 1376 post
3503 1310 3708 1379 genui-6

2112 1399 2388 1453 nationem
2421 1408 2475 1454 et
2498 1391 2660 1454 ﬂores
2703 1400 2769 1454 ad
2798 1395 3185 1470 perfectionem
3233 1401 3465 1454 adducta
3506 1400 3704 1465 fuerat,

2115 1500 2229 1545 tum
2260 1506 2515 1547 accessus
2571 1492 2638 1546 ad
2678 1508 2772 1546 eos
2819 1507 2989 1547 cursu
3041 1492 3353 1558 festinatus,
3399 1493 3599 1564 gaudio
3651 1501 3708 1548 et

2113 1580 2299 1639 lretitia
2326 1584 2675 1651 abundabat;
2707 1578 2921 1639 labores
2969 1585 3112 1639 haud
3174 1586 3325 1639 novit
3357 1593 3705 1653 computare,

2112 1692 2224 1731 non
2257 1691 2444 1731 curam
2479 1677 2694 1732 divisitu
2757 1676 2882 1732 aliis
2937 1677 3268 1747 impendere.
3315 1677 3469 1742 Quod
3505 1678 3552 1733 si
3589 1677 3708 1731 [ιδυ-

2116 1767 2379 1833 ctit'tcent,
2409 1768 2499 1822 eui
2540 1769 2664 1823 usui
2708 1767 2968 1826 inserviet
2992 1770 3260 1825 adventus
3292 1761 3489 1824 Pauli?
3515 1764 3706 1824 Multi-

2119 1859 2536 1932 pliciprofecto.
2585 1860 2704 1916 Non
2740 1862 2887 1917 enim
2936 1863 3314 1918 omnimodum
3367 1865 3707 1934 exspectavit

2121 1953 2381 2021 fructum,
2417 1955 2511 2010 sed
2559 1957 2852 2025 quemdam
2895 1965 3128 2011 tantum.
3163 1957 3344 2027 lnquit
3374 1958 3543 2023 enim,
3582 1977 3600 2010 t
3636 1945 3707 2012 Ut

2120 2046 2357 2115 aliquem
2391 2046 2445 2100 in
2477 2048 2633 2101 vobis
2669 2047 2911 2102 fructum
2942 2047 3139 2103 ferant.
3178 2069 3196 2099 ι
3230 2048 3705 2114 Quemadmodum

2119 2147 2301 2193 autem
2351 2139 2686 2209 superﬂuunt
2770 2149 2824 2194 et
2881 2139 3253 2195 frustraueum
3305 2148 3408 2206 est,
3455 2155 3582 2195 eum
3633 2141 3703 2194 ad

2119 2231 2358 2287 fructum
2404 2231 2686 2288 ferendum
2734 2235 2925 2297 citare,
2969 2235 3063 2304 qui
3106 2233 3218 2303 jam
3272 2233 3540 2303 perfectos
3580 2234 3706 2287 tulit

2119 2323 2371 2389 fructus;
2426 2323 2498 2378 ita
2524 2333 2576 2379 et
2611 2327 2941 2379 laboriosum
2974 2337 3023 2379 et
3058 2340 3222 2396 grave
3255 2325 3382 2391 erit,
3425 2325 3516 2379 ubi
3558 2325 3703 2380 bona

2118 2431 2245 2485 spes
2278 2431 2384 2470 non
2418 2417 2676 2485 suppetit,
2709 2418 2775 2470 ad
2808 2416 3198 2486 perfectionem
3234 2416 3496 2472 inducere
3521 2418 3702 2472 velle:

2117 2505 2200 2561 sin
2256 2505 2471 2561 fructus
2511 2507 2564 2561 iu
2597 2507 2666 2562 iis
2692 2508 2913 2577 aliquis,
2948 2517 3000 2562 et
3038 2507 3128 2562 ille
3175 2507 3396 2577 quidem
3425 2506 3703 2578 perfectus

2118 2593 2242 2662 fuit,
2283 2611 2350 2650 ne
2379 2597 2460 2651 sic
2488 2597 2705 2666 quidem
2754 2613 2910 2652 suam
2954 2598 3298 2666 praesentiam
3345 2597 3703 2652 iutertidisset

2118 2687 2296 2739 alatus
2347 2684 2435 2739 ille
2479 2694 2533 2738 et
2582 2685 2997 2741 subiitnivolans
3043 2687 3244 2752 homo;
3273 2706 3292 2739 t
3334 2687 3636 2742 debitorem
3677 2705 3700 2740 ν

2118 2777 2386 2847 siquidem
2433 2792 2492 2830 se
2543 2785 2595 2832 et
2651 2777 2873 2847 agnovit
2920 2784 2976 2832 et
3016 2777 3297 2848 professus
3356 2789 3480 2833 est:
3520 2798 3538 2831 ι
3584 2777 3702 2833 Non

2118 2867 2321 2923 Cra-eis
2349 2877 2560 2922 tantum
2611 2878 2707 2923 aut
2755 2868 3028 2933 barbaris,
3070 2869 3166 2924 sed
3194 2869 3531 2939 sapientibus
3572 2869 3706 2922 insi-

2117 2959 2544 3030 pientibusque;
2585 2977 2604 3012 ι
2633 2961 2855 3028 etquod
2905 2959 3076 3031 ipsius
3123 2961 3365 3016 studium
3411 2961 3701 3026 attinebat,

2119 3066 2228 3105 non
2280 3067 2340 3105 se
2390 3051 2680 3117 continuit,
2716 3061 2775 3106 ut
2806 3066 2875 3106 ne
2912 3052 3044 3122 quid
3092 3053 3329 3122 amplius
3373 3054 3702 3122 requireret,

2117 3158 2280 3211 quam
2311 3141 2452 3212 quod
2485 3142 2760 3207 habebat;
2788 3141 2922 3196 adeo
2952 3153 3010 3196 ut
3050 3145 3093 3197 si
3126 3143 3386 3212 operibus
3419 3142 3700 3205 ﬂorerent,

2120 3233 2236 3298 ipse
2273 3243 2450 3287 tamen
2484 3232 2627 3287 haud
2661 3233 2973 3297 absisteret,
2992 3235 3136 3304 quod
3167 3250 3327 3289 suum
3357 3246 3475 3290 erat
3499 3234 3700 3301 facere,

2119 3326 2214 3380 sed
2247 3325 2506 3395 majorem
2539 3325 2655 3379 ﬁeri
2684 3326 3019 3381 additionetn
3052 3328 3297 3384 instaret.
3327 3327 3503 3398 Atque
3537 3329 3608 3382 ita
3633 3328 3704 3382 sit

2118 3414 2286 3484 hujus
2312 3415 2442 3469 dicti
2475 3414 2769 3484 expositio.
2810 3419 2996 3473 Potest
3025 3427 3078 3472 et
3111 3418 3269 3472 aliter
3298 3433 3494 3472 scus-us
3526 3419 3702 3487 expli-

2117 3507 2254 3566 cari.
2297 3506 2618 3576 simpliciori
2671 3510 2907 3578 quadam
2954 3509 3091 3564 forte
3131 3510 3599 3580 interpretatione,
3645 3518 3704 3564 at

2117 3613 2239 3667 quae
2283 3600 2505 3667 propius
2565 3602 2788 3655 accedat
2825 3599 2893 3653 ad
2934 3598 3089 3654 Pauli
3143 3609 3378 3652 tuentem
3418 3609 3474 3654 et
3523 3599 3701 3669 ipsam

2116 3691 2430 3750 dictionem.
2461 3714 2479 3747 ι
2509 3695 2740 3765 Saepius,
2767 3694 2965 3763 inquit,
2991 3691 3251 3763 proposui
3273 3692 3339 3746 ad
3367 3708 3466 3747 vos
3488 3695 3704 3756 venire,

2117 3785 2214 3840 sed
2253 3785 2548 3854 impeditus
2577 3787 2682 3841 huc
2735 3801 2910 3856 usque
2955 3783 3055 3839 l'ui.
3090 3804 3108 3836 ›
3134 3784 3246 3840 Cur
3275 3785 3495 3839 autem?
3553 3802 3572 3835 ι
3630 3783 3704 3840 Ut

2117 3876 2354 3947 aliquem
2382 3879 2436 3933 in
2467 3878 2625 3934 vobis
2646 3877 2882 3932 fructum
2909 3877 3227 3949 percipiam.
3257 3896 3277 3930 ι
3298 3879 3374 3932 Ae
3398 3877 3442 3932 si
3466 3878 3704 3944 diceres,

2117 3970 2401 4026 dcticiebat
2440 3971 2576 4025 mihi
2615 3971 2847 4036 fructus,
2878 3986 3040 4040 quem
3070 3970 3219 4041 prius
3243 3971 3486 4040 Oportuit
3516 3986 3704 4040 perce-

2115 4057 2282 4128 pisse,
2308 4068 2473 4129 atque
2495 4060 2568 4114 ita
2605 4061 2821 4114 demum
2860 4060 3170 4115 advenisse.
3203 4059 3339 4126 Quis
3365 4070 3548 4114 autem
3583 4059 3704 4114 fru-

2115 4160 2236 4206 ctus
2268 4152 2377 4217 ille,
2413 4162 2468 4206 et
2497 4154 2548 4206 in
2589 4153 2790 4222 quibus
2821 4153 3219 4224 colligebatur?
3253 4152 3372 4222 Ipse
3408 4155 3511 4207 hoc
3539 4154 3705 4208 doce-s

2114 4242 2236 4298 bit:
2272 4258 2398 4296 nant
2453 4229 2519 4297 ad
2572 4243 2735 4298 tinctu
2775 4244 3040 4314 epistolae,
3093 4245 3249 4314 quasi
3303 4245 3692 4314 recolligendo,

2114 4350 2236 4405 quae
2276 4336 2631 4405 prtemiserat,
2665 4337 2784 4391 ait:
2820 4355 2838 4388 ε
2885 4338 3154 4405 Quocirca
3206 4337 3502 4406 impeditus
3547 4351 3695 4402 sunt,

2115 4443 2182 4481 ne
2213 4427 2280 4481 ad
2312 4442 2408 4481 vos
2446 4429 2707 4494 venirem,
2743 4447 2761 4480 ι
2801 4431 2945 4497 quod
2973 4431 3116 4484 idem
3145 4438 3229 4484 est
3263 4444 3411 4491 cum,
3445 4447 3463 4479 ι
3500 4427 3699 4483 Prohi-

436 4539 456 4574 ς
492 4521 812 4593 Ἐλεύσομαι
837 4524 972 4595 πρὸς
1004 4523 1170 4594 ὑμᾶς.
1192 4539 1210 4572 ι
1249 4519 1415 4590 Ὁρᾷς
1435 4519 1518 4572 ὃτι
1542 4517 1628 4582 τὸ,
1662 4516 1766 4580 ἓως
1801 4516 1895 4570 τοῦ
1917 4515 2012 4571 νῦν

2115 4520 2264 4577 bitus
2303 4537 2425 4577 sum
2468 4523 2758 4576 hactenus.
2800 4522 2869 4577 At
2913 4537 3056 4578 nunc
3089 4536 3213 4576 cum
3251 4521 3428 4575 locum
3466 4521 3520 4575 in
3550 4520 3702 4575 hisce

433 4615 513 4687 μὴ
543 4615 738 4680 ἐλθεῖν,
769 4617 796 4668 ό
825 4618 884 4669 ἐν
921 4619 1028 4680 τοῖς
1051 4614 1308 4686 κλίμασιν
1349 4611 1582 4674 ἐκείνοις
1615 4609 2008 4682 συλλεγόμενος

427 4709 620 4778 ἐπεῖχε
651 4709 863 4779 καρπός
891 4725 904 4741 ·
934 4707 1222 4761 ἀτέλεστον
1252 4706 1361 4779 γάρ
1389 4704 1480 4758 τὸν
1512 4706 1570 4759 ἐν
1588 4705 1816 4768 ἐκείνοις
1844 4705 2008 4758 πόνον

425 4801 606 4856 λιπεῖν
652 4803 755 4855 οὐκ
801 4797 870 4872 ἦν
928 4800 1029 4870 τῆς
1088 4800 1300 4855 Παύλου
1358 4798 1538 4870 ψυχῆς
1596 4799 1692 4851 καὶ
1747 4796 2006 4867 σπονδῆς.

425 4894 537 4949 Καὶ
571 4893 674 4964 ὅρα
697 4893 773 4956 ὼς
811 4894 845 4964 ή
895 4891 1119 4962 τοιαύτη
1168 4891 1468 4956 ἀνάπτυξις
1515 4888 1612 4942 τοῦ
1648 4887 1838 4961 ῥητοῦ,
1879 4886 2004 4941 οὔτε

423 4985 520 5039 τοῦ
555 4986 700 5038 κατὰ
735 4985 796 5038 τὸ
823 4984 1136 5056 ὑπερϐατὸν
1166 4982 1360 5054 ἐδέηθη
1412 4983 1714 5053 σχήματος,
1741 4977 1862 5032 οὔτε
1893 4978 2001 5050 μὴν

422 5077 551 5148 ἔσχε
572 5077 725 5140 τινας
754 5079 1177 5139 άντιπίπτοντας
1209 5075 1526 5144 λογισμοὺς,
1545 5072 1681 5125 ἀλλά
1707 5070 1806 5124 καὶ
1830 5085 2007 5140 προσ-

425 5169 700 5239 ήρμοσται
759 5166 958 5237 μᾶλλον
996 5167 1104 5218 τῶν
1144 5165 1320 5219 ἄλλων
1347 5165 1466 5226 ταῖς
1498 5179 1560 5215 τε
1585 5160 1784 5227 λέξεσι,
1811 5161 1905 5212 καὶ
1927 5157 2007 5229 τῷ

426 5258 522 5310 τοῦ
556 5258 845 5311 θεσπεσίου
874 5258 1088 5311 Παύλου
1121 5255 1330 5327 σκοπῷ.
1374 5254 1486 5308 Καὶ
1521 5253 1606 5318 τὸ,
1650 5253 1722 5305 ἐν
1756 5250 1920 5321 ὑμῖν,
1950 5251 2006 5304 δὲ

429 5349 678 5422 οὐδαμῶς
707 5351 1046 5405 ἐναντιοῦται
1083 5365 1098 5380 ο
1147 5347 1293 5420 ἀρχὴ
1316 5346 1426 5418 γάρ
1458 5346 1573 5399 ἐστι
1627 5343 1737 5397 τῶν
1782 5343 2003 5414 ἐφεξῆς,

2112 4615 2428 4684 regionibus
2456 4631 2562 4670 non
2595 4615 2845 4682 habeam,
2881 4633 2900 4666 ι
2931 4615 3023 4670 sed
3053 4630 3192 4684 opus
3220 4614 3480 4668 nimirum
3513 4613 3698 4667 absol-

2111 4707 2307 4768 verim,
2351 4724 2371 4758 ι
2400 4706 2616 4761 veniam
2647 4708 2715 4762 ad
2748 4722 2865 4762 vos.
2900 4726 2919 4758 ›
2956 4705 3138 4770 Vides,
3179 4715 3241 4760 ut
3265 4705 3473 4760 fruetus
3503 4706 3554 4758 in
3586 4704 3702 4759 illis

2113 4795 2250 4850 locis
2272 4796 2611 4865 colligendus
2649 4796 2755 4850 huc
2783 4812 2955 4865 usque
2985 4798 3282 4849 adventum
3319 4791 3694 4847 retardaverit.

2110 4886 2300 4958 Neque
2326 4888 2468 4942 enim
2500 4886 2654 4941 Pauli
2679 4887 2760 4941 vel
2785 4887 3028 4940 animum
3057 4885 3142 4940 vel
3174 4884 3420 4939 studium
3441 4882 3700 4945 decebat,

2111 4975 2554 5047 setuiperl'eetutn
2614 4976 2666 5030 in
2709 4976 2963 5029 manibus
3016 4975 3257 5030 laborem
3305 4976 3578 5027 deserere.
3633 4971 3700 5026 Et

2110 5067 2355 5133 adverte,
2399 5077 2460 5122 ut
2508 5068 2624 5123 lucc
2652 5067 2780 5122 dicti
2820 5067 3097 5130 enodatio,
3145 5081 3243 5120 uec
3282 5065 3455 5134 ﬁgura
3508 5063 3702 5136 hyper-

2111 5161 2238 5215 bato
2270 5160 2567 5230 indigebat,
2595 5175 2696 5214 nec
2717 5158 3005 5213 ratiocinia
3037 5157 3284 5226 quaedam
3319 5153 3702 5209 intercidentia

2105 5250 2334 5314 habuit;
2367 5251 2460 5305 sed
2510 5250 2631 5320 plus
2679 5264 2844 5320 quam
2880 5248 3000 5304 alia
3049 5243 3521 5315 interpretationes
3567 5258 3701 5298 cum

2108 5343 2290 5399 verbis
2342 5343 2502 5414 ipsis,
2553 5351 2666 5398 tum
2729 5343 2879 5399 Pauli
2911 5349 3178 5414 congruat
3224 5336 3538 5394 intentioni.
3587 5335 3700 5390 Nec

1723 5565 1960 5624 VARUS
1987 5566 2398 5625 LECTION

499 5779 622 5853 KC.
650 5781 793 5839 Men.
869 5783 985 5839 καί.
1060 5779 1123 5820 ι*
1153 5781 1214 5838 C.
1249 5780 1392 5838 Mon.
1419 5781 1519 5851 τῆς
1564 5777 1891 5851 παρουσίας.

1975 5779 1994 5822 ὗ
2029 5777 2149 5834 κάν.
2181 5777 2242 5833 6.
2281 5773 2355 5831 Η.
2377 5775 2492 5831 καί.
2573 5779 2587 5828 l
2620 5775 2768 5846 εἴπῃ.
2804 5773 2866 5832 C.
2888 5772 2959 5829 Μ.
2989 5772 3166 5847 εἴπῃς.
3226 5772 3256 5815 ι
3282 5772 3381 5845 τῷ.
3409 5773 3470 5831 6.
3492 5769 3564 5830 II.
3591 5768 3682 5828 τό.
