4158 6432
529 419 638 484 575

1695 403 1962 466 ΡΠΟΤΙΙ
1990 401 2498 465 ΡΑΤΒΙΑΒΟΗΙΕ
2537 401 2648 462 CP.

3697 397 3807 460 576

526 537 662 594 illud
697 536 752 588 in
789 533 932 589 vobis
967 529 1418 603 impedimentum
1443 537 1557 592 cst;
1591 526 1809 582 initium
1841 525 1990 580 enim
2037 538 2127 579 sc-

2233 522 2322 575 xa‘t
2349 521 2409 574 ού
2450 519 2856 590 συναπτόμενον
2905 518 3044 590 πρὸς
3075 518 3156 586 τὸ,
3207 536 3226 570 ι
3274 515 3390 572 ’Ίνα
3428 516 3551 572 τινὰ
3587 517 3810 588 καρπὸν

524 629 818 700 quentibus
851 626 964 686 dat,
1004 638 1102 678 nec
1133 620 1478 677 connectitur
1506 635 1631 674 cum
1667 637 1680 674 :
1712 637 1731 670 ι
1775 617 1844 672 Ut
1875 616 2114 672 fructum

525 721 763 788 aliquem
801 717 853 771 in
885 715 1040 770 vobis
1085 712 1406 784 ptrcipiam,
1448 729 1467 763 ι
1509 719 1588 776 ιιι,
1625 729 1642 762 ι
1687 709 1856 763 Vobis
1906 709 2118 763 debitor

527 827 670 876 sum,
703 806 1162 880 quemadmodum
1203 816 1264 858 ut
1311 805 1364 858 in
1405 804 1616 858 caeteris
1659 802 1933 873 gentibus,
1966 801 2115 855 Cra:-

527 905 610 958 cis
638 912 694 957 ct
718 901 988 962 barbaris,
1035 897 1376 967 sapientibus
1406 905 1459 950 et
1504 893 1889 963 insipientibus
1917 909 2061 947 sum.
2091 909 2110 944 ι

513 975 607 1046 ’Νε
630 990 930 1061 ol=jicerent
960 1006 973 1042 :
1001 987 1142 1054 Quid
1173 1000 1304 1053 ergo
1341 994 1493 1038 tanto
1531 984 1716 1039 studio
1761 983 1815 1036 in
1853 981 2118 1036 frnctilms

530 1082 854 1153 colligendis
879 1079 1017 1150 apud
1043 1087 1267 1133 czctcras
1288 1087 1476 1146 gemes
1504 1074 1824 1138 incubuiSIi,
1856 1083 1913 1127 at
1939 1073 2115 1128 nostri

532 1175 749 1248 nullam
773 1170 1012 1226 habuisti
1044 1167 1358 1242 rationem}
1389 1165 1524 1234 Ima,
1553 1166 1751 1236 inquit,
1792 1185 1810 1216 ι
1850 1163 1914 1218 Ει
1939 1166 1990 1218 in
2018 1180 2114 1219 vo-

532 1267 618 1321 bis
649 1265 862 1320 debitor
891 1278 1037 1328 smn,
1086 1259 1544 1332 quemadmodum
1581 1257 1637 1311 in
1688 1257 1901 1312 cwteris
1940 1256 2119 1323 genti-

507 1341 658 1414 bus.
700 1376 719 1409 D
760 1357 876 1412 Hoc
907 1345 1203 1420 contendo,
1235 1355 1338 1408 hoc
1366 1351 1604 1421 inquiro,
1634 1350 1890 1405 omnibus
1923 1349 2117 1412 debeo,

534 1465 635 1504 nec
665 1449 864 1520 aliquis
916 1456 1018 1512 est,
1055 1462 1152 1516 pro
1191 1461 1300 1514 quo
1349 1460 1456 1497 non
1498 1458 1714 1496 summa
1765 1441 2121 1510 constringor

535 1540 921 1596 Sollicitudiue.
948 1540 1125 1605 Atque
1155 1538 1267 1591 hzcc
1290 1535 1510 1606 quidem
1552 1534 1835 1588 hactenus.
1865 1531 2122 1601 Explica-

537 1633 702 1686 tionis
754 1632 899 1685 enim
934 1628 1107 1682 forma
1140 1629 1370 1681 alienior
1399 1639 1480 1679 eSt
1519 1625 1588 1678 ab
1614 1623 1893 1691 epistolica
1926 1623 2118 1692 figura.

536 1723 717 1790 Quare
749 1732 1000 1776 neutrum
1032 1721 1156 1774 licet
1183 1721 1363 1789 plane,
1392 1728 1447 1772 et
1478 1727 1536 1770 ut
1579 1719 1714 1771 artis
1751 1717 1895 1785 leges
1939 1713 2120 1784 requi-

538 1824 686 1879 runt,
719 1815 1016 1867 observare
1067 1811 1165 1876 illi,
1207 1809 1298 1878 qui
1347 1824 1441 1880 per
1479 1806 1766 1876 epistolam
1809 1805 2126 1873 interpreta-

2224 609 2362 680 σχῶ,
2399 629 2416 662 ι
2452 607 2564 663 οἷον
2596 609 2715 672 καὶ,
2758 627 2776 659 ‹
2815 610 2870 661 ἐν
2920 609 3049 678 ὑμῖν
3092 607 3376 678 ὀφειλέτης
3425 605 3563 677 εἰμὶ,
3615 606 3812 670 καθὼς

2223 701 2318 754 καὶ
2343 701 2400 753 ἐν
2449 703 2564 762 τοῖς
2600 699 2808 762 λοιποῖς
2863 698 3097 763 ἔθνεσιν,
3127 697 3355 766 Ἕλλησί
3383 714 3442 750 τε
3468 697 3561 751 καὶ
3591 695 3810 768 βαρϐά-

2225 807 2362 862 ροις,
2397 791 2580 858 σοφοῖς
2605 808 2663 843 τε
2697 792 2790 843 καὶ
2836 790 3106 861 ἀνοήτοις.
3151 808 3170 841 ι
3200 791 3318 842 Ἵνα
3341 789 3450 859 γὰρ
3481 787 3555 860 μή
3578 787 3790 856 λέγωσι

2224 883 2290 935 Τί
2319 878 2414 936 οῦν
2437 881 2527 934 τὸν
2559 883 2699 952 μετὰ
2730 884 2788 936 ἐν
2818 887 2931 947 τοῖς
2966 884 3177 954 ἑτέροις
3206 883 3434 954 κλίμασι
3471 882 3691 955 καρπὸν
3721 881 3809 937 διὰ

2226 977 2461 1047 σπουδῆς
2496 972 2640 1046 εἶχες
2668 977 2970 1046 συλλὶγειν,
3025 976 3181 1047 ήμῶν
3211 977 3268 1030 δὲ
3319 975 3511 1029 οὐδένα
3560 975 3726 1042 λόγον
3751 972 3812 1042 1;

2233 1087 2252 1138 ι
2297 1069 2429 1132 Ναὶ,
2462 1071 2618 1140 φησὶ,
2659 1071 2753 1123 καὶ
2776 1072 2832 1123 ἐν
2866 1071 2994 1141 ὑμῖν
3026 1069 3311 1139 ὀφειλέτης
3333 1070 3470 1139 είμὶ,
3494 1067 3680 1132 καθὼς
3716 1069 3815 1122 καὶ

2226 1159 2284 1211 ὲν
2313 1161 2425 1222 τοῖς
2451 1159 2661 1224 λοιποῖς
2691 1160 2894 1213 ἔθνεσι.
2930 1179 2949 1213 ι
2985 1159 3156 1214 Τοῦτο
3204 1160 3442 1225 σπεύδω,
3481 1159 3642 1212 τοῦτο
3693 1161 3817 1213 ὲπι·

2227 1248 2399 1318 ζητῶ,
2435 1253 2566 1305 πᾶσι
2601 1259 2865 1323 χρεωστῶ
2889 1267 2904 1280 ·
2938 1252 3036 1306 καὶ
3061 1253 3239 1317 οὐδείς
3281 1254 3430 1306 ἐστιν
3466 1252 3604 1322 ὑπὲρ
3631 1245 3697 1306 οῦ
3733 1251 3811 1323 μὴ

2226 1341 2396 1412 πολλῇ
2431 1343 2730 1414 συνέχομαι
2770 1342 3033 1415 φροντίδι.
3081 1342 3243 1398 ’Δλλὰ
3295 1342 3471 1395 ταῦτα
3538 1342 3642 1413 μὲν
3671 1342 3813 1406 τέως

2226 1433 2320 1486 ἐπὶ
2350 1433 2622 1488 τοσοῦτον.
2665 1436 2778 1504 Τῆς
2806 1435 2915 1505 γὰρ
2946 1434 3242 1506 ἑρμηνείας
3261 1437 3289 1488 6
3312 1435 3511 1504 τρόπος
3542 1433 3817 1486 ἀλλοιότε-

2232 1540 2322 1595 ρος
2357 1533 2396 1560 ιιι
2430 1523 2462 1590 ἢ
2493 1523 2551 1576 ὃν
2572 1525 2600 1577 6
2623 1524 2724 1594 τῆς
2775 1525 3066 1594 ἐπιστολῆς
3112 1523 3360 1594 ἐπιζητεῖ
3389 1523 3576 1584 τύπος.
3610 1524 3815 1592 Διόπερ

2228 1615 2515 1686 οὐδέτερον
2548 1615 2829 1686 καθαρῶς,
2864 1618 2960 1671 καὶ
2996 1616 3071 1680 ὡς
3093 1617 3142 1670 oi
3171 1617 3478 1687 τῆςτέχνης
3495 1615 3814 1684 νόμοι,κατ’

2231 1707 2523 1780 ἐπιστολὴν
2581 1707 2959 1779 ἑρμηνεύοντα
3018 1709 3304 1778 πράττειν.
3367 1709 3462 1760 Ἂν
3487 1707 3545 1760 δὲ
3589 1707 3690 1761 καὶ
3721 1705 3813 1759 τοῦ

2233 1799 2490 1870 καθαρῶς
2515 1799 2840 1870 ιρμηνεύειν
2873 1801 2901 1853 ό
2935 1800 3129 1870 καιρὸς
3168 1800 3268 1871 τὴν
3300 1799 3482 1853 ἄδειαν
3511 1796 3606 1867 δῷ,
3656 1799 3814 1860 ἷσωςν

538 1913 646 1959 tur.
685 1906 838 1971 Quod
867 1905 910 1958 si
952 1903 1221 1971 exquisite
1254 1897 1600 1968 interpretari
1633 1895 1854 1950 occasio
1895 1893 2124 1947 faculta-

2233 1888 2787 1960 Θεοῦβουλουμένου,
2807 1891 2901 1943 καὶ
2929 1890 3262 1962 τελειότερον
3290 1889 3418 1961 ἐμοὶ
3480 1891 3582 1960 μὲν
3613 1889 3814 1953 εἰπεῖν,

539 2003 646 2048 tem
670 1994 898 2058 dederit,
929 1991 1181 2046 fortassis
1203 2004 1326 2044 cum
1357 1989 1501 2041 booo
1531 1985 1638 2038 Deo
1658 1983 1965 2038 absolutius
1991 1980 2122 2034 mihi

536 2083 860 2154 explicanda
901 2093 1102 2146 erunt,
1149 2091 1205 2135 et
1248 2078 1544 2151 gratiosius
1591 2077 1687 2131 tibi
1743 2074 2035 2130 audienda.

539 2221 870 2291 QUAESTIO
911 2221 1048 2278 XCII
1089 2221 1281 2294 [CoisL
1312 2217 1611 2286 CCLXXII,
1647 2219 1812 2274 Taur.
1843 2214 2123 2283 CCLXII].

2231 1984 2314 2035 σοὶ
2337 1981 2380 2035 δ’
2407 1982 2628 2036 ἀκούειν
2678 1982 2962 2053 γενήσοιτο
2990 1983 3171 2054 χάρις.

2779 2216 3112 2272 ΕΡΩΤΗΣΙΣ
3150 2215 3262 2286 ιιιν.

599 2337 743 2388 Edita
781 2352 811 2388 a
851 2332 1176 2396 Montacutio,
1199 2347 1278 2396 ep.
1317 2332 1436 2394 165,
1467 2332 1533 2382 ad
1562 2334 1735 2395 Georg.
1768 2331 1816 2380 Ν
1823 2327 1919 2388 ic.,
1953 2341 2008 2440 p.l
2441 2323 2667 2389 epistoiis
2708 2328 2846 2378 Pauli
2882 2336 2935 2379 et
2966 2343 3056 2379 cur
3096 2344 3153 2380 se
3189 2331 3374 2381 Paulus
3412 2329 3612 2381 idiotam
3645 2335 3817 2395 vocct,

612 2507 831 2561 Miraris
872 2504 1025 2558 Pauli
1083 2501 1358 2573 Epistolas
1401 2511 1481 2557 tot
1513 2503 1653 2558 ideis
1695 2500 1956 2555 variatas.
2010 2497 2130 2552 Noli

540 2601 615 2656 ob
638 2601 926 2654 veritatem
964 2596 1101 2649 mihi
1134 2610 1460 2651 succensere
1491 2610 1504 2646 :
1542 2604 1597 2649 et
1641 2609 1742 2664 ego
1791 2593 1958 2646 miror
1989 2607 2132 2646 non-

516 2693 672 2748 -dum
710 2701 762 2744 te
791 2691 858 2744 ad
894 2687 1220 2758 profundam
1250 2687 1397 2743 illius
1435 2686 1758 2756 sapientiam
1793 2685 2130 2756 pervenisse.

543 2784 701 2850 Quod
736 2783 779 2836 si
806 2781 1006 2849 majori
1031 2794 1161 2832 cura
1197 2787 1252 2834 et
1281 2779 1547 2834 industria
1583 2779 1730 2832 illius
1780 2778 1982 2844 scripta
2015 2791 2132 2829 nte-

545 2873 830 2935 ditaberis,
878 2871 1172 2926 adhibente
1219 2870 1475 2924 nimirum
1511 2871 1732 2924 cwlitus
1769 2868 1994 2930 auxilio,
2027 2867 2133 2921 mi-

546 2967 740 3019 rabere
770 2963 943 3033 Inagis
993 2962 1086 3032 qui
1136 2962 1314 3032 potuit
1345 2971 1398 3016 te
1432 2972 1594 3016 tanta:
1645 2962 1925 3031 sapientia:
1959 2959 2132 3030 gratia

546 3057 737 3120 latere,
786 3062 841 3109 et
876 3054 1000 3109 inde
1041 3052 1395 3124 pulchritudo
1429 3051 1777 3106 sermonibus
1814 3049 1977 3104 insita
2013 3050 2134 3117 ejus

544 3145 816 3201 fervidum
873 3145 1016 3200 haud
1047 3145 1257 3200 invenit
1294 3153 1610 3197 amatorem.
1652 3141 1760 3194 Nec
1809 3140 2002 3195 insisto
2033 3140 2132 3194 ad-

547 3238 654 3292 lntc
697 3237 751 3290 in
793 3236 909 3302 illa,
943 3252 1064 3303 quae
1094 3237 1413 3305 dogmatum
1463 3242 1518 3287 et
1555 3233 1675 3286 fidei
1705 3241 1787 3288 est
1831 3232 2132 3301 sapientia;

2301 2498 2617 2568 Θαυμάζεις
2658 2501 2707 2552 εί
2741 2499 3018 2563 τοιαύταις
3048 2499 3292 2565 είδὲαιςη
3325 2500 3469 2554 θείου
3506 2502 3727 2557 Παύλου
3759 2513 3816 2564 αἱ

2242 2587 2555 2641 Ἐπιστολαὶ
2589 2591 3036 2660 σχηματίζονται.
3074 2593 3182 2644 Καί
3219 2609 3309 2663 μοι
3357 2595 3522 2664 μηδὲν
3548 2596 3646 2664 τῆς
3681 2596 3816 2666 ἁλη-

2231 2679 2383 2744 θείις
2417 2682 2688 2752 ἀχθεσθῇς
2711 2723 2727 2749 ,
2759 2683 2841 2736 ὅτι
2870 2681 3023 2736 οὔπω
3070 2684 3332 2754 διέκυψας
3365 2687 3504 2758 πρὸς
3537 2688 3597 2740 τὸ
3645 2688 3815 2758 βάθος

2232 2773 2335 2841 τῆς
2364 2772 2592 2842 ἐνούσης
2609 2775 2686 2844 τῷ
2713 2773 2868 2844 ἀνδρὶ
2887 2775 3101 2844 σοφίας.
3131 2776 3196 2830 Εί
3227 2776 3284 2830 δέ
3313 2793 3372 2830 σε
3404 2778 3817 2849 φιλοπονωτέρα

2236 2864 2365 2935 περὶ
2395 2864 2522 2927 τοὺς
2555 2864 2766 2918 ἐκείνου
2807 2864 2998 2934 λόγους
3026 2867 3178 2921 λάϐοι
3213 2867 3434 2941 μελέτη,
3477 2871 3575 2939 τῆς
3603 2872 3815 2926 ἄνωθέν

2237 2971 2321 3008 σοι
2367 2955 2614 3025 δηλονότι
2649 2956 2827 3027 ῥοπῆς
2873 2959 2953 3020 είς
2993 2959 3282 3030 εὐμένειαν
3315 2960 3528 3033 ὁρώσης
3552 3003 3566 3026 ,
3599 2961 3816 3034 θαυμάσ

2237 3065 2354 3111 σαις
2383 3048 2449 3102 ἂν
2484 3049 2708 3118 μᾶλλον,
2743 3049 2891 3112 ὅπως
2919 3067 2978 3104 σε
3004 3051 3241 3123 τοσαύτη
3275 3053 3466 3122 σοφίας
3498 3055 3814 3111 διελάνθανε

2239 3140 2420 3210 χάρις,
2467 3141 2565 3195 καὶ
2608 3141 2806 3206 κάλλος
2846 3142 3091 3211 ἐμφύτου
3137 3142 3294 3212 λόγου
3343 3145 3544 3218 θερμὸν
3575 3149 3816 3222 ἐραστὴν

2240 3230 2341 3282 οὐκ
2375 3225 2508 3300 εἷχε.
2546 3229 2656 3284 Καὶ
2689 3228 2844 3284 οὔπω
2874 3246 2939 3298 γε
2972 3230 3068 3301 τὴν
3119 3232 3177 3284 ὲν
3204 3230 3439 3302 δόγμασι
3481 3234 3577 3287 καὶ
3631 3236 3815 3288 πίστει

545 3329 614 3382 de
636 3328 730 3382 illo
764 3329 963 3382 videris
1003 3329 1206 3398 quippe
1250 3326 1394 3381 haud
1435 3325 1728 3380 dubitare:
1775 3324 1868 3379 sed
1916 3324 2026 3377 vim
2083 3333 2127 3378 et

2236 3319 2380 3389 λέγω
2411 3320 2635 3390 σοφίαν·
2679 3321 2838 3375 τοῦτο
2866 3321 2980 3393 γὰρ
3011 3320 3120 3375 οὐδ’
3155 3323 3320 3387 αὐτὸς
3357 3325 3492 3395 ἡμῖν
3529 3326 3815 3398 ἀμφισϐη-

547 3418 860 3474 facultatem
893 3420 1106 3474 dicendi
1136 3435 1302 3489 urgeo
1326 3418 1723 3472 admirabilem.
1758 3416 1828 3470 At
1853 3430 1966 3470 tum
1996 3431 2127 3485 quo-

2233 3409 2343 3464 τῶν
2387 3409 2610 3480 ὤφθης,
2646 3410 2770 3464 ἀλλ’,
2808 3411 2907 3480 ὅση
2951 3411 3153 3482 κράτος
3184 3429 3243 3465 τε
3287 3412 3462 3482 λόγων
3513 3417 3606 3468 καὶ
3658 3418 3811 3486 ίσχίν

548 3510 712 3564 modo
742 3525 994 3564 ser-unone
1029 3510 1135 3562 erit
1160 3508 1366 3562 idiota?
1392 3507 1570 3570 Certe,
1593 3522 1658 3560 eo
1697 3523 1807 3576 quo
1832 3525 1852 3557 ι
1879 3505 2127 3576 Princeps

2239 3499 2616 3570 θαυμάζεσθαι
2659 3500 2910 3572 παρέχει.
2959 3501 3082 3565 Πῶς
3109 3501 3202 3556 οῦν
3253 3502 3474 3574 ἰδιώτης
3505 3505 3584 3576 τῷ
3627 3505 3808 3575 λόγως

546 3609 822 3671 peccator,
847 3615 958 3670 quo
980 3600 1198 3654 intimus
1229 3599 1628 3668 apostolorum,
1659 3598 2131 3667 reiectamentum,

550 3701 970 3761 purgamentum
1002 3689 1230 3755 mumli;
1280 3697 1362 3751 ut,
1411 3688 1785 3758 spectaculum
1831 3689 2039 3760 angelis
2082 3699 2138 3743 et

550 3785 890 3840 hominibus.
917 3803 938 3836 ι
982 3785 1154 3850 Quis?
1185 3784 1287 3850 Qui
1328 3792 1388 3839 ut
1431 3783 1711 3853 apostolus
1731 3782 1934 3837 Christi
1953 3783 2136 3854 gravis

549 3893 673 3932 esse
705 3885 888 3946 posset
929 3876 1310 3943 auditoribus;
1351 3876 1445 3946 qui
1509 3876 1883 3930 abundantius
1924 3876 2136 3930 caeteris

553 3968 856 4034 laboravit;
890 3969 983 4037 qui
1031 3965 1351 4036 priusquam
1403 3965 1592 4020 matris
1638 3975 1826 4036 partus
1857 3964 2132 4030 ederetur,

553 4058 664 4114 Deo
693 4059 1152 4125 consecrabatur;
1179 4057 1274 4128 qui
1315 4073 1423 4113 non
1458 4058 1881 4128 spectandorum
1920 4066 2136 4125 specta-

551 4159 661 4216 tor,
707 4166 816 4207 non
846 4152 1242 4206 audiendarum
1262 4150 1480 4205 auditor
1501 4148 1634 4214 fuit;
1676 4148 1768 4204 Dei
1805 4148 1856 4202 in
1909 4148 2130 4202 Christo

551 4246 691 4301 odor
719 4244 925 4310 bonus;
954 4244 1048 4314 qui
1077 4241 1205 4298 Jesu
1236 4241 1732 4304 mortiﬁcationem,
1768 4240 1860 4295 sed
1889 4251 1943 4295 et
1967 4240 2132 4294 vitam

552 4340 608 4393 in
631 4353 862 4409 corpore
884 4337 1356 4406 circumgestabat.
1375 4334 1844 4402 Quemadmodum
1862 4333 2027 4403 igitur
2049 4348 2136 4387 re-

549 4427 961 4495 jectamentum,
991 4411 1439 4495 purgamentum,
1472 4425 1842 4496 spectaculum
1881 4423 2002 4478 talis
2049 4422 2134 4476 vir

550 4529 605 4573 τι
627 4526 811 4572 tantus
833 4516 970 4584 fuit;
999 4517 1072 4571 ita
1096 4517 1257 4586 plane
1281 4524 1336 4570 et
1351 4530 1604 4571 sermone
1625 4513 1793 4569 idiota
1813 4511 1934 4566 fuit.
1952 4512 2131 4576 Certe,

550 4609 752 4679 aliquid
773 4608 1002 4662 istorum
1023 4606 1375 4676 reputabatur
1390 4604 1560 4669 abiis,
1580 4603 1672 4672 qni
1687 4599 2137 4672 praeconiialtitu-

550 4701 735 4756 dinem
755 4716 864 4754 non
883 4699 1172 4770 capiebant
1190 4714 1206 4765 ;
1223 4697 1426 4765 aliquid
1443 4712 1563 4751 esse
1577 4696 1810 4756 volebat,
1825 4703 1877 4748 et
1889 4693 2017 4761 quia
2032 4692 2135 4746 fuit

548 4792 926 4848 moderatione
940 4799 997 4845 et
1019 4805 1230 4844 morum
1263 4787 1521 4842 facilitate
1544 4785 1880 4840 admittebat.
1909 4783 1978 4836 At
1999 4782 2131 4852 quid

2237 3593 2428 3664 ὥσπερ
2473 3594 2566 3646 καὶ
2605 3613 2623 3646 ι
2656 3594 2764 3648 τῶν
2792 3595 3133 3666 ἁμαρτωλῶν
3167 3596 3416 3667 πρῶτος·
3452 3617 3470 3650 ι
3505 3598 3582 3662 ὠς
3609 3617 3628 3649 ι
3653 3599 3814 3670 ἔσχα-

2235 3703 2330 3750 τος
2357 3686 2467 3740 τῶν
2497 3686 2836 3750 ἀποστόλων,
2867 3688 3127 3759 ἕκτρωμα
3157 3690 3374 3743 πάντων
3403 3698 3459 3740 ο»
3487 3706 3500 3720 ·
3525 3690 3601 3754 ὡς
3623 3709 3812 3762 «περιο

2238 3775 2500 3849 κάθαρμα
2532 3777 2627 3832 τοῦ
2675 3779 2915 3849 κόσμου·
2959 3797 2977 3830 ›
3008 3779 3083 3842 ὡς
3119 3798 3140 3832 ι
3182 3781 3256 3851 μὴ
3292 3780 3409 3833 ὣνΡ
3438 3781 3587 3846 ἆξιςς
3631 3783 3815 3835 καλεί-

2239 3868 2362 3922 σθαι
2411 3868 2736 3934 ἀπόστολος·
2775 3889 2796 3922 ι
2851 3869 2926 3934 ὼς
2981 3889 2999 3922 ι
3035 3874 3253 3924 πάντων
3299 3874 3620 3944 περίψημα·
3664 3893 3684 3926 a
3739 3874 3815 3936 ὡς

2243 3980 2260 4013 ι
2304 3961 2531 4032 θέατρον
2563 3963 2818 4030 ἀγγέλοις
2843 3964 2937 4017 καὶ
2980 3963 3308 4036 ἀνθρώποις.
3345 3983 3364 4016 ι
3394 3966 3527 4030 Τίςς
3571 3967 3628 4018 Ὀ
3657 3966 3816 4020 δυνά-

2238 4071 2400 4124 μενος
2445 4055 2504 4107 ὲν
2535 4055 2691 4126 βάρει
2720 4049 2858 4109 εἶναι
2885 4054 2962 4117 ῶς
3011 4055 3245 4127 Χριστοῦ
3300 4057 3626 4123 ἀπόστολος·
3651 4059 3683 4111 6
3720 4077 3816 4114 πε-

2238 4145 2552 4215 ρισσότερον
2583 4147 2801 4200 πάντων
2845 4147 3138 4212 κοπιάσας,
3165 4149 3194 4201 6
3226 4150 3319 4202 καὶ
3357 4151 3486 4220 πρὶν
3516 4150 3550 4221 ἢ
3575 4151 3672 4213 τὰς
3707 4170 3813 4222 μη·-

2234 4235 2431 4305 τρικὰς
2460 4236 2656 4300 ὠδῖνας
2694 4237 2878 4304 λῦσαι,
2928 4238 3004 4308 τῷ
3031 4238 3151 4310 Θεῷ
3195 4239 3608 4311 ἀφωρισμένος·
3644 4245 3672 4295 ό
3705 4244 3812 4295 τῶν

2235 4325 2482 4380 ἀθεάτων
2514 4327 2712 4398 θεατὴς
2732 4368 2749 4391 ,
2791 4329 2888 4382 καὶ
2937 4330 3046 4382 τῶν
3077 4331 3408 4402 ἀπορρήτων
3438 4335 3740 4402 κατήκοος·
3777 4337 3809 4406 ή

2232 4418 2312 4488 τῷ
2341 4418 2458 4488 Θεῷ
2491 4420 2730 4490 Χριστοῦ
2759 4422 2958 4475 εὐωδία
2976 4439 2990 4453 ·
3024 4427 3052 4476 6
3078 4423 3178 4494 τὴν
3209 4425 3479 4497 νέκρωσιν
3504 4428 3598 4479 τοὺ
3617 4428 3808 4497 Ἰησοῦ,

2234 4509 2370 4566 ἀλλὰ
2405 4511 2500 4563 καὶ
2532 4515 2632 4582 τήν
2661 4513 2807 4584 ζωὴν
2846 4516 2907 4566 ἐν
2957 4514 3035 4586 τῷ
3063 4517 3274 4588 σώματι
3314 4521 3648 4591 περιφέρων.
3682 4522 3812 4573 Ὥσ-

2233 4618 2341 4671 περ
2371 4599 2467 4656 οὖν
2501 4603 2760 4676 ἕκτρωμα
2779 4649 2794 4672 ,
2825 4609 2917 4661 καὶ
2945 4610 3237 4682 περίψημα
3256 4649 3272 4674 ,
3308 4616 3403 4664 καί
3435 4614 3684 4684 θέατρον,
3719 4617 3810 4668 καὶ

2234 4692 2652 4764 περικάθαρμα,
2680 4697 2709 4750 6
2746 4699 3005 4764 τοσοῦτος
3039 4703 3132 4754 καὶ
3155 4702 3512 4774 τηλικοῦτος,
3545 4705 3686 4760 οὕτω
3720 4707 3810 4759 καὶ

2238 4782 2455 4854 ἰδιώτης
2482 4784 2562 4856 τῷ
2589 4786 2751 4860 λόγῳ.
2803 4790 2915 4844 Καὶ
2956 4792 3063 4863 γὰρ
3101 4792 3324 4858 τούτων,
3385 4795 3453 4848 τὰ
3494 4796 3594 4866 μὲν
3633 4793 3701 4868 ἦν
3743 4799 3808 4867 τῇ

552 4881 926 4937 tum?Numne
950 4880 1004 4934 in
1037 4882 1273 4934 humana
1291 4877 1558 4948 sapientia
1579 4877 1710 4930 tides
1745 4876 1968 4928 nostra?
1989 4872 2127 4927 Deus

2237 4872 2506 4945 ὑπολήψει
2535 4876 2642 4930 τῶν
2674 4879 2768 4932 τοῦ
2798 4881 3176 4950 κηρύγματος,
3205 4884 3278 4955 μὴ
3309 4887 3598 4941 συνιέντων
3627 4890 3688 4941 τὸ
3719 4889 3810 4958 βά-

553 4974 813 5039 meliora;
837 4972 928 5026 sed
950 4973 1005 5026 in
1026 4973 1269 5042 potentia
1291 4969 1402 5033 Dei,
1424 4983 1519 5038 per
1542 4983 1706 5037 quam
1727 4966 1905 5021 idiotas
1918 4967 2132 5035 sapien-

550 5065 625 5119 tia
651 5065 993 5119 imbuuntur.
1010 5064 1092 5118 An
1112 5078 1239 5133 ergo
1255 5062 1344 5116 Dei
1367 5061 1652 5131 sapientia,
1668 5069 1723 5114 et
1741 5059 1904 5127 hujus
1919 5057 2130 5120 mundi,

549 5163 606 5209 et
632 5155 939 5226 principum
975 5153 1096 5224 ejus
1131 5152 1440 5225 sapientia?
1463 5149 1598 5216 Quis
1629 5150 1732 5204 hoc
1761 5147 1995 5202 dixerit?
2023 5147 2131 5200 Ta-

475 5280 521 5303 .-..
552 5247 620 5301 lis
657 5247 803 5301 enim
835 5247 1105 5317 sapientia
1136 5261 1230 5313 per
1269 5243 1453 5300 crucis
1484 5241 1764 5296 stultitiam
1803 5248 2123 5294 evacuatur.

551 5338 848 5408 lmpiorum
909 5339 1226 5408 dogmatum
1292 5345 1510 5400 tortor,
1559 5333 1765 5390 erroris
1815 5331 2126 5386 auxiliatrix

550 5430 918 5500 plausibilitas
963 5429 1271 5495 sermonis,
1321 5427 1578 5498 implexio
1627 5423 1922 5480 artiliciosa
1958 5421 2128 5475 male-

2235 4961 2326 5027 θος
2347 4978 2362 4993 ⁸
2394 4965 2463 5018 τὰ
2491 4965 2548 5020 δὲ
2584 4968 2678 5021 καὶ
2708 4969 2906 5034 αὐτοὺς
2937 4971 3132 5034 ἐδίδουν
3181 4977 3366 5045 φέρων
3400 4978 3466 5048 τῇ
3515 4976 3626 5030 τῶν
3663 4979 3809 5048 ἠθῶν

2234 5059 2546 5128 μετριότητι
2597 5061 2692 5114 καὶ
2749 5064 3040 5136 ἐπιεικείᾳ.
3078 5066 3144 5119 Τί
3181 5063 3305 5134 οὗν;
3366 5069 3455 5122 Ἑν
3505 5071 3666 5142 σοφίᾳ
3713 5073 3808 5123 ἁν-

2230 5145 2468 5215 θρώπων
2497 5150 2530 5220 ἡ
2574 5151 2756 5214 πίστις
2791 5153 2978 5223 ήμῶν;
3010 5157 3100 5226 Μὴ
3136 5158 3345 5226 γένοιτο
3365 5175 3378 5188 ’
3407 5159 3524 5214 ἁλλ’
3553 5163 3612 5213 ἐν
3642 5162 3803 5214 Sevi-

2237 5254 2330 5306 μει
2356 5237 2510 5302 Θεοῦ,
2545 5241 2614 5298 δι’
2653 5238 2721 5314 ἦς
2766 5248 2860 5300 καὶ
2891 5247 3095 5302 ἰδιῶται
3130 5251 3462 5318 σοφίζονται.
3505 5255 3671 5322 Σοφία
3715 5252 3805 5307 οὖν

2235 5327 2371 5381 Θεοῦ
2399 5332 2434 5397 ἡ
2461 5332 2556 5386 τοῦ
2586 5335 2782 5401 αίῶνος
2807 5339 3021 5405 τούτου,
3069 5343 3163 5394 καὶ
3195 5343 3302 5397 τῶν
3331 5345 3498 5398 αὑτοῦ
3530 5346 3804 5418 ἀρχόντων

2236 5423 2426 5492 σοφίας
2461 5428 2571 5482 Καὶ
2601 5428 2684 5492 τίς
2717 5431 2784 5484 ἂν
2815 5433 2945 5504 φαίη
2978 5433 3165 5502 τοῦτο;
3211 5435 3274 5490 Ἦ
3295 5437 3421 5509 ,γὰρ
3449 5441 3668 5512 τοιαύτη
3714 5456 3804 5492 σο-

1800 5607 2028 5665 V'ARl/E
2062 5607 2464 5666 LECTIONES.

668 5766 688 5806 1
721 5771 802 5823 ῖσ.
834 5768 1114 5839 ἐποίησας.

555 5838 752 5893 omittit
778 5839 874 5894 ὢν.

1223 5777 1264 5805 ω
1287 5769 1371 5825 i'a'.
1423 5769 1594 5824 ἐστίν.
1654 5779 1696 5821 ,η
1725 5767 1788 5824 C.
1823 5765 1970 5824 Mon.
2022 5767 2128 5822 555
2189 5769 2376 5836 ἰδέαις.
2410 5781 2430 5803 ⁰
2453 5772 2516 5828 C.
2553 5770 2698 5827 Non.
2743 5772 2819 5836 ὡς
2844 5771 3106 5844 εκτρωμα
3135 5774 3377 5833 πάντων.

3492 5790 3518 5831 P
3549 5779 3611 5836 C.
3655 5780 3800 5839 Rion.
