4158 6432
429 346 538 416 δπ

1408 349 1510 410 ΑΙ)
1540 345 2138 410 AMPHILOCHIUM
2171 344 2518 418 QUZESTIO
2545 350 2725 411 XCII.

3606 353 3712 417 578

432 465 532 534 φία
562 465 629 536 τῇ
659 460 754 518 τοῦ
788 460 1030 535 σταυροῦ
1083 462 1268 536 μωρίᾳ
1306 463 1510 536 μᾶλλιν
1542 466 1915 534 κατήργηται.
1964 460 2011 513 Ἐ

2133 457 2456 516 feriatorutn
2488 465 2887 534 sophismatum
2915 505 2930 531 ,
2962 467 3147 523 anima
3185 467 3437 525 mortalis
3461 512 3475 537 ,
3507 483 3631 540 quas
3661 480 3718 525 et

431 557 542 610 τῶν
573 553 862 610 δυσσεϐῶν
893 554 1185 626 δογμάτων
1209 555 1415 626 πλάνη,
1443 556 1478 627 ἠ
1505 554 1710 624 ταύτης
1733 553 2026 623 ἐπίκουρος

434 647 848 716 πειθανολογία,
899 649 932 719 ἡ
967 648 1142 718 πλοκὴ
1190 648 1287 701 καὶ
1319 647 1485 718 τέχνη
1519 645 1630 700 τῶν
1674 643 2025 726 κακοσχόλων

434 739 814 811 σοφισμάτων,
850 737 1020 810 θνητὴ
1063 739 1098 810 ή
1135 736 1285 808 ψυχὴ
1310 778 1326 803 ,
1361 737 1443 791 ὅτι
1493 734 1894 807 συμμερίζεται
1929 727 2025 787 καὶ

435 837 755 908 συμπάσχει
799 836 880 908 τῷ
913 834 1163 905 σώματι*
1195 836 1297 888 οὐκ
1327 833 1443 904 ἔχει
1491 832 1838 904 Δημιουργὸν
1867 833 1895 884 6
1930 830 2022 884 κό-

435 944 603 998 σμος·
640 929 719 982 ὃτι
751 927 850 997 οὐχ
883 925 1073 997 ὥσπερ
1106 925 1168 978 τὸ
1211 925 1346 994 πῦρ,
1377 923 1554 977 ἐθέλει
1585 921 1706 975 οὐδὲ
1735 922 1796 974 τὸ
1827 919 1973 990 ὕδωρ
1993 930 2020 969 τι

434 1018 699 1089 φέρεσθαι
719 1033 732 1048 ⁸
769 1017 947 1081 κοινὸς
969 1018 998 1068 ὁ
1025 1017 1226 1086 γάμος,
1249 1015 1332 1068 ὅτι
1361 1014 1563 1085 μᾶλλον
1594 1011 1769 1075 οὕτως
1803 1012 1837 1082 ή
1867 1010 2023 1072 πόλις

429 1109 756 1181 φιλάλληλος
776 1126 791 1141 ·
835 1111 902 1162 ὲκ
930 1111 1040 1162 τῶν
1074 1108 1286 1181 νεκρῶν
1323 1109 1372 1162 οἱ
1403 1107 1608 1172 ζῶντες
1635 1123 1652 1139 ο
1687 1106 1783 1159 καὶ
1811 1103 1920 1175 γὰρ
1956 1107 2021 1157 ἐκ

425 1201 520 1255 τοῦ
547 1201 800 1255 ἵστασθαι
842 1200 1191 1272 καθεζόμεθα
1211 1217 1224 1230 ·
1274 1199 1505 1264 πολλοὺς
1531 1200 1586 1253 δὲ
1617 1199 1699 1253 δεῖ
1734 1199 1829 1252 καὶ
1861 1197 2020 1261 θεοὺς

423 1290 590 1358 εἶναι,
639 1293 723 1348 ὅτι
772 1294 996 1348 πλείονα
1025 1294 1096 1346 τὰ
1130 1293 1538 1365 προνοούμενα,
1573 1292 1666 1345 καὶ
1696 1290 1883 1360 φόϐος,
1914 1308 2018 1343 κα-

428 1390 551 1459 μεῖν
580 1388 672 1440 τὸν
695 1387 817 1452 ἕνα,
871 1390 939 1459 τῇ
972 1389 1127 1460 κοινῇ
1163 1386 1407 1457 φροντίδι
1450 1383 1918 1456 ἐνασχολούμενον
1937 1399 1953 1415 ·
1981 1383 2016 1455 ἦ

425 1480 512 1533 ὅτι
539 1480 631 1533 τον
661 1479 882 1550 πρῶτον
908 1481 1125 1549 ἀνάγκη
1154 1477 1334 1531 πείθει
1365 1477 1641 1547 παράγειν
1663 1475 2018 1528 καταδεέστε-

432 1590 546 1644 ρον,
600 1573 687 1625 ἵνα
724 1572 799 1643 μὴ
844 1573 946 1641 τῆς
996 1571 1176 1642 ἀρχῆς
1227 1569 1555 1643 περιαιρεθῇ
1589 1569 1650 1622 τὸ
1693 1567 2015 1640 προνόμιον,

432 1667 531 1720 καὶ
562 1666 654 1719 τὸν
678 1665 930 1736 δεύτερον
961 1664 1126 1718 πάλιν
1170 1663 1467 1733 ὑφειμένον
1513 1662 1697 1727 ἄλλον,
1733 1661 1830 1715 καὶ
1857 1659 2018 1714 τοῦτο

429 1761 512 1826 εἰς
546 1758 775 1830 ἄπειρον
797 1775 812 1788 ο
848 1758 916 1812 τὰ
953 1758 1112 1828 μωρὰ
1143 1757 1320 1810 ταῦτα
1368 1758 1463 1811 καὶ
1511 1755 1815 1827 παρανοίας
1846 1754 2014 1825 ὲσχά-

423 1868 527 1923 της
557 1851 839 1914 ἐπέκεινα,
873 1851 969 1903 καὶ
1008 1849 1191 1920 ψυχῆς
1217 1849 1386 1913 ὅντως
1417 1849 1619 1919 θνητῆς
1649 1849 1745 1902 καὶ
1774 1846 1870 1900 τοῦ
1902 1866 2010 1902 κω-

420 1944 568 1998 νείου
599 1943 747 2008 ἄξια.
782 1943 1002 2014 Ταύτην
1046 1943 1142 1996 τοῦ
1196 1944 1393 2006 αίῶνος
1422 1942 1522 2013 τὴν
1551 1942 1767 2012 σοφίαν,
1803 1941 2016 2004 Παῦλος

420 2040 450 2093 6
479 2038 547 2092 τὰ
577 2037 695 2090 θεῖα
725 2035 805 2108 τῷ
829 2035 942 2090 ὄντι
982 2036 1146 2104 σοφὸς
1186 2035 1282 2090 καὶ
1313 2036 1381 2089 τὰ
1416 2033 1761 2107 ἀνθρώπινα,
1793 2034 1884 2088 διὰ
1910 2036 2012 2104 τῆς

424 2131 484 2183 ἐν
516 2127 799 2199 μυστηρίῳ
827 2127 966 2181 Θεοῦ
1001 2129 1196 2196 σοφίας
1232 2131 1335 2199 τῆς
1376 2130 1709 2199 οἰκουμένης
1738 2128 2009 2200 ἀπήλασε,

424 2218 646 2283 καὶτὰς
671 2218 782 2272 τῶν
813 2219 1026 2272 πιστῶν
1052 2218 1293 2282 διανοίας
1342 2219 1584 2283 ἀϐάτους
1615 2220 1753 2291 αὐτῇ
1787 2223 2014 2290 συνετή-

426 2329 616 2384 ρησεν.
662 2311 726 2365 Ἦ
758 2312 988 2384 τοιαύτη
1027 2311 1210 2382 σοφία,
1242 2314 1422 2382 μωρία
1453 2314 1606 2384 παρά
1625 2314 1706 2385 τῷ
1729 2313 1880 2384 Θεῷ·
1902 2313 2014 2367 τῶν

423 2403 594 2475 ταύτῃ
633 2402 817 2474 σοφῶν
844 2405 892 2456 οἱ
919 2403 1175 2474 λογισμοὶ
1213 2403 1460 2473 μάταιοι,
1507 2405 1602 2459 καὶ
1638 2408 1754 2468 ταῖς
1780 2404 2014 2469 οἰκείαις

424 2495 793 2566 πανουργίαις
845 2494 1218 2565 ἁλισκόμενοι,
1264 2495 1344 2566 τῷ
1393 2495 1549 2566 ἁπλῷ
1603 2496 1706 2567 τῆς
1754 2497 2014 2567 ἀληθείας

421 2585 571 2657 λόγῳ
601 2587 1081 2659 περιδράσσονται.
1129 2586 1372 2659 Ταύτην,
1419 2588 1610 2660 ὥσπερ
1649 2589 1841 2652 πάλαι,
1867 2588 2014 2644 οὓτω

419 2677 488 2747 δὴ
519 2677 615 2730 καὶ
641 2668 938 2742 νῦν,’ἆπας
985 2677 1219 2748 εὐσεϐὴς
1253 2677 1508 2732 διαπτύει
1549 2678 1844 2748 λογισμός·
1883 2680 2013 2744 τοὺς

419 2768 676 2840 μακροὺς
703 2768 926 2839 λήρους,
953 2769 1023 2823 τὰ
1052 2770 1262 2840 ψυχικά
1289 2769 1563 2842 βάραθρα,
1607 2773 1676 2824 τά
1704 2771 1799 2825 τοῦ
1840 2773 2015 2842 Πονη-

420 2862 523 2934 ροῦ
575 2863 846 2934 θήρατρα,
892 2863 953 2916 τὸ
1003 2863 1147 2934 μέγα
1181 2863 1281 2933 τῆς
1309 2863 1588 2926 ἀπωλείας
1622 2863 2010 2935 ἐργαστήριον.

420 2956 546 3008 Τῶν
574 2955 631 3008 δέ
657 2971 722 3024 γε
752 2955 1016 3026 ῥημάτων
1057 2956 1156 3010 καὶ
1204 2958 1306 3028 τῆς
1335 2955 1404 3010 δι’
1435 2956 1618 3013 αὐτῶν
1664 2957 1939 3028 συνθήκης
1977 2959 2012 3026 ή

419 3047 678 3119 ὀρθότης,
724 3047 778 3100 τί
823 3047 1152 3116 λυμαίνεται
1197 3050 1264 3119 τῇ
1304 3049 1588 3120 εὐσεϐείας
1639 3050 1761 3103 τίνα
1805 3049 2012 3121 βλάϐην

2130 551 2456 622 dispertitur
2483 563 2538 610 et
2567 561 2896 628 compatitur
2925 574 3049 615 cum
3079 575 3343 630 corpore;
3375 562 3520 632 qttod
3562 578 3720 617 mun-

2128 642 2232 697 dus
2271 644 2523 709 opiﬁcetn
2556 663 2663 702 non
2701 650 2898 716 habet;
2926 652 3070 721 quod
3100 667 3206 706 non
3246 653 3717 722 quemadmodum

2128 734 2292 806 ignis,
2330 739 2402 794 ita
2445 749 2500 794 et
2529 756 2670 810 aqua
2720 742 2848 796 ferri
2885 760 3105 799 sursum
3135 747 3297 813 velit,
3327 746 3475 817 quod
3519 748 3713 802 matri-

2129 835 2373 890 monium
2403 849 2699 889 commune
2726 837 2816 899 sit,
2846 853 2911 892 eo
2938 839 3083 908 quod
3117 841 3220 893 hoc
3246 851 3403 909 pacto
3440 842 3615 913 magis
3650 859 3711 899 se

2127 938 2318 983 n-utuo
2352 939 2536 983 ament
2577 930 2760 994 cives;
2790 933 2932 1000 quod
2965 947 2996 986 e
3028 934 3261 988 mortuis
3292 934 3423 997 vivi,
3459 951 3583 989 cum
3613 937 3708 1006 qui

2125 1019 2570 1076 consistebamus
2594 1060 2609 1084 ,
2643 1022 2971 1085 sedeamus;
3007 1021 3278 1090 plurimos
3324 1034 3537 1092 oportet
3578 1026 3713 1081 deos

2122 1125 2267 1176 esse,
2298 1126 2422 1166 cum
2448 1111 2603 1180 plura
2626 1112 2737 1166 sint
2764 1127 2886 1180 quae
2913 1112 3317 1182 praevideantur
3351 1133 3365 1169 :
3393 1123 3447 1168 et
3468 1124 3713 1170 metuen-

2122 1203 2253 1257 dttm
2292 1205 2396 1268 sit,
2435 1220 2502 1258 ne
2529 1221 2711 1270 unus,
2751 1206 2795 1260 si
2838 1207 3085 1261 omnium
3128 1209 3407 1262 communi
3449 1223 3579 1264 cura
3624 1210 3710 1264 in-

2121 1295 2342 1364 viligct,
2385 1296 2709 1366 defatiscat;
2758 1308 2855 1353 aut
2890 1299 3037 1369 quod
3085 1301 3339 1371 princeps
3379 1305 3712 1358 necessitate

2121 1388 2380 1457 adigitur,
2415 1403 2538 1442 cum
2573 1405 2678 1444 non
2709 1391 2943 1446 snlﬁt-iat
2986 1393 3126 1461 ipse,
3163 1393 3329 1448 alium
3373 1395 3708 1464 superindu-

2119 1495 2265 1548 cere,
2301 1496 2372 1536 ne.
2419 1482 2732 1552 principatu
2774 1500 2876 1540 suo
2925 1485 3193 1555 privetur,
3243 1497 3296 1541 et
3345 1489 3710 1544 secundarius

2122 1574 2230 1630 iste
2261 1575 2523 1629 deﬁciens
2557 1576 2747 1640 alium,
2791 1587 2955 1647 atque
2989 1578 3060 1631 ita
3093 1581 3144 1632 in
3174 1579 3451 1634 inﬁnitum
3493 1600 3506 1636 :
3542 1583 3710 1637 stulta

2121 1674 2248 1721 sunt
2284 1666 2357 1722 ita
2386 1676 2440 1722 et
2475 1667 2764 1722 stultitiam
2796 1684 3014 1723 onmem
3053 1671 3396 1736 excedentia,
3433 1689 3555 1739 quae
3584 1674 3711 1726 aniu

2120 1772 2264 1811 mam
2307 1757 2503 1812 decent
2546 1773 2731 1813 revera
2771 1760 3090 1827 mortalem,
3139 1769 3192 1812 et
3224 1761 3460 1814 cicutam
3491 1778 3711 1816 meren-

2120 1857 2231 1904 tur.
2258 1846 2410 1904 Hanc
2433 1850 2626 1904 mundi
2659 1850 2820 1905 istius
2849 1851 3172 1920 sapientiam
3207 1851 3433 1919 Paulus,
3462 1854 3553 1924 qui
3583 1870 3710 1909 vere

2119 1941 2365 2008 sapiebat
2396 1940 2605 2007 divina,
2640 1950 2694 1996 et
2726 1940 2998 1996 humanas
3029 1941 3163 1996 istas
3198 1942 3558 2012 cogitationes
3587 1956 3615 1994 a
3649 1956 3710 1995 se

2117 2032 2427 2097 alienabat,
2469 2042 2524 2088 et
2569 2034 2774 2088 mundo
2806 2034 3058 2105 ejiciebat
3079 2078 3094 2102 ,
3125 2042 3349 2104 propter
3378 2035 3710 2104 sapientiam

2119 2122 2211 2177 Dei
2245 2124 2297 2178 in
2327 2125 2609 2196 mysterio.
2641 2125 2878 2180 ﬁdelium
2913 2128 3275 2197 cogitationes
3306 2127 3384 2181 illi
3412 2127 3709 2196 impervias

2116 2217 2293 2271 voluit
2323 2218 2626 2272 custodire.
2671 2216 2818 2273 Talis
2850 2219 3122 2288 sapientia
3154 2219 3265 2273 Deo
3300 2220 3534 2275 stultitia
3571 2229 3656 2274 est
3685 2237 3702 2274 :

2117 2310 2428 2378 sapientum
2460 2311 2822 2381 cogitationes
2862 2327 3038 2377 vanae,
3071 2312 3312 2382 propriis
3341 2313 3707 2384 apprehensa:

2116 2399 2620 2456 machinationibus
2653 2416 2746 2472 per
2779 2403 3088 2472 simplicem
3115 2402 3364 2457 veritatis
3387 2417 3702 2456 sermonem

2115 2491 2504 2562 decerpantur.
2553 2493 2707 2548 Hanc
2752 2502 2814 2548 ut
2845 2494 3001 2559 olim,
3053 2493 3126 2548 ita
3171 2501 3227 2548 et
3269 2508 3420 2549 nunc
3445 2492 3706 2564 quaelibet

2116 2597 2242 2636 cum
2275 2582 2476 2653 pietate
2508 2583 2807 2652 conjuncta
2836 2583 2980 2638 ratio
3010 2584 3255 2654 respuit:
3286 2583 3483 2638 deliria
3518 2583 3701 2653 longa,

2117 2677 2426 2730 animarum
2463 2675 2742 2740 barathra,
2777 2674 2983 2730 diaboli
3007 2676 3281 2736 venatiea.
3313 2690 3567 2746 magnam
3596 2691 3690 2730 ma

2117 2768 2297 2824 lorum
2333 2767 2638 2823 otﬁcinam.
2676 2770 2744 2823 At
2788 2768 2922 2838 quid
2965 2767 3257 2822 verborum
3298 2778 3446 2823 recta
3477 2783 3713 2838 compo‘

2118 2864 2250 2920 sitio
2289 2864 2579 2919 veritatem
2617 2863 2761 2918 laedit
2793 2863 2816 2917 i
2865 2862 3013 2933 quod
3046 2862 3312 2917 damnum
3349 2861 3518 2918 infert
3545 2863 3712 2919 adhi-

2115 2958 2406 3025 bentibus,
2437 2973 2600 3028 quem
2642 2958 2727 3014 vel
2775 2971 3034 3027 magnum
3063 2956 3150 3012 vel
3187 2973 3418 3028 parvum
3459 2971 3709 3013 errorem

2117 3051 2523 3122 supplantando
2553 3050 2798 3107 inducit?
2829 3051 2886 3105 Si
2927 3060 3184 3105 naturam
3235 3049 3330 3120 qui
3364 3050 3557 3112 ﬁnxit,
3591 3052 3710 3122 ipso

422 3141 585 3212 φέρει
613 3143 724 3203 τοῖς
753 3141 1096 3212 χρωμένοις;
1130 3140 1266 3213 πρὸς
1315 3143 1477 3196 ποίαν
1524 3141 1874 3207 ὑποσκελίζει
1915 3161 2007 3212 μι-

2118 3142 2430 3212 linguarum
2463 3141 2687 3205 artifex,
2723 3140 2869 3196 unde
2900 3140 3044 3196 haud
3074 3155 3424 3211 consequens
3467 3141 3573 3196 erit
3594 3177 3611 3204 ,
3647 3151 3710 3196 ut

421 3233 622 3305 κράνῆ
657 3235 899 3304 μεγάλην
932 3234 1176 3305 πλάνην;
1222 3234 1282 3287 Et
1323 3233 1367 3287 δ’
1402 3235 1431 3288 6
1473 3233 1574 3304 τῆς
1622 3233 1839 3304 φύσεως
1872 3232 2012 3288 πλά-

421 3342 575 3396 στης,
605 3326 768 3390 αὐτὸς
798 3326 893 3380 καὶ
931 3324 1041 3380 τῶν
1069 3325 1333 3395 γλωσσῶν
1375 3327 1404 3380 6
1447 3325 1720 3396 τεχνίτης,
1753 3325 1873 3390 πῶς
1911 3325 2012 3380 οὐκ

416 3419 571 3472 ἔστιν
603 3417 921 3484 ἀκόλουθον,
945 3418 1148 3490 μᾶλλον
1180 3419 1309 3482 τοὺς
1341 3417 1593 3490 μαθητάς
1618 3416 1713 3472 τοῦ
1741 3417 1903 3488 λόγου
1929 3417 2008 3490 τῷ

416 3513 720 3584 καθήκοντι
743 3514 1046 3585 κεχρῆσθαι
1072 3513 1218 3586 λόγῳ
1247 3530 1264 3581 ;
1295 3513 1512 3568 Οὐκοῦν
1547 3514 1608 3568 οὐ
1645 3513 2013 3585 προσελάϐετο

418 3604 672 3677 μαθητάς
714 3608 743 3660 6
775 3605 1013 3678 Χριστὸς
1047 3606 1286 3672 ίδιώτας,
1334 3606 1432 3660 καὶ
1481 3606 1718 3678 μάλιστα
1744 3607 1912 3676 φαίην
1945 3603 2012 3658 ἂν

415 3698 596 3770 ἔγωγε
620 3741 637 3768 ,
684 3701 778 3754 καὶ
802 3701 852 3754 εί
878 3699 1062 3772 βούλει
1111 3717 1200 3770 γε,
1236 3699 1330 3754 καὶ
1357 3699 1465 3754 τῶν
1499 3699 1725 3773 ίχθύων,
1759 3698 1854 3765 οὓς
1883 3699 2012 3772 ἐθή-

418 3809 554 3864 ρων,
593 3791 1003 3864 ἁφωνοτέρουςο
1051 3791 1168 3845 ἀλλ’
1212 3791 1406 3863 ὥσπερ
1459 3792 1699 3856 ἰδιώτας,
1731 3791 1876 3846 οὓτω
1915 3792 2011 3846 καὶ

413 3884 677 3951 τελώνας,
709 3885 807 3940 καὶ
850 3886 1042 3950 ἁλιεῖς,
1094 3887 1225 3956 μήτι
1271 3885 1511 3950 τελώνας
1553 3886 1857 3957 ῆὰλιεύειν
1903 3886 2013 3939 άπ-

417 3977 594 4046 έλιπε,
625 3979 721 4033 καὶ
749 3977 854 4032 ποῦ
887 3977 1050 4032 τοῦτο
1079 3977 1361 4049 θαύματος
1391 3979 1425 4050 ἢ
1458 3979 1558 4050 τῆς
1583 3977 1824 4050 Χριστοῦ
1852 3977 2013 4031 δυνά-

418 4088 568 4143 μεως
619 4071 804 4138 άξιον;
844 4070 970 4135 Πῶς
1013 4071 1058 4125 δ’
1106 4071 1173 4126 άν
1218 4087 1303 4135 τις
1337 4071 1564 4142 διαδύσῃ
1607 4071 1700 4124 τὸν
1760 4071 1853 4124 ἐπὶ
1899 4070 2010 4126 τῶν

417 4169 601 4240 ἔργων
644 4166 828 4220 αὐτῶν
871 4166 1127 4238 ἔλεγχονς
1163 4165 1353 4231 Οὕτως
1394 4167 1488 4222 οὖν
1520 4165 1628 4220 οὐδ’
1662 4168 1747 4231 είς
1791 4166 2010 4233 ἰδιώτας

416 4259 654 4328 ἀφῆκεν,
703 4257 800 4321 οὓς
840 4257 1054 4312 ἐκεῖθεν
1103 4259 1512 4331 προσείληφενο
1574 4258 1691 4313 ἀλλ’
1734 4259 1857 4314 ἀντὶ
1906 4260 2009 4330 μὲν

416 4347 637 4415 ἀλιέων,
664 4348 838 4411 ἁλιεῖς
870 4349 1198 4403 ἀπετέλεσεν
1229 4349 1554 4421 ἀνθρώπων.
1593 4369 1613 4404 ι
1652 4350 1839 4418 Δεῦτε,
1874 4352 2005 4424 γὰρ,

419 4445 611 4515 φησὶν,
642 4441 819 4495 ὀπίσω
851 4459 954 4512 μου
986 4443 1082 4497 καὶ
1125 4444 1339 4513 ποιήσω
1364 4432 1366 4435 ’
1389 4443 1535 4514 ὑμᾶς
1582 4443 1754 4507 ἁλιεῖς
1787 4444 2004 4517 ἀνθρώ-

2117 3235 2210 3306 qui
2247 3235 2488 3305 potiores
2521 3234 2778 3304 discipuli
2833 3233 3111 3289 sermonis
3157 3242 3322 3300 sunt,
3355 3234 3707 3290 convenienti

2115 3342 2370 3383 sermone
2419 3335 2666 3382 utantur.
2715 3325 2843 3381 Ideo
2891 3326 3194 3396 discipulos
3245 3326 3448 3383 idiotas
3509 3327 3710 3383 ascivit

2115 3422 2368 3477 Christus
2398 3421 2628 3476 omnino
2672 3421 3046 3475 concesserim
3068 3460 3085 3486 ,
3132 3427 3188 3475 et
3235 3419 3282 3476 si
3319 3420 3457 3476 velis
3480 3461 3495 3488 ,
3527 3422 3708 3491 magis

2111 3528 2279 3585 quam
2307 3521 2463 3568 erant
2500 3513 2699 3582 pisces,
2731 3528 2872 3582 quos
2905 3512 3221 3583 capiebant;
3251 3521 3436 3569 mutos
3465 3530 3480 3568 :
3514 3529 3705 3568 verum

2114 3615 2178 3661 ut
2227 3605 2460 3671 idiotas,
2513 3609 2586 3662 ita
2639 3606 2965 3678 publicanos
2993 3615 3049 3661 et
3097 3607 3428 3676 piscatores,
3472 3607 3568 3678 qui
3602 3622 3710 3662 nec
3778 3651 3785 3657 .

2113 3700 2396 3770 publicani
2422 3709 2634 3765 essent,
2685 3714 2786 3754 nec
2830 3700 3134 3768 piscatOres
3173 3698 3518 3765 desinebant,
3554 3699 3706 3770 quod

2115 3792 2317 3848 mirum
2376 3804 2516 3859 erat,
2572 3792 2669 3849 sed
2723 3792 2969 3863 potentia
3003 3791 3209 3847 Christi
3259 3791 3508 3862 dignum.
3550 3790 3707 3859 Quo-

2115 3889 2280 3942 modo
2305 3887 2432 3959 quis
2463 3888 2532 3942 ab
2558 3887 2820 3957 operibus
2842 3886 3241 3942 convictionem
3266 3883 3531 3957 eﬂ‘ugiat?
3553 3885 3707 3941 Inter

2115 3981 2312 4037 idiotas
2351 3997 2458 4034 non
2491 3980 2743 4044 dimisit,
2780 3995 2922 4051 quos
2951 3979 3150 4034 abinde
3175 3978 3442 4046 admisit,
3477 3982 3571 4035 scd
3604 3993 3705 4049 pro

2112 4071 2481 4142 piscatoribus
2548 4070 2846 4139 piscatores
2901 4068 3034 4124 fecit
3087 4067 3420 4134 hominum;
3481 4083 3701 4137 nempe,

2119 4161 2367 4225 «Venite,
2398 4162 2543 4216 enim
2573 4161 2772 4230 inquit,
2807 4169 2931 4230 post
2957 4175 3065 4227 me,
3096 4167 3152 4215 et
3179 4160 3376 4216 faciam
3401 4175 3498 4215 vos
3521 4161 3702 4230 pisca-

2115 4263 2263 4308 tores
2291 4253 2576 4307 hominum
2596 4253 2704 4318 ¹¹;ι
2739 4267 2838 4322 pro
2865 4250 3193 4322 publicanis,
3220 4251 3530 4305 animarum
3565 4259 3702 4306 tem-

2113 4345 2418 4417 pestatibus
2458 4346 2791 4416 jactatarum
2840 4353 3186 4413 servatores;
3230 4351 3286 4399 et
3340 4358 3442 4416 pro
3483 4343 3695 4411 idiotis,

2115 4439 2305 4495 mundi
2340 4438 2619 4504 doctores,
2653 4437 2908 4509 impletos
2937 4437 3123 4493 divina
3147 4445 3205 4493 et
3231 4436 3443 4493 cmlesti
3472 4437 3700 4508 sapien-

419 4505 572 4590 τὶῴν·
597 4505 630 4587 ⁷ι
662 4535 787 4590 ἀντὶ
812 4505 1064 4590 τελωνῶν
1090 4534 1168 4600 δὲ,
1199 4505 1392 4606 ψῦχῶν
1427 4505 1870 4608 ’χειμαζομένων
1894 4505 2000 4591 σωο

2116 4532 2224 4600 tia;
2260 4547 2380 4598 nec,
2433 4531 2524 4586 ubi
2568 4539 2686 4586 erat
2719 4545 2896 4601 opus,
2933 4529 3177 4586 humana
3206 4531 3480 4602 sapientia
3510 4531 3699 4588 desti-

415 4631 626 4700 τῆρας·
670 4629 765 4682 καὶ
795 4628 917 4684 ἀντὶ
945 4628 1196 4691 ίδιωτῶν,
1247 4629 1348 4699 τῆς
1382 4629 1710 4700 οίκουμένης
1749 4629 2004 4684 διδασκά-

413 4722 564 4789 λους,
605 4723 706 4794 τῆς
731 4739 794 4776 τε
833 4720 985 4786 θείας
1027 4721 1125 4776 καὶ
1153 4721 1411 4792 οὐρανίου
1465 4721 1660 4789 σοφίας
1692 4723 2002 4794 ἐμπλήσας,

411 4821 511 4874 καὶ
536 4818 638 4889 τῆς
665 4817 1036 4888 ἀνθρωπίνης,
1072 4816 1208 4869 ὅπου
1235 4815 1395 4888 χρεία
1426 4814 1624 4880 καλεῖ,
1655 4815 1810 4868 οὐδὲν
1843 4815 2002 4869 ὑστε-

416 4929 510 4983 ρου
520 4911 587 4980 μέ
598 4927 719 4976 -ιους
742 4910 1049 4981 ἀποφήνας.
1068 4909 1223 4962 Ἐπεὶ
1249 4907 1368 4972 πῶς
1395 4908 1674 4972 Στωϊκοῖς,
1708 4907 1827 4971 πῶς
1843 4908 2000 4963 Ἑπι-

411 5003 708 5076 κουρείοις,
753 5001 873 5064 πῶς
919 5001 1144 5072 μυρίαις
1188 4999 1378 5063 ἄλλαις
1409 4999 1663 5063 πλάναις,
1693 4999 1786 5051 ἐπὶ
1818 4997 1997 5068 λόγοις

415 5094 560 5167 μέγα
609 5095 781 5164 ὄνομα
829 5093 1140 5161 λιπούσαις,
1167 5091 1310 5146 κατὰ
1338 5092 1532 5162 λόγους
1561 5091 1993 5158 συνεπλέκοντο;

414 5185 534 5250 πῶς
555 5188 582 5239 6
612 5186 707 5240 τοῦ
732 5185 894 5255 λόγου
926 5185 1149 5258 δρόμος,
1172 5185 1268 5238 καὶ
1297 5185 1407 5238 τῶν
1435 5185 1699 5255 ῥημάτων
1726 5185 1758 5255 ἡ
1783 5181 1993 5256 εῦροια,

416 5277 900 5349 συνδεδραμηκότα
954 5278 1032 5348 τῷ
1082 5277 1366 5347 θαύματι,
1415 5276 1626 5348 Ἑρμῆν
1674 5276 1998 5348 νομισθῆναι

411 5368 507 5422 τὸν
551 5368 762 5422 Παῦλον
791 5372 906 5433 τοῖς
946 5371 1246 5438 ἀκροαταῖς
1289 5368 1708 5436 παρεσκεύασε;
1741 5367 1838 5421 καὶ
1879 5370 1996 5436 εἴγε

415 5461 494 5533 μὴ
525 5460 737 5530 φθάσας
769 5461 952 5530 αὐτὸς,
985 5463 1114 5526 τοὺς
1143 5461 1377 5533 χιτῶνας
1402 5461 1663 5533 διέσχισε,
1709 5465 1803 5515 καὶ
1830 5460 2000 5534 γέρας

486 5648 533 5684 ι’
558 5649 754 5706 Matth.
790 5664 865 5716 tv,
899 5648 985 5704 l9.
1077 5614 1102 5635 ο

2106 4635 2275 4680 tutos.
2310 4624 2470 4679 Certe
2501 4624 2647 4678 enim
2679 4639 2804 4678 cum
2837 4623 3041 4680 Stoicis
3065 4661 3082 4689 ,
3113 4639 3240 4680 cum
3270 4623 3558 4694 Epicureis
3583 4667 3600 4692 ,
3637 4636 3698 4682 et

2106 4717 2381 4773 sexcentis
2431 4716 2556 4773 aliis
2607 4717 2890 4771 erroribus
2934 4717 3255 4788 congressi,
3302 4731 3427 4773 cum
3475 4717 3692 4773 celebre

2102 4826 2302 4867 nomen
2336 4809 2408 4865 ob
2441 4810 2804 4866 eruditionem
2855 4818 3014 4866 erant
3042 4811 3364 4877 consecuti,
3391 4811 3690 4866 verborum

2101 4916 2335 4968 cursus,
2381 4911 2436 4956 et
2476 4901 2782 4957 dictionum
2829 4901 3029 4958 ﬂuvius
3068 4903 3338 4958 miraculo
3394 4902 3695 4972 coniuncto

2108 4993 2458 5060 ferebantur;
2503 5003 2557 5050 et
2597 4993 2830 5050 Paulum
2863 5010 2962 5066 pro
2989 4995 3263 5052 Mercurio
3308 4995 3492 5065 putari
3547 4995 3694 5066 apud

2107 5084 2390 5142 auditores
2421 5085 2698 5141 faciebant
2726 5126 2742 5147 ,
2777 5087 2922 5156 quod
2951 5086 2997 5142 si
3031 5086 3148 5156 ipse
3182 5085 3488 5141 diloricatis
3522 5087 3695 5140 vesti-

2111 5178 2214 5234 bus
2247 5193 2345 5234 eos
2376 5192 2486 5232 non
2513 5178 2891 5249 przevenisset,
2924 5178 2980 5233 in
3018 5179 3288 5234 honorem
3319 5178 3440 5248 ejus
3474 5176 3694 5247 publica

2110 5271 2380 5326 sacrilicia
2415 5270 2599 5325 oblata
2630 5279 2833 5326 essent.
2867 5271 3020 5326 Mitto
3047 5271 3100 5326 in
3135 5271 3390 5342 praesenti
3430 5270 3538 5324 vim
3585 5274 3692 5322 sub

2108 5377 2275 5416 manu
2317 5373 2500 5417 natam
2536 5363 2834 5427 sermonis,
2866 5378 2990 5433 qua:
3022 5362 3076 5417 in
3101 5362 3386 5428 Ecclesiis,
3421 5360 3565 5432 apud
3597 5375 3697 5430 po—

2109 5456 2300 5528 pulum
2323 5495 2339 5525 ,
2375 5467 2474 5526 pro
2503 5452 2788 5511 Tribunali
2809 5493 2824 5520 ,
2852 5455 2906 5510 in
2933 5454 3248 5512 Judtccrum
3274 5453 3599 5532 Synagogis,
3637 5455 3696 5510 in

1717 5741 1952 5800 VARIA'I
1991 5741 2402 5802 LECTIONES.

527 5847 556 5889 ς
590 5837 680 5894 la.
714 5835 840 5890 add.
878 5837 1013 5891 ἄνω.
1045 5832 1106 5888 C.
1142 5833 1212 5888 Μ.
1253 5832 1396 5891 sicut
1427 5832 1483 5891 in
1515 5803 1684 5890 testu.

762 5930 1034 5993 PATBOL.
1066 5928 1182 5990 (in.
1217 5926 1319 5989 Cl.

3206 5909 3282 5984 19
