4158 6450
526 382 631 448 579

1682 375 1951 439 PHOTII
1991 370 2500 436 PATRIARCHE
2534 370 2645 434 CP.

3710 366 3819 439 580

525 496 681 557 foro,
720 507 842 548 cum
876 491 1137 555 doceret,
1166 489 1463 562 corriperet
1491 529 1507 555 ,
1541 487 1902 555 admoneret,
1934 502 1995 543 se
2023 486 2116 542 de-

2223 481 2291 537 ἂν
2322 483 2379 536 αί
2414 481 2560 536 θεῶν
2603 480 2754 553 αὑτῷ
2796 480 2979 536 θυσίαι
3027 480 3342 553 δημοτελῶς
3387 485 3815 557 προσεφέροντο.

524 588 792 653 fenderet,
842 586 1254 651 testiﬁcaretur,
1304 600 1425 655 quae
1474 584 1705 650 viritim,
1762 582 2108 645 catervatim,

522 682 664 754 apud
698 679 914 751 judices
937 721 950 745 ,
983 680 1377 749 sycophantas.
1410 676 1700 745 Quomodo
1734 674 1969 730 dicendo
2021 686 2112 726 re-

521 788 642 844 gem
672 770 989 826 Judmorum
1027 768 1266 835 allicuit,
1318 769 1393 824 ita
1438 776 1500 822 ut
1550 775 1767 822 tantum
1816 780 1925 819 non
1968 763 2113 818 inter

520 862 868 917 Christianos
920 868 1275 926 censeretur,
1322 858 1367 915 si
1419 872 1527 912 non
1570 856 1722 925 regni
1764 863 1821 910 et
1848 866 2112 925 purpurae

520 954 769 1019 inﬂatio,
818 968 941 1023 quae
972 951 1157 1007 multis
1191 951 1470 1006 multoties
1511 948 1711 1004 lethale
1762 947 1961 1001 vulnus
2020 945 2111 999 in—

521 1044 732 1109 ﬂixere,
786 1042 1180 1113 impedimento
1214 1040 1408 1096 luisset
1442 1039 1508 1094 ad
1553 1037 1804 1093 etl'ectnm
1837 1035 2084 1106 operatio

521 1150 762 1205 nemque
795 1132 970 1187 verbi.
1011 1132 1081 1186 Ut
1106 1131 1486 1201 proloqnendo
1521 1128 1865 1200 compescuit
1896 1128 2110 1182 clamo.

521 1243 617 1283 sos
656 1239 708 1283 et
742 1228 795 1282 in
830 1241 889 1280 se
911 1225 1238 1289 concitatos,
1267 1224 1362 1295 qui
1388 1223 1712 1293 sanguinem
1746 1221 1922 1292 ipsius
1952 1220 2113 1276 sitie-

521 1319 683 1385 bant,
730 1333 871 1389 quos
917 1320 983 1372 ad
1041 1334 1195 1373 suam
1245 1318 1641 1387 protectionem
1695 1313 2107 1384 suscipiendum

520 1410 739 1465 induxit
774 1427 786 1462 :
820 1417 881 1463 ut
924 1408 1176 1463 ascendit
1222 1408 1273 1461 in
1306 1406 1677 1477 Areopagum,
1714 1406 1805 1458 ubi
1840 1405 1980 1458 inter
2010 1418 2109 1459 eos

518 1501 867 1567 versabatur,
906 1501 1004 1575 qui
1056 1500 1236 1554 verbis
1282 1500 1337 1553 in
1386 1500 1563 1569 ipsum
1597 1496 2108 1563 exacerbabantur;

519 1592 866 1664 Areopagum
898 1592 1180 1657 nimirum,
1212 1591 1326 1657 ubi,
1354 1600 1413 1645 ut
1441 1590 1641 1645 fabulis
1670 1588 1987 1645 Graecorum
2020 1603 2108 1643 so-

521 1686 776 1741 lemniter
807 1693 1061 1740 narratur
1081 1724 1097 1750 ,
1133 1693 1186 1739 et
1213 1684 1287 1739 dii
1316 1693 1368 1739 et
1398 1684 1653 1739 homines
1691 1682 1770 1737 rei
1801 1691 1860 1737 et
1895 1689 2111 1737 actores

520 1774 841 1833 ferebantur
870 1796 886 1833 :
917 1788 1086 1849 utque
1114 1777 1190 1833 ibi
1223 1776 1579 1842 constitutus,
1616 1792 1725 1831 non
1751 1775 1846 1830 uni
1878 1774 1982 1831 soli
2015 1789 2110 1844 op-

2237 573 2346 626 Ἐὦ
2376 570 2474 626 νῦν
2501 572 2600 645 τὴν
2625 572 2797 644 ἀλλην
2831 572 3182 643 αὐτοσχέδιον
3213 574 3369 645 ίσχὺν
3389 575 3485 629 τοῦ
3518 576 3820 649 λόγου,τὴν

2222 665 2283 719 ἐν
2320 664 2674 736 Ἑκκλησίαις
2700 707 2715 731 ,
2746 667 2846 735 τὴν
2879 666 2937 719 ἐν
2967 666 3165 736 δήμοις
3188 706 3203 729 ,
3233 665 3335 738 τὴν
3363 668 3420 721 ἐν
3450 666 3819 741 δικαστηρίῳ,

2237 756 2338 829 τὴν
2363 758 2505 811 κατά
2540 759 2867 828 συναγωγὰς
2905 759 3198 827 Ἰουδαίων,
3227 761 3328 833 τὴν
3356 762 3414 814 ἐν
3442 763 3637 833 ἀγορᾷ,
3667 762 3822 818 διδά-

2223 866 2471 916 σκοντος,
2491 850 2884 921 διελέγχοντος,
2912 851 3612 923 παραινοῦντος,ἀπολογου
3623 854 3818 925 μένου,

2222 941 2761 1013 διαμαρτυρομένου,
2789 943 2887 1013 ὅση
2921 942 3042 997 κατ’
3066 942 3257 1014 ἄνδρα,
3286 944 3387 1015 ὅση
3413 944 3555 996 κατά
3584 942 3819 1013 πλῆθος,

2219 1034 2319 1105 ὅση
2358 1034 2496 1105 πρὸς
2527 1034 2811 1099 δικαστὰς,
2856 1036 2957 1107 ὅση
2992 1036 3133 1107 πρὸς
3166 1037 3543 1105 συκοφάντας·
3591 1036 3670 1100 ὡς
3703 1030 3821 1090 εἷλε

2219 1126 2397 1196 λέγων
2436 1128 2529 1181 τὸν
2582 1127 2811 1199 βασιλέα
2857 1128 2965 1183 τῶν
3019 1129 3316 1191 Ἰουδαίων,
3360 1130 3454 1183 καὶ
3506 1128 3713 1201 μικροῦ
3751 1129 3819 1185 ἂν

2222 1213 2379 1284 οὗτος
2410 1231 2431 1258 τ
2462 1224 2543 1285 είς
2572 1220 2938 1292 Χριστιανοὺς
2980 1222 3349 1293 μετετάξατο,
3385 1224 3433 1276 εἰ
3466 1223 3543 1293 μὴ
3585 1223 3692 1292 τῆς
3723 1224 3824 1294 ἀρ-

2220 1312 2321 1381 χῆς
2349 1313 2567 1383 καὶτῆς
2604 1314 2925 1383 ἀλουργίδος
2965 1314 3026 1367 τὸ
3057 1315 3287 1384 φύσημα
3333 1315 3396 1385 (ὃ
3430 1314 3649 1379 πολλοῖς
3683 1316 3821 1369 πολ-

2218 1405 2375 1469 λάκις
2402 1407 2483 1470 είς
2508 1408 2577 1461 τά
2621 1409 2813 1480 καίρια
2847 1407 3178 1477 ἐλυμήνατο)
3217 1408 3469 1479 ἐμποδὼν
3501 1408 3653 1480 αὐτῷ
3684 1427 3819 1462 κατ-

2225 1498 2356 1571 έστη
2383 1500 2519 1570 πρὸς
2550 1502 2647 1570 τὴν
2671 1501 2963 1571 ἀκρίϐειαν
2991 1501 3084 1554 τοῦ
3116 1502 3507 1572 κηρύγματος’
3538 1502 3615 1566 ὡς
3647 1504 3821 1574 ἐσχη-

2222 1599 2321 1642 σε·
2367 1588 2765 1663 δημηγορήσας
2794 1593 2921 1657 τοὺς
2955 1592 3077 1647 κατ’
3130 1592 3294 1647 αὑτοῦ
3350 1594 3675 1662 φονῶντας,
3724 1598 3821 1650 καὶ

2221 1684 2349 1747 τοὺς
2388 1683 2662 1754 διψῶντας
2706 1684 2801 1738 τοῦ
2827 1685 3080 1754 αἵματος,
3109 1684 3398 1738 ἀναλαϐεῖν
3425 1685 3523 1748 τὰς
3544 1686 3691 1757 ὑπὲρ
3719 1689 3819 1755 τῆς

2225 1773 2393 1828 αὑτοῦ
2444 1776 2720 1847 σωτηρίας
2764 1776 3053 1847 φροντίδας
3096 1777 3416 1830 ἀνέπεισενο
3460 1777 3537 1841 ὡς
3578 1780 3677 1831 ἐπὶ
3726 1780 3818 1832 τὸν

518 1871 756 1943 positus,
800 1871 896 1927 sed
943 1879 1133 1927 contra
1178 1885 1373 1926 omnes
1421 1870 1651 1924 omnino
1706 1867 2114 1923 disertissimus

2223 1865 2441 1938 ’Δρειον
2476 1865 2644 1938 ἀνέϐη
2683 1868 2880 1934 πάγον,
2929 1865 3140 1937 ἀνδρῶν
3173 1868 3232 1921 ἐν
3281 1868 3433 1939 μέσῳ
3471 1871 3583 1931 τοῖς
3634 1869 3819 1938 λόγοις

518 1963 626 2019 fuit
654 1981 668 2031 ;
699 1964 743 2019 si
768 1965 930 2019 modo
950 1964 1196 2018 omnium
1222 1961 1511 2019 hominum
1530 1960 1919 2028 Athenienses,
1949 1959 2116 2014 Albe-

462 2063 468 2069 ‘
518 2033 794 2109 niensiu'in
817 2053 1159 2123 Areopagitze
1183 2051 1560 2123 praestiterunt
1589 2050 1847 2115 dicendo,
1873 2063 2113 2120 quorum

518 2144 751 2200 affectus
784 2144 1117 2214 animosque
1148 2142 1227 2197 ita
1258 2140 1495 2196 dicendo
1525 2140 1831 2208 concussit,
1859 2148 2114 2195 ettrans-

518 2236 801 2302 formavit,
845 2244 905 2292 ut
942 2236 1104 2290 multi
1143 2235 1290 2291 inter
1326 2250 1424 2291 eos
1473 2235 1544 2289 ab
1594 2234 1773 2305 ipsius
1820 2234 2006 2304 lingua
2059 2240 2119 2288 et

518 2346 773 2387 sermone
812 2331 1067 2400 suspensi
1113 2331 1415 2401 abjicerent
1460 2345 1585 2400 quae
1634 2344 1730 2399 per
1782 2336 1962 2384 totum
1991 2328 2116 2382 vita

520 2441 743 2481 cursum
777 2425 1074 2495 amplexati
1111 2423 1334 2479 fuerant
1362 2465 1378 2490 ,
1423 2432 1477 2478 et
1508 2421 1809 2476 transirent
1838 2422 1904 2476 ad
1939 2420 2115 2490 pieta-

518 2526 626 2570 tem
657 2556 673 2583 ,
710 2516 860 2570 illum
894 2514 1100 2569 imitari
1147 2513 1425 2575 studiosi,
1462 2512 1555 2583 qui
1603 2512 1746 2582 apud
1777 2511 2001 2567 intimas
2032 2511 2117 2580 ip-

520 2621 705 2661 sorum
739 2605 954 2660 animas
979 2604 1199 2659 virtutis
1236 2610 1289 2658 et
1321 2616 1461 2657 verae
1485 2602 1704 2671 pietatis
1734 2600 1992 2670 dogmata
2018 2614 2117 2653 ex-

522 2706 794 2753 araverat.
840 2695 947 2751 Tot
994 2705 1049 2750 et
1099 2696 1226 2749 talia
1275 2696 1396 2749 sine
1437 2708 1692 2747 sermone
1730 2706 1975 2760 congruo
2006 2704 2117 2745 non

523 2790 945 2860 assequebatur.
977 2787 1181 2858 Ecquis
1209 2786 1357 2841 enim
1380 2784 1618 2840 barbaro
1640 2782 1970 2837 attendisset
1997 2780 2120 2835 ani-

523 2898 638 2949 mo,
671 2882 764 2953 qui
798 2896 899 2937 nec
931 2888 1077 2935 recta
1106 2879 1161 2934 in
1194 2878 1332 2949 ipsis
1356 2878 1587 2931 vocibus
1619 2873 1943 2931 incedebat?
1968 2873 2118 2939 Quo-

522 2978 689 3034 modo
720 2976 903 3045 igitur,
940 2989 1062 3044 quae
1102 2988 1170 3027 ne
1209 2971 1358 3043 loqui
1388 2978 1661 3036 noverat,
1696 2977 1845 3024 recte
1883 2982 2118 3022 consen-

524 3069 630 3125 tire
682 3068 807 3123 aliis
852 3067 1144 3123 videbatur
1174 3083 1188 3120 :
1220 3065 1416 3121 nedum
1446 3064 1585 3120 alios
1624 3063 1728 3119 sibi
1770 3061 2120 3119 consentien-

522 3169 607 3218 tes
630 3160 1066 3217 habereJ’erum
1091 3160 1265 3231 gratia
1286 3159 1353 3214 de
1379 3158 1520 3214 cado
1545 3156 1895 3227 operabatur,
1919 3155 2115 3226 gratia,

2216 1956 2665 2029 φλεγμαινόντων
2685 1974 2698 1990 ·
2724 1959 2946 2029 ’Λρειον
2978 1959 3156 2026 πάγον
3186 1958 3420 2026 ἐκεῖνον,
3444 1952 3507 2013 οῦ
3534 1960 3629 2013 καὶ
3659 1959 3818 2024 θεοὺς

2220 2050 2351 2121 παρ’
2385 2049 2655 2121 ἀλλήλων,
2690 2050 2785 2104 καὶ
2808 2049 2944 2121 πρὸς
2970 2047 3294 2121 ἀνθρώπους
3313 2050 3468 2115 δίκας
3496 2052 3591 2105 καὶ
3626 2051 3819 2106 λαϐεῖν

2214 2143 2311 2197 καὶ
2340 2142 2525 2197 δοῦναι
2577 2142 2739 2213 μῦθοι
2768 2141 3055 2213 χαίρουσιν
3094 2141 3403 2211 Ἑλληνικοί
3431 2143 3811 2216 διηγούμενον

2215 2234 2367 2299 ὅπως
2395 2236 2578 2288 ἐκεῖσε
2602 2233 2903 2299 καταστὰς,
2935 2234 2996 2287 οὐ
3034 2234 3170 2305 πρὸς
3204 2234 3303 2289 ἕνα
3332 2235 3493 2305 λόγον
3523 2236 3817 2307 ὑποσχεῖν,

2217 2329 2355 2384 ἀλλά
2385 2330 2524 2401 πρὸς
2570 2329 2820 2394 ἅπαντας
2849 2331 2977 2395 τοὺς
3007 2330 3067 2382 ἐν
3100 2329 3415 2402 ἀνθρώποις
3448 2330 3691 2401 λογίους,
3739 2335 3817 2387 εί-

2218 2438 2327 2491 περ
2363 2422 2641 2492 Ἀθηναῖοι
2697 2422 2797 2492 μὲν
2857 2423 2981 2476 τότε
3037 2422 3147 2476 τῶν
3204 2420 3382 2477 ἄλλων
3431 2423 3813 2494 ἀνθρώπωνί,

2232 2510 2535 2581 Ἀθηναίων
2591 2510 2671 2576 δὲ,
2716 2511 2765 2564 οἳ
2811 2512 2869 2565 ἐν
2911 2512 3258 2584 ’Λρειοπάγῳ
3301 2512 3365 2567 τὸ
3410 2514 3614 2587 κράτος
3645 2511 3814 2588 εἶχον,

2219 2602 2371 2656 οὕτω
2398 2602 2719 2656 κατέσεισεν
2760 2602 2941 2656 αὐτῶν
2967 2606 3083 2668 τοῖς
3107 2604 3290 2674 λόγοις
3323 2605 3425 2671 τὰς
3466 2608 3650 2679 ψυχὰς
3671 2649 3688 2674 ,
3723 2609 3817 2662 καὶ

2224 2696 2672 2766 μετεσκεύασεν,
2738 2695 2812 2759 ὠς
2880 2696 3114 2762 πολλοὺς
3174 2698 3361 2755 αὐτῶν
3433 2700 3532 2771 τῆς
3599 2703 3818 2756 ἐκείνου

2220 2788 2470 2859 γλώττης
2499 2790 2597 2842 καὶ
2624 2788 2736 2843 τῶν
2766 2788 3030 2859 ῥημάτων
3066 2791 3570 2863 ἐκκρεμασθέντας,
3618 2796 3815 2865 ῥίψαν-

2221 2894 2324 2941 τας
2356 2876 2608 2942 ἅπαντα,
2656 2877 2747 2931 διὰ
2788 2877 2905 2947 βίου
2948 2878 3155 2943 παντὸς
3199 2880 3338 2950 πρὸς
3369 2881 3470 2953 τὴν
3525 2883 3816 2936 εὐσέϐειαν

2226 2968 2709 3040 μεθαρμόσασθαι,
2756 2971 2853 3024 καὶ
2892 2970 3139 3041 μιμητὰς
3181 2972 3418 3043 ὀφθῆναι
3457 2974 3552 3028 τοῦ
3592 2976 3685 3029 διὰ
3722 2975 3818 3046 βά-

2224 3059 2357 3137 θους
2380 3059 2561 3114 αὐτῶν
2594 3061 2715 3124 ταῖς
2766 3060 2967 3132 ψυχαῖς
3001 3062 3073 3116 τὰ
3102 3063 3202 3133 τῆς
3226 3064 3429 3136 ἀρετῆς
3458 3066 3553 3119 καὶ
3581 3069 3681 3139 τῆς
3713 3070 3806 3138 ὀρς

2224 3151 2325 3223 θῆς
2379 3150 2636 3224 λατρείας
2682 3152 3094 3223 ἐγχαράξαντος
3142 3154 3414 3225 δόγματα.
3445 3158 3591 3230 Ἀρα
3641 3160 3817 3214 ταῦτα

526 3252 773 3321 inquam,
808 3260 862 3306 et
908 3267 1015 3305 non
1048 3249 1364 3305 artiﬁcium.
1395 3247 1531 3302 Nam
1560 3247 1707 3318 quod
1736 3255 1854 3301 arte
1882 3251 2116 3301 constat.

2224 3217 2319 3300 καὶ
2356 3244 2427 3299 τά
2467 3217 2697 3301 τοιαῦτα
2723 3217 3107 3319 χωρὶςήλόγου
3152 3217 3259 3303 τοῦ·
3303 3217 3680 3324 καθήκοντος
3724 3254 3818 3309 καὶ

525 3340 828 3396 humanum
872 3347 957 3395 est
998 3351 1054 3395 et
1098 3338 1235 3406 vile;
1263 3338 1409 3409 quod
1449 3352 1481 3392 e
1531 3336 1746 3405 gratia,
1797 3335 2021 3389 caeleste
2066 3342 2122 3389 et

526 3434 913 3504 apostolicum.
959 3430 1195 3503 Operata
1234 3440 1320 3487 est
1366 3429 1565 3501 gratia,
1596 3438 1656 3484 at
1686 3429 1740 3482 in
1764 3426 1959 3499 primis
2005 3426 2122 3481 haec

526 3534 808 3596 operatur,
836 3535 896 3580 ut
920 3524 1058 3579 nihil
1081 3540 1140 3580 se
1166 3523 1438 3579 dedecens
1455 3523 1754 3592 loquantur
1771 3520 1941 3591 ipsius
1960 3518 2123 3573 mini-

527 3618 647 3673 stri.
683 3618 803 3673 Non
836 3626 922 3673 est
958 3618 1105 3672 enim
1140 3617 1246 3672 hoc
1293 3615 1682 3679 leviusculum,
1716 3614 1979 3669 inducere
2001 3626 2118 3678 eos,

527 3696 621 3782 qui
649 3721 779 3767 sunt
816 3727 883 3766 ex
916 3710 1168 3780 opposito
1201 3751 1216 3777 ,
1254 3709 1308 3763 in
1347 3724 1571 3765 sensum
1603 3709 1723 3778 ejus
1760 3705 2122 3762 irresistibilis

532 3803 961 3875 potentiaa,qme
1004 3803 1057 3857 in
1089 3803 1225 3871 ipsis
1267 3813 1549 3873 operatur.
1585 3800 1799 3855 Alieubi
1843 3799 1991 3853 enitr.
2044 3796 2125 3851 ait

532 3894 817 3964 Scriptura
844 3912 857 3948 :
893 3892 1184 3949 «Videntes
1222 3892 1427 3961 Judaei,
1457 3892 1606 3949 Petri
1637 3900 1691 3947 et
1728 3889 1881 3947 Pauli
1913 3889 2124 3943 auden-

527 3982 717 4039 tiam.»
772 3982 1129 4045 Quamnam?
1179 3982 1386 4053 Nempe
1415 3983 1472 4037 in
1505 3982 1779 4052 loquendo
1824 3993 1919 4049 per
1953 3991 2123 4047 quam

528 4077 903 4149 impudentem
952 4076 1312 4149 quaestionem
1363 4076 1720 4132 'retnderunt.
1776 4076 1915 4144 Quid
1963 4076 2124 4132 tum?

534 4170 632 4225 «Et
653 4179 1050 4239 cognoscentes
1069 4168 1217 4240 quod
1246 4168 1445 4224 indocti
1471 4179 1650 4235 erant,
1671 4177 1726 4223 et
1743 4169 2124 4236 idiota,omira-

526 4260 730 4315 bantur
762 4257 861 4315 ⁵³.»
889 4258 1183 4314 Cernimus
1218 4257 1526 4328 piscatores
1562 4258 1833 4324 rhetores,
1861 4266 1917 4313 et
1960 4258 2121 4312 labiis

528 4349 859 4421 sapientiam
904 4347 1245 4419 proferentes
1267 4387 1282 4413 ,
1313 4346 1405 4415 qui
1446 4347 1735 4403 scientiam
1766 4347 1913 4402 haud
1956 4347 2123 4402 habe-

525 4442 662 4497 bant
694 4442 1029 4496 litterarum.
1058 4438 1199 4506 Quid
1228 4440 1370 4495 hoc?
1395 4440 1538 4495 unde
1572 4440 1682 4496 illis
1726 4441 1927 4496 accidit
1969 4441 2118 4512 quod

2222 3337 2308 3402 τίς
2357 3337 2425 3392 ἀν
2471 3338 2618 3410 αὑτῷ
2652 3338 2745 3393 τὸν
2797 3336 2923 3392 νοῦν
2956 3338 3352 3411 βαρϐαρίζοντι
3383 3346 3642 3416 προσεῖχε
3665 3385 3682 3412 ,
3725 3348 3818 3400 καὶ

2227 3431 2356 3502 μηδ’
2388 3432 2446 3484 ἐν
2475 3430 2669 3495 αὐταῖς
2695 3430 2874 3503 ὀρθῶς
2903 3434 3025 3496 ταῖς
3055 3437 3263 3504 φωναῖς
3310 3436 3648 3507 φερομένου;
3695 3441 3816 3501 Πῶς

2222 3523 2269 3577 δ’
2300 3522 2395 3575 οῦν
2422 3521 2460 3576 ἀ
2488 3522 2625 3594 μηδὲ
2654 3523 2835 3592 λέγειν
2860 3522 2996 3595 ᾔδει,
3029 3524 3204 3579 ταῦτα
3237 3529 3456 3597 φρονεῖν
3496 3528 3676 3598 ὀρθῶς
3708 3530 3819 3583 ἕδο-

2225 3614 2317 3682 ξεν
2345 3613 2527 3679 ἄλλοις
2542 3620 2595 3678 ιι,
2662 3614 2794 3685 μήτι
2826 3630 2892 3683 γε
2934 3616 3029 3669 καὶ
3076 3619 3410 3687 συμφρονεῖν
3444 3618 3594 3689 αὐτῷ
3627 3621 3815 3674 πειθο-

2228 3708 2423 3777 μένους
2452 3701 2637 3777 εῐχενν
2662 3722 2677 3771 ;
2719 3705 2882 3759 Ἀλλά
2923 3708 3083 3779 χάρις
3108 3707 3316 3762 ἀνωθεν
3346 3710 3569 3780 ἐνήργει
3588 3726 3603 3743 ⁸
3634 3713 3817 3782 κᾶγω-

2225 3797 2290 3867 γέ
2323 3814 2488 3869 φημι,
2536 3798 2757 3854 πάντων
2795 3799 3055 3870 μάλιστα,
3091 3801 3252 3871 χάρις
3279 3799 3509 3868 ἀνωθεν,
3538 3803 3600 3856 οὐ
3626 3804 3811 3875 τέχνη.

2227 3891 2302 3945 Τὸ
2338 3892 2441 3963 μὲν
2470 3892 2581 3963 γὰρ
2614 3894 2679 3947 ἐκ
2710 3893 2931 3963 τέχνης,
2979 3893 3323 3965 ἀνθρώπινον
3365 3896 3462 3949 καὶ
3504 3897 3687 3951 κοινόν
3709 3916 3723 3929 ·
3757 3898 3815 3951 τὸ

2223 3983 2280 4038 δὲ
2303 3985 2370 4038 ἐκ
2401 3984 2644 4056 χάριτος,
2671 3985 2927 4057 οὐράνιον
2973 3985 3070 4039 κατ⁹
3104 3985 3215 4040 τῶν
3253 3987 3591 4043 ἀποστόλων.
3638 3991 3815 4063 Χάρις

2224 4077 2483 4149 ἐνήργειο
2524 4078 2642 4133 ἀλλ’
2686 4079 2822 4132 αὐτό
2861 4095 2926 4148 γε
2957 4078 3119 4133 τοῦτο
3160 4080 3380 4150 πρῶτον
3413 4080 3719 4153 ἐνεργοῦσα
3755 4086 3817 4137 τὸ

2228 4170 2397 4239 μηδὲν
2444 4168 2617 4241 αὐτῆς
2668 4170 2893 4237 ἀνάξιον
2940 4170 3280 4240 φθέγγεσθαι
3325 4172 3452 4236 τοὺς
3508 4174 3808 4245 ὑπηρέτας.

2224 4261 2361 4315 Οὐδέ
2390 4261 2499 4334 γὰρ
2530 4262 2692 4317 τοῦτο
2723 4262 3052 4337 μικρότερον
3080 4265 3295 4333 ἐνάγειν
3324 4265 3453 4329 τοὺς
3482 4266 3814 4336 ἀνθεστηκὸ-

2223 4370 2325 4418 τας
2370 4354 2450 4417 είς
2492 4354 2849 4425 συναίσθησιν
2894 4355 2997 4427 τῆς
3037 4356 3397 4427 ἐνισχυούσης
3432 4358 3634 4421 αὐτοὺς
3669 4356 3813 4428 ἀμά-

2224 4462 2321 4517 χου
2349 4443 2659 4516 δυνάμεως.
2688 4448 2800 4500 Καὶ
2840 4447 2949 4519 γάρ
2986 4447 3092 4501 πού
3128 4465 3284 4519 φησι,
3323 4469 3340 4500 ι
3378 4448 3721 4520 Θεωροῦντες
3755 4451 3814 4503 δὲ

528 4535 830 4591 humanam
869 4534 1169 4591 excedebat
1200 4533 1620 4589 conditionem?
1659 4550 1829 4588 unum
1860 4536 2068 4590 scimus
2102 4553 2114 4587 :

2223 4539 2272 4589 οἱ
2312 4536 2556 4591 Ἰουδαῖοι
2603 4538 2704 4609 τὴν
2733 4539 2828 4592 τοῦ
2877 4539 3087 4610 Πέτρου
3136 4540 3454 4614 παρρησίαν
3496 4540 3593 4594 καὶ
3632 4542 3815 4597 Ἰωάν-

532 4649 554 4680 ι
582 4629 737 4696 Quod
771 4643 893 4683 cum
922 4625 1050 4683 Jesu
1081 4625 1355 4680 fuerant.)
1392 4623 1556 4680 Vides
1596 4635 1656 4681 ut
1701 4627 1757 4680 in
1790 4626 2114 4682 admiratio-

522 4737 652 4776 nem
688 4735 798 4775 non
846 4720 1031 4775 minus
1067 4735 1233 4790 quam
1282 4725 1497 4789 patrata
1528 4718 1582 4772 in
1619 4720 1905 4789 procinctu
1946 4721 2119 4775 mira-

523 4814 671 4882 cula,
701 4814 867 4869 etiam
923 4813 1199 4870 sermonis
1247 4812 1331 4868 vis
1372 4820 1428 4868 et
1469 4810 1702 4869 facultas
1730 4813 1921 4869 hostes
1964 4814 2117 4870 exci-

516 4902 700 4970 tavit;
751 4911 805 4957 et
851 4902 1012 4957 modo
1049 4901 1255 4955 vellent
1290 4899 1609 4956 adhibuisse
1642 4915 1979 4957 consensum
2007 4942 2022 4969 ,
2059 4904 2115 4956 in

524 4994 776 5049 veritatis
820 4992 1144 5048 adduxisset
1190 4992 1589 5063 cognitionem.
1638 4991 1744 5047 Sed
1792 5000 1848 5047 et
1897 4992 2118 5047 aliunde

526 5085 831 5155 perspicias
880 5084 1009 5140 licet
1053 5085 1105 5139 in
1140 5093 1411 5154 quantum
1450 5084 1668 5139 dicendi
1710 5098 1904 5140 eorum
1947 5083 2124 5139 facul—

529 5187 699 5231 tatem
747 5177 1088 5243 metuerint,
1122 5176 1389 5231 indictum
1442 5176 1575 5246 ipsis
1622 5186 1744 5231 erat
1790 5191 1861 5233 ne
1892 5179 2123 5233 omnino

526 5267 909 5337 praedicarent.
941 5268 1082 5335 Quid
1129 5270 1282 5325 dices
1313 5269 1436 5325 hic?
1465 5270 1549 5324 An
1576 5271 1622 5327 si
1656 5271 1907 5327 indoctus
1930 5272 2015 5328 vel
2044 5272 2123 5327 la-

526 5359 617 5415 bia
640 5364 888 5436 moverit
933 5362 1034 5419 tibi
1073 5362 1259 5421 statim
1298 5362 1473 5434 gloria
1518 5364 1781 5433 concidit,
1820 5374 1876 5421 et
1922 5366 2120 5436 dogma

604 5499 647 5532 ³³
677 5500 798 5557 Act.
829 5516 904 5569 tv,
936 5501 1023 5559 l5.

2227 4646 2345 4682 νου.
2376 4648 2394 4682 ι
2428 4629 2629 4693 Ποίαν,
2662 4630 2694 4702 ἢ
2720 4632 2819 4703 τὴν
2851 4632 2909 4685 ἐν
2942 4632 3127 4701 λόγοις
3147 4632 3415 4703 δηλονότι,
3434 4633 3502 4686 δι’
3532 4628 3607 4688 ὧν
3630 4635 3813 4699 αὐτοῖς

2226 4722 2317 4775 καὶ
2337 4723 2436 4792 τὴν
2458 4722 2812 4794 ἀναίσχυντον
2832 4724 3108 4796 ἐρώτησιν
3134 4726 3535 4798 ἐπεστόμισαν;
3575 4724 3815 4795 Εἷτατίς

2231 4832 2249 4864 ι
2283 4814 2392 4866 Καὶ
2425 4815 2865 4885 καταλαϐόμενοι
2897 4818 2980 4870 ὅτι
3009 4818 3290 4890 ἄνθρωποι
3320 4821 3679 4893 ἀγράμματοί
3708 4823 3814 4875 εἱσι

2224 4906 2320 4958 καὶ
2362 4905 2594 4971 ἰδιῶται,
2624 4906 2955 4979 ἐθαύμαζον.
2996 4929 3015 4962 ι
3056 4910 3254 4974 Ἀλιεῖς
3288 4912 3505 4983 ὁρῶμεν
3534 4913 3688 4983 ἄφνω
3715 4914 3815 4985 ῥή-

2223 5014 2388 5069 τορας
2418 5000 2790 5070 γραμμάτων,
2823 5002 3022 5073 τέχνην
3054 5005 3156 5057 οὐκ
3185 5002 3444 5075 ἔχοντας,
3494 5008 3590 5059 καὶ
3622 5006 3815 5076 σοφίαν

2220 5090 2451 5160 χειλέων
2481 5094 2839 5165 προχέοντας.
2867 5095 2932 5148 Τί
2963 5096 3153 5164 τοῦτο;
3181 5096 3354 5151 Πόθεν
3378 5099 3561 5163 αὐτοῖς
3585 5100 3652 5153 τὰ
3676 5100 3815 5169 ὑπὲρ

2219 5183 2508 5255 ἄνθρωπον
2542 5187 2953 5259 παραγέγονεν;
2991 5188 3091 5243 Ἓν
3119 5190 3302 5260 ῐσμεν,
3327 5207 3346 5241 ι
3378 5190 3503 5244 Ὅτι
3527 5190 3605 5261 τῷ
3639 5190 3814 5263 Ἰησοῦ

2222 5276 2483 5346 συνῆσαν.
2521 5296 2539 5331 ›
2585 5277 2750 5350 Ὁρᾷς
2778 5279 2927 5343 ὅπως
2963 5280 3046 5343 είς
3093 5280 3279 5351 θαῦμα
3311 5281 3442 5346 τοὺς
3473 5283 3705 5354 ἐχθροὺς
3729 5286 3817 5336 οὐ-

2220 5368 2308 5421 δὲν
2357 5369 2581 5425 ἔλαττον
2615 5372 2710 5426 τοῦ
2757 5370 2911 5446 παρά
2962 5373 3134 5439 πόδας
3170 5376 3744 5450 τερατουργηθέντος,
3783 5376 3817 5449 ἠ

1834 5650 2069 5709 VARl/E
2105 5653 2519 5718 LECTIONES.

639 5790 1009 5872 ἱιοεὶιαὺτόν.
1109 5792 1373 5872 ξέσχισε.
1654 5794 1876 5872 ἔσχησε.

526 5856 594 5917 C.
622 5858 694 5917 Μ.
725 5861 929 5926 ἀλλοις.
1039 5873 1063 5906 ν
1107 5856 1273 5935 ἔχειν’.
1303 5865 1367 5922 (1.
1404 5863 1475 5920 Μ.
1508 5861 1676 5937 εἶχεν,

1995 5800 2015 5835 ι
2047 5796 2429 5873 λογικώτεροι.
2470 5794 2532 5862 C.
2565 5803 2639 5884 bl,
2696 5805 2828 5879 legit
2878 5810 3022 5882 quod
3066 5807 3225 5867 estin
3254 5816 3430 5867 textu.
3542 5819 3571 5851 ιι
3597 5808 3818 5871 ἄλλως.
