4158 6444
378 446 478 513 581

1371 450 1471 510 ΑΙ)
1500 447 2094 510 AMPHILOCHIUM
2142 448 2490 521 QUzESTIO
2532 450 2711 510 XCII.

3552 447 3656 509 58?.

378 563 490 617 τῶν
518 562 697 632 λόγων
730 561 887 633 ἰσχὺς
925 560 1244 627 ἐξεκαλεῖτο
1270 602 1285 627 ,
1317 564 1416 618 καὶ
1466 564 1604 635 πρὸς
1653 564 1972 632 ἐπίγνωσιν,

2092 564 2216 619 ideo
2245 564 2532 633 antiquum
2563 580 2592 618 a
2625 565 2785 635 longe
2817 563 3035 619 obtenta
3072 570 3361 633 potestate,
3398 575 3495 630 per
3517 562 3645 614 idin-

380 656 541 727 εῐπερ
583 654 797 725 ἤθελον,
842 655 941 724 τῆς
967 656 1229 727 ἀληθείας
1274 655 1658 724 προεϐίϐαζεν.
1694 655 1837 725 Ὀρα
1877 656 1971 708 καὶ

392 747 664 819 ἑτέρωθεν
700 750 777 812 εἰς
804 748 928 800 ὅσον
956 749 1137 801 αὑτῶν
1163 749 1434 802 ἐδεδίεσαν
1466 749 1527 802 τὸ
1555 751 1612 801 ἐν
1640 749 1820 817 λόγοις
1844 748 1971 816 κράο

384 857 501 902 τος.
524 839 911 910 Παρήγγειλαν
932 840 1117 904 αὐτοῖς
1141 841 1199 892 τὸ
1214 841 1336 894 καθ’
1359 841 1482 894 ὅλου
1508 841 1583 912 μὴ
1610 839 1969 910 φθέγγεσθαι.

395 933 463 986 Τί
493 933 706 1001 λέγεις;
744 934 839 987 Ἂν
873 933 1037 1003 μόνον
1081 932 1233 1004 χείλη
1265 935 1293 986 6
1326 933 1692 1005 ἀγράμματος
1738 934 1969 1004 κινήσῃ,

388 1024 589 1077 αὐτίκα
624 1041 705 1076 σοι
758 1024 1096 1093 μεταπίπτει
1133 1026 1203 1079 τὰ
1239 1027 1340 1096 τῆς
1385 1026 1564 1097 δόξης,
1597 1026 1691 1078 καὶ
1740 1024 1972 1077 παλαιὸν

383 1114 529 1167 οὑτω
569 1115 746 1184 δόγμα
790 1116 890 1183 τῆς
944 1118 1163 1187 μακρᾶς
1220 1117 1578 1187 ἐπικρατείας
1613 1117 1971 1184 ὑπεξίσταται

382 1206 463 1277 τῷ
510 1206 696 1278 ἰδιώτῃ
745 1203 925 1278 λόγῳ·
968 1210 1065 1262 καὶ
1110 1210 1432 1280 μεθίσταται
1478 1206 1611 1276 λαὸς
1662 1210 1799 1281 πρὸς
1847 1210 1973 1263 νέαν

380 1298 653 1366 γλῶτταν,
684 1303 713 1353 6
743 1293 1065 1365 Μωσαῖκοῖς
1102 1303 1326 1373 θεσμοῖς
1357 1303 1799 1375 ἐντεθραμμένος
1818 1343 1834 1368 ,
1874 1294 1974 1356 καὶ⁸

383 1384 485 1462 ζῇν
525 1390 620 1445 καὶ
653 1394 911 1464 θνήσκειν
940 1395 1079 1465 πρὸς
1119 1396 1218 1466 τὴν
1248 1394 1477 1450 ἐκείνων
1506 1396 1842 1468 ἀρχαιότητα
1877 1413 1975 1449 κε-

384 1484 750 1556 κροτημένος,
772 1485 903 1551 Ναὶ,
939 1488 1139 1558 φησίνο
1171 1481 1232 1540 οὑ
1266 1488 1377 1558 γὰρ
1402 1488 1649 1542 ἰδιωτικὰ
1672 1488 1701 1540 6
1732 1486 1973 1559 ἰδιώτης,

386 1576 526 1631 ἀλλά
561 1577 756 1645 σοφίας
788 1578 1012 1649 ῥήματα
1046 1579 1345 1650 φθέγγεται
1367 1597 1381 1611 ο
1421 1581 1531 1635 οὐδ’
1554 1580 1631 1645 ώς
1670 1582 1976 1652 ἀγράμμα-

386 1680 502 1731 τος,
534 1667 809 1740 βάρϐαρα,
841 1671 956 1724 ἀλλ’
983 1666 1060 1734 ὼς
1087 1671 1174 1725 διὰ
1206 1673 1388 1742 πάσης
1418 1672 1616 1742 τέχνης
1647 1674 1850 1737 ἐλάσας
1880 1691 1975 1728 κε·-

388 1759 744 1830 χαριτωμένα
775 1759 871 1814 καὶ
900 1754 1143 1832 εὖσημαο
1164 1758 1280 1815 ἐστι
1305 1780 1389 1826 τις
1413 1762 1595 1817 αὐτῶν
1622 1763 1976 1837 ἐγκαθημένη

385 1849 501 1911 tot;
547 1848 785 1918 χείλεσιν
822 1848 1065 1919 ἔμφυτος
1114 1850 1288 1905 πειθὼ
1312 1891 1329 1918 ,
1363 1851 1432 1905 δι’
1477 1846 1546 1925 ἦς
1580 1852 1676 1908 καὶ
1728 1854 1977 1926 ρητόρων

2077 662 2147 709 ta:
2188 670 2496 708 sermonem
2537 656 2891 709 deturbatur?
2931 665 2986 709 et
3018 656 3252 725 populus
3280 654 3535 709 Mosaieis
3570 654 3653 706 in.

2080 746 2286 801 stitutis
2327 746 2625 801 innutritus
2651 788 2666 813 ,
2705 749 2912 817 quique
2943 748 3127 803 vivere
3170 758 3224 802 et
3265 747 3402 801 mori
3457 763 3659 802 secun-

2080 839 2209 891 dttm
2261 853 2453 893 eorum
2499 840 2881 909 antiquitatem
2929 841 3306 910 gloriabatur,
3350 842 3416 895 ad
3463 856 3657 895 novam

2080 927 2321 998 linguam
2382 930 2698 1001 transfugit.
2770 931 3058 987 Omnino:
3108 949 3217 986 non
3276 934 3422 988 enim
3489 933 3658 987 idiota

2082 1018 2301 1075 idiotice
2339 1020 2615 1091 loquitur,
2655 1024 2748 1079 sed
2782 1024 3067 1095 sapientia:
3100 1025 3303 1089 verba;
3351 1042 3451 1079 nec
3487 1034 3546 1078 ut
3593 1024 3663 1077 il-

2080 1112 2330 1168 literatus
2363 1115 2594 1172 barbare
2628 1118 2891 1187 loquitur,
2939 1118 3031 1172 sed
3071 1127 3124 1172 ut
3177 1119 3270 1187 qui
3324 1133 3418 1187 pr-r
3467 1134 3662 1171 nimus

2079 1215 2225 1260 artes
2266 1208 2487 1274 meavit,
2524 1212 2766 1279 gratioso
2801 1220 2855 1264 et
2888 1211 3033 1264 facili
3067 1211 3339 1265 intellectu
3375 1229 3386 1264 :
3424 1224 3661 1279 quorum

2082 1297 2251 1352 labris
2294 1299 2494 1353 insidet
2534 1303 2803 1356 naturalis
2835 1304 3085 1370 quaedam
3122 1299 3295 1354 πειθὼ
3330 1306 3445 1372 (aut
3480 1320 3666 1357 suam:

2082 1386 2337 1457 medulla)
2363 1396 2418 1443 et
2451 1390 2732 1444 rhetorum
2764 1401 2974 1458 gentes,
3020 1406 3084 1443 ac
3121 1391 3416 1445 idiotarum
3451 1406 3665 1461 greges.

2081 1482 2316 1537 vinculis
2364 1480 2518 1537 velut
2560 1482 2946 1539 insolubilibus
3010 1484 3293 1538 constricti
3322 1522 3337 1545 ,
3382 1484 3450 1537 ad
3508 1484 3666 1544 illud,

2082 1573 2231 1643 quod
2260 1573 2394 1645 ipsis
2421 1576 2802 1640 aununtiatur,
2827 1577 3139 1630 tralumtur.
3161 1576 3242 1629 Ob
3264 1578 3366 1629 hoc
3394 1576 3561 1645 igitur
3579 1575 3668 1629 dt—

2084 1680 2208 1720 cere
2260 1682 2385 1721 eum
2426 1667 2728 1737 prohibeo,
2766 1668 2913 1737 quod
2943 1668 3297 1738 paucissimis
3326 1668 3538 1733 verbis,
3578 1680 3671 1722 re-

2085 1756 2232 1813 lictis
2266 1759 2461 1830 patriis
2489 1760 2735 1815 tnoribus
2781 1760 2986 1816 multos
3023 1761 3182 1814 video
3217 1760 3283 1813 ad
3314 1774 3410 1814 eos
3448 1774 3506 1813 se
3531 1774 3673 1813 con-

2088 1844 2266 1913 ferre,
2311 1848 2387 1905 ita
2429 1860 2488 1906 ut
2526 1853 2689 1907 unico
2731 1851 3004 1906 interdum
3039 1868 3377 1922 congressu,
3422 1852 3676 1906 subdito-

387 1936 541 2008 ἔθνη,
589 1940 686 1992 καὶ
732 1939 964 1994 ἰδιωτῶν
1009 1942 1229 2011 ἀγέλαι,
1274 1944 1466 2017 ὥσπερ
1509 1945 1728 2015 δεσμοῖς
1760 1944 1983 2010 ἀλύτοις

2092 1960 2211 1999 rum
2244 1944 2426 1999 locum
2476 1956 2529 1999 et
2563 1946 2960 2015 discipulorum
3005 1949 3338 2017 optimorum
3386 1946 3671 2016 impleant,

384 2028 630 2097 δεθέντα,
666 2031 804 2101 πρὸς
848 2031 910 2086 τὺ
944 2034 1353 2106 κηρυττόμενον
1390 2038 1577 2100 αὐτοῖς
1609 2037 1851 2091 ἕλκεται.
1883 2038 1984 2093 Διά

388 2121 549 2176 τοῦτο
595 2122 936 2193 φθέγγεσθαι
964 2126 1185 2191 κωλύω,
1215 2127 1298 2181 ὅτι
1344 2129 1588 2199 ῥήμασιν
1620 2128 1821 2197 ὀλίγοις
1851 2130 1985 2183 πολ-

391 2213 518 2279 λοὺς
546 2216 786 2285 ἀφέντας
816 2217 887 2271 τὰ
920 2218 1147 2290 πάτρια,
1188 2220 1420 2286 ἐκείνοις
1439 2234 1464 2263 ι
1504 2222 1619 2293 ὁρῶ
1650 2224 1985 2294 προσχωρή-

398 2325 622 2372 σαντας,
658 2309 739 2364 ὅτι
776 2312 876 2382 μιᾷ
908 2312 1171 2378 πολλάκις
1197 2313 1411 2385 ὁμιλία,
1441 2315 1539 2368 καὶ
1565 2315 1691 2379 τοὺς
1726 2314 1826 2369 σὺν
1852 2310 1985 2386 ἡμῖν

396 2400 656 2455 ἑκάστοτε
683 2405 804 2456 κατ’
840 2404 1025 2459 αὑτῶν
1054 2406 1381 2477 ἱσταμένους
1415 2408 1510 2460 καὶ
1537 2406 1986 2476 πολεμιωτάτους

392 2490 577 2556 ὄντας,
610 2491 706 2545 νῦν
754 2492 1015 2565 ὑπηκόων
1058 2494 1171 2565 ἔχει
1206 2496 1300 2550 καὶ
1332 2490 1593 2569 μαθητῶν
1626 2498 1986 2568 εὐγνωμόνων

392 2584 569 2650 τάξις,
604 2586 778 2639 Τοῦτό
819 2604 888 2658 με
920 2589 1081 2659 σιγᾷν
1122 2589 1321 2654 αὐτοὺς
1352 2591 1666 2645 ἐπιτάττειν
1702 2591 2011 2663 περιίστηο.

395 2693 484 2730 σιν
520 2679 601 2740 εἰς
632 2678 879 2748 ἀνάγκην
901 2694 914 2707 ’
959 2679 1058 2733 διὰ.
1082 2680 1242 2734 τοῦτο
1284 2682 1422 2753 μηδέ
1458 2683 1634 2755 στόμα
1670 2683 1848 2755 αἴρειν
1883 2678 1986 2737 οὑκ

391 2764 699 2839 ἐπιτρέπω,
738 2770 827 2824 διὰ
854 2770 955 2843 τὴν
987 2772 1046 2824 ἐν
1090 2770 1271 2842 λόγοις
1305 2774 1644 2846 παρρησίαν,
1680 2777 1780 2846 τὴν
1808 2778 1984 2847 ἰσχὺν,

390 2860 494 2933 τὴν
526 2862 765 2932 ἔμφυτον
794 2862 1181 2934 πειθανότητα.
1214 2860 1354 2926 Ἴδες
1380 2866 1511 2927 τοὺς
1548 2866 1839 2930 Ἰουδαίους
1864 2868 1987 2921 ὅσον

392 2955 424 3007 6
450 2953 774 3018 διδάσκαλος
806 2954 918 3008 τῶν
947 2955 1263 3010 ἀποστόλων
1293 2956 1451 3025 λόγος
1487 2959 1859 3029 ὑποπτήσσειν
1893 2962 1988 3015 καὶ

396 3045 858 3118 καταπεπλῆχθαι
919 3049 1352 3118 παρεσκεύαζε’
1402 3051 1578 3104 καίτοι
1635 3052 1836 3124 Παύλῳ
1884 3072 1986 3107 πε-

399 3138 721 3209 ρισσότερον
746 3142 779 3212 ἡ
809 3140 1036 3210 τοιαύτη
1062 3143 1477 3215 περιήστραπτε
1513 3144 1694 3215 χάρις.
1718 3145 1906 3200 Βούλει
1929 3146 1985 3201 δέ

401 3245 492 3281 σοι
522 3228 613 3282 τὸν
640 3230 937 3300 κορυφαῖον
962 3229 1220 3300 καλῶμεν
1253 3233 1509 3304 μάρτυρα
1534 3234 1635 3305 τῆς
1656 3234 1885 3307 ἐνούσης
1909 3234 1987 3307 τῷ

397 3322 559 3394 ἀνδρὶ
608 3324 834 3394 σοφίαςς
891 3342 910 3377 ι
940 3325 1178 3392 Καθὼς,
1226 3312 1415 3397 ιρησίν,
1470 3328 1499 3381 6
1549 3326 1783 3399 ἀδελφὸς
1827 3332 1986 3402 ἡμῶν

398 3412 615 3482 Παῦλος
668 3418 814 3473 κατά
843 3418 943 3490 τὴν
978 3420 1227 3474 δοθεῖσαν
1268 3418 1417 3492 αὐτῷ
1447 3423 1643 3492 σοφίαν
1689 3423 1928 3496 ἔγραψε·
1960 3442 1978 3477 ι

394 3509 571 3581 δῶρον
624 3511 769 3565 θεῖον
808 3511 909 3585 τὴν
958 3512 1172 3566 Παύλου
1204 3512 1398 3583 σοφίαν
1424 3515 1520 3567 καὶ
1551 3510 1709 3578 εἰδὼς
1744 3516 1841 3569 καὶ
1872 3516 1988 3568 δια-

400 3605 839 3676 μαρτυρόμενος.
871 3601 1027 3670 Εἶτα,
1064 3606 1158 3659 καὶ
1202 3603 1264 3659 τὸ
1308 3606 1450 3677 βαθὺ
1501 3608 1599 3662 καὶ
1640 3610 1842 3663 πυκνὸν
1880 3610 1989 3662 τῶν

394 3696 807 3767 γεγραμμένων
853 3693 966 3750 οἷον
1016 3696 1365 3761 ἀποθειάζων
1419 3700 1514 3753 καὶ
1562 3696 1985 3771 ἐξυμνούμενος,

406 3804 427 3838 ι
461 3785 551 3839 Ἐν
579 3782 659 3850 οἷς
690 3787 830 3855 ἐστι,
854 3788 1010 3858 φησὶ,
1032 3787 1304 3859 δυσνόητά
1325 3805 1466 3841 τινα.
1483 3804 1501 3840 ι
1523 3789 1757 3843 Ὠσανεί’
1789 3790 1990 3856 Φρενὸς

396 3878 581 3944 ὀξείας
613 3879 808 3945 δεῖται,
859 3880 1034 3950 ῥοπῆς
1082 3878 1258 3944 θείας,
1311 3881 1494 3949 σοφῶν
1542 3874 1824 3952 μαθητῶν,
1868 3898 1992 3934 συν-

399 3969 571 4028 έσεως
603 3969 900 4041 σταθερᾶς,
932 3974 959 4025 6
987 3970 1097 4024 τῶν
1129 3973 1478 4043 γραμμάτων
1512 3970 1726 4028 Παύλου
1760 3970 1987 4045 θεωρός.

399 4062 505 4116 Διά
521 4063 681 4117 τοῦτο
705 4065 756 4117 oi
786 4065 1022 4135 ἀμαθεῖς
1044 4064 1141 4119 καὶ
1169 4068 1515 4138 ἀστήρικτοι,
1550 4068 1688 4141 πρὸς
1709 4068 1786 4139 τῷ
1819 4069 1990 4139 μηδὲν

399 4154 709 4224 κερδαίνειν
753 4157 847 4210 καὶ
894 4158 1037 4226 σφᾶς
1083 4158 1285 4222 αὐτοὺς
1328 4154 1770 4228 διασφὰλλοντες,
1827 4177 1993 4232 προσ-

392 4244 757 4303 ἀπόλλυνται.
794 4251 855 4303 Εἰ
882 4248 939 4303 δέ
972 4250 1069 4305 καὶ
1094 4251 1379 4319 γλωσσῶν,
1421 4254 1449 4306 6
1475 4252 1706 4319 Παῦλος,
1744 4248 1834 4317 αἷς
1866 4247 1990 4324 μηδ’

399 4340 670 4397 ἐνείθιστο
689 4385 704 4409 ,
747 4341 872 4415 μηδ’
902 4343 982 4407 είς
1012 4342 1182 4414 ἀκοῆς
1219 4345 1419 4413 ἀφῖκτο
1450 4348 1665 4416 πεῖραν,
1702 4345 1801 4417 τὴν
1831 4347 1992 4418 χάριν

402 4434 691 4489 ἐπλούτει·
741 4437 846 4489 κάν
894 4436 1144 4502 ταύταις,
1193 4438 1372 4492 οὐδενὶ
1418 4438 1529 4492 τῶν
1572 4442 1861 4511 πρωτείων
1904 4442 1992 4506 ἐξ-

407 4526 629 4582 ίστατοο
666 4546 685 4579 ι
726 4530 1050 4600 Εύχαριστῶ
1085 4528 1195 4601 γὰρ
1227 4531 1305 4602 τῷ
1333 4531 1453 4603 Θεῷ
1486 4550 1611 4604 μου,
1661 4536 1826 4604 φησὶ,
1859 4536 1995 4589 πάνυ

403 4636 514 4675 των
547 4621 750 4690 μᾶλλον
790 4621 1064 4689 γλώσσαις
1090 4623 1307 4678 λαλῶν⁶
1338 4643 1357 4677 ι
1410 4627 1459 4678 εἰ
1504 4625 1686 4679 τοίνυν
1732 4628 1835 4680 κάν
1878 4630 1989 4691 τοῖς
2027 4663 2070 4719 D

403 4712 664 4781 ἐκφύλοις
708 4713 985 4782 γλώσσαις
1014 4716 1229 4786 ἄμαχον
1268 4711 1383 4786 εἶχε
1409 4716 1470 4768 τὸ
1512 4719 1735 4787 κράτος,
1772 4719 1869 4786 τῆς
1897 4721 1990 4772 τοῦ

402 4803 725 4875 Πνεύματος
742 4804 905 4860 αὑτὸν
925 4800 1252 4878 σοφιξούσης
1270 4807 1514 4871 ἐπινοίας
1530 4818 1579 4871 Υ,
1610 4810 1727 4872 πῶς
1745 4810 1812 4863 ἂν
1830 4802 1995 4864 αὑτὸν

401 4898 743 4971 διαφθείρειν
772 4900 929 4969 λόγος
956 4900 1051 4955 καὶ
1094 4901 1215 4954 τότε
1263 4890 1431 4955 οὖσαν
1458 4902 1623 4956 ἐθάδα
1646 4902 1855 4971 δέξαιτο
1897 4904 1998 4976 τὴν

414 4986 674 5044 Ἑλλάδα⁶
710 4994 806 5046 καὶ
836 4993 905 5047 δι’
938 4985 1012 5047 ὧν
1053 4990 1282 5057 πολλοὺς
1324 4988 1550 5063 ἔμελλον
1597 4996 1677 5058 εἰς
1715 4995 1998 5049 εὐσέϐειαν

404 5081 683 5154 αίρήσειν,
735 5087 793 5139 ἐν
836 5083 1065 5149 ταύταις
1116 5085 1177 5139 τὸ
1214 5086 1491 5157 ἀριστεῖον
1521 5087 1698 5159 ἔχειν·
1744 5080 1813 5141 δι*
1844 5081 1911 5159 ἧς
1943 5088 2000 5141 δὲ

405 5174 597 5246 σχεδὸν
662 5172 913 5240 ἅπαντας
981 5178 1306 5250 ἀνθρώπους
1333 5220 1349 5245 ,
1410 5180 1467 5233 ἐν
1523 5179 1699 5254 ταύτῃ
1763 5172 2001 5248 γέλωτος

406 5270 591 5322 αἰτίαν
617 5271 713 5324 καὶ
738 5261 937 5342 χλεύης
970 5266 1268 5344 παρέχειν;
1308 5272 1403 5326 καὶ
1436 5272 1544 5343 μὴν
1579 5274 1676 5342 οὐχ
1714 5272 1887 5336 οὕτως
1913 5272 2001 5326 εύ-

408 5358 578 5429 χερὴς
608 5362 687 5423 είς
717 5360 930 5430 λόγους.
962 5363 1085 5416 ούδέ
1127 5366 1243 5427 τοῖς
1284 5362 1498 5434 ἐχθροῖς
1533 5362 1837 5434 ἐνομίζετο,
1880 5363 1917 5418 ἀ
1945 5362 2004 5417 δὲ

407 5450 523 5515 τοῖς
559 5450 774 5523 ἐχθροῖς
826 5453 905 5517 εἰς
936 5452 1158 5517 ἔπαινον
1194 5455 1298 5526 ὁρᾷ
1336 5452 1670 5525 μαρτυρίας,
1706 5454 1807 5508 οὑκ
1846 5453 1996 5509 ἔστιν

487 5606 535 5642 ⁸⁵
561 5607 627 5665 ll.
656 5611 804 5669 Petr.
830 5626 915 5669 tu.
960 5610 1050 5667 15.
1125 5611 1170 5646 ’⁸
1196 5609 1334 5668 Ibid.
1377 5610 1467 5667 16.
1530 5612 1574 5645 ⁸⁸
1602 5610 1648 5668 1.
1687 5608 1815 5666 Cor.
1846 5624 1962 5677 XIV,
1995 5609 2082 5664 18.

2089 2036 2184 2107 qui
2227 2036 2568 2092 infestissimi
2612 2039 2767 2107 prius
2823 2038 2974 2109 ipsos
3031 2039 3493 2094 circumstabant.
3546 2036 3675 2093 llazc

2088 2140 2178 2182 me
2214 2128 2541 2183 necessitate
2580 2143 2646 2183 eo
2677 2129 2946 2197 adigunt,
2989 2139 3046 2183 ιιι
3087 2130 3364 2186 silentium
3402 2130 3534 2200 ipsis
3566 2131 3675 2184 im-

2090 2234 2290 2291 ponam
2331 2237 2346 2274 :
2384 2236 2445 2274 ea
2478 2230 2701 2291 propter
2747 2238 2854 2275 nou
2888 2224 3177 2292 permitto,
3221 2224 3302 2276 vel
3343 2239 3405 2276 os
3433 2223 3673 2292 aperire,

2089 2309 2217 2379 quia
2250 2309 2357 2363 vim
2387 2309 2601 2363 dicendi
2634 2310 2857 2364 liberam
2885 2352 2898 2377 ,
2935 2320 2988 2366 et
3035 2314 3263 2383 gratiam
3309 2313 3671 2382 persuadendi

2091 2397 2449 2452 inbarentem
2502 2397 2757 2453 habeant.
2801 2397 2965 2454 Vides
2992 2410 3259 2469 quantum
3305 2401 3674 2457 didam-aliens

2102 2489 2476 2559 apostolorum
2512 2505 2691 2543 sermo
2715 2489 2935 2545 Judreos
2975 2500 3183 2545 terrore
3222 2500 3275 2547 et
3308 2502 3454 2545 metu
3490 2492 3675 2561 reple-

2096 2580 2277 2644 verit,
2314 2579 2406 2649 qui
2449 2590 2630 2635 tamen
2664 2580 2891 2635 Paulum
2934 2582 3306 2637 abundantius
3347 2584 3676 2638 circumful-

2092 2674 2272 2743 gebat.
2300 2672 2481 2728 Unum
2509 2673 2617 2727 huc
2638 2682 2830 2728 testem
2854 2675 3073 2728 citatum
3092 2675 3283 2730 sistam
3303 2675 3675 2746 coryphaeum,

2093 2763 2380 2833 sapientia:
2421 2779 2545 2835 qua:
2574 2763 2745 2819 Paulo
2777 2765 2971 2820 inerat.
3007 2784 3026 2818 ‹
3062 2765 3558 2834 Quemadmodum,
3593 2768 3678 2822 in-

2094 2855 2214 2919 quit
2245 2853 2442 2911 Petrus
2469 2895 2485 2921 ,
2522 2856 2691 2911 frater
2725 2866 2912 2912 noster
2940 2856 3143 2912 Paulus
3175 2898 3190 2926 ,
3219 2858 3375 2929 juxta
3404 2859 3507 2928 ipsi
3541 2874 3679 2913 eon-

2092 2961 2303 3003 cessam
2349 2950 2712 3020 sapientiam,
2742 2946 3042 3019 scripsit".
3092 2952 3158 3007 Et
3197 2952 3388 3019 scivit,
3426 2962 3481 3008 et
3510 2968 3682 3023 agno-

2093 3039 2172 3093 vit
2235 3040 2563 3111 sapientiam
2626 3036 2815 3107 Pauli,
2881 3041 2973 3097 Dei
3036 3042 3204 3097 fuisse
3261 3043 3485 3097 donum.
3536 3042 3679 3098 Tum

2094 3132 2265 3189 veluti
2300 3136 2661 3197 canonizans,
2692 3144 2747 3189 et
2779 3135 2926 3190 omni
2960 3136 3236 3205 prmcouio
3264 3135 3515 3202 eﬂ‘ereus,
3550 3152 3681 3206 pro-

2097 3225 2423 3281 funditatem
2459 3239 2514 3282 et
2547 3228 2876 3282 densitatem
2910 3230 3085 3298 ipsius
3118 3244 3458 3295 sermonum,
3492 3230 3677 3284 addit:

2014 3295 2063 3359 c
2101 3318 2187 3373 cln
2212 3320 2413 3389 quibus
2436 3328 2565 3375 sunt
2589 3318 2836 3391 quaedam
2866 3295 3009 3376 baud
3035 3320 3196 3378 facile
3219 3323 3673 3390 intelligenda".i

2096 3410 2263 3478 Quasi
2295 3414 2547 3476 diceret,
2590 3413 2778 3467 animo
2816 3428 2955 3483 Opus
3003 3421 3088 3467 cst
3124 3413 3287 3467 celeri
3324 3413 3682 3468 inclinatione

2094 3505 2301 3570 divina,
2338 3506 2623 3576 discipulis
2649 3506 3085 3578 intelligentibus
3108 3547 3121 3572 ,
3153 3506 3441 3573 prudentia
3470 3507 3679 3571 stabili,

2095 3597 2138 3652 si
2168 3599 2292 3669 quis
2328 3599 2516 3654 rimari
2547 3616 2608 3655 ea
2638 3600 2805 3665 velit,
2838 3616 2960 3671 quae
2989 3600 3215 3670 scripsit
3252 3599 3478 3657 Paulus.
3531 3600 3683 3668 Quo-

2096 3691 2244 3747 circa
2277 3692 2529 3748 indoctos
2557 3702 2611 3748 et
2641 3694 2945 3759 instabiles,
2978 3710 3105 3749 cum
3139 3694 3273 3748 nibil
3296 3694 3567 3765 ejusmodi
3591 3680 3684 3748 ae-

2097 3783 2340 3853 quirant,
2379 3783 2589 3854 seipsos
2621 3786 2936 3856 decipiunt,
2970 3796 3025 3842 et
3055 3802 3150 3857 per
3186 3787 3401 3841 ruinam
3428 3797 3683 3855 pereunt.

2101 3876 2158 3929 Si
2190 3872 2503 3946 linguarum
2540 3878 2775 3947 requiris
2807 3879 3117 3947 scientiam,
3148 3878 3354 3934 Paulus
3386 3880 3477 3934 illa
3509 3882 3683 3950 gratia

2098 3970 2403 4024 ornabatur
2447 3986 2462 4023 :
2497 3972 2661 4024 etiam
2704 3971 2757 4024 in
2812 3972 2879 4026 iis
2911 3972 3113 4041 quibus
3155 3987 3259 4027 nec
3291 3972 3684 4031 assuefecerat.

2100 4076 2203 4115 nec
2246 4077 2371 4131 qua:
2412 4061 2578 4116 fando
2604 4075 2895 4132 acceperat
2941 4081 2955 4119 :
2997 4064 3282 4131 «Gratias,
3314 4065 3529 4135 inquit,
3574 4066 3687 4120 Deo

2100 4169 2223 4208 meo
2254 4169 2377 4224 ago,
2413 4154 2615 4224 linguis
2646 4155 2819 4225 magis
2846 4157 3105 4211 omnibus
3137 4156 3334 4227 loquor
3358 4157 3456 4211 ⁸⁸⁸.»
3496 4157 3553 4211 Si
3587 4158 3688 4230 igi-

2100 4255 2420 4302 turtantam
2444 4246 2680 4301 habebat
2706 4247 3017 4303 facultatem
3049 4249 3102 4303 in
3132 4249 3332 4319 linguis
3356 4250 3685 4321 peregrinis,

2100 4340 2227 4393 dum
2246 4336 2484 4409 Spiritus
2502 4339 2683 4393 aﬂlatu
2709 4339 3091 4407 instrueretur,
3116 4341 3393 4411 quomodo
3415 4341 3499 4396 vel
3520 4343 3689 4396 ratio-

2102 4433 2357 4489 nabiliter
2381 4434 2608 4503 cOgitari
2628 4434 2851 4505 poterit,
2886 4448 3011 4489 eum
3041 4435 3286 4507 linguam
3312 4437 3684 4501 vernaculam,

2101 4543 2224 4598 qua:
2270 4526 2455 4583 Graeca
2490 4526 2688 4595 fuerat,
2722 4528 3036 4598 corrupisse
3069 4547 3083 4586 :
3118 4537 3179 4584 ut
3226 4530 3280 4585 in
3311 4531 3513 4601 quibus
3543 4531 3686 4584 baud

2102 4636 2232 4676 sane
2264 4621 2466 4675 multos
2496 4620 2755 4676 inducere
2788 4630 3001 4690 poterat
3021 4623 3087 4677 ad
3118 4623 3395 4693 pietatem,
3432 4622 3503 4679 ibi
3537 4624 3690 4692 prin-

2102 4719 2343 4788 cipatum
2376 4717 2688 4771 obtineret:
2748 4717 2839 4771 ubi
2874 4732 3002 4771 vero
3054 4732 3246 4773 omnes
3271 4716 3383 4772 fere
3437 4717 3689 4772 homines

2106 4814 2447 4871 convertere,
2485 4806 2558 4860 ibi
2594 4806 2741 4861 risus
2787 4815 2842 4859 et
2889 4805 3164 4860 irrisiouis
3193 4806 3478 4861 materiem
3532 4807 3691 4861 exhi-

2105 4900 2280 4955 beret.
2311 4898 2568 4965 Omnino,
2620 4914 2690 4953 ne
2714 4898 2932 4965 quidem
2978 4898 3047 4952 ab
3083 4898 3322 4953 inimicis
3374 4898 3491 4953 suis
3543 4897 3688 4951 baud

2103 4992 2179 5047 ita
2225 5007 2477 5047 sermone
2508 4991 2937 5061 contemptibilis
2990 4991 3314 5046 habebatur.
3348 4990 3481 5056 Qua:
3507 4999 3691 5045 autem

2105 5085 2380 5155 quispiam
2438 5083 2741 5138 intuebitur
2782 5085 2833 5137 in
2886 5084 3101 5138 laudem
3156 5082 3402 5154 martyrii
3444 5080 3690 5145 tendere,

2106 5183 2331 5229 nonest
2391 5190 2490 5230 cur
2531 5174 2730 5244 aliquis
2785 5175 3041 5239 declinet,
3098 5174 3225 5229 licet
3288 5188 3519 5244 magnos
3587 5174 3696 5229 sibi

2111 5275 2363 5321 assumat
2410 5266 2658 5335 Spiritus,
2685 5276 2739 5320 et
2765 5282 2862 5336 per
2892 5266 3075 5321 omnia
3106 5267 3239 5321 velit
3290 5280 3416 5321 esse
3462 5272 3697 5319 conten-

2119 5358 2297 5413 tiosus
2328 5377 2342 5413 :
2373 5368 2429 5413 et
2476 5359 2565 5413 hic
2610 5375 2795 5415 meum
2833 5359 2954 5412 vide
3008 5359 3386 5414 testimonium
3419 5375 3433 5411 :
3463 5355 3696 5412 Sitiebat

2106 5452 2261 5508 Pauli
2294 5451 2617 5524 sanguinem
2648 5448 2961 5509 Judaeorum
2985 5452 3134 5508 natio
3162 5469 3176 5507 :
3218 5453 3309 5510 ille
3347 5449 3555 5507 lumine
3583 5463 3698 5505 ca:-

1723 5761 1961 5821 VARUE
1993 5761 2411 5820 LECTIONES-

525 5908 556 5945 ⁸
594 5904 813 5978 ἐκείνῳ.
849 5864 918 5962 (3.⁸
942 5904 1013 5960 Μ.
1048 5902 1301 5968 ἐκείνοις.

1416 5912 1443 5952 Υ
1478 5901 1785 5967 ἐπιπνοίας.
1822 5901 1883 5958 C.
1920 5902 1989 5957 Μ.
2023 5902 2289 5966 ἐπινοίας.
