4158 6456
525 482 631 548 533

1683 480 1950 543 PHOTII
1984 478 2495 543 PATRIARCI—L’E
2531 453 2668 540 cr."

3698 471 3808 540 584

524 594 645 650 testi
679 593 1038 650 collustratus
1073 601 1221 651 totus
1265 593 1598 652 transfertur
1654 596 1721 651 ad
1771 611 1898 651 cum
1943 609 2106 666 quem

2225 593 2366 658 5στις
2393 593 2494 647 οὐκ
2525 591 2592 647 ἀν
2622 589 3060 663 ἐκδυσωπηθείη,
3094 590 3198 645 κᾶν
3224 588 3366 661 μέγα
3393 587 3537 642 θέλοι
3561 589 3805 657 φρονεῖν,

523 687 1013 758 persequebantur.
1044 685 1199 742 Tunc
1236 700 1414 743 autem
1446 687 1718 759 imprimis
1740 697 1796 744 et
1832 687 2110 753 sitiebant,

523 788 578 835 et
621 780 676 834 in
709 780 1080 835 voluntarium
1108 781 1472 836 homicidium
1504 781 1960 843 incendebantur,
1983 793 2110 833 cum

525 871 771 943 ipsorum
799 871 1088 944 Synagoga
1126 889 1329 928 vacuas
1382 874 1529 929 illius
1559 873 1869 929 reddiderat
1917 870 2113 943 pra'di-

525 965 795 1021 cationes.
846 965 1022 1020 Omne
1074 966 1369 1022 movebant
1431 966 1917 1037 sycophantiarum
1974 963 2114 1018 arti-

477 1075 486 1130 ι
526 1058 734 1122 ﬁcium,
775 1071 970 1112 omnes
1014 1057 1299 1112 machinas
1351 1057 1728 1112 admoverant.
1762 1056 1878 1111 Non
1912 1055 2114 1110 lanceis

527 1159 741 1206 tantum
776 1151 1062 1221 argenteis,
1097 1150 1243 1220 quod
1271 1151 1491 1217 diClllll‘,
1527 1165 1614 1205 res
1648 1151 1959 1220 gerebatur,
2013 1147 2112 1204 sed

528 1241 968 1304 mendaciorum,
1000 1241 1344 1306 insidiarum,
1403 1241 1520 1304 iraa,
1568 1240 1812 1294 audaciae
1854 1240 2027 1310 copiis
2056 1239 2110 1293 in

529 1333 736 1389 caedem
755 1333 922 1398 illius,
946 1334 1670 1399 contribulesarmabantur,
1690 1334 1827 1388 adeo
1849 1343 1906 1387 ut
1922 1347 2116 1387 manus

531 1427 794 1480 haberent
832 1433 1083 1479 rorantes
1113 1424 1320 1495 abipso
1361 1425 1622 1496 flagrante
1661 1424 1950 1479 maleﬁcio.
1975 1423 2114 1479 Cum

531 1533 660 1572 vero
687 1515 888 1571 frustra
921 1515 1071 1584 ipsos
1086 1516 1421 1569 exsultantes
1442 1525 1490 1569 et
1517 1516 1834 1586 gaudentes,
1865 1531 1989 1586 spes
2017 1517 2115 1571 de-

531 1617 738 1663 sereret
769 1608 1052 1678 (nimirum
1084 1607 1176 1661 ille
1225 1608 1429 1662 athleta
1482 1624 1579 1677 per
1637 1624 1768 1664 suas
1813 1608 2114 1679 apolagias,

2215 687 2310 740 ἐπὶ
2343 685 2421 757 τῷ
2453 687 2632 740 πάντα
2662 686 2966 754 φιλόνεικος
3001 678 3143 738 εἶναι
3167 699 3183 715 ·
3217 682 3312 737 καί
3349 700 3440 754 μοι
3470 679 3707 751 πρόσεχε
3737 681 3807 750 τῇ

2217 777 2516 850 μαρτυρίᾳ.
2572 776 2763 846 Ἐδίψα
2807 775 2869 829 τὺ
2909 772 3193 828 Ἰουδαίων
3240 773 3391 837 ἔθνος
3437 771 3531 824 τοῦ
3574 771 3811 840 αἵματος

2216 871 2457 936 Παύλου,
2488 873 2609 925 ἐπεὶ
2635 871 2713 941 τῷ
2741 869 2977 941 οὐρανίῳ
3005 869 3145 938 φωτὶ
3178 863 3643 939 περιαστραφθεὶς
3665 865 3813 917 ἐκεῖο

2215 983 2327 1033 νος,
2365 964 2486 1026 ὅλος
2525 963 2758 1035 μετέστη
2807 960 2944 1032 πρὸς
2988 960 3047 1015 ὅν
3075 959 3290 1025 ἐδίωξεν
3320 969 3342 995 ι
3374 972 3389 988 ο
3412 957 3568 1027 ἐδίψα
3599 957 3660 1010 δέ
3684 956 3812 1009 τότε

2219 1058 2442 1131 μᾶλλον,
2469 1057 2564 1112 καὶ
2593 1056 2731 1129 πρὸς
2754 1055 2853 1126 τὴν
2879 1052 3193 1125 μιαιφονίαν
3218 1052 3566 1120 ἀνεφλέγετο,
3592 1049 3684 1102 ὅτε
3711 1049 3814 1114 τὰς

2219 1151 2542 1220 συναγωγὰς
2569 1149 2752 1203 αὐτῶν
2791 1149 2850 1202 τὸ
2878 1147 3087 1201 ἐκείνου
3117 1147 3379 1218 κήρυγμα
3423 1141 3814 1214 κεκενωμένας

2217 1246 2400 1308 αὐτοῖς
2429 1241 2775 1313 ἀπελίμπανε
2801 1257 2813 1269 ·
2861 1239 2957 1294 καὶ
3005 1237 3071 1309 δὴ
3111 1239 3260 1290 πᾶσα
3297 1235 3398 1307 μὲν
3426 1234 3610 1297 αὐτοῖς
3644 1248 3814 1285 συκο-

2218 1338 2450 1408 φαντίας
2505 1335 2670 1405 τέχνη
2698 1345 2748 1396 α,
2790 1334 2942 1385 πᾶσα
2990 1331 3047 1383 δὲ
3089 1327 3307 1401 μηχανὴ
3350 1325 3656 1396 ἐκεκίνητο.
3697 1324 3816 1377 Οὐκ

2217 1431 2463 1503 ἀργυραῖ
2493 1427 2552 1482 δὲ
2585 1427 2693 1498 ἄρα
2720 1426 2912 1496 λόγχαι
2963 1424 3143 1495 μόνον,
3191 1421 3221 1475 ὃ
3267 1421 3503 1490 λέγεται,
3536 1418 3678 1474 ἀλλά
3721 1418 3818 1470 καὶ

2216 1522 2470 1592 ψεύδους,
2501 1519 2600 1575 καὶ
2629 1521 2869 1588 ἀπάτης,
2904 1518 3000 1569 καὶ
3031 1516 3225 1585 ὀργῆς,
3268 1515 3364 1566 καὶ
3397 1511 3632 1583 θράσους
3675 1509 3820 1580 πρὸς

2218 1616 2320 1686 τὴν
2355 1612 2450 1668 τοῦ
2478 1612 2671 1684 ἀνδρὸς
2704 1609 2944 1680 σφαγὴν,
2989 1609 3115 1671 τοὺς
3149 1603 3458 1678 ὁμοφύλους
3489 1601 3817 1667 ἐξώπλιξον,

529 1716 724 1756 omnes
767 1701 1015 1754 omnium
1067 1699 1510 1755 machinationes
1565 1699 1916 1766 discutiebat,
1963 1709 2017 1753 et
2048 1699 2118 1754 ad

2225 1710 2317 1764 καὶ
2341 1707 2440 1772 τὰς
2466 1709 2654 1780 χεῖρας
2682 1707 2782 1778 ἢδη
2813 1707 2934 1767 ταῖς
2965 1702 3149 1756 ἐλπίσι
3177 1698 3482 1764 σταζούσας
3513 1694 3663 1768 εἰχον
3691 1694 3819 1766 θερ-

528 1803 839 1850 extremum
873 1808 968 1862 per
1025 1791 1300 1847 sermonis
1356 1791 1671 1846 facttltatem
1716 1791 2116 1846 irrcsistibilem

2225 1802 2327 1868 μοῦ
2353 1800 2447 1855 τοῦ
2485 1802 2817 1871 μιάσματος.
2863 1797 3020 1851 Ἐπεὶ
3039 1795 3096 1849 δέ
3120 1795 3296 1866 μάτην
3319 1792 3516 1854 αὐτοὺς
3543 1791 3819 1858 ἀνασκιρο

529 1890 874 1961 dejiciebat),
931 1905 1056 1944 cum
1119 1889 1410 1952 haererent,
1477 1899 1752 1943 oratorem
1822 1889 2114 1959 quemdam

2225 1894 2431 1955 τῶντας
2466 1893 2562 1947 καὶ
2594 1891 2892 1963 χαίροντας
2928 1891 2985 1944 ai
3015 1888 3230 1948 ἐλπίδες
3260 1885 3527 1942 ἀπέλιπον
3557 1880 3820 1954 (κρείττω

530 1983 966 2048 mercenarium,
994 1981 1088 2052 qui
1125 1981 1432 2036 calumnias
1472 1981 1707 2036 consilio
1747 1997 1846 2036 suo
1882 1980 2110 2043 foveret.

2225 1985 2316 2040 τοῦ
2343 1950 2895 2058 ἀριστέωέἀπάντωκι
2921 1980 3328 2052 μηχανημάτων
3348 1979 3468 2040 ταῖς
3491 1973 3819 2043 ἀπολογίαις

527 2075 932 2131 eunducebanl.
984 2071 1361 2144 Opinabautur
1399 2073 1544 2128 enim
1581 2089 1737 2127 reum
1790 2083 1845 2127 et
1880 2089 2113 2128 accusa-

2225 2078 2673 2150 καθισταμένου),
2700 2077 3010 2131 τελευταῖον
3036 2075 3172 2146 πρὸς
3199 2074 3260 2125 τὸ
3293 2073 3352 2124 ἐν
3398 2071 3579 2138 λόγοις
3612 2069 3819 2138 κράτος

529 2177 668 2231 tum,
701 2175 982 2236 utcunque
1038 2166 1189 2220 omni
1223 2166 1450 2222 omnino
1494 2166 1654 2237 culpa
1688 2177 1920 2232 careret,
1966 2167 2115 2222 illius

2225 2174 2315 2228 καὶ
2361 2172 2419 2226 τὸ
2450 2170 2859 2243 ἀνεπηρέαστον
2893 2168 3284 2239 ἀπορούμενοι,
3321 2163 3528 2236 ῥήτορᾶ
3560 2178 3687 2215 τινα
3731 2178 3820 2230 μι-

528 2269 676 2314 artes
702 2266 758 2312 et
788 2257 1054 2313 orationis
1111 2257 1388 2313 versutias
1421 2273 1530 2312 non
1585 2273 1904 2324 erasurum,
1952 2259 2118 2329 idque

2225 2265 2353 2320 σθοῦ
2406 2263 2708 2327 ποιοῦνται,
2743 2262 2852 2316 τῶν
2901 2258 3420 2330 συκοφαντηθέντων
3475 2254 3817 2324 συνήγορονο

527 2351 836 2408 indubitato
887 2349 1158 2405 futuruut.
1211 2349 1413 2407 Verum
1473 2351 1695 2421 sapiens
1740 2351 1832 2408 ille
1885 2351 2115 2420 Paulus,

526 2453 714 2515 utpote
743 2441 837 2514 qui
881 2442 1064 2498 divina
1118 2441 1350 2498 callebat
1385 2452 1448 2498 'et
1485 2443 1750 2510 humana,
1787 2445 1880 2516 qui
1927 2455 2119 2500 contra

526 2537 778 2590 mercede
812 2534 1146 2590 conductum
1191 2533 1486 2592 artiﬁciose
1523 2536 1818 2591 accusabat
1852 2552 1949 2608 per
1977 2535 2122 2592 diri-

527 2627 676 2681 .titus
730 2627 1134 2697 suppeditatam
1187 2627 1534 2697 prudentiam
1599 2639 1654 2684 et
1716 2629 1987 2698 gratiam,
2045 2628 2123 2684 ita

527 2721 776 2774 oratione
804 2717 1190 2784 contendebat,
1227 2729 1287 2773 ut
1320 2719 1472 2774 illum
1497 2720 1810 2791 repelleret,
1837 2729 1892 2776 et
1921 2720 2124 2776 rubore

527 2810 886 2876 sutfuuderet,
926 2824 1052 2874 cum
1099 2825 1198 2864 sua
1233 2819 1350 2866 arte
1379 2811 1474 2882 qui
1525 2812 1702 2882 pretio
1727 2825 1970 2884 accepto,
2004 2829 2125 2884 pcr-

527 2902 855 2972 sequebatur
897 2919 912 2969 ;
965 2900 1274 2972 pontiﬁces,
1323 2904 1658 2970 sacerdotes,
1720 2906 1857 2962 alios
1915 2907 2012 2977 qui
2067 2906 2124 2962 in

527 2993 730 3050 caedem
773 2992 894 3064 ejus
931 2992 1405 3062 conspiraveraut,
1444 2995 1709 3052 attonitos
1753 2997 2024 3065 redderet,
2072 3005 2130 3054 et

528 3087 812 3143 intricaret
845 3103 861 3155 ;
898 3087 971 3142 ita
1013 3095 1074 3140 ut
1112 3101 1220 3141 non
1263 3087 1441 3144 solum
1474 3088 1625 3159 ipsos
1655 3089 1822 3159 hujus
1859 3107 1974 3147 sua:
2012 3107 2129 3146 mo-

527 3179 736 3236 litionis
772 3179 1081 3250 pmniteret,
1134 3181 1228 3236 sed
1263 3189 1319 3236 et
1357 3181 1660 3246 silentium,
1694 3183 1777 3238 vel
1811 3183 2132 3241 eﬁ‘eratissi-

2219 2359 2322 2412 οὐκ
2369 2358 2436 2412 ἂν
2485 2357 2566 2410 ἔτι
2599 2355 2846 2410 διαδῦναι
2880 2355 2977 2419 τὰς
3011 2353 3220 2408 ἐκείνου
3249 2351 3448 2422 τέχνας
3480 2347 3578 2401 καὶ
3605 2345 3820 2410 πλοκὰς

2223 2447 2332 2502 τῶν
2383 2446 2558 2516 λόγων
2589 2444 2681 2498 τὸν
2723 2443 3096 2516 γραφόμενον,
3135 2441 3239 2496 κάν
3285 2439 3547 2513 μυριάκις
3585 2436 3676 2508 εἴη
3727 2437 3821 2490 ἀνο

2223 2540 2420 2604 αίτιος,
2449 2539 2560 2593 οὐδ’
2585 2539 2734 2603 ὅπως
2767 2533 2860 2592 οὖν
2883 2538 2940 2589 ἐν
2969 2535 3256 2607 ἀμφιϐόλῳ
3288 2533 3585 2604 τιθέμενοι.
3621 2529 3768 2585 Ἀλλ’
3789 2530 3819 2583 ὅ

2225 2649 2290 2702 γε
2322 2631 2486 2703 σοφὸς
2514 2629 2591 2703 τῷ
2611 2630 2724 2684 ὄντι
2745 2628 2981 2696 Παῦλος,
3003 2629 3103 2682 ὅσα
3123 2644 3182 2680 τε
3209 2626 3327 2679 Θεία
3356 2625 3451 2678 καὶ
3481 2625 3580 2678 ὅσα
3605 2620 3819 2693 ἀνθρὼ-

2227 2740 2384 2790 πινα,
2420 2722 2517 2776 καὶ
2565 2720 2704 2792 πρὸς
2742 2719 2835 2773 τὸν
2885 2717 3031 2772 οὕτω
3067 2719 3134 2788 τῇ
3169 2716 3337 2788 τέχνῃ
3386 2715 3482 2769 καὶ
3525 2713 3605 2784 τῷ
3636 2710 3818 2784 μισθῷ

2227 2813 2771 2886 παρεσκευασμένον,
2797 2812 2886 2864 διὰ
2916 2811 3014 2881 τῆς
3042 2809 3250 2864 ἄνωθεν
3277 2807 3523 2880 δηλονότι
3556 2823 3819 2878 χορηγουο

2230 2906 2402 2978 μένης
2436 2903 2586 2976 αύτῷ
2619 2901 2812 2972 σοφίας
2849 2906 2946 2956 xc}.
2970 2901 3216 2972 χάριτος,
3242 2898 3418 2962 οὕτως
3450 2898 3816 2966 ἀντικατέστη

2229 3003 2344 3064 τοῖς
2384 2999 2566 3068 λόγοις
2591 2997 2688 3052 καὶ
2729 2995 3108 3068 διηγωνίσατο,
3141 2994 3305 3048 αὐτὸν
3337 2992 3437 3065 μὲν
3475 2990 3821 3063 τρεψάμενος

2231 3093 2328 3148 καὶ
2349 3091 2733 3162 καταισχύνας·
2752 3090 2892 3161 αὐτῇ
2927 3087 3093 3158 τέχνῃ
3120 3087 3214 3140 καὶ
3241 3083 3540 3156 μισθαρνίᾳ
3560 3099 3575 3113 ·
3601 3082 3733 3147 τοὺς
3765 3081 3822 3134 δὲ

2232 3185 2511 3256 ἀρχιερεῖς
2547 3182 2642 3237 καὶ
2678 3183 2863 3254 ἱερεῖς,
2900 3180 2993 3234 καὶ
3015 3181 3163 3241 ὅσοις
3195 3179 3224 3231 ὁ
3252 3176 3375 3231 κατ’
3405 3175 3571 3229 αὐτοῦ
3598 3189 3823 3227 συνεκε-

529 3270 656 3333 mis,
698 3269 859 3359 quasi
897 3285 1116 3342 pceuam
1158 3271 1454 3341 quamdam
1483 3288 1579 3343 per
1624 3273 1901 3330 biennium
1947 3276 2121 3346 impo-

2234 3279 2472 3350 κρότητο
2497 3282 2526 3324 b
2567 3276 2748 3345 φόνος,
2777 3272 3095 3344 ἐκπλήξεως
3139 3271 3236 3325 καί⁵
3260 3267 3572 3341 ἀμηχανίας
3609 3267 3826 3338 ἐμπλήο

527 3365 720 3412 nercnt
763 3357 925 3429 (t9).
969 3359 1135 3415 Vides
1178 3367 1239 3413 ut
1280 3359 1687 3418 infensissimos
1727 3363 1894 3418 etiam
1933 3373 2121 3420 contra

2230 3391 2353 3438 σας,
2384 3371 2528 3424 ὥστε
2563 3370 2638 3442 μὴ
2676 3369 2836 3440 μόνον
2869 3367 3053 3430 αὐτοῖς
3103 3364 3204 3435 τῆς
3235 3362 3496 3434 τοιαύτης
3538 3360 3824 3432 ἐπιχειρή-

527 3450 866 3505 voluntatem
901 3451 1064 3507 istius
1121 3453 1343 3509 athletze
1397 3453 1454 3509 in
1491 3455 1730 3511 dicendo
1775 3457 2012 3514 facultas
2053 3457 2124 3512 ad

529 3540 821 3597 dicendum
855 3540 1069 3612 impulit
1110 3543 1513 3610 testimonium,
1545 3545 1690 3615 quod
1731 3545 1990 3601 nimirum
2029 3561 2121 3602 sa-

531 3632 737 3702 pientia
791 3633 968 3697 Pauli,
1013 3633 1156 3703 apud
1206 3634 1393 3690 hostes
1433 3636 1672 3691 maxime
1726 3636 2009 3706 capitales,
2065 3651 2126 3692 re

532 3733 591 3781 et
622 3725 794 3782 verbo
848 3725 1228 3796 praedicatur:
1269 3727 1414 3783 unde
1455 3729 1527 3782 ab
1562 3727 1792 3785 initiatis
1845 3729 2122 3801 religioni,

532 3815 654 3870 sine
715 3814 1157 3872 contradictione
1206 3816 1341 3881 ulla,
1388 3817 1746 3874 meritissima
1795 3819 2122 3874 honoratur.

531 3904 656 3962 Noli
685 3915 866 3962 autem
901 3917 1095 3978 putare
1128 3924 1214 3963 me
1241 3911 1515 3967 sermonis
1557 3911 1886 3983 sapientiam
1922 3911 2126 3966 intelli-

532 4015 684 4072 gere,
708 4000 928 4056 dicendi
966 4000 1118 4056 illam
1150 4000 1492 4070 facultatem,
1525 4019 1650 4074 quae
1689 4002 1960 4076 superﬂua
1983 4019 2122 4075 qua-

531 4093 657 4148 dam
712 4092 1062 4161 curiositate,
1113 4095 1412 4165 supercilio
1451 4110 1738 4167 pompose,
1765 4097 2119 4162 calamistris,

532 4184 954 4242 medicamentis
983 4196 1038 4242 et
1076 4185 1328 4252 ﬁoribus,
1367 4187 1589 4244 insitam
1628 4188 1845 4246 dicendi
1881 4189 2124 4261 pulchri-

2235 3484 2376 3531 σεως
2407 3463 2758 3536 μεταμελεῖν,
2788 3461 2926 3516 ἀλλά
2947 3460 3042 3514 καὶ
3074 3458 3312 3530 σιωπῆς,
3339 3456 3518 3512 καίτοι
3549 3454 3719 3508 πλέον
3747 3451 3823 3522 τῷ

2233 3559 2394 3631 θυμῷ
2443 3556 2835 3629 ⁴ῐχγριωμένοις,
2881 3554 2979 3607 ὅλα
3020 3551 3114 3607 δύο
3155 3551 3250 3622 ἐτη
3286 3549 3590 3620 καταδίκην
3638 3546 3826 3618 σφίσιν

2226 3650 2520 3704 ἐπιθεῖναι.
2550 3647 2724 3719 Ὀρᾷς
2757 3647 2905 3710 ὅπως
2919 3645 3047 3708 τοὺς
3071 3644 3356 3714 ἐχθίστους
3378 3641 3474 3695 καὶ⁵
3499 3641 3762 3707 ἄκοντας,
3789 3639 3823 3709 ἠ

2229 3741 2340 3796 τῶν
2395 3740 2490 3794 τοῦ
2548 3737 2822 3811 ἀριστέως
2873 3737 3048 3806 λόγων
3089 3736 3322 3806 δύναμις
3374 3735 3455 3797 είς
3514 3731 3825 3804 μαρτυρίαν

2227 3833 2569 3899 ἐξεϐιάσατο.
2620 3832 2753 3885 Ὅτε
2789 3840 2812 3870 ε
2854 3829 2912 3883 δέ
2961 3829 3056 3883 καὶ
3101 3830 3215 3892 τοῖς
3255 3827 3469 3898 ἐχθροῖς
3513 3825 3547 3895 ἡ
3605 3823 3822 3877 Παύλου

2234 3923 2398 3994 σοφία
2431 3923 2580 3994 ἔργῳ
2613 3922 2711 3976 καὶ
2737 3919 2882 3992 λόγῳ
2907 3918 3279 3990 διαϐεϐόηται,
3308 3919 3422 3979 τοῖς
3457 3913 3666 3967 ἐκεῖθεν
3696 3913 3726 3954 ά
3755 3913 3824 3966 τά

2225 4017 2330 4088 τῆς
2387 4014 2673 4078 εὐσεϐείας
2729 4012 3140 4085 μεμυημένους,
3193 4009 3256 4063 οὐ
3312 4005 3687 4078 διαφερόντως
3733 4007 3826 4059 καὶ

2226 4107 2396 4175 ἀξίως
2419 4108 2809 4180 τιμηθήσεται.
2833 4105 2947 4160 Καὶ
2978 4103 3053 4174 μή
3077 4120 3145 4174 με
3175 4101 3406 4172 νομίσῃς
3433 4097 3628 4168 σοφίαν
3649 4096 3825 4165 λόγων

2227 4186 2322 4258 καὶ
2352 4203 2554 4275 κράτος
2586 4201 2770 4270 λέγειν
2810 4200 2905 4255 καὶ
2933 4197 3187 4268 δύναμιν,
3226 4195 3325 4266 τὴν
3369 4194 3668 4266 περίεργον
3695 4191 3827 4246 ταύ-

533 4276 778 4334 tudinem
827 4277 1122 4347 adulterat,
1152 4288 1207 4334 et
1238 4279 1520 4338 coloribus
1559 4281 1888 4350 quibusdam
1933 4298 2121 4352 super-

2230 4312 2329 4366 την
2370 4294 2466 4349 καὶ
2515 4293 2804 4358 σοὸοὕσαν,
2835 4291 2930 4344 καὶ
2969 4291 3349 4361 κομμωτικοῖς
3387 4286 3706 4358 φαρμάκοις
3735 4282 3837 4338 καὶ·

532 4369 798 4436 inductis,
839 4371 1051 4440 puerile
1072 4372 1220 4441 quod
1250 4382 1336 4428 est
1371 4383 1427 4428 et
1453 4373 1693 4441 clumbe,
1729 4373 1800 4428 ad
1833 4388 1893 4429 se
1915 4375 2120 4429 trahit:

534 4476 639 4518 nec
670 4463 820 4518 illaut
860 4465 1218 4532 econtrario,
1275 4481 1400 4535 qua:
1454 4477 1710 4537 caperala
1763 4466 1946 4522 fronte
2005 4467 2127 4523 sine

531 4555 649 4610 risu
683 4555 797 4612 ullo
825 4556 961 4612 nihil
1000 4556 1255 4613 utilitatis
1279 4559 1446 4622 subit,
1473 4559 1566 4614 sed
1608 4561 1663 4614 in
1695 4559 1968 4630 profundo
1992 4576 2127 4615 con-

535 4646 721 4704 sidens
752 4647 1132 4714 obscuritatis,
1163 4649 1474 4716 illiteratos,
1515 4652 1658 4707 etde
1691 4651 1822 4707 faece
1845 4667 2123 4708 convenas

536 4740 654 4796 suis
678 4741 924 4796 tenebris
962 4742 1394 4799 circutnvolutos
1421 4741 1720 4798 terriﬁcat:
1752 4728 1936 4799 caecos
1962 4744 2029 4798 ad
2063 4758 2124 4799 se

536 4839 798 4888 attractos
852 4844 1151 4897 amatores,
1198 4833 1510 4904 speciosius
1539 4834 1862 4904 prostituit:
1899 4835 1994 4891 sed
2021 4849 2122 4889 nec

535 4941 657 4993 quae
703 4927 940 4983 eﬁ‘raenis
965 4937 1020 4982 et
1063 4930 1369 4994 cervicosa,
1418 4929 1485 4984 ad
1525 4929 1804 4985 licentiam
1850 4930 2127 4986 exorbitat

536 5029 824 5091 poetarum
864 5020 1239 5076 incitamentis
1271 5021 1602 5091 quihusdam
1639 5022 1899 5077 novitatis
1944 5037 2125 5077 mere—

541 5113 702 5168 tricie
731 5112 977 5168 lasciviat
1002 5123 1058 5168 et
1090 5114 1283 5168 illudat
1318 5132 1333 5170 :
1365 5114 1459 5170 sed
1488 5114 1634 5169 illam
1668 5129 1771 5184 ego
1801 5116 1962 5170 velim
2000 5131 2124 5186 qua:

537 5204 788 5259 modeste
828 5204 1094 5271 insinuat,
1125 5206 1345 5276 publice
1376 5207 1620 5272 instruit,
1647 5209 1906 5279 princeps
1938 5208 2121 5276 docet,

538 5297 655 5352 sola
682 5296 914 5365 inducit,
943 5307 996 5354 et
1025 5315 1124 5369 per
1150 5313 1484 5369 congeneres
1517 5299 1826 5355 intellectus
1855 5301 2003 5356 clare
2024 5317 2125 5355 na-

542 5396 724 5442 turam
751 5403 938 5445 rerum
969 5391 1229 5462 explicat,
1269 5391 1418 5461 quod
1448 5391 1697 5462 emphasi
1739 5391 1942 5447 alicubi
1985 5409 2126 5464 opus

2226 4381 2413 4436 ἀνθεσι
2443 4381 2506 4434 τὸ
2536 4381 2781 4451 ἔμφυτον
2812 4379 3009 4442 κάλλος
3036 4377 3132 4432 τοῦ
3166 4377 3325 4446 λόγου
3351 4375 3701 4440 νοθεύουσαν,
3731 4371 3825 4425 καὶ

2223 4477 2338 4538 τοῖς
2362 4474 2724 4538 ἐπιπλάστοις
2766 4471 3024 4544 χρώμασι
3051 4471 3116 4524 τὸ
3145 4468 3512 4542 μειρακιῶδες
3535 4467 3633 4522 καὶ
3661 4465 3824 4520 ἐκλυ-

2222 4583 2316 4620 τον
2337 4566 2473 4638 πρὸς
2495 4565 2688 4620 ἐαυτὸν
2711 4563 3152 4634 ἐπιστρέφουσαν
3176 4579 3189 4592 ·
3209 4561 3334 4633 μηδ’
3357 4555 3425 4615 αὖ
3456 4559 3695 4629 ἐκείνην,
3725 4558 3823 4628 ὅση

2223 4660 2284 4713 τὸ
2315 4659 2642 4731 σκυθρωπὸν
2685 4660 2780 4713 καὶ
2825 4657 3074 4729 ἀμειδὲς,
3108 4655 3200 4711 ἐπ’
3229 4654 3410 4709 οὐδενὶ
3439 4650 3668 4726 χρηστῷ
3696 4650 3827 4703 ὐπο-

2231 4750 2442 4817 δύεται,
2469 4751 2624 4823 βαθεῖ
2654 4769 2714 4804 τε
2751 4751 2854 4822 τῆς
2891 4749 3163 4819 ἀσαφείας
3192 4745 3594 4818 ὗποκαθημένη
3624 4743 3822 4814 σκότῳ,

2232 4846 2329 4899 καὶ
2357 4845 2482 4908 τοὺς
2510 4845 2741 4917 ἀμαθεῖς
2779 4846 2875 4898 καὶ
2902 4842 3192 4913 ἀγελαίους
3217 4840 3294 4912 τῷ
3316 4839 3446 4911 περὶ
3473 4836 3646 4910 αὐτὴν
3677 4837 3827 4906 ζόφῳ

2237 4937 2547 5009 συγχέουσά
2585 4954 2645 4990 τε
2685 4937 2778 4990 καὶ
2817 4934 3296 5007 καταπληττουσα,
3331 4930 3566 4999 τυφλοὺς
3590 4927 3827 5001 ἐραστὰς

2234 5029 2607 5101 ἐπισυρομένη
2649 5027 3090 5093 καλλωπίζεται·
3125 5026 3235 5080 οὐδ’
3269 5026 3371 5094 ὅση
3412 5022 3553 5094 πρὸς
3580 5022 3642 5074 τὸ
3672 5037 3830 5090 ποιη-

2232 5121 2344 5176 τῶν
2370 5123 2670 5194 αὐτόνομον
2693 5122 3149 5194 ἐκτραχηλίζεται
3176 5119 3275 5182 τὰς
3296 5115 3629 5188 νεωτερικὰς
3653 5113 3829 5184 ὁρμὰς

2237 5213 2626 5287 ἐταιριζομένη
2656 5215 2752 5268 καὶ
2787 5212 3172 5279 διαπαίζουσα.
3214 5210 3357 5266 Ἀλλ’
3393 5208 3612 5279 ἐκείνην
3653 5201 3829 5274 ἔγωγέ

2237 5323 2402 5377 φημι,
2434 5307 2533 5378 ὅση
2574 5307 2810 5377 σώφρων
2845 5306 2945 5377 μὲν
2972 5303 3364 5375 ἀπαγγέλλειν,
3404 5301 3558 5373 κοινὴ
3596 5298 3654 5352 δὲ
3683 5295 3829 5349 διδά-

2239 5416 2412 5463 σκειν,
2446 5399 2637 5472 πρώτη
2670 5399 2728 5453 δέ
2759 5397 3059 5465 παιδεύειν,
3097 5397 3232 5469 μόνη
3265 5395 3320 5448 δὲ
3355 5391 3704 5464 συμπείθειν,
3734 5385 3827 5440 εὖ·

1850 5506 2087 5563 VARl/E
2128 5511 2536 5571 LECTIONES.

612 5611 636 5682 ξ
665 5600 994 5682 ἐδίωξανκρ.
1023 5600 1094 5656 Μ.
1121 5600 1313 5657 ἐδίωκε
1380 5615 1408 5645 ιι
1438 5602 1499 5658 (3.
1523 5600 1596 5657 Μ.
1627 5601 1964 5673 συκοφαντία
1986 5607 2083 5660 καὶ
2109 5609 2298 5682 τέχνη.

537 5670 658 5737 πῶς
679 5675 788 5737 τοῖς
817 5675 1050 5727 ἐκεῖθεν.

2385 5611 2414 5650 δ
2447 5609 2512 5667 C.
2541 5608 2612 5664 M.
2645 5609 3049 5681 συνεκροτεῖτο.
3134 5617 3156 5647 ο
3187 5604 3256 5664 C.
3278 5603 3352 5662 M.
3377 5603 3486 5661 ὅτι.
3543 5643 3550 5646 ν
3611 5597 3640 5640 ά
3660 5595 3729 5656 C.
3756 5592 3824 5649 Μ.

2069 5831 2305 5891 ΝΟΤᾸΕ.

614 5948 727 6008 (19)
764 5949 902 6007 Nam
931 5966 1028 6020 per
1055 5950 1337 6008 biennium
1380 5966 1601 6012 carcere
1647 5951 1896 6037 inclusus
1946 5949 2119 6010 libere
2159 5953 2466 6010 tenebatur.
