4158 6420
398 346 507 411 585

1364 344 1466 407 AD
1505 344 2103 408 AMPHILOCIIIUM
2138 342 2483 417 QUAESTIO
2513 344 2690 405 XCIL

3579 345 3687 409 586

398 475 576 531 σημος
600 456 657 511 δέ
684 453 773 510 διὰ
802 456 911 511 τῶν
942 455 1221 527 συγγενῶν
1243 459 1532 528 νοημάτων
1569 456 1667 528 τὴν
1700 456 1811 509 τῶν
1840 473 1983 527 πρα-

2100 455 2178 517 sit,
2213 454 2448 524 mystico
2472 470 2647 519 more,
2678 464 2733 510 et
2756 453 3144 512 sacramenta"
3173 454 3377 511 revelat
3400 455 3686 511 veritatem

409 549 630 619 (μάτων
663 546 828 618 φύσιν
851 548 1239 614 ἀναπτύσσειν,
1271 548 1368 603 καὶ
1396 549 1449 602 εῑ
1478 565 1580 601 που
1614 547 1774 619 χρεία
1807 547 1987 617 ἐμφά-

401 657 563 706 σεως,
596 639 877 711 μυστικῶς
907 635 967 694 εὗ
1002 640 1146 710 μάλα
1195 641 1291 694 καὶ
1338 639 1669 703 τελεστικῶς
1710 639 1989 693 ἀνακαλύ-

401 749 562 787 πτειν
606 731 706 803 τὴν
749 732 859 785 τῶν
902 733 1306 804 κεκρυμμένων
1344 730 1624 803 ἀλήθειαν.
1658 731 1847 786 Ταῦτα
1892 732 1989 801 μὲν

402 826 513 897 γὰρ
554 826 655 896 τῆς
686 825 950 895 ἐμφύτου,
982 825 1079 879 καὶ
1119 824 1375 895 κοσμίας,
1413 825 1508 877 καὶ
1551 824 1851 895 βιωφελοῦς
1892 822 1989 877 τοῦ

402 918 564 987 λόγου
596 916 790 986 σοφίας
815 933 829 947 ·
854 918 1043 971 ἐκεῖνα
1072 916 1130 970 δὲ
1171 918 1272 989 τῆς
1314 916 1625 987 τερπούσης
1661 916 1761 988 τὴν
1797 917 1992 984 ἄλογον

403 1008 677 1079 αἴσθησιν,
701 1008 796 1062 καὶ
822 1010 945 1072 ταῖς
976 1012 1360 1079 παρατροπαῖς
1398 1009 1601 1078 μᾶλλον
1628 1011 1722 1063 καὶ
1756 1008 1832 1080 τῷ
1862 1027 1994 1061 νεω-

400 1102 666 1173 τερίζοντι
688 1101 984 1172 χαιρούσης
1005 1101 1145 1171 ήθει,
1162 1102 1255 1155 καὶ
1271 1103 1408 1171 πρῦς
1432 1103 1529 1172 μὲν
1544 1102 1814 1170 ὠφέλειαν
1837 1102 1992 1155 οὐδὲν

398 1190 632 1261 ὁρώσης,
660 1193 740 1254 εἰς
764 1191 993 1262 κρότους
1026 1193 1102 1245 δὲ.
1131 1194 1224 1245 καὶ
1254 1192 1567 1257 κολακείας,
1596 1195 1689 1246 καὶ
1715 1193 1882 1245 πολὺν
1904 1192 1995 1263 λῆ-

400 1298 515 1352 ρον,
540 1280 923 1352 διαλυομένης.
957 1283 1071 1335 Ούκ
1101 1278 1167 1354 ἦν
1195 1282 1303 1354 ἄρα
1329 1283 1416 1336 διὰ
1442 1284 1616 1337 ταῦτα
1639 1284 1737 1353 τῆς
1762 1284 1996 1353 μεγαλο-

404 1373 557 1437 νοίας
596 1373 813 1427 Παύλου
832 1376 941 1429 οὐδ’
971 1377 1139 1445 ἐγγὺς
1169 1375 1589 1447 ἀπομιμεῖσθαι,
1625 1376 1685 1429 ὃν
1714 1378 1777 1430 σὺ
1808 1378 1907 1446 τῆς
1938 1378 1995 1430 ἐν

401 1464 549 1537 λόγῳ
565 1466 852 1538 δυνάμεως
868 1468 1002 1540 (19),
1024 1469 1110 1522 ἐπ’
1134 1470 1305 1540 αὐτῆς
1325 1470 1505 1540 φέρων
1520 1469 1782 1539 κεφαλῆς.
1810 1486 1997 1539 μονον-

403 1558 524 1628 ουχὶ
542 1562 886 1629 προσκυνεῖς,
906 1560 1022 1626 τὸν,
1041 1556 1118 1613 Ἦ
1140 1560 1182 1613 δ’
1198 1562 1277 1624 ὃς·
1298 1561 1406 1626 τὸν,
1428 1555 1537 1613 Ἶῐν
1553 1560 1597 1614 δ’
1620 1560 1749 1630 ἐγὼ.
1772 1561 1868 1625 Ὠς
1890 1560 1993 1615 πιύ

403 1668 489 1715 τις
506 1651 601 1705 καὶ
632 1652 743 1705 τῶν
758 1654 835 1715 εἰς
854 1652 1011 1719 δόξαν
1030 1652 1244 1706 οἰκείων
1258 1654 1421 1705 αὐτὸν
1440 1655 1544 1706 ἀπε
1554 1653 1610 1706 σέ
1618 1672 1805 1724 μνυνε,
1824 1673 1996 1724 προσ-

405 1743 561 1815 θείην
592 1743 639 1797 δ’
662 1744 727 1797 ἂν
756 1744 951 1813 ἔγωγε,
989 1746 1083 1798 καὶ
1115 1746 1261 1815 μάλα
1298 1747 1544 1811 εἰκότως,
1584 1747 1678 1799 καὶ
1716 1748 1806 1799 τὸν
1834 1748 1998 1800 Ἐπε-

2088 545 2572 600 ahsconditorum.
2601 544 2730 600 llaec
2750 546 2896 601 enim
2936 548 3151 605 dicendi
3185 548 3497 617 prudentia,
3527 563 3689 603 exor-

2090 646 2184 692 nat
2234 638 2537 693 naturalem
2571 647 2827 694 ornatum
2857 649 2911 695 et
2954 642 3080 696 vita:
3109 641 3342 708 utilem;
3381 640 3500 704 illa,
3556 655 3686 693 cum

2089 731 2180 801 qui
2217 731 2450 785 oblectat
2476 731 2855 787 irrationalem
2898 748 3146 799 sensum,
3173 749 3297 803 qua:
3326 734 3446 804 ipsa
3492 730 3690 803 potius

2091 824 2478 879 aversiouihus
2523 833 2576 879 et
2614 825 2954 880 novitatibus
2991 825 3269 891 afﬁcitur;
3306 826 3437 879 dum
3474 825 3689 878 nullum

2093 916 2372 971 commodi
2404 925 2715 986 respectum
2751 917 2934 979 habet,
2967 917 3062 971 sed
3111 904 3518 986 inapplausum
3550 916 3689 970 adu-

2092 1009 2350 1064 lationem
2384 1021 2437 1064 et
2458 1010 2692 1080 ineptias
2723 1025 2906 1063 meras
2933 1009 3251 1063 resolvitur.
3280 1009 3549 1075 Quocirca
3582 1024 3690 1063 non

2093 1103 2274 1159 decuit
2304 1101 2585 1157 Paulinam
2623 1103 2770 1156 illam
2801 1102 3093 1157 sublimem
3157 1102 3525 1171 prudentiam,
3562 1118 3629 1157 ne
3660 1118 3691 1156 ιι

2094 1197 2402 1267 propinquo
2451 1196 2677 1261 imitari,
2734 1196 2879 1249 illam
2921 1195 3140 1250 dicendi
3204 1194 3518 1250 facultatem
3552 1194 3690 1265 (lO‘)

2094 1304 2261 1357 quam
2294 1298 2351 1342 tu
2381 1298 2592 1341 tantum
2626 1303 2733 1341 non
2763 1289 2983 1341 adoras.
3025 1286 3250 1358 Nempe,
3296 1288 3519 1355 inquam
3567 1303 3688 1358 ego,

2097 1380 2381 1450 inquiebat
2408 1380 2517 1441 ille,
2548 1390 2607 1434 ut
2638 1380 2840 1435 alicubi
2878 1382 2965 1436 ille
2994 1381 3089 1451 qui
3126 1380 3413 1451 gloriolam
3442 1396 3693 1450 aucupa-

2098 1474 2282 1540 batur,
2335 1473 2579 1543 seipsnm
2631 1473 2840 1529 laudat.
2881 1472 2981 1528 Cui
3035 1488 3134 1528 cur
3171 1489 3279 1527 non
3338 1487 3442 1543 ego
3497 1471 3697 1526 merito

2098 1565 2354 1634 adjiciam
2382 1584 2395 1629 ;
2430 1574 2486 1620 et
2515 1565 2685 1632 Quem
2717 1566 3022 1622 desideravi
3050 1581 3171 1636 ego,
3202 1572 3279 1632 et,
3314 1565 3526 1635 Agnovi
3551 1580 3693 1635 ego;

2098 1669 2172 1719 et,
2202 1657 2395 1710 Audivi
2431 1673 2557 1727 ego.
2602 1657 2711 1712 Nec
2742 1674 2843 1729 ego
2878 1660 3028 1712 illum
3052 1658 3199 1722 novi,
3224 1658 3318 1727 qui
3349 1658 3514 1729 longo
3540 1656 3699 1711 fasti-

2100 1751 2190 1804 dio
2218 1750 2515 1815 laboraret,
2548 1752 2599 1803 in
2632 1750 2741 1804 illis
2766 1750 3180 1821 percenscndis,
3208 1750 3305 1821 qui
3337 1750 3391 1804 itt
3423 1756 3636 1804 tantum
3665 1766 3683 1805 ι

404 1836 592 1891 πόνθει
619 1837 750 1905 ἐγώ·
766 1837 881 1902 καί,
898 1838 1052 1909 ᾝδει
1071 1838 1200 1906 ἐγώ’
1223 1838 1340 1903 καὶ,
1367 1839 1621 1910 Ἦκηκόει
1638 1839 1766 1906 ἐγώυ
1784 1840 1877 1893 καὶ
1902 1840 1993 1893 τὸν

2103 1843 2393 1896 verborum
2445 1842 2786 1898 novitatibus
2846 1843 3247 1914 corrumpitur,
3279 1853 3333 1898 et
3386 1841 3702 1909 emollitur,

399 1929 504 1982 οὐκ
555 1924 652 1982 οἷδ’
682 1931 831 1992 ὅπως
864 1928 930 1984 ἀν
965 1947 1047 1993 τις
1080 1931 1181 1983 οὐκ
1220 1931 1302 1993 εἰς
1346 1930 1564 2003 μακράν
1613 1930 1806 2001 ἀηδίαν
1834 1932 1995 1995 αὐτὸς

402 2021 634 2091 ἐμπέσοι
661 2020 727 2076 τὰ
748 2022 960 2076 ἐκείνου
986 2022 1200 2090 διεξιών
1225 2040 1237 2053 ·
1269 2023 1328 2084 ὃς
1359 2024 1449 2076 ἐπὶ
1474 2024 1731 2077 τοσοῦτον
1750 2026 1870 2088 ταῖς
1886 2025 1995 2078 τῶν

404 2114 668 2186 ῥημάτων
693 2116 1071 2187 καινοτομίαις
1098 2116 1561 2188 διαθρυπτόμενος
1586 2116 1895 2187 ἐθηλύνετο,
1920 2118 1999 2182 ὼς

407 2206 543 2277 μηδέ
564 2206 872 2278 προσώπων
905 2208 1089 2271 αὐτοῖς
1112 2208 1382 2278 ἐμφάσεις
1409 2207 1487 2261 ἐτι
1515 2208 1799 2279 βούλεσθαι
1830 2227 1998 2262 κατα-

402 2299 604 2364 λιπεῖν,
633 2298 715 2362 είς
748 2298 1083 2369 παράσημον
1128 2299 1186 2353 δὲ
1224 2298 1394 2353 τύπον
1438 2300 1858 2373 ἀπαρεμφάτων
1904 2302 1996 2354 τὺν

402 2391 729 2463 χαρακτῆρα
777 2391 990 2455 τούτοις
1041 2392 1487 2463 μεταϐιάζεσθαι.
1531 2394 1636 2447 Ἐῶ
1669 2395 1725 2448 δὲ
1764 2394 1861 2449 νῦν
1906 2395 1997 2449 τὸν

399 2478 471 2534 τὰ
519 2478 840 2551 λιπάσματα
891 2480 999 2533 τῶν
1033 2480 1351 2553 ὀφθαλμῶν,
1390 2482 1533 2537 κατὰ
1560 2484 1740 2556 ψυχὴν
1791 2486 1997 2557 μᾶλλον

399 2571 733 2638 πεπονθότα,
764 2573 797 2643 ἢ
824 2572 1200 2644 φθεγξάμενον
1218 2589 1232 2604 ⁸
1262 2574 1358 2629 καὶ
1381 2575 1452 2629 τά
1474 2577 1575 2647 τῆς
1608 2579 1807 2649 σαρκὸς
1829 2580 1999 2633 πιστὰ

400 2665 675 2721 ἐλπίσατα
707 2675 755 2731 ε,
804 2668 901 2721 καὶ
943 2668 1185 2740 εὐσταθῆ
1235 2672 1637 2743 καταστήματα
1668 2672 1997 2746 ἀθλιώτερον

401 2756 707 2829 στέρξαντα
736 2757 768 2829 ἢ
800 2759 1203 2831 ἐκληρήσαντα,
1225 2762 1318 2814 καὶ
1340 2762 1561 2827 πολλαῖς
1594 2764 1873 2830 τοιαύταις
1908 2764 1999 2819 λέ-

403 2868 563 2922 σχαις
585 2852 682 2906 καὶ
708 2855 905 2916 κακαῖς
932 2851 1092 2917 ἄταις
1119 2854 1576 2922 ἐνασελγαίνοντα
1596 2873 1609 2888 ·
1637 2850 1712 2911 ὧν
1744 2858 1853 2910 οὐδ’
1883 2858 1998 2913 ἐτέ-

405 2960 500 3014 ρου
535 2943 784 3014 μιμητὴν
814 2944 895 3006 εἰς
921 2943 1132 3011 λόγους,
1163 2945 1271 2998 οὐδ’
1297 2944 1352 2997 εἴ
1379 2962 1464 3008 τις
1524 2946 1761 3010 τοιοῦτος
1787 2948 1996 3019 ἔτερος,

401 3034 497 3090 τὸν
535 3034 839 3105 θαυμάσιον
885 3036 1120 3099 Παῦλον,
1152 3036 1273 3090 ούδέ
1300 3037 1496 3090 πολλοῦ
1528 3038 1630 3101 δεῖ,
1666 3037 1859 3111 ὥσπερ
1888 3040 1997 3093 οὐδ’

405 3130 489 3191 εἰς
521 3128 780 3198 πράξεις·
814 3128 922 3181 οὐδ’
945 3130 1028 3192 εἰς
1056 3129 1242 3196 σέϐας,
1269 3128 1420 3201 θείην
1450 3130 1518 3184 ἂν
1548 3130 1747 3199 ἔγωγε.
1777 3132 1852 3185 Οὐ
1890 3131 1997 3203 μὴν

2107 1941 2165 1983 ιιι
2195 1946 2293 1983 nec
2332 1930 2518 1984 vultus
2552 1932 3093 2000 reprzesentationetn
3142 1932 3384 2003 aliquam
3437 1932 3569 1988 velit
3605 1948 3696 1988 re-

2100 2038 2361 2087 manere;
2389 2022 2483 2079 srd
2515 2023 2569 2077 itt
2595 2022 2824 2093 ﬁguram
2860 2025 3016 2081 nobis
3040 2024 3415 2095 coniunctam,
3448 2025 3567 2082 sine
3585 2025 3696 2080 ulla

2100 2113 2506 2181 signiﬁcatione
2599 2114 2976 2169 characterem
3060 2130 3252 2169 eorum
3315 2114 3695 2185 compingerc.

2098 2201 2254 2257 Mitto
2285 2204 2339 2258 in
2370 2204 2627 2275 prmsenti
2661 2205 3021 2260 oblinimcnta
3068 2206 3377 2272 oculorum,
3417 2222 3542 2277 quae
3573 2206 3698 2261 ani-

2100 2311 2251 2349 tnutn
2294 2295 2475 2365 potius
2508 2294 2773 2363 alliciunt,
2798 2312 2962 2366 quam
2995 2296 3298 2367 loquuntur
3325 2314 3339 2350 :
3364 2296 3547 2352 carnis
3572 2312 3699 2367 spe-

2100 2396 2273 2440 ratam
2307 2387 2761 2442 constitutionem
2793 2388 2861 2442 ad
2903 2395 3175 2453 amantes,
3208 2385 3293 2442 vel
3325 2386 3378 2440 in
3409 2401 3474 2441 ea
3508 2388 3695 2457 potius

2099 2475 2421 2540 delirantes,
2465 2494 2530 2533 ac
2558 2477 2746 2534 multis
2795 2478 3109 2534 istiusmodi
3162 2478 3398 2549 negotiis
3430 2478 3613 2549 impiis
3639 2488 3696 2533 ct

2101 2565 2427 2623 damnandis
2452 2569 2823 2633 lascivientes,
2859 2584 3095 2639 quorum
3129 2568 3185 2622 in
3228 2568 3462 2623 dicendo
3508 2567 3695 2621 imita-

2102 2662 2304 2715 tionem
2343 2661 2650 2715 mirabilem
2681 2660 2837 2715 illum
2889 2660 3147 2727 Paulum,
3210 2660 3415 2715 nedum
3463 2674 3695 2714 venera-

2101 2762 2277 2808 torem
2334 2753 2592 2820 dixerim,
2647 2763 2702 2810 et
2746 2754 2947 2825 agendi
2999 2752 3354 2824 participem.
3389 2752 3535 2819 Quin
3594 2767 3696 2807 nec

2102 2846 2317 2917 Gorgia:
2349 2847 2562 2902 ludicra
2578 2848 2777 2913 oratio,
2804 2846 2917 2902 fere
2941 2862 3065 2901 cum
3088 2848 3305 2903 scenica
3331 2845 3693 2917 adaequanda,

2101 2951 2321 3010 propter
2349 2941 2665 2995 saltationes
2697 2940 2752 2994 in
2784 2940 2973 2995 choris
3005 2940 3323 2996 salientium
3351 2959 3366 3008 ;
3411 2950 3464 2995 et
3498 2939 3694 2994 molles

2102 3032 2443 3096 inﬂexiones,
2475 3044 2719 3086 meretur
2756 3047 2881 3087 cum
2906 3032 3173 3103 gravitate
3204 3042 3259 3086 et
3292 3031 3511 3087 incessu
3549 3030 3694 3085 Pau-

2100 3121 2199 3176 lini
2234 3137 2432 3177 sensus
2466 3121 2746 3192 componi,
2785 3123 2882 3177 sed
2926 3124 3171 3193 linguam
3206 3122 3296 3177 ille
3331 3137 3489 3177 suam
3526 3135 3690 3193 regu-

405 3219 525 3273 ἀλλ’
555 3219 665 3275 οὐδ’
688 3222 721 3291 ἡ
742 3221 997 3292 Γόργειος
1024 3223 1235 3287 παιδιά,
1264 3225 1360 3277 καὶ
1388 3224 1586 3296 μικροῦ
1616 3225 1995 3297 παρισουμένη

2100 3216 2208 3269 lam
2247 3213 2482 3268 habebat
2525 3213 2684 3283 quasi
2732 3229 3049 3269 sermonum
3094 3214 3318 3269 illorum
3350 3214 3445 3283 qui
3499 3211 3696 3268 eﬂ‘erre

404 3316 520 3377 τοῖς
554 3314 647 3368 ἐπὶ
678 3317 885 3387 σκηνῆς
923 3316 1032 3370 τῶν
1068 3318 1347 3389 χορευτῶν
1396 3321 1736 3391 σκιρτήμασι
1778 3323 1874 3376 καὶ
1904 3321 1998 3375 λυ-

403 3403 669 3475 γίσμασιν
715 3405 1103 3475 ἀπαγγέλλειν,
1151 3405 1278 3472 ἀξία
1316 3406 1378 3459 τὸ
1412 3407 1549 3476 βαθὺ
1580 3408 1675 3461 καὶ
1711 3408 1940 3478 βεϐηκὸς
1972 3408 1991 3447 ί

402 3494 513 3548 τῶν
546 3493 766 3565 ὑψηλῶν
790 3494 1003 3548 Παύλου
1035 3496 1345 3566 νοημάτων.
1379 3493 1521 3547 Ἀλλ’
1545 3496 1771 3547 ἐκείνων
1798 3512 1860 3563 γε
1887 3495 1997 3547 τῶν

399 3584 580 3655 λόγων
616 3586 716 3657 τὴν
745 3585 994 3656 γλῶτταν
1024 3581 1139 3657 εἶχε
1172 3585 1396 3652 κανόνα,
1424 3585 1473 3637 οἳ
1493 3585 1827 3656 τηλικούτων
1853 3603 1997 3657 πρα-

402 3677 636 3746 γμάτων
662 3677 755 3731 τὸν
787 3677 913 3731 νοῦν
948 3678 1206 3747 ἐκφέρειν
1240 3676 1495 3730 ἐδύναντο
1526 3676 1647 3731 κατ’
1674 3677 1853 3741 ἀξίαν,
1891 3696 1997 3748 μη-

401 3769 493 3822 δὲν
558 3770 698 3842 μήτε
755 3768 1033 3832 δολοῦντες
1073 3769 1211 3840 μήτε
1242 3766 1639 3840 ἐξυϐρίζοντες.
1683 3790 1702 3821 ι
1733 3770 1797 3821 Ὢ
1836 3769 1999 3839 βάθος

405 3860 639 3916 πλούτου
669 3861 765 3915 καὶ
789 3861 984 3931 σοφίας
1011 3863 1107 3915 καὶ
1130 3862 1384 3930 γνώσεως
1407 3861 1573 3916 Θεοῦι
1610 3861 1686 3925 ὠς
1719 3861 2000 3932 ἀνεξερεύ-

404 3970 545 4023 νητα
590 3953 661 4007 τὰ
693 3952 941 4025 κρίματα
972 3952 1159 4021 αὐτοῦ,
1201 3954 1295 4007 καὶ
1332 3953 1729 4024 ἀνεξιχνίαστοι
1777 3954 1835 4006 αἱ
1886 3953 1999 4009 ὁδοὶ

405 4044 571 4100 αὐτοῦ
593 4047 607 4101 ι
638 4048 758 4114 καὶ,
795 4066 813 4098 ι
834 4046 933 4110 Τίς
960 4046 1101 4114 ἔγνω
1129 4046 1255 4101 νοῦν
1281 4046 1512 4118 Κυρίου,
1537 4046 1570 4118 ἢ
1593 4046 1677 4110 τίς
1696 4045 2000 4116 σύμϐουλος

404 4138 571 4193 αὐτοῦ
616 4140 869 4209 ἐγένετο;
906 4158 925 4191 ι
984 4140 1041 4210 ἢ,
1108 4160 1127 4193 ι
1166 4140 1263 4204 Τίς
1320 4140 1636 4211 προέδωκεν
1693 4140 1843 4211 αύτῷ
1903 4141 1999 4194 καὶ

404 4232 907 4305 ἀνταποδοθήσεται
966 4232 1152 4305 αύτῷ;
1185 4233 1421 4304 Χριστὸς
1466 4234 1615 4304 ἡμᾶς
1664 4232 2001 4304 ἐξηγόρασεν

406 4328 473 4379 ἐκ
518 4325 620 4396 τῆς
667 4326 914 4397 κατάρας
948 4325 1044 4379 τοῦ
1080 4327 1268 4396 νόμου,
1324 4326 1611 4397 γενόμενος
1656 4326 1798 4396 ὑπὲρ
1842 4326 2001 4398 ήμῶν

406 4418 645 4489 κατάρα.
681 4436 700 4469 ι
746 4419 869 4472 Ἐπὶ
909 4418 1085 4491 ταύτῃ
1117 4420 1183 4489 τῇ
1220 4419 1382 4490 σοφίᾳ
1402 4417 1494 4471 τὸν
1528 4417 1849 4471 διδάσκαλον
1890 4418 2001 4489 ἐγὼ

2100 3314 2352 3377 poterant
2388 3322 2488 3376 pro
2526 3305 2792 3376 dignitate
2834 3314 3111 3360 tantarum
3160 3321 3351 3360 rerum
3378 3320 3603 3360 sensum
3637 3313 3695 3360 ct

2100 3400 2451 3465 sententiam,
2485 3399 2605 3452 sine
2645 3399 2755 3453 ulla
2805 3399 2889 3455 sui
2922 3398 3275 3454 contumelia.
3332 3418 3349 3451 ι
3376 3397 3421 3454 0
3461 3399 3695 3453 altitudo

2100 3492 2417 3546 divitiarum
2446 3491 2733 3560 sapientia:
2777 3500 2833 3546 et
2865 3491 3199 3560 cognitionis
3252 3489 3451 3545 divina:
3478 3491 3492 3543 ί
3524 3506 3693 3560 quam

2103 3583 2710 3654 inscrntabiliajudicia
2749 3585 2893 3654 ejus,
2927 3594 2980 3638 et
3025 3582 3562 3653 impcrvestigabiles
3590 3584 3693 3637 viae

2102 3675 2264 3744 ejus!
2306 3693 2325 3726 ι
2364 3673 2451 3740 Et,
2496 3692 2515 3725 ι
2549 3673 2685 3739 Quis
2716 3675 2869 3726 novit
2896 3682 3133 3727 mentem
3162 3671 3420 3725 Domini?
3450 3672 3535 3725 vel
3570 3672 3696 3740 quis

2104 3770 2180 3822 illi
2220 3767 2325 3821 fuit
2352 3783 2379 3819 a
2415 3766 2725 3822 consiliis”
2751 3766 2811 3820 2»
2849 3765 2935 3833 Et,
2967 3784 2985 3817 ι
3026 3766 3161 3833 Quis
3203 3765 3360 3835 prius
3409 3764 3557 3819 dedit
3594 3764 3697 3833 ipsi

2104 3868 2163 3915 nt
2214 3859 2552 3914 retribuatur
2590 3859 2684 3913 ei?
2729 3858 2984 3914 Christus
3031 3874 3134 3914 nos
3174 3858 3407 3913 redemit
3450 3872 3481 3911 a
3524 3856 3696 3911 malc-

2102 3953 2345 4007 dictione
2374 3953 2531 4023 legis,
2571 3950 2754 4007 factus
2781 3952 2896 4021 ipse
2928 3967 3028 4023 pro
3061 3952 3221 4006 nobis
3260 3950 3576 4005 maledictio
3606 3950 3650 3981 ³⁸
3672 3968 3692 4001 ι

2103 4046 2187 4102 Ob
2216 4050 2357 4100 hanc
2392 4045 2567 4115 ipsius
2595 4044 2938 4115 sapientiam,
2970 4043 3161 4098 mundi
3198 4044 3483 4098 doctorem
3514 4043 3697 4097 admi-

2104 4154 2195 4193 ror
2221 4154 2341 4208 ego,
2381 4152 2557 4208 neque
2590 4146 2673 4192 cst
2696 4152 2820 4193 cum
2843 4136 3075 4191 audacia
3107 4135 3403 4207 conjuncta
3437 4136 3551 4192 hate
3582 4135 3698 4190 ad-

2103 4232 2324 4287 miratio
2357 4246 2519 4286 mea:
2554 4230 2647 4301 qui
2684 4245 2811 4286 cum
2842 4228 2985 4283 istud
3038 4229 3433 4299 pronuntiabat
3488 4228 3693 4283 intelli-

2104 4324 2256 4397 gibili
2314 4333 2369 4379 et
2402 4322 2675 4379 constanti
2732 4337 3013 4384 sermone,
3066 4321 3481 4391 intelligendum
3540 4321 3698 4377 exlti-

2104 4419 2262 4486 hens,
2318 4433 2453 4490 quo,
2498 4418 2551 4473 id
2582 4416 2731 4487 quod
2803 4418 3065 4473 omnibus
3114 4416 3394 4483 conducit,
3442 4418 3689 4472 docetur.

406 4509 509 4581 τῆς
538 4510 863 4581 οἰκουμένης
903 4509 1125 4576 θειάζω,
1163 4511 1258 4564 καὶ
1307 4508 1546 4575 θειάζειν
1602 4510 1668 4563 ἂν
1713 4511 1881 4577 ἀξίως
1924 4513 1997 4584 μὴ

2109 4516 2251 4584 Quid
2282 4516 2533 4570 dicturus
2558 4521 2642 4570 cst
2692 4512 2949 4569 dictionis
2984 4512 3278 4583 puritatem
3314 4510 3560 4577 intuens,
3595 4527 3695 4566 nec

404 4602 681 4674 τολμηρὸν
713 4601 1004 4673 εὐξαίμην,
1030 4603 1097 4657 δι’
1130 4597 1199 4675 ἦς
1228 4602 1455 4657 τοιαῦτα
1484 4602 1807 4672 ἐφθέγγετο,
1842 4604 1997 4673 εὐσή-

2107 4610 2257 4664 illam
2289 4624 2411 4679 qua:
2438 4616 2649 4678 spectat
2677 4605 3061 4663 rectitudinem
3097 4606 3269 4671 vocis,
3303 4615 3357 4661 et
3382 4621 3693 4676 congruen-

410 4711 499 4766 μῳ
527 4694 627 4765 μὲν
661 4695 756 4748 καὶ
783 4694 1023 4766 σταθερᾷ
1052 4695 1196 4762 λέξει
1227 4694 1289 4749 τὸ
1323 4695 1503 4767 νόημα
1539 4697 1843 4768 παριστῶν,
1888 4716 2007 4752 κοι-

404 4785 499 4839 νὸν
545 4785 603 4839 δὲ
642 4787 777 4840 πᾶσι
817 4786 879 4840 τὸ
929 4787 1124 4857 ὄφελος
1171 4786 1469 4860 προτιθείς.
1523 4788 1589 4840 Τί
1627 4789 1673 4840 δ’
1708 4788 1775 4842 ἂν
1828 4789 2005 4856 εἴποις

406 4879 760 4952 ἐνθεωρήσας
793 4879 958 4934 αὑτοῦ
995 4881 1056 4933 τὸ
1095 4879 1339 4951 καθαρὸν
1367 4879 1475 4939 τῶν
1504 4882 1789 4952 ῥημάτων,
1820 4882 1881 4936 ού
1907 4882 2007 4953 μό-

404 4973 497 5025 νον
538 4972 663 5026 ὅσον
699 4973 780 5036 είς
810 4972 1079 5044 ὀρθότητα
1120 4974 1305 5044 φωνῆς
1345 4974 1441 5027 καὶ
1486 4975 1829 5045 συμμετρίαν
1870 4976 1997 5046 ἥκει

404 5062 677 5134 περιόδων
707 5065 1043 5136 ἐναρμονίως
1067 5065 1517 5137 συστελλόμενον,
1553 5066 1690 5120 ἀλλὰ
1724 5068 1818 5122 καὶ
1866 5070 1921 5123 el’
1946 5087 2000 5124 τι

406 5156 548 5228 πρὸς
593 5157 693 5229 τὴν
742 5157 853 5212 τῶν
890 5159 1235 5230 πραγμάτων
1287 5159 1568 5230 ἀφήγησιν
1613 5159 1999 5227 ἀπευθύνεται,

410 5248 580 5320 μηδὲν
607 5246 715 5303 τῶν
741 5251 1059 5321 ἀναγκαίων
1091 5250 1291 5317 ἔξωθεν
1324 5251 1740 5325 ἐπισυρόμενον,
1762 5255 1848 5323 ἐφ’
1877 5254 2019 5307 ὃσοό

405 5358 466 5397 τε
512 5341 574 5396 τὸ
612 5345 993 5417 τετραμμένον
1036 5344 1146 5397 τῶν
1204 5343 1524 5414 ὀνομάτων,
1570 5346 1665 5399 καὶ
1719 5345 1846 5400 ὅσον
1906 5345 2002 5400 ἐπὶ

485 5460 530 5492 ³⁷
569 5458 735 5518 Rom.
772 5477 853 5531 χι,
884 5461 977 5518 55.
1056 5460 1101 5494 ⁸⁸
1133 5460 1312 5519 Galat.
1348 5478 1432 5529 ιιι,
1479 5462 1568 5517 13.

2106 4709 2190 4755 ter
2228 4700 2504 4755 consentit
2552 4714 2679 4753 cum
2728 4697 2939 4768 periodi
2990 4698 3301 4763 harmonia,
3339 4697 3431 4752 sed
3467 4696 3695 4751 ulterius

2104 4794 2170 4849 ad
2205 4810 2385 4848 rerum
2432 4792 2807 4864 cognitionem
2841 4790 3102 4860 dirigitur
3134 4788 3540 4859 explicandam,
3595 4803 3697 4843 nec

2105 4887 2407 4958 quidquam
2442 4884 2815 4941 necessarium
2857 4883 2925 4939 de
2959 4882 3098 4939 loris
3132 4881 3384 4938 accersit.
3413 4880 3519 4937 Sed
3549 4881 3696 4951 quod

2104 4996 2300 5035 vocum
2340 4979 2707 5034 inversionem
2741 4983 2976 5047 spectat,
3030 4984 3085 5029 ct
3110 4974 3313 5029 durum
3343 4973 3475 5045 quid
3501 4988 3612 5043 prae
3636 4986 3696 5027 so

2106 5070 2213 5127 fert
2246 5071 2568 5126 distinctum
2600 5070 2737 5125 scite
2762 5069 2974 5139 ablegat
3004 5085 3017 5122 :
3060 5065 3287 5121 sublimi
3339 5065 3525 5137 generi
3568 5079 3694 5134 per-

2107 5165 2481 5236 Spicuitatem,
2522 5162 2568 5217 si
2611 5161 2735 5232 quis
2769 5160 2935 5226 alius,
2959 5174 3146 5216 revera
3170 5158 3293 5229 plus
3328 5173 3493 5227 quam
3529 5156 3694 5221 alius,

2109 5254 2314 5324 ubique
2354 5252 2759 5308 intermiscens.
2800 5249 2911 5305 Nec
2960 5249 3048 5304 hic
3104 5263 3507 5314 commemoro,
3543 5246 3695 5317 quod

2111 5345 2494 5402 conciliatorio
2539 5353 2593 5400 et
2620 5342 2913 5399 dictatorio
2945 5342 3157 5397 dicendi
3196 5356 3396 5412 genere
3427 5348 3689 5398 variata.

1725 5550 1967 5610 VARUE
2007 5551 2419 5610 LECTIONES.

522 5652 548 5684 ⁸
569 5642 705 5700 CM.
729 5644 1067 5718 ἐλπίσματα.

1182 5645 1201 5685 ί
1235 5645 1321 5702 ῖσ.
1361 5644 1546 5719 [male]
1583 5644 1935 5718 ἐπιϐεϐηκός.
1965 5644 2027 5701 C.
2085 5645 2157 5701 M.
2201 5646 2454 5719 βεϐηκός.

1954 5735 2185 5793 NOTAE.

526 5828 665 5904 (19‘)
689 5831 973 5893 Platonem
1009 5836 1282 5909 intelligit.
