4158 6426
520 363 629 428 587

1683 372 1946 435 ΡΗΟΤΙΙ
1984 375 2495 435 ΡΑΤΒΙΑΗΟΠᾹΞ
2523 377 2635 441 CP.

3692 382 3801 447 588

517 480 629 538 Nec
680 480 824 552 quod
853 480 921 537 de
953 481 1156 539 divinis
1208 483 1373 540 rebus
1428 485 1738 543 instituitur
1780 504 1999 555 sermo;
2055 496 2111 549 ct

2225 490 2276 544 τὸ
2330 491 2569 564 σκληρὸν
2616 492 2875 549 ἀπονιύει
2934 493 3207 571 διακρίνον
3247 494 3430 561 καλῶς
3469 494 3803 567 ἀποπέμπε-

518 590 643 643 quze
692 574 933 628 maximo
993 576 1204 631 honore
1257 579 1400 647 apud
1461 579 1716 635 homines
1778 580 2100 635 habentur:

517 680 618 720 nec
641 666 787 735 quod
822 667 1095 722 neminem
1127 669 1291 723 habet
1318 671 1411 738 qui
1462 672 1642 740 possit
1666 672 1846 741 ipsum
1900 671 2105 726 imitari

518 758 569 810 iu
602 757 966 813 illuminanda
995 772 1050 813 et
1078 759 1400 816 illustranda
1433 763 1704 817 oratione.
1762 780 1782 814 ι
1813 764 2105 819 Certamen

517 848 723 902 bonum
781 850 985 905 certavi
1019 868 1033 905 :
1067 867 1292 906 cursum
1327 853 1539 908 confeci
1576 872 1588 907 :
1647 854 1809 909 [idem
1842 855 2056 910 servavi
2088 871 2102 921 ;

518 941 584 991 de.
612 949 832 1005 czetero,
867 944 1107 1012 reposita
1140 952 1224 999 est
1272 945 1407 999 mihi
1456 946 1689 1017 justitiae
1744 961 1949 1002 corona
1978 948 2045 1001 ιθ.
2082 964 2101 999 ι

519 1028 606 1097 Ει,
646 1032 753 1085 illa
784 1048 970 1100 enrro,
1012 1046 1071 1089 ut
1102 1051 1212 1090 non
1243 1037 1297 1090 in
1332 1053 1531 1091 vanum
1567 1057 1579 1091 :
1623 1039 1694 1093 ita
1726 1050 1896 1102 certo,
1922 1047 2109 1093 utnon

520 1139 705 1180 aerem
736 1126 1015 1195 ﬂagellatis
1039 1128 1105 1183 ²⁰.
1122 1148 1139 1181 ι
1156 1159 1225 1170 —-
1243 1128 1373 1195 «Qui
1396 1131 1447 1184 in
1473 1129 1648 1185 lorma
1671 1131 1811 1187 servi
1838 1130 2111 1185 exsistens

522 1234 630 1274 non
665 1223 939 1291 reputavit
971 1224 1217 1293 rapinam
1252 1241 1370 1282 esse
1404 1226 1667 1296 aequalem
1706 1227 1838 1291 Deo,
1872 1226 1965 1280 sed
1995 1225 2113 1281 exi-

522 1317 736 1369 lt:tt:i\'it
815 1318 1194 1387 semetipsum,
1257 1321 1400 1374 servi
1488 1320 1721 1374 formam
1788 1334 2107 1375 assumens.

520 1410 867 1480 Quapropter
928 1410 1069 1466 Deus
1112 1413 1288 1482 ipsum
1346 1414 1797 1483 superexaltavit,
1850 1425 1907 1468 et
1962 1412 2112 1467 dedit

522 1502 598 1556 illi
634 1520 830 1556 nomen
880 1520 1046 1572 super
1070 1520 1235 1560 omne
1287 1520 1513 1569 nomen,
1541 1515 1600 1559 ut
1648 1507 1702 1560 iu
1733 1506 1956 1559 nomine
1978 1503 2109 1560 Jesu

521 1611 685 1649 omne
743 1611 883 1666 genu
942 1596 1214 1662 ﬂectatur,
1269 1596 1603 1662 caelestium,
1652 1597 2022 1661 terrestrium,
2058 1604 2114 1651 et

523 1687 905 1742 infernorum:
961 1700 1015 1741 et
1060 1688 1240 1743 omnis
1306 1688 1494 1759 lingua
1556 1690 1907 1754 conﬁteatur,
1961 1688 2110 1757 quod

523 1778 794 1835 Dominus
823 1778 982 1835 Jcsus
1003 1780 1259 1837 Christus
1280 1789 1364 1836 est
1395 1781 1447 1835 in
1474 1781 1646 1854 gloria
1679 1780 1771 1835 Dei
1802 1780 1974 1849 patris
2004 1778 2104 1834 υ.»

2211 600 2321 650 ται,
2353 584 2531 638 καίτοι
2567 585 2787 653 μεγέθει
2821 586 2883 641 τὸ
2920 590 3111 657 σαφὲς,
3142 589 3219 653 ὡς
3256 588 3311 642 εῐ
3342 606 3427 653 τις
3454 588 3630 655 ἄλλος,
3661 591 3801 660 μᾶλ-

2210 673 2303 727 λον
2326 674 2371 729 δ’
2400 675 2476 738 ὡς
2502 676 2679 740 οὐδεὶς
2708 677 2918 751 ἕτερος,
2944 679 3012 733 δι’
3040 680 3179 734 ὅλων
3202 680 3666 751 ἐγκερασάμενος.
3695 682 3823 734 Καὶ

2211 766 2366 822 οὑπω
2391 770 2549 823 τοῦτό
2582 787 2724 843 φημι
2767 772 2965 843 ὅτιπερ
3000 772 3077 844 τῷ
3107 773 3553 844 συμϐουλευτικῷ
3599 774 3699 827 καὶ
3724 792 3810 826 νο-

2216 858 2489 930 μοθετικῷ
2522 860 2951 918 διαποικίλλεται
2978 881 2991 895 ·
3040 866 3152 919 οὐδ’
3183 866 3265 919 ὃτι
3309 866 3438 936 περὶ
3468 864 3628 918 θείων
3659 867 3690 919 ὁ
3718 865 3812 918 λό-

2213 969 2310 1020 γος
2334 952 2482 1024 αὐτῷ
2505 955 2871 1025 πραγμάτων,
2895 957 2990 1011 καὶ
3012 958 3122 1009 τῶν
3150 959 3207 1011 ἐν
3234 956 3544 1029 ἀνθρώποις
3570 958 3815 1028 μάλιστα

2212 1044 2441 1115 τιμίων’
2473 1046 2588 1099 ἀλλ’
2614 1046 2722 1100 οὐδ’
2760 1048 2843 1101 ὃτι
2882 1048 3304 1119 λαμπρύνεσθαι
3342 1050 3438 1103 καὶ
3466 1049 3713 1121 φαιδρῶς
3737 1052 3815 1103 εί-

2213 1140 2336 1191 πείν
2366 1137 2612 1209 μιμητὴν
2644 1140 2743 1193 οὐκ
2774 1140 2933 1211 ἔχων.
2972 1142 3105 1194 «Τὸν
3128 1141 3318 1209 ἀγῶνα
3342 1142 3433 1194 τὸν
3459 1142 3629 1195 καλὸν
3658 1141 3814 1211 ἡγώ-

2215 1249 2405 1303 νισμαι
2424 1249 2439 1265 °
2480 1234 2572 1287 τὸν
2597 1233 2798 1303 δρόμον
2821 1232 3111 1287 τετέλεκα·
3140 1232 3240 1304 τὴν
3276 1233 3460 1287 πίστιν
3489 1235 3773 1305 τετήρηκα
3798 1252 3813 1267 ο

2214 1324 2399 1379 λοιπὸν
2436 1327 2726 1382 ἀπόκειταί
2773 1344 2863 1397 μοι
2915 1328 2944 1379 ὁ
2986 1329 3087 1398 τῆς
3128 1326 3473 1399 δικαιοσύνης
3523 1327 3813 1395 στέφανος.

2214 1415 2373 1470 υὺτω
2394 1418 2593 1487 τρέχω,
2623 1416 2698 1480 ὡς
2725 1417 2826 1471 οὑκ
2850 1415 3081 1486 ἀδήλως.
3109 1414 3267 1469 Οὑτω
3296 1414 3576 1479 πυκτεύω,
3609 1412 3690 1478 ὡς
3719 1414 3820 1467 οὐκ

2214 1508 2352 1580 ἀέρα
2377 1509 2572 1575 δέρων.
2603 1527 2621 1560 ι
2662 1508 2794 1574 Καὶ,
2832 1526 2852 1561 ι
2889 1510 2987 1572 ’ος
3024 1509 3081 1562 ὲν
3123 1510 3307 1580 μορφῇ
3356 1507 3492 1561 Θεοῦ
3524 1507 3815 1577 ὑπάρχων,

2214 1600 2313 1669 οὐχ
2343 1598 2637 1670 ἁρπαγμὸν
2666 1599 2915 1672 ἡγήσατο
2946 1599 3007 1651 τὸ
3038 1593 3179 1651 εἶναι
3219 1598 3309 1651 ίσα
3342 1596 3462 1669 Θεῷ
3487 1612 3501 1627 ·
3535 1595 3654 1648 ἀλλ’
3691 1596 3817 1648 ἑαυ-

2214 1690 2306 1743 τὸν
2348 1691 2605 1752 ἐκένωσε,
2646 1692 2861 1762 μορφὴν
2898 1690 3088 1749 δούλου
3127 1689 3339 1743 λαϐών·
3372 1688 3450 1748 διὸ
3480 1688 3577 1741 καὶ
3620 1690 3651 1742 ὁ
3685 1687 3819 1751 Θεὸς

2216 1781 2379 1835 αὑτὸν
2426 1781 2776 1852 ὑπερύψωσε,
2830 1782 2925 1835 καὶ
2984 1781 3282 1852 ἐχαρίσατο
3329 1779 3480 1853 αὐτῷ
3533 1779 3711 1849 ὄνομα
3756 1779 3817 1831 τύ

527 1881 581 1927 et
617 1890 630 1925 :
680 1891 698 1924 ι
731 1874 1094 1930 Conversatio
1124 1884 1316 1929 nostra
1350 1876 1404 1929 in
1428 1858 1583 1930 ctelis
1622 1884 1727 1940 est,
1763 1876 1903 1930 unde
1929 1882 1983 1927 et
2007 1889 2105 1927 ex-

2225 1878 2359 1951 ὑπὲρ
2386 1880 2493 1931 πᾶν
2515 1849 2707 1948 δνομα,
2733 1878 2823 1931 ἵνα
2856 1879 2914 1929 ὲν
2938 1849 3273 1947 τῷηόνόματι
3312 1849 3514 1946 Ἰησοῦ,
3547 1876 3660 1929 πᾶν
3690 1874 3816 1941 γόνυ

522 1971 835 2033 spectamus
875 1964 1227 2021 Servatorem
1256 1965 1550 2021 Dominum
1576 1965 1765 2029 Jesum
1802 1965 2106 2025 Christum.

522 2055 616 2125 qui
658 2055 1081 2112 transformabit
1128 2073 1333 2127 corpus
1388 2058 1717 2115 humilitatis
1766 2068 1993 2120 nostrm.
2054 2066 2113 2114 ut

523 2150 858 2205 assimiletur
906 2153 1122 2223 corpori
1164 2152 1351 2223 gloria:
1404 2152 1579 2222 ipsius
1607 2152 1673 2206 ".
1714 2170 1733 2204 ι
1794 2151 1962 2207 Valde
1986 2161 2113 2205 sunt

524 2244 642 2309 haec
670 2245 1016 2302 admiranda.
1078 2247 1305 2316 (Quidni
1334 2247 1503 2317 enim)
1533 2263 1659 2304 cum
1695 2247 1766 2303 ob
1813 2248 1942 2311 alia,
1994 2257 2111 2302 tum

522 2348 744 2410 propter
776 2341 1221 2411 perspicuitatem
1257 2354 1311 2396 et
1342 2343 1637 2412 puritatem
1671 2356 1946 2395 summam
1980 2353 2114 2394 con-

522 2414 857 2497 currentem.
898 2432 1001 2487 Sed
1029 2434 1211 2503 qualis
1243 2433 1347 2489 fuit
1378 2433 1433 2488 in
1460 2433 1770 2496 sententiis,
1794 2432 1919 2486 talis
1960 2432 2113 2485 vidc-

522 2530 612 2577 tur
651 2523 1001 2583 iusenteutia
1040 2526 1283 2590 ferenda,
1317 2526 1797 2590 inconvincendo,
1832 2528 1886 2581 in
1927 2542 2115 2597 reprc-

524 2614 838 2693 hendcndo,
879 2634 1005 2677 cum
1056 2628 1294 2692 oportet,
1324 2628 1379 2675 et
1410 2621 1688 2691 quomodo
1740 2628 1977 2690 oportet,
2019 2633 2116 2689 per

524 2706 952 2773 declarationem
994 2719 1048 2769 et
1079 2712 1521 2767 testilicationcm
1569 2728 1679 2766 non
1734 2712 2113 2768 ﬂuctuantem.

532 2817 553 2852 ι
590 2800 649 2854 In
685 2817 797 2870 quo
844 2803 971 2872 quis
1013 2804 1275 2867 vincitur,
1312 2806 1362 2858 ei
1410 2820 1608 2862 Servus
1675 2805 1964 2874 subjicitur
1988 2804 2052 2857 ³³.
2092 2821 2111 2855 ι

535 2909 554 2943 ι
592 2891 970 2964 Corrumpunt
1016 2896 1191 2951 honos
1258 2912 1440 2964 mores
1484 2897 1759 2969 colloquia
1810 2898 2059 2967 prava“.
2093 2916 2111 2949 ι

526 2983 615 3049 Ει.
653 3003 673 3040 ι
712 2984 827 3054 Hoc
861 2986 1094 3053 allirmo,
1141 2988 1287 3058 quod
1322 3004 1452 3043 caro
1484 2997 1538 3043 et
1592 2989 1839 3058 sanguis,
1883 3003 2115 3059 regnum

530 3080 627 3133 Dei
658 3095 767 3145 non
799 3080 1191 3151 possidebunt:
1227 3096 1403 3152 neque
1432 3083 1580 3136 enim
1617 3081 1902 3151 corruptio
1930 3081 2119 3136 hazre—

2216 1971 2411 2041 κάμψῃ
2442 1970 2807 2041 ἐπουρανίων,
2844 1971 2936 2023 καὶ
2976 1968 3259 2038 ἐπιγείων,
3287 1967 3383 2021 καὶ
3415 1966 3817 2037 καταχθονίων,

2215 2066 2311 2118 καὶ
2338 2065 2488 2117 πᾶσα
2505 2062 2728 2133 γλῶσσα
2754 2061 3239 2133 ἐξομολογήσηται,
3258 2061 3339 2114 ὅτι
3367 2058 3573 2131 Κύριος
3606 2058 3819 2128 Ἰησοῦς

2215 2157 2451 2227 Χριστὸς
2483 2158 2565 2221 είς
2588 2155 2747 2220 δόξαν
2774 2155 2911 2208 Θεοῦ
2938 2154 3152 2224 Πατρός
3177 2169 3190 2183 ·
3237 2172 3256 2207 ι
3290 2153 3408 2215 καὶ,
3447 2170 3465 2203 ι
3497 2150 3689 2221 Ἡμῶν
3713 2150 3819 2219 γάρ

2214 2253 2275 2306 τὸ
2310 2252 2618 2319 πολίτευμα
2646 2252 2702 2303 ὲν
2733 2248 2984 2320 οὐρανοῖς
3012 2247 3272 2317 ὑπάρχει,
3304 2244 3364 2310 ἐξ
3385 2238 3447 2299 οῦ
3470 2245 3567 2298 καὶ
3589 2244 3820 2314 Σωτῆρα

2216 2344 2629 2416 ἀπεκδεχόμεθα
2643 2344 2847 2414 Κύριον
2879 2340 3087 2412 Ἰησοῦν
3104 2339 3361 2409 Χριστὸν,
3378 2337 3435 2401 ὃς
3460 2352 3821 2409 μετασχημα-

2216 2441 2356 2502 τίσει
2388 2438 2449 2491 τδ
2481 2436 2643 2506 σῶμα
2662 2436 2759 2505 τῆς
2781 2433 3165 2495 ταπεινώσεως
3186 2430 3364 2502 ἡμῶν,
3388 2433 3463 2493 εἰς
3485 2430 3546 2483 τὸ
3565 2427 3820 2497 γενέσθαι

2216 2533 2347 2588 αὐτὸ
2374 2531 2654 2601 σύμφορον
2674 2527 2752 2599 τῷ
2776 2525 2990 2598 σώματι
3027 2524 3127 2595 τῆς
3158 2524 3314 2595 δόξης
3334 2522 3521 2583 αὐτοῦ,
3554 2541 3574 2575 ι
3599 2521 3823 2590 Θαυμα-

2222 2626 2324 2679 στά
2344 2626 2440 2695 μὲν
2462 2623 2571 2693 γὰρ
2592 2621 2730 2690 ἄγαν
2751 2621 2847 2673 καὶ
2870 2618 3043 2673 ταῦτα
3076 2617 3231 2690 (πῶς,
3249 2617 3355 2688 γὰρ
3379 2615 3439 2668 οὐ
3464 2617 3502 2686 ;)
3532 2614 3586 2668 ἓν
3612 2631 3679 2667 τε
3713 2614 3821 2675 τοῖς

2220 2718 2402 2779 ἄλλοις
2450 2715 2544 2768 καὶ
2579 2714 2679 2784 τῆς
2720 2712 2806 2766 ἐπ’
2844 2712 3015 2783 ἄκρον
3039 2710 3346 2781 συνδρομῆς
3372 2705 3735 2778 φαιδρότητός
3762 2722 3817 2757 τε

2220 2811 2315 2864 καὶ
2333 2807 2728 2879 καθαρότητος.
2763 2805 2901 2859 Ἀλλ’
2937 2799 3049 2867 οἷος
3081 2805 3137 2856 ὲν
3166 2802 3244 2872 τῷ
3275 2800 3647 2870 γνωμολογεῖν
3680 2800 3705 2839 ε
3732 2795 3820 2850 καὶ

2221 2898 2498 2961 εὐσταθῶς
2521 2894 2921 2965 ἀποφαίνεσθαι
2941 2893 3187 2963 ἐλέγχειν
3226 2889 3357 2943 ἔνθα
3394 2890 3474 2944 δεῖ
3506 2890 3602 2941 καὶ
3619 2888 3702 2952 ὡς
3745 2886 3821 2939 δεῖ

2221 2992 2483 3063 ἐπιτιμᾷν
2539 2986 3053 3063 διαμαρτύρεσθαις
3107 2977 3222 3056 ιᾯ
3273 2983 3383 3053 γάρ
3430 3000 3518 3045 τις
3562 2982 3815 3053 ἥττηται,

2222 3084 2514 3155 τούτῳκαὶ
2542 3081 2889 3135 δεδούλωται.
2924 3097 2943 3132 ι
2976 3109 3040 3121 --
3074 3097 3092 3131 ι
3128 3077 3446 3149 Φθείρουσιν
3470 3075 3577 3147 ἤθη
3608 3074 3822 3146 χρηστά

527 3173 727 3229 ditabit
773 3174 1243 3243 incorruptionem
1269 3176 1335 3230 ".
1375 3195 1394 3229 ι
1424 3206 1493 3216 -
1549 3195 1568 3227 ι
1600 3175 1917 3230 Currelatis
1959 3175 2116 3241 bene,

2225 3178 2434 3249 ὁμιλίαι
2467 3175 2666 3229 κακαί’
2699 3193 2717 3226 ι
2758 3174 2873 3240 καὶ,
2916 3190 2934 3225 ι
2973 3171 3146 3226 Τοῦτο
3174 3169 3231 3224 δέ
3257 3187 3421 3240 φημι,
3447 3169 3530 3222 ὅτι
3563 3167 3705 3239 σὰρξ
3737 3166 3824 3218 καὶ

528 3265 654 3335 quis
704 3280 805 3320 vos
868 3266 1169 3323 fascinavit
1199 3276 1259 3322 ut
1318 3284 1385 3323 ne
1451 3267 1664 3323 veritati
1706 3268 2118 3337 obtemperare-

529 3360 685 3415 tis“.
718 3379 736 3413 ›
771 3360 877 3416 Et:
928 3379 945 3412 ι
971 3359 1149 3417 Nolite
1181 3378 1390 3429 errare,
1430 3362 1574 3418 Deus
1612 3378 1718 3416 nou
1750 3361 1995 3417 illuditur
2014 3361 2118 3415 ³⁷.»

531 3450 633 3505 Et:
683 3470 700 3503 ι
734 3451 810 3505 Ειι
838 3468 939 3523 ego
960 3452 1163 3507 Paulus
1199 3454 1352 3509 vobis
1412 3453 1682 3509 denuntio
1742 3454 1891 3524 quod
1926 3454 1971 3509 si
2006 3453 2121 3508 cir-

530 3545 946 3609 cumcidemini,
1013 3544 1267 3600 Christus
1310 3545 1470 3601 vobis
1527 3547 1663 3600 nihil
1735 3545 2066 3615 proderit".
2100 3564 2118 3598 ι

530 3636 600 3693 Et
627 3656 640 3693 :
670 3655 690 3690 ι
716 3636 1008 3693 Testil‘lcor
1040 3638 1193 3693 omni
1228 3638 1434 3692 homini
1478 3638 1826 3703 circumciso,
1861 3637 2008 3707 quod
2033 3638 2127 3692 de-

532 3733 680 3787 bitor
745 3741 833 3788 est
887 3732 982 3789 toti
1023 3731 1126 3802 legi
1190 3732 1476 3805 servandae.
1508 3733 1551 3765 ”
1592 3751 1610 3785 ι
1665 3733 1768 3787 Et:
1827 3751 1845 3784 ι
1878 3733 2128 3787 Audctue

536 3824 663 3894 quis
693 3824 786 3894 qui
820 3824 1100 3895 negotium
1138 3839 1263 3878 cum
1302 3824 1411 3890 alio
1441 3824 1607 3889 habet
1647 3825 1714 3880 de
1742 3825 1957 3896 injuriis
1983 3825 2127 3895 apud

535 3912 1049 3983 exterosjndieium
1080 3912 1286 3985 subire,
1321 3923 1376 3968 et
1406 3929 1515 3974 non
1556 3930 1739 3968 coram
1774 3915 1981 3970 sanctis
2002 3916 2045 3947 ³ο
2069 3915 2122 3969 ⁸2»

535 4004 698 4063 Certe
732 4006 875 4061 idem
904 4014 989 4062 est
1018 4006 1424 4075 magnitudines
1464 4021 1656 4063 omnes
1685 4007 1738 4061 in
1767 4023 1936 4067 unum
1970 4009 2129 4064 colli-

534 4112 682 4167 gere,
713 4106 765 4151 et
796 4096 918 4166 ejus
965 4112 1282 4152 sermonum
1319 4097 1753 4168 compositiones
1797 4115 1892 4169 per
1941 4101 2128 4165 omnia

534 4187 815 4259 relegere:
871 4188 1010 4244 adeo
1057 4189 1263 4260 ubique
1329 4189 1571 4261 dignitas
1593 4198 1648 4249 et
1700 4190 1959 4261 majestas
2032 4206 2129 4260 per

536 4279 785 4347 singulas
851 4279 1125 4336 dictiones
1187 4281 1571 4351 permiscetur.
1642 4281 1712 4336 At
1775 4298 1960 4337 mores
2008 4283 2130 4353 ejus

536 4372 770 4440 quales:
809 4390 827 4423 ι
861 4372 1118 4429 Christus
1170 4374 1225 4429 in
1267 4375 1534 4430 mundum
1589 4376 1759 4442 venit,
1811 4384 2130 4446 peccatores

536 4465 721 4519 saZVtis
770 4462 971 4531 facere,
1016 4480 1257 4535 quorum
1315 4482 1417 4538 ego
1474 4468 1687 4537 primus
1721 4483 1843 4523 sum
1864 4468 1978 4523 ³¹.ι
2029 4468 2129 4523 Et:

546 4576 566 4611 ι
598 4557 711 4629 Ego
746 4559 1007 4614 minimus
1045 4574 1167 4615 sum
1208 4561 1613 4637 apostolorum,
1667 4563 1760 4630 qui
1794 4577 1892 4617 nec
1931 4562 2134 4633 dignus
2168 4544 2210 4598 Ῑ)

540 4661 665 4700 smn
698 4646 883 4700 vocari
916 4648 1198 4724 apostolus
1219 4648 1286 4702 ³¹.
1320 4667 1338 4700 ι
1378 4658 1433 4702 et
1462 4666 1477 4703 :
1509 4667 1525 4700 ι
1560 4649 1820 4704 Desidere
1858 4660 1907 4705 te
1933 4652 2139 4716 videre,

541 4754 755 4793 memor
810 4748 1029 4793 tuarum
1087 4739 1496 4811 lacrymarum,
1551 4750 1612 4794 ut
1656 4740 1918 4813 gaudium
1964 4742 2143 4810 perci-

538 4833 724 4901 piam;
773 4833 1213 4888 recordationem
1262 4832 1473 4889 habens
1518 4835 1640 4889 iidci
1679 4850 1802 4905 quae
1845 4833 1902 4889 in
1951 4844 2002 4889 te
2035 4841 2140 4898 est,

539 4927 661 4981 sine
690 4925 994 4997 hypocrisi,
1027 4941 1151 4996 qua:
1197 4927 1439 4998 primum
1490 4927 1755 4982 habitavit
1786 4929 1841 4981 in
1880 4928 2001 4983 avia
2050 4936 2145 4997 tua

545 5016 734 5085 Loide,
770 5027 825 5074 et
854 5030 1030 5075 matre
1060 5031 1150 5075 tua
1183 5020 1386 5089 Ennicc
1410 5022 1505 5073 ³³.»
1530 5050 1601 5060 —-
1623 5019 1879 5076 «Utinam
1912 5021 2133 5077 exscin—

547 5114 831 5177 dercntur,
866 5111 961 5181 qui
996 5127 1093 5167 vos
1120 5111 1823 5168 conturbaut”.n——tSine
1854 5114 2015 5168 nobis
2049 5127 2137 5168 re-

542 5202 774 5269 guastis,
822 5210 879 5257 et
929 5204 1139 5257 utinam
1201 5204 1438 5274 regnetis
1460 5203 1531 5279 ”,_
1566 5222 1584 5255 ι
1637 5212 1691 5259 et
1746 5214 2005 5260 sexcenta
2053 5215 2136 5259 ta-

540 5292 637 5347 lia.
692 5292 952 5364 Nunquid
994 5310 1127 5365 ergo
1176 5294 1232 5348 in
1286 5294 1473 5366 aliquo
1513 5294 1743 5350 inferior
1801 5305 1886 5351 est
1932 5296 1999 5350 iis
2040 5296 2135 5367 qui

2227 3269 2367 3341 αἷμα
2401 3267 2680 3341 βασιλείαν
2723 3264 2860 3318 Θεοῦ
2903 3262 3315 3335 κληρονομῆσαι
3348 3261 3411 3315 οὐ
3444 3260 3680 3323 δύναται
3710 3259 3823 3321 οὐδὲ

2226 3366 2259 3436 ἡ
2295 3360 2471 3434 φθορά
2491 3361 2588 3430 τὴν
2611 3357 2922 3429 ἀφθαρσίαν
2946 3357 3293 3426 κληρονομεῖ.
3336 3372 3357 3405 ι
3389 3382 3460 3393 --
3483 3373 3501 3406 ι
3542 3352 3824 3427 Ἐτρέχετε

2228 3456 2452 3519 καλῶς⁸
2500 3453 2585 3517 τίς
2638 3452 2786 3523 ὑμᾶς
2822 3450 3098 3503 ὲδάσκανε
3142 3450 3208 3519 τῇ
3248 3446 3480 3519 ἀληθείᾳ
3529 3447 3604 3516 μὴ
3643 3445 3825 3504 πείθεο

2232 3546 2394 3612 σθαι;
2438 3562 2455 3595 ι
2494 3544 2610 3607 καὶ,
2666 3561 2685 3595 ι
2718 3540 2808 3613 Μὴ
2851 3538 3153 3604 πλανᾶσθε,
3196 3538 3326 3602 Θεὸς
3381 3538 3442 3591 οὐ
3494 3536 3827 3608 μυκτηρίζε-

2230 3657 2353 3694 ται·
2397 3657 2415 3691 ι
2462 3636 2579 3701 καὶ,
2613 3654 2631 3688 ι
2667 3636 2787 3701 Ὶδὲ,
2826 3633 2939 3697 ἐγὼ
2989 3633 3208 3698 Παῦλος
3252 3633 3398 3702 λέγω
3427 3633 3560 3703 ὑμῖν
3597 3633 3687 3686 ὅτι
3736 3630 3827 3684 ὲάν

2234 3728 2659 3801 περιτέμνησθε,
2693 3726 2930 3798 Χριστὸς
2957 3726 3104 3797 ὑμᾶς
3135 3726 3287 3779 οὐδὲν
3317 3724 3622 3796 ὠφελήσει’
3660 3741 3681 3776 ›
3716 3724 3825 3786 καὶ,

2250 3844 2267 3876 ι
2293 3822 2661 3895 Ἀίαρτὺρομαι
2687 3820 2854 3873 παντὶ
2881 3818 3155 3891 ἀνθρώπῳ
3180 3818 3661 3888 περιτεμνομένῳ,
3684 3815 3825 3884 ὀφει-

2232 3916 2392 3987 λέτης
2429 3915 2579 3969 ἐστὶν
2607 3914 2728 3966 ὅλον
2758 3913 2848 3965 τὸν
2878 3912 3043 3983 νόμον
3083 3911 3311 3982 ποιῆσαι
3333 3928 3347 3943 ο
3392 3929 3410 3962 ι
3445 3911 3559 3975 καὶ,
3602 3927 3619 3960 ι
3644 3907 3828 3978 Τολμᾷ

2232 4031 2317 4082 τις
2348 4012 2580 4083 πρᾶγμα
2611 4009 2751 4081 ἔχων
2776 4007 2914 4079 πρὸς
2941 4007 3033 4062 τὸν
3053 4006 3265 4077 ἕτερον,
3292 4004 3579 4077 κρίνεσθαι
3602 4002 3699 4057 ἐπὶ
3724 4001 3827 4054 τῶν

2232 4106 2459 4171 ἀδίκων,
2490 4105 2589 4159 κοιλ⁸
2619 4103 2745 4174 οὐχὶ
2774 4100 3001 4156 ἐπὶτῶν
3035 4099 3228 4170 ἁγίων.
3261 4119 3280 4153 ι
3319 4099 3430 4155 Καὶ
3462 4099 3579 4152 ἴσον
3610 4096 3734 4150 ἐστὶ
3764 4093 3825 4147 τά

2232 4194 2331 4252 τοῦ,
2366 4193 2632 4266 μεγέθους
2668 4190 2950 4261 συλλέγειν
2999 4191 3094 4244 καὶ
3140 4189 3237 4254 τὰς
3280 4189 3494 4249 ἐκείνου
3548 4185 3825 4249 συντάξεις

2234 4289 2315 4351 εἰς
2344 4286 2642 4357 ὁλόκληρον
2681 4282 3103 4352 ἀναγινώσκειν,
3136 4280 3311 4343 οὑτως
3344 4279 3477 4335 αὐτὸ
3516 4280 3579 4333 τὸ
3612 4278 3827 4349 ἀξίωμα

2232 4380 2301 4435 δι’
2325 4380 2462 4433 ὅλων
2496 4378 2763 4448 κέκραται
2798 4376 2905 4429 τῶν
2931 4374 3127 4443 λόγων.
3170 4374 3334 4429 Ἀλλὰ
3366 4374 3426 4427 τὸ
3456 4370 3587 4446 ἦθος
3611 4373 3824 4437 ὁποῖονς

2244 4492 2263 4529 ι
2305 4470 2538 4543 Χριστὸς
2568 4465 2734 4541 ἦλθεν
2770 4469 2849 4533 εἰς
2884 4468 2976 4522 τὸν
3037 4468 3244 4539 κόσμον
3302 4465 3666 4538 ἁμαρτωλοὺς
3724 4463 3826 4519 σῶ-

2242 4586 2355 4628 σαι,
2411 4561 2485 4618 ὅν
2546 4563 2765 4635 πρῶτός
2826 4564 2944 4633 εἰμι
2999 4561 3138 4631 ἐγώ·
3179 4581 3199 4616 ι
3266 4562 3382 4627 καὶ,
3452 4580 3471 4614 ι
3535 4560 3679 4629 Ἐγὼ
3725 4559 3827 4629 γάρ

2239 4663 2354 4730 εἰμι
2415 4660 2442 4711 δ
2495 4657 2781 4728 ἐλάχιστος
2849 4655 2959 4709 τῶν
3031 4654 3388 4720 ἀποστόλων,
3455 4654 3551 4707 καὶ
3610 4652 3671 4716 ὂς
3733 4651 3829 4707 οὐκ

2238 4748 2357 4817 εἰμὶ
2408 4747 2591 4810 ἱκανὸς
2636 4746 2920 4807 καλεῖσθαι
2972 4745 3290 4809 ἀπόστολος.
3331 4764 3349 4796 ι
3384 4774 3455 4785 -
3488 4762 3509 4803 ι
3555 4740 3828 4814 Ἐπιποθῶ

2241 4857 2300 4893 σε
2336 4839 2462 4891 ἰδεῖν
2497 4838 2850 4909 μεμνημένος
2907 4854 3001 4891 σου
3056 4836 3165 4891 τῶν
3209 4835 3487 4906 δακρύων,
3538 4834 3627 4893 ἵνα
3660 4832 3829 4906 χαρᾶς

2243 4930 2539 5003 πληρωθῶ,
2569 4932 2878 5002 ὑπόμνησιν
2936 4929 3231 5001 λαμϐάνων
3278 4929 3379 5000 τῆς
3419 4932 3478 4983 ὲν
3508 4930 3594 4982 σοὶ
3632 4929 3828 4983 ἀνυπο-

2244 5024 2431 5097 κρίτου
2464 5025 2725 5090 πίστεως,
2762 5024 2885 5095 ἥτις
2919 5023 3164 5096 ὲνῴκησε
3197 5024 3415 5094 πρῶτον
3452 5023 3511 5077 ὲν
3537 5024 3601 5094 τῇ
3631 5020 3825 5095 μάμμῃ

2249 5136 2343 5172 σου
2375 5117 2563 5183 Λωῖδι,
2585 5117 2679 5171 καὶ
2708 5120 2774 5190 τῇ
2810 5118 2978 5189 μητρί
3007 5135 3101 5171 σου
3137 5117 3363 5189 Εὐνίκῃ.
3400 5135 3417 5168 ι
3446 5146 3518 5155 -
3553 5134 3575 5175 ι
3606 5112 3827 5184 Ὄφελον

2245 5210 2341 5264 καὶ
2394 5209 2763 5280 ἀποκόψονται
2811 5211 2862 5263 oi
2923 5209 3356 5275 ἀναστατοῦντες
3411 5210 3597 5280 ὑμᾶς·
3638 5227 3655 5261 ι
3714 5208 3823 5271 καὶ,

2252 5320 2271 5355 ι
2307 5304 2492 5376 Χωρὶς
2528 5302 2689 5374 ἡμῶν
2722 5303 3131 5371 ἐϐασιλεύσατε,
3180 5303 3276 5357 καὶ
3313 5303 3504 5372 ὄφελόν
3549 5319 3613 5373 γε
3644 5299 3823 5353 ἐϐασι-

616 5430 728 5507 ξο-ιι
769 5430 913 5487 Tim.
933 5448 999 5507 _v_,
1025 5431 1145 5507 21._
1176 5432 1308 5507 _’°_ll
1338 5432 1465 5487 Cor.
1500 5449 1577 5507 ix,
1622 5433 1714 5489 26.
1742 5505 1765 5507 ῃ
1791 5437 1833 5467 ²¹
1872 5412 2108 5507 Philipp.

2273 5437 2431 5492 6-H.
2509 5439 2553 5471 ²²
2587 5439 2821 5507 Philipp.
2878 5454 2961 5505 ιιι,
3000 5439 3205 5505 20,21.
3284 5440 3329 5472 ’³
3364 5437 3403 5491 II
3447 5440 3594 5495 Pctr.
3630 5433 3820 5507 n,_l9-

544 5500 627 5557 "1
658 5504 788 5558 Cor.
812 5520 897 5566 xv,
932 5504 1021 5557 '53.
1101 5505 1146 5536 ³⁸
1176 5503 1195 5556 1
1224 5503 1353 5559 Cor.
1383 5520 1471 5569 xv,
1496 5505 1586 5560 50.
1663 5508 1707 5538 ’°
1730 5505 1908 5561 Galat.
1950 5500 2032 5566 ιιι,
2056 5500 2115 5559 ³1.

2225 5508 2435 5562 ’Galat.
2470 5526 2543 5573 vI,
2569 5511 2622 5564 7.
2698 5500 2745 5541 ³⁵
2772 5500 2958 5573 ὈτιΙιιι,
2988 5500 3114 5573 m9...
3190 5512 3232 5543 ³³
3272 5507 3403 5565 Ibid.
3439 5509 3494 5567 5.
3570 5508 3617 5543 ⁸⁸
3653 5503 3821 5562 lCor.

547 5586 620 5639 Vl,
659 5575 707 5629 l.
784 5576 825 5607 ⁸³
861 5574 1051 5629 ιΤίιιι.
1078 5574 1229 5643 ι,15.

1328 5576 1409 5631 ³¹Ι
1439 5576 1569 5632 Cor.
1606 5593 1693 5648 xv,
1727 5578 1781 5633 9.
1860 5577 1905 5609 ³³
1932 5576 1977 5630 ιι
2006 5574 2120 5631 Tim

2254 5579 2307 5632 4.
2386 5580 2430 5609 ³⁵
2454 5580 2634 5637 Galat.
2666 5597 2719 5647 ν,
2756 5580 2843 5637 Β.
2925 5582 2967 5615 ³⁵
2993 5582 3014 5636 ι
3040 5582 3167 5639 Cor.
3205 5597 3279 5650 tv,
3312 5582 3367 5638 8.

1860 5700 2093 5791 νζιιιιιλε
2146 5730 2554 5791 LECTIONES.

660 5855 681 5893 ε
709 5853 768 5909 C.
800 5852 869 5911 Μ.
910 5856 968 5908 ὲν
1016 5854 1091 5925 τῷ
1146 5857 1371 5927 κρίνειν.
