4158 6444
358 5509 373 5558 .l

398 394 505 459 589

1370 399 1472 460 AD
1502 399 2104 469 AMPHILOCHIUM
2143 404 2498 478 QUIESTIO'
2519 407 2709 468 XCH.

3565 409 3674 478 590

397 505 627 563 λεύσατε
645 521 659 538 ·
691 525 710 561 ι
752 507 850 563 καὶ
876 507 1046 583 μυρία
1077 509 1234 567 ἄλλα.
1267 505 1396 582 ’Ἆρ’
1420 507 1523 568 οὖν
1543 514 1685 568 ἐνδεῖ
1711 532 1858 580 τινος
1880 515 1988 570 τῶν

2095 523 2266 571 totam
2307 532 2464 573 suam
2491 519 2661 574 vitam
2708 519 2762 574 in
2801 519 2923 577 istis
2958 521 3390 594 impenderunt:
3423 523 3541 596 qui,
3580 542 3683 584 nec

399 604 532 676 περὶ
555 601 734 657 ταῦτα
764 602 856 657 τὸν
881 603 994 675 βίον
1020 604 1141 662 ὅλον
1171 607 1647 678 κατατριψάντων,
1674 609 1702 662 6
1732 609 1868 680 μηδὲ
1893 609 1994 676 μέ-

400 711 494 768 χρι
543 681 654 749 τῶν
710 695 1013 766 ὀνομάτων,
1066 692 1240 768 οἶμαι,
1301 701 1401 770 τῆς
1444 700 1763 769 ἐπιμελείας
1810 701 1992 756 αὐτῶν

399 788 799 858 ἀνασχόμενος.
855 787 973 844 ἀλλ’
1022 789 1372 861 αὐτοσχέδιον
1421 790 1561 861 ἔχων
1602 793 1702 865 τὴν
1742 793 1992 862 γλῶτταν

403 879 646 950 ῥήτορας
683 877 826 932 Ἀλλ’
856 879 965 949 ἄρα
993 880 1054 932 τὸ
1085 881 1184 951 μὲν
1213 877 1344 952 ἦθος
1404 882 1554 952 αὑτῷ
1584 885 1680 938 καὶ
1721 883 1784 938 τὸ
1823 886 1993 955 σαφὲς

401 970 490 1024 διὰ
525 969 618 1024 τοῦ
647 970 912 1039 μεγέθους
937 969 1083 1026 οὕτω
1117 973 1408 1044 διαπρέπει
1443 974 1862 1048 κεραννύμενον,
1893 977 1992 1032 τοῦ

401 1061 598 1130 τάχους
631 1060 676 1114 δ’
707 1061 863 1115 ἐνδεῖ.
899 1064 1011 1116 Καὶ
1040 1063 1126 1127 τίς
1162 1063 1306 1119 οὑτω
1338 1066 1548 1135 πέφυκε
1572 1067 1866 1140 συγκράτῳ
1895 1087 1991 1123 κε-

401 1152 638 1221 χρῆσθαι
665 1152 962 1225 γοργότητι
986 1171 1000 1219 ;
1037 1174 1055 1206 ι
1086 1156 1216 1220 Θεὸς
1245 1157 1273 1210 6
1301 1158 1548 1222 δικαιῶν,
1566 1159 1650 1224 τίς
1677 1161 1706 1214 ό
1731 1163 1994 1233 κατακρί-

400 1260 546 1307 νων;
580 1243 818 1313 Χριστὸς
847 1246 876 1297 6
898 1246 1212 1312 ἀποθανὼν,
1246 1249 1445 1318 μᾶλλον
1468 1249 1525 1303 δὲ
1553 1250 1647 1304 καὶ
1678 1251 1982 1322 ἐγερθείς.»

397 1355 510 1388 --‹
543 1337 727 1392 Πάντα
774 1356 866 1408 μοι
910 1339 1143 1406 ἔξεστιν,
1187 1341 1303 1395 ἀλλ’
1346 1343 1405 1395 οὐ
1449 1343 1630 1398 πάντα
1680 1345 1989 1414 συμφέρειο

400 1430 582 1484 πάντα
625 1448 717 1500 μοι
768 1431 1000 1497 ἔξεστιν,
1053 1433 1166 1486 ἀλλ’
1207 1434 1266 1487 οὐ
1318 1435 1499 1489 πάντα
1540 1436 1830 1508 οἰκοδομεῖ.
1871 1458 1890 1490 ι
1924 1470 1996 1482 -

407 1541 430 1576 ι
465 1524 530 1576 Τί
569 1519 662 1578 οὖν
688 1524 750 1578 τὸ
784 1527 1044 1598 περισσὸν
1076 1527 1170 1581 τοῦ
1209 1526 1486 1593 Ἰουδαίου,
1514 1529 1548 1599 ἢ
1577 1529 1662 1594 τίς
1696 1532 1729 1601 ή
1757 1531 1994 1601 ὠφέλεια

402 1617 505 1686 τῆς
550 1618 896 1689 περιτομῆςς
949 1620 1085 1673 πολὺ
1117 1621 1261 1676 κατά
1294 1622 1472 1677 πάντα
1514 1623 1736 1693 τρόπον.
1769 1623 1995 1695 Πρῶτον

405 1710 509 1780 μὲν
531 1710 639 1780 γὰρ
665 1711 747 1764 δτι
776 1711 1179 1784 ἐπιστεύθησαν
1209 1714 1277 1769 τὰ
1309 1713 1465 1783 λόγια
1483 1714 1576 1768 τοῦ
1602 1715 1755 1770 Θεοῦ.
1792 1715 1858 1768 Τί
1886 1716 1994 1786 γὰρ

402 1803 454 1855 εί
483 1802 830 1873 ἡπίστησαν;
878 1805 952 1876 μὴ
998 1807 1032 1875 ὴ
1061 1806 1289 1860 ἀπιστία
1320 1806 1502 1861 αὐτῶν
1529 1807 1629 1878 τὴν
1668 1808 1854 1862 πίστιν
1893 1809 1992 1864 τοῦ

399 1891 542 1945 Θεοῦ
571 1895 946 1966 καταργήσει;
977 1895 1070 1969 Μὴ
1109 1899 1340 1966 γένοιτο.
1381 1917 1401 1952 ›
1449 1900 1582 1966 Καὶ,
1628 1899 1698 1953 Τί
1725 1894 1822 1955 οὖν
1852 1918 1989 1973 προ-

401 1984 642 2056 εχόμεθα
667 2003 684 2053 ;
706 1987 767 2040 οὐ
795 1987 1013 2054 πάντως
1024 1990 1120 2042 καὶ
1144 1989 1309 2044 πάλιν
1329 2006 1342 2020 °
1365 2008 1384 2042 ι
1405 1990 1825 2064 Λοιδορούμενοι
1847 1992 1996 2046 εὐλο-

399 2075 646 2146 γοῦμεν·
708 2077 1030 2150 διωκόμενοι
1090 2080 1434 2152 ἀνεχόμεθαο
1507 2082 1991 2156 βλασφημούμενοι

402 2169 854 2242 παρακαλοῦμεν.
887 2172 952 2226 Τί
983 2173 1009 2212 h
1035 2171 1101 2227 ἄν
1130 2191 1216 2238 τις
1246 2173 1457 2246 πελάγη
1485 2174 1762 2246 θαλάσσης
1796 2175 1995 2230 σταλα-

402 2263 568 2332 γμοῖς
613 2266 830 2334 μετρεῖν
866 2263 1212 2336 ἐπιχειροίης
1249 2267 1364 2320 ι’σον
1397 2267 1506 2338 γάρ
1536 2268 1722 2322 ἐκεῖνά
1753 2286 1814 2322 τε
1866 2286 1994 2324 στα-

405 2353 633 2426 λαγμῶν
674 2355 955 2426 λογισμοῖς
1007 2357 1354 2425 ὑποϐάλλειν,
1396 2360 1490 2413 καὶ
1524 2359 1623 2432 τὴν
1651 2361 1866 2416 Παύλου
1905 2380 1993 2416 σο-

403 2447 536 2514 φίαν
585 2447 878 2516 πειρᾶσθαι
925 2447 1070 2519 λόγῳ
1117 2448 1407 2516 διεξελθεῖν
1429 2467 1444 2481 ο
1475 2451 1595 2506 οὐδὲ
1629 2454 1739 2523 γὰρ
1778 2453 1903 2508 οὐδέ
1932 2453 1994 2508 τδ

400 2538 766 2605 καλλωπίζον,
805 2540 1050 2610 καίτοιγε
1082 2541 1352 2612 περιορῶν
1387 2543 1518 2597 αὐτὸ
1549 2546 1629 2608 είς
1661 2545 1815 2611 τέλος
1851 2564 1989 2618 παρα

398 2629 660 2701 έδραμεν,
713 2623 850 2684 ἀλλά
898 2631 996 2700 τῆς
1037 2631 1336 2700 ἐπιϐουλῆς
1379 2633 1479 2702 μὲν
1513 2631 1828 2703 γυμνώσας,
1861 2635 1920 2688 ἐν

397 2723 467 2774 ἄν
494 2739 579 2786 τις
618 2723 712 2776 καὶ
741 2722 1172 2788 ἐκαλλωπίσατο,
1200 2722 1278 2794 τῷ
1311 2725 1538 2796 ἐμφύτῳ
1565 2726 1623 2779 δέ
1653 2726 1989 2796 περιϐαλὼν,

397 2812 537 2882 ὅπερ
583 2813 649 2867 ἄν
677 2829 763 2877 τις
815 2812 969 2884 μόλις
1013 2812 1306 2878 ἐλπίσειεν,
1354 2812 1500 2868 οὑτω
1562 2815 1658 2868 καὶ
1715 2816 1993 2888 θαυμάσαι

401 2903 768 2973 προήνεγκεν,
803 2903 880 2966 ὠς
913 2903 1048 2957 αὐτὸ
1077 2904 1238 2957 τοῦτο
1280 2905 1482 2958 κανόνα
1516 2905 1610 2959 καὶ
1643 2906 1814 2960 τύπον
1862 2908 1995 2963 κάλ-

399 2994 528 3058 λους
555 2993 812 3065 ἀληθινοῦ
845 2997 960 3058 τοῖς
993 2995 1258 3066 συνορῶσι
1299 2998 1642 3067 προκεῖσθαι,
1677 2998 1859 3070 πολλῷ
1898 2998 1990 3054 τοῦ

405 3087 800 3157 σεσοφισμένου
860 3086 957 3140 καὶ
1000 3087 1120 3140 κατ’
1152 3087 1503 3159 ἐπιτήδευσιν
1548 3090 1630 3152 είς
1679 3089 1996 3162 ὡραιότητα

2094 605 2379 660 nominum
2413 618 2594 673 tenus,
2626 610 2770 678 quod
2796 626 2896 682 ego
2926 627 3072 680 reor,
3107 614 3316 685 aliquid
3351 613 3404 668 in
3435 614 3502 670 iis
3533 631 3681 671 curm

2094 698 2299 765 posuit,
2335 701 2429 755 sed
2462 717 2586 756 cum
2627 703 2922 758 volubilem
2969 721 3000 761 e
3049 722 3108 762 re
3140 715 3269 764 nata
3296 709 3543 780 linguam
3581 711 3680 765 ha-

2092 791 2268 858 beret,
2327 793 2679 861 rhetoricam,
2723 797 2984 864 ethicam,
3039 807 3095 854 et
3148 803 3496 872 perspicuam
3550 819 3677 875 spe-

2094 883 2232 938 ciem
2264 885 2337 939 ita
2362 900 2489 940 cum
2525 888 3005 958 grandiloquentia
3036 895 3280 949 exercuit
3303 895 3678 964 coniunctam.

2093 975 2164 1028 At
2211 976 2496 1032 celeritate
2526 980 2879 1048 destituitur;
2929 982 3040 1037 imo
3069 985 3194 1054 quis
3245 1001 3368 1040 cum
3398 988 3493 1042 illo
3529 1004 3682 1044 com-

2093 1067 2370 1134 paramlus
2401 1066 2455 1120 in
2494 1069 2772 1123 miscenda
2813 1071 3162 1139 granditate:
3201 1089 3220 1124 ‹
3255 1071 3402 1129 Deus
3446 1083 3533 1130 est
3571 1075 3668 1146 qui

2089 1157 2379 1227 justiﬁcat,
2439 1161 2566 1230 quis
2612 1161 2701 1216 ille
2731 1163 2826 1232 qui
2878 1163 3250 1220 condemnat?
3283 1167 3537 1223 Christus
3582 1169 3678 1239 qui

2096 1260 2346 1306 mortuus
2372 1261 2475 1316 est,
2510 1254 2692 1320 potius
2726 1255 3076 1323 quisurrexit
3099 1256 3508 1313 “.i—«0nniia
3537 1259 3672 1312 mihi

2095 1341 2278 1407 licent,
2306 1344 2399 1398 sed
2428 1359 2533 1398 non
2557 1345 2868 1400 cenducunt
2896 1348 3100 1402 omnia.
3121 1346 3316 1403 Omnia
3339 1349 3471 1403 mihi
3493 1350 3680 1413 licent,

2096 1438 2150 1484 at
2178 1447 2285 1484 non
2330 1433 2516 1486 omnia
2555 1434 3198 1502 aediﬁcant".i—rQua:
3226 1448 3310 1492 est
3342 1452 3473 1506 ergo
3505 1437 3680 1494 Judaei

2095 1523 2494 1591 superioritas?
2555 1535 2646 1579 aut
2705 1542 2827 1596 quae
2893 1529 3102 1584 utilitas
3177 1529 3674 1588 circumcisionis?

2097 1613 2287 1676 Multa,
2341 1631 2436 1685 per
2472 1633 2693 1672 onmem
2737 1618 2982 1675 modum.
3013 1621 3070 1674 In
3105 1620 3323 1689 primis,
3356 1623 3503 1692 quod
3546 1637 3684 1677 con-

2095 1708 2463 1763 crcdebantur
2504 1710 2641 1780 ipsis
2682 1712 2907 1765 oracula
2949 1711 3066 1768 Dei.
3100 1712 3238 1780 Quid
3287 1723 3466 1768 autem
3502 1713 3546 1768 si
3595 1714 3684 1768 ina

2096 1800 2307 1854 creduli
2343 1799 2567 1866 fuerint,
2596 1818 2728 1857 num
2759 1818 2952 1858 eorum
2981 1804 3338 1860 incredulitas
3374 1805 3468 1860 Dei
3504 1805 3683 1860 ﬁdeli-

2093 1896 2258 1943 tatem
2315 1890 2643 1945 evacuabit?
2676 1892 2832 1946 Absit
2862 1894 2959 1947 ³⁸.»
2999 1926 3072 1935 —
3097 1914 3114 1947 ι
3151 1895 3451 1952 Conviciati
3491 1905 3678 1953 autem

2093 1980 2506 2047 benedieimus;
2547 1985 2842 2052 persecuti,
2877 1987 3252 2052 sustinemus;
3287 1988 3677 2058 blasphemati,

2093 2073 2462 2130 admonemus
2490 2075 2553 2131 ³9.
2589 2096 2608 2128 ι
2650 2077 2786 2142 Quid
2819 2087 3000 2133 autem
3047 2095 3198 2135 mare
3226 2096 3479 2152 magnum
3510 2081 3680 2149 guttis

2095 2165 2279 2219 metiri
2335 2167 2470 2221 velit
2517 2169 2683 2237 quis:
2717 2169 2860 2224 idem
2911 2180 2997 2226 est
3048 2173 3195 2227 enim
3250 2189 3402 2227 mare
3450 2172 3680 2241 guttulis

2095 2255 2408 2322 subjicere,
2463 2267 2520 2312 et
2566 2259 2703 2313 velle
2756 2260 2934 2316 verbis
2989 2262 3298 2330 exprimere
3351 2261 3678 2331 sapientiam

2094 2347 2274 2413 Pauli,
2315 2351 2405 2419 qui
2449 2367 2567 2415 nec,
2608 2362 2858 2406 ornatum
2893 2354 3018 2408 licet
3053 2354 3270 2424 penitus
3317 2370 3425 2408 non
3457 2354 3684 2408 haberet

2097 2441 2341 2511 insuper,
2375 2443 2428 2496 in
2458 2451 2630 2498 totum
2661 2459 2769 2498 non
2810 2445 3016 2514 omisit,
3052 2447 3149 2502 sed
3176 2446 3319 2502 fucis
3349 2447 3677 2507 delibutum,

2097 2534 2150 2588 in
2185 2535 2385 2604 quibus
2427 2551 2534 2589 non
2568 2551 2730 2590 nemo
2757 2537 3101 2608 gloriabitur,
3147 2539 3386 2594 naturali
3419 2554 3550 2594 vero
3574 2539 3674 2593 de-

2095 2641 2225 2682 core
2275 2628 2572 2692 imhutum,
2627 2629 2775 2698 quod
2827 2630 2917 2684 vix
2965 2628 3240 2698 quispiam
3289 2639 3554 2699 speraret,
3601 2629 3676 2683 ita

2093 2721 2347 2790 provexit
2375 2722 2427 2774 in
2474 2721 2924 2783 admirationem,
2965 2731 3026 2776 ut
3066 2737 3331 2777 canonem
3360 2734 3415 2778 ct
3446 2724 3680 2779 formam

2095 2829 2240 2868 vera:
2288 2814 2722 2883 pu!;'ht'ilttdillis
2783 2815 3128 2870 intuentibus
3181 2816 3460 2880 exhibeat,
3524 2816 3686 2885 longe

2095 2914 2371 2962 semotum
2411 2921 2442 2960 a
2492 2907 2794 2976 sophistica
2845 2916 2901 2961 et
2928 2907 3177 2963 studiose
3203 2909 3433 2979 quaesita
3475 2908 3685 2963 ﬂoridi-

2097 3009 2225 3054 tate.
2272 2999 2376 3054 Sed
2425 2999 2562 3053 nihil
2615 3001 2717 3053 hoc
2765 3007 2874 3052 tam
2929 3000 3128 3068 prohat
3167 3016 3334 3065 quam
3383 3000 3685 3071 ipsummet

2094 3092 2284 3148 audire
2315 3112 2329 3146 :
2371 3112 2388 3143 ι
2420 3092 2710 3158 Quomodo
2748 3093 3097 3159 invocahunt,
3134 3094 3186 3146 in
3216 3109 3379 3163 quem
3416 3109 3523 3148 non
3561 3108 3684 3149 ere-

402 3179 772 3251 διαφέροντος.
815 3179 960 3234 Ἀλλ’
991 3180 1143 3234 οὐδέν
1184 3182 1332 3235 ἐστιν
1381 3175 1495 3235 οἷον
1539 3181 1704 3235 αὑτοῦ
1744 3181 1988 3237 ἀκούειν.

2096 3185 2394 3240 diderunt?
2422 3184 2698 3254 quomodo
2741 3187 2966 3241 credent
3011 3187 3067 3240 in
3116 3201 3266 3249 eum,
3298 3187 3366 3241 de
3416 3200 3526 3256 quo
3572 3200 3683 3240 non

409 3289 432 3322 ε
462 3272 586 3335 Πῶς
611 3271 701 3326 οὖν
728 3272 1144 3326 ἐπικαλέσονται
1169 3275 1250 3336 είς
1272 3272 1330 3325 ὃν
1358 3272 1460 3326 οὐκ
1485 3273 1844 3340 ἐπίστευσαν;
1875 3275 1992 3339 πῶς

399 3363 462 3416 δὲ
491 3364 892 3430 πιστεύσουσιν,
922 3360 982 3421 οὑ
1007 3365 1108 3418 οὐκ
1136 3366 1408 3437 ἧκουσαν;
1445 3366 1561 3429 πῶς
1583 3366 1641 3419 δὲ
1671 3366 1996 3421 ἀκούσουσιν

399 3455 573 3526 χωρὶς
604 3454 1007 3527 κηρύσσοντος;
1033 3457 1148 3522 πῶς
1171 3457 1228 3510 δὲ
1252 3457 1606 3529 κηρύξουσιν,
1635 3458 1731 3512 ἐὰν
1759 3458 1834 3531 μὴ
1863 3462 1997 3514 dmo-

402 3550 708 3604 σταλῶσιν·
761 3552 944 3616 καθὼς
992 3552 1326 3623 γέγραπται,
1376 3553 1464 3616 Ὠς
1507 3550 1700 3624 ὡραῖοι
1747 3554 1797 3607 οί
1837 3554 1996 3618 πόδες

398 3643 513 3696 τῶν
538 3643 1044 3714 εὐαγγελιζομένων
1073 3645 1322 3715 εἰρήνην,
1350 3643 1458 3697 τῶν
1489 3643 1996 3716 εὐαγγελιζομένων

399 3734 475 3787 τὰ
505 3735 722 3803 divendi;
765 3754 783 3786 ι
818 3735 1002 3801 πάλιν,
1053 3755 1071 3788 ι
1109 3736 1175 3789 Εἴ
1214 3753 1301 3799 τις
1347 3735 1438 3790 οὑν
1465 3737 1525 3789 ἐν
1555 3735 1816 3808 Χριστῷ,
1858 3735 1994 3789 εἴτι

404 3823 752 3895 παραμύθιον
781 3824 1002 3895 ἀγάπης
1019 3865 1035 3891 ,
1065 3826 1118 3878 εί
1131 3843 1252 3879 τινα
1265 3826 1552 3896 σπλάγχνα
1574 3827 1668 3880 καὶ
1690 3827 1991 3898 οἰκτιρμοί,

403 3915 736 3986 πληρώσατὲ
770 3933 873 3986 μου
905 3915 1005 3987 τὴν
1031 3915 1236 3988 χαράν’
1273 3934 1293 3968 ι
1330 3915 1471 3983 εἶτα,
1501 3936 1519 3969 ι
1558 3917 1622 3971 Ἢ
1658 3916 1838 3988 θλίψις
1864 3919 1998 3975 ὐπο-

405 4007 577 4080 μονὴν
607 4010 1003 4078 κατεργάζεται
1021 4023 1035 4038 ⁸
1069 4010 1101 4080 ὴ
1126 4010 1183 4063 δέ
1205 4009 1454 4082 ὑπομονὴ
1479 4009 1709 4082 δοκιμήν
1732 4027 1747 4041 ·
1778 4010 1812 4082 ή
1833 4009 1890 4063 δὲ
1911 4010 1996 4068 8.0-

403 4103 545 4172 κιμή
573 4101 763 4159 ἐλπίδα
782 4117 795 4132 ·
826 4103 858 4170 ή
884 4101 942 4160 δέ
977 4101 1131 4165 ἐλπὶς
1160 4103 1220 4156 οὐ
1249 4102 1624 4175 καταισχύνει.
1669 4122 1690 4155 ι
1735 4101 1928 4166 Οὕτως
1965 4102 1996 4156 6

401 4193 514 4248 τῶν
553 4193 883 4248 Ἐπιστολῶν
911 4192 1007 4247 τοῦ
1037 4195 1279 4266 μεγάλου
1313 4195 1526 4249 Παύλου
1554 4198 1845 4268 χαρακτὴρ
1868 4197 1998 4268 ἀρε-

400 4285 506 4356 τῆς
537 4287 757 4355 ἀπάσης
790 4287 890 4356 τῆς
923 4290 982 4341 ἐν
1010 4285 1154 4357 λόγῳ
1183 4286 1284 4351 τὰς
1317 4286 1467 4351 ἰδέας
1514 4286 1993 4359 ἐμμορφούμενος,

401 4378 641 4441 καὶτοῖς
687 4377 1045 4448 καταλλήλοις
1087 4378 1184 4431 καὶ
1233 4377 1456 4441 οἰκείοις
1499 4377 1994 4448 ἐμποικιλλόμενος

403 4471 708 4540 σχήμασιν,
738 4469 1047 4541 ἀρχετύπου
1086 4471 1182 4524 καὶ
1226 4469 1676 4541 παραδείγματος
1714 4469 1872 4538 λόγον
1899 4471 1995 4523 ἐπ-

2096 3277 2427 3332 audierunt?
2458 3277 2736 3347 quomodo
2780 3277 3008 3332 audient
3056 3278 3176 3333 sine
3225 3278 3686 3347 przerone?quo-

2096 3370 2262 3425 modo
2307 3369 2706 3440 prtedicahunt,
2763 3354 2876 3425 nisi
2924 3369 3255 3424 mittantur?
3309 3378 3370 3424 ut
3416 3369 3694 3439 scriptum

2097 3467 2202 3526 est,
2245 3458 2422 3526 Quam
2457 3457 2670 3528 pulchri
2704 3450 2866 3527 pedes
2915 3458 3412 3529 evangelizantium
3451 3473 3680 3527 pacem,

2097 3550 2592 3620 evangelizantium
2654 3550 2858 3604 bonum
2883 3551 2927 3582 ιο
2957 3552 2970 3604 ι
3005 3570 3023 3603 ι
3078 3551 3330 3606 Iterum:
3391 3569 3410 3602 ι
3442 3549 3501 3604 Si
3552 3565 3676 3621 qua:

2097 3659 2228 3714 ergo
2256 3643 2309 3697 in
2337 3642 2557 3697 Christo
2587 3641 2898 3696 consolatio
2933 3659 2945 3695 :
2977 3641 3020 3695 si
3065 3643 3276 3697 amoris
3309 3641 3554 3696 solamen
3589 3659 3602 3694 :
3635 3641 3684 3695 si

2096 3737 2312 3790 viscera
2365 3741 2419 3787 et
2475 3733 2887 3800 miserationes,
2945 3733 3238 3802 adimplete
3303 3748 3486 3787 meum
3547 3749 3685 3803 gau-

2097 3828 2248 3883 dimn
2275 3827 2340 3882 “.
2378 3846 2395 3877 ι
2428 3824 2492 3880 Et
2527 3845 2538 3879 :
2581 3846 2600 3876 ι
2630 3826 2866 3880 Aﬁlictio
2907 3826 3226 3893 patientiam
3262 3834 3542 3896 cperatur,
3589 3841 3688 3895 pa-

2096 3919 2290 3975 tientia
2335 3918 2740 3989 probationem,
2788 3918 3041 3987 probatio
3090 3934 3242 3988 spem
3277 3937 3293 3974 :
3325 3934 3450 3986 spes
3499 3927 3686 3973 autem

2098 4029 2209 4066 non
2233 4011 2508 4082 pudefaeit
2528 4011 2594 4066 ¹¹².
2631 4030 2649 4062 ι
2683 4012 2862 4078 Atque
2892 4010 2966 4065 ita
2992 4010 3281 4065 character
3311 4010 3682 4080 Epistolarum

2100 4103 2257 4161 Pauli
2313 4103 2464 4156 illius
2525 4103 2710 4173 magni
2775 4101 3097 4155 omnimoda
3159 4101 3417 4155 dictionis
3483 4103 3686 4156 virtute

2098 4197 2473 4259 conﬁrmatus,
2505 4193 2771 4266 congruis
2805 4203 2971 4262 atque
3005 4193 3244 4263 propriis
3285 4193 3476 4263 ﬁguris
3507 4193 3687 4248 varic-

2098 4297 2279 4358 gatus,
2336 4286 2615 4360 archetypi
2663 4295 2719 4340 et
2769 4285 3104 4354 exemplaris
3159 4285 3428 4339 rationem
3473 4285 3684 4348 subire,

2099 4391 2263 4448 atque
2310 4377 2622 4432 imitatione
2673 4375 2907 4446 exprimi
2955 4376 3154 4446 dignus
3199 4382 3312 4441 est,
3346 4390 3456 4429 non
3500 4383 3683 4431 autem

2099 4470 2251 4541 reﬁgi
2295 4478 2390 4524 aut
2429 4468 2662 4524 rescribi
2696 4467 2762 4521 ad
2810 4465 3045 4521 aliorum
3088 4467 3448 4522 imitationem
3494 4483 3522 4520 a
3556 4483 3688 4538 pru-

403 4539 554 4633 ἐχειν
579 4564 675 4617 καὶ
704 4539 997 4632 ζηλούσθαι
1033 4561 1205 4630 ἄξιος,
1237 4539 1376 4616 ἀλλά
1410 4561 1485 4634 μὴ
1507 4539 1644 4633 πρὸς
1669 4561 1875 4634 ἐτέρων
1902 4562 1990 4632 μί-

2099 4539 2355 4618 dentihus
2387 4562 2569 4617 debet.
2602 4559 2794 4628 Neque
2827 4559 2973 4614 enim
3009 4559 3116 4614 erit
3155 4560 3206 4613 in
3244 4567 3496 4630 promptu
3536 4561 3687 4613 inve-

405 4671 579 4724 μησιν
640 4656 1064 4727 ἀναγεγράφθαι
1126 4657 1245 4719 τοῖς
1308 4673 1372 4724 γε
1437 4655 1810 4726 σωφρονοῦσίν
1875 4657 1995 4709 ἐστι

399 4747 633 4812 δίκαιος.
663 4749 794 4802 Οὑδέ
819 4749 928 4820 γὰρ
966 4750 1087 4803 οὐδὲ
1115 4749 1298 4821 ῥᾴδιον
1332 4749 1542 4819 εὑρεῖν,
1565 4747 1624 4802 ὃν
1648 4748 1995 4802 είκονίσειεν⁹

400 4841 530 4894 ἐπεὶ
567 4841 701 4911 μηδέ
755 4841 989 4912 μελέτης
1027 4842 1262 4912 καρπὸς,
1311 4841 1426 4896 ἀλλ’
1463 4843 1710 4904 ἐπινοίας
1751 4844 1766 4884 ί
1821 4843 1996 4915 ὑπερ-

400 4932 576 5002 φυούς
617 4933 686 4986 τὰ
716 4932 931 4986 Παύλου
965 4934 1184 5004 ῥήματα
1237 4937 1265 4988 ό
1310 4935 1414 5006 τῆς
1449 4936 1643 5004 σοφίας
1686 4934 1999 5006 πλοῦτος,ή

397 5027 502 5094 τῆς
532 5025 790 5094 ἀληθείας
818 5026 1036 5098 καθαρὰ
1071 5029 1164 5082 καὶ
1190 5027 1418 5098 διαυγὴς
1467 5029 1560 5082 καὶ
1590 5027 1787 5100 ἡδονῆς
1819 5045 1994 5099 σωτη-

402 5115 524 5187 ρίου
583 5113 825 5185 βρύουσα
877 5117 1068 5187 πηγή·
1115 5119 1276 5172 τοῦτο
1329 5119 1429 5189 τῆς
1475 5117 1685 5173 ἀνωθεν
1751 5119 1990 5190 φοϐερᾶς

399 5206 717 5276 ἀστραπῆς,
748 5206 976 5277 βραχεῖά
1009 5227 1092 5274 τις
1120 5209 1443 5282 λαμπηδὼν,
1477 5210 1588 5264 τῶν
1617 5211 1990 5265 ὰποστολικῶν

400 5296 630 5369 χειλέων
656 5295 1048 5353 ἀποπὰλλουσα
1068 5316 1082 5330 ·
1108 5300 1266 5355 τοῦτο
1285 5303 1386 5372 τῆς
1407 5303 1465 5356 ἐν
1485 5302 1740 5374 ἀσθενείᾳ
1759 5303 1993 5358 τελειουο

401 5389 577 5464 μένης
617 5388 771 5453 θείας
812 5390 1096 5464 δυνάμεως
1128 5395 1374 5468 ἀπορῤοή
1404 5412 1489 5458 τις
1513 5394 1733 5468 μετρία,
1783 5396 1989 5468 κόσμον

2095 4657 2217 4708 nire
2266 4655 2333 4708 ad
2380 4669 2543 4723 quem
2601 4653 2771 4706 alium
2819 4651 2894 4707 sit
2939 4650 3285 4719 eﬁigiandus.
3339 4651 3482 4704 Sunt
3537 4650 3682 4704 enim

2097 4745 2253 4799 Pauli
2287 4743 2476 4808 verba,
2514 4757 2620 4796 non
2653 4741 3030 4795 meditationis
3061 4740 3302 4805 fructus,
3324 4740 3416 4794 sed
3452 4740 3686 4809 inspira-

2099 4839 2298 4902 tiones,
2344 4843 2397 4890 et
2442 4833 2862 4888 excellentiores
2909 4833 3319 4903 cogitationes:
3347 4831 3554 4886 divitiae
3599 4832 3726 4886 sa--‘

2101 4929 2359 5000 pienti:e,
2431 4926 2557 4982 fons
2622 4925 2885 4984 virtutem
2952 4923 3288 4982 salutiferam
3369 4923 3686 4989 ebulliens,

2101 5022 2283 5076 brevis
2340 5022 2590 5091 quantam
2658 5021 3014 5085 coruscatio,
3070 5034 3101 5073 e
3156 5018 3316 5073 labiis
3367 5017 3686 5089 apostolicis

2099 5115 2385 5180 exsiliens,
2423 5115 2686 5170 terribilis
2734 5129 2765 5169 e
2812 5112 2952 5171 caalo
2995 5110 3405 5180 fulgurationis,
3453 5110 3686 5165 eliluxus

2098 5208 2320 5278 quidam
2353 5215 2834 5264 commensuratus
2863 5205 3062 5261 divinae
3101 5205 3246 5259 illius
3282 5203 3536 5273 potentiae
3575 5219 3677 5273 per

2099 5299 2472 5356 inﬁrmitatem
2508 5299 2770 5372 perfectae
2796 5314 2904 5370 qua
2939 5308 3088 5354 totus
3115 5295 3356 5352 mundus
3396 5296 3683 5366 irrigatur.

2097 5390 2284 5448 Gratia
2316 5404 2402 5450 est
2434 5393 2550 5451 haec
2580 5407 2818 5466 operans
2844 5392 2902 5448 in
2934 5390 3188 5448 testaceis
3217 5389 3386 5457 vasis,
3418 5405 3690 5446 veneran-

473 5567 707 5641 ‘i‘eliom.
737 5572 973 5635 “11,53,
1011 5571 1120 5627 ει..
1179 5571 1222 5605 ετ
1249 5571 1268 5626 ι
1297 5571 1424 5628 Cor.
1459 5589 1515 5633 ιι.
1546 5571 1639 5641 22,
1665 5573 1759 5630 es.
1835 5573 1882 5606 ιε
1909 5572 1990 5626 Ro

2103 5587 2188 5639 ιιι,
2230 5573 2343 5629 ινδ.
2418 5574 2463 5606 ³⁸
2495 5571 2666 5630 lCor.
2693 5587 2776 5641 tv,
2809 5570 2897 5640 1⁸2,
2932 5572 3020 5629 15.
3096 5571 3141 5604 ’⁵⁸
3196 5568 3360 5626 Rom.
3387 5587 3444 5638 ι,
3481 5569 3563 5638 Η,
3597 5567 3675 5624 15.

397 5636 452 5673 ⁸⁸
479 5637 722 5712 Philipp.
755 5657 817 5708 ιι,
851 5644 903 5710 1,
930 5643 988 5697 2.
1060 5641 1105 5674 ⁵⁸
1129 5642 1290 5696 Rom.
1324 5658 1376 5710 v,
1415 5643 1534 5700 5-5.

1695 5758 1930 5818 VARI/F
1960 5724 2383 5822 moriones.

516 5852 630 5910 δα.
662 5854 734 5912 Μ.
772 5857 884 5915 Καὶ
913 5855 986 5912 τί.
1109 5858 1122 5900 ὶ
1164 5857 1225 5915 C.
1270 5857 1343 5915 M.
1369 5859 1679 5924 ἐπιπνοίας.
