4158 6416
499 373 605 442 591-
1666 384 1935 444 PllOTIl
1979 374 2493 445 I’ATBIARCIIA!
2514 387 2625 445 ce.
3690 346 3816 453 .592

476 495 697 549 .dorum
733 498 786 547 et
818 491 1219 562 paradoxorum
1261 494 1659 565 mysteriorum
1707 497 2085 552 testimonium

2221 499 2312 552 λον
2339 500 2672 570 άρδεύουσα’
2704 499 2869 555 τοῦτο
2904 498 3005 570 τῆς
3049 499 3107 555 ὲν
3136 497 3488 571 ὀστρακίνοις
3538 500 3812 571 σκεύεσιν

500 584 814 642 indelebile.
867 586 1147 654 Sapientia
1197 587 1473 645 distillans
1518 603 1550 644 θ
1598 589 1790 661 lingua
1836 590 2085 656 idiotica,

2220 568 2593 662 νεργουμὲνης
2644 592 2889 664 χάριτος.
2943 568 3009 647 Ὅ
3047 568 3291 663 φρικτιῖιν
3333 591 3431 647 καὶ
3474 568 3813 663 παραδόξων

504 677 686 745 regula
724 676 971 746 dirigens
992 678 1365 747 eloquentiam
1396 698 1463 735 ex
1491 698 1587 736 ore
1612 681 1955 735 immeditato
1982 700 1996 748 ;
2022 696 2089 735 ex

2218 682 2511 753 ιυστηρίων
2559 681 2862 753 μαρτύριον
2908 680 3386 753 άπαράγραπτονί
3424 682 3485 750 ἐξ
3517 682 3813 753 ἰδιωτικῆς

503 767 795 823 illitteratis
847 768 1008 823 labiis
1055 783 1148 823 ars
1191 770 1486 825 rhetorica.
1536 769 1678 837 Quid
1735 780 1790 825 tu
1837 770 1905 824 ad
1954 770 2091 824 ista?

2218 772 2440 844 ’λώττης
2490 773 2767 838 στάζουσα
2818 773 3000 842 σοφία,
3030 773 3089 841 ἐξ
3122 774 3463 846 άμελετήτου
3526 776 3814 846 στόματος

499 861 583 913 An
619 868 669 914 te
703 858 888 915 adhuc
913 860 1265 915 ratiocinatio
1292 862 1481 926 dubia,
1508 873 1563 917 et
1596 862 1850 931 ambigua
1882 862 2090 933 opinio,

2218 865 2374 921 εανὼν
2411 865 2765 934 εὐγλωττίας,
2802 865 2863 931 ἒξ
2900 865 3132 937 ἀμαθῶν
3161 866 3389 935 χειλέων
3432 866 3596 939 τέχνη
3635 869 3814 939 ῥητοο

502 954 570 1008 de
599 951 755 1007 Pauli
796 954 1065 1024 sapientia
1099 955 1319 1010 turbat?
1360 957 1547 1011 Potius
1585 956 1683 1009 tibi
1728 956 2094 1026 imputabitur

503 1044 853 1114 parcimonia
886 1044 939 1097 in
978 1046 1185 1115 ﬁguras
1220 1045 1339 1114 ejus
1368 1046 1628 1116 epistulas
1656 1046 1701 1101 si
1733 1046 2089 1105 cuntinxeris.

504 1137 590 1192 vel
627 1137 923 1207 plurimum
963 1146 1018 1192 tu
1057 1138 1292 1207 teipsum
1325 1139 1634 1201 accusabis,
1664 1139 1812 1208 quod
1859 1138 2094 1191 antehae

504 1241 559 1286 te
608 1240 887 1285 tantarum
939 1232 1243 1300 gratiarum
1300 1247 1529 1285 ninnera
1586 1231 1887 1285 latuerunt.
1952 1228 2095 1296 Quid

505 1336 676 1393 porro
708 1322 942 1387 diceres,
972 1322 1021 1378 si
1062 1322 1388 1392 profundius
1428 1324 1731 1380 descendas
1765 1325 1819 1378 in
1861 1324 2093 1378 alteram

507 1425 720 1485 partem
764 1414 1039 1469 facultatis
1068 1415 1191 1484 ejus
1224 1414 1277 1468 in
1307 1415 1577 1469 dicendo:
1610 1415 1804 1481 Qualis
1846 1415 2097 1470 cernitur

2194 959 2338 1031 ρίας.
2372 958 2445 1011 Σὺ
2472 958 2530 1011 δὲ
2552 958 2606 1011 τί
2628 958 2845 1026 λέγειςς
2877 959 2999 1011 Ἐτι
3025 975 3084 1011 σε
3114 958 3377 1029 λογισμὸς
3404 958 3677 1024 διστάζων
3700 960 3815 1030 τῆς

2192 1051 2251 1103 ὲν
2279 1050 2424 1121 λόγῳ
2445 1049 2663 1104 Παύλου
2691 1048 2948 1119 σοφίας,ἢ
2967 1049 3291 1120 διαπόρησις
3314 1049 3553 1120 ἐνοχλεῖς
3577 1050 3816 1105 Μᾶλλον

2195 1140 2252 1193 δὲ
2278 1138 2367 1213 ἆρ’
2395 1141 2477 1195 ἔτι
2504 1157 2589 1194 σοι
2616 1139 3145 1211 μικρολογηθήσεται
3184 1138 3280 1212 [εἰ]
3308 1142 3386 1203 είς
3410 1142 3671 1211 σχήματα
3699 1140 3815 1203 τὰς

2187 1224 2532 1297 ΔἸῧπιστολάς
2560 1232 2724 1287 αὑτοῦ
2758 1231 3171 1303 σχηματίσειεν,
3203 1232 3235 1303 ἢ
3275 1232 3467 1303 μακρὰ
3496 1234 3562 1287 ἂν
3598 1231 3812 1285 σαυτοῦ

2194 1326 2305 1379 τῶν
2340 1325 2623 1397 προτέρων
2652 1324 3005 1394 καταγνοίης,
3039 1326 3122 1379 ὅτι
3165 1342 3224 1378 σε
3254 1324 3525 1378 τοσούτων
3558 1326 3815 1398 χαρίτων

2198 1418 2380 1490 δωρεὰ
2410 1417 2758 1483 διελάνθανε;
2790 1416 2857 1471 Τί
2884 1416 2931 1469 δ’
2960 1417 3028 1471 ἂν
3060 1418 3238 1481 είποις
3260 1416 3705 1487 ὲμϐαθυνόμενος
3725 1417 3815 1488 τῷ

508 1508 565 1563 in
602 1508 881 1579 plerisque
914 1508 1186 1577 capitibus
1226 1508 1458 1562 suminis
1489 1508 1871 1577 disponendis,
1914 1507 2098 1577 quoad

2218 1510 2374 1580 ἑτέρῳ
2403 1510 2560 1581 μέρει
2588 1510 2689 1580 τῆς
2718 1509 2927 1563 ἐκείνου
2956 1510 3087 1581 περὶ
3110 1510 3236 1573 τοὺς
3260 1509 3453 1575 λόγους
3492 1509 3813 1582 δυνάμεως,

508 1602 787 1665 ordinem,
818 1601 1199 1672 prudentiam;
1251 1600 1381 1655 dum
1428 1600 1666 1663 inducit,
1718 1599 1964 1669 disponit
2004 1614 2099 1668 per

2218 1596 2313 1665 ιῖος
2360 1602 2418 1655 ὲν
2462 1603 2577 1665 τοῖς
2608 1600 2926 1670 κεφαλαίοις
2951 1602 3051 1671 τὴν
3080 1600 3259 1666 τάξιν,
3290 1603 3393 1672 τὴν
3424 1600 3637 1654 σύνεσιν
3685 1605 3812 1654 εἰσ-

508 1694 857 1765 hypopheras
892 1694 1340 1765 anthypopheras
1377 1709 1390 1745 :
1423 1692 1621 1761 quibus
1663 1692 1716 1746 in
1766 1691 2100 1745 inveniendo

2218 1695 2353 1765 ὶγων
2382 1694 2861 1766 οίκονομούμενος,
2893 1693 3186 1764 ὑποφέρων
3230 1693 3654 1765 ἁνθυποφέρων,
3681 1694 3815 1758 ὅσος

508 1784 907 1854 epichremasi;
944 1800 1111 1854 quam
1154 1782 1413 1852 copiosus
1455 1782 1511 1836 in
1561 1782 1882 1851 operando;
1930 1797 2095 1853 quam

2218 1788 2313 1841 τῶν
2349 1786 2796 1857 ἐπιχειρημάτων
2829 1785 2926 1856 τὴν
2958 1786 3206 1856 εὕρεσιν·
3258 1785 3320 1838 τὸ
3367 1787 3427 1838 ὲν
3477 1788 3597 1847 ταῖς
3638 1786 3815 1855 ἐργα-

509 1888 799 1949 promptus
852 1879 919 1933 ad
972 1878 1458 1947 persuadendum,
1514 1891 1683 1945 quam
1736 1874 1996 1944 frequens
2040 1874 2095 1928 in

2218 1880 2349 1944 σίαις
2382 1879 2639 1949 γόνιμον·
2677 1880 2826 1943 ὅπως
2880 1878 3204 1948 συμπείθειν
3243 1878 3462 1948 ἕτοιμος
3507 1878 3603 1931 καὶ
3634 1878 3813 1943 πολὺς

510 1973 785 2044 parabolis
818 1983 873 2027 et
910 1970 1401 2037 similitudinibus;
1447 1978 1689 2039 quantus
1720 1967 1772 2021 in
1810 1969 2097 2038 enthyme-

509 2066 713 2127 masin,
752 2072 809 2119 et
843 2064 962 2119 istis
1009 2062 1309 2117 virtutibus
1359 2059 1761 2131 congenerihus
1798 2073 1939 2129 quas
1977 2066 2097 2113 stu-

508 2158 666 2214 diose
706 2156 993 2227 complecti
1028 2157 1257 2227 poteris,
1285 2154 1411 2209 licet
1449 2154 1582 2208 nulli
1613 2152 1750 2207 alias
1784 2151 2097 2205 meditanda

507 2250 649 2308 velis
691 2262 978 2322 praestare,
1014 2250 1081 2306 ad
1110 2265 1355 2306 amorem
1387 2264 1517 2303 vere
1558 2248 1819 2310 celerem,
1856 2256 1908 2301 et
1942 2245 2097 2299 oble-

507 2351 848 2411 ctamentum
882 2343 1214 2399 delectabile
1250 2340 1658 2397 conciliandum
1698 2356 1711 2393 :
1746 2336 1988 2392 Accedat
2031 2336 2099 2390 ad

508 2438 615 2493 ista
660 2437 828 2508 hujus
860 2437 1099 2493 hominis
1125 2435 1193 2490 de
1226 2435 1551 2505 idolothytis
1578 2431 1974 2489 commentatio
2006 2437 2102 2485 :et

508 2531 601 2586 ubi
631 2530 682 2584 id
712 2530 823 2601 agit
866 2539 924 2583 ut
950 2530 1224 2599 deprimat
1264 2527 1467 2582 fastum
1512 2525 1728 2580 illorum
1761 2532 1815 2579 et
1856 2522 2099 2577 inflatio-

510 2638 658 2685 nem,
699 2622 795 2691 qui
837 2621 904 2675 de
945 2621 1163 2689 loquela
1199 2621 1513 2689 linguarum
1566 2617 1813 2688 ingentes
1854 2629 2106 2682 sumpse-

513 2724 639 2771 rant
669 2716 902 2785 spiritus
935 2732 949 2768 :
981 2724 1036 2770 et
1066 2713 1212 2786 quod
1252 2714 1338 2767 lex
1367 2713 1584 2766 debitor
1605 2722 1723 2765 erat
1754 2724 1877 2780 qua:
1908 2721 2106 2763 conce-

512 2809 645 2864 dere
677 2817 732 2862 et
768 2808 950 2861 locum
982 2808 1114 2862 dare
1141 2807 1336 2877 gratia:
1366 2805 1611 2859 deberet.
1654 2802 1759 2856 Sed
1794 2800 2009 2855 abunde
2037 2799 2107 2854 de

518 2900 642 2956 istis
704 2900 920 2954 dielum
979 2908 1064 2953 est
1096 2916 1109 2953 :
1140 2912 1318 2967 eoque
1370 2912 1545 2967 magis
1593 2894 1739 2966 quod
1792 2893 2103 2948 litterarum

516 2991 855 3047 commercio
920 2990 1331 3046 insinuantur:
1390 2988 1434 3043 si
1498 2986 1798 3056 aliquando
1880 2982 2107 3039 insimul

516 3083 982 3149 convenerimus;
1037 3083 1430 3137 conveniemus
1486 3090 1705 3142 autem,
1757 3078 1813 3132 id
1873 3075 2107 3131 Domino

518 3177 655 3233 mihi
683 3185 1032 3249 suggerente,
1066 3185 1178 3230 tum
1206 3174 1461 3230 ditTusius
1486 3188 1651 3243 quam
1678 3171 1731 3226 in
1761 3168 2022 3242 praesenti
2042 3168 2111 3224 de

518 3272 642 3328 istis
670 3271 815 3341 apud
847 3280 898 3326 te
923 3269 1218 3326 disseram.

519 3367 851 3437 QUAESTIO
928 3367 1112 3423 XCIII.

1143 3434 1480 3508 CCanL]

524 3530 759 3589 Diversae
804 3532 1124 3601 quaestiones
1168 3546 1234 3584 ea:
1270 3529 1520 3601 Apostolo
1561 3542 1653 3595 per
1694 3525 1878 3596 viginti
1922 3533 2119 3593 septem

1107 3602 1289 3669 capita
1330 3599 1544 3653 solutw.

1460 3434 1478 3453 Ἰ
1513 3361 1846 3420 CCLXXI".
1937 3358 2109 3414 Taur.
2146 3365 2190 3423 C

2207 1972 2573 2044 παραϐολαῖς,
2594 1970 3063 2042 παραδείγμασιν
3086 1970 3273 2040 ἡλίκος
3297 1972 3409 2034 τοῖς
3433 1969 3639 2039 ἐνθυμή
3650 1986 3814 2039 μασιο

2205 2066 2301 2121 καὶ
2337 2066 2439 2136 τὴν
2484 2064 2653 2135 ἄλλην
2701 2063 2915 2125 τούτοις
2962 2062 3184 2117 ἃπασαν
3217 2062 3458 2133 συγγενῆ
3490 2062 3743 2133 δύναμιν,
3774 2063 3819 2118 ἆ

2208 2175 2292 2213 σοι
2325 2158 2601 2229 παράσχοι
2630 2157 2959 2229 περιελθεῖν,
2989 2156 3095 2211 κᾶν
3128 2155 3321 2227 μηδενὶ
3360 2154 3599 2227 θελήσῃς
3636 2154 3819 2227 ἑτέρῳ

2206 2250 2348 2305 κατὰ
2394 2250 2627 2321 μελέτην
2668 2250 2948 2319 προσχεῖν,
2987 2249 3068 2313 είς
3119 2246 3197 2311 ὡς
3227 2246 3447 2317 άληθῶς
3478 2247 3605 2311 ὀξὺν
3629 2246 3816 2319 ἔρωτα

2211 2343 2306 2396 καὶ
2355 2340 2542 2411 θαῦμα
2600 2340 2798 2409 γλυκὺ,
2832 2340 2867 2410 ἧ
2902 2357 2963 2393 τε
2999 2342 3129 2413 περὶ¹
3162 2341 3272 2394 τῶν
3305 2343 3674 2397 εἰδωλοθύτων
3713 2346 3815 2398 τοῦ

2207 2436 2402 2507 ἀνδρὸς
2431 2436 2509 2497 είς
2543 2434 2718 2487 ταῦτα
2763 2434 3177 2507 μεταχείρησις,
3213 2437 3308 2489 καλ⁸
3340 2437 3399 2491 ὲν
3437 2431 3481 2505 ᾧ
3526 2438 3815 2508 καθαίρειν

2211 2527 2483 2598 ἐπιχειρεῖ
2528 2527 2638 2579 τῶν
2686 2524 3267 2597 μεγαλοφρονούντων,
3312 2527 3399 2597 ἐφ’
3444 2522 3489 2597 ᾧ
3535 2528 3816 2596 γλώσσαις

2210 2618 2438 2673 ἐλάλουν
2466 2616 2528 2670 τὸ
2559 2616 2809 2688 φύσημα,
2843 2623 2937 2671 καὶ
2964 2616 3029 2687 δὴ
3057 2618 3154 2670 καὶ
3178 2618 3254 2681 ὡς
3279 2620 3309 2671 ό
3336 2618 3503 2689 νόμος
3527 2620 3815 2689 ὀφειλέτης

2210 2707 2280 2783 ἦν
2311 2710 2718 2781 παραχωρῆσαι
2756 2711 2822 2780 τῇ
2852 2709 3073 2779 χάριτι;
3116 2709 3278 2763 ’Δλλὰ
3300 2710 3431 2780 περὶ
3468 2710 3569 2780 μὲν
3608 2708 3817 2762 τούτων

2213 2804 2403 2859 ἱκανά·
2448 2801 2749 2857 καὶταῦτα
2803 2801 2948 2854 κατὰ
2993 2800 3328 2873 γράμματος
3374 2802 3621 2872 ὁμιλίαν.
3657 2802 3719 2854 El
3756 2802 3817 2855 δέ

2214 2914 2347 2950 ποτε
2388 2894 2729 2966 συνεσόμεθα
2783 2892 3146 2964 (συνεσόμεθα
3184 2894 3279 2947 δέ’
3329 2893 3473 2947 θεῖόν
3522 2911 3618 2964 μοι
3660 2893 3823 2947 τοῦτο

2218 2991 2444 3062 μήνυμα
2475 2988 2886 3059 προαγορεύει),
2918 2987 3041 3041 τότε
3090 2983 3427 3057 πλατύτερον
3459 2986 3493 3059 ἢ
3539 2984 3639 3039 νῦν
3691 2986 3823 3055 περὶ

2214 3083 2430 3139 τούτων
2465 3099 2549 3137 σοι
2580 3081 2963 3153 διαλεξόμεθα.

2788 3348 3129 3405 sparum}:
3163 3346 3278 3415 LI'.

2225 3510 2547 3582 Ζητήματα
2590 3506 2849 3582 διάφορα
2882 3501 2990 3582 τοῦ
3019 3499 3424 3582 ’Ἀποστόλου
3459 3495 3560 3552 διὰ
3586 3502 3637 3550 κ’
3657 3492 3755 3549 καί
3785 3492 3829 3553 ζ’

2632 3572 2982 3645 κεφαλαίων
3006 3572 3145 3626 ἐπιλ
3156 3574 3401 3640 υόμενα.

972 3714 1116 3764 Edita
1156 3727 1184 3763 a
1216 3714 1537 3773 Montacutto,
1569 3725 1651 3775 ep.
1694 3709 1804 3771 166,
1842 3707 1909 3758 ad
1944 3709 2123 3768 Georg.
2164 3702 2209 3753 Ν
2219 3698 2341 3753 from
2366 3735 2382 3760 ,
2424 3711 2475 3761 p.
2508 3695 2603 3746 255
2625 3707 2732 3757 seq.
2768 3692 2843 3743 De
2874 3688 3021 3740 variis
3046 3686 3188 3739 Pauli
3231 3686 3374 3738 locis.

601 3822 1060 3893 Quandoquidem
1122 3822 1382 3894 agnoscis
1420 3831 1474 3876 te
1512 3835 1617 3875 non
1666 3819 1833 3874 modo
1884 3817 2117 3878 victum,

532 3917 789 3979 libenter,
843 3916 936 3971 sed
985 3916 1211 3985 insuper
1267 3914 1348 3968 sic
1401 3912 1571 3977 vinci,
1626 3911 1769 3966 inter
1806 3907 2123 3965 festivitatis

532 4010 823 4069 commoda
880 4018 1121 4081 reputes,
1163 4007 1295 4079 quid
1343 4014 1429 4061 est
1473 4006 1620 4076 quod
1657 4004 1893 4059 ulterius
1944 4002 2125 4056 adhuc

531 4103 815 4161 desideres
845 4103 1093 4173 exempla
1128 4101 1569 4171 Scripturarum,
1600 4097 1655 4152 in
1677 4096 1961 4168 prioribus
1982 4092 2127 4146 litte-

533 4200 613 4254 ris
655 4198 793 4253 meis
841 4198 1133 4252 allatarum
1180 4195 1516 4265 figurarum;
1554 4191 1645 4247 cui
1691 4200 1784 4245 tuo
1822 4187 2126 4251 desiderio,

532 4289 788 4347 celeriter
839 4289 997 4359 cupis
1063 4286 1325 4343 satisfieri
1367 4303 1381 4341 :
1416 4284 1566 4356 quod
1609 4293 1663 4338 et
1725 4296 1947 4352 aequum
2002 4294 2129 4335 esse

534 4384 737 4449 sentio,
775 4383 917 4453 sapit
960 4382 1106 4437 enim
1149 4379 1410 4435 invidiam
1444 4380 1521 4434 illi
1560 4377 1846 4432 veritatem
1894 4389 2003 4429 non
2041 4389 2129 4429 re-

537 4466 894 4546 prmsentarc,
929 4474 1058 4544 quia
1100 4474 1330 4528 veritate
1373 4472 1575 4537 victus,
1607 4472 1754 4539 quod
1799 4483 1991 4524 verum
2021 4474 2127 4531 est,

536 4568 753 4637 quazrit.
785 4565 1077 4633 Quocirca,
1098 4574 1339 4636 quatuor
1366 4564 1588 4619 illorum
1619 4561 1909 4616 modorum
1940 4574 2133 4614 exem-

538 4662 627 4732 pla
654 4660 836 4716 adhuc
865 4660 1128 4731 adjungo,
1161 4660 1231 4713 ita
1267 4668 1326 4712 ut
1356 4657 1501 4712 haud
1537 4653 1830 4710 diliiculter
1861 4652 2131 4723 distingui

538 4763 597 4808 et
622 4752 863 4809 discerni
899 4753 1113 4823 possint
1149 4767 1217 4805 ex
1254 4750 1400 4815 istis,
1432 4748 1525 4803 illa
1552 4761 1678 4816 qua:
1719 4745 1933 4816 reliqua
1980 4754 2131 4810 sunt,

539 4853 659 4899 tum
703 4853 765 4900 ut
809 4860 878 4900 ne
920 4854 1069 4900 tuam
1119 4842 1469 4915 prudentiam
1530 4838 1866 4895 contumelia
1919 4837 2135 4893 allicere

540 4935 802 5003 videam,
860 4951 960 4992 nec
1012 4952 1112 5007 pro
1154 4935 1386 5005 epistola
1446 4933 1721 5002 integrum
1774 4931 1872 4985 tibi
1931 4930 2131 4985 librum

540 5043 787 5084 exarem.
823 5026 1002 5084 Veluti
1027 5029 1175 5083 enim
1211 5028 1390 5098 inepte
1420 5041 1655 5097 quaeque
1688 5024 1826 5079 levia
1854 5022 2113 5094 prosequi

2248 5008 2511 5080 θεωρήτῳ
2593 5002 3077 5075 προσαρμόζεται,

542 5122 787 5179 adhaeret
818 5121 933 5178 fere
978 5122 1070 5178 ille
1114 5121 1263 5192 quod
1305 5118 1641 5177 obscuritate
1680 5116 2014 5179 involvitur,
2064 5115 2136 5169 ita

542 5214 691 5284 quod
739 5215 794 5270 in
829 5223 1018 5285 aperto
1058 5214 1297 5285 positum
1338 5223 1444 5277 est,
1478 5210 1526 5265 si
1570 5224 1680 5264 non
1706 5224 1833 5263 cum
1867 5208 2134 5262 brevitate

543 5307 872 5364 exhibeatur
906 5309 961 5364 in
999 5307 1364 5379 opprobrium
1400 5303 1596 5371 tendit,
1631 5302 1714 5359 vel
1746 5300 2019 5367 doctoris,
2052 5299 2138 5355 vel

550 5400 831 5459 discentis.

2312 3807 2650 3879 Ἐπειδὴπερ
2702 3803 2762 3857 ού
2813 3803 2975 3873 μόνον
3027 3798 3234 3871 χαίρων
3284 3791 3687 3864 άνοπολογεῖςί
3729 3792 3832 3863 τὴν

2226 3897 2423 3973 ἧτταν,
2462 3897 2599 3953 ἀλλὰ
2629 3909 2725 3950 και
2757 3896 2838 3959 εἰς
2872 3895 3068 3965 ἑορτὴν
3098 3891 3271 3961 αὐτὴν
3297 3888 3575 3959 ὠφελείας
3619 3887 3831 3955 ἀναφέ-

2231 4011 2347 4067 ρεις
2369 4032 2385 4057 ,
2416 3992 2568 4061 ὅμως
2602 3988 2648 4042 δ’
2676 3986 2960 4057 ἐπιζητεῖς
2980 3984 3060 4038 ἔτι
3086 3980 3515 4053 παραδείγματα
3537 3978 3648 4031 τῶν
3673 3980 3732 4031 ὲν
3751 3975 3831 4045 τῷ

2230 4085 2435 4158 πρώτῳ
2461 4082 2751 4155 γράμματι
2780 4076 3092 4150 εἰρημένων
3107 4076 3325 4147 τρόπων
3345 4091 3357 4103 '
3387 4073 3485 4126 καὶ
3510 4071 3717 4140 ταύτην
3748 4086 3831 4121 σοι

2228 4179 2329 4251 τὴν
2386 4176 2668 4245 ὲξαίτησιν
2697 4172 2874 4243 πέρας
2927 4170 3117 4223 λαϐεῖν
3149 4167 3212 4221 οὐ
3240 4165 3507 4237 βραδύνον
3529 4164 3557 4203 ι
3588 4203 3603 4228 ,
3625 4163 3832 4215 δίκαιον

2230 4270 2479 4343 νομίζωο
2530 4266 2687 4338 ἀνδρὶ
2735 4264 2845 4336 γὰρ
2886 4261 3146 4333 ἀληθείας
3189 4257 3517 4331 ἡττωμένῳ,
3566 4254 3829 4327 φθονερὸν

2237 4365 2313 4438 μὴ
2342 4363 2607 4434 παρέχειν
2639 4358 2833 4431 μαθεῖν
2862 4362 2962 4427 τὴν
2989 4354 3259 4427 ἀλήθειαν
3288 4349 3664 4421 ἐπιζητοῧντι.
3691 4345 3827 4401 Καθ’

2232 4457 2468 4509 ἕκαστον
2494 4447 2789 4521 τοιγαροῦν
2816 4448 3047 4501 ἐκείνων
3090 4462 3174 4499 σοι
3198 4444 3309 4498 τῶν
3356 4441 3644 4513 τεσσάρων
3698 4438 3825 4509 τρό-

2237 4565 2357 4601 πων
2395 4544 2555 4613 ὀλίγα
2599 4541 2725 4596 τινά
2781 4538 3124 4611 παραθέντες
3170 4536 3280 4589 τῶν
3339 4531 3825 4605 παραδειγμάτων,

2238 4641 2333 4695 ᾰτε
2360 4638 2552 4711 ῥᾳδίαν
2578 4634 2746 4690 οὖσαν
2768 4632 2880 4688 τῶν
2906 4631 3117 4686 λοιπῶν
3144 4633 3211 4684 ὲκ
3240 4627 3449 4682 τούτων
3469 4626 3571 4696 τὴν
3601 4624 3831 4694 θεωρίαν

2238 4732 2335 4786 καὶ
2371 4731 2671 4803 διάκρισιν,
2699 4727 2787 4781 ἵνα
2823 4725 2898 4797 μὴ
2934 4725 3029 4779 καὶ
3078 4723 3179 4794 σὴν
3231 4719 3542 4791 ἐξυϐρίζειν
3592 4717 3827 4785 δόξωμεν

2244 4823 2488 4888 σύνεσιν,
2548 4820 2644 4876 καὶ
2685 4818 2870 4891 βίϐλον
2920 4816 3051 4886 ὅλην
3101 4813 3218 4868 ἀντ’
3272 4811 3561 4880 ἐπιστολῆς
3602 4808 3831 4879 γράφειν

2242 4914 2694 4987 παραλείψωμεν.
2729 4912 2943 4981 Ὠσπερ
2975 4908 3086 4979 γὰρ
3114 4907 3176 4960 τὸ
3220 4904 3572 4973 λεπτολογεῖν
3596 4902 3675 4972 τῷ
3707 4900 3829 4954 δυσ-

3164 4996 3308 5052 οΰτω
3382 4996 3443 5049 τὸ
3522 4992 3695 5062 σαφὲς
3770 4989 3831 5043 ἂν

2243 5100 2319 5173 μὴ
2360 5077 2449 5155 διὰ
2474 5097 2567 5153 τοῦ
2625 5096 2893 5167 συντόμου
2959 5092 3197 5164 πρόεισι,
3231 5088 3327 5145 τοῦ
3380 5086 3745 5159 μανθάνοντος
3800 5077 3834 5147 ἦ

2245 5194 2341 5246 τοῦ
2376 5190 2723 5254 διδάσκον-τός
2749 5205 2814 5259 γε
2870 5187 3088 5251 πάντως
3157 5186 3237 5249 είς
3287 5179 3627 5253 κατηγορίαν
3678 5190 3829 5247 περι-

2251 5284 2467 5338 ίσταται
2491 5280 2629 5353 (18).

1856 5484 2099 5542 VARIAE
2156 5478 2565 5536 LECTIO'NES.

724 5613 925 5684 curt'ig.
962 5629 1025 5668 ex
1065 5613 1124 5667 (ἶ.
1156 5610 1224 5665 Μ.
1262 5610 1636 5682 ἁνομολογεῖς.

1748 5609 1774 5647 ιι
1801 5605 1863 5662 C.
1894 5604 2041 5659 Ilion.
2076 5604 2175 5658 551
2238 5601 2278 5656 f.
2316 5599 2418 5655 ιδι
2450 5594 2735 5670 βραδῦναι.

2080 5722 2318 5779 NOTAE.

668 5848 775 5920 (18)
809 5849 998 5920 Capita
1037 5860 1101 5901 ex
1152 5846 1338 5903 codice
1394 5844 1603 5901 Monac.
1667 5843 1764 5900 551
1818 5841 2126 5912 signantur.
2171 5836 2328 5891 Eutr.
