4158 6464
465 390 573 475 593
698 502 704 508 ἱ
780 504 787 509 .
1397 411 1499 480 AD
1560 410 2162 475 AMPHILOCHIUM
2189 414 2541 488 QUESTIO
2579 416 2801 479 XCIII.
3643 416 3752 483 594

538 531 611 583 α’.
633 524 843 580 Ἀὺτίκα
873 524 1057 582 τοίνυν
1079 526 1164 593 τὸ,
1202 546 1221 581 ι
1272 527 1339 582 Τί
1367 528 1461 583 οὑν
1499 531 1758 603 ὲροῦμεν,
1803 531 2058 603 Ἀϐραὰμ

2232 534 2288 589 1.
2332 531 2405 588 Ut
2436 535 2705 590 instemus
2755 552 2770 589 :
2809 552 2829 589 ι
2881 524 3161 592 Abraham
3202 534 3418 591 Patrem
3473 545 3746 600 nostrum,

468 622 562 676 τὸν
587 619 801 692 πατέρα
818 621 851 691 ὴ
860 620 975 691 μῶν
991 621 1284 692 εὑρηκέναι
1303 622 1444 676 κατὰ
1470 624 1673 694 σάρκα,
1696 643 1715 677 ι
1738 625 1971 695 φανερὸν
1983 624 2060 690 ὡς

472 715 597 768 καθ’
628 714 935 785 ὑπερϐατὸν
968 715 1394 783 ἐσχημάτισται·
1418 716 1481 768 τὸ
1508 716 1637 788 γὰρ,
1663 719 1813 772 κατὰ
1838 717 2057 787 σάρκα,

472 808 592 862 δέον
643 808 747 874 πρὸ
795 806 887 859 τοῦ
930 807 1157 875 πατέρα
1217 809 1454 872 κεῖσθαι,
1515 810 1896 881 ὑπερϐεϐηκὸς
1960 809 2061 881 τὴν

470 901 681 954 οἰκείαν
736 898 956 971 χώραν,
1033 900 1176 970 μετὰ
1249 901 1311 955 τὸ
1384 902 1739 972 εὑρηκέναι,
1801 902 2062 956 συντέτα-

474 1013 623 1053 κται.

548 1088 615 1159 β’.
652 1087 904 1142 Τοιοῦτον
954 1088 1049 1143 καὶ
1103 1088 1186 1154 τὸ,
1219 1089 1458 1144 Βλέπετε
1515 1091 1610 1145 τὸν
1655 1092 1873 1164 Ἰσραὴλ
1918 1093 2062 1147 κατὰ

472 1180 687 1250 σάρκαο
734 1181 858 1234 ἀντὶ
905 1180 1017 1253 γὰρ
1072 1180 1201 1248 τοῦ,
1254 1182 1494 1239 Βλέπετε
1559 1184 1652 1240 τὸν
1681 1187 1826 1241 κατὰ
1881 1188 2064 1258 σάρκα

481 1272 718 1343 Ἰσραὴλ,
749 1273 993 1344 εἴρηται.

537 1371 609 1434 γ’.
636 1366 750 1419 Καὶ
790 1365 972 1432 τοῦτο,
1026 1368 1090 1421 Ol
1127 1366 1304 1421 δοῦλοι
1358 1367 1415 1422 δὲ
1451 1367 1759 1423 ὑπακούετε
1803 1371 1922 1433 τοῖς
1959 1388 2062 1424 κυ-

471 1458 608 1530 ρίοις
650 1457 797 1513 κατὰ
842 1460 1043 1533 σάρκα,
1076 1461 1197 1516 ἀντὶ
1227 1460 1344 1529 τοῦ,
1390 1464 1505 1527 τοῖς
1542 1463 1685 1517 κατά
1747 1444 1929 1534 σάρκα
1965 1481 2060 1517 κυ-

469 1565 630 1621 ριοις.

537 1642 603 1700 δ’.
621 1640 962 1696 Ἀποδέδοται
983 1641 1194 1707 τούτοις
1216 1641 1313 1698 καὶ
1330 1643 1392 1697 τό
1411 1659 1427 1674 ο
1454 1644 1597 1715 Πρὸς
1615 1644 1644 1698 ὃ
1672 1644 1902 1701 δύνασθε
1933 1647 2064 1701 ἀνα-

463 1733 837 1804 γινώσκοντες
870 1737 1059 1806 νοῆσαι
1092 1736 1193 1808 τὴν
1222 1736 1438 1790 σύνεσίν
1480 1755 1580 1809 μου
1595 1738 1651 1791 έν
1679 1737 1758 1808 τῷ
1776 1740 2063 1812 μυστηρίῳ

463 1825 562 1879 τοῦ
609 1825 885 1895 Χριστοῦ’
931 1827 1494 1895 συνδιαποικίλλετναι·
1549 1829 1611 1883 τὸ
1669 1830 1782 1901 γὰρ
1825 1830 2054 1895 ἁπλοῦν,

466 1918 613 1989 Πρὸς
636 1916 664 1969 ὃ
693 1916 925 1971 δύνασθε
958 1918 1428 1986 ἀναγινώσκοντες
1448 1921 1641 1991 νοῆσαι
1666 1922 1763 1992 τὴν
1787 1923 1845 1974 ὲν
1865 1922 1944 1991 τῷ
1965 1941 2058 1991 μυ·

469 2007 681 2078 στηρίῳ
707 2008 804 2061 τοῦ
840 2009 1083 2079 Χριστοῦ
1110 2009 1329 2064 σύνεσίν
1358 2029 1460 2082 μου
1481 2027 1495 2042 ⁶
1519 2013 1551 2083 ῆ
1582 2013 1630 2066 εί
1664 2012 1846 2083 βούλει
1865 2031 1880 2046 ο
1915 2015 2060 2087 Πρὸς

464 2100 496 2155 ὃ
529 2100 763 2155 δύνασθε
795 2103 987 2173 νοῆσαι
1026 2102 1125 2175 τὴν
1162 2104 1379 2160 σύνεσίν
1429 2123 1533 2177 μου
1580 2106 1681 2178 τὴν
1721 2109 1780 2161 ἐν
1823 2107 1904 2179 τῷ
1954 2127 2060 2179 μυ-

471 2192 680 2263 στηρίῳ
712 2192 807 2246 τοῦ
842 2191 1103 2263 Χριστοῦ.
1141 2193 1376 2248 Δύναται
1406 2194 1517 2266 γὰρ
1542 2196 1699 2251 τοῦτό
1727 2214 1789 2251 τε
1821 2198 1916 2252 καὶ
1942 2198 2061 2254 ἔνια

467 2282 580 2336 τῶν
602 2284 1022 2355 προειρημένων
1058 2285 1126 2339 δι’
1147 2286 1410 2358 ἐκατέρου
1455 2287 1664 2359 τρόπου
1696 2291 1777 2354 εἰς
1806 2289 1869 2343 τὸ
1900 2290 2062 2362 ὀρθόν

467 2391 531 2427 τε
562 2374 654 2428 καὶ
683 2375 1096 2447 συνειθισμένον
1116 2376 1215 2448 τῆς
1254 2378 1511 2448 φράσεως
1541 2380 2061 2450 ὲπανάγεσθαι.Λέ-

464 2482 550 2535 γω
574 2467 633 2520 δὲ
678 2467 801 2540 ῆτοι
836 2467 924 2522 διὰ
965 2468 1063 2524 τοῦ
1102 2470 1226 2524 καθ’
1271 2471 1606 2543 ὑπερϐατὸν,
1644 2473 1676 2544 ἢ
1713 2472 1803 2528 διά
1846 2491 1912 2542 γε
1964 2472 2063 2529 τοῦ

465 2558 914 2623 κοινοποιοῦντος
942 2560 1291 2616 ὲλλειπτικοῦ
1315 2563 1377 2616 τὺ
1400 2565 1803 2636 προειρημένον
1828 2567 1942 2630 τοῖς
1962 2564 2063 2622 ἔπη

464 2666 611 2716 ειτα,
639 2651 831 2722 ὥσπερ
866 2655 963 2707 καὶ
993 2652 1111 2718 νῦν,
1145 2654 1206 2707 τὸ
1234 2654 1355 2709 κατ’
1381 2658 1695 2728 αἰτιατικὴν
1734 2658 2063 2730 ὲκπεφωνη-

466 2743 631 2813 μένον
661 2745 840 2798 ἑνικὸν
874 2744 1081 2817 ἄρθρον
1105 2746 1217 2801 ἀπὸ
1232 2747 1414 2802 κοινοῦ
1446 2748 1811 2822 παραληφθὲν
1834 2750 2064 2823 ὀλόκλη-

466 2854 565 2909 ρον
598 2838 660 2891 τὸ
692 2840 858 2910 ῥητὸν
891 2839 1296 2913 ἀπειργάσατο.

536 2934 600 2983 ε’.
619 2927 875 2985 Τοιοῦτον
900 2931 996 2984 καὶ
1018 2932 1102 2996 τὸ,
1148 2933 1228 2986 Δι’
1253 2933 1282 2987 ὃ
1305 2932 1567 3006 αἰτοῦμαι
1614 2934 1691 3006 μὴ
1718 2936 1978 2992 ἑκκακεῖν
2004 2939 2063 2993 ὲν

464 3022 587 3085 ταῖς
605 3019 819 3091 θλίψεσί
858 3039 960 3091 μου
983 3022 1127 3094 ὑπὲρ
1156 3024 1312 3094 ὑμῶν
1331 3040 1345 3054 ο
1367 3025 1401 3096 ἢ
1424 3025 1554 3097 γὰρ,
1573 3028 1694 3090 ταῖς
1717 3027 1861 3099 ὑπὲρ
1881 3028 2059 3099 ὑμῶν,

467 3111 678 3181 ὀφείλει
722 3114 1141 3185 προσειρῆσθαι,
1185 3114 1254 3168 δι’
1282 3109 1343 3171 οῦ
1380 3117 1661 3187 γνώριμον
1706 3118 1769 3171 τὸ
1796 3118 1906 3173 ἀπὸ
1950 3137 2065 3174 κοι-

468 3203 589 3270 νοῦ,
622 3204 655 3276 ἢ
684 3206 742 3258 ὲν
770 3208 889 3270 ταῖς
929 3206 1070 3277 ὑπὲρ
1128 3207 1284 3279 ὑμῶν
1317 3208 1533 3278 θλίψεσί
1563 3227 1689 3280 μου,
1721 3211 1861 3282 ὅπερ
1892 3212 2061 3265 ἐνδεί-

468 3311 628 3349 κνυσι
689 3294 751 3349 τὸ
798 3296 1107 3366 ὑπερϐατόν
1134 3313 1148 3329 ο
1187 3298 1309 3351 καθ’
1349 3299 1610 3369 ὁπότερον
1659 3301 1769 3372 γὰρ
1805 3300 1917 3354 τῶν
1969 3301 2063 3356 δύο

464 3385 675 3439 τούτων
715 3386 1037 3460 διαληφθὲν,
1078 3389 1498 3461 ἀπηρτισμένην
1546 3390 1608 3443 τὸ
1651 3391 1817 3462 ῥητὸν
1870 3393 2064 3447 ἁναδέ-

464 3498 621 3553 χεται
655 3481 753 3549 τὴν
789 3465 1110 3554 ἑρμηνείαν.

541 3581 614 3641 ς’.
646 3575 837 3639 Πάλιν,
880 3576 978 3628 Διά
1021 3574 1180 3628 τοῦτο
1206 3574 1447 3639 ἀκούσας
1474 3576 1574 3646 τὴν
1614 3575 1739 3629 καθ’
1785 3578 1932 3647 ὑμᾶς
1967 3578 2061 3631 πί-

467 3684 587 3722 στιν
623 3669 681 3722 ἐν
705 3669 786 3739 τῷ
840 3668 1028 3740 Κυρίῳ
1064 3668 1263 3737 Ἰησοῦ,
1304 3669 1364 3721 οὑ
1394 3668 1640 3738 παύομαι
1696 3670 2058 3742 εὐχαριστῶν.

468 3761 701 3830 ,Ὅμοιον
755 3760 866 3831 γὰρ
910 3761 1008 3813 καὶ
1050 3761 1209 3813 τοῦτο
1246 3763 1358 3823 τοῖς
1387 3762 1697 3831 εἰρημένοις
1720 3778 1737 3793 ⁸
1768 3761 1801 3832 ἦ
1833 3763 1942 3835 γὰρ
1963 3764 2062 3836 τὴν

466 3854 529 3906 ἐν
556 3852 635 3925 τῷ
668 3852 858 3923 Κυρίῳ
896 3850 1073 3922 Ἰησοῦ
1107 3852 1230 3905 καθ’
1256 3851 1403 3922 ὑμᾶς
1456 3853 1639 3906 πίστιν
1668 3854 1741 3924 ’ἢ
1792 3855 1891 3926 τὴν
1936 3856 2059 3909 καθ’

466 3945 612 4013 ὑμᾶς
639 3943 824 3997 πίστιν
862 3943 963 4014 τὴν
997 3944 1056 3996 ὲν
1112 3942 1306 4014 Κυρίῳ
1348 3941 1524 4013 Ἰησοῦ
1586 3944 2061 4011 ἀναγινώσκοντες

464 4036 998 4107 κεκοινοποιημένην
1023 4053 1036 4066 ’
1074 4035 1169 4089 καὶ
1201 4035 1355 4089 οὐδὲν
1395 4033 1629 4106 ἔχουσαν
1659 4052 2059 4109 παρατετραμ-

467 4131 631 4202 μένειν
655 4131 758 4201 τὴν
792 4130 993 4200 φράσιν
1019 4128 1372 4200 εὑρίσκομεν.

538 4222 607 4289 ζ’.
630 4220 1071 4296 [Παραπλήσιον]
1092 4224 1184 4275 καὶ
1199 4223 1280 4287 τὸ,
1298 4223 1359 4274 Εἰ
1387 4220 1445 4275 δέ
1466 4238 1550 4285 τις
1564 4221 1662 4292 οὑχ
1682 4220 1951 4275 ὑπακούει
1979 4221 2059 4292 τῷ

463 4317 611 4388 λόγῳ
636 4316 817 4388 ἡμῶν,
847 4315 937 4369 διὰ
956 4319 1057 4386 τῆς
1076 4314 1367 4385 ἐπιστολῆς
1392 4313 1581 4368 τοῦτον
1604 4313 1935 4385 σημειοῦσθε
1955 4331 1968 4345 ο
1997 4315 2059 4368 τὸ

463 4410 574 4481 γὰρ
590 4409 823 4473 ἐντελὲς,
841 4409 903 4461 Εἰ
917 4409 973 4461 δέ
990 4425 1074 4471 τις
1096 4408 1194 4478 οὑχ
1225 4405 1491 4459 ὑπακούει
1520 4404 1600 4476 τῷ
1613 4406 1703 4459 διὰ
1718 4406 1817 4476 τῆς
1834 4408 2053 4459 ἐπιστο-

464 4502 563 4572 λῆς
585 4504 619 4573 ἡ
629 4502 746 4571 μῶν
758 4501 925 4573 λόγῳ,
945 4500 1136 4554 τοῦτον
1156 4498 1513 4571 σημειοῦσθε*
1529 4498 1561 4569 ἢ
1579 4499 1675 4552 καὶ
1690 4497 1884 4562 οὕτως’
1911 4499 1977 4553 El
2002 4499 2060 4553 δέ

2163 624 2296 694 quid
2333 625 2603 691 dicemus,
2651 627 2933 681 inventum
2971 627 3143 683 fuisse
3170 628 3326 697 juxta
3373 642 3595 683 carnem
3620 626 3688 693 ⁸³,
3724 644 3745 678 ι

2163 730 2309 790 patet
2348 719 2494 789 quod
2546 719 2776 789 figurate
2828 734 2924 789 per
2978 721 3311 790 hyperbaton
3353 720 3577 775 dicitur.
3609 718 3749 773 Illud

2162 811 2306 866 enim
2366 812 2510 865 κατὰ
2562 813 2762 882 σάρκα,
2810 814 3101 865 secundum
3151 829 3383 879 carnem,
3443 813 3751 882 praecedere

2161 901 2372 971 debuit,
2408 904 2624 974 πατέρα
2650 905 2829 975 ἡμῶν,
2858 913 3066 974 patrem
3112 914 3388 967 nostrum;
3427 920 3586 960 suum
3621 918 3751 973 ergo

2164 998 2348 1053 locum
2372 1012 2732 1068 supergressa
2750 997 2941 1061 dictio,
2959 996 3314 1065 coniungitur
3329 1012 3451 1050 cum
3471 996 3749 1049 invenisse.

2232 1090 2287 1145 2.
2302 1088 2433 1145 Tale
2464 1098 2520 1145 et
2546 1089 2702 1157 illud,
2727 1108 2747 1141 ι
2770 1087 2963 1144 Videte
2996 1088 3161 1143 Israel
3194 1088 3496 1144 secundum
3527 1101 3752 1143 carnem

2161 1197 2285 1255 pro,
2317 1181 2507 1239 Videte
2544 1183 2710 1239 Israel
2730 1183 2822 1255 qui
2860 1190 2945 1238 est
2973 1181 3275 1239 secundum
3315 1196 3536 1237 carnem
3572 1180 3642 1235 “.

2233 1355 2287 1411 5.
2324 1353 2417 1422 Et,
2463 1374 2482 1409 ι
2521 1356 2696 1422 Servi,
2755 1356 2974 1414 ohedite
3019 1357 3261 1414 dominis
3302 1357 3605 1413 secundum
3632 1372 3756 1414 car-

2163 1462 2290 1504 nem
2315 1447 2383 1516 ⁸⁸,
2420 1463 2540 1520 pro,
2570 1452 2873 1506 secundum
2909 1467 3134 1507 carnem
3166 1450 3429 1508 dominis.

2236 1633 2291 1689 4.
2306 1631 2544 1687 Accedat
2559 1632 2624 1685 ad
2639 1631 2743 1687 ista
2769 1630 2972 1687 etillud
2995 1650 3010 1687 :
3037 1649 3057 1684 ι
3088 1630 3329 1687 Potestis
3357 1646 3482 1686 cum
3512 1629 3756 1702 legeritis

2165 1744 2503 1801 cognoscere
2558 1728 2908 1798 prudentiam
2972 1742 3149 1782 meam
3207 1729 3259 1782 in
3322 1728 3585 1799 mysterio
3673 1742 3758 1783 se-

2166 1822 2407 1877 cundum
2472 1820 2759 1875 Christum
2788 1821 2878 1875 w:
2920 1838 2941 1873 ι
2974 1820 3068 1876 ubi
3133 1820 3404 1891 elegantia
3465 1820 3753 1875 variatur:

2093 1892 2137 1949 Β
2164 1912 2486 1981 simpliciter
2518 1912 2665 1967 enim
2693 1913 2774 1967 sic
2802 1922 2888 1969 est
2923 1929 2939 1967 ε
2968 1912 3051 1966 Ad
3082 1913 3227 1982 quod
3250 1912 3479 1983 potestis
3514 1913 3757 1981 legentes

2160 2005 2464 2073 intelligere
2494 2002 2548 2058 in
2574 2004 2839 2075 mysterio
2873 2003 3078 2060 Christi
3132 2004 3483 2074 prudentiam
3533 2019 3755 2062 meam:

2162 2108 2258 2155 aut
2289 2098 2336 2155 si
2359 2098 2547 2162 vultis,
2578 2096 2723 2169 Πρὸς
2753 2097 2781 2151 ὃ
2839 2096 3076 2152 δύνασθε
3125 2101 3319 2169 νοῆσαι
3381 2096 3481 2167 τὴν
3539 2095 3755 2150 σύνεσίν

2165 2210 2290 2265 μου,
2336 2192 2435 2261 τὴν
2456 2194 2515 2246 ὲν
2533 2193 2614 2263 τῷ
2643 2191 2930 2262 μυστηρίῳ
2958 2190 3221 2262 Χριστοῦ.
3252 2192 3443 2248 Potest
3474 2191 3578 2247 hoc
3620 2190 3744 2245 οσα-

2161 2294 2301 2352 tum,
2333 2294 2464 2340 utet
2493 2285 2600 2340 alia
2622 2284 2788 2340 etiam
2823 2284 2936 2355 jam
2965 2285 3111 2340 dicta
3153 2300 3252 2354 per
3293 2296 3593 2353 utrumque
3629 2298 3753 2338 mo-

2160 2373 2290 2430 dum
2323 2372 2392 2428 ad
2431 2374 2563 2429 recti
2596 2372 3041 2445 intelligentiam,
3074 2381 3129 2429 et
3156 2374 3377 2445 phrasis
3439 2391 3599 2429 USIIIII
3667 2390 3756 2429 rc-

2161 2466 2306 2521 duri.
2365 2465 2612 2538 Intelligo
2662 2475 2846 2521 autem
2904 2480 3002 2536 per
3062 2464 3432 2537 hyperbaton,
3496 2475 3589 2521 aut
3653 2482 3757 2537 per

2161 2559 2380 2629 ellipsin
2420 2561 2712 2630 quamdam
2738 2576 2961 2626 novam,
3009 2561 3370 2631 praecedentia
3394 2560 3756 2629 sequentibus

2162 2652 2535 2722 copuhmtem,
2571 2653 2648 2707 uti
2680 2668 2828 2708 nunc
2857 2653 3122 2708 articulus
3172 2652 3473 2724 singularis
3508 2653 3748 2717 numeri,

2162 2746 2259 2816 qui
2289 2747 2341 2800 in
2369 2745 2689 2801 accusativo
2715 2745 2963 2813 elfertur,
2996 2745 3221 2801 ἀπὸτοῦ
3255 2745 3439 2800 κοινοῦ
3497 2761 3727 2803 consum
3747 2773 3760 2783 -

2173 2850 2378 2895 matam
2410 2838 2696 2906 periodum
2730 2838 2942 2893 reddat.

2234 2933 2289 2988 5.
2321 2932 2451 2987 Tale
2488 2941 2543 2987 et
2578 2932 2732 2996 illud,
2778 2932 2857 2986 Δι’
2893 2931 2923 2986 ὃ
2967 2932 3228 3004 αἰτοῦμαι
3263 2932 3338 3003 μὴ
3402 2932 3661 2987 ὲκκακεῖν
3700 2932 3759 2985 ἐν

2162 3026 2285 3089 ταῖς
2313 3024 2525 3095 θλίψεσί
2552 3040 2676 3095 μον
2712 3024 2858 3094 quod
2888 3024 3224 3096 hyperbaton
3260 3025 3425 3079 habet
3452 3042 3466 3078 :
3501 3023 3581 3077 vel
3608 3023 3755 3078 enim

2164 3117 2419 3187 conjungi
2449 3118 2610 3171 debet
2637 3132 2763 3172 cum
2802 3119 2924 3183 ταῖς
2956 3117 3101 3188 ὑπὲρ
3130 3117 3309 3188 ὑμῶν,
3344 3134 3441 3188 per
3472 3118 3619 3185 quod
3665 3131 3762 3171 co-

2163 3211 2448 3283 gnoscitur
2473 3210 2618 3280 quod
2649 3220 2735 3264 est
2770 3209 2880 3263 ἀπὸ
2926 3210 3110 3264 κοινοῦ
3152 3219 3269 3274 aut,
3303 3212 3363 3262 ὲν
3425 3212 3547 3273 ταῖς
3613 3209 3760 3278 ὑπὲρ

2165 3302 2320 3373 ὑμῶν
2354 3300 2566 3370 (masc:
2603 3318 2727 3371 μου.
2758 3300 2967 3368 Quovis
2996 3301 3162 3357 modo
3190 3302 3484 3372 accipitur,
3530 3310 3759 3358 senten-

2165 3397 2243 3453 tia
2274 3396 2572 3466 perfectam
2603 3394 2848 3451 admittit
2892 3394 3428 3466 interpretationem.

2233 3577 2286 3634 6.
2306 3576 2529 3644 lterum,
2559 3576 2660 3633 Διὰ
2686 3575 2848 3630 τοῦτο
2873 3575 3116 3640 ἀκούσας
3142 3575 3241 3648 τὴν
3254 3575 3379 3630 καθ’
3398 3575 3545 3647 ὑμᾶς
3573 3575 3761 3630 πίστιν

2163 3672 2223 3724 ὲν
2247 3658 2324 3741 τῷ
2354 3672 2548 3741 Κυρίῳ
2594 3670 2793 3741 Ἰησοῦ,
2826 3670 2890 3724 οὑ
2927 3669 3175 3740 παύομαι
3199 3670 3565 3740 εὐχαριστῶν.
3599 3669 3761 3725 Sinti-

2162 3764 2231 3819 lis
2262 3764 2351 3819 hic
2385 3763 2538 3818 locus
2587 3771 2716 3818 ante
2743 3763 2947 3829 allatis,
2977 3763 3061 3816 vel
3087 3762 3235 3816 enim
3270 3770 3460 3832 potest
3496 3778 3641 3828 esse,
3660 3763 3748 3833 trp

2163 3858 2223 3911 ὲν
2249 3855 2329 3927 τῷ
2360 3856 2552 3928 Κυρίῳ
2591 3855 2773 3927 Ἰησοῦ
2815 3855 2940 3909 καθ’
2999 3855 3148 3925 ὑμᾶς
3211 3853 3419 3918 πίστιν,
3482 3864 3600 3919 aut,
3659 3856 3762 3926 τὴν

2161 3950 2286 4005 καθ’
2317 3951 2463 4022 ὑμᾶς
2495 3950 2680 4003 πίστιν
2707 3949 2809 4020 τὴν
2829 3949 2888 4001 ὲν
2910 3950 3101 4019 Κυρίῳ
3139 3947 3339 4019 Ἰησοῦ.
3372 3946 3451 4002 Ita
3519 3948 3762 4017 legentes

2163 4042 2297 4096 nihil
2323 4044 2667 4107 innovatum,
2692 4042 2828 4097 nihil
2850 4055 3173 4113 perversum
3205 4041 3259 4095 in
3303 4040 3569 4110 laquendi
3592 4043 3761 4097 modo

2162 4134 2530 4192 inveniemus.

2238 4228 2291 4282 7.
2313 4227 2503 4282 Simile
2520 4237 2603 4283 est
2632 4238 2685 4283 et
2703 4228 2838 4283 hoc:
2868 4228 2929 4281 Εἰ
2952 4227 3011 4281 δέ
3035 4245 3121 4290 τις
3149 4226 3248 4298 οὑχ
3265 4225 3536 4281 ὑπακούει
3564 4226 3642 4297 τῷ
3667 4226 3762 4280 λό-

2161 4339 2242 4391 γῳ
2271 4321 2453 4392 ἡμῶν,
2482 4320 2573 4375 διὰ
2594 4324 2691 4391 τῆς
2722 4319 3017 4391 ἐπιπολῆς
3044 4318 3235 4373 τοῦτον
3268 4319 3622 4390 σημειοῦσθε.
3650 4320 3761 4371 Ah-

2161 4415 2339 4469 Soluta
2370 4416 2547 4467 oratio
2591 4413 2665 4468 ita
2693 4429 2751 4468 se
2780 4412 2977 4475 habet;
3022 4414 3083 4466 Εἰ
3109 4412 3168 4465 δέ
3211 4430 3297 4477 τις
3342 4413 3441 4483 οὑχ
3492 4411 3762 4464 ὑπακούει

2160 4508 2240 4581 τῷ
2265 4509 2354 4563 διὰ
2383 4509 2481 4579 τῆς
2511 4505 2801 4577 ἐπιστολῆς
2830 4504 2991 4576 ἡμῶν
3037 4504 3204 4575 λόγῳ,
3236 4504 3431 4557 τοῦτον
3490 4502 3755 4574 σημειοῦε-

462 4612 551 4658 τις
580 4596 679 4665 οὐχ
702 4592 970 4647 ὑπακούει
1007 4592 1086 4664 τῷ
1132 4592 1277 4662 λόγῳ
1322 4592 1479 4663 ἡμῶν
1522 4590 1603 4661 τῷ
1660 4590 1752 4645 διὰ
1795 4591 1895 4660 τῆς
1927 4592 2053 4644 ὲπι-
2085 4599 2132 4658 Ι)
2160 4600 2254 4654 σθε
2280 4615 2296 4631 ·
2327 4608 2424 4655 aut
2449 4599 2553 4654 hoc
2580 4598 2766 4665 modo,
2800 4598 2863 4651 Εἰ
2895 4596 2955 4651 δέ
2987 4613 3074 4660 τις
3105 4597 3205 4667 οὑχ
3230 4594 3500 4650 ὑπακούει
3551 4594 3631 4665 τῷ
3665 4593 3758 4647 λόο

466 4687 687 4755 στολῆς,
730 4688 924 4742 τοῦτον
977 4684 1330 4757 σημειοῦσθε.
1377 4684 1484 4737 Καὶ
1536 4683 1718 4753 δῆλον,
1751 4683 1833 4737 ὅτι
1872 4682 1933 4737 τὸ
1960 4684 2059 4755 μὲν

461 4781 736 4851 πρότερον
796 4777 907 4833 ἀπὸ
949 4778 1043 4831 τοῦ
1087 4776 1209 4832 καθ’
1244 4776 1551 4847 ὑπερϐατὸν
1594 4775 1932 4843 ἐπανάγεται
1958 4790 1973 4805 ο
1998 4774 2061 4829 τὸ

459 4874 518 4929 δὲ
579 4870 811 4943 ὕστερον
864 4871 1050 4943 ῥηθὲν,
1082 4869 1191 4922 ἀπὸ
1236 4867 1330 4922 τοῦ
1361 4867 1483 4920 κατ’
1509 4866 1749 4936 ἔλλειψιν
1782 4883 2058 4919 κοινοποι-

459 4960 656 5024 οῦντος
714 4961 830 5025 τοῖς
893 4959 1095 5030 ἐφεξῆς
1166 4957 1236 5011 τὰ
1310 4958 1689 5029 προειρημένα
1751 4956 2058 5025 ἀπαρτίζε-

457 5072 573 5108 ται.

530 5150 607 5214 η’.
630 5145 760 5209 Καὶ,
777 5144 904 5207 Τοῖς
933 5142 1209 5206 πλουσίοις
1240 5143 1297 5195 ἐν
1316 5141 1391 5213 τῷ
1409 5139 1505 5194 νῦν
1522 5140 1681 5195 αἰῶνι
1702 5139 2055 5211 παράγγελλε

462 5238 540 5308 μὴ
576 5237 1007 5309 ὑψηλοφρονεῖν
1039 5237 1161 5289 ἀντὶ
1214 5236 1330 5300 τοῦ,
1356 5240 1466 5300 τοῖς
1509 5237 1567 5289 ὲν
1616 5233 1696 5305 τῷ
1747 5233 1845 5287 νῦν
1886 5234 2048 5287 αίῶνι

459 5332 764 5398 πλουσίοις,
790 5331 845 5402 ἢ,
879 5335 991 5394 τοῖς
1038 5330 1315 5394 πλουσίοις
1366 5332 1478 5392 τοῖς
1522 5328 1581 5380 ὲν
1620 5327 1700 5398 τῷ
1731 5327 1825 5391 νῦν
1861 5327 2049 5382 αἰῶνι.

414 5474 431 5505 '
459 5426 595 5487 Καὶ,
624 5424 739 5477 Νῦν
767 5424 948 5495 χαίρω
974 5425 1033 5478 ἐν
1062 5423 1175 5486 τοῖς
1202 5422 1526 5492 παθήμασιν
1550 5421 1692 5493 ὑπὲρ
1713 5419 1871 5491 ὑμῶν
1894 5438 1908 5451 ο
1929 5419 2053 5473 ἀντὶ

457 5516 582 5581 τοῦ,
616 5517 674 5568 ὲν
704 5519 817 5580 τοῖς
847 5517 989 5586 ὑπὲρ
1026 5515 1183 5586 ὑμῶν
1231 5514 1554 5586 παθήμασιν
1577 5530 1592 5546 ο
1624 5513 1659 5584 ἦ
1698 5515 1757 5566 ὲν
1797 5514 1910 5577 τοῖς
1950 5530 2057 5566 πα-

463 5610 677 5680 θήμασι
704 5611 816 5673 τοῖς
845 5609 990 5680 ὑπὲρ
1021 5609 1198 5679 ὑμῶν.

539 5700 606 5756 θ’.
637 5703 760 5756 Ἔτι
780 5702 862 5756 δέ’
888 5703 1001 5773 Τὴν
1023 5702 1207 5773 δέησιν
1227 5701 1577 5773 ποιούμενος,
1610 5699 1703 5753 ἐπὶ
1718 5702 1785 5772 τῇ
1803 5696 2061 5770 κοινωνίᾳ

541 5881 767 5941 "Rom.
808 5900 883 5953 iV,
930 5883 974 5939 l.
1054 5883 1140 5940 "*l
1170 5883 1294 5940 Cor.
1332 5900 1383 5949 κ,
1433 5879 1515 5937 l8.
1596 5881 1635 5916 ⁸⁵
1663 5880 1864 5950 Εμίιεε.
1898 5896 1972 5949 vi,

2161 4709 2245 4763 γῳ
2269 4691 2446 4764 ἡμῶν,
2485 4691 2577 4745 διὰ
2640 4693 2743 4763 τῆς
2804 4689 3100 4758 ἐπιπολῆς
3144 4688 3339 4743 τοῦτον
3392 4686 3757 4759 σημειοῦσθε,

2164 4786 2344 4854 Patet,
2377 4786 2519 4856 quod
2572 4785 2806 4840 istorum
2862 4783 3152 4839 modorum
3196 4782 3369 4853 prior,
3412 4797 3508 4851 per
3557 4781 3765 4853 hyper-

2160 4878 2330 4934 baton
2361 4878 2641 4933 reducitur
2676 4895 2689 4931 :
2728 4877 3003 4946 posterius
3060 4876 3269 4930 dictum
3310 4876 3483 4944 liquet
3520 4890 3619 4944 per
3677 4873 3761 4929 el-

2159 4970 2327 5041 lipsin
2364 4986 2395 5025 a
2426 4970 2808 5041 superioribus
2846 4970 3264 5041 intelligendam
3296 4968 3530 5024 absolvi.

2233 5154 2288 5208 8.
2312 5154 2397 5216 Et,
2446 5153 2572 5217 Τοῖς
2599 5151 2876 5216 πλουσίοις
2914 5152 2972 5204 ὲν
2988 5149 3066 5223 τῷ
3095 5149 3193 5204 νῦν
3217 5150 3375 5204 αἰῶνι
3410 5148 3763 5220 παράγγελλε

2164 5246 2240 5319 μὴ
2280 5247 2694 5318 ὑψηλοφρονεῖν,
2733 5262 2831 5317 pro
2862 5247 2973 5309 τοῖς
3004 5245 3063 5297 ὲν
3091 5244 3173 5315 τῷ
3206 5244 3323 5297 νυνὶ
3374 5243 3535 5298 αἰῶνι
3586 5243 3755 5294 πλου-

2161 5341 2298 5404 σίοις
2337 5356 2350 5371 ·
2382 5349 2457 5406 et,
2488 5339 2604 5392 Νῦν
2629 5340 2804 5411 χαίρω
2838 5339 2896 5391 ὲν
2927 5336 3362 5408 τοῖςὺπὲρὺμῶν
3391 5336 3714 5409 παθήμασιν
3744 5349 3761 5365 ·

2161 5444 2277 5501 aut,
2310 5434 2366 5487 ὲν
2388 5434 2503 5497 τοῖς
2529 5431 2823 5503 παθήμασι
2858 5432 2973 5494 τοῖς
3006 5429 3149 5501 ὑπὲρ
3183 5428 3359 5501 ὑμῶν.

2238 5698 2292 5753 9.
2317 5697 2530 5761 Adhuc,
2558 5696 2670 5770 Τὴν
2708 5697 2892 5772 δέησιν
2918 5695 3260 5770 ποιούμενοι,
3297 5697 3392 5754 ἐπὶ
3420 5700 3487 5771 τῇ
3503 5696 3759 5771 κοινωνίᾳ

2127 5878 2189 5912 ·³⁶
2219 5878 2421 5951 Ephcs.
2462 5895 2546 5943 ιι,
2584 5880 2637 5936 4.
