4158 6428
529 348 651 416 595-

1703 363 1971 426 PHOTII
1999 362 2513 425 PATRIARCH/E
2542 365 2653 427 CP.

3705 364 3812 428 59G

534 464 693 536 ὑμῶν
720 467 787 539 τῇ
824 464 905 534 είς
931 469 995 525 τὸ
1026 469 1387 542 Εὗαγγέλιον.
1411 471 1641 547 Singula
1664 476 1813 532 enim
1846 475 2114 532 antedicta

2225 475 2383 546 ὑμῶν
2411 478 2476 547 τῇ
2506 477 2585 539 είς
2617 472 2677 528 τὸ
2700 472 3037 545 Εὗαγγέλιον
3057 489 3071 505 ·
3106 472 3389 530 τουτέστιν
3418 472 3510 528 ἐπὶ
3535 474 3601 545 τῇ
3646 475 3725 539 είς
3750 486 3813 531 το

528 572 631 627 per
689 568 987 632 utrumque
1020 564 1242 620 modum
1296 565 1541 632 dicendi,
1601 583 1914 638 regressum
1951 568 2007 623 in
2065 566 2119 622 id

529 650 675 719 quod
705 660 789 707 est
819 651 881 707 τὸ
909 654 1088 709 κοινὸν
1120 658 1386 727 recipiant
1416 675 1538 729 :pcr
1561 660 1897 731 hyperbaton:
1932 668 2118 716 autem

530 740 873 811 simpliciter,
917 744 971 800 id
1002 748 1151 817 quod
1187 748 1540 821 liypcrthcsin
1594 754 1802 809 dictum
1840 764 1945 823 est,
1981 769 2119 810 con-

531 832 755 892 texitur.

600 1101 688 1155 10.
712 1102 845 1158 Illud
873 1122 888 1159 :
922 1106 1267 1181 Ἀσπάξομαι
1297 1110 1439 1183 ὑμᾶς
1477 1113 1587 1183 ἐγὼ
1604 1114 1826 1185 Τέρτιος
1847 1116 1875 1169 6
1898 1117 2118 1189 γράψας

525 1193 626 1258 τὴν
658 1196 952 1269 ἐπιστολὴν
982 1200 1040 1253 ἐν
1076 1202 1296 1272 Κυρίῳο
1330 1204 1420 1259 ubi
1458 1205 1611 1269 illud,
1641 1207 1700 1260 ἐν
1763 1209 1977 1280 Κυρίῳ,
2015 1226 2118 1264 an—

529 1299 731 1340 nexum
762 1300 847 1343 est
876 1288 974 1354 illi,
1001 1292 1320 1365 ἀσπάζομαι
1370 1296 1537 1367 ὑμᾶς,
1592 1298 1747 1368 juxta
1811 1316 1969 1357 usum
2029 1317 2119 1357 se-

528 1388 785 1445 quentem
819 1381 1032 1437 dicendi
1059 1386 1305 1441 adﬁnem
1338 1390 1620 1458 repetitur.
1647 1390 1711 1447 Et
1734 1393 1864 1447 illud
1891 1411 1904 1450 :
1927 1394 2119 1458 Ὅπως

528 1469 777 1543 ἐξέληται
805 1475 955 1557 ημᾶς
986 1477 1052 1531 ἐκ
1090 1478 1184 1532 τοῦ
1239 1481 1536 1546 ἐνεστῶτος
1596 1484 1790 1549 αἰῶνος
1839 1485 2114 1558 πονηροῦ’

526 1564 695 1619 simili
762 1568 934 1638 ﬁgura
976 1569 1223 1627 etlertur.
1288 1572 1425 1629 Nam
1475 1591 1579 1630 vox
1638 1578 1878 1650 πονηροῦ
1934 1579 2117 1636 locum

527 1658 782 1726 supplere
809 1660 972 1716 debet
997 1663 1119 1733 ejus
1165 1666 1314 1734 quod
1362 1668 1615 1739 sequitur
1679 1671 1998 1739 ἐνεστῶτος,
2065 1682 2121 1728 et

526 1759 866 1819 postremum
899 1753 1080 1810 locum
1113 1755 1371 1815 absolvit.

594 1932 681 1985 ll.
713 1931 910 1989 lterum
946 1954 960 1991 :
1004 1935 1208 1991 Τούτου
1239 1938 1419 2010 χάριν,
1443 1941 1470 1994 ό
1496 1940 1717 2014 δέσμιος
1742 1942 1853 2012 ἐγὼ
1866 1943 1960 1997 τοῦ
1978 1944 2115 2015 Χρι-

523 2022 651 2075 στοῦ
692 2025 866 2096 Ἰησοῦ
898 2027 1038 2099 ὑπὲρ
1064 2027 1350 2098 ὑμῶντῶν
1387 2032 1560 2086 ἐθνῶν
1582 2050 1597 2064 ·
1645 2034 1805 2104 quasi
1858 2035 2067 2091 diceret
2097 2054 2111 2092 :

522 2114 729 2168 Τούτου
761 2116 943 2188 χάριν,
975 2120 1003 2170 6
1034 2119 1173 2191 ὑπὲρ
1214 2120 1370 2189 ὑμῶν
1400 2122 1510 2175 τῶν
1540 2122 1710 2177 ἐθνῶν
1738 2124 1958 2195 δέσμιος
1980 2126 2117 2199 Χρι-

523 2205 671 2259 στοῦ.
704 2208 918 2277 Captivi
951 2210 1099 2265 enim
1130 2211 1259 2267 Jcsu
1285 2212 1491 2270 Christi
1517 2216 1697 2286 plures
1727 2216 1945 2273 fuerant
1971 2235 2118 2273 mar-

521 2307 688 2368 tyres,
717 2302 812 2356 sed
839 2305 947 2356 non
981 2318 1080 2373 pro
1111 2304 1369 2374 gentibus
1426 2307 1479 2360 in
1530 2323 1807 2364 carcerem
1852 2313 2111 2383 conjecti.

518 2391 633 2446 Non
657 2394 803 2449 enim
837 2395 962 2450 ideo
995 2397 1380 2454 vinciebantur
1411 2410 1465 2455 et
1509 2403 1930 2469 occidebantur,
1967 2406 2111 2475 quod

516 2495 705 2555 gentes
737 2488 1073 2545 adducerent
1105 2492 1172 2545 ad
1217 2492 1521 2559 Christum,
1560 2495 1655 2549 sed
1686 2496 1830 2565 quod
1884 2498 1989 2568 ipsi
2044 2499 2111 2553 li-

516 2582 640 2638 dem
670 2585 722 2639 in
762 2585 1048 2643 Christum
1079 2590 1341 2645 nolebant
1399 2590 1690 2663 abuegare.
1730 2593 1935 2650 Paulus
1989 2596 2112 2651 vin-

516 2686 640 2734 ctus
677 2677 808 2735 Jesu
830 2680 1059 2748 Clu-isti,
1103 2683 1249 2738 haud
1278 2685 1439 2740 aliter
1473 2686 1599 2752 l'uit,
1666 2703 1833 2757 quam
1890 2700 2114 2761 propter

516 2780 742 2841 gentes;
772 2788 971 2844 nempe
1017 2777 1163 2845 quod
1199 2776 1306 2832 illis
1328 2776 1516 2833 Jesum
1554 2777 1860 2846 Christum,
1913 2790 1968 2836 ct
2000 2798 2111 2839 non

516 2871 793 2949 hunc.aut
824 2868 976 2924 illum
1006 2873 1391 2934 annuntiabat,
1446 2874 1657 2928 nullum
1720 2876 2109 2945 particularem

516 2961 818 3029 nominem,
850 2964 946 3018 sed
984 2964 1229 3035 integras
1258 2966 1512 3021 nationes
1548 2966 1614 3020 ad
1640 2968 1922 3024 Christum
1978 2987 2113 3026 con-

518 3061 767 3108 verteret.
795 3055 1095 3125 Eapropter
1112 3057 1361 3127 captivus
1390 3058 1701 3114 tenebatur.
1728 3061 1832 3116 Sed
1865 3063 1931 3119 de
1946 3079 2108 3119 sensu

2225 567 2560 637 Εὐαγγέλιον
2602 565 2861 638 κοινωνίᾳ
2925 564 3117 637 ὑμῶν·
3149 566 3183 638 ἢ
3220 566 3319 620 καὶ
3376 566 3582 629 οὕτως·
3616 567 3707 620 ἐπὶ
3741 571 3811 638 τῇ

2223 660 2484 733 κοινωνίᾳ
2512 642 2670 731 ὑμῶν
2694 663 2763 731 τῇ
2794 661 2874 724 είς
2910 659 2973 713 τὸ
3019 658 3357 728 Εὑαγγέλιον
3380 675 3394 688 ·
3425 658 3657 712 ἕκαστον
3700 659 3813 730 γὰρ

2220 751 2333 808 τῶν
2364 753 2673 824 εἰρημένων
2701 754 2795 822 ἀφ’
2817 750 3085 822 ἐκατέρου
3111 751 3316 822 τρόπου
3356 750 3458 822 τὴν
3505 752 3584 814 είς
3610 750 3672 803 τὸ
3699 769 3813 804 κοι-

2221 848 2313 902 νὸν
2393 846 2654 901 ἐπάνοδον
2720 845 3105 914 ἀπολαμϐάνει
3134 861 3147 874 ·
3197 844 3323 899 καθ’
3374 843 3685 915 ὑπερϐατὸν
3754 844 3813 896 δέ

2221 938 2505 1011 καθαρῶς,
2563 938 2593 992 6
2649 937 2773 991 καθ’
2827 936 3127 1009 ὑπέρθεσιν
3203 936 3466 1007 λέγεται,
3518 936 3812 991 διαπλέκε-

2220 1047 2335 1085 ται.

2294 1119 2455 1185 ι’.Τδ,
2484 1120 2826 1190 ’Δσπάζομαι
2856 1120 3000 1190 ὑμᾶς
3028 1119 3138 1189 ἐγὼ
3164 1120 3385 1191 Τέρτιος
3406 1122 3435 1175 6
3458 1120 3677 1193 γράψας
3707 1120 3809 1191 τὴν

2221 1213 2511 1284 ἐπιστολὴν
2541 1214 2599 1267 ἐν
2630 1213 2821 1284 Κυρίῳ
2848 1229 2862 1245 ο
2893 1213 2954 1267 τὸ
3006 1214 3135 1283 γὰρ,
3164 1215 3220 1266 ἐν
3264 1214 3477 1285 Κυρίῳ,
3531 1214 3810 1267 συναπτό-

2224 1323 2385 1377 μενον
2437 1307 2498 1360 τὸ
2537 1304 2581 1373 ι,
2614 1307 2931 1376 ἀσπάζομαι
2961 1306 3127 1377 ὑμᾶς,
3169 1307 3313 1360 κατὰ
3366 1306 3466 1378 τὴν
3511 1308 3809 1361 ἀκόλουθον

2220 1398 2315 1451 τοῦ
2346 1398 2505 1467 λόγου
2535 1400 2731 1470 χρῆσιν
2758 1398 2895 1468 πρὸς
2924 1397 3002 1468 τῷ
3028 1398 3174 1452 τέλει
3204 1398 3303 1453 νῦν
3325 1399 3668 1454 ἀποδέδοται.
3696 1402 3810 1454 Καὶ

2219 1492 2303 1554 τὸ,
2334 1491 2527 1555 Ὅπως
2560 1490 2812 1562 ἐξέληται
2858 1493 3005 1562 ἡμᾶς
3046 1493 3111 1546 ἐκ
3148 1491 3244 1545 τοῦ
3284 1492 3583 1557 ἐνεστῶτος
3610 1495 3810 1559 αἰῶνος

2221 1584 2461 1657 πονηροῦ
2488 1628 2504 1652 ,
2569 1585 2955 1657 παραπλήσιον
3021 1585 3148 1657 ἔσχε
3226 1585 3319 1640 τὸν
3389 1588 3807 1659 σχηματισμόν*

2218 1680 2281 1733 τὸ
2338 1680 2467 1750 γὰρ,
2528 1678 2792 1750 πονηροῦ,
2844 1678 2944 1751 τὴν
2995 1679 3193 1751 ἐφεξῆς
3216 1679 3312 1733 τοῦ
3358 1681 3658 1742 ἐνεστῶτος
3703 1680 3811 1752 χὼο

2150 1822 2192 1878 Β
2223 1790 2325 1845 ραν
2388 1772 2608 1843 ἐπέχειν
2679 1772 2936 1841 ὀφεῖλον,
2991 1772 3091 1844 τὴν
3160 1773 3402 1845 ἐσχάτην
3484 1772 3809 1845 ἀνεπλήρω-

2219 1883 2335 1920 σεν.

2291 1965 2383 2011 ια’.
2420 1957 2531 2012 Καὶ
2565 1958 2750 2019 πάλιν,
2780 1956 2987 2011 Τούτου
3018 1957 3180 2029 χάριν
3219 1958 3247 2011 ὁ
3279 1955 3500 2027 δέσμιος
3537 1955 3633 2010 τοῦ
3672 1956 3810 2027 Χρι-

2218 2048 2344 2102 στοῦ
2386 2049 2564 2120 Ἰησοῦ
2594 2049 2736 2121 ὑπὲρ
2769 2051 2797 2101 ὑ
2808 2050 2923 2120 μῶν
2948 2048 3059 2103 τῶν
3084 2050 3273 2113 ἐθνῶν,
3298 2043 3430 2111 οἷον,
3460 2049 3666 2101 Τούτου
3706 2048 3810 2118 χά-

2220 2158 2304 2207 ριν
2336 2142 2364 2193 ὁ
2395 2140 2538 2212 ὑπὲρ
2566 2141 2721 2212 ὑμῶν
2742 2141 2851 2195 τῶν
2880 2141 3049 2196 ἐθνῶν
3079 2141 3300 2209 δέσμιος
3314 2138 3409 2193 τοῦ
3436 2138 3677 2210 Χριστοῦ
3699 2138 3809 2206 Ἰη-

2218 2230 2330 2285 σοῦ.
2358 2231 2582 2302 Δέσμιοι
2616 2232 2717 2302 μὲν
2748 2232 2858 2303 γὰρ
2887 2233 3145 2302 γεγόνασι
3197 2229 3290 2284 τοῦ
3341 2229 3581 2301 Χριστοῦ
3625 2228 3807 2299 Ἰησοῦ

2216 2324 2310 2377 καὶ
2338 2323 2528 2377 πολλοὶ
2559 2324 2667 2378 τῶν
2700 2324 3016 2396 μαρτύρων,
3061 2324 3176 2377 ἀλλ’
3197 2324 3295 2394 οὐχ
3326 2324 3467 2394 ὑπὲρ
3489 2321 3595 2375 τῶν
3614 2322 3805 2376 ἐθνῶν.

2215 2419 2289 2472 Οὐ
2322 2419 2430 2487 γὰρ
2456 2418 2539 2472 ὅτι
2568 2418 2637 2471 τὰ
2672 2418 2799 2487 ἔθνη
2833 2417 3111 2488 προσῆγον
3142 2415 3220 2486 τῷ
3255 2414 3481 2486 Χριστῷ
3527 2414 3616 2468 διὰ
3645 2414 3810 2467 τοῦτο

2215 2511 2452 2564 ἐδέδεντο
2480 2512 2574 2564 καὶ
2603 2510 2960 2571 ἐσφάττοντο,
2992 2508 3106 2561 ἀλλ’
3137 2509 3219 2561 ὅτι
3246 2508 3400 2561 αὐτοὶ
3430 2506 3551 2559 καθ’
3573 2508 3805 2571 ἑαυτοὺς

2214 2603 2311 2675 τὴν
2350 2605 2432 2667 εἰς
2460 2602 2695 2673 Χριστὸν
2733 2602 2835 2654 οῦκ
2880 2600 3108 2671 ἡθέτουν
3153 2600 3357 2653 πίστιν.
3409 2598 3547 2651 osse
3595 2597 3809 2663 Παῦλος

2214 2696 2434 2765 δέσμιος
2470 2695 2571 2763 μὲν
2598 2689 2666 2764 ἦν
2712 2692 2807 2746 τοῦ
2839 2692 3078 2764 Χριστοῦ
3128 2690 3324 2763 Ἰησοῦ,
3362 2691 3498 2745 ἀλλά
3532 2694 3625 2744 καὶ
3664 2690 3809 2762 ὑπὲρ

2213 2786 2322 2838 τῶν
2355 2785 2547 2838 ἐθνῶν.
2586 2785 2710 2838 ’Ὁτι
2746 2785 2862 2855 γὰρ
2894 2784 3195 2855 ἐκήρυττεν
3240 2784 3425 2846 αὐτοῖς
3456 2783 3547 2835 τὸν
3572 2783 3811 2854 Χριστὸν

2214 2878 2309 2932 καὶ
2355 2879 2437 2931 ὅτι
2464 2878 2584 2948 ούχὶ
2628 2877 2776 2930 τόνδε
2809 2877 2840 2947 ἢ
2884 2876 3068 2940 τόνδε,
3105 2876 3241 2929 ἀλλά
3290 2877 3383 2929 καὶ
3415 2877 3621 2947 δήμους
3652 2875 3809 2941 ὅλους

2216 2969 2489 3040 μετετίθει
2520 2968 2655 3040 πρὸς
2689 2968 2925 3039 Χριστόν
2945 2980 2974 2998 ’·
3000 2968 3265 3021 διὰτοῦτο
3288 2967 3348 3021 τὸ
3380 2969 3542 3022 πλέον
3572 2967 3811 3023 ἐδέδετο.

2227 3063 2390 3116 Ἀλλά
2416 3063 2547 3133 περὶ
2575 3064 2677 3133 μὲν
2709 3066 2809 3131 τῆς
2840 3066 2897 3115 ἐν
2928 3065 2995 3133 τῇ
3027 3062 3240 3133 διανοίᾳ
3286 3062 3523 3134 θεωρίας
3566 3062 3663 3116 καὶ
3706 3061 3816 3132 τῆς

516 3142 621 3198 ιοοί
653 3144 925 3212 interiori,
954 3158 1010 3202 et
1042 3149 1335 3206 verborum
1367 3152 1792 3223 signiﬁcatione,
1832 3155 1963 3211 alibi
1986 3172 2109 3213 sum

2217 3155 2322 3210 τῶν
2351 3155 2556 3210 λέξεων
2577 3154 2936 3220 ἀναπτύξεως
2963 3157 3020 3210 ἐν
3056 3154 3257 3218 ἄλλοις.

516 3234 788 3292 dicturus.

588 3328 674 3384 l2.
706 3330 786 3384 Ad
817 3347 941 3387 eum
971 3334 1285 3407 tropologia:
1318 3338 1540 3394 modum
1571 3351 1821 3411 spectat:
1857 3344 1920 3397 Οἱ
1947 3342 2003 3396 δέ
2029 3362 2112 3397 πι-

515 3420 674 3483 στοὺς
723 3420 940 3491 ἔχοντες
998 3425 1266 3489 δεσπότας
1316 3430 1391 3499 μὴ
1444 3432 1962 3503 καταφρονείτωσαν
2030 3435 2111 3488 ὅτι

516 3512 734 3581 ἀδελφοί
773 3516 932 3582 εἰσιν,
955 3518 1090 3571 ἀλλά
1123 3519 1331 3589 μᾶλλον
1356 3520 1783 3589 δουλευέτωσαν,
1821 3525 1903 3579 ὅτι
1932 3527 2113 3580 πιστοί

516 3605 622 3658 είσι
659 3605 754 3658 καὶ
776 3608 1070 3676 ἀγαπητοὶ,
1099 3611 1150 3663 οἱ
1179 3611 1280 3681 τῆς
1325 3611 1643 3684 εὐεργεσίας
1717 3615 2113 3686 ἀντιλαμϐανό-

517 3712 671 3765 μειοι
704 3696 737 3766 ἢ
773 3698 1116 3768 μετέχοντες.
1155 3700 1311 3757 Patet
1360 3712 1543 3758 autem
1624 3706 1773 3775 quod
1822 3707 2115 3776 εύργεσίας

517 3785 1046 3858 ἁντιλαμῆανόμενοι
1072 3807 1168 3861 per
1201 3793 1539 3864 hyperbaton
1569 3794 1770 3851 dicitur
1792 3814 1807 3862 ;
1829 3798 2109 3867 proprium

519 3892 650 3934 vero
685 3879 860 3935 locum
888 3880 933 3935 si
976 3882 1297 3953 disponatur
1323 3894 1471 3941 recte
1503 3887 1585 3942 sic
1611 3889 1884 3958 supplebit
1917 3888 2114 3945 εἈλλά

522 3970 724 4040 μᾶλλον
745 3973 792 4025 oi
819 3973 917 4044 τῆς
934 3973 1257 4047 εὐεργεσίας
1273 3976 1826 4050 ἀντιλαμϐανόμενοι,
1850 3982 2108 4039 δουλευέ-

519 4081 721 4129 τωσαν,
758 4066 840 4120 ὅτι
865 4068 1047 4121 πιστοί
1075 4069 1183 4122 είσι
1213 4070 1307 4123 καὶ
1354 4072 1664 4144 ἀγαπητοί’
1726 4090 1921 4147 ncmpe
1967 4078 2112 4149 quod

522 4154 768 4224 ipsorum
806 4156 922 4211 heri
960 4159 1097 4214 tales
1124 4160 1257 4215 sint.

594 4248 678 4303 15.
711 4248 791 4303 Ad
826 4252 1078 4306 eumdem
1113 4253 1334 4309 modum
1373 4262 1428 4309 et
1464 4254 1570 4311 hoc
1607 4256 1863 4326 refertur,
1917 4259 2114 4331 Ὑμεῖς

519 4340 575 4399 δὲ
597 4341 697 4412 οὐχ
733 4342 905 4409 οὕτως
937 4344 1171 4416 ἐμάθετε
1192 4347 1285 4401 τὸν
1314 4348 1571 4419 Χριστὸν,
1608 4351 1726 4419 είγε
1749 4351 1915 4405 αὑτὸν
1937 4352 2109 4423 ἡκού-

523 4451 653 4488 σατε
674 4477 687 4493 .
715 4437 807 4490 καὶ⁵
843 4438 901 4490 ἐν
922 4438 1072 4510 αὑτῷ
1101 4439 1420 4511 ἐδιδάχθητε
1444 4457 1459 4474 ’
1491 4441 1677 4506 καθώς
1699 4444 1847 4497 ἐστιν
1899 4445 1933 4515 ἡ
1978 4444 2112 4515 ἀλή-

2287 3328 2377 3399 ιβ⁹.
2396 3329 2511 3398 Τῆς
2532 3327 2705 3398 αὐτῆς
2733 3326 2914 3397 μέντοι
2940 3326 3302 3399 τροπολογίας
3326 3326 3508 3396 ἔχεται
3534 3325 3724 3379 καὶτό*
3746 3325 3810 3380 Ol

2212 3423 2267 3477 δέ
2294 3423 2519 3483 πιστοὺς
2534 3419 2748 3489 ἔχοντες
2768 3419 3034 3483 δεσπότας
3055 3418 3130 3490 μὴ
3158 3417 3701 3490 καταφρονείτωσαν,
3722 3420 3806 3472 ὅτι

2213 3512 2436 3580 ἀδελφοί
2464 3512 2634 3565 εἰσιν·
2667 3510 2805 3565 ἀλλά
2836 3509 3041 3580 μᾶλλον
3063 3509 3489 3573 δουλευέτωσαν,
3518 3509 3601 3563 ὅτι
3630 3509 3813 3563 πιστοί

2214 3606 2323 3658 είσι
2363 3605 2457 3659 καὶ
2482 3603 2779 3675 ἀγαπητοὶ,
2827 3604 2880 3657 οἱ
2920 3603 3022 3673 τῆς
3060 3601 3382 3675 εὐεργεσίας
3405 3601 3808 3672 ἀντιλαμϐανό-

2217 3713 2369 3767 μενοι
2411 3694 2444 3767 ἢ
2497 3696 2855 3766 μετέχοντες⁹
2912 3696 2975 3751 τὸ
3024 3696 3157 3767 γὰρ,
3222 3697 3273 3750 οί
3324 3697 3430 3767 τῆς
3476 3697 3807 3767 εὐεργεσίας

2214 3775 2762 3859 ἀντιλαμϐανόμενοι,
2810 3788 3047 3861 φανερὸν
3090 3789 3167 3853 ὡς
3208 3789 3634 3861 ύπερτέθειται·
3679 3792 3815 3845 ἀνα-

2216 3881 2503 3954 πληρώσει
2524 3883 2583 3936 δέ
2599 3884 2699 3955 τὴν
2723 3882 2932 3937 οἰκείαν
2962 3881 3147 3953 χώραν
3168 3881 3313 3936 οὕτω
3335 3898 3453 3946 πως
3484 3881 3778 3951 διαταχθέν
3796 3896 3811 3913 ·

2219 3976 2385 4031 ’Λλλά
2447 3976 2651 4047 μᾶλλον
2680 3978 2729 4030 οἱ
2774 3976 2873 4044 τῆς
2911 3975 3233 4045 εὐεργεσίας
3283 3973 3813 4045 ἀντιλαμϐανόμενοι

2213 4064 2638 4131 δουλευέτωσαν,
2666 4066 2747 4119 ὅτι
2776 4064 2955 4118 πιστοί
2981 4066 3085 4118 εἰσι
3120 4064 3215 4119 καὶ
3262 4064 3577 4136 ἀγαπητοί·
3606 4066 3659 4119 οί
3721 4066 3813 4119 δε-

2216 4160 2413 4214 σπόται
2437 4159 2703 4231 δηλονότι.

2290 4258 2380 4320 ιγ’.
2420 4253 2510 4315 Εἰς
2562 4251 2652 4305 τὸν
2679 4251 2846 4305 αὐτὸν
2886 4249 2944 4303 δέ
2974 4250 3178 4323 τρόπον
3227 4249 3560 4323 ἀναφέρεται
3596 4250 3692 4305 καὶ
3726 4251 3811 4313 τέ,

2230 4344 2424 4415 Ὑμεῖς
2443 4345 2500 4399 δὲ
2527 4346 2626 4416 οὐχ
2656 4344 2829 4408 οὕτως
2854 4345 3087 4415 ἐμάθετε
3103 4345 3195 4399 τὸν
3208 4345 3473 4417 Χριστόν·
3510 4345 3626 4414 είγε
3651 4345 3814 4398 αὑτὸν

2215 4437 2491 4510 ἠκούσατε
2508 4438 2604 4492 καὶ
2628 4440 2686 4491 ἐν
2704 4436 2852 4507 αὐτῴ
2879 4438 3219 4509 ἐδιδάχθητε,
3245 4438 3430 4502 καθώς
3454 4439 3603 4492 ἐστιν
3625 4440 3657 4510 ἡ
3678 4438 3814 4507 ἀλή-

522 4526 642 4581 θεια
667 4529 725 4582 ἐν
756 4527 835 4601 τῷ
875 4529 1074 4603 Ἰησοῦ,
1106 4532 1410 4587 ἀποθέσθαι
1432 4533 1579 4605 ὑμᾶς
1606 4534 1748 4589 κατά
1776 4535 1875 4607 τὴν
1916 4514 2112 4608 προτέο
2146 4514 2188 4568 θ
2219 4531 2340 4586 θεια
2364 4532 2423 4583 ἐν
2451 4529 2529 4600 τῷ
2578 4529 2753 4600 Ἰησοῦ
2786 4528 3089 4583 ἀποθέσθαι
3129 4531 3277 4602 ὑμᾶς
3301 4530 3444 4585 κατά
3479 4530 3579 4602 τὴν
3619 4530 3816 4601 προτέ-

525 4636 623 4689 ραν
648 4622 992 4695 ἀναστροφὴν
1038 4625 1129 4678 τὸν
1176 4623 1411 4680 παλαιὸν
1462 4626 1771 4696 ἄνθρωπον.
1823 4627 1939 4684 Nisi
1967 4630 2115 4684 cnim

522 4710 712 4766 ordine
744 4722 952 4770 mutato
977 4714 1268 4771 dicerenus
1294 4734 1308 4770 :
1340 4716 1828 4789 Ἀποθέσθαιύμᾶς
1857 4722 1948 4773 τὸν
1977 4720 2118 4775 κατά

521 4805 622 4877 τὴν
650 4807 923 4879 προτέραν
952 4808 1301 4881 ἀναστροφὴν
1329 4808 1556 4862 παλαιὸν
1584 4809 1870 4883 ἄντρωπον
1892 4827 1909 4844 ⁶
1946 4822 2041 4868 aut
2070 4814 2117 4869 si

522 4899 681 4967 velis,
722 4900 1052 4956 ’Λποθέσθαι
1085 4902 1231 4973 ὑμᾶς
1254 4901 1347 4957 τὸν
1391 4902 1623 4957 παλαιὸν
1680 4903 1993 4976 ἄνθρωπον,
2020 4906 2111 4960 τὸν

522 4993 666 5047 κατὰ
708 4995 807 5066 τὴν
852 4994 1129 5067 προτέραν
1171 4996 1522 5068 ἀναστροφήν
1547 5012 1561 5026 '
1618 4996 1772 5053 locus
1816 5014 1981 5055 sensu
2023 5001 2116 5055 de-

522 5086 862 5141 stitueretur.

601 5179 684 5233 44.
730 5178 807 5233 Ita
836 5185 891 5231 et
926 5177 979 5231 in
1010 5178 1153 5245 istis,
1189 5180 1309 5234 Ἵνα
1330 5180 1425 5252 δῳ,
1458 5180 1602 5235 κατὰ
1635 5180 1727 5235 τὸν
1757 5181 1991 5236 πλοῦτον
2014 5183 2111 5254 τῆς

524 5269 683 5341 δόξης
710 5271 879 5326 αὑτοῦ
910 5272 1140 5343 δυνάμει
1168 5274 1579 5347 κραταιωθῆναι
1603 5274 1695 5329 διὰ
1718 5274 1813 5328 τοῦ
1854 5276 2112 5348 Πνεῦμα·

528 5381 619 5430 τος
646 5364 812 5419 αὑτοῦ
857 5365 939 5431 είς
984 5368 1074 5420 τὸν
1125 5368 1233 5423 ἔσω
1280 5371 1607 5441 ἅνθρωπων,
1658 5373 1986 5442 κατοικῆσαι
2026 5368 2117 5423 τὸν

530 5457 762 5529 Χριστὸν
813 5458 906 5533 διᾲ
930 5461 1030 5532 τῆς
1064 5462 1299 5529 πίστεως
1329 5464 1389 5519 ἐν
1418 5466 1540 5531 ταῖς
1572 5463 1825 5537 καρδίαις
1860 5463 2037 5533 ὑμῶν,
2058 5464 2119 5520 ἐν

2225 4642 2325 4695 ραν
2381 4624 2728 4696 ἀναστροφὴν
2779 4623 2871 4678 τὸν
2908 4624 3133 4677 παλαιὸν
3164 4625 3472 4696 ἄνθρωπον.
3508 4626 3571 4677 Et
3604 4625 3679 4695 μὴ
3708 4624 3816 4694 γὰρ

2225 4717 2558 4791 ὑπερθέντες
2585 4718 2722 4774 εἴποι
2738 4735 2859 4788 μεν,
2892 4716 3221 4772 Ἀποθέσθαι
3244 4718 3389 4783 ὑμᾶς
3415 4717 3506 4771 τὸν
3539 4716 3681 4771 κατά
3715 4717 3817 4787 τὴν

2221 4812 2496 4883 προτέραν
2530 4811 2880 4881 ἀναστροφὴν
2908 4810 3137 4866 παλαιὸν
3169 4810 3459 4881 ἄνθρωπον
3479 4828 3493 4843 ο
3532 4811 3591 4881 ἢ,
3618 4812 3667 4863 εί
3697 4810 3818 4880 βού·

2222 4906 2324 4970 λει,
2356 4904 2682 4960 Ἀποθέσθαι
2702 4905 2847 4974 ὑμᾶς
2872 4903 2963 4956 τὸν
2986 4903 3219 4958 παλαιὸν
3243 4903 3533 4973 ἄνθρωπον
3556 4902 3647 4956 τὸν
3675 4903 3817 4955 κατά

2225 4998 2324 5068 τὴν
2348 4998 2624 5071 προτέραν
2654 4997 3008 5070 ἀναστροφὴν
3060 4998 3143 5061 είς
3185 4997 3508 5067 ἀδιανόητον
3533 4995 3599 5051 ἂν
3659 5012 3818 5067 περι-

2222 5092 2535 5163 ἐνεχθέντες
2567 5090 2653 5162 εἴη
2662 5108 2783 5161 μεν.

2297 5183 2376 5237 ιδ’.
2399 5183 2510 5236 Καὶ
2533 5183 2598 5255 δὴ
2623 5182 2717 5237 καὶ
2749 5183 2807 5235 ἐν
2830 5180 2931 5253 τῷ,
2961 5181 3081 5237 Ἵνα
3107 5181 3184 5253 δῷ
3203 5180 3345 5235 κατὰ
3360 5181 3451 5234 τὸν
3470 5180 3700 5233 πλοῦτον
3716 5178 3818 5249 τῆς

2222 5274 2380 5345 δόξης
2408 5274 2574 5328 αὑτοῦ
2607 5274 2837 5345 δυνάμει
2868 5272 3278 5345 κραταιωθῆναι
3304 5272 3395 5326 διὰ
3440 5271 3534 5325 τοῦ
3568 5270 3818 5340 [Ινεύμα-

2223 5386 2315 5432 τος
2345 5367 2509 5422 αὐτοῦ
2533 5369 2613 5432 είς
2636 5368 2725 5421 τὸν
2755 5370 2864 5420 ἐσω
2882 5367 3194 5437 ἄνθρωπον,
3219 5365 3549 5435 κατοικῆσαι
3570 5362 3663 5417 τὸν
3686 5364 3818 5432 Χρι-

2228 5461 2352 5517 στὸν
2372 5460 2462 5516 διὰ
2494 5464 2596 5535 τῆς
2619 5462 2855 5526 πίστεως
2885 5461 2944 5517 ἐν
2962 5462 3084 5526 ταῖς
3107 5458 3359 5531 καρδίαις
3386 5457 3563 5530 ὑμῶν,
3591 5457 3650 5513 ἐν
3674 5454 3815 5526 ἀιγά-

1808 5691 2051 5751 νΑῐὶΙιΕ
2088 5692 2492 5750 ιΕρΤεοΝιεδ.

628 5845 636 5881 ¹
670 5845 760 5902 ἷσ.
796 5848 898 5918 τῷ.
