4158 6440
391 334 500 409 59Ὶ

1339 342 1442 404 AD
1472 335 2075 403 AMPHILOCHIUM
2107 335 2461 407 OUIESTIO
2496 335 2717 401 XCIII.

3591 338 3697 405 598

391 468 475 525 πῃ
500 447 865 524 ἐρριζωμένοι
894 447 988 504 καὶ
1015 448 1512 522 τεθεμελιωμένον
1548 449 1636 503 ἵνα
1653 444 1982 517 ἐξισχύσητε
2009 442 2062 504 Α
2088 445 2277 517 ἀγάπῃ
2320 445 2685 517 ἐρριζωμένοι
2748 443 2843 500 καὶ
2891 445 3382 519 τεθεμελιωμένοι,
3436 445 3524 502 ἴνα
3580 449 3693 514 ἐξι-

390 540 800 599 καταλαϐέσθαι
830 542 928 596 σὺν
964 544 1097 598 πᾶσι
1125 543 1239 606 τοῖς
1266 541 1444 609 ἁγίοις
1470 540 1522 595 τί
1559 539 1620 594 τὸ
1652 539 1856 603 πλάτος
1888 537 1988 592 καὶ

397 636 595 706 μῆκος.
628 633 724 687 καὶ
761 633 945 703 βάθος,
981 633 1079 687 καὶ
1102 632 1258 703 ὕψος.
1304 631 1395 686 Ἐν
1458 629 1635 701 τούτῳ
1690 628 1987 701 τοιγαροῦν

391 725 472 795 τῷ
493 726 702 796 χωρίῳ,
736 724 874 788 εἴτις
921 725 1004 792 τὸ,
1036 727 1093 777 ἐν
1125 725 1321 796 ἀγάπῃ
1360 721 1725 796 ἐρριζωμένοι
1772 723 1869 775 καὶ
1894 736 1988 775 τε-

396 813 811 884 θεμελιωμένοι,
839 815 904 885 τῇ
929 812 1295 885 ὑπερτεθείσῃ
1316 811 1461 878 λέξει
1489 812 1565 884 μὴ
1596 808 1871 876 ὑποτάξας
1894 808 1987 865 οῦ·-

392 920 476 956 τω
506 904 606 974 τὴν
637 902 950 972 σύμφρασιν
994 903 1077 967 είς
1113 903 1175 957 τὸ
1226 903 1369 956 κατὰ
1399 902 1562 972 φύσιν
1599 901 1724 973 ἔχον
1780 903 1988 956 ἐπανα-

398 994 643 1064 στρέψει,
701 991 1145 1063 βαρϐαρίζουσαν
1193 988 1351 1058 οὗτος
1406 992 1675 1064 ὑπόληψιν
1725 990 1806 1063 τῷ
1856 990 1988 1063 θείῳ

395 1086 595 1156 Παύλῳ
626 1085 885 1155 περιάψει
911 1102 927 1117 ο
961 1086 1024 1140 τὸ
1056 1087 1242 1155 μέντοι
1283 1086 1658 1157 διηρθωμένον
1684 1095 1723 1125 ω
1780 1084 1865 1157 εἴη
1920 1084 1988 1141 ἂν

391 1177 657 1232 τοιοῦτον
688 1177 806 1231 Ἵνα
836 1180 895 1232 ἐν
924 1181 1116 1251 ἀγάπῃ
1141 1179 1503 1252 ἐρριζωμένοι
1529 1179 1627 1232 καὶ
1656 1177 1989 1248 τεθεμελιω-

394 1272 552 1344 μένοι
588 1272 919 1343 ἐξισχύσητε
945 1274 1397 1329 καταλαϐέσθαι·
1428 1275 1526 1329 καὶ
1560 1273 1713 1345 ὲξῆς.
1754 1275 1863 1328 Καὶ
1885 1275 1988 1346 ὅρα

389 1365 542 1429 ὅπως
594 1363 909 1435 ἔμπροσθεν
959 1365 1057 1437 μὲν
1096 1369 1210 1431 τοῖς
1260 1369 1336 1438 μὴ
1371 1367 1653 1439 προορῶσι
1694 1366 1757 1420 τὸ
1789 1367 1991 1421 ἀνακε-

391 1457 721 1528 χωρημένον
751 1458 844 1511 καὶ
879 1459 1046 1528 σοφὸν
1069 1458 1179 1512 τῶν
1218 1460 1484 1531 ῥημάτων
1514 1460 1693 1514 ἐδόκει
1727 1460 1803 1513 τὸ·
1824 1458 1991 1532 ῥητὸν

2089 538 2328 611 σχύσητε
2363 538 2767 593 καταλαϐέσθαι
2796 539 2891 593 καλ⁸
2928 540 3025 593 σὺν
3066 541 3205 594 πᾶσι
3241 542 3355 605 τοῖς
3393 540 3574 609 ἁγίοις
3641 542 3695 594 τί

2085 630 2150 687 τὸ
2204 631 2431 695 πλάτος,
2495 631 2591 685 καὶ
2651 631 2849 703 μῆκος,
2917 633 3013 686 καὶ
3062 632 3248 703 βάθος,
3278 633 3373 686 καὶ
3400 632 3557 703 ὑψος.
3582 630 3686 687 Ubi

2089 724 2136 780 si
2166 724 2292 795 quis
2320 723 2451 777 illud
2488 740 2502 776 :
2551 723 2639 778 Ἑν
2669 723 2860 796 ἀγάπῃ
2896 724 3263 795 ἐρριζωμένοι
3308 724 3407 778 καὶ
3458 724 3694 794 τεθεμε-

2088 812 2366 883 λιωμένοι,
2394 814 2620 869 dictioni
2652 815 2999 883 transpositaa
3032 831 3142 869 non
3169 816 3455 885 subjiciat,
3494 816 3541 871 is
3559 832 3694 870 con-

2089 904 2381 961 nexionem
2410 904 2515 959 loci
2557 904 2610 957 in
2649 903 2699 958 id
2726 945 2740 971 ,
2781 904 2928 974 quod
2980 912 3176 960 natura
3226 905 3491 973 postulat,
3555 920 3694 961 c0n-‘

2092 1007 2331 1058 vertens.
2371 997 2670 1053 barbarum
2713 1011 2938 1052 sensum
2993 998 3180 1052 divino
3230 996 3401 1052 Paulo
3439 999 3687 1069 aﬂinget:

2091 1088 2364 1144 sententia
2402 1088 2504 1141 rite
2532 1088 2901 1143 etarticnlate
2935 1088 3170 1158 prolata,
3212 1088 3327 1143 haec
3373 1096 3458 1143 est
3497 1105 3511 1143 :
3574 1089 3693 1143 Ἵνα

2091 1181 2149 1234 ἐν
2171 1180 2362 1251 ἀγάπῃ
2388 1178 2753 1253 ἐρριζωμένοι
2800 1180 2897 1234 καὶ
2958 1179 3423 1251 τεθεμελιωμένοι
3473 1179 3689 1252 ἐξισχύ-

2093 1290 2224 1343 σητε
2259 1272 2691 1340 καταλαϐέσθαι,
2732 1281 2839 1327 etc.
2876 1271 3093 1327 Videsis
3121 1279 3310 1327 autem
3341 1272 3578 1342 qualiter
3623 1272 3692 1327 iis

2091 1366 2187 1438 qui
2218 1366 2287 1421 ab
2317 1374 2432 1420 arte
2456 1380 2565 1421 non
2620 1365 2925 1436 prmvitterrt
2985 1364 3039 1419 id
3067 1364 3214 1433 quod
3271 1363 3579 1431 resultabit,
3637 1373 3692 1418 et

2092 1471 2257 1527 quam
2288 1453 2584 1525 prudenter
2615 1453 2768 1508 terba
2801 1452 2912 1509 sint
2945 1452 3239 1523 disposita,
3304 1452 3539 1508 barbare
3596 1466 3691 1508 so-

2094 1562 2227 1601 nare
2252 1545 2527 1600 videbitur
2585 1542 2816 1608 dictum,
2847 1552 2910 1598 ut
2969 1543 3146 1621 ﬁgura
3210 1542 3305 1599 ubi
3352 1543 3686 1614 comparuit,

2095 1654 2203 1694 una
2231 1638 2435 1708 patebit
2461 1646 2515 1692 et
2543 1636 2780 1692 illustris
2802 1635 2962 1691 ordo.

398 1551 678 1623 βάρϐαρον
704 1567 718 1581 ·
750 1553 1119 1625 ἀναφανείσης
1145 1553 1202 1608 δὲ
1221 1558 1319 1627 τῆς
1359 1555 1594 1627 τροπῆς,
1642 1556 1989 1627 συνανεφάνη

396 1645 492 1697 καὶ
520 1644 581 1697 τὸ
612 1645 937 1714 ἐμμέθοδον.

468 1740 552 1788 ιε’.
570 1734 644 1787 Τὸ
672 1733 806 1789 αὑτὸ
821 1735 876 1789 δέ
903 1730 1045 1799 εἶδος
1063 1734 1476 1808 καθορᾶταικαὶ
1503 1734 1632 1791 ἔνθα
1653 1737 1841 1808 φησὶν,
1864 1739 1987 1803 Τοῖς

2169 1730 2257 1786 15.
2293 1729 2495 1784 Eadem
2520 1728 2696 1785 forma
2728 1730 2975 1783 cernitur
3004 1735 3060 1783 et
3090 1727 3183 1784 ubi
3230 1727 3334 1784 ista
3386 1728 3507 1785 ait:
3563 1729 3691 1795 Τοῖς

396 1824 497 1895 μὲν
550 1824 674 1881 καθ’
712 1827 994 1899 ὑπομονὴν
1049 1827 1213 1898 ἔργον
1264 1828 1476 1897 ἀγαθοῦ
1513 1829 1673 1894 δόξαν
1703 1830 1797 1883 καὶ
1818 1828 1989 1902 τιμὴν
2024 1810 2067 1867 Β
2098 1825 2199 1897 μὲν
2229 1824 2355 1878 καθ’
2384 1823 2664 1893 ὑπομονὴν
2718 1821 2883 1892 ἔργον
2928 1820 3139 1891 ἀγαθοῦ
3173 1822 3333 1889 δόξαν
3379 1824 3474 1877 καὶ
3499 1823 3691 1896 τιμὴν,

394 1916 490 1969 καὶ
521 1917 839 1988 ἀφθαρσίαν
872 1918 1132 1990 ζητοῦσιν
1164 1919 1312 1989 ζωὴν
1344 1910 1567 1974 α’ίώνιον
1587 1938 1603 1953 ο
1633 1921 1985 1993 ὑπερϐέϐηκε

2094 1917 2405 1989 ἀφθαρσίαν
2434 1912 2726 1969 ἀποδώσει.
2748 1913 2985 1969 Attende
3008 1923 3191 1969 autem
3214 1915 3681 1987 quemadmodum

392 2006 503 2078 γὰρ
563 2008 849 2064 κανταῦθα
889 2012 973 2077 τὸ,
1024 2010 1251 2083 ζητοῦσι
1277 2011 1422 2083 ζωὴν
1450 2012 1670 2067 αίώνιον
1698 2029 1712 2044 ⁸
1744 2014 1840 2068 καὶ
1870 2015 1987 2069 ἔστι

2101 2025 2210 2065 una
2245 2024 2369 2063 cum
2401 2005 2702 2078 hyperbato
2726 2005 2833 2058 ἀπὸ
2858 2003 2954 2058 τοῦ
3002 2002 3209 2071 κοινοῦ,
3252 2004 3505 2074 repetitio
3564 2012 3689 2060 est:

389 2099 453 2152 τὸ
478 2100 622 2155 κατά
670 2103 809 2156 πόδα
839 2104 941 2175 τῆς
985 2105 1282 2175 ἑρμηνείας
1311 2123 1324 2136 ’
1362 2105 1492 2170 Τοῖς
1547 2106 1674 2161 καθ’
1706 2107 1987 2181 ὑπομονὴν

2094 2108 2233 2162 Nam
2264 2100 2541 2157 ἀποδώσει
2569 2100 2621 2154 ἰιι
2661 2098 2769 2153 ﬁne
2797 2099 3071 2169 adjectum
3130 2110 3185 2154 et
3240 2100 3332 2156 hic
3361 2100 3689 2155 assumitur.

391 2193 557 2265 ἔργον
588 2196 798 2266 ἀγαθοῦ
828 2198 1055 2271 ζητοῦσι
1081 2198 1228 2271 ζωὴν
1249 2200 1489 2267 αἰώνιον,
1514 2202 1673 2270 δόξαν
1696 2204 1791 2259 καὶ
1816 2205 1985 2278 τιμὴν
2024 2206 2120 2262 καὶ
2185 2200 2499 2273 ἀφθαρσίαν
2558 2195 2855 2252 ἀποδώσειο
2889 2194 2999 2250 Kal
3023 2195 3217 2250 σκόπει
3242 2214 3334 2267 μοι
3359 2196 3524 2251 πάλιν
3541 2200 3693 2262 ὅπως

392 2290 741 2360 συνανεφάνη
793 2290 873 2362 τῷ
922 2292 1217 2364 ὑπερϐατῷ
1247 2295 1281 2364 ἡ
1310 2294 1406 2349 τοῦ
1445 2295 1553 2350 ἀπὸ
1598 2298 1780 2352 κοινοῦ
1807 2301 2212 2373 μεταχείρισις⁶
2240 2297 2301 2350 τὸ
2349 2294 2480 2365 γὰρ,
2539 2289 2833 2357 ἀποδώσει,
2862 2288 3091 2342 ὄπισθεν
3118 2289 3287 2360 ῥηθὲν
3315 2291 3413 2344 καὶ
3444 2290 3687 2345 ἐνταῦθα

395 2385 813 2453 συνεφέλκεται.

463 2491 562 2550 ις’.
599 2484 683 2537 Τά
718 2484 905 2557 μέντοι
933 2501 998 2553 γε
1026 2483 1120 2539 τοῦ
1162 2487 1530 2559 προκειμένου
1578 2487 1747 2561 ῥητοῦ
1784 2489 1985 2560 ἐφεξῆς

2158 2483 2244 2539 16.
2277 2483 2409 2551 Quae
2429 2494 2562 2553 ergo
2582 2479 2635 2535 in
2655 2475 2916 2550 praesenti
2934 2477 3209 2532 sententia
3229 2484 3557 2547 sequuntur,
3586 2475 3658 2533 ha
3673 2506 3691 2519 -

386 2574 573 2647 έχουσι
607 2575 709 2647 μὲν
737 2576 832 2630 καὶ⁵
858 2576 999 2630 αὑτά
1028 2578 1088 2631 τὺ
1116 2579 1225 2633 ἀπὸ
1276 2579 1461 2634 κοινοῦ
1482 2596 1497 2612 ο
1526 2578 1711 2651 έχουσι
1741 2580 1786 2634 δ’
1809 2581 1893 2644 είς
1924 2579 1987 2633 τὺ

2090 2577 2289 2634 bentur
2309 2595 2324 2645 ;
2346 2586 2395 2631 et
2430 2576 2518 2629 illa
2541 2588 2661 2644 quae
2686 2569 2990 2626 ἀπὺκοινοῦ
3020 2568 3403 2641 intelliguntur
3436 2589 3449 2624 :
3488 2569 3693 2625 habent

385 2667 727 2739 καλούμενον
756 2667 971 2741 ζεῦγμα
987 2671 1463 2744 ἀπομεριζόμενόν
1482 2691 1542 2728 τε
1567 2675 1661 2728 καὶ
1681 2676 1985 2730 εἰδοποιού-
2091 2680 2273 2725 autem
2303 2677 2358 2723 et
2382 2667 2433 2722 in
2467 2681 2534 2722 eo
2558 2663 2703 2736 quod
2741 2663 2980 2730 Zeugma
3010 2662 3320 2731 appellatur
3350 2661 3689 2715 abstractum

392 2778 579 2832 μενον.
611 2761 686 2814 Τὸ
720 2762 854 2835 γὰρ,
889 2762 1243 2835 Πειθομένοις
1269 2765 1325 2819 δὲ
1348 2768 1413 2836 τῇ
1441 2764 1645 2838 ἀδικίᾳ,
1679 2767 1849 2838 θυμὸς
1889 2768 1986 2822 κα)⁸

2089 2770 2144 2816 et
2165 2759 2561 2830 speeiticatum.
2587 2754 2719 2810 Illud
2740 2756 2887 2808 cnim
2916 2770 2929 2807 :
2958 2770 2977 2804 ι
3005 2752 3357 2823 Πειθομένοις
3386 2751 3444 2805 δὲ
3476 2755 3544 2823 τῇ
3572 2751 3690 2805 ἀδι-

384 2852 527 2923 όργὴ
564 2852 660 2906 καὶ
713 2853 896 2923 θλίψις
959 2856 1055 2907 καὶ
1100 2856 1430 2928 στενοχωρία
1473 2857 1568 2911 ἐπὶ
1600 2861 1784 2913 πᾶσαν
1803 2856 1984 2928 ψυχὴν
2093 2850 2209 2922 κίᾳ,
2246 2848 2420 2921 θυμὸς
2452 2848 2550 2902 καὶ
2577 2847 2740 2918 ὀργὴ,
2788 2844 2884 2898 καὶ
2942 2843 3146 2914 θλίψις,
3203 2843 3301 2896 καὶ
3356 2843 3694 2915 στενοχωρία

388 2943 685 3016 ἀνθρώπου
722 2943 821 2999 τοῦ
847 2946 1331 3018 κατεργαζομένου
1367 2948 1429 3002 τὸ
1478 2950 1672 3013 κακὸν,
1723 2951 1983 3006 Ἰουδαίου
2094 2944 2196 2998 ἐπὶ
2232 2945 2417 2997 πᾶσαν
2449 2941 2631 3013 ψυχὴν
2692 2936 3010 3010 ἀνθρώπου,
3060 2936 3156 2991 τοῦ
3209 2937 3692 3008 κατεργαζομένου

391 3054 455 3089 τε
508 3037 727 3109 πρῶτον
779 3038 877 3092 καὶ
909 3038 1193 3109 Ἕλληνος,
1228 3041 1331 3095 οὑκ
1361 3042 1427 3095 ἂν
1453 3043 1869 3115 ἀπηρτισμένον
1895 3044 1982 3117 εἴη
2092 3036 2152 3090 τὸ
2176 3037 2369 3101 κακὸν,
2411 3033 2667 3089 Ἰουδαίου
2705 3049 2765 3085 τε
2800 3030 3017 3101 πρῶτον
3052 3030 3147 3084 καὶ
3193 3029 3488 3100 Ἕλληνος·
3528 3047 3548 3081 ι
3581 3044 3690 3084 non

399 3130 452 3181 εί
497 3128 573 3199 μὴ
626 3128 914 3199 ἐλκυσθείη
966 3129 1131 3184 πάλιν
1160 3130 1240 3197 τὸ,
1278 3131 1571 3198 ἀποδώσει,
1606 3132 1986 3203 σχηματισθὲν

2093 3137 2243 3183 esset
2293 3126 2535 3199 perfecta
2599 3125 2894 3186 sententia.
2932 3123 3037 3178 nisi
3096 3124 3295 3178 iterum
3355 3121 3691 3186 attrahatur,

388 3222 474 3285 είς
507 3222 591 3288 τὸ,
615 3221 1034 3293 ἀποδοθήσεται.
1066 3223 1246 3291 Ὅπερ
1267 3222 1551 3289 ἐξακούειν
1569 3224 1751 3296 δεήσει
1776 3225 1872 3280 καὶ
1888 3226 1981 3279 ἐπὶ

2088 3217 2358 3275 ἀποδώσει
2406 3218 2642 3275 formata
2679 3231 2775 3288 per
2804 3214 3229 3285 ἀποδοθήσεται,
3257 3213 3404 3285 quod
3457 3212 3690 3269 omnino

384 3314 505 3377 τοῦ,
530 3314 666 3382 Δόξα
690 3314 747 3367 δὲ
782 3315 877 3368 καὶ
904 3313 1039 3386 τιμὴ
1086 3315 1181 3369 καὶ
1239 3317 1431 3388 εἰρήνη
1484 3317 1650 3370 παντὶ
1695 3318 1773 3389 τῷ
1818 3319 1984 3389 ἐργα-

2088 3311 2421 3381 subintelligi
2450 3310 2614 3365 debet
2644 3310 2698 3363 in
2725 3308 2815 3372 iis,
2841 3306 2969 3371 δόξα
2984 3306 3061 3371 δὲ,
3087 3307 3182 3360 καὶ
3203 3306 3361 3377 τιμὴ,
3392 3304 3691 3376 καὶείρήνη

384 3403 603 3477 ζομένῳ
658 3406 718 3460 τὸ
771 3406 982 3476 ἀγαθον
1040 3406 1283 3479 Ἰουδαίῳ
1342 3425 1403 3461 τε
1465 3408 1683 3481 πρῶτον
1731 3411 1829 3464 καὶ
1857 3410 1985 3464 Ἕλ-
2086 3404 2255 3459 παντὶ
2283 3402 2363 3475 τῷ
2386 3402 2744 3475 ἐργαζομένῳ
2770 3398 3005 3470 ἀγαθὸν,
3075 3397 3318 3469 Ἰουδαίῳ
3359 3414 3424 3451 τε
3474 3396 3692 3469 πρῶτον

384 3497 530 3568 ληνι.

463 3587 548 3656 ιζ’.
579 3592 628 3645 Ν
637 3592 689 3644 1i.
719 3590 786 3665 δὴ
813 3595 881 3663 τῇ
916 3593 1025 3647 ἀπὸ
1051 3594 1236 3649 κοινοῦ
1271 3597 1448 3669 τροπῇ
1500 3596 1981 3669 διαμεμόρφωται,

388 3682 486 3737 καὶ
515 3682 596 3735 τοο
631 3682 756 3735 Εἴτε
803 3682 1125 3755 θλιϐόμεθα,
1173 3685 1314 3757 ὑπὲρ
1342 3687 1442 3757 τῆς
1481 3686 1637 3757 ὑμῶν
1691 3687 1983 3759 παρακλή-

387 3792 558 3841 σεως·
594 3777 677 3831 δεῖ
713 3776 825 3850 γάρ
860 3778 1026 3833 πάλιν
1081 3781 1643 3853 προσυπακουσθῆναι
1688 3782 1772 3851 τὸ,
1803 3781 2005 3836 θλιϐότ

385 3868 553 3942 μεθα.

462 3970 551 4036 ιη’.
589 3964 805 4038 Ὥσπερ
834 3964 931 4019 καὶ
957 3966 1014 4019 ἐν
1036 3963 1135 4037 τῷ,
1172 3965 1300 4019 Ehe
1340 3965 1812 4037 παρακαλούμεθα
1838 3967 1983 4039 ὑπὲρ

382 4057 486 4128 τῆς
508 4059 663 4128 ὑμῶν
696 4057 1101 4129 παρακλήσεως
1135 4058 1229 4112 καὶ
1249 4057 1526 4128 σωτηρίας
1544 4074 1558 4087 ·
1576 4058 1784 4129 ὀφείλει
1808 4075 1982 4131 προσ.

390 4149 769 4221 επισυνῆφθαι
806 4150 889 4215 τὸ,
918 4150 1408 4221 παρακαλούμεθα.

458 4242 547 4299 ιϐ’.
585 4243 697 4298 Καὶ
726 4242 811 4311 τὸ,
830 4243 955 4297 Ehe
982 4243 1094 4315 γὰρ
1110 4243 1435 4314 ἐξέστημεν,
1462 4242 1610 4317 Θεῷ·
1632 4244 1743 4298 εἴτε
1764 4260 1981 4316 σωφρο-

383 4335 609 4407 νοῦμεν,
630 4336 761 4408 ὑμῖν
779 4352 795 4366 ·
830 4338 910 4400 είς
933 4337 1029 4391 τὸν
1053 4336 1219 4390 αὑτὸν
1246 4336 1420 4390 τύπον
1451 4337 1885 4409 ἐσχημάτισται·
1920 4336 1982 4391 τὸ

384 4428 495 4501 γὰρ
526 4430 760 4497 ἐντελὲς,
792 4431 922 4484 Εἴτε
960 4430 1071 4503 γάρ
1124 4429 1450 4501 ἐξέστημεν,
1492 4428 1614 4502 Θεῷ
1641 4430 1977 4501 ἐξέστημενο

385 4520 499 4575 εἴτε
529 4520 938 4594 σωφρονοῦμεν,
959 4523 1088 4594 ὑμῖν
1124 4521 1539 4595 σωφρονοῦμεν.

454 4692 529 4750 κ’.
562 4692 818 4749 Μάλιστα
865 4694 924 4748 δὲ
950 4693 1237 4760 πλεονάζει
1262 4694 1333 4750 τά
1372 4695 1643 4768 εἰρημένα
1672 4697 1730 4751 ἐν
1759 4697 1839 4771 τῷ
1865 4717 1978 4769 χω-

2086 3496 2186 3551 καὶ
2214 3496 2462 3567 Ἕλληνι.

2158 3589 2246 3644 17.
2268 3587 2445 3642 Etiam
2476 3596 2529 3643 et
2559 3602 2654 3659 per
2672 3586 3091 3644 conversionem
3123 3584 3233 3641 ἀπὸ
3253 3582 3352 3639 τοῦ
3376 3583 3559 3639 κοινοῦ
3574 3582 3691 3639 for-

2084 3693 2293 3738 matur.
2351 3680 2418 3736 Ει
2451 3680 2597 3737 istud
2640 3698 2653 3735 :
2697 3679 2823 3734 Ehe
2860 3678 3161 3751 θλιϐόμεθα
3213 3678 3355 3750 ὑπὲρ
3384 3676 3484 3747 τῆς
3534 3675 3691 3749 ὑμῶν

2086 3772 2524 3847 παρακλήσεως·
2585 3788 2714 3829 nam
2765 3773 2950 3830 denuo
3005 3768 3531 3842 subintelligendurn
3605 3779 3693 3825 est

2085 3866 2406 3938 θλιϐόμεθα.

2155 3958 2246 4014 18.
2282 3957 2355 4013 Ut
2381 3966 2432 4014 et
2461 3956 2518 4013 in
2553 3957 2678 4016 istis
2707 3978 2721 4016 :
2757 3960 2884 4016 Εἴτε
2914 3962 3391 4036 παρακαλούμεθα
3418 3963 3567 4037 ὑπὲρ
3584 3962 3685 4033 τῆς

2084 4052 2240 4123 ὑμῶν
2284 4052 2692 4124 παρακλήσεως
2743 4054 2842 4110 καὶ
2891 4056 3210 4127 σωτηρίαςο
3270 4074 3470 4131 nempe
3512 4074 3689 4114 anne-

2083 4147 2344 4203 ctendum
2367 4154 2455 4204 est
2474 4147 2970 4219 παρακαλούμεθα.

2155 4240 2244 4295 19.
2268 4239 2400 4295 Item
2422 4250 2477 4295 et
2493 4239 2624 4295 illud
2649 4257 2664 4294 :
2686 4239 2809 4294 Ehe
2823 4240 2932 4310 γάρ
2948 4238 3142 4314 ἐξέστη
3151 4257 3271 4314 μεν,
3283 4240 3424 4314 Θεῷ*
3443 4242 3554 4297 εἴτε
3577 4261 3688 4299 σωο

2082 4331 2413 4404 φρονοῦμεν,
2448 4332 2612 4404 ὑμῖν·
2659 4348 2756 4404 per
2784 4333 3033 4389 eamdem
3081 4334 3311 4405 ﬁgurant
3371 4334 3684 4392 formatur:

2082 4440 2208 4481 nam
2240 4425 2496 4482 absolute
2530 4425 2603 4481 ita
2644 4434 2777 4482 est:
2831 4427 2959 4481 Ehe
3015 4427 3127 4498 γὰρ
3178 4427 3504 4501 ἐξέστημεν,
3564 4427 3686 4500 Θεῷ

2085 4517 2388 4590 ἐξέστημεν
2417 4533 2431 4549 ’
2494 4517 2609 4572 εἴτε
2680 4517 3075 4591 σωφρονοῦμεν
3102 4557 3121 4586 ,
3180 4521 3313 4592 ὑμῖν
3370 4520 3688 4594 σωφρονοῦ-

2087 4625 2210 4679 μεν.

2151 4702 2243 4757 90.
2269 4700 2342 4757 Ita
2372 4702 2680 4759 redundant
2708 4705 2935 4761 omnino
2965 4706 3018 4761 in
3039 4706 3145 4763 hoc
3175 4707 3296 4764 loco
3321 4726 3336 4776 ;
3363 4706 3692 4774 Δοξάζοντες

385 4784 488 4857 ρίῳ
509 4784 716 4857 τούτῳ·
743 4805 762 4839 ι
785 4786 1113 4852 Δοξάζοντες
1140 4789 1231 4842 τὸν
1256 4788 1390 4841 Θεὸν
1410 4789 1504 4841 ἐπὶ
1520 4790 1584 4860 τῇ
1617 4788 1863 4861 ὑποταγῇ
1883 4791 1983 4858 τῆς
2082 4794 2216 4849 Θεὸν
2246 4797 2339 4849 ἐπὶ
2369 4798 2434 4868 τῇ
2468 4797 2718 4870 ὑποταγῇ
2742 4799 2844 4869 τῆς
2886 4799 3183 4870 ὁμολογίας
3255 4800 3433 4873 ὑμῶν,
3492 4803 3573 4866 είς
3628 4804 3689 4856 τδ

382 4877 678 4948 ὁμολογίας
714 4879 870 4950 ὑμῶν
902 4882 982 4946 είς
1007 4880 1069 4934 τὸ
1099 4881 1437 4950 Εὑαγγέλιον
1466 4881 1559 4935 τοῦ
1593 4881 1858 4951 Χριστοῦ,
1887 4884 1983 4937 καὶ
2083 4886 2416 4956 Εὑαγγέλιον
2450 4888 2545 4941 τοῦ
2575 4889 2735 4954 Θεοῦ,
2763 4890 3138 4964 καὶάπλὸτητι
3167 4893 3267 4963 τῆς
3295 4892 3583 4956 κοινωνίας
3607 4893 3689 4957 εἰς

384 4972 652 5044 ἁπλότητι
685 4974 786 5045 τῆς
812 4977 1103 5042 κοινωνίας
1155 4978 1236 5039 είς
1277 4977 1482 5040 αὑτοὺς
1514 4976 1610 5032 καὶ
1638 4981 1718 5041 είς
1746 4979 1977 5045 πάντας,
2085 4979 2284 5042 αὐτοὺς
2309 4980 2405 5032 καὶ
2433 4981 2514 5043 είς
2545 4981 2775 5048 πάντας,
2805 4984 2900 5038 καὶ
2924 4984 3106 5038 αὑτῶν
3141 4984 3325 5057 δεήσει
3358 4984 3501 5058 ὑπὲρ
3532 4984 3690 5056 ὑμῶν

381 5065 477 5118 καὶ
512 5066 695 5120 αύτῶν
725 5067 911 5137 δεήσει
963 5069 1107 5141 ὑπὲρ
1171 5068 1327 5141 ὑμῶν
1379 5070 1789 5133 ἐπιποθούντων
1833 5072 1981 5142 ὑμᾶς
2088 5074 2499 5131 ἐπιποθούντων
2538 5078 2684 5149 ὑμᾶς
2715 5079 2807 5134 διά
2854 5080 2953 5134 τὶν
3015 5081 3469 5153 ὑπερϐάλλουσαν
3523 5081 3688 5152 χάριν

380 5156 469 5209 διὰ
498 5157 599 5224 τὴν
646 5158 1097 5230 ὑπερϐάλλουσαν
1144 5162 1307 5233 χάριν
1337 5162 1434 5216 τοῦ
1466 5163 1603 5217 Θεοῦ
1657 5165 1745 5236 ἐφ’
1768 5166 1921 5237 ὑμῖν.
1954 5186 1974 5221 ι

2088 5168 2183 5223 τοῦ
2223 5167 2360 5223 Θεοῦ
2395 5170 2481 5239 ἐφ’
2513 5170 2663 5241 ὑμῖν.
2704 5170 2838 5238 Quae
2865 5172 2969 5228 nisi
3002 5175 3129 5243 quis
3183 5174 3409 5230 indultae
3463 5188 3687 5230 semen-

382 5248 566 5321 Ἀπερ
605 5251 659 5305 εἴ
702 5268 788 5315 τις
837 5253 915 5325 μὴ
963 5255 1393 5325 προσαποδιδοὺς
1446 5256 1529 5327 τῷ
1567 5259 1719 5330 ῥητῷ
1762 5260 1842 5319 είς
1880 5260 1983 5332 τὴν

2095 5261 2182 5315 tiae
2208 5261 2453 5317 seriatim
2486 5261 2722 5318 deducta
2755 5265 3060 5334 prolatione
3088 5266 3142 5320 in
3175 5265 3426 5321 ordinem
3450 5265 3684 5335 redigat,

382 5341 505 5395 καθ’
529 5341 727 5413 εἱρμὸν
767 5345 1113 5416 ἀπαγγελίαν
1154 5346 1599 5420 καθαῤῥυομίζοι
1651 5350 1744 5405 τὸν
1795 5350 1978 5421 λόγον,

2093 5354 2471 5425 interpretatio
2501 5355 2606 5412 loci
2641 5356 2868 5411 omnino
2925 5358 3047 5414 sine
3102 5374 3269 5413 sensu
3321 5357 3677 5413 destituetnr.

384 5434 465 5498 είς
487 5433 807 5508 ἀδιανόητον
840 5438 908 5493 ἂν
946 5440 1242 5510 περισταίη
1275 5441 1556 5505 παντελῶς
1588 5442 1926 5516 ήὺφώγησις
1954 5455 1982 5484 η

2090 5447 2266 5516 Cujus
2295 5464 2462 5504 causa
2512 5465 2621 5505 non
2652 5459 2738 5505 est
2798 5450 3099 5522 Scriptura:
3148 5450 3526 5515 attribuenda,
3584 5449 3681 5504 sed

382 5522 481 5578 τοῦ
518 5528 908 5599 προκειμένου.
940 5530 1051 5584 Καὶ
1078 5530 1204 5602 τόγε
1224 5530 1398 5588 αἴτιον
1416 5532 1479 5586 οὑ
1502 5532 1597 5587 τοῦ
1622 5532 1979 5606 γράμματος,

2089 5539 2476 5613 ignorantibus
2506 5542 2733 5614 ﬁguras,
2767 5542 2968 5614 quibus
3001 5544 3238 5617 scriptor
3294 5544 3489 5600 utitur.
3540 5538 3681 5600 Ver-

1694 5694 1932 5753 VARIIE
1981 5695 2383 5756 LECTIONES.

456 5812 499 5859 Ψ
528 5805 615 5865 ῑσ.
650 5808 1081 5882 διηρθρωμένον.
1107 5809 1168 5868 C.
1206 5810 1275 5868 Μ.
1301 5810 1695 5886 διηρθωμένον.
1810 5821 1839 5851 ³
1868 5813 1930 5871 C.
1963 5813 2032 5871 Μ.
2059 5825 2204 5873 recte
2234 5816 2397 5873 habet
2428 5817 2726 5897 ὑφήγησις.
