4158 6426
562 357 680 424 599
721 439 729 448 _

1721 353 1986 414 PIIOTH
2021 348 2528 412 PATRIARCHA!
2567 348 2678 408 ΕΡ.

3719 341 3831 408 οοο

561 468 756 521 borum
788 474 1204 520 consummatus
1229 462 1366 519 ordo
1396 461 1486 518 liic
1510 470 1595 518 est
1628 479 1642 516 :
1675 461 1998 528 Δοξὰζοντές
2039 460 2146 513 εἰσι

2252 457 2355 510 τῶν
2389 457 2444 510 δὲ
2477 456 2552 527 μὴ
2578 455 2866 509 συνιέντων
2880 455 2990 509 τῶν
3009 455 3067 509 ἐν
3089 453 3169 527 τῷ
3191 441 3481 525 γράμματι
3510 452 3830 524 σχημάτων·

560 559 610 611 οἰ
643 559 789 626 ἆγιοι
819 559 909 612 τὸν
960 557 1093 610 Θεὸν
1127 557 1220 609 ἐπὶ
1269 558 1336 628 τῇ
1399 556 1650 627 ὑποταγῇ
1699 556 1797 626 τῆς
1852 553 2146 624 ὁμολογίας

563 651 741 720 ὑμῶν,
774 651 836 720 τῇ
874 652 952 710 εἰς
974 648 1036 702 τὸ
1067 648 1399 718 Εὑαγγέλιον
1450 648 1546 702 τοῦ
1585 648 1745 713 Θεοῦ,
1802 647 1895 700 καὶ
1950 647 2042 699 ἐπὶ
2078 647 2146 716 τῇ

562 741 811 810 ὑποταγῇ
841 742 908 811 τῇ
945 741 1210 811 ἁπλότητι
1240 741 1341 810 τῆς
1378 740 1458 804 εἰς
1495 739 1692 803 αὑτοὺς
1722 737 2027 802 κοινωνίας,
2054 738 2148 790 καὶ

561 835 627 902 τῇ
664 834 744 894 εἰς
768 832 1009 895 πάντας.
1039 831 1264 898 lterum,
1296 830 1621 896 Δοξάςοντές
1686 832 1791 883 εἰσι
1846 829 2000 892 Θεὸν,
2052 827 2148 881 καὶ

561 923 656 976 ἐπὶ
690 925 756 995 τῇ
789 924 930 996 ὑπὲρ
960 924 1113 993 ὑμῶν
1141 923 1326 994 δεήσει
1348 923 1531 977 αὑτῶν
1572 922 1978 976 ἐπιποθούντων
2002 923 2148 992 ὑμᾶς

562 1011 654 1064 διά
682 1012 782 1082 τὴν
812 1012 1260 1082 ὑπερϐάλλουσαν
1300 1013 1382 1076 εἰς
1432 1012 1576 1084 ὑμᾶς
1627 1012 1790 1084 χάριν
1847 1009 1941 1064 τοῦ
1987 1011 2145 1067 Θεοῦ.

563 1101 701 1159 Vide
721 1105 960 1174 qualiter
994 1105 1084 1160 bic
1106 1107 1260 1161 locus
1280 1105 1683 1177 συνέστραπται
1709 1116 1764 1161 et
1785 1103 2145 1168 ἐλλέλειπται,

565 1211 631 1251 ac
666 1197 712 1250 si
737 1197 913 1266 placet
969 1198 1358 1270 περιϐέϐληται
1381 1215 1397 1230 ·
1458 1213 1490 1253 a
1519 1196 1652 1253 foris
1681 1197 1824 1251 haud
1854 1197 2024 1250 multa
2055 1197 2150 1250 dc-

562 1298 744 1352 erant,
784 1274 878 1344 sed
931 1289 1123 1360 paucis
1185 1289 1412 1344 vocibus
1459 1304 1558 1359 per
1607 1289 1826 1359 ellipsin
1855 1331 1871 1357 ,
1929 1296 1988 1342 et
2038 1286 2151 1341 ἀπὸ

565 1378 749 1432 κοινοὺ
785 1379 1110 1449 assumptis,
1140 1387 1194 1434 et
1217 1379 1516 1450 hyperbato
1536 1379 1695 1449 juxta
1722 1379 1919 1434 seriem
1963 1378 2018 1433 in
2069 1379 2153 1431 lo-

565 1485 693 1525 cum
725 1485 1076 1525 communem
1109 1481 1348 1543 recepto,
1377 1459 1728 1543 apertisSima
1758 1471 1865 1528 erit
1909 1480 1964 1526 et
2021 1485 2150 1540 per-

565 1560 757 1633 spicua
791 1561 1197 1631 interpretatio.

634 1827 727 1885 2|.
759 1828 864 1884 Per
889 1827 1106 1899 ellipsin
1157 1837 1211 1884 et
1242 1827 1349 1885 hoc
1395 1824 1563 1883 etiam
1611 1825 1958 1886 enuntiatur,
2027 1822 2148 1876 Εἴτε

566 1922 737 1977 ἐλθὼν
765 1923 861 1977 καὶ
887 1922 1010 1978 ἰδὼν
1042 1923 1209 1993 ὑμᾶς,
1240 1923 1352 1974 εἴτε
1387 1921 1481 1976 καὶ
1511 1919 1664 1975 ἀπὼν
1712 1918 1952 1972 ἀκούσω.
1994 1918 2152 1972 Deest

567 2016 716 2072 enim
740 2015 1028 2072 manileste
1052 2016 1157 2070 hoc
1194 2014 1504 2086 εὐφρανθῶ,
1533 2022 1629 2068 aut
1656 2012 1786 2083 quid
1826 2010 2022 2066 simile.

635 2191 730 2248 22.
773 2190 880 2247 Sed
909 2201 965 2248 et
998 2193 1165 2259 istud,
1199 2194 1413 2266 Ὥσπερ
1459 2194 1494 2264 ή
1559 2192 1858 2264 Ἐκκλησία
1914 2191 2150 2246 ὑποτάσ-

568 2285 828 2352 σεταιτῷ
853 2286 1066 2358 Κυρίῳ,
1105 2286 1246 2341 οὕτω
1294 2286 1392 2341 καὶ
1445 2287 1502 2340 αἰ
1533 2289 1791 2356 γυναῖκες
1823 2288 1938 2350 τοῖς
1999 2285 2151 2348 ἰδίοις

566 2377 824 2448 ἀνδράσιν
870 2379 930 2431 ἐν
977 2378 1190 2431 παντί·
1249 2378 1477 2434 eﬂ‘ertur
1534 2378 1983 2448 ἀσχηματίστως.
2038 2375 2146 2430 Sed

563 2477 648 2522 est
686 2467 830 2538 quod
866 2467 1068 2533 deficit,
1100 2477 1184 2524 est
1211 2468 1355 2537 quod
1416 2484 1512 2538 per
1561 2467 1840 2533 ἐπίζευξιν
1893 2466 2002 2521 ἀπὸ
2039 2483 2153 2519 κοι-

565 2557 660 2611 νοῦ
687 2559 981 2626 subjicitur
1006 2559 1238 2630 prolato,
1273 2560 1394 2615 sine
1419 2559 1570 2614 omni
1601 2569 1761 2630 tropo
1783 2567 1838 2614 et
1869 2560 2043 2629 ligura
2083 2557 2152 2614 ad

571 2647 721 2704 hunc
756 2649 979 2704 modum
1007 2645 1396 2720 proferendum
1424 2658 1509 2707 est
1539 2668 1554 2705 :
1587 2651 1797 2722 Ὠσπερ
1828 2651 1863 2722 ή
1925 2649 2154 2722 Ἐκκλη-

570 2738 662 2791 σία
687 2739 1053 2794 ὑποτάσσεται
1082 2741 1162 2812 τῷ
1196 2742 1408 2814 Κυρίῳ,
1435 2740 1611 2805 οὕτως
1643 2744 1699 2796 αἱ
1730 2743 1989 2810 γυναῖκες
2039 2744 2154 2806 τοῖς

571 2827 722 2891 ἰδίοις
753 2828 1013 2900 ἀνδράσιν
1041 2831 1101 2883 ἐν
1136 2833 1299 2884 παντὶ
1331 2831 1618 2903 πράγματι
1661 2830 2154 2884 ὑποτασσέσθωσαν

569 2925 666 2971 aut
721 2917 1030 2986 ὀφείλουσιν
1059 2920 1484 2974 ὑποτάσσεσθαι.

641 3004 733 3061 25.
759 3008 805 3060 A
833 3007 996 3064 dictis
1026 3025 1134 3064 non
1160 3009 1418 3066 abhorret
1447 3019 1501 3066 et
1526 3010 1668 3066 istud
1693 3027 1709 3066 :
1748 3009 2018 3080 Ἀδελφοί,
2043 3009 2155 3079 ἐγὼ

568 3098 806 3169 ἐμαυτὸν
835 3101 896 3154 οὑ
939 3101 1223 3172 λογίζομαι
1250 3103 1660 3173 κατειληφέναι,
1697 3103 1756 3156 ἓν
1789 3103 1869 3170 δὲ,
1920 3104 1988 3157 τά
2033 3101 2154 3157 ὀπί-

571 3151 650 3244 alo
691 3151 1205 3266 ἐπιλανθανόμένὸς,
1241 3193 1349 3248 τῶν
1377 3194 1433 3248 δὲ
1459 3151 1792 3267 ’ἔμπροσθεν
1838 3151 2153 3248 έπεκτεινόυ
2179 3151 2226 3213 C

573 3301 759 3355 μενος,
794 3287 938 3342 κατὰ
964 3289 1167 3344 σκοπὸν
1204 3287 1386 3343 διώκω
1415 3289 1508 3343 ἐπὶ
1534 3289 1596 3343 τὸ
1637 3289 1889 3362 βραϐεῖον
1917 3288 2019 3360 τῆς
2039 3290 2153 3344 ἀνω

570 3375 844 3449 κλήσεως.

2246 550 2352 621 Ἐῖη
2384 549 2430 603 δ’
2467 549 2532 603 ἂν
2563 549 2596 620 ὴ
2620 548 2729 603 τῶν
2760 549 3020 619 ῥημάτιον
3038 548 3350 600 αὑτοτέλεια
3379 545 3602 617 τοιαύτη
3628 563 3642 578 ο
3669 547 3834 614 Δοξά-

2249 641 2436 706 ζοντές
2469 643 2606 694 εἰσιν
2635 642 2685 693 οἰ
2714 641 2863 708 ἅγιοι
2919 641 3011 693 τὸν
3039 639 3172 692 Θεὸν
3201 639 3294 692 ἐπὶ
3337 641 3404 710 τῇ
3446 639 3691 709 ὑποταγῇ
3729 642 3833 709 τῆς

2247 734 2542 804 ὁμολογίας
2569 732 2727 803 ὑμῶν
2755 735 2819 802 τῇ
2850 732 2930 795 εἰς
2967 732 3028 784 τὸ
3070 731 3405 798 Εὑαγγέλιον
3435 729 3530 784 τοῦ
3572 731 3834 800 Χριστοῦ,

2250 827 2342 879 καὶ
2388 825 2481 878 ἐπὶ
2514 827 2578 895 τῇ
2616 823 2879 894 ἁπλότητι
2907 825 3006 892 τῆς
3049 823 3129 884 εἰς
3157 822 3356 884 αὐτοὺς
3397 820 3708 885 κοινωνίας,
3741 823 3837 875 καὶ

2249 921 2315 988 τῇ
2348 925 2374 954 °
2404 919 2484 981 είς
2513 919 2755 980 πάντας·
2821 914 3006 979 πάλιν,
3053 914 3380 979 Δοξάζοντές
3413 915 3521 967 εἰσι
3569 914 3660 966 τὸν
3698 913 3837 967 Θεὸν

2249 1009 2345 1063 καὶ
2377 1010 2468 1063 ἐπὶ
2492 1012 2559 1080 τῇ
2591 1009 2730 1079 ὑπὲρ
2763 1007 2918 1077 ὑμῶν
2951 1007 3134 1076 δεήσει
3158 1005 3340 1058 αὐτῶν
3373 1006 3483 1058 τῶν
3511 1005 3839 1058 ἐπιποθούν-

2249 1120 2358 1155 των
2396 1101 2424 1154 ὑ
2435 1102 2541 1171 μᾶς
2569 1101 2659 1154 διὰ
2682 1102 2782 1170 τὴν
2809 1098 3258 1170 ὑπερϐάλλουσαν
3289 1099 3376 1166 ἐφ’
3399 1099 3528 1168 ὑμῖν
3561 1099 3722 1168 χάριν
3741 1097 3837 1150 τοῦ

2250 1193 2408 1250 Θεοῦ.
2438 1194 2550 1248 Καὶ
2611 1194 2714 1265 ὅρα
2764 1195 2912 1255 ὅπως
2963 1191 3365 1257 συνέστραπται
3411 1192 3510 1260 μὲν
3538 1190 3598 1242 τὸ
3635 1189 3839 1260 χωρίον

2251 1287 2345 1341 καὶ
2377 1286 2740 1351 ἐλλέλειπται,
2783 1285 2833 1337 εἰ
2881 1283 3061 1354 βούλει
3089 1283 3146 1334 δὲ
3181 1282 3272 1335 καὶ
3311 1281 3711 1353 περιϐέϐληται
3731 1297 3746 1310 ⁶
3777 1280 3838 1334 οὑ

2255 1375 2362 1448 μὴν
2388 1375 2590 1442 ἔξωθέν
2617 1392 2683 1444 γε
2714 1374 2924 1429 πολλῶν
2948 1373 3153 1443 ἐδεήθη
3173 1389 3188 1404 ο
3213 1373 3352 1427 ἀλλά
3396 1375 3604 1443 ῥήμασι
3639 1371 3841 1443 βραχέ-

2254 1486 2338 1522 σιν
2377 1467 2522 1522 κατά
2553 1483 2612 1520 τε
2634 1465 2872 1536 ἔλλειψιν
2901 1467 2996 1519 καὶ
3024 1465 3132 1518 ἀπὸ
3174 1464 3356 1519 κοινοῦ
3402 1461 3837 1533 παραλαμϐανο·

2255 1557 2439 1629 μένοις
2468 1557 2566 1612 καλ⁸
2593 1556 2688 1611 τοῦ
2721 1555 3032 1629 ὑπερϐατοῦ
3070 1556 3162 1609 τὸν
3194 1555 3318 1609 καθ’
3347 1553 3540 1626 εἰρμὸν
3582 1553 3839 1622 ἀπολαμ-

2255 1647 2511 1710 ϐάνοντος
2562 1647 2727 1702 τόπον
2783 1649 2864 1711 εἰς
2912 1648 2974 1700 τὸ
3002 1647 3181 1701 κοινὸν
3219 1647 3314 1700 καὶ
3362 1646 3703 1716 σαφέστατον
3740 1646 3840 1716 τῆς

2257 1741 2554 1812 ἑρμηνείας
2583 1739 2988 1812 διαμορφωθείς
3011 1738 3392 1810 ἐπανέδραμεν
3419 1741 3447 1792 ὁ
3468 1737 3651 1806 λόγος.

2321 1839 2427 1886 κα’.
2461 1832 2599 1886 Κατ’
2660 1831 2898 1902 ἔλλειψιν
2939 1831 2995 1884 δὲ
3016 1830 3424 1900 διαπέφρασται
3467 1834 3563 1885 καὶ
3588 1830 3676 1898 τὸ,
3717 1830 3840 1884 Εἴτε.

2252 1921 2423 1976 ἐλθὼν
2453 1922 2548 1975 καὶ
2584 1921 2707 1975 ἰδὼν
2738 1921 2904 1991 ὑμᾶς,
2933 1921 3042 1974 εἴτε
3073 1921 3167 1974 καὶ
3218 1919 3394 1986 ἀπὼν,
3439 1921 3682 1976 ἀκούσω.
3731 1921 3841 1974 Ἐλ-

2250 2012 2430 2066 λείπει
2482 2014 2592 2084 γάρ
2645 2011 2928 2082 ἐπιφανῶς
2981 2011 3063 2079 τὸ,
3129 2011 3510 2083 εύφρανθῶ,ἦ
3566 2010 3760 2084 ἕτερόν
3789 2028 3840 2066 τι

2247 2100 2515 2156 τοιοῦτον.

2321 2191 2425 2264 κβ’.
2447 2193 2524 2247 Οὑ
2550 2191 2657 2264 μὴν
2687 2191 2809 2246 οὑδὲ
2823 2191 3128 2264 τὸ,Ὠσπερ
3151 2193 3185 2264 ἠ
3216 2191 3516 2262 Ἐκκλησία
3541 2191 3842 2248 ὑποτάσσε-

2250 2283 2442 2355 ταιτῷ
2471 2285 2683 2356 Κυρίῳ,
2714 2283 2958 2349 οὑτωςαί
2979 2287 3237 2354 γυναῖκες
3253 2289 3367 2350 τοῖς
3404 2285 3555 2349 ἰδίοις
3582 2285 3841 2357 ἀνδράσιν

2252 2376 2309 2428 ἐν
2339 2375 2536 2430 παντί·
2577 2377 3006 2448 ἀσχηματίστως
3055 2379 3484 2449 προενήνεκται·
3515 2375 3654 2431 ἀλλά
3686 2377 3840 2430 τοῦτο

2255 2468 2354 2536 μὲν
2375 2469 2536 2533 ἐνδεῖ,
2565 2468 2723 2522 τοῦτο
2743 2469 2800 2523 δὲ
2827 2469 2906 2541 τῷ
2928 2487 3032 2524 κατ
3096 2470 3374 2535 ἐπίζευξιν
3403 2470 3512 2526 ἀπὸ
3539 2469 3725 2524 κοινοῦ
3754 2470 3842 2522 λε-

2251 2560 2467 2632 γομένῳ
2495 2560 2902 2633 ὑποϐέϐληταιο
2958 2563 3332 2634 ἀπαγγελθείη
3375 2563 3423 2617 δ’
3476 2560 3543 2615 ἂν
3593 2560 3743 2615 οὕτω
3777 2576 3841 2630 γε

2253 2652 2420 2724 χωρὶς
2440 2654 2714 2726 τροπικῆς
2742 2654 3167 2726 ἐπιτεχνήσεως·
3205 2655 3420 2726 Ὥσπερ
3455 2656 3488 2727 ή
3540 2653 3843 2725 Ἐκκλησία

2255 2743 2619 2798 ὑποτάσσεται
2643 2745 2720 2816 τῷ
2748 2746 2957 2818 Κυρίῳ,
2987 2746 3162 2810 οὑτως
3181 2746 3238 2800 αἰ
3265 2748 3522 2815 γυναῖκες
3545 2749 3660 2809 τοίς
3695 2745 3841 2808 ἰδίοις

2254 2835 2511 2907 ἀνδράσιν
2561 2839 2617 2890 ἐν
2667 2837 2830 2891 παντὶ
2884 2839 3174 2910 πράγματι
3230 2837 3752 2901 ὑποτασσέσθωσαν,
3807 2835 3840 2900 ἢ

2253 2925 2568 2996 ὀφείλουσιν
2597 2929 3026 2984 ὑποτάσσεσθαι.

2325 3019 2434 3092 κγ’.
2465 3022 2581 3075 Οὑκ
2603 3021 2834 3075 ἀπέοικε
2859 3023 2915 3076 δὲ
2940 3024 3055 3085 τοῖς
3078 3023 3392 3094 εἰρημένοις
3409 3022 3529 3077 οὑδὲ
3555 3021 3638 3090 τὸ,
3668 3019 3842 3075 Ἀδελ-

2256 3115 2372 3185 φοί,
2402 3111 2512 3180 ἐγὼ
2547 3113 2785 3184 ἐμαυτὸν
2810 3114 2870 3167 οὑ
2921 3115 3208 3186 λογίζομαι
3240 3114 3648 3187 κατειληφέναι,
3678 3114 3737 3166 ἓν
3767 3113 3841 3177 δὲ,

2257 3203 2327 3258 τὰ
2373 3202 2473 3273 μὲν
2509 3202 2688 3257 ὀπίσω
2729 3203 3245 3275 ἐπιλανθανόμενος,
3294 3205 3403 3260 τῶν
3429 3205 3488 3258 δὲ
3535 3204 3842 3276 ἔμπροσθεν

2260 3294 2734 3364 ἐπεκτεινόμενος,
2774 3296 2916 3350 κατὰ
2939 3297 3143 3353 σκοπὸν
3176 3297 3360 3352 διώκω
3383 3298 3478 3352 ἐπὶ
3503 3299 3563 3351 τὸ
3591 3297 3842 3369 βραϐεῖον

2259 3386 2360 3453 τῆς
2389 3386 2502 3441 ἀνω
2532 3385 2805 3457 κλήσεως.

573 3471 732 3526 Ποῖον
764 3473 874 3545 γὰρ
894 3473 962 3527 ἂν
985 3473 1304 3545 παρασταίη
1333 3473 1511 3546 νόημα
1530 3475 1621 3530 διά
1641 3474 1760 3540 τοῦ,
1781 3475 1881 3528 Ἓν
1903 3475 1960 3528 δέ
1982 3513 1998 3539 ,
2028 3475 2075 3528 εἰ
2104 3476 2240 3546 μήτε
2255 3478 2364 3532 ἀπὸ
2393 3479 2574 3532 κοινοῦ
2605 3479 2990 3550 παραληφθείη
3008 3481 3088 3548 τὸ,
3107 3480 3398 3553 λογίζομαι
3420 3481 3810 3553 κατειληφέναι
3825 3509 3840 3535 ν

573 3565 710 3634 μήτε
741 3566 794 3620 εί
820 3582 875 3618 τι
904 3576 932 3616 P
955 3566 1133 3630 ἄλλως
1155 3568 1391 3638 παρείθη
1423 3565 1848 3638 συνδιαληφθείη
1879 3569 1912 3636 ή
1936 3567 2358 3638 άναπλήρωσις;
2395 3571 2620 3624 ἐκείνων
2648 3571 2705 3624 δὲ
2753 3572 2894 3625 κατὰ
2931 3572 3129 3641 νόμους
3164 3575 3264 3644 τῆς
3294 3573 3562 3643 τροπικῆς
3598 3573 3842 3644 τεχνολο-

571 3657 698 3724 γίας
728 3659 1335 3732 συμπαραληφθέντων,
1360 3660 1598 3723 τοιοῦτος
1623 3659 1690 3715 ἂν
1719 3659 1806 3730 εἴη
1838 3661 1984 3712 καὶὸ
2017 3658 2140 3722 νοῦς
2181 3662 2278 3714 καὶ
2298 3662 2358 3714 τὸ
2379 3661 2675 3716 ἀκόλουθον
2705 3666 2805 3734 τῆς
2847 3665 3153 3730 συντάξεως
3172 3680 3186 3696 ο
3229 3665 3496 3735 Ἀδελφοί,
3526 3665 3638 3734 ἐγὼ
3671 3669 3842 3736 ἐμαυο

573 3749 665 3801 τὸν
695 3751 756 3804 οὑ
785 3750 1084 3821 λογίζομαι
1112 3751 1499 3821 κατειληφέναι
1518 3767 1533 3781 '
1585 3751 1644 3805 ἓν
1687 3751 1744 3805 δὲ
1777 3749 2061 3820 λογίζομαι
2097 3753 2505 3822 κατειληφέναι,
2540 3756 2621 3808 ὅτι
2652 3759 2721 3810 τὰ
2768 3755 2869 3827 μὲν
2898 3756 3072 3809 ὀπίσω
3105 3757 3622 3829 ἐπιλανθανόμενος,
3651 3760 3762 3814 τῶν
3789 3759 3843 3812 δὲ

573 3838 885 3909 ἔμπροσθεν
921 3841 1391 3912 ἐπεκτεινόμενος,
1421 3840 1562 3894 κατὰ
1596 3840 1800 3894 σκοπὸν
1823 3840 2007 3894 διώκω
2035 3842 2127 3894 ἐπὶ
2147 3841 2208 3895 τὸ
2235 3841 2489 3913 βραϐεῖον
2518 3845 2616 3912 τῆς
2647 3844 2758 3899 ἅνω
2783 3846 3028 3915 κλήσεως
3054 3861 3068 3874 ·
3104 3847 3237 3900 ὡσεὶ
3266 3848 3482 3917 ἐλεγενο
3508 3849 3686 3904 Τοῦτό
3705 3854 3841 3916 ἐστι,

572 3934 602 3989 δ
619 3934 903 4008 λογίζομαι
923 3937 1334 4009 κατειληφέναι,
1363 3937 1419 3992 τὸ
1437 3939 1607 4010 μήπω
1630 3937 1732 4010 μέν
1755 3956 1808 3992 τι
1837 3937 2243 4011 κατειληφέναι,
2262 3940 2372 3994 δεῖν
2391 3940 2447 3994 δὲ
2470 3940 2675 4012 ζητεῖν,
2703 3943 2790 3996 ἀεὶ
2805 3943 3154 4007 καταλαϐεῖν,
3172 3945 3265 3998 καὶ
3286 3944 3362 4016 μὴ
3376 3947 3582 4018 ἐρραθυ
3592 3951 3715 4018 μεῖν
3733 3949 3842 4013 τοῖς

574 4034 1002 4107 κατορθωθεῖσιν
1025 4055 1040 4068 ο
1076 4038 1104 4090 ὁ
1138 4036 1247 4108 γὰρ
1278 4035 1437 4090 τοῦτο
1472 4033 1837 4106 κατειληφώς,
1867 4028 2025 4100 οὗτός
2067 4037 2216 4091 ἐστιν
2257 4036 2477 4108 ἀληθῶς
2515 4039 2544 4091 ὁ
2590 4039 2731 4092 κατά
2770 4039 2974 4092 σκοπὸν
2999 4038 3212 4095 διώκων
3238 4041 3332 4094 ἐπὶ
3366 4041 3427 4094 τὸ
3460 4042 3720 4114 βραϐεῖον
3749 4047 3844 4112 τῆς

573 4127 690 4182 ἄνω
710 4126 978 4197 κλήσεως.
1006 4127 1194 4198 ’Δλλ’ή
1220 4129 1318 4198 μὲν
1334 4126 1444 4181 τῶν
1460 4126 1746 4197 νοημάτων
1772 4126 2138 4196 παράστασις,
2163 4129 2210 4180 εἰ
2233 4128 2328 4180 καὶ
2354 4127 2674 4197 συγγενοῦς,
2693 4129 2840 4200 ὅμως
2864 4125 2956 4183 οῦν
2980 4129 3288 4203 ίδιαζούσης
3315 4131 3484 4187 δεῖται
3503 4136 3840 4200 ὑποθέσεως·

573 4221 673 4276 νῦν
697 4221 755 4275 δὲ
781 4221 919 4293 πρὸς
938 4221 1163 4286 ἔνδειξιν
1195 4222 1412 4292 είρηται
1435 4221 1596 4292 μόνον
1633 4222 1731 4292 τῆς
1764 4221 2036 4292 τροπικῆς
2066 4221 2445 4288 ἀναπτύξεως.
3442 4291 3456 4302 ,

643 4315 743 4369 κδ’.
779 4316 1132 4386 Σαφεστάτην
1179 4314 1224 4369 δ’
1267 4314 1333 4368 ἂν
1367 4317 1621 4386 ἐμφανιεῖ
1673 4315 1774 4388 τὴν
1823 4315 2063 4386 ἔλλειψιν
2101 4316 2198 4370 καὶ
2231 4315 2434 4388 μικροῦ
2477 4316 2589 4370 δεῖν
2628 4317 2711 4380 εἰς
2752 4317 3004 4389 περίοδον
3037 4319 3470 4393 ἀποτεινομένην
3532 4321 3696 4393 (ὅπερ
3724 4321 3844 4392 ἐμοὶ

577 4405 784 4475 μᾶλλον
809 4407 1033 4478 ἔδοξεν),
1060 4410 1366 4474 αὐτοτελῶς
1387 4410 1610 4465 εἰπόντα
1633 4409 1920 4481 πρότερον,
1940 4408 2083 4463 οὕτω
2111 4409 2172 4463 τὸ
2194 4411 2774 4481 κατεσχηματισμένον
2811 4412 3171 4488 παραθεῖναιῇ
3201 4411 3334 4480 οἷον,
3366 4414 3489 4468 Εἴτε
3520 4416 3662 4488 ὑπὲρ
3687 4415 3842 4469 Τίτου

573 4500 680 4572 χρὴ
703 4501 903 4570 λέγειν,
921 4503 1178 4566 κοινωνός
1205 4505 1352 4556 ἐστιν
1391 4502 1547 4574 ἐμὸς,
1577 4502 1766 4564 καὶείς
1795 4501 1942 4572 ὑμᾶς
1970 4501 2255 4570 συνεργός·
2287 4502 2396 4554 είτε
2428 4503 2567 4572 ὑπὲρ
2592 4501 2700 4555 τῶν
2744 4505 3259 4559 συναποσταλέντων
3304 4505 3452 4576 αὑτῷ
3496 4508 3703 4561 λοιπῶν
3727 4509 3839 4574 δύο,

573 4593 796 4662 ἀδελφοὶ
825 4594 981 4664 ἡμῶν
1009 4597 1116 4650 εἰσι
1143 4599 1405 4661 κακεῖνοι,
1434 4593 1722 4648 ἀπόστολοι
1766 4593 2130 4665 Ἐκκλησιῶν,
2159 4593 2287 4659 δόξα
2315 4594 2580 4667 Χριστοῦ.
2606 4595 2777 4650 Τοῦτο
2811 4598 2909 4668 μὲν
2946 4597 3055 4652 ἀπὸ
3078 4599 3174 4653 τοῦ
3201 4600 3462 4671 τροπικοῦ
3485 4600 3642 4669 λόγου
3679 4603 3758 4664 εἰς
3786 4603 3844 4655 τὸ

576 4683 718 4739 κατά
749 4684 909 4754 φύσιν
935 4687 1302 4758 ἐπανήνεκται
1325 4701 1339 4715 ⁸
1375 4686 1436 4739 τὸ
1457 4687 1513 4739 δὲ
1541 4685 1801 4757 τροπικὸν
1821 4686 1980 4758 δῆλον
2011 4686 2084 4749 ὡς
2114 4687 2318 4759 ταύτην
2335 4687 2451 4759 ἔχει
2481 4689 2581 4759 τὴν
2599 4689 2854 4760 γραφήν·
2890 4691 3015 4743 Εῖτε
3045 4691 3186 4762 ὑπὲρ
3216 4693 3397 4756 Τίτου,
3433 4691 3693 4757 κοινωνὸς
3716 4689 3844 4764 ἐμὸς

579 4779 675 4833 καί
705 4780 784 4842 εἰς
820 4779 967 4849 ὑμᾶς
1000 4781 1282 4850 συνεργὸς,
1314 4779 1427 4833 εἴτε
1459 4779 1679 4850 ἁδελφοί
1737 4779 1897 4851 ήμῶν
1962 4780 2253 4834 ἀπόστολοι
2295 4779 2632 4850 Ἐκκλησιῶν
2665 4781 2792 4847 δόξα
2831 4782 3095 4852 Χριστοῦ.
3137 4785 3246 4836 Καὶ
3287 4780 3407 4837 οἶδα
3440 4784 3524 4838 ὅτι
3552 4785 3653 4840 οὑκ
3676 4785 3742 4840 ἄν
3765 4801 3846 4837 σοι

574 4871 703 4944 δόξῃ
735 4873 1040 4944 παράδοξον
1093 4870 1235 4928 εἶναι
1282 4873 1344 4927 τὸ
1403 4873 1646 4928 τοιοῦτον
1683 4875 1781 4942 τῆς
1811 4872 2102 4940 ἐλλείψεως
2143 4870 2279 4937 εἶδος
2301 4891 2314 4904 ·
2344 4873 2514 4928 πολλά
2546 4875 2655 4945 γὰρ
2686 4873 2914 4928 τοιαῦτα
2950 4878 3047 4928 καλ⁵
3075 4877 3209 4947 παρ’
3255 4876 3505 4948 Ὁμήρῳ,
3534 4878 3630 4930 καὶ
3667 4878 3845 4932 Ἀντι-

580 4963 761 5033 μάχῳ,
787 4963 885 5016 καὶ
930 4965 1333 5037 Ἀριστοφάνει,
1365 4965 1664 5036 Θουκυδίδῃ
1695 4983 1756 5018 τε
1786 4967 1880 5018 καὶ
1909 4965 2180 5032 Πλάτωνι,
2204 4966 2300 5019 καὶ
2333 4964 2692 5036 Δημοσθένει,
2717 4965 2812 5018 καὶ
2845 4966 3034 5038 σχεδόν
3067 4985 3120 5020 τι
3143 4969 3258 5031 τοῖς
3292 4967 3476 5031 ἄλλοις
3505 4969 3761 5037 ποιηταῖς
3790 4981 3847 5019 τε

575 5060 674 5111 καὶ
701 5057 1096 5130 λογογράφοις⁸
1124 5063 1173 5115 εἰ
1216 5061 1310 5115 καί
1334 5078 1503 5126 τινες,
1532 5054 1607 5115 ὧν
1655 5061 1750 5115 καὶ
1802 5059 2156 5131 Καλλίμαχος
2205 5062 2233 5112 ὁ
2264 5060 2452 5124 Λίϐυς,
2481 5060 2550 5114 τά
2589 5077 2650 5112 τε
2695 5059 2832 5114 ἄλλα
2877 5060 3092 5115 πολλῶν
3139 5060 3468 5132 ἡττώμενοι,
3507 5060 3602 5114 καὶ
3632 5061 3735 5114 οὑκ
3769 5060 3848 5121 εἰς

578 5149 740 5222 κόρον
774 5149 957 5220 μόνον,
990 5150 1130 5206 ἀλλὰ
1169 5151 1265 5207 καὶ
1293 5153 1374 5216 εἰς
1408 5151 1796 5224 ἐκτοπωτάτην
1818 5151 1992 5222 τομὴν
2017 5151 2110 5204 τοῦ
2134 5151 2401 5220 συνήθους
2430 5152 2525 5204 καὶ
2555 5153 2915 5224 παρατροπὴν
2935 5153 3028 5207 καὶ
3065 5152 3355 5224 ἀφαίρεσιν
3387 5152 3449 5206 τὸ
3471 5151 3533 5205 τὸ
3558 5162 3587 5202 ει
3615 5150 3848 5206 τοιοῦτον

576 5240 716 5304 εἶδος
771 5243 1112 5315 βιασάμενοι,
1154 5246 1257 5300 οὑκ
1301 5245 1562 5309 ἀναιτίως
1595 5245 1699 5298 ὑπὸ
1724 5245 1834 5298 τῶν
1856 5247 2170 5317 ἐπιστήμην
2197 5245 2432 5316 ἐχόντων
2482 5253 2504 5283 τ
2539 5245 2850 5316 κρίνειν.τά
2903 5245 3130 5300 τοιαῦτα
3161 5245 3426 5318 (κριτικοὶ
3463 5245 3519 5300 δὲ
3548 5239 3714 5314 οῦτοι)
3747 5241 3850 5296 ὑπὸ

579 5337 891 5408 ἐπιτίμησιν
922 5339 1142 5396 ἔπεσον.
1182 5340 1345 5394 Ἀλλὰ
1369 5339 1544 5394 ταῦτα
1571 5340 1670 5412 μὲν
1697 5342 1825 5412 περὶ
1853 5340 2084 5395 τούτων.

652 5435 750 5483 κε’.
783 5430 858 5483 Τὸ
891 5429 1100 5502 μέντοι,
1139 5431 1393 5504 Ἔχοντες
1414 5430 1472 5484 δὲ
1502 5429 1820 5503 χαρίσματα
1845 5431 1986 5485 κατά
2018 5430 2117 5503 τὴν
2141 5428 2305 5501 χάριν
2333 5429 2434 5498 τὴν
2465 5429 2711 5485 δοθεῖσαν
2742 5429 2873 5501 ὑμῖν
2903 5429 3160 5502 διάφορα,
3194 5429 3306 5484 εἴτε
3336 5428 3680 5504 προφητείαν
3711 5423 3846 5482 κατᾶ

1872 5627 2106 5684 VARle
2145 5624 2550 5682 LECTiONES.

588 5773 595 5776 “
662 5766 764 5823 °C.
795 5765 864 5822 Μ.
900 5767 1098 5824 omittit
1126 5772 1215 5841 τῇ.
1327 5770 1438 5828 PC.
1475 5770 1544 5851 lli.
1578 5771 1703 5826 τῶν.

1817 5784 1844 5823 q
1877 5772 1936 5827 τὸ
1969 5771 2228 5829 mendose
2251 5769 2534 5852 repetitur,
2649 5779 2670 5808 ι’
2705 5767 2765 5826 C.
2797 5767 2864 5824 Μ.
2889 5767 3014 5826 add.
3052 5765 3242 5842 [malel
3278 5766 3374 5838 μή.
