4158 6480
448 434 550 503 601
1405 437 1504 496 ΑΙ)
1542 434 2007 495 AMPIIILOCHI

2108 437 2136 495 1
2174 436 2523 507 ΟΗίΕΞΤΙΟ
2561 440 2778 502 XCIII.
3611 446 3721 511 602

446 554 547 623 τὴν
580 549 874 619 ἀναλογίαν
906 551 1005 620 τῆς
1029 549 1290 629 πίστεως,
1327 549 1437 601 εῐτε
1472 547 1751 600 διακονίαν
1793 546 1851 598 ὲν
1880 548 1948 616 τῇ
1976 546 2246 616 διακονίᾳ,
2280 548 2391 599 εἴτε
2421 549 2449 600 6
2487 547 2757 603 διδάσκων
2794 551 2853 603 ὲν
2878 552 2946 622 τῇ
2978 550 3315 625 διδασκαλίᾳ,
3350 554 3462 608 εἴτε
3489 556 3517 609 6
3547 572 3723 627 napa-

448 648 634 702 καλῶν
664 649 722 700 ἐν
749 649 817 717 τῇ
847 646 1215 717 παρακλήσει,
1246 647 1274 698 6
1321 642 1633 714 μεταδιδοὺς
1664 643 1721 693 ὲν
1756 638 2044 710 ἁπλότητι,
2090 641 2119 692 6
2171 642 2568 710 προϊστάμενος
2620 643 2677 695 ὲν
2734 645 2962 716 σπουδῇ,
2987 648 3015 699 ὁ
3062 647 3231 700 ἐλεῶν
3286 650 3344 702 ὲν
3394 649 3717 720 ἱλαρότητι·

447 740 607 794 τοῦτο
636 740 720 810 δὴ,
754 739 916 793 τοῦτο
945 737 1006 790 τὸ
1033 737 1197 807 ῥητὸν
1240 735 1494 807 λαμπρὸν
1553 734 1624 787 ἂν
1679 732 1764 804 εἴη
1822 731 2292 802 περιϐεϐλημένου
2346 733 2507 801 λόγου
2558 735 2946 807 παράδειγμα·
2993 738 3105 808 ἔχει
3141 738 3241 809 μὲν
3280 741 3387 811 γὰρ
3421 742 3585 805 εὐθὺς
3641 743 3724 813 τῷ

451 832 730 903 καθολικῷ
757 831 1131 902 ἐπιφερόμενα
1161 830 1231 884 τά
1263 828 1465 900 μερικά
1485 844 1497 856 ·
1524 826 1684 881 τοῦτο
1713 826 1832 897 μὲν,
1858 823 1936 894 τῷ
1964 824 2261 895 χαρίσματι
2293 826 2393 898 τὴν
2425 828 2761 898 προφητείαν
2788 831 2881 882 καὶ
2902 830 3001 900 τὴν
3033 832 3312 887 διακονίαν
3339 850 3353 864 ο
3382 834 3541 888 τοῦτο
3569 836 3614 889 δ’
3645 833 3719 892 αὖ

456 929 617 984 πάλιν
639 928 706 997 τῇ
737 925 981 995 διακονίᾳ
1002 924 1071 978 τά
1100 920 1452 993 μερικώτερα
1486 919 1690 989 ταύτης
1715 917 1812 990 τὴν
1833 917 2183 971 διδασκαλίαν
2213 920 2309 988 τὴν
2332 919 2698 990 παράκλησιν,
2735 921 2830 975 καὶ
2879 922 2992 991 είγε
3035 922 3239 994 βούλει,
3270 926 3335 996 τῇ
3366 927 3714 996 παρακλήσει

452 1026 553 1096 τὴν
577 1020 883 1092 μετάδοσιν,
922 1019 1022 1086 τὴν
1047 1016 1406 1081 προστασίαν,
1437 1014 1538 1085 τὴν
1570 1012 1963 1084 ἐλεημοσύνην.
1988 1012 2056 1065 "U
2080 1029 2138 1065 τε
2160 1012 2268 1083 γὰρ
2301 1014 2614 1082 μεταδιδοὺς
2642 1014 2737 1069 καὶ
2756 1016 2783 1066 ὁ
2804 1017 3203 1086 προϊστάμενος
3239 1021 3335 1073 καὶ
3364 1021 3393 1072 ὁ
3422 1021 3611 1086 ἐλεῶν,
3634 1024 3719 1085 εἰς

451 1114 784 1185 παραψυχήν
807 1130 931 1166 τινα
960 1112 1053 1165 καὶ
1078 1110 1427 1181 παράκλησιν
1452 1108 1841 1162 καθίστανται·
1880 1109 1992 1169 τοῖς
2020 1106 2067 1159 6'
2112 1106 2292 1160 αὐτῶν
2330 1106 2811 1179 εὐεργετουμένοις
2845 1111 2906 1162 οὐ
2947 1111 3053 1180 μὴν
3079 1110 3215 1165 ἀλλά
3251 1113 3346 1165 καὶ
3375 1114 3491 1165 καθ’
3525 1114 3716 1184 ἕτερον

446 1209 647 1277 τρόπον
680 1205 1078 1279 περιϐέϐληται
1101 1220 1116 1235 ·
1147 1205 1247 1275 τὴν
1282 1202 1460 1257 αἰτίαν
1491 1202 1598 1273 γάρ
1627 1203 1776 1255 ἐστιν
1811 1196 1894 1263 οἷς
1922 1200 2227 1273 προσάπτει
2253 1199 2361 1253 τῶν
2395 1203 2843 1271 κεχαρισμένων·
2896 1204 2957 1256 οὐ
3004 1204 3395 1275 περιϐέϐληται
3440 1206 3498 1258 δὲ
3532 1205 3716 1276 μόνον,

446 1299 585 1354 ἀλλά
608 1299 704 1352 καὶ
730 1298 811 1368 τῷ
839 1297 1028 1369 τρόπῳ
1059 1295 1398 1350 ποικίλλεται
1427 1292 1505 1365 τῷ
1538 1304 1559 1331 ³
1595 1292 1705 1348 ἀπὸ
1726 1291 1909 1345 κοινοῦ
1930 1307 1944 1323 ·
1980 1293 2076 1345 καὶ
2105 1292 2169 1363 δὴ
2194 1292 2560 1361 προϐάλλεται
2588 1295 2685 1347 καὶ
2709 1293 2806 1365 τὴν
2832 1295 3053 1359 εἰδικῶς
3070 1297 3414 1368 καλουμένην
3444 1298 3714 1369 ἔλλειψιν·

445 1394 511 1446 τὸ
541 1393 673 1464 γὰρ,
710 1390 949 1462 ἔχοντες,
976 1389 1088 1445 ἀπὸ
1119 1387 1300 1442 κοινοῦ
1339 1389 1358 1426 ι
1396 1387 1496 1458 μὲν
1527 1386 1754 1457 φέρεται
1786 1384 1925 1438 κατά
1950 1384 2068 1449 τοῦ,
2093 1384 2216 1438 Εἴτε
2263 1384 2603 1454 προφητείαν
2624 1385 2734 1439 εἴτε
2765 1386 3071 1442 διακονίαν·
3098 1389 3178 1451 εἰς
3210 1390 3271 1443 16
3300 1391 3634 1461 καλούμενον
3655 1393 3715 1446 δὲ

448 1484 664 1555 ζεῦγμα
681 1481 1019 1552 διασχίζεται
1042 1521 1057 1547 ,
1081 1480 1174 1533 ἐπὶ
1203 1479 1321 1547 τοῦ,
1350 1480 1461 1533 είτε
1490 1480 1518 1532 6
1552 1478 1841 1541 διδάσκων,
1877 1477 1987 1530 εἴτε
2015 1478 2043 1529 ὁ
2078 1475 2439 1545 παρακαλῶν·
2479 1476 2573 1530 καὶ
2592 1477 2650 1529 ὲν
2678 1479 2791 1542 τοῖς
2829 1479 3030 1550 ἑφεξῆς
3057 1480 3114 1533 δὲ
3159 1481 3350 1552 μέρεσι
3383 1484 3479 1538 τοῦ
3529 1485 3717 1553 λόγου,

447 1580 559 1632 Kal.
587 1576 697 1648 γὰρ
728 1577 787 1628 ἐν
816 1575 957 1645 ἀρχῇ
986 1572 1363 1643 πληθυντικῶς
1390 1568 1851 1639 ἐκπεφωνημένου
1877 1567 1996 1632 τοῦ,
2020 1567 2257 1639 ἔχοντες,
2289 1566 2484 1630 ἑνικῶς
2511 1567 2844 1639 ὲξακούομεν
2879 1572 2970 1623 ὲπί
3001 1588 3062 1624 τε
3082 1572 3197 1637 τοῦ,
3225 1573 3288 1627 Ὁ
3321 1574 3586 1630 διδάσκων
3615 1576 3715 1629 καὶ

404 1704 409 1707 »
444 1673 475 1725 6
498 1669 852 1741 παρακαλῶν,
882 1669 977 1721 καὶ
1002 1666 1111 1719 τῶν
1127 1665 1301 1719 ἀλλων
1320 1680 1335 1695 ·
1355 1664 1517 1718 πάλιν
1540 1663 1597 1717 66
1623 1663 1684 1715 16
1712 1661 1843 1715 αὐτὸ
1869 1660 2069 1732 χωρίον
2081 1661 2355 1733 κρέμαται
2370 1661 2511 1729 ὅλον,
2542 1660 2849 1714 ἀνάπαυσιν
2877 1664 2977 1716 οὐκ
3005 1663 3127 1734 ἔχον
3142 1666 3422 1735 οὐδεμίαν,
3460 1668 3527 1722 ἂν
3557 1669 3632 1741 μή
3658 1678 3716 1720 τι

447 1768 600 1839 ῥῆμα
661 1762 1087 1835 προσεπινοηθῇ.
1128 1763 1226 1816 Ἂν
1277 1759 1388 1831 γὰρ
1444 1761 1518 1832 μὴ
1552 1760 1928 1829 ἐπινοήσωμεν
1949 1756 2033 1822 16,
2065 1757 2273 1828 μενέτω
2305 1757 2403 1827 μὲν
2427 1756 2484 1810 ἓν
2532 1772 2594 1809 τε
2627 1757 2694 1825 τῇ
2736 1756 2980 1829 διακονίᾳ
3026 1760 3117 1812 καὶ
3159 1759 3477 1833 διδασκαλίᾳ
3526 1764 3619 1816 καὶ
3644 1765 3714 1835 τῇ

443 1860 788 1932 παραϐλήσει
819 1856 1041 1927 [corrig.
1080 1853 1447 1927 παρακλήσει]
1471 1872 1484 1886 ο
1517 1853 1613 1907 καὶ
1644 1852 1754 1924 πρό
1777 1869 1840 1921 γε
1863 1850 2068 1905 τούτων
2116 1853 2175 1906 ὲν
2208 1850 2308 1922 τῷ,
2342 1851 2455 1905 εῐτε
2501 1855 2835 1924 προφητείαν
2878 1852 3023 1905 κατὰ
3052 1852 3149 1924 τὴν
3183 1854 3475 1923 ἀναλογίαν
3498 1857 3599 1926 τῆς
3620 1858 3715 1910 πί-

451 1970 618 2016 πεως
651 1953 789 2022 μετὰ
815 1952 912 2004 καὶ
934 1948 1251 2019 προσθήκης
1277 1946 1395 2014 τοῦ,
1418 1948 1475 2001 ὲν
1496 1948 1564 2017 τῇ
1590 1944 1903 2016 προφητείᾳ
1928 1960 1943 1974 ·
1968 1943 2044 2015 μὴ
2071 1944 2399 2014 συνάψωμεν
2428 1945 2487 1999 66
2518 1945 2677 1999 πάλιν
2703 1947 2781 2016 τῷ
2798 1954 2849 2012 ιι,
2872 1946 3200 2016 μεταδιδότω
3225 1949 3321 2002 καὶ
3361 1953 3715 2022 προῖστάσθω

451 2044 539 2097 cui.
576 2041 816 2107 ἔλεείτω,
848 2043 961 2104 τοῖς
986 2039 1205 2110 ἐφεξῆς,
1223 2038 1413 2101 ἀτελὲς
1450 2038 1576 2091 ὅλον
1600 2036 1696 2090 καὶ
1717 2036 2048 2107 παράσημον
2071 2034 2435 2105 πεποιηκότες
2472 2036 2540 2091 ἂν
2564 2036 2757 2107 εἴημεν
2787 2037 2849 2092 16
2870 2038 3090 2109 χωρίον.
3130 2039 3291 2094 Ἀλλά
3317 2041 3378 2095 τὸ
3417 2043 3518 2113 μὲν
3540 2047 3709 2118 ῥητὸν

450 2135 599 2189 τοῦτο
629 2133 807 2206 τρισὶν
834 2133 951 2205 ἄμα
975 2130 1428 2205 διεσχηματίζετο
1456 2128 1702 2200 τρόποις.

514 2233 624 2293 κςν.
666 2225 897 2296 Ἐφεξῆς
923 2225 982 2279 δὲ
1010 2224 1174 2278 πάλιν
1204 2224 1233 2277 6
1264 2220 1608 2285 ὲλλειπτικδς
1636 2218 1968 2292 προκύπτει.
2005 2217 2200 2272 Δείπει
2219 2217 2329 2291 γὰρ
2350 2219 2409 2273 ὲν
2430 2216 2529 2289 τῷ,
2567 2218 2633 2275 Ἦ
2661 2222 2853 2295 ἀγάπη
2880 2222 3267 2298 ἀνυπόκριτος,
3309 2229 3391 2295 16,
3421 2229 3585 2297 ἔστω,
3611 2221 3711 2286 καὶ

443 2317 628 2373 λοιπὸν
655 2317 876 2387 ἐφεξῆς.

509 2412 613 2476 κζ’,
655 2410 854 2483 Ἀρχὴν
885 2409 1021 2478 άλλη
1050 2405 1301 2479 περίοδος
1329 2401 1568 2474 δέχεται,
1596 2402 1654 2473 ἡ,
1704 2396 2171 2468 ’Λποστυγοῦντες
2204 2397 2267 2452 16
2296 2398 2535 2471 πονηρόν
2559 2415 2576 2433 ·
2602 2400 2724 2471 ἥτις
2760 2401 2848 2457 διὰ
2882 2406 3228 2473 μακροτάτου
3258 2411 3557 2483 ποιουμένη
3604 2412 3706 2485 τὴν

434 2504 715 2570 ἀπόδοσιν,
743 2504 823 2566 εἰς
861 2502 1079 2571 πνεῦμα
1116 2498 1217 2566 μὲν
1257 2494 1639 2551 ἀποτείνεται·
1666 2492 1768 2545 οὐκ
1800 2489 2150 2562 ἀπήλλακται
2181 2489 2238 2543 δὲ
2264 2489 2387 2543 οὐδὲ
2415 2490 2512 2545 τοῦ
2532 2490 2983 2563 περιϐεϐλῆσθαι.
3012 2494 3088 2547 T6
3108 2494 3235 2567 γάρ,
3264 2498 3707 2571 ἀποστυγοῦντες

434 2599 498 2653 16
530 2598 789 2669 πονηρὸν,
824 2597 905 2658 είς
932 2595 993 2650 τὸ
1013 2636 1030 2661 ,
1062 2592 1350 2661 Εὐλογείτε
1376 2589 1505 2653 τοὺς
1547 2587 1848 2649 διώκοντας
1907 2585 2075 2655 ὑμᾶς,
2126 2584 2401 2652 εὐλογεῖτε
2439 2585 2535 2637 καὶ
2581 2585 2657 2656 μὴ
2683 2586 3022 2656 καταρᾶσθε,
3053 2588 3147 2641 τὸν
3185 2591 3538 2661 ἀπαρτισμὸν
3564 2594 3707 2665 λαμ·

434 2693 614 2747 ϐάνει.
659 2692 811 2744 Ἐπεὶ
838 2690 936 2743 καὶ
966 2686 1074 2740 τῶν
1103 2686 1280 2740 ἀλλων
1311 2680 1501 2736 πασῶν
1542 2678 1751 2751 ἀρετῶν
1788 2679 1937 2742 τέλος
1965 2677 2082 2730 ἐστὶ
2110 2677 2206 2731 καὶ
2237 2677 2401 2730 οίονεὶ
2447 2677 2925 2748 συγκεφαλαίωσις
2949 2680 3011 2733 τὸ
3048 2680 3210 2751 μέχρι
3244 2683 3353 2735 τῶν
3373 2684 3586 2754 ἐχθρῶν
3608 2687 3711 2739 καί

442 2783 834 2857 μεμισηκότων
857 2780 957 2852 τὴν
987 2778 1297 2849 ἀγαθότητα
1328 2776 1427 2831 καὶ
1491 2776 1714 2846 ἀγάπην
1768 2773 2146 2845 παρατείνειν.
2202 2772 2360 2825 Κατά
2385 2771 2495 2842 γάρ
2536 2771 2742 2843 ταύτην
2763 2772 2864 2843 τὴν
2893 2773 3093 2843 πρᾶξιν
3119 2776 3215 2828 καὶ
3253 2778 3282 2829 6
3309 2778 3579 2848 σωτήριος
3615 2795 3711 2833 και

439 2875 677 2948 ἀψευδὴς
709 2883 736 2912 ν
766 2874 921 2942 λόγος
961 2868 1358 2943 ἀφομοιοῦσθαι
1394 2866 1522 2931 τοὺς
1556 2866 1651 2920 ἐπὶ
1697 2865 1801 2934 γῆς
1849 2863 2173 2935 ἀνθρώπους
2205 2862 2342 2934 πρὸς
2364 2861 2459 2916 τὸν
2489 2864 2549 2916 ὲν
2590 2862 2845 2934 οὐρανοῖς
2882 2863 3227 2919 ἐπιστώσατο
3268 2868 3509 2940 Πατέρα.
3546 2871 3711 2927 Ἀλλά

434 2974 544 3044 γὰρ
579 2970 716 3023 πολὺ
749 2969 954 3040 πλῆθος
977 2971 1036 3022 ὲν
1066 2970 1180 3033 τοῖς
1206 2974 1498 3041 γράμμασι
1527 2968 1624 3022 τοῦ
1655 2968 1801 3022 θείου
1855 2965 2071 3022 Παύλου
2126 2964 2235 3019 τῶν
2281 2963 2542 3018 τοιούτων
2580 2963 2761 3019 ἔνεστι
2804 2966 3304 3037 παραδειγμάτων·
3341 2968 3404 3035 ἐξ
3445 2964 3520 3025 ὧν
3548 2972 3709 3043 ὀλίγα

435 3067 779 3140 παρεθέμην,
797 3068 866 3121 δι’
893 3067 961 3132 ἀς
977 3068 1073 3121 καὶ
1102 3068 1381 3139 καταρχὰς
1404 3066 1702 3138 ὑπολήψεις
1729 3064 1886 3134 ἔφην,
1921 3058 2011 3128 αἷς
2034 3062 2138 3125 τὰς
2167 3060 2348 3125 αἰτίας
2376 3060 2697 3132 ἀνατίθημι,
2728 3060 2823 3115 καὶ
2847 3062 2984 3116 διότι
3022 3064 3159 3134 μηδὲ
3192 3065 3323 3136 περὶ
3360 3065 3471 3122 τῶν
3498 3066 3706 3123 λοιπῶν

436 3157 520 3228 οἷς
546 3165 911 3235 συνεχρήσατο
940 3162 1221 3234 διεξῆλθον
1244 3163 1445 3235 τρόπον
1472 3162 1610 3227 ὅλως
1636 3179 1697 3215 τε
1731 3160 1864 3231 περὶ
1902 3160 2110 3231 τρόπου
2138 3160 2410 3247 γενέσεως
2451 3157 2545 3247 καί.
2573 3156 2840 3247 διαφοράς
2875 3156 3175 3227 ποσότητός
3201 3174 3262 3211 τε
3293 3160 3389 3212 καὶ
3425 3162 3698 3247 χρήσεως·

435 3248 561 3306 ὅθεν
586 3268 645 3306 τε
680 3255 713 3323 ἡ
751 3251 1079 3324 τροπολογία
1108 3253 1234 3324 ἔφυ,
1267 3254 1365 3307 καὶ
1393 3253 1462 3307 δι’
1492 3253 1562 3324 ἦν
1611 3268 1743 3306 ποτε
1775 3250 1953 3304 αἰτίαν
2008 3251 2044 3320 ἡ
2116 3246 2362 3318 Ἑλληνὶς
2399 3245 2605 3317 ταύτην
2648 3245 2965 3315 ᾠκειώσατο
3009 3248 3232 3316 γλῶσσα
3256 3267 3269 3280 ·
3309 3245 3566 3323 οὐδὲγάρ
3594 3255 3707 3308 οὐδ⁹

433 3345 731 3417 ἀξιώσαιμι
757 3362 771 3375 ·
800 3345 926 3399 οὐτε
959 3347 1021 3399 σὲ
1048 3346 1257 3401 δεῖσθαι
1286 3344 1585 3416 μαθήσεως
1607 3344 1745 3410 ὅλως
1789 3344 1890 3415 τῆς
1932 3342 2067 3415 περὶ
2095 3339 2272 3395 ταῦτα
2316 3337 2640 3411 τηλικοῦτον
2680 3339 2813 3395 ὂντα
2840 3339 2958 3395 οὐθ’
2988 3342 3136 3413 ἡμᾶς
3156 3342 3215 3396 έν
3241 3345 3309 3415 τῇ
3339 3346 3470 3417 περὶ
3496 3347 3704 3405 τούτων

429 3437 752 3510 διδασκαλίᾳ
778 3438 1204 3509 φιλοτιμεῖσθαι.

494 3533 577 3586 Τά
612 3532 713 3604 μὲν
756 3533 863 3604 γάρ
895 3533 1214 3605 στοιχειώδη
1243 3550 1305 3588 τε
1331 3532 1430 3589 καὶ
1460 3533 1638 3589 οἰκεῖα
1651 3534 1765 3598 τοῖς
1796 3534 2007 3603 εἰσαγο-

2182 3527 2318 3597 Qua
2334 3528 2481 3585 enim
2509 3537 2640 3585 sunt
2667 3530 2916 3601 quaedam
2934 3530 3567 3619 elementariayrimitus
3590 3537 3702 3593 ini-

392 3658 396 3663 λ
428 3626 648 3696 μένοις·
678 3625 749 3679 τά
791 3624 870 3692 δὲ,
918 3626 987 3680 δι’
1016 3620 1094 3682 ὧν
1121 3626 1335 3699 ἔφημεν
1399 3628 1819 3699 ὑποδειγμάτων
1864 3628 2012 3699 σαφῆ

428 3719 526 3772 καὶ
551 3717 741 3791 ῥᾳδίαν
774 3718 966 3789 εἴληφε
990 3719 1091 3790 τὴν
1119 3719 1347 3790 γνῶσιν.
1375 3721 1499 3775 Τῶν
1532 3720 1632 3793 μὲν
1657 3716 1751 3775 οὖν
1774 3720 2013 3775 ἀποστο-

427 3811 597 3866 λικῶν
624 3813 975 3884 γραμμάτων
1027 3812 1125 3867 καὶ
1166 3816 1279 3878 τοῖς
1311 3815 1625 3887 εἰρημένοις
1669 3813 1767 3869 καὶ
1798 3812 2012 3877 πολλοῖς

428 3905 638 3976 ἑτέροις
669 3906 944 3976 σχήμασιν
967 3904 996 3958 6
1024 3906 1314 3977 χαρακτὴρ
1347 3904 1489 3960 οὓτω
1528 3907 1742 3976 πέφυκε
1782 3905 2011 3977 διαμορ-

426 3998 663 4068 φοῦσθαι
685 4014 700 4029 ·
732 3998 854 4069 οὐχὶ
875 3997 920 4051 δ’
940 3998 1078 4071 ὅπερ
1097 4000 1190 4052 καὶ
1218 3998 1487 4071 πολλαχοῦ
1505 4000 1831 4071 ἁπειπάμην
1845 4000 2013 4072 τέχνῃ

426 4091 522 4144 καὶ
550 4090 750 4161 μελέτῃ
782 4088 959 4145 ταῦτα
985 4091 1219 4162 γράφειν
1261 4091 1425 4145 αὐτὸν
1459 4092 1628 4163 ἡδέως
1663 4092 1877 4162 είποιμι
1901 4091 1967 4146 ἀν
1990 4107 2005 4122 ·

424 4186 525 4255 οὐχ
545 4182 721 4247 οὕτως
750 4183 1064 4254 μικρολογῶ
1086 4183 1178 4237 τὸν
1197 4182 1449 4253 οὐράνιον
1467 4183 1755 4254 ἄνθρωπον
1776 4184 2009 4250 ἐκεῖνον,

423 4270 517 4324 16v
558 4268 635 4334 ὡς
681 4270 861 4324 οἰκίαν
914 4269 949 4342 ἢ
985 4270 1138 4325 πόλιν
1189 4270 1320 4339 μίαν
1364 4270 1464 4343 τὴν
1510 4272 1841 4344 οἰκουμένην
1879 4272 2009 4344 ὅλην

426 4362 723 4417 πολίσαντα
750 4362 831 4432 τῷ
853 4362 1172 4434 κηρύγματι
1192 4378 1208 4394 ·
1251 4362 1367 4417 ἀλλ’
1397 4362 1626 4435 ὲμφύτῳ
1668 4364 1862 4434 κράτει
1892 4364 2010 4418 διαο

424 4454 575 4516 νοίας
631 4455 730 4510 καὶ
758 4455 839 4526 τῷ
873 4457 1003 4527 περὶ
1041 4457 1220 4511 πάντα
1244 4454 1577 4527 δραστηρίῳ,
1610 4455 1812 4524 μᾶλλον
1845 4456 1903 4509 δὲ
1937 4457 2006 4528 τῇ

423 4546 634 4601 ἀνωθεν
661 4547 843 4620 χάριτι
860 4564 877 4581 ·
912 4549 948 4620 ἡ
978 4548 1181 4604 καὶτὸν
1217 4548 1444 4602 πλοῦτον
1463 4547 1615 4620 αὐτῷ
1636 4549 1735 4620 τῆς
1761 4548 2005 4620 ἐμφύτου

422 4640 678 4709 γνώσεως
710 4640 806 4696 καί¹
834 4640 936 4711 τῆς
970 4641 1111 4714 ὑπὲρ
1133 4641 1194 4695 16
1220 4640 1561 4712 ἀνθρώπινον
1602 4642 1883 4713 ἀγχινοίας
1911 4639 2008 4696 καὶ

421 4734 742 4805 φρονήσεως
780 4733 1094 4805 χορηγοῦσα
1136 4734 1225 4791 διὰ
1276 4736 1494 4790 πάντων
1542 4735 1603 4791 οὐ
1638 4736 1898 4804 διέλιπεν,
1936 4735 2005 4791 δι’

2118 3623 2309 3679 tiatis:
2348 3622 2456 3678 alia
2489 3622 2796 3678 redduntur
2823 3622 2972 3679 clara
2998 3631 3055 3678 et
3085 3624 3377 3681 manifesta
3428 3626 3584 3693 satis,
3626 3628 3699 3684 ita

2115 3724 2178 3773 ut
2198 3714 2358 3771 facile
2383 3714 2715 3786 apprehendi
2746 3716 2966 3786 possint
3002 3731 3101 3787 per
3144 3716 3236 3772 illa
3294 3734 3418 3789 qua:
3470 3722 3702 3790 protuli-

2112 3822 2240 3865 mus
2264 3808 2536 3878 exempla.
2561 3807 2741 3879 Atque
2787 3807 2863 3863 ita
2893 3808 3229 3879 scriptorum
3270 3813 3700 3881 apostolieorum

2114 3904 2404 3957 character
2434 3916 2532 3972 per
2556 3909 2684 3957 ante
2720 3902 2981 3959 recitatas
3011 3911 3067 3958 et
3093 3904 3294 3959 multas
3325 3905 3463 3961 alias
3496 3907 3703 3979 ﬁguras

2113 3989 2182 4046 ad
2215 3990 2363 4047 hunc
2392 3991 2616 4047 modum
2650 3991 2968 4048 confirmari
3004 4003 3206 4063 potest.
3233 3993 3344 4051 Nec
3395 3999 3541 4067 quod
3582 3999 3699 4070 jam

2113 4081 2407 4153 aliquoties
2474 4083 2690 4154 negavi,
2743 4085 2979 4139 dixerim
3026 4101 3153 4140 eum
3210 4086 3499 4145 affectasse
3550 4094 3699 4150 hunc

2112 4173 2389 4229 scribendi
2418 4173 2667 4228 modum.
2706 4172 2829 4230 Non
2855 4175 2930 4231 ita
2986 4177 3081 4231 vili
3108 4178 3285 4246 pendo
3308 4182 3587 4239 caelestem
3625 4186 3697 4239 il-

2111 4262 2225 4317 lum
2277 4264 2477 4328 virum,
2534 4264 2632 4336 qui
2678 4274 2851 4320 totum
2894 4266 3084 4321 orbem
3152 4277 3416 4340 tanquam
3475 4275 3696 4331 unicam

2111 4356 2353 4427 aliquam
2386 4357 2701 4413 urbeeulam
2733 4360 3079 4430 praedicando
3114 4361 3391 4418 circumiit
3422 4382 3437 4419 :
3500 4367 3596 4423 sed
3626 4368 3697 4424 ab

2111 4449 2275 4506 insita
2299 4450 2470 4506 animi
2501 4450 2779 4517 facultate,
2809 4462 2860 4507 et
2892 4462 3123 4510 actuoso
3152 4471 3249 4526 per
3276 4458 3459 4513 omnia
3482 4459 3693 4530 habitu,

2109 4540 2223 4597 imo
2259 4543 2443 4613 potius
2466 4558 2499 4598 a
2531 4544 2742 4601 caelesti
2773 4546 2948 4617 gratia
2975 4547 3297 4618 inspiratus,
3325 4568 3448 4623 quae
3473 4555 3693 4613 divitias

2106 4633 2211 4705 ipsi
2232 4634 2378 4703 illas,
2412 4635 2594 4693 insita:
2629 4639 2963 4710 cognitionis
2992 4649 3048 4695 et
3071 4642 3377 4712 prudentiae
3398 4646 3540 4702 ultra
3585 4648 3690 4702 hu-

2107 4742 2325 4782 manam
2380 4738 2436 4785 et
2466 4730 2842 4802 intelligentia
2888 4734 3102 4804 copiam
3140 4751 3239 4805 per
3303 4740 3487 4793 omnia
3522 4750 3577 4796 et
3632 4742 3688 4797 iu

416 4821 487 4899 ἧς
510 4827 606 4879 καὶ
657 4825 766 4880 τῶν
804 4839 830 4867 ι
883 4827 1066 4890 ἄλλοις
1116 4828 1220 4883 ὅσα
1269 4829 1423 4882 πόνοι
1472 4828 1568 4882 καὶ
1598 4828 1818 4898 μελέται
1851 4828 2004 4900 μόλις

2108 4822 2365 4877 omnibus
2395 4825 2656 4878 continuo
2686 4838 2942 4898 suggesta
2980 4830 3367 4898 suppeditavit,
3402 4833 3547 4889 unde
3568 4834 3688 4891 sine

418 4892 779 4989 κατορθοῦσιν
799 4918 964 4984 αὐτὸς
990 4919 1374 4990 ἀταλαίπωρον
1397 4920 1525 4991 ἔσχε
1564 4892 1663 4992 τήν
1686 4892 1884 4993 χρῆσιν
1907 4892 2003 4976 καί

2108 4909 2292 4966 labore
2321 4920 2376 4966 et
2401 4909 2719 4971 diﬂicultate
2748 4932 2913 4971 usum
2951 4932 3142 4974 earum
3198 4936 3383 4977 rerum
3417 4933 3473 4978 et
3530 4940 3688 4982 exse-

417 5010 819 5081 μεταχείρισιν.
850 5011 924 5065 Σὺ
957 5011 1016 5065 δέ
1068 5028 1159 5082 μοι
1195 5013 1316 5076 ταῖς
1361 5012 1574 5066 ἐκεῖθεν
1616 5013 1878 5085 καθαρῶς
1909 5012 1999 5068 έλ-

415 5100 771 5173 λαμπόμενος
820 5102 919 5174 τῆς
959 5102 1220 5173 ἀληθείας
1267 5103 1505 5170 ἀκτῖσιν,
1551 5102 1669 5173 εἴης
1696 5103 1886 5176 ὥσπερ
1938 5104 2000 5159 16

416 5191 755 5264 θεωρητικὸν
808 5193 1249 5265 όμματούμενος,
1291 5192 1436 5248 οὕτω
1482 5196 1575 5248 καὶ
1607 5195 1666 5249 τὸ
1695 5195 1998 5267 πρακτικὸν

412 5284 533 5348 ταῖς
560 5283 787 5339 αὐτόθεν
812 5284 1054 5350 ἐντολαῖς
1075 5284 1164 5341 διὰ
1185 5284 1301 5356 βίου
1333 5283 1752 5357 ρυθμιζόμενος.

2103 5002 2381 5059 cntionem
2417 5006 2863 5076 nanciseebatur,
2904 5026 3045 5081 quas
3090 5012 3185 5066 alii
3218 5028 3314 5083 per
3359 5015 3573 5072 labores
3631 5030 3686 5074 et

2101 5096 2278 5151 serias
2334 5097 2718 5155 meditationes
2771 5104 2860 5158 vix
2920 5116 3305 5171 assequuntur.
3361 5106 3441 5163 Tu
3495 5121 3679 5167 autem

2101 5187 2350 5244 veritatis
2390 5189 2561 5246 radiis
2588 5191 2720 5247 hinc
2753 5198 3174 5253 coruscantibus
3216 5199 3579 5270 illuminatus,
3622 5214 3683 5261 ut

2099 5279 2249 5350 quod
2277 5282 2540 5338 theoriam
2575 5286 2772 5342 attinet
2792 5287 3102 5357 illustraris,
3133 5292 3205 5347 ita
3239 5294 3419 5364 quoad
3465 5297 3679 5365 praxim

2102 5374 2391 5445 praeceptis
2420 5376 2665 5438 Paulinis
2692 5397 2790 5454 per
2821 5394 2993 5442 totum
3017 5388 3140 5445 vita:
3170 5398 3275 5446 tua:
3304 5405 3529 5449 cursum
3551 5409 3684 5451 cou-

2102 5464 2360 5524 ﬁrmaris.

1596 5692 1599 5695 λ
1692 5650 1929 5709 VARle
1968 5653 2381 5714 LECTIOhEb.

672 5801 753 5892 M;
778 5803 905 5892 legit
936 5804 1018 5892 τόζ
1055 5803 1207 5892 lC.
1232 5805 1303 5864 Μ.
1336 5809 1394 5864 16
1429 5808 1537 5881 γὰρ
1568 5807 1676 5866 ἀπὸ
1706 5809 1888 5868 κοινοῦ
1919 5810 2007 5886 εχο

2108 5830 2153 5881 ς.
2201 5812 2340 5891 ιιστό.
2382 5816 2527 5889 ’.καὶ
2554 5816 2795 5892 ἀψευδής
2822 5817 2939 5877 des.
2978 5819 3032 5877 in
3056 5820 3121 5878 C.
3156 5820 3368 5883 Ilionae.
3446 5832 3475 5865 ι
3500 5824 3564 5886 C.
3594 5826 3673 5888 Μ.

406 5864 701 5938 διέλειπεν,
725 5874 793 5929 δι’
817 5864 898 5939 δίς
930 5876 1023 5928 καὶ
1049 5877 1178 5939 τοῖς.
