4158 6426
571 362 679 427 603

696 473 1024 543 ΟΟΑΞΒΤΙΟ
1077 476 1242 533 XCIV
1301 477 1518 551 [CoisL
1575 477 1825 546 CCLVII,
1870 482 2035 539 Taur.

1188 570 1556 646 CCXLVHIL

1743 373 2009 435 PIIOTII
2040 375 2551 440 PATRIARCIUE
2588 381 2698 443 ΕΡ.

2190 489 2243 550 Λ
2830 490 3168 549 sparum}:
3194 498 3306 565 ιμ’.

3771 397 3872 460 604

573 658 715 724 Quid
752 668 828 713 est
852 675 872 713 :
897 659 1121 715 «Luceat
1150 660 1243 715 (ua:
1261 672 1433 717 vestra
1451 680 1632 718 coram
1660 665 1990 722 hominibus)
2018 676 2115 723 elc.

2276 664 2339 718 Τί
2364 663 2499 718 ἐστι
2528 668 2600 718 τό
2615 680 2640 746 ;
2672 682 2692 716 ι
2722 668 3026 751 ᾼιιμψάτω
3062 671 3131 726 τὸ
3164 672 3293 751 φῶς
3328 677 3509 751 ﬁndi?
3526 680 3873 751 ἔμπροσθεν

2568 734 2686 789 τῶν
2708 734 3058 809 ἀνθρώπων,
3098 760 3116 794 I
3152 734 3579 819 καί’τὰ’ἑξῆςξ

636 844 775 893 Edita
801 858 828 892 a
855 844 1176 908 Montacutio,
1198 859 1281 910 ep.
1314 847 1424 911 167,
1449 848 1515 899 ad
1547 851 1690 901 Paul.
1730 853 1948 916 Laodic.,
1973 868 2021 917 p.
2049 854 2158 905 ειε.
2188 852 2264 904 An
2288 850 2386 903 sibi
2419 853 2757 903 contradicant
2785 852 2961 905 Matth.
2982 870 3028 917 v,
3062 858 3094 908 6
3131 865 3185 910 et
3216 862 3383 915 Matth.
3413 880 3485 927 vI,
3510 868 3623 917 2-4.

640 948 962 1007 Prolixioris
1032 961 1138 1009 tuae
1190 970 1255 1012 ac
1302 957 1481 1012 dedita
1516 974 1681 1030 opera
1738 966 1961 1032 prolata;
2007 981 2161 1034 qna:-

568 1042 766 1095 stionis
834 1044 1139 1112 simplicem
1208 1057 1263 1102 et
1334 1049 1551 1105 brevem
1621 1054 1953 1110 solutionem
2018 1056 2157 1111 fero.

569 1129 778 1199 Primo,
814 1153 833 1186 ι
876 1133 968 1189 Sic
995 1135 1171 1191 luceat
1200 1138 1293 1192 lux
1324 1150 1506 1196 vestra
1538 1156 1725 1199 coram
1758 1146 2072 1204 hominibus
2097 1156 2156 1203 ut

564 1221 785 1277 videant
814 1238 982 1293 opera
1017 1235 1200 1282 vestra
1252 1229 1416 1296 bona,
1461 1241 1517 1287 et
1572 1234 1878 1304 gloriﬁcent
1931 1235 2149 1295 Patrem

560 1322 804 1367 vestrum
833 1314 927 1383 qui
954 1323 1038 1369 est
1062 1316 1115 1370 in
1148 1318 1302 1374 caelis
1322 1320 1389 1373 ".
1417 1339 1436 1372 ι
1474 1320 1569 1376 Est
1594 1324 1660 1377 ad
1689 1324 2146 1395 perfectissimam

564 1405 817 1459 virtutem
847 1408 1179 1463 exhortatio.
1216 1427 1234 1462 ι
1272 1410 1452 1467 Nolite
1509 1414 1693 1471 facere
1746 1426 2147 1492 eleemosynam

562 1507 796 1551 vestram
826 1512 1010 1553 coram
1046 1500 1364 1558 hominibus
1391 1503 1460 1567 ⁸⁸,
1494 1523 1511 1556 ι
1546 1507 1611 1562 ad
1637 1508 1930 1566 tollendam
1960 1513 2150 1584 gloriae

559 1588 937 1654 ambitionem,
968 1607 1091 1661 qua:
1123 1602 1209 1648 est
1230 1594 1577 1666 improbitas,
1640 1612 1959 1673 usurpatur.
1994 1605 2148 1672 Quo-

561 1678 723 1734 modo
762 1682 1023 1751 nequitize
1051 1683 1357 1742 destructio
1395 1687 1561 1759 igitur
1611 1696 1996 1753 contravenire
2049 1714 2148 1770 po-

560 1779 667 1826 test
688 1772 1064 1829 exhortationi
1096 1790 1221 1846 qua:
1244 1786 1330 1832 est
1361 1778 1428 1833 ad
1452 1781 1709 1839 virtutem
1740 1804 1753 1840 :
1793 1787 1906 1843 imo
1963 1793 2138 1860 potius

2254 1772 2460 1884 ἀρετῆς

556 1864 771 1918 aversio
805 1880 930 1934 qua:
976 1868 1048 1921 ab
1105 1883 1211 1922 una
1262 1867 1448 1938 fuerit,
1502 1873 1726 1933 alterius
1781 1880 1963 1936 tirmat
2013 1885 2149 1939 sub-

556 1957 922 2012 stitutioncm.
964 1956 1101 2014 Nam
1147 1959 1241 2032 qui
1275 1960 1565 2033 gloriolam
1608 1975 1906 2027 humanam
1937 1991 2036 2046 pro
2054 1976 2147 2034 Dei

556 2045 773 2115 legibus
800 2046 1003 2117 rejicit,
1051 2048 1142 2103 ille
1190 2050 1412 2109 virtutis
1471 2072 1663 2114 amore
1703 2045 2038 2132 incenditur,
2094 2078 2150 2123 et

552 2136 639 2190 vir
664 2153 790 2192 eum
846 2139 915 2194 sit
960 2140 1166 2211 probus
1221 2142 1394 2201 Deum
1447 2150 1609 2206 habet
1647 2156 2043 2224 propalatorem
2095 2171 2151 2219 et

549 2229 835 2298 publicum
883 2246 1189 2300 praeconem
1245 2254 1472 2308 operum
1508 2240 1683 2310 ipsius
1721 2245 1896 2301 instar
1954 2249 2143 2308 lueis:

551 2329 610 2373 at
641 2320 735 2390 qui
767 2321 1167 2378 misericordia:
1190 2331 1378 2385 studet
1407 2329 1676 2387 faciendae
1708 2347 1933 2407 propter
1964 2341 2147 2397 homi-

549 2429 683 2466 num
715 2412 916 2469 l‘amam
945 2425 998 2470 et
1034 2417 1375 2487 opinionem,
1420 2421 1468 2477 is
1495 2431 1599 2491 est,
1620 2425 1714 2495 qui
1748 2428 1819 2483 ob
1852 2433 2147 2489 ostenden-

546 2505 673 2556 dam
739 2507 1035 2566 vanitatem
1100 2530 1324 2569 causzim
1385 2512 1588 2583 qumrit
1657 2524 1713 2570 et
1767 2521 2141 2580 occasionem.

547 2596 825 2662 Quantum
856 2617 988 2675 ergo
1021 2605 1114 2662 Dei
1140 2606 1460 2675 sulfraginm
1491 2605 1787 2663 humanam
1812 2611 2141 2672 industriam

548 2700 792 2761 superat,
820 2704 1031 2752 tantum
1065 2699 1351 2754 dill‘ertvir
1389 2697 1599 2754 iaciens
1639 2701 1975 2761 voluntatem
2010 2707 2131 2778 Dei,

546 2793 603 2837 et
630 2784 888 2840 virtutem
944 2791 1252 2859 amplexus,
1287 2791 1357 2846 ab
1386 2806 1453 2846 eo
1477 2792 1572 2863 qui
1606 2807 1797 2849 curam
1861 2801 2035 2857 solam
2078 2803 2144 2857 il-

547 2872 652 2928 lam
690 2876 911 2933 adhibet
941 2890 1001 2935 ut
1042 2882 1236 2939 laudes
1272 2892 1501 2938 venetur
1539 2887 1834 2944 humanas.
1875 2892 1959 2947 Ab
2001 2894 2140 2950 isto-

546 2982 668 3021 rum
722 2970 1030 3029 imitatione
1071 2977 1374 3032 abhorrere
1442 2976 1752 3035 Servatoris
1797 3000 2133 3057 praeceptum

542 3074 641 3114 eos
667 3072 831 3130 velat,
872 3067 1048 3135 quiin
1102 3067 1153 3123 id
1184 3069 1512 3129 incumbunt
1557 3084 1615 3129 ut
1665 3075 1838 3133 Deum
1895 3081 2137 3140 habeant

543 3159 735 3207 testem
776 3163 831 3210 et
858 3148 1166 3225 praeconem
1210 3179 1438 3219 suorum
1494 3182 1722 3238 operum
1761 3189 1775 3227 :
1808 3188 1914 3227 non
1942 3184 2124 3231 autem
2155 3175 2198 3234 C

543 3238 597 3293 id
639 3238 931 3301 intendunt
964 3257 1023 3303 ut
1050 3253 1304 3323 proprias
1341 3255 1587 3326 ipsorum
1647 3274 1795 3320 artes
1836 3268 2135 3337 praeferant

540 3332 757 3389 ewlesti
788 3339 1124 3398 testimonio.

539 3445 872 3511 ρυΑεδΤιο
915 3453 1053 3509 xcv
1093 3456 1285 3529 [CoisL
1315 3462 1585 3525 CCLVIII.
1630 3467 1799 3525 Taur.
1827 3470 2136 3551 ccxnnq.

612 3541 755 3605 Quid
789 3556 869 3599 est
898 3544 1035 3602 illud
1066 3566 1086 3605 :
1131 3570 1151 3604 ι
1181 3552 1347 3610 Pater
1382 3574 1532 3615 meus
1562 3564 1735 3633 major
1764 3587 1844 3625 me
1872 3573 1998 3627 est?
2035 3593 2054 3626 ι

598 3653 743 3707 Edita
768 3673 797 3709 a
836 3660 1158 3730 Montacutio,
1192 3681 1275 3730 ep.
1301 3671 1410 3733 176,
1432 3675 1499 3724 ad
1524 3678 1580 3727 S.
1604 3680 1806 3748 Sabam,
1840 3701 1892 3751 p.
1915 3691 2143 3748 262-264.

609 3764 826 3821 Dictum
870 3768 1001 3826 illud
1029 3776 1431 3846 evangelicum,
1469 3797 1488 3832 ι
1519 3780 1678 3842 Pater
1704 3807 1859 3851 meus
1886 3814 1974 3855 me
2014 3818 2135 3859 ma-

531 3859 621 3928 jor
652 3868 737 3915 est
775 3861 843 3929 ",
885 3880 904 3914 ι
946 3879 1054 3919 non
1084 3883 1194 3923 uno
1223 3872 1387 3927 modo
1426 3871 1618 3936 Patres
1659 3889 1832 3942 nostri
1864 3889 2135 3965 interpre-

536 3960 745 4017 tantur,
791 3957 938 4013 nulla
974 3960 1194 4018 interim
1231 3970 1574 4038 expositione
1620 3978 1902 4040 veritatem
1938 3957 2136 4046 debili-

531 4141 678 4208 quod
720 4159 828 4198 non
864 4147 1191 4205 substantia:
1224 4155 1600 4215 alterationem
1645 4141 1983 4227 identitatem
2033 4141 2132 4247 po:

533 4233 641 4286 tius
670 4243 726 4288 et
758 4243 1271 4300 connaturalitatcm
1314 4259 1484 4307 notat.
1524 4252 1719 4311 Omnis
1758 4262 1903 4316 enim
1953 4233 2127 4335 pater,

528 4324 665 4379 dum
718 4327 891 4385 lilium
948 4338 1272 4394 causalitate
1323 4346 1605 4414 prazcedit,
1636 4368 1734 4422 per
1778 4356 1911 4413 illud
1945 4324 2124 4432 ipsum

528 4421 855 4491 constringit
884 4426 1064 4494 potius
1090 4441 1144 4484 et
1176 4431 1230 4486 in
1270 4450 1441 4490 unum
1486 4446 1808 4518 compingit,
1841 4421 2127 4526 utcu-uque

530 4510 642 4566 sint
674 4512 1001 4584 hypostases
1033 4530 1141 4577 tam
1190 4526 1463 4588 divulsus:
1512 4549 1636 4603 qua:
1676 4539 1950 4612 dispersio
1999 4550 2127 4605 Inde

530 4604 817 4677 contingit,
838 4612 984 4679 quod
1015 4628 1045 4669 e
1068 4622 1343 4677 sexcentis
1374 4623 1428 4678 in
1457 4629 1622 4684 rebus
1651 4604 1844 4701 geni-tis
1873 4639 2134 4697 acciden-

532 4696 681 4753 tibus
709 4699 884 4759 ﬂuens
922 4716 977 4761 et
1024 4712 1410 4783 multiplicata,
1462 4719 1516 4774 in
1566 4696 1730 4779 aliam
1795 4733 2032 4800 speciem
2074 4736 2129 4789 vi

531 4786 851 4859 impellitur.
886 4797 1030 4855 Filio
1075 4802 1240 4874 igitur
1282 4810 1545 4880 majorem
1596 4832 1722 4873 esse
1756 4786 1970 4877 Patrem
2003 4841 2130 4896 spe-

532 4891 646 4936 ctat
673 4886 738 4939 ad
775 4889 1062 4957 paritatem
1095 4899 1418 4962 substantiae
1448 4917 1503 4963 et
1538 4908 1935 4979 subsistentire,
1974 4886 2127 4974 nullo

528 4984 719 5069 cautem
750 4984 913 5039 modo
947 4989 1011 5043 ad
1044 4992 1375 5056 substantia:
1401 5002 1797 5061 diversitatem.
1849 5008 1979 5073 Alii,
2012 5026 2133 5067 ma-

522 5073 611 5127 ior
646 5085 767 5139 me,
810 5077 876 5131 ad
923 5080 1222 5145 humanam
1275 5104 1531 5154 naturam
1588 5100 1916 5156 retulerunt.
1963 5102 2132 5160 Aiunt

525 5160 698 5228 enim,
757 5171 904 5235 quod
960 5183 1429 5265 quemadmodum
1489 5211 1509 5244 ι
1566 5195 1837 5265 proﬁcisci
1901 5195 1966 5249 ad
2022 5195 2131 5251 Pa-

525 5259 701 5322 ιτεηις
749 5277 769 5311 ι
805 5268 877 5328 ει,
908 5282 928 5315 ι
956 5264 1075 5323 Νοη
1118 5274 1301 5334 adhuc
1330 5283 1502 5338 multa
1543 5259 1667 5342 c—nm
1714 5286 2001 5361 discipulis
2042 5294 2128 5349 lo-

524 5346 615 5414 qui
656 5349 741 5418 5°;
784 5369 803 5403 ι
844 5362 920 5422 et,
958 5376 978 5411 ι
1007 5357 1169 5421 Venit
1191 5368 1453 5446 Princeps
1498 5380 1711 5448 mundi,
1755 5400 1775 5435 ι
1816 5346 1917 5441 nec
1949 5388 1999 5442 in
2033 5403 2122 5445 me

2332 965 2446 1035 Τῆς
2477 969 2696 1036 μακρᾶς
2713 978 2809 1015 σου
2835 965 2931 1018 καὶ
2945 976 3415 1047 μεμηχανημένης
3433 980 3683 1050 ἀπορίας
3697 983 3867 1056 ἁπλῆν

2273 1056 2368 1111 καὶ
2402 1059 2671 1131 σύντομόν
2704 1079 2785 1114 σοι
2842 1066 3195 1133 παρεχόμεθα
3245 1069 3343 1141 τὴν
3386 1070 3572 1127 λύσιν.
3630 1074 3705 1128 Τὸ
3745 1078 3860 1147 μὲν,

2258 1169 2278 1204 ι
2311 1151 2469 1207 οὖτω
2485 1153 2754 1226 λαμψάτω
2772 1159 2833 1213 τὺ
2864 1162 2976 1231 φῶς
3006 1164 3159 1234 ὑμῶν
3180 1163 3495 1236 ἔμπροσθεν
3514 1166 3629 1220 τῶν
3659 1169 3864 1239 ἀνθρὼ-

2254 1266 2394 1316 πων,
2419 1250 2568 1314 ὅπως
2594 1252 2746 1306 ἴδωσι
2766 1254 2836 1304 τὰ
2864 1256 3003 1309 καλὰ
3022 1254 3175 1325 ὑμῶν
3202 1256 3337 1327 ἔργα
3359 1259 3456 1312 καὶ
3487 1259 3762 1325 δοξάσωσι
3782 1265 3865 1318 τὸν

2258 1342 2479 1415 Πατέρα
2502 1347 2658 1417 ὑμῶν
2680 1348 2772 1402 τὸν
2793 1350 2851 1401 ὲν
2868 1349 3139 1420 οὐρανοῖς,
3164 1369 3182 1401 I
3207 1351 3285 1414 είς
3319 1351 3529 1422 ἀρετήν
3558 1356 3680 1406 ἐστι
3712 1356 3863 1426 δηλο-

2254 1433 2367 1487 νότι
2398 1436 2499 1505 τὴν
2524 1438 2872 1514 τελειοτάτην
2889 1439 3256 1511 παρακλησις.
3278 1440 3351 1493 Τὸ
3366 1441 3447 1507 δὲ,
3476 1462 3493 1494 ι
3524 1444 3623 1515 Μὴ
3666 1451 3860 1502 ποιεῖτε

2253 1526 2353 1597 τὴν
2397 1528 2773 1603 ἐλεημοσύνην
2800 1534 2954 1605 ὑμῶν
2985 1532 3293 1604 ἔμπροσθεν
3320 1533 3430 1587 τῶν
3462 1536 3772 1608 ἀνθρώπων
3791 1581 3804 1604 ,
3836 1559 3853 1591 I

2255 1622 2561 1692 φιλοδοξίας
2614 1632 2797 1696 ἐστὶν,
2827 1630 2963 1697 ὅπερ
3004 1627 3099 1679 καὶ
3150 1624 3267 1679 ἔστι
3298 1628 3505 1693 κακίας
3560 1630 3856 1702 ἀναίρεσις.

2253 1717 2379 1782 Πῶς
2408 1718 2505 1774 οὖν
2533 1722 2568 1792 ὴ
2599 1723 2699 1793 τῆς
2730 1719 2936 1782 κακίας
2963 1715 3245 1787 ἀναίρεσις
3272 1720 3341 1789 τῇ
3376 1720 3738 1794 παρακλήσει
3763 1728 3855 1796 τῆς

2683 1817 2697 1838 ’
2728 1816 2796 1871 ἂν
2826 1816 3104 1888 ὑπάρχειν
3157 1818 3509 1889 μαχόμενονς
3546 1818 3853 1872 τουναντίον

2258 1904 2369 1977 γὰρ
2402 1906 2499 1961 καὶ¹
2531 1910 2817 1984 συνίστησι
2853 1910 3059 1983 μᾶλλον
3088 1915 3122 1983 ὴ
3145 1915 3383 1988 θατέρας
3434 1916 3732 1988 ἀποτροπὴ
3758 1916 3851 1987 τῆς

2258 1996 2452 2071 ἑτέρας
2502 2000 2603 2074 τὴν
2656 2004 2914 2079 ὕπαρξιν.
2960 2011 3018 2065 '0
3064 2010 3176 2083 γάρ
3207 2028 3291 2064 τοι
3346 2011 3451 2082 τῆς
3503 2009 3850 2082 ἀνθρωπίνης

2255 2088 2416 2163 δόξης
2437 2092 2525 2149 διὰ
2551 2095 2677 2162 τοὺς
2714 2099 2892 2168 Θείους
2935 2105 3133 2176 νόμους
3175 2102 3486 2175 ὑπερορῶν,
3519 2096 3678 2167 οὗτός
3708 2103 3848 2155 ἐστιν

2256 2181 2285 2234 ὁ
2313 2181 2413 2253 τῆς
2446 2183 2655 2257 ἀρετῆς
2684 2187 2890 2261 θερμὸς
2947 2194 3206 2264 ἐραστὴς,
3234 2195 3329 2247 καὶ
3359 2194 3389 2247 ὁ
3422 2192 3527 2264 μὲν
3566 2191 3847 2254 σπονδεῖος

2254 2272 2320 2326 τὸ
2348 2272 2490 2329 θεῖον
2523 2275 2640 2347 ἔχει
2669 2279 2997 2352 δημοσιεύον
3026 2294 3057 2333 Υ
3086 2285 3181 2339 καὶ
3209 2285 3454 2355 λάμπειν
3466 2283 3637 2337 αὑτοῦ
3673 2301 3844 2356 παρα-

2257 2367 2524 2433 σκευάζον
2556 2378 2580 2407 ι
2633 2372 2702 2426 τὰ
2756 2373 2894 2445 ἔργα
2946 2377 3105 2447 δίκην
3154 2377 3353 2448 φωτός.
3388 2376 3450 2429 ὐ
3499 2376 3558 2430 δὲ
3593 2376 3730 2448 πρὸς
3755 2378 3842 2431 ἀν·

2256 2454 2496 2527 Θρώπων
2521 2461 2681 2528 δόξαν
2707 2465 2800 2520 τὸν
2838 2468 2987 2522 έλεον
3017 2469 3241 2540 μετιὼν,
3268 2468 3436 2536 αὐτός
3456 2472 3606 2524 ἐστιν
3635 2470 3692 2534 ὃς
3712 2471 3841 2523 ἀπο-

2253 2547 2482 2617 φέρεται
2542 2553 2789 2626 δηλονότι
2844 2559 2942 2613 καὶ
2987 2559 3089 2632 τὴν
3151 2561 3250 2632 τῆς
3284 2559 3609 2624 ἐπιδείξεως
3647 2561 3837 2616 αἰτίαν.

2253 2638 2404 2712 Ὄσῳ
2431 2643 2566 2711 γοῦν
2594 2646 2947 2721 ἀνθρωπίνης
2975 2652 3215 2721 σπουδῆς
3236 2650 3417 2721 ψῆφος
3434 2650 3561 2704 οεια
3577 2651 3836 2721 διαφέρειν

2248 2737 2490 2808 τοσούτῳ
2518 2738 2828 2813 διενήνοχεν
2872 2744 3164 2816 ἄνθρωπος
3225 2746 3490 2816 πράττων
3523 2745 3722 2819 ἀρετὴν
3756 2748 3840 2799 καὶ

2248 2826 2370 2898 Θεῷ
2393 2828 2673 2899 ἀρέσκων,
2722 2834 2915 2905 ἀνδρὸς
2963 2837 3137 2908 θήραν
3190 2837 3438 2891 ἐπαίνων
3488 2840 3837 2907 ἀνθρωπίνων

2246 2918 2347 2991 τὴν
2376 2920 2576 2993 πρᾶξιν
2608 2926 3074 3000 προϐαλλομένου.
3118 2921 3195 2983 OB
3224 2930 3323 3002 τὴν
3357 2932 3598 3004 μίμησιν
3626 2933 3838 3002 φεύγειν

2245 3012 2275 3065 ὁ
2332 3017 2599 3087 σωτήριος
2655 3021 3095 3093 παρακελεύεται
3151 3024 3332 3093 λόγος,
3382 3025 3558 3079 πᾶσιν
3602 3020 3681 3089 οἷς
3730 3029 3837 3079 ἐστι

2248 3107 2454 3179 σπουδὴ
2470 3110 2561 3163 τὸν
2588 3110 2720 3166 Θεὸν
2738 3116 2882 3185 ἔχειν
2896 3118 3151 3191 μάρτυρα
3168 3122 3263 3175 καὶ
3286 3125 3511 3196 κήρυκα
3522 3121 3631 3174 τῶν
3649 3118 3833 3190 ἔργων·

2345 3200 2380 3253 ὰ
2409 3201 2486 3273 μὴ
2532 3203 2633 3269 τὰς
2674 3206 2882 3274 οἰκείας
2917 3212 3115 3283 τέχνας
3144 3215 3244 3288 τῆς
3274 3214 3498 3272 ἄνωθεν
3537 3212 3831 3287 μαρτυρίας

2241 3287 2552 3365 ἔμπροσθεν
2588 3298 2897 3360 ποιεῖσθαι.

2791 3507 3127 3567 Epn'rnzlx
3156 3515 3271 3582 L,E'.

2245 3590 2308 3645 Τί
2333 3592 2468 3649 ἐστι
2499 3595 2587 3661 τὸ,
2620 3614 2640 3649 ι
2692 3597 2755 3652 '0
2787 3603 2991 3671 Πατήρ
3027 3624 3149 3675 μου
3165 3607 3381 3678 μείζων
3408 3609 3533 3679 μού
3572 3608 3776 3672 ἐστιν;
3807 3623 3827 3659 ι

2164 3728 2226 3740 -
2250 3704 2541 3769 Disquisitic
2569 3712 2632 3762 de
2657 3726 2807 3764 sensu
2838 3716 3104 3768 verborum
3127 3721 3329 3773 Christi.
3357 3723 3538 3773 Joann.
3575 3737 3675 3783 xiv,
3698 3721 3771 3772 28.

2314 3815 2447 3886 Τὴν,
2477 3834 2498 3870 ι
2542 3816 2601 3873 '0
2625 3820 2818 3893 Πατήρ
2849 3840 2953 3894 μου
2992 3827 3195 3897 μείζων
3226 3830 3328 3902 μού
3353 3831 3532 3899 ἐστιν,
3572 3848 3590 3882 ι
3616 3830 3707 3883 τοῦ
3734 3833 3830 3887 Εὐ-

2241 3908 2500 3977 αγγελίου
2528 3913 2733 3983 φωνὴν,
2766 3916 3042 3989 διαφόρως
3068 3923 3117 3975 οί
3156 3924 3404 3998 Πατέρες
3448 3934 3606 4003 ήμῶν
3636 3934 3829 4003 ἐξειλή-

2243 4018 2415 4071 φασιο
2474 4005 2748 4077 μηδεμιᾶς
2804 4010 3211 4088 λυμαινομένης
3240 4022 3306 4092 τῇ
3360 4022 3594 4095 ἀληθείᾳ
3640 4026 3828 4096 ὑπολή,
3914 4058 3925 4061 ,

2115 4127 2131 4154 ,
2241 4093 2412 4165 ψεως.
2460 4098 2523 4151 Οἱ
2579 4100 2680 4170 μὲν
2708 4103 2816 4174 γάρ
2839 4121 2974 4174 φασι
3007 4109 3087 4180 τῷ
3114 4114 3274 4187 αἰτίῳ
3300 4093 3525 4188 μείζονα
3554 4093 3798 4195 εἰρῆσθαι
3806 4136 3821 4151 ’

2239 4187 2377 4258 ὅπερ
2404 4189 2505 4243 οὐκ
2557 4192 2747 4257 οὐσίας
2794 4199 3174 4276 παραλλαγὴν,
3214 4211 3527 4285 ταυτότητα
3548 4187 3822 4284 δὲμᾶλλον

2238 4282 2337 4335 καὶ
2371 4286 2676 4355 συμφυΐαν,
2733 4290 3089 4363 παρίστησιν.
3126 4298 3307 4363 ’Ἅπας
3353 4282 3466 4376 γὰρ
3520 4282 3702 4376 πατὴρ
3731 4300 3820 4355 τοῦ

2236 4373 2353 4427 υἱοῦ
2380 4374 2458 4446 τῷ
2497 4378 2655 4450 αίτίῳ
2694 4381 3131 4456 καθηγούμενος,
3168 4373 3465 4465 συσφίγγει
3526 4373 3722 4467 μᾶλλον
3757 4394 3818 4447 δι’

2235 4468 2401 4522 αὐτοῦ
2433 4471 2530 4525 καὶ
2560 4475 2942 4547 συνδιακρατεῖ
2971 4484 3070 4554 τὴν
3089 4483 3193 4555 τῆς
3216 4487 3407 4551 οὐσίας
3443 4490 3690 4562 ἑνότητα,
3718 4487 3817 4541 κᾶν

2239 4562 2268 4613 ὁ
2313 4564 2619 4639 σκεδασμὸς
2672 4571 2784 4626 τῶν
2840 4574 3194 4639 ὑποστάσεων
3255 4578 3530 4645 τοσοῦτος,
3591 4578 3817 4651 μάλιστα

2239 4654 2350 4715 τοῖς
2372 4659 2619 4726 γενητοῖς
2639 4661 2704 4712 ὲκ
2720 4662 2929 4731 μυρίων
2957 4663 3096 4733 ῥέων
3121 4664 3215 4717 καὶ
3242 4665 3644 4739 πληϐυνόμενος
3668 4684 3812 4737 περι·

2240 4743 2504 4813 στάσεων,
2556 4750 2638 4813 εἰς
2686 4752 2983 4822 ἑτερότητα
3030 4755 3379 4827 ἐκϐιάζηται*
3409 4758 3810 4827 όμοουσιότητος

2237 4836 2347 4906 ἄρα
2366 4848 2392 4877 ει
2426 4840 2520 4892 καὶ
2555 4846 2837 4912 συμφυΐας
2864 4842 2926 4899 τὸ
2959 4845 3131 4917 μείζω
3163 4845 3305 4905 εἶναι
3331 4859 3410 4930 τῷ
3425 4860 3581 4930 αἰτίῳ
3598 4855 3684 4910 τὸν
3708 4855 3810 4909 Ha.

2236 4933 2369 5002 τέρα
2404 4929 2499 4988 τοῦ
2536 4935 2689 5003 Υἱοῦ,
2723 4939 2841 4994 ἀλλ’
2862 4942 3115 5012 οὐδαμῶς
3131 4962 3195 5014 γε
3220 4946 3319 5018 τῆς
3349 4929 3471 5005 κατ’
3491 4929 3677 5004 οὐσίαν
3703 4950 3811 5002 ἐτε-

2232 5022 2481 5094 ρότητος.
2510 5027 2694 5085 ’Ἄλλοι
2724 5031 2780 5086 δὲ
2811 5032 2890 5098 τὸ,
2930 5035 3156 5105 μείζων,
3202 5041 3346 5094 κατὰ
3389 5043 3450 5097 τὸ
3483 5042 3812 5114 ἀνθρώπινον

2228 5116 2508 5190 εἰλήφασι.
2550 5122 2688 5176 Φασὶ
2717 5124 2847 5197 γὰρ,
2873 5125 3062 5201 ὥσπερ
3088 5128 3149 5181 τὸ
3182 5148 3202 5181 ι
3230 5133 3558 5205 πορεύεσθαι
3578 5134 3708 5206 πρὸς
3726 5131 3811 5185 τὸν

2228 5208 2474 5283 Πατέρα,
2504 5232 2522 5265 ι
2563 5215 2659 5268 καὶ
2693 5216 2775 5279 τὸ,
2817 5237 2834 5269 ι
2861 5219 3079 5289 Μηκέτι
3126 5221 3299 5277 πολλὰ
3333 5226 3473 5297 μετὰ
3505 5228 3609 5281 τῶν
3639 5224 3808 5296 μαθη-

2225 5299 2336 5355 τῶν
2381 5302 2595 5357 λαλεῖν·
2634 5324 2651 5357 ι
2694 5307 2786 5360 καὶ
2811 5308 2871 5362 τὸ
2903 5327 2920 5360 ι
2952 5310 3205 5382 ἔρχεσθαι
3237 5314 3329 5369 τὸν
3363 5316 3457 5370 τοῦ
3488 5317 3684 5387 κόσμου
3713 5315 3806 5383 ἄρ·

2230 5409 2428 5462 κοντα,
2485 5413 2503 5447 ι
2557 5397 2654 5451 καλ⁸
2718 5400 3027 5472 ἐρευνῶντα
3091 5412 3261 5481 μηδὲν
3320 5410 3597 5482 εὑρίσκειν
3648 5406 3772 5467 ὅλως
3789 5416 3804 5433 ⁸

592 5559 639 5594 "
676 5561 868 5622 Matth.
911 5585 967 5637 ν,
996 5572 1083 5631 16.
1158 5576 1206 5610 ⁵⁸
1235 5577 1429 5638 Matth.
1461 5599 1541 5655 γι,
1572 5586 1624 5644 i.
1705 5589 1751 5621 ⁸⁸
1778 5587 1937 5647 Joan.
1972 5608 2085 5660 xw,
2120 5593 2213 5653 28.
2289 5598 2335 5631 ⁸ο
2364 5598 2498 5658 Ibid.
2523 5603 2613 5660 30.

1790 5706 2027 5789 VAnIzE'
2060 5735 2471 5804 LECTlONES.

621 5853 650 5892 θ’
670 5846 709 5902 C
762 5846 832 5904 Μ.
858 5850 950 5909 551
982 5852 1024 5910 f.
1052 5854 1156 5913 159
1188 5858 1548 5932 δημοσιεύων.

1666 5878 1687 5906 τ
1719 5870 1779 5928 C.
1813 5871 1884 5930 Μ.
1918 5882 2383 5949 παρασκευάζων,

2496 5902 2520 5930 α
2554 5887 2687 5949 Cod.
2720 5892 2863 5953 Mon.
2901 5900 2998 5961 551
3031 5899 3067 5960 l'.
3101 5905 3193 5963 151
3225 5908 3257 5965 lI
3301 5909 3466 5969 habet
3498 5908 3621 5981 ἄρα.
