4158 6432
342 374 451 441 605

1199 366 1299 428 AD
1332 361 1935 426 AMPHILOCHIUM
1968 360 2318 433 QUIESTIO
2345 361 2544 425 XCIV.
2577 364 2743 426 XCV.

3533 376 3644 444 606

344 488 542 561 ῶσπερ
594 485 662 558 δὴ
696 483 875 539 ταῦτα
932 481 1029 537 τοῦ
1080 480 1515 553 προσλήμματος
1562 472 1664 547 ἦν,
1719 473 1782 527 ού
1846 470 1941 527 τοῦ

2046 472 2190 528 facta
2228 473 2633 544 disquisitione,
2683 478 2984 549 quidquam
3034 479 3265 552 lnvenit,
3309 484 3499 553 veluti,
3556 506 3644 544 ιιι-

345 582 543 643 )όγου·
599 578 743 631 οὕτω
802 575 897 630 καὶ
984 573 1065 638 τὸ,
1104 589 1123 625 ι
1193 570 1252 625 Ὀ
1315 571 1505 639 Πατήρ
1573 584 1678 637 μου
1736 564 1938 637 μείζων

350 669 454 744 μού
478 671 618 723 ἐστι·
655 686 673 717 ι
710 663 913 737 μεταξὺ
943 662 1053 734 γὰρ
1069 659 1296 713 ἐκείνων
1318 658 1499 722 τοῦτο,
1528 656 1622 711 καὶ
1640 654 1938 725 παραπλη-

351 763 486 825 σίως
531 759 719 821 αὑτοῖς
759 754 997 829 εἴρηται.
1035 751 1190 814 Τινὲς
1221 749 1302 815 δὲ,
1344 748 1474 818 περὶ
1509 748 1607 818 μὲν
1637 745 1733 799 τοῦ
1763 745 1937 813 Λόγου

348 856 410 909 τὸ
450 854 636 925 μεῖζον
681 847 1102 918 συνεχώρησαν·
1147 843 1245 914 οὑχ
1294 841 1485 904 ἁπλῶς
1529 840 1587 894 δὲ
1637 838 1800 892 τοῦτο
1845 835 1940 891 καὶ

328 950 475 1017 ,κατ’
503 945 715 1008 οὐσίαν,
745 940 862 996 ἀλλ’
897 940 1057 1010 εἴπερ
1098 937 1307 1008 ἐστὶνὴ
1341 933 1757 1006 ἐνανθρώπησις
1796 931 1942 1001 ἄκρα

351 1040 582 1101 κένωσις
614 1036 709 1088 καὶ
738 1033 1091 1094 ταπείνωσις,
1134 1029 1257 1084 καθ’
1290 1030 1319 1082 ὃ
1357 1032 1664 1082 κεκένωκεν
1698 1023 1891 1079 ἐαυτὸν
1912 1024 1941 1077 ό

347 1130 521 1198 Λόγος
537 1127 629 1181 καὶ
658 1123 997 1179 ἐταπείνωσε
1027 1122 1056 1162 ιι
1081 1141 1099 1174 t
1128 1119 1342 1194 μορφὴν
1370 1119 1560 1173 δούλου
1588 1114 1932 1201 ὑπελθὼνο,›

346 1218 505 1288 δῆλον
525 1219 609 1271 ὅτι
644 1215 741 1268 τοῦ
770 1213 1039 1286 μηδαμῶς
1068 1213 1402 1275 ὑποστάντος
1442 1210 1542 1281 τὴν
1591 1209 1825 1263 κένωσιν
1847 1208 1942 1262 καὶ

345 1308 702 1371 ταπείνωσιν,
753 1306 1067 1369 ἀκολούθως
1117 1304 1319 1370 λέγοιτ’
1344 1304 1412 1358 ἂν
1454 1303 1517 1356 τὸ
1547 1302 1771 1356 ἔλαττον
1826 1301 1943 1354 ἀπ-

346 1401 708 1472 ενέγκασθαι·
744 1402 803 1454 ἐν
831 1398 1045 1471 μείζοσι
1067 1398 1179 1467 γὰρ
1216 1398 1539 1469 ὑπεροχαῖς,
1570 1394 1696 1450 κατ’
1723 1394 1855 1449 αὑτό
1876 1411 1941 1464 γε

345 1494 528 1559 τοῦτο,
560 1493 590 1545 ὁ
620 1492 893 1554 ἀκένωτος
920 1489 1016 1543 τοῦ
1044 1488 1422 1560 κεκενωμένου
1448 1489 1653 1559 μείζων
1699 1486 1819 1541 ἐστὶ
1844 1487 1941 1541 καὶ

347 1590 379 1643 ὁ
410 1588 511 1658 τῆς
558 1585 695 1649 ιδίας
747 1582 1024 1654 ὑπεροχῆς
1061 1581 1227 1653 μηδὲν
1270 1581 1537 1650 καθαφεὶς
1565 1580 1617 1647 ἀ,
1652 1578 1749 1633 τοῦ
1780 1577 1942 1651 μέχρι

348 1681 449 1736 καὶ
500 1680 611 1733 τῶν
654 1673 1308 1740 ἐπονειδίστων”παθῶν,
1352 1672 1612 1745 σταυροῦ,
1647 1672 1812 1743 φημὶ,
1847 1672 1944 1725 καὶ

349 1775 587 1829 θανάτου
606 1769 983 1841 διεληλυθότος
1004 1767 1107 1839 τῆς
1128 1768 1473 1840 ἀνθρωπίνης
1491 1766 1727 1834 φύσεως.
1755 1765 1943 1820 Ἐκδέ-

2046 579 2210 634 quam
2250 566 2366 620 haec
2404 566 2470 620 ad
2517 579 2858 638 assumptum
2904 588 3126 629 carnem
3156 577 3493 645 referuntur,
3528 597 3641 636 non

2020 660 2228 711 'autem
2273 658 2341 712 ad
2377 658 2624 725 verbum,
2665 660 2744 716 sic
2793 671 2845 716 et
2882 663 3031 729 illud,
3071 684 3091 717 σ
3129 666 3291 724 Pater
3346 686 3502 727 meus
3553 687 3641 727 me

2045 743 2224 813 major
2273 752 2377 811 est,
2412 765 2429 797 ι
2476 747 2617 802 inter
2671 749 2817 805 enim
2869 756 3126 823 superius
3190 759 3417 815 recitata
3468 760 3639 817 simili

2046 836 2209 892 modo
2260 839 2535 908 prolatum
2582 850 2635 897 et
2676 843 2781 898 hoc
2812 844 3033 901 dicitur.
3062 848 3298 914 Quidam
3354 854 3521 909 etiam
3569 858 3639 913 dc

2046 928 2230 984 Verbo
2259 934 2570 987 concedunt
2599 934 2754 1000 illud,
2788 937 2960 1006 major
2995 954 3101 994 non
3147 952 3329 998 autem
3377 946 3641 1017 simplici-

2049 1029 2150 1087 ter,
2184 1023 2265 1077 vel
2316 1028 2616 1081 secundum
2666 1029 3028 1085 substantiam
3063 1048 3078 1085 :
3119 1035 3212 1088 sed
3252 1037 3297 1091 si
3332 1037 3640 1098 incarnatio

2048 1114 2213 1170 fuerit
2251 1133 2466 1173 summa
2512 1121 2811 1179 exinanitio
2849 1133 2903 1179 et
2955 1125 3283 1195 humiliatio,
3334 1134 3637 1189 secundum

2046 1224 2213 1280 quam
2248 1215 2533 1269 cvacnavit
2574 1231 2632 1270 se
2668 1214 2907 1273 Verbum
2952 1229 3005 1274 et
3047 1220 3356 1278 humiliavit
3391 1242 3405 1279 :
3447 1245 3465 1277 ι
3502 1226 3641 1283 Ρω-

2046 1317 2194 1357 mam
2226 1303 2368 1358 servi
2403 1304 2636 1362 inducns
2664 1307 2731 1374 δι,
2770 1329 2788 1361 ι
2824 1322 2973 1381 patet
3008 1313 3155 1383 quod
3186 1315 3334 1371 illius
3372 1316 3472 1384 rei,
3517 1334 3641 1388 quia

2048 1396 2199 1452 nullo
2232 1397 2397 1453 modo
2427 1398 2907 1465 substernebatur,
2940 1410 3227 1464 evacuatio
3248 1419 3303 1465 et
3338 1410 3644 1466 humiliatio

2048 1499 2446 1561 consequenter
2509 1493 2727 1549 dicatur
2781 1497 3157 1554 minoritatem
3216 1502 3529 1569 retulisse;
3585 1503 3640 1556 in

2049 1586 2355 1657 majoribus
2377 1586 2523 1643 enim
2541 1588 2908 1659 excellentiis,
2942 1592 3035 1663 qui
3067 1595 3371 1649 vacuabilis
3392 1612 3498 1651 non
3533 1607 3641 1657 est,

2050 1679 2226 1752 major
2252 1689 2339 1736 est
2382 1695 2547 1751 quam
2584 1681 2631 1736 is
2667 1683 2760 1752 qui
2792 1694 3129 1753 evacuatur;
3163 1695 3217 1742 et
3264 1689 3358 1759 qui
3402 1687 3540 1744 nihil
3575 1690 3643 1745 de

2051 1792 2150 1833 sua
2185 1777 2521 1833 sublimitate
2563 1777 2815 1843 remittit,
2868 1778 3047 1849 major
3096 1790 3181 1835 est
3222 1796 3289 1837 eo
3326 1780 3415 1851 qui
3445 1780 3530 1837 vel
3570 1782 3641 1837 ad

349 1868 504 1932 ξαιτο
531 1864 578 1919 δ’
606 1865 673 1920 ἄν
698 1881 783 1926 τις
811 1863 912 1916 οὑκ
939 1861 1248 1924 ἀπεικότως
1270 1862 1367 1914 καὶ
1393 1859 1531 1931 πρὸς
1562 1859 1661 1930 τὴν
1693 1857 1806 1911 τῶν
1837 1875 1942 1929 μα-

2046 1884 2222 1940 usque
2259 1869 2646 1941 despectahilia
2691 1870 2977 1926 descendit
3017 1872 3356 1938 sull’erenda,
3392 1890 3640 1939 crucem,

346 1955 532 2027 θητῶν
589 1954 829 2008 διάνοιαν
883 1950 1137 2023 εἰρῆσθαι
1180 1951 1273 2004 τὸν
1312 1949 1497 2020 λόγον’
1532 1949 1657 2003 ἐπεὶ
1699 1950 1810 2021 γὰρ
1857 1948 1938 2002 ἐτι

345 2044 560 2107 ἀτελῶς
585 2036 733 2097 οὗτοι
765 2040 1039 2095 διέκειντο
1082 2039 1214 2111 περὶ
1260 2039 1355 2093 τὸν
1384 2038 1517 2093 Θεὸν
1551 2038 1650 2093 καὶ
1681 2038 1941 2093 διδάσκαο

347 2137 466 2205 λον,
496 2133 722 2207 μείζονά
748 2149 810 2187 τε
852 2130 1037 2201 πολλῷ
1084 2131 1176 2185 τὸν
1204 2130 1434 2203 Πατέρα
1458 2129 1711 2202 ἐνόμιζον
1730 2145 1746 2161 ο
1781 2128 1942 2183 τοῦτο

354 2227 459 2298 μὲν
491 2225 599 2279 τῶν
624 2221 939 2280 Μωσαῖκῶν
974 2219 1157 2292 νόμων
1180 2219 1609 2290 ἐμφανέστερον,
1641 2218 1825 2281 αὑτοῖς
1850 2218 1943 2272 τὸν

352 2317 575 2388 Πατέρα
600 2316 633 2386 ἢ
661 2315 754 2368 τὸν
783 2313 914 2367 Υίὸν
963 2310 1484 2381 καταγγελλόντων·
1515 2307 1677 2363 τοῦτο
1705 2308 1764 2362 δὲ
1793 2319 1815 2348 ο
1844 2307 1939 2362 τοῦ

350 2409 607 2479 Σωτῆρος
633 2406 767 2461 ,ἄνω
798 2404 894 2458 καὶ
923 2403 1076 2457 κάτω
1120 2402 1581 2475 περιστρέφοντος
1629 2400 1813 2464 αὑτοῖς
1849 2399 1943 2453 τδν

349 2502 591 2572 Πατέρα.
637 2498 791 2553 Ἐπεὶ
823 2496 917 2551 οὖν
939 2494 1169 2566 τοιαύτη
1199 2511 1284 2557 τις
1317 2493 1505 2556 αὑτοῖς
1529 2492 1884 2563 ἐνεστήρικτο
1903 2491 1938 2562 ἡ

348 2596 480 2660 δόξα
501 2594 612 2661 (διὰ
631 2593 742 2665 γὰρ
762 2590 922 2646 τοῦτο
950 2589 1044 2644 καὶ
1073 2589 1281 2659 ἔλεγον,
1322 2606 1343 2641 ι
1365 2587 1551 2655 Δεῖξον
1572 2588 1703 2658 ἡμῖν
1730 2586 1822 2639 τὸν
1840 2586 1945 2638 Πα-

344 2689 508 2759 τέρα,
524 2687 620 2741 καὶ
630 2685 792 2757 ἀρκεῖ
803 2685 935 2755 ἡμῖν
954 2702 973 2735 δ
984 2684 1025 2751 ),
1041 2682 1176 2753 πρὸς
1186 2680 1286 2753 τὴν
1298 2679 1522 2735 ἐκείνων
1536 2678 1805 2749 ὑπόληψιν
1818 2678 1946 2731 ἀπο-

347 2780 661 2851 τεινόμενος
679 2778 920 2842 ἵσταται,
946 2774 1189 2829 τοιοῦτόν
1213 2771 1688 2841 τιλέγων,‹ιύτοὺς
1717 2769 1736 2809 τ
1762 2769 1945 2839 ἀσύμ-

348 2891 508 2944 φωνα
524 2874 647 2937 ταῖς
665 2870 814 2941 σφῶν
827 2867 1140 2940 ὁμολογίαις
1157 2863 1603 2937 διαπράττεσθαι,
1624 2862 1769 2933 λύπῃ
1787 2860 1948 2916 διδόν·

347 2983 443 3029 τες
455 2966 701 3030 ἐαυτοὺς,
724 2982 743 3015 ι
759 2964 953 3016 Ὀτιπε
961 2978 993 3032 ρ
1009 2960 1167 3030 ἐιρην⁹
1185 2958 1496 3030 Πορεύομαι
1515 2958 1653 3029 πρὸς
1668 2956 1759 3011 τὸν
1781 2954 1950 3009 Πατέ-

356 3074 449 3129 ρα.
476 3075 492 3108 ι
512 3058 573 3110 Εἰ
586 3057 693 3126 γὰρ
703 3055 956 3126 ἠγαπᾶτέ
976 3069 1067 3123 με,
1084 3052 1232 3106 δοκεῖ
1244 3052 1303 3106 δὲ
1325 3051 1456 3123 ὑμῖν
1471 3051 1566 3105 καὶ
1584 3049 1790 3121 μείζων
1805 3042 1946 3102 εἶναι

353 3150 387 3201 ὁ
410 3148 621 3219 Πατὴρ,
637 3148 850 3219 χαίρειν
868 3147 1013 3217 ὑμᾶς
1034 3146 1165 3211 ἔδει,
1182 3145 1317 3199 διότι
1333 3146 1472 3218 πρὸς
1486 3145 1577 3199 τὸν
1604 3144 1824 3217 μείζονα
1844 3160 1948 3197 πο-

2039 1965 2164 2021 dico
2196 1975 2251 2020 et
2291 1975 2548 2028 mortem,
2578 1981 2701 2036 qua}
2739 1975 2935 2021 natura
2967 1966 3171 2023 subivit
3215 1970 3457 2025 humana
3487 1987 3504 2024 :
3543 1970 3640 2025 sed

2039 2068 2095 2113 et
2124 2058 2338 2128 opinari
2367 2058 2493 2129 quis
2540 2060 2739 2129 poterit
2796 2075 2897 2115 nec
2934 2061 3390 2132 improbabiliter,
3430 2062 3638 2118 dictum

2042 2150 2215 2207 fuisse
2243 2152 2310 2206 de
2341 2161 2524 2207 mente
2556 2151 2957 2223 discipulorum
2990 2172 3005 2209 :
3038 2163 3197 2209 erant
3227 2156 3428 2211 etenim
3460 2156 3644 2212 adhuc

2042 2242 2120 2298 illi
2161 2242 2488 2313 imperfecti.
2531 2260 2631 2299 nec
2664 2244 2733 2299 de
2771 2246 3037 2317 magistro
3065 2262 3187 2312 suo,
3218 2256 3277 2302 ut
3298 2247 3367 2302 de
3410 2245 3523 2303 Deo
3546 2264 3643 2304 co-

2043 2335 2308 2408 gitabant,
2340 2337 2511 2390 multo
2536 2346 2721 2392 autem
2761 2338 3029 2407 majorem
3068 2340 3240 2395 Deum
3280 2340 3497 2395 Patrem
3547 2358 3642 2396 cu-

2045 2426 2314 2497 gitabant,
2346 2428 2621 2499 praecipue
2660 2445 2785 2483 cum
2820 2428 3058 2486 Mosaica
3082 2430 3167 2485 lex
3200 2433 3375 2486 multo
3400 2432 3643 2502 explica-

2046 2519 2155 2577 tius
2182 2520 2400 2574 Patrem
2424 2535 2587 2590 quam
2614 2519 2810 2575 Filium
2852 2522 2986 2592 ipsis
3011 2523 3250 2578 insinuet
3282 2542 3297 2579 :
3328 2532 3382 2579 et
3414 2525 3641 2593 ipsemet

2046 2611 2306 2667 Servator
2337 2611 2552 2666 Patrem
2580 2613 2725 2683 apud
2754 2628 2848 2668 eos
2889 2614 3247 2669 multifariam
3292 2616 3640 2686 praedicaret.

2046 2701 2312 2770 Quocirca
2344 2703 2487 2773 apud
2534 2702 2683 2772 ipsos
2710 2719 2833 2759 cum
2876 2704 2991 2759 haec
3039 2705 3227 2774 Opinio
3276 2705 3571 2772 obtineret,
3607 2722 3641 2761 a

2046 2806 2153 2861 qua
2202 2791 2432 2861 profecti
2480 2791 2778 2847 dicebant:
2813 2811 2831 2845 ι
2871 2791 3107 2848 Ostende
3146 2794 3305 2849 nobis
3340 2794 3555 2849 Patrem
3585 2803 3643 2850 et

2046 2883 2251 2940 sutﬁcit
2281 2884 2440 2939 nobis
2463 2883 2531 2938 ⁸⁸.
2573 2903 2593 2937 ι
2635 2884 2788 2939 Hanc
2830 2884 3051 2940 illorum
3106 2886 3421 2956 opinionem
3466 2887 3647 2959 respi-

2044 2974 2199 3030 ciens
2236 2974 2384 3028 sistit
2436 2988 2496 3029 se
2542 2989 2644 3030 nec
2692 2976 3080 3046 progreditur;
3119 2978 3213 3033 sed
3268 2985 3479 3032 tantum
3528 2994 3646 3034 non

2048 3067 2205 3133 dixit,
2256 3082 2450 3137 parum
2492 3077 2864 3123 consentanea
2895 3069 3051 3125 vobis
3092 3069 3227 3139 ipsis
3274 3070 3435 3141 agitis
3464 3080 3519 3125 et
3549 3086 3646 3127 ve-

2049 3168 2179 3216 strae
2208 3160 2475 3230 Opinioui,
2508 3161 2638 3214 dum
2670 3161 2905 3216 tristitiae
2935 3175 3033 3216 vos
3064 3162 3301 3227 traditis,
3338 3182 3357 3215 ι
3397 3179 3464 3218 eo
3492 3164 3642 3235 quod

356 3245 595 3316 ρεύομαι
616 3260 630 3274 ·
656 3243 847 3297 τοῦτον
867 3243 977 3315 γὰρ
994 3242 1087 3296 καὶ
1104 3243 1133 3294 ὑ
1142 3244 1234 3313 μίν
1250 3242 1366 3311 εῐγε
1387 3242 1548 3313 μόνον
1569 3241 1935 3313 ὑποδείξαιμι,

2048 3251 2305 3317 dixerim,
2348 3251 2490 3306 vado
2516 3251 2583 3305 ad
2620 3250 2844 3306 Patrem‘
2866 3253 2937 3317 ⁸³,
2971 3271 2990 3305 ι
3018 3252 3064 3308 si
3095 3269 3182 3308 me
3221 3254 3545 3326 diligeretis,
3586 3267 3643 3312 et

351 3338 481 3393 ἀντὶ
521 3338 739 3392 πάντων
765 3336 1083 3407 ἐξαρκέσειν
1114 3334 1464 3390 διετείνεσθε.
1510 3334 1797 3407 Ἀλλὰγὰρ
1844 3334 1940 3389 καὶ

351 3426 717 3498 κατὰταύτην
741 3426 840 3498 τὴν
875 3427 1141 3492 διάνοιαν,
1163 3426 1385 3498 μείζονα
1419 3424 1672 3497 λελέχθαι
1701 3424 1792 3480 τὸν
1825 3427 1941 3480 Πα-

346 3520 488 3593 τέρα
503 3519 653 3591 παρά
664 3519 758 3573 τοῦ
769 3520 928 3587 -Υίοῦ,
947 3521 1081 3584 εἴτις
1096 3520 1395 3590 ἐκδέχοιτο,
1416 3520 1517 3574 ούκ
1529 3519 1598 3573 ἂν
1613 3518 1941 3591 ἀπενεχθείη

348 3614 449 3669 τοῦ
501 3614 832 3685 πρέποντος.
889 3613 1057 3667 Ούδέν
1103 3613 1163 3666 δέ
1218 3613 1350 3677 ἴσως
1400 3612 1602 3668 κωλύει
1648 3613 1744 3667 καὶ
1792 3613 1946 3683 ῥῆμα

349 3707 512 3761 τοῦτο
533 3706 829 3761 ὑπολαϐεῖν
852 3706 1338 3776 συγκαταϐάσεως,
1369 3706 1457 3760 διὰ
1476 3707 1576 3778 τὴν
1597 3705 1709 3760 τῶν
1739 3706 1945 3776 ἀκροα-

354 3802 465 3855 τῶν
496 3799 786 3854 ἀσθένειαν
837 3798 1316 3870 ἐσχηματισμένον
1369 3797 1507 3868 πρὸς
1534 3797 1599 3850 τὸ
1627 3798 1943 3852 ταπεινότε-

357 3909 487 3965 ρον·
520 3892 635 3945 έστι
683 3892 793 3963 γὰρ
824 3890 997 3961 πολλὴ
1037 3892 1062 3931 ⁸
1095 3890 1192 3945 καὶ
1237 3890 1349 3946 τῶν
1397 3888 1655 3944 τοιούτων
1707 3888 1944 3959 λόγωνή

352 3985 643 4056 οἰκονομία
695 3985 792 4038 ἐπὶ
846 3982 1032 4055 κέρδει
1061 3984 1157 4037 καὶ¹
1191 3982 1442 4055 σωτηρίᾳ
1469 3983 1581 4035 τῶν
1621 3981 1692 4036 τὰ
1734 3980 1945 4036 τελειό-

2044 3342 2093 3398 si
2132 3357 2322 3398 revera
2348 3342 2613 3414 majorem
2644 3360 2732 3400 me
2758 3342 2973 3400 Patrem
3004 3345 3369 3414 arbitramini,
3402 3348 3643 3418 gaudere

2044 3435 2232 3505 potius
2262 3434 2557 3501 deberetis,
2583 3437 2711 3507 quia
2746 3436 2889 3494 vado
2941 3436 3010 3492 ad
3058 3436 3276 3494 Patrem
3324 3455 3505 3494 meum
3552 3456 3643 3496 me

2046 3533 2333 3603 majorem.
2373 3531 2532 3588 Hunc
2562 3533 2607 3589 si
2639 3548 2740 3603 ego
2772 3533 2929 3589 vobis
2963 3535 3255 3589 ostendere
3301 3543 3513 3589 tantum
3550 3551 3645 3589 vc-

2044 3625 2166 3691 lim,
2191 3626 2425 3682 omnino
2465 3625 2826 3681 suffecturum
2860 3626 3013 3681 vobis
3040 3625 3107 3680 ad
3148 3625 3332 3681 omnia
3363 3628 3640 3683 diceretis;

2046 3716 2205 3786 Quod
2238 3718 2287 3775 si
2309 3733 2439 3774 vero
2483 3717 2643 3786 juxta
2689 3733 2914 3774 sensum
2958 3719 3123 3774 istum
3173 3719 3444 3788 putaverit
3488 3721 3643 3791 quis-

2047 3827 2239 3883 quam,
2278 3830 2299 3865 ι
2344 3811 2561 3868 Patrem
2608 3812 2813 3867 dictum
2855 3812 3119 3882 majorem
3146 3811 3309 3874 Filio,
3355 3831 3374 3865 ι
3413 3828 3444 3868 a
3498 3813 3641 3869 bona

2048 3903 2430 3959 convenientia
2456 3919 2564 3958 non
2590 3903 2849 3959 deviabit.
2868 3902 3015 3957 Nihil
3050 3918 3214 3974 porro
3245 3904 3473 3975 impedit
3496 3907 3642 3961 hanc

2047 4010 2237 4050 vocem
2267 4009 2365 4065 per
2396 3994 2839 4050 condescentiam
2887 3995 3158 4062 adhiberi,
3206 4004 3262 4050 et
3303 3996 3371 4050 ad
3413 3996 3641 4053 humili-

351 4093 490 4147 τερα
555 4076 726 4146 μήπω
800 4074 992 4145 φέρειν
1061 4073 1412 4142 δυναμένων·
1470 4072 1661 4141 ῶσπερ
1714 4071 1809 4125 καὶ
1860 4071 1942 4140 τὸ,

2051 4098 2221 4143 tatem
2260 4086 2665 4143 confurmatam
2704 4096 2928 4158 propter
2979 4088 3297 4142 auditorum
3349 4088 3642 4144 inﬁrmita-

357 4187 377 4220 ι
404 4169 709 4241 Ἐρωτήσω
724 4168 818 4223 τὸν
850 4169 1094 4239 Πατέρα,
1119 4168 1215 4221 καὶ
1244 4167 1405 4221 ἄλλον
1424 4168 1779 4240 Παράκλητον
1802 4168 1867 4220 πέ
1876 4183 1942 4238 μ-

2051 4187 2181 4235 tem.
2218 4177 2500 4249 Multiplex
2528 4180 2675 4234 enim
2716 4178 3008 4248 dispositio
3059 4179 3375 4235 istiusmodi
3431 4182 3641 4235 oratio-

349 4261 446 4332 ψει
468 4276 483 4290 ·
510 4280 529 4313 r
553 4261 699 4327 καὶ,‹
729 4259 1053 4331 Εύχαριστῶ
1071 4276 1175 4325 σοι,
1193 4259 1276 4312 ὃτι
1292 4258 1523 4313 πάντοτέ
1542 4275 1645 4329 μου
1660 4257 1901 4326 ἀκούεις,
1922 4275 1940 4307 ι

2051 4286 2183 4325 num
2247 4270 2497 4326 adhiberi
2560 4270 2723 4336 solet,
2775 4270 2844 4325 ad
2899 4272 3250 4327 commodum
3300 4280 3355 4327 et
3403 4273 3637 4328 salutem

352 4356 450 4408 καὶ
483 4353 654 4425 μυρία
709 4352 868 4407 ἄλλα.
905 4351 1082 4414 Πόθεν,
1126 4346 1220 4404 οὖν
1266 4350 1447 4422 δῆλον,
1471 4350 1553 4404 ὅτι
1601 4349 1777 4403 ταῦτα
1811 4350 1942 4420 πρὸς

2051 4376 2243 4415 eorum
2291 4361 2722 4431 procurandam,
2778 4361 2875 4433 qui
2928 4361 3172 4417 nondum
3209 4361 3352 4420 ferre
3408 4376 3643 4435 possunt

352 4448 455 4517 τὴν
475 4445 701 4500 ἀσθενοί
712 4462 812 4501 σαν
832 4444 1004 4517 ἀκοὴν
1029 4442 1472 4515 ἐσχημάτισται;
1506 4442 1683 4505 Αὐτὸς
1703 4443 1731 4494 ὁ
1752 4442 1942 4512 Σωτὴρ

2051 4453 2520 4507 consummatiora
2557 4471 2573 4508 ε
2622 4453 2700 4507 uti
2754 4453 2889 4508 illud
2926 4471 2940 4509 :
3001 4472 3020 4505 ι
3063 4452 3291 4526 Rogabo
3313 4455 3555 4524 Patrem,
3587 4469 3644 4514 ct

353 4545 389 4613 ὴ
415 4541 569 4612 πηγὴ
594 4541 694 4611 τῆς
732 4540 948 4608 σοφίας,
985 4539 1080 4593 καὶ
1108 4538 1379 4602 συνέσεως
1408 4537 1643 4602 ἄϐυσσος
1678 4537 1728 4602 δ,
1753 4538 1942 4590 ἑαυτὸν

2052 4543 2219 4596 alium
2254 4542 2595 4599 Paracletum
2625 4544 2776 4600 dabit
2797 4545 3048 4613 vobis“;
3076 4564 3095 4599 ι
3129 4558 3183 4601 et
3215 4566 3234 4599 ι
3275 4548 3493 4605 Gratias
3521 4550 3640 4617 tibi,

354 4632 677 4706 ἑρμηνεύων
698 4632 939 4696 ἐδίδαξεν
966 4630 1139 4684 εἰπών
1159 4646 1173 4661 ο
1208 4647 1229 4681 ‹
1266 4628 1409 4699 Ἐγὼ
1434 4629 1492 4683 δέ
1521 4628 1672 4701 ᾔδειν
1705 4629 1788 4682 ὅτι
1809 4627 1942 4681 πάν-

2052 4634 2233 4700 Pater,
2262 4649 2386 4703 ago,
2417 4637 2564 4706 quod
2595 4651 2815 4707 semper
2838 4654 2926 4694 me
2964 4649 3019 4694 et
3041 4640 3243 4709 ubique
3266 4641 3457 4698 audias
3486 4643 3533 4675 ³⁸
3560 4662 3575 4710 ;
3613 4664 3632 4697 ι

349 4728 477 4781 τοτέ
494 4743 597 4798 μου
625 4726 867 4793 ἀκούεις,
887 4724 1025 4780 ἀλλὰ
1053 4724 1146 4778 διὰ
1173 4724 1266 4778 τὸν
1283 4719 1450 4794 ’ὄχλον
1477 4725 1569 4778 τὸν
1601 4722 1942 4795 περιεστῶτα

2050 4733 2107 4779 et
2140 4727 2345 4782 similia
2390 4727 2569 4798 plura.
2621 4729 2726 4785 Sed
2763 4730 2909 4785 unde
2938 4733 3232 4798 constabit,
3264 4735 3407 4804 quod
3437 4736 3504 4791 ad
3539 4753 3643 4792 an-

350 4817 533 4885 εἷπον,
569 4819 659 4874 ἵνα
712 4819 1083 4873 πιστεύσωσιν
1136 4818 1219 4871 ὅτι
1273 4817 1338 4870 σύ
1398 4833 1466 4886 με
1532 4815 1885 4878 ἀπέστειλας.
1922 4834 1942 4869 ι

2051 4817 2295 4874 ditorum
2353 4820 2786 4877 imbecillitatem
2837 4824 2940 4878 ista
2993 4825 3413 4881 conﬁrmantur.
3479 4828 3643 4888 Certe

364 4913 529 4966 Ἀλλὰ
577 4912 686 4984 γὰρ
730 4911 853 4966 κατ’
890 4910 1188 4981 ἐπιστολὴν
1218 4908 1615 4981 ἀποχρώντως,
1650 4903 1830 4979 οἶμαι,
1861 4909 1942 4963 σοὶ

2052 4910 2275 4981 quidem
2335 4911 2614 4979 Servator,
2658 4912 2784 4971 fons
2810 4915 2931 4987 jngi
2983 4917 3288 4987 sapientiae,
3324 4928 3378 4974 et
3438 4922 3643 4980 intelli-

351 5004 473 5077 εχει
500 5003 602 5057 τοῦ
633 5003 966 5075 ζητηθέντος
991 5003 1091 5073 τὴν
1119 5003 1380 5073 μάθησιν.

2053 5004 2253 5075 gentia:
2286 5004 2546 5077 abyssus,
2599 5007 2783 5078 ipsum
2840 5023 2901 5063 se
2931 5010 3252 5079 explanatis,
3302 5013 3355 5068 id
3412 5030 3510 5085 per
3537 5016 3643 5074 ista

349 5097 513 5153 docet
548 5115 563 5151 :
598 5115 615 5147 ς
652 5097 768 5167 Ego
794 5105 981 5151 autem
1053 5096 1192 5161 scio,
1229 5093 1380 5165 quod
1436 5108 1524 5149 me
1568 5109 1788 5165 semper
1836 5094 2017 5163 audis,
2059 5099 2157 5154 sed
2187 5109 2412 5171 propter
2459 5101 2675 5155 turbam
2725 5101 3178 5157 circumstantem
3228 5103 3341 5159 dixi
3373 5121 3389 5159 :
3418 5106 3489 5162 Ut
3522 5124 3648 5164 cre-

352 5188 487 5244 dant
514 5189 646 5260 quia
676 5189 878 5246 misisti
944 5205 1051 5245 me.
1080 5192 1301 5260 tAtque
1360 5188 1437 5243 ita
1500 5186 1841 5244 sufﬁcienter
1894 5189 2183 5256 habesgut
2212 5207 2312 5264 per
2346 5192 2655 5263 epistolam,
2690 5192 3014 5264 quaastionis
3069 5208 3099 5247 a
3145 5203 3198 5250 te
3251 5196 3442 5266 positae
3491 5200 3645 5258 solu-

346 5288 584 5344 limem.

424 5472 472 5505 ⁸⁸
512 5471 749 5545 Philipp.
802 5490 864 5544 ιι,
907 5471 965 5526 7.
1040 5474 1087 5509 ⁸⁸
1120 5472 1280 5531 Joan.
1312 5487 1423 5542 xrv,
1453 5470 1507 5540 8,
1584 5469 1630 5504 ⁵³
1656 5466 1815 5531 Joan.
1850 5489 1941 5530 ενι

2045 5514 2053 5527 .
2131 5475 2178 5508 ⁸⁸
2214 5474 2376 5532 Joan.
2417 5494 2532 5547 κεν,
2569 5475 2654 5533 16.
2730 5475 2778 5508 ⁸⁵
2811 5475 2972 5537 Joan.
3007 5497 3085 5549 κε,
3119 5482 3212 5538 42.

1652 5631 1893 5690 VARI/ﬁ
1924 5632 2332 5695 LECTIONES.

468 5790 585 5865 DC.
628 5790 701 5865 Μ.
730 5792 1272 5865 τετατιείνωκεηΜ’Δ
1294 5787 1457 5865 (ΖεΜ.
1498 5750 1685 5865 add._t5
1710 5789 2004 5865 δεσπότης.
2120 5793 2233 5865 δίο.
2266 5793 2339 5851 Μ.
2372 5804 2521 5851 recte
2548 5793 2836 5865 καθυφείς.
2953 5805 2976 5834 ε
3004 5796 3118 5851 καί.

470 5797 578 5847 δυ.
628 5797 701 5848 Μ.
730 5797 1124 5848 τεταπείνωκε.
1238 5801 1260 5827 θ
1294 5797 1357 5847 (.1.
1386 5797 1457 5844 Μ.
1498 5797 1626 5846 add.
1656 5797 1685 5842 ὁ
1710 5797 2004 5863 δεσπότης.
2120 5797 2147 5834 α
2169 5797 2233 5851 C.
2267 5797 2339 5851 M.
2372 5804 2521 5851 recte
2548 5797 2836 5865 καθυφεῖς.
2953 5805 2976 5834 ε
3004 5797 3118 5851 καί.
3236 5798 3257 5837 τ
3292 5798 3353 5862 C,
3384 5797 3456 5858 Μ.
3482 5817 3536 5857 τι
3559 5799 3646 5858 M-

355 5874 476 5931 των
498 5864 526 5917 ό
549 5864 763 5937 Σωτὴρ.
871 5868 899 5951 β
926 5864 990 5923 C.
1021 5862 1093 5919 Μ.
1136 5861 1235 5916 152
1262 5862 1318 5921 h.
1353 5861 1469 5917 ἐστι
1494 5861 1602 5934 γὰρ
1631 5860 1747 5919 ἐστι
1773 5862 1969 5936 πολλή.
2081 5866 2111 5909 ιι
2141 5864 2209 5933 Q.
2244 5865 2317 5925 Μ.
2348 5867 2442 5923 καὶ
2468 5868 2502 5939 ἠ
2544 5867 2643 5939 τῆς
2674 5865 2932 5937 γνώσεως
2961 5866 3223 5934 ἄϐυσσος.
