4158 6422
569 371 676 440 607

570 583 848 651 Quomodo
874 600 977 637 non
1004 592 1207 654 pugnat
1242 584 1420 637 illud:
1458 602 1475 634 ι
1509 583 1577 637 In
1617 582 1774 636 domo
1825 581 2007 636 Putris
2057 581 2159 654 mei

641 657 941 710 "inrisiones
971 653 1153 709 multa:
1175 666 1297 708 sunt
1337 674 1353 706 ι
1389 671 1506 708 cum
1544 657 1782 724 sequenti
1808 669 1827 708 :
1865 672 1884 705 ‹
1921 654 1982 707 Si
2012 653 2159 704 abie-

640 742 719 790 ro,
751 727 953 795 parabo
990 726 1133 780 vobis
1169 726 1343 780 locum
1369 726 1393 778 Ζ)
1424 744 1443 777 ι

1736 370 2004 434 ΡΗΟΤΙΙ
2034 362 2545 431 PATRIARCILE
2580 363 2691 424 CP.

633 486 936 557 QUESTIO
985 464 1175 545 xcvr.’
1217 486 1408 562 [CoisL
1445 486 1666 544 ccux.
1721 484 2096 558 Taur.CCL.]
2190 486 2243 546 Α

3757 353 3869 419 608

2837 473 3176 530 sparum:
3207 474 3340 540 ις’.

2270 573 2406 643 Πῶς
2462 575 2536 629 οὐ
2580 572 2834 643 μάχεται
2867 571 2957 643 τὸ,
2995 589 3014 621 ‹
3064 570 3167 622 Ἐν
3189 566 3263 643 τῇ
3309 564 3604 643 planiora?)
3632 565 3870 643 πατρός

2334 636 2454 716 μῗιυ
2474 636 2655 716 troia!
2671 636 3061 716 ποτὶλαίείσι·
3093 659 3111 692 ι
3142 636 3349 704 καὶτὸ,
3369 654 3387 688 ι
3411 636 3554 691 Ἐὰν
3568 637 3868 705 πορευθῶ.

2340 711 2641 785 ἑτοιμάσω
2673 714 2817 783 ὑμῖν
2854 711 3063 777 arx-tor;
3100 729 3119 762 ι

791 862 934 912 Edita
959 877 985 912 a
1011 862 1332 924 Montacutio,
1360 875 1443 926 cp.
1474 863 1580 924 I77,
1610 863 1673 911 ad
1702 864 1897 921 Sobam,
1925 876 1971 924 p.
2001 858 2111 909 τισι.
2142 858 2219 909 An
2242 869 2344 906 non
2367 853 2461 905 sibi
2489 858 2793 919 repugnent,
2818 853 2992 903 Joann.
3020 864 3120 909 xlv,
3147 849 3177 897 2
3199 854 3252 897 et
3273 848 3449 897 Joann.
3476 857 3575 903 xiv,
3600 844 3649 892 δ’

639 966 832 1034 Quoad
870 984 1117 1031 sensum,
1148 983 1255 1022 non
1281 976 1548 1040 repugnat
1591 967 1721 1021 illud
1754 968 1976 1022 eﬂ‘atum
2002 984 2015 1021 :
2043 985 2061 1019 ι
2102 966 2158 1021 In

568 1057 734 1110 domo
774 1056 953 1111 l’atris
988 1058 1091 1110 mei
1148 1059 1330 1111 multa:
1366 1067 1420 1111 et
1468 1057 1797 1125 multiplices
1846 1066 1976 1112 sunt
2002 1072 2162 1109 man-

570 1151 758 1206 siones
796 1167 809 1202 :
846 1150 941 1203 Sin
995 1152 1199 1213 minus,
1239 1150 1537 1203 edixissem
1571 1151 1753 1219 utique
1793 1149 1971 1211 vobis,
2019 1148 2161 1202 vado

571 1254 755 1298 autem
794 1252 852 1296 ut
888 1243 1067 1297 locum
1100 1244 1256 1297 vobis
1289 1258 1545 1313 apparem
1572 1244 1641 1308 ⁵⁸,
1678 1260 1697 1294 ι
1724 1259 1850 1297 cum
1888 1242 1982 1296 illo
2011 1240 2160 1312 quod

2347 962 2421 1017 Οὐ
2460 961 2694 1032 μάχεται
2748 961 2887 1013 κατὰ
2937 957 3177 1011 διάνοιαν
3200 953 3280 1017 τὸ,
3316 972 3333 1005 ‹
3385 952 3475 1005 Ἐν
3503 953 3571 1019 τῇ
3594 949 3748 1019 οἰκίᾳ
3775 950 3870 1003 τοῦ

2269 1055 2485 1126 Πατρός
2530 1072 2631 1124 μου
2664 1054 2823 1123 μοναὶ
2856 1050 3048 1104 πολλαί
3099 1050 3272 1102 εἰσιν⁹
3311 1046 3441 1100 εἰδὲ
3479 1044 3577 1115 μὴ,
3611 1038 3772 1096 εἷπον
3806 1044 3873 1097 ἂν

2271 1149 2434 1217 ὑμῖν·
2472 1145 2788 1217 Πορεύομαι
2845 1141 3133 1213 ἑτοιμάσαι
3198 1140 3365 1193 τόπον
3425 1138 3588 1206 ὑμῖν·
3632 1156 3649 1189 ι
3688 1136 3873 1190 καὶτὸ

2268 1237 2470 1309 ἐφεξῆς
2515 1238 2837 1307 εἰρημένον·
2880 1252 2898 1285 ι
2949 1233 3080 1287 Ἐὰν
3114 1230 3389 1302 πορευθῶ,
3425 1230 3711 1298 ἑτοιμάσω
3742 1229 3874 1296 ὑμῖν

572 1335 780 1390 dictum
842 1334 1115 1404 sequitur,
1150 1352 1168 1385 ι
1213 1333 1269 1387 Si
1311 1333 1650 1403 proﬁciscar,
1681 1331 1959 1403 apparabo
2004 1330 2163 1387 vobis

2273 1330 2455 1385 τόπον.
2497 1347 2516 1380 ι
2548 1329 2628 1399 Τῇ
2692 1328 2790 1400 μέν
2844 1326 2954 1397 γὰρ
2990 1324 3222 1397 προνοίᾳ
3252 1324 3345 1377 καὶ
3373 1321 3715 1393 προγνώσει,
3761 1321 3796 1392 ἢ
3825 1323 3873 1373 εἰ

572 1427 753 1481 locum
785 1426 853 1478 ".
888 1445 907 1477 ι
946 1426 1227 1494 Siquidem
1267 1440 1363 1495 per
1413 1425 1814 1495 providentiam
1849 1434 1904 1479 et
1954 1438 2164 1494 praeco-

572 1519 896 1590 gnitiouem,
933 1529 1027 1572 aut
1058 1519 1101 1574 si
1144 1521 1319 1589 magis
1352 1520 1547 1588 placet,
1592 1536 1684 1588 per
1716 1526 1772 1572 et
1801 1517 1981 1586 quoad
2030 1515 2167 1569 sub-

486 1632 489 1635 ’
574 1612 1061 1667 stantilicationcm
1094 1622 1149 1666 ct
1195 1613 1574 1668 exsistentiam
1620 1611 1879 1666 omnibus
1916 1609 2167 1672 omnino,

573 1703 667 1772 qni
701 1703 926 1771 dignum
970 1704 1179 1759 caelesti
1211 1705 1384 1775 gloria
1426 1705 1551 1758 vitae
1581 1720 1695 1759 sua:
1732 1719 1954 1759 cursum
2011 1703 2169 1757 insti-

2271 1424 2474 1494 βούλει,
2501 1426 2570 1495 τῇ
2606 1421 2865 1476 ούσιὼσει
2898 1422 2990 1475 καὶ
3021 1424 3086 1492 τῇ
3122 1420 3381 1490 ὑπάρξει,
3419 1419 3642 1481 πάντως
3665 1417 3873 1470 ἅπασιν

2279 1518 2399 1570 ὅσοι
2451 1516 2551 1587 τῆς
2599 1515 2855 1587 οὐρανίου
2905 1515 3067 1587 δόξης
3096 1512 3261 1578 ἀξίως
3311 1512 3763 1576 ἐπολιτεύσαντο,
3797 1511 3873 1582 τῷ

2271 1609 2395 1681 Θεῷ
2443 1609 2556 1663 τῶν
2604 1609 2741 1662 ὅλων
2771 1611 2818 1663 οἱ
2852 1610 3011 1662 τόποι
3052 1606 3598 1679 προητοιμάσθτβαν.
3652 1607 3872 1672 Ἐγκαιο

2269 1704 2434 1769 νίζων
2465 1703 2522 1757 δέ
2554 1703 2774 1767 αὐτοὺς,
2820 1704 2914 1756 καὶ
2945 1701 3114 1772 μονὰς
3141 1701 3357 1764 δεικνὺς
3398 1700 3474 1764 ὡς
3513 1699 3762 1769 ἀληθῶς,
3800 1699 3875 1752 εί-

577 1805 818 1860 tncrunt,
858 1812 887 1849 a
926 1795 1035 1849 Deo
1087 1797 1191 1850 loci
1228 1805 1357 1851 sunt
1387 1797 1699 1867 praeparati.
1734 1794 2036 1851 Consecrat
2065 1811 2166 1849 au-

2273 1814 2375 1868 περ
2422 1796 2631 1868 κυρίως
2692 1796 2883 1867 μονὰς,
2932 1791 3023 1859 αἷς
3052 1798 3102 1848 οἱ
3143 1795 3396 1865 μένοντες
3454 1793 3869 1857 ἐναυλίζονται*

574 1897 684 1939 tem
715 1896 766 1938 et
801 1886 1116 1940 mansiones
1147 1903 1334 1940 revera
1368 1888 1582 1950 statuit,
1622 1887 1666 1940 si
1700 1886 1864 1940 modo
1921 1887 2167 1941 mansio-

2273 1889 2445 1952 οὐδεὶς
2491 1889 2754 1959 οὐδαμοῦ,
2792 1890 2953 1959 μέχρι
3005 1888 3101 1941 τοῦ
3160 1888 3433 1959 σωτηρίου
3476 1886 3746 1957 σταυροῦ,
3780 1887 3871 1941 καὶ

574 1994 672 2032 ncs
701 1981 919 2048 proprie
950 1987 1101 2042 sunt,
1139 1979 1190 2033 in
1212 1980 1412 2049 quibus
1439 1979 1788 2043 recumbunt,
1819 1978 1913 2048 qui
1947 1986 2172 2033 manent

2273 1979 2367 2048 τῆς
2406 1980 2484 2042 είς
2527 1979 2656 2050 ᾅδου
2687 1980 2939 2045 καθόδου,
2977 1979 3073 2032 καὶ
3117 1978 3220 2049 τῆς
3262 1981 3341 2041 εἰς
3367 1980 3633 2047 οὐρανοὺς
3682 1978 3869 2033 ἀνόδου

576 2067 702 2121 ibi:
755 2068 938 2122 nullus
993 2068 1141 2122 enim
1192 2069 1417 2122 omnino
1451 2084 1626 2138 usque
1661 2069 1726 2122 ad
1777 2067 2063 2123 Christum
2113 2068 2169 2122 in

2273 2070 2367 2124 τοῦ
2388 2073 2686 2137 Δεσπότου,
2706 2072 3041 2142 ἐπιδέδειχεν
3066 2067 3085 2109 ί
3105 2088 3119 2101 ο
3145 2070 3213 2123 αὑ
3226 2069 3320 2134 τὸς
3336 2070 3393 2122 δὲ
3413 2069 3557 2123 κατὰ
3577 2067 3674 2122 τοῦ
3709 2086 3872 2138 προσ-

575 2172 744 2212 cruce
780 2175 1030 2229 passum,
1065 2169 1118 2214 et
1167 2162 1491 2215 descensum
1532 2160 1585 2213 in
1631 2158 1947 2223 infernum,
1997 2175 2061 2214 ac
2111 2160 2167 2213 in

2273 2163 2557 2234 λήμματος
2612 2165 2693 2224 εἰς
2745 2165 3019 2235 οὐρανοὺς
3076 2163 3307 2228 ἀναόἀς,
3358 2162 3454 2216 καὶ
3502 2181 3521 2213 ι
3553 2161 3873 2232 πρόσφατον

574 2253 747 2309 caelos
775 2253 1009 2307 reditum
1051 2254 1247 2307 ibidem
1285 2266 1571 2324 susceptus
1602 2252 1984 2324 rcqnicscebat
2019 2269 2033 2305 :
2072 2252 2167 2307 sed

2273 2258 2404 2329 ἡμῖν
2431 2256 2569 2322 ὁδὸν,
2595 2257 2689 2309 καὶ
2719 2256 2921 2321 ζῶσαν,
2956 2276 2973 2307 ι
3013 2256 3154 2311 κατά
3175 2256 3266 2310 τὸν
3322 2256 3595 2326 μακάριον
3632 2254 3871 2316 Παῦλον,

576 2353 864 2415 postquam
897 2346 948 2399 in
978 2360 1145 2400 carne
1189 2346 1596 2411 assumebatur,
1628 2347 1934 2401 ascendens
1966 2345 2018 2399 in
2052 2361 2168 2401 coe-

2273 2350 2755 2419 ἐγκαινισάμενος,
2794 2350 3149 2420 ἐτοιμοτέρας
3185 2349 3264 2419 τῷ
3304 2348 3557 2415 ὅντι,καὶ
3582 2346 3874 2417 μονονουχὶ

576 2440 682 2501 los,
720 2453 831 2508 quo
867 2456 887 2490 ι
951 2440 1093 2492 viam
1144 2439 1303 2493 nobis
1335 2454 1555 2505 novam,
1615 2448 1670 2493 et
1717 2439 1921 2503 vivam,
1962 2458 1980 2489 ι
2011 2438 2170 2508 juxta

2276 2441 2619 2512 βλεπομένας
2650 2444 2765 2505 τοῖς
2798 2441 2972 2507 ἀξίοις
3026 2444 3125 2505 τὰς
3174 2444 3357 2495 ἐκεῖσε
3401 2440 3570 2512 μονὰς
3594 2440 3871 2510 ἀπειργά-

572 2533 721 2601 quod
757 2532 918 2585 habet
947 2530 1138 2585 beatus
1171 2529 1397 2595 Paulus,
1448 2542 1826 2594 consecrarat,
1861 2530 2172 2601 apparatio-

2277 2550 2428 2587 σατο.
2464 2534 2628 2586 Ὥστε
2672 2535 2769 2588 καὶ
2793 2535 2946 2606 παρά
2968 2535 3043 2606 τῷ
3069 2535 3245 2607 Πατρὶ
3271 2535 3329 2588 αἱ
3360 2535 3545 2605 μοναὶ,
3566 2533 3661 2586 καὶ
3684 2534 3718 2586 ὁ
3747 2531 3871 2594 Υἱὸς

576 2640 665 2678 res
688 2625 968 2693 deinceps,
1003 2631 1058 2677 et
1113 2635 1329 2678 tantum
1378 2639 1490 2678 non
1528 2624 1631 2678 sub
1668 2625 1845 2679 oculis
1890 2624 2170 2694 expositas

2273 2625 2480 2689 ταύτας
2509 2627 2799 2694 πορευθεὶς
2833 2628 3196 2699 ἡτοιμάσατο.

577 2720 794 2772 illorum
839 2718 932 2786 qui
974 2716 1125 2786 digni
1181 2724 1363 2780 erant,
1421 2732 1607 2770 revera
1654 2715 1883 2787 perfecit
1955 2715 2296 2770 mansiones.
2351 2715 2541 2790 Itaque
2602 2718 2747 2789 apud
2812 2718 3030 2774 Patrem
3084 2718 3406 2775 mansiones
3473 2717 3577 2772 illa:
3618 2726 3800 2784 erant,
3820 2734 3871 2789 οι

576 2812 750 2867 Filius
779 2826 873 2865 cas
910 2811 1180 2879 perfectas
1209 2825 1277 2863 eo
1316 2808 1599 2878 profectus
1636 2811 1939 2878 apparavit.

648 2924 986 2995 QUfESTlO
1013 2923 1202 2979 XCVII
1236 2923 1407 2996 [Coisl
1434 2924 1638 2987 CCLX,
1686 2924 1851 2978 Taur.
1891 2923 2095 2997 CtiLl.]

642 3027 753 3083 Cur
773 3016 1141 3088 apostolorum
1166 3016 1409 3087 princeps
1432 3016 1619 3070 incidit
1663 3016 1718 3069 in
1740 3016 2109 3085 negationem?

2820 2923 3177 2977 ΕΡΩΤΙΙΣῙΣ.
3214 2924 3328 2989 ιβ’.

2199 3028 2246 3090 C
2276 3015 2380 3070 Διὰ
2415 3016 2472 3070 τί
2495 3018 2529 3071 ὀ
2567 3016 2897 3087 κορυφαῖος
2948 3017 3065 3071 τῶν
3116 3018 3482 3073 ἀποστόλων
3533 3017 3868 3081 περιπίπτει

2917 3090 3177 3157 ἀρνήσει
3207 3104 3227 3151 ;

638 3222 783 3276 Edita
822 3237 852 3274 a
890 3224 1215 3285 llontacutio,
1249 3234 1334 3286 ep.
1382 3221 1495 3283 178,
1537 3220 1604 3272 ad
1645 3218 1883 3285 Amphil.,
1939 3221 2172 3332 ρὶυῖϐὅέξ

2289 3224 2408 3335 δὲ)ῗί
2415 3224 2598 3335 1Petro
2650 3223 2918 3276 Dominum
2962 3231 3203 3289 negante.
3245 3226 3421 3277 Matth.
3466 3225 3811 3290 xva,69-7:‘5;

647 3396 805 3465 Quod
860 3396 1089 3453 volebas
1148 3396 1494 3453 sciscitando
1546 3395 1785 3461 discere,
1844 3407 2003 3467 potes
2037 3396 2176 3453 illud

576 3490 633 3547 in
671 3500 942 3561 quantum
976 3491 1180 3560 patitur
1230 3489 1524 3559 disciplina
1557 3489 1894 3558 epistolaris,
1937 3490 2177 3546 auribus

576 3586 831 3655 accipere
892 3602 905 3637 :
976 3580 1436 3652 Quandoquidem
1518 3580 1718 3637 Petrus
1802 3580 2174 3636 universalem

578 3678 750 3733 totius
810 3675 1002 3732 mundi
1053 3690 1248 3730 curam
1298 3683 1420 3728 erat
1473 3683 1837 3744 suscepturus
1883 3674 2176 3731 commissi

577 3769 758 3839 ipsius
795 3767 1067 3833 lidelitati,
1117 3765 1329 3821 idcirco
1380 3767 1810 3836 permittebatur
1862 3766 2017 3837 lapsu
2065 3767 2172 3822 cir—

578 3859 835 3930 cumagi;
889 3873 1001 3927 quo
1045 3872 1151 3914 suo
1184 3856 1667 3911 commonefactus
1717 3856 1894 3928 ipsius
1923 3857 2176 3927 exemplo

580 3953 887 4007 humanum
922 3966 981 4006 se
1008 3958 1064 4005 et
1097 3950 1318 4006 facilem
1349 3965 1479 4021 erga
1514 3950 1698 4020 lapsos
1726 3950 1821 4005 sed
1847 3950 2176 4020 puenitentes

577 4046 770 4102 ferret.
828 4045 886 4100 Si
943 4045 1093 4100 enim
1149 4026 1316 4099 talem
1369 4043 1423 4099 in
1456 4043 1614 4114 lapsu
1646 4044 1741 4098 illo
1768 4045 1919 4115 gravi
1953 4045 2173 4098 veniam

579 4149 919 4197 consecutus
968 4149 1054 4195 est
1098 4148 1152 4195 et
1211 4139 1634 4209 indulgentiam,
1692 4154 1800 4194 non
1838 4138 2030 4193 debuit
2062 4146 2173 4192 tam

582 4233 940 4299 inexorabili,
971 4240 1028 4286 et
1059 4247 1413 4303 pmpropt-ra
1444 4232 1720 4288 sententia
1745 4233 1914 4287 vitam
1943 4231 2175 4286 Anania:

578 4322 742 4391 quasi
791 4320 934 4376 falce
980 4321 1303 4378 demetere:
1344 4322 1409 4377 Et
1446 4323 1572 4393 quis
1606 4332 1755 4378 totus
1784 4323 2026 4378 mundus
2051 4321 2174 4393 ejus

580 4413 760 4468 Zelum
811 4415 1143 4481 contineret,
1201 4416 1250 4472 si
1304 4430 1550 4471 amorem
1605 4432 1736 4486 erga
1794 4416 2088 4470 Dominum
2120 4425 2176 4470 et

579 4507 837 4563 atrectnm
888 4508 1208 4577 illibatum,
1283 4526 1385 4567 nec
1437 4511 1759 4566 intercisum
1817 4508 2175 4565 retinuisset?

578 4600 977 4668 Quamobrem,
1011 4601 1329 4658 communis
1356 4603 1631 4669 omnium,
1658 4602 1753 4671 qui
1785 4609 1869 4658 cst
1892 4610 1948 4656 et
1976 4601 2165 4655 Domi-

2355 3396 2537 3469 Ὄπερ
2573 3397 2766 3468 μαθεῖν
2803 3396 3195 3469 ἐπηρώτησας,
3243 3397 3424 3463 ἔξεστί
3469 3417 3573 3464 σοι,
3619 3401 3768 3454 κατά
3809 3417 3867 3469 γε

2279 3487 2634 3542 διδασκαλίαν
2694 3489 3015 3559 ἐπιστολῆς,
3069 3488 3448 3555 ἐνωτίζεσθαι.
3534 3492 3866 3565 Ἐπειδήπερ

2281 3580 2510 3651 ἔμελλεν
2538 3581 2569 3635 ὁ
2602 3580 2812 3652 Πέτρος
2854 3581 2950 3652 τῆς
3003 3582 3335 3656 οἰκουμένης
3380 3584 3483 3654 τὴν
3529 3586 3868 3657 προστασίαν

2279 3673 2814 3737 καταπιστεύεσθαι,
2871 3678 3242 3745 συγχωρεῐται
3307 3677 3736 3749 περιενεχθῆναι
3796 3677 3869 3748 τῷ

2281 3766 2541 3837 πτώματι
2565 3781 2579 3795 ⁸
2617 3767 2705 3821 ἵνα
2750 3765 2827 3837 τῷ
2878 3767 3006 3821 καθ’
3032 3768 3226 3823 ἐαυτὸν
3279 3768 3646 3841 ὑποδείγματι
3686 3772 3870 3842 φιλάν-

2280 3859 2499 3932 θρωπος
2524 3861 2609 3929 εἴη
2635 3860 2731 3915 καὶ
2765 3861 3019 3932 ἐπιεικὴς
3064 3864 3178 3926 τοῖς
3240 3862 3595 3932 μετανοοῦσιν
3656 3865 3747 3935 ἐφ’
3792 3857 3869 3928 οἷς

2275 3954 2549 4027 ἥμαρτον.
2586 3957 2649 4010 Εἰ
2688 3956 2800 4027 γὰρ
2833 3956 2927 4010 καὶ
2955 3956 3228 4029 τοσαύτης
3267 3959 3587 4025 ἀπολαύσας
3621 3958 3866 4030 συγγνώ-

2279 4064 2390 4119 μης
2442 4048 2537 4102 ἐπὶ
2608 4047 2917 4120 τηλικούτῳ
2971 4049 3300 4121 πταίσματι,
3350 4052 3503 4122 ὅμως
3557 4053 3687 4117 τοὺς
3745 4052 3868 4122 περὶ

2290 4138 2548 4194 Ἀνανίαν
2566 4139 2915 4211 ἀδυσωπήτῳ
2935 4139 3028 4194 καὶ
3051 4139 3203 4213 ὀξείᾳ
3221 4141 3346 4213 δίκῃ
3367 4143 3461 4197 τοῦ
3483 4143 3598 4214 βίου
3631 4146 3865 4217 ὲθέρισεο

2273 4231 2362 4296 τίς
2387 4232 2455 4285 ἂν
2502 4230 2669 4285 αὐτοῦ
2694 4231 2899 4302 κόσμος
2928 4231 3021 4285 τὸν
3054 4231 3216 4300 ζῆλον
3237 4232 3542 4305 ἐχώρησεν,
3570 4236 3619 4288 εί
3650 4234 3747 4288 τοῦ
3778 4236 3868 4287 Δε-

2278 4322 2540 4377 σποτικοῢ
2571 4324 2741 4377 πόθου
2770 4323 2832 4376 τὺ
2863 4322 3089 4393 φίλτρον
3132 4323 3413 4395 ἀλώὸητον
3447 4326 3587 4390 ὅλως
3610 4326 3701 4380 διὰ
3753 4327 3865 4398 βίου

2276 4416 2519 4489 καθαρὸν
2568 4416 2905 4483 διεσώσατο;
2956 4417 3170 4471 Οὐκοῦν
3224 4420 3254 4472 ό
3299 4419 3481 4483 κοινὸς
3526 4421 3720 4493 Σωτὴρ
3779 4420 3865 4474 καὶ

2275 4508 2430 4572 Θεὸς,
2468 4509 2664 4578 ἀφίησι
2702 4508 2794 4561 τὸν
2841 4508 2940 4561 ἐνα
2970 4510 3183 4573 πεσεῖν,
3215 4510 3301 4563 ἵνα
3347 4510 3564 4577 πολλοῖς
3606 4513 3676 4567 δι’
3703 4511 3863 4567 αὐτοῦ

2274 4601 2377 4667 τὰς
2400 4601 2499 4671 τῆς
2532 4600 2878 4671 συμπαθείας
2925 4601 3132 4671 πηγὰς,
3160 4604 3258 4657 καὶ
3304 4605 3399 4657 τοῦ
3448 4605 3602 4659 ἐλέου
3633 4607 3864 4662 ἀναϐλύ-

579 4707 685 4747 nus
711 4701 767 4747 et
802 4690 1065 4747 Servatur
1096 4692 1363 4762 permittit
1397 4692 1554 4748 illum
1607 4693 1789 4747 solum
1831 4692 2051 4760 cadere,
2110 4701 2171 4748 ut

2278 4694 2409 4760 ζων,
2441 4693 2791 4765 ἀπαρύεσθαι
2820 4693 2924 4763 τῆς
2955 4693 3371 4767 φιλανθρωπίας
3394 4697 3456 4751 τὸ
3486 4699 3723 4769 πέλαγος
3748 4703 3863 4754 ἐπι-

577 4786 660 4840 sic
700 4800 796 4855 per
831 4785 982 4840 illum
1012 4785 1262 4855 pluribus
1292 4785 1697 4856 compassionis
1728 4785 1906 4842 fontes
1927 4796 1982 4841 et
2006 4787 2172 4842 mise-

577 4877 832 4933 ricordiae
888 4879 1146 4934 emittens
1196 4878 1442 4946 doceret,
1507 4889 1770 4948 tanquam
1800 4879 1868 4934 de
1893 4880 2169 4935 immenso

576 4984 785 5024 oceano
816 4968 1204 5023 iuexbaustam
1239 4968 1530 5024 haurirent
1561 4969 1861 5024 bonitatem
1897 4986 1912 5023 :
1949 4968 2165 5038 deinde,

577 5070 638 5116 ut
672 5061 978 5129 discipulus
1009 5062 1098 5116 ille
1119 5103 1134 5127 ,
1158 5060 1251 5130 qui
1282 5062 1430 5117 vires
1459 5062 1731 5117 humanas
1762 5061 2022 5131 operibus
2050 5061 2169 5117 suis

578 5154 1011 5216 transcenderet,
1054 5153 1109 5206 in
1142 5152 1385 5207 divinam
1425 5152 1492 5207 de
1524 5153 1781 5222 superuis
1821 5153 2005 5223 potius
2037 5169 2167 5225 gra-

576 5246 707 5301 tiam
772 5247 1112 5316 respiceret,
1164 5262 1331 5316 quam
1385 5254 1444 5301 ut
1499 5246 1732 5317 gratiam
1763 5248 2022 5301 collatam
2065 5247 2171 5302 sibi

577 5340 699 5394 ideo
729 5351 1029 5412 reputaret,
1063 5342 1210 5412 quod
1238 5341 1348 5396 vita
1377 5350 1526 5397 esset
1560 5341 1933 5411 inculpabilis.
1968 5342 2169 5397 Patra-

577 5431 655 5487 tio
712 5436 860 5490 enim
914 5435 1313 5492 miraculorum
1352 5434 1421 5490 ad
1466 5446 1741 5491 tumorem
1773 5436 1930 5493 ocius
1961 5444 2015 5491 et
2047 5435 2166 5491 ela-

641 5608 692 5646 ⁸⁵⁶
719 5609 880 5667 Joan.
907 5627 1020 5681 xw,
1044 5610 1100 5668 Ξ.
1174 5612 1220 5645 ⁸¹¹
1254 5612 1386 5668 ibid.
1416 5612 1471 5668 5.

2276 4787 2426 4859 δείξῃ
2482 4785 2874 4857 ἀνεξάντλητον
2897 4803 2911 4817 ·
2950 4787 3032 4841 ἔτι
3071 4788 3128 4841 δὲ
3149 4827 3164 4853 ,
3196 4790 3291 4841 καὶ
3337 4789 3423 4842 ἵνα
3456 4792 3486 4842 ό
3511 4789 3762 4863 μαθητὴς
3797 4790 3859 4845 τὰ

2277 4880 2421 4951 ὑπὲρ
2447 4878 2735 4950 ἄνθρωπον
2766 4878 3188 4951 τελεσιουργῶν,
3241 4881 3323 4944 είς
3362 4880 3463 4953 τὴν
3514 4881 3723 4936 ἄνωθεν
3754 4883 3861 4953 ἔχοι

2276 4974 2436 5044 χάριν
2470 4974 2765 5043 ἀναφέρειν
2803 4972 3027 5042 μᾶλλον,
3061 4973 3093 5043 ἢ
3125 4973 3202 5045 τῷ
3226 4974 3509 5047 ἀνευθύνῳ
3536 4976 3632 5030 τοῦ
3663 4978 3857 5032 οἰκείου

2276 5064 2395 5136 βίου
2427 5066 2759 5133 ἐπιγράφειν
2788 5063 2899 5117 τῶν
2938 5064 3385 5136 κατορθωμάτων
3413 5066 3473 5121 τὸ
3508 5060 3705 5123 αίτιον.
3740 5068 3858 5134 Ὀξὺ

2274 5158 2383 5229 γὰρ
2438 5154 2855 5227 θαυματουργία
2893 5157 2975 5219 είς
3023 5157 3190 5226 ὄγκον
3240 5158 3335 5211 καὶ
3385 5159 3640 5229 φύσημα,
3672 5157 3858 5231 τῷτοῦ

2278 5250 2584 5313 συνειδότος
2614 5249 2855 5319 ταπεινῷ
2885 5249 2960 5321 μὴ
2981 5249 3359 5322 καθελκομὲνη
3381 5252 3521 5323 πρὸς
3540 5253 3600 5306 τὸ
3621 5255 3856 5324 μέτριον.

2276 5342 2369 5396 Διὸ
2400 5344 2495 5397 καὶ
2526 5344 2554 5395 ὁ
2583 5341 2776 5413 Σωτήρ
2811 5359 2965 5413 φησι,
3002 5362 3020 5394 ι
3060 5343 3153 5413 Μὴ
3190 5343 3413 5415 χαίρετε
3462 5346 3545 5399 ὅτι
3580 5345 3649 5399 τὰ
3673 5344 3857 5416 δαιμόσ

2276 5454 2367 5491 νια
2423 5435 2797 5490 ὑποτάσσεται
2858 5437 3010 5507 ὑμῖν,
3064 5436 3393 5492 ἀλλ’ὅτιτά
3428 5438 3671 5511 ὀνόματα
3708 5436 3858 5511 ὑμῶν

1862 5681 2103 5740 VARUE
2141 5680 2561 5740 LECTIONES.

693 5832 713 5879 ί
741 5835 800 5894 C.
833 5836 981 5897 Mon.
1005 5838 1105 5897 551
1138 5838 1179 5896 ί.
1236 5840 1338 5898 155
1362 5856 1392 5898 a
1439 5840 1568 5912 legit
1617 5840 2002 5898 ἐπιδέδεικται.
