4158 6430
279 371 385 434 669

1234 369 1325 431 AD
1359 355 1953 435 AMPH'ILOCIIIUM
1983 372 2330 447 QUIESTIO
2366 376 2599 439 xcv”.

3463 371 3568 449 διο

285 486 503 557 ἐγράφη
535 485 594 538 ὲν
619 484 733 548 τοῖς
771 482 1040 555 οὐρανοῖς.
1073 483 1207 547 Καὶ,
1240 484 1426 540 πολλοὶ
1468 486 1655 558 ἐροῦσί
1690 505 1780 559 μοι
1812 487 1872 541 ἐν

1986 487 2186 543 tionem
2217 487 2450 554 inducit,
2481 491 2525 544 si
2555 503 2664 544 non
2698 505 2794 560 per
2819 493 3176 550 censcicntia:
3202 494 3568 564 dejectionem

283 579 472 652 ἐκείνῃ
507 581 574 648 τῇ
611 577 821 649 ήμέρᾳ,
857 576 936 630 Ού
969 574 1046 646 τῷ
1081 576 1161 647 σῷ
1190 576 1417 648 ὀνόματι
1445 579 1707 650 δυνάμεις
1746 579 1876 633 πολ-

282 669 382 732 λάς
422 669 795 739 ἐποιήσαμενς
827 663 922 719 καί
966 664 1077 736 ἐρῶ
1121 666 1326 734 αὐτοῖς,
1365 667 1479 722 Ούκ
1501 665 1618 723 οἶδα
1655 670 1820 741 ὑμᾶς.
1851 688 1869 721 t

285 759 389 812 Διὰ
414 757 576 812 τοῦτο
609 758 705 810 καὶ
731 756 943 820 Παῦλος
976 759 1305 828 πειρασμοῖς
1332 776 1442 812 τισι
1480 760 1735 814 παλαίειν
1766 762 1874 831 ἀφ·-

286 850 452 916 ίεται,
494 869 514 902 ι
547 849 636 903 ἵνα
668 848 764 919 μὴ,
819 849 894 910 ὡς
937 848 1099 912 αὑτός
1141 866 1329 920 φησιν,
1369 850 1738 924 ὑπεραίρηται
1780 853 1876 906 καὶ

285 944 397 996 τῶν
426 940 824 1010 ἀποκαλύψεων
847 942 879 1008 ἡ
918 941 1218 1015 ὑπερϐολὴ,
1257 961 1276 994 ι
1311 943 1381 997 τὰ
1407 944 1556 1016 πάθη
1591 945 1870 1014 παιδαγω-

288 1036 385 1104 γὸν
429 1034 800 1103 ἐπιφέρουσα,
844 1034 1256 1106 περιστέλλοιτό
1292 1053 1353 1088 τε
1397 1036 1493 1090 καὶ
1530 1037 1876 1091 διακόπτοιτο

286 1124 356 1176 τὰ
390 1123 764 1193 σκιρτήματα,
803 1115 888 1186 οἷς
918 1125 951 1192 ἡ
994 1123 1314 1195 ἀνθρωπίνη
1365 1125 1530 1196 φύσις
1577 1127 1873 1199 ἐκφέρεται

287 1214 424 1283 πρὸς
458 1213 746 1282 φυσίωσιν.
782 1213 847 1265 Εἰ
874 1212 1056 1283 βούλει
1079 1215 1156 1280 δὲ,
1190 1218 1283 1270 καὶ
1315 1217 1404 1273 ἵνα
1423 1220 1561 1289 μετά
1581 1219 1755 1275 ταῦτα
1776 1220 1874 1285 τάς

285 1305 525 1376 φοϐερὰς
553 1305 774 1369 ἐκείνας
791 1306 1047 1372 ἀπειλὰς,
1072 1310 1310 1374 καὶτοὺς
1326 1312 1558 1383 πικροὺς
1575 1313 1872 1384 διωγμοὺς,

282 1399 382 1452 καὶ
407 1399 504 1462 τὰς
541 1399 746 1469 μυρίας
782 1400 1002 1469 σφαγὰς
1051 1401 1108 1452 ἐν
1140 1402 1421 1475 ἁκλονήτῳ
1448 1405 1630 1476 φέρων
1650 1408 1679 1460 ὁ
1709 1424 1874 1476 κορυ-

285 1491 449 1558 φαῖος
484 1491 577 1542 καὶ
614 1490 900 1562 ἀσαλεύτῳ
932 1491 1012 1564 τῷ
1046 1494 1382 1563 φρονήματι,
1424 1498 1505 1560 είς
1551 1497 1739 1568 θαῦμα
1775 1500 1876 1569 τῆς

288 1579 628 1650 Δεσποτικῆς
646 1581 959 1651 συμμαχίας
979 1582 1368 1652 προσκαλεῖται
1385 1586 1510 1648 τοὺς
1523 1585 1871 1651 κολάζοντας·

287 1671 666 1742 καθορῶντας,
690 1673 780 1725 τὸν
812 1672 916 1726 ὑπὸ
946 1673 1133 1744 φωνῆς
1154 1673 1449 1744 παιδίσκης
1469 1677 1873 1743 καταπεσόντα,

283 1763 460 1827 οὓτως
489 1763 744 1834 ἀκίνητον
777 1765 916 1835 πρὸς
943 1764 1186 1820 τοσαῦτα
1236 1767 1386 1839 πάθη
1432 1768 1834 1842 καθιστάμενον
1858 1786 1873 1802 ·

1977 579 2047 634 ad
2117 580 2557 636 moderationem
2623 581 2949 638 deducatur.
3018 585 3293 652 Quocirca
3347 589 3570 646 dicebat

1978 671 2278 728 Salvator:
2343 691 2363 725 ι
2428 672 2610 729 Nolite
2661 673 2732 729 oh
2792 675 2845 729 id
2906 679 3166 747 gaudere,
3227 682 3376 750 quod
3408 684 3568 738 vobis

1977 764 2249 821 daemonia
2287 766 2677 837 subjiciantur,
2718 767 2811 822 sed
2842 771 3104 838 quoniam
3133 774 3352 826 nomina
3382 785 3567 830 vestra

1977 858 2182 928 scripta
2219 859 2328 913 sint
2362 860 2414 913 in
2446 859 2622 914 caelis.
2684 859 2838 914 Multi
2889 861 3022 914 mihi
3077 862 3277 916 dicturi
3331 874 3461 919 sunt
3510 867 3565 921 in

1977 951 2069 1006 illa
2100 950 2224 1006 die:
2250 950 2443 1006 Nonne
2474 953 2528 1005 in
2561 960 2653 1006 tuo
2684 953 2907 1008 nomine
2942 955 3174 1009 virtutes
3208 959 3410 1012 multas
3435 974 3569 1029 ope-

1975 1041 2080 1096 rati
2129 1041 2360 1096 sumus?
2408 1042 2473 1097 ad
2503 1058 2642 1113 quos
2687 1043 2940 1098 dicturus
2988 1058 3132 1110 sum,
3169 1047 3424 1116 Apagete,
3457 1064 3565 1104 non

1979 1133 2104 1187 novi
2131 1148 2230 1187 vos
2259 1134 2325 1186 ⁵³.
2373 1151 2391 1184 t
2446 1135 2626 1204 Atque
2673 1133 2813 1190 hanc
2851 1135 2923 1189 ob
2972 1151 3197 1190 causam
3233 1138 3564 1206 permissum

1977 1223 2083 1280 fuit
2130 1233 2188 1279 ut
2227 1225 2432 1280 Paulus
2480 1241 2604 1280 cum
2644 1229 2978 1296 quibusdam
3020 1230 3396 1284 teutatonihus
3452 1232 3568 1286 col-

1979 1317 2309 1384 luctaretur,
2383 1335 2402 1368 ι
2442 1334 2530 1385 ne,
2561 1319 2708 1388 quod
2740 1318 2974 1373 allirmat
3008 1319 3143 1389 ipse,
3193 1320 3358 1374 nimis
3389 1320 3568 1374 elatus

1979 1409 2238 1478 fcrretur,
2299 1420 2524 1480 propter
2602 1410 3017 1464 multitudinem
3072 1411 3562 1466 rcvelalionum".

1977 1502 2180 1568 Quare,
2211 1502 2398 1572 passio
2447 1502 2567 1572 ejus
2613 1517 2711 1572 pro
2743 1501 3045 1573 Pa‘dagogo
3084 1505 3360 1558 contrain
3384 1512 3439 1560 et
3467 1505 3570 1559 ab-

1978 1594 2141 1649 scidit
2183 1594 2432 1649 cxsnltus
2485 1609 2702 1656 omnes,
2756 1610 2787 1650 a
2835 1597 3040 1666 quibus
3089 1605 3284 1650 natttra
3328 1597 3570 1650 hominis

1979 1685 2176 1757 inﬂata}
2207 1685 2454 1741 ell'ertur.
2511 1686 2746 1741 Accedat
2803 1689 2929 1753 huc,
2999 1697 3058 1742 ut
3107 1687 3366 1756 deinceps
3414 1689 3573 1743 terri-

1978 1777 2118 1833 biles
2166 1778 2286 1834 illas
2332 1780 2552 1840 minas,
2601 1779 2750 1833 mille
2803 1788 3050 1843 mortes,
3105 1793 3261 1834 acres
3313 1795 3576 1849 persccu-n

287 1857 543 1928 μεθελκοι
581 1875 642 1910 τε
667 1858 760 1911 καὶ
788 1858 879 1912 διὰ
907 1858 1100 1912 τούτου
1136 1859 1274 1931 πρὸς
1313 1859 1375 1914 τὸ
1417 1860 1560 1931 μέγα
1587 1860 1686 1931 τῆς
1724 1863 1880 1915 εὐσε-

1986 1869 2177 1932 tioues,
2201 1868 2526 1939 coryphtcus
2554 1868 2643 1924 illc
2663 1868 3018 1931 inconcusso,
3045 1880 3098 1922 et
3127 1873 3356 1924 immoto
3376 1870 3563 1928 ferens

285 1953 438 2016 εῖείας
470 1953 773 2024 μυστήριον
814 1953 1120 2024 Ἰουδαϊκῆς
1142 1954 1532 2026 ταπεινότητος
1567 1953 1612 2009 i.
1644 1955 1757 2008 Kal.
1786 1955 1879 2007 τέ-

284 2063 507 2118 ταρτον,
538 2044 731 2116 ἔμοιγε
762 2043 910 2097 δοκεῖ
933 2044 1187 2116 λαμπρὸν
1224 2045 1319 2099 καὶ
1352 2045 1497 2116 μέγα
1519 2045 1878 2116 ψυχαγωγίας

283 2141 662 2213 παράδειγμα.
716 2138 782 2191 Τί
829 2139 922 2192 τοῦ
971 2140 1271 2210 κορυφαίου
1328 2139 1708 2212 λαμπρότερον
1756 2141 1879 2203 ταῖς

287 2234 486 2288 ἔπειτα
507 2235 743 2302 γενεαῖς,
787 2230 958 2285 ἐπειδ’
976 2233 1040 2286 ἄν
1071 2249 1157 2296 τις
1186 2231 1556 2303 ὲξασθενήσας
1581 2231 1717 2302 ἁλῷ,
1742 2231 1880 2302 πρὸς

284 2326 360 2382 τὰ
380 2327 561 2380 τέλεια
588 2323 972 2396 ἀναστηλῶσαι
995 2323 1355 2394 βουλόμενος;
1384 2327 1446 2379 ΕΞ
1478 2327 1586 2398 γὰρ
1618 2326 1729 2379 τῶν
1765 2342 1872 2396 μα-

286 2418 469 2490 θητῶν
505 2419 534 2471 ὁ
563 2419 861 2488 κορυφαῖος
913 2416 1055 2486 μετά
1103 2417 1436 2488 τηλικαύτας
1473 2417 1733 2486 δυνάμεις
1757 2459 1770 2482 ,
1803 2411 1879 2471 ὧν

283 2513 388 2576 τὰς
421 2511 521 2582 μὲν
557 2511 688 2577 ἴδεν,
736 2508 836 2572 τὰς
873 2509 931 2563 δὲ
982 2510 1076 2563 καὶ
1120 2509 1376 2563 ἐτέλεσε·
1422 2510 1562 2582 μετά
1608 2511 1880 2582 τοσαύτην

284 2601 641 2656 διδασκαλίαν
667 2618 681 2631 ·
720 2599 838 2672 μεθ’
868 2597 1012 2652 οὕτω
1043 2599 1245 2671 πολλὴν
1273 2601 1368 2653 καὶ
1386 2600 1641 2670 ποικίλην
1670 2599 1766 2653 τοῦ
1788 2602 1880 2652 Δι-

286 2693 560 2749 δασκάλου
592 2695 810 2764 πεῖραν,
837 2693 958 2762 τρὶς
989 2692 1402 2764 ἀρνησάμενος,
1445 2691 1533 2745 διὰ
1584 2691 1881 2762 μετανοίας

284 2788 441 2860 ὅμως
467 2787 563 2841 καὶ⁸
589 2785 811 2857 θερμῶν
845 2783 1120 2855 δακρύων,
1149 2785 1209 2838 οὐ
1256 2785 1318 2839 τὸ
1359 2784 1666 2856 ἁμάρτημα
1721 2785 1881 2854 μόνον

288 2883 585 2954 ἐκάθηρεν,
615 2881 752 2935 ἀλλά
790 2879 928 2951 πρὸς
953 2878 1015 2932 τὸ
1044 2876 1178 2932 αὐτὸ
1207 2878 1307 2946 τῆς
1337 2875 1643 2946 ἀποστολῆς
1663 2873 1881 2945 ἀξίωμα

292 2970 729 3043 ἐπανέστρεψεν·
782 2970 842 3022 οῦ
907 2965 1013 3040 χρὴ
1074 2967 1338 3039 ῥᾳθυμεῖν
1393 2965 1495 3036 ἐμὲ
1518 2966 1614 3018 καὶ
1646 2965 1874 3018 καταπί-

292 3079 475 3127 πτειν,
495 3063 554 3131 ἐξ
600 3063 887 3126 ἀσθενείας
929 3060 1305 3115 ὀλισθαίνοντα
1325 3073 1340 3089 ·
1369 3058 1509 3114 ἀλλὰ
1560 3059 1754 3112 θᾶττον
1786 3059 1882 3112 ἁν-

298 3156 556 3211 ίστασθαι
587 3155 726 3226 πρὸς
762 3153 1072 3226 μετάνοιαν,
1107 3154 1203 3206 καὶ
1237 3152 1328 3205 τὸν
1372 3151 1603 3205 πλοῦτον
1654 3151 1754 3220 τῆς
1781 3152 1880 3202 Δεο-

295 3249 567 3318 σποτικῆς
621 3249 987 3320 χρηστότητος
1013 3245 1322 3309 ἐννοοῦντα,
1373 3245 1495 3297 ὅλον
1542 3243 1733 3297 ἐαυτὸν
1759 3244 1784 3282 ¹ί
1819 3245 1879 3295 ὲν

291 3342 626 3415 συντριμμῷ
659 3341 885 3412 καρδίας
923 3338 1237 3394 ἀνατιθέναι
1274 3338 1353 3409 τῷ
1382 3339 1480 3402 τὰς
1506 3337 1695 3400 νόσους
1722 3335 1878 3406 ἡμῶν

288 3436 393 3492 καὶ
424 3436 523 3498 τὰς
551 3434 835 3498 ἀσθενείας
868 3433 1223 3504 βαστάσαντι.
1272 3432 1373 3484 Διά
1416 3428 1594 3484 ταῦτα
1639 3426 1754 3496 οὖν,
1797 3423 1879 3481 οἵ·

290 3546 418 3602 μαι,
451 3527 546 3582 καὶ
574 3527 644 3580 τὰ
673 3525 922 3592 τοιαῦτα,
959 3524 1164 3596 Πέτρος
1185 3523 1388 3578 ἁλῶναι
1419 3519 1775 3593 συνεχωρήθη
1801 3517 1880 3591 τῷ

286 3621 653 3695 ἁμαρτήματι
679 3635 692 3648 ·
731 3618 846 3673 ἀλλ’
877 3620 976 3690 οὐχ
1005 3621 1090 3672 ὃτι
1123 3619 1456 3690 προανεῖπεν
1477 3615 1576 3686 τὴν
1597 3614 1828 3686 ἄρνησιν
1850 3615 1881 3667 ὁ

286 3717 643 3780 Διδάσκαλος,
685 3716 900 3787 ἀνάγκῃ
931 3715 1038 3767 τιν]⁵
1063 3715 1161 3783 τῆς
1187 3711 1552 3784 προγνώσεως
1582 3707 1876 3780 ἐξεϐιάσθη

290 3810 434 3880 πρὸς
461 3809 522 3861 τὸ
556 3805 843 3877 ἀθέλητον.
903 3804 1058 3858 Ἐπεὶ
1094 3803 1238 3858 οὓτω
1288 3821 1352 3873 γε
1400 3802 1626 3874 φθάνοις
1673 3800 1740 3856 ἂν
1769 3801 1882 3855 τῶν

291 3901 518 3972 φαύλων
569 3899 822 3970 πράξεων
862 3897 1092 3951 ἀπασῶν
1128 3897 1228 3970 τὴν
1280 3897 1488 3962 αἰτίαν,
1537 3897 1618 3958 είς
1651 3895 1749 3960 τὴν
1773 3895 1882 3948 τῶν

289 3988 516 4058 ἀγαθῶν
562 3989 745 4059 πηγὴν
793 3987 1118 4060 ἀναφέρων·
1148 3990 1378 4058 προεῖπε
1425 3987 1535 4058 γὰρ
1582 3987 1679 4040 καὶ
1712 3985 1883 4058 Ἰούδᾳ

289 4078 394 4152 τὴν
437 4078 754 4151 προδοσίαν·
804 4077 1077 4132 Ἰουδαίων
1123 4079 1222 4150 τὴν
1277 4078 1625 4150 μιαιφονίαν·
1671 4077 1764 4132 ναὶ
1817 4076 1883 4147 δὴ

292 4171 400 4226 κᾶν
441 4172 518 4243 μὴ
547 4173 833 4242 προεῖπεν,
863 4170 1000 4224 ἀλλά
1031 4187 1097 4240 γε
1144 4170 1375 4243 προῄδει
1407 4170 1651 4237 πάντως,
1689 4170 1883 4240 ὅτιπερ

291 4265 395 4335 τῆς
422 4265 679 4334 δοθείσης
722 4263 940 4334 ἐντολῆς
968 4265 998 4317 ὁ
1029 4265 1248 4335 πρῶτος
1292 4263 1601 4336 ἄνθρωπος,
1633 4262 1754 4317 ἀντὶ¹
1780 4262 1884 4332 τῆς

293 4357 550 4430 φυλακῆς
633 4356 902 4429 προέλοιτ⁹
953 4356 1020 4410 ἂν
1071 4358 1172 4429 τὴν
1234 4356 1576 4429 ὑπεροψίαν·
1632 4357 1728 4410 καὶ
1784 4354 1882 4409 τοῦ

294 4454 438 4507 Κάῖν
467 4454 565 4524 τὴν
593 4450 1015 4520 ἀδελφοκτονίαν
1031 4469 1045 4485 ·
1071 4451 1274 4521 Φαραὼ
1300 4451 1398 4523 τὴν
1424 4449 1882 4524 σκληροκαρδίαν,

294 4543 397 4598 καὶ
419 4543 593 4596 Σαοὺλ
627 4543 726 4615 τὴν
756 4545 1124 4618 παρανομίαν.
1157 4543 1272 4598 Καὶ
1291 4543 1344 4596 τί
1375 4543 1499 4597 καθ’
1529 4543 1761 4598 ἕκαστον
1796 4541 1884 4596 λέ·
1921 4581 1964 4637 D

294 4653 383 4706 γω
417 4653 432 4704 ;
461 4636 558 4707 οὐχ
583 4637 662 4690 ὃτι
711 4639 804 4691 καὶ⁵
856 4637 1000 4692 κατὰ
1033 4637 1219 4701 πόλεις
1251 4636 1400 4700 ὅλας,
1446 4637 1543 4689 καὶ
1583 4635 1714 4709 ἔθνη
1769 4635 1888 4690 ὁλό-

297 4728 503 4800 κληρα,
534 4729 590 4781 αἱ
621 4728 852 4800 πράξεις
875 4727 1056 4782 αὐτῶν
1083 4731 1149 4800 τῇ
1179 4727 1490 4799 προγνώσει
1512 4725 1883 4796 περιέχονται.

296 4820 550 4892 Σοδόμων
583 4824 680 4874 καὶ
717 4822 1004 4894 Γομόρρας
1048 4823 1105 4876 αἱ
1152 4819 1885 4894 ἁρῥητουργίαι,Ἒλλήνων,

296 4913 636 4981 Αἰγυπτίων,
687 4913 887 4985 μικροῦ
936 4914 1272 4986 συμπάντων
1318 4912 1613 4985 βαρϐάρων
1659 4913 1717 4966 ἐν
1758 4911 1890 4964 πολο

295 5010 410 5074 λοϊς
441 5011 657 5081 χρόνοις
696 5011 752 5064 αί
791 5011 1196 5082 εἰδωλομανίαι.
1245 5008 1405 5063 Ἀλλὰ
1446 5007 1500 5060 τί
1530 5005 1746 5072 ταῦτα;
1780 5005 1890 5058 Αὑ-

295 5102 395 5155 τοῦ
427 5101 523 5155 τοῦ
557 5101 806 5174 σπορέως
831 5102 943 5156 τῶν
967 5102 1158 5155 κακῶν
1199 5100 1293 5155 καὶ
1339 5099 1746 5171 ἀρχιτέκτονος,
1795 5099 1891 5154 καὶ

296 5197 422 5251 ὅσαι
452 5195 604 5266 αὐτῷ
627 5195 886 5268 δυνάμεις
925 5195 1029 5266 τῆς
1083 5193 1196 5249 ἄνω
1246 5192 1746 5264 συναπερρἀησαν
1793 5190 1893 5262 λή-

299 5289 462 5356 ξεως.
492 5284 619 5361 Ἆρ’
649 5291 835 5360 ἠγνόει
859 5288 958 5362 τὴν
992 5287 1317 5354 ἀλαζονείαν
1346 5287 1440 5341 καλ⁸
1479 5285 1580 5356 τὴν
1618 5284 1892 5354 ἐπιϐλασῆ

295 5383 411 5438 τῶν
440 5381 744 5456 ἀνθρώπων
776 5382 1186 5454 ἀνυπέρϐλητον
1235 5382 1414 5436 αύτῶν
1460 5377 1798 5451 μοχθηρίαν;
1828 5376 1895 5429 Τί

1980 1960 2166 2015 animo
2192 1961 2257 2014 ad
2295 1961 2609 2014 mirandum
2647 1959 2892 2029 Magistri
2955 1959 3246 2026 auxilium,
3279 1962 3570 2017 carnilices

1981 2053 2132 2124 ipsos
2168 2053 2474 2118 induceret,
2507 2070 2632 2107 cum
2660 2054 2910 2108 viderent
2943 2068 3093 2118 eum,
3148 2054 3243 2124 qui
3276 2054 3345 2108 ad
3379 2066 3574 2111 vocem

1981 2147 2198 2202 ancillae
2230 2146 2490 2216 deje‘ctus
2515 2146 2718 2210 fuerat,
2777 2145 2914 2200 adeo
2946 2145 3235 2200 immotum
3271 2156 3463 2201 ccutra
3491 2155 3574 2202 tot

1981 2254 2275 2308 pressuras
2303 2240 2650 2294 consistere:
2701 2239 3017 2309 exindeque
3048 2240 3115 2294 ad
3156 2255 3420 2309 magnum
3452 2242 3575 2311 pie-

1983 2335 2111 2387 tatis
2145 2333 2469 2404 mysterium
2529 2334 2582 2386 in
2631 2331 2851 2386 Judaeos
2906 2333 3219 2401 pervicaces
3246 2333 3572 2402 impelleret.

1985 2427 2078 2480 list
2107 2435 2161 2480 et
2191 2436 2450 2495 quartum
2483 2425 2638 2494 quid,
2697 2423 2842 2493 quod
2890 2423 3030 2477 mihi
3079 2425 3299 2478 videtur
3331 2425 3572 2490 illustre,

1981 2524 2038 2572 et
2070 2531 2172 2586 pro
2201 2517 2407 2588 ingenti
2437 2516 2819 2572 consolatione
2847 2515 3164 2584 exemplum
3201 2533 3214 2570 :
3261 2515 3394 2585 quid
3425 2515 3572 2571 enim

1983 2609 2339 2679 praestantius
2365 2609 2656 2681 coryphaeo
2685 2609 2825 2678 apud
2864 2607 3225 2662 succedentes
3257 2608 3573 2679 generatio-

1984 2696 2128 2751 nes?
2174 2711 2299 2752 cum
2352 2707 2536 2751 autem
2567 2695 2695 2765 quis
2725 2695 3044 2750 inﬁrmitate
3068 2695 3280 2749 laboret
3331 2696 3401 2750 ad
3451 2711 3580 2766 per-

1985 2787 2184 2843 fectam
2233 2789 2523 2843 sanitatem
2576 2787 2778 2842 reverti
2824 2788 3015 2842 volens
3057 2794 3160 2841 est.
3225 2785 3282 2841 Si
3319 2787 3577 2859 princeps

1986 2880 2075 2936 ille
2108 2880 2532 2949 discipulorum,
2589 2893 2711 2950 post
2766 2887 2847 2934 tot
2893 2881 3147 2943 virtutes,
3201 2894 3342 2948 quas
3377 2882 3576 2949 partim

1988 2973 2140 3038 vidit,
2179 2969 2426 3043 patravit
2450 2973 2674 3041 partim,
2707 2981 2829 3041 post
2857 2971 3017 3026 talem
3053 2970 3420 3041 disciplinam,
3453 2982 3577 3026 tana

1987 3073 2098 3118 tam
2128 3075 2186 3119 et
2226 3075 2334 3118 tam
2381 3063 2733 3134 multiplicem
2779 3063 2846 3118 de
2870 3063 3128 3134 Magistro
3159 3065 3576 3133 experientiam,

1986 3164 2068 3210 ter
2099 3156 2193 3210 illo
2223 3156 2494 3226 abnegato
2519 3195 2536 3220 ,
2571 3171 2668 3225 per
2689 3154 3071 3225 pmnitentiam
3108 3164 3288 3208 tamen
3323 3165 3378 3210 et
3405 3156 3582 3230 lacry-

1990 3263 2130 3314 mas,
2172 3265 2281 3302 non
2317 3249 2483 3303 modo
2510 3249 2763 3319 purgavit
2790 3257 3102 3318 peccatum,
3155 3249 3248 3303 sed
3301 3249 3368 3302 ad
3419 3265 3578 3304 eunt-

1987 3342 2109 3396 dem
2141 3350 2363 3397 evectus
2397 3353 2484 3397 est
2514 3341 2860 3410 apostolatus
2893 3340 3106 3411 apicem
3145 3359 3159 3396 :
3215 3343 3462 3411 profecto
3493 3357 3580 3396 me

1989 3433 2244 3504 ignavum
2272 3447 2393 3487 esse
2439 3441 2494 3486 et
2542 3431 2816 3500 abjectum
2872 3445 2980 3483 non
3029 3429 3206 3493 decet,
3264 3429 3358 3498 qui
3394 3429 3580 3499 lapsus

1988 3543 2112 3585 sum
2166 3528 2235 3580 ah
2292 3525 2631 3589 inﬁrmitate,
2670 3523 2764 3579 sed
2798 3538 2922 3578 eum
2973 3524 3137 3578 ocius
3163 3537 3456 3591 resurgere
3485 3538 3582 3590 per

1989 3619 2372 3692 ptenttentiam
2402 3626 2457 3672 et
2497 3616 2828 3672 recolentem
2888 3615 3106 3670 divitias
3140 3615 3402 3669 bonitatis
3438 3616 3582 3669 divi.

1991 3729 2095 3779 nte,
2153 3721 2328 3766 totum
2362 3726 2450 3766 me
2478 3718 2600 3766 cum
2633 3710 2816 3766 cordis
2843 3709 3176 3764 contritione
3221 3707 3298 3762 illi
3331 3708 3459 3762 date
3488 3709 3583 3774 qui

1990 3807 2218 3863 morbos
2257 3815 2312 3861 et
2343 3805 2700 3861 inﬁrmitates
2729 3811 2950 3859 nostras
2985 3801 3226 3872 portavit
3252 3801 3319 3857 ⁵ο.
3355 3801 3587 3872 PrOpter

1990 3903 2149 3966 istas,
2181 3899 2404 3970 opinor,
2437 3910 2490 3955 et
2523 3897 2844 3954 consimiles
2876 3910 3077 3952 causas
3113 3894 3448 3966 permissum
3483 3893 3588 3950 fuit

1990 3993 2152 4049 Petro
2179 4009 2209 4048 a
2239 3999 2467 4064 peccato
2502 3990 2841 4062 apprehendi
2881 4008 2895 4044 :
2946 4004 3057 4044 non
3086 3987 3232 4058 quod
3268 3987 3587 4058 praedixerit

1993 4086 2254 4157 Magister
2300 4085 2743 4155 ahnegationem,
2797 4081 2864 4134 ad
2895 4089 3078 4134 actum
3143 4079 3582 4134 involuntarium

1991 4191 2090 4247 per
2138 4174 2522 4230 necessitatem
2577 4169 2938 4242 praescientiae
2999 4167 3384 4238 impellebatur
3431 4187 3445 4222 :
3509 4169 3586 4223 ita

1992 4267 2140 4323 enim
2181 4263 2567 4338 praeveniendo
2624 4260 2829 4317 referes
2871 4261 3143 4316 malorum
3195 4261 3446 4314 omnium
3494 4275 3589 4314 ac-

1994 4366 2210 4430 ceptam
2235 4372 2462 4414 causam
2492 4357 2549 4411 in
2572 4354 2780 4410 fontem
2803 4355 3074 4409 honorum
3099 4353 3344 4408 omnium
3371 4350 3543 4407 Deum
3569 4371 3582 4406 :

1996 4449 2248 4522 praedixit
2275 4459 2330 4506 et
2353 4446 2506 4504 Judae
2539 4444 2912 4512 traditionem,
2943 4453 2998 4502 et
3024 4442 3339 4499 ludat-orum
3367 4442 3586 4498 animos

1995 4542 2382 4615 sanguinarios
2420 4547 2435 4596 ξ
2476 4540 2612 4611 quin
2647 4537 2692 4594 si
2722 4553 2833 4593 non
2868 4538 3216 4608 prtedixerat,
3251 4544 3309 4590 at
3337 4535 3588 4606 praevidit

1996 4647 2220 4703 tamen;
2252 4634 2399 4705 quod
2433 4633 2647 4705 primus
2677 4632 2848 4687 homo
2877 4647 2976 4703 pro
3012 4630 3398 4686 observatione
3429 4645 3587 4683 man-

1995 4730 2105 4787 dati
2133 4746 2165 4785 a
2187 4729 2300 4785 Deo
2325 4726 2616 4795 dati,illius
2639 4726 2864 4796 eligeret
2891 4723 3294 4795 negligentiam,
3316 4721 3588 4792 prmscivit

1996 4822 2184 4879 Cainis
2210 4819 2594 4884 fratricidium,
2637 4817 2941 4873 Pharaonis
2974 4813 3415 4876 obdurationem,
3451 4816 3591 4866 Sau—

1998 4917 2068 4972 lis
2098 4914 2612 4986 transgressionem.
2641 4910 2708 4964 Et
2730 4910 2860 4982 quid
2891 4909 3104 4980 singula
3131 4905 3466 4978 persequar?
3491 4920 3588 4975 per

2000 5019 2146 5065 totas
2169 5008 2445 5071 civitates,
2509 5012 2699 5076 gentes
2741 5006 3008 5074 integras,
3065 4999 3330 5071 quidquid
3380 4999 3584 5068 agitur,

1999 5101 2148 5158 cadit
2182 5099 2287 5155 sub
2337 5096 2688 5169 praescientia
2734 5111 2748 5150 ε
2808 5093 3220 5149 Sodomitarum
3268 5099 3322 5144 et
3351 5088 3586 5144 Gomor-

1998 5194 2271 5249 rhteorum
2302 5187 2528 5246 infanda
2560 5187 3142 5261 ﬂagitia,Grtecorum,
3178 5182 3586 5254 Egyptiorum,

1999 5284 2246 5340 onmium
2264 5279 2376 5338 fere
2401 5280 2761 5338 barbararum
2790 5278 3076 5333 nationum
3096 5290 3190 5347 per
3209 5270 3590 5350 multasmcula

2017 5372 2390 5430 idolomanite.
2448 5370 2555 5427 Sed
2605 5371 2749 5427 unde
2779 5369 2895 5427 haec
2927 5361 3463 5438 proﬁciscebantur?
3505 5360 3587 5415 ni-

376 5544 424 5575 “
453 5543 588 5598 Luc.
656 5560 711 5610 ιι,
781 5545 869 5611 l7,
927 5542 1018 5599 20.
1096 5542 1140 5576 ⁵⁸
1178 5543 1222 5597 ll
1276 5542 1403 5598 Cor.
1443 5558 1541 5609 xu,
1599 5541 1652 5596 7.
1690 5540 1734 5570 ιο
1777 5537 1878 5594 lsa.
1923 5554 2039 5603 Lm,
2077 5541 2125 5595 4.

1592 5696 1824 5751 YAltlA‘J
1877 5693 2281 5750 LECTIONES.

383 5836 400 5885 j
435 5836 523 5891 ισ.
556 5835 946 5910 σκληρότητος.
969 5835 1030 5891 C.
1064 5835 1133 5890 M.
1162 5835 1570 5906 ταπεινότητος.

632 5936 909 5998 Parnm“
951 5937 1066 5994 Gn.
1090 5934 1191 5996 Cl.

1654 5833 1676 5872 ιε
1715 5833 1800 5886 ἵσ.
1827 5829 2090 5903 ἐμαυτόν.
2119 5828 2180 5885 C.
2210 5827 2280 5882 Μ.
2321 5827 2533 5881 ἑαυτόν.

3233 5917 3314 5982 20
