4158 6424
565 358 661 421 (ii!

1730 350 1997 412 ΡΗΟΤΙΙ
2038 352 2544 413 PA'l'RIARCII/E
2578 351 2686 411 (ΖΡ.

3749 356 3860 425 612

568 486 791 539 ltill‘llm,
825 469 895 525 ab
921 468 1015 523 illo
1038 464 1374 522 seminatore
1398 462 1696 527 malorum,
1728 471 1783 519 et
1812 464 2114 519 architecto
2140 482 2152 518 :

2272 459 2379 528 οῦν,
2407 462 2533 539 ἐπεὶ
2576 460 2742 532 μηδὲν
2796 460 2933 530 μηδὲ
2982 460 3089 516 τῶν
3141 462 3466 533 τοιούτωνή
3510 462 3861 537 ἀγαθουργὲς

564 581 591 618 a
627 560 992 634 potestatibus
1033 558 1168 623 illis,
1207 557 1303 627 qui
1340 570 1369 608 a
1408 555 1632 609 sedibus
1662 554 1983 609 coelestibus
2010 554 2157 608 exci-

565 658 783 711 derunt.
858 653 1220 724 lgnorabatne
1286 649 1639 705 insolentiam
1689 648 2047 713 damnosam,
2104 656 2160 703 et

570 764 886 819 supremam
953 746 1219 800 malitiam
1278 742 1611 797 hominum?
1670 740 1725 793 Si
1782 740 1922 794 nihil
1962 740 2156 795 talium

566 842 836 913 sapientia
891 840 1161 893 bonorum
1196 836 1470 907 Operatrix
1508 834 1820 903 ignorabat,
1880 848 2007 887 num
2036 832 2159 887 ideo

566 934 851 989 hominum
907 939 1215 1001 Spoutaneo
1279 936 1431 981 motu
1482 926 1879 997 peccantium,
1930 934 1983 979 et
2014 924 2155 979 bona

568 1039 669 1095 pro
722 1022 881 1077 malis
927 1018 1248 1090 cligentium
1301 1025 1519 1071 reatum
1578 1016 1889 1080 abolcntcs,
1943 1016 1995 1068 in
2031 1029 2155 1067 eum

564 1120 661 1188 qui
712 1114 1013 1187 praeseivit,
1048 1128 1134 1179 ea,
1172 1120 1385 1165 tantum
1429 1108 1575 1179 quod
1609 1108 1883 1179 prmscivit
1940 1107 2157 1176 culpam

565 1225 787 1267 omnem
836 1204 1239 1277 conjiciemus?
1286 1204 1385 1259 Ast
1425 1202 1646 1257 ubinam
1700 1201 1828 1256 huic
1876 1201 2162 1257 sentcntiae

568 1296 1065 1368 locus?Siquidem
1111 1295 1327 1349 intuear
1356 1310 1455 1364 ego
1500 1294 1738 1364 aliquem
1790 1292 1844 1346 in
1902 1292 2157 1363 praeeipi-

567 1396 702 1448 tium
755 1400 938 1462 aperte
970 1387 1237 1453 delatum,
1270 1396 1328 1441 et
1376 1402 1441 1441 ex
1483 1401 1546 1441 eo
1578 1394 1856 1440 mortuum
1910 1386 2159 1450 intuear;

567 1488 613 1542 si
680 1485 847 1539 alium
890 1481 1183 1553 evaginato
1233 1479 1416 1550 gladio
1450 1479 1504 1533 in
1554 1478 1868 1549 proximum
1920 1478 2159 1548 aliquem

568 1580 840 1634 furentem
895 1576 1145 1639 videam,
1223 1572 1467 1626 occisum
1522 1570 1735 1634 videbo,
1788 1569 1882 1624 sed
1942 1586 2051 1623 non
2105 1579 2164 1624 ut

568 1680 720 1725 actor
752 1682 945 1738 ptenas
974 1665 1136 1719 dabo.
1173 1662 1329 1729 Quod
1383 1663 1427 1716 si
1482 1661 1582 1715 hoc
1624 1660 1917 1714 ridiculum
1956 1659 2046 1724 sit,
2108 1667 2164 1714 et

566 1761 816 1817 amentiae
874 1759 1118 1829 plenum,
1164 1754 1442 1824 quomodo
1487 1768 1595 1807 non
1640 1753 1815 1807 audax
1850 1750 2000 1806 furor
2029 1766 2160 1806 cen-

2261 555 2446 624 ὴγνόει
2470 538 2659 623 σοφία,
2696 550 2805 624 ἆρα
2832 553 2920 606 διὰ
2960 554 3140 621 τοῦτο,
3176 556 3285 610 τῶν
3314 555 3625 627 ὲθελοκάκῳ
3654 558 3862 631 γνώμῃ

2259 646 2327 698 τὰ
2358 646 2527 717 χείρω
2558 645 2667 698 τῶν
2698 648 3026 717 κρειττόνων
3056 646 3448 718 ἀλλαξαμένων
3479 649 3781 718 ἀφελόντες
3801 654 3864 705 τὸ

2262 736 2586 803 ὑπεύθυνον,
2623 737 2718 790 τοῦ
2756 739 3180 809 προεγνωκότος
3204 739 3719 811 καταγνωσόμεθα;
3747 744 3861 797 Καὶ

2262 830 2366 883 ποῦ
2396 830 2556 883 τοῦτο
2588 829 2775 901 χώραν
2812 830 2962 901 ἔχει;
2995 833 3055 884 El
3090 832 3199 903 γὰρ
3230 833 3342 901 ἐγώ
3382 852 3503 886 τινα
3551 837 3863 907 φερόμενον

2262 922 2357 974 ἐπὶ
2388 922 2635 993 κρημνὸν
2673 922 2815 985 ἰδὼν,
2863 922 3059 977 ἔπειτα
3091 924 3183 977 τὸν
3214 925 3435 997 ὄλεθρον
3470 926 3758 999 διαγνοίην
3780 946 3793 958 ·
3824 928 3860 1000 ἢ

2264 1010 2418 1081 ξίφος
2444 1012 2797 1082 σπασάμενον
2838 1014 2980 1067 κατὰ
3025 1014 3118 1068 τοῦ
3163 1015 3420 1087 πλησίου,
3456 1019 3557 1071 οὑκ
3599 1019 3865 1091 ἀγνοὴσω

2262 1103 2354 1157 τὸν
2400 1103 2596 1173 φόνον’
2634 1100 2722 1175 ἆρ’
2747 1106 2867 1159 ἀντὶ
2910 1105 3007 1159 τοῦ
3047 1107 3371 1179 δεδρακότος
3416 1110 3530 1178 ἐγὼ
3558 1111 3658 1183 τὴν
3700 1112 3863 1182 δίκην

2264 1196 2488 1266 ὑπέχειν
2518 1196 2729 1261 δίκαιος
2786 1198 2899 1269 είμί
2926 1216 2941 1266 ;
2972 1200 3035 1251 EE
3065 1199 3122 1251 δὲ
3147 1200 3321 1268 γέλως
3359 1201 3520 1255 τοῦτο
3549 1204 3645 1256 καὶ
3676 1203 3863 1275 παρά-

2264 1304 2403 1353 νοια,
2439 1288 2557 1352 πῶς
2589 1290 2650 1343 οὑ
2686 1290 2855 1360 μανία
2878 1291 2973 1345 καὶ
3000 1291 3176 1362 τόλμα
3207 1293 3330 1346 ἀντὶ
3364 1294 3457 1347 τοῦ
3495 1294 3648 1359 δίκας
3684 1297 3860 1351 ἁπαι-

2262 1382 2401 1445 τεῖν,
2438 1380 2564 1443 τοὺς
2590 1382 2798 1445 αἰτίους
2830 1382 2940 1436 τῶν
2973 1383 3193 1451 φαύλων
3220 1384 3494 1455 πράξεων,
3524 1386 3623 1457 τὴν
3645 1387 3860 1458 δυσφη-

2267 1472 2398 1541 μίαν
2433 1472 2718 1541 μεθέλκειν
2746 1474 2888 1527 κατά
2931 1475 3033 1543 τῆς
3072 1474 3223 1539 θείας
3270 1476 3636 1548 προγνώσεως
3664 1496 3681 1544 ;
3709 1478 3772 1531 Εἰ
3818 1476 3861 1530 δ’

2261 1564 2295 1633 ἡ
2322 1562 2633 1632 πρόγνωσις
2667 1564 2779 1616 τῶν
2807 1565 3074 1619 ὑπαιτίων
3106 1566 3424 1632 ἀνεύθυνος,
3457 1565 3567 1639 ἆρα
3602 1570 3860 1642 πρόρρη-

2268 1674 2351 1721 σις
2380 1655 2398 1695 Ῑ
2425 1656 2645 1727 ἕνοχος;
2686 1657 2761 1709 Οὐ
2790 1658 2900 1729 γὰρ
2932 1658 3069 1711 διότι
3102 1659 3484 1729 προέγνωσται
3516 1660 3548 1730 ἦ
3590 1661 3860 1732 προείρη-

2265 1766 2376 1814 ται,
2408 1748 2499 1801 διὰ
2531 1749 2691 1801 τοῦτο
2736 1749 3187 1821 διαπέπρακται,
3225 1751 3341 1804 ἀλλ’
3374 1753 3499 1805 ἐπεὶ
3545 1734 3862 1824 αὐθαιρέτῳ

568 1852 803 1911 sebitur,
851 1864 972 1905 cum
1018 1846 1229 1917 culpari
1268 1845 1528 1907 debeant,
1583 1842 1676 1913 qui
1722 1842 1773 1895 id
1837 1850 2158 1912 patrarunt,

2272 1840 2451 1912 κρίσει
2486 1840 2717 1913 πράξειν
2757 1842 2982 1912 ἔμελλον
3014 1842 3050 1895 ἃ
3091 1842 3167 1914 μὴ
3196 1843 3453 1912 ὦςειλον,
3486 1844 3547 1897 τὸ
3582 1845 3863 1916 ἀλάθητον

567 1944 699 1997 ntali
756 1938 988 2007 alicujus
1054 1952 1223 1992 causa
1290 1934 1356 1989 ad
1416 1933 1657 1988 divinam
1712 1932 1987 1987 attrahere
2026 1948 2161 2001 pra:-

568 2032 900 2089 seientiam?
943 2031 1027 2086 sin
1060 2026 1401 2100 prmscientia
1438 2034 1593 2080 vacet
1638 2024 1816 2093 culpa,
1860 2040 1927 2077 an
1963 2024 2161 2094 praedi-

567 2127 677 2181 ctio
711 2134 862 2179 reatu
899 2120 1072 2178 teneri
1110 2118 1357 2191 poterit?
1388 2116 1505 2172 Non
1536 2117 1658 2172 ideo
1686 2116 1746 2171 fit
1768 2116 1972 2186 aliquid
2011 2117 2158 2185 quod

568 2215 853 2283 prtescitur
883 2221 939 2268 et
965 2210 1320 2283 paazvidetur,
1361 2212 1457 2264 sed
1493 2207 1623 2279 quia
1664 2215 1967 2277 spontaneo
2000 2217 2153 2260 motu

577 2307 775 2362 facturi
810 2306 1047 2373 fuerant,
1080 2318 1203 2374 quae
1234 2302 1409 2357 facere
1439 2315 1547 2355 non
1578 2298 1839 2354 deberent
1867 2298 2157 2365 homines;

2267 1936 2360 1986 καὶ
2394 1933 2813 1987 πανεπίσκοπον
2830 1934 2986 2005 όμμα
3006 1935 3101 1988 τοῦ
3132 1935 3271 1989 Θεοῦ
3298 1946 3336 1972 ω
3354 1936 3539 1989 λαϐεῖν
3559 1938 3660 1989 οὑκ
3701 1936 3862 2007 ἔσχον

2266 2026 2328 2078 τὸ
2355 2025 2636 2080 δυνάσθαι.
2658 2027 2758 2080 Διά
2786 2027 2944 2081 τοῦτο
2966 2028 3257 2099 τοιγαροῦν
3278 2029 3372 2082 καὶ
3394 2030 3422 2081 ό
3446 2030 3725 2100 μακάριος
3764 2029 3863 2081 Πέ-

2267 2135 2415 2189 τρος,
2449 2119 2549 2190 οὑχ
2581 2121 2665 2173 ὅτι
2702 2122 2966 2192 προεῖπεν
2989 2123 3017 2174 ό
3056 2123 3361 2192 Δεσπότης,
3404 2124 3715 2192 ἠρνήσατο.
3750 2120 3863 2175 ἀλλ’

2266 2209 2350 2263 ὅτι
2375 2212 2844 2281 προσολισθαίνειν
2864 2217 2930 2285 τῇ
2961 2216 3194 2286 ἀρνήσει
3219 2214 3437 2285 ἔμελλε,
3468 2215 3560 2267 καὶ
3586 2212 3863 2285 προγινώ-

2268 2318 2456 2356 σκεται
2485 2304 2563 2374 τῷ
2591 2304 2953 2377 Διδασκάλῳιι
2987 2307 3083 2360 καὶ
3114 2306 3684 2381 προανακηρύττεται.

564 2415 630 2453 ea
678 2398 902 2452 minime
961 2395 1132 2450 latere
1173 2401 1413 2464 possunt
1465 2392 1649 2446 omnia
1685 2398 2060 2460 permeantem
2089 2399 2142 2445 ct
2180 2402 2511 2465 retegentcm
2558 2398 2651 2454 Dei
2702 2400 2946 2455 oculum.
2991 2399 3262 2466 Quocirca
3309 2409 3364 2457 et
3420 2400 3613 2456 beatus
3643 2399 3863 2463 Petrus,

564 2491 835 2561 nonquia
901 2487 1152 2558 praedixit
1205 2485 1492 2547 Dominus,
1552 2483 1846 2553 abnegavit
1907 2499 2059 2549 eum,
2128 2485 2222 2539 sed
2270 2490 2529 2556 quoniam
2606 2491 2916 2549 exorbitare
2980 2509 3077 2565 per
3138 2493 3557 2565 abnegationcm
3608 2493 3863 2559 volebat,

566 2585 688 2640 ideo
720 2582 975 2651 Magister
1015 2582 1134 2651 ejus
1165 2579 1219 2634 id
1244 2580 1517 2650 praescivit
1541 2589 1595 2634 ct
1636 2577 1890 2647 praedixit
1938 2577 2140 2647 palam.

567 2695 897 2767 ρυΑΞὸΤΙΟ
966 2694 1197 2752 XCVIII.
1228 2695 1421 2767 {CoisL
1467 2694 1695 2751 CCLXI.
1730 2693 1895 2747 Taur.
1928 2695 2154 2767 CCLll.J

685 2813 831 2866 Edita
872 2826 898 2861 a
944 2813 1261 2873 Montacutio,
1303 2826 1384 2876 ep.
1432 2812 1540 2874 180,
1584 2813 1648 2862 ad
1687 2814 1946 2872 Constant,

2814 2705 3149 2761 ΕΡΩΤΗΣΙΣ
3179 2709 3301 2775 una

1995 2811 2320 2883 p._268-269.
2365 2815 2442 2883 D_e_
2474 2814 2712 2879 antilogia
2750 2817 2884 2866 inter
2924 2818 3075 2869 verba
3125 2818 3306 2871 Christi
3356 2821 3526 2871 Joaun.
3573 2837 3621 2883 ι’,
3677 2825 3739 2871 5t

1966 2884 2019 2925 et
2050 2876 2223 2925 Juaun.
2260 2888 2363 2938 V'lll,
2390 2876 2469 2925 14.

643 2991 969 3063 Expeditam
1040 2985 1359 3058 quaestionis
1425 2994 1533 3042 tua:
1597 2984 1927 3040 solutionem
1999 2985 2161 3040 dabo.

580 3108 597 3139 ι
640 3086 698 3140 Si
728 3101 831 3155 ego
862 3080 1237 3139 testimonium
1269 3078 1405 3133 mihi
1437 3078 1504 3133 de
1562 3092 1650 3132 me
1690 3077 1972 3147 perhibeo,
2011 3079 2168 3133 testi-

2348 2984 2623 3059 Σύντομόν
2652 3006 2734 3041 σοι
2758 2990 2855 3059 τῆς
2886 2989 3123 3060 ἀπορίας
3153 2988 3251 3061 τὴν
3282 2987 3435 3043 λύσιν
3467 2989 3611 3062 ἐρᾶν
3640 2990 3701 3043 τὸ
3744 2992 3861 3062 μὲν,

2282 3096 2300 3129 ι
2343 3077 2472 3134 Ἐἀν
2504 3076 2617 3147 ἐγὼ
2646 3078 2909 3151 μαρτυρῶ
2940 3080 3070 3151 περὶ
3103 3079 3369 3151 ἐμαυτοῦ,
3395 3082 3428 3151 ἡ
3462 3081 3744 3152 μαρτυρία
3766 3101 3863 3153 μου

573 3178 821 3234 monium
859 3189 1043 3231 meum
1083 3187 1270 3228 verum
1308 3186 1417 3224 non
1449 3169 1636 3224 est“:
1682 3187 1699 3221 ι
1732 3169 1849 3239 lege
1884 3183 1978 3238 per
2005 3169 2166 3227 inter.

2274 3169 2372 3224 οὑκ
2418 3171 2566 3225 ἐστιν
2598 3171 2804 3243 ἀληθής
2827 3190 2839 3202 ·
2882 3191 2900 3223 ι
2937 3172 3256 3241 ἀνάγνωσον
3313 3174 3435 3227 κατ’
3468 3173 3766 3245 ἐρώτησιν,
3800 3176 3863 3230 δι’

574 3272 912 3343 rogationem
947 3286 962 3324 :
1017 3282 1115 3338 per
1148 3264 1294 3321 istud
1327 3262 1586 3319 Servator
1620 3260 1939 3318 Judaaorum
1974 3262 2162 3332 suspi-

2272 3256 2358 3335 ἦς,
2394 3262 2502 3335 πρὸ
2525 3264 2799 3330 ἁπάντων,
2825 3265 2851 3318 ό
2884 3263 3074 3336 Σωτὴρ
3097 3265 3194 3337 τὴν
3221 3265 3331 3320 τῶν
3362 3266 3634 3320 Ἰουδαίων
3663 3268 3864 3339 ὑπόληι-

575 3363 790 3422 cionem
824 3362 1107 3432 redarguit
1135 3369 1187 3415 et
1217 3357 1444 3414 refellit.
1484 3354 1578 3410 Est
1605 3365 1789 3411 autem
1823 3374 1837 3412 :
1879 3375 1898 3409 ‹
1934 3356 2167 3411 Etiamsi

574 3460 643 3514 de
679 3459 889 3529 meipso
948 3452 1329 3510 testimonium
1380 3451 1517 3519 fero,
1572 3449 1951 3507 testimonium
1984 3464 2167 3503 meum

574 3562 765 3604 verum
793 3547 964 3602 est”.
1002 3563 1023 3596 ι
1072 3542 1266 3612 Cogita
1318 3541 1612 3596 Dominum
1658 3540 1763 3595 hoc
1799 3538 1855 3591 in
1884 3538 2006 3592 loco
2044 3553 2172 3607 pro-

576 3641 754 3712 pria‘m
790 3652 946 3693 suam
993 3636 1228 3690 sententi
1270 3650 1322 3687 m
1358 3648 1564 3703 ponere
1589 3646 1653 3686 ac
1684 3631 2045 3703 pronuntiare
2075 3649 2087 3685 :
2120 3639 2173 3684 et

578 3741 876 3805 przctextus
905 3730 995 3784 ille
1020 3728 1375 3784 dubitationis
1414 3742 1700 3783 accessum
1734 3741 1846 3780 non
1877 3726 2115 3780 admittit
2156 3742 2168 3777 :

580 3836 674 3880 aut
708 3824 755 3878 si
812 3833 865 3877 tu
899 3821 1076 3876 mavis
1118 3819 1431 3889 (dilliculter
1465 3818 1612 3873 enim
1666 3816 1908 3887 suppetit
1940 3816 2173 3871 facultas

581 3918 647 3972 ad
708 3915 953 3971 omnium
1022 3911 1426 3969 dubitatiouum
1502 3909 1831 3980 solutiones)
1881 3908 2174 3978 dupliciter

580 4004 917 4061 constitutus
962 4010 1081 4057 erat
1112 4001 1379 4055 Dominus
1416 4007 1608 4054 noster
1634 3996 1795 4053 Jesus
1828 3996 2108 4063 Christus,
2144 4012 2175 4052 e

582 4098 790 4154 Deitate
818 4096 1079 4150 nimirum
1133 4101 1187 4148 et
1224 4092 1588 4148 humanitate.
1619 4090 1757 4145 Illud
1784 4090 1993 4146 dictum
2022 4108 2037 4145 :
2069 4109 2088 4143 ι
2116 4088 2175 4145 Si

580 4183 957 4241 testimonium
988 4197 1089 4254 ego
1146 4180 1429 4252 perhibeo,
1468 4200 1485 4234 ι
1528 4189 1659 4246 etc.,
1694 4181 2000 4237 secundum
2028 4180 2175 4252 leges

579 4279 835 4332 humana:
876 4285 1086 4329 naturae
1129 4274 1568 4345 intelligendum,
1603 4272 1885 4345 quomodo
1915 4283 1970 4329 et
2002 4275 2175 4329 multa

580 4372 810 4441 insuper
865 4370 972 4424 alia
1041 4369 1429 4438 suscipiemus.
1497 4366 1669 4423 Nemo
1707 4368 1854 4423 enim
1889 4367 2174 4423 hominum

581 4464 648 4519 de
680 4462 861 4532 seipso
890 4461 1071 4518 ferens
1091 4461 1465 4517 testimonium
1494 4461 1654 4517 testis
1688 4461 1790 4517 fide
1827 4460 2026 4530 dignus
2053 4469 2173 4517 est:

2272 3356 2364 3425 ψιν
2394 3356 2607 3425 ἐλέγχει
2634 3356 2729 3410 καὶ
2757 3356 3111 3428 διακρούεται
3137 3373 3149 3387 ⁸
3184 3360 3244 3411 τὸ
3274 3357 3351 3422 δὲ,
3385 3376 3403 3409 ι
3436 3358 3556 3411 Κᾶν
3574 3357 3683 3427 ἐγὼ
3723 3376 3864 3430 μαρ-

2273 3446 2425 3517 τυρώ
2456 3446 2585 3517 περὶ
2631 3446 2895 3517 ἐμαυτοῦ,
2926 3450 2957 3516 ἡ
2989 3447 3264 3520 μαρτυρία
3291 3466 3393 3519 μου
3432 3448 3643 3519 ἀληθής
3669 3451 3819 3503 ἐστι·
3841 3468 3859 3501 ο

2274 3538 2375 3610 τὴν
2410 3538 2544 3592 ἰδίαν
2570 3539 2787 3593 τιθέντα
2826 3538 3011 3610 ψῆφον
3072 3540 3169 3592 καὶ
3202 3541 3643 3611 ἀποφαινόμενον
3693 3544 3867 3595 εἰπεῖν

2276 3631 2367 3685 τὸν
2395 3633 2672 3703 Δεσπότην
2716 3632 2927 3702 νόμιζε,
2957 3632 3054 3685 καὶ
3098 3633 3454 3705 παρείσδυσιν
3487 3635 3587 3705 οὑχ
3630 3634 3742 3702 ἕξει
3772 3636 3867 3700 τῆς

2277 3726 2512 3797 ἀπορίας
2543 3727 2575 3796 ἡ
2616 3726 2910 3798 πρόφασις.
2952 3726 3023 3779 Ἢ
3055 3727 3104 3779 εί
3150 3726 3329 3798 βούλει
3359 3728 3481 3797 (οὑκ
3530 3729 3738 3801 ἄπορον
3762 3730 3866 3799 γὰρ

2276 3821 2357 3882 είς
2390 3818 2669 3881 ἐπιλύσεις
2693 3821 2792 3889 τῆς
2814 3820 3077 3889 ἀληθείας
3108 3822 3142 3892 ἡ
3174 3820 3452 3891 δύναμις),
3479 3822 3799 3887 ὲπιδιπλοῦς
3818 3824 3866 3858 π’

2274 3908 2343 3984 ἦν
2387 3914 2415 3966 ὁ
2448 3913 2654 3983 Κύριος
2690 3914 2849 3986 ἡμῶν
2887 3916 3098 3986 Ἰησοῦς
3124 3918 3152 3970 ό
3184 3915 3420 3987 Χριστὸς
3448 3953 3462 3979 ,
3502 3916 3565 3969 ἐκ
3613 3914 3866 3986 θεότητος

2277 4009 2373 4062 καὶ
2425 4006 2868 4079 ἀνθρωπότητος.
2913 4009 2988 4062 Τὸ
3035 4008 3133 4078 μὲν
3159 4049 3175 4075 ,
3214 4027 3233 4060 ι
3274 4007 3403 4063 Ἐὰν
3442 4006 3555 4075 ἐγὼ
3598 4005 3865 4079 μαρτυρῶ

2279 4101 2409 4173 περὶ
2438 4100 2705 4172 ἐμαυτοῦ,
2750 4102 2785 4170 ὴ
2819 4101 3095 4172 μαρτυρία
3125 4118 3226 4172 μου
3256 4100 3359 4154 οὑκ
3388 4099 3537 4154 ἐστιν
3568 4099 3775 4171 ἀληθής
3802 4115 3815 4127 ·
3843 4117 3861 4150 ι

2277 4193 2428 4265 νόμῳ
2455 4191 2672 4261 φύσεως
2690 4194 2789 4262 τῆς
2811 4192 3165 4265 ἀνθρωπίνης
3184 4236 3197 4259 ,
3224 4193 3413 4264 ὥσπερ
3437 4193 3533 4247 καὶ
3559 4192 3732 4246 πολλὰ
3754 4193 3866 4246 ’ἑτε-

2280 4302 2370 4358 ρα,
2406 4292 2431 4320 ο
2461 4284 2856 4356 διαληψόμεθα.
2888 4285 3077 4349 Οὐδεὶς
3127 4286 3236 4356 γὰρ
3284 4284 3590 4356 ἀνθρώπων
3632 4287 3710 4348 είς
3770 4283 3865 4356 τὴν

2279 4377 2441 4442 αὑτὸς
2499 4378 2664 4430 αὑτοῦ
2705 4376 3016 4449 μαρτυρίαν
3067 4378 3417 4442 ἀξιόπιστος·
3452 4380 3513 4431 τὸ
3551 4378 3628 4443 δέ,
3670 4398 3689 4431 ‹
3745 4377 3865 4430 Ἐὰν

2281 4470 2394 4538 ἐγὼ
2440 4469 2703 4541 μαρτυρῶ
2737 4471 2866 4539 περὶ
2911 4470 3176 4541 ἐμαυτοῦ,
3211 4472 3244 4540 ἡ
3279 4471 3556 4543 μαρτυρία
3592 4488 3695 4540 μου
3729 4470 3862 4540 ἀλη-

582 4564 639 4610 at
672 4575 689 4608 ι
728 4558 772 4610 si
804 4570 905 4626 ego
936 4554 1316 4611 testimonium
1352 4555 1420 4610 de
1444 4570 1528 4609 me
1550 4554 1834 4625 perhibeo,
1864 4572 1883 4606 ι
1923 4562 2054 4620 etc.,
2086 4569 2166 4609 se-

2281 4558 2382 4630 θής
2432 4559 2600 4624 ἐστιν,
2650 4558 2926 4631 ἀξιώματι
2995 4562 3090 4615 καὶ
3140 4562 3361 4634 ἐξουσίᾳ
3418 4563 3516 4633 τῆς
3567 4562 3860 4634 θεότητοςο

582 4649 826 4704 cundum
860 4647 1185 4719 dignitatem
1227 4656 1282 4704 et
1326 4647 1627 4718 potentiam
1680 4646 1918 4702 deitatis.
1978 4644 2175 4700 Nullus

582 4738 730 4793 enim
763 4738 971 4809 indiget
1002 4753 1261 4808 suprema
1288 4738 1535 4793 omnium
1580 4736 1787 4792 Natura
1819 4746 1874 4792 ct
1912 4737 2176 4793 Dominus

581 4831 667 4886 vel
703 4832 1005 4887 testimonii
1046 4830 1134 4885 vel
1176 4830 1613 4886 confirmationis
1672 4830 1936 4896 aliunde;
1990 4838 2178 4900 utpote

582 4940 706 4993 qua:
765 4924 835 4979 ab
890 4923 1038 4979 intus
1089 4932 1144 4979 et
1186 4939 1217 4980 e
1250 4923 1414 4979 domo
1455 4923 1611 4978 fidem
1660 4922 1763 4978 sibi
1811 4921 2176 4977 adhibendam

585 5022 846 5084 procurat
877 5032 891 5080 ;
948 5014 1042 5070 sed
1091 5016 1327 5071 ulterius
1354 5015 1478 5070 aliis
1512 5014 1772 5070 omnibus
1808 5014 2009 5085 quibus
2043 5013 2178 5070 ﬁdes

590 5106 909 5176 adhibetur,
933 5116 1200 5180 tanquam
1231 5108 1357 5164 fons
1386 5107 1715 5164 exsistendm
1740 5116 1794 5162 et
1816 5106 2179 5163 subsistendae

591 5200 718 5256 ﬁdei
745 5210 831 5256 est
863 5216 928 5256 ac
986 5203 1163 5272 origo.
1211 5200 1281 5255 Et
1324 5201 1443 5258 haec
1498 5201 1750 5257 sulticere
1785 5209 2045 5271 tanquam
2082 5214 2179 5271 per

593 5292 873 5363 epitomen
921 5294 1169 5350 sublecta
1213 5294 1561 5350 crediderim.
1611 5294 1751 5349 Sunt
1784 5303 2045 5365 praeterea
2071 5309 2178 5349 non

594 5400 783 5455 paucae
845 5387 1153 5444 solutiones
1214 5387 1639 5453 antedictorum,
1677 5402 1799 5457 quae
1836 5386 2011 5458 magis
2036 5385 2178 5441 dila-

663 5502 707 5534 ⁶¹
737 5499 894 5559 Joan.
936 5521 987 5571 v,
1020 5505 1109 5561 51.
1186 5506 1231 5537 ⁶¹
1260 5504 1421 5562 .Ioan.
1449 5522 1548 5562 vm
1606 5505 1692 5562 λιιι.

2281 4651 2592 4722 ἀπροσδεὴς
2620 4651 2729 4723 γὰρ
2760 4654 2793 4723 ἡ
2828 4653 3017 4706 πασῶν
3050 4654 3313 4709 ἀνωτάτω
3371 4653 3554 4723 φύσις,
3597 4655 3693 4708 καὶ
3727 4654 3863 4708 πάν-

2279 4759 2389 4797 των
2421 4742 2725 4813 Δεσπότης,
2756 4746 2856 4815 τῆς
2886 4744 3158 4815 ἑτέρωθεν
3184 4745 3496 4817 μαρτυρίας
3518 4745 3611 4798 καὶ
3638 4744 3867 4816 βεϐαιώ-

2283 4850 2445 4901 σεως,
2468 4834 2569 4887 οὑκ
2589 4834 2800 4888 οἴκοθεν
2822 4835 2984 4907 μόνον
3000 4836 3416 4908 προϐαλλομένη
3440 4838 3501 4891 τὸ
3518 4837 3865 4900 αὑτόπιστον,

2284 4927 2421 4982 ἀλλὰ
2442 4928 2552 4998 γὰρ
2582 4927 2678 4981 καὶ
2702 4930 2817 4992 τοῖς
2840 4929 3025 4993 ἄλλοις
3050 4929 3279 4996 ἅπασιν,
3306 4925 3389 4995 οἷς
3434 4930 3494 4983 τὸ
3542 4930 3735 4984 πιστὸν
3767 4947 3866 4982 πε-

2287 5019 2578 5092 ριγίνεται,
2616 5018 2806 5090 ὥσπερ
2859 5018 3012 5091 πηγὴ
3044 5019 3353 5086 οὑσιώσεως
3400 5023 3495 5075 καὶ
3541 5021 3865 5092 ὑπάρξεως,

2285 5108 2427 5163 οὑτω
2451 5109 2509 5163 δὲ
2555 5110 2651 5164 καὶ
2702 5109 3047 5174 ἀξιοπιστίας
3097 5110 3441 5182 ὑπάρχουσα.
3490 5110 3650 5165 Ἀλλά
3696 5112 3869 5165 ταῦτα

2288 5202 2414 5273 μὲν,
2441 5203 2517 5267 ὡς
2563 5201 2685 5256 κατ’
2716 5202 2985 5275 ἐπιτομὴν
3022 5202 3225 5267 ἱκανῶς
3261 5204 3407 5275 ἔχειν
3447 5199 3622 5275 οἶμαι.
3662 5203 3781 5257 Εἰσὶ
3813 5201 3868 5255 δὲ

2289 5295 2384 5348 καὶ
2413 5294 2523 5349 τῶν
2553 5294 2863 5367 εἰρημένων
2890 5296 2972 5359 είς
2998 5295 3200 5359 πλάτος
3231 5297 3434 5366 μᾶλλον
3455 5296 3867 5366 ἀποτεινόμεναι

2288 5386 2380 5440 τοῦ
2413 5386 2787 5459 προκειμένου
2816 5386 3001 5453 λύσεις
3018 5389 3118 5442 οὐκ
3152 5388 3360 5457 ὀλίγαι·
3394 5382 3481 5453 αἷς
3506 5390 3588 5443 ὅτι
3612 5392 3732 5453 ταῖς
3768 5404 3868 5441 πα-

1920 5595 2160 5653 γΑιιιΑε
2200 5594 2608 5654 LECTIUNES.

674 5761 694 5797 ι
725 5757 786 5813 C.
812 5758 883 5812 Μ.
929 5760 1038 5812 οὐδ’

594 5830 649 5865 ⁸⁸·
674 5827 735 5889 C.
772 5828 844 5884 M.
872 5828 909 5883 ἰ.
938 5831 1044 5887 155
1076 5827 1112 5888 a
1134 5827 1260 5887 ἐπεῖ
1277 5827 1523 5898 διπλοῦς.
1602 5846 1621 5868 ο
1648 5827 1943 5912 εἰρῆσθαι..

1078 5763 1113 5832 ἡ
1137 5761 1467 5842 πρόῤῥησιςε
1489 5764 1609 5821 sine
1638 5764 1797 5842 signo
1827 5766 2291 5842 interrogationis.

2416 5779 2453 5802 ω
2488 5770 2575 5825 τσ.
2607 5766 2813 5823 λαθεῖν.
2931 5778 2953 5804 ν
2985 5768 3048 5824 C.
3090 5766 3158 5823 Μ.
3192 5765 3280 5822 hic
3338 5764 3462 5823 add.
3516 5763 3863 5837 προλέγεται,
