4158 6448
324 460 434 525 613

1170 452 1268 512 AD
1309 447 1906 511 AMPIIILOCHIUM
1936 442 2283 518 QUAESTIO
2323 440 2591 514 XCVIII,
2634 439 2839 500 XCIX.

3504 434 3609 497 CH

322 570 543 642 τρικαῖς
578 560 925 635 ἐνομιλυῦντι
960 559 1164 631 βίϐλοις
1205 559 1335 630 ῥᾷόν
1359 560 1510 611 ἐστιν
1532 556 1797 627 ἐντυχεῖν,
1823 554 1916 608 καὶ
1945 559 1964 617 1

2052 561 2228 617 antur,
2262 550 2317 605 in
2357 565 2498 620 quas
2527 547 2686 604 facile
2739 558 2818 613 tu,
2851 547 2943 617 qui
2979 545 3202 603 Patrum
3253 546 3475 601 lectioni
3510 562 3613 603 as-

324 659 585 732 οὑδεμίαν
613 657 865 725 ἀνάγκην
896 652 1007 724 ὁρῶ
1021 655 1134 714 τοῖς
1160 653 1367 723 ἐτέρων
1387 650 1669 722 φροντίσιν
1691 647 1917 721 ἐμαυτῷ

330 746 764 819 συναπαρτξςειν
799 744 861 797 τὸ
910 743 1142 813 ῥᾷστον·
1173 738 1315 792 ἑκὼν
1356 737 1452 793 νῦν
1501 736 1726 807 ἀφίημι.
1767 734 1921 788 Εἰδέ-

329 862 419 898 ναι
443 841 629 913 μέντοι
653 837 878 910 χρὴ,ὅτι
903 834 997 889 καὶ
1015 833 1268 896 τὸ,‹Ἐάν
1294 829 1405 901 ἐγὼ
1424 829 1631 896 δοξάζω
1654 829 1918 900 ἐμαυτὸν,

329 939 363 1007 ἡ
402 935 529 1001 δόξα
562 951 663 1005 μου
725 930 877 984 οὐδέν
925 928 1175 998 ἐστιν-ἢ
1214 926 1306 981 διὰ
1345 928 1446 996 τῆς
1484 924 1605 979 κατ’
1651 922 1922 995 ἐρώτησιν

332 1026 722 1096 ἀναγνώσεως,
760 1022 793 1093 ἢ
825 1020 973 1075 κατὰ
1022 1022 1148 1083 τοὺς
1190 1020 1576 1090 προσήκοντας
1629 1016 1827 1087 νόμους
1853 1018 1919 1087 τῇ

332 1122 653 1195 ἀνθρωπίνῃ
686 1118 871 1189 φύσει,
910 1118 972 1171 τὸ
1001 1117 1163 1188 ῥητὸν
1197 1114 1449 1187 εἰρῆσθαι
1470 1111 1922 1178 ἐξακούοντεςείς

331 1216 591 1287 οὐδεμίαν
625 1213 691 1268 ἂν
726 1212 1028 1280 συζήτησιν
1058 1205 1571 1277 περιενεχθείημεν.

886 1504 1223 1558 armum
1250 1502 1366 1571 ιβ’.

2027 640 2218 705 suetis,
2273 639 2512 694 incidere
2542 638 2718 708 possis
2745 654 2759 704 ;
2797 653 2897 693 nec
2923 638 3088 693 ullam
3122 639 3393 709 perspicio
3424 654 3617 694 neces-

2026 733 2262 796 sitatem,
2332 747 2429 786 cur
2490 746 2591 803 ego
2646 732 2715 786 ab
2792 732 3024 787 aliorum
3083 733 3319 788 inventis
3371 742 3617 788 astruam

2029 825 2279 881 mihimet
2328 824 2684 891 facilitatem;
2739 824 2913 880 libens
2946 840 3075 895 ergo
3123 827 3393 880 omittam.
3428 825 3621 879 Scien-

2032 917 2160 973 dum
2193 932 2359 987 porro
2390 928 2570 971 tamen
2594 928 2699 982 est,
2732 920 2879 988 quod
2911 917 3131 971 effatum
3168 918 3320 974 illud.
3362 939 3377 969 ι
3417 919 3473 972 Si
3505 919 3623 989 glo‘

2033 1007 2188 1063 rilico
2220 1008 2513 1077 meipsum,
2548 1009 2719 1079 gloria
2754 1024 2874 1063 mea
2930 1008 3069 1063 nihil
3103 1016 3187 1064 est
3206 1009 3252 1040 "
3285 1026 3297 1062 :
3335 1028 3353 1060 ι
3411 1009 3494 1065 vel
3527 1024 3624 1080 per

2031 1100 2512 1171 interrogationem
2589 1102 2903 1171 legendum,
2963 1110 3058 1157 aut
3121 1102 3421 1157 secundum
3477 1104 3624 1173 leges

2030 1208 2155 1263 quae
2209 1202 2524 1264 congruunt
2576 1194 2834 1249 humana:
2904 1205 3115 1251 naturae
3180 1196 3621 1265 intelligendum.

2036 1285 2213 1355 Atque
2244 1284 2317 1340 ita
2346 1301 2455 1341 non
2509 1286 2637 1355 erit,
2681 1302 2781 1342 cur
2809 1286 2878 1342 ab
2910 1288 3036 1344 ullis
3076 1289 3481 1359 quaestionibus
3512 1290 3627 1344 cir-

2036 1392 2414 1448 cumagamur.

2047 1494 2377 1561 QUIESTIO
2413 1496 2598 1553 XCIX.
2632 1496 2823 1569 [CoisL
2876 1498 3126 1553 CCLXII.
3179 1499 3339 1555 Taur.
3380 1498 3625 1570 CCLIII._|

336 1623 482 1675 Edita
506 1637 531 1673 a
557 1618 879 1678 Montacutio,
929 1632 1010 1681 cp.
1066 1617 1174 1678 181,
1212 1617 1278 1666 ad
1304 1614 1551 1676 Eulamp.,
1587 1626 1635 1674 p.
1658 1608 1964 1721 aggidk

2052 1614 2275 1734 [ἱειιὲἕὲῗὲ
2307 1611 2460 1660 verba
2500 1609 2732 1674 discipuli
2764 1613 2941 1663 Joann.
2974 1626 3072 1673 xlv,
3113 1614 3157 1673 5,
3206 1626 3316 1661 cum
3339 1615 3630 1676 praeceden-

418 1796 499 1867 Τῇ
532 1794 840 1862 Δεσποτικῇ
878 1794 1029 1861 φωνῇ
1058 1793 1124 1862 τῇ
1154 1789 1416 1859 λεγούσῃ,
1458 1805 1475 1838 ι
1510 1786 1687 1839 Ὅπου
1733 1780 1931 1851 ὑπάγω

2111 1780 2169 1836 In
2197 1781 2480 1839 Dominico
2511 1784 2604 1839 illo
2648 1784 3024 1853 pronuntiato,
3058 1802 3077 1836 ι
3099 1782 3219 1851 Quo
3245 1800 3347 1855 ego
3377 1787 3515 1841 vado
3541 1787 3630 1842 in-

340 1888 459 1959 ἐγὼ
489 1888 690 1954 οῐδατε,
720 1887 817 1940 καὶ
841 1884 939 1955 τὴν
973 1882 1092 1936 ὁδὸν
1132 1881 1335 1947 οἴδατε,
1370 1898 1389 1932 ι
1420 1880 1521 1933 οὑκ
1572 1873 1935 1938 ἀνακόλουθος

339 1980 466 2034 οὑδέ
495 1978 757 2033 τάναντία
781 1976 1079 2047 φθέγγεται
1107 1976 1141 2044 ἡ
1166 1973 1261 2027 τοῦ
1282 1970 1531 2044 μαθητοῦ
1550 1967 1898 2037 ὑποφὼνησις
1916 1980 1932 1997 ο

348 2086 369 2120 ι
409 2069 605 2140 Κύριε,
637 2068 738 2120 οὑκ
794 2066 1019 2137 οἴδαμεν
1053 2062 1158 2117 ποῦ
1195 2063 1453 2131 ὑπάγεις.
1492 2061 1585 2115 καὶ
1630 2058 1745 2123 πῶς
1774 2056 1938 2111 δυνά-

347 2161 493 2231 μεθα
525 2160 622 2231 τὴν
644 2158 765 2213 ὁδὸν
796 2157 1003 2226 γνῶναι
1030 2173 1044 2223 ;
1082 2175 1101 2208 ι
1140 2156 1216 2209 Οὑ
1260 2155 1375 2227 γάρ
1405 2153 1628 2217 ἁπλῶς,
1661 2151 1767 2205 οὐδ’
1794 2152 1936 2205 ἀπο-

344 2255 525 2316 λύτως
570 2251 749 2315 τοῦτο,
799 2250 921 2305 οὑδὲ
965 2249 1139 2323 χωρίς
1174 2266 1320 2313 τινος
1365 2246 1787 2320 προηγουμένης
1812 2244 1939 2296 ὕπο⁶

347 2346 556 2407 θέσεως
596 2344 814 2415 εἴρηται
840 2359 854 2372 ⁸
888 2342 1005 2397 ἀλλ’
1034 2341 1149 2413 ἔχει
1177 2338 1613 2413 προηγούμενον,
1631 2330 1675 2406 ᾧ
1694 2337 1788 2389 καὶ
1811 2352 1938 2389 συν-

345 2437 584 2489 άπτεται
644 2433 727 2497 τὸ,
799 2451 818 2485 ‹
876 2433 1048 2488 Πάλιν
1094 2432 1352 2505 ἔρχομαι,
1400 2432 1498 2484 καὶ
1536 2427 1938 2500 παραλήψομαι

346 2528 515 2598 ὑμᾶς.
554 2545 572 2578 ι
605 2525 777 2579 Τοῦτο
806 2527 917 2597 γάρ
947 2524 1140 2592 εἰπὼν,
1167 2523 1527 2579 ἐπισυνάπτει
1548 2522 1637 2575 διὰ
1665 2520 1755 2575 τοῦ
1776 2561 1790 2584 ,
1816 2521 1937 2586 ἵνα,

346 2621 447 2673 καὶ
485 2620 584 2691 τὴν
618 2620 801 2674 αἰτίαν
832 2621 930 2691 τῆς
963 2619 1335 2691 παραλήψεως
1368 2620 1447 2683 εἰς
1475 2618 1603 2690 τρία
1632 2615 1807 2671 ταῦτα
1859 2616 1942 2669 δι-

344 2713 488 2766 ελὼν
514 2714 689 2785 αὑτήν
720 2729 734 2744 ·
778 2714 860 2777 εἵς
887 2731 947 2767 τε
977 2713 1039 2766 τὸ
1074 2710 1214 2766 εἶναι
1239 2714 1363 2775 τοὺς
1396 2711 1670 2782 μαθητάς,
1694 2709 1822 2763 ἔνθα
1847 2709 1943 2763 καὶ

344 2808 377 2859 ὁ
410 2806 741 2869 Διδάσκαλος
765 2821 779 2837 ο
818 2806 915 2859 καὶ
962 2807 1045 2869 εἰς
1076 2805 1138 2858 τὸ
1171 2803 1371 2858 ειδέναι
1400 2804 1535 2858 ὅπου
1576 2803 1811 2872 ὑπάγει·
1847 2802 1944 2857 καὶ

346 2899 433 2961 εἰς
466 2899 526 2952 τὸ
560 2898 658 2968 τὴν
684 2899 801 2952 ὁδὸν
827 2898 1049 2954 εἰδέναι.
1079 2900 1216 2970 Φησὶ
1248 2897 1379 2970 γάρ,
1419 2917 1436 2949 ι
1478 2897 1646 2951 Πάλιν
1682 2895 1940 2967 ἔρχομαι,

349 2992 449 3046 καὶ
510 2992 904 3063 παραλήψομαι
970 2994 1116 3063 ὑμᾶς
1164 2992 1301 3062 πρὸς
1359 2990 1621 3061 ἐμαυτόν.
1664 3008 1682 3042 ι
1714 2989 1812 3042 Διὰ
1851 2988 1942 3055 τίς

361 3105 382 3138 ί
419 3086 540 3139 ’Ὶνα
592 3088 726 3138 ὅπου
771 3086 889 3156 εἰμὶ
919 3084 1054 3154 ἐγὼ,
1088 3086 1184 3139 καὶ
1214 3085 1373 3155 ὑμεῖς
1403 3078 1501 3155 ἦτε
1523 3100 1538 3114 ο
1574 3082 1671 3136 καὶ
1698 3082 1784 3136 ἵνα
1810 3082 1943 3134 ὅπου

354 3179 558 3246 ὑπάγω
589 3178 789 3243 οἴδατε,
828 3179 919 3232 καὶ
950 3179 1037 3231 ἵνα
1073 3178 1172 3248 τὴν
1212 3178 1329 3231 ὁδὸν
1372 3176 1554 3229 οἴδατε
1585 3192 1599 3206 ⁸
1643 3194 1663 3227 ›
1700 3174 1795 3228 τοῦ
1821 3175 1940 3239 ἵνα,

352 3273 603 3341 δηλονότι
640 3275 755 3335 ταῖς
788 3274 964 3341 τρισὶν
994 3270 1219 3336 αἰτίαις,
1251 3270 1323 3334 ὡς
1348 3268 1608 3333 πολλάκις
1630 3268 1810 3330 εἴωθε,
1834 3285 1948 3321 κοι-

354 3367 773 3437 νοποιουμένου.
833 3365 1044 3419 Οὑκοῦν
1098 3366 1177 3431 τὸ,
1213 3365 1417 3418 εἰδέναι
1442 3363 1542 3435 τὴν
1570 3363 1691 3416 ὀδόν
1712 3379 1726 3393 ’
1755 3362 1854 3415 καλ⁹
1886 3362 1947 3415 τὸ

352 3457 493 3511 ὅπου
549 3458 773 3527 ὑπάγει,
802 3455 956 3510 οὔπω
997 3457 1187 3525 ἔλεγεν
1222 3456 1408 3518 αὐτοῖς
1434 3456 1725 3526 παρεῖναι·
1758 3453 1948 3523 ὥσπερ

352 3551 481 3604 οὑδὲ
515 3550 595 3616 τὸ,
631 3551 712 3614 εἰς
758 3549 1025 3621 οὐρανοὺς
1069 3548 1219 3618 αὑτῷ
1268 3550 1509 3602 συνεῖναι
1535 3564 1549 3579 ο
1585 3546 1701 3602 ἀλλ’
1728 3548 1808 3611 εἰς
1857 3546 1951 3600 τὸν

354 3641 454 3695 τοὺ
485 3639 884 3712 ἐπανέρχεσθαι
917 3640 1135 3712 καιρὶν,
1190 3640 1287 3691 καὶ
1346 3638 1801 3711 παραλαμϐάνειν
1850 3639 1952 3693 αὑ-

354 3736 512 3797 τοὺς,
566 3732 965 3804 τεταμιεὺσθαι
1025 3733 1213 3795 αὑτοῖς
1254 3731 1451 3786 ταῦτα.
1486 3732 1667 3803 Τριῶν
1710 3732 1805 3786 οὖν
1837 3735 1952 3798 τοῖς

362 3827 667 3898 μαθηταῖς,
728 3827 871 3880 κατὰ
896 3827 997 3898 τὴν
1030 3826 1310 3891 ἐπάνοδον,
1361 3825 1744 3896 ὑπισχομένων
1770 3843 1785 3857 ⁸
1816 3827 1953 3880 ἀπο-

360 3918 662 3989 θαυμάζων
686 3921 714 3973 ὀ
746 3919 949 3990 Θωμᾶς
972 3918 1032 3973 τδ
1064 3920 1297 3991 μέγεθος
1352 3919 1460 3973 τῶν
1496 3920 1949 3991 ἐπηγγελμένων,

361 4015 461 4066 ᾰτε
478 4012 540 4082 δὴ
560 4011 696 4083 μηδέ
721 4012 815 4063 τοῦ
844 4011 1126 4075 ἐλάττονός
1154 4030 1238 4065 πω
1273 4014 1332 4065 ἐν
1360 4012 1665 4083 καταλήψει
1688 4011 1952 4081 γεγονὼς,

362 4105 592 4166 εἰκότως
620 4102 1021 4172 διαμφισϐητεῖ
1055 4102 1174 4167 πῶς
1225 4104 1284 4156 ἐν
1348 4104 1573 4174 μεθέξει
1629 4105 1954 4175 γενήσονται

361 4194 474 4249 τῶν
538 4192 802 4265 μειζόνων
825 4211 839 4225 ⁸
872 4194 1096 4248 ἔλαττον
1134 4196 1244 4266 γὰρ
1290 4196 1353 4249 τὸ
1399 4198 1599 4250 εἰδέναι
1640 4197 1826 4261 ἁπλῶς
1850 4197 1954 4250 ποῦ

362 4288 484 4341 τόδε
519 4288 705 4352 ἐστὶν,
741 4288 885 4359 ἥπερ
932 4287 1033 4359 τὴν
1089 4289 1415 4357 άπάγουσαν
1438 4290 1557 4343 ὁδὸν
1583 4289 1823 4343 εἰδέναι·
1863 4290 1959 4343 καὶ

362 4380 525 4433 τοῦτο
575 4380 759 4447 πάλιν,
818 4380 912 4434 τοῦ
959 4383 1019 4434 ἐν
1050 4381 1200 4452 αὐτῷ
1224 4381 1324 4453 ἤδη
1349 4381 1427 4453 τῷ
1452 4380 1777 4453 ζητουμένῳ
1805 4383 1957 4453 τόπῳ

2037 1874 2299 1945 telligitis,
2352 1884 2407 1932 et
2453 1876 2601 1931 viam
2640 1877 2815 1933 nostis
2841 1877 2906 1942 “,
2950 1895 2968 1928 ›
3001 1879 3149 1932 nulla
3176 1878 3629 1950 inconsequentia

2037 1969 2335 2038 reperitur,
2367 1968 2449 2024 vel
2495 1971 2860 2026 conlrarietas
2908 1972 2965 2027 in
3010 1972 3263 2044 discipuli
3312 1974 3627 2044 suhloquio,

2045 2077 2063 2111 ι
2107 2058 2356 2127 Domine,
2408 2076 2517 2117 non
2565 2063 2821 2120 novimus
2876 2079 2988 2135 quo
3034 2066 3208 2133 vadis,
3250 2074 3304 2120 et
3350 2068 3632 2137 quomodo

2037 2151 2183 2207 viam
2235 2168 2566 2224 cognoscere
2621 2158 2924 2226 poterimus
2970 2159 3060 2212 “?
3118 2177 3138 2211 ι
3210 2156 3329 2213 Non
3376 2159 3522 2213 enim
3575 2159 3632 2214 id

2040 2245 2382 2316 simpliciter,
2415 2262 2522 2302 non
2552 2247 2833 2305 indeﬁnite
2876 2250 3102 2316 dicnur,
3136 2264 3239 2306 nec
3274 2252 3395 2306 sine
3425 2267 3633 2322 praece-

2039 2338 2203 2395 dente
2242 2341 2479 2410 qnodam
2528 2351 2891 2414 argumento;
2928 2344 3095 2399 habet
3122 2345 3268 2400 enim
3299 2345 3430 2416 quid
3478 2360 3635 2415 pra:-

2042 2431 2244 2487 ccdens
2272 2432 2361 2488 cui
2407 2434 2775 2499 subnectitur,
2816 2436 3077 2491 nimirum
3127 2436 3307 2492 illud:
3349 2456 3367 2489 ι
3417 2436 3634 2493 Rursus

2041 2527 2343 2596 reveniam,
2398 2536 2453 2584 et
2505 2546 2783 2585 assumam
2820 2545 2917 2586 vos
2968 2532 3035 2586 ad
3088 2546 3175 2587 me
3204 2532 3271 2587 “.
3330 2551 3350 2584 ›
3394 2530 3510 2587 Hoc
3540 2531 3635 2586 ubi

2044 2618 2281 2687 dixerat,
2309 2621 2552 2676 annectit
2581 2636 2678 2691 per
2707 2622 2816 2685 ἵνα,
2862 2631 3127 2693 tanquam
3165 2636 3389 2677 causam
3416 2637 3638 2677 assum-

2044 2713 2249 2783 ptionis
2280 2714 2567 2784 tripliciter
2605 2714 2993 2770 distributam:
3028 2716 3231 2784 primo,
3266 2722 3323 2769 ut
3353 2714 3636 2785 discipuli,

2047 2805 2140 2859 ubi
2172 2803 2451 2877 Magister,
2484 2806 2820 2869 consistant,
2854 2816 2912 2860 ut
2943 2814 3282 2877 cognoscant
3309 2821 3419 2876 quo
3447 2806 3636 2872 vadit;

2046 2907 2102 2954 et
2132 2908 2189 2954 ut
2218 2900 2525 2968 intelligant
2552 2899 2718 2954 viam.
2742 2900 2833 2953 Ait
2858 2901 3006 2955 enim
3047 2918 3060 2954 :
3097 2919 3115 2952 ι
3154 2899 3370 2955 Rursus
3392 2900 3636 2961 veniam,

2048 3000 2103 3046 et
2135 3007 2416 3048 assumam
2449 3007 2547 3046 vos
2578 2992 2646 3046 ad
2685 3008 2791 3048 me.
2826 3012 2846 3045 ›
2888 2994 2999 3047 Cur
3034 2993 3153 3048 ita?
3184 2994 3468 3059 nimirum,
3516 3013 3532 3045 ι
3570 2991 3644 3047 Ut

2051 3083 2145 3140 ubi
2172 3099 2274 3154 ego
2320 3100 2464 3149 sum,
2502 3095 2556 3140 et
2587 3101 2683 3141 vos
2714 3086 2871 3141 sitis:
2906 3094 2960 3141 et
2992 3100 3104 3157 quo
3136 3086 3332 3141 vadam
3366 3085 3546 3147 scitis,
3586 3095 3643 3140 et

2051 3176 2196 3232 viam
2223 3178 2375 3234 scitis
2412 3178 2477 3230 ⁸⁷.
2516 3196 2534 3229 ι
2567 3178 2708 3244 Ἵνα,
2741 3186 2797 3232 ut
2836 3177 3152 3248 frequenter
3194 3179 3274 3241 fit,
3310 3177 3484 3232 tribus
3532 3176 3642 3231 illis

2049 3272 2235 3328 causis
2288 3271 2720 3327 communicato.
2768 3270 2975 3342 Igitur,
3008 3271 3153 3325 viam
3210 3271 3373 3335 scire,
3428 3278 3485 3326 et
3528 3283 3642 3340 quo

2050 3365 2221 3433 vadit,
2258 3366 2355 3429 ait,
2387 3364 2532 3420 haud
2562 3366 2691 3419 dum
2721 3363 2789 3418 iis
2820 3365 3096 3434 cognitum
3133 3380 3147 3417 :
3186 3372 3247 3418 ut
3280 3378 3381 3418 nec
3407 3362 3553 3433 quod
3583 3362 3640 3416 in

2051 3460 2210 3515 caelis
2241 3474 2370 3515 cum
2406 3474 2472 3514 eo
2506 3459 2876 3514 versabuntur
2925 3475 2940 3514 :
2972 3458 3069 3514 sed
3100 3458 3217 3513 haec
3251 3457 3492 3527 seposita
3518 3471 3646 3513 esse

2051 3549 2188 3620 ipsis
2219 3550 2444 3620 prazmia
2473 3548 2542 3603 ad
2575 3558 2793 3619 tempus
2822 3548 3183 3604 reversionis.
3223 3546 3353 3603 Tria
3379 3554 3509 3603 sunt
3537 3546 3646 3617 igir

2054 3648 2145 3694 tur
2174 3654 2297 3710 qua:
2332 3638 2623 3709 discipulis
2652 3639 2770 3695 suis
2800 3638 3091 3709 pollicetur
3135 3638 3192 3693 in
3230 3638 3410 3693 reditu
3447 3654 3461 3692 :
3496 3636 3649 3692 Tho-

2056 3748 2198 3799 mas,
2260 3731 2701 3802 magnitudinem
2756 3730 3159 3800 promissorum
3218 3730 3525 3787 admiratus
3594 3738 3651 3784 et

2054 3821 2460 3887 excellentiam,
2496 3829 2685 3891 utpote
2706 3820 2801 3890 qui
2834 3835 2903 3876 ne
2936 3821 3163 3875 minima
3200 3821 3359 3891 plane
3400 3838 3651 3892 compre-

2056 3914 2296 3970 hendere
2339 3923 2575 3985 poterat,
2639 3914 2994 3985 probabiliter
3039 3914 3325 3971 addubitat
3370 3917 3651 3987 quomodo

2058 4008 2364 4076 majoribus
2421 4008 2799 4078 perfruentur.
2852 4008 2986 4063 Nam
3041 4010 3274 4065 omnino
3329 4012 3516 4067 minus
3565 4022 3653 4069 est

2058 4101 2384 4169 simpliciter
2443 4101 2585 4157 scire
2644 4101 2735 4155 ubi
2786 4101 2993 4170 aliquid
3036 4111 3140 4166 est,
3185 4117 3350 4171 quam
3384 4104 3525 4158 viam
3584 4119 3653 4160 eo

2062 4193 2374 4249 tendentem
2409 4202 2594 4249 tenere
2630 4210 2643 4247 :
2680 4202 2735 4247 et.
2769 4192 2872 4248 hoc
2896 4193 3060 4247 etiam
3096 4192 3280 4248 minus
3320 4210 3485 4265 quam
3516 4196 3652 4250 illud

2060 4288 2116 4343 in
2144 4287 2376 4358 quaesito
2409 4284 2532 4341 loco
2565 4285 2935 4356 acquiescere.
2998 4284 3413 4356 Consequenter
3448 4302 3650 4357 eapro-

2062 4387 2184 4450 pter
2212 4376 2522 4449 discipulus
2553 4376 2789 4442 dubitat,
2824 4391 2926 4430 nec
2961 4376 3213 4432 consistit
3240 4377 3307 4432 ad
3340 4379 3652 4449 oppositum

363 4472 702 4529 διαιτᾶσθαι.
751 4472 1074 4538 Ἀκόλουθος
1104 4470 1198 4529 οὑν
1224 4477 1257 4545 ἡ
1298 4473 1395 4527 τοῦ
1442 4474 1688 4545 μαθητοῦ
1725 4474 1954 4545 διαμφι-

2063 4488 2169 4530 vox
2204 4470 2578 4527 informantis.
2616 4470 2738 4524 Non
2771 4469 2916 4524 enim
2944 4468 3178 4525 alllrmat
3205 4470 3350 4526 viam
3396 4472 3519 4527 illos
3555 4474 3655 4528 ad-

368 4566 661 4636 σόήτησις,
690 4566 784 4619 καὶ
808 4566 959 4619 οὑδέν
992 4568 1060 4637 τῇ
1096 4566 1456 4637 διδασκαλικῇ
1505 4568 1657 4636 (ρωνῇ
1694 4566 1952 4636 μάχεται.

366 4659 443 4713 Οὑ
468 4658 579 4729 γὰρ
609 4660 812 4722 ἐκεῖνος
842 4659 941 4730 τὴν
978 4658 1097 4714 ὁδὸν
1120 4660 1322 4724 αὐτοὺς
1356 4660 1457 4731 ἤδη
1485 4659 1691 4731 ἔφησεν
1725 4661 1952 4723 ειδέναι,

365 4750 399 4821 ἢ
433 4750 576 4803 ὅπου
608 4751 832 4819 ὑπάγει,
874 4750 1001 4822 ἢτὸ
1047 4752 1106 4804 ἐν
1162 4751 1413 4822 οὐρανοῖς
1464 4752 1613 4824 αὑτῷ
1672 4756 1951 4807 συνεῖναι·

366 4842 485 4898 ἀλλ’
509 4841 737 4896 ἔσεσθαι
791 4844 978 4907 αὐτοῖς
1028 4844 1224 4910 ταῦτα,
1266 4844 1434 4899 ἐπειδ’
1460 4843 1527 4899 ἂν
1584 4845 1750 4899 αὑτοῦ
1792 4846 1891 4915 μὲν
1924 4848 1958 4917 ἡ

368 4933 655 4999 ἐπάνοδος,
687 4934 915 4988 ἐκείνων
944 4934 1002 4989 δὲ
1032 4936 1399 5008 διαπραχθείη
1425 4938 1459 5008 ἡ
1478 4936 1807 5008 πρόσληψις.
1837 4938 1959 4991 Ἐπ-

369 5025 557 5090 άνοδος
592 5025 635 5080 δ’
668 5026 734 5079 ἂν
757 5026 845 5099 εἴη
871 5026 966 5081 τοῦ
1003 5029 1301 5095 Δεσπότου,
1334 5031 1369 5101 ἠ
1409 5030 1547 5100 μετά
1584 5030 1678 5083 τὸν
1726 5030 1960 5101 σταυρὸν

369 5120 466 5172 καὶ
497 5120 599 5191 τὴν
634 5120 935 5174 ἀνάστασιν
984 5121 1303 5176 τελεσθεῖσα
1340 5125 1455 5185 τοῖς
1511 5123 1785 5193 μαθηταῖς
1838 5124 1962 5176 ἐπι-

370 5210 571 5278 φάνεια
594 5224 608 5238 ⁶
638 5209 761 5262 καθ’
793 5210 860 5282 ἦν
889 5210 1024 5266 Θεὸν
1080 5212 1246 5267 αὑτὸν
1277 5212 1494 5283 ἀληθῶς
1552 5213 1959 5281 ἐπεγνωκότες,

367 5304 469 5372 τήν
496 5318 555 5355 τε
588 5302 730 5368 ὁδὸν,
758 5305 854 5358 καὶ
878 5300 939 5357 οὑ
972 5306 1288 5377 πορεύεται,
1326 5307 1562 5377 ἔμαθον,
1595 5308 1691 5360 καὶ
1722 5307 1806 5359 ὅτι
1835 5324 1961 5360 συν-

329 5388 335 5399 ’
370 5397 590 5449 ἐσονται
621 5396 775 5468 αὑτῴ
805 5401 863 5451 ἐν
892 5399 1215 5471 ἁδιηγήτοις
1246 5400 1512 5467 ἀγαθοῖς,
1565 5399 1752 5452 οὐκέτι
1787 5401 1966 5453 διστα-

370 5496 516 5558 γμὸν
542 5484 711 5560 εἶχον,
736 5489 851 5543 ἀλλ’
883 5491 959 5554 ὡς
993 5492 1244 5557 συνόντες
1278 5493 1380 5564 ἥδη
1412 5496 1531 5555 ταῖς
1564 5492 1778 5548 ἐλπίσιν
1817 5494 1967 5565 ἔχαι-

373 5598 493 5653 ρον.
528 5582 601 5634 ’Ἦ
626 5582 722 5636 οὑν
771 5583 934 5638 τοῦτο
963 5584 1117 5657 δηλοῖ
1144 5584 1231 5653 τὸ,
1269 5604 1287 5637 ι
1323 5585 1490 5641 Πάλιν
1509 5586 1766 5659 ἔρχομαι,
1808 5607 1826 5640 ι
1871 5590 1968 5642 καὶ

374 5672 505 5743 ἑξῆς
530 5689 545 5704 ’
574 5674 607 5747 ἢ
642 5677 785 5730 κατὰ
808 5677 908 5748 τὴν
936 5677 1198 5749 δευτέραν
1228 5677 1394 5731 αὑτοῦ
1446 5680 1541 5733 καὶ
1571 5682 1806 5752 φρικτὴν
1833 5699 1967 5752 παρ-

374 5765 570 5822 ουσίαν
614 5770 875 5827 ἐπάνοδον
906 5789 920 5803 ο
952 5772 1041 5827 ὅτε
1091 5771 1187 5827 καὶ
1216 5772 1314 5843 τὴν
1358 5773 1497 5840 ὁδὸν,
1531 5778 1625 5829 καὶ
1656 5776 1747 5830 τὸν
1785 5777 1965 5847 μακά-

464 5929 509 5963 ⁹³
545 5929 707 5989 Joan.
738 5948 861 6003 vni,
904 5933 994 5989 5i.
1075 5934 1119 5966 “
1144 5932 1305 5990 Joan.
1339 5951 1451 6002 xiv,
1480 5936 1531 5989 4.
1613 5939 1657 5971 ⁸⁸
1700 5938 1831 5993 ibid.
1867 5939 1919 5993 5.

2000 5940 2044 5971 ⁸⁸
2082 5938 2215 5993 ibid.

2064 4569 2172 4623 huc
2204 4576 2418 4632 tenere,
2448 4564 2533 4620 vel
2566 4579 2676 4633 quo
2699 4563 2877 4630 vadit;
2910 4563 2994 4618 vel
3018 4565 3496 4621 conversationem
3530 4582 3655 4620 cum

2063 4674 2130 4716 eo
2158 4661 2212 4714 in
2256 4657 2436 4725 caelis,
2474 4657 2569 4713 sed
2605 4656 2856 4712 futurum
2914 4656 3069 4724 olim,
3123 4656 3239 4712 haec
3270 4656 3407 4727 ipsis
3437 4658 3657 4713 innote-

2079 4762 2259 4818 scant,
2319 4767 2443 4807 cum
2493 4758 2801 4807 revertetur
2835 4750 2974 4821 ipse,
3007 4758 3062 4805 et
3099 4752 3403 4822 assumptio
3434 4752 3659 4808 illorum

2067 4846 2510 4902 conﬁrmabitur.
2560 4843 2659 4901 Est
2680 4852 2861 4898 autem
2892 4858 3178 4914 regressus
3207 4843 3299 4899 ille
3330 4845 3656 4910 sacerdotis,

2068 4947 2421 5010 postcrucem
2444 4946 2498 4993 et
2516 4936 2976 4993 resurrectionem
2995 4935 3235 5005 perfecta
3257 4936 3401 5006 apud
3419 4937 3661 5007 discipu-

2070 5031 2153 5085 los
2176 5031 2493 5101 apparentia
2522 5047 2534 5081 :
2556 5044 2680 5083 cum
2696 5028 2867 5083 Deum
2892 5028 3215 5099 planissime
3245 5027 3335 5082 ille
3353 5043 3659 5100 agnoscen-

2073 5134 2177 5190 tes,
2206 5136 2261 5179 ct
2296 5124 2441 5178 viam
2469 5123 2788 5187 didicerint,
2827 5130 2882 5179 et
2910 5137 3021 5193 quo
3045 5123 3193 5179 vadit
3230 5140 3243 5178 :
3277 5132 3332 5178 et
3362 5123 3507 5193 quod
3533 5138 3662 5177 cum

2073 5217 2194 5287 ipso
2215 5217 2464 5273 mansuri
2500 5218 2614 5273 siut
2645 5217 2701 5272 in
2736 5216 2999 5272 fruitione
3061 5216 3333 5271 bonorum
3376 5218 3691 5270 inenarra--

2075 5311 2300 5376 bilium;
2351 5324 2451 5364 nec
2482 5309 2895 5365 distractionem
2947 5310 3035 5365 hic
3079 5308 3245 5364 ullam
3289 5308 3695 5378 patiebantur,‘

2074 5405 2169 5461 sed
2201 5420 2308 5459 non
2334 5404 2490 5459 aliter
2512 5419 2676 5474 quam
2716 5403 2762 5458 si
2794 5402 2908 5473 jam
2934 5418 3057 5458 cum
3090 5416 3157 5456 eo
3185 5401 3259 5457 ibi
3282 5410 3659 5466 versarentur,

2072 5500 2149 5554 ita
2186 5514 2284 5569 per
2312 5514 2462 5569 spem
2499 5498 2938 5554 laetificabantur.
2979 5494 3220 5551 Omnino
3252 5505 3401 5549 certe
3443 5494 3527 5550 vel
3559 5494 3664 5549 hoc

2074 5594 2190 5647 vult
2214 5591 2387 5647 illud:
2427 5610 2445 5643 ι
2484 5590 2701 5647 Rursus
2736 5591 2920 5657 venio,
2966 5608 2984 5642 ι
3022 5588 3108 5644 vel
3156 5603 3469 5660 regressum
3502 5587 3665 5642 intel-

2080 5682 2195 5751 ligit
2221 5683 2274 5737 in
2304 5682 2549 5738 secundo
2578 5682 2751 5753 ipsius
2794 5690 2849 5736 et
2880 5679 3211 5736 formidabili
3247 5679 3504 5743 adventu,
3540 5693 3666 5734 cum

2078 5786 2131 5831 et
2164 5776 2343 5831 locum
2378 5775 2531 5830 illum
2580 5776 2801 5831 beatum
2856 5784 2911 5829 et
2961 5773 3128 5840 viam,
3173 5783 3226 5829 et
3249 5771 3667 5827 oblectationem

2386 5936 2429 5969 ⁸⁷
2468 5936 2597 5990 ibid.
2640 5936 2693 5989 4.
