4158 6458
522 438 629 506 (Si?)
1686 435 1957 497 PHOTII
1985 434 2127 495 PAT

2234 432 2493 492 ARCIL‘E
2530 432 2641 492 CP.
3700 428 3801 494 616

522 560 577 611 in
633 555 847 618 eodem,
904 568 1001 625 per
1056 562 1318 610 aeternum
1373 551 1615 608 habituri
1665 552 1777 607 sint
1828 550 2119 622 experien-

2234 564 2345 618 ριον
2377 547 2587 600 ἐκεῖνον
2616 544 2815 617 χῶρον,
2844 543 2939 598 καὶ
2966 542 3077 597 τῶν
3098 542 3157 597 ἐν
3185 540 3334 613 αὐτῷ
3362 539 3461 611 τὴν
3488 540 3802 595 ἀπόλαυσιν.

528 650 684 704 tiam.
2222 638 2315 693 διὰ
2355 639 2457 710 τῆς
2483 638 2683 709 πείρας
2709 638 2880 707 αὐτῆς
2913 637 3099 701 ἁῖδίως
3128 638 3387 690 εῐσονται.

524 755 858 825 cuiusne
898 758 938 813 c
989 756 1177 829 [CoisL
1236 753 1523 821 CCLXIII,
1592 752 1756 808 Taur.
1813 751 2115 825 CCLXIV].
2790 752 3128 806 urorum
3173 752 3253 805 Ρη.

596 852 705 905 Cur
738 852 956 923 angelus
999 868 1103 904 non
1139 851 1274 904 venit
1309 849 1382 923 μά
1420 847 1621 923 Ioseph
1646 857 1950 923 antequam
1997 854 2051 900 in

2234 845 2414 923 Διὰ,τί
2438 843 2524 915 μὴ
2569 844 2690 923 ςτρρ
2727 842 2835 923 τοῦ
2880 841 3097 923 πεσεῖν
3132 842 3244 923 τοιξ
3280 838 3632 923 Ἰωονὴςρφείλς
3674 840 3815 923 ἀπρ-

791 906 1179 977 ἇαὸἱιαιὶοηετη
1209 923 1273 975 de
1309 919 1524 990 Virgine
1550 906 1846 973 incideret?

2289 906 2727 1039 ρίςινὲπὲρίὶῆς
2752 914 3089 983 Παρθένου,
3129 916 3161 966 ό
3207 906 3469 983 ἇγγελοξ
3494 906 3641 982 ἦλθε
3670 912 3811 979 πρὸς

2295 1004 2403 1041 αυτ
2447 1003 2485 1039 ν
2522 1003 2539 1041 :

1173 1098 1319 1150 Edita
1355 1113 1383 1148 a
1406 1095 1727 1159 Moatacutio,
1766 1110 1847 1161 ep.
1878 1097 1987 1160 182,
2011 1097 2079 1147 ad
2099 1097 2350 1163 Eulamp.,
2371 1113 2419 1163 p.
2444 1097 2675 1148 270-271.
2708 1098 2762 1149 In
2787 1096 2960 1147 Matth.
2998 1109 3030 1156 I,
3053 1096 3133 1144 20.

594 1208 733 1263 Cum
767 1205 969 1277 Ioseph
1017 1205 1447 1277 cogitationibus
1487 1204 1965 1261 inextricabilibus
1998 1204 2118 1262 dis-

2301 1205 2431 1259 Ὂτε
2482 1207 2563 1269 είς
2621 1204 2855 1276 ἀπορίαν
2910 1201 3193 1273 λογισμῶν
3245 1199 3486 1272 κατέστη
3528 1201 3557 1253 ὁ
3597 1199 3812 1272 Ἰωσὴφ,

526 1303 856 1363 traheretur,
913 1297 1069 1353 aﬂuit
1120 1306 1323 1368 praesto
1375 1297 1605 1366 angelus
1648 1297 1866 1351 illarum
1898 1295 2117 1353 discor-

2234 1298 2347 1353 τότε
2374 1298 2403 1350 ὁ
2434 1297 2667 1367 ἄγγελος
2698 1297 2902 1367 ἐπέστη
2926 1295 3071 1349 λύων
3096 1295 3200 1365 τὴν
3226 1293 3343 1365 ἔριν
3372 1293 3483 1347 τῶν
3505 1293 3779 1363 λογισμῶν
3797 1310 3810 1324 ·

527 1396 675 1449 diam
736 1392 1049 1447 sedaturus.
1102 1387 1239 1444 Cum
1294 1387 1442 1442 enim
1494 1387 1561 1441 de
1613 1396 1774 1457 partu
1821 1385 2115 1453 dubitaret,

2234 1391 2317 1445 ’ότε
2354 1390 2465 1459 γὰρ
2513 1390 2831 1460 διηπορεῖτο
2884 1388 3016 1459 περὶ⁹
3064 1387 3141 1457 τῷ
3166 1386 3331 1457 τόκῳ,
3366 1386 3462 1439 καὶ
3509 1386 3817 1457 ἀμηχανίας

524 1498 689 1557 atque
708 1492 857 1540 totus
889 1480 1281 1536 incertitudine
1313 1480 1619 1544 laboraret,
1650 1494 1681 1532 e
1704 1477 1960 1548 cogitatis
1983 1478 2119 1533 satis

2234 1483 2348 1545 ὅλος
2374 1482 2613 1551 ἐγένετο,
2649 1481 2808 1552 δῆλον
2842 1480 2901 1545 ἐξ
2929 1473 3005 1532 ὧν
3038 1479 3318 1544 διενοεῖτο,
3369 1476 3467 1530 καὶ
3512 1478 3637 1530 ὅσον
3671 1476 3816 1529 οὓπω

524 1588 699 1648 patet,
738 1574 872 1646 quid
906 1581 1135 1628 acturus
1166 1570 1468 1641 parturiret
1502 1585 1515 1623 :
1553 1588 1570 1619 ι
1609 1567 1898 1639 Cogitabat
1934 1578 2118 1621 autem

2234 1574 2461 1645 πράξειν
2490 1571 2714 1643 ἔμελλεν
2738 1589 2752 1603 ⁸
2793 1590 2812 1624 ι
2860 1570 3162 1642 Ἐόουλήθη
3193 1570 3323 1641 γὰρ,
3349 1571 3505 1639 φησὶ,
3528 1568 3705 1639 λάθρα
3721 1569 3814 1623 αὐ-

525 1666 833 1722 clanculum
863 1663 1141 1719 dimittere
1180 1662 1328 1716 illam
1361 1660 1428 1715 ⁸⁸.
1467 1679 1486 1713 ι
1522 1659 1661 1726 Quin
1698 1674 1799 1714 nec
1846 1658 1987 1713 clam
2021 1672 2124 1711 nec

2234 1664 2330 1736 τὴν
2378 1664 2693 1719 ἀπολῦσαι·
2731 1682 2752 1716 ι
2808 1664 2908 1718 οὐκ
2976 1664 3043 1717 ἂν
3110 1662 3235 1716 οῠτε
3278 1662 3452 1733 λάθρα
3515 1660 3641 1715 οῦτε
3691 1662 3815 1724 ὅλως

526 1761 754 1813 omnino
802 1756 952 1809 illam
1002 1754 1328 1820 dimisisset,
1382 1751 1429 1806 si
1480 1762 1751 1806 tumorem
1790 1749 1945 1804 illum
1980 1749 2119 1804 uteri

2234 1756 2515 1827 ἐκπέμψαι
2544 1755 2868 1826 διανοηθεὶς,
2904 1756 2953 1809 εί
2981 1754 3136 1808 νόθου
3162 1753 3328 1824 γονῆς
3373 1754 3463 1807 τὸν
3497 1752 3664 1821 ὖγκον
3696 1755 3817 1807 ἐπέ-

527 1853 594 1905 de
640 1849 916 1905 adulterio
967 1857 1327 1918 procuratum
1367 1844 1681 1915 suspicatus
1732 1842 1950 1899 fuisset.
1986 1843 2121 1897 Cum

2234 1865 2423 1901 πειστο
2460 1849 2561 1919 τῆς
2605 1846 2845 1918 γαστρός
2867 1865 2880 1878 ο
2920 1847 3070 1919 νόμῳ
3092 1847 3148 1901 δὲ
3183 1848 3279 1901 καὶ
3301 1847 3564 1918 τιμωρίᾳ,
3621 1846 3816 1900 δικαιο-

526 1945 674 1998 enim
736 1953 884 1997 esset
949 1941 1182 2011 justitia:
1236 1955 1365 1995 cum
1423 1938 1616 2009 primis
1666 1946 1881 1993 amator
1942 1935 2123 2013 adle-

2234 1940 2399 2011 σύνης
2429 1940 2505 1993 ὢν
2538 1941 2778 2011 μάλιστα
2818 1941 3059 2011 ἐραστὴς
3091 1941 3285 1994 θᾶττον
3320 1940 3387 1994 ἂν
3430 1941 3727 2013 παρεδίδου
3762 1943 3819 1995 τὸ

526 2053 620 2107 ges
673 2050 727 2092 et
813 2035 1144 2106 supplicium
1200 2032 1350 2087 illam
1410 2030 1849 2099 transcripsisset
1902 2038 2125 2099 propter

2234 2033 2487 2104 τόλμημα
2512 2050 2525 2063 ⁸
2556 2033 2692 2089 ἀλλὰ
2730 2033 2891 2089 τοῦτο
2932 2034 3031 2105 μὲν
3068 2036 3168 2087 οὐκ
3195 2033 3493 2088 ἐπέπειστο
3514 2052 3526 2064 ·
3560 2035 3594 2105 ἧ
3628 2052 3687 2088 τε
3716 2036 3819 2107 γὰρ

527 2132 658 2186 illud
711 2130 999 2201 ﬂagitium.
1040 2128 1399 2197 Nequaquam
1434 2140 1568 2180 vero
1602 2124 1709 2180 sibi
1759 2124 1863 2178 hoc
1893 2137 2124 2193 persua-

526 2235 695 2290 serat,
750 2239 875 2279 cum
934 2236 1083 2278 esset
1118 2220 1460 2275 incredibilis
1508 2220 1860 2290 desponsata:
1896 2217 2071 2271 virtus
2107 2232 2120 2269 :

524 2333 579 2375 et
629 2320 779 2389 proci
814 2332 1126 2387 congruens
1168 2315 1447 2381 custodia,
1505 2327 1733 2383 pravam
1767 2325 1990 2365 onmem
2024 2324 2125 2365 su-

523 2412 824 2483 spicionem
859 2408 1205 2474 cxcludebat,
1256 2407 1353 2462 sed
1396 2421 1500 2461 nec
1530 2404 1841 2473 intelligere
1886 2410 2123 2473 poterat,

523 2506 670 2575 quod
705 2502 997 2574 conceptio
1035 2518 1064 2556 a
1093 2500 1280 2556 divina
1309 2500 1633 2571 operatione
1656 2507 1776 2554 erat
1797 2513 1817 2565 ;
1840 2506 2126 2552 transcen-

522 2599 689 2652 debat
739 2597 1038 2651 humanam
1091 2608 1317 2648 omnem
1368 2592 1763 2662 cogitationem
1822 2590 1913 2645 illa
1960 2588 2125 2644 actio.

526 2690 853 2746 Fluctuabat
876 2689 1040 2760 igitur
1060 2686 1489 2758 cogitabundus,
1514 2685 1645 2755 quid
1676 2684 1858 2740 facere
1878 2683 2125 2751 deberet,

524 2782 674 2837 unde
728 2780 973 2850 placeret
1029 2776 1165 2831 Deo.
1210 2776 1349 2831 Cum
1385 2774 1703 2845 hujusmodi
1736 2772 1981 2828 volveret
2010 2780 2129 2825 tur-

525 2874 690 2928 batus
741 2869 1128 2941 cogitationes,
1187 2866 1443 2937 angelum
1506 2867 1560 2920 in
1629 2880 1746 2919 rem
1800 2872 2126 2934 praesentem

527 2964 849 3021 amandavit
881 2961 1050 3030 Deus,
1084 2961 1180 3032 qui
1216 2958 1546 3014 miraculose
1579 2966 1854 3013 tumorem
1890 2954 2043 3009 illum
2072 2954 2128 3008 in

527 3058 776 3128 virgineo
810 3064 970 3111 utero
1026 3053 1281 3109 minister
1316 3050 1542 3116 fecerat,
1597 3058 1659 3104 ut
1708 3049 1761 3103 in
1808 3047 1921 3101 illis
1970 3045 2129 3103 Jose-

526 3150 697 3219 phum
723 3144 1131 3210 constabiliret,
1166 3145 1219 3198 in
1247 3144 1453 3214 quibus
1492 3141 1707 3198 stabilis
1741 3142 1970 3195 omnino
2002 3155 2126 3211 perv

2225 2126 2641 2198 ἀνυπέρϐλητος
2664 2128 2836 2199 ἁρετὴ
2870 2127 2973 2198 τῆς
2999 2128 3464 2199 μνηστευθείσης,
3495 2129 3592 2183 καὶ
3626 2131 3659 2200 ἡ
3691 2130 3818 2200 πρέ-

2228 2235 2408 2272 πουσα
2469 2219 2689 2291 φυλακὴ
2746 2219 2842 2273 τοῦ
2906 2219 3221 2291 μνηστῆρος
3262 2223 3445 2275 πᾶσαν
3473 2222 3820 2292 ἀπετείχιζεν

2228 2311 2467 2381 ὑποψίαν
2515 2314 2618 2366 οὐκ
2663 2312 2874 2384 εὖαγῆο
2909 2314 3031 2366 οὐδέ
3067 2314 3275 2367 ἐκείνου
3308 2315 3365 2368 δέ
3404 2314 3570 2368 πάλιν
3610 2316 3820 2369 σύνεσιν

2232 2398 2380 2473 εἶχεν
2403 2444 2417 2467 ,
2455 2404 2533 2468 ὡς
2582 2404 2691 2475 ἄρα
2740 2404 2890 2470 θείας
2929 2406 3210 2477 ἐνεργείας
3244 2408 3277 2476 ἡ
3317 2405 3512 2475 κύησις
3546 2402 3652 2478 ἦν·
3689 2406 3821 2477 ὑπὲρ

2232 2495 2443 2549 ἔννοιαν
2465 2496 2573 2567 γὰρ
2601 2497 2955 2568 ἀνθρωπίνην
2989 2498 3363 2569 ἐχρημάτιζεν
3395 2502 3427 2569 ἡ
3479 2500 3684 2569 πρᾶξις
3706 2517 3720 2530 ·
3748 2498 3822 2552 διὸ

2227 2590 2339 2651 τοῖς
2357 2587 2637 2660 λογισμοῖς
2653 2588 3000 2658 ἐκυμαίνετο,
3025 2592 3119 2643 καὶ
3140 2592 3191 2643 τί
3216 2590 3304 2657 ἂν,
3330 2591 3671 2662 διηπορεῖτο,
3691 2607 3821 2661 πρα-

2232 2680 2486 2752 ξάμενος,
2518 2680 2588 2734 τὰ
2614 2680 2823 2752 ἀρεστὰ
2857 2681 3089 2752 πράττοι
3114 2681 3195 2754 τῷ
3226 2682 3367 2753 Θεῷ.
3397 2682 3526 2735 Ὅτε
3550 2682 3687 2752 γοῦν
3712 2682 3825 2737 1:013—

2228 2791 2342 2838 τοις
2371 2774 2644 2829 ἐκλονεῖτο
2674 2776 2789 2839 τοῖς
2837 2774 3144 2846 λογισμοῖς,
3198 2775 3321 2828 τότε
3362 2774 3484 2827 λίαν
3523 2775 3823 2847 ἐπικαίρως

2229 2866 2463 2936 ἄγγελον
2487 2867 2702 2938 ἀφῆκεν
2738 2877 2785 2934 Ρ,
2813 2865 2843 2917 ό
2868 2870 2935 2938 τῇ
2984 2868 3289 2939 παρθενικῇ
3321 2868 3517 2939 γαστρὶ
3544 2867 3644 2921 τὸν
3671 2868 3825 2937 ὄγκον

2230 2958 2698 3033 θαυματουργῶν,
2744 2961 3074 3033 στηρίζοντα
3102 2960 3264 3015 αὐτὸν
3283 2961 3369 3029 ἐφ’
3396 2955 3478 3025 οἷς
3508 2961 3620 3015 ἔδει
3653 2964 3823 3033 μένειν

2230 3053 2529 3124 ἁκλόνητον
2587 3055 2682 3107 καὶ
2728 3053 3030 3123 σταθερόνο
3061 3054 3142 3108 διό
3200 3070 3356 3125 φησι,
3397 3073 3415 3104 ι
3447 3055 3539 3123 Μὴ
3580 3054 3824 3125 φοϐηθῇς

2238 3144 2609 3214 σκιραλαόεῖν,
2648 3162 2667 3195 ι
2704 3144 2800 3197 καὶ
2828 3144 2957 3216 tat};
2984 3160 2999 3176 ’
3035 3162 3055 3196 ι
3104 3144 3176 3197 Σὺ
3211 3146 3331 3214 μὲν,
3360 3145 3515 3215 φησι,
3550 3144 3822 3216 λαθραίως

528 3210 726 3297 sistere
766 3238 977 3294 debuit.
1011 3236 1102 3292 Ait
1140 3210 1281 3307 ergo
1307 3252 1321 3289 :
1358 3252 1378 3287 ι
1410 3233 1490 3290 Ne
1520 3233 1714 3289 timeas
1745 3210 2078 3304 accipere”,
2103 3249 2121 3282 ι

2236 3210 2467 3307 μελετᾷς
2512 3235 2795 3305 ἐκπέμψαι
2816 3210 2926 3307 τὴν*
2953 3210 3244 3307 παρθένον,
3276 3254 3295 3287 ι
3319 3210 3507 3300 δεδιὼς
3549 3210 3827 3308 κατέχειν,

528 3342 635 3389 etc.
671 3331 779 3397 Tu,
822 3318 1102 3401 inquiens,
1157 3337 1372 3384 secreto
1402 3326 1651 3383 statuisti
1707 3326 1853 3398 apud
1881 3325 2127 3380 animum

528 3425 810 3481 dimittere
838 3422 1136 3492 virginem,
1177 3420 1393 3476 veritus
1424 3419 1573 3474 illam
1617 3417 1884 3484 detinere,
1917 3406 2038 3489 qua:
2062 3416 2131 3471 ab

530 3519 719 3588 ignoto
767 3516 1203 3585 impraegnatur;
1258 3527 1358 3581 ego
1411 3520 1463 3566 te
1512 3509 1680 3577 iubeo
1754 3510 1906 3564 illam
1956 3509 2022 3564 ad
2079 3518 2133 3562 te

530 3622 818 3665 assumere
849 3623 863 3659 :
904 3625 923 3658 ‹
955 3620 1083 3659 nam
1112 3605 1255 3675 quod
1288 3605 1343 3658 in
1372 3618 1436 3659 ea
1477 3613 1665 3658 natum
1699 3610 1806 3668 est,
1826 3601 1894 3657 de
1924 3599 2130 3672 Spiritu

532 3708 724 3757 sancto
753 3699 937 3765 est";
970 3716 989 3749 ι
1031 3712 1133 3753 nec
1161 3695 1541 3751 tantummodo
1567 3696 1869 3749 immunem
1906 3709 1939 3748 a
1971 3692 2133 3764 culpa

532 3800 902 3865 praegnantem
956 3790 1183 3853 statuit,
1221 3788 1316 3843 sed
1364 3787 1538 3858 gloria
1596 3802 1718 3842 eam
1767 3795 1821 3841 et
1867 3786 2135 3858 dignitate

534 3884 676 3937 ultra
711 3882 1009 3936 humanam
1048 3887 1302 3933 naturam
1345 3878 1553 3947 replet:
1585 3878 1715 3947 quia
1742 3877 1930 3931 mundi
1964 3876 2133 3934 totius

534 3977 879 4031 Scrvatorem
942 3982 998 4027 et
1061 3973 1469 4042 redemptorem
1552 3971 1744 4042 gignit.
1813 3968 2135 4042 Opportune

531 4064 792 4134 quocirca
842 4062 1075 4134 angelus
1125 4070 1180 4116 et
1223 4076 1332 4116 non
1388 4061 1543 4133 prius
1595 4060 1852 4132 apparuit
1896 4058 2131 4131 Joseph,

535 4168 649 4212 tum
684 4172 807 4212 cum
837 4154 1208 4227 cogitationes
1257 4154 1529 4221 ambiguze
1558 4153 1855 4209 distractas
1891 4153 1970 4209 illi
2012 4155 2135 4209 red-

531 4250 726 4305 derent
753 4246 1151 4317 cogitationes,
1202 4261 1327 4301 cum
1371 4244 1521 4299 enim
1552 4245 1935 4301 vehementius
1975 4245 2136 4301 attol-

532 4344 724 4399 luntur
766 4342 989 4409 ﬂuctus,
1044 4342 1417 4412 tranquillitas
1463 4349 1549 4398 est
1595 4342 2029 4413 exoptatissima.
2072 4341 2134 4397 in

536 4450 603 4490 eo
634 4434 780 4505 quod
830 4433 986 4500 dicit,
1054 4453 1072 4486 ι
1126 4431 1365 4489 Uxorem
1396 4441 1571 4499 tuam,
1634 4451 1657 4484 ι
1708 4432 1944 4488 intendit
1982 4433 2133 4488 illam

536 4528 673 4582 nulli
706 4528 980 4583 addictam
1024 4544 1039 4581 :
1076 4544 1175 4583 nec
1204 4528 1385 4583 visum
1418 4542 1519 4582 nec
1540 4526 1933 4597 cogitationem
1959 4525 2129 4581 alior—

538 4638 659 4677 sum
689 4622 1043 4690 impendisse,
1097 4620 1193 4676 sed
1251 4620 1441 4675 uxoris
1492 4627 1698 4675 statum
1751 4618 2026 4689 integrum
2073 4625 2127 4671 et

534 4712 857 4767 inviolatum
902 4712 1215 4768 custodisse
1240 4711 1423 4775 docet,
1450 4710 1525 4765 ita
1554 4718 1614 4765 ut
1643 4724 1745 4765 nec
1786 4710 1972 4764 animo
2008 4709 2129 4763 vio-

528 4804 727 4859 laverit.
772 4804 919 4875 leges
976 4804 1340 4873 sponsalium.
1391 4800 1603 4857 Uxores
1647 4817 1815 4873 porro
1845 4801 2029 4857 dicere
2060 4800 2129 4855 ab

529 4897 758 4966 antiquo
781 4913 883 4952 usu
906 4908 1013 4962 est,
1047 4912 1186 4967 quas
1213 4896 1497 4951 vinculum
1524 4894 1782 4965 sponsale
1807 4894 1985 4951 solum
2012 4893 2125 4949 col-

526 4987 737 5060 ligavit,
771 4987 896 5043 licet
930 5003 1265 5060 congressus
1291 4987 1409 5059 lege
1437 5001 1547 5042 non
1574 4995 1842 5042 servatur.

598 5100 935 5169 QUIESTIO
972 5101 1038 5158 Cl
1077 5100 1267 5176 [CaisL
1299 5098 1574 5157 CCLXIV.
1616 5100 1783 5155 Taur.
1821 5099 2048 5173 CCLV].

531 5192 671 5258 Quid
723 5193 825 5247 sibi
866 5193 974 5248 vult
1006 5208 1026 5247 :
1085 5214 1101 5245 ι
1163 5191 1378 5247 l’endite
1406 5209 1523 5264 qua:
1573 5194 1878 5262 possidetis,
1920 5203 1967 5247 et
2000 5193 2124 5247 date

1061 5263 1426 5334 pauperibus,
1450 5284 1468 5316 ι
1505 5273 1613 5320 etc.

2230 3328 2301 3399 ἢν
2343 3327 2502 3390 τόκος
2550 3326 2746 3397 ἄδηλος
2775 3327 2891 3399 ἔχει
2914 3344 2926 3356 ·
2968 3328 3079 3396 ἐγὼ
3112 3328 3170 3381 δέ
3206 3327 3313 3400 [σε]
3340 3328 3704 3400 παραλαϐεῖν,
3740 3330 3827 3383 καὶ

2234 3421 2388 3493 παρὰ
2412 3420 2625 3492 σεαυτῷ
2646 3420 2790 3490 ἐχειν
2812 3421 3161 3492 προστάσσω·
3203 3441 3221 3474 ι
3245 3421 3422 3494 τὸγὰρ
3444 3423 3501 3477 ὲν
3533 3422 3677 3496 αὐτῇ
3709 3440 3826 3492 γεν-

2235 3515 2418 3585 νηθὲν,
2455 3515 2521 3568 ἐκ
2569 3513 2894 3585 Πνεύματός
2934 3516 3082 3568 ἐστιν
3118 3516 3313 3584 ἁγίου·
3359 3534 3377 3568 ι
3425 3518 3521 3569 καὶ
3555 3517 3619 3570 οὐ
3676 3518 3831 3587 μόνον

2235 3606 2536 3663 ἀνεύθυνον
2574 3607 2676 3679 τὴν
2710 3606 3091 3680 κυοφοροῦσαν
3113 3607 3281 3675 τελεῖ,
3309 3609 3419 3663 οὐδ’
3449 3610 3589 3681 ὑπὲρ
3625 3612 3831 3681 ἄνθρω-

2237 3716 2339 3753 πον
2384 3698 2543 3772 δόξης
2577 3700 2675 3753 καὶ
2714 3700 3105 3772 λαμπρότητος
3163 3701 3383 3772 πληροῖ,
3426 3701 3563 3755 ἀλλὰ
3611 3704 3707 3755 καὶ¹
3738 3702 3827 3756 κό·

2240 3809 2370 3863 σμῳ
2405 3791 2571 3845 παντὶ
2605 3791 2798 3863 Σωτὴρ
2837 3793 3083 3845 τίκτεται
3124 3792 3220 3846 καὶ
3267 3794 3570 3865 λυτρωτής.
3625 3794 3830 3850 Εὑκαί-

2245 3901 2354 3956 ρως
2391 3884 2502 3957 ἄρα
2530 3884 2591 3938 οὐ
2618 3885 2895 3957 πρότερον
2917 3888 2945 3939 ὁ
2966 3885 3198 3955 ἄγγελος
3224 3886 3574 3957 ἐπιφαίνεται
3603 3888 3685 3960 τῷ
3725 3889 3831 3941 Ἰω⁹

2239 3976 2371 4049 σὴφ,
2402 3978 2516 4031 ἀλλ’
2542 3978 2632 4031 ὅτε
2653 3978 2815 4035 αὐτὸν
2841 3978 3137 4049 ἀμφίϐολοι
3156 3980 3513 4052 διετάρασσον
3534 3982 3787 4055 λογισμοί
3812 3998 3825 4012 ·

2235 4072 2327 4126 ὅτε
2355 4074 2463 4142 γὰρ
2500 4071 2710 4142 σφοδρὰ
2744 4072 2777 4141 ἡ
2813 4070 2974 4142 ζάλη,
3008 4073 3130 4126 τότε
3161 4073 3397 4143 μάλιστα
3419 4073 3649 4144 γλυκεῖα
3673 4077 3707 4147 ἡ
3737 4092 3830 4144 γα·

2236 4161 2395 4235 λήνη.
2430 4162 2539 4216 Καὶ
2572 4161 2657 4227 τὸ,
2695 4181 2714 4214 ι
2751 4162 2852 4233 τὴν
2875 4163 3112 4231 γυναῖκά
3159 4181 3252 4218 σου
3278 4184 3296 4216 ι
3327 4164 3384 4219 δέ
3410 4182 3424 4196 ο
3469 4166 3590 4220 ἀντὶ
3640 4168 3733 4222 τοῦ
3760 4169 3829 4232 ν’,

2236 4255 2339 4309 ὅσα
2364 4260 2435 4325 ’γε
2469 4255 2535 4309 ἐκ
2563 4253 2658 4309 τοῦ
2715 4254 2791 4326 μὴ
2850 4254 2988 4327 πρὸς
3032 4255 3221 4328 ἕτερον
3270 4257 3463 4330 ἄνδρα,
3501 4260 3640 4331 μήτε
3680 4259 3830 4331 ὄμμα

2242 4349 2381 4421 μήτε
2412 4348 2674 4421 λογισμὸν
2707 4347 3156 4418 ὲπιῦεϐληκέναι,
3186 4351 3326 4405 σῶόν
3360 4369 3442 4406 σοι
3488 4352 3584 4406 καὶ
3608 4355 3829 4407 ἁκαινο-

2236 4441 2473 4511 τόμητον
2500 4440 2598 4512 τὴν
2622 4439 2721 4511 τῆς
2754 4440 3018 4509 γυναικὸς
3079 4442 3313 4515 διατηρή
3326 4461 3498 4498 σασαν
3514 4444 3671 4510 τάξιν
3694 4462 3708 4474 ·
3736 4444 3829 4497 καὶ

2240 4531 2364 4601 μηδ’
2395 4531 2614 4603 ἐπινοίᾳ
2651 4530 2897 4587 λύσασαν
2922 4533 3049 4598 τοὺς
3080 4532 3320 4605 Θεσμοὺς
3361 4537 3468 4605 τῆς
3502 4537 3826 4608 μνηστείας.

2237 4622 2452 4687 ’Ἄλλως
2488 4641 2549 4676 τε
2577 4624 2635 4678 δὲ
2665 4624 2762 4678 καὶ
2792 4629 3063 4695 γυναῖκας
3098 4625 3220 4691 ἔθος
3257 4623 3327 4699 ἦν
3357 4629 3545 4683 καλεῖν
3573 4630 3826 4694 παλαιὸν,

2233 4717 2329 4770 καὶ
2389 4715 2455 4780 ἂς
2521 4716 2684 4787 μόνος
2724 4717 2756 4788 ἡ
2804 4717 2905 4788 τῆς
2990 4720 3292 4789 μνηστείας
3360 4720 3558 4793 δεσμὸς
3611 4723 3822 4776 συνεδέ-

2233 4826 2361 4879 σμει
2390 4808 2679 4881 κᾶνὸτῆς
2700 4810 2918 4882 ὁμιλίας
2966 4812 3157 4879 αὑταῖς
3211 4814 3311 4868 οὐκ
3361 4814 3694 4885 ἐγινώσκετο
3741 4815 3828 4869 νό-

2236 4920 2359 4973 μος.

2783 5107 3122 5162 ΕΡΩΤΗΣΙΣ
3166 5110 3293 5164 ΡΑ¹.

2238 5198 2300 5250 Τί
2340 5197 2508 5253 ἐστι·
2578 5220 2596 5253 ι
2642 5202 2971 5267 Πωλήσατε
3030 5200 3105 5254 τὰ
3146 5197 3497 5267 ὑπάρχοντα
3542 5198 3640 5253 καὶ
3692 5197 3830 5251 δότε

2736 5270 3014 5341 πτωχοῖς,
3056 5289 3074 5322 ι
3107 5288 3161 5324 κ.
3201 5287 3252 5323 τ.
3292 5269 3342 5323 λ.

1120 5378 1263 5432 Edita
1299 5393 1326 5430 a
1349 5378 1667 5441 Montacutio,
1709 5393 1790 5443 ep.
1838 5380 1945 5442 187,
1972 5380 2038 5431 ad
2077 5379 2438 5447 Chrislopltor.,
2463 5398 2511 5448 p.
2535 5385 2764 5437 275-286.
2792 5385 2846 5434 III
2871 5385 2991 5435 Luc.
3025 5399 3111 5445 xu,
3140 5386 3216 5434 55.

604 5487 842 5545 Dubium
870 5504 901 5545 a
935 5500 986 5545 te
1018 5490 1361 5561 propositum
1390 5491 1506 5547 scio
1533 5491 1660 5547 olim
1697 5498 1747 5545 ct
1776 5491 2028 5547 acetbius
2079 5500 2134 5545 et

601 5668 645 5700 ⁸⁸
685 5668 875 5724 Matth.
908 5686 947 5735 ι,
987 5670 1073 5725 l9.
1147 5671 1191 5702 ⁶⁹
1228 5668 1475 5725 ἱὺίό.20.
1557 5671 1599 5703 ⁷⁰
1641 5670 1774 5725 ibid.

2315 5494 2425 5565 Τὴν
2458 5495 2557 5566 σὴν
2586 5493 2843 5567 ἀπορίαν,
2878 5495 2972 5548 καὶ
2997 5495 3327 5567 πικρότερον
3361 5495 3455 5548 καὶ
3495 5493 3827 5571 διαμύτερον

1840 5783 2079 5841 νΑΙὶΙᾸΞ
2116 5784 2526 5845 LECTIONES.

611 5904 641 5947 Ρ
659 5895 821 5979 ΩηΜ.
851 5897 1045 5979 12157α
1065 5896 1294 5969 ἐφῆκεν.
1370 5896 1433 5941 Ρ*
1457 5896 1544 5954 τον.
1584 5898 1706 5969 τήν.
