4158 6430
429 357 531 420 617

1419 360 1517 419 AD
1545 352 2140 418 AMPHILOCHIUM
2173 353 2519 426 QU;ESTIO
2547 357 2609 431 c,
2641 357 2736 418 CI-

3593 361 3699 423 613

427 467 547 525 οἶδα
578 467 711 522 ποτὲ
751 466 1030 540 Ἰουλιανῷ
1053 466 1129 538 τῷ
1175 466 1473 540 Παραϐάτῃ
1511 463 1977 535 διεσκευασμένην
1997 477 2011 491 ·

2129 461 2442 519 riruh-ntius
2473 478 2570 534 per
2596 463 2877 520 lulianum
2911 464 3226 535 parabatem
3259 465 3624 536 pr0positum,
3653 475 3708 524 e'-

423 563 461 617 ὃ.
485 560 616 632 γοῦν
656 561 718 616 ἐν
757 564 869 626 τοῖς
893 561 1028 633 πρὸς
1059 562 1265 615 ἐκεῖνον
1293 556 1468 625 εἷπον,
1511 561 1608 614 καὶ
1631 555 1707 614 ὧν
1748 561 1782 630 ἡ
1816 559 2004 630 μνήμη

419 653 522 725 τὴν
547 651 823 724 σωτηρίαν
845 651 978 723 ἔχει,
1012 648 1185 706 ταῦτα
1211 653 1276 721 δή
1309 667 1392 704 σοι
1431 651 1542 722 ἄρα
1573 650 1825 721 γράφων,
1872 650 2010 702 ἀποα-

422 747 648 820 χρῶσαν
675 744 826 815 οἶμαι
847 746 947 815 τὴν
990 745 1149 799 λύσιν
1197 745 1628 816 παρεσχηκέναι.
1668 743 1894 812 Ἔλεγεν
1917 741 2010 795 οὖν

423 841 654 902 ἐκεῖνος,
685 837 876 908 ὥσπερ
901 837 1366 909 ἐμπανηγυρίζων
1390 839 1510 901 ταῖς
1528 837 1671 892 κατὰ
1713 837 1815 906 τῆς
1850 837 2009 906 ’Δλη-

427 931 574 994 θείας
602 930 846 1001 ὕϐρεσιν,
875 929 1172 1000 τοιαῦτα·Ιι
1213 931 1515 984 Ἀκούσατε
1544 927 1712 984 καλοῦ
1737 929 1832 983 καὶ
1853 927 2010 982 πολι-

390 1057 394 1068 -
425 1023 577 1077 τικοῦ
611 1021 1103 1094 παραγγέλματοςο
1131 1023 1432 1094 Πωλήσατε
1461 1022 1531 1076 τά
1546 1023 1881 1094 ὑπάρχοντα,
1915 1019 2012 1074 καὶ

424 1114 540 1167 δότε
584 1115 823 1184 πτωχοῖς
851 1130 864 1144 ’
899 1116 1167 1186 ποιήσατε
1213 1116 1428 1179 ἑαυτοῖς
1467 1115 1729 1186 βαλάντια
1773 1115 1847 1186 μὴ
1900 1130 2010 1168 πα-

422 1205 748 1275 λαιούμεναο
783 1204 990 1278 ταύτης
1042 1206 1128 1272 τίς
1185 1208 1360 1262 εἰπεῖν
1408 1207 1526 1279 ἔχει
1576 1208 2011 1279 πολιτικωτέραν

418 1297 518 1365 τῆς
545 1295 770 1365 ἐντολῆς
797 1314 812 1362 ;
837 1295 899 1350 Εἰ
920 1296 1032 1368 γάρ
1064 1297 1268 1363 πάντες
1287 1315 1368 1351 σοι
1395 1298 1690 1365 πεισθεῖεν,
1713 1298 1798 1362 τίς
1819 1300 1846 1351 ὁ
1864 1298 2010 1368 ὡνη-

423 1389 686 1458 σόμενος;
722 1391 937 1442 ἐπαινεῖ
983 1390 1068 1454 τίς
1122 1390 1328 1462 ταύτην
1380 1391 1480 1461 τὴν
1533 1386 2011 1463 διδασκαλίαν,ἦς

424 1478 844 1548 κρατυνθείσης,
870 1480 931 1533 οὐ
967 1481 1144 1546 πόλις,
1183 1482 1283 1534 οὐκ
1320 1481 1494 1548 ἔθνος,
1555 1482 1657 1535 οὑκ
1702 1482 1853 1535 οίκία
1911 1483 2010 1550 μία

426 1570 788 1639 συστήσεται;
829 1571 950 1635 πῶς
994 1571 1123 1643 γὰρ,
1171 1572 1490 1644 πραθέντων
1535 1573 1831 1640 ἁπάντων,
1863 1568 2011 1638 οἶκος

424 1661 642 1731 ἔντιμος
692 1661 916 1716 δύναταί
971 1680 1052 1730 τε,
1083 1663 1116 1735 ἢ
1153 1665 1300 1717 οίκία
1330 1675 1358 1714 τι
1387 1681 1401 1729 ;
1431 1666 1492 1718 τὸ
1532 1665 1610 1729 δὲ,
1651 1665 1733 1719 ὅτι
1793 1659 2040 1720 πιίιντων¹

421 1752 563 1823 ὁμοῦ
595 1753 704 1806 τῶν
732 1755 792 1806 ἐν
818 1757 884 1825 τῇ
921 1755 1076 1809 πόλει
1110 1758 1603 1828 πιπρασκομένων,
1635 1759 1735 1812 οὐκ
1765 1758 1832 1813 ἂν
1857 1759 2014 1829 εὑρε-

2118 555 2443 610 meditatum
2481 574 2493 609 :
2537 555 2671 622 Quae
2704 557 2758 612 in
2807 557 2959 612 illum
3006 559 3303 628 aliquando
3352 560 3622 626 diceham,
3654 573 3709 618 ct

2116 661 2240 715 qua:
2290 649 2556 703 memoria
2613 658 2822 704 retenta
2882 652 3242 717 conservavi,
3295 652 3484 707 eadem
3535 653 3604 708 ad
3657 668 3710 708 te

2115 755 2262 796 nunc
2286 742 2612 812 perscripta,
2637 757 2699 796 su
2712 742 3027 804 flicientem-.
3047 745 3265 815 opinor,
3285 746 3711 816 suppeditabunt

2117 833 2470 888 solutionem.
2515 833 2740 890 Dicebat
2772 850 2904 906 ergo
2974 837 3084 903 ille,
3126 839 3486 896 contumelias
3517 839 3709 910 conje-

2115 934 2272 982 ctans
2305 925 2358 981 in
2378 925 2695 994 Veritatem,
2721 929 2878 999 quasi
2913 943 3008 998 per
3037 945 3363 1002 panegyrcm
3399 933 3533 987 ista:
3555 951 3574 985 ι
3595 934 3708 986 Au-

2116 1017 2230 1074 dite
2259 1033 2362 1074 vos
2391 1021 2738 1092 praeclarum,
2769 1035 2823 1077 et
2862 1037 2986 1077 cum
3019 1024 3304 1092 prudentia
3336 1026 3554 1091 politica
3578 1041 3710 1082 con-

2111 1107 2366 1178 junctum
2421 1113 2762 1170 consilium:
2818 1112 3049 1171 Vendite
3098 1131 3222 1184 quae
3270 1117 3600 1185 possidetis,
3657 1129 3714 1173 et

2121 1206 2249 1262 date
2299 1207 2649 1277 pauperibus.
2701 1209 3026 1278 Comparate
3075 1208 3229 1263 vobis
3275 1224 3566 1264 crumenas
3602 1225 3710 1265 non

2119 1307 2542 1354 veterascentes.
2596 1299 2799 1370 Ecquis
2855 1299 3031 1367 magis
3082 1313 3207 1353 cum
3247 1297 3432 1369 politia
3477 1300 3712 1369 conjun-

2126 1401 2275 1446 ctum
2301 1401 2632 1462 praeceptum
2665 1393 2918 1447 dederit?
2941 1391 3042 1446 Cui
3081 1391 3126 1445 si
3157 1405 3350 1446 omnes
3382 1390 3711 1461 obtenpcra-

2118 1492 2272 1550 rent,
2321 1485 2758 1555 quotusquisque
2792 1493 3026 1540 restaret
3069 1484 3321 1552 emptor?
3349 1482 3549 1553 Ecquis
3575 1484 3719 1538 hanc

2131 1577 2440 1633 doctrinam
2467 1578 2808 1634 laudaverit?
2831 1593 2954 1648 qua:
2980 1577 3026 1634 si
3059 1576 3324 1639 obtineat,
3360 1591 3469 1632 non
3501 1577 3716 1638 civitas.

2122 1685 2233 1725 non
2263 1685 2426 1740 gens,
2466 1686 2572 1726 non
2621 1670 2818 1726 domus
2864 1669 3205 1725 subsisteret.
3237 1667 3526 1734 Quomodo
3567 1666 3716 1721 enim

2121 1760 2416 1818 divenditis
2449 1771 2506 1817 et
2533 1761 2814 1817 distractis
2843 1760 3124 1827 omnibus,
3155 1759 3356 1814 domus
3383 1757 3566 1828 aliqua
3598 1755 3720 1812 fue-

423 1845 567 1900 θείεν
604 1847 653 1899 οί
684 1845 1075 1918 ἀγοράζοντες,
1117 1850 1352 1919 φανερόν
1384 1851 1533 1904 ἐστιν
1586 1851 1681 1903 καὶ
1725 1849 2014 1921 σιωπώμε-

2129 1854 2189 1907 rit
2231 1853 2407 1924 pretio
2453 1853 2813 1908 redimenda?
2858 1851 3056 1923 Liquet
3098 1859 3304 1916 autem,
3337 1851 3463 1906 licet
3503 1866 3603 1906 nos
3635 1858 3718 1904 ta-

421 1956 533 1994 νον.
567 1957 585 1990 ι
613 1939 712 1992 Διά
738 1937 998 1993 τοιούτων
1025 1941 1124 2010 μὲν
1152 1940 1454 2012 λογισμῶν,
1482 1943 1511 1995 ὁ
1540 1940 1879 2013 Παραϐάτης
1909 1941 2010 2009 τῆς

423 2030 574 2092 θείας
598 2030 818 2101 ἐντολῆς
848 2032 1271 2098 κατασκεδάζων
1299 2036 1352 2084 ιι⁴¹
1376 2034 1477 2106 τὴν
1506 2033 1729 2105 χλεύην,
1757 2033 1928 2088 οῐεταί
1957 2050 2013 2086 τι

427 2123 592 2192 σοφὸν
631 2123 728 2177 καὶ
758 2127 1007 2192 γενναῖον
1032 2127 1233 2180 ποιεῖν.
1275 2124 1334 2180 '0
1376 2125 1433 2179 δὲ
1470 2127 1569 2198 τῆς
1613 2125 1898 2196 Ἀληθείας
1927 2125 2015 2179 λό-

425 2233 543 2285 γος,
570 2209 671 2269 ὧδέ
720 2234 837 2280 πως
885 2218 1270 2288 ἐπιῤῥαπίζων
1316 2216 1378 2271 τὸ
1437 2218 1801 2290 μειρακιῶδες
1849 2217 2012 2271 αύτοῦ

427 2309 526 2362 καὶ
555 2307 755 2377 σαθρὸν
783 2307 894 2361 τῶν
927 2308 1102 2377 λόγων
1122 2323 1136 2338 ⁸
1165 2309 1383 2381 πρῶτον
1427 2311 1525 2381 μέν
1556 2329 1721 2382 φησιν
1750 2311 1827 2374 ὠς
1863 2309 2014 2364 οὐδὲν

426 2399 763 2468 θαυμαστὸν,
801 2400 849 2452 εί
875 2399 945 2452 δι’
983 2395 1052 2472 ἦς
1095 2401 1339 2469 ἐντολῆς,
1379 2401 1456 2472 τῷ
1492 2401 1843 2473 σοφρονοῠντι
1868 2400 2017 2472 μέγα

424 2491 618 2560 ὄφελος
643 2492 1012 2564 περιγίνεται,
1070 2496 1166 2546 καὶ
1210 2493 1397 2564 θαῦμα
1435 2494 1609 2564 γλυκὺ
1647 2495 1785 2565 πρὸς
1813 2493 2017 2564 ὕμνους

421 2585 692 2656 διεγεῖρον
719 2585 814 2640 τοῦ
847 2586 1164 2656 νομοθέτου,
1183 2587 1273 2641 διὰ
1301 2590 1399 2658 τῆς
1421 2589 1590 2660 αὐτῆς
1615 2591 1644 2642 ὁ
1666 2588 2014 2660 παραϐάτης,

422 2678 546 2732 ἀντὶ
581 2679 679 2746 μὲν
700 2679 980 2751 σωτηρίας
1008 2680 1237 2751 βλάϐην,
1265 2683 1387 2735 ἀντὶ
1421 2681 1478 2734 δέ
1516 2681 1741 2752 κέρδους
1789 2682 2014 2752 ζημίαν,

424 2773 520 2825 καὶ
552 2772 672 2825 ἀντὶ
699 2771 794 2826 τοῦ
827 2773 990 2844 χάριν
1027 2774 1228 2828 εἰδέναι
1251 2775 1319 2829 τὰ
1358 2775 1657 2848 βλάσφημα
1678 2776 1860 2845 λέγειν
1883 2777 2017 2831 ἐαυ-

425 2864 506 2936 τῷ
529 2866 1160 2936 προσεπορίσατο.Ἔστι
1189 2868 1287 2939 μὲν
1311 2869 1443 2940 γάρ,
1469 2868 1619 2923 ἔστιν
1641 2871 1775 2943 ὁρᾷν
1796 2870 1857 2924 τὸ
1879 2871 2018 2938 ἀγα-

428 2957 543 3022 θὸν,
576 2959 682 3012 ὑπὸ
711 2958 813 3028 τῆς
850 2961 982 3030 περὶ
1028 2960 1162 3014 αὐτὸ
1197 2961 1306 3014 τῶν
1357 2943 1662 3033 ἀνθρώπων
1703 2963 2018 3029 διαθέσεως,

428 3050 550 3104 δυσὶ
601 3050 812 3116 τούτοις
857 3052 1422 3126 περιστοιχιζόμενον,
1457 3055 1691 3128 αἱρέσει,
1726 3055 1892 3124 λέγω,
1924 3057 2022 3110 καὶ

2117 1960 2373 2010 ceamus,
2410 1945 2558 2015 quod
2603 1944 2652 1998 si
2699 1944 2884 1998 omnia
2918 1943 3316 2010 venderentur,
3347 1941 3492 1996 haud
3540 1930 3718 1996 futuri

2117 2045 2245 2091 sunt
2277 2034 2511 2091 ulterius
2538 2046 2836 2105 emptores.
2885 2052 2906 2084 ι
2960 2031 3166 2087 Taliter
3195 2031 3510 2088 discursum
3551 2029 3713 2086 insti-

2117 2136 2278 2183 tuens
2321 2127 2601 2195 parabata,
2650 2127 2968 2181 mandatum
3019 2125 3267 2182 divinum
3315 2124 3551 2180 ludibrio
3625 2139 3723 2180 ex-

2117 2219 2294 2288 ponit,
2355 2235 2525 2289 seque
2576 2218 2630 2273 in
2681 2233 2746 2273 eo
2825 2217 3128 2288 prudenter
3173 2227 3228 2272 et
3267 2231 3530 2288 generose
3571 2224 3722 2272 retur

2116 2311 2376 2382 gessisse.
2419 2310 2623 2366 Verum
2667 2310 2915 2367 veritatis
2946 2311 3241 2376 sententia,
3287 2309 3446 2380 quasi
3487 2309 3720 2380 colapho

2118 2401 2378 2472 impacto,
2414 2402 2481 2458 ad
2507 2403 2653 2458 hunc
2687 2402 2910 2458 modum
2945 2402 3204 2472 rejectam
3247 2401 3501 2456 exsibilat
3532 2402 3720 2470 pueri-

2119 2495 2225 2551 lem
2275 2505 2330 2552 et
2372 2495 2617 2566 putidam
2662 2495 3164 2551 ratiocinationem.
3217 2492 3472 2564 Inprimis
3527 2495 3720 2551 statuit

2119 2589 2432 2644 mirandum
2483 2602 2591 2642 non
2645 2603 2804 2652 esse,
2853 2587 2902 2643 si
2958 2594 3290 2656 praeceptum
3345 2585 3517 2648 illud,
3575 2587 3722 2640 unde

2120 2681 2302 2752 quivis
2337 2679 2620 2736 modestus
2644 2695 2708 2735 ac
2745 2679 2987 2749 prudens
3035 2679 3328 2733 utilitatem
3361 2687 3722 2748 percepturus

2120 2783 2226 2839 est,
2253 2773 2341 2828 ille
2370 2770 2654 2842 transfuga
2705 2769 3097 2840 nequissimus,
3134 2783 3236 2839 pro
3281 2768 3460 2823 salute
3496 2784 3718 2831 noxam,

2122 2882 2223 2938 pro
2253 2865 2490 2922 utilitate
2521 2865 2800 2929 damnum,
2837 2877 2937 2933 pro
2987 2862 3288 2934 gratiarum
3321 2861 3538 2916 actione
3569 2861 3721 2916 blas-

2123 2963 2372 3034 phemias
2429 2971 2680 3016 eructare
2733 2958 2838 3014 sibi
2895 2956 3204 3028 proposuit.
3273 2955 3724 3010 Animadvertere

2124 3057 2273 3112 enim
2311 3055 2436 3110 licet
2463 3055 2669 3109 bonum
2697 3051 3063 3121 quodcunque
3093 3049 3251 3119 juxta
3299 3047 3586 3103 hominum
3635 3046 3723 3101 di-

431 3147 584 3217 φυγῇ
616 3162 630 3177 ⁸
656 3138 732 3201 ὧν
761 3148 794 3218 ὴ
829 3147 929 3217 μὲν
953 3147 1082 3211 τοὺς
1112 3150 1492 3220 αἱρουμένους,
1544 3150 1637 3203 ἐπὶ
1671 3151 1772 3221 τὴν
1811 3151 2022 3221 ἀμείνω

2129 3165 2344 3204 versam
2397 3163 2526 3217 erga
2558 3147 2738 3217 ipsqu
2790 3143 3248 3214 dispositionem,
3305 3141 3521 3197 duobus
3570 3140 3726 3201 hisce

432 3238 589 3305 τάξιν
615 3239 914 3307 ἀνάγουσα,
945 3239 1142 3305 θεατὰς
1164 3241 1258 3295 τοῦ
1298 3241 1530 3304 κάλλους
1561 3241 1642 3294 ἔτι
1679 3243 1902 3312 μᾶλλον,
1928 3244 2024 3296 καὶ

435 3331 699 3400 γνησίους
731 3332 970 3402 ἐραστὰς
1020 3334 1430 3406 ἀπεργάζεταιο
1467 3337 1534 3406 τῇ
1587 3334 1876 3406 προσθήκῃ
1925 3335 2027 3405 τῆς

433 3423 495 3476 ἐν
551 3422 757 3495 θεωρίᾳ
807 3424 1194 3496 καταλήψεως,
1258 3427 1580 3498 προσθήκην
1635 3425 1906 3480 ἐντιθεῖσα
1932 3425 2028 3479 τοῦ

434 3515 636 3586 ἔρωτος
662 3533 677 3547 ·
713 3517 744 3587 ἠ
775 3516 832 3570 δέ
864 3519 993 3582 τοὺς
1043 3518 1301 3584 οἰκείους,
1329 3519 1404 3582 ὡς
1453 3519 1794 3590 πορρωτάτω
1824 3535 2032 3589 συμφυ-

436 3609 762 3678 γαδεύουσα,
806 3612 903 3664 καὶ
956 3612 1100 3666 κατὰ
1150 3612 1412 3682 κρημνῶν
1460 3613 1556 3665 καὶ
1605 3610 1890 3665 σκοπέλων
1938 3610 2030 3664 καὶ

441 3702 645 3773 μυρίας
675 3702 889 3774 πλάνης
917 3703 1187 3774 φέρουσα,
1223 3705 1317 3759 ἆτε
1361 3704 1427 3777 δὴ
1469 3705 1700 3776 ἐφάπαξ
1750 3705 1852 3776 τῆς
1895 3703 2034 3777 πρὸς

435 3792 500 3845 τὸ
536 3793 737 3862 ἀγαθὸν
774 3793 1028 3858 νεύσεως
1055 3794 1422 3866 διαστήσασα,
1463 3797 1557 3850 καὶ
1602 3795 1774 3866 λήθην
1813 3795 2034 3866 βαθεῖαν

436 3882 534 3936 τοῦ
566 3883 734 3938 κα.λοῦ
766 3883 1052 3955 θεάματος
1119 3887 1489 3957 ἐμποιήσασα,
1524 3885 1670 3959 μόνῳ
1711 3887 1777 3957 δὴ
1819 3889 2034 3958 χαίρειν

438 3974 519 4045 τῷ
549 3975 648 4043 τῆς
678 3978 887 4039 κακίας
923 3975 1160 4042 ἐνεθίζει
1199 3977 1369 4046 ζόφῳ,
1413 3978 1505 4031 καὶ
1549 3977 1781 4048 τυφλοὺς
1808 3980 1907 4050 οὐχ
1941 3974 2039 4051 ἧτ·

438 4084 534 4120 τον
583 4067 615 4140 ἢ
658 4067 972 4139 πολεμίους
1025 4068 1128 4138 τῆς
1174 4067 1324 4138 σφῶν
1373 4069 1650 4140 σωτηρίας
1697 4071 2034 4141 περιίστησι.

443 4158 634 4234 Ταύτῃ
665 4177 748 4214 τοι
789 4163 887 4214 καὶ
926 4161 1238 4228 Ἰουλιανὸς,
1280 4161 1361 4232 τῷ
1409 4162 1508 4232 τῆς
1552 4163 1892 4227 ἀποστασίας
1915 4165 2041 4233 γνό-

444 4267 533 4318 φῳ
563 4250 694 4319 ὃλην
722 4249 823 4319 τὴν
861 4249 1046 4320 ψυχὴν
1076 4249 1471 4319 τεθολωμένος,
1495 4251 1592 4303 καὶ
1633 4250 1732 4314 τάς
1761 4250 1937 4321 δψεις,
1966 4252 2036 4306 δι’

444 4337 580 4413 ὦνὴ
611 4342 918 4413 κατάληψις
961 4342 1055 4396 τοῦ
1112 4342 1319 4415 κυρίως
1356 4342 1509 4406 ὄντος
1535 4344 1911 4417 ἀφῃρημένος,
1945 4346 2036 4416 ἐχ-

449 4436 581 4507 θρὸς
605 4437 699 4489 καὶ
748 4437 1012 4506 πολέμιος
1060 4439 1181 4500 ταῖς
1217 4437 1296 4498 εἰς
1327 4438 1390 4489 τὸ
1431 4436 1654 4508 ἄριστον
1703 4437 2040 4507 ἀναγούσαις

2133 3239 2612 3309 circumscriptum
2638 3277 2654 3302 ,
2706 3236 2970 3292 electione
3013 3233 3274 3288 nimirum
3313 3239 3368 3288 et
3392 3233 3722 3287 aversione:

2131 3346 2366 3404 quarum
2399 3330 2513 3394 illa,
2545 3328 2837 3400 seligentes
2868 3326 2934 3380 ad
2959 3325 3188 3380 meliora
3219 3321 3477 3390 traducit,
3505 3327 3722 3392 specta-

2133 3437 2278 3483 tores
2325 3436 2684 3496 qnoscunque
2731 3430 3006 3475 amatores
3043 3418 3222 3473 adhuc
3255 3416 3430 3488 magis
3482 3415 3723 3486 majores

2132 3525 2380 3588 operata,
2411 3532 2508 3586 per
2533 3513 2895 3584 adjectionem
2928 3509 3241 3566 theoretieze
3271 3507 3727 3578 apprehensionis

2135 3625 2377 3666 amorem
2428 3609 2580 3664 illum
2630 3602 3052 3662 acctnnulaudo.
3081 3601 3208 3656 Haec
3228 3609 3411 3656 autem
3444 3615 3575 3655 suos
3603 3599 3725 3653 affi-

2139 3721 2236 3759 nes
2282 3712 2336 3758 et
2376 3701 2679 3756 familiares
2707 3712 2875 3768 quam
2905 3695 3062 3767 longe
3093 3693 3415 3764 eﬂ‘ugando,
3461 3707 3557 3762 per
3589 3705 3730 3761 prat-

2137 3795 2343 3867 cipitia,
2374 3791 2656 3862 scopulos,
2685 3799 2740 3844 et
2770 3787 3015 3843 infinitos
3043 3800 3260 3841 errores
3299 3784 3544 3844 trahens,
3579 3791 3732 3852 post-

2139 3904 2304 3959 quam
2355 3887 2522 3943 semel
2571 3885 2643 3940 ab
2704 3881 3058 3936 inclinatione
3105 3877 3175 3932 ab
3229 3879 3430 3932 bonum
3481 3885 3732 3946 separata

2139 3979 2328 4045 fuerit,
2375 3986 2430 4033 et
2468 3975 2796 4047 profundam
2837 3971 2966 4026 boni
3000 3969 3368 4024 animadversi
3401 3968 3731 4024 oblivionem

2140 4073 2376 4139 induxit,
2412 4070 2546 4126 solis
2598 4068 2870 4122 malorum
2902 4065 3145 4121 tenebris
3187 4062 3449 4118 obiectari
3483 4061 3731 4118 assuefa-

2141 4168 2236 4230 cit,
2271 4173 2327 4218 et
2353 4177 2528 4218 caacos
2560 4176 2669 4214 non
2703 4159 2886 4213 minus
2919 4172 3084 4227 quam
3109 4170 3222 4209 sua:
3253 4154 3449 4209 salutis
3479 4153 3732 4207 inimicos

2141 4257 2341 4314 reddit.
2380 4255 2672 4319 Julianus,
2706 4267 2830 4306 cum
2882 4258 3062 4319 partes
3107 4248 3305 4302 animm
3352 4245 3593 4316 singulas
3639 4260 3736 4314 per

2143 4366 2300 4406 suam
2334 4346 2670 4419 apostasiam
2699 4344 2934 4415 pollutas
2979 4341 3205 4396 haberet
3234 4349 3288 4394 et
3327 4339 3617 4394 obvolutas
3647 4347 3732 4392 te-

2149 4444 2355 4507 nebris,
2385 4439 2650 4510 exemplis
2672 4439 2738 4493 iis
2770 4436 2945 4492 oculis
2965 4479 2978 4501 ,
3020 4450 3117 4506 per
3143 4449 3314 4503 quos,
3346 4433 3396 4487 id
3427 4433 3574 4502 quod
3605 4447 3734 4486 vere

449 4528 696 4592 ἐντολαῖς
742 4530 1156 4583 ἐπιδείκνυται·
1191 4530 1250 4594 ὂς
1301 4530 1419 4584 οὖδέ
1472 4530 1808 4602 τηλικαύτης
1873 4532 2026 4600 ἐφεί-

2141 4535 2410 4598 subsistit,
2439 4534 2768 4594 intueretur,
2801 4529 3008 4583 hostem
3038 4543 3096 4582 se
3121 4525 3362 4580 declarat
3392 4533 3446 4579 et
3476 4522 3732 4593 perduel-

449 4637 583 4673 σατο
631 4621 991 4675 καθυλακτεῐν
1046 4622 1460 4693 παραινέσεως·
1491 4621 1608 4676 ἀλλ’
1662 4624 1744 4686 είς
1809 4621 2036 4694 μώμους

446 4713 685 4782 ἁπάγειν
713 4714 1098 4785 ἐφιλονείκησε
1142 4715 1241 4785 τὴν
1273 4716 1472 4778 παντὸς
1502 4714 1660 4780 ἀξίαν
1682 4715 1911 4770 ἐπαίνου
1943 4717 2039 4769 καὶ

448 4807 754 4878 θαύματος.
781 4809 852 4862 Τὸ
872 4811 1002 4881 γὰρ,
1031 4827 1049 4860 ι
1087 4809 1382 4879 Πωλήσατε
1410 4811 1478 4863 τά
1513 4810 1830 4880 ὑπάρχοντα
1860 4809 2034 4880 ὑμῶν,

448 4900 545 4953 καί¹
573 4899 692 4953 δότε
727 4901 1124 4972 ἐλεημοσύνην,
1141 4919 1158 4951 ι
1185 4900 1306 4953 τίνα
1333 4900 1700 4971 συμπαθείας,
1723 4902 1844 4955 τίνα
1867 4901 1922 4954 δὲ
1939 4901 2038 4971 τῆς

449 4993 591 5064 πρὸς
626 4994 892 5066 ἀλλήλους
929 4995 1164 5066 ἀληθοῦς
1210 4996 1429 5058 εὐνοίας
1466 4995 1724 5067 ἀφορμὴν
1754 4995 1993 5049 ἐλλείπει
2018 5012 2036 5029 θ

451 5085 568 5139 ἀλλ’
599 5087 954 5158 ἐγκράτειαν.
991 5086 1126 5140 ἀλλά
1173 5087 1557 5160 σωῳροσύνην,
1592 5089 1676 5153 τίς
1731 5090 1790 5143 δέ
1836 5089 2038 5160 μᾶλλον

450 5179 554 5247 τῆς
606 5178 830 5250 ἐντολῆς
881 5179 1089 5249 ταύτης
1145 5179 1470 5248 φιλοσοφίας
1515 5180 1874 5245 διδάσκαλος;
1903 5182 2042 5253 Οὐχ).

451 5266 510 5320 δὲ
540 5268 762 5323 πάντων
789 5269 898 5322 τῶν
923 5270 1135 5336 παθῶν,
1162 5272 1264 5327 ὃσα
1287 5271 1502 5325 τίκτειν
1531 5268 1641 5326 οἶδε
1675 5273 1736 5326 τὸ
1764 5273 2035 5344 φιλάργυ-

455 5374 573 5427 ρον,
605 5358 927 5430 ἐλευθερίαν
961 5361 1252 5431 χαρίζεται
1276 5379 1292 5427 ;
1320 5361 1420 5415 ποῦ
1459 5364 1568 5433 γὰρ
1619 5363 1795 5435 κλοπὴ
1840 5365 2037 5437 φιλαρ-

455 5451 652 5521 γυρίας
674 5453 1052 5526 ἀνῃρημένης,
1079 5454 1184 5508 ποῦ
1201 5453 1248 5508 δ’
1269 5454 1497 5525 ἁρπαγή
1533 5471 1547 5521 ;
1574 5455 1675 5509 πού
1698 5455 1756 5508 δέ
1779 5455 2035 5528 λῃστεία;

2146 4630 2251 4684 lem
2286 4635 2481 4682 contra
2506 4625 2595 4678 illa
2630 4631 2932 4693 praecepta,
2980 4634 3104 4689 qua:
3145 4617 3212 4672 ad
3255 4615 3456 4686 optima
3502 4629 3735 4683 quaeque

2145 4719 2445 4776 reformant
2477 4736 2491 4773 :
2525 4731 2626 4772 nec
2667 4714 2886 4770 desistit
2927 4712 3182 4766 allalrare
3221 4707 3473 4778 quamvis
3515 4707 3734 4760 adhibi-

2146 4824 2254 4866 tam
2283 4809 2742 4872 exhortationem,
2783 4813 2837 4860 et
2865 4803 3011 4874 quod
3052 4816 3235 4856 revera
3263 4797 3421 4852 laude
3447 4812 3512 4851 ac
3553 4795 3729 4849 admi-

2149 4906 2362 4959 ratione
2391 4902 2777 4971 dignissimum
2797 4898 3046 4958 habetur,
3077 4893 3310 4948 momice
3337 4889 3730 4946 traducendum

2152 5000 2361 5054 statuit.
2391 4996 2528 5051 Illud
2576 4995 2723 5049 enim
2756 4991 3022 5048 eﬂ‘atum:
3077 5007 3096 5039 ι
3137 4985 3364 5042 Vendite
3409 4999 3532 5053 quae
3568 4985 3735 5038 hahe-

2144 5090 2236 5155 tis,
2264 5100 2317 5144 ct
2346 5089 2750 5157 eleemosynam
2787 5083 2970 5148 facite,
3013 5099 3032 5132 ›
3071 5081 3123 5134 ἰιι
3149 5093 3260 5148 ιιιιο
3291 5077 3562 5132 defectum
3593 5075 3734 5144 pati-

2145 5192 2234 5240 tur
2293 5181 2525 5250 alicnjus
2594 5177 3032 5249 eompassionis,
3109 5181 3202 5228 aut
3246 5169 3468 5243 genuini
3528 5167 3735 5222 amoris

2147 5277 2429 5331 hominum
2461 5287 2587 5342 erga
2623 5271 2910 5335 homines;
2937 5265 3334 5323 continentiam
3365 5275 3496 5316 vero
3523 5269 3576 5314 et
3600 5267 3738 5312 tent-

2144 5364 2446 5434 perantiam
2474 5362 2599 5432 quis
2633 5361 2685 5415 in
2717 5357 3061 5430 philosophia
3085 5356 3366 5424 magister,
3400 5348 3732 5406 luculentius

2151 5471 2314 5528 quam
2351 5455 2454 5510 hoc
2483 5463 2811 5525 praeceptum
2863 5450 3060 5506 docet?
3089 5446 3279 5504 Nonne
3309 5444 3594 5518 passiones
3618 5440 3738 5497 illas

1755 5676 1988 5733 vanus
2028 5657 2434 5736 L'ECTIONES.

534 5867 564 5912 ἢ
588 5858 652 5919 C.
690 5858 762 5916 Μ.
799 5854 945 5926 οἶκος
972 5860 1188 5933 ἔντιμος
1215 5855 1438 5918 δύναταί
1466 5875 1518 5914 τι
1545 5857 1579 5931 ἢ
1607 5857 1830 5918 δύναταί
1854 5875 1911 5912 τε
1935 5858 1967 5930 ἠ
1997 5856 2162 5913 οἰκία.

2247 5855 2303 5908 ιι*
2331 5853 2392 5914 C.
2428 5851 2500 5918 Μ.
2538 5851 2983 5917 κατασκευάζων.
