4158 6470
525 376 633 439 619

1678 322 1961 433 ‘PHOTII
1999 369 2506 430 PATRIARCILE
2542 370 2652 432 ΟΡ.

3718 378 3820 442 620

524 502 755 553 omnes,
802 501 938 557 quas
986 500 1178 557 parere
1218 486 1357 544 solet
1387 485 1640 552 avaritia,
1676 486 1958 540 liberrime
2005 499 2124 539 am-

2233 483 2288 537 ἐν
2343 477 2425 546 οἷς
2479 483 2577 535 καὶ
2631 483 2742 536 τῶν
2805 483 3284 556 ίδίωνήδιανομὴ
3345 486 3823 557 περισπούδαστον

523 580 823 653 plectitur?
846 580 1070 649 rapinas,
1096 580 1469 646 latrocinium,
1499 588 1629 645 etc.,
1651 579 1747 633 ubi
1777 577 2121 633 consistent?

524 674 574 730 si
597 688 720 746 qua:
748 672 1095 742 possidemus
1121 673 1366 729 studiose
1387 673 1704 742 dispergere
1730 668 2125 725 tolerabimus?

523 767 989 834 concertationes,
1047 766 1203 831 rixae,
1237 767 1515 839 pugnandi
1547 765 1789 821 studium
1810 806 1826 830 ,
1859 764 2123 819 continuo

523 867 887 922 evanescunt,
941 859 987 914 si
1032 858 1241 914 divitiis
1274 875 1381 913 non
1415 874 1707 929 parcamus
1736 854 2071 926 dissipandis
2106 868 2122 907 :

523 949 764 1016 lasciva,
814 952 1062 1022 prodiga,
1098 952 1378 1009 luxuriosa
1424 952 1640 1007 vivendi
1672 951 1811 1006 ratio
1849 966 2122 1021 nusquam

525 1043 829 1113 subrepere
876 1044 1109 1113 poterit,
1172 1045 1265 1099 ubi
1318 1045 1635 1100 dominatur
1675 1044 2022 1115 eleemosyna
2070 1051 2129 1099 et

524 1135 793 1205 quidquid
823 1147 1104 1207 superstat
1134 1138 1186 1192 in
1218 1154 1380 1194 usum
1421 1153 1759 1209 pauperum,
1793 1146 1849 1191 et
1879 1137 2124 1193 necessi-

525 1230 670 1279 tates
699 1224 1034 1282 alleviandas
1062 1227 1393 1296 impenditur
1435 1244 1448 1281 :
1500 1242 1625 1296 qua:
1657 1241 1764 1280 non
1795 1226 2003 1295 patitur
2030 1225 2128 1279 bo-

525 1314 732 1370 minem
779 1317 1228 1373 contumeliosius
1268 1334 1328 1373 se
1373 1332 1593 1387 gerere,
1629 1325 1852 1387 propter
1895 1316 2128 1371 luxuria:

530 1411 841 1466 satietatem
881 1419 974 1465 aut
1002 1409 1233 1476 alicujus
1264 1410 1491 1465 alterius
1521 1410 1818 1477 voluptatis
1853 1409 1996 1464 unde
2030 1423 2125 1464 so-

524 1503 639 1559 lent
671 1501 957 1572 passiones
986 1501 1092 1557 illm
1116 1500 1411 1571 pullulare,
1440 1501 1523 1555 vel
1546 1499 1917 1569 turpitudines
1945 1506 2128 1555 tactus

524 1592 975 1650 accommodatae.
1021 1590 1312 1658 Quocirca,
1373 1590 1652 1661 quomodo
1690 1590 1808 1645 ﬁeri
1849 1598 2030 1660 potest
2069 1596 2131 1645 ut

524 1687 866 1747 humanitas.
894 1687 1210 1742 communio
1236 1686 1531 1748 bonorum,
1565 1684 1857 1755 dispositio
1884 1684 1950 1739 ad
1977 1699 2125 1738 como

2226 573 2457 643 δρᾶταιο
2498 572 2645 643 ἐρεις
2680 572 2737 627 δὲ
2781 573 2876 627 καὶ
2909 574 3104 644 μάχαι,
3142 574 3238 627 καὶ
3284 574 3641 644 φιλονεικίαι,
3675 582 3735 633 οὑ
3761 586 3823 653 τῇ

2226 663 2337 715 τῶν
2367 662 2673 734 χρημάτων
2704 663 2925 733 ἀφειδίᾳ
2954 663 3153 717 αὑτίκα
3194 667 3661 735 συναφανίζονται
3683 686 3697 699 ·
3735 672 3762 723 ὁ
3782 672 3824 725 δ’

2226 754 2529 818 ἀκόλαστος
2574 754 2669 809 καὶ
2709 754 2917 816 ἄσωτος
2950 754 3063 824 βίος
3116 755 3226 826 ἀρα
3274 758 3646 829 παρείσδυσιν
3690 762 3823 829 ἕξει,

2227 848 2330 919 τῆς
2370 848 2745 921 ἐλεημοσύνης
2796 844 3230 919 ἐπικρατούσης,
3286 850 3381 903 καὶ
3432 852 3495 903 τὸ
3559 854 3825 923 περισσὸν

2230 940 2378 995 ἅπαν
2411 943 2493 1006 είς
2521 940 2621 1013 τὴν
2650 942 2761 995 τῶν
2813 940 3009 994 ἐνδεῶν
3051 942 3567 1014 καταναλισκούσης
3613 945 3823 1015 χρείαν,

2230 1034 2327 1088 καὶ
2356 1034 2457 1088 οὑκ
2481 1032 2660 1106 ἐώσης
2694 1034 2775 1099 είς
2824 1033 2988 1105 κόρον
3022 1034 3259 1105 τρυφῆς,
3295 1034 3328 1104 ἢ
3360 1036 3457 1104 τῆς
3501 1035 3677 1105 ἄλλης
3705 1038 3827 1107 ἡδυ-

2234 1125 2469 1189 παθείας
2503 1126 2594 1179 τὸν
2623 1125 2915 1197 ἄνθρωπον
2961 1125 3291 1197 ἐξυϐρίζειν,
3332 1126 3400 1179 δι’
3427 1120 3504 1181 ὧν
3542 1129 3707 1182 εῐωθε
3738 1132 3826 1186 καὶ

2229 1216 2300 1269 τὰ
2333 1216 2463 1287 περὶ
2484 1214 2628 1286 ἁφὴν
2672 1216 3005 1288 αίσχρότερα
3044 1216 3193 1286 πάθη
3242 1216 3667 1287 παραφύεσθαι.
3706 1219 3824 1284 Πῶς

2232 1308 2327 1362 οὖν
2354 1309 2413 1362 τὸ
2442 1308 2830 1379 φιλάνθρωπον
2885 1308 2980 1363 καὶ
3029 1307 3385 1373 κοινωνικὸν,
3417 1308 3477 1361 τὸ
3540 1309 3683 1380 πρὸς
3738 1313 3824 1367 τὸν

2232 1400 2383 1454 ἔλεον
2413 1399 2523 1454 τῶν
2554 1400 2925 1473 ἠπορημένων
2965 1400 3210 1471 ἕτοιμον,
3243 1399 3587 1472 ἀναστρέψει
3611 1402 3712 1466 τὰς
3733 1404 3825 1457 πό-

2236 1491 2355 1556 λεις
2385 1492 2481 1547 καὶ
2508 1492 2577 1546 τὰ
2609 1492 2762 1563 ἔθνη,
2797 1492 2893 1546 καὶ
2926 1492 3025 1556 τὰς
3056 1491 3233 1556 οἰκίας
3258 1511 3273 1559 ;
3297 1493 3415 1556 πῶς
3444 1492 3505 1547 δὲ
3530 1495 3564 1563 ἡ
3592 1494 3696 1563 τῆς
3728 1497 3820 1566 άρ-

2232 1583 2474 1655 παγῆςῆ
2511 1585 2611 1656 τῆς
2640 1584 2899 1655 λῃστείας
2932 1595 2954 1622 ι’
2983 1584 3015 1655 ἢ
3046 1585 3231 1653 πάσης
3252 1583 3439 1647 ἁπλῶς
3468 1584 3697 1649 ἀδικίας
3725 1588 3815 1639 καὶ

2232 1678 2556 1749 τυραννίδος
2582 1679 2874 1750 άναίρησις
2900 1678 3065 1748 ’,τῆς
3088 1676 3437 1749 ἀνθρωπίνης
3466 1676 3627 1730 ἔσται
3661 1695 3819 1737 κατα-

524 1780 906 1838 miserandum
932 1794 1099 1849 super
1123 1787 1366 1848 egentes,
1407 1776 1677 1839 civitates,
1702 1785 1911 1846 gentes,
1934 1776 2128 1831 domos

2235 1767 2444 1840 στροφὴ
2474 1767 2787 1835 πολιτείας;
2834 1768 2894 1822 '0
2921 1768 3031 1840 γάρ
3061 1786 3143 1822 τοι
3186 1769 3283 1822 καὶ
3314 1767 3423 1822 τῶν
3457 1768 3664 1822 ἐαυτοῦ
3693 1786 3819 1839 κτη-

523 1881 792 1932 everteret
839 1881 895 1928 et
940 1870 1212 1926 familias?
1241 1869 1531 1936 Quomodo
1560 1869 1786 1938 rapinae,
1824 1867 2123 1930 latrocinii,

2239 1839 2441 1930 μάτων
2462 1860 2606 1932 ὑπὲρ
2624 1860 2719 1914 τοῦ
2746 1860 2900 1931 κοινῆ
2924 1839 3332 1925 λυσιτελοῦντος
3363 1861 3707 1932 ἠφειδηκὼς,
3731 1866 3818 1918 καὶ

523 1966 812 2037 injustitla:
841 1973 897 2021 et
933 1964 1239 2038 tyrannidis
1273 1962 1512 2018 sublatio
1554 1962 1732 2017 civilis
1764 1975 1888 2017 esse
1930 1961 2132 2030 poterit

524 2058 943 2131 gubernationis
977 2056 1306 2113 subversio?
1335 2056 1473 2110 Nam
1509 2055 1602 2126 qui
1636 2068 1735 2125 pro
1765 2053 1911 2108 bono
1956 2052 2133 2123 publi-

526 2167 594 2209 co
622 2151 858 2222 propriis
887 2151 1004 2206 suis
1035 2149 1392 2204 facultatibus
1426 2164 1534 2203 non
1568 2147 1907 2218 pepercerit,
1943 2148 2038 2218 qui
2072 2146 2127 2202 in

525 2241 741 2297 vicinos
779 2240 847 2295 de
878 2239 1118 2311 propriis
1175 2238 1292 2294 suis
1344 2238 1509 2293 rebus
1564 2237 1893 2301 contulerit,
1940 2236 2129 2307 quise

523 2331 902 2390 sublimiorem
950 2330 1296 2402 praestiterit,
1324 2344 1490 2401 quam
1530 2336 1593 2385 ut
1638 2329 1885 2385 materire
1926 2328 2129 2385 affixus

522 2426 886 2487 adhaereseat.
926 2423 1205 2495 quomodo
1251 2423 1299 2478 is
1328 2438 1427 2494 per
1453 2424 1708 2492 quamvis
1742 2421 2129 2493 praedictarum

520 2519 846 2590 passionum
900 2517 1180 2587 captivum
1218 2532 1278 2572 se
1309 2517 1509 2572 abduci
1560 2517 1839 2586 patietur?
1866 2514 1982 2571 lmo
2026 2530 2127 2587 po-

521 2615 663 2680 tius,
706 2628 833 2669 cum
868 2612 938 2668 ab
983 2612 1103 2667 istis
1135 2612 1394 2665 omnibus
1423 2624 1597 2680 purus
1643 2606 1832 2672 fuerit,
1868 2617 1922 2663 et
1948 2609 2129 2663 omni-

523 2705 693 2761 modo
722 2704 837 2769 illa,
868 2717 993 2773 qua).
1027 2717 1150 2756 vere
1183 2701 1328 2755 bona
1364 2707 1515 2763 sunt,
1554 2698 1658 2753 sibi
1691 2696 2004 2768 conquirat,
2036 2696 2129 2766 qui

524 2814 635 2852 non
683 2796 847 2851 modo
896 2795 1112 2850 civibus
1162 2791 1535 2862 indigentibus
1584 2790 1851 2845 auxilium
1901 2789 2127 2855 afferat,

525 2889 622 2946 sed
657 2896 713 2945 et
752 2904 850 2961 per
888 2888 1162 2959 privatam
1208 2884 1294 2940 sui
1338 2883 1511 2954 ipsius
1545 2882 2040 2945 conversationem,
2077 2890 2131 2937 et

526 2983 827 3038 maximam
874 2980 1193 3052 praestiterit
1235 2979 1528 3034 utilitatem
1555 3016 1572 3041 ,
1617 2991 1684 3033 ac
1736 2975 2132 3047 philosophiae

528 3083 583 3127 et
607 3072 861 3129 sublimis
888 3073 1017 3127 vita:
1056 3070 1387 3143 exemplum.
1431 3068 1545 3136 llli,
1572 3068 1666 3139 qui
1696 3067 1856 3139 quasi
1909 3064 2129 3139 puhllca

2233 1953 2347 2015 τοῖς
2380 1950 2610 2024 πλησίον
2644 1953 3003 2024 ἐξιστάμενος
3052 1954 3153 2023 τῆς
3207 1953 3344 2018 ίδίας
3390 1953 3689 2024 ὠφελείας,
3732 1959 3818 2010 καὶ

2232 2044 2357 2098 ὅλον
2388 2045 2583 2099 ἑαυτὸν
2610 2044 2943 2118 ὑψηλότερον
2974 2046 3178 2117 φέρων,
3210 2046 3310 2117 τῆς
3350 2046 3483 2115 περλ⁵
3532 2046 3640 2118 τὴν
3694 2047 3815 2117 ὕλην

2232 2131 2635 2203 προσπαθείας,
2662 2134 2780 2196 πῶς
2813 2133 2880 2189 ἂν
2906 2134 2987 2187 ἐνί
3018 2153 3125 2188 τινι
3166 2135 3276 2188 τῶν
3315 2135 3635 2205 εἰρημένων
3672 2137 3814 2207 ἁλοίη

2232 2222 2457 2291 παθῶν;
2489 2224 2710 2279 Μᾶλλον
2736 2226 2814 2289 δέ,
2843 2226 2960 2291 πῶς
3005 2226 3127 2297 οὑχὶ
3159 2225 3365 2280 τούτων
3395 2227 3663 2281 ἁπάντων
3725 2245 3814 2281 κα-

2234 2313 2506 2387 θαρεύων,
2543 2316 2724 2389 ἑαυτῷ
2767 2334 2827 2371 τε
2856 2317 3230 2389 διαφερόντως
3281 2318 3727 2389 καταπράττοιτο
3753 2320 3815 2372 τά

2232 2407 2403 2473 ὅντως
2431 2408 2560 2464 ὅντα
2588 2409 2793 2479 ἀγαθὰ,
2833 2410 2931 2464 καὶ
2974 2412 3090 2474 τοῖς
3138 2410 3406 2477 πολίταις,
3447 2411 3511 2464 οὑ
3568 2411 3729 2481 μόνον
3754 2411 3813 2463 δι’

2231 2492 2308 2553 ὧν
2335 2499 2708 2571 ἐπεκούρησεν
2768 2501 3188 2573 ἀπορουμένοις,
3234 2502 3371 2557 ἀλλὰ
3416 2503 3517 2555 καὶ
3557 2502 3627 2557 δι’
3660 2500 3811 2557 αὑτοῦ

2233 2592 2354 2646 καθ’
2384 2592 2579 2646 ἑαυτὸν
2617 2593 3018 2665 πολιτεύματος
3078 2600 3220 2665 μέγα
3246 2593 3313 2649 ἂν
3360 2595 3444 2665 εἴη
3478 2594 3672 2664 ὄφελος
3730 2593 3812 2647 καὶ

2235 2685 2542 2755 ὑπόδειγμα
2574 2685 2867 2755 φιλοσόφου
2921 2688 3016 2741 καὶ
3056 2686 3266 2758 ὑψηλοῦ
3302 2686 3421 2758 βίου
3457 2687 3811 2758 προτεθειμέ-

2232 2793 2343 2838 νος.
2390 2777 2485 2829 Ἐκ
2510 2776 2569 2829 δὲ
2600 2777 2860 2830 τοιούτων
2890 2776 3126 2847 ἀνδρῶν,
3148 2778 3308 2831 κοινά
3326 2778 3425 2847 μὲν
3451 2777 3526 2830 τὰ
3546 2778 3675 2830 ὄντα
3694 2792 3813 2846 προ-

2232 2868 2516 2933 τιθέντων,
2555 2868 2739 2932 ἐλέους
2765 2869 2825 2922 δέ
2856 2870 3099 2940 πλήρους
3130 2870 3231 2933 τάς
3274 2870 3458 2939 δεξιὰς
3507 2870 3811 2943 προτεινόν-

2232 2977 2364 3025 των,
2393 2960 2488 3013 καῖ
2520 2958 2644 3030 βίαν
2699 2960 2798 3031 μὲν
2836 2962 3018 3015 πᾶσαν
3063 2962 3421 3028 ἐλαυνόντων,
3447 2963 3513 3017 τὸ
3535 2964 3739 3016 δίκαιον
3763 2960 3813 3014 δὲ

2231 3053 2541 3124 τιμώντων,
2569 3053 2667 3107 καὶ
2691 3054 2971 3125 συντόμως
3004 3056 3201 3120 εἰπεῖν,
3236 3055 3294 3108 ἐν
3328 3054 3428 3125 ίσῳ
3461 3057 3677 3119 ἑαυτοῖς
3697 3053 3810 3116 τοὺς

528 3167 975 3237 complectuntur
1016 3163 1223 3231 omnia,
1267 3163 1362 3233 qui
1394 3162 1658 3219 dexteras
1687 3162 1878 3234 plenas
1906 3163 2127 3218 miseri-

2235 3145 2464 3217 πλησίον
2524 3146 2868 3217 ποιουμένων
2890 3162 2904 3176 ⁸
2938 3148 2973 3217 ἡ
3014 3148 3080 3199 ἐκ
3110 3147 3370 3202 τοιούτων
3438 3147 3651 3220 ἀνδρῶν
3675 3145 3812 3204 πόλις

527 3256 715 3313 cordia
746 3256 1023 3321 attollunt,
1061 3254 1157 3325 qui
1190 3253 1298 3307 vim
1335 3264 1389 3307 et
1414 3252 1732 3307 violentiam
1757 3253 2127 3309 exterminant

2234 3238 2578 3310 οίκιζομένη,
2627 3239 2746 3311 ἄρα
2795 3239 3005 3311 φθορᾶς
3040 3241 3104 3293 ἐκ
3147 3240 3407 3308 γειτόνων
3439 3239 3633 3293 ἔσται’
3658 3238 3689 3308 ἦ
3719 3253 3812 3308 μα-

526 3357 780 3411 omnem,
824 3341 1220 3413 qui~justitiam
1260 3340 1567 3403 honorant,
1611 3348 1663 3395 et
1706 3348 1767 3395 ut
1799 3342 2126 3412 compendio

526 3431 744 3498 dicam,
777 3430 870 3501 qui
926 3444 986 3486 se
1034 3444 1156 3485 cum
1213 3427 1427 3483 caeteris
1483 3427 1589 3483 sub
1640 3428 1760 3499 pari
1814 3429 2129 3485 conditione

528 3527 767 3592 gerunt:
803 3517 896 3572 ubi
930 3532 1025 3587 per
1067 3515 1202 3571 tales
1239 3513 1501 3570 incolitur
1533 3516 1717 3586 aliqua
1760 3516 1974 3584 civitas,
2016 3534 2128 3574 non

528 3619 792 3681 sequetur
820 3607 1087 3664 desolatio
1124 3605 1428 3660 vicinorum
1455 3622 1469 3659 :
1503 3606 1616 3661 imo
1646 3607 1739 3677 qui
1770 3607 1963 3663 diutini
1995 3617 2134 3664 tem-

2235 3330 2355 3401 κρῷ
2394 3331 2489 3384 καὶ
2513 3331 2638 3383 ὅσαι
2669 3328 2890 3383 πώποτε
2916 3330 3133 3399 συχνοῖς
3158 3329 3305 3383 ἔτεσι
3343 3329 3443 3390 τὴν
3474 3326 3811 3399 εὐδαιμονίαν

2234 3425 2396 3495 ἔσχον
2436 3422 2979 3496 παραμετρουμένην
3008 3423 3104 3477 καὶ
3152 3422 3361 3477 τούτων
3404 3422 3634 3477 ἀπασῶν
3661 3418 3809 3490 ἀμεί·

2237 3537 2316 3574 νω
2338 3536 2399 3572 τε
2424 3518 2521 3573 καὶ
2550 3517 2972 3583 διαιωνίζουσαν
3004 3518 3207 3589 μᾶλλον
3229 3517 3328 3592 τὴν
3357 3517 3624 3591 διαμονήν
3647 3532 3704 3570 τε
3726 3512 3809 3568 καὶ

2237 3610 2302 3665 τὺ
2333 3611 2493 3674 κλέος
2528 3610 2664 3677 ἐξει.

528 3703 679 3773 poris
726 3700 986 3757 felicitate
1029 3707 1160 3757 sunt
1191 3698 1403 3771 gavisi,
1437 3699 1687 3757 eamdem
1763 3702 2010 3757 numeris
2051 3703 2166 3760 suis
2203 3704 2620 3776 perfectionem,
2664 3713 2717 3759 et
2781 3704 2944 3777 longa
2972 3702 3670 3785 durationexcontinuatam
3697 3711 3807 3754 cum

529 3795 705 3867 glOria
741 3795 977 3851 trahent.

604 3882 809 3945 Verum
840 3885 1083 3956 prudens
1126 3886 1219 3944 ille
1247 3886 1494 3945 lulianus
1518 3903 1628 3944 non
1659 3886 1764 3944 hoc
1789 3887 2128 3957 intendebat,

533 3980 597 4030 ut
626 3972 840 4028 videtur
874 3991 889 4028 :
921 3975 1069 4031 cives
1099 3991 1232 4032 suos
1266 3978 1482 4034 volebat
1529 3978 1680 4049 gravi
1713 3988 1767 4033 et
1796 3979 1932 4035 dura
1964 3995 2127 4035 manu

530 4064 755 4137 injecta,
796 4067 866 4124 de
913 4068 1108 4124 alienis
1135 4069 1421 4127 laboribus
1450 4069 1741 4128 facultates
1783 4072 1888 4127 sibi
1937 4073 2131 4144 acqui-

531 4174 688 4227 rere,
740 4176 841 4217 nec
887 4177 1112 4232 parcere
1155 4164 1243 4219 vel
1285 4163 1649 4221 latrocinandi
1696 4165 1972 4231 audaciae,
2019 4180 2130 4220 non

534 4249 755 4321 quidem
800 4251 1066 4319 insidias,
1121 4269 1229 4309 non
1283 4254 1393 4309 vim
1446 4265 1695 4326 apertam
1727 4253 2126 4326 subterfugere.

534 4340 692 4408 Quod
723 4341 769 4397 si
792 4358 887 4412 per
917 4344 1263 4415 tyrannidem
1297 4346 1563 4402 insultare
1589 4355 1856 4417 oporteat,
1892 4346 1939 4401 si
1973 4346 2131 4417 quid-

533 4448 701 4503 quam
731 4434 1023 4491 Phalaride
1052 4437 1418 4494 truculentius
1445 4448 1498 4493 et
1540 4438 1819 4493 crudelius
1855 4438 1927 4492 sit
1968 4453 2132 4508 agen-

2321 3885 2464 3942 ⁹Αλλ’
2506 3886 2535 3939 ὁ
2580 3885 2763 3954 σοφὸς,
2797 3885 2873 3950 ὡς
2903 3884 3097 3951 ἔοικεν,
3139 3883 3427 3948 Ἰουλιανὸς
3468 3885 3533 3938 οὑ
3576 3880 3805 3954 βούλεται

2237 3978 2395 4034 τοῦτο
2414 3993 2429 4008 ·
2457 3976 2631 4030 ἐθέλει
2662 3976 2720 4030 δὲ
2750 3976 2877 4039 τοὺς
2908 3974 3072 4029 αὑτοῦ
3118 3974 3345 4038 πολίτας
3392 3976 3552 4046 χεῖρα
3597 3972 3691 4044 μὲν
3720 3969 3807 4040 βαι

2240 4072 2396 4141 ρεῖαν
2422 4066 2835 4139 προϐεϐλῆσθαι
2858 4069 2923 4121 ἐκ
2953 4067 3061 4120 τῶν
3085 4066 3386 4138 ἀλλοτρίων
3417 4066 3598 4120 πόνων
3642 4060 3808 4120 αὑτοῖς

2236 4162 2338 4235 τὴν
2367 4159 2688 4234 περιουσίαν
2715 4159 3082 4229 συλλέγουσαν
3112 4163 3156 4226 τ,
3191 4159 3266 4230 μὴ
3294 4156 3577 4227 φείδεσθαι
3602 4156 3655 4209 δέ
3682 4152 3806 4223 μήτε

2238 4253 2536 4327 λῃστρικοῦ
2579 4252 2787 4324 τόλμης
2812 4293 2826 4319 ,
2863 4253 3002 4324 μήτε
3047 4252 3317 4323 λαθραίας
3342 4293 3357 4319 ,
3392 4252 3520 4323 μήτ’
3549 4244 3806 4320 ἐμφανοῦς

2237 4345 2552 4416 ἐπιϐουλῆς.
2595 4344 2758 4398 Ἀλλά
2786 4346 2892 4399 κᾶν
2925 4344 3202 4413 τυραννίδι
3236 4342 3522 4397 ἐπιθέσθαι
3551 4342 3686 4395 δέοι*
3715 4336 3805 4389 κᾶν

2235 4438 2538 4509 Φαλάριδος
2570 4436 2851 4509 ὠμότερον
2886 4434 3095 4508 πράξαι
3119 4453 3179 4490 τε
3211 4438 3306 4489 καὶ
3331 4436 3478 4500 δόξαι
3499 4453 3513 4467 ο
3554 4433 3653 4489 κᾶν
3682 4430 3804 4483 πάνυ

535 4526 692 4589 dtlm,
741 4523 785 4578 si
826 4525 1123 4595 superandi
1171 4542 1363 4582 omnes
1398 4527 1466 4580 ab
1505 4527 1619 4582 ullo
1666 4525 1910 4583 facinore
1966 4526 2127 4581 fami-

2233 4547 2332 4595 τας
2368 4529 2797 4601 ἀποκρύψασθαι
2830 4530 2957 4593 τοὺς
3004 4530 3098 4583 ἐπὶ
3129 4530 3280 4603 πάσῃ
3331 4529 3503 4601 κακίᾳ
3554 4522 3805 4600 βεϐοημέ-

536 4616 732 4687 gerati,
783 4615 918 4677 nihil
959 4615 1189 4673 omnino
1230 4617 1655 4687 praetermittere
1701 4634 1797 4673 eos
1846 4618 1980 4684 vult,
2029 4625 2127 4672 aut

535 4706 829 4780 diffugere,
875 4716 935 4763 ut
966 4723 1080 4765 rem
1113 4724 1265 4764 suam
1304 4709 1508 4771 faciant
1540 4710 1883 4781 ampliorem,
1909 4718 1968 4764 ut
2008 4725 2129 4766 om-

534 4797 750 4869 nigenaa
778 4798 1074 4869 voluptatis
1097 4810 1336 4871 segetem
1362 4802 1696 4868 uberiorem,
1723 4810 1777 4859 et
1811 4802 2127 4873 cupiditatis

536 4890 821 4945 materiem
868 4902 1191 4962 comparent
1232 4901 1287 4948 et
1312 4894 1610 4949 recondant
1652 4912 1665 4949 :
1718 4909 1831 4966 quo
1876 4896 2127 4951 securius

536 4982 798 5054 deinceps
836 4984 1073 5045 licentia:
1099 4996 1322 5056 possent
1362 4986 1677 5056 indulgere,
1719 4987 1898 5043 ventri
1930 4996 1983 5048 et
2021 5003 2127 5058 pu-

536 5076 732 5135 dendis
764 5077 1032 5145 viventes,
1077 5079 1243 5134 vitam
1275 5094 1400 5135 cum
1437 5079 1643 5138 honore
1675 5096 1739 5136 ac
1778 5080 2129 5137 aamulationc

538 5171 885 5242 conjunctam
918 5181 973 5228 et
1018 5172 1344 5244 longissimo
1396 5182 1574 5229 tractu
1608 5176 1963 5240 duraturam,
2016 5190 2124 5230 non

539 5263 704 5319 aliam
728 5279 892 5334 quam
920 5274 1243 5334 prmsentem
1273 5265 1375 5319 sibi
1406 5265 1869 5327 circumscribunt
1900 5284 1913 5321 :
1949 5281 2128 5337 neque

540 5356 689 5411 enim
735 5356 945 5411 laudari
981 5356 1140 5412 debet
1172 5357 1463 5412 consilium
1495 5358 1649 5423 illud,
1694 5374 1804 5429 quo
1830 5373 1927 5429 per
1966 5362 2132 5414 sedu-

542 5448 650 5507 lam
675 5462 864 5504 curam
904 5449 1099 5511 civitas
1121 5450 1448 5519 aedificatur,
1478 5451 1636 5522 cujus
1665 5468 1880 5507 summa
1915 5462 1968 5508 et
1996 5467 2130 5523 pro-

545 5540 709 5595 funda
737 5542 1025 5612 prudentia
1070 5552 1257 5612 gentes
1299 5544 1579 5612 continet,
1628 5555 1681 5601 et
1734 5545 1928 5600 domos
1961 5545 2131 5601 stabi-

2238 4641 2383 4689 νους,
2424 4623 2565 4695 ὑπὲρ
2611 4621 2706 4676 τοῦ
2738 4622 2907 4676 πλείω
2945 4623 3014 4677 τὰ
3050 4624 3366 4694 ὑπάρχοντα
3399 4624 3624 4693 ποιῆσαι
3654 4616 3804 4689 μηδὲν

2240 4714 2512 4787 μηδαμῶς
2558 4713 2967 4785 παραιτεῖσθαι,
3008 4714 3085 4777 ὡς
3116 4714 3182 4768 ἂν
3232 4714 3455 4785 ἁπάσης
3503 4710 3691 4784 ἡδονῆς
3724 4704 3804 4759 καὶ

2236 4806 2537 4878 ἐπιθυμίας
2570 4806 2703 4877 ’ὑλην
2726 4805 2961 4876 ἄφθονον
2984 4807 3200 4870 ἐαυτοῖς
3222 4803 3700 4877 παρεσκευακότες
3722 4792 3803 4850 καὶ

2236 4899 2590 4971 ἀποθέμενοι,
2623 4898 2797 4963 ἀδεῶς
2829 4900 2922 4953 τοῦ
2946 4898 3135 4952 λοιποῦ
3165 4899 3417 4970 τρυφῶσί
3444 4916 3503 4952 τε
3530 4898 3623 4952 καὶ
3645 4904 3800 4947 κατα-

2238 4992 2584 5058 σπαταλῶσι,
2612 4996 2817 5065 γαστρὶ
2848 4992 2945 5047 καὶ
2980 4992 3208 5057 αἰδοίοις
3234 4992 3461 5056 ζῶντες,
3494 4991 3587 5046 καὶ
3620 4986 3703 5041 τὸν
3727 4982 3805 5035 εὑ·

2238 5086 2373 5140 κλεᾶ
2403 5088 2499 5140 καὶ
2522 5085 2889 5158 ἀξιοζήλωτον
2921 5086 3057 5156 βίον,
3099 5087 3195 5141 καὶ
3226 5087 3305 5151 είς
3344 5088 3611 5157 μήκιστον
3637 5091 3800 5148 παρα·

2237 5177 2555 5247 τεινόμενον
2584 5177 2796 5249 χρόνον,
2832 5178 2933 5231 οὑκ
2960 5177 3122 5231 ἄλλον
3154 5178 3271 5231 ἀλλ’
3299 5174 3380 5241 οἷς
3410 5170 3557 5230 οὗτοι
3592 5170 3799 5245 βιοῦσιν,

2239 5266 2667 5339 περιορίζοντες.
2692 5267 2766 5320 Οὑ
2796 5266 2905 5338 γὰρ
2930 5267 3068 5339 καλή
3101 5284 3164 5336 γε
3202 5270 3234 5338 ή
3272 5267 3552 5338 συμϐουλὴ
3580 5263 3688 5325 τοῦ,
3714 5257 3800 5318 τὰς

2241 5360 2447 5424 πόλεις,
2476 5358 2542 5411 δι’
2576 5352 2651 5412 ὧν
2682 5359 2982 5429 φροντίζει,
3007 5358 3339 5423 πολίζοντος,
3372 5360 3468 5412 καὶ
3492 5354 3552 5413 οὗ
3574 5359 3605 5429 ἡ
3628 5350 3799 5426 βαθεῖα

2237 5453 2331 5507 καὶ
2361 5452 2576 5523 μεγάλη
2600 5451 2828 5521 πρόνοια
2858 5454 2925 5505 τὰ
2958 5452 3086 5523 ἔθνη
3124 5452 3360 5522 συνέχει,
3395 5452 3492 5505 καὶ
3517 5451 3611 5515 τὰς
3642 5443 3798 5502 οἰκίας

2242 5546 2581 5617 συνίστησιν,
2631 5544 2689 5608 ὃς
2722 5544 2782 5611 ἐξ
2818 5537 2893 5599 ὧν
2926 5544 3073 5610 ἔδοξε
3125 5546 3326 5615 λέγειν,
3382 5546 3506 5601 ἀντὶ
3556 5543 3649 5617 μὲν
3693 5533 3796 5607 φιλο

1844 5744 2078 5803 γΑΡιιίΕ
2119 5743 2531 5801 LECTIONES.

655 5869 676 5903 τ
708 5858 769 5916 ς..
799 5855 874 5915 Μ.
932 5859 968 5930 ἡ
1005 5857 1102 5928 τῆς
1134 5857 1289 5929 λῃστ.
1404 5868 1425 5897 ³
1458 5858 1519 5913 C.
1570 5857 1641 5915 ill.
1701 5858 2005 5931 ἀναίρεσις.

2074 5942 2075 5945 η
2128 5862 2143 5903 ι
2186 5859 2274 5918 τσ.
2311 5858 2701 5929 συλλέγοντας,
2735 5859 2799 5918 C.
2830 5859 2901 5919 Μ.
2960 5860 3346 5933 συλλέγουσαν.
