4158 6486
403 414 511 482 ϐἓὶ

1388 403 1497 476 ᾺΙ)
1549 416 2148 477 AMPlllLOClllUM
2204 421 2550 491 QUIESTIO
2602 425 2697 485 CI.

3563 422 3667 482 (332

395 533 731 602 ανθρωπων,
762 528 1156 600 φιλαργύρους,
1205 528 1324 581 ἀντὶ
1365 527 1422 581 δὲ
1457 529 1818 598 φιλαλλήλων,
1857 530 1973 583 ἐπι-

2089 526 2209 585 litas
2241 529 2389 597 facit,
2435 533 2564 604 qui,
2602 531 2748 604 quod
2790 545 2820 586 e
2867 531 3214 587 sermonibus
3256 531 3432 601 colligi
3467 542 3668 600 potest.

395 623 648 688 δούλους,
681 624 773 676 καὶ
803 623 924 677 ἀντὶ
954 621 1278 692 ἐλεημόνων,
1305 620 1694 692 ἀνελεήμονας,
1715 625 1830 688 καὶ,
1857 641 1983 678 συν-

393 717 581 786 τόμως
613 716 809 779 εἰπεῖν,
832 716 952 768 ἀντὶ
985 713 1078 766 τοῦ
1105 712 1195 767 διὰ
1221 712 1441 766 πάντων
1462 714 1740 783 ἀρίστους,
1761 718 1820 769 ἐν
1847 717 1982 768 πᾶσι

396 809 696 870 κακίστους
723 803 896 870 εῖναι,
931 804 1342 876 εἰσηγούμενος.
1376 805 1546 876 Δῆλον
1581 805 1712 876 γὰρ,
1744 807 1826 860 ὅτι
1861 806 1982 860 καθ’

401 901 462 954 ὃν
505 901 709 970 τρόπον
736 899 798 952 τὸ
832 897 1210 969 ἀφιλάργυρον
1251 894 1385 969 ἦθος
1432 899 1826 968 συνεφέλκεται
1881 898 1982 963 τὰς

397 991 566 1054 ἄλλας
613 990 848 1061 ἀρετάς’
893 988 1068 1053 οὕτως
1111 990 1145 1058 ἡ
1194 987 1534 1061 φιλάργυρος
1572 991 1726 1052 νόσος
1763 1006 1983 1044 συνεπι-

395 1083 623 1153 σύρεται
655 1082 837 1135 πᾶσαν
865 1080 964 1151 τὴν
1001 1081 1242 1152 συγγενῆ
1276 1083 1500 1136 κακίαν.
1521 1083 1660 1135 Ἀλλ’
1694 1077 1808 1149 οὖν,
1843 1084 1981 1154 ὅπερ

391 1173 580 1240 ἔλεγον
601 1185 650 1236 ιι,
673 1173 703 1224 ό
734 1171 899 1236 καλὸς
926 1164 1086 1237 οὗτος
1119 1173 1443 1244 σύμϐουλος,
1473 1173 1567 1228 καὶ
1597 1177 1697 1246 τῆς
1719 1176 1982 1228 Δεσποτι-

391 1265 498 1333 κῆς
527 1265 749 1334 ἐντολῆς
781 1263 1118 1336 χλευαστὴς,
1148 1266 1270 1319 ἀντὶ
1297 1267 1393 1320 τοῦ
1431 1266 1735 1336 βελτίστου,
1768 1268 1838 1321 τὰ
1867 1268 1982 1339 χεί-

390 1371 556 1424 ριστα
587 1355 717 1418 τοὺς
750 1353 1077 1425 ἀνθρώπους
1120 1354 1412 1425 αἱρεῖσθαι,
1457 1357 1600 1410 κατά
1643 1355 1707 1410 τὺ
1756 1357 1982 1410 ἀκόλου-

391 1447 523 1510 θον,
597 1446 1026 1518 ὑποτιθέμενος,
1091 1449 1215 1518 μηδ’
1277 1449 1342 1502 ἀν
1405 1448 1583 1512 ἄλλως
1643 1449 1977 1521 εὐδαιμόνως

393 1538 609 1610 βιῶσιν,
645 1541 784 1610 μήτε
817 1539 992 1605 πόλιν,
1029 1541 1170 1609 μήτε
1202 1539 1356 1604 ἔθνος
1379 1581 1393 1605 ,
1433 1541 1559 1612 μηδ’
1605 1541 1801 1609 οἰκίαν,
1845 1559 1980 1596 κατ-

388 1630 810 1698 επαγγέλλεται·
837 1632 974 1686 ἀλλά
999 1634 1136 1705 μηδὲ
1168 1634 1456 1706 προελθεῖν
1489 1636 1582 1689 ἐπὶ
1613 1637 1976 1708 μακρότατον,

387 1718 439 1770 εί
473 1718 546 1788 μὴ
573 1718 781 1772 ἕλοιντο
813 1720 1037 1791 μᾶλλον,
1066 1723 1190 1777 ἀντὶ
1218 1723 1310 1777 τοῦ
1348 1726 1525 1780 πάντα
1552 1721 1691 1779 εἷναι
1726 1728 1976 1798 χρηστοὶ,

385 1809 457 1861 τά
495 1811 674 1864 πάντα
708 1808 852 1867 εἶναι
883 1813 1231 1880 φαυλότατοι.
1263 1817 1358 1882 Εἰς
1385 1816 1625 1871 τοιοῦτον
1668 1819 1837 1889 αὐτῷ,
1883 1823 1977 1874 καὶ

389 1901 619 1971 βουλῆς,
649 1905 744 1956 καὶ
791 1905 1091 1972 πολιτείας,
1129 1911 1501 1981 καταστρέφει
1532 1911 1705 1977 τέλος,
1736 1912 1796 1964 τὸ
1831 1913 1974 1967 κατά

384 1993 486 2063 τῆς
512 1994 664 2060 θείας
699 1998 916 2067 ἐντολῇ,
949 2000 1178 2071 θράσος,
1208 2003 1304 2056 καὶ
1333 2005 1366 2074 ἡ
1403 2005 1566 2074 εἴρων
1597 2004 1850 2073 γλῶσσα,
1881 2007 1975 2060 καὶ

385 2086 460 2139 τὰ
494 2086 594 2157 τῆς
628 2089 944 2162 ἀνατροπῆς
985 2093 1124 2161 σοφά
1157 2095 1551 2165 ἐνθυμήματα·
1586 2098 1765 2151 καίτοι
1796 2116 1882 2168 γε,
1925 2101 1974 2152 εί

392 2180 467 2250 μή
498 2197 551 2232 τι
582 2180 730 2247 ἄλλο,
767 2184 894 2247 τοὺς
922 2184 1051 2248 σοὺς
1078 2188 1268 2250 κύνας,
1303 2187 1397 2253 οὒς
1427 2188 1756 2260 ἐθαύμαζες,
1776 2192 1883 2246 ἔδει
1913 2211 1974 2246 σε

393 2271 728 2340 μεμνῆσθαι,
761 2272 854 2325 καὶ
884 2274 1236 2345 αἰσχύνεσθαι
1266 2278 1357 2331 τὸν
1389 2281 1644 2352 Διογένη,
1676 2281 1773 2336 τὸν
1799 2284 1975 2337 Ἀντι-

388 2361 576 2435 σθένη.
609 2364 701 2418 τὸν
731 2365 1022 2437 Κράτητα,
1075 2368 1166 2422 τὸν
1216 2370 1378 2425 ἄλλον
1427 2373 1593 2445 χορὸν
1618 2374 1728 2429 τῶν
1761 2375 1974 2446 θαυμα-

387 2455 522 2508 σίων
582 2473 677 2510 σου
723 2458 920 2514 κυνῶν.
983 2461 1045 2514 Οἳ
1105 2463 1154 2515 εί
1205 2464 1299 2516 καὶ
1341 2464 1420 2535 τῷ
1475 2466 1826 2538 ἐπιδεικτικῷ
1878 2469 1973 2522 τοῦ

383 2547 557 2618 ἤθους
609 2551 703 2604 τὸν
761 2552 864 2623 τῆς
914 2553 1154 2625 ἀληθοῦς
1204 2556 1593 2629 ἀκτημοσύνης
1647 2564 1975 2634 χαρακτῆρα

381 2640 763 2712 ἐκιϐδήλευονο
831 2645 944 2699 ἀλλ’
993 2645 1087 2699 οὖν
1145 2649 1515 2720 μεμισηκότες
1569 2652 1854 2720 ἐφαίνοντο
1914 2655 1976 2708 τὸ

381 2732 764 2802 φιλόπλουτον,
817 2736 912 2790 καὶ
939 2736 1030 2790 τὸν
1055 2738 1204 2792 λιτὸν
1237 2740 1415 2794 δοκεῖν
1449 2743 1796 2808 ἀσπάζεσθαι
1817 2787 1832 2812 ,
1878 2748 1973 2800 καὶ

382 2824 766 2898 ἀφιλάργυρον
797 2827 912 2898 βίον
945 2829 1088 2900 μέγα
1113 2831 1398 2886 ἐποιοῦντο
1420 2849 1434 2865 ·
1462 2834 1695 2900 ἐκείνοις
1721 2838 1888 2908 ἐχρῆν
1914 2857 1973 2893 σε

388 2915 590 2985 μᾶλλον
617 2917 818 2986 λέγειν,
846 2921 966 2974 ἀντὶ
997 2919 1097 2975 τοῦ
1129 2924 1386 2988 θειάζειν,
1416 2925 1493 2989 ὡς
1529 2929 1578 2980 εί
1610 2928 1813 2994 πάντες
1845 2932 1973 3000 ύμῖν

387 3007 697 3062 πεισθεῖεν⁹
738 3011 838 3064 οὐκ
870 3011 935 3065 ἂν
974 3011 1157 3078 ἔθνος,
1209 3015 1271 3067 ού
1313 3017 1505 3083 πόλις,
1539 3019 1640 3073 ούκ
1669 3021 1818 3074 οίκία
1875 3023 1974 3094 μία

386 3100 755 3170 συστήσεται·
815 3103 932 3168 πῶς
999 3106 1108 3174 γὰρ
1169 3105 1291 3172 ἔτι,
1356 3111 1763 3180 μιμησαμένων
1827 3114 1972 3184 ὑμᾶς

387 3188 644 3282 ἁπάντων
679 3193 1004 3265 ἀνθρώπων,
1039 3193 1187 3260 οἶκος
1233 3199 1452 3270 ἔντιμος
1494 3201 1720 3256 δύναταί
1759 3222 1813 3257 τι
1876 3205 1972 3259 καὶ
1996 3219 2041 3282 C

383 3280 565 3347 οίκία;
594 3283 655 3336 τὸ
681 3284 842 3353 σοφόν
872 3303 965 3339 σου
995 3288 1176 3354 τοῦτο,
1195 3291 1288 3344 καὶ
1313 3293 1494 3363 πάσης
1525 3295 1747 3359 ναυτίας
1772 3296 1969 3367 γέμον,

385 3375 530 3428 κατά
578 3375 676 3446 τῆς
704 3379 927 3449 ἐντολῆς
971 3383 1313 3455 ἐπαπόρημα
1338 3399 1354 3417 ο
1389 3385 1511 3450 πῶς
1551 3383 1701 3450 οἶκος
1751 3389 1972 3462 ἔντιμος

381 3463 611 3520 δύναταί
639 3485 692 3522 τι
740 3471 837 3524 καὶ
867 3473 1047 3540 οἰκία;
1078 3473 1215 3529 ἀλλά
1248 3478 1357 3546 γὰρ
1386 3478 1530 3543 πῶς,
1563 3480 1684 3534 ἀντὶ
1713 3481 1808 3535 τοῦ
1839 3481 1972 3535 ταῦ-

381 3571 482 3621 τα,
509 3559 623 3622 τοϊς
670 3562 784 3624 σοῖς
826 3562 1089 3635 ἐπιτιμᾷν
1123 3580 1183 3617 σε
1215 3567 1364 3630 κυσὶ,
1404 3567 1630 3632 τούτους
1667 3569 1765 3639 μὲν
1801 3571 1970 3642 ὑπερ-

381 3646 725 3718 θαυμάζεις·
777 3651 814 3706 ἃ
847 3653 905 3707 δὲ
941 3653 1042 3724 τὴν
1093 3657 1306 3726 ἀμείνω
1355 3659 1538 3730 πολλῷ
1584 3660 1812 3728 τούτων,
1876 3665 1973 3719 καὶ

381 3737 559 3811 ἀμιγῆ
625 3743 810 3814 πάσης
869 3745 1210 3817 μοχθηρίας,
1283 3751 1590 3822 εἰσηγεῖται
1667 3755 1968 3822 πολιτείαν,

385 3829 558 3884 ταῦτα
585 3832 642 3884 δὲ
676 3833 743 3887 τά
777 3834 935 3902 λόγια
965 3837 1273 3910 διασύρεις;
1311 3843 1364 3895 τί
1408 3844 1466 3897 δὲ
1508 3845 1606 3898 καὶ
1657 3846 1750 3899 ἐπὶ
1801 3847 1967 3920 μόνης

383 3921 483 3993 τῆς
503 3923 856 3991 διδασκαλίας
883 3929 1110 4002 ταύτης,
1162 3933 1224 3986 τὸ
1252 3933 1415 4006 δριμύ
1459 3953 1553 3990 σου
1589 3938 1698 3991 τῶν
1733 3939 1975 4010 ἐνθυμη-

383 4015 592 4082 μάτων,
627 4019 721 4070 καὶ
751 4021 851 4089 τῆς
893 4020 1139 4077 ίθυὸόλου
1191 4026 1404 4093 φύσεως
1435 4029 1494 4081 τὸ
1524 4029 1663 4099 βαθὺ
1700 4032 1793 4084 καὶ
1819 4032 1969 4086 ἕντο-

379 4125 492 4169 νον,
524 4110 820 4178 ἐπεδείξω;
850 4113 1028 4184 ἠδύνω
1057 4117 1165 4188 γάρ
1194 4117 1266 4171 τὰ
1285 4119 1426 4172 αύτά
1459 4122 1846 4191 ματαιολογεῖν
1873 4126 1969 4179 καλ⁸

378 4199 470 4252 ἐπὶ
501 4201 770 4260 πλειόνων
800 4206 998 4265 ἄλλων.
1037 4227 1056 4260 ι
1094 4211 1382 4281 Λαμψάτω
1422 4213 1484 4267 τὸ
1532 4215 1646 4283 φῶς
1675 4217 1831 4287 ὑμῶν
1871 4219 1970 4287 ἔμ-

381 4292 621 4362 προσθεν
646 4296 756 4349 τῶν
782 4299 1104 4370 ἀνθρώπων,
1139 4303 1290 4368 ὅπως
1334 4306 1484 4359 ἴδωσι
1522 4307 1592 4361 τὰ
1638 4309 1780 4363 καλά
1814 4311 1970 4381 ὑμῶν

376 4384 534 4456 ἔργα,
566 4389 662 4441 καὶ
693 4390 960 4456 δοξάσωσι
991 4395 1082 4448 τὸν
1116 4395 1335 4469 Πατέρα
1393 4399 1549 4470 ὑμῶν
1577 4401 1670 4454 τὸν
1703 4403 1760 4455 ἐν
1800 4405 1966 4475 ούρα-

377 4478 512 4540 νοῖς.
542 4496 560 4529 ι
583 4479 725 4533 Ἀλλ’
743 4483 791 4535 εἰ
817 4483 1018 4550 πάντες
1050 4485 1411 4558 ἐκλάμψουσι,
1431 4491 1574 4555 τίνες
1609 4495 1657 4545 οἱ
1676 4493 1965 4564 ὀψόμενοι,

2087 636 2188 690 pro
2211 622 2463 680 homines
2491 624 2801 680 amantibus
2821 625 3031 694 argenti
3059 624 3344 680 substituit
3369 632 3666 689 amatores,

2085 727 2184 782 pro
2232 721 2422 768 mutuo
2479 729 2669 770 amore
2718 713 2983 779 insidias,
3030 729 3130 784 pro
3188 715 3670 771 commiseratione

2084 805 2624 871 immisericordiam,
2657 814 2712 861 et
2741 807 2976 861 breviter
3011 814 3068 860 ut
3097 808 3401 875 expediam,
3438 823 3538 878 pro
3571 824 3671 878 op-

2084 897 2220 953 timo
2273 900 2572 969 pessimum
2634 914 2818 954 rerum
2865 905 3068 953 statum
3135 899 3450 954 introducit.
3515 900 3671 955 Patet

2083 991 2254 1055 enim,
2290 991 2436 1061 quod
2473 991 2939 1062 quemadmodum
2991 990 3060 1044 ab
3099 991 3325 1046 avaritia
3366 993 3672 1048 abhorrens

2081 1081 2317 1137 virtutes
2350 1098 2543 1138 omnes
2587 1081 2892 1146 contrahit,
2944 1081 3019 1136 ita
3057 1090 3111 1135 et
3155 1082 3397 1137 avaritia:
3444 1084 3670 1139 morbus

2083 1172 2303 1228 afﬁnem
2358 1182 2413 1230 et
2459 1188 2818 1244 congenerem
2869 1172 3272 1243 improbitatem
3318 1188 3537 1228 onmem
3584 1190 3671 1229 se-

2083 1281 2208 1321 cum
2243 1265 2432 1320 trahit.
2469 1265 2646 1336 Atque
2673 1265 2769 1331 ita,
2802 1265 2947 1334 quod
2983 1265 3252 1330 dicebam,
3285 1265 3535 1336 egregius
3568 1266 3672 1320 iste

2083 1357 2467 1423 consiliarius,
2513 1341 2780 1412 Dominici
2810 1357 3065 1428 praecepti
3113 1357 3347 1423 irrisor,
3397 1356 3489 1425 qui
3534 1371 3673 1426 prae-

2083 1449 2230 1504 clara
2263 1465 2499 1520 qumque
2530 1464 2823 1520 suggerere
2849 1448 3055 1513 debuit,
3080 1449 3320 1517 pessima
3354 1447 3672 1503 hominibus

2082 1541 2333 1612 eligenda
2393 1541 2584 1607 offert,
2636 1543 2711 1596 ita
2755 1549 2815 1595 ut
2855 1540 3002 1595 haud
3035 1540 3191 1594 aliter
3232 1555 3357 1595 cum
3415 1538 3675 1594 felicitate

2081 1631 2296 1698 vivere,
2325 1643 2436 1685 non
2465 1629 2656 1686 urbem
2679 1669 2694 1696 ,
2740 1639 2954 1701 gentem
2974 1671 2989 1696 ,
3041 1629 3268 1685 domum
3312 1630 3670 1690 constituere.

2082 1738 2204 1793 quae
2234 1722 2557 1789 consistent,
2593 1724 2843 1793 possint:
2887 1723 2998 1778 imo
3043 1723 3226 1779 nullos
3271 1722 3499 1777 omnino
3541 1738 3672 1792 pro-

2083 1825 2305 1880 gressus
2336 1812 2537 1877 facere,
2589 1813 2635 1868 si
2673 1828 2804 1875 non,
2837 1813 2932 1882 qui
2963 1813 3232 1869 debebant
3274 1813 3520 1868 omnium
3550 1829 3676 1868 esse

2080 1904 2304 1975 optimi,
2354 1903 2576 1974 pessimi
2629 1905 2876 1960 omnium
2931 1905 3103 1961 velint
3153 1921 3297 1961 esse.
3352 1903 3470 1960 Huc
3523 1905 3674 1960 enim

2079 2003 2288 2065 spectat
2317 1995 2492 2066 ipsius
2529 2004 2583 2051 et
2629 1997 2922 2053 consilium
2955 2007 3011 2053 et
3040 1997 3227 2068 politia
3249 2039 3263 2063 ,
3313 2011 3409 2067 per
3433 1996 3677 2052 insolen-

2080 2087 2209 2142 tiam
2239 2096 2430 2142 contra
2455 2087 2772 2142 mandatum
2805 2087 3076 2153 divinum,
3104 2104 3202 2158 per
3233 2088 3431 2158 linguzr
3461 2088 3674 2158 diasyr-

2077 2193 2199 2234 mos
2232 2186 2286 2234 et
2330 2180 2623 2249 praeclaras
2657 2180 3068 2236 conclusiones.
3105 2179 3235 2246 Sed,
3273 2181 3347 2233 mi
3393 2180 3579 2241 homo,
3625 2183 3672 2234 si

2077 2279 2261 2325 tamen
2307 2269 2444 2324 nihil
2473 2269 2646 2335 aliud,
2684 2286 2851 2327 canes
2882 2271 3004 2326 illos
3037 2279 3180 2335 tuos,
3212 2286 3351 2341 quos
3385 2271 3466 2326 sic
3496 2270 3676 2325 admi-

2075 2363 2242 2428 raris,
2274 2363 2598 2433 Diogenem,
2625 2363 3029 2430 Antisthenem,
3066 2364 3366 2430 Cratetem,
3409 2372 3670 2419 caeteros-

2077 2472 2183 2526 que
2217 2455 2480 2526 praeclaro
2508 2455 2600 2509 illo
2628 2469 2915 2522 consessu,
2967 2455 3206 2511 recolere
3234 2464 3288 2510 et
3315 2456 3670 2510 verecundari

2077 2548 2369 2604 debueras.
2402 2546 2482 2601 llli
2535 2556 2813 2618 utcunque
2863 2564 2958 2618 per
3015 2565 3211 2603 vanam
3247 2549 3670 2604 ostentationem

2078 2657 2221 2697 vera:
2251 2644 2595 2713 paupertatis
2624 2642 3000 2698 characterem
3033 2642 3411 2697 adulterabant
3445 2660 3458 2696 ε
3491 2651 3670 2696 tamen

2079 2748 2322 2788 amorem
2358 2735 2675 2789 divitiarum
2712 2732 3148 2796 detestabantur,
3202 2748 3324 2787 cum
3360 2734 3526 2788 videri
3561 2734 3674 2787 vel—

2077 2825 2192 2882 lent
2253 2825 2508 2895 amplecti
2569 2824 2788 2894 inopem
2845 2832 2898 2880 et
2947 2823 3250 2879 immunem
3317 2825 3385 2879 ab
3443 2825 3675 2880 avaritia

2077 2919 2228 2973 omni
2268 2919 2459 2973 vitam.
2501 2916 2659 2988 Apud
2687 2917 2812 2972 illos
2837 2927 3078 2988 poteras,
3109 2931 3249 2986 quos
3275 2915 3498 2980 adoras,
3537 2916 3675 2972 effu-

2077 3013 2181 3064 tire
2211 3012 2538 3082 praeclarum
2575 3010 2706 3066 illud
2755 3020 2906 3066 tuum
2943 3011 3375 3081 apophthegma,
3407 3012 3452 3065 si
3479 3026 3674 3067 omnes

2077 3103 2275 3157 vellent
2320 3103 2479 3158 vobis
2509 3103 2912 3172 obtemperare,
2961 3118 3071 3156 non
3107 3102 3286 3157 adhuc
3315 3117 3469 3172 gens,
3518 3103 3671 3164 urbs,

2075 3193 2274 3249 domus
2318 3194 2667 3249 subsisteret.
2738 3191 2862 3248 Haec
2912 3201 2993 3248 est
3019 3193 3164 3246 enim
3207 3191 3301 3246 illa
3338 3201 3429 3247 tua
3461 3192 3671 3246 vomitu

2081 3285 2335 3342 ftedanda
2374 3286 2439 3340 ad
2489 3294 2818 3356 praeceptum
2873 3284 3133 3355 quaestio,
3183 3284 3272 3338 illa
3317 3289 3580 3354 prteclara
3614 3295 3673 3339 ut

2080 3379 2296 3435 videtur
2343 3379 2464 3433 tibi.
2497 3377 2781 3445 Quomodo
2830 3379 3025 3433 domus
3057 3377 3142 3432 vel
3188 3378 3452 3433 habitatio
3488 3377 3672 3433 subsi-

2080 3472 2219 3527 stet?
2245 3471 2350 3526 Sed
2379 3479 2458 3536 tu,
2480 3471 2572 3542 qui
2598 3472 2713 3525 haec
2732 3471 3087 3526 canibustuis
3116 3470 3356 3540 objicere
3377 3470 3664 3534 debueras,

2081 3565 2204 3620 illos
2232 3563 2559 3630 admiratus,
2597 3564 2820 3618 oracula
2855 3572 3037 3618 autem
3092 3563 3182 3617 illa
3235 3563 3419 3616 divina
3464 3562 3670 3617 derisui

2081 3659 2270 3724 habes,
2306 3671 2427 3728 quae
2453 3656 2610 3726 longe
2643 3656 2924 3710 meliorem
2953 3654 3171 3709 vivendi
3205 3654 3472 3709 rationem
3519 3663 3574 3707 et
3602 3654 3671 3706 ab

2081 3750 2426 3821 improbitate
2465 3748 2850 3804 abhorrentem
2908 3748 3286 3802 introducunt.
3339 3745 3479 3813 Quid
3541 3755 3628 3802 est
3649 3748 3672 3783 ’³

2061 3845 2226 3913 .qnod
2257 3844 2307 3897 in
2341 3844 2500 3898 istam
2535 3841 2914 3897 tantummodo
2948 3841 3255 3898 doctrinam
3287 3841 3672 3897 conclusiones

2080 3945 2188 3990 tuae
2235 3934 2540 3989 vinulentiae
2589 3933 2866 3998 intendas,
2900 3942 2954 3988 et
2994 3933 3371 4004 dispositionis
3408 3931 3673 4001 improbae

2074 4026 2258 4097 jacula
2297 4027 2515 4082 incussa
2555 4025 2824 4080 violenter
2877 4025 3139 4094 stringas,
3189 4038 3314 4078 cum
3347 4037 3456 4078 non
3485 4022 3670 4076 minus

2080 4128 2272 4173 contra
2318 4118 2424 4171 alia
2466 4131 2631 4186 quam
2663 4117 2787 4182 ista,
2818 4116 2864 4171 si
2896 4115 3110 4180 liberet,
3146 4115 3415 4169 blaterare
3444 4114 3667 4172 debeas.

2084 4229 2103 4264 ι
2143 4211 2345 4268 Luceat
2370 4209 2450 4264 sic
2472 4209 2562 4262 lux
2595 4216 2776 4267 vestra
2795 4222 2980 4262 coram
3007 4206 3344 4270 hominibus,
3365 4214 3426 4260 ut
3448 4207 3670 4261 videant

2077 4304 2221 4359 bona
2268 4308 2450 4357 vestra
2496 4314 2661 4370 opera
2705 4309 2761 4356 et
2809 4299 3115 4369 glorificent
3161 4297 3374 4353 Patrem
3420 4307 3666 4353 vestrum

2077 4399 2168 4467 qui
2197 4405 2281 4452 est
2311 4395 2364 4450 in
2413 4396 2654 4451 ccelis'”.
2686 4413 2707 4448 ι
2745 4393 2900 4459 Quod
2950 4392 2995 4446 si
3027 4407 3220 4447 omnes
3266 4401 3321 4446 et
3359 4391 3557 4462 singuli
3586 4393 3668 4446 sic

2079 4489 2342 4550 lucerent,
2374 4487 2464 4542 tibi
2503 4495 2665 4543 erunt
2697 4487 2791 4556 qui
2815 4485 3055 4549 videant,
3106 4493 3161 4540 et
3196 4484 3386 4549 Deum,
3431 4499 3530 4554 pro
3559 4484 3666 4537 illis

375 4569 474 4622 καὶ
500 4571 594 4623 τὸν
629 4572 780 4639 Θεὸν,
813 4577 899 4646 ἐφ’
923 4574 1004 4644 οἷς
1029 4582 1158 4647 ἴδον,
1188 4583 1277 4638 διὰ
1312 4583 1472 4656 δόξης
1502 4584 1954 4657 θεραπεύσοντες;

2078 4597 2195 4652 [μιαί
2223 4580 2428 4645 vident,
2455 4578 2793 4651 glorificent?
2821 4597 2841 4630 ι
2871 4577 3022 4641 Date,
3041 4584 3095 4631 et
3123 4577 3340 4632 dabitur
3361 4576 3618 4640 vobis’";
3641 4594 3658 4626 ι

380 4678 401 4712 ε
437 4660 645 4725 Δίδοτε,
677 4665 772 4718 καὶ
796 4666 1080 4740 δοθήσεται
1106 4673 1256 4743 ύμῖνο
1287 4693 1304 4727 ι
1339 4676 1388 4727 εί
1419 4676 1622 4740 πάντες
1645 4677 1852 4733 ἕλοιντο
1884 4681 1964 4734 δι-

372 4750 526 4805 δόναι
551 4792 567 4818 ,
600 4753 684 4817 τίς
712 4757 740 4808 ὁ
768 4756 1107 4829 ληψόμενοςς
1147 4782 1165 4814 ι
1206 4765 1441 4835 Ἀφίετε,
1476 4769 1572 4821 καὶ
1627 4769 1963 4842 ἀφεθήσεται

374 4847 536 4916 ὑμῖψ
577 4866 598 4901 ι
658 4851 708 4902 εί
761 4852 961 4919 πάντες
1014 4858 1249 4926 ἀφῶσιν,
1289 4860 1435 4925 τίνες
1488 4857 1569 4925 οἷς
1619 4864 1962 4934 ἀφήσουσιν;

379 4959 398 4991 ι
423 4941 702 5009 Ἀγαπᾶτε
728 4945 854 5011 τοὺς
881 4947 1113 5020 ἐχθροὺς
1141 4951 1294 5022 ὑμῶν
1316 4969 1330 4986 ·
1368 4973 1387 5006 ι
1425 4957 1474 5009 εί
1509 4956 1710 5022 πάντες
1740 4960 1964 5031 ἀγαπή-

373 5050 552 5100 σουσι,
584 5034 686 5088 ποῦ
714 5038 764 5089 oi
800 5039 1012 5112 ἐχθρῶς
1049 5041 1297 5113 ἔχοντες
1337 5065 1355 5097 ι
1392 5047 1454 5100 Εἰ
1481 5047 1682 5112 πάντες
1712 5051 1828 5112 τοῖς
1864 5049 1965 5119 τὴν

373 5127 606 5195 σιαγόνα
638 5129 861 5185 παίουσι
887 5133 986 5204 τὴν
1015 5135 1218 5201 δεξιὰν,
1247 5138 1341 5191 καὶ
1363 5138 1462 5211 τὴν
1493 5140 1660 5212 ἀλλην
1694 5143 1774 5205 εἰς
1802 5140 1963 5212 ὖδριν

373 5219 500 5287 ἴσην
538 5223 875 5292 ἐκδώσουσι,
923 5227 1027 5280 πού
1060 5231 1108 5284 οἱ
1137 5232 1544 5302 τυπτήσοντες;
1586 5251 1603 5283 ι
1638 5233 1747 5286 Καὶ
1795 5235 1966 5305 μυρία

371 5311 545 5368 ἄλλα·
610 5318 813 5388 μᾶλλον
846 5319 902 5374 δὲ
921 5330 967 5386 ν,
1013 5321 1090 5387 ὡς
1123 5321 1254 5387 ἔπος
1303 5323 1502 5390 εἰπεῖν,
1556 5325 1787 5396 οὐδεμία
1844 5326 1964 5380 θεία

369 5407 722 5478 παραίνεσις,
771 5413 830 5466 ἐν
862 5415 927 5485 τῇ
974 5413 1116 5484 πρὸς
1164 5415 1351 5486 ἓτερον
1402 5416 1495 5472 ἀφ’
1527 5416 1716 5471 ἐτέρου
1754 5417 1954 5490 πράξει

443 5587 486 5619 ⁷⁸
534 5586 726 5646 Matth.
757 5608 809 5657 v,
843 5591 930 5647 16.
1007 5593 1075 5625 ⁷¹⁶
1108 5591 1240 5648 Luc.
1263 5608 1334 5658 v1,
1365 5593 1452 5649 38.

1533 5595 1577 5626 ⁷³
1603 5593 1795 5650 Matth.
1826 5610 1979 5662 xvnl,
2022 5595 2110 5651 '55.

2074 4675 2120 4730 si
2146 4689 2335 4729 omnes
2391 4672 2662 4736 dederint,
2709 4671 2832 4741 quis
2887 4668 3153 4739 accipiet?
3207 4687 3226 4720 ι
3261 4667 3560 4732 Remittite,
3609 4677 3666 4721 et

2073 4765 2467 4830 remittetur";
2510 4781 2528 4816 ι
2585 4764 2632 4818 si
2681 4777 2874 4818 omnes
2924 4761 3304 4829 indulgentes,
3360 4759 3450 4814 ubi
3501 4769 3665 4815 erunt

2073 4857 2271 4928 quibus
2303 4856 2613 4928 indulgetur
2635 4855 2663 4909 ῗ»
2710 4873 2729 4907 ι
2769 4854 2985 4926 Diligite
3021 4855 3272 4908 inimicos
3305 4853 3602 4918 vestros";
3638 4872 3655 4901 ι

2074 4951 2120 5006 si
2150 4966 2344 5006 omnes
2371 4949 2622 5020 diligant,
2648 4947 2739 5003 ubi
2773 4949 3168 5016 comparebunt
3191 4947 3284 5015 qui
3316 4953 3448 5001 sunt
3471 4945 3658 4999 animo

2073 5041 2336 5096 inimico?
2367 5057 2385 5091 ι
2407 5039 2463 5094 Si
2492 5055 2683 5096 omnes
2711 5037 2889 5093 affecti
2911 5037 3261 5101 contumelia,
3286 5037 3533 5090 dextram
3563 5051 3656 5104 gr-

2074 5153 2196 5192 nam
2221 5143 2275 5192 et
2295 5135 2574 5191 sinistram
2600 5135 2884 5190 obvertere
2907 5133 3164 5189 debent“
3185 5151 3204 5184 ι
3233 5131 3443 5200 injuria:
3472 5131 3655 5204 illatae,

2075 5229 2167 5286 ubi
2217 5236 2381 5284 erunt
2423 5228 2517 5298 qui
2552 5227 2766 5297 plagam
2813 5225 3098 5296 iuﬂigent?
3146 5221 3288 5278 Sunt
3342 5221 3655 5291 hujusmodi

2071 5323 2282 5378 infinita
2317 5340 2330 5376 :
2359 5331 2412 5378 et
2440 5331 2500 5376 ut
2529 5335 2639 5376 uno
2668 5320 2834 5376 verbo
2872 5317 3156 5388 expediam
3204 5315 3411 5379 omnia,
3445 5313 3654 5368 nullum

2070 5416 2232 5487 plane
2257 5415 2360 5470 erit
2383 5413 2629 5469 divinum
2664 5411 3003 5474 mandatum,
3058 5407 3202 5463 nulla
3235 5403 3543 5462 exhortatio
3569 5404 3657 5458 in-

2194 5595 2239 5627 "
2271 5591 2456 5648 Matth.
2491 5609 2542 5656 v,
2585 5590 2676 5644 44.
2748 5588 2790 5620 ⁷⁸
2820 5585 2951 5642 Ibid.
2980 5586 3069 5642 59.

1651 5804 1654 5806 _
1705 5731 1935 5791 vanus
1973 5730 2381 5790 LECTIONES.

369 5871 403 5902 ἰ
439 5861 594 5956 (LM.
629 5865 832 5938 ἔλεγεν.
949 5879 975 5909 ν
1005 5871 1066 5928 C.
1105 5869 1175 5926 Μ.
1209 5869 1308 5925 οὐκ
1330 5869 1501 5927 ἔστιν.
