4158 6456
574 353 682 420 623

1733 353 1996 421 ΡΗΟΤΙΙ
2027 351 2532 421 ΡΛΤΒΙΑΒΟΗλΕ
2570 358 2678 417 CP.

3757 357 3863 419 624

577 474 658 521 ter
714 462 964 520 homines
1013 461 1375 526 observanda,
1430 476 1542 532 quo
1591 475 1700 515 non
1756 461 2018 532 pervadat
2048 475 2150 516 utet

2267 467 2676 539 κατορθουμένῃ
2705 505 2721 534 ,
2772 466 2894 521 καθ’
2928 460 2997 539 ἧς
3027 465 3127 520 ούκ
3172 465 3319 519 ἐστιν
3351 463 3496 522 ἰδεῖν
3531 463 3638 535 τὴν
3670 464 3866 535 ἄλογον

572 559 738 615 stulta
788 565 840 609 et
874 571 903 610 a
935 554 1146 608 ratione
1173 553 1352 619 aliena
1385 551 1793 622 improperatio.

644 651 746 715 Qui
783 648 929 701 enim
962 648 1068 702 iSta
1117 643 1312 699 dividit
1344 659 1374 698 a
1435 653 1628 698 mutuo
1668 643 1810 699 inter
1868 658 1928 700 se
1962 642 2154 697 habitu

574 758 639 798 ac
673 741 1040 807 connexione,
1085 753 1208 809 qua:
1263 737 1318 793 in
1359 751 1723 808 personarum
1763 737 1962 807 copula
2002 753 2158 790 mau-

573 835 764 890 datum
801 833 1167 899 constituunt,
1223 840 1279 888 et
1319 830 1391 885 ita
1440 831 1558 884 vult
1599 829 1863 885 omnibus
1923 829 2156 899 pedibus

573 927 879 983 concedere
913 927 966 980 in
1000 926 1228 980 alteram
1274 932 1484 993 partem
1531 922 1846 986 divisionis,
1879 937 2000 991 quae
2035 931 2158 992 post

574 1018 736 1072 talem
769 1015 1146 1084 operationem
1197 1013 1569 1078 constituitur,
1607 1011 1697 1067 ille
1734 1013 1886 1066 nullo
1939 1013 2157 1082 negotio

575 1109 644 1163 ad
673 1107 1001 1175 abolendum
1051 1106 1371 1164 mandatum
1405 1103 1459 1159 id
1492 1105 1641 1175 quod
1691 1104 1973 1160 residuum
2028 1103 2154 1170 erit,

576 1207 843 1264 assumet,
877 1197 1329 1268 consequentiam
1382 1194 1580 1250 falsam
1641 1194 1908 1250 eliciendo
1953 1201 2007 1249 et
2055 1193 2156 1250 ab-

577 1293 805 1347 surdam
838 1291 979 1361 ejus,
1012 1307 1176 1361 quam
1223 1290 1686 1354 comminiscitur,
1738 1287 2153 1360 prepOsitionis,

575 1385 1004 1455 qumstionisque
1031 1395 1138 1439 tam
1165 1384 1432 1439 fastuosaz.
1462 1399 1583 1439 eum
1605 1382 1779 1438 ironia
1800 1391 1856 1437 et
1879 1380 2156 1436 inﬂatione

575 1490 716 1530 vana
747 1475 1079 1544 conjunetze.
1116 1474 1171 1530 Si
1196 1491 1386 1530 omnes
1415 1474 1616 1530 ctenim
1641 1475 2038 1545 operabuntur,
2063 1473 2154 1528 ubi

575 1565 701 1628 erit,
738 1564 792 1617 in
827 1579 988 1647 quem
1022 1563 1210 1618 tendat
1256 1563 1551 1648 operatio?
1601 1564 1682 1617 Ad
1729 1562 1878 1626 hunc
1928 1562 2153 1617 modum

573 1654 734 1711 facile
761 1656 866 1710 erit
915 1655 1172 1725 impetum
1206 1655 1387 1711 facere
1421 1656 1475 1711 in
1505 1671 1724 1712 onmem
1762 1654 2001 1725 Spiritus
2053 1655 2155 1709 do-

569 1750 830 1814 ctrinam,
863 1764 957 1818 per
1011 1750 1079 1804 de
1120 1749 1245 1805 loco
1274 1749 1544 1819 superiori
1568 1749 1866 1804 violentam
1895 1749 2150 1803 incursa-

566 1840 796 1906 tionem,
863 1841 1004 1896 unde
1051 1842 1163 1907 liet,
1234 1850 1295 1896 ut
1327 1825 1393 1896 in
1413 1841 1672 1912 pleraque
1706 1840 1751 1896 si
1789 1856 1899 1895 non
1934 1840 1986 1894 in
2029 1855 2149 1894 om-
2182 1807 2228 1872 Β

567 1935 698 2002 nia,
737 1934 829 1990 tali
883 1935 1042 1988 modo
1075 1934 1178 1989 hoc
1217 1944 1371 1989 tuum
1425 1950 1654 1990 examen
1699 1933 1982 1991 incussisti
2015 1932 2152 1988 :sed

570 2024 715 2080 intra
747 2026 912 2080 unius
934 2024 1177 2081 mandati
1198 2024 1595 2096 exceptionem,
1626 2040 1750 2096 quae
1779 2035 1870 2080 tua
1903 2025 2006 2079 fuit
2035 2024 2153 2094 pie-

569 2127 654 2181 tas
679 2128 733 2173 et
770 2118 989 2174 devotio
1018 2117 1378 2175 conclusisti:
1430 2127 1581 2174 certe
1633 2118 1709 2179 ita
1767 2117 1942 2190 magis
1976 2117 2155 2173 admi-

567 2225 760 2276 ramur
789 2210 1012 2274 modum
1073 2219 1179 2266 tua:
1227 2211 1461 2268 actionis
1512 2219 1623 2265 tam
1665 2210 1880 2276 facilem
1931 2220 1986 2266 et
2024 2224 2146 2280 pro-

567 2300 819 2374 fundum.
859 2301 967 2357 Sed
1001 2311 1121 2360 erat
1161 2303 1277 2358 hazc
1309 2319 1339 2358 a
1390 2302 1599 2361 malitia
1630 2313 1720 2358 tua
1772 2301 1958 2373 potius
1984 2316 2149 2372 quam

567 2394 933 2464 imprudentia
968 2394 1210 2464 profecta
1235 2394 1591 2450 machinatio.
1614 2393 1962 2466 lutelligebas
1980 2393 2150 2461 enim,

566 2489 614 2543 si
642 2489 887 2544 eamdem
925 2488 1293 2558 objectionem
1329 2489 1384 2543 in
1425 2489 1657 2558 quodvis
1711 2488 1960 2544 divinum
1992 2503 2153 2543 man-

565 2579 754 2634 datum
805 2579 1110 2649 ejaculatus
1173 2595 1348 2644 esses,
1380 2577 1542 2634 facile
1602 2579 1847 2649 potuisse
1900 2579 2151 2634 animad-

565 2670 704 2726 verti
758 2670 1036 2740 inceptum
1073 2669 1204 2724 illud
1265 2679 1374 2724 tam
1426 2670 1722 2739 ineptum;
1772 2670 1950 2724 cuivis
2001 2670 2147 2725 enim

568 2769 714 2824 esset
739 2763 1115 2833 perspicuum,
1150 2761 1298 2832 quod
1343 2763 1527 2816 omnia
1576 2761 1671 2818 Dei
1715 2763 1971 2818 mandata
1998 2778 2151 2818 eam-

569 2853 692 2906 dem
745 2853 1035 2908 arrodendi
1107 2853 1432 2908 exbiberent
1501 2853 1852 2910 occasionem
1920 2853 2149 2909 innova-

568 2948 758 3004 tionis.
799 2946 953 3014 Quod
988 2948 1034 3004 si
1073 2947 1405 3004 calumniam
1467 2949 1518 3003 in
1561 2964 1671 3004 uno
1735 2950 1920 3020 aliquo
1956 2951 2149 3005 termi-

567 3049 747 3104 naret,
785 3041 956 3094 multo
1011 3055 1072 3096 se
1135 3040 1332 3096 melius
1387 3042 1669 3099 latiturum
1712 3052 1764 3096 et
1815 3043 2148 3112 paratiorem

2257 559 2462 630 ταύτην
2496 561 2588 613 καὶ
2625 557 2816 630 μωρὰν
2849 559 3117 629 ἐπήρειαν
3142 557 3572 612 διαϐαίνουσαν.

2330 651 2443 720 Τῆς
2477 649 2586 721 γὰρ
2615 649 2845 720 ἐχούσης
2868 647 3111 718 ἐντολῆς,
3139 649 3198 701 ὲν
3239 646 3482 716 συζυγίᾳ
3518 643 3861 716 προσώπων,

2257 743 2357 815 τὴν
2392 743 2648 815 ὓπαρξιν,
2689 744 2717 797 ὁ
2760 741 3052 812 διασχίζων
3101 740 3276 795 ταῦτα
3321 741 3430 811 τῆς
3459 739 3613 810 πρὸς
3658 739 3863 810 ἄλληλα

2261 836 2556 905 συναφείας
2581 834 2678 890 καὶ
2708 834 2966 906 σχέσεως,
2994 827 3112 886 εἶτα
3143 833 3352 896 πάντας
3379 831 3565 896 ἀξιῶν
3597 832 3685 894 είς
3714 831 3864 886 θατέ-

2260 945 2361 1000 ραν
2415 926 2674 981 συνωθεῖν
2733 927 2930 997 μοῖραν
2987 922 3084 978 τοῦ
3135 923 3465 995 τμήματος,
3518 916 3640 976 οἷον
3689 921 3751 986 ἐξ
3798 918 3862 996 ἧς

2257 1016 2621 1089 προϐάλλεται
2669 1016 2704 1087 ἡ
2751 1015 3036 1087 ἐνέργεια·
3091 1008 3244 1078 οὗτός
3285 1031 3350 1082 γε
3395 1013 3508 1085 τὴν
3564 1013 3861 1068 ὑπόλοιπον

2260 1111 2482 1175 πάντως
2540 1109 2785 1181 εὐχερῶς
2851 1110 2933 1172 εἰς
3003 1108 3397 1178 καταστροφὴν
3457 1107 3570 1178 τῆς
3639 1109 3860 1180 ἐντολῆς

2257 1203 2666 1275 παραλήψεται,
2691 1201 2880 1272 ψευδεῖ
2911 1200 3008 1254 καὶ
3035 1200 3224 1270 ἀτόπῳ
3248 1203 3315 1272 τῇ
3342 1202 3484 1272 παρ’
3513 1199 3691 1254 αὐτοῦ
3723 1217 3858 1271 συμ-

2258 1295 2561 1369 πλασθείσῃ
2602 1293 2771 1358 θέσει,
2818 1291 3114 1346 ἀκόλουθον
3163 1290 3275 1362 έχω
3319 1291 3381 1345 τὸ
3422 1292 3856 1363 περαινόμενον,

2258 1390 2352 1443 καὶ
2395 1387 2716 1458 διερωτήσει
2749 1402 2813 1454 γε
2849 1383 2996 1455 μάλα
3028 1384 3238 1454 σεμνῶς
3268 1424 3282 1449 ,
3322 1384 3422 1440 σὺν
3456 1383 3732 1455 εἰρωνείᾳ
3769 1385 3859 1438 καὶ

2257 1480 2490 1550 διακένῳ
2515 1479 2800 1548 φυσήματι
2820 1492 2834 1506 ο
2863 1477 2926 1531 Et
2959 1474 3158 1540 πάντες
3193 1475 3610 1547 ἰ-ενεργήσουσι,¹
3631 1475 3779 1539 τίνες
3801 1477 3854 1530 ἐν

2257 1566 2340 1636 οἷς
2371 1573 2403 1642 ἡ
2431 1570 2717 1641 ὲνέργεια;
2745 1566 2902 1622 Οὕτω
2931 1565 3221 1638 τοιγαροῦν
3256 1566 3450 1638 ῥᾳδίας
3480 1565 3659 1635 οὖσης
3698 1567 3852 1638 φέρε-

2259 1663 2384 1720 σθαι
2416 1662 2559 1717 κατὰ
2583 1662 2765 1732 πάσης
2791 1659 2978 1731 σχεδὸν
3014 1658 3114 1730 τῆς
3151 1657 3516 1721 διδασκαλίας
3546 1656 3648 1712 τοῦ
3687 1658 3850 1712 Πνεύ-

2261 1771 2451 1825 ματος,
2507 1752 2609 1822 τῆς
2661 1751 2872 1821 ὑψηλῆς
2941 1764 3036 1801 σου
3095 1746 3300 1817 ταύτης
3355 1746 3457 1801 καὶ
3514 1745 3850 1816 δραστηρίου

2258 1843 2632 1918 καταδρομῆς,
2663 1842 2781 1906 πῶς
2813 1843 2861 1896 εξ
2894 1842 2991 1894 καὶ
3029 1839 3104 1911 μὴ
3128 1839 3221 1892 ἐπὶ
3247 1837 3469 1901 πασῶν,
3492 1836 3640 1891 ἀλλά
3662 1854 3727 1906 γε
3751 1836 3852 1890 τῶν

2257 1939 2549 2002 πλείστων,
2574 1937 2675 1990 οὐκ
2704 1933 2926 2004 ἀφῆκας
2957 1931 3054 2001 τὴν
3081 1929 3420 2001 τηλικαύτην
3458 1946 3564 1984 σου
3598 1929 3847 2000 βάσανονο

2260 2033 2359 2105 μιᾷ
2415 2029 2472 2084 δὲ
2519 2028 2660 2102 μόνῃ
2697 2027 2807 2081 τῶν
2842 2023 3095 2091 ὲντολῶν,
3155 2023 3260 2077 ὑπὸ
3307 2022 3524 2093 πολλῆς
3570 2022 3852 2086 εὐλαϐείας

2259 2120 2724 2193 συγκατέκλεισας
2747 2135 2761 2184 ;
2785 2117 2928 2171 οὕτω
2953 2117 3061 2188 γάρ
3104 2116 3169 2172 ἄν
3203 2131 3296 2168 σου
3329 2113 3444 2166 τῶν
3475 2113 3850 2185 ὲπιχειρημά.

2253 2236 2363 2273 των
2402 2216 2463 2270 τὸ
2507 2213 2743 2283 εὔπορον
2778 2212 2874 2266 καὶ
2905 2209 3042 2282 βαθὺ
3095 2208 3297 2280 μᾶλλον
3343 2205 3844 2274 άπεθαυμάζομεν.

2268 2309 2410 2364 Ἀλλ’
2462 2303 2532 2380 ἦν
2584 2308 2677 2360 καὶ
2721 2303 2882 2357 τοῦτο
2930 2301 3267 2372 κακουργίας
3310 2299 3524 2371 μᾶλλον
3578 2299 3613 2370 ἢ
3673 2297 3850 2360 ἀνοίας

2255 2398 2638 2472 ὲπιτέῇενασμα
2658 2414 2673 2429 ’
2704 2396 2822 2469 ᾔδει
2862 2395 2932 2466 γά
2945 2412 2995 2466 ρ,
3032 2394 3149 2466 ᾔδει
3179 2392 3322 2446 κατὰ
3354 2391 3590 2446 πάντων
3623 2389 3726 2460 μὲν
3749 2389 3849 2442 τῶν

2255 2494 2606 2551 Δεσποτικῶν
2650 2490 3091 2563 προσταγμάτων
3130 2487 3227 2557 τὴν
3275 2485 3454 2556 αὐτὴν
3507 2486 3852 2556 κατάρῤησιν

2256 2587 2732 2661 προϐαλλόμενος,
2767 2582 3086 2651 εὐφώρατον
3131 2579 3275 2643 ἕξειν
3317 2577 3379 2632 τὸ
3433 2576 3842 2650 ῥᾳδιούργημα,

2257 2684 2353 2739 ἆτε
2385 2677 2690 2749 δυναμένου
2736 2673 2964 2729 καὶτοῦ
3011 2671 3264 2742 τυχόντος
3309 2671 3579 2740 συνορᾷν,
3629 2667 3704 2732 ώς
3752 2666 3844 2720 oin:

2258 2775 2324 2829 ἂν
2348 2772 2490 2827 οὕτω
2519 2789 2583 2842 γε
2618 2769 2798 2823 πάντα
2827 2767 2895 2820 τὰ
2922 2766 3068 2835 σωτή
3081 2780 3170 2834 ρια
3221 2761 3680 2833 παραγγέλματα
3699 2798 3714 2823 ,
3754 2757 3844 2827 τὴν

2255 2868 2429 2938 αὐτὴν
2465 2866 2729 2936 παρεῖχεν
2769 2859 2970 2922 αἰτίαν,
3022 2857 3116 2910 τοῦ
3148 2857 3214 2910 δι’
3249 2855 3469 2910 ἑαυτῶν
3519 2851 3841 2926 περιτρέπε·

2256 2962 2420 3016 σθαι·
2469 2960 2561 3013 ἐπὶ
2609 2959 2740 3029 μιᾶς
2783 2955 2840 3008 δὲ
2891 2952 3089 3020 μᾶλλον
3117 2950 3313 3019 ιἤλπισε
3347 2946 3566 3009 λαθεῖν,
3611 2945 3661 2997 εἰ
3697 2958 3841 3013 περιρ

2253 3055 2457 3128 γράψοι
2479 3053 2540 3106 τὸ
2573 3049 2971 3118 συκοφάντημα
2990 3062 3003 3075 ·
3025 3045 3119 3098 καὶ
3149 3042 3210 3095 τὸ
3238 3041 3442 3094 οἰκεῖον
3475 3037 3840 3108 κακούργημα

568 3133 777 3201 aditum
839 3133 1188 3189 inventurum
1253 3135 1530 3204 nequitiae,
1567 3150 1665 3205 per
1703 3151 1864 3206 quem
1921 3135 2150 3206 impete-

2257 3144 2612 3218 παρείσδυσιν
2644 3140 2788 3193 οὕτω
2833 3136 2995 3190 πλέον
3024 3135 3204 3205 εὑρεῖν
3239 3133 3318 3195 εἰς
3348 3130 3524 3200 ψόγον
3551 3128 3662 3182 τῶν
3692 3128 3839 3197 άμω-

568 3234 780 3289 ΓιιιιιιΙΓ,
816 3239 938 3294 qua:
969 3225 1236 3279 vacabant
1263 3225 1440 3295 capita
1491 3228 1674 3296 culpa,
1707 3226 1781 3280 ita
1837 3225 1892 3280 in
1947 3227 2150 3298 quibus

567 3317 784 3385 latitare
841 3316 1036 3382 voluit,
1105 3316 1220 3386 ipse
1276 3318 1430 3387 quasi
1485 3318 1538 3372 in
1591 3319 1929 3389 triumphum
1992 3319 2153 3374 duxit

567 3426 796 3465 suorum
827 3425 1148 3466 sermonum
1185 3408 1394 3464 futilem
1431 3411 1860 3480 improbitatem.

642 3503 746 3558 Sed
794 3518 893 3573 par
941 3501 1189 3573 proiecto
1232 3501 1353 3566 fuit,
1397 3511 1453 3556 ut
1487 3503 1553 3566 is,
1604 3503 1700 3573 qui
1766 3503 2151 3557 oblectabatur

566 3596 879 3654 istiusmodi
919 3595 1115 3666 ineptis
1146 3603 1197 3650 et
1225 3596 1428 3666 putidis
1451 3595 1908 3666 sophismatibus,
1929 3596 2155 3650 minime

566 3706 635 3744 ex
669 3689 897 3742 adversa
932 3686 1109 3742 fronte
1138 3687 1192 3742 in
1219 3688 1605 3742 contumeliam
1637 3703 2001 3756 personarum
2055 3688 2152 3742 de-

569 3782 895 3848 scenderet;
931 3779 1023 3835 sed
1043 3783 1232 3835 eadem
1270 3780 1471 3835 mentis
1517 3782 1821 3849 celeritate,
1861 3791 1916 3837 et
1969 3783 2155 3837 animo

569 3876 626 3930 in
658 3882 840 3945 partes
871 3874 1113 3928 versatili
1149 3874 1525 3935 addubitamlo
1567 3875 1775 3930 diceret
1805 3896 1817 3930 :
1859 3877 1906 3932 si
1960 3891 2154 3932 omnes

568 3967 692 4022 loco
743 3966 1071 4020 venditionis
1129 3967 1465 4035 emptionem
1541 3967 1851 4032 instituant,
1924 3969 2150 4039 quinam

568 4066 732 4118 erunt
762 4056 1269 4112 vendentcs?Nam
1332 4057 1462 4125 quid
1520 4057 1748 4113 interest
1819 4061 1961 4113 inter
2024 4075 2149 4114 eum

567 4150 662 4220 qui
721 4149 773 4203 iu
826 4159 1037 4219 partem
1090 4149 1446 4205 vendentium
1511 4165 1702 4209 omnes
1745 4151 2062 4222 compingit,
2097 4162 2152 4206 et

565 4241 719 4296 illum
754 4243 848 4310 qui
897 4249 1172 4310 emptores
1212 4243 1410 4311 quaarit
1436 4242 1462 4295 ?.
1499 4251 1591 4296 aut
1640 4259 1670 4298 e
1701 4253 1894 4298 contra
1937 4246 1989 4299 in
2030 4245 2152 4298 “Cl-

560 4335 742 4392 tantes
772 4326 1121 4394 referentem,
1150 4344 1244 4382 eos
1281 4330 1631 4401 investigare,
1673 4333 1766 4402 qui
1804 4334 1973 4388 velint
2022 4351 2150 4388 ven-

561 4420 730 4475 dere?
765 4419 964 4474 Verum
1001 4422 1228 4477 missum
1291 4424 1396 4488 hoc
1431 4423 1718 4489 faciamus.
1773 4424 1954 4492 Quid?
1985 4444 2053 4482 an
2093 4438 2146 4482 tu

561 4517 647 4570 vis
673 4529 869 4569 omnes
900 4515 1154 4572 homines
1205 4517 1403 4583 bonos,
1441 4519 1703 4576 honestos
1735 4529 1791 4577 et
1835 4521 1976 4592 frugi
2008 4523 2146 4588 fieri,

563 4619 665 4660 nec
717 4605 964 4674 lapsibus
1000 4605 1321 4676 subjecws?
1349 4625 1416 4663 an
1469 4610 1574 4688 hoc
1606 4612 1700 4666 tibi
1727 4613 1911 4682 potius
1954 4616 2152 4684 displi-

563 4697 696 4752 cet?
725 4698 881 4764 Quod
916 4700 960 4752 si
989 4715 1180 4756 omnes
1206 4713 1393 4758 essent
1422 4706 1604 4774 probi,
1624 4707 1768 4760 nulla
1801 4708 1938 4763 foret
1965 4711 2145 4780 legum

563 4793 899 4859 necessitas,
955 4794 1375 4864 legumlatorum
1435 4814 1589 4864 cura,
1645 4801 1926 4869 studium,
1960 4804 2146 4872 provi-

560 4882 776 4939 dentia:
805 4893 860 4940 et
886 4894 1088 4952 tamen,
1123 4898 1182 4943 ut
1217 4889 1354 4947 tales
1383 4889 1594 4956 fierent,
1626 4892 1771 4963 leges
1806 4895 1882 4956 illi
1916 4897 2143 4965 provide

559 4979 926 5032 condiderunt
955 4998 966 5033 :
1001 4979 1220 5036 JuStitia
1251 4999 1319 5038 au
1354 4999 1460 5038 non
1496 4983 1551 5038 in
1573 4984 1944 5056 Tragelaplios
1966 4998 2147 5046 trans-

556 5071 680 5134 ibit,
716 5081 769 5126 et
810 5071 1181 5143 Scindapsos?
1237 5075 1330 5130 ubi
1361 5078 1505 5131 enim
1539 5077 1892 5151 δικαιοσύνης
1933 5083 1978 5138 si
2034 5100 2142 5138 nou

558 5162 803 5233 εἰιδίκη,
830 5163 921 5219 ubi
987 5165 1130 5220 illa?
1174 5166 1222 5222 si
1271 5182 1436 5222 nemo
1484 5169 1742 5236 injuriam
1796 5172 2035 5230 inferat:
2096 5176 2142 5231 si

557 5254 760 5324 singuli
797 5256 850 5309 in
889 5257 1085 5314 melius
1111 5258 1568 5327 immutabuntur,
1599 5279 1705 5318 una
1726 5280 1946 5336 quoque
1971 5267 2146 5325 abibit

555 5359 610 5402 et
639 5351 1049 5406 mansuetudo:
1095 5368 1222 5421 nam
1257 5354 1362 5409 nisi
1414 5355 1486 5410 sit
1544 5357 1847 5422 iracundia
1885 5375 2133 5426 movens,

557 5455 667 5494 non
723 5449 807 5496 est
862 5446 1266 5501 mansuetudo:
1308 5447 1400 5501 ubi
1439 5449 1544 5504 erit
1604 5450 1696 5505 ille
1754 5465 1986 5508 movens
2042 5456 2138 5524 qui

557 5531 840 5589 irritat-it?
863 5535 929 5591 de
961 5553 1068 5606 qua
1099 5553 1289 5606 causa,
1326 5557 1435 5596 non
1470 5544 1617 5598 enim
1643 5546 1690 5600 si
1745 5547 1873 5601 velit
1902 5547 2138 5603 maxime

555 5623 642 5678 vir
670 5626 846 5684 bonus
881 5629 933 5683 in
961 5631 1165 5686 bonum
1200 5633 1524 5702 irrilahitur,
1568 5653 1674 5692 non
1710 5647 1892 5694 autem
1943 5641 2032 5696 ille
2064 5642 2139 5697 ita

560 5721 709 5787 velit,
742 5724 824 5777 sic
852 5739 1039 5778 secum
1075 5725 1207 5780 dum
1271 5728 1749 5797 improbissimum
1798 5734 1974 5790 isthoc
2002 5736 2138 5791 deli-

560 5821 894 5882 ramentum,
927 5813 1086 5884 culpa
1123 5831 1230 5875 nou
1280 5830 1454 5887 vacat,
1492 5821 1583 5891 qui
1617 5830 1831 5878 tenetur
1871 5824 2135 5891 maxima,

2261 3211 2445 3312 μήτων
2482 3228 3133 3304 ἀντιπεριενεχθήσεσθαι
3159 3241 3172 3254 ο
3219 3223 3363 3278 ὥστε
3410 3223 3512 3276 καὶ
3545 3219 3614 3274 δι’
3641 3211 3714 3271 ὧν
3751 3215 3837 3268 λα-

2257 3305 2368 3388 θεῖν
2403 3328 2724 3400 ἐμελέτησε,
2775 3322 2836 3376 τὸ
2879 3317 3312 3390 φιλοκακουργδν
3356 3314 3454 3369 καὶ
3503 3311 3707 3384 σαθρὸν
3740 3305 3838 3362 τῶν

2254 3425 2430 3492 λόγων
2462 3420 2570 3473 τῶν
2601 3417 2762 3478 αὐτὸς
2792 3412 2959 3468 αὑτοῦ
2988 3409 3405 3482 ἐθριάμϐευσεν.

2340 3515 2536 3587 Ἐχρῆν
2579 3511 2638 3564 δὲ
2679 3507 2956 3570 τοιαύταις
2999 3505 3184 3570 αὑτὸν,
3240 3503 3591 3556 ἐκδεδωκότα
3622 3497 3834 3567 λέσχαις

2257 3611 2352 3665 καὶ
2399 3603 2760 3675 κακοσχόλοις
2788 3600 3128 3672 σοφίσμασι,
3161 3597 3296 3668 μηδὲ
3333 3596 3433 3666 τὴν
3465 3595 3558 3648 διὰ
3598 3593 3696 3662 τῆς
3730 3587 3836 3642 ἐτέ-

2259 3720 2361 3774 ρας
2414 3700 2607 3771 μοίρας
2663 3695 2770 3749 τῶν
2820 3692 3131 3764 προσώπων
3181 3691 3448 3761 ἐπήρειαν
3509 3684 3832 3758 παρελθεῖν·

2256 3773 2372 3848 ἀλλ’
2422 3791 2482 3856 ἐξ
2528 3790 2714 3858 ὁμοίου
2764 3784 2964 3856 τάχους
3011 3781 3271 3844 διανοίας,
3326 3779 3426 3834 καὶ⁷
3476 3773 3833 3850 ἁγχιστρόφου

2258 3884 2600 3958 φρονήματος
2647 3878 2972 3948 ὲπαπορεῖν,
3020 3875 3113 3928 καὶ
3160 3873 3378 3942 λέγε.ν·
3417 3872 3485 3926 Et
3533 3871 3592 3924 δὲ
3623 3868 3835 3958 πάντες,

2255 3953 2375 4031 ἀντὶ
2400 3953 2496 4027 τοῦ
2528 3970 2884 4041 πιπράσκειν,
2935 3967 3142 4020 ἕλοιντο
3192 3963 3476 4028 ώνεῖσοαι,
3513 3961 3660 4023 τίνες
3699 3957 3762 4012 ἂν
3789 3953 3833 4005 οἱ

2255 4066 2562 4128 πωλοῦντες
2609 4059 2752 4123 εἷεν;
2795 4060 2860 4113 Τί
2906 4059 3014 4129 γάρ
3060 4057 3346 4128 διαφέρει,
3396 4055 3611 4116 πάντας
3638 4052 3715 4113 είς
3742 4045 3834 4117 τὴν

2252 4159 2362 4212 τῶν
2387 4154 2769 4228 ἀγοραζόντων
2801 4153 2994 4222 μοῖραν
3031 4148 3451 4213 συνελαύνοντα,
3477 4147 3605 4208 τοὺς
3634 4143 3832 4210 ὠνησο-

2256 4248 2452 4322 μένους
2502 4245 2806 4315 ἐπιζητεῖν,
2869 4242 2902 4313 ἣ
2959 4241 3267 4305 ἀνάπαλιν,
3333 4239 3413 4302 είς
3469 4233 3832 4307 ἀγοράζοντας

2253 4340 2627 4410 ἀναφέροντα,
2678 4337 2801 4400 τοὺς
2845 4334 3047 4388 πωλεῖν
3102 4333 3384 4392 ἐθέλοντας
3432 4326 3826 4403 διερευνᾶσθαι,

2255 4437 2351 4490 καὶ
2377 4429 2835 4504 περιεργάζεσθαι
2863 4445 2877 4495 ;
2921 4427 3059 4481 Ἀλλ’
3090 4428 3272 4482 ἐάσθω
3299 4426 3481 4480 τοῦτο.
3530 4424 3595 4478 Τί
3639 4422 3695 4474 δὲ
3731 4416 3825 4482 σύς

2259 4524 2369 4600 ἆρα
2404 4525 2586 4597 βούλει
2619 4524 2826 4585 πάντας
2867 4519 3188 4590 ἀνθρώπους
3237 4519 3439 4583 καλοὺς
3471 4519 3567 4573 καὶ
3599 4512 3826 4584 ἀγαθοὺς

2258 4615 2421 4681 εἶναι,
2446 4617 2542 4670 καὶ
2568 4613 2924 4683 πταισμάτων
2960 4610 3279 4682 κρείττους;
3308 4609 3340 4680 ἢ
3370 4608 3679 4677 ἀπαρέσκει
3712 4617 3820 4666 σοι,

2270 4710 2434 4772 Ἀλλ’,
2459 4709 2507 4760 εἰ
2539 4707 2742 4768 πάντες
2775 4705 2928 4758 καλοὶ
2954 4703 3048 4756 καὶ
3072 4701 3291 4771 ἁγαθοὶ,
3323 4702 3427 4756 ποῦ
3454 4705 3486 4773 ἡ
3519 4699 3631 4755 τῶν
3657 4697 3825 4767 νόμων

2256 4801 2417 4874 χρεία
2445 4819 2460 4866 ;
2495 4798 2598 4852 ποῦ
2628 4797 2684 4849 δὲ
2714 4797 2823 4850 τῶν
2850 4795 3158 4866 νομοθετῶν
3191 4797 3220 4848 ό
3250 4794 3433 4858 πόνος,
3484 4795 3578 4847 καὶ
3607 4793 3640 4862 ἡ
3672 4803 3827 4842 σπου·

2253 4897 2342 4966 δὴ,
2370 4895 2466 4947 καὶ
2497 4895 2530 4964 ἡ
2560 4892 2823 4963 πρόνοια;
2855 4890 3102 4960 καίτοιγε
3149 4887 3280 4942 αὐτὸ
3313 4887 3473 4941 τοῦτο
3505 4883 3704 4945 καλοὺς
3739 4877 3824 4932 καὶ

2247 4986 2489 5058 ἀγαθοὺς
2535 4981 2678 5040 εἶναι
2718 4985 2844 5047 τοὺς
2895 4981 3222 5053 ἀνθρώπους
3278 4980 3670 5052 προνοούμενοι
3706 4970 3821 5029 τοὺς

2246 5084 2448 5154 νόμους
2481 5080 2761 5134 ἐτίθεσανο
2803 5082 2837 5149 ἡ
2868 5076 3186 5145 δικαιοσύνη
3217 5074 3275 5128 δὲ
3303 5074 3389 5144 ἄρ’
3421 5074 3524 5127 οὐκ
3553 5072 3632 5134 είς
3659 5078 3818 5154 war:

2243 5177 2479 5246 ελάφους
2551 5192 2634 5228 σοι
2705 5177 2801 5227 καὶ
2852 5171 3180 5239 σκινδάψους
3240 5167 3664 5238 περιστήσεται;
3715 5155 3816 5208 Που

2243 5269 2354 5342 γὰρ
2383 5267 2724 5337 δικαιοσύνη,
2761 5265 2920 5336 δίκης
2950 5265 3050 5317 ούκ
3078 5260 3277 5333 obs-qq;
3312 5259 3415 5313 ποῦ
3448 5259 3505 5312 δὲ
3537 5256 3682 5322 δίκη,
3718 5263 3816 5342 Wt-

2248 5337 2399 5427 δενὺς
2445 5361 2796 5425 ἀδικούντος;
2827 5356 3029 5412 ἀδικῶν
3072 5355 3127 5408 δὲ
3159 5354 3266 5418 τίς,
3302 5353 3520 5406 πάντων
3566 5349 3644 5410 εἰς
3673 5337 3817 5410 ἀμεί-

2250 5475 2374 5520 νους
2425 5451 2925 5525 μεταταξαμένων;
2964 5449 3084 5518 οὐχὶ
3113 5446 3170 5500 δὲ
3200 5446 3297 5500 καὶ
3327 5447 3361 5516 ἡ
3408 5444 3651 5515 πραότης
3698 5447 3814 5525 συν-

2249 5553 2564 5624 οικήσεται;
2605 5547 2714 5600 τινὶ
2739 5545 2848 5615 γάρ
2893 5545 3086 5615 πρᾶος,
3135 5541 3234 5594 οὐκ
3261 5539 3415 5603 ὄντος
3437 5536 3532 5591 τοῦ
3565 5523 3816 5603 παροργίη

2251 5643 2473 5710 ζοντοςς
2509 5642 2612 5696 ποῦ
2638 5643 2695 5694 δὲ
2721 5644 2748 5694 ὁ
2780 5639 3140 5713 παροργίξων
3173 5643 3270 5695 καὶ
3293 5640 3414 5692 τίνα
3441 5655 3454 5702 ;
3492 5635 3586 5691 καὶ
3617 5635 3648 5704 ή
3677 5622 3811 5681 αἷτία

2248 5735 2419 5802 ποίας
2469 5735 2664 5806 ἁγαθῴ
2696 5735 2804 5806 γάρ
2835 5735 3062 5804 ἀγαθὸς,
3094 5735 3195 5788 ούκ
3244 5733 3392 5787 ἔστιν
3427 5732 3510 5801 ἐφ’
3556 5729 3678 5796 ὅτῳ,
3715 5716 3809 5772 κᾶν

2252 5826 2507 5900 βουληθῇ,
2541 5828 2926 5900 παροργίσειεν
2949 5848 2962 5862 ·
2999 5827 3160 5899 δῆλον
3189 5827 3244 5882 δὲ
3265 5867 3284 5895 ,
3313 5825 3386 5890 ώς
3417 5823 3535 5879 ού¹δὲ
3569 5813 3807 5891 βουλήσε“
