4158 6458
384 366 493 429 02]

1445 374 1547 435 ΔΙ)
1576 374 2178 436 AMPIIILOCIIIUM
2218 375 2570 447 QUgESTIO
2600 377 2695 436 Cl.

3568 371 3677 437 626

382 495 517 534 ται·
551 477 752 534 οὐκοῦν
805 480 950 536 κατά
972 481 1132 537 τοῦτὸ
1154 499 1221 553 γε
1255 483 1317 537 τὸ
1350 489 1721 560 περιπόνηρόν
1757 506 1850 542 σου
1893 489 1967 559 λήι

2090 490 2182 559 qni
2211 491 2261 545 id
2300 491 2430 561 agit,
2472 500 2530 546 ut
2557 488 2809 545 homines
2851 490 3065 546 honesti
3091 498 3145 545 et
3175 487 3334 560 probi
3360 486 3511 543 ﬁant.
3540 485 3668 543 llme

391 586 547 641 ρημα
571 608 587 633 ,
622 571 828 640 πολλῆς
858 572 957 625 καί¹
1005 572 1254 645 μεγάλης
1302 574 1485 647 ἔνοχος
1530 578 1711 642 αἰτίας
1737 619 1752 645 ,
1794 581 1822 633 ὁ
1857 581 1984 643 τοὺς

376 661 717 745 ἀνθρώπους
765 665 967 729 καλοὺς
1018 666 1113 721 καὶ
1164 667 1406 736 ἀγαθοὺς
1451 668 1781 741 βουλόμενος
1820 667 1980 726 εἶναι.

377 754 812 831 ιΚρατυνθείσης
844 756 954 827 γὰρ
984 758 1083 827 τῆς
1108 767 1134 795 κ
1166 759 1518 826 διδασκαλίας
1540 801 1555 826 ,
1592 764 1878 834 οἰχήσεται
1915 764 1983 819 τὰ

346 848 663 920 ηκράτιστα
703 849 813 902 τῶν
848 851 1321 923 κατορθωμάτων·
1360 855 1457 907 καὶ
1503 855 1657 908 αὐτοὶ
1705 858 1753 909 οἱ
1802 856 1978 925 νόμοι,

376 940 627 1011 -μάταιόν
656 958 728 1006 τι,
781 943 878 995 καὶ
909 943 1166 1015 περιττὸς
1202 946 1358 1015 ὖχλος
1386 946 1619 1004 ἔσονται.
1668 949 1779 1002 Καὶ
1826 948 1981 1004 οὔπω

390 1032 557 1101 λέγω,
590 1034 671 1086 ὅτι
701 1032 770 1087 δι’
815 1033 1006 1101 αὐτοῦ,
1038 1037 1245 1105 ἀγαθοῦ
1279 1039 1560 1111 ἀναίρεσις
1594 1041 1984 1113 καταπράττε-

374 1142 516 1197 ται·
546 1126 657 1179 οὐδ’
687 1127 769 1181 ὅτι
801 1129 833 1199 ἡ
869 1127 966 1181 τοῦ
1014 1129 1238 1199 ἀρίστου
1288 1132 1502 1204 αἵρεσις
1545 1135 1829 1206 εἰσαγωγὴ
1870 1135 1981 1191 τῶν

384 1218 649 1289 χειρόνων
679 1219 1085 1275 ἐπιδείκνυται·
1118 1223 1181 1277 ού
1210 1223 1320 1295 γὰρ
1357 1224 1500 1293 σοφά
1538 1243 1631 1278 σου
1652 1268 1667 1292 ,
1701 1227 1796 1279 καὶ
1832 1227 1981 1280 πολι-

380 1310 546 1379 τικῆς
575 1310 814 1383 θεωρίας
844 1311 1060 1384 ἔμπλεα
1079 1315 1150 1369 τὰ
1175 1315 1564 1388 ἐνθυμήματα,
1585 1321 1613 1373 ὁ
1633 1321 1702 1373 τὰ
1726 1319 1980 1374 πολιτικὰ

380 1405 517 1475 ἡμῖν
549 1404 833 1471 ἐπισείων,
869 1408 966 1461 καὶ
1012 1408 1210 1478 λέγων,
1253 1409 1458 1482 ταύτης
1506 1412 1619 1483 ἔχει
1667 1429 1750 1477 τις
1800 1415 1977 1467 είπεῖν

382 1497 823 1568 πολιτικωτέραν
850 1500 955 1571 τῆς
986 1501 1242 1572 ὲντολῆςς
1290 1504 1496 1572 καίτοι,
1543 1506 1635 1558 τὸν
1688 1507 1789 1571 τὰς
1833 1508 1980 1562 Πλάι
2023 1507 2031 1513 ’

363 1604 555 1656 ,τωνος
607 1591 885 1655 πολιτείας
948 1595 1238 1665 μονονουχὶ
1288 1598 1722 1667 προσκυνοῦντα,
1776 1601 1976 1671 μυρίας

362 1681 487 1765 ᾓμὲν
541 1683 824 1753 γεμούσας
874 1685 1189 1755 ἀσελγείας,
1249 1688 1451 1759 μυρίας
1492 1690 1551 1743 δὲ
1596 1690 1733 1763 πρὸς
1775 1692 1977 1757 ἑαυτὰς

381 1774 589 1847 μάχης,
622 1777 716 1829 καὶ¹
742 1777 1165 1847 πολεμιωτάτας
1200 1781 1299 1852 μὲν
1332 1782 1485 1856 πάσῃ
1518 1783 1839 1857 ἀνθρωπίνῃ
1870 1802 1969 1838 πο-

374 1846 576 1941 λιτεία,
604 1870 666 1923 τὸ
698 1871 1050 1945 ἀνύπαρκτον
1080 1875 1138 1928 δὲ
1170 1846 1268 1930 καὶ
1296 1846 1547 1932 ἀνούσίον
1578 1846 1708 1951 παρ’
1732 1846 1851 1931 ὅλον
1872 1879 1965 1932 τὸν
2004 1846 2050 1907 Β

376 1962 555 2017 αἰῶνα
590 1965 1052 2037 πολιτευομένας·
1100 1969 1193 2022 τὸν
1226 1970 1444 2034 ὲκείνας
1497 1972 1555 2024 ὲν
1602 1971 1792 2043 μνήμῃ
1830 1970 1973 2042 λαμ-

376 2052 635 2123 ϐάνοντα,
664 2059 761 2111 καὶ
790 2059 1020 2124 ταύταις
1047 2062 1533 2134 ὲνσεμνυνὸμενον,
1554 2062 1643 2135 ἆρ’
1668 2065 1769 2119 ούκ
1798 2065 1972 2136 ἐχρῆν

374 2143 516 2207 ὅλως
546 2147 921 2217 αἰσχύνεσθαι,
972 2152 1066 2205 καὶ
1109 2152 1243 2206 αὐτὸ
1268 2155 1328 2208 τὸ
1354 2154 1455 2225 τῆς
1486 2156 1768 2220 πολιτείας
1796 2157 1969 2230 ὄνομα

374 2237 532 2303 ψιλὸν
555 2240 644 2293 διὰ
671 2241 897 2311 χειλέων
925 2244 1228 2314 προάγειν;
1265 2248 1331 2301 σὺ
1359 2248 1415 2302 δὲ
1443 2250 1536 2303 καὶ
1581 2251 1969 2322 ὲπειρωνεύειν

375 2332 511 2399 ἡμῖν
542 2333 747 2405 ταύτην
772 2334 1167 2408 Δἐθρασύνθης·
1203 2339 1297 2393 καὶ
1324 2341 1580 2394 τοσοῦτόν
1612 2360 1692 2396 σοι
1738 2343 1799 2396 τὺ
1837 2343 1969 2415 δρα-

374 2424 620 2494 στήριον,
647 2426 731 2479 ὅτι
756 2426 791 2480 ἀ
822 2429 921 2496 μὲν
953 2428 1144 2499 ψέγειν
1182 2432 1530 2499 σπουδάζεις,
1561 2437 1806 2501 ἐπαινεῖς
1840 2436 1967 2490 λαν-

371 2513 587 2569 θάνων·
637 2511 719 2581 οἷς
748 2519 805 2572 δὲ
850 2518 943 2573 τὸν
978 2521 1199 2575 ἔπαινον
1244 2524 1434 2596 φέρειν
1458 2526 1703 2599 ἀγωνίζῃ
1726 2569 1741 2592 ,
1792 2527 1967 2584 ταῦτα

367 2607 557 2678 ψέγων
580 2611 682 2665 οὐκ
716 2613 843 2667 αίσθ
856 2614 979 2686 άνῃ.
1032 2615 1175 2670 Ἀλλ’
1204 2618 1279 2671 ὲῶ
1313 2618 1411 2689 μὲν
1432 2628 1459 2669 7
1484 2618 1645 2674 τοῦτο
1676 2619 1835 2685 τέως.

457 2703 751 2774 Ἐνόμισας
804 2706 861 2760 δὲ
920 2709 1029 2780 ἄρα
1078 2708 1183 2763 ὑπὸ
1238 2710 1441 2781 πολλῆς
1477 2711 1671 2782 σοφίας
1711 2729 1825 2778 σου,
1889 2713 1965 2779 ὡς

367 2797 467 2853 καὶ
498 2799 916 2871 προηγούμενον
966 2796 1080 2873 εἷχε
1132 2804 1334 2857 σκοπὸν
1377 2806 1407 2858 ὁ
1453 2805 1644 2877 Σωτὴρ
1680 2807 1966 2879 πολιτικὴν

367 2891 711 2961 παραδοῦναι
746 2894 966 2964 τέχνην.
1000 2896 1125 2959 Πῶς
1176 2892 1271 2951 οὖν
1318 2899 1419 2951 οὐκ
1465 2899 1671 2963 αἰτίαις
1725 2901 1960 2969 ὑπάγεις

370 2983 578 3054 (καίτοι
626 2984 1040 3054 φιλαιτιώτατος
1061 2986 1158 3055 ὢν,
1190 2990 1286 3042 καὶ
1310 2990 1491 3044 πνέων
1520 2992 1618 3062 τὴν
1650 2990 1853 3063 ὓϐριν),
1880 2994 1963 3045 ὅτι

373 3074 545 3144 μηδὲν
599 3076 728 3145 περὶ
771 3078 1119 3149 στρατηγῶν,
1166 3080 1301 3150 μηδὲ
1353 3083 1757 3153 στρατοπέδων,
1824 3083 1961 3153 μηδὲ

372 3168 729 3236 στρατιωτῶν
782 3168 1015 3241 ὥρισεν·
1068 3171 1178 3226 οὐδ’
1230 3175 1380 3235 ὅπως
1430 3175 1511 3227 δεῖ
1553 3174 1834 3246 πολεμίοις
1873 3176 1961 3229 διὰ

373 3261 561 3332 μάχης
611 3262 773 3330 ἱέναι,
830 3265 937 3318 οὐδ’
970 3266 1063 3319 ὅτε
1107 3268 1469 3323 σπένδεσθαι·
1517 3270 1635 3323 ἀλλ’
1680 3271 1788 3324 οὐδ’
1834 3273 1959 3326 ὅσου

365 3354 480 3409 δέοι
500 3355 592 3408 τὸν
615 3358 761 3409 σῖτον
788 3356 819 3427 ἢ
849 3356 918 3411 τὰ
942 3358 1079 3412 ἄλλα
1105 3361 1552 3431 πιπράσκεσθαι·
1582 3363 1963 3436 ἀγορανόμους

362 3447 424 3500 δὲ
455 3450 551 3502 καὶ
579 3448 840 3514 δικαστὰς
868 3449 964 3503 καὶ
993 3451 1312 3521 νομοθέτας,
1335 3453 1509 3507 ὁποῖοί
1531 3471 1591 3507 τε
1626 3454 1842 3509 ἔσονται
1868 3458 1964 3511 καὶ

362 3540 503 3601 ὅσοι,
542 3542 604 3594 οὐ
643 3541 1022 3613 δυσχεραίνεις
1049 3544 1131 3597 ὅτι
1166 3544 1333 3614 μηδὲν
1380 3547 1757 3616 είσηγήσατο;
1792 3548 1961 3619 τυφλὲ

362 3634 464 3687 καὶ
502 3635 675 3705 μωρὲ,
710 3636 855 3688 οὓτω
883 3635 1054 3705 βαθὺν
1120 3635 1287 3691 ὕπνον
1325 3638 1613 3702 ἐκάθευδες
1639 3639 1757 3711 (καὶ
1786 3644 1961 3696 ταῦτα

360 3726 465 3789 τὰς
498 3728 700 3790 νύκτας
741 3728 949 3787 ἄϋπνος
986 3727 1188 3791 τελῶν,
1237 3730 1330 3783 ἐπὶ
1360 3733 1426 3801 τῇ
1476 3732 1618 3785 κατά
1649 3732 1758 3787 τῶν
1800 3732 1960 3790 θείων

360 3818 567 3887 λογίων
596 3821 959 3892 ματαιοπονίᾳ
982 3823 1022 3888 ),
1059 3820 1201 3874 ὥστε
1247 3823 1383 3893 μηδὲ
1434 3825 1628 3879 τούτου
1662 3828 1961 3901 συναίσθη-

362 3930 453 3966 σιν
474 3913 765 3980 δέξασθαι,
819 3915 1013 3986 ὅτιπερ
1041 3917 1070 3968 ὁ
1100 3915 1291 3986 Σωτὴρ
1320 3917 1477 3988 ἡμῶν
1509 3919 1605 3971 καὶ
1639 3919 1773 3983 Θεὸς
1793 3963 1806 3983 ,
1849 3921 1958 3976 τῶν

363 4004 471 4076 μὲν
514 4005 809 4062 πολιτικῶν
854 4007 1061 4073 τύπων,
1116 4010 1211 4062 καὶ
1246 4010 1347 4080 τῆς
1387 4010 1516 4084 περὶ
1563 4011 1707 4065 αύτά
1750 4012 1959 4078 τάξεως

358 4096 464 4150 οὐκ
497 4096 622 4167 ἔσχε
654 4098 1069 4169 προηγούμενον
1091 4100 1184 4155 τὸν
1216 4102 1440 4155 σκοπόν.
1481 4102 1634 4174 ’ᾙδει
1667 4104 1798 4175 γὰρ,
1839 4105 1956 4177 ᾔδει

356 4190 490 4253 τοὺς
519 4189 844 4260 ἀνθρώπους
896 4192 1090 4264 ἱκανὴν
1121 4196 1187 4265 τῇ
1220 4194 1389 4266 πείρᾳ
1420 4196 1778 4269 παρασκευὴν
1819 4198 1958 4266 πρὸς

357 4280 538 4336 ταῦτα
568 4281 754 4336 λαϐεῖν
773 4300 789 4315 ·
817 4285 916 4355 τῆς
960 4285 1151 4356 χρείας
1180 4287 1275 4340 καὶ
1305 4287 1404 4357 τῆς
1436 4288 1685 4356 ἀνάγκης
1713 4289 1813 4360 τὴν
1851 4290 1956 4360 μά-

360 4378 523 4448 θησιν
546 4379 729 4441 αὐτοῖς
759 4379 1032 4451 ὁσημέραι
1063 4380 1255 4452 ῥᾳδίαν
1289 4382 1697 4452 παρεχομένης,
1725 4383 1817 4436 καὶ
1843 4383 1955 4437 τῶν

360 4470 748 4541 προλαϐόντων
777 4471 847 4525 τὰ
900 4472 1221 4543 πταίσματα
1273 4473 1609 4545 ἀποχρῶσαν
1643 4477 1755 4539 τοῖς
1820 4476 1945 4530 ὲσοα

2089 584 2342 641 doctrina
2370 585 2416 639 si
2453 584 2721 651 obtineat,
2756 585 3017 655 praeclara
3051 584 3296 639 facinora
3335 591 3677 637 evanescunt

2087 677 2292 733 omnia.
2329 674 2504 746 Leges
2546 675 2679 747 ipsa}
2738 685 2899 730 erunt
2934 676 3097 730 inane
3126 689 3349 741 nomen,
3378 682 3433 728 et
3479 687 3676 742 super-

2085 770 2229 825 fluus
2262 770 2529 825 tumultus
2578 767 2969 824 censebuutur.
3003 765 3125 821 Non
3164 768 3295 822 dum
3345 765 3450 819 hoc
3480 778 3672 833 urgeo,

2085 865 2413 936 probitatem
2472 863 2549 917 ita
2607 861 2748 925 tolli,
2804 876 2904 915 nec
2967 858 3113 930 quod
3164 858 3408 913 melioris
3474 856 3674 910 electio

2084 959 2353 1031 pessimas
2381 954 2803 1015 subintro’ducat
2836 952 3297 1023 consequentias:
3329 964 3505 1019 neque
3521 949 3667 1004 enim

2083 1052 2396 1125 prudentia,
2437 1059 2494 1106 et
2523 1049 2762 1123 politica:
2799 1045 3265 1103 considerationis
3290 1044 3450 1114 plena
3481 1042 3671 1113 enthy-

2088 1154 2320 1201 memata
2384 1142 2566 1199 adhuc
2616 1141 2776 1197 nobis
2833 1139 3143 1210 proclamat
3203 1136 3418 1208 (ecquis
3485 1143 3667 1189 autem

2091 1235 2261 1307 magis
2293 1233 2570 1306 politicam
2597 1231 2872 1287 rationem
2902 1227 3081 1299 inibit)
3112 1236 3395 1297 utcunque
3424 1223 3673 1280 Platonis
3710 1282 3713 1295 λ

2082 1328 2483 1401 rempublicam
2518 1334 2729 1379 tantum
2755 1338 2867 1378 non
2891 1323 3102 1387 adoret,
3136 1320 3216 1389 (in
3245 1334 3353 1391 qua
3370 1326 3499 1374 sunt
3529 1318 3673 1373 mul-
3709 1312 3713 1329 '

2083 1425 2297 1495 tipliees
2353 1421 2723 1492 impuritates,
2783 1415 3115 1487 multiplices
3155 1413 3299 1470 inter
3346 1426 3406 1469 se
3444 1421 3674 1467 contra-

2080 1516 2386 1580 dictiones,
2441 1520 2498 1567 et
2541 1512 2607 1566 ad
2658 1511 2969 1581 oppositum
3019 1506 3327 1563 constitutae
3359 1504 3673 1573 cuicunque

2080 1608 2396 1679 reipublicae
2438 1605 2694 1659 humanae
2732 1600 3191 1664 constitutiones,
3224 1612 3497 1667 nusquam
3521 1594 3670 1651 exsi-

2080 1714 2307 1767 stentes,
2341 1699 2536 1755 nullibi
2561 1698 2629 1752 ab
2671 1696 2821 1751 omni
2869 1709 2986 1749 aevo
3044 1700 3353 1762 usurpatae:
3400 1690 3521 1744 illas
3551 1702 3672 1743 mc-

2081 1796 2256 1853 moria
2292 1792 2623 1849 recolentem
2653 1788 2921 1850 rationes,
2951 1791 3006 1840 et
3039 1784 3260 1839 easdem
3310 1781 3492 1852 magni
3527 1778 3671 1833 aesti-

2082 1897 2352 1949 mantem,
2388 1882 2617 1940 omnino
2648 1879 2860 1951 pudore
2910 1874 3151 1933 suil‘undi
3172 1882 3410 1945 oportet,
3450 1871 3669 1942 quoties

2078 1978 2164 2033 vel
2197 1975 2404 2031 nudum
2445 1970 2765 2042 reipublicae
2797 1981 2999 2023 nomen
3028 1965 3189 2021 labiis
3224 1964 3534 2035 protulerit.
3568 1962 3667 2017 Ast

2083 2072 2175 2126 hic
2216 2080 2271 2124 tu
2303 2077 2357 2123 te
2387 2065 2600 2122 ironice
2626 2076 2817 2135 gerere
2855 2076 3025 2117 ausus
3051 2075 3110 2115 es
3136 2070 3191 2114 et
3216 2069 3422 2113 tantam
3458 2066 3666 2128 praetu-

2078 2164 2190 2220 listi
2232 2158 2485 2234 patrandi
2529 2156 2841 2221 audaciam,
2875 2164 2936 2210 ut
2985 2170 3108 2225 qua:
3161 2153 3473 2222 vituperare
3511 2148 3666 2219 cogi-

2082 2268 2189 2321 tas,
2216 2255 2385 2311 tacite
2438 2252 2628 2308 laudes
2657 2269 2670 2307 :
2713 2265 2840 2320 qua:
2876 2247 3099 2302 laudare
3128 2246 3213 2301 vel
3251 2246 3490 2299 maxime
3515 2242 3666 2297 desi-

2080 2351 2266 2416 deras,
2307 2363 2369 2403 ea
2404 2346 2721 2415 vituperare
2752 2351 2803 2399 te
2830 2356 2937 2398 non
2960 2339 3349 2412 persentiscas.
3377 2337 3483 2393 Sed
3507 2336 3665 2391 mitto

2081 2444 2136 2500 in
2153 2442 2412 2517 praesenti
2435 2440 2605 2498 istud.

2167 2715 2452 2787 Opinaris,
2522 2729 2623 2785 pro
2680 2723 2772 2768 tua
2833 2724 3048 2767 summa
3100 2704 3409 2779 prudentia,
3462 2703 3666 2775 princi-

2078 2813 2257 2885 palem
2303 2810 2583 2867 Servalori
2631 2823 2858 2877 scopum
2904 2804 3247 2877 pr0positum
3275 2801 3464 2865 fuisse,
3491 2810 3665 2854 artem

2074 2892 2298 2961 tradere
2350 2903 2656 2974 politicam.
2712 2901 2780 2956 Et
2812 2915 3078 2970 quorsum
3111 2913 3219 2952 non
3283 2898 3521 2959 incusas,
3569 2892 3665 2963 qui

2074 3014 2141 3055 eo
2182 2996 2342 3054 facile
2375 2996 2688 3060 descendis,
2752 2993 2898 3064 quod
2951 2992 3020 3046 de
3087 2990 3379 3054 militibus,
3439 2987 3661 3052 castris,

2070 3090 2329 3152 ducibus,
2359 3087 2495 3143 nihil
2530 3088 2747 3153 statuit,
2797 3102 2903 3141 non
2938 3084 3125 3140 :loeuit
3159 3083 3435 3155 quomodo
3473 3084 3663 3137 hostes

2071 3183 2183 3238 sint
2209 3180 2537 3251 excipiendi,
2568 3179 2774 3234 foedera
2806 3178 3067 3242 ineunda,
3125 3175 3464 3231 frumentum
3514 3191 3619 3230 con
3645 3210 3649 3214 ~

2071 3274 2211 3329 trahi
2258 3284 2312 3328 et
2366 3280 2707 3327 commeatus
2758 3270 2995 3341 possint.
3056 3268 3167 3323 Nec
3224 3268 3416 3336 iniquo
3472 3267 3659 3321 animo

2069 3367 2200 3432 fers,
2226 3367 2371 3437 quod
2406 3365 2544 3420 nihil
2576 3364 2819 3419 intulerit
2852 3364 2920 3417 de
2949 3362 3227 3416 venalium
3271 3376 3459 3415 rerum
3494 3375 3661 3415 cura-

2064 3457 2303 3522 toribus,
2359 3455 2661 3526 judicibus,
2728 3452 3206 3526 legumlatoribus.
3268 3450 3426 3507 Caaee
3487 3460 3542 3505 tu
3606 3460 3663 3506 et

2067 3551 2256 3616 stulte,
2291 3550 2444 3605 itane
2492 3548 2773 3619 profundo
2809 3561 3009 3602 somno
3060 3544 3309 3615 sepultus
3368 3543 3595 3614 jacuisti
3632 3544 3657 3597 ?

2065 3645 2183 3717 (qui
2242 3654 2424 3698 tamen
2465 3652 2612 3697 totas
2673 3648 2870 3697 noctes
2938 3640 3229 3695 insomnes
3284 3636 3658 3701 transmeasti,

2065 3740 2193 3795 dum
2225 3737 2410 3807 inepta
2452 3734 2739 3791 meditaris
2798 3742 2852 3787 et
2892 3731 3199 3787 frustranea
3238 3729 3503 3785 adversus
3534 3744 3662 3782 ora-

2065 3830 2188 3886 cula
2223 3829 2339 3899 Dei)
2376 3840 2435 3883 ut
2492 3828 2701 3884 nullum
2732 3828 2894 3884 istius
2936 3843 3159 3883 sensum
3191 3826 3473 3889 habueris,
3503 3826 3651 3896 quod

2069 3923 2212 3978 Deus
2260 3933 2312 3977 ct
2349 3921 2616 3978 Servator
2678 3930 2871 3976 noster
2938 3921 3006 3976 de
3070 3919 3262 3975 formis
3300 3918 3543 3989 politicis
3595 3925 3652 3971 et

2064 4012 2397 4079 actionibus,
2428 4012 2631 4066 nullam
2666 4010 3028 4082 principalem
3056 4010 3249 4065 habuit
3290 4010 3653 4065 intentionem

2062 4103 2361 4158 statuendi.
2399 4102 2745 4172 lntelligebat
2797 4104 2942 4157 enim
2978 4100 3230 4156 homines
3290 4100 3423 4156 satis
3456 4101 3527 4155 ab
3557 4117 3657 4155 ex-

2061 4195 2327 4266 perientia
2373 4196 2672 4249 instructos
2715 4194 2782 4247 ad
2838 4193 2965 4257 ista,
2992 4192 3194 4261 quibus
3240 4193 3542 4247 necessitas
3590 4201 3646 4246 et

2063 4305 2220 4356 usus,
2273 4287 2433 4342 facile
2458 4287 2527 4341 ad
2568 4300 2685 4340 eam
2720 4284 2927 4340 aditum
2959 4283 3205 4338 discendi
3243 4283 3478 4338 faciebat
3510 4298 3653 4351 quo-

2062 4380 2216 4445 tidie,
2248 4388 2301 4435 et
2341 4394 2373 4433 a
2399 4377 2831 4450 praecedentibus
2862 4374 3090 4431 admissi
3119 4389 3340 4429 errores
3390 4374 3446 4428 in
3496 4373 3655 4428 simi-.

2066 4475 2211 4530 libus
2254 4471 2548 4529 actitandis
2577 4470 2887 4543 expeditam
2927 4468 3347 4540 suppeditarent
3379 4466 3640 4522 emenda-

365 4564 553 4635 μένοις
584 4565 674 4618 ἐπὶ
715 4564 824 4619 τῶν
858 4566 1063 4635 ὁμοίων
1110 4567 1459 4635 ἀντεισάγειν
1497 4567 1597 4638 τὴν
1642 4568 1951 4640 διόρθωσιν.

2072 4570 2291 4626 tionem.
2323 4567 2479 4635 Quod
2532 4564 2579 4621 si
2609 4565 2889 4620 admissus
2940 4563 3073 4617 inibi
3103 4578 3263 4617 error
3314 4561 3501 4627 fuerit,
3572 4562 3639 4616 ad

361 4656 433 4711 Εἴ
460 4676 513 4711 τι
540 4657 596 4710 δὲ
629 4657 724 4711 καὶ
754 4652 962 4728 ταύτης
1009 4659 1302 4730 ἡμάρτητο
1340 4661 1434 4712 καὶ
1465 4659 1559 4712 τοῦ
1592 4660 1690 4731 μὲν
1722 4660 1860 4731 πρὸς
1894 4661 1955 4715 τὸ

360 4748 423 4806 εὖ
450 4751 575 4822 ἕχον
602 4754 695 4806 καὶ
730 4753 1068 4825 καθεστηκὸς
1100 4753 1577 4825 ἐπανορθούμενος
1610 4752 1955 4824 μεταρύθμι-

359 4846 473 4911 ζει·
503 4848 890 4920 προηγουμένη
926 4848 982 4901 δὲ
1010 4846 1088 4917 τῷ
1117 4848 1332 4919 Σωτῆρι
1374 4849 1618 4920 φροντὶς,
1650 4849 1683 4919 ἡ
1708 4847 1812 4900 τῶν
1850 4847 1959 4917 ψυ-

358 4937 469 5008 χῶν
517 4939 743 5010 ύπεῖρχε
770 4948 791 4975 ι
844 4940 1110 5011 σωτηρία,
1153 4941 1247 4992 καὶ
1292 4940 1576 5010 εἰσαγωγὴ
1632 4938 1747 5010 βίου
1803 4939 1953 5007 φιλο-

363 5032 531 5099 σόφου
556 5034 652 5086 καὶ
684 5032 829 5102 ζωῆς
856 5031 1198 5104 ὑψηλοτέρας
1224 5050 1237 5065 ·
1293 5034 1381 5088 διὰ
1406 5033 1613 5103 ταύτης
1645 5032 1751 5101 γὰρ
1780 5032 1814 5098 ἡ
1843 5030 1952 5083 τῶν

361 5124 555 5178 παθῶν
603 5125 907 5198 ἐλευθερία,
963 5128 1059 5181 καὶ
1107 5127 1141 5196 ἠ
1198 5126 1333 5196 πρὸς
1372 5125 1433 5178 τὸ
1478 5126 1697 5197 πρῶτον
1749 5124 1955 5193 ἀγαθὸν

360 5216 669 5287 ἐπιστροφὴ
706 5218 795 5270 καὶ
828 5218 1126 5286 συνάφεια,
1176 5217 1291 5270 ἀλλ’
1329 5218 1390 5269 οὐ
1427 5216 1713 5285 πολιτικῆς
1761 5216 1954 5283 διαγω-

360 5308 464 5377 γῆς
509 5309 542 5379 ἢ
593 5311 915 5381 σωματικῆς
958 5309 1309 5381 εὐδαιμονίας
1339 5311 1371 5379 ή
1402 5308 1692 5379 ἐπιμέλεια
1721 5309 1951 5361 κατεϐέ-

360 5399 557 5471 ϐλητο·
590 5402 765 5476 ταύτῃ
805 5421 887 5486 τοι
920 5406 1015 5458 καὶ
1058 5406 1171 5468 τοῖς
1207 5404 1559 5475 φιλοσάρκοις
1599 5402 1692 5456 καὶ
1719 5403 1951 5471 φιλοσω-

362 5492 556 5563 μάτοις
600 5496 632 5565 ή
682 5495 1002 5566 Δεσποτικη
1035 5496 1380 5567 παραίνεσις,
1407 5494 1596 5573 ὥσπερ
1630 5494 1695 5566 δὴ
1736 5494 1831 5548 καὶ
1863 5494 1949 5547 σοὶ

354 5582 640 5650 δύσοιστός
673 5604 732 5640 τε
767 5590 863 5642 καὶ
892 5588 1189 5662 δυσάρετος
1211 5608 1225 5622 ·
1276 5591 1447 5661 ἐχρῆν
1494 5587 1552 5641 δὲ
1598 5587 1707 5659 ἄρα
1731 5628 1747 5652 ,
1781 5589 1943 5658 εἴπερ

2063 4673 2267 4721 statum
2306 4661 2469 4717 facile
2524 4660 2850 4731 praclarum
2898 4650 3190 4712 reducetur
3225 4673 3239 4710 :
3280 4669 3481 4726 scopus
3524 4656 3656 4709 Scr-

2063 4755 2238 4810 vatori
2274 4752 2573 4825 primarius
2607 4751 2732 4819 fuit,
2767 4750 3075 4805 animarum
3107 4748 3292 4803 salus:
3328 4749 3453 4801 vitae
3482 4746 3656 4801 subli-

2062 4850 2255 4905 mioris
2292 4846 2689 4919 philosophiae
2722 4845 3033 4899 institutio:
3078 4859 3172 4915 per
3220 4843 3381 4896 istam
3434 4839 3580 4895 enim
3620 4856 3651 4895 ει

2062 4936 2415 5007 passionibus
2454 4935 2634 5005 quies,
2666 4935 2953 4989 conversio
2996 4933 3062 4987 ad
3112 4947 3390 4987 summum
3421 4931 3652 4997 bonum,

2063 5040 2117 5085 et
2147 5029 2464 5098 conjunctio
2496 5044 2622 5085 cum
2658 5028 2871 5094 eodem,
2910 5043 3060 5091 cura,
3105 5037 3159 5083 et
3217 5025 3458 5081 studium
3490 5026 3654 5080 doce-

2061 5124 2245 5188 batur,
2272 5139 2384 5178 non
2421 5123 2598 5178 civilis
2645 5120 2883 5198 alicujus
2914 5118 3372 5185 conversationis,
3405 5125 3499 5171 aut
3530 5116 3652 5171 feii~

2060 5216 2246 5273 citatis
2279 5215 2608 5286 corporalis.
2659 5215 2953 5269 Enimvero
2986 5211 3298 5268 Servatoris
3326 5212 3501 5267 nostri
3542 5212 3647 5266 ista

2063 5309 2370 5364 admonitio
2420 5309 2487 5363 iis
2528 5308 2621 5379 qui
2658 5323 2879 5363 carnem
2928 5314 2983 5362 et
3017 5321 3223 5377 corpus
3262 5305 3519 5375 diligunt,
3564 5304 3643 5369 uti

2060 5418 2125 5457 ac
2171 5402 2269 5457 tibi
2304 5417 2415 5456 non
2466 5402 2663 5471 placet,
2710 5400 2808 5455 sed
2858 5400 3076 5456 videtur
3144 5398 3545 5455 intolerabilis:
3596 5397 3644 5451 si

2057 5508 2187 5564 ergo
2235 5493 2412 5548 inerat
2456 5493 2638 5563 aliqua
2701 5491 2864 5554 ratio,
2918 5489 3046 5545 licet
3097 5495 3211 5543 tota
3269 5487 3646 5559 sycophantiis

2057 5595 2316 5655 scateret,
2370 5584 2666 5641 observare
2714 5584 2985 5640 debueras
3029 5582 3491 5654 conscquentias,
3543 5594 3647 5653 nec

1642 5765 1883 5822 VAlll/E
1916 5764 2319 5821 LECTIONES.

476 5891 503 5920 ι
528 5878 616 5931 ῖσ.
654 5877 881 5950 ταέτης.
906 5880 1122 5938 Etenim
1168 5882 1221 5937 in
1252 5884 1374 5941 cod.
1412 5882 1559 5940 Mon.
1596 5883 1767 5941 deest.

1881 5890 1905 5933 1
1941 5883 2005 5941 C.
2042 5882 2114 5939 Μ.
2151 5882 2486 5954 ἀλλ’ὲῶμεν.
2568 5893 2588 5922 τ
2625 5883 2686 5940 C.
2719 5882 2787 5941 Μ.
2815 5884 3051 5967 ὑπῆρχε.
