4158 6422
549 362 653 433 C27

1713 366 1975 427 PIIUTII
2009 363 2515 427 PATRIARCHzE
2554 370 2664 428 ΟΡ.

3728 360 3850 422 623

547 497 645 552 per
678 478 911 535 ironiam
967 477 1232 543 cavillari,
1281 478 1429 548 quod
1489 478 1776 545 poltttcum
1834 481 1910 534 nil
1960 480 2133 549 sapiat

2246 498 2320 546 τις
2374 480 2442 555 ἦν
2497 483 2794 554 λογισμὸς,
2828 482 2933 536 κᾶν
2977 480 3105 550 γοῦν
3146 480 3205 532 ὲν
3257 482 3375 541 ταῖς
3439 479 3857 549 συκοφαντίαις

548 572 754 627 Christi
808 584 1029 625 sermo:
1063 568 1157 623 sed
1202 569 1347 639 quod
1382 568 1507 623 vita:
1553 569 1699 625 illius
1732 579 1786 625 et
1846 586 2140 625 conversa-

550 665 717 718 tionis
770 662 973 716 fundus
1009 660 1453 730 philosophicam
1503 661 1671 716 vitam
1720 677 1831 718 non
1883 662 2136 731 attingat.

547 759 628 813 Ae
655 766 734 821 tu,
788 756 839 810 in
866 755 1071 826 quibus
1106 754 1336 809 minime
1370 756 1765 825 vituperandus
1810 756 1930 827 ejus
1958 771 2141 812 sermo

553 852 753 913 fuerat,
789 866 1024 906 accusas
1059 859 1284 903 tamen:
1339 848 1436 902 tibi
1488 864 1729 919 namque
1791 848 2139 919 propositum

549 946 658 1001 fuit
707 946 941 1013 ineptias
972 943 1210 1006 elI'utire,
1246 942 1395 996 nulla
1436 942 1581 998 illius
1632 943 1832 1014 injecta
1867 945 2143 999 mentione

547 1040 694 1110 quod
746 1036 1048 1093 concedere
1097 1036 1151 1090 in
1202 1034 1534 1105 vituperium
1589 1036 1851 1104 prwcepti
1905 1042 2138 1105 poterat.

549 1132 628 1186 lta
663 1130 959 1185 invalidam
992 1137 1046 1183 et
1104 1128 1334 1182 ﬂuidam
1369 1129 1642 1199 protulisti
1689 1130 1981 1194 rationem,
2017 1144 2141 1198 qua:

550 1230 791 1276 mentem
820 1221 915 1275 tibi
950 1219 1327 1274 calumniandi
1375 1219 1590 1273 avidam
1631 1220 2014 1274 malefaciendi
2045 1236 2143 1273 eu-

549 1315 731 1385 pidam
762 1322 815 1367 et
846 1312 1115 1382 putridam
1147 1311 1393 1366 declaras
1423 1329 1437 1365 :
1488 1321 1541 1366 et
1576 1319 1635 1365 ut
1686 1328 1795 1365 non
1837 1321 2032 1382 sponte
2061 1322 2142 1366 ta-

550 1420 676 1460 men
710 1404 1052 1468 mandatum,
1074 1404 1213 1458 ultra
1234 1420 1451 1458 omnem
1477 1404 1732 1475 vituperii
1765 1416 1820 1459 et
1850 1406 2143 1461 calumniae

549 1496 725 1549 aleam
782 1497 1042 1565 positum.
1076 1493 1291 1551 Videsis
1324 1496 1576 1559 ulterius,
1630 1496 1867 1565 qualiter
1922 1496 2013 1551 ille
2045 1497 2139 1566 qui

551 1588 658 1643 sibi
700 1588 1039 1658 impossibile
1085 1597 1454 1659 proposuerat
1483 1588 1643 1642 aliter
1685 1589 1903 1643 videtur
1942 1605 2141 1644 conse-

550 1691 724 1746 quens
762 1677 1062 1730 absurdum
1115 1676 1338 1731 inferre.
1376 1675 1513 1731 Nam
1539 1693 1663 1731 cum
1684 1678 1921 1744 dixerat,
1954 1679 1999 1733 si
2024 1693 2142 1734 om-

549 1785 647 1825 nes
677 1770 937 1835 vendant,
972 1771 1096 1841 quis
1129 1770 1507 1841 eritemptor;
1544 1786 1641 1841 per
1671 1771 1849 1826 thesin
1881 1771 2139 1841 impossi-

548 1860 712 1915 bilem
754 1863 1052 1917 absurdum
1082 1863 1227 1933 quod
1255 1874 1341 1918 est
1381 1863 1548 1919 infert
1596 1882 1610 1919 :
1654 1863 1912 1934 opinatur
1952 1876 2135 1919 autem

547 1968 659 2008 non
689 1955 931 2025 ejusdem
964 1971 1085 2010 esse
1134 1955 1402 2018 stultitiae,
1443 1956 1654 2010 crimen
1704 1957 2000 2013 calumniis
2042 1973 2137 2028 pe-

548 2049 709 2102 titum
766 2049 1085 2103 mandatum
1118 2050 1278 2119 quasi
1338 2050 1514 2119 culpae
1580 2066 1830 2106 causam.
1881 2049 1998 2105 Non
2051 2061 2138 2107 est

545 2141 727 2208 enim,
761 2141 887 2195 licet
934 2141 1188 2196 Christus
1242 2141 1370 2196 illud
1415 2142 1574 2197 toties
1629 2142 2135 2209 commonefecerit,

548 2232 681 2287 licet
714 2234 902 2287 multis
942 2232 1105 2287 minis
1154 2234 1486 2301 devinxerit,
1524 2234 1652 2288 licet
1714 2233 1971 2303 fulgetra,
2030 2234 2138 2289 ful-

547 2325 720 2390 mina,
753 2326 1015 2393 tonitrua,
1056 2326 1240 2381 hiatus
1289 2334 1452 2381 terrae
1484 2326 1837 2382 sermonibus
1888 2326 2005 2381 suis
2042 2328 2141 2382 ad-

540 2418 831 2489 juuxerit,
872 2434 979 2473 non
1036 2428 1120 2473 est
1158 2420 1443 2490 possibile,
1475 2430 1536 2475 ut
1586 2434 1777 2475 omnes
1836 2435 1934 2489 per
1994 2420 2137 2476 idem

545 2523 884 2567 momentum
914 2513 1150 2568 vendere
1194 2514 1385 2581 velint,
1436 2517 1510 2569 ita
1543 2523 1604 2569 ut
1643 2529 1804 2570 nemo
1853 2532 2055 2571 avarus
2088 2526 2143 2571 et

545 2605 861 2661 divitiarum
920 2606 1153 2676 cupidus
1191 2607 1570 2677 relinquatur;
1638 2624 1857 2678 semper
1888 2610 2032 2665 enim
2088 2619 2143 2664 et

548 2698 752 2768 ubique
778 2698 916 2752 tales
939 2698 1233 2753 exsistunt.
1261 2697 1380 2753 Non
1424 2708 1508 2753 est
1552 2700 1729 2754 virtus
1755 2701 2013 2757 omnibus
2042 2718 2141 2773 pa-

545 2790 737 2847 rabilis
768 2808 781 2843 :
824 2789 1027 2844 sulIicit
1055 2791 1100 2845 si
1141 2805 1262 2845 eam
1293 2792 1540 2845 ambiant
1572 2791 1756 2860 plures
1810 2792 2092 2863 sigillatim
2123 2813 2138 2849 :

548 2884 645 2937 sed
680 2897 782 2938 nec
812 2882 946 2937 illud
974 2881 1216 2947 obviam,
1259 2898 1359 2938 nec
1395 2883 1449 2937 in
1478 2883 1663 2953 aliqua
1698 2885 1902 2939 virtute
1949 2887 2143 2942 obser-

546 2976 837 3041 vandum;
906 2977 1191 3046 pauciores
1257 2978 1515 3033 virtutem
1599 2994 1765 3049 quam
1843 2980 1973 3035 vitia
2040 2982 2140 3037 ad-

549 3076 759 3121 amant.
799 3064 908 3123 Nec
959 3076 1138 3122 tamen
1184 3067 1343 3122 debet
1400 3070 1623 3123 humani
1679 3071 1895 3141 generis
1950 3088 2139 3128 curam

2249 577 2515 649 μελετῶν,
2572 578 2862 647 φυλάττειν
2891 578 2954 630 τὸ
2987 574 3305 641 ἀκόλουθον,
3348 574 3422 645 μὴ
3461 574 3544 626 ὅτι
3577 575 3679 626 οὐκ
3719 574 3853 625 ἔστι

2245 668 2504 740 πολιτικὴ
2532 670 2566 739 ἠ
2600 668 2907 739 Δεσποτικὴ
2944 668 3134 737 ἐντολὴ
3184 668 3242 719 έν
3291 666 3476 737 εἴρωνι
3535 664 3678 733 λόγῳ
3716 665 3854 717 δια-

2244 758 2616 833 θρύπτεσθαιε
2647 759 2763 815 ἀλλ’
2809 760 2889 813 ὅτι
2938 759 2998 813 ού
3048 759 3339 828 φιλόσοφος
3384 756 3504 809 οὐδὲ
3538 756 3850 825 φιλοσόφου

2246 854 2363 924 βίου
2397 853 2607 926 κρηπίς
2630 869 2643 883 ·
2674 853 2737 905 σὺ
2768 852 2849 917 δὲ,
2886 851 2944 917 ἐξ
2976 846 3050 904 ὧν
3092 850 3191 921 μὲν
3236 850 3422 919 ἐκείνη
3451 848 3621 919 ψόγον
3658 848 3721 901 ού
3747 848 3850 901 δέ.-

2244 966 2423 1018 χεται,
2470 948 2630 1001 τοῦτο
2660 945 3075 1013 αἰτιασάμενος,
3123 944 3300 997 καίτοι
3348 944 3454 996 κάν
3518 942 3697 1012 τούτῳ
3727 959 3849 1011 μα-

2242 1040 2544 1109 ταιολογεῖν
2592 1037 3097 1110 προεληλεγμένος·
3154 1036 3225 1089 δι’
3277 1030 3353 1089 ὧν
3411 1035 3459 1088 δ’
3518 1034 3585 1089 ἂν
3639 1034 3845 1105 ἐντολὴ

2244 1133 2471 1205 τοιαύτη
2504 1131 2757 1202 ψεχθείη,
2794 1131 2929 1202 μηδὲ
2977 1128 3289 1201 μεμνῆσθαι
3318 1127 3611 1199 θαρρήσας
3640 1130 3735 1180 καὶ
3776 1128 3849 1179 τὸ

2244 1224 2345 1293 τῆς
2394 1224 2496 1292 σῆς
2540 1221 2767 1293 γνώμης
2806 1220 3079 1291 φιλαίτιον
3118 1219 3213 1272 καὶ
3264 1217 3699 1287 φι).οκακοῦργον
3741 1219 3849 1272 καὶ

2247 1315 2448 1385 σαθρὸν
2484 1314 2682 1384 ἀμάχῳ
2741 1313 2885 1384 λόγῳ
2914 1312 3195 1383 διήλεγξαι
3216 1328 3229 1341 ·
3262 1310 3359 1363 καὶ
3395 1309 3457 1363 τὸ
3489 1311 3586 1379 τῆς
3613 1310 3847 1380 ἐντολῆς

2244 1410 2493 1478 κρεῖττον
2557 1405 2751 1476 μώμου
2799 1407 2894 1459 καὶ
2947 1404 3203 1475 διαϐολῆς
3258 1403 3479 1471 ἀπάσης
3531 1402 3626 1454 καὶ
3686 1404 3843 1456 ἄκων

2245 1498 2801 1568 προσεμαρτύρησας.
2860 1498 3003 1568 Ὅρα
3054 1497 3112 1549 δὲ
3178 1494 3407 1559 λοιπὸν,
3459 1496 3610 1557 ὅπως
3670 1494 3842 1557 αὐτὸς

2245 1587 2428 1658 ἐαυτῷ
2464 1588 2799 1657 ὑποθέμενος
2852 1587 2914 1641 τὸ
2959 1586 3222 1640 ἀδύνατον
3272 1584 3402 1638 καθ’
3437 1585 3627 1656 ἑτέρου
3685 1585 3845 1638 δοκεῖ

2247 1680 2502 1749 συνάγειν
2532 1679 2592 1733 τὸ
2623 1680 2889 1750 ἑπόμενον
2914 1680 3134 1734 ἄτοπον.
3187 1678 3379 1746 Λέγων
3411 1677 3541 1747 γὰρ,
3576 1678 3659 1730 ὃτι
3706 1678 3840 1729 Πω-

2244 1773 2482 1827 λούντων
2508 1773 2786 1839 ἁπάντων,
2830 1772 2914 1836 τίς
2951 1774 2978 1826 ὁ
3020 1772 3399 1842 ὼνησόμενοςς
3456 1770 3703 1840 ἀδυνάτῳ
3733 1770 3842 1840 μὲν

2244 1868 2407 1932 αὐτὸς
2434 1868 2583 1921 θέσει
2611 1867 2711 1936 τὴν
2736 1867 2970 1922 ἀτοπίαν
3003 1865 3293 1935 ἐφέλκεται
3316 1882 3329 1895 ·
3359 1866 3532 1918 οἴεται
3558 1864 3614 1916 δὲ
3649 1865 3710 1916 ού
3732 1866 3839 1933 τῆς

2240 1963 2405 2016 αὑτοῦ
2440 1962 2794 2034 ῥᾳδιουργίας
2824 1955 2970 2013 εἶναι
3004 1959 3066 2012 τὸ
3102 1958 3355 2029 ἔγκλημα
3403 1956 3503 2028 τὴν
3533 1956 3842 2027 ἐπηρεαζοο

2244 2053 2414 2123 μένην
2443 2052 2487 2105 δ’
2514 2052 2737 2123 ἐντολὴν
2789 2050 3053 2121 παρέχειν
3085 2052 3147 2104 τὸ
3180 2050 3370 2103 αἴτιον.
3408 2050 3481 2102 Ού
3517 2049 3626 2119 γὰρ
3665 2048 3837 2112 ἔστιν,

2240 2146 2343 2200 ούκ
2370 2146 2519 2199 ἐστιν
2550 2144 2653 2200 κᾶν
2679 2144 2940 2207 πολλάκις
2972 2143 3130 2197 τοῦτο
3152 2142 3387 2214 Χριστὸς
3419 2142 3836 2212 παραινέσειεν,

2242 2241 2348 2295 κᾶν
2401 2241 2625 2313 μυρίαις
2674 2239 2925 2303 ἀπειλαῖς
2960 2239 3341 2311 καταδήσειεν,
3397 2238 3500 2292 κᾶν
3546 2237 3842 2308 ἀστραπάς

2242 2335 2335 2389 καὶ
2379 2334 2610 2406 βροντὰς
2654 2334 2749 2386 καὶ
2782 2332 3087 2403 κεραυνοὺς
3123 2333 3216 2384 καὶ
3249 2331 3353 2399 γῆς
3424 2330 3683 2399 χάσματα
3719 2330 3839 2391 τοῖς

2242 2428 2424 2498 λόγοις
2460 2425 2935 2496 συνεπαφήσειεν·
2990 2424 3095 2477 οὐκ
3138 2423 3254 2477 ἔστι
3306 2422 3533 2475 δυνατὸν
3585 2422 3838 2484 ἅπαντας

2247 2518 2347 2590 μὲν
2379 2518 2471 2587 ὑφ’
2500 2517 2596 2571 ἕνα
2626 2514 2823 2587 καιρὸν
2854 2514 3073 2569 ἑλέσθαι
3103 2515 3329 2577 πωλεῖν,
3359 2512 3552 2566 οὐδένα
3599 2513 3657 2565 δὲ
3702 2514 3841 2565 ὑπο-

2242 2610 2526 2681 λελεῖφθαι
2551 2611 2642 2665 τδν
2670 2610 2967 2681 φιλοκερδῆ
3001 2610 3093 2662 καὶ
3112 2608 3469 2678 φιλόπλουτον
3492 2622 3504 2636 ·
3539 2606 3650 2658 είτὶ
3700 2605 3833 2675 γάρ,

2244 2706 2350 2759 εἰσὶ
2378 2705 2520 2758 κατὰ
2547 2705 2729 2759 πάντα
2773 2703 2964 2773 καιρὸν
2999 2696 3147 2755 οὗτοί
3174 2718 3233 2754 τε
3290 2702 3533 2753 κάκεῖνοι
3556 2716 3569 2728 ·
3602 2698 3840 2769 βάσιμος

2243 2797 2299 2850 δὲ
2328 2795 2588 2848 οὐδέποτε
2625 2795 2795 2848 πᾶσιν
2831 2793 2946 2863 ἅμα
2972 2794 3005 2863 ἡ
3031 2791 3202 2863 ἀρετὴ
3235 2788 3541 2859 ἀγαπητὸν,
3594 2788 3689 2841 διε
3731 2788 3838 2841 κᾶν

2243 2891 2293 2944 οί
2340 2888 2559 2952 πλείους
2607 2889 2703 2941 καὶ
2748 2886 2851 2941 ἀνά
2897 2885 3093 2956 μέρος
3137 2884 3253 2938 ἀλλ’
3286 2884 3408 2936 οὐδὲ
3460 2884 3619 2935 τοῦτο
3678 2883 3832 2953 ῥᾷον,

2243 2985 2355 3039 οὐδ’
2388 2984 2482 3037 ἐπί
2508 3000 2653 3047 τινος
2686 2981 2835 3035 ἐστιν
2868 2982 2996 3035 ἰδεῖν
3026 2980 3230 3050 ἀρετῆς
3264 2996 3277 3009 ·
3306 2978 3562 3040 ἐλάττους
3597 2976 3707 3048 γὰρ
3749 2978 3838 3031 ἀεὶ

2244 3078 2449 3147 ταύτης
2482 3076 2510 3146 ἢ
2543 3077 2592 3129 οἱ
2631 3076 2729 3145 τῆς
2772 3072 2970 3136 κακίας
3000 3071 3250 3143 ἐρασταί.
3281 3069 3357 3125 Οὐ
3399 3070 3504 3141 μὴν
3551 3069 3641 3122 διά
3680 3067 3837 3122 τοῦτο

550 3159 881 3228 suscipiens,
912 3159 1205 3215 consilium
1230 3161 1485 3216 omittere
1507 3162 1743 3217 danaum
1768 3174 1862 3219 aut
1893 3163 2140 3223 informa-

2259 3169 2530 3240 προσήκει
2571 3165 2666 3220 τοῦ
2716 3165 3060 3235 ἀνθρωπίνου
3105 3163 3296 3233 γένους
3348 3162 3670 3233 προνοητῇδ
3709 3162 3840 3225 τοὺς

550 3252 690 3307 tioni
727 3253 1108 3322 supersedere,
1167 3254 1313 3323 quod
1357 3270 1463 3310 non
1493 3271 1686 3312 omnes
1712 3257 2137 3329 obtemperant:

552 3344 660 3399 Sed
692 3343 841 3413 quod
870 3345 1025 3399 multi
1054 3345 1125 3399 ab
1168 3346 1273 3401 hoc
1304 3356 1425 3401 ortu
1460 3348 1714 3418 profecti,
1749 3350 1961 3405 malum
1991 3352 2140 3423 quod

546 3445 634 3493 est
661 3438 896 3508 fugiunt,
947 3437 1150 3492 bonum
1190 3439 1415 3510 eligant,
1457 3441 1662 3497 idcirco
1692 3445 1994 3511 generatim
2045 3446 2142 3500 ad-

547 3527 807 3584 monendi
851 3536 981 3584 sunt
1012 3545 1207 3585 omnes
1260 3540 1320 3585 ut
1368 3532 1624 3588 virtutem
1681 3534 1887 3589 colant.
1932 3537 2039 3591 Sed
2088 3544 2145 3591 et

549 3620 687 3676 illud
718 3621 918 3674 intueri
943 3621 1109 3675 etiam
1134 3622 1284 3687 licet,
1316 3623 1462 3693 quod
1500 3624 1744 3693 prudens
1779 3627 1884 3683 iste
1918 3638 1973 3683 et
2011 3644 2145 3683 aeu-

550 3722 642 3769 tus
667 3714 719 3767 in
770 3712 1139 3769 discernenda
1182 3715 1323 3770 nihil
1377 3716 1618 3782 videbat,
1683 3734 1807 3773 cum
1866 3720 2144 3788 proferret

550 3807 685 3862 illud
706 3807 917 3862 dictum
942 3825 956 3861 :
991 3806 1278 3873 Quomodo
1300 3823 1492 3864 omnes
1521 3811 1803 3866 vendent?
1831 3813 1912 3867 An
1945 3829 2139 3871 onmes

551 3899 775 3966 divites,
808 3913 907 3954 nec
931 3901 1224 3969 quisquam
1254 3915 1487 3971 pauper,
1517 3901 1700 3958 nullus
1743 3906 1836 3976 qui
1866 3906 1984 3962 suis
2007 3922 2141 3962 con-

550 4000 737 4049 tentus
803 3993 971 4048 vivit?
1018 4008 1143 4049 cum
1187 3994 1376 4050 videas
1444 3994 1746 4068 plerosque
1812 3998 1869 4055 in
1931 4000 2140 4057 talibus

549 4101 755 4143 Vivere.

620 4265 827 4322 Divites
875 4267 1051 4322 multo
1094 4268 1384 4338 pauciores
1427 4280 1559 4327 sunt
1591 4290 1606 4329 :
1639 4271 1731 4327 ubi
1773 4288 1905 4345 ergo
1948 4290 2139 4331 omnes

550 4357 856 4428 locupletes
884 4360 1151 4425 invenies,
1187 4361 1335 4417 unde
1376 4364 1473 4418 tibi
1502 4372 1611 4418 tam
1648 4364 2039 4436 obsequentes,
2076 4378 2138 4421 ut

552 4465 644 4506 res
691 4467 822 4507 suas
851 4453 1128 4507 vendant?
1171 4452 1278 4509 Sed
1310 4455 1514 4511 videris
1548 4456 1651 4511 ista
1688 4472 1719 4512 e
1760 4456 2001 4514 Platonis
2035 4458 2143 4514 lle-

2249 3257 2635 3328 νουθετηρίους
2668 3256 2863 3324 λόγους
2895 3256 3149 3325 ἀφαιρεῖν
3199 3254 3294 3306 καὶ
3338 3252 3436 3324 τὴν
3480 3250 3835 3305 διδασκαλίαν

2249 3350 2568 3423 προελεῖνο,
2609 3349 2745 3402 διότι
2788 3348 2863 3418 μὴ
2903 3346 3112 3409 πάντας
3145 3344 3502 3415 πειθομένους
3527 3343 3641 3414 ἔχοι
3666 3358 3679 3372 ·
3719 3342 3835 3396 ἀλλ’

2249 3445 2331 3498 ὅτι
2364 3443 2580 3505 πολλοῖς
2625 3441 2901 3509 ἐγγίνεται
2932 3439 2998 3491 δι’
3035 3438 3245 3503 αὐτῶν,
3282 3438 3428 3507 φυγὴ
3464 3438 3562 3507 μὲν
3587 3435 3682 3489 τοῦ
3722 3436 3838 3505 χεῖ.

2255 3554 2429 3609 ρονος,
2462 3536 2675 3605 αἵρεσις
2705 3533 2762 3586 δὲ
2792 3530 2885 3585 τοῦ
2917 3530 3209 3601 βελτίονος,
3238 3530 3328 3584 διὰ
3367 3528 3529 3583 τοῦτο
3575 3530 3657 3583 δεῖ
3701 3530 3839 3583 πάνυ

2250 3645 2351 3691 τας
2395 3627 2484 3682 ἐπ’
2534 3625 2735 3697 ἀρετὴν
2795 3622 3159 3693 παρακαλεῖν.
3214 3623 3452 3675 Κάκεῖνο
3510 3621 3566 3673 δὲ
3614 3622 3836 3673 σκοπεῖν

2251 3716 2485 3782 ἔξεστιν,
2516 3716 2663 3777 ὅπως
2697 3713 2865 3783 μηδὲν
2910 3711 3296 3783 προορώμενος
3334 3713 3362 3764 ό
3410 3711 3632 3775 συνετὸς
3682 3704 3837 3773 οὗτος

2252 3809 2348 3863 καὶ
2375 3807 2547 3877 ταχὺς
2576 3809 2633 3859 ὲν
2661 3804 2885 3877 θεωρίᾳ,
2914 3803 2977 3857 τὸ
3005 3802 3158 3856 ἐπιὸν
3187 3802 3363 3871 λέγον
3406 3802 3534 3866 Πῶς
3563 3801 3672 3875 γάρ
3698 3801 3835 3856 πάν-

2251 3919 2344 3965 τες
2381 3900 2747 3971 πωλήσωσιν;
2774 3893 2925 3969 Ἀρα
2977 3896 3179 3959 πάντες
3221 3894 3489 3960 πλούσιοι,
3525 3895 3618 3948 καὶ
3668 3894 3836 3964 πένης

2253 3995 2461 4061 ούδείς;
2494 3993 2674 4056 οὐδεὶς
2702 3992 2760 4045 δὲ
2790 3990 2913 4044 οὐδὲ
2944 3988 3055 4043 τῶν
3078 3992 3137 4042 ὲν
3165 3987 3469 4059 αὐταρκείᾳ
3497 3988 3635 4060 μόνῃ
3667 3986 3838 4059 βιούν-

2251 4102 2395 4151 των;
2433 4084 2625 4139 Καίτοι
2654 4083 2713 4136 τὸ
2743 4081 3004 4135 πλεῖστον
3041 4079 3152 4135 τῶν
3184 4079 3495 4152 ἀνθρώπων
3553 4081 3612 4133 ὲν
3655 4079 3834 4133 τοιού-

2251 4199 2365 4243 τοις
2397 4179 2615 4250 δρῶμεν
2647 4175 3060 4246 ἐξεταζόμενον.

2324 4272 2579 4327 Πλούσιοι
2601 4271 2657 4325 δὲ
2690 4269 2839 4341 παρά
2864 4268 2998 4322 πολὺ
3021 4266 3128 4321 τῶν
3152 4266 3327 4321 ἄλλων
3348 4264 3625 4329 ἐλάττους.
3666 4265 3836 4319 Πόθεν

2250 4365 2344 4426 οὖν
2378 4369 2589 4431 πάντας
2613 4364 2934 4437 ἀνθρώπους
2963 4361 3255 4425 πλουσίους
3289 4354 3470 4432 εὗρες,
3504 4362 3598 4414 καὶ
3636 4361 3836 4414 πωλεῖν

2253 4462 2452 4524 αὐτοὺς
2495 4459 2567 4513 τὰ
2606 4458 2921 4528 ὑπάρχοντα
2966 4454 3283 4527 πειθηνίους
3331 4453 3528 4524 laxae;
3571 4453 3735 4519 Ἀλλ’,
3764 4454 3836 4517 ώς

552 4542 773 4614 publica
834 4545 1164 4615 collegisse,
1221 4562 1418 4618 nempe
1481 4549 1676 4604 nullibi
1734 4550 2138 4615 inveniendos,

2248 4560 2445 4625 ἔοικεν,
2470 4559 2534 4611 ὲκ
2550 4557 2647 4628 τῆς
2670 4554 2957 4617 Πλάτωνος
2982 4552 3208 4616 τούτους
3242 4552 3509 4617 συνελέξω
3540 4552 3835 4619 πολιτείας,

553 4650 822 4706 nusquam
847 4637 1145 4692 exsistente
1175 4637 1267 4692 tali
1297 4638 1597 4708 republica.
1623 4638 1680 4694 Si
1707 4641 1832 4710 quis
1860 4641 2140 4711 egregium

2246 4656 2306 4708 ἐκ
2334 4652 2435 4721 τῆς
2464 4649 2689 4723 μηδαμῆ
2738 4646 3001 4719 μηδαμῶς
3044 4645 3385 4718 ὑφεστώσης,
3417 4647 3544 4709 τοὺς
3580 4644 3817 4715 οὐδαμοῦ

554 4736 712 4781 tuum
772 4728 877 4783 hoc
930 4738 984 4783 et
1032 4729 1315 4784 curiosum
1374 4746 1644 4797 examen,
1700 4741 1755 4786 et
1811 4734 2140 4804 exquisitam

2246 4743 2691 4817 εὑρισκομένους.
2726 4740 2789 4794 El
2825 4739 2884 4792 δέ
2918 4755 3001 4802 τις
3033 4738 3133 4808 τὴν
3160 4738 3336 4807 καλήν
3375 4754 3468 4791 σου
3510 4737 3714 4805 ταύτην
3745 4734 3838 4787 xui.

555 4821 882 4892 ignorantia:
922 4823 1095 4895 legem
1130 4825 1184 4879 in
1214 4826 1331 4895 ipsa
1358 4828 1568 4882 sancita
1592 4826 1723 4881 velit
1753 4829 2053 4893 remittere,
2091 4838 2140 4885 et

2246 4837 2538 4909 περίεργον
2569 4833 2799 4906 βάσανον
2823 4830 2919 4885 καὶ
2950 4830 3042 4883 τὸν
3073 4829 3276 4901 ἀκριϐῆ
3319 4828 3419 4898 τῆς
3447 4828 3630 4891 ἀνοίας
3654 4828 3835 4895 νόμον,

555 4914 900 4971 admirabilia
937 4918 1229 4975 doctorum
1262 4926 1317 4972 et
1348 4919 1619 4989 majorum
1655 4920 2140 4993 apophthegmata,

2247 4930 2341 4983 ἐπὶ
2370 4928 2467 4990 τὰς
2499 4925 2599 4990 σάς
2636 4923 2911 4994 ὲπαφήσει
2946 4920 3293 4992 νομοθεσίας,
3321 4921 3417 4973 καὶ
3466 4920 3535 4973 τὰ
3565 4918 3840 4990 θαυμαζόσ-

556 5009 703 5065 risus
741 5019 793 5065 et
824 5009 1049 5065 ludibrii
1085 5021 1471 5082 argumentum
1504 5012 1722 5068 abunde
1754 5016 2143 5086 suppeditare-

556 5113 947 5164 tur;examen
993 5106 1123 5159 illud
1180 5114 1336 5160 tuum
1390 5107 1445 5162 in
1493 5122 1597 5163 nos
1648 5108 1948 5175 collatum,
2008 5111 2146 5166 nihil

555 5202 751 5265 praeter
778 5195 1033 5251 hostilem
1059 5196 1416 5264 calumniam,
1442 5198 1794 5255 ambitionem
1829 5202 2142 5271 gloriosuli,

544 5287 693 5342 nihil
720 5288 840 5343 sani
868 5300 1121 5359 suggeret
1155 5307 1169 5347 :
1197 5290 1343 5360 quod
1376 5291 1423 5345 si
1459 5292 1512 5346 in
1541 5300 1799 5348 auctores
1831 5304 2139 5364 regeratur,

557 5379 641 5435 lex
674 5382 780 5437 erit
808 5384 1042 5439 amantis
1072 5383 1199 5451 viri,
1228 5383 1497 5454 judicium
1537 5385 1846 5442 inimicitiis
1878 5403 2145 5453 vacuum,

556 5470 871 5543 redargutio
912 5490 1062 5543 vera,
1099 5491 1201 5532 nec
1231 5477 1455 5546 injuria.
1496 5476 1615 5533 Tua
1649 5478 1787 5535 scita
1822 5478 2013 5550 igitur,
2050 5496 2146 5550 per

558 5570 649 5619 tua
680 5566 831 5637 scita,
864 5577 1205 5638 evertuntur,
1259 5580 1314 5625 et
1342 5570 1731 5627 diﬂ‘unduntur
1780 5573 1941 5628 irrisa
1970 5589 1984 5638 ;
2019 5588 2145 5628 cum

2255 5022 2391 5092 μενά
2417 5038 2497 5074 σοι
2525 5019 2632 5073 τῶν
2658 5014 2995 5072 διδασκάλων
3018 5015 3113 5068 καὶ
3134 5012 3390 5084 πατέρων
3413 5013 3838 5083 ἀποφθέγματα,

2250 5110 2339 5184 ἆρ’
2370 5112 2519 5166 ἐστιν
2550 5110 2578 5163 ὃ
2616 5110 2689 5181 μὴ
2725 5108 2962 5176 γέλωτος
3012 5106 3107 5160 καὶ
3136 5106 3339 5177 χλεύης
3382 5106 3640 5169 ὑπόθεσις
3683 5106 3838 5174 εὐρε-

2249 5203 2404 5273 θείη;
2441 5200 2617 5254 καίτοι
2665 5198 2787 5251 καθ’
2822 5197 2982 5267 ἡμῶν
3017 5195 3432 5267 προϐαλλομένη
3468 5212 3562 5248 σου
3599 5197 3631 5264 ή
3671 5194 3841 5265 βάσα-

2247 5313 2358 5360 νος,
2396 5293 2591 5365 ἐχθροῦ
2622 5290 2875 5362 διαϐολὴν
2904 5290 2996 5344 καὶ
3020 5288 3291 5358 φιλαιτίου
3322 5286 3481 5352 δόξαν
3509 5286 3722 5356 ἀνδρὸς,
3748 5285 3841 5340 καὶ

2245 5392 2433 5461 ἕτερον
2474 5388 2623 5457 ὑγιὲς
2658 5386 2814 5439 οὐδὲν
2853 5383 3050 5455 μηνύει
3074 5397 3088 5411 ⁸
3133 5380 3275 5436 κατά
3311 5381 3369 5434 δὲ
3414 5380 3525 5433 τῶν
3557 5379 3703 5433 ἰδίων
3746 5380 3841 5431 ἐπ-

2251 5481 2545 5551 αφιεμένη,
2579 5478 2857 5549 φιλοῦντος
2886 5477 3070 5546 νόμος,
3099 5475 3194 5529 καὶ
3226 5472 3408 5545 κρίσις
3439 5471 3640 5541 ἔχθρας
3669 5490 3843 5543 κεχω-

2255 5575 2513 5647 ρισμένη,
2543 5574 2638 5628 καὶ¹
2672 5572 2878 5643 ἀληθὴς
2920 5570 3162 5641 ἐλεγχος,
3194 5568 3290 5622 καὶ
3322 5564 3467 5637 μάλα
3509 5565 3735 5631 δικαίως
3776 5565 3842 5620 ἂν

1831 5757 2068 5814 VARI/13
2106 5753 2514 5817 LECTIONES.

663 5925 697 5959 ι
721 5915 895 5993 (ὶηΜἑ
926 5917 1213 5989 ἀγάπη-ιον
1241 5915 1320 5975 δέ.

1435 5918 1462 5961 1’
1497 5918 1558 5979 C.
1597 5920 1645 5978 Μ
1702 5921 1896 5992 γένους
1924 5922 2001 5995 τῷ
2038 5926 2336 5997 προνοητῇ.

2451 5934 2472 5963 c
2505 5920 2565 5979 α,
2609 5918 2682 6001 Μ,
2716 5916 3014 5991 περιελεῖν.
