4158 6428
330 380 446 449 629

1422 385 1523 443 AD
1544 386 2141 452 AMPHILOCHIUM
2163 394 2508 465 QU/ESTIO
2545 398 2641 458 Cl.

3510 392 3615 456 630

331 491 642 567 νομισθείη.
681 491 850 543 Ὥστε
878 488 948 543 τὰ
980 487 1079 559 μὲν
1109 487 1198 553 σὰ,
1232 488 1323 542 διὰ
1352 490 1460 544 τῶν
1495 493 1604 546 σῶν
1634 494 1928 566 ἀνατέτρα-

2042 511 2231 557 nostra
2268 505 2416 560 nullo
2447 506 2641 561 horum
2668 506 3033 576 impctantur;
3066 505 3161 561 sed
3192 504 3611 575 impudentiam,

331 603 466 642 πται
495 584 1024 641 καὶδταπέπαικται·
1053 580 1161 634 τῶν
1185 581 1231 635 δ’
1254 584 1536 656 ἡμετέρων
1571 586 1632 639 οὐ
1658 587 1817 657 μόνον
1841 589 1932 642 οὺ-

334 680 488 741 δενὸς
515 677 879 739 καθάπτεται,
902 672 1036 727 ἀλλά
1060 673 1153 728 καὶ
1178 674 1361 738 ἀνοίας
1391 676 1487 729 καὶ
1508 676 1744 749 θράσους
1770 680 1836 732 δι’
1855 675 1931 734 ὧν

335 772 543 842 ἔφθασε
573 768 948 835 συκοφαντεῖν,
982 764 1202 835 ἔλεγχον
1222 766 1435 838 ὑπέχει.
1478 768 1618 822 Ἀλλ’
1648 771 1697 822 εί
1728 771 1931 836 πάντες

336 862 672 932 πωλήσειαν,
705 861 855 921 ποῖος
896 854 1043 921 οἶκος
1105 858 1325 928 ἔντιμος
1377 855 1517 911 εἶναι
1573 859 1824 927 δύναται;
1859 857 1930 915 Ὦ

334 954 684 1024 διαλεκτικῆς
724 950 1012 1022 ἀκριϐείας
1058 951 1154 1004 καὶ
1186 951 1525 1020 δεινότητοςί
1573 952 1773 1023 βαϐαίί
1830 954 1929 1024 τῆς

340 1046 634 1117 ῥητορικῆς
690 1060 784 1095 σου
815 1040 1176 1113 πιθανότητος
1202 1043 1296 1096 καὶ
1324 1041 1682 1113 δριμύτητοςί
1712 1046 1740 1097 6
1762 1044 1928 1109 πολὺς

339 1140 489 1210 ὁρᾷν,
526 1137 619 1189 καὶ
650 1134 963 1207 πόρρωθεν,
986 1134 1047 1187 τὸ
1073 1134 1366 1204 ἐπόμενονί
1398 1136 1426 1187 6
1454 1139 1566 1198 τοῖς
1592 1138 1800 1207 ῥήμασι
1836 1155 1929 1191 σο-

336 1229 522 1299 ϐαρὸς,
571 1228 668 1280 καὶ
709 1227 834 1287 ταῖς
873 1225 1213 1295 άνατροπαῖς
1252 1226 1651 1289 ἀνυπόστατοςί
1698 1229 1725 1280 6
1758 1228 1826 1281 τὰ
1863 1230 1927 1283 ἐκ

333 1321 544 1392 τριόδου
592 1318 976 1382 κατονειδίζων
1026 1319 1193 1389 ἡμῖνί
1223 1316 1372 1389 Ἀρι
1415 1319 1591 1389 γραῦς
1642 1321 1700 1375 ἐν
1732 1321 1928 1392 τριόδῳ

331 1413 399 1466 ἐκ
438 1409 781 1481 παννυχίδων
812 1409 1023 1479 ἥκουσα
1056 1408 1163 1459 τῶν
1201 1407 1307 1460 σῶν
1339 1407 1497 1471 θεῶν,
1529 1408 1623 1461 καὶ
1648 1409 1776 1480 οἴνῳ
1807 1409 1927 1464 διά-

335 1505 553 1576 βροχος,
584 1503 705 1571 οὐχ)⁷
742 1500 948 1554 τούτων
983 1500 1379 1571 ἐντρεχέστερά
1399 1517 1458 1554 τε
1492 1502 1589 1555 καὶ
1610 1502 1928 1573 ἀστειότερα

335 1596 668 1664 φθέγξαιτο;
702 1594 859 1656 Ποῖος
879 1588 1024 1655 οἶκος
1049 1592 1265 1661 ἔντιμος
1294 1587 1432 1645 εῖναι
1458 1592 1714 1660 δύναται;
1746 1594 1855 1648 Καὶ
1875 1594 1927 1647 τί

334 1690 435 1760 τῆς
468 1688 732 1758 ἰσότητος,
764 1685 885 1738 εἰπέ
919 1702 1029 1755 μοι,
1061 1688 1174 1747 τοῖς
1210 1685 1454 1756 ἰσότιμον
1480 1685 1706 1756 λαχοῦσι
1742 1686 1924 1755 φύσιν,

284 1828 287 1831 .
333 1779 693 1849 τιμιώτερον;
726 1778 777 1831 τί
799 1777 843 1830 δ’
866 1779 947 1841 είς
976 1778 1189 1847 αἵρεσιν
1222 1777 1465 1847 ἄμεινον,
1513 1773 1593 1841 οἷς
1623 1779 1722 1849 τὴν
1754 1779 1925 1850 αὐτὴν

2039 594 2347 659 audaciam,
2375 595 2704 650 calumniam
2738 597 3079 651 accusatoris
3108 596 3466 650 convincunt.
3503 594 3613 648 Sed

2038 686 2084 741 si
2117 700 2307 740 omnes
2347 685 2675 752 venderent,
2725 703 2847 757 qua:
2875 688 3075 741 domus
3125 696 3221 740 aut
3270 687 3448 756 pretio
3471 728 3484 748 ,
3520 695 3617 741 aut

2034 776 2219 831 valore
2271 792 2372 831 suo
2417 786 2669 832 constare
2715 778 2935 847 posset?
2983 776 3117 830 Hem
3176 785 3325 830 tuam
3375 792 3615 831 exaccu-

2035 874 2211 919 ratam
2252 865 2627 921 dialecticam!
2676 867 2746 920 oh
2803 867 3155 934 gravitatem!
3199 864 3389 933 Papae!
3437 865 3615 931 Quam

2033 957 2307 1013 rhetorica
2353 958 2659 1026 persuasio,
2712 974 2875 1027 quam
2931 957 3200 1012 severitas
3237 958 3351 1011 haec
3398 958 3613 1027 pungit,

2034 1058 2090 1105 et
2140 1064 2303 1120 saepe,
2338 1061 2391 1106 et
2416 1051 2573 1119 longe
2607 1066 2636 1104 a
2688 1050 3082 1119 consequentia
3125 1050 3402 1103 intuetur!
3448 1065 3614 1118 quam

2033 1141 2334 1196 verborum
2367 1156 2622 1211 pompam
2659 1142 2711 1195 in
2744 1140 3035 1194 refutando
3078 1155 3189 1209 pra!
3228 1155 3286 1193 se
3324 1138 3459 1192 fertl
3492 1154 3615 1207 qmc
3658 1210 3661 1211 ν

2033 1232 2279 1287 convicia
2323 1232 2390 1287 de
2424 1232 2584 1286 trivio
2628 1242 2843 1300 arrepta
2888 1232 2940 1285 in
2980 1244 3080 1285 nos
3124 1230 3415 1300 congerit!
3457 1230 3615 1285 Certe
3656 1220 3664 1323 ρ

2033 1324 2349 1379 triobolaris
2395 1339 2536 1378 anus
2581 1324 2647 1379 de
2700 1323 2904 1394 vigiliis
2952 1324 3181 1377 deorum
3237 1332 3456 1376 tuorum
3517 1337 3615 1391 per

2032 1418 2271 1487 compita
2301 1431 2611 1486 permeans,
2640 1417 2769 1470 vino
2817 1415 3153 1477 madefacta,
3195 1430 3262 1468 an
3301 1429 3407 1468 non
3438 1414 3613 1483 magis

2033 1507 2282 1578 apposite
2342 1516 2395 1560 et
2426 1514 2616 1560 exacte
2665 1506 3064 1575 responderet?
3089 1506 3222 1570 Quae
3254 1505 3450 1557 domus
3482 1520 3610 1573 prc—

2033 1598 2110 1652 tio
2152 1606 2406 1652 constare
2453 1596 2692 1666 poterit?
2739 1604 2796 1651 et.
2833 1597 3094 1665 quidnam
3152 1595 3326 1665 magis
3379 1596 3614 1647 honora—

2031 1699 2172 1756 tum,
2209 1706 2373 1759 quam
2410 1689 2696 1759 aequalitas
2739 1690 2880 1742 inter
2918 1704 3015 1742 eos
3046 1689 3246 1757 quibus
3290 1698 3373 1742 est
3415 1698 3612 1741 natura

2029 1782 2292 1851 aequalis?
2320 1781 2451 1851 quid
2478 1782 2650 1850 magis
2677 1780 2934 1849 optabile,
2962 1796 3125 1849 quam
3153 1789 3212 1833 ut
3242 1779 3335 1847 qui
3365 1778 3613 1833 eamdem

334 1873 492 1926 πόλιν
520 1873 743 1941 γέγονεν
772 1872 964 1935 οἰκεῖν,
993 1870 1134 1940 ὑπὲρ
1165 1869 1258 1923 τοῦ
1292 1870 1476 1940 κοινῆς
1507 1872 1800 1924 ἀπολαύειν
1831 1873 1926 1925 καί¹

2031 1875 2313 1930 civitatem
2348 1874 2560 1938 colunt,
2606 1873 2801 1944 mquali
2844 1883 2988 1928 statu
3036 1881 3091 1927 et
3134 1871 3450 1926 conditione
3489 1886 3613 1940 per-

334 1966 528 2035 όμοίας
586 1964 902 2029 πολιτείας;
945 1963 1086 2016 Ἀλλ’
1122 1965 1154 2033 ἡ
1190 1962 1472 2028 πλεονεξία
1500 1963 1549 2027 ά,
1601 1966 1634 2035 ὴ
1671 1966 1926 2036 τυραννίς

334 2074 420 2110 σοι
450 2058 519 2111 τὰ
542 2057 758 2125 ἔντιμα,
786 2056 817 2127 ἢ
853 2057 902 2109 οἱ
927 2056 1066 2110 δόλοι
1097 2056 1192 2110 καὶ
1222 2057 1294 2110 τά
1326 2056 1437 2109 τῶν
1490 2056 1924 2129 παλιγκαπήλων

334 2150 433 2203 καὶ
466 2148 806 2219 μεταϐολέων
849 2150 1103 2220 ἐπάρατα
1130 2148 1269 2201 κατὰ
1303 2148 1414 2201 τῶν
1472 2148 1698 2219 πλησίον
1748 2166 1929 2220 μηχα-

336 2242 559 2311 νήματα
588 2241 680 2294 καὶ
707 2241 1057 2310 τεχνάσματα
1084 2257 1097 2271 ο
1140 2242 1247 2303 πᾶς
1274 2240 1382 2311 γὰρ
1422 2240 1497 2304 ὡς
1528 2242 1730 2296 ἐπίπαν
1762 2243 1924 2297 πλοῦ-

335 2350 425 2396 τος
450 2332 481 2403 ἦ
520 2333 863 2403 προσφάτους
895 2333 927 2403 ἢ
956 2333 1286 2403 παλαιτέρας
1315 2334 1517 2398 ταύτας
1551 2336 1661 2407 ἔχει
1689 2338 1785 2401 τὰς
1820 2356 1926 2409 πη-

334 2424 441 2491 γάς
478 2426 578 2495 τῆς
616 2423 906 2492 γενέσεως,
933 2423 1001 2477 δι’
1028 2418 1101 2477 ὧν
1122 2424 1150 2476 6
1182 2424 1507 2495 παραϐάτης
1526 2426 1924 2496 ἀποσεμνύνειν

332 2516 475 2584 ἔγνω
495 2517 554 2569 τὸ
588 2515 827 2585 ἔντιμον.
865 2516 1004 2567 Ἀλλ’
1038 2516 1175 2579 ὅλως
1197 2517 1488 2586 ἠγνόηκεν,
1524 2517 1714 2589 ὥσπερ
1746 2517 1923 2571 ἄπαν-

330 2626 419 2674 τα,
449 2608 504 2661 τί
539 2608 638 2678 μὲν
666 2607 727 2661 τὸ
747 2607 982 2679 άληθῶς,
1017 2609 1111 2661 κα)⁸
1143 2608 1295 2678 παρᾶ
1328 2607 1446 2678 Θεῷ
1478 2610 1674 2680 τίμιον,
1702 2611 1754 2663 τί
1784 2610 1839 2664 δὲ
1864 2612 1923 2665 τὸ

336 2700 413 2773 μὴ
439 2700 612 2763 οὕτως
644 2700 786 2771 ἔχον.
823 2700 1135 2771 ’Ἄνθρωποι
1171 2701 1271 2770 μὲν
1296 2702 1424 2770 γὰρ,
1470 2702 1562 2755 καὶ
1590 2702 1651 2755 τό
1689 2720 1749 2755 τε
1781 2704 1830 2756 οἱ
1865 2705 1923 2771 ἐξ

329 2792 554 2863 ἀγέληςο
610 2793 670 2845 οῦ
720 2792 830 2862 γὰρ
866 2790 932 2845 ἂν
980 2791 1036 2845 οἵ
1076 2809 1141 2861 γε
1182 2792 1500 2861 φιλοσοφίας
1548 2792 1787 2865 καθαρὸν
1831 2794 1923 2848 τὸν

331 2885 514 2953 ἔρωτα
549 2886 1008 2956 συντηρήσαντες,
1045 2884 1182 2956 πρὸς
1224 2886 1282 2940 ἓν
1341 2886 1500 2955 μόνον
1548 2887 1637 2941 τὸν
1670 2887 1918 2953 πλοῦτον,

334 2980 432 3033 καὶ
463 2978 561 3050 τὴν
595 2979 653 3043 ἐξ
697 2978 860 3032 αὑτοῦ
904 2978 1118 3049 τρυφὴν
1153 2979 1246 3031 καὶ
1285 2978 1443 3045 δόξαν
1475 2979 1786 3051 κεχηνότες,
1818 2980 1922 3034 κᾶν

340 3072 560 3143 μυρίοις
593 3073 621 3123 6
648 3070 982 3139 κεκτημένος
1016 3069 1155 3140 βρύῃ
1186 3071 1397 3133 κακοῖς,
1427 3070 1606 3140 τίμιον
1634 3071 1797 3124 αὐτὸν
1827 3072 1923 3125 καὶ

340 3162 616 3232 μακάριον
647 3159 926 3230 ἡγοῦνται.
954 3158 1085 3222 Θεὸς
1131 3158 1188 3211 δὲ
1238 3157 1329 3211 τὸν
1379 3160 1578 3231 εὐσεϐῆ
1622 3161 1779 3231 τιμᾷ,
1825 3163 1920 3215 καὶ
1951 3193 1995 3252 C

336 3255 455 3317 τοῖς
484 3252 792 3323 φιλαρέτοις
818 3251 877 3303 τὸ
902 3251 1123 3314 εὐκλεὲς
1153 3250 1438 3317 ἀπονέμει,
1466 3252 1570 3305 κᾶν
1599 3254 1625 3305 6
1651 3252 1759 3305 τῶν
1786 3271 1922 3324 χρη-

341 3346 531 3416 μάτων
565 3344 761 3406 αὐτοὺς
806 3342 971 3411 ὄγκος
1022 3342 1084 3395 οὐ
1123 3342 1471 3413 φλεγμαίνει,
1511 3343 1619 3396 οὐδ’
1653 3345 1682 3397 6
1714 3346 1925 3399 ἐκεῖθεν

334 3437 508 3507 τύφος
557 3438 649 3490 καὶ
696 3438 728 3507 ή
758 3436 940 3507 τρυφὴ
974 3434 1373 3506 περιϐλέπτους
1406 3437 1571 3490 ποιεῖ.
1624 3437 1841 3490 Μᾶλλον
1870 3437 1927 3491 δὲ

335 3524 421 3592 οἷς
457 3531 489 3599 ἡ
518 3528 644 3593 δόξα
686 3528 775 3581 διὰ
805 3526 1030 3591 τούτων,
1056 3526 1163 3580 οὐδ’
1197 3528 1225 3579 6
1250 3526 1349 3597 τῆς
1378 3527 1580 3598 ἀρετῆς
1610 3527 1787 3581 ἐθέλει
1830 3528 1927 3582 πό-

338 3621 455 3685 θος,
486 3620 593 3672 ούδ⁹
620 3622 649 3673 6
678 3620 778 3691 τῆς
810 3619 1091 3683 εὐσεϐείας
1126 3618 1285 3689 ζῆλος
1317 3622 1613 3691 περιεῖναι.
1649 3620 1797 3674 Ἔδει
1818 3638 1927 3674 τοι·

337 3712 570 3785 γαροῦν,
609 3712 736 3776 ἔδει,
780 3712 911 3765 Θεὸν
960 3712 1087 3765 ὂντα
1123 3711 1213 3766 τὸν
1255 3711 1459 3782 Κύριον
1505 3711 1664 3783 ἡμῶν
1720 3712 1929 3783 Ἰησοῦν

338 3804 598 3876 Χριστὸν,
615 3804 705 3857 τὸν
731 3803 824 3857 ἐπὶ
846 3803 1093 3874 σωτηρίᾳ
1119 3802 1213 3856 τοῦ
1245 3803 1434 3871 γένους
1464 3802 1779 3857 κενώσαντα
1799 3805 1928 3857 ἐαυιο

340 3899 436 3953 τὸν
459 3898 555 3951 καὶ
586 3897 985 3969 παραπλησίως
1016 3898 1148 3967 ἡμῖν
1176 3897 1379 3967 σαρκὸς
1414 3898 1508 3949 καὶ
1538 3896 1771 3966 αἵματος
1816 3915 1930 3950 κοι-

339 3994 681 4062 νωνήσαντα,
710 3989 786 4061 μὴ
815 3989 952 4059 πρὸς
974 3989 1032 4041 τὸ
1057 3988 1156 4059 ἡδὺ
1187 3989 1274 4041 καὶ
1303 3990 1697 4059 κεχαρισμένον
1723 3993 1835 4053 τοῖς
1862 3989 1931 4043 τὰ

341 4086 563 4154 ἐπίγεια
601 4082 893 4154 φρονοῦσιν
932 4081 1079 4144 ἰδεῖν,
1113 4080 1237 4152 μηδ’
1266 4081 1372 4135 ὅσα
1419 4081 1620 4136 κακίαν
1653 4082 1777 4151 φύει
1808 4082 1931 4135 τού-

340 4196 450 4233 των
489 4180 571 4241 είς
613 4176 770 4249 ῥίζας
817 4177 1101 4248 περιορᾷν,
1132 4176 1227 4229 καὶ
1265 4175 1480 4247 καρπὸν
1522 4174 1592 4228 τὰ
1639 4175 1931 4247 σπέρματα

338 4269 669 4325 διαδίδοσθαι
690 4285 705 4299 ⁸
736 4270 921 4322 ἐκεῖνα
944 4267 1001 4321 δὲ
1026 4268 1190 4337 νόμον
1217 4266 1313 4320 καὶ
1338 4266 1709 4340 παράγγελμα
1734 4269 1928 4331 ποιεῖν,

339 4363 407 4417 δι’
438 4356 511 4416 ὧν
543 4361 819 4433 πρόρριζα
861 4360 958 4431 μὲν
1003 4359 1261 4429 τέμνεται
1304 4359 1373 4411 τὰ
1430 4358 1601 4430 πάθη,
1642 4360 1843 4429 ἀρετῆς
1875 4359 1931 4412 δέ

340 4458 525 4523 πάσης
566 4455 662 4508 καὶ⁵
692 4454 927 4524 θεωρίας
954 4452 1282 4523 εἰλικρινοῦς
1318 4451 1688 4523 κατορθοῦτας
1719 4462 1742 4490 ε
1784 4453 1817 4522 ἠ
1843 4468 1930 4503 τε·

2028 1967 2321 2022 fruantur?
2355 1967 2459 2022 Sed
2494 1966 2867 2037 inmqualitas,
2898 1966 2992 2020 sed
3030 1964 3277 2033 tyrannis
3300 1964 3442 2032 apud
3474 1972 3525 2017 te
3555 1962 3612 2016 in

2030 2061 2231 2131 pretio,
2269 2060 2352 2114 vel
2383 2059 2516 2123 doli,
2575 2060 2668 2114 sed
2705 2057 3135 2127 cauponantimn
3183 2066 3238 2109 et
3276 2056 3611 2109 licitatorum

2028 2155 2086 2209 in
2122 2154 2336 2209 vicinos
2372 2153 2641 2207 machina:
2690 2160 2744 2208 et
2788 2150 3104 2206 artificiosa:
3131 2150 3371 2204 fraudes.
3407 2147 3612 2203 Omnes

2027 2250 2172 2305 enim
2208 2263 2362 2317 opes,
2404 2247 2489 2301 vel
2530 2261 2726 2310 novos,
2761 2246 2844 2300 vel
2895 2245 3149 2314 antiquos
3180 2242 3354 2297 fontes
3388 2242 3611 2296 eosdem

2027 2341 2253 2403 habent,
2290 2354 2383 2407 per
2409 2354 2549 2407 quos
2576 2344 2823 2407 apostata
2859 2353 3019 2391 suum
3048 2335 3363 2389 honorabile
3396 2332 3611 2403 magni-

2028 2434 2192 2487 ficare
2222 2432 2357 2485 vult.
2389 2430 2492 2496 Qui
2517 2431 2697 2499 plane,
2735 2438 2792 2483 ut
2822 2438 2874 2483 et
2908 2437 3102 2481 caetera
3136 2426 3444 2496 ignorabat,
3478 2426 3609 2494 quid

2027 2525 2172 2596 apud
2223 2523 2394 2578 Deum
2449 2523 2811 2579 honorificum
2860 2530 3005 2576 esset
3062 2521 3310 2584 veritate,
3361 2534 3425 2572 ac
3479 2519 3611 2587 quid

2026 2634 2158 2673 non.
2206 2616 2466 2671 Homines
2499 2616 2667 2681 enim,
2696 2615 2825 2668 licet
2858 2629 2962 2666 non
3010 2611 3267 2681 gregarii,
3316 2612 3409 2663 sed
3439 2609 3611 2677 philo-

2026 2711 2206 2780 SOphi,
2258 2710 2351 2778 qui
2397 2708 2663 2762 illibatum
2709 2713 3039 2762 conservant
3096 2717 3361 2761 amorem,
3410 2701 3604 2755 unicas

2026 2812 2237 2857 tantum
2290 2802 2511 2856 divitias
2568 2814 2867 2868 earumque
2918 2797 3160 2851 lautitias
3219 2804 3271 2849 et
3314 2794 3603 2863 gleriolam

2026 2896 2261 2959 inhiant,
2289 2903 2342 2948 et
2376 2904 2653 2962 utcunque
2686 2891 2779 2961 qui
2818 2906 2911 2945 eas
2944 2889 3224 2959 possident
3255 2903 3387 2956 opes
3417 2887 3603 2941 multis

2026 2986 2183 3040 malis
2218 2994 2483 3050 scateant,
2532 2981 2915 3037 honorandum
2954 2991 3135 3034 tamen
3186 2988 3241 3034 et
3270 2980 3482 3032 beatum
3520 2976 3612 3046 ju-

2026 3073 2235 3130 dicant.
2269 3075 2409 3129 Deus
2452 3073 2656 3143 pietate
2685 3072 2945 3142 praeditos
2977 3071 3238 3135 honorat,
3283 3078 3335 3123 et
3381 3068 3608 3139 gloriam

2028 3168 2120 3223 dat
2148 3168 2405 3222 virtutem
2458 3165 2834 3233 diligentibus,
2870 3164 2997 3218 licet
3042 3179 3204 3234 opum
3258 3164 3381 3217 illos
3430 3172 3613 3216 tumor

2030 3278 2137 3316 non
2171 3260 2339 3325 inflet,
2369 3275 2469 3314 nec
2491 3258 2690 3330 typlms
2711 3267 2808 3313 aut
2838 3259 3002 3312 luxus
3032 3257 3389 3311 observabilis
3422 3256 3609 3311 fuerit.

2028 3352 2162 3407 Nam
2189 3353 2284 3423 qui
2320 3353 2548 3422 gloriam
2584 3351 2712 3405 inde
2736 3359 3100 3418 aucupantur,
3136 3364 3237 3403 nec
3267 3349 3487 3403 virtutis
3522 3348 3611 3401 de-

2028 3446 2270 3510 siderio,
2346 3460 2448 3500 nec
2527 3444 2746 3514 pietatis
2804 3443 2987 3511 aliquo
3065 3450 3366 3512 tanguntur
3448 3441 3606 3504 zelo;

2028 3554 2247 3609 acquum
2271 3544 2391 3594 erat
2420 3553 2572 3607 ergo,
2605 3546 2665 3591 ut
2686 3535 2950 3590 Dominus
2977 3543 3031 3589 et
3059 3534 3203 3589 Deus
3234 3542 3420 3588 noster
3449 3532 3611 3588 Jesus

2029 3632 2308 3693 Christus,
2339 3630 2435 3700 qui
2467 3630 2537 3684 ob
2566 3628 2783 3700 generis
2814 3626 2988 3682 nostri
3021 3627 3251 3681 salutem
3294 3640 3353 3681 se
3380 3640 3613 3679 evacua-

2031 3736 2185 3782 verat
2211 3734 2264 3780 et
2290 3724 2476 3780 carnis
2503 3732 2705 3777 nostra:
2737 3731 2898 3791 atque
2926 3719 3210 3790 sanguinis
3247 3717 3411 3771 fiebat
3438 3717 3612 3785 parti-

2030 3833 2183 3887 ceps,
2226 3831 2335 3870 non
2384 3816 2435 3869 id
2472 3813 2615 3883 quod
2659 3827 2827 3868 suave
2864 3821 2919 3866 et
2961 3820 3242 3879 acceptum
3292 3818 3375 3863 est
3421 3809 3489 3862 iis
3517 3808 3613 3877 qui

2033 3918 2249 3963 terrena
2291 3910 2533 3976 sapiunt,
2565 3915 2661 3958 aut
2704 3919 2826 3974 qua:
2851 3902 3148 3973 nequitiam
3174 3900 3610 3971 progerminant,

2031 4016 2221 4055 eorum
2292 3999 2505 4053 radices
2571 3996 2980 4059 consideraret,
3038 4004 3091 4049 et
3143 3993 3351 4047 semina
3406 4001 3614 4046 sereret

2033 4092 2302 4160 ejusmodi
2349 4092 2591 4145 fructum
2644 4086 3034 4158 producentia;
3087 4083 3203 4147 sed,
3254 4092 3313 4136 ut
3367 4083 3514 4152 leges
3559 4094 3615 4137 et

2032 4180 2211 4234 edicta
2264 4178 2355 4231 illa
2411 4176 2625 4231 sancire
2680 4191 2776 4245 per
2831 4189 2954 4244 quae
3015 4172 3279 4227 radicitus
3328 4172 3613 4241 passiones

2032 4273 2364 4334 evelluntur,
2398 4268 2618 4325 virtutis
2668 4275 2723 4323 et
2750 4264 3228 4335 contemplationis
3261 4279 3411 4335 pura:
3435 4264 3615 4333 perfe-

2032 4369 2141 4423 ctio
2193 4371 2608 4421 consummatur
2663 4360 2870 4416 :nullo
2924 4360 3141 4413 illorum
3190 4358 3432 4427 indiget,
3501 4356 3615 4411 imo

2034 4458 2409 4530 multipliciter
2462 4471 2526 4511 ea
2586 4453 2835 4509 continet
2892 4467 3135 4522 praesens
3195 4450 3497 4505 admonitio
3560 4458 3617 4502 et

338 4550 559 4611 λείωσις
583 4565 598 4580 ·
632 4542 706 4601 ὧν
737 4547 996 4615 οὐδεμιᾶς
1032 4545 1193 4611 ἐνδεῖ,
1231 4543 1433 4614 μᾶλλον
1463 4544 1521 4597 δὲ
1552 4544 1837 4608 πλειόνων,
1869 4542 1928 4609 ἐξ

2037 4550 2351 4606 consilium.
2396 4547 2501 4601 Sed
2532 4542 2788 4600 fortassis
2835 4542 2973 4597 nihil
3016 4552 3100 4597 est
3144 4542 3197 4596 in
3242 4541 3347 4596 hoc
3380 4540 3613 4595 consilio

338 4635 416 4697 ὧν
458 4643 697 4711 εἴρηται,
750 4638 810 4692 τὸ
858 4638 1059 4707 κράτος
1111 4637 1297 4707 ἐπέχει
1350 4637 1444 4689 καὶ
1494 4637 1527 4706 ἡ
1584 4636 1927 4709 προκειμένη

338 4734 682 4806 παραίνεσις.
730 4730 868 4784 Ἀλλ’
900 4731 1009 4801 ἄρα
1040 4730 1253 4801 μήποτε
1285 4729 1520 4799 ῥηθῆναι
1550 4728 1650 4799 μὲν
1678 4731 1711 4801 ἡ
1740 4730 1928 4801 ἐντολὴ

338 4828 488 4883 ἅπαν
527 4826 812 4893 διαφεύγει
840 4825 1175 4895 παράλογον,
1206 4824 1303 4877 καὶ
1327 4824 1425 4892 τῆς
1450 4824 1515 4877 ὲκ
1544 4822 1718 4891 λόγων
1754 4823 1928 4894 λαϐῆς

336 4921 571 4990 ἕστηκεν
600 4916 934 4989 ὑψηλοτέρω
958 4916 1309 4987 παραχρῆναι
1336 4916 1390 4970 δὲ
1419 4915 1517 4985 οὐχ
1545 4915 1736 4984 ὁμοίαν
1767 4914 1926 4986 ἔλαχε

339 5011 504 5081 φύσιν
527 5029 540 5043 ·
571 5011 713 5064 ἐνδεῖ
731 5010 785 5062 δὲ
820 5011 921 5079 τῆς
951 5012 1008 5063 ἐν
1033 5010 1269 5080 ῥήμασιν
1299 5008 1639 5072 ἀκολουθίας,
1664 5010 1696 5079 ἡ
1726 5011 1783 5062 ἐν
1807 5011 1926 5072 ταῖς

341 5101 607 5172 πράξεσιν
638 5101 894 5172 ῦπαρξις,
932 5103 1025 5155 καί
1056 5119 1140 5164 τις
1163 5100 1336 5165 οὕτως
1361 5102 1486 5172 ἔσχε
1522 5102 1587 5155 δι’
1613 5101 1791 5155 αὐτῶν
1818 5102 1927 5154 τῶν

339 5193 519 5263 ἔργων
554 5193 959 5262 ἐναργεστάτην
997 5194 1303 5262 παρασχεῖν
1337 5193 1435 5262 τὴν
1470 5192 1792 5256 ὑπόστασιν,
1832 5191 1928 5245 καὶ

337 5286 399 5336 τὸ
428 5285 488 5334 ἐν
516 5281 693 5349 λόγοις
724 5283 1017 5336 ἀκόλουθον
1039 5282 1300 5354 ὁμόλογον
1322 5285 1388 5352 τῇ
1422 5286 1700 5353 πρακτικῇ
1733 5281 1929 5335 οὐσιώ-

340 5391 425 5427 σει
459 5373 853 5439 ἐπιδείξασθαι.
905 5377 1059 5429 Ἐπεὶ
1088 5375 1195 5447 γὰρ
1236 5378 1268 5446 ἡ
1306 5378 1577 5447 σωτήριος
1611 5376 1748 5447 αὑτὴ
1788 5392 1931 5447 παρ-

338 5468 547 5529 αίνεσις
594 5467 681 5521 διὰ
722 5469 832 5521 τῶν
880 5469 1229 5523 Δεσποτικῶν
1269 5470 1364 5522 καὶ
1388 5470 1673 5539 ἁχράντων
1708 5469 1929 5541 χειλέων

336 5560 733 5633 προελήλυθεν,
764 5562 823 5627 ἐξ
859 5562 1070 5615 ἐκείνου
1102 5562 1265 5633 μέχρι
1310 5562 1406 5615 νῦν
1436 5563 1537 5616 οὐκ
1578 5562 1693 5615 ἐστι
1738 5563 1929 5634 χρόνον

336 5651 542 5723 εὒρεῖν,
579 5655 637 5706 ἐν
674 5645 718 5721 ᾧ
746 5653 847 5706 οὐκ
875 5652 993 5706 ἔστι
1018 5653 1223 5723 ταύτην
1257 5654 1384 5707 ἰδεῖν
1436 5654 1496 5706 ἐν
1533 5656 1654 5718 ταῖς
1697 5656 1805 5709 τῶν
1841 5655 1931 5709 ἀν-

2037 4643 2304 4698 absonum
2371 4647 2465 4692 aut
2508 4636 2828 4699 absurdum,
2857 4650 2958 4688 nec
2986 4647 3175 4687 ansam
3207 4632 3349 4701 quod
3378 4631 3616 4700 prieheat

2032 4736 2179 4805 juste
2216 4729 2495 4801 carpendi.
2534 4729 2640 4784 Sed
2680 4743 2790 4782 non
2824 4736 2933 4781 tam
2970 4725 3125 4779 facile
3169 4737 3363 4777 natura
3396 4723 3519 4787 fert,
3557 4729 3614 4775 at

2039 4830 2152 4891 liat,
2183 4834 2235 4881 et
2276 4823 2489 4879 actione
2524 4821 2867 4891 compleatur
2894 4818 3073 4874 deﬁcit
3106 4824 3283 4882 actus,
3330 4831 3431 4870 nec
3464 4813 3611 4884 aspi-

2035 4932 2121 4975 rat
2150 4919 2218 4973 ad
2252 4916 2523 4972 orationis
2572 4914 2874 4985 sequelam,
2915 4927 3014 4966 nec
3054 4914 3179 4980 quis
3217 4924 3381 4979 opere
3431 4908 3613 4962 subsi-

2034 5023 2266 5069 stentem
2316 5009 2585 5064 actioncm
2638 5012 2916 5075 suggeret,
2968 5010 3061 5055 aut
3100 4998 3438 5056 conformein
3497 5012 3614 5052 ser-

2036 5104 2206 5161 moni.
2253 5101 2557 5158 Consilium
2614 5100 2719 5153 hoc
2770 5095 3117 5153 salutiferam
3163 5108 3259 5163 per
3314 5092 3611 5162 purissima

2035 5198 2249 5253 Domini
2274 5195 2415 5249 labia
2448 5192 2743 5264 prolatum,
2771 5191 2839 5245 ab
2866 5190 3014 5244 omni
3042 5186 3313 5257 praeterita
3347 5185 3611 5239 memoria

2035 5289 2101 5343 ad
2133 5288 2279 5341 hunc
2325 5300 2499 5353 usque
2544 5282 2687 5337 diem
2734 5294 2952 5349 semper
2984 5278 3245 5332 animitus
3296 5275 3612 5329 hominibus
3666 5318 3667 5321 η

2035 5380 2360 5443 radicatum,
2416 5382 2473 5429 et
2528 5372 2818 5444 profunde,
2870 5372 2995 5435 late,
3050 5370 3208 5440 longe
3251 5377 3604 5437 augmentum

2033 5471 2276 5541 capiens,
2311 5468 2545 5524 virtutes
2598 5476 2823 5531 czeteras
2855 5464 3127 5535 perfecras
3162 5461 3609 5521 consummavit:

2033 5571 2114 5616 ter
2144 5560 2293 5615 mille
2334 5556 2627 5629 quinquies
2664 5555 2812 5609 mille
2851 5554 3004 5619 olim,
3042 5562 3097 5608 et
3132 5560 3320 5622 postea
3362 5552 3615 5605 innume-

2031 5653 2224 5710 rabilis
2274 5650 2559 5708 hominum
2594 5647 2908 5715 multitudo,
2965 5648 3019 5703 in
3065 5659 3359 5703 commune
3408 5658 3611 5701 conve-

1554 5770 1785 5827 VAllIAE
1841 5769 2247 5829 LECTIONES.

425 5857 477 5951 ,ἀ
510 5860 597 5917 Io‘.
630 5860 684 5934 ῆ.
805 5869 828 5900 ο
864 5860 927 5919 C.
953 5860 1024 5919 Μ,
1068 5860 1461 5935 κατορθοῦσαν.
