4158 6430
678 351 783 420 6:31

1842 348 2108 411 PHO’I‘II
2141 343 2652 407 ramuscula
2688 330 2818 403 cr.‘
3839 354 3926 417 (,3,

679 469 938 532 nientes,
984 473 1039 519 et
1101 462 1170 519 de
1224 460 1463 533 propriis
1520 458 1886 525 deredentcs,
1955 455 2321 514 communiat

2301 456 2349 513 Α
2378 451 2615 523 θρώπων
2649 451 2852 521 ψυχαῖς
2883 450 3362 523 διαρριζουμενην,
3403 454 3499 507 xui
3526 457 3926 535 ἐμϐαθύνουσαν,

682 559 975 612 voluerunt
1027 570 1152 611 esse
1200 570 1324 625 qua:
1366 552 1766 623 possidebant,
1825 566 1927 605 nec
1983 550 2127 604 inter
2177 564 2271 603 eos

679 650 955 721 quispiam
999 662 1208 719 pauper
1254 655 1373 701 erat
1402 646 1541 715 (erat
1576 644 1693 698 haec
1730 641 2000 696 mirabilis
2042 638 2270 710 aequali-

682 753 787 807 tas,
830 755 932 795 nec
970 740 1242 810 speranda
1287 738 1393 793 nisi
1426 752 1552 791 cum
1593 734 1992 803 adhiberetur),
2033 733 2127 788 sed
2172 746 2273 787 nec

679 832 857 887 dives.
886 849 907 884 ι
940 830 1269 899 Quicunque
1312 830 1479 893 enim,
1512 846 1531 879 ι
1572 827 1649 882 ait
1685 825 1992 894 Scriptura,
2030 844 2049 877 ‹
2079 824 2272 880 domos

679 923 765 977 vel
798 936 961 993 agros
1004 920 1382 990 possidebant,
1426 917 1758 982 vendebant,
1799 924 1855 971 et
1890 915 2126 987 pretium
2171 914 2274 969 ad-

681 1015 909 1070 ductum
935 1013 999 1067 ad
1024 1012 1192 1082 pedes
1215 1010 1591 1081 apostolorum
1613 1008 1985 1077 deponcbant,
2006 1015 2059 1062 et
2081 1006 2271 1061 distri-

682 1105 952 1160 buebatur
1010 1102 1212 1173 cuique
1256 1109 1417 1169 prout
1465 1100 1828 1170 indigebat".
1867 1117 1885 1150 ι
1940 1095 2137 1163 Audis,
2166 1096 2273 1152 Ju-

684 1196 830 1251 liane
874 1213 889 1252 :
933 1194 1038 1262 Qui
1088 1209 1440 1265 possessores
1488 1202 1667 1259 erant,
1708 1192 2037 1246 vendebant.
2076 1191 2274 1246 Nonne

685 1289 919 1343 omnes?
974 1288 1069 1343 sed
1122 1296 1238 1342 tum
1294 1288 1364 1342 ab
1417 1286 1572 1341 initio
1619 1286 1936 1340 mandatum
2001 1285 2133 1338 illud
2200 1285 2273 1338 ita

691 1379 983 1451 splendide
1017 1380 1312 1443 ferebatur,
1350 1389 1409 1433 nt
1439 1393 1602 1449 opere
1635 1378 1855 1433 floreret
1890 1396 1903 1433 :
1936 1378 2018 1432 Ab
2041 1392 2107 1432 eo
2139 1386 2275 1431 tem-

686 1486 818 1542 pore
873 1471 941 1526 ad
1013 1472 1159 1525 hunc
1226 1485 1399 1539 usque
1452 1469 1619 1534 diem,
1694 1484 1804 1524 non
1862 1469 2026 1523 modo
2082 1468 2273 1523 ﬂorem

687 1579 903 1619 summe
968 1560 1481 1617 immarcescibilem
1531 1568 1922 1617 conservatum
1981 1561 2273 1627 videmus,

688 1655 834 1709 unde
871 1653 1069 1707 animae
1123 1652 1411 1707 hominum
1446 1652 1787 1708 circumfuso
1827 1652 1997 1707 odore
2040 1652 2277 1723 perfusa}

686 1748 755 1802 ad
789 1748 1050 1801 virtutum
1076 1747 1327 1801 omnium
1353 1745 1695 1802 salutiferam
1749 1755 1804 1802 et
1847 1745 2120 1801 viviticam
2160 1745 2275 1800 fra-

2374 546 2468 599 καὶ
2497 546 2578 607 είς
2603 544 2805 607 πλάτος
2847 544 2944 597 xui
2989 543 3163 615 μῆκος
3203 544 3563 610 αὑξάνουσαν,
3591 552 3925 621 συναύξουσάν

2372 656 2430 691 τε
2469 637 2568 701 τὰς
2610 636 2779 700 ἄλλας
2814 636 3019 708 ἀρετὰς
3067 637 3164 691 xui
3200 639 3744 710 συναπαρτίζουσαν·
3786 650 3840 702 τό
3878 672 3925 708 τε

2377 730 2478 800 μὲν
2499 731 2608 800 γὰρ
2634 730 2922 801 τρισχίλιοι
2951 732 3043 784 xui
3077 732 3527 803 πεντακισχίλιοι,
3557 730 3674 789 εἷτα
3696 740 3785 792 καὶ
3813 744 3923 815 πλῆ-

2376 821 2466 885 θος
2500 820 2767 891 ἐκφεῦγον
2802 822 2903 890 τὴν
2936 821 3340 893 ἀπαρίθμησιν,
3380 826 3655 892 συνιόντες
3684 829 3919 903 ἀλλήλοις,

2375 915 2471 968 καὶ
2508 914 2620 968 τῶν
2660 914 2805 969 ἰδίων
2836 915 3199 986 ἐξιστάμενοι,
3228 917 3386 971 κοινὰ
3418 917 3487 972 τὰ
3513 918 3644 974 ὅντα
3672 924 3922 995 προύτίθε-

2377 1025 2496 1071 σαν,
2528 1010 2624 1061 καὶ
2650 1008 2822 1079 πένης
2848 1003 2916 1080 ἦν
2940 1007 3116 1073 οὐδεὶς
3138 1010 3196 1062 ἐν
3224 1011 3409 1074 αὑτοῖς
3435 1011 3501 1082 (ὦ
3524 1012 3822 1084 θαυμασίας
3843 1022 3922 1074 tuo.

2380 1098 2598 1169 μοιρίας
2623 1100 2712 1152 καὶ
2739 1100 2869 1169 πρὶν
2897 1099 3213 1170 πραχθῆναι
3243 1103 3365 1173 μηδ’
3393 1101 3798 1179 ἐλπιζομένης),
3824 1112 3920 1165 οὑδὲ

2379 1190 2653 1254 πλούσιος.
2690 1209 2709 1242 ι
2762 1190 2924 1243 Ὅσοι
2956 1192 3088 1262 γὰρ,
3135 1192 3290 1261 φησι,
3353 1196 3618 1265 κτήτορες
3667 1200 3918 1272 χωρίωνῆ

2377 1282 2563 1337 οἰκιῶν
2612 1281 2880 1353 ὑπῆρχον,
2930 1282 3239 1347 πωλοῦντες
3270 1283 3467 1355 ἔφερον
3510 1285 3612 1350 τὰς
3653 1289 3806 1359 τιμὰς
3834 1292 3919 1347 τῶν

2378 1376 2868 1446 πιπρασκομένων,
2919 1376 3015 1430 xui
3064 1375 3275 1429 ἐτίθουν
3309 1377 3462 1448 παρὰ
3496 1380 3623 1443 τοὺς
3657 1381 3810 1451 πόδας
3834 1384 3918 1437 τῶν

2379 1467 2715 1531 ἀποστόλων,
2764 1467 3018 1521 διεδέδοτο
3049 1467 3106 1521 δὲ
3147 1468 3385 1539 ἑκάστῳ,
3433 1469 3557 1524 καθ’
3591 1473 3618 1525 ὅ
3655 1490 3733 1537 τις
3766 1476 3918 1545 χρείαν

2380 1554 2545 1629 εἶχεν.
2580 1578 2599 1612 ι
2654 1558 2919 1625 Ἀκούεις,
2978 1560 3251 1625 Ἰουλιανέ,
3312 1563 3427 1616 ὅσοι
3477 1565 3755 1635 κτήτορες,
3803 1562 3917 1624 οὗτοι

2378 1652 2646 1707 ἐπώλουν.
2700 1653 2837 1723 Οὑχὶ
2877 1654 3149 1722 ἆπαντες;
3206 1654 3343 1709 ἀλλὰ
3389 1655 3513 1709 τότε
3569 1660 3666 1729 μὲν
3703 1660 3755 1728 ἐξ
3783 1663 3916 1732 αὐτῆς

2378 1744 2558 1817 ἀρχῆς
2597 1744 2770 1810 οὕτως
2793 1747 2873 1811 είς
2908 1746 3113 1818 πλῆθος
3138 1749 3171 1819 ὴ
3195 1748 3387 1818 ἐντολὴ
3415 1749 3915 1825 τελεσιουργουμένη,

688 1844 957 1914 grantiam
1006 1842 1310 1896 trahuntur
1358 1854 1390 1895 a
1448 1847 1709 1909 corrupta
1769 1840 2094 1910 passionum
2139 1820 2330 1894 all‘e-1

2308 1820 2351 1875 Β
2379 1840 2649 1911 λαμπρῶς
2677 1840 2919 1894 ἐπεδίδου
2950 1841 3044 1894 xui
3073 1841 3394 1913 ὑφειστήκει
3414 1846 3538 1905 ταῖς
3560 1820 3839 1916 ἐνεργείαις
3855 1820 3916 1901 ὲν-

688 1937 916 2000 ctione,
977 1950 1101 2006 quae
1158 1934 1397 2004 plurima
1445 1934 1794 1989 maleolentia
1861 1934 2083 1991 exhalat
2131 1936 2277 1989 :sed

689 2044 886 2084 omnes
944 2038 1212 2083 terrarum
1274 2027 1437 2083 orbes
1488 2036 1608 2082 acta
1655 2027 1851 2082 diﬂ‘usa
1901 2027 2275 2097 pertransivit,

689 2136 799 2174 non
851 2128 1064 2174 tantum
1104 2119 1334 2182 viritim,
1385 2119 1478 2174 sed
1528 2119 1853 2189 populatim,
1896 2128 1950 2173 et
2002 2118 2273 2173 infinitam

687 2212 850 2282 plane
904 2212 1310 2266 multitudinem
1366 2210 1653 2266 hominum
1713 2212 2097 2275 monasticam,
2167 2211 2274 2266 hoc

687 2315 772 2360 est
810 2304 1091 2360 caelestem
1146 2304 1314 2357 vitam
1352 2303 1801 2372 amplcctentium
1844 2319 2009 2372 super
2048 2312 2275 2369 terram,

686 2396 781 2467 qui
816 2411 979 2466 opera
1022 2411 1122 2452 sua
1153 2396 1542 2460 extenderunt,
1575 2405 1629 2449 et
1672 2395 1989 2465 praescripto
2035 2394 2279 2450 mandati

686 2504 813 2543 cum
868 2503 1086 2544 summa
1139 2488 1389 2543 omnium
1439 2488 1602 2542 laude
1638 2496 1690 2543 et
1733 2488 2169 2557 praedicatione:
2204 2487 2280 2543 ita

687 2579 907 2634 Domini
949 2580 1124 2635 nostri
1165 2579 1329 2634 verba
1377 2578 1619 2635 ellicacia
1668 2590 1723 2634 et
1770 2582 1994 2634 actuosa
2050 2594 2281 2651 magno-

686 2687 819 2742 pere
869 2680 1019 2737 sunt,
1071 2671 1143 2727 ob
1185 2672 1290 2726 hoc
1334 2672 1534 2742 ipsum,
1582 2672 1982 2740 admirationis,
2041 2675 2278 2739 animas,

689 2764 980 2818 hominum
1016 2763 1344 2818 meritorum
1392 2765 1460 2819 ad
1508 2780 1569 2821 se
1612 2766 2013 2834 convertentia,
2046 2776 2101 2821 et
2129 2768 2282 2824 verbi

690 2870 883 2911 semen
935 2856 1310 2927 inspergentia
1359 2858 1496 2913 satis
1546 2856 1813 2929 profunde
1856 2858 2087 2927 faciunt,
2136 2871 2197 2916 ut
2250 2877 2281 2916 a

690 2946 967 3001 fructibus
1008 2947 1176 3002 arbor
1222 2956 1635 3017 cognoscatur:
1678 2958 1733 3005 et
1781 2965 1877 3020 per
1917 2950 2154 3006 fructum
2202 2962 2285 3007 at-

690 3054 800 3107 que
829 3039 1085 3093 arborem
1121 3038 1397 3093 bortulnni
1430 3042 1677 3109 potentia
1712 3050 1767 3097 et
1791 3044 2060 3111 sapientia
2090 3044 2282 3100 laude-

2378 1932 2707 2003 ακμάζουσα
2730 1950 2744 1965 ·
2782 1932 2803 1973 ί
2851 1932 3049 2003 ἐφεξῆς
3079 1933 3136 1986 δὲ
3171 1933 3336 2004 μέχρι
3370 1934 3488 2000 νῦν,
3517 1938 3618 1990 οὑκ
3652 1938 3916 2010 ἀμάραντον

2383 2022 2545 2092 μόνον
2578 2021 2638 2075 τὸ
2665 2023 2765 2093 τῆς
2792 2022 2979 2093 ἀκμῆς
3003 2021 3163 2086 ἄνθος
3193 2023 3513 2089 διεσώσατο,
3552 2025 3620 2080 δι’
3657 2020 3716 2080 οῦ
3737 2028 3823 2093 τὰς
3844 2032 3916 2084 ἀνι

2383 2114 2662 2186 θρωπίνας
2686 2114 2866 2185 ψυχὰς
2900 2115 3346 2187 περιανθίζουσα,
3382 2118 3493 2172 ἀπὸ
3520 2122 3619 2191 τῆς
3642 2121 3744 2174 τῶν
3772 2123 3917 2177 παθῶν

2382 2208 2675 2277 σηπεδόνος
2704 2208 2839 2262 πολὺ
2885 2207 2948 2262 τὸ
2984 2208 3221 2272 δυσῶδες
3251 2212 3718 2283 ἐναποπνεούσης,
3744 2215 3824 2267 ἐπὶ
3844 2216 3917 2285 τὴν

2381 2302 2490 2354 τῶν
2510 2300 2720 2372 ἀρετῶν
2739 2302 3007 2372 σωτήριον
3032 2302 3127 2355 xui
3154 2300 3419 2365 ζωοποιδν
3448 2304 3681 2360 εὐωδίαν
3707 2309 3918 2377 συνεφέλ-

2381 2409 2569 2447 κεται·
2605 2393 2741 2448 ἀλλά
2792 2411 2858 2463 γε
2904 2393 2969 2466 δὴ
3032 2394 3127 2447 xui
3170 2398 3351 2449 πάντα
3384 2396 3487 2467 τῆς
3539 2399 3840 2470 οἰκουμένης
3873 2402 3918 2454 τὶ

2383 2488 2619 2560 πέρατα,
2653 2488 2771 2551 ταῖς
2802 2488 3107 2559 ἐνεργείαις
3136 2488 3512 2559 περιλαϐοῦσα
3540 2493 3634 2547 καὶ
3654 2493 3919 2564 διατρέχου-

2385 2596 2474 2643 σα,
2509 2578 2570 2631 οὑ
2607 2578 2727 2631 κατ’
2757 2578 2928 2648 ἄνδρα
2961 2579 3145 2649 μόνον,
3198 2581 3298 2652 ήδη
3339 2581 3395 2635 δὲ
3440 2583 3542 2637 xui
3584 2585 3720 2639 κατὰ
3758 2586 3919 2655 δήμους

2382 2673 2558 2736 ὅλους,
2591 2672 2683 2726 xui
2712 2672 2949 2742 ἀριθμοῦ
2978 2673 3232 2744 κρείττω,
3264 2678 3591 2749 συστήματα
3613 2678 3716 2732 τῶν
3742 2678 3807 2739 ὡς
3823 2680 3922 2749 ἁλη-

2384 2764 2493 2828 θῶς
2528 2764 2730 2835 μονάδα
2760 2764 2873 2836 βίον
2904 2766 2998 2819 καὶ
3028 2768 3285 2837 οὐράνιον
3320 2769 3623 2835 πολίζουσά
3652 2789 3708 2825 τε
3735 2774 3831 2835 τοῖς
3853 2772 3921 2825 ἐπὶ

2383 2855 2509 2926 γῆς,
2551 2856 2645 2908 καὶ
2704 2854 3049 2910 πλατύνουσα
3106 2857 3174 2911 δι’
3211 2858 3391 2914 αὑτῶν
3438 2859 3552 2913 τῶν
3602 2860 3787 2932 ἔργων,
3828 2861 3921 2915 ὅσον

2384 2948 2533 3000 ἐστὶν
2568 2946 2738 3017 αὑτῆς
2778 2947 2841 3001 τὸ
2877 2949 2935 3001 ἐν
2976 2951 3089 3013 τοῖς
3126 2949 3308 3019 λόγοις
3352 2952 3651 3007 ἀκόλουθον
3681 2952 3922 3025 μᾶλλον,ἢ

2383 3039 2473 3093 διὰ
2497 3041 2597 3111 τῆς
2626 3042 2769 3095 κατὰ
2796 3041 2888 3093 τὸν
2914 3041 3073 3111 λόγον
3106 3043 3435 3110 ἀκολουθίας
3462 3045 3527 3101 τὸ
3551 3047 3769 3116 ὑφεστὸς
3791 3046 3925 3115 αὐτῆς

692 3143 802 3197 tur,
843 3134 1004 3202 cujus
1052 3133 1232 3188 laudis
1272 3134 1594 3204 opulentum
1630 3135 1768 3191 satis
1804 3147 2042 3209 segetem
2087 3154 2334 3226 θυεερ-ί

2280 3170 2284 3179 ι
2308 3162 2355 3226 C
2386 3135 2444 3187 ἐν
2464 3138 2577 3197 τοῖς
2602 3133 2785 3203 ἔργοις
2816 3136 2909 3187 xui
2940 3135 3254 3205 περιούσιον
3285 3138 3559 3209 λαμπρῶς
3590 3138 3922 3194 ἐπιδείκνυσιν.

688 3233 840 3291 runt,
886 3234 944 3279 et
982 3235 1163 3280 tamen
1210 3228 1455 3281 nondum
1492 3244 1587 3298 per
1621 3228 1739 3283 haec
1760 3238 1840 3284 tot
1883 3238 1937 3284 et
1993 3232 2123 3287 talia
2184 3249 2283 3288 en-

689 3318 889 3382 comia,
918 3320 1184 3375 naturalis
1233 3321 1380 3375 enim
1417 3322 1825 3392 magnificentia
1874 3325 2009 3381 satis
2067 3327 2285 3382 abunde

691 3410 1107 3478 manifestatur;
1156 3426 1283 3466 nam
1336 3414 1641 3467 multarum
1698 3422 1962 3483 praeterea
2017 3415 2285 3469 virtutum

692 3504 1111 3559 subsistentiam
1163 3512 1439 3560 sustentat
1480 3514 1534 3559 et
1564 3507 1945 3576 complectitur
1982 3526 1995 3561 :
2029 3517 2084 3563 et
2115 3517 2285 3575 certe,

693 3594 806 3649 nisi
835 3594 961 3663 quis
991 3594 1109 3664 pari
1149 3609 1275 3647 cum
1310 3592 1531 3649 Juliano
1559 3595 1771 3664 judicio
1823 3595 2011 3651 divino
2045 3591 2287 3652 occaeca-

696 3695 831 3752 tus,
896 3686 953 3740 in
1014 3685 1325 3740 clarissima
1371 3686 1495 3741 luce
1546 3687 1867 3752 aberrabil,
1935 3702 2291 3759 summopere

695 3779 1071 3835 admiraturus
1137 3787 1223 3833 est
1282 3779 1590 3833 naturalem
1644 3780 1765 3849 ejus
1814 3782 1943 3845 vim,
1997 3781 2289 3836 sublimem

698 3870 848 3925 illam
886 3878 941 3926 et
984 3871 1375 3926 salutiferam?
1438 3872 1542 3938 Qui
1587 3874 1865 3928 caalcstem
1914 3874 2292 3930 conversatio-

696 3981 823 4020 nem
878 3966 1126 4021 terrestri
1176 3983 1273 4021 sua
1308 3967 1419 4021 vita
1480 3976 1899 4036 repraesentant,
1948 3967 1985 4021 ii
2050 3968 2291 4024 discerni

696 4058 859 4114 facile
893 4069 1145 4129 possunt,
1197 4060 1301 4114 hoc
1353 4059 1715 4113 fundamento
1764 4059 2016 4130 inprimis
2064 4060 2287 4115 innixi:

701 4171 720 4203 ο
756 4149 980 4206 Vendite
1011 4166 1135 4221 quae
1171 4151 1489 4221 possidetis,
1537 4160 1593 4206 et
1624 4151 2031 4222 cleemosynam
2064 4153 2210 4208 date.
2264 4171 2282 4205 ι

693 4244 798 4299 Cui
834 4244 916 4299 sic
953 4244 1127 4313 jacto,
1183 4252 1411 4299 caeteras
1462 4253 1855 4313 superstruunt
1909 4248 2163 4312 virtutes,
2215 4246 2290 4301 ita

696 4349 756 4395 ut
785 4338 902 4393 sine
938 4339 1029 4392 illo
1088 4337 1392 4393 subsistere
1423 4354 1532 4392 non
1566 4353 1728 4407 posse
1764 4353 1899 4408 pure
1932 4339 2036 4393 illae
2064 4339 2291 4394 videan-

698 4439 808 4487 tur.
848 4430 1120 4496 Quocirca
1152 4444 1277 4483 cum
1321 4429 1681 4484 vcndideritis
1728 4430 1907 4498 primo
1940 4446 2065 4499 qua:
2105 4430 2288 4500 possi-

2390 3228 2465 3282 Οὐ
2496 3227 2603 3299 μὴν
2636 3230 2661 3269 κ
2700 3227 2837 3282 ἀλλά
2867 3245 2931 3296 γε
2971 3228 3065 3282 xui
3094 3229 3204 3281 τῶν
3250 3231 3605 3286 Δεσποτικῶν
3634 3232 3864 3304 ῥημάτων
3882 3230 3925 3283 τὸ

2388 3321 2633 3391 ἐνεργὸν,
2687 3320 2785 3374 xui
2836 3320 2935 3392 τὴν
2989 3319 3224 3393 δύναμιν
3273 3322 3425 3377 οὐδὲν
3469 3319 3638 3396 ἦττον
3678 3325 3739 3378 δι’
3769 3323 3926 3391 ἑαυτῆς

2390 3413 2621 3483 παρέχει
2662 3411 3077 3483 θαυμάζεσθαι⁸
3107 3415 3211 3477 τὰς
3240 3415 3348 3487 γὰρ
3380 3415 3727 3488 ἀνθρωπίνας
3768 3415 3925 3486 ψυχὰς,

2389 3506 2511 3559 ὅσαι
2552 3504 2721 3572 ἄξιαι,
2758 3505 2897 3577 πρὸς
2939 3506 3145 3577 ἑαυτὴν
3181 3508 3617 3579 ἐπιστρέφουσα,
3646 3508 3736 3563 καὶ
3760 3508 3838 3560 τὸν
3858 3506 3927 3558 τοῦ

2390 3596 2550 3665 λόγου
2585 3596 2787 3668 σπόρον
2832 3598 3040 3652 ἐνιεῖσά
3068 3615 3127 3651 τε
3169 3599 3266 3653 xui
3294 3599 3698 3669 ὲμὸαθύνουσα,
3741 3596 3929 3653 ἀπὸτοῦ

2392 3688 2607 3758 καρποῦ
2632 3689 2693 3743 τὸ
2720 3688 2935 3760 δένδρον
2963 3688 3445 3759 ἐπιγινώσκεσθαι,
3469 3694 3569 3746 xui
3592 3693 3657 3746 δι’
3678 3691 3839 3745 αὑτῶν
3859 3688 3929 3742 τοῦ

2393 3778 2708 3850 φυτοκόμου
2742 3779 2904 3833 πάλιν
2933 3781 3035 3853 τὴν
3064 3782 3218 3852 ἰσχὺν
3256 3782 3351 3835 xui
3386 3783 3581 3851 σοφίαν
3613 3780 3930 3853 ἐξυμνεῑσοαι,

2394 3872 2753 3946 παρασκευὴν
2803 3875 3005 3945 πολλὴν
3036 3874 3402 3948 συνεξεύρατο
3426 3893 3440 3908 ο
3474 3878 3571 3931 xui
3608 3876 3751 3929 οὔπω
3780 3892 3834 3943 γε
3866 3871 3933 3926 διὰ

2391 3966 2619 4031 τούτων,
2653 3967 2859 4038 καίπερ
2898 3967 3238 4039 τηλικούτων
3268 3969 3458 4034 ὄντων,
3496 3971 3584 4040 ἐφ’
3615 3970 3732 4022 ὅσον
3755 3970 3861 4038 ἥκει
3888 3964 3933 4015 τὸ

2396 4059 2684 4129 μεγαλεῖον
2738 4060 2838 4131 τῆς
2901 4060 3119 4129 φύσεως
3185 4062 3357 4132 αὑτῆς
3422 4056 3933 4133 ἐμφανίζεταιοάλλ’

2391 4149 2473 4201 ὅτι
2492 4149 2585 4201 xui
2600 4148 2709 4203 τῶν
2725 4148 2868 4204 ἄλλω
2886 4149 3127 4221 νὰρετῶν
3154 4151 3250 4204 xui
3277 4151 3718 4222 κατορθωμάτων
3743 4146 3928 4219 ὑπερεῖ-

2388 4241 2468 4295 δει
2509 4258 2570 4294 τε
2610 4241 2707 4294 καὶ
2750 4242 2963 4312 συνέχει
3014 4244 3112 4314 τὴν
3173 4242 3433 4314 ὓπαρξιν.
3494 4245 3637 4310 Πῶς,
3685 4244 3732 4296 εί
3773 4243 3837 4312 μή
3872 4255 3937 4300 τις

2407 4333 2680 4405 Ἰουλιανῷ
2728 4334 2828 4405 τὴν
2866 4336 2988 4406 ἴσην
3034 4336 3192 4406 δίκην
3228 4337 3448 4407 ὑπέχων
3483 4337 3680 4406 τυφλὸς
3720 4335 3791 4405 τῷ
3827 4331 3936 4403 φωτι

2394 4426 2886 4497 περιπλανώμενος
2932 4427 3286 4499 διελέγχοιτο,
3334 4430 3434 4483 οὑκ
3472 4429 3540 4483 ἂν
3574 4422 3934 4499 ὑπεραγασθείη

696 4521 863 4586 detis,
921 4531 976 4577 et
1004 4521 1378 4590 indigentibus
1426 4521 1844 4587 distribueritis,
1905 4522 2130 4577 omnino
2186 4516 2338 4577 hoc]

2322 4516 2367 4573 D
2398 4518 2458 4571 τὸ
2494 4519 2553 4571 ἐν
2582 4521 2647 4590 τῇ
2688 4522 2849 4588 φύσει
2887 4522 3090 4590 κράτος
3122 4521 3291 4587 αὐτῆς
3322 4522 3416 4574 xui
3442 4522 3643 4592 ὑψηλὸν
3685 4523 3771 4574 καὶ
3797 4517 3935 4585 σωτή-

696 4614 906 4671 Christi
936 4615 1259 4677 consilium,
1297 4624 1357 4669 ut
1391 4614 1484 4670 Dei
1524 4629 1685 4685 Opus,
1718 4622 1778 4668 ut
1802 4615 2146 4669 humanitate
2176 4616 2292 4684 ple-

698 4721 857 4768 num,
893 4706 1281 4761 celebrabitur.
1338 4706 1419 4759 Ad
1456 4706 1606 4760 hunc
1636 4704 1858 4759 modum
1901 4706 2031 4759 nudi
2064 4704 2289 4760 demum

698 4798 974 4865 homines,
1007 4799 1205 4869 opibus
1246 4808 1301 4853 et
1331 4797 1688 4869 passionihus
1728 4797 1887 4852 vacui
1932 4799 2188 4863 terrenis,
2222 4799 2289 4853 ad

698 4891 1004 4944 certamina
1053 4891 1317 4946 athletica
1356 4905 1417 4946 se
1443 4899 1807 4960 componunt,
1842 4890 1895 4944 in
1930 4891 2064 4946 illud
2110 4892 2290 4948 solum

699 4993 885 5037 mente
915 4984 1138 5047 intenti,
1175 4993 1228 5038 et
1268 4999 1496 5053 scopum
1529 4982 1801 5037 directum
1832 4982 2116 5048 habentes,
2144 4983 2288 5054 quod

700 5073 871 5129 Paulo
917 5075 1164 5129 dicitur:
1213 5073 1433 5144 «Cupio
1485 5073 1747 5140 dissolvi,
1793 5083 1848 5129 et
1897 5090 2021 5130 cum
2072 5075 2294 5132 Christo

702 5167 937 5221 csse”‘.
973 5186 990 5219 ι
1047 5164 1204 5222 Unde
1255 5167 1397 5223 visio
1426 5176 1683 5237 paterna,
1735 5168 1788 5221 in
1839 5166 2046 5237 Spiritu
2099 5178 2293 5223 sancto

616 5318 619 5321 μ
706 5257 860 5329 (felix
894 5260 1120 5313 omnino
1150 5259 1335 5329 visio),
1364 5258 1627 5328 perfecta,
1655 5266 1709 5313 et
1739 5241 1859 5316 sine
1885 5261 2107 5330 speculo
2137 5277 2292 5316 reve-

650 5360 654 5413 ζ
705 5351 837 5418 lata,
864 5362 917 5407 ct
963 5353 1213 5408 revolans
1248 5354 1522 5408 bonorum
1553 5352 1815 5424 primum,
1850 5362 1906 5410 et
1950 5354 2294 5413 desiderato-

778 5530 966 5588 "Act.
1002 5547 1075 5596 ιν,
1100 5532 1192 5598 δι,
1224 5531 1314 5587 55.
1394 5532 1459 5564 τεο
1484 5518 1682 5603 Philip.
1716 5550 1753 5597 ι,
1788 5535 1881 5589 25.

2399 4627 2547 4681 ριον;
2580 4610 2692 4662 Καὶ
2721 4610 2828 4681 γὰρ
2862 4610 2978 4664 ὅσοι
3027 4611 3126 4683 τὴν
3178 4613 3431 4683 οὐράνιον
3478 4612 3767 4675 πολιτείαν,
3804 4602 3938 4661 δι’ὧν

2397 4702 2605 4774 βιοῦσιν
2627 4705 2719 4756 ἐπὶ
2746 4704 2856 4774 γῆς,
2877 4703 3278 4776 ὑπογράφουσι,
3303 4706 3527 4769 τούτους
3548 4707 3634 4779 δὴ,
3651 4705 3853 4765 τούτους
3875 4698 3937 4751 ἓν·

2396 4813 2543 4849 εστιν
2593 4796 2726 4867 ὁρᾷν
2768 4795 2902 4848 αὑτὸ
2945 4798 3102 4849 τοῦτο
3148 4798 3390 4868 πρῶτον,
3437 4798 3706 4869 θεμέλιον,
3737 4791 3835 4849 οἷον
3866 4791 3937 4844 καὶ

2397 4888 2727 4960 ύπόὸαθρον,
2768 4888 2849 4954 τὸ,
2888 4908 2905 4939 ι
2942 4885 3239 4961 Πωλήσατε
3274 4890 3342 4945 τὰ
3375 4892 3707 4963 ὑπάρχοντα,
3740 4890 3822 4943 xui
3847 4885 3937 4939 δότε

2399 4983 2793 5054 ἐλεημοσύνην,
2825 5001 2843 5034 ι
2878 4983 3381 5055 ὑποϐαλλομένους⁸
3414 4986 3508 5040 xui
3531 4986 3671 5039 οὑτω
3695 4983 3784 5047 τὰς
3808 4979 3937 5036 ἄλλας

2401 5076 2603 5147 ἀρετὰς
2634 5074 3129 5147 ἐποικοδομοῦντας
3149 5093 3162 5107 ·
3198 5077 3275 5141 ὡς
3308 5077 3434 5133 ἄνευ
3464 5077 3685 5148 ταύτης,
3713 5068 3937 5147 μηδεμιᾶς

2402 5168 2569 5239 ἄλλης
2606 5168 2906 5237 ὑφεστάναι
2938 5168 3195 5240 καθαρῶς
3227 5169 3458 5242 δύναμιν
3481 5169 3727 5240 ἐχούσης.
3752 5164 3831 5217 Διὸ
3851 5177 3936 5213 πω·

2400 5262 2620 5327 λοῦντες
2648 5261 2914 5333 πρότερον
2943 5261 3012 5315 τὰ
3047 5262 3384 5334 ὑπάρχοντα,
3428 5263 3521 5317 xui
3563 5263 3671 5323 τοῖς
3710 5254 3936 5325 δεομένοις

2401 5344 2915 5424 διανέμοντες,’πῶς
2946 5349 3012 5406 ἄν
3041 5367 3123 5415 τις
3148 5351 3311 5416 ἀξίως
3344 5352 3619 5422 εξυμνήσῃ
3642 5347 3699 5401 τὸ
3722 5346 3845 5401 θεῖον
3867 5334 3935 5391 καὶ

2072 5690 2308 5749 VARI/13
2347 5688 2754 5749 LECTIONES.

750 5802 893 5861 κισ.
939 5806 999 5873 ἐξ
1048 5805 1282 5879 ἐκείνης.

702 5928 735 5943 ο

1398 5810 1420 5849 ⁸
1447 5807 1507 5865 C.
1547 5807 1616 5863 M.
1648 5808 1707 5862 οὐ
1747 5807 1873 5878 μήν.
