4158 6426
264 417 376 479 6ῗ13

1321 404 1420 464 AD
1449 394 2046 461 AMPIIILOCHIUM
2070 394 2418 467 QUIESTIO
2449 393 2579 455 CII.

3458 395 3566 459 634

270 517 606 593 θεουργικδν
645 515 743 571 καὶ
774 511 1165 583 φιλάνθρωπον
1196 520 1294 580 της
1325 507 1738 581 παραινέσεως;
1767 502 1875 559 0'6-
1904 509 1922 565 Λ

2005 517 2107 556 ὐιη
2145 516 2424 557 summum
2466 502 2808 558 intuentibus
2840 503 3156 568 fruendum,
3184 516 3568 577 repraesentat.

265 636 350 672 τω
397 614 600 686 γνμνοὶ
655 610 845 665 λοιπὸν
897 609 993 662 καὶ
1026 606 1331 679 χρημάτων
1360 605 1455 660 καὶ¹
1492 601 1874 676 προσπαθείας

267 709 446 779 ἄλλης
492 707 711 777 γηῒνης,
749 703 877 767 τοὺς
916 699 1255 771 ἀσκητικοὺς
1296 699 1494 760 ἄθλους
1529 697 1872 759 ὑποδύονται,

271 800 416 871 πρὸς
450 798 508 850 ἓν
535 798 697 868 μόνον
716 795 808 847 τὸν
836 792 959 845 νοῦν
988 789 1416 861 ἀνατεινόμενοι,
1442 789 1538 842 καὶ
1562 787 1659 859 τὴν
1690 786 1875 855 ἔφεσιν

274 894 521 961 ἔχοντες,
567 891 645 949 είς
689 886 752 939 τὸ
798 885 942 938 κατά
984 880 1223 945 Παῦλον,
1254 899 1295 945 λι(
1326 880 1593 934 ἀναλῦσαι
1637 878 1735 933 καὶ
1780 877 1878 931 σὺν

278 981 507 1053 Χριστῷ
551 976 711 1033 εἶναι.
753 997 771 1029 ι
813 977 890 1029 Δι’
918 969 1001 1041 οὗ,
1031 974 1125 1029 τοῦ
1165 972 1382 1044 Πατρδς
1425 973 1483 1025 ἐν
1525 972 1666 1042 ἁγίῳ
1709 969 1880 1024 Πνεύ-

289 1092 419 1146 ματι
434 1066 501 1138 (ὦ
520 1069 793 1142 μακαρίου
819 1068 1090 1139 θεάματος
1111 1067 1123 1120 1
1143 1065 1219 1138 ),ή
1240 1064 1572 1136 τελειότερα,
1598 1063 1693 1117 καὶ
1710 1062 1880 1131 χωρίς

283 1165 394 1219 τῶν
450 1163 734 1233 ἐσόπτρων
778 1160 1007 1228 γνῶσις,
1056 1155 1649 1227 συνανακαλυπτομένη
1683 1171 1744 1206 τε
1784 1151 1882 1206 καὶ

285 1255 852 1327 συναναστράπτουσα
890 1254 954 1307 τὸ
982 1252 1200 1325 πρῶτον
1233 1249 1438 1319 ἀγαθὸν
1471 1249 1551 1313 εἰς
1578 1246 1881 1301 ἀπόλαυσιν

280 1354 397 1415 τοῖς
428 1350 673 1411 θεαταῖς,
703 1346 802 1400 καὶ
833 1344 943 1399 τῶν
972 1343 1182 1414 ἐφετῶν
1221 1342 1506 1413 χαρίζεται
1546 1339 1606 1394 τὸ
1644 1340 1883 1410 ἀκρότα-

282 1461 400 1496 τον.
427 1442 587 1495 Οὕτω
614 1440 704 1510 δὴ,
734 1438 910 1502 οὕτως
944 1440 976 1508 ἡ
1007 1437 1275 1506 σωτήριος
1308 1433 1445 1504 α’ύτη
1472 1434 1565 1486 καὶ¹
1581 1429 1886 1502 Δεσποτικὴ

285 1533 479 1604 ἐντολὴ
503 1533 565 1586 οὐ
601 1530 834 1602 ῥηθῆναι
870 1530 1031 1601 μόνον
1066 1529 1126 1581 τὸ
1148 1525 1371 1595 εὔλογόν
1398 1542 1456 1578 τε
1479 1524 1574 1577 καὶ
1595 1521 1887 1576 ἀκόλουθον

285 1625 461 1696 πολλῇ
482 1625 715 1694 δυνάμει
741 1622 1137 1676 συνδιεσιὶηατο
1161 1619 1307 1673 ἆπαν
1339 1616 1647 1688 μαχόμενον
1677 1614 1770 1667 καὶ
1799 1632 1892 1667 πο-

284 1717 479 1788 λεμεῖν
509 1714 751 1786 ἠρμένον
774 1711 1096 1785 τρεψαμένη
1127 1726 1187 1762 τε
1220 1707 1360 1763 κατὰ
1383 1706 1608 1777 κράτος,
1640 1705 1735 1759 καὶ
1759 1721 1892 1758 κατ-

1975 595 2155 665 Atque
2190 594 2266 648 ita
2301 592 2616 650 Servatoris
2644 595 2857 651 Domini
2891 600 3236 662 mandatum,
3270 615 3379 655 non
3405 600 3572 655 modo

1977 686 2125 741 dictu
2171 684 2502 740 rationabile
2548 693 2601 740 et
2638 702 2989 757 consequens
3034 692 3253 745 videtur
3299 707 3465 755 esse,
3517 699 3574 746 et

1977 779 2151 834 multa
2190 777 2425 833 veritate
2460 776 2736 843 fulcitum,
2782 780 2877 833 sed
2922 782 3190 852 quidquid
3236 785 3303 838 ad
3347 782 3571 854 Opposi-

1979 880 2095 927 tum
2124 879 2415 942 repugnat,
2448 871 2602 941 l'ugat
2634 872 2977 941 praevalendo
3021 884 3076 927 et
3120 876 3328 944 pudore
3360 877 3573 931 suﬁ'un-

1980 963 2061 1019 dit
2088 980 2103 1015 :
2137 963 2231 1017 sed
2274 971 2328 1017 et
2360 962 2533 1017 multo
2579 962 2757 1032 magis
2790 963 2987 1017 seriem
3019 966 3315 1019 verborum
3348 976 3401 1020 et
3444 982 3573 1021 sen-

1982 1054 2279 1108 tentiarum
2305 1068 2539 1108 censura
2570 1068 2827 1120 vacuam,
2851 1070 2948 1125 per
2973 1056 3321 1125 Operationes
3344 1058 3575 1114 eximias

1983 1154 2038 1201 et
2066 1144 2485 1201 subsistentiam
2516 1145 2834 1200 universam
2865 1147 2970 1201 sub
3001 1148 3115 1203 sole
3143 1149 3580 1203 consummatio-

1984 1255 2100 1294 rcm
2132 1250 2185 1295 et
2215 1239 2687 1294 admirabiliorem
2721 1241 2984 1305 ostendit,
3016 1251 3180 1311 atque
3207 1241 3353 1295 ultra
3384 1241 3495 1295 vim
3526 1250 3582 1296 et

1986 1341 2246 1385 naturam
2292 1331 2759 1401 epicherematnm
2794 1373 2811 1397 ,
2860 1332 2937 1385 ita
2983 1342 3045 1386 ut
3091 1333 3357 1388 audentes
3404 1332 3580 1401 ipsam

1987 1423 2197 1478 violare
2258 1423 2500 1479 dedecus
2558 1438 2684 1477 cum
2748 1423 2959 1494 pudore
3033 1426 3222 1479 subire
3281 1425 3581 1495 coegerint.

1988 1517 2165 1585 Atque
2205 1516 2322 1571 haec
2358 1517 2646 1583 hactenus,
2681 1531 2750 1571 ex
2795 1517 2863 1573 iis
2898 1533 3021 1587 qua:
3050 1520 3255 1574 oblivio
3292 1534 3401 1575 non
3441 1534 3585 1590 prte-

1989 1610 2159 1674 venit,
2185 1618 2376 1665 contra
2399 1609 2678 1666 Julianum
2702 1610 3026 1681 Apostotam
3062 1614 3315 1683 nequiter
3337 1622 3391 1668 et
3418 1612 3589 1681 impie

1993 1708 2186 1754 contra
2214 1700 2506 1754 veritatem
2545 1700 2968 1755 insolescentem
3013 1701 3163 1756 dicta
3204 1710 3392 1757 sunto.
3436 1700 3587 1764 Tibi,

284 1804 594 1878 αισχύνασα
615 1820 629 1833 ·
662 1802 802 1857 ἀλλὰ
832 1802 925 1857 καὶ
952 1800 1087 1854 πολύ
1122 1815 1187 1868 γε
1220 1798 1383 1851 πλέον
1419 1796 1511 1850 τὸν
1555 1796 1749 1868 εἱρμὸν
1781 1794 1891 1847 τῶν

2005 1791 2239 1847 discendi
2270 1794 2496 1863 cupido,
2526 1802 2581 1848 et
2612 1794 2797 1848 divina
2827 1794 3075 1860 oracula,
3111 1804 3170 1849 ut
3192 1795 3394 1851 divinis
3424 1794 3594 1849 rebus

284 1899 486 1968 λόγων,
512 1897 608 1951 καὶ
628 1897 728 1968 τῆς
753 1894 981 1965 γνώμης
1004 1892 1067 1946 τὸ
1095 1890 1483 1961 ἀνεπίληπτον,
1509 1887 1598 1941 διὰ
1623 1885 1724 1956 τῆς
1747 1885 1889 1940 κατά

2005 1887 2277 1950 convenit,
2314 1887 2532 1951 edocto,
2565 1888 2733 1942 etiam
2765 1902 2941 1957 pauca
2982 1903 3013 1944 e
3049 1888 3235 1955 dictis,
3273 1887 3408 1955 scio,
3437 1884 3591 1942 snlﬁ-

284 1994 392 2055 τὰς
467 1988 756 2061 ἐνεργείας
847 1983 1208 2058 περιφανείας
1278 1999 1339 2034 τε
1428 1979 1522 2033 καὶ
1602 1976 1891 2047 ὑπάρξεως

2005 1977 2147 2032 cient
2174 1978 2241 2031 ad
2273 1978 2599 2048 quaestionis
2633 1978 2988 2034 solutionem.

286 2083 391 2155 τῆς
440 2084 544 2137 ἀνά
592 2083 771 2136 πᾶσαν
816 2080 915 2151 τὴν
960 2077 1052 2147 ὑφ’
1104 2077 1240 2150 ἡλίῳ
1291 2073 1668 2144 ἐντελέστερόν
1704 2088 1762 2125 τε
1801 2070 1899 2124 καὶ
1929 2070 2383 2143 θαυμασιώτερον
2416 2072 2750 2139 ἐπεδείξατο,
2783 2074 2878 2126 καὶ
2921 2075 3170 2145 κρεῖττον
3202 2074 3235 2145 ἢ
3269 2073 3391 2126 κατ’
3435 2069 3593 2142 ἰσχύν

288 2193 350 2228 τε
398 2175 493 2228 καὶ
528 2173 690 2244 φύσιν
719 2171 1195 2242 ἐπιχειρημάτων,
1218 2167 1346 2232 τοὺς
1377 2166 1786 2237 τετολμηκότας
1822 2165 1993 2236 αὐτὴν
2031 2165 2340 2237 ἐξυϐρίζειν
2378 2166 2479 2238 τῆς
2512 2166 2865 2238 μηχανούσης
2890 2166 3153 2237 αἰσχύνης
3179 2166 3238 2219 τὸ
3270 2164 3597 2239 σκυθρωπὸν

291 2269 549 2323 ὑπελθεῖν
588 2267 839 2340 ἐρύθημα
875 2265 1278 2337 κατεπράξατο.
1326 2263 1496 2317 Ἀλλά
1530 2262 1776 2316 τοσαῦτα
1812 2262 1933 2331 μὲν,
1982 2260 2042 2327 ἐξ
2068 2255 2143 2315 ὧν
2191 2264 2225 2333 ἡ
2273 2262 2413 2334 λήθη
2448 2264 2525 2334 μὴ
2560 2262 2942 2334 προκατέλαϐε
2976 2263 3113 2335 πρὸς
3164 2262 3457 2316 Ἰουλιανόν
3494 2260 3589 2314 τὸν

302 2362 648 2432 Ἀποστὰτην
674 2360 1090 2432 κακουργοῦντά
1116 2376 1176 2412 τε
1201 2359 1297 2413 καὶ
1328 2357 1471 2411 κατὰ
1504 2358 1602 2428 τῆς
1635 2356 1921 2421 εὐσεϐείας
1953 2356 2111 2428 ήμῶν
2143 2357 2548 2428 θρασυνόμενον
2576 2359 2818 2429 εἴρηται.
2843 2358 2934 2410 Σοὶ
2968 2358 3026 2410 δέ
3049 2356 3464 2428 φιλομαθοῦντι,
3493 2357 3591 2410 καὶ

294 2456 352 2510 τὸ
378 2456 532 2512 Θεῖον
561 2455 886 2528 θεοπρεπῶς
908 2452 1244 2526 ὀργιάζοντι,
1271 2454 1368 2507 καὶ
1396 2452 1555 2522 ὀλίγα
1582 2451 1693 2506 τῶν
1719 2452 2033 2523 εἰρημένων
2094 2450 2418 2523 ἐξαρκέσειν
2443 2446 2599 2523 οἶμαι
2625 2450 2763 2524 πρὸς
2788 2453 2887 2521 τὴν
2925 2452 3025 2522 τῆς
3060 2452 3295 2519 ἀπορίας
3322 2448 3595 2505 ἐπίλυσιν.

845 2567 1183 2622 ΕΡΩΤΗΣΙΣ
1213 2568 1337 2623 PB'.

799 2660 865 2716 Τί
886 2661 1068 2730 δηλοῖ
1093 2660 1160 2715 τὸ
1184 2660 1416 2730 ἐφούδς

2040 2564 2370 2633 ΟΠᾸΕΞἹῚΟ
2401 2563 2511 2621 Cll.
2570 2564 2757 2637 [CoisL
2796 2562 3049 2621 CCLXV.
3112 2563 3279 2621 Taur.
3310 2561 3562 2635 CCLV|.]

2465 2658 2608 2724 Quid
2637 2658 2896 2729 signiﬁcet
2917 2658 3083 2727 eplwd
3107 2658 3132 2710 ?

1144 2778 1289 2829 Edita
1314 2794 1343 2831 a
1368 2779 1690 2844 Montacutio,
1722 2794 1806 2845 ep.
1834 2781 1946 2843 192,
1967 2779 2033 2831 ad
2056 2777 2379 2840 Galatonem.,
2399 2792 2449 2842 p.
2484 2777 2713 2828 291-292.

363 2883 441 2937 To
472 2883 655 2953 ἐφοῦδ,
689 2882 818 2953 περὶ
846 2873 909 2935 οῦ
940 2879 1136 2947 μαθεῖν
1168 2880 1597 2954 περιεζήτησας,
1632 2883 1758 2956 τρία
1792 2902 1892 2955 ση-

295 2978 533 3047 μαίνειν,
566 2975 627 3041 ἐξ
654 2968 730 3029 ὧν
760 2975 1105 3046 ἀνέγνωμεν,
1133 2974 1401 3047 εὕρομενδ
1434 2976 1493 3029 ἓν
1525 2977 1647 3048 μὲν,
1678 2978 1782 3048 τὴν
1814 2979 1891 3030 ἱε-

299 3069 533 3142 ρατικὴν
566 3071 663 3124 καλ¹
698 3069 861 3138 ἁγίαν
894 3069 1109 3140 στολὴν,
1208 3070 1511 3140 κεχρῆσθαι
1543 3070 1766 3141 θεμιτὸν
1794 3070 1895 3123 οὐκ

2073 2881 2221 2937 Inter
2280 2882 2571 2952 legendum
2625 2881 3049 2936 observavimus
3103 2878 3305 2952 ephod,
3366 2879 3435 2935 de
3490 2893 3602 2950 qua

1997 2990 2134 3032 voce
2166 2975 2499 3043 interrogas,
2537 2973 2642 3029 tria
2680 2973 3034 3043 signiﬁcare:
3069 2972 3344 3044 imprimis
3378 2987 3603 3029 sacram

2002 3076 2057 3123 et
2083 3065 2458 3138 pontiﬁcalem
2515 3065 2739 3129 stolam,
2791 3079 2903 3135 qua
2957 3066 3035 3119 uti
3079 3065 3215 3119 nulli
3268 3065 3446 3129 licuit,
3493 3064 3605 3122 nisi

297 3160 395 3234 ἦν,
425 3163 542 3217 ἀλλ’
573 3162 606 3234 ἢ
635 3164 746 3225 τοῖς
779 3162 985 3232 ἱερεῦσι
1017 3163 1220 3233 μόνοις.
1277 3161 1561 3235 Ἐδηλοῦτο
1598 3162 1656 3216 δὲ
1683 3163 1750 3216 δι’
1788 3163 1891 3215 αύ-

2005 3158 2296 3215 sacerdoti.
2328 3158 2424 3212 llla
2460 3156 2879 3227 signiﬁcabatur
2913 3157 3057 3227 quod
3090 3157 3359 3228 agendum
3396 3166 3516 3212 erat
3546 3158 3604 3212 in

298 3256 405 3324 τῆς
442 3254 504 3309 τὸ
534 3254 828 3325 πρακτέον,
863 3256 946 3324 ἐφ’
981 3248 1059 3308 ὧν
1094 3255 1413 3327 ἀνθρωπίνη
1450 3254 1634 3326 κρίσις
1663 3254 1723 3307 τὸ
1754 3271 1896 3323 συμ-

299 3342 472 3415 φέρον
502 3343 629 3396 ίδεῖν
680 3342 981 3413 ἐξησθένει,
1011 3337 1123 3397 οἷον
1169 3344 1480 3415 ἐκεχειρίαν
1516 3344 1706 3398 θέσθαι
1741 3344 1902 3397 πολε-

305 3436 474 3505 μίοις,
511 3434 543 3504 ἢ
581 3434 659 3505 τῷ
684 3435 870 3505 δόρατι
901 3435 1000 3506 τὴν
1031 3435 1127 3489 τοῦ
1158 3436 1395 3506 πολέμου
1450 3435 1633 3506 κρίσιν
1675 3436 1899 3508 ἐπιτρέ-

298 3524 427 3594 ψαι,
457 3524 551 3578 καὶ
576 3524 631 3577 εί
653 3542 706 3579 τι
737 3525 865 3579 ἄλλο
892 3526 1299 3598 παραπλήσιον.
1342 3526 1505 3579 Ἀλλά
1537 3527 1756 3598 πρῶτον
1804 3527 1907 3597 μὲν

304 3615 712 3685 σημαινόμενον
740 3614 837 3668 τοῦ
874 3616 1039 3685 ἐφοὺδ
1066 3615 1247 3670 τοῦτο.
1294 3616 1525 3687 Ἕτερον
1566 3618 1624 3671 δὲ
1664 3617 1907 3689 σχήματί

306 3724 430 3769 πως
454 3706 534 3776 τῷ
562 3707 840 3778 εἰρημένῳ
870 3707 1186 3779 παρεοικὸς,
1211 3708 1389 3762 κοινὸν
1417 3709 1493 3772 δέ,
1524 3709 1616 3762 καὶ
1637 3710 1737 3780 οὐχ
1761 3711 1909 3780 ἱερα-

306 3798 498 3852 τικόν·
557 3798 587 3851 ὃ
635 3799 888 3866 φαίνεται
937 3800 1033 3852 καὶ
1082 3800 1247 3852 Δαϐὶδ
1288 3801 1723 3871 ἀμπισχόμενος.
1788 3801 1911 3854 Ἐπὶ

309 3892 423 3963 γὰρ
447 3890 633 3957 Δαὸὶδ,
672 3891 859 3961 φησὶν,
901 3892 1094 3960 Ἐφοὺδ
1126 3893 1307 3962 μόνον·
1335 3893 1509 3947 ὂὲνιοι
1541 3893 1765 3965 (βύσσου
1802 3895 1911 3965 γὰρ

309 3985 645 4055 ἐπεποίητο⁸
679 3984 845 4054 φυτὸν
879 3985 936 4038 δὲ
965 3987 997 4057 ἡ
1034 3984 1254 4057 βύσσος)
1313 3987 1507 4057 στολὴν
1541 3989 1606 4040 ἐκ
1648 3987 1749 4058 τῆς
1780 3986 1913 4059 ὔλης

309 4077 605 4146 ὠνόμασαν
651 4076 951 4147 βυσσίνην⁸
987 4078 1038 4130 οἱ
1087 4076 1144 4129 δὲ
1194 4077 1272 4148 τῷ
1301 4079 1489 4149 τρόπῳ
1535 4081 1634 4149 τῆς
1663 4079 1913 4149 χρήσεως

310 4170 416 4240 τὴν
457 4168 674 4237 γένεσιν
707 4170 947 4233 διδόντες
975 4168 1070 4223 τοῦ
1112 4170 1375 4242 ὀνόματος
1410 4170 1659 4242 ἐπωμίδα
1710 4188 1770 4224 τε
1819 4172 1915 4225 καὶ

312 4262 617 4332 ἐπένδυμα.
672 4263 831 4333 Παρά
880 4263 937 4316 δὲ
978 4262 1192 4330 ταῦτα,
1249 4263 1362 4316 ἔστι
1407 4264 1502 4318 καὶ
1545 4264 1730 4336 τρίτον
1786 4264 1914 4318 ἰδεῖν

315 4355 747 4426 σημαινόμενον.
780 4356 846 4409 Οἱ
875 4356 984 4427 γὰρ
1005 4355 1114 4410 τῶν
1135 4354 1369 4410 εἰδώλων
1393 4357 1747 4429 θεραπευταὶ,
1773 4357 1917 4412 κατά

316 4449 559 4519 μίμησιν
589 4447 697 4501 τῶν
732 4447 925 4519 ἱερέων
953 4448 1048 4501 τοῦ
1070 4447 1228 4515 Θεοῦ,
1253 4451 1366 4513 τοῖς
1389 4449 1540 4519 σφῶν
1565 4448 1771 4522 ἱερεῦσι
1798 4468 1917 4504 στου

2005 3253 2076 3308 iis
2100 3252 2290 3315 rebus,
2336 3265 2448 3320 quo
2479 3250 2771 3305 consilium
2810 3251 3110 3304 humanum
3146 3251 3458 3320 pertingere
3488 3266 3601 3305 non

2006 3352 2243 3418 poterat,
2277 3359 2494 3414 nempe,
2532 3359 2601 3398 an
2635 3359 2665 3397 a
2697 3342 2855 3398 bellis
2879 3342 3207 3398 cessandum
3232 3382 3248 3409 ,
3301 3358 3369 3396 an
3410 3344 3609 3414 praelia

2007 3450 2125 3494 erat
2149 3438 2650 3505 deccrtandum,et
2703 3436 2950 3490 similia?
3011 3434 3076 3491 Et
3112 3436 3229 3491 haec
3288 3437 3608 3508 principalis

2008 3529 2189 3602 ephod
2212 3528 2565 3599 signiﬁcatio.
2600 3525 2877 3593 Secunda,
2910 3528 3244 3597 przeeedenti
3270 3527 3385 3584 fere
3412 3530 3607 3585 eadem

2010 3630 2129 3679 erat
2157 3620 2335 3676 forma
2360 3620 2571 3690 ephod,
2598 3636 2735 3676 usus
2765 3620 3097 3686 communis,
3129 3632 3183 3674 et
3212 3637 3321 3676 non
3349 3622 3612 3677 sacerdo-

2015 3718 2139 3774 talis
2187 3735 2201 3773 :
2265 3732 2331 3773 eo
2386 3717 2624 3772 amictus
2700 3716 2919 3772 videtur
2974 3716 3177 3783 David;
3242 3717 3319 3773 ait
3386 3718 3538 3772 enim
3594 3736 3608 3773 :

2011 3809 2202 3880 Ephod
2250 3817 2372 3864 erat
2438 3824 2607 3879 super
2644 3809 2836 3874 David,
2875 3810 3023 3880 quod
3075 3825 3106 3864 c
3171 3810 3337 3880 bysso
3373 3810 3537 3865 ﬁebat
3567 3811 3613 3843 ⁷⁸

2015 3904 2158 3973 (erat
2210 3912 2393 3958 autem
2452 3902 2648 3973 hyssus
2707 3902 2949 3973 planta)‘;
3014 3901 3211 3956 stolam
3247 3917 3315 3957 ex
3370 3901 3462 3957 illa
3489 3917 3614 3957 ma-

2015 3995 2156 4050 teria
2209 3993 2516 4049 confectam
2559 3993 2840 4064 byssinam
2889 3993 3253 4048 nominabant
3313 4010 3328 4049 :
3395 4003 3451 4048 at
3509 3996 3605 4066 qui

2016 4086 2259 4141 nominis
2289 4085 2584 4156 originem,
2621 4100 2755 4141 usus
2786 4086 2953 4140 modo
2978 4094 3031 4140 et
3071 4085 3265 4140 formae
3301 4086 3613 4153 ascribunt,

2020 4187 2221 4234 vocant
2248 4176 2527 4249 epomida,
2560 4184 2615 4232 et
2639 4180 2972 4247 ependuma.
3026 4176 3123 4232 Est
3153 4187 3205 4231 et
3237 4179 3397 4232 tertia
3430 4179 3617 4234 adhuc

2018 4271 2167 4328 illius
2199 4271 2531 4343 signiﬁcatio
2572 4289 2585 4325 :
2650 4270 2926 4325 idolorum
2966 4270 3231 4336 cultores,
3266 4271 3321 4326 in
3348 4272 3614 4341 imitatio:

2020 4377 2144 4418 nem
2180 4362 2529 4418 sacerdorum
2568 4359 2687 4426 Dei,
2738 4360 3118 4416 sacerdotibus
3146 4359 3312 4413 etiam
3346 4359 3462 4415 suis
3501 4371 3618 4416 sto—

2019 4456 2103 4513 las
2161 4455 2674 4528 apprOpriaverunt,
2730 4464 3001 4510 texturam
3050 4470 3241 4510 earum
3299 4456 3353 4510 in
3386 4454 3617 4526 ﬁguram

313 4541 419 4604 λὰς
444 4540 838 4611 ἀφωρισμένας
876 4540 1119 4596 ἐτίθεντο
1150 4543 1229 4606 εἰς
1268 4542 1456 4613 σχῆμα
1499 4542 1594 4596 τοῦ
1633 4544 1819 4613 ἐφοὺδ,
1853 4543 1915 4598 τὺ

2022 4549 2201 4619 ephod
2241 4547 2679 4610 conformantes,
2727 4561 2843 4601 rem
2884 4562 3103 4618 quoque
3142 4548 3317 4617 ipsam
3349 4558 3619 4605 vocarunt

316 4632 555 4704 ὕφασμα
584 4634 1040 4705 περιγράφοντες,
1073 4635 1168 4687 καὶ
1189 4634 1287 4706 τὴν
1318 4635 1511 4706 κλῆσιν
1541 4636 1751 4690 ἐκεῖθεν
1783 4636 1914 4709 μεθ-

315 4725 595 4792 έλκοντες,
627 4726 793 4795 ἐφοὺδ
825 4728 917 4781 καὶ
938 4726 1071 4781 αὐτὸ
1105 4728 1535 4799 προσηγόρευον.
1585 4729 1915 4801 Ἐκέχρηντό

316 4837 381 4871 τε
428 4818 510 4890 τῷ
551 4821 856 4890 μιμήματι,
890 4820 959 4873 δι’
983 4820 1151 4877 αὑτοῦ
1179 4820 1249 4874 τὰ.
1280 4821 1565 4893 δαιμόνιαο
1611 4822 1705 4876 καὶ
1759 4822 1915 4876 αὐτοὶ

321 4912 712 4982 ἐπερωτῶντες
748 4914 829 4977 είς
861 4913 959 4985 τὴν
993 4913 1101 4968 τῶν
1133 4913 1423 4985 πρακτέων
1460 4913 1789 4984 κατάληψιν,
1826 4912 1927 4968 καὶ

323 5008 513 5062 καινὸν
567 5007 750 5061 οὐδέν·
787 5006 978 5079 ὥσπερ
1026 5006 1134 5078 γὰρ
1184 5007 1265 5073 τὸ,
1312 5006 1465 5072 Θεὸς,
1501 5007 1694 5078 ὄνομα,
1728 5007 1823 5061 καὶ
1859 5007 1920 5060 τὸ

325 5099 542 5170 ἀληθῶς
572 5098 647 5171 [c.
685 5098 788 5171 m.]
814 5099 944 5156 ὅντα
986 5101 1263 5172 σημαίνει,
1295 5101 1521 5171 ἐφέρετο
1552 5101 1609 5155 δὲ
1640 5101 1735 5155 καὶ
1777 5100 1920 5155 κατὰ

324 5190 436 5245 τῶν
465 5192 709 5261 ψευδωνύ
720 5211 835 5263 μων
863 5194 1158 5263 δαιμονίων
1183 5211 1197 5225 ’
1228 5192 1369 5246 οὔτω
1398 5194 1493 5247 καὶ
1528 5192 1590 5246 τὸ
1630 5193 1795 5262 ἐφοὺδ
1841 5195 1922 5257 εἰς

324 5282 562 5354 διάφορα
590 5284 880 5356 διαιρεῖται
917 5286 1315 5357 σημαινόμενα.
1349 5285 1423 5339 Οὐ
1445 5285 1525 5351 τὸ,
1554 5285 1709 5352 Θεὸς,
1738 5284 1796 5339 δέ
1827 5286 1921 5357 μό-

325 5389 419 5427 νον
454 5373 626 5444 ὄνομα
660 5376 796 5448 πρὸς
815 5375 1075 5431 τάναντία
1113 5375 1415 5447 μερίζεται,
1451 5374 1588 5430 ἀλλά
1616 5375 1798 5429 καὶτὸ
1825 5377 1920 5428 ’⁸ον

326 5467 426 5521 καὶ
458 5466 520 5519 τὸ
552 5468 854 5540 κάδδησιμ·
886 5468 1094 5521 τούτων
1122 5468 1231 5540 γὰρ
1261 5469 1543 5540 ἑκάτερον,
1575 5467 1668 5521 καὶ
1697 5467 1791 5520 τὸν
1820 5485 1918 5521 κυ-

2020 4639 2221 4709 ephod.
2272 4637 2433 4693 Hane
2470 4637 2833 4693 imitationem
2884 4637 3259 4693 adhibuerunt
3286 4638 3564 4696 daemones
3598 4658 3613 4696 :

2020 4731 2115 4800 qui
2149 4730 2288 4785 nihil
2310 4729 2436 4785 novi
2462 4729 2529 4785 ad
2554 4744 2671 4784 rem
2704 4728 3119 4800 intelligendam
3164 4730 3517 4787 attulerunt:
3556 4740 3619 4788 ut

2020 4839 2245 4890 nomen,
2268 4825 2434 4891 Deus,
2460 4837 2589 4878 vere
2617 4822 2974 4878 exsistentem
3008 4824 3301 4895 signiﬁcat,
3330 4833 3386 4879 at
3410 4826 3477 4880 de
3500 4825 3616 4881 dae-

2022 4916 2284 4972 monibus
2334 4915 2492 4971 falsis
2544 4913 2655 4970 diis
2709 4925 3055 4986 usurpatur,
3110 4918 3191 4972 sic
3242 4925 3298 4973 et
3339 4918 3517 4987 cphod
3561 4919 3615 4973 in

2031 5010 2185 5064 varia
2235 5008 2543 5080 signiﬁcata
2606 5008 2976 5064 distribuitur.
3024 5008 3212 5079 Neque
3236 5009 3613 5078 nomenillud,

2025 5096 2188 5162 Deus,
2224 5106 2441 5152 tantum
2481 5097 2535 5151 in
2587 5098 2955 5169 discrepantia
3006 5098 3291 5164 dividitur,
3337 5101 3432 5154 sed
3465 5098 3528 5153 δν
3561 5108 3619 5155 et

2025 5190 2301 5261 κάδδησιμ
2354 5198 2587 5260 utraque
2640 5206 2767 5255 vox,
2826 5201 2880 5246 et
2909 5191 3131 5261 praprie
3162 5206 3283 5258 ens,
3308 5202 3366 5246 et
3397 5191 3618 5262 proprie

2026 5294 2279 5339 sanctum
2340 5283 2616 5353 signiﬁcat
2650 5301 2662 5337 :
2718 5292 2774 5338 et
2818 5298 2929 5338 non
2958 5282 3120 5337 aliter
3153 5298 3320 5353 quam
3350 5283 3552 5354 ephod,
3583 5300 3617 5339 a
3646 5316 3649 5319 ν

2034 5376 2401 5432 servientibus
2426 5376 2715 5431 daemoniis
2760 5376 2828 5431 ad
2878 5378 3145 5432 honorem
3173 5390 3364 5431 eorum
3397 5377 3488 5446 qui
3522 5392 3618 5432 co-

2032 5468 2222 5523 luntur
2252 5468 2512 5522 trahitur.
2547 5466 2630 5522 Tu
2661 5476 2845 5522 autem
2884 5483 3116 5539 corpore
3153 5479 3206 5524 et
3231 5469 3413 5523 anima
3475 5471 3614 5523 vale.

326 5565 462 5635 ρίως
492 5565 622 5620 ὄντα
642 5606 657 5631 ,
720 5568 812 5620 καὶ
874 5566 1085 5637 κυρίως
1113 5566 1288 5636 ἅγιον,
1342 5566 1493 5636 δηλοῖ
1512 5584 1525 5597 ο
1554 5566 1651 5620 καὶ
1677 5566 1789 5629 τοῖς
1828 5564 2150 5633 λατρευταῖς
2184 5564 2292 5617 τῶν
2336 5564 2633 5635 δαιμόνων,
2666 5565 2763 5617 ἐπὶ
2791 5568 2925 5637 τιμῇ
2950 5567 3061 5618 τῶν
3084 5564 3299 5620 οἰκείων
3332 5563 3623 5636 σεῦιισμά-

322 5670 462 5722 των,
492 5653 615 5707 καθ’
636 5655 695 5707 ὃν
722 5654 786 5726 δὴ
845 5656 1047 5725 τρόπον
1113 5655 1210 5710 καὶ
1270 5656 1333 5709 τὸ
1371 5655 1556 5726 ἐφοὺδ,
1621 5657 2038 5727 μετενήνεκται.
2075 5655 2148 5709 Σὺ
2174 5654 2234 5709 δέ
2266 5671 2358 5726 μοι
2385 5654 2533 5727 ψυχῇ
2560 5657 2652 5711 καὶ
2680 5656 2893 5728 σώματι
2917 5656 3145 5729 ἔρρωσο.

406 5862 450 5896 ⁷⁸
474 5861 514 5918 ll
536 5861 716 5919 Paral.
752 5882 840 5932 xv,
874 5866 944 5920 Ἦ
