4158 6458
663 444 731 511 35
1783 424 2047 495 ΡΗΟΤΪΙ
2076 422 2582 492 ΡΑΤΒΙΑΒΟΗᾹΞ
2622 430 2729 491 CP.

663 552 996 625 QUESTIO
1026 550 1138 609 CIII
1191 549 1380 623 [CoisL
1412 546 1665 605 CCLXVI
1697 547 1862 603 Taur.
1896 546 2169 618 CCLVII].
2236 552 2283 608 Α

628 651 904 718 Quomodo
950 662 1053 699 non
1099 652 1177 699 est
1233 644 1561 718 contrarium
1607 640 1783 718 illud:
1812 658 1830 690 ι
1856 640 2080 718 Oculum
2111 656 2205 718 pro

697 720 847 774 oculo
878 726 929 771 et
958 718 1165 771 dentem
1209 730 1303 782 pro
1354 716 1525 777 dente,
1559 731 1578 764 ι
1610 712 1690 765 illi
1718 712 1988 765 sententia!
2022 726 2040 764 :
2084 731 2101 760 ‹

697 792 815 860 quis
846 799 894 842 te
923 780 1243 860 percusserit
1272 785 1325 836 iu
1358 799 1517 837 uuam
1542 783 1847 847 maxillam,
1878 784 2086 851 porrige
2122 780 2204 833 illi

697 855 746 914 et
785 864 1012 914 alterunt
1055 855 1191 927 (20).
1239 872 1258 907 ι

3773 435 3866 500 636

2858 541 3193 596 ΕΡΩΤΗΣΙΣ
3225 542 3338 597 ΡΓ¹.

2315 635 2447 702 Πῶς
2492 637 2604 689 οὐκ
2664 634 2837 687 ἔστιν
2884 634 3165 687 ἐναντίον
3204 633 3273 685 τὸ
3328 653 3346 686 ι
3376 633 3706 703 Ὀφθαλμὸν
3754 636 3872 693 ἀντὶ

2386 705 2699 776 ὀφθαλμοῦ
2756 704 2855 757 καί
2912 704 3136 776 ὀδόντα
3186 703 3318 776 ἀντὶ
3374 703 3640 776 ὀδόντος,
3688 723 3707 757 ι
3742 712 3876 775 πρὸς

2385 773 2472 841 τὸ,
2495 797 2512 827 ι
2527 778 2728 841 Ὅστις
2758 791 2835 829 σε
2844 776 3094 843 ραπίσει
3115 774 3214 827 ἐπὶ
3242 773 3358 843 τὴν
3380 774 3586 840 δεξιὰν
3605 773 3862 844 σιατόιεα,

2386 847 2658 916 στρέψον
2695 845 2793 899 καί
2822 848 2937 913 τὴν
2966 845 3188 911 ἄλλην.
3238 864 3255 897 ι

1301 966 1443 1017 Edita
1466 980 1494 1015 a
1519 961 1836 1024 lllontacutio,
1863 976 1942 1025 ep.
1972 962 2082 1022 196,
2109 961 2172 1011 ad
2198 963 2219 1014 ι

2321 964 2465 1020 tant,
2493 971 2543 1020 p.
2567 956 2677 1006 29L
2705 954 2760 1005 In
2786 956 2957 1005 Matth.
2986 968 3030 1015 ν,
3053 957 3131 1015 58,
3153 955 3231 1005 59.

696 1080 809 1135 Lex
865 1077 957 1133 illa
1001 1090 1107 1146 qua
1144 1074 1487 1147 prmcipitur,
1526 1092 1545 1124 ι
1586 1072 1793 1127 Oculus
1817 1088 1915 1141 pro
1942 1072 2126 1139 oculo,
2160 1081 2213 1126 et

625 1171 763 1226 dens
803 1184 901 1239 pro
934 1168 1095 1222 dente
1134 1184 1181 1233 ι,
1215 1181 1326 1220 non
1364 1166 1698 1229 adversatur,
1729 1172 1788 1218 ut
1813 1164 2052 1234 imperiti
2087 1164 2210 1233 qui-

624 1262 752 1317 dam
784 1259 1145 1322 arbitrantur,
1175 1258 1270 1322 illi,
1307 1275 1325 1308 ι
1371 1256 1427 1310 Si
1461 1256 1587 1326 quis
1634 1262 1684 1309 te
1714 1256 1768 1309 in
1801 1270 1966 1310 unam
2004 1256 2206 1309 malam

627 1355 982 1425 percusserit,
1016 1354 1238 1408 obverte
1292 1350 1368 1404 illi
1411 1359 1465 1404 et
1503 1349 1784 1412 alteram,»
1822 1357 1877 1403 et
1920 1362 2042 1419 quae
2082 1357 2211 1403 sunt

627 1446 749 1517 ejus
788 1447 1025 1517 generis.
1066 1444 1192 1500 Ilaec
1221 1445 1367 1500 cnim
1405 1442 1646 1511 judicetn
1682 1449 1828 1496 recte
1852 1440 2120 1510 disponit,
2156 1451 2211 1496 et

628 1538 744 1607 lege
774 1540 881 1594 lata
913 1539 1166 1603 intendit,
1197 1545 1256 1592 ut
1286 1535 1613 1607 impartialis
1644 1534 1715 1590 sit
1743 1548 1871 1604 erga
1912 1533 2208 1604 litigantes,

2394 1069 2509 1121 Οὐκ
2538 1066 2687 1120 ἔστιν
2711 1066 2975 1129 ἐναντίον,
3008 1065 3083 1127 ὡς
3118 1064 3265 1131 ἔδοξέ
3296 1083 3407 1119 τισι
3437 1066 3545 1121 τῶν
3583 1067 3656 1138 μὴ
3690 1086 3878 1141 σωφρο-

2317 1159 2575 1222 νούντων,
2613 1160 2669 1229 ἡ,
2712 1178 2729 1210 ι
2779 1157 3091 1228 Ὀφθαλμὸν
3127 1158 3248 1210 ἀντὶ
3276 1157 3580 1228 ὀφθαλμοῦ,
3605 1162 3696 1213 καὶ
3716 1163 3877 1217 ὀδόντα

2316 1255 2436 1308 ἀντὶ
2452 1254 2688 1318 ὀδόντος,
2714 1271 2732 1304 ι
2769 1251 3096 1322 ζημιοῦσθαι
3137 1254 3558 1323 προστάσσουσα
3594 1255 3875 1324 νομοθεσία,

2318 1347 2455 1414 πρὸς
2487 1346 2586 1415 τὴν
2611 1343 2838 1415 γνώμην
2857 1360 2869 1372 ·
2899 1344 3123 1407 (Ὅστις
3151 1360 3210 1395 σε
3236 1343 3458 1414 ραπίσει
3491 1344 3583 1396 ἐπὶ
3600 1344 3697 1415 τὴν
3724 1346 3876 1410 δεξιὰν

2320 1432 2564 1499 σιαγόνα,
2614 1432 2847 1501 στρέψον
2903 1430 3054 1501 αὐτῷ
3093 1431 3184 1483 καῖ
3220 1431 3320 1498 τὴν
3360 1432 3550 1502 ἄλλην,
3592 1452 3609 1482 ι
3647 1435 3734 1487 καὶ⁵
3778 1436 3875 1489 ὅσαι

2316 1523 2491 1594 ταύτῃ
2545 1522 2947 1593 παραπλήσιοι.
2970 1521 3033 1574 'H
3072 1520 3173 1592 μὲν
3204 1523 3312 1594 γὰρ
3353 1523 3443 1575 τὸν
3483 1525 3676 1593 κριτὴν
3706 1526 3876 1596 ῥυθμί-

627 1639 681 1685 et
712 1631 969 1702 injuriam
1019 1646 1182 1701 passo
1224 1640 1283 1685 ut
1329 1629 1585 1695 satisﬁat,
1637 1626 1730 1696 qui
1782 1640 2001 1694 poenam
2037 1627 2213 1696 poscit

2321 1614 2423 1681 ζει,
2476 1616 2571 1668 καὶ
2606 1614 2744 1681 πρὸς
2800 1615 2964 1668 αὑτὸν
3012 1617 3384 1679 ἀποτείνεται,
3415 1615 3714 1669 ἀδέκαστον
3741 1619 3875 1672 αὑτὸν

628 1723 979 1793 inﬂigendam
1038 1722 1295 1778 atlicicnti
1343 1722 1570 1792 injuria.
1609 1720 1794 1773 Altera
1826 1733 1928 1773 nec
1962 1717 2207 1787 judicent

625 1816 869 1887 respicit,
901 1831 1078 1886 neque
1121 1816 1208 1870 lex
1230 1823 1348 1881 est;
1382 1815 1456 1869 ita
1484 1813 1631 1868 enim
1665 1814 2080 1879 contrairetur;
2114 1811 2211 1867 scd

626 1906 883 1976 injuriam
904 1907 997 1976 qui
1020 1905 1245 1975 patitur,
1278 1906 1346 1960 ad
1376 1904 1697 1960 comitatem
1729 1906 1944 1971 incitat,
1969 1914 2023 1959 et
2054 1919 2211 1959 com-

625 1999 941 2067 passionem
991 1997 1302 2053 informat:
1350 1997 1516 2068 idque
1568 1999 1702 2068 agit,
1756 2007 1815 2053 ut
1868 1998 2213 2052 iracundiam

625 2100 849 2159 superet
894 2098 949 2145 et
990 2089 1257 2158 furorem,
1322 2090 1617 2146 consilium
1670 2090 2111 2161 philosophicum
2162 2096 2215 2143 et

626 2184 1048 2238 aceommodum
1103 2182 1394 2238 adhibens.
1456 2182 1594 2236 Nam
1644 2182 1726 2237 vel
1767 2197 1877 2236 non
1928 2187 2217 2251 recuperat

626 2275 773 2344 quod
821 2275 1066 2330 ablatum
1112 2283 1197 2330 est
1247 2275 1317 2331 ab
1365 2290 1477 2330 eo:
1525 2283 1623 2329 aut
1653 2276 1697 2329 si
1732 2282 2042 2345 recuperet,
2070 2272 2215 2327 haud

625 2367 927 2437 possidebit
977 2369 1099 2438 plus
1155 2382 1319 2438 quam
1371 2368 1439 2421 ab
1490 2367 1646 2422 initio
1678 2367 1932 2422 habebat.
1989 2365 2095 2421 Sed
2123 2365 2217 2436 qui

624 2474 724 2531 per
754 2460 1097 2515 tolerantiam
1124 2498 1141 2526 ,
1213 2462 1523 2515 comitatem
1558 2500 1572 2526 ,
1634 2469 1689 2514 et
1735 2459 2173 2529 compassionem
2200 2498 2216 2523 ,

624 2551 912 2607 inimicum
958 2562 1204 2623 superat,
1251 2562 1375 2623 post
1430 2551 1742 2614 victoriam,
1799 2558 2216 2607 monumentum

626 2646 729 2701 sibi
799 2646 1031 2701 suscitat
1074 2646 1385 2701 immortale
1427 2645 1646 2700 virtutis
1678 2660 1828 2707 suat,
1882 2652 1937 2699 et
1968 2642 2219 2698 .ludicem

627 2737 997 2791 universalem
1057 2736 1359 2806 propitium
1415 2735 1519 2790 sibi
1581 2743 1637 2789 et
1696 2733 1968 2804 placatum
2018 2732 2219 2799 reddit,

629 2826 855 2896 dignum
881 2842 940 2881 se
965 2842 1280 2895 praeparans
1298 2826 1389 2897 qui
1412 2826 1650 2897 patiatur
1676 2826 1790 2891 illa,
1818 2840 1941 2896 quae
1961 2825 2013 2879 in
2042 2823 2225 2894 proxi«

628 2930 779 2968 mum
832 2915 1167 2969 intendebat.

2315 1709 2427 1769 τοῖς
2461 1706 2803 1778 κρινομένοις
2832 1706 3102 1777 παρέχειν
3130 1706 3501 1776 νομοθετοῦσα
3522 1745 3537 1770 ,
3563 1709 3751 1777 καὶτῷ
3780 1711 3875 1764 ἀδι-

2313 1798 2566 1868 κουμένῳ
2618 1800 2904 1868 τιμωρεῖν,
2938 1798 3037 1869 τὴν
3072 1799 3196 1868 ῐσην
3221 1799 3565 1853 ἀπαιτοῦντα
3588 1802 3774 1872 ποινὴν
3800 1802 3873 1855 τὸν

2314 1891 2634 1961 ἠδικηκότα.
2680 1891 2742 1943 Ἦ
2775 1890 2853 1956 δὲ,
2889 1890 2949 1944 οὺ
2998 1890 3098 1961 μὲν
3144 1886 3238 1945 οῦν
3283 1892 3386 1945 οὐκ
3431 1891 3583 1945 ἔστιν
3632 1893 3759 1964 πρὸς
3804 1894 3875 1947 τὸν

2317 1985 2533 2054 κριτὴν,
2570 1982 2693 2036 οὐδὲ
2743 1982 2927 2053 νόμος,
2965 1984 3087 2035 οὐδὲ
3145 1983 3342 2037 πολλοῦ
3394 2001 3458 2053 γε
3506 1985 3606 2037 καὶ
3631 1985 3878 2040 δεῖ·οῦτω

2316 2075 2427 2146 γὰρ
2449 2074 2514 2128 ἂν
2542 2070 2610 2146 ἦν
2636 2075 2881 2129 ἐναντίον
2900 2091 2915 2105 ’
2950 2075 3085 2129 ἀλλά
3128 2076 3220 2130 τὸν
3271 2076 3603 2148 ἀδικηθέντα
3655 2082 3880 2146 παραινεῖ

2319 2167 2399 2229 εἰς
2418 2165 2726 2220 ἐπιείκειαν
2747 2166 2841 2219 καὶ
2868 2166 3213 2235 συμπάθειαν
3235 2166 3537 2235 ὲπαλείφου
3549 2184 3614 2219 σα
3636 2169 3721 2220 καὶ
3736 2169 3878 2237 κρείτ-

2318 2279 2449 2315 τονα
2480 2258 2981 2331 παρασκευάζουσα
3022 2259 3194 2328 ὀργῆς
3252 2260 3348 2312 καὶ
3392 2240 3877 2328 θυμοῦφιλοσόςςως

2320 2356 2443 2409 λίαν
2475 2356 2569 2408 καὶ
2597 2352 2888 2424 ὠφελίμως
2920 2351 3288 2422 είσηγουμένη
3327 2351 3427 2422 τὴν
3475 2352 3791 2423 συμϐουλήν.
3820 2353 3877 2405 Τὸ

2325 2448 2424 2518 μὲν
2461 2447 2569 2516 γάρ
2600 2445 2866 2517 στερηθὲν
2893 2444 2925 2515 ἢ
2953 2445 3053 2497 οὐκ
3092 2442 3240 2496 ἔστιν
3279 2442 3578 2497 ἀναλαϐεῖν
3598 2485 3614 2509 ,
3646 2444 3677 2515 ἦ
3710 2443 3876 2497 ἀναλα-

2323 2540 2489 2593 ϐόντα
2519 2539 2670 2593 οὐδὲν
2701 2538 2860 2592 πλέον
2888 2538 3038 2589 ἐστὶν
3066 2536 3160 2589 τοῦ
3194 2536 3433 2607 ὲξαρχῆς
3463 2535 3800 2607 προσλαϐεῖν.
3831 2536 3876 2589 '0

2322 2633 2379 2686 δὲ
2402 2632 2471 2685 δι’
2507 2630 2809 2695 ἐπιεικείας
2836 2631 2935 2684 καὶ
2985 2628 3310 2699 συμπαθοῦς
3361 2626 3596 2698 γνώμης
3627 2628 3878 2699 περιγεγό-

2323 2724 2433 2789 νὼς
2458 2724 2552 2779 τοῦ
2584 2721 2806 2794 ἐχθροῦ,
2846 2722 2985 2793 μετά
3015 2720 3110 2774 τοῦ
3145 2721 3367 2791 νικῆσαι
3391 2720 3665 2792 λαμπρῶς
3686 2722 3771 2776 καὶ
3786 2721 3879 2773 ἀεί-

2329 2833 2574 2890 μνηστον
2611 2817 2708 2885 τῆς
2740 2814 2941 2884 ἀρετῆς
2978 2813 3185 2884 ἐγείρει
3221 2816 3511 2884 μνημεῖον,
3550 2815 3642 2867 καὶ
3672 2813 3755 2866 τὸν
3784 2830 3877 2866 κοι-

2327 2912 2415 2965 νὸν
2438 2909 2632 2980 κριτὴν
2659 2908 2907 2961 εὐῖλατον
2930 2906 3110 2975 ἑαυτῷ
3132 2906 3228 2959 καὶ
3252 2907 3455 2977 εὐμενῆ
3471 2905 3873 2979 παρασκευάζει,

630 3006 815 3058 ἐκεῖνα
844 3005 1038 3059 παθεῖν
1066 3005 1260 3059 ἑαυτὸν
1276 3006 1425 3071 ἀξιον
1446 3005 1797 3077 εὐτρεπίσας,
1824 3005 1859 3060 ἂ
1887 3003 2213 3079 προσλαϐὼν
2249 3003 2415 3065 αὐτὸς
2444 3001 2522 3072 τῷ
2548 2999 2780 3071 πλησίον
2815 2999 3150 3065 ἐπεδείξατο.

631 3097 965 3166 ΩυιΈδΤΙΟ
993 3097 1105 3153 CIV
1140 3099 1327 3171 [CoisL
1369 3099 1667 3159 CCLXVII,
1705 3099 1868 3153 Tanr.
1901 3099 2209 3171 CCLVIII].

2887 3094 3227 3147 ΕΡΩΤΗΣΙΣ
3253 3095 3373 3150 ΡΔ’.

631 3213 774 3265 Edita
815 3230 842 3263 a
879 3214 1212 3275 Montacutio,
1247 3227 1329 3277 ep.
1373 3216 1493 3277 205,
1529 3215 1594 3265 ad
1622 3215 1870 3267 Tlteodor.
1908 3216 2131 3327 Itegum}
2163 3232 2215 3279 p.

2130 3294 2219 3328 UIIC

2321 3213 2518 3338 ῗέιῗοι.
2562 3214 2637 3263 De
2679 3212 2836 3263 Abcle
2864 3213 2999 3273 justo
3040 3220 3155 3263 ante
3181 3221 3495 3276 peccatorem
3542 3215 3770 3264 Adamum
3796 3215 3875 3266 vita

2130 3285 2279 3328 uncto
2317 3284 2438 3339 (2|).

714 3382 989 3439 Secretior
1010 3385 1193 3441 omnis
1233 3394 1288 3439 et
1325 3384 1649 3455 profundior
1670 3402 1848 3442 causae
1877 3387 2042 3451 ratio,
2071 3388 2217 3458 apud
2247 3391 2293 3451 C

630 3477 803 3533 Deum
846 3488 1143 3549 seponatur
1173 3494 1186 3531 :
1215 3478 1308 3533 sed
1346 3478 1400 3531 in
1437 3488 1707 3548 quantum
1760 3479 2005 3534 humano
2036 3479 2221 3549 captui

632 3571 1206 3640 comprehendendam
1236 3570 1366 3624 dare
1398 3572 1589 3635 voluit,
1618 3570 1763 3624 illam
1786 3586 1886 3641 ego
1907 3571 2219 3639 attulerint;

631 3665 779 3735 quod
806 3664 1009 3718 idcirco
1031 3663 1253 3718 Abelem
1275 3663 1451 3718 virum
1481 3663 1714 3734 justum,
1735 3664 1944 3719 Adamn
1960 3666 2220 3735 priorem,

634 3772 761 3811 cum
817 3764 997 3809 tamen
1031 3758 1287 3824 princeps
1320 3754 1366 3809 is
1401 3763 1743 3825 peccaverat,
1802 3766 1857 3810 et
1888 3757 2223 3811 sententiam

633 3850 756 3903 ideo
788 3848 983 3901 mortis
1008 3854 1317 3915 acceperat,
1339 3848 1497 3901 tnorti
1526 3848 1789 3903 traditum
1815 3850 2012 3917 voluit,
2044 3860 2104 3904 ut
2127 3851 2222 3921 qui

633 3944 810 3999 reatui
843 3943 1184 4013 suhjacebat,
1240 3958 1338 4012 per
1360 3951 1416 3996 et
1453 3934 1647 3999 in‘lilio
1675 3960 1775 4001 suo
1801 3944 2079 4016 inculpata
2107 3962 2225 4001 ma-

631 4037 810 4107 jorem
862 4036 1139 4090 tristitiam
1195 4036 1508 4105 conciperet
1562 4036 1784 4101 animo,
1847 4046 1902 4092 et
1954 4038 2221 4108 majorem

636 4137 969 4183 monstraret
1016 4128 1438 4197 paenitentiam;
1487 4128 1561 4181 ita
1609 4136 1670 4181 ut
1711 4144 1836 4183 cum
1867 4128 2119 4194 minimo,
2163 4128 2219 4182 in

634 4230 900 4291 quantum
954 4218 1067 4273 ﬁeri
1103 4219 1305 4289 potuit,
1362 4219 1823 4288 transgressionis
1874 4220 2059 4274 debito
2094 4220 2221 4275 hinc

635 4315 899 4370 transiret
938 4331 950 4366 :
1003 4312 1201 4367 deinde
1236 4320 1295 4366 ut
1322 4320 1545 4381 puteum
1584 4313 1733 4367 illum
1763 4314 1961 4368 mortis
1987 4312 2221 4383 profun-

634 4406 786 4471 dutn,
819 4420 914 4476 per
939 4405 1073 4475 justi
1103 4405 1342 4459 hominis
1367 4419 1433 4459 eo
1484 4405 1768 4460 introitum
1798 4406 1998 4475 injuria
2039 4406 2218 4460 allecti

638 4506 919 4567 receptum
972 4495 1225 4551 redderet
1276 4496 1557 4566 putridum
1603 4508 1658 4552 et
1690 4499 1929 4552 inanem.
1990 4497 2144 4564 Quod
2172 4498 2219 4553 si

636 4606 761 4644 eum
818 4588 909 4655 qui
963 4600 1185 4658 peccato
1232 4604 1360 4643 reus
1419 4588 1524 4643 fuit
1558 4590 1860 4659 principem
1894 4590 2213 4659 recepisset,

634 4682 851 4735 firmum
894 4679 1221 4750 subjecissct
1258 4681 1307 4735 ei
1356 4680 1765 4737 ﬁrmamentum
1800 4698 1812 4733 :
1863 4683 1956 4737 sed
1988 4684 2217 4753 abrepto

2414 3384 2474 3437 Ὀ
2516 3382 2616 3453 μὲν
2659 3382 3101 3455 ἁπορρητότερος
3130 3382 3224 3436 καὶ
3255 3382 3557 3453 βαθύτερος
3590 3386 3686 3456 τῆς
3733 3385 3882 3446 αἰτίας

2325 3477 2484 3545 λόγος
2511 3474 2748 3531 ἀνείσθω
2797 3475 2917 3546 Θεῷ
2943 3492 2956 3506 ·
2991 3476 3050 3542 ἐξ
3086 3469 3161 3529 ὧν
3208 3492 3271 3544 γε
3316 3476 3560 3541 διανοίας
3613 3478 3881 3549 ἀνθρώπων

2328 3572 2497 3625 ἔδωκε
2524 3571 2777 3639 γενέσθαι
2803 3570 3006 3643 ληπτὰ,
3030 3572 3233 3642 φαμὲν,
3251 3571 3324 3632 ὡς
3341 3572 3429 3625 διὰ
3450 3571 3611 3625 τοῦτο
3633 3571 3721 3623 τὸν
3746 3571 3884 3623 Ἀεελ

2325 3665 2535 3719 δίκαιον
2585 3666 2733 3732 ὄντα,
2783 3669 2890 3738 πρὸ
2944 3668 3038 3722 τοῦ
3088 3668 3541 3741 ἐξημαρτηκότος
3586 3670 3779 3740 Ἀδὰμ,
3808 3672 3885 3722 καὶ

2324 3758 2426 3829 τὴν
2484 3758 2763 3828 ἀπόφασιν
2813 3758 3111 3830 δεξαμένου
3130 3802 3144 3825 ,
3177 3760 3564 3833 συνεχώρησεν
3588 3763 3665 3825 είς
3688 3762 3885 3814 θάνατον

2325 3849 2502 3902 ἐλθεῖν
2529 3867 2545 3883 ·
2578 3850 2666 3903 ἵνα
2698 3850 2887 3920 μαθὼν
2909 3853 2935 3904 6
2964 3851 3220 3914 ὑπόδικος
3250 3855 3307 3904 ἐν
3355 3853 3431 3923 τῷ
3462 3854 3733 3924 ἀνευθύνῳ
3760 3854 3885 3905 παιδὶ

2324 3941 2643 4011 τδμροϐερὸν
2673 3940 2768 3995 τοῦ
2812 3943 3090 4013 ἐπιτιμίου
3133 3944 3228 3997 καὶ
3262 3943 3526 4013 ἄφυκτον,
3568 3945 3725 3998 πλέον
3767 3942 3886 3997 τετὸ

2325 4029 2490 4098 ἄλγος
2545 4029 2876 4101 είσδέξηται,
2910 4033 3004 4083 καὶ
3054 4035 3153 4102 τὴν
3195 4034 3485 4103 μετάνοιαν
3543 4033 3882 4103 ἐπιδείξηται·

2326 4121 2581 4173 κάκεῖθεν
2616 4122 2837 4174 ἔλαττον
2886 4120 3100 4193 ἀπέλθῃ
3153 4124 3254 4193 τῆς
3305 4124 3675 4195 παραϐάσεως
3734 4140 3884 4195 χρεω-

2326 4214 2469 4266 στῶν
2503 4230 2518 4247 ο
2583 4214 2665 4267 ἔτι
2713 4214 2791 4280 δὲ,
2818 4216 2910 4267 καὶ
2962 4215 3049 4269 ἵνα
3081 4215 3173 4268 τοῦ
3207 4214 3443 4271 θανάτου
3485 4218 3549 4271 τὸ
3580 4218 3791 4289 βάθρον,
3814 4216 3887 4267 τὸν

2324 4306 2658 4376 ἠδικημένον
2687 4307 2902 4377 πρῶτον
2937 4307 3235 4377 δεξάμενον
3266 4310 3466 4379 σαθρὸν
3490 4313 3753 4382 καταστῇ.
3779 4310 3888 4360 ’Ὡσ-

2326 4417 2432 4471 περ
2465 4401 2570 4470 γὰρ
2599 4403 2646 4453 εί
2676 4400 2768 4453 τὸν
2802 4402 3110 4454 ὑπεύθυνον
3154 4402 3371 4470 πρῶτον
3412 4403 3661 4467 ἐδέξατο,
3692 4404 3887 4472 στερρὸν

2326 4493 2393 4545 ἂν
2431 4490 2684 4561 θεμέλιον
2730 4491 3070 4545 ὑπεϐάλετο’
3102 4491 3248 4545 οὕτω
3297 4494 3389 4546 τὸν
3420 4494 3628 4547 δίκαιον
3666 4493 3887 4565 ἀρπασά·

2330 4604 2511 4658 μενος,
2575 4585 2784 4656 σαθρὰν
2849 4586 3042 4639 ἑαυτὸν
3119 4584 3279 4637 ἔλαθε
3335 4587 3430 4638 καὶ
3486 4587 3887 4657 εὐπερίτρεπτον

2324 4678 2424 4747 τὴν
2455 4678 2666 4730 οἰκείαν
2700 4677 2942 4747 κρηπῖδα
2970 4676 3287 4747 πηξάμενος
3316 4677 3367 4730 ιι.
3400 4677 3471 4729 Σὺ
3508 4676 3567 4730 δέ
3588 4694 3677 4747 μοι
3704 4678 3886 4736 σκεῐπει,

634 4773 765 4828 illuc
783 4773 903 4826 viro
927 4771 1105 4841 justo,
1128 4774 1407 4842 putridum
1442 4773 1619 4827 solum
1646 4787 1745 4826 nec
1769 4771 2056 4828 dilliculter
2087 4776 2218 4830 sub-

2332 4768 2424 4821 καὶ
2454 4768 2507 4820 εἴ
2535 4785 2652 4832 πως
2686 4769 2701 4808 ί
2737 4770 2765 4821 ό
2785 4769 2883 4838 τῆς
2913 4767 3264 4832 ἀναστάσεως
3304 4767 3392 4820 διὰ
3416 4767 3612 4820 τούτου
3648 4782 3891 4835 προκατα-

633 4866 925 4929 ruendum,
948 4868 1198 4921 nesciens
1224 4875 1405 4921 tamen
1433 4864 1686 4921 confecit.
1739 4863 1819 4919 Tu
1840 4875 2020 4920 autem
2054 4882 2219 4937 porro

632 4960 689 5014 in
720 4970 954 5015 utentem
979 4960 1183 5015 advoca
1210 4959 1521 5031 cogitando,
1556 4975 1623 5012 an
1653 4974 1762 5013 non
1795 4968 1970 5015 status
1994 4969 2049 5015 et
2076 4961 2217 5015 ratio

634 5050 1102 5113 resurrectionis,
1162 5059 1273 5103 tam
1327 5048 1489 5115 longo
1542 5046 1884 5116 prazcedente
1929 5047 2217 5100 intervallo

630 5150 1016 5212 praestruatur,
1059 5150 1113 5195 et
1148 5155 1245 5209 per
1275 5138 1595 5210 mysterium
1627 5137 2124 5207 prmsignilicetur?
2158 5138 2215 5193 Si

631 5236 775 5289 enim
805 5236 983 5290 bonus
1028 5248 1093 5287 ac
1123 5233 1308 5302 justus
1360 5231 1504 5286 Deus
1551 5230 1736 5296 fuerit,
1788 5240 1883 5286 aut
1929 5232 2216 5300 utriusque

632 5327 818 5397 potius
868 5326 994 5381 fons
1051 5334 1104 5380 et
1152 5326 1353 5395 origo,
1413 5323 1558 5377 haud
1614 5324 2043 5377 immuneratum
2088 5323 2217 5377 hinc

638 5420 790 5476 abire
822 5410 996 5475 virum
1046 5419 1256 5490 justum
1307 5432 1375 5473 ne
1425 5417 1492 5472 ad
1545 5416 1754 5471 horulaa
1783 5415 1946 5471 unius
1976 5416 2213 5484 spatium

2331 4859 2588 4913 ϐάλλεται
2653 4859 2752 4913 καὶ
2796 4863 3240 4929 μυσταγωγεῖται
3272 4859 3453 4927 λόγος.
3493 4860 3557 4912 Εἰ
3582 4860 3690 4929 γὰρ
3710 4856 3888 4926 ἀγαθίς

2327 4954 2421 5006 καὶ
2449 4953 2659 5016 δίκαιος
2678 4952 2706 5003 6
2731 4952 2886 5017 Θεὸς,
2916 4950 3118 5022 μᾶλλον
3143 4951 3208 5005 δι’
3233 4952 3577 5022 ἀγαθότητος
3603 4952 3888 5006 καὶδικαις-

2330 5046 2498 5117 σύνης
2536 5046 2711 5116 πηγὴ,
2771 5046 2871 5099 οὐκ
2917 5046 2984 5098 ἂν
3027 5045 3337 5115 ἀγέραστον
3385 5045 3644 5099 ἀπελθεῖν
3691 5046 3777 5099 καὶ
3804 5042 3889 5113 πρὸ

2329 5141 2482 5213 ὥρας
2536 5140 2629 5193 τὸν
2667 5140 2877 5194 δίκαιον
2926 5129 3116 5192 ἐἴασεν
3150 5140 3342 5195 Ἀϐελ.
3380 5141 3491 5194 Καὶ
3532 5142 3584 5194 τί
3621 5141 3759 5213 λέγω
3780 5136 3887 5203 ἀγὲο

2334 5251 2566 5305 ραστον;
2599 5235 2712 5287 ἀλλ’
2743 5235 2842 5287 οὐκ
2872 5233 2938 5287 ἂν
2966 5234 3174 5297 ἀδίκως
3213 5234 3307 5286 καὶ
3349 5233 3410 5285 τὸ
3459 5234 3646 5303 μεῖζον
3698 5229 3805 5284 ἀνθ’
3829 5221 3887 5278 ὧν

2328 5324 2485 5398 ὤφθη
2515 5327 2795 5397 θεοφιλὴς,
2836 5326 2937 5380 οὐκ
2963 5325 3029 5379 ἂν
3061 5326 3371 5394 ὑπερείδειν
3416 5325 3828 5396 ἀναιρούμενοψ
3850 5321 3887 5370 εἰ

2335 5421 2407 5488 μή
2454 5436 2538 5483 τις
2594 5418 2806 5471 ἐκεῖθεν
2851 5416 2987 5487 ἄλλη
3055 5416 3410 5482 κατάστασις,
3464 5415 3556 5470 καὶ
3598 5415 3712 5485 βίος
3756 5411 3886 5473 ἄλλος

1919 5549 2155 5604 VARI/Ii
2196 5551 2604 5610 LECTIUNES.

738 5626 767 5666 ιι
796 5625 857 5678 C.
906 5625 979 5680 Μ.
1014 5625 1326 5696 δεξάμενος.
1405 5625 1420 5663 ί
1463 5624 1547 5676 ἵσ.
1586 5623 1802 5686 μήπως.
1834 5621 1897 5679 C.
1944 5622 2014 5676 Μ.
2062 5623 2114 5675 εἴ
2144 5640 2280 5685 πως.

2162 5713 2397 5769 NOTAE.

709 5806 821 5879 (‘20)
856 5807 991 5863 Cum
1052 5809 1151 5862 hac
1198 5808 1498 5878 quaestione
1554 5806 1897 5879 conferendis
1966 5816 2094 5864 sunt
2147 5821 2215 5863 cx

638 5878 1070 5947 praecedentibus
1088 5897 1176 5950 qq.
1213 5879 1455 5933 XXXVII
1480 5889 1531 5936 et
1564 5878 1749 5933 XL“.

2399 5808 2510 5878 (‘2!)
2547 5808 2687 5863 Idem
2739 5819 3124 5881 argumentum
3162 5809 3464 5882 quaestione
3507 5805 3577 5861 XI
3612 5813 3882 5877 peatracta-

2328 5887 2437 5933 tur.
