4158 6440
327 396 426 459 63Ἱ

1225 388 1326 448 AD
1362 382 1963 446 AMPHILOCHIUM
2003 380 2355 455 QU/ESTIO
2401 380 2683 445 CIII-CV.

3522 387 3626 449 638

327 513 612 576 ἀπέκειτο,
642 510 701 572 ἐν
812 506 924 561 τῶν
957 505 1254 577 πρακτέων
1282 505 1381 565 τὰς
1413 502 1673 575 ἀμοιϐὰς,
1702 501 1797 555 καὶ
1825 498 1923 564 τὰς

2032 498 2143 569 pati
2178 497 2385 554 debuit.
2422 497 2564 565 Quid
2592 506 2775 553 autem
2813 497 3246 555 immuncratum
3277 499 3446 555 dico?
3479 517 3629 557 certe

326 610 657 670 ἀντιδόσεις,
694 605 891 674 ἁφάτῳ
922 602 1144 673 πλούτῳ
1178 600 1438 672 προνοίας
1467 598 1800 669 εὐτρεπίσας
1835 614 1934 650 τα-

332 700 536 773 μιεύει.
571 696 784 752 Οὐκοῦν
820 696 1007 749 οὐκέτι
1036 691 1553 762 διαμφισϐητήσεις,
1580 688 1671 743 διὰ
1692 689 1747 742 τί
1778 688 1928 759 πρῶ-

328 811 421 857 τος
461 792 652 853 Ἅϐελ,
692 789 841 858 φίλος
883 785 1233 854 δικαιοσύνης
1284 783 1523 854 γεγονὼς
1547 825 1562 849 ,
1601 781 1818 854 πρῶτος
1850 779 1928 851 τῷ

331 885 551 953 θανάτῳ
606 881 1049 951 ἐλειτούργησεν.
1103 879 1166 932 Ei
1211 878 1267 931 δὲ
1319 881 1414 931 καὶ
1457 875 1594 947 πρὸς
1617 874 1710 929 τὸν
1753 871 1928 944 Ἑνὼχ

332 975 685 1044 ἀποϐλέψεις,
720 974 1066 1027 δικαιότατον
1116 970 1380 1040 γεγονότα
1404 1010 1419 1035 ,
1463 969 1629 1023 πλέον
1668 968 1812 1034 ἕξεις
1859 968 1925 1022 δι’

330 1060 405 1119 ὧν
448 1068 507 1118 ού
535 1066 814 1135 ζητήσεις,
841 1063 958 1127 πῶς
982 1062 1093 1116 τῶν
1124 1063 1372 1129 δικαίων,
1410 1062 1613 1133 μᾶλλον
1643 1061 1676 1132 ἢ
1701 1060 1810 1113 τῶν
1832 1061 1925 1113 ὑπ’

331 1158 534 1222 αἰτίαν,
575 1157 603 1208 ὁ
637 1156 868 1220 θάνατος
926 1156 1278 1227 ἐκυρίευσενο
1311 1154 1589 1225 ἀνώτερος
1632 1154 1739 1225 γάρ
1771 1145 1928 1215 οὗτος

331 1247 389 1311 ἐξ
418 1246 626 1318 ἀρετῆς
656 1247 753 1300 καὶ
785 1246 1102 1315 φιλοτιμίας
1130 1245 1266 1301 Θεοῦ
1322 1245 1446 1315 (καὶ
1475 1246 1562 1298 ἵνα
1600 1243 1675 1314 μὴ
1715 1241 1775 1295 τὸ
1798 1241 1928 1294 δυσί

330 1338 610 1411 θεώρητον
647 1340 846 1410 ἔχωσιν
882 1342 937 1394 αἱ
991 1341 1083 1393 σαὶ
1125 1339 1374 1411 ἀπορίαι)
1418 1339 1528 1393 τῶν
1564 1338 1660 1391 τοῦ
1692 1336 1925 1391 θανάτου

332 1429 544 1502 βρόχων
566 1432 662 1483 καὶ
684 1432 782 1501 τῆς
810 1429 1125 1502 τυραννίδος
1171 1428 1565 1500 ἐχρημάτισεν.

2029 590 2174 645 haud
2206 588 2403 646 fuisset
2456 607 2654 661 passus
2708 592 2911 661 injuste
2973 593 3213 664 aliquem
3253 594 3394 658 tolli,
3424 594 3628 648 nedum

2034 682 2213 735 virum
2247 680 2332 736 sui
2365 691 2664 746 amantem,
2718 682 2762 736 si
2794 697 2899 736 non
2940 684 3084 737 alius
3110 685 3230 739 vitae
3261 694 3461 750 status,
3493 700 3629 739 con-

2036 776 2173 829 ditio
2198 774 2305 829 alia
2333 778 2574 846 reposita
2607 776 2801 831 fuisset
2834 777 2931 840 illi,
2969 777 3063 830 ubi
3101 794 3284 833 rerum
3307 794 3337 832 a
3364 794 3423 834 se
3442 792 3628 850 gesta-

2037 884 2158 923 rum
2196 869 2616 925 retributionem
2667 878 2721 924 et
2788 870 3292 925 remunerationem
3328 887 3425 941 per
3474 873 3629 927 inex-

2035 961 2320 1031 plicabiles
2351 962 2549 1016 divinae
2600 961 2959 1032 providentize
3009 962 3232 1017 divitias
3261 975 3625 1034 praeparatam

2033 1055 2402 1126 disposuerat.
2459 1056 2729 1123 Quocirca
2762 1072 2870 1111 non
2903 1064 2986 1112 est
3020 1072 3121 1109 cur
3150 1066 3205 1111 tu
3240 1058 3421 1113 adhuc
3457 1059 3627 1113 addu-

2033 1147 2198 1213 bites,
2252 1148 2396 1203 unde
2426 1148 2630 1204 factum
2669 1159 2729 1203 ut
2755 1150 2889 1203 Abel
2912 1150 3139 1218 justitia:
3171 1149 3351 1203 cultor
3376 1150 3623 1204 omnium

2035 1242 2323 1298 hominum
2360 1244 2611 1313 princeps
2640 1252 2873 1297 mortem
2917 1242 3303 1298 famularetur.
3358 1242 3516 1309 Quod
3578 1243 3625 1297 si

2034 1336 2344 1405 respexeris
2373 1336 2439 1390 ad
2470 1334 2754 1391 Enocbum
2787 1336 2958 1407 quiet
2984 1337 3099 1407 ipse
3123 1336 3466 1407 iustissimus
3500 1334 3626 1399 fuit,

2034 1428 2160 1498 plus
2210 1428 2391 1484 adhuc
2448 1428 2544 1483 tibi
2602 1439 2945 1500 suggeretur,
3009 1444 3108 1484 cur
3156 1444 3263 1484 non
3311 1428 3625 1491 addubites,

332 1527 480 1581 unde
524 1526 730 1581 factum
784 1534 841 1581 ut
894 1540 1046 1581 mors
1097 1524 1250 1596 prius
1295 1525 1349 1578 in
1400 1523 1579 1594 jnstos
1608 1537 1775 1593 quam
1812 1522 1867 1576 in
1906 1537 2032 1578 reos
2066 1524 2373 1579 dominium
2426 1535 2710 1580 exerceret
2752 1543 2765 1578 :
2806 1524 3065 1595 superior
3104 1526 3250 1579 enim
3306 1526 3491 1593 justus
3544 1533 3627 1579 est

332 1633 561 1694 propter
616 1624 877 1679 virtutem
937 1630 993 1677 et
1045 1636 1290 1676 amorem
1355 1619 1456 1674 Dei
1516 1619 1781 1675 eximium
1838 1620 1929 1690 (ne
1964 1619 2132 1675 dubia
2165 1630 2281 1675 ate
2343 1622 2625 1692 proposita
2693 1619 2986 1677 difficulter
3013 1621 3378 1691 explicentur)
3411 1621 3629 1693 laqueis

332 1714 530 1771 mortis
557 1713 807 1770 irretitus
856 1722 911 1768 et
942 1712 1063 1783 ejus
1090 1710 1435 1783 tyrannidem
1466 1717 1729 1780 expertus
1758 1708 1927 1764 fuisse
1965 1710 2189 1768 dicitur.

872 1829 1213 1883 ΕΡΩΤΗΣΙΣ
1251 1828 1375 1885 ΡΕ’.

762 1923 900 1991 Περὶ
947 1921 1058 1978 τίῖρ
1102 1921 1449 1992 περιτομῆς.

2173 1828 2496 1898 ΟΗᾸΞΒΤΙΟ
2529 1830 2639 1887 CV.
2674 1830 2862 1904 [(1σίδί.
2900 1841 2950 1885 et
2983 1831 3150 1887 Taur.
3178 1830 3465 1889 CXXVII.1

2551 1921 2630 1977 De
2661 1923 3080 1977 circumcisione.

1137 2036 1285 2087 Edita
1302 2052 1329 2087 a
1354 2036 1674 2100 Montacutio,
1710 2049 1791 2099 ep.
1818 2036 1930 2096 205,
1950 2033 2014 2084 ad
2047 2033 2291 2085 Theodor.
2315 2034 2526 2098 hegum.,
2554 2049 2586 2098 p
2629 2035 2857 2086 302-504.

417 2145 486 2200 Ἥ
516 2144 792 2216 περιτομὴ
811 2141 938 2215 τρία
964 2142 1090 2196 τινὰ
1114 2142 1609 2216 πραγματεύεσθαι
1633 2161 1724 2213 μοι
1751 2142 1927 2196 δοκεῖ·

334 2236 396 2290 ἓν
434 2237 556 2309 μὲν,
589 2236 754 2289 οἱονεὶ
780 2234 997 2306 σημείῳ
1028 2236 1139 2287 τινὶ
1170 2235 1266 2288 καὶ
1316 2236 1734 2303 σφραγῖδιοτοὺς
1769 2233 1931 2301 ἐκγό-

336 2346 464 2392 νους
509 2326 765 2397 Ἀϐραὰμ
794 2326 1154 2397 ἀφορίζουσα,
1190 2327 1284 2379 καὶ
1314 2326 1421 2380 τῶν
1447 2327 1650 2381 λοιπῶν
1686 2325 1933 2381 διαστέλ-

333 2421 507 2473 λουσα
561 2418 765 2471 ἐθνῶν·
796 2417 1051 2487 δεύτερον
1088 2418 1163 2483 δὲ,
1196 2421 1253 2471 ἐν
1303 2420 1470 2491 ἑαυτῇ
1523 2421 1622 2491 τὴν
1656 2421 1748 2473 τοῦ
1785 2420 1929 2473 θείου

334 2515 719 2583 βαπτίσματος
762 2512 1214 2583 προδιατυποῦσα
1245 2514 1339 2566 καὶ
1362 2514 1930 2584 προανακηρύττουσα

330 2606 498 2677 χάριν
545 2606 642 2659 καὶ
672 2606 927 2675 δυνάμιν.
950 2607 1160 2677 Ὥσπερ
1211 2607 1321 2678 γὰρ
1373 2609 1400 2660 ὁ
1435 2609 1927 2680 περιτεμνόμενος,

334 2701 417 2762 είς
448 2698 575 2752 λαὸν
612 2697 749 2751 Θεοῦ
780 2698 869 2751 διὰ
891 2698 993 2769 τῆς
1021 2700 1320 2770 σφραγῖδος
1338 2702 1927 2773 πάλαιέχρημάτιζεν·

334 2787 514 2852 οὕτως
542 2789 570 2841 ὁ
604 2785 1025 2857 βαπτιζόμενος,
1078 2789 1354 2857 σφραγῖδα
1398 2788 1494 2842 τοῦ
1546 2789 1827 2862 Χριστοῦὶ
1872 2792 1929 2844 ἐν

335 2880 521 2949 ἐαυτῷ
549 2882 968 2952 τυπωσάμενος,
1003 2882 1081 2943 εἰς
1113 2882 1389 2936 υἱοθεσίαν
1441 2882 1578 2937 Θεοῦ
1609 2885 1927 2955 ἀναγράφε-

336 2988 453 3025 ται.
485 2972 595 3024 Καὶ
622 2970 828 3042 τρίτον,
862 2970 1136 3041 σύμϐολον
1162 2972 1269 3024 τῶν
1293 2974 1350 3026 ἐν
1371 2976 1434 3045 τῇ
1455 2975 1637 3045 χάριτι
1662 2975 1927 3028 καθιστα-

339 3063 526 3133 μένων
555 3062 784 3129 πιστῶν,
822 3064 872 3118 οί
894 3064 1004 3116 τῶν
1048 3065 1331 3136 σαρκικῶν
1358 3067 1565 3136 ἡδονῶν
1596 3068 1692 3121 καὶ
1740 3067 1927 3122 παθῶν

334 3156 439 3219 τὰς
473 3157 889 3223 ἐπαναστάσεις,
920 3156 997 3226 τῷ
1046 3157 1324 3230 τιμητικῷ
1372 3158 1476 3229 τῆς
1509 3160 1748 3225 πίστεως
1783 3159 1928 3233 λόγῳ

336 3250 435 3303 καὶ
452 3249 635 3312 πόνοις
662 3249 979 3320 ἀσκητικοῖς
1001 3251 1263 3321 ἐκτέμνου
1274 3269 1323 3304 σι
1369 3253 1463 3305 καὶ
1488 3253 1884 3323 ἀπονεκροῦσιν
1907 3269 1922 3284 ο

333 3340 401 3392 οὐ
452 3340 613 3410 σῶμα
662 3341 977 3409 τέμνοντες,
1015 3341 1152 3394 ἀλλά
1188 3341 1287 3411 τὴν
1334 3342 1593 3412 καρδίαν*
1632 3343 1728 3397 καὶ
1760 3343 1926 3396 πνεύ-

2111 2139 2240 2195 Tria
2273 2156 2386 2212 prae
2407 2156 2466 2197 se
2490 2140 2634 2197 ferre
2656 2140 2871 2196 videtur
2903 2141 3041 2197 mihi
3088 2142 3476 2201 circumcisio:
3510 2148 3625 2218 pri-

2035 2244 2212 2294 mum,
2243 2228 2392 2300 quod
2425 2237 2687 2299 tanquam
2718 2229 2936 2302 signum
2977 2239 3032 2285 et
3059 2231 3297 2300 sigillum
3322 2234 3623 2291 Abrahami

2035 2323 2353 2393 progeniem
2406 2332 2708 2392 separaret,
2744 2331 2797 2377 et
2838 2338 2867 2377 a
2899 2324 3112 2379 eaéteris
3142 2326 3399 2394 gentibus
3426 2327 3625 2382 distin-

2036 2421 2229 2485 gueret
2266 2432 2281 2468 :
2324 2414 2626 2469 secundum
2658 2454 2674 2481 ,
2714 2414 2769 2469 in
2812 2430 2870 2469 se
2902 2414 3075 2469 divini
3121 2415 3467 2486 baptismatis
3501 2436 3629 2489 gra-

2034 2506 2165 2560 tiam
2201 2516 2256 2560 et
2285 2504 2585 2561 efficaciam
2628 2521 2726 2577 per
2766 2506 2998 2577 figuram
3044 2508 3395 2577 praedicabat.
3441 2509 3621 2566 Veluti

2033 2598 2179 2653 enim
2220 2595 2352 2652 olim
2385 2598 2772 2663 circumcisus,
2810 2612 2907 2667 per
2940 2597 3175 2667 sigillum
3208 2599 3262 2653 in
3294 2598 3389 2654 Dei
3419 2601 3622 2670 popqu

2033 2689 2377 2757 censebatur,
2409 2691 2491 2746 sic
2518 2698 2573 2745 et
2598 2690 2926 2760 baptizatus,
2958 2690 3160 2745 Christi
3186 2692 3240 2745 in
3284 2707 3345 2747 se
3380 2693 3621 2762 sigillum

2031 2795 2359 2853 expressum
2391 2783 2621 2848 habens,
2656 2782 2948 2851 adoptatus
2983 2782 3305 2838 inscribitur
3346 2783 3441 2839 Dei
3482 2786 3625 2840 filio-

2031 2891 2155 2931 rum
2178 2876 2339 2931 albo:
2366 2875 2609 2940 tertium,
2645 2875 2952 2947 symbolum
2984 2885 3104 2931 erat
3134 2876 3377 2931 fidelium
3408 2878 3463 2931 in
3496 2895 3622 2950 gra-

2035 2966 2106 3020 tia
2135 2966 2542 3031 exsistentium,
2574 2966 2673 3036 qui
2709 2966 3016 3021 carnalium
3045 2966 3385 3037 voluptatum
3408 2977 3462 3023 et
3488 2985 3628 3037 pas-

2031 3057 2247 3112 sionum
2286 3059 2724 3115 insurrectiones
2780 3058 3151 3115 tumultuosas
3195 3061 3468 3117 excisorio
3499 3063 3625 3117 fidei

2032 3164 2308 3218 sermone,
2341 3159 2394 3205 et
2425 3152 2682 3207 asceticis
2712 3152 2994 3208 laboribus
3018 3153 3349 3209 abscindunt
3389 3163 3442 3208 et
3476 3170 3624 3210 mor-

2032 3241 2240 3295 tificant
2265 3259 2283 3296 :
2312 3258 2418 3297 non
2447 3259 2652 3313 corpus
2685 3245 2963 3309 scindunt,
2996 3246 3091 3300 sed
3123 3261 3217 3300 cor
3247 3264 3259 3299 ε
3293 3262 3393 3301 nec
3423 3262 3623 3302 secun-

2030 3332 2159 3387 dum
2192 3331 2427 3386 litteram
2457 3332 2550 3387 sed
2584 3332 2834 3401 spiritum
2862 3333 3618 3406 circumciduntur:quorum

337 3449 497 3503 ματι,
540 3434 601 3486 οὐ
650 3432 940 3502 γράμματι
1010 3435 1501 3505 περιτεμνόμενοι·
1548 3429 1623 3489 ὧν
1684 3436 1780 3490 καὶ
1831 3437 1922 3489 τὸν

2032 3424 2272 3479 laudatio
2313 3440 2418 3480 non
2463 3425 2626 3479 habet
2661 3440 2799 3495 opus
2844 3428 3081 3480 humano
3114 3429 3387 3497 praeconio
3409 3471 3424 3496 ,
3457 3429 3551 3485 sed
3587 3444 3620 3486 a

334 3526 564 3578 ἔπαινον
606 3524 707 3577 οὐκ
761 3524 1113 3598 ἀνθρωπίνης
1161 3526 1493 3597 ἐπικρίσεως
1528 3527 1757 3592 δεῖσθαι,
1795 3527 1931 3581 ἀλλὰ

330 3614 439 3684 τῆς
470 3614 681 3668 ἄνωθεν
733 3614 1011 3685 ἠρτῆσθαι
1060 3616 1268 3687 ψήφου,
1312 3615 1525 3679 Παῦλος
1556 3618 1583 3669 ό
1621 3616 1783 3683 θεῖος,
1813 3619 1840 3670 ό
1863 3619 1931 3672 τὰ

331 3706 559 3759 τοιαῦτα
585 3706 966 3776 μυσταγωγὸς,
996 3706 1229 3777 λαμπρᾷ
1259 3710 1325 3778 τῇ
1360 3711 1512 3779 φωνῇ
1554 3708 1929 3780 διαμαρτύρε-

332 3814 446 3854 ται.
478 3799 539 3850 El
574 3796 631 3850 δὲ
674 3814 752 3868 τῳ
793 3798 1017 3851 κάκεῖνο
1048 3799 1071 3837 ¹ί
1107 3799 1274 3864 δοκεῖ,
1316 3800 1391 3863 ὡς
1439 3800 1631 3868 γένους
1659 3800 1757 3869 μὲν
1784 3801 1933 3854 Χαλ-

332 3888 503 3943 δαίων
560 3886 935 3959 ἐχρημάτιζεν
975 3889 1230 3961 Ἀϐραάμ
1256 3907 1269 3921 ·
1302 3890 1363 3942 τὸ
1406 3890 1481 3956 δὲ,
1542 3892 1636 3944 καὶ
1689 3893 1929 3964 μητράσι

332 3982 431 4036 καὶ
471 3983 777 4053 θυγατράσι
818 3982 913 4034 καὶ
942 3982 1204 4051 ἀδελφαῖς
1258 3983 1515 4055 ἐκθέσμῳ
1546 3984 1697 4055 νόμῳ
1733 4002 1929 4038 συναν-

332 4072 715 4142 εφύρετο.“1να
739 4066 831 4125 οῦν
866 4071 941 4143 μὴ
974 4076 1086 4136 τοῖς
1142 4072 1419 4145 πατρῴοις
1472 4074 1622 4128 ἔθεσι
1663 4078 1801 4146 μήτε
1830 4075 1929 4128 αύ-

332 4165 446 4231 τὸς,
472 4166 612 4235 μήτε
643 4164 705 4217 τὸ
735 4165 793 4230 ἐξ
826 4164 990 4217 αὑτοῦ
1015 4168 1194 4232 γένος,
1246 4165 1689 4234 καταμιαίνοιτο,
1735 4166 1932 4237 τέμνε-

331 4273 445 4321 ται,
479 4256 635 4325 φασὶ,
670 4256 768 4324 τὴν
800 4256 1170 4327 ἀκροϐυστίαν
1198 4257 1279 4319 είς
1321 4256 1580 4327 ἀθέτησιν
1610 4257 1710 4328 τῆς
1744 4258 1928 4311 τοιαύ-

332 4366 433 4422 της
463 4348 885 4422 ἀρρητοποιίας,
910 4350 1006 4403 καὶ
1036 4350 1250 4417 γίνεται
1272 4348 1424 4420 αὐτῷ
1444 4350 1543 4421 τῆς
1567 4349 1777 4414 οἰκείας
1797 4366 1930 4419 σαρ-

334 4440 432 4504 κδς
463 4441 496 4511 ἡ
523 4440 821 4511 περιτομὴ,
845 4440 1111 4511 διαίρεσις
1138 4440 1238 4511 τῆς
1265 4440 1570 4512 προσεχοῦς
1603 4441 1929 4509 συγγενείας

335 4530 435 4583 καὶ
485 4532 829 4599 ἀποστροφὴ,
874 4531 975 4583 ὃσα
1013 4547 1077 4599 γε
1108 4531 1189 4595 εἰς
1237 4530 1455 4601 ὁμιλίαν
1489 4531 1759 4602 γαμικήν.
1790 4530 1927 4584 Ούδέ

335 4622 448 4693 γὰρ
474 4624 585 4677 οὐδ’
612 4619 681 4693 ἦν
711 4624 962 4695 φωράσαι
1010 4623 1154 4688 τινὰ,
1188 4623 1329 4693 μετὰ
1368 4622 1469 4694 τὴν
1499 4623 1835 4694 περιτομὴν,
1868 4624 1927 4675 ἐν

330 4720 450 4781 τοῖς
481 4716 541 4782 ἐξ
572 4716 807 4786 αἵματος
849 4715 1102 4787 Ἀϐραὰμ
1142 4718 1263 4778 ταῖς
1300 4715 1580 4779 τοιαύταις
1627 4714 1924 4786 ἐνισχημέ-

332 4828 425 4864 νον
459 4810 894 4882 άρῤητουργίαις
917 4826 932 4841 ο
965 4810 1065 4880 τῆς
1092 4809 1406 4880 Χαλδαῖκῆς
1445 4808 1718 4881 ἀκρασίας
1749 4806 1924 4871 ἀδεῶς

331 4902 433 4955 καὶ
474 4900 924 4971 ἀνεπαισχύντως
964 4903 1219 4973 μακροῖς,
1256 4901 1355 4954 καὶ
1392 4900 1531 4971 μετά
1554 4898 1750 4965 ταῦτα,
1792 4897 1923 4970 χρό-

331 5010 448 5057 νοις
478 4993 546 5047 τά
576 4991 807 5047 τοιαῦτα
846 4992 1393 5065 δραματουργούσης.
1435 4990 1596 5045 Ἀλλὰ
1634 4990 1795 5044 τοῦτο
1823 4990 1924 5060 μέν

330 5083 411 5147 ὼς
438 5083 589 5153 φίλον
623 5085 842 5157 ἑκάστῳ
867 5086 962 5139 καὶ
984 5082 1257 5155 νομιζέτω
1282 5101 1296 5114 ·
1322 5084 1689 5156 ἀφορισθῆναι
1741 5083 1923 5153 μέντοι

331 5177 399 5231 τὸ
442 5177 692 5247 Ἀϐραὰμ
750 5178 857 5232 ἔδει
918 5179 1112 5247 γένος’
1152 5177 1367 5249 πρῶτον
1410 5177 1527 5248 μὲν,
1564 5176 1652 5229 ἴνα
1700 5175 1776 5248 μὴ
1810 5179 1923 5240 τοῖς

332 5268 521 5334 ἄλλοις
550 5270 762 5324 ἔθνεσιν
792 5270 1252 5342 ἐπιμιγνύμενον,
1293 5270 1387 5323 καὶ
1426 5268 1571 5323 κατὰ
1598 5270 1795 5341 μικρὸν
1812 5271 1925 5332 τοῖς

333 5361 566 5414 ἐκείνων
598 5362 817 5426 τρόποις
848 5360 1282 5433 ὑποσυρόμενον,
1331 5358 1429 5429 τῆς
1473 5374 1532 5410 τε
1579 5357 1787 5417 οἰκείας
1839 5357 1929 5409 εὖ-

333 5452 559 5517 σεϐείας
617 5453 982 5526 παρατροπὴν
1059 5452 1230 5524 πάθῃ,
1290 5451 1536 5513 καὶτοῖς
1578 5448 1801 5502 ἐκείνων
1836 5448 1929 5502 λα·

330 5550 542 5623 τρεύσῃ
575 5551 945 5622 βδελύγμασιν
970 5567 984 5583 ⁸
1015 5551 1230 5618 ἔπειτα,
1259 5552 1347 5605 ἵνα
1378 5550 1476 5621 τῆς
1515 5548 1668 5612 θείας
1692 5548 1927 5619 ὑποσχέυ

2033 3512 2128 3567 Dei
2160 3512 2371 3567 calculo
2405 3513 2694 3581 dcpendet,
2740 3523 2797 3567 ut
2828 3512 3032 3568 Paulus
3059 3515 3251 3570 harum
3290 3532 3473 3571 rerum
3500 3534 3622 3589 my-

2032 3612 2297 3675 stagogus
2332 3604 2479 3659 clara
2511 3620 2644 3660 voce
2686 3613 2937 3660 testatur.
2968 3604 3209 3661 Ulterius
3229 3648 3243 3671 ,
3270 3617 3323 3662 et
3351 3608 3480 3663 illud
3511 3608 3622 3663 for-

2036 3696 2202 3751 tassis
2230 3696 2481 3750 arriserit
2511 3696 2713 3761 alicui,
2756 3698 2901 3766 quod
2941 3714 2971 3752 e
2998 3708 3156 3769 gente
3189 3700 3443 3756 Cbaldaea
3474 3703 3621 3759 orie-

2035 3788 2198 3844 batur
2217 3788 2519 3853 Abraham,
2540 3789 2631 3844 ubi
2660 3790 2948 3857 matribus,
2986 3792 3222 3859 filiabus,
3258 3803 3312 3848 et
3340 3795 3622 3852 sororibus

2030 3881 2099 3937 de
2163 3882 2563 3938 consuetudine
2625 3883 2793 3952 impia
2868 3885 3162 3941 carnaliter
3225 3888 3621 3949 miscebantur.

2032 3976 2337 4043 Quocirca,
2382 3991 2450 4031 ne
2480 3991 2577 4045 per
2617 3976 2833 4046 patulos
2881 3993 3059 4033 mores
3100 3979 3183 4034 vel
3218 3980 3445 4049 ipsemet
3484 3983 3611 4052 pol-

2031 4068 2297 4132 lueretur,
2332 4069 2415 4123 vel
2448 4068 2517 4123 ab
2550 4069 2643 4123 illo
2672 4070 3089 4135 descendentes,
3124 4072 3623 4131 circumcidebatur

2030 4162 2079 4217 ei
2106 4163 2455 4232 praeputium,
2490 4178 2603 4233 quo
2630 4164 2710 4219 sic
2739 4148 2995 4219 aboletur
3025 4165 3342 4235 hujusmodi
3381 4168 3619 4224 nefanda

2030 4252 2355 4321 turpitudo,
2399 4260 2564 4322 atque
2613 4255 2686 4307 ita
2732 4254 3081 4309 accrescebat
3122 4256 3173 4311 ei
3222 4272 3336 4312 suae
3384 4260 3621 4329 propria:
3698 4284 3701 4285 ν

2030 4344 2216 4399 carnis
2252 4343 2603 4400 circumcisio
2626 4386 2641 4412 ,
2679 4353 2738 4400 ut
2780 4346 2980 4402 divisio
3014 4348 3083 4403 ab
3124 4348 3377 4407 affinibus
3405 4352 3521 4408 suis
3567 4363 3623 4408 et

2031 4437 2489 4508 consanguineis,
2537 4454 2601 4493 ac
2632 4447 2898 4509 quantum
2928 4441 2994 4495 ad
3030 4442 3335 4498 maritalem
3368 4446 3618 4516 copulam

2031 4529 2332 4599 spectabat,
2366 4530 2606 4586 aversio.
2657 4528 2773 4584 Non
2807 4531 2951 4585 enim
3004 4532 3085 4586 vel
3120 4531 3306 4588 furtim
3339 4536 3464 4606 quis
3498 4546 3621 4605 post

2030 4624 2510 4679 circumcisionem
2533 4639 2563 4679 e
2579 4623 2847 4695 sanguine
2866 4624 3145 4680 Abraham
3165 4625 3405 4682 infandis
3428 4628 3620 4682 istius-

2032 4716 2178 4772 modi
2220 4716 2660 4788 impediebatur:
2696 4732 2822 4772 cum
2858 4716 3242 4772 Chaldaeorum
3279 4718 3503 4775 lascivia
3536 4720 3621 4774 af-

2034 4810 2187 4866 fatim
2252 4819 2308 4867 et
2352 4810 2696 4883 impudenter
2742 4814 2810 4866 ad
2866 4812 3037 4866 multa
3087 4820 3211 4882 post
3258 4812 3377 4869 hasc
3421 4814 3619 4870 sarcula

2033 4904 2474 4975 prostitueretur.
2509 4901 2613 4958 Sed
2641 4903 2857 4959 fruatur
2884 4904 2974 4960 hic
2996 4906 3230 4974 quisque
3247 4904 3455 4976 judicio
3480 4922 3616 4963 suo:

2032 5010 2180 5050 certe
2212 5000 2331 5049 erat
2359 5010 2585 5051 necesse
2632 5003 2693 5049 ut
2723 4996 3019 5051 Abrahami
3061 4996 3349 5067 progenies
3394 5013 3619 5068 separa-

2032 5097 2186 5144 retur
2226 5106 2239 5143 :
2292 5088 2543 5158 inprimis
2571 5127 2588 5154 ,
2643 5103 2712 5143 ne
2749 5089 3010 5158 permista
3054 5088 3270 5144 caeteris
3302 5090 3620 5147 nationibus

2032 5183 2248 5238 illarum
2287 5182 2536 5238 moribus
2576 5182 2841 5252 paulatim
2883 5181 3283 5247 abduceretur,
3319 5182 3457 5238 facta
3500 5184 3619 5254 pie-

2033 5276 2162 5331 tatis
2203 5276 2495 5347 cultusque
2527 5274 2832 5329 mutatione
2856 5315 2870 5339 ,
2908 5282 2962 5330 et
2995 5274 3068 5328 ita
3113 5274 3468 5330 exsecrandis
3499 5275 3599 5327 illa

2035 5383 2157 5422 rum
2205 5367 2378 5423 sacris
2424 5366 2745 5434 inserviret;
2792 5366 3069 5432 secundo,
3118 5375 3179 5421 ut
3230 5365 3622 5436 promissionis

2036 5457 2236 5513 divina:
2260 5472 2531 5528 apparens
2573 5466 2629 5513 et
2659 5457 2971 5528 cuicunque
2999 5457 3356 5529 intelligibilis
3400 5456 3524 5511 finis
3565 5466 3621 5511 et

2035 5547 2299 5619 perfectio
2330 5548 2669 5618 redderetur,
2690 5547 2987 5624 Abrahami
3014 5546 3224 5605 semine
3275 5547 3330 5602 in
3368 5546 3624 5603 innume-

1646 5729 1883 5787 VARl/E
1926 5731 2332 5790 LECTIONES.

454 5842 471 5885 1
511 5833 573 5891 C.
606 5832 677 5891 Μ.
716 5835 809 5890 τὸν
837 5835 1096 5906 Χριστόν.
1176 5833 1198 5873 ι
1223 5834 1288 5891 C.
1330 5832 1398 5889 Μ.
1435 5832 1623 5887 είδετω
1661 5831 1897 5887 κάκεῖνο.
