4158 6440
596 393 702 456 639

1763 392 2027 454 ΡΗΟΤΙΙ
2067 393 2576 454 ΡΛΤΗΙΑΒΕΗᾹΞ
2609 393 2717 455 CP.

3761 400 3857 465 640

597 511 831 566 rabilem
861 508 1262 564 multitudinem
1307 505 1674 578 multiplicato
1730 516 1786 563 et
1816 519 2188 564 excrescente.

2300 527 2437 574 σεως
2469 511 2719 579 ἐναργὲς,
2755 508 2845 562 καῖ
2877 510 3014 563 πᾶσι
3052 508 3334 579 γνώριμον
3377 508 3438 562 τὸ
3481 510 3653 582 πέρας
3686 510 3854 588 δειχθῇ

598 602 752 670 Quod
791 601 837 657 si
882 616 1008 655 eum
1053 599 1268 656 caneris
1314 600 1634 655 nationibus
1669 600 1916 670 permisti
1954 601 2192 656 mansis—

601 705 745 764 sent,
776 695 983 751 veritas
1023 694 1412 766 promissionis
1444 694 1739 764 adimpleta
1777 709 1886 748 non
1928 708 2192 764 agnosce-

598 796 782 853 retur,
831 802 933 842 nee
973 785 1267 840 multitudo
1298 794 1466 840 tanta:
1496 792 1645 840 esset
1673 784 2064 848 admirationi,
2096 783 2190 839 ubi

599 880 894 950 separatim
951 879 997 934 si
1054 887 1320 948 agerent,
1377 886 1433 932 et
1484 878 1872 946 rempublicam
1921 877 2188 948 privatam

601 977 904 1023 tuerentur.
935 963 1146 1030 Tertio,
1183 966 1330 1036 quod
1360 974 1487 1020 ante
1523 965 1660 1020 alias
1686 981 1887 1021 causas
1909 975 2188 1030 censetur,

602 1059 1049 1131 quandoquidem
1070 1057 1164 1114 Dei
1195 1059 1392 1113 dilecto
1421 1067 1476 1114 et
1502 1058 1746 1128 diligenti
1767 1057 1934 1113 Deum
1959 1057 2193 1113 Abraha:

599 1161 821 1224 pactum
865 1153 1042 1209 fuerat
1084 1171 1098 1208 :
1134 1170 1151 1202 ι
1175 1151 1232 1206 In
1265 1155 1474 1208 semine
1503 1163 1606 1208 tuo
1640 1154 2032 1208 benedicentur
2064 1152 2192 1206 uni-

600 1260 776 1300 versa:
804 1245 996 1299 mundi
1031 1243 1284 1300 nationes
1303 1242 1426 1297 ⁷⁵⁸.»
1452 1242 1565 1299 Hoc
1582 1253 1799 1314 pactum
1831 1260 1862 1299 a
1885 1245 2035 1299 nullo
2064 1257 2192 1314 pro-

602 1339 753 1411 gredi
784 1347 1022 1409 poterat,
1055 1354 1223 1409 quam
1265 1355 1296 1393 a
1325 1338 1620 1394 Conditore
1641 1377 1656 1402 ,
1697 1347 1753 1393 et
1784 1337 2042 1393 ineﬁ‘abili
2092 1352 2190 1392 sua

600 1431 944 1502 providentia
981 1430 1188 1500 ubique
1236 1428 1438 1484 dilfusa
1489 1438 1544 1484 et
1588 1429 1948 1484 disseminata
2000 1444 2193 1485 omnes

601 1525 998 1595 complectente
1025 1543 1039 1579 :
1072 1523 1385 1580 communis
1420 1523 1566 1577 enim
1592 1522 1884 1577 Formator
1910 1522 2057 1577 solus
2091 1538 2192 1592 po-

604 1628 744 1674 terat
818 1628 926 1673 tam
980 1631 1328 1672 communem
1395 1615 1829 1672 benedictionem
1897 1613 2189 1683 impertiri.

607 1712 938 1777 Enimvero,
988 1725 1116 1765 cum
1163 1710 1266 1765 hoc
1318 1709 1500 1780 ipsum
1540 1707 1885 1764 Provisorem
1933 1708 2086 1762 illum
2123 1707 2190 1761 ad

603 1795 1044 1862 incarnationem
1075 1844 1090 1870 ,
1141 1803 1289 1875 quod
1348 1803 1650 1858 maximum
1691 1811 1775 1857 est
1800 1843 1816 1867 ,
1846 1801 2190 1868 destinaret;

2297 604 2377 666 είς
2409 601 2784 674 ἀναρίθμητον
2813 601 3021 672 πλῆθος
3050 601 3144 656 τοῦ
3171 603 3233 667 ἐξ
3271 602 3478 674 Ἀϐραὰ
3489 621 3528 674 μ
3563 604 3856 675 σπέρματος

2296 693 2708 762 πληθυνομένου
2741 693 2835 746 καὶ
2866 691 3139 757 αὐξοντος.
3170 693 3246 747 Οὐ
3282 692 3393 765 γὰρ
3421 697 3487 747 ἂν
3537 694 3732 764 ὁμοίως
3758 697 3858 760 τοῖς

2295 780 2479 844 ἄλλοις
2509 781 2689 834 ἔθνεσι
2725 798 2788 834 συ
2799 782 3167 853 μφυρομὲνων
3199 783 3260 836 τό
3290 799 3352 836 τε
3402 783 3503 854 τῆς
3549 786 3860 854 ἐπαγγελίας

2295 873 2527 940 ἀψευδὲς
2569 872 2919 941 ἐγινώσκετο,
2952 873 3048 926 καὶ
3074 874 3135 926 τὸ
3165 873 3257 927 τοῦ
3311 873 3550 948 πλήθους
3577 879 3858 949 παράδοξον

2296 965 2661 1036 ἐθαυμάζετο,
2690 965 2879 1037 ὥσπερ
2908 966 3032 1021 καθ’
3067 967 3297 1032 ἐαυτούς
3354 969 3450 1022 καὶ
3501 971 3858 1045 ἁφορισμένην

2296 1059 2396 1128 τὴν
2428 1057 2703 1112 πολιτείαν
2728 1060 2982 1129 ἐχόντων.
3018 1060 3128 1114 Καὶ
3157 1061 3366 1131 τρίτον,
3399 1061 3427 1114 ὃ
3452 1062 3550 1114 καὶ
3573 1063 3679 1115 τῶν
3701 1064 3858 1119 ἄλλων

2297 1147 2446 1202 ἔστιν
2507 1149 2637 1203 ίδεῖν
2690 1149 3054 1215 αἰτιώτατον,
3103 1152 3335 1223 ἐπείπερ
3384 1153 3758 1223 ὑπεσχημένον
3801 1153 3858 1230 ἦν

2296 1239 2376 1312 τῷ
2397 1239 2638 1310 θεοφιλεῖ
2687 1241 2960 1313 Ἀϐραὰμ,
2993 1245 3051 1295 ἐν
3078 1243 3159 1313 τῷ
3191 1244 3467 1315 σπέρματι
3499 1247 3663 1300 αὐτοῦ
3704 1249 3858 1305 πάντα

2293 1333 2365 1386 τὰ
2411 1333 2539 1403 ἔθνη
2579 1333 3064 1406 εὐλογηθήσεσθαι.
3121 1334 3294 1389 Τοῦτο
3321 1337 3378 1390 δὲ
3403 1337 3468 1390 δι’
3499 1339 3856 1402 οὐδενὸςᾶλλου

2293 1424 2520 1479 δυνατὸν
2541 1421 2609 1496 ἦν
2640 1424 2947 1496 προελθεῖν,
2981 1425 3093 1480 ἀλλ’
3131 1425 3164 1497 ἦ
3193 1426 3260 1478 δι’
3293 1426 3460 1481 αὐτοῦ
3493 1428 3587 1481 τοῦ
3613 1432 3705 1484 καὶ
3734 1432 3855 1487 πλᾶ-

2295 1535 2508 1583 σαντος,
2541 1519 2636 1572 καὶ
2670 1520 2729 1572 τὸ
2751 1520 2850 1590 τῆς
2880 1519 3141 1591 προνοίας
3181 1521 3422 1590 ἄφατον,
3459 1521 3624 1592 μέχρι
3658 1523 3745 1576 καί⁵
3773 1525 3856 1577 αὐ·

2293 1611 2404 1665 τῶν
2473 1612 2582 1667 τῶν
2635 1612 2728 1666 ἐπὶ
2787 1613 2891 1683 γῆς
2923 1613 3206 1677 καθιέντος
3235 1612 3330 1668 καὶ
3368 1614 3681 1686 ἐκχέοντος·
3710 1620 3735 1670 ό
3765 1618 3854 1687 γὰρ

2295 1707 2474 1769 κοινὸς
2498 1708 2749 1780 Πλάστης
2781 1707 2944 1772 αὐτὸς
2968 1709 3206 1772 ,δυνατὸς
3239 1710 3398 1780 μόνος
3430 1710 3530 1763 καὶ
3567 1713 3745 1784 κοινὴν
3772 1714 3854 1786 τὴν

2296 1799 2552 1869 εὐλογίαν
2579 1800 2928 1872 χαρίζεσθαι.
2977 1801 3143 1867 Ἀλλ’,
3193 1802 3382 1874 ἐπειδὴ
3431 1805 3592 1859 τοῦτο
3635 1807 3784 1860 πάλιν
3806 1809 3856 1861 τδ

607 1898 789 1970 (quod
825 1898 894 1953 ab
927 1899 1078 1953 omni
1125 1871 1275 1954 retro
1304 1896 1610 1953 aeternitate
1643 1895 1832 1955 divino
1866 1905 1920 1951 et
1963 1895 2195 1950 abscon-

2303 1892 2566 1961 μέγιστον
2591 1893 2690 1963 τῆς
2725 1896 2852 1964 περὶ
2878 1896 3026 1966 ἡμᾶς
3059 1899 3318 1968 προνοίας
3356 1871 3438 1962 εἰς
3470 1898 3855 1970 ἐνανθρώπησιν

603 1993 722 2047 dito
753 1999 888 2046 nutu
921 1991 1286 2046 ordinabatur
1313 1988 1352 2062 :)
1395 1991 1517 2046 ideo
1559 2004 1733 2060 genus
1763 1988 1998 2044 Abraba:
2037 2003 2196 2057 sepa-

603 2093 780 2150 ratur,
812 2095 867 2140 et
893 2100 925 2139 a
951 2084 1340 2139 commistione
1365 2083 1624 2139 eximitur
1646 2082 1876 2137 aliarum
1910 2080 2156 2153 gentium
2179 2096 2193 2134 :

603 2187 667 2234 ut
694 2179 922 2236 Creator
969 2187 1024 2234 et
1071 2177 1340 2233 Dominus
1383 2184 1640 2232 naturam
1693 2185 1936 2231 nostram
1990 2191 2057 2230 ex
2106 2175 2194 2229 illa

604 2272 776 2341 stirpe
809 2278 1143 2334 assumeret,
1173 2279 1226 2324 et
1253 2269 1505 2324 similiter
1537 2284 1603 2324 ac
1636 2283 1734 2324 nos
1763 2269 1948 2324 Carnis
1979 2276 2034 2321 et
2065 2283 2197 2323 san-

602 2363 788 2432 guinis
816 2363 1090 2433 particeps
1123 2363 1315 2427 ﬁeret,
1357 2377 1468 2431 quo
1497 2361 1640 2431 pacti
1671 2369 1723 2416 et
1764 2360 2021 2432 promissi
2051 2360 2192 2414 veri-

601 2469 686 2513 tas
714 2457 970 2512 omnibus
998 2456 1268 2522 numeris,
1297 2455 1440 2525 apud
1467 2469 1659 2510 omnes
1681 2461 2193 2510 eonsummaretur:

602 2565 801 2618 nempe
831 2549 1054 2604 Christo
1089 2550 1199 2604 Deo
1246 2557 1437 2604 nostro
1462 2589 1477 2612 ,
1523 2547 1576 2601 in
1625 2562 1737 2618 quo
1779 2557 1964 2619 gentes
2006 2561 2198 2601 omnes

603 2642 1006 2699 benedictionis
1043 2657 1142 2712 per
1171 2641 1406 2712 gratiam
1439 2640 1737 2710 participes
1772 2640 1946 2705 ﬁunt,
1987 2654 2017 2694 e
2051 2639 2198 2694 lum-

603 2735 691 2790 bis
720 2735 865 2790 illius
899 2750 994 2804 per
1031 2733 1305 2804 principia
1367 2732 1736 2803 generationis
1789 2732 2044 2786 humanze
2099 2731 2199 2784 de-

604 2826 920 2881 scendente.
955 2823 1133 2893 Atque
1169 2822 1282 2877 haec
1314 2821 1531 2892 quidem
1565 2821 1854 2886 hactenus,
1889 2822 2192 2876 secundum

605 2917 828 2989 pietatis
869 2931 1090 2972 sensum
1127 2933 1139 2969 :
1199 2915 1332 2985 quin
1357 2923 1414 2969 et
1454 2915 1584 2970 illud
1625 2914 1722 2969 tibi
1769 2914 1934 2968 etiam
1991 2912 2200 2982 liquere

605 3011 866 3072 arbitror,
890 3008 1035 3077 quod
1060 3005 1408 3062 circumcisio
1430 3005 1616 3061 divino
1639 3006 1757 3061 viro
1778 3004 2012 3059 Abrahae
2031 3019 2199 3058 causa

609 3115 956 3172 nequaquam
986 3099 1111 3154 ﬁdei
1145 3098 1346 3164 fuerat,
1374 3113 1477 3153 nec
1503 3097 1593 3152 illa
1628 3097 1931 3153 secundum
1962 3095 2084 3151 ﬁdei
2110 3111 2200 3148 or-

611 3193 795 3248 dinem
827 3193 1038 3249 censeri
1073 3192 1304 3257 debeat;
1338 3193 1490 3263 prius
1521 3191 1831 3247 crediderat
1864 3198 1919 3245 et
1947 3205 2072 3244 eum
2107 3189 2195 3243 illa
2225 3224 2269 3282 ϐ

607 3289 739 3343 ﬁdes
815 3286 1057 3342 anterior
1129 3285 1270 3356 apud
1343 3285 1493 3339 illum
1559 3283 1894 3350 resedisset,
1954 3282 2196 3353 sigillum

606 3381 710 3436 hoc
764 3378 1093 3450 impressum
1148 3377 1383 3447 accepit.
1440 3373 1727 3432 Aﬁirmare
1785 3376 1991 3448 igitur,
2047 3375 2193 3445 quod

609 3470 816 3526 ideirco
856 3470 1186 3542 praeputium
1233 3467 1700 3534 abseindebatur,
1733 3476 1794 3522 ut
1821 3466 2058 3522 nudatus
2101 3481 2197 3521 na-

608 3564 884 3620 turalibus
920 3563 1292 3625 ornamentis,
1325 3560 1522 3618 sordes
1553 3560 1805 3630 genitalis
1842 3560 1935 3615 illa
1964 3561 2198 3624 clueret,

605 3656 722 3711 scio
765 3670 1007 3726 paganos
1039 3663 1092 3708 et
1131 3651 1353 3707 Iudaeos
1401 3669 1414 3706 :
1454 3651 1546 3705 sed
1592 3650 1954 3706 deblaterant.
1987 3651 2195 3706 Contra

603 3762 744 3820 quos
761 3762 886 3800 eum
911 3747 1078 3800 multa
1095 3744 1228 3800 mibi
1254 3744 1478 3799 dicenda
1505 3750 1818 3814 suppetant,
1839 3758 1960 3814 quae
1979 3742 2197 3797 abunde

607 3836 863 3893 refellant
911 3840 1054 3917 bapc
1097 3836 1394 3891 absurdam
1431 3835 1748 3905 opinionem
1775 3875 1791 3901 ,
1829 3837 1932 3892 boc
1967 3837 2193 3891 unicum

605 3932 906 3988 edisseram
934 3968 950 3995 ,
984 3933 1129 4000 quod
1174 3944 1279 3983 non
1320 3928 1595 3983 illibenter
1637 3929 1879 3984 audirem
1920 3929 1994 3984 ita
2028 3929 2193 3984 dieti~

607 4034 809 4091 tantes,
840 4023 887 4079 si
915 4031 1105 4078 eontra
1152 4021 1358 4076 fontem
1390 4019 1700 4077 eﬁluxionis
1738 4021 2043 4086 seminalis,
2068 4021 2185 4091 gla-

603 4117 752 4172 dium
785 4116 868 4170 vel
901 4114 1188 4170 cultellum
1223 4112 1530 4167 adhibitum
1559 4113 1843 4177 vidissent,
1880 4113 1963 4168 vel
2000 4120 2192 4168 contra

604 4218 851 4264 ventrem
877 4249 891 4273 ,
934 4222 1099 4277 quem
1137 4208 1372 4278 plurima
1413 4206 1792 4271 Immunditie,
1824 4215 1878 4260 et
1907 4206 2194 4260 abomina»

604 4306 700 4361 bili
746 4305 926 4360 adhuc
988 4303 1165 4376 magis
1242 4303 1510 4358 renletum
1556 4309 1612 4358 et
1675 4301 1985 4372 subjectum
2055 4309 2195 4357 ster-

605 4406 762 4453 nunt.

2297 1985 2388 2038 τὸν
2427 1986 2743 2058 Προνοητὴν
2791 1987 2978 2041 ἐκάλει
3023 1987 3189 2060 (οὕτω
3235 1991 3346 2062 γὰρ
3405 1991 3614 2046 ἄνωθεν
3656 1993 3744 2044 καὶ
3768 1991 3856 2063 πρὸ

2296 2079 2406 2132 τῶν
2437 2080 2651 2134 αἰώνων
2669 2083 2782 2144 τοῖς
2832 2081 3000 2148 θείοις
3062 2083 3158 2136 καὶ
3205 2084 3548 2156 ἀπορρήτοις
3579 2085 3857 2155 προώριστο

2298 2173 2597 2245 νεύμασι),
2633 2174 2722 2227 διὰ
2771 2174 2937 2228 τοῦτο
2975 2176 3036 2229 τὸ
3082 2175 3443 2247 Ἀϐραμιαῖον
3495 2177 3651 2245 γένος
3693 2177 3859 2246 ἀφορί-

2299 2263 2470 2328 ζεται.
2514 2263 2609 2317 καὶ
2641 2263 2753 2317 τῶν
2783 2264 2958 2317 ἐθνῶν
2987 2264 3096 2317 τῶν
3128 2263 3304 2318 ἄλλων
3325 2264 3425 2334 τῆς
3456 2264 3734 2336 ἐπιμιξίας
3760 2265 3856 2317 δια-

2298 2354 2550 2425 κρίνεται
2573 2369 2586 2383 ο
2619 2354 2707 2406 ἵνα
2730 2352 2823 2406 τοῦ
2848 2354 3200 2426 Δημιουργοῦ
3224 2355 3316 2408 καὶ
3337 2355 3612 2409 Δεσπότου
3633 2355 3725 2426 τὴν
3741 2356 3858 2425 ἠμε-

2297 2447 2465 2520 τέραν
2501 2446 2662 2518 φύσιν
2693 2447 2754 2514 ἐξ
2793 2447 2956 2502 αὐτοῦ
2993 2448 3516 2520 προσλαμϐάνοντος
3537 2489 3552 2514 ,
3583 2451 3675 2503 καὶ
3701 2465 3857 2517 παρα-

2300 2541 2548 2612 πλησίως
2587 2543 2722 2614 ἡμῖν
2783 2543 2988 2613 σαρκὸς
3055 2541 3444 2606 κοινωνοῦντος
3493 2543 3587 2595 καὶ
3636 2541 3857 2610 αἵματος,

2301 2633 2559 2704 ἐπίδηλόν
2591 2651 2651 2686 τε
2679 2633 2800 2687 λίαν
2852 2634 2948 2687 καὶ
2993 2635 3294 2704 περιφανὲς
3337 2634 3516 2690 ἆπασι
3546 2635 3606 2689 τὸ
3630 2634 3723 2706 τῆς
3749 2635 3860 2688 ὐπο-

2304 2726 2544 2798 σχέσεως
2576 2727 2809 2795 ἁψευδὲς
2845 2730 3114 2800 καταστῇ.
3157 2729 3269 2792 Καὶ
3326 2730 3409 2782 ὅτι
3457 2729 3692 2802 Χριστὸς
3747 2727 3858 2789 Θεὸς

2301 2821 2480 2892 ἡμῶν,
2511 2821 2569 2873 ἐν
2597 2814 2641 2890 ᾧ
2673 2822 2851 2876 πάντα
2884 2822 2955 2875 τὰ
2983 2822 3112 2892 ἔθνη
3152 2823 3251 2892 τῆς
3281 2823 3338 2876 ἐν
3393 2823 3586 2896 χάριτι
3631 2821 3856 2891 εὐλογίας

2301 2911 2748 2984 κατηξιώθησαν,
2779 2915 2844 2967 ἐκ
2888 2915 2985 2984 τῆς
3015 2914 3219 2984 ὀσφύος
3266 2916 3480 2969 ἐκείνου
3539 2916 3634 2979 τάς
3667 2913 3858 2986 πρώτας

2301 3007 2396 3059 καὶ
2441 3005 2790 3076 ἀνθρωπίνας
2852 3007 3028 3078 ἀρχὰς
3057 3009 3158 3069 οὐκ
3210 3007 3531 3079 ἀπηξίωσεν
3558 3005 3700 3078 αὐτῷ
3730 3005 3856 3075 γενέ-

2303 3096 2427 3150 σθαι
2454 3099 2556 3168 τῆς
2583 3099 2727 3152 κατὰ
2763 3099 2944 3168 σάρκα
2988 3101 3316 3171 γεννήσεως.
3360 3101 3528 3155 Ἀλλά
3576 3099 3740 3156 ταῦτα
3775 3097 3856 3168 μὲν

2303 3191 2398 3244 καὶ
2424 3190 2492 3244 τὰ
2516 3190 2762 3254 τοιαῦτα,
2799 3193 2849 3244 οἱ
2876 3192 3122 3257 εὐσεϐεῖς
3150 3193 3423 3263 λογισμοί.
3460 3195 3691 3249 Κάκεῖνο
3718 3193 3767 3246 δέ
3789 3208 3855 3244 σοι

2301 3283 2461 3354 δῆλον
2517 3279 2673 3354 οἶμαι
2731 3283 3089 3348 καθεστάναι,
3132 3285 3208 3351 ὡς
3253 3287 3353 3359 τὴν
3397 3287 3698 3358 περιτομὴν
3725 3288 3751 3340 ὁ
3783 3283 3856 3338 θε-

2301 3375 2528 3438 σπέσιος
2569 3375 2844 3447 Ἀϐραὰμ,
2897 3373 3022 3428 οὐτε
3078 3375 3316 3441 πίστεως
3359 3376 3524 3447 ἔσχεν
3568 3377 3757 3438 αίτίαν,
3803 3373 3852 3426 οὐ

2301 3468 2411 3538 μὴν
2446 3466 2554 3519 οὐδ’
2583 3467 2717 3520 αὐτό
2749 3484 2812 3536 γε
2844 3465 3005 3520 τοῦτο
3048 3467 3202 3532 τάξιν
3240 3467 3551 3538 ἐπέχουσαν
3603 3468 3845 3523 πίστεως·

2301 3559 2701 3630 προεπίστευσε
2758 3559 2888 3630 γάρ,
2923 3558 3063 3614 ἀλλὰ
3107 3559 3210 3630 τῆς
3247 3559 3684 3632 προῦπαρξάσης
3733 3552 3858 3626 αὐτῷ

2307 3654 2470 3726 μόνον
2523 3655 2797 3726 σφραγῖδα
2844 3655 3049 3723 ταύτην
3095 3653 3336 3718 ἐδέξατο.
3372 3655 3444 3707 Τὸ
3480 3654 3661 3725 μέντοι
3688 3669 3745 3721 γε
3785 3649 3858 3702 ts-

2302 3764 2444 3817 γειν,
2475 3745 2549 3810 ὡς
2579 3747 2668 3800 διὰ
2693 3747 2852 3799 τοῦτο
2874 3745 3228 3817 περιετμήθη
3261 3745 3363 3815 τὴν
3391 3745 3770 3816 ἀκροϐυστίαν,
3797 3742 3860 3805 ώς

2301 3837 2369 3892 ἂν
2399 3838 2610 3908 γυμνὸν
2642 3837 2884 3908 γεγονὼς
2911 3837 3021 3893 τῶν
3073 3841 3138 3891 ἐκ
3171 3838 3388 3907 φύσεως
3439 3839 3857 3912 περιϐλημάτων,

2299 3928 2364 3982 τὸ
2408 3929 2727 3998 παιδογόνον
2772 3931 2882 3983 τῶν
2911 3931 3124 3984 ἐκεῖθεν
3165 3930 3355 4001 ρύπων
3402 3932 3731 4006 καθαρεύοι,
3763 3925 3861 3983 οἶδα

2306 4024 2405 4094 μὲν
2443 4023 2723 4094 Ἐλλήνων
2757 4025 2936 4089 παισὶ,
2971 4025 3064 4078 καί
3094 4042 3238 4078 τισιν
3275 4025 3548 4082 Ἰουδαίων
3575 4027 3863 4096 πεφλυαρη-

2307 4115 2489 4186 μένον.
2524 4115 2634 4167 Καὶ
2675 4115 2846 4186 μυρία
2882 4114 3067 4184 λέγειν
3089 4115 3226 4185 ἔχων
3251 4116 3388 4186 πρὸς
3412 4115 3613 4180 αὐτοὺς
3633 4115 3728 4185 τῆς
3752 4111 3862 4167 ἁτὸο

2304 4227 2406 4264 που
2461 4208 2642 4281 δόξης,
2701 4208 2762 4260 τὸ
2820 4208 2928 4261 τῶν
2973 4207 3211 4278 ἐλέγχων
3249 4207 3482 4277 ἄφθονον
3526 4206 3863 4279 χορηγούσης,

2303 4304 2481 4357 ἐκεῖνο
2507 4303 2667 4373 μόνον
2698 4302 2826 4370 ἐρω,
2863 4300 2939 4363 ὡς
2969 4301 3140 4370 ἡδέως
3174 4302 3240 4354 ἂν
3279 4300 3461 4353 αὐτῶν
3478 4301 3671 4371 ἢκουον
3727 4297 3862 4351 τοῦτο

2305 4392 2600 4461 λεγόντων,
2626 4391 2675 4443 εί
2699 4391 2819 4444 κατ’
2845 4390 3018 4461 αὐτῆς
3048 4391 3158 4444 τῶν
3180 4390 3575 4462 σπερματικῶν
3600 4389 3860 4461 ῥευμάτων

603 4493 704 4562 τῆς
762 4493 970 4562 πηγῆς,
1003 4490 1222 4564 πρῶτον
1273 4489 1336 4544 τὸ
1374 4489 1526 4559 ξίεξος
1577 4489 1805 4543 ἔϐλεπον
1840 4488 2192 4560 φέροντας,ἢ
2235 4488 2377 4543 κατὰ
2402 4487 2711 4558 γαστέρων,
2732 4484 2799 4550 ἃς
2857 4481 3018 4540 αὐτοὶ
3073 4487 3284 4552 ἑαυτοῖς
3322 4488 3420 4540 καὶ
3465 4488 3716 4540 πλειόνων
3740 4484 3860 4535 ἀκα-

605 4587 846 4661 θαρσιῶν
876 4587 968 4641 καὶ
997 4587 1149 4658 βδελυ
1164 4585 1416 4658 ρωτέρων
1442 4585 1748 4656 ὑπονόμους
1778 4586 2180 4656 ὑπεστήσαντο.

713 4729 1043 4798 QUASSTIO
1084 4728 1197 4784 CVI
1261 4728 1452 4801 [CoisL
1489 4737 1543 4782 et
1574 4726 1740 4780 Taur.
1774 4723 2087 4797 cxxvm}.

656 4827 798 4892 Quid
839 4826 1108 4895 significat
1167 4821 1526 4877 redundantia
1577 4820 1720 4875 verbi
1760 4819 1876 4889 είμί
1925 4819 2153 4890 (sumi?

2835 4724 3177 4781 urorum:
3217 4725 3358 4791 Ρτςν.

2553 4822 2615 4877 Τί
2644 4819 2931 4890 σημαίνει
2961 4819 2999 4886 ἡ
3031 4815 3133 4870 τοῦ
3173 4815 3289 4885 εἰμί
3328 4813 3602 4882 παρολκὴ
3628 4828 3648 4877 ;

1083 4923 1231 4989 Edita.
1257 4951 1284 4986 a
1306 4937 1626 4996 Monlacutio,
1653 4948 1735 4997 ep.
1759 4934 1872 4996 208,
1897 4936 1963 4984 ad
2003 4937 2203 4987 Leonem
2227 4935 2424 5002 philos,
2450 4953 2498 5002 p.
2527 4939 2754 4988 505-506.
2792 4939 3017 4998 Quaestio
3038 4934 3372 4998 grammatica.

675 5046 1027 5102 Abundantia
1081 5046 1232 5102 vocis
1276 5044 1418 5116 εἰμί,
1449 5060 1589 5111 sum,
1640 5043 1691 5097 in
1740 5045 2049 5115 composita
2079 5060 2203 5101 ora-

606 5145 775 5209 tione,
804 5159 928 5198 cum
954 5144 1278 5213 prenomine
1298 5158 1390 5213 ego
1415 5139 1780 5211 praecedente,
1827 5140 2089 5213 frequens
2119 5150 2205 5196 est

605 5239 660 5293 in
693 5238 895 5293 divinis
929 5236 1177 5303 Litteris,
1219 5251 1321 5290 nec
1357 5243 1536 5290 tamen
1593 5233 1798 5289 crimen
1834 5234 1983 5290 subit
2035 5235 2203 5290 solo:-

604 5333 763 5390 cismi
810 5350 823 5385 :
875 5330 920 5386 si
966 5331 1034 5386 de
1075 5331 1180 5386 hoe
1209 5329 1449 5394 dubites,
1512 5327 1780 5400 recogita,
1810 5327 1984 5383 Ἔνιοί
2033 5345 2198 5392 τινεςο

607 5427 754 5496 Σφᾶς
804 5425 1005 5490 αὐτούς
1033 5442 1046 5456 ·
1096 5423 1372 5496 Ἀπῆλθεν
1421 5421 1582 5494 ἔχων,
1616 5437 1741 5492 qua:
1783 5420 2098 5477 redundant
2142 5419 2198 5474 in

606 5517 920 5574 Grrecorum
955 5517 1133 5582 libris,
1186 5525 1242 5572 et
1270 5515 1345 5572 ita
1376 5515 1581 5571 desiste
1608 5514 1938 5570 addubitare
1984 5529 2000 5566 :
2051 5521 2202 5584 patet

606 5612 773 5674 enim,
798 5611 942 5681 quod
961 5611 1112 5676 ἔνιοι,
1143 5625 1267 5666 eum
1298 5625 1432 5665 voce
1460 5609 1626 5676 τινές,
1647 5609 1810 5679 σφᾶς,
1835 5623 1959 5664 eum
1979 5607 2199 5672 αὐτοὺς,

609 5719 718 5756 non
766 5703 975 5773 aliquid
1026 5703 1177 5759 aliud
1231 5703 1567 5775 signiﬁcant,
1609 5717 1774 5774 quam
1809 5700 1957 5773 quod
2006 5699 2203 5772 primis

2389 5047 2456 5102 Ἦ
2487 5047 2582 5102 τοῦ
2610 5046 2729 5117 εἰμί
2766 5045 3016 5119 παρολκὴ
3038 5085 3054 5111 ,
3089 5043 3188 5115 τῆς
3218 5041 3334 5111 ἐγὼ
3366 5037 3710 5108 ἀντωνυμίας
3735 5027 3865 5084 -κατὰ

2310 5141 2562 5196 σύνθεσιν
2590 5139 3059 5214 προηγησαμένης
3079 5181 3093 5203 ,
3125 5135 3356 5208 σύνηθες
3385 5135 3486 5206 μέν
3523 5134 3636 5186 ἐστι
3670 5131 3730 5200 τῇ
3763 5123 3865 5189 θείᾳ

2307 5236 2539 5307 Γραφῇ,
2587 5233 2703 5288 ἀλλ’
2737 5231 2996 5303 οὐδεμίαν
3044 5229 3132 5284 διὰ
3165 5229 3324 5284 τοῦτο
3353 5227 3594 5282 σολοίκου
3642 5221 3864 5292 γλώσσης

2318 5327 2497 5381 αἰτίαν
2531 5325 2852 5398 παρέχεται,
2879 5325 2941 5378 Εἰ
2971 5323 3030 5377 δέ
3067 5341 3131 5392 γε
3155 5321 3576 5391 διαμφισϐητεῖς
3595 5362 3608 5385 ,
3634 5313 3864 5381 ἐννοήσας

2310 5421 2370 5475 τὸ
2397 5463 2411 5485 ,
2465 5421 2638 5474 Ἕνιοί
2691 5436 2836 5482 τινες
2869 5434 2883 5446 ο
2921 5419 3016 5471 καὶ
3051 5417 3145 5480 τὸ,
3197 5411 3346 5484 Σφᾶς
3392 5414 3618 5475 αὐτοὺς,
3648 5407 3736 5462 καὶ
3783 5400 3861 5463 τὸ,

2321 5512 2591 5584 Ἀπῆλθεν
2616 5511 2755 5583 ἔχων
2774 5551 2789 5575 ,
2814 5511 2849 5566 ἃ
2880 5513 2996 5574 τοῖς
3038 5510 3368 5578 Ἑλληνικοῖς
3402 5504 3684 5567 πλεονάζει
3706 5494 3863 5568 γράίθθ

2315 5623 2450 5676 μασι
2480 5648 2494 5672 ,
2545 5605 2744 5674 στῆσον
2780 5605 2976 5659 σαυτὸν
2997 5603 3100 5672 τῆς
3135 5601 3551 5673 ἁμφισϐήσεως.
3586 5594 3745 5664 Δῆλον
3772 5585 3862 5676 γάρ

2310 5675 2386 5764 ὥς
2414 5698 2475 5752 τὸ
2494 5739 2508 5765 ,
2545 5697 2740 5766 τινὲς,
2777 5699 2916 5769 μετὰ
2950 5695 3044 5750 τοῦ
3074 5696 3225 5750 ἔνιοι
3247 5735 3260 5760 ,
3307 5693 3486 5747 καὶτὸ
3514 5685 3673 5759 σφᾶς
3692 5726 3706 5750 ,
3746 5675 3861 5754 μετά

679 5887 744 5920 ’⁸⁸
777 5885 913 5942 Gen.
940 5901 1040 5954 xu,
1067 5886 1123 5939 '5.
