4158 6430
307 381 415 447 ait
1171 380 1270 440 AD
1297 368 1893 440 AMPHILOCHIUM
1922 376 2270 451 QUXESTIO
2298 380 2716 444 CXVI-CVIII,
3503 389 3611 451 σω

313 498 414 553 τοῦ
444 494 671 561 αὐτοὺς
697 533 713 560 ,
736 494 891 548 οὐδὲν
914 492 1103 564 ἕτερον
1130 533 1143 558 ,
1172 492 1291 547 ἀλλ’
1318 495 1453 565 ὅπερ
1482 494 1706 565 ἐδήλουν
1734 493 1912 548 αὐτῶν

2022 493 2253 549 vocibus
2279 495 2693 565 designabatur.
2716 495 2783 552 Et
2802 503 2949 568 patet
2974 498 3119 554 hanc
3151 512 3317 555 unam
3348 515 3469 557 esse
3488 517 3623 570 spe-t

310 595 371 648 αἱ
397 588 843 663 προτεταγμέναι
866 587 1196 658 σημαίνουσι
1225 585 1417 651 λέξεις.
1446 587 1521 639 Τὸ
1545 587 1603 639 δὲ
1629 584 1912 640 τοιούτων¹

2024 589 2165 641 ciem
2197 588 2455 657 parolcia:
2481 605 2577 644 seu
2612 591 3008 647 redundantire.
3040 593 3240 664 Figura
3276 604 3361 649 est
3408 598 3617 651 oratio-

312 682 540 753 εὔδηλον
565 720 581 744 ,
630 680 707 743 ὼς
742 678 843 749 μία
870 678 956 740 τίς
1003 679 1151 731 ἐστιν
1188 678 1301 731 ίδέα
1341 678 1442 749 τῆς
1486 678 1771 749 παρολκῆς
1826 676 1921 732 καὶ

317 777 507 845 σχῆμα
526 773 712 841 λόγου,
738 770 855 824 ἀλλ’
887 770 949 823 οὐ
983 770 1226 833 σόλοικος
1254 769 1449 839 ἄγνοια
1472 786 1487 801 ⁸
1512 771 1606 824 καὶ
1637 770 1699 823 τὸ
1719 810 1734 835 ,
1763 771 1922 839 ἔχων

314 868 375 921 δὲ
411 866 671 928 πολλάκις
701 864 839 933 μετὰ
866 863 961 918 τοῦ
999 864 1297 931 ἀπῆλθες,
1345 864 1379 935 ἢ
1410 862 1506 917 τοῦ
1548 863 1836 931 βαδίζεις,
1884 864 1918 936 ἢ

318 959 414 1013 τοῦ
442 957 750 1023 σπεύδεις,
776 956 871 1009 καὶ
902 955 1043 1027 μετά
1067 955 1328 1008 πλειόνων
1352 954 1527 1010 ἄλλων
1543 996 1556 1019 ,
1580 957 1639 1008 ὲν
1670 956 1917 1027 ὑποταγῇ

321 1050 724 1120 συντιθέμενον,
746 1048 895 1119 παρὰ
922 1050 1033 1111 τοῖς
1052 1050 1163 1113 σοῖς
1185 1050 1468 1117 σοφισταῖς
1489 1048 1642 1101 οὐδὲν
1659 1048 1798 1111 ὅλως
1819 1066 1919 1120 ση-

325 1146 519 1215 μαῖνον
548 1141 889 1212 εὑρίσκεται,
924 1140 1037 1194 ἀλλ’
1060 1139 1193 1194 αὐτὸ
1221 1138 1383 1193 τοῦτο
1414 1139 1695 1212 παρολκῆς
1722 1139 1920 1210 ἐπέχον

321 1234 500 1286 τόπον.
516 1231 649 1285 Είδὲ
663 1234 759 1286 καλ⁸
780 1233 1083 1303 ὲγγυτέρας
1103 1230 1281 1301 βούλει
1304 1230 1919 1302 κατασιωπηθῑψαιτοῖς

318 1324 767 1396 παραδείγμασιν
794 1364 807 1387 ,
839 1324 961 1377 οὐδὲ
988 1324 1147 1377 τοῦτο
1182 1326 1437 1394 παρήσω.
1472 1323 1653 1378 Αὑτοῦ
1685 1324 1795 1393 γάρ
1819 1323 1913 1378 τοῦ

314 1419 435 1486 εἰμὶ
482 1417 583 1486 τὴν
614 1416 1014 1486 ἀπαρέμφατον
1046 1414 1290 1485 ἔγκλισιν
1316 1455 1331 1479 ,
1360 1417 1455 1470 καὶ
1475 1418 1577 1488 τὴν
1605 1415 1763 1471 ἑκὼν
1791 1433 1917 1485 μετδ

318 1508 452 1580 οχὴν
480 1548 495 1571 ,
546 1510 630 1571 είς
670 1509 892 1579 μνήμην
945 1507 1254 1578 ἀνειληφὼς
1300 1508 1545 1580 (καίπερ
1590 1508 1763 1578 ὀλίγοι
1807 1508 1916 1562 τῶν

335 1596 695 1650 Ἀττικιστῶν
717 1638 731 1663 ,
763 1594 843 1660 οἷς
891 1598 993 1650 οὐκ
1030 1596 1149 1651 ἔστι
1176 1598 1235 1651 τὸ
1270 1596 1426 1653 ἑκὼν
1451 1595 1605 1653 εἶναι
1640 1600 1751 1653 τῶν
1782 1617 1913 1669 συγ-

319 1690 674 1760 γραμμάτων
696 1696 755 1743 ὲν
787 1690 955 1761 μοίρᾳ
992 1690 1252 1763 λαμπροῦ
1285 1691 1817 1763 καλλωπίσματος),
1851 1692 1914 1747 εὖ

315 1778 419 1835 οἷδ’
446 1783 530 1836 ὅτι
562 1782 759 1835 σαυτὸν
792 1784 1014 1855 αἰτιάσῃ
1036 1826 1051 1851 ,
1083 1784 1165 1838 ὅτι
1194 1786 1308 1849 τοῖς
1342 1786 1570 1839 ἐκείνων
1601 1785 1788 1850 πόνοις
1826 1788 1913 1840 ὲν-

2022 679 2131 741 nis,
2180 692 2289 731 non
2345 679 2549 734 solmca
2615 681 2887 751 ignoratio
2927 701 2938 736 :
2981 696 3033 735 ct
3083 700 3227 755 saepe
3289 685 3431 756 ἔχων
3484 703 3611 742 cum

2021 765 2265 837 ἀπῆλθες
2300 768 2583 822 substrata
2608 784 2714 822 vox
2739 769 2791 823 in
2818 772 3218 840 compositione
3238 775 3380 844 apud
3433 777 3611 844 δορΙιίι

2025 869 2140 915 stas
2190 869 2314 912 tuos
2364 859 2503 914 nihil
2543 860 2691 915 aliud
2735 871 2890 915 notat.
2936 872 3100 932 quam
3136 863 3387 933 βαδίζεις,
3441 868 3613 921 σπεύ-

2018 951 2152 1017 δεις,
2185 963 2317 1020 etc.,
2350 953 2417 1007 ad
2464 952 2698 1007 formant
2732 952 2991 1008 nimirum
3023 955 3325 1025 παρολκῆς.
3378 957 3474 1013 Sin
3518 935 3627 1029 per.

2019 1046 2289 1101 viciniora
2319 1046 2571 1116 exempla
2612 1048 2697 1101 vis
2744 1056 2805 1100 ut
2834 1047 3115 1102 silentium
3149 1048 3246 1101 tibi
3277 1049 3611 1119 imponatur,

2022 1140 2078 1195 id
2128 1156 2237 1194 non
2291 1140 2729 1210 praetermittam.
2762 1138 2925 1195 Vocis
2954 1126 3074 1210 είμὶ
3106 1140 3437 1196 infinitivum
3486 1158 3612 1198 cum

2019 1232 2312 1303 participio
2355 1233 2410 1287 in
2447 1232 2772 1287 memoriam
2806 1248 3071 1287 revocans
3104 1233 3251 1303 (licet
3296 1236 3455 1303 pauci
3500 1236 3614 1290 sint

2019 1326 2161 1381 inter
2191 1325 2500 1391 Atticistas,
2525 1325 2620 1395 qui
2660 1341 2767 1379 non
2804 1324 2947 1377 ἑκὼν
2984 1320 3146 1389 εἶναι,
3189 1335 3250 1381 ut
3282 1336 3613 1383 ornamento

2016 1418 2283 1474 orationis
2308 1418 2587 1487 utuntur),
2609 1420 2749 1485 scio,
2765 1420 3002 1489 teipsum
3021 1422 3289 1493 culpabis,
3317 1423 3465 1494 quod
3484 1439 3613 1479 cum

2016 1510 2071 1564 in
2109 1526 2303 1565 eorum
2336 1510 2561 1580 scriptis
2589 1519 2842 1566 versatus
2878 1512 3069 1579 fueris,
3105 1515 3196 1569 ubi
3233 1510 3375 1569 εἷναι
3422 1518 3614 1587 saepisA

2016 1604 2156 1659 sime
2174 1604 2481 1659 redundare
2498 1604 2872 1674 deprehendes
2892 1606 3367 1675 manifestissime,
3382 1625 3485 1665 nec
3510 1609 3615 1664 ali-

2015 1697 2147 1767 quid
2180 1695 2406 1752 omnino
2426 1696 2740 1767 signiﬁcare
2761 1737 2777 1763 ,
2810 1714 2980 1755 ausus
3021 1692 3192 1755 fueris
3233 1702 3613 1758 soloecismum

2018 1788 2088 1844 iis
2118 1789 2410 1860 imputare,
2443 1801 2539 1844 aut
2567 1790 2622 1844 in
2669 1790 2790 1860 ejus
2826 1794 3014 1847 venire
3043 1794 3415 1863 suspicionem
3444 1795 3468 1847 ?
3500 1794 3614 1849 Cur

316 1874 530 1943 ομιλῶν
552 1914 567 1937 ,
599 1874 697 1927 καὶ
724 1873 786 1928 τὸ
809 1870 968 1929 εἶναι
999 1874 1213 1945 βλέπων
1241 1878 1516 1950 παρέλκον
1541 1877 1725 1942 αὐτοῖς
1743 1918 1759 1943 ,
1786 1891 1912 1949 τραι

2020 1880 2188 1953 igitur
2202 1896 2310 1935 non
2332 1881 2577 1937 metuisti
2603 1894 2826 1952 pmpIer
2860 1885 3010 1939 vocis
3046 1885 3163 1955 εἰμὶ
3190 1885 3613 1940 redundantiam

318 1962 428 2026 νῶς
465 1963 753 2034 πολλαχοῦ
782 2008 797 2034 ,
845 1965 941 2018 καὶ
994 1965 1148 2018 οὐδὲν
1182 1967 1374 2036 νοῆσαι
1418 1983 1432 1998 ⁸
1475 1967 1755 2039 τολμήσας
1782 1970 1914 2023 ποτὲ

316 2058 628 2128 ὀνειδισμὸν
663 2059 907 2113 σολοίκου
954 2060 1243 2132 φωνῆς,ἢ
1304 2060 1563 2117 ὑπόνοιαν
1613 2064 1799 2127 αὐτοῖς
1850 2062 1914 2117 τὸ

316 2147 567 2201 τοιοῦτον
604 2149 889 2220 ὲμποιεῖν;
930 2151 1046 2205 Οὐκ
1096 2152 1493 2226 ἐδυσωπήθης,
1530 2154 1621 2209 διά
1668 2156 1769 2227 τὴν
1816 2156 1912 2209 τοῦ

317 2239 441 2309 ειμι
479 2240 794 2313 παρολκὴν,
822 2242 918 2314 τὴν
940 2246 957 2313 (
978 2245 1136 2316 εῐπερ
1167 2241 1234 2317 ἦν
1263 2248 1438 2300 ταῦτα
1479 2246 1734 2319 γλώσσης
1791 2249 1911 2302 Ἑλ-

319 2331 536 2403 ληνίδος
570 2334 913 2407 ἁμάρτημα)
939 2336 1142 2408 ὁμοίως
1174 2336 1459 2411 ἑκατέροις
1490 2340 1912 2412 ὲφαρμόζουσαν

318 2423 416 2477 τοῦ
476 2425 796 2492 σολοικίζειν
848 2432 1103 2501 γραφὴν,
1137 2431 1326 2505 ὥσπερ
1364 2436 1429 2488 ὲκ
1473 2433 1748 2508 βαρϐάρου
1787 2438 1911 2491 ὲπιέ

317 2516 604 2587 τάγματος
630 2521 775 2573 κατὰ
800 2523 970 2592 μόνης
995 2524 1097 2594 τῆς
1127 2524 1280 2589 Θείας
1303 2526 1461 2597 ήμῶν
1490 2529 1585 2581 καὶ
1611 2529 1913 2599 ίερωτάτης

319 2608 398 2677 μὴ
431 2610 911 2680 καταψηφίζεσθαι
942 2615 1197 2687 Γραφῆς;
1235 2617 1377 2671 Ἀλλ’
1410 2614 1504 2673 οὖν
1534 2619 1691 2684 εἰδώς
1722 2637 1815 2673 σου
1850 2622 1911 2673 τὸ

315 2701 416 2770 τῆς
445 2700 669 2773 γνώμης
696 2704 1021 2771 ἀδέκαστον,
1051 2706 1275 2773 εὔελπίς
1308 2711 1426 2781 είμι
1455 2709 1549 2763 τοῦ
1577 2710 1765 2780 λοιποῦ
1793 2750 1809 2775 ,
1842 2712 1906 2764 οὐ

2022 1972 2092 2045 (si
2119 1980 2267 2029 esset
2295 1973 2350 2027 in
2375 1988 2633 2030 sermone
2659 1973 2851 2029 Graeco
2868 1976 3201 2047 peccatum),
3220 1992 3342 2047 quae
3363 1978 3613 2047 utrisque

2020 2067 2304 2136 competit,
2329 2082 2393 2123 ac
2412 2067 2457 2122 si
2494 2067 2727 2124 barbare
2762 2068 3100 2140 loqueretur,
3132 2076 3347 2126 sacram
3381 2076 3437 2125 et
3466 2070 3612 2125 divi-

2021 2173 2150 2212 nam
2184 2156 2528 2230 Scripturam
2559 2160 2864 2215 incusare?
2891 2159 2995 2215 Sed
3026 2176 3153 2215 cum
3198 2159 3498 2231 intelligam
3524 2159 3613 2214 iri-

2020 2262 2346 2320 corruptum
2378 2259 2534 2305 tuum
2558 2265 2680 2306 esse
2705 2250 3000 2320 judicium,
3027 2267 3152 2322 spes
3170 2261 3419 2307 metenet
3440 2251 3608 2316 bona,

2018 2351 2071 2397 te
2104 2342 2421 2412 hujusmodi
2444 2343 2780 2398 locutionem
2808 2343 3010 2400 dehinc
3046 2360 3153 2400 non
3185 2346 3604 2399 incusaturumt’

2014 2437 2111 2490 sed
2150 2437 2194 2491 si
2244 2436 2337 2506 qui
2374 2435 2483 2490 sint
2519 2437 2614 2505 qui
2643 2435 2778 2491 illud
2807 2438 2929 2492 ausi
2960 2436 3186 2504 fuerint,
3224 2446 3277 2492 le
3319 2436 3482 2492 facile
3511 2452 3609 2492 eos

2016 2528 2317 2584 instructos
2346 2528 2400 2582 in
2426 2529 2572 2583 viam
2601 2530 2983 2595 reducturum,
3034 2545 3268 2597 quorum
3300 2528 3613 2599 ignorantia

2015 2620 2165 2690 (nam
2199 2618 2443 2674 audacia:
2477 2627 2654 2675 mater
2690 2630 2775 2676 est
2814 2620 3145 2691 ignorantia)
3181 2621 3250 2675 ad
3299 2621 3404 2675 hoc
3444 2620 3611 2675 modo

2012 2710 2447 2781 delinquendum
2507 2713 2655 2784 ipsos
2704 2712 2987 2778 excitavit,
3045 2721 3100 2767 et
3156 2713 3317 2783 quasi
3358 2712 3462 2767 alis
3523 2712 3613 2766 in-

318 2792 483 2862 μόνον
516 2795 714 2865 μηκέτι
746 2814 805 2850 σε
835 2799 905 2853 τὰ
935 2800 1161 2855 τοιαῦτα
1197 2802 1289 2854 ὑπ’
1338 2802 1521 2856 αίτίαν
1550 2804 1687 2875 όρᾷν
1715 2820 1730 2835 ο
1763 2803 1901 2857 ἀλλὰ
2010 2805 2231 2859 struxit.

315 2885 416 2969 καὶ
441 2887 494 2940 εί
520 2905 663 2953 τινες
696 2890 944 2963 τολμῷεν
976 2894 1375 2967 παραπλησίως
1408 2896 1809 2969 ἐξαμαρτάνειν
1841 2933 1857 2959 ,
1896 2897 2096 2967 ῥᾳδίως
2115 2898 2317 2962 αὐτοὺς
2353 2897 2665 2967 μεθέλκειν,
2693 2900 2785 2953 καὶ
2814 2897 3196 2953 ἀναδιδάσκειν
3241 2892 3315 2951 ὧν
3353 2900 3386 2955 ὴ
3420 2898 3612 2965 ἄγνοια

317 2967 577 3050 (θράσους
605 2985 714 3056 γὰρ
737 2986 949 3057 ἀμαθία
1007 2988 1237 3060 μήτηρ),
1274 2992 1354 3054 εἰς
1380 2991 1441 3044 τὸ
1470 2967 1815 3061 πλημμελεῖν
1845 2991 2045 3054 αὐτοὺς
2075 2992 2174 3046 άνε
2194 2992 2398 3063 πτέρου
2428 2992 2523 3046 καὶ
2558 2992 2899 3066 ἀνηρέθιζεν.

876 3103 1213 3160 ΕΡΩΤΗΣΙΣ
1248 3106 1370 3162 PZ'.

316 3192 427 3246 Διὰ
450 3192 508 3246 τί
537 3192 952 3269 τῷ-τληπίιθεῐ
991 3197 1275 3265 Ἡρακλεῖ
1308 3198 1376 3252 τὸ
1402 3198 1511 3266 τῆς
1551 3198 1910 3269 Ἀμαλθείας

573 3263 751 3332 κέρας
801 3268 854 3319 οὶ
894 3263 1139 3336 ποιηταὶ
1190 3263 1663 3339 ἐγχειρίζὸὺσινῖς

2164 3106 2496 3175 QUIESTIO
2532 3108 2672 3164 CVII
2724 3108 2941 3179 [Coisl.,
2993 3106 3156 3161 Taur.
3219 3105 3486 3178 CXXIX].

2060 3198 2461 3255 Curlaborioso
2502 3200 2725 3255 Herculi
2769 3210 2936 3264 poetw
2976 3200 3271 3253 Amalthea:
3320 3200 3576 3254 cornuin

2551 3273 2796 3325 manibus
2827 3280 3027 3340 ponant
3052 3272 3077 3323 ?

586 3416 726 3466 Edita
751 3430 779 3465 a
804 3416 862 3466 B.
891 3416 954 3465 de
977 3415 1309 3476 Montfaucon,
1333 3413 1567 3465 Bibliolh.
1603 3410 1754 3463 Coisl.
1780 3426 1828 3475 p.
1852 3412 1963 3471 3&7,
1996 3413 2052 3461 et
2072 3424 2101 3460 a
2132 3410 2458 3471 Montaculio,
2486 3424 2569 3474 ep.
2590 3411 2703 3473 209,
2723 3412 2790 3460 ad
2820 3413 3037 3471 Leonem,
3065 3425 3114 3473 ρ.
3142 3411 3253 3470 506,
3276 3411 3383 3463 307.

402 3517 541 3573 Ἰσθι
566 3520 644 3584 ώς
698 3520 757 3574 οὐ
804 3521 965 3593 μόνον
994 3522 1073 3593 τῷ
1103 3521 1373 3593 τληπαθεῖ
1439 3520 1739 3593 Ἠρακλεῖ,
1777 3520 1914 3575 ἀλλά

319 3613 421 3666 καὶ
457 3612 537 3682 τῷ
569 3613 737 3684 λογίῳ
784 3601 962 3687 Ἑρμῇ
1000 3615 1060 3668 τὸ
1110 3615 1210 3684 τῆς
1253 3613 1584 3684 Ἀμαλθείας
1632 3613 1805 3685 κέρας
1861 3614 1914 3667 oi.

316 3708 543 3777 ποιηταὶ
590 3709 979 3779 ἐγχειρίζουσι.
1020 3709 1113 3778 Μὴ
1141 3709 1321 3762 τοίνυν
1352 3708 1664 3780 στρατείαις
1692 3708 1788 3761 καὶ
1814 3707 1915 3760 πό-

317 3817 433 3862 νοις
486 3803 820 3869 σωματικοῖς
871 3801 991 3854 ὅλον
1042 3802 1270 3855 σεαυτὸν
1302 3801 1513 3866 διδοὺς,
1568 3801 1678 3855 τῶν
1729 3800 1916 3855 καλῶν

320 3891 665 3962 μαθημάτων
694 3892 967 3960 ἀφίστασο
994 3933 1009 3955 ,
1040 3892 1254 3946 ἐκεῖθέν
1284 3910 1367 3946 σοι
1402 3893 1591 3964 ῥεῦσαι
1632 3893 1794 3964 μόνον
1814 3893 1913 3964 τὴν

317 3985 665 4054 εὐδαιμονίαν
707 3986 800 4039 τοῦ
833 3985 950 4056 βίου
980 3987 1229 4057 οἰόμενος
1258 4003 1272 4017 ⁰
1311 3986 1447 4041 ἀλλά
1492 3988 1587 4041 καὶ
1616 3990 1737 4051 ταῖς
1770 3988 1913 4056 ἠμε-

315 4076 503 4147 τέραις
523 4076 770 4145 εὐγενὲσι
802 4077 1056 4146 μούσαις,
1080 4077 1137 4132 αἲ
1172 4078 1283 4132 τῶν
1320 4078 1639 4148 Ἑλληνίδων
1658 4079 1913 4133 τοσοῦτον

314 4169 704 4241 διαφέρουσιν,
752 4172 878 4225 ὅσον
964 4172 1238 4243 ἐλεύθεροι
1276 4171 1468 4241 φύσεις
1504 4172 1707 4225 δούλων
1758 4173 1907 4242 ὴθῶν

316 4262 414 4316 καὶ
442 4263 735 4327 κολακείας
765 4264 997 4334 ἀλήθεια
1017 4304 1031 4330 ,
1052 4264 1196 4317 δίδου
1224 4264 1327 4318 κᾶν
1348 4266 1405 4316 ὲν
1448 4264 1604 4335 μέρει
1639 4265 1707 4317 τὰ
1732 4265 1910 4337 σεμνά

316 4355 415 4407 καὶ
443 4356 577 4425 ἡδέα
607 4354 717 4408 τῶν
742 4355 1005 4425 ᾀσμάτων
1036 4357 1367 4429 κατεπᾴδειν
1408 4372 1512 4409 σοι.
1555 4357 1628 4409 Τὸ
1668 4358 1769 4428 μὲν
1798 4358 1904 4429 γὰρ

330 4447 665 4517 Ἀμαλθείας
721 4448 891 4517 κέρας
935 4448 1029 4500 καὶ
1081 4447 1158 4518 τῷ
1193 4444 1447 4519 Ἀχελῴῳ
1495 4449 1727 4520 ποταμῷ
1758 4489 1773 4513 ,
1825 4451 1908 4504 ὅτι

315 4541 419 4610 τὴν
449 4540 817 4611 ὑποκειμένην
850 4542 1160 4613 περιρρέων
1187 4540 1375 4614 χώραν
1413 4543 1704 4614 πάμφορον
1740 4543 1908 4614 ἐργά-

313 4634 507 4699 ζεται,
562 4635 623 4688 τὸ
675 4652 917 4705 ποιητων
967 4637 1268 4706 αὐτόνομον
1290 4635 1443 4700 ἔθνος
1474 4636 1707 4706 ἑτοίμως
1753 4640 1907 4708 χαρί-

311 4727 522 4792 ζονται.
554 4728 664 4781 Καὶ
710 4728 863 4782 οὐδὲν
892 4727 1169 4798 ἀνθρώπῳ
1201 4726 1348 4797 μέγα
1378 4730 1567 4797 τυχεῖν
1601 4721 1677 4781 ὧν
1704 4730 1766 4781 ὲκ
1808 4728 1907 4797 φύ-

312 4836 453 4881 σεως
490 4821 600 4889 ἔχει
629 4820 724 4872 καὶ
752 4818 822 4871 τά
850 4818 1057 4889 ἄψυχα.
1088 4819 1200 4888 Τὴν
1228 4818 1274 4871 δ’
1306 4818 1486 4890 ἀληθῆ
1516 4820 1610 4873 καὶ
1638 4819 1790 4871 θείαν
1816 4820 1907 4871 εὑ-

2094 3510 2271 3586 Nosli,
2303 3536 2415 3577 non
2444 3520 2622 3575 solum
2662 3520 2943 3576 laborioso
2990 3519 3235 3585 llerculi,
3285 3520 3381 3576 sed
3435 3521 3605 3577 etiam

2021 3614 2241 3670 erudito
2270 3612 2544 3670 Mercurio
2575 3615 2877 3669 Amalthea:
2918 3629 3091 3668 cornu
3115 3626 3305 3684 poetas
3334 3615 3388 3668 in
3422 3616 3605 3672 mani-

2016 3704 2120 3762 bus
2149 3722 2375 3775 ponere.
2432 3704 2512 3761 Ne
2571 3707 2737 3777 igitur
2792 3708 3001 3761 militia:
3036 3707 3432 3777 laboribusque
3480 3723 3605 3763 coru

2017 3799 2199 3867 poreis
2230 3808 2404 3852 totum
2434 3807 2484 3851 te
2506 3797 2733 3863 dedens,
2769 3799 2977 3853 abonis
2998 3798 3309 3868 disciplinis
3341 3800 3604 3863 absistas,

2015 3897 2168 3943 ratus
2203 3888 2355 3944 illinc
2405 3896 2620 3942 tantum
2658 3888 2753 3942 tibi
2787 3890 3059 3943 orituram
3090 3889 3218 3944 vita:
3239 3887 3553 3945 felicitatem
3588 3909 3603 3946 :

2014 3981 2109 4036 sed
2146 3981 2313 4035 etiam
2348 3980 2630 4035 nobilibus
2680 3983 2855 4038 musis
2889 3984 3115 4045 nostris,
3149 3999 3272 4052 quae
3330 3993 3540 4038 tantum
3574 4002 3607 4041 a

2014 4073 2358 4128 Graecanicis
2388 4072 2498 4127 illis
2529 4072 2814 4141 differunt,
2847 4084 3115 4144 quantum
3168 4077 3357 4131 libera:
3397 4087 3607 4132 natura:

2010 4181 2041 4220 a
2095 4166 2389 4222 servilibus
2437 4167 2687 4225 moribus
2715 4209 2733 4234 ,
2786 4177 2843 4221 et
2890 4167 2959 4220 ab
3017 4167 3331 4221 adulatione
3378 4169 3603 4231 veritas.

2012 4259 2255 4314 concede
2286 4269 2342 4314 ut
2368 4260 2449 4313 vel
2485 4275 2553 4315 ex
2587 4269 2746 4331 parte
2775 4259 3003 4315 honesta
3040 4259 3341 4332 dulciaque
3383 4261 3601 4316 cantica

2011 4351 2107 4405 tibi
2173 4351 2552 4406 modulentur.
2616 4352 2755 4405 Nam
2808 4351 3116 4406 Amaltheae
3191 4367 3368 4408 cornu
3432 4354 3601 4408 etiam

2016 4444 2257 4499 Acheloo
2302 4442 2496 4509 fluvio,
2552 4445 2681 4514 quia
2739 4444 3049 4514 subjectam
3107 4452 3309 4499 terram
3366 4446 3606 4500 circum-

2010 4538 2185 4593 ﬂuens
2216 4537 2460 4593 feracem
2498 4539 2700 4601 reddit,
2729 4538 2895 4592 libera
2926 4546 3215 4608 poetarum
3248 4538 3399 4592 natio
3427 4538 3605 4593 liben-

2009 4642 2095 4687 ter
2121 4631 2395 4686 attribuit.
2432 4631 2620 4702 Neque
2666 4631 2852 4703 magni
2892 4631 3155 4686 momenti
3194 4631 3402 4686 homini
3439 4648 3603 4702 repu-

2010 4732 2180 4789 tatur,
2210 4738 2275 4778 ea
2317 4722 2537 4795 assequi
2571 4738 2693 4793 qua:
2720 4722 2805 4776 vel
2840 4722 3142 4777 inanimata
3169 4722 3286 4793 ipsa
3308 4738 3373 4778 ex
3403 4730 3601 4778 natura

2010 4815 2235 4870 habent.
2266 4815 2464 4871 Veram
2522 4825 2731 4878 autem,
2780 4813 3021 4869 divinam
3054 4824 3108 4869 et
3144 4815 3354 4869 homini
3384 4830 3598 4870 conve-

309 4910 599 4983 δαιμονίαν
636 4911 732 4964 καὶ
761 4910 1037 4982 ἀνθρώπῳ
1068 4909 1416 4981 πρέπουσαν,
1458 4911 1554 4963 καὶ
1584 4911 1721 4981 πρὸς
1768 4910 1837 4981 ἢν
1868 4912 1902 4981 ἡ

2016 4911 2255 4966 nienlem
2299 4911 2643 4977 felicitatem,
2663 4913 2753 4964 cul
2788 4921 3109 4977 comparata
3138 4910 3426 4964 Amalthea
3455 4926 3603 4963 mor-

256 4996 291 5007 “
322 5000 623 5069 Ἀμάλθεια
645 5001 1059 5073 παρατιθεμένη
1083 5002 1237 5066 νόσος
1254 5001 1350 5056 καὶ
1374 5002 1536 5055 πενία
1564 5002 1901 5073 εὑρίσκεται,

308 5092 375 5145 ἐκ
428 5094 605 5163 μόνων
629 5093 778 5146 ἐστιν
811 5094 921 5147 τῶν
975 5094 1137 5147 θείων
1176 5096 1389 5164 Λογίων
1422 5094 1515 5149 καὶ
1556 5095 1658 5165 τῆς
1696 5094 1903 5147 ἐκεῖθεν

310 5184 585 5255 γεωργίας
633 5185 973 5258 ἀμήσασθαι.

864 5297 1201 5351 ΕΡΩΤΗΣΙΣ
1235 5300 1362 5355 PII'.

2014 5004 2119 5058 bus
2163 5015 2216 5058 et
2242 5013 2544 5075 paupertas
2590 5016 2715 5058 esse
2745 5000 3200 5070 deprehenditur,
3256 5018 3322 5056 ex
3364 5002 3495 5057 soI-s
3518 5003 3603 5057 di-
3652 5072 3655 5075 Α

2012 5097 2158 5153 vinis
2186 5096 2457 5166 Eloquiis,
2512 5109 2693 5166 exque
2737 5093 3079 5164 agricultura
3109 5094 3235 5149 inde
3258 5104 3475 5164 sumpta
3505 5094 3603 5149 de-

2011 5201 2214 5246 metere
2236 5191 2385 5245 licet.

2149 5303 2484 5372 QUIESTIO
2522 5302 2685 5358 CVIII
2722 5303 2915 5376 [ϐοίεί.
2941 5312 2989 5357 et
3016 5302 3183 5357 Taur.
3216 5298 3455 5372 CXXX].

308 5387 375 5443 Τί
401 5388 536 5442 ἐστι
568 5387 636 5443 τὸ
678 5389 976 5457 ἐξουσίαν
1006 5390 1175 5467 ἔχειν
1199 5391 1320 5467 τὴν
1346 5391 1606 5462 γυναῖκα
1652 5392 1751 5447 ἐπὶ
1782 5390 1897 5461 τὴν

2016 5398 2150 5465 Quid
2174 5408 2252 5452 est
2280 5398 2554 5452 mulierem
2574 5397 2764 5451 habere
2790 5405 3105 5467 potestatem
3138 5395 3193 5448 in
3220 5406 3377 5448 cauut
3401 5410 3556 5449 suum
3578 5394 3604 5447 Ζ)

975 5462 1256 5532 κεφαλήν
1273 5480 1293 5528 ;

828 5554 976 5606 Edita
998 5571 1026 5607 a
1048 5556 1367 5618 Montacutio,
1389 5569 1469 5619 ep.
1494 5557 1605 5618 210,
1629 5556 1694 5607 ad
1724 5558 1971 5622 Eulamp.,
1994 5572 2044 5621 p.
2067 5555 2298 5606 507-309.
2314 5552 2613 5617 Explanatio
2632 5554 2683 5601 in
2708 5552 2727 5601 Ι
2748 5551 2862 5602 Cor.
2891 5565 2960 5611 ιι,
2985 5550 3063 5599 10.

374 5640 473 5709 Τὸ,
516 5642 771 5711 ἐξουσίαν
803 5642 953 5714 ἔχειν
1016 5645 1116 5716 τὴν
1152 5647 1392 5713 γυναῖκα
1434 5646 1526 5697 ἐπὶ
1570 5646 1669 5716 τὴν
1724 5662 1893 5714 κεφα-

2084 5643 2243 5708 lllud,
2274 5661 2293 5695 ι
2331 5641 2617 5697 mulierem
2640 5638 2839 5694 habere
2868 5638 3064 5709 capitis
3096 5639 3181 5693 sui
3214 5644 3592 5710 pmestatem,»

1613 5761 1847 5819 VARMS
1882 5758 2292 5818 LECTIONES.

413 5871 437 5917 ι
461 5874 527 5931 C.
565 5875 635 5931 Μ.
670 5878 777 5933 555
813 5878 854 5931 f.
897 5878 998 5932 £80
1054 5880 1321 5933 τοιοῦτον.

545 5968 824 6031 Parnm.
864 5973 983 6033 Gn.
1019 5971 1112 6031 CI.
