  <div class='ocr_page' id='page_1' title='image "/cluster/home/n/w/nwhite01/storage/ocr_20150623/101:no.1/coo.31924054870054/349.png"; bbox 0 0 4072 6440; ppageno 0'>
   <div class='ocr_carea' id='block_1_1' title="bbox 522 375 625 439">
    <p class='ocr_par' dir='ltr' id='par_1_1' title="bbox 522 375 625 439">
     <span class='ocr_line' id='line_1_1' title="bbox 522 375 625 439; baseline -0.019 0"><span class='ocrx_word' id='word_1_1' title='bbox 522 375 625 439; x_wconf 69' lang='grc'><strong>643</strong></span> 
     </span>
    </p>
   </div>
   <div class='ocr_carea' id='block_1_2' title="bbox 1670 357 2611 423">
    <p class='ocr_par' dir='ltr' id='par_1_2' title="bbox 1670 357 2611 423">
     <span class='ocr_line' id='line_1_2' title="bbox 1670 357 2611 423; baseline -0.007 0"><span class='ocrx_word' id='word_1_2' title='bbox 1670 360 1933 423; x_wconf 85' lang='lat' dir='ltr'><strong>PHOTII</strong></span> <span class='ocrx_word' id='word_1_3' title='bbox 1965 359 2239 420; x_wconf 75' lang='lat' dir='ltr'><strong>PATRIA</strong></span> <span class='ocrx_word' id='word_1_4' title='bbox 2250 358 2469 419; x_wconf 81' lang='lat' dir='ltr'><strong>RCH/E</strong></span> <span class='ocrx_word' id='word_1_5' title='bbox 2502 357 2611 417; x_wconf 71' lang='grc' dir='ltr'>(ΖΡ.</span> 
     </span>
    </p>
   </div>
   <div class='ocr_carea' id='block_1_3' title="bbox 3659 335 3773 402">
    <p class='ocr_par' dir='ltr' id='par_1_3' title="bbox 3659 335 3773 402">
     <span class='ocr_line' id='line_1_3' title="bbox 3659 335 3773 402; baseline -0.053 1"><span class='ocrx_word' id='word_1_6' title='bbox 3659 335 3773 402; x_wconf 66' lang='grc'><strong>644</strong></span> 
     </span>
    </p>
   </div>
   <div class='ocr_carea' id='block_1_4' title="bbox 520 447 2129 550">
    <p class='ocr_par' dir='ltr' id='par_1_4' title="bbox 520 468 2129 550">
     <span class='ocr_line' id='line_1_4' title="bbox 520 468 2129 550; baseline -0.014 -8"><span class='ocrx_word' id='word_1_7' title='bbox 520 503 652 548; x_wconf 86' lang='lat' dir='ltr'><strong>non,</strong></span> <span class='ocrx_word' id='word_1_8' title='bbox 682 494 741 537; x_wconf 91' lang='lat' dir='ltr'><strong>ut</strong></span> <span class='ocrx_word' id='word_1_9' title='bbox 792 480 967 550; x_wconf 82' lang='lat' dir='ltr'><strong>prima</strong></span> <span class='ocrx_word' id='word_1_10' title='bbox 1011 476 1146 531; x_wconf 81' lang='lat' dir='ltr'><strong>faeie</strong></span> <span class='ocrx_word' id='word_1_11' title='bbox 1174 475 1340 529; x_wconf 76' lang='lat' dir='ltr'><strong>verba</strong></span> <span class='ocrx_word' id='word_1_12' title='bbox 1394 486 1591 530; x_wconf 90' lang='lat' dir='ltr'><strong>sonare</strong></span> <span class='ocrx_word' id='word_1_13' title='bbox 1616 472 1892 532; x_wconf 84' lang='lat' dir='ltr'><strong>videntur.</strong></span> <span class='ocrx_word' id='word_1_14' title='bbox 1934 471 2007 524; x_wconf 84' lang='lat' dir='ltr'><strong>ita</strong></span> <span class='ocrx_word' id='word_1_15' title='bbox 2038 468 2090 521; x_wconf 92' lang='lat' dir='ltr'><strong>in</strong></span> <span class='ocrx_word' id='word_1_16' title='bbox 2120 510 2129 529; x_wconf 40' lang='grc' dir='ltr'><em>ε</em></span> 
     </span>
    </p>
   </div>
   <div class='ocr_carea' id='block_1_5' title="bbox 2232 447 3777 550">
    <p class='ocr_par' dir='ltr' id='par_1_5' title="bbox 2232 447 3777 538">
     <span class='ocr_line' id='line_1_5' title="bbox 2232 447 3777 538; baseline -0.015 -17"><span class='ocrx_word' id='word_1_17' title='bbox 2232 468 2315 538; x_wconf 81' lang='grc' dir='ltr'><strong>ὴν,</strong></span> <span class='ocrx_word' id='word_1_18' title='bbox 2376 467 2475 536; x_wconf 79' lang='grc' dir='ltr'><strong>οὑχ</strong></span> <span class='ocrx_word' id='word_1_19' title='bbox 2509 465 2585 527; x_wconf 81' lang='grc' dir='ltr'>ὼς</span> <span class='ocrx_word' id='word_1_20' title='bbox 2654 463 2715 516; x_wconf 80' lang='grc' dir='ltr'><strong>τὸ</strong></span> <span class='ocrx_word' id='word_1_21' title='bbox 2756 462 3042 533; x_wconf 86' lang='grc' dir='ltr'>πρόχειρον</span> <span class='ocrx_word' id='word_1_22' title='bbox 3089 457 3197 509; x_wconf 86' lang='grc' dir='ltr'><strong>τῶν</strong></span> <span class='ocrx_word' id='word_1_23' title='bbox 3234 452 3492 526; x_wconf 77' lang='grc' dir='ltr'><strong>ῥημάτων</strong></span> <span class='ocrx_word' id='word_1_24' title='bbox 3524 449 3667 502; x_wconf 72' lang='grc' dir='ltr'>νοεῖρ</span> <span class='ocrx_word' id='word_1_25' title='bbox 3692 447 3777 498; x_wconf 79' lang='grc' dir='ltr'>δίο</span> 
     </span>
    </p>
   </div>
   <div class='ocr_carea' id='block_1_6' title="bbox 518 560 2091 650">
    <p class='ocr_par' dir='ltr' id='par_1_6' title="bbox 518 560 2091 650">
     <span class='ocr_line' id='line_1_6' title="bbox 518 560 2091 650; baseline -0.014 -17"><span class='ocrx_word' id='word_1_26' title='bbox 518 574 773 650; x_wconf 64' lang='grc' dir='ltr'>ιπωεεηιί</span> <span class='ocrx_word' id='word_1_27' title='bbox 822 580 1049 639; x_wconf 87' lang='lat' dir='ltr'><strong>usurpat</strong></span> <span class='ocrx_word' id='word_1_28' title='bbox 1101 568 1319 622; x_wconf 88' lang='lat' dir='ltr'><strong>divinus</strong></span> <span class='ocrx_word' id='word_1_29' title='bbox 1369 565 1591 620; x_wconf 86' lang='lat' dir='ltr'><strong>Paulus.</strong></span> <span class='ocrx_word' id='word_1_30' title='bbox 1622 562 1759 617; x_wconf 86' lang='lat' dir='ltr'><strong>Cum</strong></span> <span class='ocrx_word' id='word_1_31' title='bbox 1816 560 2091 619; x_wconf 84' lang='lat' dir='ltr'><strong>audimus,</strong></span> 
     </span>
    </p>
   </div>
   <div class='ocr_carea' id='block_1_7' title="bbox 527 653 2097 738">
    <p class='ocr_par' dir='ltr' id='par_1_7' title="bbox 527 653 2097 738">
     <span class='ocr_line' id='line_1_7' title="bbox 527 653 2097 738; baseline -0.014 -16"><span class='ocrx_word' id='word_1_32' title='bbox 527 688 546 721; x_wconf 79' lang='grc' dir='ltr'><strong>ι</strong></span> <span class='ocrx_word' id='word_1_33' title='bbox 584 673 905 738; x_wconf 89' lang='lat' dir='ltr'><strong>potestatem</strong></span> <span class='ocrx_word' id='word_1_34' title='bbox 966 661 1184 724; x_wconf 91' lang='lat' dir='ltr'><strong>habere,</strong></span> <span class='ocrx_word' id='word_1_35' title='bbox 1263 676 1281 708; x_wconf 83' lang='grc'><strong>›</strong></span> <span class='ocrx_word' id='word_1_36' title='bbox 1338 657 1486 711; x_wconf 78' lang='lat' dir='ltr'><strong>forte</strong></span> <span class='ocrx_word' id='word_1_37' title='bbox 1533 653 1959 710; x_wconf 78' lang='lat' dir='ltr'><strong>dominationem</strong></span> <span class='ocrx_word' id='word_1_38' title='bbox 2042 657 2097 702; x_wconf 88' lang='lat' dir='ltr'><strong>et</strong></span> 
     </span>
    </p>
   </div>
   <div class='ocr_carea' id='block_1_8' title="bbox 521 744 2094 831">
    <p class='ocr_par' dir='ltr' id='par_1_8' title="bbox 521 744 2094 831">
     <span class='ocr_line' id='line_1_8' title="bbox 521 744 2094 831; baseline -0.014 -16"><span class='ocrx_word' id='word_1_39' title='bbox 521 760 887 831; x_wconf 79' lang='lat' dir='ltr'><strong>principatum</strong></span> <span class='ocrx_word' id='word_1_40' title='bbox 935 753 1158 823; x_wconf 86' lang='lat' dir='ltr'><strong>quidam</strong></span> <span class='ocrx_word' id='word_1_41' title='bbox 1188 751 1494 822; x_wconf 82' lang='lat' dir='ltr'><strong>intelligent</strong></span> <span class='ocrx_word' id='word_1_42' title='bbox 1540 767 1554 803; x_wconf 88' lang='lat'><strong>:</strong></span> <span class='ocrx_word' id='word_1_43' title='bbox 1597 756 1653 802; x_wconf 91' lang='lat' dir='ltr'><strong>at</strong></span> <span class='ocrx_word' id='word_1_44' title='bbox 1680 746 1769 801; x_wconf 90' lang='lat' dir='ltr'><strong>ille</strong></span> <span class='ocrx_word' id='word_1_45' title='bbox 1813 744 1900 799; x_wconf 91' lang='lat' dir='ltr'><strong>hic</strong></span> <span class='ocrx_word' id='word_1_46' title='bbox 1938 761 1956 794; x_wconf 79' lang='grc' dir='ltr'><strong>ι</strong></span> <span class='ocrx_word' id='word_1_47' title='bbox 1993 756 2094 812; x_wconf 92' lang='lat' dir='ltr'><strong>po-</strong></span> 
     </span>
    </p>
   </div>
   <div class='ocr_carea' id='block_1_9' title="bbox 521 832 2097 913">
    <p class='ocr_par' dir='ltr' id='par_1_9' title="bbox 521 832 2097 913">
     <span class='ocr_line' id='line_1_9' title="bbox 521 832 2097 913; baseline -0.014 -5"><span class='ocrx_word' id='word_1_48' title='bbox 521 858 777 908; x_wconf 85' lang='lat' dir='ltr'><strong>testatem</strong></span> <span class='ocrx_word' id='word_1_49' title='bbox 826 846 1029 901; x_wconf 84' lang='lat' dir='ltr'><strong>habere</strong></span> <span class='ocrx_word' id='word_1_50' title='bbox 1089 863 1108 896; x_wconf 73' lang='grc'><strong>»</strong></span> <span class='ocrx_word' id='word_1_51' title='bbox 1169 844 1324 913; x_wconf 93' lang='lat' dir='ltr'><strong>ponit</strong></span> <span class='ocrx_word' id='word_1_52' title='bbox 1376 858 1475 912; x_wconf 91' lang='lat' dir='ltr'><strong>pro</strong></span> <span class='ocrx_word' id='word_1_53' title='bbox 1522 859 1541 892; x_wconf 78' lang='grc' dir='ltr'><strong>ι</strong></span> <span class='ocrx_word' id='word_1_54' title='bbox 1600 839 1757 895; x_wconf 86' lang='lat' dir='ltr'><strong>subdi</strong></span> <span class='ocrx_word' id='word_1_55' title='bbox 1806 846 1861 892; x_wconf 91' lang='lat' dir='ltr'><strong>et</strong></span> <span class='ocrx_word' id='word_1_56' title='bbox 1905 832 2097 903; x_wconf 83' lang='lat' dir='ltr'><strong>subjici</strong></span> 
     </span>
    </p>
   </div>
   <div class='ocr_carea' id='block_1_10' title="bbox 514 925 2101 1013">
    <p class='ocr_par' dir='ltr' id='par_1_10' title="bbox 514 925 2101 1013">
     <span class='ocr_line' id='line_1_10' title="bbox 514 925 2101 1013; baseline -0.014 -14"><span class='ocrx_word' id='word_1_57' title='bbox 514 940 799 1013; x_wconf 71' lang='lat' dir='ltr'><strong>potestati.</strong></span> <span class='ocrx_word' id='word_1_58' title='bbox 841 955 859 988; x_wconf 70' lang='grc' dir='ltr'><strong>ι</strong></span> <span class='ocrx_word' id='word_1_59' title='bbox 897 934 1079 1004; x_wconf 90' lang='lat' dir='ltr'><strong>thue</strong></span> <span class='ocrx_word' id='word_1_60' title='bbox 1104 934 1250 1004; x_wconf 89' lang='lat' dir='ltr'><strong>quod</strong></span> <span class='ocrx_word' id='word_1_61' title='bbox 1274 933 1475 987; x_wconf 88' lang='lat' dir='ltr'><strong>dicitur</strong></span> <span class='ocrx_word' id='word_1_62' title='bbox 1504 928 1851 984; x_wconf 82' lang='lat' dir='ltr'><strong>manifestius</strong></span> <span class='ocrx_word' id='word_1_63' title='bbox 1898 925 2013 990; x_wconf 86' lang='lat' dir='ltr'><strong>iiat,</strong></span> <span class='ocrx_word' id='word_1_64' title='bbox 2046 931 2101 978; x_wconf 92' lang='lat' dir='ltr'><strong>et</strong></span> 
     </span>
    </p>
   </div>
   <div class='ocr_carea' id='block_1_11' title="bbox 526 1020 2101 1098">
    <p class='ocr_par' dir='ltr' id='par_1_11' title="bbox 526 1020 2101 1098">
     <span class='ocr_line' id='line_1_11' title="bbox 526 1020 2101 1098; baseline -0.013 -9"><span class='ocrx_word' id='word_1_65' title='bbox 526 1034 593 1089; x_wconf 92' lang='lat' dir='ltr'><strong>ad</strong></span> <span class='ocrx_word' id='word_1_66' title='bbox 631 1032 861 1086; x_wconf 88' lang='lat' dir='ltr'><strong>aliorum</strong></span> <span class='ocrx_word' id='word_1_67' title='bbox 898 1042 1021 1098; x_wconf 74' lang='lat' dir='ltr'><strong>quae</strong></span> <span class='ocrx_word' id='word_1_68' title='bbox 1059 1026 1263 1081; x_wconf 90' lang='lat' dir='ltr'><strong>ahinde</strong></span> <span class='ocrx_word' id='word_1_69' title='bbox 1294 1025 1573 1088; x_wconf 90' lang='lat' dir='ltr'><strong>oriuntur,</strong></span> <span class='ocrx_word' id='word_1_70' title='bbox 1613 1020 1983 1075; x_wconf 82' lang='lat' dir='ltr'><strong>dubitationes</strong></span> <span class='ocrx_word' id='word_1_71' title='bbox 2010 1031 2101 1070; x_wconf 93' lang='lat' dir='ltr'><strong>so-</strong></span> 
     </span>
    </p>
   </div>
   <div class='ocr_carea' id='block_1_12' title="bbox 520 1108 2103 1192">
    <p class='ocr_par' dir='ltr' id='par_1_12' title="bbox 520 1108 2103 1192">
     <span class='ocr_line' id='line_1_12' title="bbox 520 1108 2103 1192; baseline -0.014 -10"><span class='ocrx_word' id='word_1_72' title='bbox 520 1128 663 1182; x_wconf 91' lang='lat' dir='ltr'><strong>lutio</strong></span> <span class='ocrx_word' id='word_1_73' title='bbox 713 1122 1064 1192; x_wconf 83' lang='lat' dir='ltr'><strong>expediatur,</strong></span> <span class='ocrx_word' id='word_1_74' title='bbox 1110 1117 1394 1173; x_wconf 86' lang='lat' dir='ltr'><strong>dicendum</strong></span> <span class='ocrx_word' id='word_1_75' title='bbox 1432 1133 1447 1169; x_wconf 88' lang='lat'><strong>:</strong></span> <span class='ocrx_word' id='word_1_76' title='bbox 1495 1110 1679 1167; x_wconf 85' lang='lat' dir='ltr'><strong>Mundi</strong></span> <span class='ocrx_word' id='word_1_77' title='bbox 1727 1110 1916 1165; x_wconf 90' lang='lat' dir='ltr'><strong>doctor</strong></span> <span class='ocrx_word' id='word_1_78' title='bbox 1956 1108 2103 1161; x_wconf 90' lang='lat' dir='ltr'><strong>viros</strong></span> 
     </span>
    </p>
   </div>
   <div class='ocr_carea' id='block_1_13' title="bbox 529 1197 2104 1278">
    <p class='ocr_par' dir='ltr' id='par_1_13' title="bbox 529 1197 2104 1278">
     <span class='ocr_line' id='line_1_13' title="bbox 529 1197 2104 1278; baseline -0.014 -5"><span class='ocrx_word' id='word_1_79' title='bbox 529 1220 674 1273; x_wconf 89' lang='lat' dir='ltr'><strong>inter</strong></span> <span class='ocrx_word' id='word_1_80' title='bbox 703 1213 972 1269; x_wconf 90' lang='lat' dir='ltr'><strong>orandum</strong></span> <span class='ocrx_word' id='word_1_81' title='bbox 1006 1220 1059 1265; x_wconf 91' lang='lat' dir='ltr'><strong>et</strong></span> <span class='ocrx_word' id='word_1_82' title='bbox 1096 1206 1532 1278; x_wconf 86' lang='lat' dir='ltr'><strong>prephetandum</strong></span> <span class='ocrx_word' id='word_1_83' title='bbox 1576 1218 1684 1257; x_wconf 91' lang='lat' dir='ltr'><strong>non</strong></span> <span class='ocrx_word' id='word_1_84' title='bbox 1728 1200 1921 1256; x_wconf 83' lang='lat' dir='ltr'><strong>velatis</strong></span> <span class='ocrx_word' id='word_1_85' title='bbox 1952 1197 2104 1268; x_wconf 87' lang='lat' dir='ltr'><strong>capi-</strong></span> 
     </span>
    </p>
   </div>
   <div class='ocr_carea' id='block_1_14' title="bbox 530 1290 2103 1368">
    <p class='ocr_par' dir='ltr' id='par_1_14' title="bbox 530 1290 2103 1368">
     <span class='ocr_line' id='line_1_14' title="bbox 530 1290 2103 1368; baseline -0.014 -3"><span class='ocrx_word' id='word_1_86' title='bbox 530 1310 683 1364; x_wconf 88' lang='lat' dir='ltr'><strong>tibus</strong></span> <span class='ocrx_word' id='word_1_87' title='bbox 721 1320 844 1360; x_wconf 91' lang='lat' dir='ltr'><strong>esse</strong></span> <span class='ocrx_word' id='word_1_88' title='bbox 884 1302 1018 1368; x_wconf 86' lang='lat' dir='ltr'><strong>vult,</strong></span> <span class='ocrx_word' id='word_1_89' title='bbox 1072 1300 1328 1355; x_wconf 84' lang='lat' dir='ltr'><strong>mulieres</strong></span> <span class='ocrx_word' id='word_1_90' title='bbox 1379 1305 1558 1350; x_wconf 82' lang='lat' dir='ltr'><strong>autem</strong></span> <span class='ocrx_word' id='word_1_91' title='bbox 1611 1293 1823 1349; x_wconf 90' lang='lat' dir='ltr'><strong>velatis.</strong></span> <span class='ocrx_word' id='word_1_92' title='bbox 1873 1290 2103 1346; x_wconf 86' lang='lat' dir='ltr'><strong>Causam</strong></span> 
     </span>
    </p>
   </div>
   <div class='ocr_carea' id='block_1_15' title="bbox 534 1382 2108 1469">
    <p class='ocr_par' dir='ltr' id='par_1_15' title="bbox 534 1382 2108 1469">
     <span class='ocr_line' id='line_1_15' title="bbox 534 1382 2108 1469; baseline -0.013 -13"><span class='ocrx_word' id='word_1_93' title='bbox 534 1400 689 1456; x_wconf 74' lang='lat' dir='ltr'><strong>affert</strong></span> <span class='ocrx_word' id='word_1_94' title='bbox 727 1396 1028 1469; x_wconf 88' lang='lat' dir='ltr'><strong>geminam,</strong></span> <span class='ocrx_word' id='word_1_95' title='bbox 1071 1409 1169 1447; x_wconf 87' lang='lat' dir='ltr'><strong>cur</strong></span> <span class='ocrx_word' id='word_1_96' title='bbox 1210 1393 1313 1445; x_wconf 90' lang='lat' dir='ltr'><strong>hoc</strong></span> <span class='ocrx_word' id='word_1_97' title='bbox 1368 1385 1647 1459; x_wconf 82' lang='lat' dir='ltr'><strong>praecipiat</strong></span> <span class='ocrx_word' id='word_1_98' title='bbox 1683 1402 1697 1438; x_wconf 88' lang='lat'><strong>:</strong></span> <span class='ocrx_word' id='word_1_99' title='bbox 1738 1403 1757 1436; x_wconf 76' lang='grc' dir='ltr'><strong>ι</strong></span> <span class='ocrx_word' id='word_1_100' title='bbox 1797 1382 1893 1437; x_wconf 83' lang='lat' dir='ltr'><strong>Vir</strong></span> <span class='ocrx_word' id='word_1_101' title='bbox 1945 1389 2108 1451; x_wconf 89' lang='lat' dir='ltr'><strong>caput</strong></span> 
     </span>
    </p>
   </div>
   <div class='ocr_carea' id='block_1_16' title="bbox 533 1470 2110 1549">
    <p class='ocr_par' dir='ltr' id='par_1_16' title="bbox 533 1470 2110 1549">
     <span class='ocr_line' id='line_1_16' title="bbox 533 1470 2110 1549; baseline -0.013 -5"><span class='ocrx_word' id='word_1_102' title='bbox 533 1503 692 1546; x_wconf 90' lang='lat' dir='ltr'><strong>suum</strong></span> <span class='ocrx_word' id='word_1_103' title='bbox 725 1484 920 1549; x_wconf 86' lang='lat' dir='ltr'><strong>tendit,</strong></span> <span class='ocrx_word' id='word_1_104' title='bbox 969 1491 1063 1537; x_wconf 88' lang='lat' dir='ltr'><strong>aut</strong></span> <span class='ocrx_word' id='word_1_105' title='bbox 1114 1481 1280 1537; x_wconf 88' lang='lat' dir='ltr'><strong>etiam</strong></span> <span class='ocrx_word' id='word_1_106' title='bbox 1338 1478 1502 1539; x_wconf 88' lang='lat' dir='ltr'><strong>radit,</strong></span> <span class='ocrx_word' id='word_1_107' title='bbox 1539 1494 1557 1526; x_wconf 75' lang='grc' dir='ltr'><strong>ι</strong></span> <span class='ocrx_word' id='word_1_108' title='bbox 1615 1481 1869 1529; x_wconf 89' lang='lat' dir='ltr'><strong>neutrum</strong></span> <span class='ocrx_word' id='word_1_109' title='bbox 1927 1470 2110 1524; x_wconf 88' lang='lat' dir='ltr'><strong>facere</strong></span> 
     </span>
    </p>
   </div>
   <div class='ocr_carea' id='block_1_17' title="bbox 534 1562 2111 1647">
    <p class='ocr_par' dir='ltr' id='par_1_17' title="bbox 534 1562 2111 1647">
     <span class='ocr_line' id='line_1_17' title="bbox 534 1562 2111 1647; baseline -0.013 -12"><span class='ocrx_word' id='word_1_110' title='bbox 534 1578 753 1636; x_wconf 90' lang='lat' dir='ltr'><strong>mulieri</strong></span> <span class='ocrx_word' id='word_1_111' title='bbox 786 1574 1141 1647; x_wconf 86' lang='lat' dir='ltr'><strong>permittitur.</strong></span> <span class='ocrx_word' id='word_1_112' title='bbox 1196 1574 1275 1625; x_wconf 90' lang='lat' dir='ltr'><strong>lta</strong></span> <span class='ocrx_word' id='word_1_113' title='bbox 1309 1585 1418 1624; x_wconf 92' lang='lat' dir='ltr'><strong>non</strong></span> <span class='ocrx_word' id='word_1_114' title='bbox 1466 1566 1691 1637; x_wconf 83' lang='lat' dir='ltr'><strong>perinde</strong></span> <span class='ocrx_word' id='word_1_115' title='bbox 1725 1562 1941 1618; x_wconf 90' lang='lat' dir='ltr'><strong>mulieri</strong></span> <span class='ocrx_word' id='word_1_116' title='bbox 1985 1562 2111 1615; x_wconf 90' lang='lat' dir='ltr'><strong>licet</strong></span> 
     </span>
    </p>
   </div>
   <div class='ocr_carea' id='block_1_18' title="bbox 532 1651 2111 1735">
    <p class='ocr_par' dir='ltr' id='par_1_18' title="bbox 532 1651 2111 1735">
     <span class='ocr_line' id='line_1_18' title="bbox 532 1651 2111 1735; baseline -0.013 -10"><span class='ocrx_word' id='word_1_117' title='bbox 532 1671 829 1725; x_wconf 88' lang='lat' dir='ltr'><strong>invelatum</strong></span> <span class='ocrx_word' id='word_1_118' title='bbox 860 1672 1044 1735; x_wconf 90' lang='lat' dir='ltr'><strong>caput,</strong></span> <span class='ocrx_word' id='word_1_119' title='bbox 1078 1673 1137 1718; x_wconf 92' lang='lat' dir='ltr'><strong>ut</strong></span> <span class='ocrx_word' id='word_1_120' title='bbox 1181 1661 1297 1716; x_wconf 88' lang='lat' dir='ltr'><strong>viro</strong></span> <span class='ocrx_word' id='word_1_121' title='bbox 1366 1660 1511 1713; x_wconf 90' lang='lat' dir='ltr'><strong>licet.</strong></span> <span class='ocrx_word' id='word_1_122' title='bbox 1554 1655 1652 1711; x_wconf 78' lang='lat' dir='ltr'><strong>Vir</strong></span> <span class='ocrx_word' id='word_1_123' title='bbox 1685 1674 1704 1707; x_wconf 78' lang='grc' dir='ltr'><strong>ι</strong></span> <span class='ocrx_word' id='word_1_124' title='bbox 1732 1669 1803 1709; x_wconf 91' lang='lat' dir='ltr'><strong>ne</strong></span> <span class='ocrx_word' id='word_1_125' title='bbox 1833 1661 1989 1723; x_wconf 91' lang='lat' dir='ltr'><strong>caput</strong></span> <span class='ocrx_word' id='word_1_126' title='bbox 2015 1651 2111 1705; x_wconf 62' lang='lat' dir='ltr'><strong>deo</strong></span> 
     </span>
    </p>
   </div>
   <div class='ocr_carea' id='block_1_19' title="bbox 430 1743 2163 1823">
    <p class='ocr_par' dir='ltr' id='par_1_19' title="bbox 430 1743 2163 1823">
     <span class='ocr_line' id='line_1_19' title="bbox 430 1743 2163 1823; baseline -0.013 -6"><span class='ocrx_word' id='word_1_127' title='bbox 430 1744 433 1747; x_wconf 21' lang='lat' dir='ltr'><strong>I</strong></span> <span class='ocrx_word' id='word_1_128' title='bbox 536 1762 774 1823; x_wconf 88' lang='lat' dir='ltr'><strong>decoret,</strong></span> <span class='ocrx_word' id='word_1_129' title='bbox 820 1776 839 1809; x_wconf 72' lang='grc' dir='ltr'><strong>ι</strong></span> <span class='ocrx_word' id='word_1_130' title='bbox 876 1771 984 1809; x_wconf 92' lang='lat' dir='ltr'><strong>non</strong></span> <span class='ocrx_word' id='word_1_131' title='bbox 1014 1752 1165 1823; x_wconf 82' lang='lat' dir='ltr'><strong>tegit.</strong></span> <span class='ocrx_word' id='word_1_132' title='bbox 1212 1749 1332 1805; x_wconf 88' lang='lat' dir='ltr'><strong>Non</strong></span> <span class='ocrx_word' id='word_1_133' title='bbox 1388 1757 1474 1804; x_wconf 87' lang='lat' dir='ltr'><strong>est</strong></span> <span class='ocrx_word' id='word_1_134' title='bbox 1527 1746 1674 1801; x_wconf 89' lang='lat' dir='ltr'><strong>enim</strong></span> <span class='ocrx_word' id='word_1_135' title='bbox 1708 1760 1834 1800; x_wconf 91' lang='lat' dir='ltr'><strong>cum</strong></span> <span class='ocrx_word' id='word_1_136' title='bbox 1902 1743 2112 1797; x_wconf 77' lang='lat' dir='ltr'><strong>ratione</strong></span> <span class='ocrx_word' id='word_1_137' title='bbox 2151 1778 2163 1823; x_wconf 77' lang='lat'><strong><em>_-</em></strong></span> 
     </span>
    </p>
   </div>
   <div class='ocr_carea' id='block_1_20' title="bbox 2194 536 3775 620">
    <p class='ocr_par' dir='ltr' id='par_1_20' title="bbox 2194 536 3775 620">
     <span class='ocr_line' id='line_1_20' title="bbox 2194 536 3775 620; baseline -0.014 -9"><span class='ocrx_word' id='word_1_138' title='bbox 2194 536 2380 620; x_wconf 87' lang='grc' dir='ltr'>δωσιν,</span> <span class='ocrx_word' id='word_1_139' title='bbox 2410 557 2552 609; x_wconf 86' lang='grc' dir='ltr'>οὑτω</span> <span class='ocrx_word' id='word_1_140' title='bbox 2580 554 2673 608; x_wconf 81' lang='grc' dir='ltr'>νῦν</span> <span class='ocrx_word' id='word_1_141' title='bbox 2698 554 2727 606; x_wconf 87' lang='grc' dir='ltr'><strong>ό</strong></span> <span class='ocrx_word' id='word_1_142' title='bbox 2761 551 3046 612; x_wconf 81' lang='grc' dir='ltr'><strong>θεσπέσιος</strong></span> <span class='ocrx_word' id='word_1_143' title='bbox 3082 546 3293 607; x_wconf 80' lang='grc' dir='ltr'><strong>Παῦλος</strong></span> <span class='ocrx_word' id='word_1_144' title='bbox 3344 543 3612 612; x_wconf 84' lang='grc' dir='ltr'>ἐξείληφε.</span> <span class='ocrx_word' id='word_1_145' title='bbox 3656 536 3775 590; x_wconf 77' lang='grc' dir='ltr'><strong>Καὶ</strong></span> 
     </span>
    </p>
   </div>
   <div class='ocr_carea' id='block_1_21' title="bbox 2197 629 3776 717">
    <p class='ocr_par' dir='ltr' id='par_1_21' title="bbox 2197 629 3776 717">
     <span class='ocr_line' id='line_1_21' title="bbox 2197 629 3776 717; baseline -0.015 -15"><span class='ocrx_word' id='word_1_146' title='bbox 2197 648 2327 717; x_wconf 81' lang='grc' dir='ltr'>γὰρ,</span> <span class='ocrx_word' id='word_1_147' title='bbox 2376 645 2621 710; x_wconf 77' lang='grc' dir='ltr'><strong>ἐξουσίαν</strong></span> <span class='ocrx_word' id='word_1_148' title='bbox 2654 644 2818 713; x_wconf 78' lang='grc' dir='ltr'>ἔχειν,</span> <span class='ocrx_word' id='word_1_149' title='bbox 2872 635 3277 704; x_wconf 50' lang='grc' dir='ltr'>ἀκούοντεςάτὺ</span> <span class='ocrx_word' id='word_1_150' title='bbox 3330 629 3776 697; x_wconf 78' lang='grc' dir='ltr'>κατεξουσιάζειν</span> 
     </span>
    </p>
   </div>
   <div class='ocr_carea' id='block_1_22' title="bbox 2198 718 3772 806">
    <p class='ocr_par' dir='ltr' id='par_1_22' title="bbox 2198 718 3772 806">
     <span class='ocr_line' id='line_1_22' title="bbox 2198 718 3772 806; baseline -0.013 -17"><span class='ocrx_word' id='word_1_151' title='bbox 2198 739 2293 789; x_wconf 75' lang='grc' dir='ltr'><strong>καὶ</strong></span> <span class='ocrx_word' id='word_1_152' title='bbox 2322 736 2595 806; x_wconf 80' lang='grc' dir='ltr'>κυριεύειν</span> <span class='ocrx_word' id='word_1_153' title='bbox 2626 737 2754 796; x_wconf 75' lang='grc' dir='ltr'>ἴσως</span> <span class='ocrx_word' id='word_1_154' title='bbox 2788 732 2931 794; x_wconf 84' lang='grc' dir='ltr'>τινὲς</span> <span class='ocrx_word' id='word_1_155' title='bbox 2957 727 3305 795; x_wconf 77' lang='grc' dir='ltr'>ἐξακούουσιν</span> <span class='ocrx_word' id='word_1_156' title='bbox 3333 742 3347 755; x_wconf 89' lang='grc'><strong>·</strong></span> <span class='ocrx_word' id='word_1_157' title='bbox 3378 724 3541 784; x_wconf 83' lang='grc' dir='ltr'>αὑτὸς</span> <span class='ocrx_word' id='word_1_158' title='bbox 3565 721 3622 773; x_wconf 81' lang='grc' dir='ltr'>δὲ</span> <span class='ocrx_word' id='word_1_159' title='bbox 3650 718 3772 780; x_wconf 79' lang='grc' dir='ltr'>νῦν,</span> 
     </span>
    </p>
   </div>
   <div class='ocr_carea' id='block_1_23' title="bbox 2199 812 3776 898">
    <p class='ocr_par' dir='ltr' id='par_1_23' title="bbox 2199 812 3776 898">
     <span class='ocr_line' id='line_1_23' title="bbox 2199 812 3776 898; baseline -0.014 -17"><span class='ocrx_word' id='word_1_160' title='bbox 2199 828 2446 893; x_wconf 74' lang='grc' dir='ltr'>ἐξουσίαν</span> <span class='ocrx_word' id='word_1_161' title='bbox 2464 829 2638 898; x_wconf 77' lang='grc' dir='ltr'>ἔχειν,</span> <span class='ocrx_word' id='word_1_162' title='bbox 2690 824 2935 898; x_wconf 76' lang='grc' dir='ltr'>φησὶτὴν</span> <span class='ocrx_word' id='word_1_163' title='bbox 2978 824 3235 891; x_wconf 73' lang='grc' dir='ltr'><strong>⁴γυναῖκα,</strong></span> <span class='ocrx_word' id='word_1_164' title='bbox 3282 818 3343 871; x_wconf 84' lang='grc' dir='ltr'><strong>τὸ</strong></span> <span class='ocrx_word' id='word_1_165' title='bbox 3384 817 3474 870; x_wconf 87' lang='grc' dir='ltr'>ὑπ’</span> <span class='ocrx_word' id='word_1_166' title='bbox 3520 812 3776 876; x_wconf 77' lang='grc' dir='ltr'>ἐξουσίαν</span> 
     </span>
    </p>
   </div>
   <div class='ocr_carea' id='block_1_24' title="bbox 2204 905 3778 980">
    <p class='ocr_par' dir='ltr' id='par_1_24' title="bbox 2204 905 3778 980">
     <span class='ocr_line' id='line_1_24' title="bbox 2204 905 3778 980; baseline -0.014 -7"><span class='ocrx_word' id='word_1_167' title='bbox 2204 920 2497 973; x_wconf 82' lang='grc' dir='ltr'>τάττεσθαι</span> <span class='ocrx_word' id='word_1_168' title='bbox 2525 920 2619 973; x_wconf 72' lang='grc' dir='ltr'><strong>καὶ</strong></span> <span class='ocrx_word' id='word_1_169' title='bbox 2650 920 2845 970; x_wconf 84' lang='grc' dir='ltr'>τελεῖν.</span> <span class='ocrx_word' id='word_1_170' title='bbox 2884 915 2994 969; x_wconf 80' lang='grc' dir='ltr'>Καὶ</span> <span class='ocrx_word' id='word_1_171' title='bbox 3021 915 3108 967; x_wconf 83' lang='grc' dir='ltr'><strong>ἵνα</strong></span> <span class='ocrx_word' id='word_1_172' title='bbox 3152 911 3482 980; x_wconf 81' lang='grc' dir='ltr'>σαφέστερον</span> <span class='ocrx_word' id='word_1_173' title='bbox 3542 905 3778 973; x_wconf 80' lang='grc' dir='ltr'>γένηται</span> 
     </span>
    </p>
   </div>
   <div class='ocr_carea' id='block_1_25' title="bbox 2200 989 3778 1076">
    <p class='ocr_par' dir='ltr' id='par_1_25' title="bbox 2200 989 3778 1076">
     <span class='ocr_line' id='line_1_25' title="bbox 2200 989 3778 1076; baseline -0.011 -17"><span class='ocrx_word' id='word_1_174' title='bbox 2200 1007 2262 1059; x_wconf 80' lang='grc' dir='ltr'>τὸ</span> <span class='ocrx_word' id='word_1_175' title='bbox 2292 1006 2604 1076; x_wconf 82' lang='grc' dir='ltr'>λεγόμενον,</span> <span class='ocrx_word' id='word_1_176' title='bbox 2648 1007 2743 1060; x_wconf 74' lang='grc' dir='ltr'><strong>καὶ</strong></span> <span class='ocrx_word' id='word_1_177' title='bbox 2771 1005 2878 1056; x_wconf 84' lang='grc' dir='ltr'><strong>τῶν</strong></span> <span class='ocrx_word' id='word_1_178' title='bbox 2907 1002 3082 1057; x_wconf 78' lang='grc' dir='ltr'>ἄλλων</span> <span class='ocrx_word' id='word_1_179' title='bbox 3114 1002 3171 1053; x_wconf 80' lang='grc' dir='ltr'>αἱ</span> <span class='ocrx_word' id='word_1_180' title='bbox 3196 1000 3402 1060; x_wconf 81' lang='grc' dir='ltr'>λύσεις,</span> <span class='ocrx_word' id='word_1_181' title='bbox 3434 997 3470 1051; x_wconf 82' lang='grc' dir='ltr'><strong>ἆ</strong></span> <span class='ocrx_word' id='word_1_182' title='bbox 3498 1011 3579 1047; x_wconf 93' lang='grc' dir='ltr'><strong>σοι</strong></span> <span class='ocrx_word' id='word_1_183' title='bbox 3631 989 3778 1045; x_wconf 85' lang='grc' dir='ltr'>κατᾶ</span> 
     </span>
    </p>
   </div>
   <div class='ocr_carea' id='block_1_26' title="bbox 2204 1081 3777 1163">
    <p class='ocr_par' dir='ltr' id='par_1_26' title="bbox 2204 1081 3777 1163">
     <span class='ocr_line' id='line_1_26' title="bbox 2204 1081 3777 1163; baseline -0.008 -18"><span class='ocrx_word' id='word_1_184' title='bbox 2204 1093 2266 1145; x_wconf 85' lang='grc' dir='ltr'><strong>τὸ</strong></span> <span class='ocrx_word' id='word_1_185' title='bbox 2321 1093 2452 1145; x_wconf 79' lang='grc' dir='ltr'>αὑτὸ</span> <span class='ocrx_word' id='word_1_186' title='bbox 2488 1092 2687 1163; x_wconf 89' lang='grc' dir='ltr'>χωρίον</span> <span class='ocrx_word' id='word_1_187' title='bbox 2743 1090 3189 1161; x_wconf 87' lang='grc' dir='ltr'>συνδιηπόρηται,</span> <span class='ocrx_word' id='word_1_188' title='bbox 3233 1087 3424 1159; x_wconf 78' lang='grc' dir='ltr'><strong>ῥητέον</strong></span> <span class='ocrx_word' id='word_1_189' title='bbox 3483 1081 3777 1136; x_wconf 80' lang='grc' dir='ltr'>ἐντεῦθεν·</span> 
     </span>
    </p>
   </div>
   <div class='ocr_carea' id='block_1_27' title="bbox 2206 1176 3782 1254">
    <p class='ocr_par' dir='ltr' id='par_1_27' title="bbox 2206 1176 3782 1254">
     <span class='ocr_line' id='line_1_27' title="bbox 2206 1176 3782 1254; baseline -0.007 -17"><span class='ocrx_word' id='word_1_190' title='bbox 2206 1185 2345 1247; x_wconf 82' lang='grc' dir='ltr'>Τοὺς</span> <span class='ocrx_word' id='word_1_191' title='bbox 2368 1184 2563 1254; x_wconf 80' lang='grc' dir='ltr'>ἄνδρας</span> <span class='ocrx_word' id='word_1_192' title='bbox 2582 1185 2611 1236; x_wconf 86' lang='grc' dir='ltr'><strong>ὁ</strong></span> <span class='ocrx_word' id='word_1_193' title='bbox 2634 1184 2728 1254; x_wconf 80' lang='grc' dir='ltr'>τῆς</span> <span class='ocrx_word' id='word_1_194' title='bbox 2747 1182 3072 1252; x_wconf 78' lang='grc' dir='ltr'>οἰκουμένης</span> <span class='ocrx_word' id='word_1_195' title='bbox 3090 1178 3407 1241; x_wconf 89' lang='grc' dir='ltr'>διδάσκαλος</span> <span class='ocrx_word' id='word_1_196' title='bbox 3431 1176 3782 1236; x_wconf 83' lang='grc' dir='ltr'>ἀκαλύπτους</span> 
     </span>
    </p>
   </div>
   <div class='ocr_carea' id='block_1_28' title="bbox 2207 1267 3780 1345">
    <p class='ocr_par' dir='ltr' id='par_1_28' title="bbox 2207 1267 3780 1345">
     <span class='ocr_line' id='line_1_28' title="bbox 2207 1267 3780 1345; baseline -0.008 -17"><span class='ocrx_word' id='word_1_197' title='bbox 2207 1274 2351 1345; x_wconf 77' lang='grc' dir='ltr'>ἔχειν</span> <span class='ocrx_word' id='word_1_198' title='bbox 2380 1275 2477 1337; x_wconf 87' lang='grc' dir='ltr'><strong>τάς</strong></span> <span class='ocrx_word' id='word_1_199' title='bbox 2498 1274 2740 1343; x_wconf 84' lang='grc' dir='ltr'>κεφαλὰς</span> <span class='ocrx_word' id='word_1_200' title='bbox 2768 1276 2826 1327; x_wconf 81' lang='grc' dir='ltr'><strong>ἐν</strong></span> <span class='ocrx_word' id='word_1_201' title='bbox 2846 1273 2924 1344; x_wconf 79' lang='grc' dir='ltr'>τῷ</span> <span class='ocrx_word' id='word_1_202' title='bbox 2965 1270 3331 1343; x_wconf 82' lang='grc' dir='ltr'>προφητεύειν</span> <span class='ocrx_word' id='word_1_203' title='bbox 3363 1285 3424 1320; x_wconf 85' lang='grc' dir='ltr'><strong>τε</strong></span> <span class='ocrx_word' id='word_1_204' title='bbox 3465 1267 3559 1319; x_wconf 56' lang='grc' dir='ltr'><strong>καὶ⁵</strong></span> <span class='ocrx_word' id='word_1_205' title='bbox 3605 1281 3780 1335; x_wconf 85' lang='grc' dir='ltr'>προσ-</span> 
     </span>
    </p>
   </div>
   <div class='ocr_carea' id='block_1_29' title="bbox 2208 1355 3784 1437">
    <p class='ocr_par' dir='ltr' id='par_1_29' title="bbox 2208 1355 3784 1437">
     <span class='ocr_line' id='line_1_29' title="bbox 2208 1355 3784 1437; baseline -0.008 -18"><span class='ocrx_word' id='word_1_206' title='bbox 2208 1365 2463 1437; x_wconf 87' lang='grc' dir='ltr'>εύχεσθαι</span> <span class='ocrx_word' id='word_1_207' title='bbox 2489 1365 2859 1428; x_wconf 83' lang='grc' dir='ltr'>διατάσσεται,</span> <span class='ocrx_word' id='word_1_208' title='bbox 2899 1364 2996 1424; x_wconf 79' lang='grc' dir='ltr'>τὰς</span> <span class='ocrx_word' id='word_1_209' title='bbox 3037 1363 3301 1430; x_wconf 81' lang='grc' dir='ltr'>γυναῖκας</span> <span class='ocrx_word' id='word_1_210' title='bbox 3326 1360 3383 1411; x_wconf 82' lang='grc' dir='ltr'><strong>δὲ</strong></span> <span class='ocrx_word' id='word_1_211' title='bbox 3424 1355 3784 1425; x_wconf 85' lang='grc' dir='ltr'>κεκαλυμμέ-</span> 
     </span>
    </p>
   </div>
   <div class='ocr_carea' id='block_1_30' title="bbox 2209 1446 3782 1525">
    <p class='ocr_par' dir='ltr' id='par_1_30' title="bbox 2209 1446 3782 1525">
     <span class='ocr_line' id='line_1_30' title="bbox 2209 1446 3782 1525; baseline -0.01 -14"><span class='ocrx_word' id='word_1_212' title='bbox 2209 1474 2328 1519; x_wconf 87' lang='grc' dir='ltr'>νας.</span> <span class='ocrx_word' id='word_1_213' title='bbox 2370 1456 2478 1507; x_wconf 76' lang='lat' dir='ltr'><strong>Ka‘t</strong></span> <span class='ocrx_word' id='word_1_214' title='bbox 2510 1455 2725 1525; x_wconf 79' lang='grc' dir='ltr'>τίθησιν</span> <span class='ocrx_word' id='word_1_215' title='bbox 2751 1454 2929 1517; x_wconf 78' lang='grc' dir='ltr'>αἰτίας</span> <span class='ocrx_word' id='word_1_216' title='bbox 2955 1452 3022 1506; x_wconf 85' lang='grc' dir='ltr'>δι’</span> <span class='ocrx_word' id='word_1_217' title='bbox 3050 1452 3115 1515; x_wconf 77' lang='grc' dir='ltr'>ἃς</span> <span class='ocrx_word' id='word_1_218' title='bbox 3155 1448 3313 1504; x_wconf 82' lang='grc' dir='ltr'>τοῦτο</span> <span class='ocrx_word' id='word_1_219' title='bbox 3347 1446 3782 1518; x_wconf 78' lang='grc' dir='ltr'>παρακελεύεται</span> 
     </span>
    </p>
   </div>
   <div class='ocr_carea' id='block_1_31' title="bbox 2211 1538 3789 1615">
    <p class='ocr_par' dir='ltr' id='par_1_31' title="bbox 2211 1538 3789 1615">
     <span class='ocr_line' id='line_1_31' title="bbox 2211 1538 3789 1615; baseline -0.008 -15"><span class='ocrx_word' id='word_1_220' title='bbox 2211 1547 2394 1610; x_wconf 88' lang='grc' dir='ltr'>διττάς</span> <span class='ocrx_word' id='word_1_221' title='bbox 2418 1563 2432 1577; x_wconf 77' lang='grc' dir='ltr'><strong><em>ο</em></strong></span> <span class='ocrx_word' id='word_1_222' title='bbox 2473 1566 2490 1597; x_wconf 80' lang='grc' dir='ltr'><strong>ι</strong></span> <span class='ocrx_word' id='word_1_223' title='bbox 2532 1546 2590 1599; x_wconf 88' lang='lat'><strong>&#39;0</strong></span> <span class='ocrx_word' id='word_1_224' title='bbox 2620 1546 2777 1615; x_wconf 83' lang='grc' dir='ltr'>ἀνὴρ,</span> <span class='ocrx_word' id='word_1_225' title='bbox 2814 1544 2971 1615; x_wconf 75' lang='grc' dir='ltr'>φησὶ,</span> <span class='ocrx_word' id='word_1_226' title='bbox 3002 1542 3246 1614; x_wconf 87' lang='grc' dir='ltr'>κείρεται</span> <span class='ocrx_word' id='word_1_227' title='bbox 3278 1540 3377 1611; x_wconf 86' lang='grc' dir='ltr'>τὴν</span> <span class='ocrx_word' id='word_1_228' title='bbox 3416 1538 3660 1607; x_wconf 77' lang='grc' dir='ltr'>κεφαλὴν</span> <span class='ocrx_word' id='word_1_229' title='bbox 3690 1538 3789 1589; x_wconf 70' lang='grc' dir='ltr'>καὶ</span> 
     </span>
    </p>
   </div>
   <div class='ocr_carea' id='block_1_32' title="bbox 2216 1626 3791 1708">
    <p class='ocr_par' dir='ltr' id='par_1_32' title="bbox 2216 1626 3791 1708">
     <span class='ocr_line' id='line_1_32' title="bbox 2216 1626 3791 1708; baseline -0.007 -19"><span class='ocrx_word' id='word_1_230' title='bbox 2216 1638 2443 1708; x_wconf 82' lang='grc' dir='ltr'>ξυρᾶται</span> <span class='ocrx_word' id='word_1_231' title='bbox 2470 1654 2482 1667; x_wconf 73' lang='grc' dir='ltr'><strong><em>ο</em></strong></span> <span class='ocrx_word' id='word_1_232' title='bbox 2519 1655 2537 1687; x_wconf 75' lang='grc' dir='ltr'><strong>ι</strong></span> <span class='ocrx_word' id='word_1_233' title='bbox 2575 1636 2796 1705; x_wconf 81' lang='grc' dir='ltr'>γυναικὶ</span> <span class='ocrx_word' id='word_1_234' title='bbox 2826 1634 2883 1687; x_wconf 85' lang='grc' dir='ltr'>δὲ</span> <span class='ocrx_word' id='word_1_235' title='bbox 2910 1633 3017 1687; x_wconf 80' lang='grc' dir='ltr'>οὐδ’</span> <span class='ocrx_word' id='word_1_236' title='bbox 3042 1633 3230 1703; x_wconf 77' lang='grc' dir='ltr'>ἕτερον</span> <span class='ocrx_word' id='word_1_237' title='bbox 3261 1630 3465 1684; x_wconf 88' lang='grc' dir='ltr'>τούτων</span> <span class='ocrx_word' id='word_1_238' title='bbox 3498 1630 3669 1683; x_wconf 84' lang='grc' dir='ltr'>ποιεῖν</span> <span class='ocrx_word' id='word_1_239' title='bbox 3697 1626 3791 1679; x_wconf 84' lang='grc' dir='ltr'>θέ-</span> 
     </span>
    </p>
   </div>
   <div class='ocr_carea' id='block_1_33' title="bbox 2220 1717 3792 1800">
    <p class='ocr_par' dir='ltr' id='par_1_33' title="bbox 2220 1717 3792 1800">
     <span class='ocr_line' id='line_1_33' title="bbox 2220 1717 3792 1800; baseline -0.009 -17"><span class='ocrx_word' id='word_1_240' title='bbox 2220 1746 2330 1800; x_wconf 87' lang='grc' dir='ltr'>μις.</span> <span class='ocrx_word' id='word_1_241' title='bbox 2383 1727 2573 1791; x_wconf 76' lang='grc' dir='ltr'>Οὕτως</span> <span class='ocrx_word' id='word_1_242' title='bbox 2614 1723 2706 1781; x_wconf 79' lang='grc' dir='ltr'>οὖν</span> <span class='ocrx_word' id='word_1_243' title='bbox 2750 1729 2798 1780; x_wconf 81' lang='grc' dir='ltr'><strong>εί</strong></span> <span class='ocrx_word' id='word_1_244' title='bbox 2827 1726 2923 1779; x_wconf 77' lang='grc' dir='ltr'><strong>καὶ</strong></span> <span class='ocrx_word' id='word_1_245' title='bbox 2972 1727 3000 1778; x_wconf 86' lang='grc' dir='ltr'><strong>ό</strong></span> <span class='ocrx_word' id='word_1_246' title='bbox 3037 1725 3172 1795; x_wconf 84' lang='grc' dir='ltr'>ἀνὴρ</span> <span class='ocrx_word' id='word_1_247' title='bbox 3214 1723 3524 1777; x_wconf 84' lang='grc' dir='ltr'>ἀκάλυπτον</span> <span class='ocrx_word' id='word_1_248' title='bbox 3551 1719 3660 1789; x_wconf 74' lang='grc' dir='ltr'>ἔχοι</span> <span class='ocrx_word' id='word_1_249' title='bbox 3688 1717 3792 1787; x_wconf 75' lang='grc' dir='ltr'>τὴν</span> 
     </span>
    </p>
   </div>
   <div class='ocr_carea' id='block_1_34' title="bbox 538 1811 2129 1920">
    <p class='ocr_par' dir='ltr' id='par_1_34' title="bbox 538 1839 2114 1920">
     <span class='ocr_line' id='line_1_34' title="bbox 538 1839 2114 1920; baseline -0.013 -14"><span class='ocrx_word' id='word_1_250' title='bbox 538 1851 911 1920; x_wconf 86' lang='lat' dir='ltr'><strong>conjunctum,</strong></span> <span class='ocrx_word' id='word_1_251' title='bbox 944 1857 1004 1901; x_wconf 91' lang='lat' dir='ltr'><strong>ut</strong></span> <span class='ocrx_word' id='word_1_252' title='bbox 1028 1858 1153 1900; x_wconf 90' lang='lat' dir='ltr'><strong>cum</strong></span> <span class='ocrx_word' id='word_1_253' title='bbox 1202 1855 1357 1897; x_wconf 88' lang='lat' dir='ltr'><strong>coma</strong></span> <span class='ocrx_word' id='word_1_254' title='bbox 1397 1839 1642 1902; x_wconf 85' lang='lat' dir='ltr'><strong>tollatur,</strong></span> <span class='ocrx_word' id='word_1_255' title='bbox 1696 1849 1861 1907; x_wconf 90' lang='lat' dir='ltr'><strong>quam</strong></span> <span class='ocrx_word' id='word_1_256' title='bbox 1915 1842 2114 1887; x_wconf 84' lang='lat' dir='ltr'><strong>natura</strong></span> 
     </span>
    </p>
   </div>
   <div class='ocr_carea' id='block_1_35' title="bbox 2232 1811 3792 1920">
    <p class='ocr_par' dir='ltr' id='par_1_35' title="bbox 2232 1811 3792 1891">
     <span class='ocr_line' id='line_1_35' title="bbox 2232 1811 3792 1891; baseline -0.007 -18"><span class='ocrx_word' id='word_1_257' title='bbox 2232 1820 2481 1891; x_wconf 82' lang='grc' dir='ltr'>ιεφαλὴν,</span> <span class='ocrx_word' id='word_1_258' title='bbox 2513 1819 2628 1873; x_wconf 82' lang='grc' dir='ltr'>ἀλλ’</span> <span class='ocrx_word' id='word_1_259' title='bbox 2660 1817 2846 1871; x_wconf 83' lang='grc' dir='ltr'>οὑκέτι</span> <span class='ocrx_word' id='word_1_260' title='bbox 2872 1817 2966 1870; x_wconf 77' lang='grc' dir='ltr'><strong>καὶ</strong></span> <span class='ocrx_word' id='word_1_261' title='bbox 3004 1814 3227 1885; x_wconf 75' lang='grc' dir='ltr'>γυναικὶ</span> <span class='ocrx_word' id='word_1_262' title='bbox 3259 1813 3577 1883; x_wconf 89' lang='grc' dir='ltr'>τολμητέον.</span> <span class='ocrx_word' id='word_1_263' title='bbox 3608 1811 3666 1864; x_wconf 90' lang='lat'><strong>&#39;0</strong></span> <span class='ocrx_word' id='word_1_264' title='bbox 3692 1812 3792 1880; x_wconf 82' lang='grc' dir='ltr'>μὲν</span> 
     </span>
    </p>
   </div>
   <div class='ocr_carea' id='block_1_36' title="bbox 539 1921 2113 2003">
    <p class='ocr_par' dir='ltr' id='par_1_36' title="bbox 539 1921 2113 2003">
     <span class='ocr_line' id='line_1_36' title="bbox 539 1921 2113 2003; baseline -0.014 -8"><span class='ocrx_word' id='word_1_265' title='bbox 539 1940 708 2003; x_wconf 84' lang='lat' dir='ltr'><strong>dedit,</strong></span> <span class='ocrx_word' id='word_1_266' title='bbox 742 1947 1023 1994; x_wconf 82' lang='lat' dir='ltr'><strong>externum</strong></span> <span class='ocrx_word' id='word_1_267' title='bbox 1072 1932 1375 1988; x_wconf 85' lang='lat' dir='ltr'><strong>asciscatur</strong></span> <span class='ocrx_word' id='word_1_268' title='bbox 1416 1929 1821 1999; x_wconf 86' lang='lat' dir='ltr'><strong>operimentum</strong></span> <span class='ocrx_word' id='word_1_269' title='bbox 1855 1942 1867 1978; x_wconf 95' lang='lat'>:</span> <span class='ocrx_word' id='word_1_270' title='bbox 1896 1921 2113 1977; x_wconf 89' lang='lat' dir='ltr'><strong>mulieri</strong></span> 
     </span>
    </p>
   </div>
   <div class='ocr_carea' id='block_1_37' title="bbox 540 2017 2115 2097">
    <p class='ocr_par' dir='ltr' id='par_1_37' title="bbox 540 2017 2115 2097">
     <span class='ocr_line' id='line_1_37' title="bbox 540 2017 2115 2097; baseline -0.015 -10"><span class='ocrx_word' id='word_1_271' title='bbox 540 2030 723 2086; x_wconf 88' lang='lat' dir='ltr'><strong>decori</strong></span> <span class='ocrx_word' id='word_1_272' title='bbox 778 2037 864 2084; x_wconf 89' lang='lat' dir='ltr'><strong>est</strong></span> <span class='ocrx_word' id='word_1_273' title='bbox 920 2025 1358 2097; x_wconf 89' lang='lat' dir='ltr'><strong>operimentum;</strong></span> <span class='ocrx_word' id='word_1_274' title='bbox 1412 2028 1575 2089; x_wconf 91' lang='lat' dir='ltr'><strong>caput</strong></span> <span class='ocrx_word' id='word_1_275' title='bbox 1634 2017 1956 2072; x_wconf 83' lang='lat' dir='ltr'><strong>dehonestat</strong></span> <span class='ocrx_word' id='word_1_276' title='bbox 2004 2026 2115 2066; x_wconf 90' lang='lat' dir='ltr'><strong>non</strong></span> 
     </span>
    </p>
   </div>
   <div class='ocr_carea' id='block_1_38' title="bbox 542 2103 2117 2186">
    <p class='ocr_par' dir='ltr' id='par_1_38' title="bbox 542 2103 2117 2186">
     <span class='ocr_line' id='line_1_38' title="bbox 542 2103 2117 2186; baseline -0.013 -8"><span class='ocrx_word' id='word_1_277' title='bbox 542 2123 705 2178; x_wconf 87' lang='lat' dir='ltr'><strong>modo</strong></span> <span class='ocrx_word' id='word_1_278' title='bbox 727 2129 907 2186; x_wconf 90' lang='lat' dir='ltr'><strong>tonsa,</strong></span> <span class='ocrx_word' id='word_1_279' title='bbox 970 2131 1117 2179; x_wconf 85' lang='lat' dir='ltr'><strong>rasa,</strong></span> <span class='ocrx_word' id='word_1_280' title='bbox 1162 2116 1258 2171; x_wconf 87' lang='lat' dir='ltr'><strong>sed</strong></span> <span class='ocrx_word' id='word_1_281' title='bbox 1310 2114 1472 2169; x_wconf 91' lang='lat' dir='ltr'><strong>etiam</strong></span> <span class='ocrx_word' id='word_1_282' title='bbox 1541 2126 1649 2165; x_wconf 91' lang='lat' dir='ltr'><strong>non</strong></span> <span class='ocrx_word' id='word_1_283' title='bbox 1708 2108 1908 2163; x_wconf 91' lang='lat' dir='ltr'><strong>velata.</strong></span> <span class='ocrx_word' id='word_1_284' title='bbox 1963 2103 2117 2159; x_wconf 89' lang='lat' dir='ltr'><strong>Licet</strong></span> 
     </span>
    </p>
   </div>
   <div class='ocr_carea' id='block_1_39' title="bbox 546 2197 2119 2270">
    <p class='ocr_par' dir='ltr' id='par_1_39' title="bbox 546 2197 2119 2270">
     <span class='ocr_line' id='line_1_39' title="bbox 546 2197 2119 2270; baseline -0.011 -3"><span class='ocrx_word' id='word_1_285' title='bbox 546 2213 692 2267; x_wconf 86' lang='lat' dir='ltr'><strong>enim</strong></span> <span class='ocrx_word' id='word_1_286' title='bbox 721 2210 853 2265; x_wconf 91' lang='lat' dir='ltr'><strong>illud</strong></span> <span class='ocrx_word' id='word_1_287' title='bbox 878 2216 1072 2263; x_wconf 90' lang='lat' dir='ltr'><strong>natura</strong></span> <span class='ocrx_word' id='word_1_288' title='bbox 1103 2207 1438 2270; x_wconf 89' lang='lat' dir='ltr'><strong>institutum,</strong></span> <span class='ocrx_word' id='word_1_289' title='bbox 1472 2203 1576 2257; x_wconf 91' lang='lat' dir='ltr'><strong>hoc</strong></span> <span class='ocrx_word' id='word_1_290' title='bbox 1618 2210 1798 2257; x_wconf 90' lang='lat' dir='ltr'><strong>autem</strong></span> <span class='ocrx_word' id='word_1_291' title='bbox 1860 2215 1888 2252; x_wconf 89' lang='lat' dir='ltr'><strong>a</strong></span> <span class='ocrx_word' id='word_1_292' title='bbox 1932 2197 2119 2252; x_wconf 83' lang='lat' dir='ltr'><strong>mode-</strong></span> 
     </span>
    </p>
   </div>
   <div class='ocr_carea' id='block_1_40' title="bbox 550 2289 2120 2371">
    <p class='ocr_par' dir='ltr' id='par_1_40' title="bbox 550 2289 2120 2371">
     <span class='ocr_line' id='line_1_40' title="bbox 550 2289 2120 2371; baseline -0.012 -11"><span class='ocrx_word' id='word_1_293' title='bbox 550 2305 654 2360; x_wconf 88' lang='lat' dir='ltr'><strong>stia</strong></span> <span class='ocrx_word' id='word_1_294' title='bbox 701 2312 756 2358; x_wconf 90' lang='lat' dir='ltr'><strong>et</strong></span> <span class='ocrx_word' id='word_1_295' title='bbox 784 2301 991 2371; x_wconf 88' lang='lat' dir='ltr'><strong>pudore</strong></span> <span class='ocrx_word' id='word_1_296' title='bbox 1021 2299 1093 2355; x_wconf 91' lang='lat' dir='ltr'><strong>sit</strong></span> <span class='ocrx_word' id='word_1_297' title='bbox 1125 2317 1138 2353; x_wconf 93' lang='lat'><strong>:</strong></span> <span class='ocrx_word' id='word_1_298' title='bbox 1166 2308 1461 2367; x_wconf 89' lang='lat' dir='ltr'><strong>utrumque</strong></span> <span class='ocrx_word' id='word_1_299' title='bbox 1500 2304 1681 2349; x_wconf 89' lang='lat' dir='ltr'><strong>tamen</strong></span> <span class='ocrx_word' id='word_1_300' title='bbox 1710 2291 1904 2363; x_wconf 88' lang='lat' dir='ltr'><strong>capitis</strong></span> <span class='ocrx_word' id='word_1_301' title='bbox 1938 2289 2120 2359; x_wconf 87' lang='lat' dir='ltr'><strong>operi-</strong></span> 
     </span>
    </p>
   </div>
   <div class='ocr_carea' id='block_1_41' title="bbox 548 2384 2120 2453">
    <p class='ocr_par' dir='ltr' id='par_1_41' title="bbox 548 2384 2120 2453">
     <span class='ocr_line' id='line_1_41' title="bbox 548 2384 2120 2453; baseline -0.01 -3"><span class='ocrx_word' id='word_1_302' title='bbox 548 2404 791 2450; x_wconf 88' lang='lat' dir='ltr'><strong>mentum</strong></span> <span class='ocrx_word' id='word_1_303' title='bbox 818 2402 901 2448; x_wconf 89' lang='lat' dir='ltr'><strong>est</strong></span> <span class='ocrx_word' id='word_1_304' title='bbox 934 2411 948 2447; x_wconf 89' lang='lat'><strong>:</strong></span> <span class='ocrx_word' id='word_1_305' title='bbox 991 2400 1047 2446; x_wconf 89' lang='lat' dir='ltr'><strong>et</strong></span> <span class='ocrx_word' id='word_1_306' title='bbox 1080 2389 1246 2445; x_wconf 90' lang='lat' dir='ltr'><strong>veluti</strong></span> <span class='ocrx_word' id='word_1_307' title='bbox 1288 2402 1410 2443; x_wconf 86' lang='lat' dir='ltr'><strong>rasa</strong></span> <span class='ocrx_word' id='word_1_308' title='bbox 1453 2384 1702 2440; x_wconf 86' lang='lat' dir='ltr'><strong>naturale</strong></span> <span class='ocrx_word' id='word_1_309' title='bbox 1739 2384 1963 2453; x_wconf 85' lang='lat' dir='ltr'><strong>deponit</strong></span> <span class='ocrx_word' id='word_1_310' title='bbox 1991 2394 2120 2451; x_wconf 89' lang='lat' dir='ltr'><strong>ope-</strong></span> 
     </span>
    </p>
   </div>
   <div class='ocr_carea' id='block_1_42' title="bbox 549 2476 2121 2551">
    <p class='ocr_par' dir='ltr' id='par_1_42' title="bbox 549 2476 2121 2551">
     <span class='ocr_line' id='line_1_42' title="bbox 549 2476 2121 2551; baseline -0.011 -8"><span class='ocrx_word' id='word_1_311' title='bbox 549 2490 849 2544; x_wconf 88' lang='lat' dir='ltr'><strong>rimentum</strong></span> <span class='ocrx_word' id='word_1_312' title='bbox 876 2525 890 2550; x_wconf 94' lang='lat'><strong>,</strong></span> <span class='ocrx_word' id='word_1_313' title='bbox 938 2484 1018 2539; x_wconf 89' lang='lat' dir='ltr'><strong>sic</strong></span> <span class='ocrx_word' id='word_1_314' title='bbox 1059 2480 1303 2551; x_wconf 89' lang='lat' dir='ltr'><strong>inoperta</strong></span> <span class='ocrx_word' id='word_1_315' title='bbox 1347 2477 1569 2549; x_wconf 87' lang='lat' dir='ltr'><strong>pudoris</strong></span> <span class='ocrx_word' id='word_1_316' title='bbox 1614 2476 1859 2530; x_wconf 83' lang='lat' dir='ltr'><strong>velamen</strong></span> <span class='ocrx_word' id='word_1_317' title='bbox 1909 2480 1964 2528; x_wconf 89' lang='lat' dir='ltr'><strong>et</strong></span> <span class='ocrx_word' id='word_1_318' title='bbox 2002 2487 2121 2526; x_wconf 90' lang='lat' dir='ltr'><strong>mo-</strong></span> 
     </span>
    </p>
   </div>
   <div class='ocr_carea' id='block_1_43' title="bbox 555 2571 2125 2643">
    <p class='ocr_par' dir='ltr' id='par_1_43' title="bbox 555 2571 2125 2643">
     <span class='ocr_line' id='line_1_43' title="bbox 555 2571 2125 2643; baseline -0.013 -6"><span class='ocrx_word' id='word_1_319' title='bbox 555 2580 744 2637; x_wconf 74' lang='lat' dir='ltr'><strong>destiae</strong></span> <span class='ocrx_word' id='word_1_320' title='bbox 769 2575 928 2639; x_wconf 88' lang='lat' dir='ltr'><strong>tollit,</strong></span> <span class='ocrx_word' id='word_1_321' title='bbox 957 2583 1151 2643; x_wconf 70' lang='lat' dir='ltr'><strong>«atque</strong></span> <span class='ocrx_word' id='word_1_322' title='bbox 1180 2572 1253 2626; x_wconf 91' lang='lat' dir='ltr'><strong>ita</strong></span> <span class='ocrx_word' id='word_1_323' title='bbox 1288 2571 1407 2640; x_wconf 90' lang='lat' dir='ltr'><strong>pari</strong></span> <span class='ocrx_word' id='word_1_324' title='bbox 1430 2576 1645 2624; x_wconf 89' lang='lat' dir='ltr'><strong>constat</strong></span> <span class='ocrx_word' id='word_1_325' title='bbox 1673 2574 1817 2622; x_wconf 89' lang='lat' dir='ltr'><strong>statu</strong></span> <span class='ocrx_word' id='word_1_326' title='bbox 1841 2579 1965 2621; x_wconf 91' lang='lat' dir='ltr'><strong>cum</strong></span> <span class='ocrx_word' id='word_1_327' title='bbox 2000 2579 2125 2619; x_wconf 87' lang='lat' dir='ltr'><strong>era-</strong></span> 
     </span>
    </p>
   </div>
   <div class='ocr_carea' id='block_1_44' title="bbox 549 2654 2123 2737">
    <p class='ocr_par' dir='ltr' id='par_1_44' title="bbox 549 2654 2123 2737">
     <span class='ocr_line' id='line_1_44' title="bbox 549 2654 2123 2737; baseline -0.013 -8"><span class='ocrx_word' id='word_1_328' title='bbox 549 2687 631 2729; x_wconf 88' lang='lat' dir='ltr'><strong>sa.</strong></span> <span class='ocrx_word' id='word_1_329' title='bbox 671 2689 688 2722; x_wconf 76' lang='grc' dir='ltr'><strong>ι</strong></span> <span class='ocrx_word' id='word_1_330' title='bbox 715 2669 831 2725; x_wconf 88' lang='lat' dir='ltr'><strong>Una</strong></span> <span class='ocrx_word' id='word_1_331' title='bbox 862 2667 1026 2737; x_wconf 79' lang='lat' dir='ltr'><strong>igitur</strong></span> <span class='ocrx_word' id='word_1_332' title='bbox 1053 2663 1321 2720; x_wconf 87' lang='lat' dir='ltr'><strong>eteadem</strong></span> <span class='ocrx_word' id='word_1_333' title='bbox 1353 2660 1583 2715; x_wconf 91' lang='lat' dir='ltr'><strong>habetur</strong></span> <span class='ocrx_word' id='word_1_334' title='bbox 1609 2672 1797 2724; x_wconf 89' lang='lat' dir='ltr'><strong>causa,</strong></span> <span class='ocrx_word' id='word_1_335' title='bbox 1825 2671 1924 2711; x_wconf 92' lang='lat' dir='ltr'><strong>cur</strong></span> <span class='ocrx_word' id='word_1_336' title='bbox 1955 2654 2123 2710; x_wconf 90' lang='lat' dir='ltr'><strong>velari</strong></span> 
     </span>
    </p>
   </div>
   <div class='ocr_carea' id='block_1_45' title="bbox 548 2746 2125 2820">
    <p class='ocr_par' dir='ltr' id='par_1_45' title="bbox 548 2746 2125 2820">
     <span class='ocr_line' id='line_1_45' title="bbox 548 2746 2125 2820; baseline -0.011 -4"><span class='ocrx_word' id='word_1_337' title='bbox 548 2761 746 2816; x_wconf 89' lang='lat' dir='ltr'><strong>debeat</strong></span> <span class='ocrx_word' id='word_1_338' title='bbox 778 2757 909 2820; x_wconf 83' lang='lat' dir='ltr'><strong>illa,</strong></span> <span class='ocrx_word' id='word_1_339' title='bbox 946 2755 1051 2810; x_wconf 90' lang='lat' dir='ltr'><strong>iste</strong></span> <span class='ocrx_word' id='word_1_340' title='bbox 1088 2768 1198 2808; x_wconf 89' lang='lat' dir='ltr'><strong>non</strong></span> <span class='ocrx_word' id='word_1_341' title='bbox 1239 2753 1391 2806; x_wconf 87' lang='lat' dir='ltr'><strong>item.</strong></span> <span class='ocrx_word' id='word_1_342' title='bbox 1414 2749 1551 2816; x_wconf 90' lang='lat' dir='ltr'><strong>imo,</strong></span> <span class='ocrx_word' id='word_1_343' title='bbox 1592 2764 1648 2803; x_wconf 90' lang='lat' dir='ltr'><strong>re</strong></span> <span class='ocrx_word' id='word_1_344' title='bbox 1682 2755 1960 2819; x_wconf 84' lang='lat' dir='ltr'><strong>perspecta</strong></span> <span class='ocrx_word' id='word_1_345' title='bbox 2000 2746 2125 2801; x_wconf 88' lang='lat' dir='ltr'><strong>dili-</strong></span> 
     </span>
    </p>
   </div>
   <div class='ocr_carea' id='block_1_46' title="bbox 550 2837 2123 2923">
    <p class='ocr_par' dir='ltr' id='par_1_46' title="bbox 550 2837 2123 2923">
     <span class='ocr_line' id='line_1_46' title="bbox 550 2837 2123 2923; baseline -0.009 -18"><span class='ocrx_word' id='word_1_346' title='bbox 550 2859 772 2923; x_wconf 78' lang='lat' dir='ltr'><strong>genter,</strong></span> <span class='ocrx_word' id='word_1_347' title='bbox 809 2844 952 2900; x_wconf 86' lang='lat' dir='ltr'><strong>haud</strong></span> <span class='ocrx_word' id='word_1_348' title='bbox 988 2844 1093 2899; x_wconf 89' lang='lat' dir='ltr'><strong>ista</strong></span> <span class='ocrx_word' id='word_1_349' title='bbox 1136 2843 1323 2897; x_wconf 88' lang='lat' dir='ltr'><strong>subire</strong></span> <span class='ocrx_word' id='word_1_350' title='bbox 1363 2854 1544 2896; x_wconf 53' lang='lat' dir='ltr'><strong>causae.</strong></span> <span class='ocrx_word' id='word_1_351' title='bbox 1576 2839 1847 2894; x_wconf 91' lang='lat' dir='ltr'><strong>rationem</strong></span> <span class='ocrx_word' id='word_1_352' title='bbox 1880 2837 2123 2903; x_wconf 89' lang='lat' dir='ltr'><strong>dabunt;</strong></span> 
     </span>
    </p>
   </div>
   <div class='ocr_carea' id='block_1_47' title="bbox 551 2932 2123 3005">
    <p class='ocr_par' dir='ltr' id='par_1_47' title="bbox 551 2932 2123 3005">
     <span class='ocr_line' id='line_1_47' title="bbox 551 2932 2123 3005; baseline -0.009 -8"><span class='ocrx_word' id='word_1_353' title='bbox 551 2940 939 2997; x_wconf 78' lang='lat' dir='ltr'><strong>refutationem</strong></span> <span class='ocrx_word' id='word_1_354' title='bbox 990 2949 1118 2991; x_wconf 82' lang='lat' dir='ltr'><strong>vero</strong></span> <span class='ocrx_word' id='word_1_355' title='bbox 1146 2944 1198 2990; x_wconf 90' lang='lat' dir='ltr'><strong>et</strong></span> <span class='ocrx_word' id='word_1_356' title='bbox 1236 2935 1576 3005; x_wconf 82' lang='lat' dir='ltr'><strong>negationem</strong></span> <span class='ocrx_word' id='word_1_357' title='bbox 1600 2932 1882 2988; x_wconf 91' lang='lat' dir='ltr'><strong>continere</strong></span> <span class='ocrx_word' id='word_1_358' title='bbox 1911 2945 2123 2996; x_wconf 90' lang='lat' dir='ltr'><strong>eorum,</strong></span> 
     </span>
    </p>
   </div>
   <div class='ocr_carea' id='block_1_48' title="bbox 560 3020 2128 3103">
    <p class='ocr_par' dir='ltr' id='par_1_48' title="bbox 560 3020 2128 3103">
     <span class='ocr_line' id='line_1_48' title="bbox 560 3020 2128 3103; baseline -0.008 -18"><span class='ocrx_word' id='word_1_359' title='bbox 560 3032 655 3103; x_wconf 87' lang='lat' dir='ltr'><strong>qui</strong></span> <span class='ocrx_word' id='word_1_360' title='bbox 683 3039 946 3085; x_wconf 91' lang='lat' dir='ltr'><strong>statutum</strong></span> <span class='ocrx_word' id='word_1_361' title='bbox 994 3027 1304 3095; x_wconf 85' lang='lat' dir='ltr'><strong>vituperare</strong></span> <span class='ocrx_word' id='word_1_362' title='bbox 1343 3024 1555 3091; x_wconf 86' lang='lat' dir='ltr'><strong>volunt,</strong></span> <span class='ocrx_word' id='word_1_363' title='bbox 1589 3032 1642 3078; x_wconf 92' lang='lat' dir='ltr'><strong>et</strong></span> <span class='ocrx_word' id='word_1_364' title='bbox 1678 3022 1829 3093; x_wconf 92' lang='lat' dir='ltr'><strong>paria</strong></span> <span class='ocrx_word' id='word_1_365' title='bbox 1868 3020 2128 3075; x_wconf 89' lang='lat' dir='ltr'><strong>mulieres</strong></span> 
     </span>
    </p>
   </div>
   <div class='ocr_carea' id='block_1_49' title="bbox 566 3109 2129 3185">
    <p class='ocr_par' dir='ltr' id='par_1_49' title="bbox 566 3109 2129 3185">
     <span class='ocr_line' id='line_1_49' title="bbox 566 3109 2129 3185; baseline -0.007 -9"><span class='ocrx_word' id='word_1_366' title='bbox 566 3137 691 3176; x_wconf 89' lang='lat' dir='ltr'><strong>cum</strong></span> <span class='ocrx_word' id='word_1_367' title='bbox 726 3118 858 3172; x_wconf 85' lang='lat' dir='ltr'><strong>viris</strong></span> <span class='ocrx_word' id='word_1_368' title='bbox 892 3117 1144 3171; x_wconf 79' lang='lat' dir='ltr'><strong>factitare</strong></span> <span class='ocrx_word' id='word_1_369' title='bbox 1186 3116 1413 3180; x_wconf 91' lang='lat' dir='ltr'><strong>volunt,</strong></span> <span class='ocrx_word' id='word_1_370' title='bbox 1448 3122 1732 3185; x_wconf 86' lang='lat' dir='ltr'><strong>propterea</strong></span> <span class='ocrx_word' id='word_1_371' title='bbox 1769 3112 1913 3182; x_wconf 91' lang='lat' dir='ltr'><strong>quod</strong></span> <span class='ocrx_word' id='word_1_372' title='bbox 1960 3109 2129 3165; x_wconf 85' lang='lat' dir='ltr'><strong>utris-</strong></span> 
     </span>
    </p>
   </div>
   <div class='ocr_carea' id='block_1_50' title="bbox 563 3202 2134 3284">
    <p class='ocr_par' dir='ltr' id='par_1_50' title="bbox 563 3202 2134 3284">
     <span class='ocr_line' id='line_1_50' title="bbox 563 3202 2134 3284; baseline -0.007 -17"><span class='ocrx_word' id='word_1_373' title='bbox 563 3228 669 3284; x_wconf 88' lang='lat' dir='ltr'><strong>que</strong></span> <span class='ocrx_word' id='word_1_374' title='bbox 695 3212 767 3266; x_wconf 87' lang='lat' dir='ltr'><strong>sit</strong></span> <span class='ocrx_word' id='word_1_375' title='bbox 808 3219 1013 3264; x_wconf 84' lang='lat' dir='ltr'><strong>natura</strong></span> <span class='ocrx_word' id='word_1_376' title='bbox 1060 3207 1368 3263; x_wconf 87' lang='lat' dir='ltr'><strong>communis</strong></span> <span class='ocrx_word' id='word_1_377' title='bbox 1411 3225 1424 3261; x_wconf 87' lang='lat'><strong>:</strong></span> <span class='ocrx_word' id='word_1_378' title='bbox 1468 3206 1560 3262; x_wconf 87' lang='lat' dir='ltr'><strong>sed</strong></span> <span class='ocrx_word' id='word_1_379' title='bbox 1604 3206 1719 3261; x_wconf 77' lang='lat' dir='ltr'><strong>sive</strong></span> <span class='ocrx_word' id='word_1_380' title='bbox 1769 3220 1992 3260; x_wconf 89' lang='lat' dir='ltr'><strong>causam</strong></span> <span class='ocrx_word' id='word_1_381' title='bbox 2050 3202 2134 3257; x_wconf 92' lang='lat' dir='ltr'><strong>in-</strong></span> 
     </span>
    </p>
   </div>
   <div class='ocr_carea' id='block_1_51' title="bbox 570 3292 2134 3369">
    <p class='ocr_par' dir='ltr' id='par_1_51' title="bbox 570 3292 2134 3369">
     <span class='ocr_line' id='line_1_51' title="bbox 570 3292 2134 3369; baseline -0.009 -9"><span class='ocrx_word' id='word_1_382' title='bbox 570 3307 795 3368; x_wconf 87' lang='lat' dir='ltr'><strong>ducant,</strong></span> <span class='ocrx_word' id='word_1_383' title='bbox 826 3317 922 3357; x_wconf 88' lang='lat' dir='ltr'><strong>seu</strong></span> <span class='ocrx_word' id='word_1_384' title='bbox 951 3298 1389 3369; x_wconf 85' lang='lat' dir='ltr'><strong>redargutionem</strong></span> <span class='ocrx_word' id='word_1_385' title='bbox 1415 3296 1715 3352; x_wconf 87' lang='lat' dir='ltr'><strong>tollentium</strong></span> <span class='ocrx_word' id='word_1_386' title='bbox 1746 3295 1984 3359; x_wconf 88' lang='lat' dir='ltr'><strong>illorum,</strong></span> <span class='ocrx_word' id='word_1_387' title='bbox 2018 3292 2134 3347; x_wconf 68' lang='lat' dir='ltr'><strong>haec</strong></span> 
     </span>
    </p>
   </div>
   <div class='ocr_carea' id='block_1_52' title="bbox 566 3381 2136 3448">
    <p class='ocr_par' dir='ltr' id='par_1_52' title="bbox 566 3381 2136 3448">
     <span class='ocr_line' id='line_1_52' title="bbox 566 3381 2136 3448; baseline -0.01 0"><span class='ocrx_word' id='word_1_388' title='bbox 566 3409 749 3448; x_wconf 84' lang='lat' dir='ltr'><strong>tamen</strong></span> <span class='ocrx_word' id='word_1_389' title='bbox 790 3406 855 3446; x_wconf 80' lang='lat' dir='ltr'><strong>eo</strong></span> <span class='ocrx_word' id='word_1_390' title='bbox 884 3405 1048 3445; x_wconf 88' lang='lat' dir='ltr'><strong>sensu</strong></span> <span class='ocrx_word' id='word_1_391' title='bbox 1070 3388 1348 3443; x_wconf 90' lang='lat' dir='ltr'><strong>dicuntur.</strong></span> <span class='ocrx_word' id='word_1_392' title='bbox 1376 3384 1711 3441; x_wconf 89' lang='lat' dir='ltr'><strong>Sententiam</strong></span> <span class='ocrx_word' id='word_1_393' title='bbox 1742 3384 1967 3439; x_wconf 87' lang='lat' dir='ltr'><strong>alteram</strong></span> <span class='ocrx_word' id='word_1_394' title='bbox 1993 3381 2136 3435; x_wconf 90' lang='lat' dir='ltr'><strong>hanc</strong></span> 
     </span>
    </p>
   </div>
   <div class='ocr_carea' id='block_1_53' title="bbox 563 3476 2134 3547">
    <p class='ocr_par' dir='ltr' id='par_1_53' title="bbox 563 3476 2134 3547">
     <span class='ocr_line' id='line_1_53' title="bbox 563 3476 2134 3547; baseline -0.006 -8"><span class='ocrx_word' id='word_1_395' title='bbox 563 3491 814 3540; x_wconf 86' lang='lat' dir='ltr'><strong>statuunt</strong></span> <span class='ocrx_word' id='word_1_396' title='bbox 846 3501 859 3537; x_wconf 91' lang='lat'>:</span> <span class='ocrx_word' id='word_1_397' title='bbox 896 3480 1099 3535; x_wconf 80' lang='lat' dir='ltr'><strong>Natura</strong></span> <span class='ocrx_word' id='word_1_398' title='bbox 1136 3489 1241 3534; x_wconf 87' lang='lat' dir='ltr'><strong>stat</strong></span> <span class='ocrx_word' id='word_1_399' title='bbox 1271 3487 1334 3533; x_wconf 91' lang='lat' dir='ltr'><strong>ut</strong></span> <span class='ocrx_word' id='word_1_400' title='bbox 1376 3478 1572 3533; x_wconf 90' lang='lat' dir='ltr'><strong>mulier</strong></span> <span class='ocrx_word' id='word_1_401' title='bbox 1602 3479 1675 3533; x_wconf 89' lang='lat' dir='ltr'><strong>sit</strong></span> <span class='ocrx_word' id='word_1_402' title='bbox 1702 3476 1948 3547; x_wconf 86' lang='lat' dir='ltr'><strong>subjecta</strong></span> <span class='ocrx_word' id='word_1_403' title='bbox 1972 3476 2091 3530; x_wconf 88' lang='lat' dir='ltr'><strong>viro</strong></span> <span class='ocrx_word' id='word_1_404' title='bbox 2120 3491 2134 3529; x_wconf 88' lang='lat'>:</span> 
     </span>
    </p>
   </div>
   <div class='ocr_carea' id='block_1_54' title="bbox 561 3564 2137 3640">
    <p class='ocr_par' dir='ltr' id='par_1_54' title="bbox 561 3564 2137 3640">
     <span class='ocr_line' id='line_1_54' title="bbox 561 3564 2137 3640; baseline -0.007 -11"><span class='ocrx_word' id='word_1_405' title='bbox 561 3590 686 3629; x_wconf 92' lang='lat' dir='ltr'><strong>nam</strong></span> <span class='ocrx_word' id='word_1_406' title='bbox 726 3573 795 3626; x_wconf 89' lang='lat' dir='ltr'><strong>ab</strong></span> <span class='ocrx_word' id='word_1_407' title='bbox 826 3573 921 3625; x_wconf 90' lang='lat' dir='ltr'><strong>illo</strong></span> <span class='ocrx_word' id='word_1_408' title='bbox 960 3570 1231 3640; x_wconf 86' lang='lat' dir='ltr'><strong>originem</strong></span> <span class='ocrx_word' id='word_1_409' title='bbox 1265 3577 1420 3623; x_wconf 87' lang='lat' dir='ltr'><strong>ortus</strong></span> <span class='ocrx_word' id='word_1_410' title='bbox 1455 3568 1537 3622; x_wconf 92' lang='lat' dir='ltr'><strong>sui</strong></span> <span class='ocrx_word' id='word_1_411' title='bbox 1571 3582 1634 3622; x_wconf 92' lang='lat' dir='ltr'><strong>ea</strong></span> <span class='ocrx_word' id='word_1_412' title='bbox 1677 3566 1904 3622; x_wconf 91' lang='lat' dir='ltr'><strong>derivat.</strong></span> <span class='ocrx_word' id='word_1_413' title='bbox 1952 3564 2137 3620; x_wconf 89' lang='lat' dir='ltr'><strong>Multis</strong></span> 
     </span>
    </p>
   </div>
   <div class='ocr_carea' id='block_1_55' title="bbox 562 3658 2134 3737">
    <p class='ocr_par' dir='ltr' id='par_1_55' title="bbox 562 3658 2134 3737">
     <span class='ocr_line' id='line_1_55' title="bbox 562 3658 2134 3737; baseline -0.007 -16"><span class='ocrx_word' id='word_1_414' title='bbox 562 3666 783 3737; x_wconf 88' lang='lat' dir='ltr'><strong>quidem</strong></span> <span class='ocrx_word' id='word_1_415' title='bbox 809 3664 930 3718; x_wconf 83' lang='lat' dir='ltr'><strong>aliis</strong></span> <span class='ocrx_word' id='word_1_416' title='bbox 954 3663 1233 3732; x_wconf 90' lang='lat' dir='ltr'><strong>imperitat</strong></span> <span class='ocrx_word' id='word_1_417' title='bbox 1264 3663 1347 3715; x_wconf 86' lang='lat' dir='ltr'><strong>vir</strong></span> <span class='ocrx_word' id='word_1_418' title='bbox 1375 3678 1389 3714; x_wconf 87' lang='lat'><strong>:</strong></span> <span class='ocrx_word' id='word_1_419' title='bbox 1419 3660 1852 3714; x_wconf 89' lang='lat' dir='ltr'><strong>illustrissimum</strong></span> <span class='ocrx_word' id='word_1_420' title='bbox 1886 3659 2007 3728; x_wconf 88' lang='lat' dir='ltr'><strong>ejus</strong></span> <span class='ocrx_word' id='word_1_421' title='bbox 2036 3658 2134 3711; x_wconf 58' lang='lat' dir='ltr'><strong>im.</strong></span> 
     </span>
    </p>
   </div>
   <div class='ocr_carea' id='block_1_56' title="bbox 564 3749 2142 3830">
    <p class='ocr_par' dir='ltr' id='par_1_56' title="bbox 564 3749 2142 3830">
     <span class='ocr_line' id='line_1_56' title="bbox 564 3749 2142 3830; baseline -0.004 -18"><span class='ocrx_word' id='word_1_422' title='bbox 564 3758 778 3830; x_wconf 76' lang='lat' dir='ltr'><strong>perium</strong></span> <span class='ocrx_word' id='word_1_423' title='bbox 818 3764 871 3810; x_wconf 89' lang='lat' dir='ltr'><strong>et</strong></span> <span class='ocrx_word' id='word_1_424' title='bbox 922 3763 1170 3825; x_wconf 86' lang='lat' dir='ltr'><strong>potestas</strong></span> <span class='ocrx_word' id='word_1_425' title='bbox 1210 3753 1410 3809; x_wconf 82' lang='lat' dir='ltr'><strong>eximia</strong></span> <span class='ocrx_word' id='word_1_426' title='bbox 1440 3761 1527 3806; x_wconf 87' lang='lat' dir='ltr'><strong>est</strong></span> <span class='ocrx_word' id='word_1_427' title='bbox 1566 3751 1621 3805; x_wconf 94' lang='lat' dir='ltr'><strong>in</strong></span> <span class='ocrx_word' id='word_1_428' title='bbox 1666 3750 1968 3805; x_wconf 90' lang='lat' dir='ltr'><strong>mulierem.</strong></span> <span class='ocrx_word' id='word_1_429' title='bbox 2026 3749 2142 3805; x_wconf 85' lang='lat' dir='ltr'><strong>Hoc</strong></span> 
     </span>
    </p>
   </div>
   <div class='ocr_carea' id='block_1_57' title="bbox 565 3843 2142 3916">
    <p class='ocr_par' dir='ltr' id='par_1_57' title="bbox 565 3843 2142 3916">
     <span class='ocr_line' id='line_1_57' title="bbox 565 3843 2142 3916; baseline -0.006 -11"><span class='ocrx_word' id='word_1_430' title='bbox 565 3863 729 3905; x_wconf 90' lang='lat' dir='ltr'><strong>sensu</strong></span> <span class='ocrx_word' id='word_1_431' title='bbox 765 3847 967 3903; x_wconf 91' lang='lat' dir='ltr'><strong>dicitur</strong></span> <span class='ocrx_word' id='word_1_432' title='bbox 998 3863 1013 3901; x_wconf 87' lang='lat'><strong>:</strong></span> <span class='ocrx_word' id='word_1_433' title='bbox 1055 3846 1202 3901; x_wconf 72' lang='lat' dir='ltr'><strong>«Viri</strong></span> <span class='ocrx_word' id='word_1_434' title='bbox 1244 3845 1413 3916; x_wconf 87' lang='lat' dir='ltr'><strong>gloria</strong></span> <span class='ocrx_word' id='word_1_435' title='bbox 1442 3844 1639 3898; x_wconf 89' lang='lat' dir='ltr'><strong>mulier</strong></span> <span class='ocrx_word' id='word_1_436' title='bbox 1672 3854 1805 3899; x_wconf 65' lang='lat' dir='ltr'><strong>est.)</strong></span> <span class='ocrx_word' id='word_1_437' title='bbox 1842 3843 1978 3898; x_wconf 87' lang='lat' dir='ltr'><strong>Cum</strong></span> <span class='ocrx_word' id='word_1_438' title='bbox 2011 3857 2142 3912; x_wconf 91' lang='lat' dir='ltr'><strong>ergo</strong></span> 
     </span>
    </p>
   </div>
   <div class='ocr_carea' id='block_1_58' title="bbox 564 3934 2142 4013">
    <p class='ocr_par' dir='ltr' id='par_1_58' title="bbox 564 3934 2142 4013">
     <span class='ocr_line' id='line_1_58' title="bbox 564 3934 2142 4013; baseline -0.005 -16"><span class='ocrx_word' id='word_1_439' title='bbox 564 3944 908 4013; x_wconf 87' lang='lat' dir='ltr'><strong>principatus</strong></span> <span class='ocrx_word' id='word_1_440' title='bbox 947 3939 1052 3994; x_wconf 88' lang='lat' dir='ltr'><strong>viri</strong></span> <span class='ocrx_word' id='word_1_441' title='bbox 1099 3954 1237 4008; x_wconf 80' lang='lat' dir='ltr'><strong>apex</strong></span> <span class='ocrx_word' id='word_1_442' title='bbox 1274 3938 1472 3992; x_wconf 88' lang='lat' dir='ltr'><strong>mulier</strong></span> <span class='ocrx_word' id='word_1_443' title='bbox 1516 3937 1625 4003; x_wconf 90' lang='lat' dir='ltr'><strong>sit,</strong></span> <span class='ocrx_word' id='word_1_444' title='bbox 1674 3934 1909 3989; x_wconf 82' lang='lat' dir='ltr'><strong>debitrix</strong></span> <span class='ocrx_word' id='word_1_445' title='bbox 1951 3943 2035 3989; x_wconf 91' lang='lat' dir='ltr'><strong>est</strong></span> <span class='ocrx_word' id='word_1_446' title='bbox 2079 3949 2142 3989; x_wconf 90' lang='lat' dir='ltr'><strong>ea</strong></span> 
     </span>
    </p>
   </div>
   <div class='ocr_carea' id='block_1_59' title="bbox 566 4026 2142 4101">
    <p class='ocr_par' dir='ltr' id='par_1_59' title="bbox 566 4026 2142 4101">
     <span class='ocr_line' id='line_1_59' title="bbox 566 4026 2142 4101; baseline -0.005 -14"><span class='ocrx_word' id='word_1_447' title='bbox 566 4032 768 4097; x_wconf 81' lang='lat' dir='ltr'><strong>facere,</strong></span> <span class='ocrx_word' id='word_1_448' title='bbox 803 4044 1146 4101; x_wconf 58' lang='lat' dir='ltr'><strong>quacunque</strong></span> <span class='ocrx_word' id='word_1_449' title='bbox 1177 4029 1380 4095; x_wconf 86' lang='lat' dir='ltr'><strong>virum,</strong></span> <span class='ocrx_word' id='word_1_450' title='bbox 1411 4036 1471 4082; x_wconf 92' lang='lat' dir='ltr'><strong>ut</strong></span> <span class='ocrx_word' id='word_1_451' title='bbox 1494 4026 1816 4097; x_wconf 89' lang='lat' dir='ltr'><strong>principem,</strong></span> <span class='ocrx_word' id='word_1_452' title='bbox 1851 4027 2142 4080; x_wconf 85' lang='lat' dir='ltr'><strong>honorent.</strong></span> 
     </span>
    </p>
   </div>
   <div class='ocr_carea' id='block_1_60' title="bbox 566 4119 2147 4190">
    <p class='ocr_par' dir='ltr' id='par_1_60' title="bbox 566 4119 2147 4190">
     <span class='ocr_line' id='line_1_60' title="bbox 566 4119 2147 4190; baseline -0.006 -11"><span class='ocrx_word' id='word_1_453' title='bbox 566 4125 752 4180; x_wconf 87' lang='lat' dir='ltr'><strong>Faciet</strong></span> <span class='ocrx_word' id='word_1_454' title='bbox 794 4135 976 4178; x_wconf 89' lang='lat' dir='ltr'><strong>autem</strong></span> <span class='ocrx_word' id='word_1_455' title='bbox 1026 4121 1234 4176; x_wconf 87' lang='lat' dir='ltr'><strong>habens</strong></span> <span class='ocrx_word' id='word_1_456' title='bbox 1275 4130 1601 4190; x_wconf 90' lang='lat' dir='ltr'><strong>potestatem</strong></span> <span class='ocrx_word' id='word_1_457' title='bbox 1641 4119 1814 4188; x_wconf 90' lang='lat' dir='ltr'><strong>ipsius</strong></span> <span class='ocrx_word' id='word_1_458' title='bbox 1848 4133 2015 4187; x_wconf 88' lang='lat' dir='ltr'><strong>super</strong></span> <span class='ocrx_word' id='word_1_459' title='bbox 2056 4133 2147 4171; x_wconf 88' lang='lat' dir='ltr'><strong>ca-</strong></span> 
     </span>
    </p>
   </div>
   <div class='ocr_carea' id='block_1_61' title="bbox 566 4207 2144 4290">
    <p class='ocr_par' dir='ltr' id='par_1_61' title="bbox 566 4207 2144 4290">
     <span class='ocr_line' id='line_1_61' title="bbox 566 4207 2144 4290; baseline -0.006 -19"><span class='ocrx_word' id='word_1_460' title='bbox 566 4224 706 4290; x_wconf 87' lang='lat' dir='ltr'><strong>put,</strong></span> <span class='ocrx_word' id='word_1_461' title='bbox 741 4223 795 4269; x_wconf 92' lang='lat' dir='ltr'><strong>et</strong></span> <span class='ocrx_word' id='word_1_462' title='bbox 831 4214 1117 4267; x_wconf 87' lang='lat' dir='ltr'><strong>declarans</strong></span> <span class='ocrx_word' id='word_1_463' title='bbox 1147 4210 1547 4281; x_wconf 90' lang='lat' dir='ltr'><strong>subjectionem</strong></span> <span class='ocrx_word' id='word_1_464' title='bbox 1570 4250 1585 4275; x_wconf 89' lang='lat'><strong>,</strong></span> <span class='ocrx_word' id='word_1_465' title='bbox 1634 4210 1688 4263; x_wconf 91' lang='lat' dir='ltr'><strong>in</strong></span> <span class='ocrx_word' id='word_1_466' title='bbox 1731 4223 1797 4261; x_wconf 90' lang='lat' dir='ltr'><strong>eo</strong></span> <span class='ocrx_word' id='word_1_467' title='bbox 1830 4207 1977 4276; x_wconf 90' lang='lat' dir='ltr'><strong>quod</strong></span> <span class='ocrx_word' id='word_1_468' title='bbox 2012 4221 2144 4276; x_wconf 91' lang='lat' dir='ltr'><strong>pro-</strong></span> 
     </span>
    </p>
   </div>
   <div class='ocr_carea' id='block_1_62' title="bbox 566 4300 2145 4380">
    <p class='ocr_par' dir='ltr' id='par_1_62' title="bbox 566 4300 2145 4380">
     <span class='ocr_line' id='line_1_62' title="bbox 566 4300 2145 4380; baseline -0.008 -17"><span class='ocrx_word' id='word_1_469' title='bbox 566 4310 754 4380; x_wconf 90' lang='lat' dir='ltr'><strong>prium</strong></span> <span class='ocrx_word' id='word_1_470' title='bbox 780 4314 942 4375; x_wconf 89' lang='lat' dir='ltr'><strong>caput</strong></span> <span class='ocrx_word' id='word_1_471' title='bbox 964 4303 1127 4369; x_wconf 87' lang='lat' dir='ltr'><strong>velet,</strong></span> <span class='ocrx_word' id='word_1_472' title='bbox 1168 4303 1320 4357; x_wconf 90' lang='lat' dir='ltr'><strong>illum</strong></span> <span class='ocrx_word' id='word_1_473' title='bbox 1352 4313 1537 4356; x_wconf 91' lang='lat' dir='ltr'><strong>autem</strong></span> <span class='ocrx_word' id='word_1_474' title='bbox 1567 4310 1782 4370; x_wconf 84' lang='lat' dir='ltr'><strong>reputet</strong></span> <span class='ocrx_word' id='word_1_475' title='bbox 1811 4300 1931 4368; x_wconf 86' lang='lat' dir='ltr'><strong>ejus</strong></span> <span class='ocrx_word' id='word_1_476' title='bbox 1958 4306 2145 4367; x_wconf 90' lang='lat' dir='ltr'><strong>caput,</strong></span> 
     </span>
    </p>
   </div>
   <div class='ocr_carea' id='block_1_63' title="bbox 568 4391 2145 4464">
    <p class='ocr_par' dir='ltr' id='par_1_63' title="bbox 568 4391 2145 4464">
     <span class='ocr_line' id='line_1_63' title="bbox 568 4391 2145 4464; baseline -0.008 -10"><span class='ocrx_word' id='word_1_477' title='bbox 568 4410 625 4455; x_wconf 91' lang='lat' dir='ltr'><strong>et</strong></span> <span class='ocrx_word' id='word_1_478' title='bbox 670 4402 724 4452; x_wconf 92' lang='lat' dir='ltr'><strong>in</strong></span> <span class='ocrx_word' id='word_1_479' title='bbox 769 4412 894 4452; x_wconf 89' lang='lat' dir='ltr'><strong>eum</strong></span> <span class='ocrx_word' id='word_1_480' title='bbox 926 4396 1245 4451; x_wconf 91' lang='lat' dir='ltr'><strong>omnimodo</strong></span> <span class='ocrx_word' id='word_1_481' title='bbox 1280 4403 1541 4464; x_wconf 87' lang='lat' dir='ltr'><strong>tanquam</strong></span> <span class='ocrx_word' id='word_1_482' title='bbox 1586 4404 1785 4462; x_wconf 88' lang='lat' dir='ltr'><strong>caput,</strong></span> <span class='ocrx_word' id='word_1_483' title='bbox 1820 4391 2145 4445; x_wconf 87' lang='lat' dir='ltr'><strong>relationem</strong></span> 
     </span>
    </p>
   </div>
   <div class='ocr_carea' id='block_1_64' title="bbox 2215 1902 3793 1983">
    <p class='ocr_par' dir='ltr' id='par_1_64' title="bbox 2215 1902 3793 1983">
     <span class='ocr_line' id='line_1_64' title="bbox 2215 1902 3793 1983; baseline -0.008 -18"><span class='ocrx_word' id='word_1_484' title='bbox 2215 1911 2346 1983; x_wconf 86' lang='grc' dir='ltr'>γὰρ,</span> <span class='ocrx_word' id='word_1_485' title='bbox 2382 1912 2471 1964; x_wconf 83' lang='grc' dir='ltr'><strong>ἵνα</strong></span> <span class='ocrx_word' id='word_1_486' title='bbox 2512 1910 2586 1981; x_wconf 80' lang='grc' dir='ltr'>μὴ</span> <span class='ocrx_word' id='word_1_487' title='bbox 2615 1908 2820 1980; x_wconf 88' lang='grc' dir='ltr'>ταύτην</span> <span class='ocrx_word' id='word_1_488' title='bbox 2863 1907 3129 1978; x_wconf 74' lang='grc' dir='ltr'>αἰσχύνῃ,</span> <span class='ocrx_word' id='word_1_489' title='bbox 3160 1905 3419 1975; x_wconf 78' lang='grc' dir='ltr'>φυλάττει</span> <span class='ocrx_word' id='word_1_490' title='bbox 3458 1902 3793 1957; x_wconf 86' lang='grc' dir='ltr'>ἀκάλυπτον.</span> 
     </span>
    </p>
   </div>
   <div class='ocr_carea' id='block_1_65' title="bbox 2217 1994 3798 2073">
    <p class='ocr_par' dir='ltr' id='par_1_65' title="bbox 2217 1994 3798 2073">
     <span class='ocr_line' id='line_1_65' title="bbox 2217 1994 3798 2073; baseline -0.008 -16"><span class='ocrx_word' id='word_1_491' title='bbox 2217 2004 2290 2058; x_wconf 83' lang='grc' dir='ltr'>Οὑ</span> <span class='ocrx_word' id='word_1_492' title='bbox 2322 2002 2431 2073; x_wconf 83' lang='grc' dir='ltr'><strong>γάρ</strong></span> <span class='ocrx_word' id='word_1_493' title='bbox 2454 2002 2610 2069; x_wconf 85' lang='grc' dir='ltr'>λόγον</span> <span class='ocrx_word' id='word_1_494' title='bbox 2633 2001 2746 2072; x_wconf 74' lang='grc' dir='ltr'>ἔχει</span> <span class='ocrx_word' id='word_1_495' title='bbox 2777 2001 2874 2071; x_wconf 78' lang='grc' dir='ltr'>τὴν</span> <span class='ocrx_word' id='word_1_496' title='bbox 2902 1999 2999 2069; x_wconf 86' lang='grc' dir='ltr'><strong>μὲν</strong></span> <span class='ocrx_word' id='word_1_497' title='bbox 3040 1999 3240 2068; x_wconf 83' lang='grc' dir='ltr'>κόμην,</span> <span class='ocrx_word' id='word_1_498' title='bbox 3271 1998 3337 2067; x_wconf 74' lang='grc' dir='ltr'>ἣν</span> <span class='ocrx_word' id='word_1_499' title='bbox 3372 1997 3406 2066; x_wconf 84' lang='grc' dir='ltr'>ἡ</span> <span class='ocrx_word' id='word_1_500' title='bbox 3438 1995 3602 2065; x_wconf 84' lang='grc' dir='ltr'>φύσις</span> <span class='ocrx_word' id='word_1_501' title='bbox 3642 1994 3798 2046; x_wconf 80' lang='grc' dir='ltr'>δίδω-</span> 
     </span>
    </p>
   </div>
   <div class='ocr_carea' id='block_1_66' title="bbox 2228 2089 3793 2166">
    <p class='ocr_par' dir='ltr' id='par_1_66' title="bbox 2228 2089 3793 2166">
     <span class='ocr_line' id='line_1_66' title="bbox 2228 2089 3793 2166; baseline -0.008 -16"><span class='ocrx_word' id='word_1_502' title='bbox 2228 2114 2336 2160; x_wconf 85' lang='grc' dir='ltr'>σιν,</span> <span class='ocrx_word' id='word_1_503' title='bbox 2382 2095 2664 2166; x_wconf 69' lang='grc' dir='ltr'>ἀφαιρεῖνζ·</span> <span class='ocrx_word' id='word_1_504' title='bbox 2699 2092 2898 2157; x_wconf 75' lang='grc' dir='ltr'>ἔξωθεν</span> <span class='ocrx_word' id='word_1_505' title='bbox 2924 2092 2980 2145; x_wconf 79' lang='grc' dir='ltr'>δὲ</span> <span class='ocrx_word' id='word_1_506' title='bbox 3015 2089 3358 2160; x_wconf 90' lang='grc' dir='ltr'>περιϐόλαιον</span> <span class='ocrx_word' id='word_1_507' title='bbox 3404 2089 3669 2139; x_wconf 60' lang='grc' dir='ltr'>ἐπινοεῖν</span> <span class='ocrx_word' id='word_1_508' title='bbox 3696 2102 3793 2153; x_wconf 86' lang='grc' dir='ltr'>γυ-</span> 
     </span>
    </p>
   </div>
   <div class='ocr_carea' id='block_1_67' title="bbox 2219 2178 3797 2257">
    <p class='ocr_par' dir='ltr' id='par_1_67' title="bbox 2219 2178 3797 2257">
     <span class='ocr_line' id='line_1_67' title="bbox 2219 2178 3797 2257; baseline -0.008 -17"><span class='ocrx_word' id='word_1_509' title='bbox 2219 2189 2369 2242; x_wconf 75' lang='grc' dir='ltr'>ναικὶ</span> <span class='ocrx_word' id='word_1_510' title='bbox 2414 2187 2471 2240; x_wconf 87' lang='grc' dir='ltr'><strong>δέ</strong></span> <span class='ocrx_word' id='word_1_511' title='bbox 2500 2186 2659 2257; x_wconf 83' lang='grc' dir='ltr'>χρέος</span> <span class='ocrx_word' id='word_1_512' title='bbox 2688 2185 2751 2238; x_wconf 78' lang='grc' dir='ltr'>τὸ</span> <span class='ocrx_word' id='word_1_513' title='bbox 2790 2184 3087 2254; x_wconf 68' lang='grc' dir='ltr'>κάλυμμα*</span> <span class='ocrx_word' id='word_1_514' title='bbox 3144 2178 3497 2250; x_wconf 89' lang='grc' dir='ltr'>καταισχύνει</span> <span class='ocrx_word' id='word_1_515' title='bbox 3542 2178 3650 2249; x_wconf 86' lang='grc' dir='ltr'><strong>γὰρ</strong></span> <span class='ocrx_word' id='word_1_516' title='bbox 3697 2179 3797 2247; x_wconf 76' lang='grc' dir='ltr'>τὴν</span> 
     </span>
    </p>
   </div>
   <div class='ocr_carea' id='block_1_68' title="bbox 2221 2271 3795 2349">
    <p class='ocr_par' dir='ltr' id='par_1_68' title="bbox 2221 2271 3795 2349">
     <span class='ocr_line' id='line_1_68' title="bbox 2221 2271 3795 2349; baseline -0.008 -16"><span class='ocrx_word' id='word_1_517' title='bbox 2221 2279 2466 2349; x_wconf 81' lang='grc' dir='ltr'>κεφαλὴν</span> <span class='ocrx_word' id='word_1_518' title='bbox 2496 2278 2687 2349; x_wconf 82' lang='grc' dir='ltr'>αὑτῆς,</span> <span class='ocrx_word' id='word_1_519' title='bbox 2716 2276 2905 2345; x_wconf 81' lang='grc' dir='ltr'>ὥσπερ</span> <span class='ocrx_word' id='word_1_520' title='bbox 2931 2273 3219 2345; x_wconf 82' lang='grc' dir='ltr'>ξυρωμένη</span> <span class='ocrx_word' id='word_1_521' title='bbox 3247 2290 3307 2325; x_wconf 91' lang='grc' dir='ltr'><strong>τε</strong></span> <span class='ocrx_word' id='word_1_522' title='bbox 3347 2273 3440 2324; x_wconf 73' lang='grc' dir='ltr'><strong>καὶ</strong></span> <span class='ocrx_word' id='word_1_523' title='bbox 3479 2271 3795 2342; x_wconf 82' lang='grc' dir='ltr'>κειρομένη,</span> 
     </span>
    </p>
   </div>
   <div class='ocr_carea' id='block_1_69' title="bbox 2222 2360 3799 2441">
    <p class='ocr_par' dir='ltr' id='par_1_69' title="bbox 2222 2360 3799 2441">
     <span class='ocr_line' id='line_1_69' title="bbox 2222 2360 3799 2441; baseline -0.008 -17"><span class='ocrx_word' id='word_1_524' title='bbox 2222 2370 2365 2424; x_wconf 85' lang='grc' dir='ltr'>οὑτω</span> <span class='ocrx_word' id='word_1_525' title='bbox 2398 2371 2462 2441; x_wconf 83' lang='grc' dir='ltr'>δὴ</span> <span class='ocrx_word' id='word_1_526' title='bbox 2495 2369 2588 2423; x_wconf 78' lang='grc' dir='ltr'>καὶ</span> <span class='ocrx_word' id='word_1_527' title='bbox 2618 2368 2692 2440; x_wconf 87' lang='grc' dir='ltr'>μὴ</span> <span class='ocrx_word' id='word_1_528' title='bbox 2734 2367 3141 2436; x_wconf 76' lang='grc' dir='ltr'>καλυπτομένη.</span> <span class='ocrx_word' id='word_1_529' title='bbox 3185 2366 3247 2418; x_wconf 82' lang='grc' dir='ltr'><strong>Εἰ</strong></span> <span class='ocrx_word' id='word_1_530' title='bbox 3270 2364 3378 2433; x_wconf 79' lang='grc' dir='ltr'><strong>γὰρ</strong></span> <span class='ocrx_word' id='word_1_531' title='bbox 3410 2363 3503 2416; x_wconf 78' lang='grc' dir='ltr'><strong>καὶ</strong></span> <span class='ocrx_word' id='word_1_532' title='bbox 3538 2361 3599 2414; x_wconf 79' lang='grc' dir='ltr'><strong>τὸ</strong></span> <span class='ocrx_word' id='word_1_533' title='bbox 3632 2360 3729 2430; x_wconf 81' lang='grc' dir='ltr'>μὲν</span> <span class='ocrx_word' id='word_1_534' title='bbox 3764 2362 3799 2429; x_wconf 75' lang='grc' dir='ltr'><strong>ἡ</strong></span> 
     </span>
    </p>
   </div>
   <div class='ocr_carea' id='block_1_70' title="bbox 2224 2451 3799 2533">
    <p class='ocr_par' dir='ltr' id='par_1_70' title="bbox 2224 2451 3799 2533">
     <span class='ocr_line' id='line_1_70' title="bbox 2224 2451 3799 2533; baseline -0.008 -17"><span class='ocrx_word' id='word_1_535' title='bbox 2224 2462 2386 2533; x_wconf 83' lang='grc' dir='ltr'>φύσις</span> <span class='ocrx_word' id='word_1_536' title='bbox 2454 2461 2819 2533; x_wconf 81' lang='grc' dir='ltr'>προϐάλλεται</span> <span class='ocrx_word' id='word_1_537' title='bbox 2845 2475 2859 2489; x_wconf 89' lang='grc'><strong>·</strong></span> <span class='ocrx_word' id='word_1_538' title='bbox 2892 2459 2953 2512; x_wconf 83' lang='grc' dir='ltr'><strong>τὸ</strong></span> <span class='ocrx_word' id='word_1_539' title='bbox 3000 2458 3078 2522; x_wconf 85' lang='grc' dir='ltr'>δὲ,</span> <span class='ocrx_word' id='word_1_540' title='bbox 3119 2459 3152 2528; x_wconf 83' lang='grc' dir='ltr'>ἡ</span> <span class='ocrx_word' id='word_1_541' title='bbox 3183 2455 3415 2526; x_wconf 82' lang='grc' dir='ltr'>σώφρων</span> <span class='ocrx_word' id='word_1_542' title='bbox 3455 2453 3648 2516; x_wconf 87' lang='grc' dir='ltr'>αἰδώς·</span> <span class='ocrx_word' id='word_1_543' title='bbox 3683 2451 3799 2508; x_wconf 81' lang='grc' dir='ltr'>ἀλλ’</span> 
     </span>
    </p>
   </div>
   <div class='ocr_carea' id='block_1_71' title="bbox 2224 2543 3801 2623">
    <p class='ocr_par' dir='ltr' id='par_1_71' title="bbox 2224 2543 3801 2623">
     <span class='ocr_line' id='line_1_71' title="bbox 2224 2543 3801 2623; baseline -0.008 -16"><span class='ocrx_word' id='word_1_544' title='bbox 2224 2548 2317 2607; x_wconf 83' lang='grc' dir='ltr'><strong>οὖν</strong></span> <span class='ocrx_word' id='word_1_545' title='bbox 2345 2553 2513 2623; x_wconf 78' lang='grc' dir='ltr'>ἄμφω</span> <span class='ocrx_word' id='word_1_546' title='bbox 2536 2552 2780 2621; x_wconf 80' lang='grc' dir='ltr'>κεφαλῆς</span> <span class='ocrx_word' id='word_1_547' title='bbox 2816 2548 3137 2621; x_wconf 87' lang='grc' dir='ltr'>περιϐόλαια</span> <span class='ocrx_word' id='word_1_548' title='bbox 3159 2564 3173 2578; x_wconf 73' lang='grc' dir='ltr'><strong><em>ο</em></strong></span> <span class='ocrx_word' id='word_1_549' title='bbox 3202 2547 3297 2599; x_wconf 74' lang='grc' dir='ltr'><strong>καὶ</strong></span> <span class='ocrx_word' id='word_1_550' title='bbox 3324 2545 3510 2615; x_wconf 83' lang='grc' dir='ltr'>ὥσπερ</span> <span class='ocrx_word' id='word_1_551' title='bbox 3536 2545 3571 2615; x_wconf 80' lang='grc' dir='ltr'>ἡ</span> <span class='ocrx_word' id='word_1_552' title='bbox 3606 2543 3801 2612; x_wconf 85' lang='grc' dir='ltr'>ἐξυρη-</span> 
     </span>
    </p>
   </div>
   <div class='ocr_carea' id='block_1_72' title="bbox 2229 2632 3799 2713">
    <p class='ocr_par' dir='ltr' id='par_1_72' title="bbox 2229 2632 3799 2713">
     <span class='ocr_line' id='line_1_72' title="bbox 2229 2632 3799 2713; baseline -0.007 -18"><span class='ocrx_word' id='word_1_553' title='bbox 2229 2641 2365 2713; x_wconf 86' lang='grc' dir='ltr'>μένη</span> <span class='ocrx_word' id='word_1_554' title='bbox 2399 2643 2462 2695; x_wconf 83' lang='grc' dir='ltr'><strong>τὸ</strong></span> <span class='ocrx_word' id='word_1_555' title='bbox 2494 2640 2729 2710; x_wconf 83' lang='grc' dir='ltr'>φυσικὸν</span> <span class='ocrx_word' id='word_1_556' title='bbox 2768 2639 3002 2693; x_wconf 84' lang='grc' dir='ltr'>ἀπέθετο</span> <span class='ocrx_word' id='word_1_557' title='bbox 3054 2636 3401 2707; x_wconf 85' lang='grc' dir='ltr'>περιϐόλαιον</span> <span class='ocrx_word' id='word_1_558' title='bbox 3422 2677 3437 2702; x_wconf 89' lang='grc'><strong>,</strong></span> <span class='ocrx_word' id='word_1_559' title='bbox 3474 2632 3619 2686; x_wconf 84' lang='grc' dir='ltr'>οὑτω</span> <span class='ocrx_word' id='word_1_560' title='bbox 3644 2635 3733 2686; x_wconf 73' lang='grc' dir='ltr'>καὶ</span> <span class='ocrx_word' id='word_1_561' title='bbox 3764 2635 3799 2703; x_wconf 71' lang='grc' dir='ltr'><strong>η</strong></span> 
     </span>
    </p>
   </div>
   <div class='ocr_carea' id='block_1_73' title="bbox 2226 2728 3800 2801">
    <p class='ocr_par' dir='ltr' id='par_1_73' title="bbox 2226 2728 3800 2801">
     <span class='ocr_line' id='line_1_73' title="bbox 2226 2728 3800 2801; baseline -0.006 -13"><span class='ocrx_word' id='word_1_562' title='bbox 2226 2732 2538 2795; x_wconf 79' lang='grc' dir='ltr'>ἀκάλυπτος</span> <span class='ocrx_word' id='word_1_563' title='bbox 2570 2732 2671 2801; x_wconf 84' lang='grc' dir='ltr'>τῆς</span> <span class='ocrx_word' id='word_1_564' title='bbox 2696 2732 2970 2801; x_wconf 86' lang='grc' dir='ltr'>σώφρονος</span> <span class='ocrx_word' id='word_1_565' title='bbox 2999 2728 3180 2792; x_wconf 69' lang='grc' dir='ltr'>αἰδοῦς</span> <span class='ocrx_word' id='word_1_566' title='bbox 3224 2728 3466 2799; x_wconf 86' lang='grc' dir='ltr'>περιεῖλε</span> <span class='ocrx_word' id='word_1_567' title='bbox 3496 2729 3557 2781; x_wconf 84' lang='grc' dir='ltr'><strong>τὸ</strong></span> <span class='ocrx_word' id='word_1_568' title='bbox 3591 2728 3800 2797; x_wconf 82' lang='grc' dir='ltr'>ἀμφία-</span> 
     </span>
    </p>
   </div>
   <div class='ocr_carea' id='block_1_74' title="bbox 2230 2819 3795 2896">
    <p class='ocr_par' dir='ltr' id='par_1_74' title="bbox 2230 2819 3795 2896">
     <span class='ocr_line' id='line_1_74' title="bbox 2230 2819 3795 2896; baseline -0.003 -17"><span class='ocrx_word' id='word_1_569' title='bbox 2230 2842 2363 2896; x_wconf 89' lang='grc' dir='ltr'>σμα,</span> <span class='ocrx_word' id='word_1_570' title='bbox 2397 2822 2721 2892; x_wconf 74' lang='grc' dir='ltr'>καὶγίνεται</span> <span class='ocrx_word' id='word_1_571' title='bbox 2753 2823 2895 2877; x_wconf 89' lang='grc' dir='ltr'><strong>κατά</strong></span> <span class='ocrx_word' id='word_1_572' title='bbox 2933 2822 3093 2875; x_wconf 82' lang='grc' dir='ltr'>τοῦτο</span> <span class='ocrx_word' id='word_1_573' title='bbox 3123 2822 3316 2875; x_wconf 84' lang='grc' dir='ltr'>ταυτὸν</span> <span class='ocrx_word' id='word_1_574' title='bbox 3348 2824 3415 2892; x_wconf 82' lang='grc' dir='ltr'>τῇ</span> <span class='ocrx_word' id='word_1_575' title='bbox 3463 2819 3795 2892; x_wconf 78' lang='grc' dir='ltr'>ἐξυρημένῃ.</span> 
     </span>
    </p>
   </div>
   <div class='ocr_carea' id='block_1_75' title="bbox 2227 2912 3802 2986">
    <p class='ocr_par' dir='ltr' id='par_1_75' title="bbox 2227 2912 3802 2986">
     <span class='ocr_line' id='line_1_75' title="bbox 2227 2912 3802 2986; baseline -0.005 -14"><span class='ocrx_word' id='word_1_576' title='bbox 2227 2917 2346 2972; x_wconf 89' lang='grc' dir='ltr'>Μία</span> <span class='ocrx_word' id='word_1_577' title='bbox 2388 2917 2485 2986; x_wconf 82' lang='grc' dir='ltr'>μὲν</span> <span class='ocrx_word' id='word_1_578' title='bbox 2513 2912 2606 2969; x_wconf 84' lang='grc' dir='ltr'><strong>οὑν</strong></span> <span class='ocrx_word' id='word_1_579' title='bbox 2651 2916 2801 2969; x_wconf 86' lang='grc' dir='ltr'>αίτία</span> <span class='ocrx_word' id='word_1_580' title='bbox 2840 2914 2935 2967; x_wconf 81' lang='grc' dir='ltr'><strong>τοῦ</strong></span> <span class='ocrx_word' id='word_1_581' title='bbox 2981 2914 3079 2984; x_wconf 82' lang='grc' dir='ltr'><strong>τὴν</strong></span> <span class='ocrx_word' id='word_1_582' title='bbox 3109 2913 3209 2984; x_wconf 86' lang='grc' dir='ltr'><strong>μὲν</strong></span> <span class='ocrx_word' id='word_1_583' title='bbox 3239 2913 3348 2967; x_wconf 89' lang='grc' dir='ltr'>δεῖν</span> <span class='ocrx_word' id='word_1_584' title='bbox 3389 2912 3802 2968; x_wconf 85' lang='grc' dir='ltr'>κατακαλύπτε-</span> 
     </span>
    </p>
   </div>
   <div class='ocr_carea' id='block_1_76' title="bbox 2232 3008 3804 3082">
    <p class='ocr_par' dir='ltr' id='par_1_76' title="bbox 2232 3008 3804 3082">
     <span class='ocr_line' id='line_1_76' title="bbox 2232 3008 3804 3082; baseline -0.004 -15"><span class='ocrx_word' id='word_1_585' title='bbox 2232 3014 2376 3080; x_wconf 86' lang='grc' dir='ltr'>σθαι,</span> <span class='ocrx_word' id='word_1_586' title='bbox 2430 3013 2523 3065; x_wconf 83' lang='grc' dir='ltr'><strong>τδν</strong></span> <span class='ocrx_word' id='word_1_587' title='bbox 2575 3012 2630 3065; x_wconf 81' lang='grc' dir='ltr'><strong>δὲ</strong></span> <span class='ocrx_word' id='word_1_588' title='bbox 2660 3011 2895 3082; x_wconf 82' lang='grc' dir='ltr'>μηκέτι,</span> <span class='ocrx_word' id='word_1_589' title='bbox 2924 3009 3085 3079; x_wconf 81' lang='grc' dir='ltr'>αὑτη.</span> <span class='ocrx_word' id='word_1_590' title='bbox 3122 3009 3339 3063; x_wconf 79' lang='grc' dir='ltr'>Μᾶλλον</span> <span class='ocrx_word' id='word_1_591' title='bbox 3367 3010 3424 3062; x_wconf 86' lang='grc' dir='ltr'><strong>δέ</strong></span> <span class='ocrx_word' id='word_1_592' title='bbox 3453 3026 3535 3072; x_wconf 89' lang='grc' dir='ltr'><strong>τις</strong></span> <span class='ocrx_word' id='word_1_593' title='bbox 3565 3008 3804 3081; x_wconf 80' lang='grc' dir='ltr'>ἀκριϐῶς</span> 
     </span>
    </p>
   </div>
   <div class='ocr_carea' id='block_1_77' title="bbox 2232 3100 3806 3169">
    <p class='ocr_par' dir='ltr' id='par_1_77' title="bbox 2232 3100 3806 3169">
     <span class='ocr_line' id='line_1_77' title="bbox 2232 3100 3806 3169; baseline -0.003 -12"><span class='ocrx_word' id='word_1_594' title='bbox 2232 3103 2568 3167; x_wconf 84' lang='grc' dir='ltr'>ἐπισκοπῶν,</span> <span class='ocrx_word' id='word_1_595' title='bbox 2625 3102 2747 3155; x_wconf 84' lang='grc' dir='ltr'>οὑδὲ</span> <span class='ocrx_word' id='word_1_596' title='bbox 2795 3101 2972 3165; x_wconf 88' lang='grc' dir='ltr'>αἰτίας</span> <span class='ocrx_word' id='word_1_597' title='bbox 3025 3102 3277 3155; x_wconf 80' lang='grc' dir='ltr'>ἀπόδοσιν</span> <span class='ocrx_word' id='word_1_598' title='bbox 3298 3103 3415 3169; x_wconf 88' lang='grc' dir='ltr'>ἐρεῖ</span> <span class='ocrx_word' id='word_1_599' title='bbox 3445 3100 3616 3153; x_wconf 80' lang='grc' dir='ltr'>ταῦτα</span> <span class='ocrx_word' id='word_1_600' title='bbox 3638 3116 3654 3131; x_wconf 77' lang='grc'>⁸</span> <span class='ocrx_word' id='word_1_601' title='bbox 3688 3102 3806 3153; x_wconf 83' lang='grc' dir='ltr'>ἀνα·</span> 
     </span>
    </p>
   </div>
   <div class='ocr_carea' id='block_1_78' title="bbox 2235 3192 3809 3267">
    <p class='ocr_par' dir='ltr' id='par_1_78' title="bbox 2235 3192 3809 3267">
     <span class='ocr_line' id='line_1_78' title="bbox 2235 3192 3809 3267; baseline -0.004 -17"><span class='ocrx_word' id='word_1_602' title='bbox 2235 3196 2443 3267; x_wconf 81' lang='grc' dir='ltr'>τροπὴν</span> <span class='ocrx_word' id='word_1_603' title='bbox 2478 3195 2534 3249; x_wconf 85' lang='grc' dir='ltr'>δὲ</span> <span class='ocrx_word' id='word_1_604' title='bbox 2597 3194 2690 3249; x_wconf 78' lang='grc' dir='ltr'>καὶ</span> <span class='ocrx_word' id='word_1_605' title='bbox 2727 3194 3006 3265; x_wconf 90' lang='grc' dir='ltr'>ἀναίρεσιν</span> <span class='ocrx_word' id='word_1_606' title='bbox 3039 3193 3145 3246; x_wconf 85' lang='grc' dir='ltr'><strong>τῶν</strong></span> <span class='ocrx_word' id='word_1_607' title='bbox 3181 3192 3455 3246; x_wconf 83' lang='grc' dir='ltr'>αἰτιᾶσθαι</span> <span class='ocrx_word' id='word_1_608' title='bbox 3510 3193 3610 3264; x_wconf 83' lang='grc' dir='ltr'>τὴν</span> <span class='ocrx_word' id='word_1_609' title='bbox 3653 3210 3809 3263; x_wconf 86' lang='grc' dir='ltr'>νομο-</span> 
     </span>
    </p>
   </div>
   <div class='ocr_carea' id='block_1_79' title="bbox 2238 3284 3809 3365">
    <p class='ocr_par' dir='ltr' id='par_1_79' title="bbox 2238 3284 3809 3365">
     <span class='ocr_line' id='line_1_79' title="bbox 2238 3284 3809 3365; baseline -0.004 -22"><span class='ocrx_word' id='word_1_610' title='bbox 2238 3290 2426 3344; x_wconf 89' lang='grc' dir='ltr'>θεσίαν</span> <span class='ocrx_word' id='word_1_611' title='bbox 2474 3286 2896 3365; x_wconf 74' lang='grc' dir='ltr'>ἐπιχειρούντων</span> <span class='ocrx_word' id='word_1_612' title='bbox 2923 3324 2938 3351; x_wconf 93' lang='grc'><strong>,</strong></span> <span class='ocrx_word' id='word_1_613' title='bbox 2969 3286 3063 3339; x_wconf 59' lang='grc' dir='ltr'><strong>καὶ⁸</strong></span> <span class='ocrx_word' id='word_1_614' title='bbox 3108 3284 3178 3338; x_wconf 84' lang='grc' dir='ltr'>τὰ</span> <span class='ocrx_word' id='word_1_615' title='bbox 3215 3286 3353 3338; x_wconf 86' lang='grc' dir='ltr'><strong>αὑτά</strong></span> <span class='ocrx_word' id='word_1_616' title='bbox 3397 3287 3510 3348; x_wconf 89' lang='grc' dir='ltr'>τοῖς</span> <span class='ocrx_word' id='word_1_617' title='bbox 3554 3286 3809 3355; x_wconf 82' lang='grc' dir='ltr'>ἀνδράσιν</span> 
     </span>
    </p>
   </div>
   <div class='ocr_carea' id='block_1_80' title="bbox 2237 3377 3811 3449">
    <p class='ocr_par' dir='ltr' id='par_1_80' title="bbox 2237 3377 3811 3449">
     <span class='ocr_line' id='line_1_80' title="bbox 2237 3377 3811 3449; baseline -0.004 -14"><span class='ocrx_word' id='word_1_618' title='bbox 2237 3381 2531 3448; x_wconf 84' lang='grc' dir='ltr'>ἀξιούντων</span> <span class='ocrx_word' id='word_1_619' title='bbox 2564 3380 2659 3433; x_wconf 77' lang='grc' dir='ltr'>καὶ</span> <span class='ocrx_word' id='word_1_620' title='bbox 2702 3382 2760 3433; x_wconf 86' lang='grc' dir='ltr'><strong>ἐν</strong></span> <span class='ocrx_word' id='word_1_621' title='bbox 2819 3378 3030 3441; x_wconf 86' lang='grc' dir='ltr'>τούτοις</span> <span class='ocrx_word' id='word_1_622' title='bbox 3080 3377 3342 3449; x_wconf 88' lang='grc' dir='ltr'>πράττειν</span> <span class='ocrx_word' id='word_1_623' title='bbox 3394 3379 3493 3440; x_wconf 81' lang='grc' dir='ltr'>τὰς</span> <span class='ocrx_word' id='word_1_624' title='bbox 3550 3379 3811 3446; x_wconf 84' lang='grc' dir='ltr'>γυναῖκας</span> 
     </span>
    </p>
   </div>
   <div class='ocr_carea' id='block_1_81' title="bbox 2238 3468 3811 3542">
    <p class='ocr_par' dir='ltr' id='par_1_81' title="bbox 2238 3468 3811 3542">
     <span class='ocr_line' id='line_1_81' title="bbox 2238 3468 3811 3542; baseline -0.004 -15"><span class='ocrx_word' id='word_1_625' title='bbox 2238 3473 2328 3527; x_wconf 82' lang='grc' dir='ltr'>διὰ</span> <span class='ocrx_word' id='word_1_626' title='bbox 2351 3474 2451 3542; x_wconf 86' lang='grc' dir='ltr'>τὴν</span> <span class='ocrx_word' id='word_1_627' title='bbox 2478 3472 2764 3526; x_wconf 81' lang='grc' dir='ltr'>κοινωνίαν</span> <span class='ocrx_word' id='word_1_628' title='bbox 2793 3471 2891 3541; x_wconf 80' lang='grc' dir='ltr'><strong>τῆς</strong></span> <span class='ocrx_word' id='word_1_629' title='bbox 2930 3469 3167 3538; x_wconf 86' lang='grc' dir='ltr'>φύσεως.</span> <span class='ocrx_word' id='word_1_630' title='bbox 3206 3468 3346 3521; x_wconf 79' lang='grc' dir='ltr'>Ἀλλ’</span> <span class='ocrx_word' id='word_1_631' title='bbox 3380 3470 3490 3521; x_wconf 81' lang='grc' dir='ltr'>είτε</span> <span class='ocrx_word' id='word_1_632' title='bbox 3515 3470 3684 3535; x_wconf 82' lang='grc' dir='ltr'>αἰτία,</span> <span class='ocrx_word' id='word_1_633' title='bbox 3705 3468 3811 3522; x_wconf 70' lang='grc' dir='ltr'>εἴτε</span> 
     </span>
    </p>
   </div>
   <div class='ocr_carea' id='block_1_82' title="bbox 2239 3560 3811 3634">
    <p class='ocr_par' dir='ltr' id='par_1_82' title="bbox 2239 3560 3811 3634">
     <span class='ocr_line' id='line_1_82' title="bbox 2239 3560 3811 3634; baseline -0.003 -14"><span class='ocrx_word' id='word_1_634' title='bbox 2239 3566 2350 3620; x_wconf 84' lang='grc' dir='ltr'>τῶν</span> <span class='ocrx_word' id='word_1_635' title='bbox 2389 3564 2728 3634; x_wconf 76' lang='grc' dir='ltr'>αἰτιωμένων</span> <span class='ocrx_word' id='word_1_636' title='bbox 2763 3564 3006 3633; x_wconf 79' lang='grc' dir='ltr'>ἐλεγχος,</span> <span class='ocrx_word' id='word_1_637' title='bbox 3042 3560 3270 3632; x_wconf 89' lang='grc' dir='ltr'>τοιαύτη</span> <span class='ocrx_word' id='word_1_638' title='bbox 3302 3561 3368 3615; x_wconf 82' lang='grc' dir='ltr'><strong>ἂν</strong></span> <span class='ocrx_word' id='word_1_639' title='bbox 3398 3562 3431 3631; x_wconf 83' lang='grc' dir='ltr'><strong>ἡ</strong></span> <span class='ocrx_word' id='word_1_640' title='bbox 3463 3560 3669 3615; x_wconf 80' lang='grc' dir='ltr'>διάνοια</span> <span class='ocrx_word' id='word_1_641' title='bbox 3707 3562 3811 3631; x_wconf 80' lang='grc' dir='ltr'>εἴη.</span> 
     </span>
    </p>
   </div>
   <div class='ocr_carea' id='block_1_83' title="bbox 2242 3652 3815 3729">
    <p class='ocr_par' dir='ltr' id='par_1_83' title="bbox 2242 3652 3815 3729">
     <span class='ocr_line' id='line_1_83' title="bbox 2242 3652 3815 3729; baseline -0.004 -18"><span class='ocrx_word' id='word_1_642' title='bbox 2242 3657 2513 3729; x_wconf 88' lang='grc' dir='ltr'>Δευτέραν</span> <span class='ocrx_word' id='word_1_643' title='bbox 2560 3656 2615 3709; x_wconf 86' lang='grc' dir='ltr'>δὲ</span> <span class='ocrx_word' id='word_1_644' title='bbox 2648 3655 2835 3725; x_wconf 88' lang='grc' dir='ltr'>τίθησι</span> <span class='ocrx_word' id='word_1_645' title='bbox 2875 3655 3129 3725; x_wconf 87' lang='grc' dir='ltr'>τοιαύτην</span> <span class='ocrx_word' id='word_1_646' title='bbox 3154 3671 3168 3686; x_wconf 88' lang='grc'><strong>·</strong></span> <span class='ocrx_word' id='word_1_647' title='bbox 3204 3654 3267 3706; x_wconf 86' lang='grc' dir='ltr'><strong>Ἦ</strong></span> <span class='ocrx_word' id='word_1_648' title='bbox 3307 3652 3465 3723; x_wconf 82' lang='grc' dir='ltr'>γυνὴ,</span> <span class='ocrx_word' id='word_1_649' title='bbox 3500 3652 3655 3725; x_wconf 79' lang='grc' dir='ltr'>φησὶ,</span> <span class='ocrx_word' id='word_1_650' title='bbox 3713 3654 3815 3706; x_wconf 83' lang='grc' dir='ltr'><strong>ὑπὸ</strong></span> 
     </span>
    </p>
   </div>
   <div class='ocr_carea' id='block_1_84' title="bbox 2243 3745 3817 3821">
    <p class='ocr_par' dir='ltr' id='par_1_84' title="bbox 2243 3745 3817 3821">
     <span class='ocr_line' id='line_1_84' title="bbox 2243 3745 3817 3821; baseline -0.004 -17"><span class='ocrx_word' id='word_1_651' title='bbox 2243 3750 2341 3821; x_wconf 81' lang='grc' dir='ltr'><strong>τὴν</strong></span> <span class='ocrx_word' id='word_1_652' title='bbox 2364 3747 2613 3813; x_wconf 84' lang='grc' dir='ltr'>ἐξουσίαν</span> <span class='ocrx_word' id='word_1_653' title='bbox 2642 3748 2853 3818; x_wconf 84' lang='grc' dir='ltr'>πέφυκε</span> <span class='ocrx_word' id='word_1_654' title='bbox 2875 3747 3045 3800; x_wconf 89' lang='grc' dir='ltr'>τελεῖν</span> <span class='ocrx_word' id='word_1_655' title='bbox 3068 3746 3162 3800; x_wconf 83' lang='grc' dir='ltr'><strong>τοὺ</strong></span> <span class='ocrx_word' id='word_1_656' title='bbox 3185 3746 3377 3817; x_wconf 92' lang='grc' dir='ltr'>ἀνδρός</span> <span class='ocrx_word' id='word_1_657' title='bbox 3399 3763 3414 3778; x_wconf 89' lang='grc'><strong>·</strong></span> <span class='ocrx_word' id='word_1_658' title='bbox 3443 3745 3503 3811; x_wconf 79' lang='grc' dir='ltr'><strong>ἐξ</strong></span> <span class='ocrx_word' id='word_1_659' title='bbox 3524 3745 3686 3799; x_wconf 80' lang='grc' dir='ltr'>αὑτοῦ</span> <span class='ocrx_word' id='word_1_660' title='bbox 3711 3746 3817 3817; x_wconf 77' lang='grc' dir='ltr'><strong>γὰρ</strong></span> 
     </span>
    </p>
   </div>
   <div class='ocr_carea' id='block_1_85' title="bbox 2244 3836 3813 3912">
    <p class='ocr_par' dir='ltr' id='par_1_85' title="bbox 2244 3836 3813 3912">
     <span class='ocr_line' id='line_1_85' title="bbox 2244 3836 3813 3912; baseline -0.004 -17"><span class='ocrx_word' id='word_1_661' title='bbox 2244 3842 2372 3912; x_wconf 80' lang='grc' dir='ltr'>ἔσχε</span> <span class='ocrx_word' id='word_1_662' title='bbox 2403 3839 2545 3894; x_wconf 84' lang='grc' dir='ltr'>κατὰ</span> <span class='ocrx_word' id='word_1_663' title='bbox 2576 3838 2802 3910; x_wconf 86' lang='grc' dir='ltr'>πρώτας</span> <span class='ocrx_word' id='word_1_664' title='bbox 2832 3838 2927 3900; x_wconf 76' lang='grc' dir='ltr'><strong>τὰς</strong></span> <span class='ocrx_word' id='word_1_665' title='bbox 2961 3837 3280 3908; x_wconf 84' lang='grc' dir='ltr'>σωματικὰς</span> <span class='ocrx_word' id='word_1_666' title='bbox 3324 3836 3498 3907; x_wconf 84' lang='grc' dir='ltr'>ἀρχὰς</span> <span class='ocrx_word' id='word_1_667' title='bbox 3534 3836 3636 3907; x_wconf 78' lang='grc' dir='ltr'><strong>τῆς</strong></span> <span class='ocrx_word' id='word_1_668' title='bbox 3668 3836 3813 3905; x_wconf 67' lang='grc' dir='ltr'>γενέε</span> 
     </span>
    </p>
   </div>
   <div class='ocr_carea' id='block_1_86' title="bbox 2248 3926 3817 3998">
    <p class='ocr_par' dir='ltr' id='par_1_86' title="bbox 2248 3926 3817 3998">
     <span class='ocr_line' id='line_1_86' title="bbox 2248 3926 3817 3998; baseline -0.006 -13"><span class='ocrx_word' id='word_1_669' title='bbox 2248 3949 2386 3994; x_wconf 90' lang='grc' dir='ltr'>σεως</span> <span class='ocrx_word' id='word_1_670' title='bbox 2410 3947 2424 3962; x_wconf 77' lang='grc' dir='ltr'><strong><em>ο</em></strong></span> <span class='ocrx_word' id='word_1_671' title='bbox 2459 3932 2552 3984; x_wconf 71' lang='grc' dir='ltr'><strong>καὶ</strong></span> <span class='ocrx_word' id='word_1_672' title='bbox 2582 3929 2795 3981; x_wconf 87' lang='grc' dir='ltr'>πολλῶν</span> <span class='ocrx_word' id='word_1_673' title='bbox 2824 3927 2925 3998; x_wconf 87' lang='grc' dir='ltr'><strong>μὲν</strong></span> <span class='ocrx_word' id='word_1_674' title='bbox 2945 3928 3249 3992; x_wconf 75' lang='grc' dir='ltr'>ἐξουσιάζει</span> <span class='ocrx_word' id='word_1_675' title='bbox 3282 3929 3374 3981; x_wconf 73' lang='grc' dir='ltr'><strong>καὶ</strong></span> <span class='ocrx_word' id='word_1_676' title='bbox 3396 3927 3573 3981; x_wconf 78' lang='grc' dir='ltr'>ἄλλων</span> <span class='ocrx_word' id='word_1_677' title='bbox 3593 3927 3621 3978; x_wconf 90' lang='grc' dir='ltr'><strong>ό</strong></span> <span class='ocrx_word' id='word_1_678' title='bbox 3643 3926 3743 3994; x_wconf 87' lang='grc' dir='ltr'>άνή</span> <span class='ocrx_word' id='word_1_679' title='bbox 3752 3944 3781 3997; x_wconf 92' lang='grc' dir='ltr'><strong>ρ</strong></span> <span class='ocrx_word' id='word_1_680' title='bbox 3802 3941 3817 3955; x_wconf 94' lang='grc'><strong>·</strong></span> 
     </span>
    </p>
   </div>
   <div class='ocr_carea' id='block_1_87' title="bbox 2245 4016 3821 4091">
    <p class='ocr_par' dir='ltr' id='par_1_87' title="bbox 2245 4016 3821 4091">
     <span class='ocr_line' id='line_1_87' title="bbox 2245 4016 3821 4091; baseline -0.005 -14"><span class='ocrx_word' id='word_1_681' title='bbox 2245 4023 2306 4076; x_wconf 88' lang='grc' dir='ltr'><strong>τὸ</strong></span> <span class='ocrx_word' id='word_1_682' title='bbox 2335 4022 2393 4076; x_wconf 86' lang='grc' dir='ltr'>δὲ</span> <span class='ocrx_word' id='word_1_683' title='bbox 2418 4020 2756 4091; x_wconf 81' lang='grc' dir='ltr'>ἐνδοξότερον</span> <span class='ocrx_word' id='word_1_684' title='bbox 2789 4018 2954 4072; x_wconf 82' lang='grc' dir='ltr'>αὑτοῦ</span> <span class='ocrx_word' id='word_1_685' title='bbox 3007 4020 3102 4072; x_wconf 77' lang='grc' dir='ltr'>καὶ</span> <span class='ocrx_word' id='word_1_686' title='bbox 3158 4017 3485 4090; x_wconf 84' lang='grc' dir='ltr'>τιμιώτερον</span> <span class='ocrx_word' id='word_1_687' title='bbox 3534 4018 3635 4086; x_wconf 81' lang='grc' dir='ltr'>τῆς</span> <span class='ocrx_word' id='word_1_688' title='bbox 3678 4016 3821 4082; x_wconf 72' lang='grc' dir='ltr'>ἐξουο</span> 
     </span>
    </p>
   </div>
   <div class='ocr_carea' id='block_1_88' title="bbox 2250 4107 3823 4181">
    <p class='ocr_par' dir='ltr' id='par_1_88' title="bbox 2250 4107 3823 4181">
     <span class='ocr_line' id='line_1_88' title="bbox 2250 4107 3823 4181; baseline -0.004 -15"><span class='ocrx_word' id='word_1_689' title='bbox 2250 4114 2372 4176; x_wconf 90' lang='grc' dir='ltr'>σίας</span> <span class='ocrx_word' id='word_1_690' title='bbox 2398 4111 2492 4165; x_wconf 75' lang='grc' dir='ltr'><strong>καὶ</strong></span> <span class='ocrx_word' id='word_1_691' title='bbox 2509 4111 2706 4181; x_wconf 84' lang='grc' dir='ltr'>ἀρχῆς,</span> <span class='ocrx_word' id='word_1_692' title='bbox 2740 4110 2927 4181; x_wconf 84' lang='grc' dir='ltr'>ἡγυνή</span> <span class='ocrx_word' id='word_1_693' title='bbox 2950 4110 3089 4163; x_wconf 86' lang='grc' dir='ltr'>ἐστι.</span> <span class='ocrx_word' id='word_1_694' title='bbox 3114 4109 3283 4161; x_wconf 83' lang='grc' dir='ltr'>Τοῦτο</span> <span class='ocrx_word' id='word_1_695' title='bbox 3308 4110 3414 4180; x_wconf 85' lang='grc' dir='ltr'>γὰρ</span> <span class='ocrx_word' id='word_1_696' title='bbox 3435 4108 3583 4177; x_wconf 83' lang='grc' dir='ltr'>λέγει</span> <span class='ocrx_word' id='word_1_697' title='bbox 3606 4125 3616 4136; x_wconf 94' lang='grc'><strong>·</strong></span> <span class='ocrx_word' id='word_1_698' title='bbox 3643 4127 3661 4158; x_wconf 78' lang='grc' dir='ltr'><strong>ι</strong></span> <span class='ocrx_word' id='word_1_699' title='bbox 3685 4107 3823 4177; x_wconf 81' lang='grc' dir='ltr'>Γυνὴ</span> 
     </span>
    </p>
   </div>
   <div class='ocr_carea' id='block_1_89' title="bbox 2248 4196 3825 4274">
    <p class='ocr_par' dir='ltr' id='par_1_89' title="bbox 2248 4196 3825 4274">
     <span class='ocr_line' id='line_1_89' title="bbox 2248 4196 3825 4274; baseline -0.004 -16"><span class='ocrx_word' id='word_1_700' title='bbox 2248 4206 2303 4258; x_wconf 82' lang='grc' dir='ltr'><strong>δέ</strong></span> <span class='ocrx_word' id='word_1_701' title='bbox 2319 4204 2445 4268; x_wconf 84' lang='grc' dir='ltr'>δόξα</span> <span class='ocrx_word' id='word_1_702' title='bbox 2462 4203 2653 4274; x_wconf 86' lang='grc' dir='ltr'>ἀνδρός</span> <span class='ocrx_word' id='word_1_703' title='bbox 2682 4205 2848 4255; x_wconf 90' lang='grc' dir='ltr'>ἐστιν.</span> <span class='ocrx_word' id='word_1_704' title='bbox 2892 4220 2910 4253; x_wconf 69' lang='grc' dir='ltr'><strong>ι</strong></span> <span class='ocrx_word' id='word_1_705' title='bbox 2958 4201 3110 4253; x_wconf 79' lang='grc' dir='ltr'>Ἐπεὶ</span> <span class='ocrx_word' id='word_1_706' title='bbox 3127 4196 3219 4254; x_wconf 84' lang='grc' dir='ltr'><strong>οὑν</strong></span> <span class='ocrx_word' id='word_1_707' title='bbox 3270 4200 3331 4252; x_wconf 83' lang='grc' dir='ltr'><strong>τὸ</strong></span> <span class='ocrx_word' id='word_1_708' title='bbox 3365 4200 3701 4270; x_wconf 88' lang='grc' dir='ltr'>ἐνδοξότερον</span> <span class='ocrx_word' id='word_1_709' title='bbox 3733 4200 3825 4252; x_wconf 77' lang='grc' dir='ltr'><strong>καὶ</strong></span> 
     </span>
    </p>
   </div>
   <div class='ocr_carea' id='block_1_90' title="bbox 2251 4292 3827 4367">
    <p class='ocr_par' dir='ltr' id='par_1_90' title="bbox 2251 4292 3827 4367">
     <span class='ocr_line' id='line_1_90' title="bbox 2251 4292 3827 4367; baseline -0.004 -18"><span class='ocrx_word' id='word_1_710' title='bbox 2251 4296 2650 4367; x_wconf 79' lang='grc' dir='ltr'>ἐπισημότερον</span> <span class='ocrx_word' id='word_1_711' title='bbox 2678 4295 2777 4365; x_wconf 79' lang='grc' dir='ltr'><strong>τῆς</strong></span> <span class='ocrx_word' id='word_1_712' title='bbox 2805 4293 2899 4346; x_wconf 80' lang='grc' dir='ltr'>τοῦ</span> <span class='ocrx_word' id='word_1_713' title='bbox 2932 4293 3125 4363; x_wconf 83' lang='grc' dir='ltr'>ἀνδρὸς</span> <span class='ocrx_word' id='word_1_714' title='bbox 3164 4292 3387 4363; x_wconf 81' lang='grc' dir='ltr'>ἀρχῆςὴ</span> <span class='ocrx_word' id='word_1_715' title='bbox 3414 4293 3548 4361; x_wconf 87' lang='grc' dir='ltr'>γυνή</span> <span class='ocrx_word' id='word_1_716' title='bbox 3580 4293 3715 4352; x_wconf 82' lang='grc' dir='ltr'>ἐστι,</span> <span class='ocrx_word' id='word_1_717' title='bbox 3740 4308 3827 4343; x_wconf 86' lang='grc' dir='ltr'>κε-</span> 
     </span>
    </p>
   </div>
   <div class='ocr_carea' id='block_1_91' title="bbox 2252 4382 3825 4460">
    <p class='ocr_par' dir='ltr' id='par_1_91' title="bbox 2252 4382 3825 4460">
     <span class='ocr_line' id='line_1_91' title="bbox 2252 4382 3825 4460; baseline -0.006 -20"><span class='ocrx_word' id='word_1_718' title='bbox 2252 4387 2600 4460; x_wconf 83' lang='grc' dir='ltr'>χρεώστηκεν</span> <span class='ocrx_word' id='word_1_719' title='bbox 2650 4387 2751 4437; x_wconf 84' lang='grc' dir='ltr'>ὅσα</span> <span class='ocrx_word' id='word_1_720' title='bbox 2796 4383 3050 4454; x_wconf 86' lang='grc' dir='ltr'>τιμῶσιν,</span> <span class='ocrx_word' id='word_1_721' title='bbox 3105 4382 3179 4445; x_wconf 82' lang='grc' dir='ltr'>ὡς</span> <span class='ocrx_word' id='word_1_722' title='bbox 3241 4382 3437 4454; x_wconf 81' lang='grc' dir='ltr'>ἀρχὴν,</span> <span class='ocrx_word' id='word_1_723' title='bbox 3503 4382 3595 4435; x_wconf 83' lang='grc' dir='ltr'><strong>τὸν</strong></span> <span class='ocrx_word' id='word_1_724' title='bbox 3658 4382 3825 4452; x_wconf 79' lang='grc' dir='ltr'>ἄνδρα</span> 
     </span>
    </p>
   </div>
   <div class='ocr_carea' id='block_1_92' title="bbox 570 4473 2129 4571">
    <p class='ocr_par' dir='ltr' id='par_1_92' title="bbox 570 4484 2129 4555">
     <span class='ocr_line' id='line_1_92' title="bbox 570 4484 2129 4555; baseline -0.004 -14"><span class='ocrx_word' id='word_1_725' title='bbox 570 4486 801 4542; x_wconf 85' lang='lat' dir='ltr'><strong>habens.</strong></span> <span class='ocrx_word' id='word_1_726' title='bbox 836 4485 1127 4555; x_wconf 90' lang='lat' dir='ltr'><strong>lmpudens</strong></span> <span class='ocrx_word' id='word_1_727' title='bbox 1152 4493 1300 4539; x_wconf 89' lang='lat' dir='ltr'><strong>certe</strong></span> <span class='ocrx_word' id='word_1_728' title='bbox 1328 4492 1383 4538; x_wconf 90' lang='lat' dir='ltr'><strong>et</strong></span> <span class='ocrx_word' id='word_1_729' title='bbox 1416 4484 1691 4553; x_wconf 85' lang='lat' dir='ltr'><strong>ingratum</strong></span> <span class='ocrx_word' id='word_1_730' title='bbox 1724 4497 1863 4551; x_wconf 88' lang='lat' dir='ltr'><strong>opus</strong></span> <span class='ocrx_word' id='word_1_731' title='bbox 1896 4488 2002 4547; x_wconf 89' lang='lat' dir='ltr'><strong>est,</strong></span> <span class='ocrx_word' id='word_1_732' title='bbox 2037 4495 2129 4534; x_wconf 84' lang='lat' dir='ltr'><strong>nor</strong></span> 
     </span>
    </p>
   </div>
   <div class='ocr_carea' id='block_1_93' title="bbox 2232 4473 3825 4571">
    <p class='ocr_par' dir='ltr' id='par_1_93' title="bbox 2258 4473 3825 4552">
     <span class='ocr_line' id='line_1_93' title="bbox 2258 4473 3825 4552; baseline -0.006 -18"><span class='ocrx_word' id='word_1_733' title='bbox 2258 4481 2535 4552; x_wconf 86' lang='grc' dir='ltr'>πράττειν.</span> <span class='ocrx_word' id='word_1_734' title='bbox 2569 4477 2807 4548; x_wconf 89' lang='grc' dir='ltr'>Πράττοι</span> <span class='ocrx_word' id='word_1_735' title='bbox 2833 4475 2878 4527; x_wconf 89' lang='grc' dir='ltr'>δ’</span> <span class='ocrx_word' id='word_1_736' title='bbox 2910 4476 2974 4528; x_wconf 84' lang='grc' dir='ltr'><strong>ἂν</strong></span> <span class='ocrx_word' id='word_1_737' title='bbox 3002 4476 3201 4545; x_wconf 81' lang='grc' dir='ltr'>ἔχουσα</span> <span class='ocrx_word' id='word_1_738' title='bbox 3235 4474 3334 4544; x_wconf 83' lang='grc' dir='ltr'>τὴν</span> <span class='ocrx_word' id='word_1_739' title='bbox 3371 4474 3620 4540; x_wconf 85' lang='grc' dir='ltr'>ἐξουσίαν</span> <span class='ocrx_word' id='word_1_740' title='bbox 3663 4473 3825 4540; x_wconf 83' lang='grc' dir='ltr'><strong>αὑτοὺ</strong></span> 
     </span>
    </p>
   </div>
   <div class='ocr_carea' id='block_1_94' title="bbox 572 4575 2146 4652">
    <p class='ocr_par' dir='ltr' id='par_1_94' title="bbox 572 4575 2146 4652">
     <span class='ocr_line' id='line_1_94' title="bbox 572 4575 2146 4652; baseline -0.006 -17"><span class='ocrx_word' id='word_1_741' title='bbox 572 4592 868 4652; x_wconf 81' lang='lat' dir='ltr'><strong>agnoscere</strong></span> <span class='ocrx_word' id='word_1_742' title='bbox 909 4578 1063 4632; x_wconf 91' lang='lat' dir='ltr'><strong>illum</strong></span> <span class='ocrx_word' id='word_1_743' title='bbox 1097 4577 1434 4648; x_wconf 90' lang='lat' dir='ltr'><strong>principium</strong></span> <span class='ocrx_word' id='word_1_744' title='bbox 1468 4585 1523 4631; x_wconf 89' lang='lat' dir='ltr'><strong>et</strong></span> <span class='ocrx_word' id='word_1_745' title='bbox 1564 4590 1789 4630; x_wconf 83' lang='lat' dir='ltr'><strong>causam</strong></span> <span class='ocrx_word' id='word_1_746' title='bbox 1832 4589 1948 4629; x_wconf 75' lang='lat' dir='ltr'><strong>sua:</strong></span> <span class='ocrx_word' id='word_1_747' title='bbox 1998 4575 2146 4627; x_wconf 88' lang='lat' dir='ltr'><strong>exsi-</strong></span> 
     </span>
    </p>
   </div>
   <div class='ocr_carea' id='block_1_95' title="bbox 574 4664 2152 4739">
    <p class='ocr_par' dir='ltr' id='par_1_95' title="bbox 574 4664 2152 4739">
     <span class='ocr_line' id='line_1_95' title="bbox 574 4664 2152 4739; baseline -0.005 -13"><span class='ocrx_word' id='word_1_748' title='bbox 574 4671 788 4727; x_wconf 71' lang='lat' dir='ltr'><strong>stentia:</strong></span> <span class='ocrx_word' id='word_1_749' title='bbox 813 4709 828 4735; x_wconf 91' lang='lat'><strong>,</strong></span> <span class='ocrx_word' id='word_1_750' title='bbox 865 4680 919 4725; x_wconf 91' lang='lat' dir='ltr'><strong>et</strong></span> <span class='ocrx_word' id='word_1_751' title='bbox 956 4677 1017 4723; x_wconf 89' lang='lat' dir='ltr'><strong>ut</strong></span> <span class='ocrx_word' id='word_1_752' title='bbox 1053 4669 1292 4739; x_wconf 92' lang='lat' dir='ltr'><strong>principi</strong></span> <span class='ocrx_word' id='word_1_753' title='bbox 1323 4669 1592 4722; x_wconf 90' lang='lat' dir='ltr'><strong>honorem</strong></span> <span class='ocrx_word' id='word_1_754' title='bbox 1629 4665 1905 4721; x_wconf 89' lang='lat' dir='ltr'><strong>tribuere:</strong></span> <span class='ocrx_word' id='word_1_755' title='bbox 1939 4664 1984 4720; x_wconf 89' lang='lat' dir='ltr'><strong>si</strong></span> <span class='ocrx_word' id='word_1_756' title='bbox 2015 4665 2152 4719; x_wconf 91' lang='lat' dir='ltr'><strong>nihil</strong></span> 
     </span>
    </p>
   </div>
   <div class='ocr_carea' id='block_1_96' title="bbox 577 4758 2152 4834">
    <p class='ocr_par' dir='ltr' id='par_1_96' title="bbox 577 4758 2152 4834">
     <span class='ocr_line' id='line_1_96' title="bbox 577 4758 2152 4834; baseline -0.005 -13"><span class='ocrx_word' id='word_1_757' title='bbox 577 4766 752 4833; x_wconf 90' lang='lat' dir='ltr'><strong>aliud,</strong></span> <span class='ocrx_word' id='word_1_758' title='bbox 787 4779 909 4834; x_wconf 73' lang='lat' dir='ltr'><strong>quae</strong></span> <span class='ocrx_word' id='word_1_759' title='bbox 945 4764 1116 4818; x_wconf 88' lang='lat' dir='ltr'><strong>multa</strong></span> <span class='ocrx_word' id='word_1_760' title='bbox 1150 4770 1309 4828; x_wconf 92' lang='lat' dir='ltr'><strong>sunt,</strong></span> <span class='ocrx_word' id='word_1_761' title='bbox 1339 4762 1635 4830; x_wconf 82' lang='lat' dir='ltr'><strong>recogitet,</strong></span> <span class='ocrx_word' id='word_1_762' title='bbox 1676 4760 1722 4814; x_wconf 91' lang='lat' dir='ltr'><strong>si</strong></span> <span class='ocrx_word' id='word_1_763' title='bbox 1749 4759 2016 4814; x_wconf 88' lang='lat' dir='ltr'><strong>detractet</strong></span> <span class='ocrx_word' id='word_1_764' title='bbox 2049 4758 2152 4813; x_wconf 86' lang='lat' dir='ltr'><strong>viri</strong></span> 
     </span>
    </p>
   </div>
   <div class='ocr_carea' id='block_1_97' title="bbox 575 4851 2152 4925">
    <p class='ocr_par' dir='ltr' id='par_1_97' title="bbox 575 4851 2152 4925">
     <span class='ocr_line' id='line_1_97' title="bbox 575 4851 2152 4925; baseline -0.004 -12"><span class='ocrx_word' id='word_1_765' title='bbox 575 4858 630 4913; x_wconf 93' lang='lat' dir='ltr'><strong>in</strong></span> <span class='ocrx_word' id='word_1_766' title='bbox 678 4872 737 4913; x_wconf 87' lang='lat' dir='ltr'><strong>se</strong></span> <span class='ocrx_word' id='word_1_767' title='bbox 780 4856 1105 4925; x_wconf 85' lang='lat' dir='ltr'><strong>imperium,</strong></span> <span class='ocrx_word' id='word_1_768' title='bbox 1155 4862 1211 4909; x_wconf 91' lang='lat' dir='ltr'><strong>et</strong></span> <span class='ocrx_word' id='word_1_769' title='bbox 1259 4869 1414 4909; x_wconf 89' lang='lat' dir='ltr'><strong>suam</strong></span> <span class='ocrx_word' id='word_1_770' title='bbox 1454 4851 1870 4921; x_wconf 86' lang='lat' dir='ltr'><strong>subjectionem.</strong></span> <span class='ocrx_word' id='word_1_771' title='bbox 1917 4852 1988 4905; x_wconf 87' lang='lat' dir='ltr'><strong>At</strong></span> <span class='ocrx_word' id='word_1_772' title='bbox 2023 4864 2152 4906; x_wconf 91' lang='lat' dir='ltr'><strong>vero</strong></span> 
     </span>
    </p>
   </div>
   <div class='ocr_carea' id='block_1_98' title="bbox 568 4943 2150 5017">
    <p class='ocr_par' dir='ltr' id='par_1_98' title="bbox 568 4943 2150 5017">
     <span class='ocr_line' id='line_1_98' title="bbox 568 4943 2150 5017; baseline -0.004 -13"><span class='ocrx_word' id='word_1_773' title='bbox 568 4948 829 5017; x_wconf 81' lang='lat' dir='ltr'><strong>angelos,</strong></span> <span class='ocrx_word' id='word_1_774' title='bbox 851 4946 1029 5015; x_wconf 85' lang='lat' dir='ltr'><strong>inquit</strong></span> <span class='ocrx_word' id='word_1_775' title='bbox 1053 4987 1068 5011; x_wconf 93' lang='lat'><strong>,</strong></span> <span class='ocrx_word' id='word_1_776' title='bbox 1106 4954 1275 4999; x_wconf 87' lang='lat' dir='ltr'><strong>testes</strong></span> <span class='ocrx_word' id='word_1_777' title='bbox 1305 4959 1418 4998; x_wconf 64' lang='lat' dir='ltr'><strong>sua:</strong></span> <span class='ocrx_word' id='word_1_778' title='bbox 1452 4958 1484 4998; x_wconf 89' lang='lat' dir='ltr'><strong>a</strong></span> <span class='ocrx_word' id='word_1_779' title='bbox 1506 4944 1627 4998; x_wconf 87' lang='lat' dir='ltr'><strong>viro</strong></span> <span class='ocrx_word' id='word_1_780' title='bbox 1655 4943 1904 5012; x_wconf 83' lang='lat' dir='ltr'><strong>originis,</strong></span> <span class='ocrx_word' id='word_1_781' title='bbox 1933 4958 2150 5012; x_wconf 63' lang='lat' dir='ltr'><strong>aequum</strong></span> 
     </span>
    </p>
   </div>
   <div class='ocr_carea' id='block_1_99' title="bbox 576 5036 2154 5106">
    <p class='ocr_par' dir='ltr' id='par_1_99' title="bbox 576 5036 2154 5106">
     <span class='ocr_line' id='line_1_99' title="bbox 576 5036 2154 5106; baseline -0.004 -11"><span class='ocrx_word' id='word_1_782' title='bbox 576 5049 663 5095; x_wconf 90' lang='lat' dir='ltr'><strong>est</strong></span> <span class='ocrx_word' id='word_1_783' title='bbox 684 5048 746 5094; x_wconf 90' lang='lat' dir='ltr'><strong>ut</strong></span> <span class='ocrx_word' id='word_1_784' title='bbox 789 5047 998 5093; x_wconf 90' lang='lat' dir='ltr'><strong>metuat</strong></span> <span class='ocrx_word' id='word_1_785' title='bbox 1025 5053 1089 5091; x_wconf 90' lang='lat' dir='ltr'><strong>ac</strong></span> <span class='ocrx_word' id='word_1_786' title='bbox 1117 5044 1455 5101; x_wconf 86' lang='lat' dir='ltr'><strong>revereatur,</strong></span> <span class='ocrx_word' id='word_1_787' title='bbox 1497 5044 1553 5091; x_wconf 88' lang='lat' dir='ltr'><strong>et</strong></span> <span class='ocrx_word' id='word_1_788' title='bbox 1594 5044 1816 5106; x_wconf 90' lang='lat' dir='ltr'><strong>propter</strong></span> <span class='ocrx_word' id='word_1_789' title='bbox 1850 5036 1975 5090; x_wconf 91' lang='lat' dir='ltr'><strong>illos</strong></span> <span class='ocrx_word' id='word_1_790' title='bbox 2006 5036 2154 5090; x_wconf 87' lang='lat' dir='ltr'><strong>vela--</strong></span> 
     </span>
    </p>
   </div>
   <div class='ocr_carea' id='block_1_100' title="bbox 574 5128 2151 5199">
    <p class='ocr_par' dir='ltr' id='par_1_100' title="bbox 574 5128 2151 5199">
     <span class='ocr_line' id='line_1_100' title="bbox 574 5128 2151 5199; baseline -0.002 -13"><span class='ocrx_word' id='word_1_791' title='bbox 574 5141 821 5186; x_wconf 88' lang='lat' dir='ltr'><strong>mentum</strong></span> <span class='ocrx_word' id='word_1_792' title='bbox 837 5128 1030 5199; x_wconf 89' lang='lat' dir='ltr'><strong>capitis</strong></span> <span class='ocrx_word' id='word_1_793' title='bbox 1058 5128 1352 5199; x_wconf 84' lang='lat' dir='ltr'><strong>gestarein</strong></span> <span class='ocrx_word' id='word_1_794' title='bbox 1383 5128 1599 5199; x_wconf 89' lang='lat' dir='ltr'><strong>signum</strong></span> <span class='ocrx_word' id='word_1_795' title='bbox 1630 5142 1741 5182; x_wconf 70' lang='lat' dir='ltr'><strong>suae</strong></span> <span class='ocrx_word' id='word_1_796' title='bbox 1771 5128 2151 5197; x_wconf 90' lang='lat' dir='ltr'><strong>subjectionis.</strong></span> 
     </span>
    </p>
   </div>
   <div class='ocr_carea' id='block_1_101' title="bbox 579 5213 2155 5281">
    <p class='ocr_par' dir='ltr' id='par_1_101' title="bbox 579 5213 2155 5281">
     <span class='ocr_line' id='line_1_101' title="bbox 579 5213 2155 5281; baseline -0.004 -7"><span class='ocrx_word' id='word_1_797' title='bbox 579 5219 717 5274; x_wconf 85' lang='lat' dir='ltr'><strong>Nam</strong></span> <span class='ocrx_word' id='word_1_798' title='bbox 745 5219 853 5274; x_wconf 91' lang='lat' dir='ltr'><strong>hoc</strong></span> <span class='ocrx_word' id='word_1_799' title='bbox 884 5217 1166 5272; x_wconf 87' lang='lat' dir='ltr'><strong>declarant</strong></span> <span class='ocrx_word' id='word_1_800' title='bbox 1211 5216 1352 5270; x_wconf 90' lang='lat' dir='ltr'><strong>illa:</strong></span> <span class='ocrx_word' id='word_1_801' title='bbox 1397 5214 1701 5281; x_wconf 75' lang='lat' dir='ltr'><strong>«Quocirca</strong></span> <span class='ocrx_word' id='word_1_802' title='bbox 1753 5213 1914 5269; x_wconf 89' lang='lat' dir='ltr'><strong>debet</strong></span> <span class='ocrx_word' id='word_1_803' title='bbox 1957 5214 2155 5268; x_wconf 90' lang='lat' dir='ltr'><strong>mulier</strong></span> 
     </span>
    </p>
   </div>
   <div class='ocr_carea' id='block_1_102' title="bbox 571 5304 2152 5382">
    <p class='ocr_par' dir='ltr' id='par_1_102' title="bbox 571 5304 2152 5382">
     <span class='ocr_line' id='line_1_102' title="bbox 571 5304 2152 5382; baseline -0.003 -16"><span class='ocrx_word' id='word_1_804' title='bbox 571 5319 914 5382; x_wconf 75' lang='lat' dir='ltr'><strong>potestatem</strong></span> <span class='ocrx_word' id='word_1_805' title='bbox 945 5308 1149 5363; x_wconf 90' lang='lat' dir='ltr'><strong>habere</strong></span> <span class='ocrx_word' id='word_1_806' title='bbox 1182 5307 1237 5361; x_wconf 91' lang='lat' dir='ltr'><strong>in</strong></span> <span class='ocrx_word' id='word_1_807' title='bbox 1272 5309 1452 5377; x_wconf 85' lang='lat' dir='ltr'><strong>capite</strong></span> <span class='ocrx_word' id='word_1_808' title='bbox 1472 5348 1487 5375; x_wconf 90' lang='lat'><strong>,</strong></span> <span class='ocrx_word' id='word_1_809' title='bbox 1512 5317 1735 5377; x_wconf 79' lang='lat' dir='ltr'><strong>prepter</strong></span> <span class='ocrx_word' id='word_1_810' title='bbox 1764 5305 2009 5375; x_wconf 86' lang='lat' dir='ltr'><strong>angelos.</strong></span> <span class='ocrx_word' id='word_1_811' title='bbox 2037 5323 2054 5355; x_wconf 74' lang='grc' dir='ltr'><strong>ι</strong></span> <span class='ocrx_word' id='word_1_812' title='bbox 2085 5304 2152 5361; x_wconf 84' lang='lat' dir='ltr'><strong>At</strong></span> 
     </span>
    </p>
   </div>
   <div class='ocr_carea' id='block_1_103' title="bbox 581 5398 2151 5473">
    <p class='ocr_par' dir='ltr' id='par_1_103' title="bbox 581 5398 2151 5473">
     <span class='ocr_line' id='line_1_103' title="bbox 581 5398 2151 5473; baseline -0.005 -15"><span class='ocrx_word' id='word_1_813' title='bbox 581 5418 690 5458; x_wconf 92' lang='lat' dir='ltr'><strong>non</strong></span> <span class='ocrx_word' id='word_1_814' title='bbox 732 5402 961 5473; x_wconf 90' lang='lat' dir='ltr'><strong>perinde</strong></span> <span class='ocrx_word' id='word_1_815' title='bbox 1002 5403 1087 5455; x_wconf 84' lang='lat' dir='ltr'><strong>vir</strong></span> <span class='ocrx_word' id='word_1_816' title='bbox 1111 5400 1302 5456; x_wconf 88' lang='lat' dir='ltr'><strong>eadem</strong></span> <span class='ocrx_word' id='word_1_817' title='bbox 1341 5401 1456 5469; x_wconf 86' lang='lat' dir='ltr'><strong>lege</strong></span> <span class='ocrx_word' id='word_1_818' title='bbox 1490 5398 1847 5468; x_wconf 87' lang='lat' dir='ltr'><strong>subjectionis</strong></span> <span class='ocrx_word' id='word_1_819' title='bbox 1894 5406 2151 5451; x_wconf 89' lang='lat' dir='ltr'><strong>tenetur:</strong></span> 
     </span>
    </p>
   </div>
   <div class='ocr_carea' id='block_1_104' title="bbox 580 5490 2157 5563">
    <p class='ocr_par' dir='ltr' id='par_1_104' title="bbox 580 5490 2157 5563">
     <span class='ocr_line' id='line_1_104' title="bbox 580 5490 2157 5563; baseline -0.001 -18"><span class='ocrx_word' id='word_1_820' title='bbox 580 5506 691 5546; x_wconf 92' lang='lat' dir='ltr'><strong>non</strong></span> <span class='ocrx_word' id='word_1_821' title='bbox 724 5502 808 5549; x_wconf 86' lang='lat' dir='ltr'><strong>est</strong></span> <span class='ocrx_word' id='word_1_822' title='bbox 833 5506 974 5562; x_wconf 91' lang='lat' dir='ltr'><strong>opus</strong></span> <span class='ocrx_word' id='word_1_823' title='bbox 1005 5507 1135 5562; x_wconf 90' lang='lat' dir='ltr'><strong>ergo</strong></span> <span class='ocrx_word' id='word_1_824' title='bbox 1170 5501 1231 5545; x_wconf 89' lang='lat' dir='ltr'><strong>ut</strong></span> <span class='ocrx_word' id='word_1_825' title='bbox 1258 5500 1421 5561; x_wconf 89' lang='lat' dir='ltr'><strong>caput</strong></span> <span class='ocrx_word' id='word_1_826' title='bbox 1450 5499 1614 5563; x_wconf 89' lang='lat' dir='ltr'><strong>tegat.</strong></span> <span class='ocrx_word' id='word_1_827' title='bbox 1654 5490 1766 5543; x_wconf 92' lang='lat' dir='ltr'><strong>lmo</strong></span> <span class='ocrx_word' id='word_1_828' title='bbox 1792 5503 1941 5555; x_wconf 88' lang='lat' dir='ltr'><strong>vero,</strong></span> <span class='ocrx_word' id='word_1_829' title='bbox 1978 5490 2157 5558; x_wconf 88' lang='lat' dir='ltr'><strong>inquit</strong></span> 
     </span>
    </p>
   </div>
   <div class='ocr_carea' id='block_1_105' title="bbox 581 5581 2159 5653">
    <p class='ocr_par' dir='ltr' id='par_1_105' title="bbox 581 5581 2159 5653">
     <span class='ocr_line' id='line_1_105' title="bbox 581 5581 2159 5653; baseline -0.001 -16"><span class='ocrx_word' id='word_1_830' title='bbox 581 5584 723 5653; x_wconf 88' lang='lat' dir='ltr'><strong>quis,</strong></span> <span class='ocrx_word' id='word_1_831' title='bbox 758 5598 857 5638; x_wconf 89' lang='lat' dir='ltr'><strong>cur</strong></span> <span class='ocrx_word' id='word_1_832' title='bbox 894 5582 977 5637; x_wconf 89' lang='lat' dir='ltr'><strong>vir</strong></span> <span class='ocrx_word' id='word_1_833' title='bbox 999 5624 1012 5647; x_wconf 96' lang='lat'><strong>,</strong></span> <span class='ocrx_word' id='word_1_834' title='bbox 1046 5585 1139 5653; x_wconf 84' lang='lat' dir='ltr'><strong>qui</strong></span> <span class='ocrx_word' id='word_1_835' title='bbox 1174 5594 1339 5653; x_wconf 86' lang='lat' dir='ltr'><strong>caput</strong></span> <span class='ocrx_word' id='word_1_836' title='bbox 1365 5597 1524 5637; x_wconf 90' lang='lat' dir='ltr'><strong>suum</strong></span> <span class='ocrx_word' id='word_1_837' title='bbox 1556 5581 1836 5636; x_wconf 88' lang='lat' dir='ltr'><strong>Christum</strong></span> <span class='ocrx_word' id='word_1_838' title='bbox 1882 5581 2075 5647; x_wconf 88' lang='lat' dir='ltr'><strong>habet,</strong></span> <span class='ocrx_word' id='word_1_839' title='bbox 2104 5591 2159 5635; x_wconf 90' lang='lat' dir='ltr'><strong>et</strong></span> 
     </span>
    </p>
   </div>
   <div class='ocr_carea' id='block_1_106' title="bbox 582 5673 2159 5745">
    <p class='ocr_par' dir='ltr' id='par_1_106' title="bbox 582 5673 2159 5745">
     <span class='ocr_line' id='line_1_106' title="bbox 582 5673 2159 5745; baseline 0 -18"><span class='ocrx_word' id='word_1_840' title='bbox 582 5691 707 5728; x_wconf 90' lang='lat' dir='ltr'><strong>eum</strong></span> <span class='ocrx_word' id='word_1_841' title='bbox 753 5676 829 5730; x_wconf 89' lang='lat' dir='ltr'><strong>sit</strong></span> <span class='ocrx_word' id='word_1_842' title='bbox 876 5675 996 5743; x_wconf 89' lang='lat' dir='ltr'><strong>ejus</strong></span> <span class='ocrx_word' id='word_1_843' title='bbox 1044 5677 1390 5745; x_wconf 88' lang='lat' dir='ltr'><strong>principatus</strong></span> <span class='ocrx_word' id='word_1_844' title='bbox 1443 5689 1569 5744; x_wconf 87' lang='lat' dir='ltr'><strong>pars</strong></span> <span class='ocrx_word' id='word_1_845' title='bbox 1601 5674 2001 5743; x_wconf 80' lang='lat' dir='ltr'><strong>gloriosissima</strong></span> <span class='ocrx_word' id='word_1_846' title='bbox 2055 5673 2159 5736; x_wconf 87' lang='lat' dir='ltr'><strong>(est</strong></span> 
     </span>
    </p>
   </div>
   <div class='ocr_carea' id='block_1_107' title="bbox 580 5763 2151 5836">
    <p class='ocr_par' dir='ltr' id='par_1_107' title="bbox 580 5763 2151 5836">
     <span class='ocr_line' id='line_1_107' title="bbox 580 5763 2151 5836; baseline -0.001 -17"><span class='ocrx_word' id='word_1_847' title='bbox 580 5766 730 5819; x_wconf 88' lang='lat' dir='ltr'><strong>enim</strong></span> <span class='ocrx_word' id='word_1_848' title='bbox 756 5766 843 5822; x_wconf 84' lang='lat' dir='ltr'><strong>vir</strong></span> <span class='ocrx_word' id='word_1_849' title='bbox 882 5765 1062 5836; x_wconf 80' lang='lat' dir='ltr'><strong>imago</strong></span> <span class='ocrx_word' id='word_1_850' title='bbox 1096 5777 1150 5823; x_wconf 87' lang='lat' dir='ltr'><strong>et</strong></span> <span class='ocrx_word' id='word_1_851' title='bbox 1194 5766 1371 5836; x_wconf 85' lang='lat' dir='ltr'><strong>gloria</strong></span> <span class='ocrx_word' id='word_1_852' title='bbox 1400 5764 1530 5830; x_wconf 87' lang='lat' dir='ltr'><strong>Dei,</strong></span> <span class='ocrx_word' id='word_1_853' title='bbox 1581 5773 1639 5819; x_wconf 89' lang='lat' dir='ltr'><strong>ut</strong></span> <span class='ocrx_word' id='word_1_854' title='bbox 1668 5772 1721 5819; x_wconf 90' lang='lat' dir='ltr'><strong>et</strong></span> <span class='ocrx_word' id='word_1_855' title='bbox 1753 5763 1949 5817; x_wconf 87' lang='lat' dir='ltr'><strong>mulier</strong></span> <span class='ocrx_word' id='word_1_856' title='bbox 1978 5764 2151 5833; x_wconf 87' lang='lat' dir='ltr'><strong>ipsius</strong></span> 
     </span>
    </p>
   </div>
   <div class='ocr_carea' id='block_1_108' title="bbox 2254 4565 3829 4641">
    <p class='ocr_par' dir='ltr' id='par_1_108' title="bbox 2254 4565 3829 4641">
     <span class='ocr_line' id='line_1_108' title="bbox 2254 4565 3829 4641; baseline -0.006 -14"><span class='ocrx_word' id='word_1_857' title='bbox 2254 4575 2346 4627; x_wconf 76' lang='grc' dir='ltr'>ἐπὶ</span> <span class='ocrx_word' id='word_1_858' title='bbox 2372 4571 2636 4641; x_wconf 85' lang='grc' dir='ltr'>κεφαλῆς,</span> <span class='ocrx_word' id='word_1_859' title='bbox 2678 4571 2772 4623; x_wconf 78' lang='grc' dir='ltr'><strong>καὶ</strong></span> <span class='ocrx_word' id='word_1_860' title='bbox 2816 4567 3168 4621; x_wconf 82' lang='grc' dir='ltr'>ἐπιδεικνῦσα</span> <span class='ocrx_word' id='word_1_861' title='bbox 3214 4568 3313 4638; x_wconf 82' lang='grc' dir='ltr'><strong>τὴν</strong></span> <span class='ocrx_word' id='word_1_862' title='bbox 3337 4568 3615 4638; x_wconf 81' lang='grc' dir='ltr'>ὑποταγὴν</span> <span class='ocrx_word' id='word_1_863' title='bbox 3655 4568 3714 4620; x_wconf 81' lang='grc' dir='ltr'><strong>ἐν</strong></span> <span class='ocrx_word' id='word_1_864' title='bbox 3753 4565 3829 4637; x_wconf 80' lang='grc' dir='ltr'>τῷ</span> 
     </span>
    </p>
   </div>
   <div class='ocr_carea' id='block_1_109' title="bbox 2254 4658 3829 4731">
    <p class='ocr_par' dir='ltr' id='par_1_109' title="bbox 2254 4658 3829 4731">
     <span class='ocr_line' id='line_1_109' title="bbox 2254 4658 3829 4731; baseline -0.006 -14"><span class='ocrx_word' id='word_1_865' title='bbox 2254 4664 2552 4718; x_wconf 84' lang='grc' dir='ltr'>καλύπτειν</span> <span class='ocrx_word' id='word_1_866' title='bbox 2586 4660 2685 4731; x_wconf 82' lang='grc' dir='ltr'><strong>μὲν</strong></span> <span class='ocrx_word' id='word_1_867' title='bbox 2719 4660 2815 4731; x_wconf 80' lang='grc' dir='ltr'>τὴν</span> <span class='ocrx_word' id='word_1_868' title='bbox 2854 4658 2987 4712; x_wconf 81' lang='grc' dir='ltr'>ἰδίαν</span> <span class='ocrx_word' id='word_1_869' title='bbox 3014 4675 3027 4689; x_wconf 84' lang='grc'><em>’</em></span> <span class='ocrx_word' id='word_1_870' title='bbox 3054 4660 3261 4711; x_wconf 80' lang='grc' dir='ltr'>ἐκεῖνον</span> <span class='ocrx_word' id='word_1_871' title='bbox 3298 4659 3355 4712; x_wconf 84' lang='grc' dir='ltr'><strong>δέ</strong></span> <span class='ocrx_word' id='word_1_872' title='bbox 3386 4659 3630 4730; x_wconf 79' lang='grc' dir='ltr'>κεφαλὴν</span> <span class='ocrx_word' id='word_1_873' title='bbox 3660 4661 3829 4728; x_wconf 79' lang='grc' dir='ltr'>αὐτῆς</span> 
     </span>
    </p>
   </div>
   <div class='ocr_carea' id='block_1_110' title="bbox 2253 4750 3831 4827">
    <p class='ocr_par' dir='ltr' id='par_1_110' title="bbox 2253 4750 3831 4827">
     <span class='ocr_line' id='line_1_110' title="bbox 2253 4750 3831 4827; baseline -0.004 -17"><span class='ocrx_word' id='word_1_874' title='bbox 2253 4754 2520 4827; x_wconf 76' lang='grc' dir='ltr'>νομίζειν,</span> <span class='ocrx_word' id='word_1_875' title='bbox 2558 4754 2653 4808; x_wconf 68' lang='lat' dir='ltr'><strong>x0).</strong></span> <span class='ocrx_word' id='word_1_876' title='bbox 2689 4754 2770 4815; x_wconf 78' lang='grc' dir='ltr'><strong>είς</strong></span> <span class='ocrx_word' id='word_1_877' title='bbox 2821 4754 3028 4805; x_wconf 85' lang='grc' dir='ltr'>ἐκεῖνον</span> <span class='ocrx_word' id='word_1_878' title='bbox 3070 4751 3197 4822; x_wconf 85' lang='grc' dir='ltr'>ὃλην</span> <span class='ocrx_word' id='word_1_879' title='bbox 3226 4750 3424 4821; x_wconf 81' lang='grc' dir='ltr'>ἑαυτὴν</span> <span class='ocrx_word' id='word_1_880' title='bbox 3456 4751 3531 4815; x_wconf 82' lang='grc' dir='ltr'>ὡς</span> <span class='ocrx_word' id='word_1_881' title='bbox 3560 4753 3639 4809; x_wconf 83' lang='grc' dir='ltr'>εἰς</span> <span class='ocrx_word' id='word_1_882' title='bbox 3668 4768 3831 4819; x_wconf 86' lang='grc' dir='ltr'>κεφα-</span> 
     </span>
    </p>
   </div>
   <div class='ocr_carea' id='block_1_111' title="bbox 2253 4842 3832 4919">
    <p class='ocr_par' dir='ltr' id='par_1_111' title="bbox 2253 4842 3832 4919">
     <span class='ocr_line' id='line_1_111' title="bbox 2253 4842 3832 4919; baseline -0.004 -18"><span class='ocrx_word' id='word_1_883' title='bbox 2253 4847 2751 4919; x_wconf 78' lang='grc' dir='ltr'>λὴνάναφέρουσαν</span> <span class='ocrx_word' id='word_1_884' title='bbox 2797 4842 3131 4897; x_wconf 81' lang='grc' dir='ltr'>ἀνατιθέναι.</span> <span class='ocrx_word' id='word_1_885' title='bbox 3179 4842 3562 4913; x_wconf 86' lang='grc' dir='ltr'>’Λναίσχυντον</span> <span class='ocrx_word' id='word_1_886' title='bbox 3584 4844 3693 4914; x_wconf 79' lang='grc' dir='ltr'><strong>γὰρ</strong></span> <span class='ocrx_word' id='word_1_887' title='bbox 3738 4845 3832 4896; x_wconf 68' lang='grc' dir='ltr'><strong>καὶ</strong></span> 
     </span>
    </p>
   </div>
   <div class='ocr_carea' id='block_1_112' title="bbox 2255 4933 3830 5009">
    <p class='ocr_par' dir='ltr' id='par_1_112' title="bbox 2255 4933 3830 5009">
     <span class='ocr_line' id='line_1_112' title="bbox 2255 4933 3830 5009; baseline -0.003 -18"><span class='ocrx_word' id='word_1_888' title='bbox 2255 4939 2568 5009; x_wconf 83' lang='grc' dir='ltr'>ἀχάριστον,</span> <span class='ocrx_word' id='word_1_889' title='bbox 2605 4936 2679 5006; x_wconf 87' lang='grc' dir='ltr'><strong>μὴ</strong></span> <span class='ocrx_word' id='word_1_890' title='bbox 2710 4936 2832 5005; x_wconf 65' lang='grc' dir='ltr'>οὐχ).</span> <span class='ocrx_word' id='word_1_891' title='bbox 2856 4933 3049 4987; x_wconf 82' lang='grc' dir='ltr'>τοῦτον</span> <span class='ocrx_word' id='word_1_892' title='bbox 3074 4934 3251 5005; x_wconf 84' lang='grc' dir='ltr'>ἀρχὴν</span> <span class='ocrx_word' id='word_1_893' title='bbox 3284 4935 3380 4987; x_wconf 78' lang='grc' dir='ltr'><strong>καὶ</strong></span> <span class='ocrx_word' id='word_1_894' title='bbox 3414 4935 3704 5004; x_wconf 86' lang='grc' dir='ltr'>παραίτιον</span> <span class='ocrx_word' id='word_1_895' title='bbox 3733 4934 3830 5003; x_wconf 84' lang='grc' dir='ltr'>τῆς</span> 
     </span>
    </p>
   </div>
   <div class='ocr_carea' id='block_1_113' title="bbox 2254 5024 3828 5099">
    <p class='ocr_par' dir='ltr' id='par_1_113' title="bbox 2254 5024 3828 5099">
     <span class='ocr_line' id='line_1_113' title="bbox 2254 5024 3828 5099; baseline -0.006 -15"><span class='ocrx_word' id='word_1_896' title='bbox 2254 5028 2544 5099; x_wconf 83' lang='grc' dir='ltr'>ὑπάρξεως</span> <span class='ocrx_word' id='word_1_897' title='bbox 2579 5027 2799 5088; x_wconf 83' lang='grc' dir='ltr'>εἰδέναι,</span> <span class='ocrx_word' id='word_1_898' title='bbox 2820 5026 2915 5077; x_wconf 77' lang='grc' dir='ltr'>καὶ</span> <span class='ocrx_word' id='word_1_899' title='bbox 2938 5024 3036 5095; x_wconf 83' lang='grc' dir='ltr'>τὴν</span> <span class='ocrx_word' id='word_1_900' title='bbox 3058 5026 3294 5095; x_wconf 83' lang='grc' dir='ltr'>ἀρχικὴν</span> <span class='ocrx_word' id='word_1_901' title='bbox 3317 5025 3483 5095; x_wconf 82' lang='grc' dir='ltr'>τιμὴν</span> <span class='ocrx_word' id='word_1_902' title='bbox 3513 5024 3828 5092; x_wconf 78' lang='grc' dir='ltr'>ἀπονέμειν.</span> 
     </span>
    </p>
   </div>
   <div class='ocr_carea' id='block_1_114' title="bbox 2255 5115 3833 5190">
    <p class='ocr_par' dir='ltr' id='par_1_114' title="bbox 2255 5115 3833 5190">
     <span class='ocr_line' id='line_1_114' title="bbox 2255 5115 3833 5190; baseline -0.006 -15"><span class='ocrx_word' id='word_1_903' title='bbox 2255 5123 2318 5175; x_wconf 84' lang='grc' dir='ltr'><strong>Εἰ</strong></span> <span class='ocrx_word' id='word_1_904' title='bbox 2350 5123 2457 5190; x_wconf 83' lang='grc' dir='ltr'><strong>γὰρ</strong></span> <span class='ocrx_word' id='word_1_905' title='bbox 2501 5120 2594 5173; x_wconf 57' lang='grc' dir='ltr'><strong>καὶ⁸</strong></span> <span class='ocrx_word' id='word_1_906' title='bbox 2639 5119 2806 5189; x_wconf 83' lang='grc' dir='ltr'>μηδὲν</span> <span class='ocrx_word' id='word_1_907' title='bbox 2849 5116 3058 5188; x_wconf 81' lang='grc' dir='ltr'>ἓτερον,</span> <span class='ocrx_word' id='word_1_908' title='bbox 3103 5115 3315 5169; x_wconf 84' lang='grc' dir='ltr'>πολλῶν</span> <span class='ocrx_word' id='word_1_909' title='bbox 3360 5116 3551 5179; x_wconf 83' lang='grc' dir='ltr'>ὄντων,</span> <span class='ocrx_word' id='word_1_910' title='bbox 3580 5115 3833 5183; x_wconf 79' lang='grc' dir='ltr'>ὑπολογί-</span> 
     </span>
    </p>
   </div>
   <div class='ocr_carea' id='block_1_115' title="bbox 2257 5207 3832 5283">
    <p class='ocr_par' dir='ltr' id='par_1_115' title="bbox 2257 5207 3832 5283">
     <span class='ocr_line' id='line_1_115' title="bbox 2257 5207 3832 5283; baseline -0.006 -16"><span class='ocrx_word' id='word_1_911' title='bbox 2257 5213 2423 5279; x_wconf 78' lang='grc' dir='ltr'>ζοιτο,</span> <span class='ocrx_word' id='word_1_912' title='bbox 2462 5211 2597 5283; x_wconf 81' lang='grc' dir='ltr'>μηδέ</span> <span class='ocrx_word' id='word_1_913' title='bbox 2647 5227 2799 5274; x_wconf 85' lang='grc' dir='ltr'>τινας</span> <span class='ocrx_word' id='word_1_914' title='bbox 2829 5208 3147 5280; x_wconf 51' lang='grc' dir='ltr'>,ἀνθρώπων</span> <span class='ocrx_word' id='word_1_915' title='bbox 3190 5209 3502 5278; x_wconf 75' lang='grc' dir='ltr'>αἰσχύνοιτο</span> <span class='ocrx_word' id='word_1_916' title='bbox 3534 5207 3634 5278; x_wconf 87' lang='grc' dir='ltr'>τὴν</span> <span class='ocrx_word' id='word_1_917' title='bbox 3660 5210 3832 5280; x_wconf 74' lang='grc' dir='ltr'>ἀρχὴν</span> 
     </span>
    </p>
   </div>
   <div class='ocr_carea' id='block_1_116' title="bbox 2256 5302 3834 5373">
    <p class='ocr_par' dir='ltr' id='par_1_116' title="bbox 2256 5302 3834 5373">
     <span class='ocr_line' id='line_1_116' title="bbox 2256 5302 3834 5373; baseline -0.005 -13"><span class='ocrx_word' id='word_1_918' title='bbox 2256 5307 2443 5371; x_wconf 84' lang='grc' dir='ltr'>αὑτοῦ,</span> <span class='ocrx_word' id='word_1_919' title='bbox 2472 5306 2566 5359; x_wconf 79' lang='grc' dir='ltr'><strong>καὶ</strong></span> <span class='ocrx_word' id='word_1_920' title='bbox 2595 5305 2656 5358; x_wconf 83' lang='grc' dir='ltr'><strong>τὸ</strong></span> <span class='ocrx_word' id='word_1_921' title='bbox 2688 5304 3054 5373; x_wconf 82' lang='grc' dir='ltr'>ὑποτετάχθαι</span> <span class='ocrx_word' id='word_1_922' title='bbox 3094 5302 3533 5372; x_wconf 83' lang='grc' dir='ltr'>παραιτουμένη·</span> <span class='ocrx_word' id='word_1_923' title='bbox 3558 5302 3695 5356; x_wconf 86' lang='grc' dir='ltr'><strong>ἀλλά</strong></span> <span class='ocrx_word' id='word_1_924' title='bbox 3710 5302 3834 5364; x_wconf 83' lang='grc' dir='ltr'>τοὺς</span> 
     </span>
    </p>
   </div>
   <div class='ocr_carea' id='block_1_117' title="bbox 2257 5394 3835 5467">
    <p class='ocr_par' dir='ltr' id='par_1_117' title="bbox 2257 5394 3835 5467">
     <span class='ocr_line' id='line_1_117' title="bbox 2257 5394 3835 5467; baseline -0.004 -16"><span class='ocrx_word' id='word_1_925' title='bbox 2257 5398 2387 5467; x_wconf 81' lang='grc' dir='ltr'>γοῦν</span> <span class='ocrx_word' id='word_1_926' title='bbox 2418 5397 2707 5465; x_wconf 83' lang='grc' dir='ltr'>ἀγγέλους,</span> <span class='ocrx_word' id='word_1_927' title='bbox 2741 5398 2927 5465; x_wconf 68' lang='grc' dir='ltr'>φησιν,</span> <span class='ocrx_word' id='word_1_928' title='bbox 2958 5396 3008 5447; x_wconf 84' lang='grc' dir='ltr'>οἳ</span> <span class='ocrx_word' id='word_1_929' title='bbox 3032 5394 3263 5446; x_wconf 84' lang='grc' dir='ltr'>ἐπόπται</span> <span class='ocrx_word' id='word_1_930' title='bbox 3292 5394 3385 5447; x_wconf 77' lang='grc' dir='ltr'>καὶ</span> <span class='ocrx_word' id='word_1_931' title='bbox 3425 5395 3697 5464; x_wconf 85' lang='grc' dir='ltr'>μάρτυρές</span> <span class='ocrx_word' id='word_1_932' title='bbox 3730 5396 3835 5445; x_wconf 82' lang='grc' dir='ltr'>εἰσι</span> 
     </span>
    </p>
   </div>
   <div class='ocr_carea' id='block_1_118' title="bbox 2256 5485 3836 5559">
    <p class='ocr_par' dir='ltr' id='par_1_118' title="bbox 2256 5485 3836 5559">
     <span class='ocr_line' id='line_1_118' title="bbox 2256 5485 3836 5559; baseline -0.004 -16"><span class='ocrx_word' id='word_1_933' title='bbox 2256 5490 2357 5559; x_wconf 84' lang='grc' dir='ltr'>τῆς</span> <span class='ocrx_word' id='word_1_934' title='bbox 2392 5490 2449 5554; x_wconf 82' lang='grc' dir='ltr'><strong>ἐξ</strong></span> <span class='ocrx_word' id='word_1_935' title='bbox 2476 5489 2667 5559; x_wconf 86' lang='grc' dir='ltr'>ἀνδρὸς</span> <span class='ocrx_word' id='word_1_936' title='bbox 2697 5488 2965 5555; x_wconf 84' lang='grc' dir='ltr'>γενέσεως</span> <span class='ocrx_word' id='word_1_937' title='bbox 2996 5487 3166 5555; x_wconf 82' lang='grc' dir='ltr'>αὐτῆς</span> <span class='ocrx_word' id='word_1_938' title='bbox 3210 5487 3303 5540; x_wconf 75' lang='grc' dir='ltr'>καὶ</span> <span class='ocrx_word' id='word_1_939' title='bbox 3360 5486 3587 5557; x_wconf 87' lang='grc' dir='ltr'>προόδου</span> <span class='ocrx_word' id='word_1_940' title='bbox 3610 5526 3624 5550; x_wconf 95' lang='grc'><strong>,</strong></span> <span class='ocrx_word' id='word_1_941' title='bbox 3654 5485 3836 5539; x_wconf 84' lang='grc' dir='ltr'>δίκαια</span> 
     </span>
    </p>
   </div>
   <div class='ocr_carea' id='block_1_119' title="bbox 2260 5577 3836 5652">
    <p class='ocr_par' dir='ltr' id='par_1_119' title="bbox 2260 5577 3836 5652">
     <span class='ocr_line' id='line_1_119' title="bbox 2260 5577 3836 5652; baseline -0.005 -16"><span class='ocrx_word' id='word_1_942' title='bbox 2260 5582 2327 5636; x_wconf 85' lang='grc' dir='ltr'><strong>ἂν</strong></span> <span class='ocrx_word' id='word_1_943' title='bbox 2352 5583 2435 5652; x_wconf 77' lang='grc' dir='ltr'>εἴη</span> <span class='ocrx_word' id='word_1_944' title='bbox 2466 5580 2830 5635; x_wconf 88' lang='grc' dir='ltr'>δυσωπεῖσθαι</span> <span class='ocrx_word' id='word_1_945' title='bbox 2856 5581 2951 5633; x_wconf 74' lang='grc' dir='ltr'><strong>καὶ</strong></span> <span class='ocrx_word' id='word_1_946' title='bbox 3000 5578 3350 5649; x_wconf 80' lang='grc' dir='ltr'>αἰσχύνεσθαι</span> <span class='ocrx_word' id='word_1_947' title='bbox 3377 5617 3392 5644; x_wconf 93' lang='grc'><strong>,</strong></span> <span class='ocrx_word' id='word_1_948' title='bbox 3427 5577 3747 5631; x_wconf 89' lang='grc' dir='ltr'>ὑπόκεισθαί</span> <span class='ocrx_word' id='word_1_949' title='bbox 3777 5593 3836 5628; x_wconf 79' lang='grc' dir='ltr'><strong>τε</strong></span> 
     </span>
    </p>
   </div>
   <div class='ocr_carea' id='block_1_120' title="bbox 2260 5667 3839 5745">
    <p class='ocr_par' dir='ltr' id='par_1_120' title="bbox 2260 5667 3839 5745">
     <span class='ocr_line' id='line_1_120' title="bbox 2260 5667 3839 5745; baseline -0.004 -19"><span class='ocrx_word' id='word_1_950' title='bbox 2260 5673 2353 5726; x_wconf 87' lang='grc' dir='ltr'>διὰ</span> <span class='ocrx_word' id='word_1_951' title='bbox 2385 5673 2545 5726; x_wconf 80' lang='grc' dir='ltr'>τοῦτο</span> <span class='ocrx_word' id='word_1_952' title='bbox 2566 5672 2643 5743; x_wconf 84' lang='grc' dir='ltr'>τῷ</span> <span class='ocrx_word' id='word_1_953' title='bbox 2668 5672 2843 5745; x_wconf 71' lang='grc' dir='ltr'>ἀνδρὶ,</span> <span class='ocrx_word' id='word_1_954' title='bbox 2889 5672 2984 5725; x_wconf 72' lang='grc' dir='ltr'><strong>καὶ</strong></span> <span class='ocrx_word' id='word_1_955' title='bbox 3016 5671 3117 5741; x_wconf 79' lang='grc' dir='ltr'>τῆς</span> <span class='ocrx_word' id='word_1_956' title='bbox 3166 5670 3447 5740; x_wconf 79' lang='grc' dir='ltr'>ὑποταγῆς</span> <span class='ocrx_word' id='word_1_957' title='bbox 3491 5669 3755 5741; x_wconf 83' lang='grc' dir='ltr'>σύμϐολα,</span> <span class='ocrx_word' id='word_1_958' title='bbox 3778 5667 3839 5720; x_wconf 83' lang='grc' dir='ltr'><strong>τὸ</strong></span> 
     </span>
    </p>
   </div>
   <div class='ocr_carea' id='block_1_121' title="bbox 2263 5759 3839 5835">
    <p class='ocr_par' dir='ltr' id='par_1_121' title="bbox 2263 5759 3839 5835">
     <span class='ocr_line' id='line_1_121' title="bbox 2263 5759 3839 5835; baseline -0.003 -18"><span class='ocrx_word' id='word_1_959' title='bbox 2263 5765 2356 5818; x_wconf 76' lang='grc' dir='ltr'><strong>ἐπὶ</strong></span> <span class='ocrx_word' id='word_1_960' title='bbox 2382 5766 2480 5835; x_wconf 79' lang='grc' dir='ltr'>τῆς</span> <span class='ocrx_word' id='word_1_961' title='bbox 2510 5764 2753 5835; x_wconf 76' lang='grc' dir='ltr'>κεφαλῆς</span> <span class='ocrx_word' id='word_1_962' title='bbox 2787 5764 3050 5835; x_wconf 89' lang='grc' dir='ltr'>κάλυμμα</span> <span class='ocrx_word' id='word_1_963' title='bbox 3097 5763 3302 5833; x_wconf 78' lang='grc' dir='ltr'>φέρειν.</span> <span class='ocrx_word' id='word_1_964' title='bbox 3344 5761 3515 5816; x_wconf 81' lang='grc' dir='ltr'>Τοῦτο</span> <span class='ocrx_word' id='word_1_965' title='bbox 3561 5760 3671 5832; x_wconf 85' lang='grc' dir='ltr'><strong>γὰρ</strong></span> <span class='ocrx_word' id='word_1_966' title='bbox 3714 5759 3839 5831; x_wconf 73' lang='grc' dir='ltr'><strong>ὲδή-</strong></span> 
     </span>
    </p>
   </div>
  </div>
