4072 6438
328 412 441 475 615

1158 438 1161 439 ν
1190 406 1290 465 ΑΙ)
1327 403 1925 467 AMPH-ILOCHIUM
1970 402 2316 485 ΟΙΙᾹΞΞΤΙΟ
2350 403 2557 476 CVIII,
2586 402 2732 463 CIX.

3501 401 3605 469 646

331 526 510 578 λωσεν
540 518 735 584 εἰπὼν,
766 536 785 569 ι
820 516 919 571 Διά
952 515 1112 570 τοῦτο
1141 517 1175 587 ἠ
1225 517 1365 588 γυνὴ
1416 516 1622 586 ὀφείλει
1672 514 1925 581 ἐξουσίαν

2042 514 2130 585 ast)
2159 555 2175 582 ,
2205 528 2311 569 non
2374 524 2427 569 et
2458 515 2576 584 Ipse
2622 520 2783 569 sutlm
2833 526 2997 586 caput
3043 516 3213 587 tegit?
3252 514 3349 571 Cui
3376 532 3604 587 respou-

331 615 481 686 ἔχειν
515 614 608 665 ἐπὶ
639 612 737 679 τῆς
770 610 1033 680 κεφαλῆς,
1057 609 1153 662 διὰ·
1181 610 1307 673 τοὺς
1341 608 1629 678 ἀγγέλους.
1665 624 1683 659 ι
1714 606 1772 661 '0
1792 606 1920 678 μέν·

335 727 425 762 τοι
471 724 532 771 γε
562 704 723 775 ἀνὴρ,
756 704 940 756 οὐκέτι
970 702 1048 774 τῷ
1080 702 1229 771 αὐτῷ
1256 702 1359 772 τῆς
1394 701 1673 772 ὑποταγῆς
1697 700 1925 754 ὑπόκει-

338 816 437 853 ται
466 798 616 867 νόμῳ
642 811 655 825 ο
697 794 777 847 διὸ
830 794 952 847 οὑδὲ
986 793 1175 864 χρείαν
1200 790 1315 863 ἔχει
1336 792 1707 846 καλύπτεσθαι
1726 792 1825 862 τὴν
1842 808 1925 843 κε-

338 888 538 958 φαλήν.
557 886 735 950 Ἀλλὰ,
770 884 901 951 Ναὶ,
937 884 1125 956 φησὶν,
1161 885 1303 937 εἴποι
1322 883 1387 938 ἄν
1419 900 1525 949 τις,
1552 884 1711 937 διὰτί
1734 884 1764 936 ὀ
1786 882 1925 954 ἀνὴρ

339 980 584 1051 κεφαλὴν
617 978 757 1049 ἔχων
783 979 875 1031 τὸν
901 977 1160 1049 Χριστὸν,
1192 978 1287 1030 καὶ
1319 977 1421 1047 τῆς
1461 978 1639 1047 ἀρχῆς
1668 975 1837 1031 αὑτοῦ
1863 975 1927 1029 τὸ

338 1074 680 1137 ἐνδοξότατον
709 1070 975 1141 ὑπάρχων
1016 1069 1204 1141 (εἰκὼν
1229 1070 1337 1141 γὰρ
1359 1072 1455 1125 καὶ
1479 1071 1607 1135 δόξα
1631 1068 1793 1135 Θεοῦ,
1822 1084 1929 1139 φη-

348 1166 454 1228 σὶν,
488 1163 677 1234 ῶσπερ
706 1163 801 1215 καὶ
825 1160 991 1214 αὑτοῦ
1015 1161 1346 1232 χρηματίζει
1400 1164 1433 1233 ἡ
1461 1162 1642 1233 γυνὴ),
1681 1161 1802 1231 οὑχλ¹
1832 1160 1928 1214 καὶ

337 1256 504 1318 αὐτὸς
554 1252 969 1307 κατακαλύπτει
1019 1251 1121 1323 τὴν
1169 1251 1448 1323 κεφαλήν;
1478 1253 1623 1324 Πρὸς
1674 1252 1735 1306 ὀν
1779 1251 1929 1306 ἔστιν

335 1348 537 1410 εἰπεῖν,
566 1345 649 1397 ὃτι
682 1344 752 1397 δι’
790 1344 923 1397 αὑτό
965 1342 1064 1413 μὲν
1104 1341 1262 1395 τοῦτο
1322 1343 1524 1412 μᾶλλον
1572 1343 1672 1396 οὐκ
1725 1342 1928 1411 ὀφείλει

338 1435 813 1499 κατακαλύπτειν,
838 1434 923 1488 ἵνα
956 1433 1050 1485 καὶ
1077 1433 1239 1495 αὑτὸς
1262 1434 1317 1486 ὲν
1338 1434 1414 1503 τῷ
1434 1434 1622 1505 ἄρχειν
1648 1434 1743 1487 καὶ
1773 1433 1928 1499 ἐξουο

341 1528 574 1591 σιάζειν,
612 1526 748 1579 ἀλλὰ
782 1525 858 1597 μὴ
895 1525 1070 1578 τελεῖν
1096 1525 1185 1593 ὑφ’
1220 1526 1440 1597 ἑτέρους
1468 1527 1561 1579 τὸν
1581 1525 1759 1580 κοινὸν
1786 1529 1932 1579 είκοο

339 1621 507 1685 νίςων
538 1618 815 1687 Δεσπότην
842 1617 1055 1687 δειχθῇί·
1078 1610 1250 1688 οὗπερ
1271 1617 1491 1682 ἔνδειξίς
1508 1620 1623 1671 ἐστι
1650 1618 1710 1672 τὸ
1744 1619 1930 1689 φέρειν

338 1711 657 1764 ἀκάλυπτον
708 1709 803 1779 τὴν
851 1710 1119 1780 κεφαλήν.
1150 1709 1272 1762 ’Ότι
1322 1710 1419 1779 μὲν
1456 1709 1566 1780 γὰρ
1599 1710 1755 1780 ἄρχει
1799 1710 1931 1773 Θεὸς

342 1803 443 1855 καὶ
477 1802 750 1874 κυριεύει,
779 1800 991 1871 κεφαλὴ
1049 1801 1305 1871 πεφηνὼς
1336 1799 1430 1854 τοῦ
1465 1802 1682 1872 ἀνδρὸς,
1706 1802 1807 1855 οὑκ
1836 1802 1934 1854 αὑ-

2030 607 2293 670 deudum,
2327 606 2473 675 quod
2513 606 2583 660 ob
2617 606 2723 661 hoc
2758 606 2935 676 ipsum
2985 610 3277 678 tegendum
3318 608 3394 662 illi
3443 618 3611 679 caput

2032 712 2143 751 non
2178 706 2295 759 est,
2335 709 2396 750 ut
2430 696 2489 749 in
2524 695 2848 765 imperando
2875 706 2930 751 et
2972 708 3297 767 potestatem
3332 699 3607 760 habendo,

2031 803 2141 843 non
2172 788 2514 858 sulijiciendo
2540 802 2601 843 se
2635 788 2782 857 aliis,
2820 802 3171 844 communem
3190 790 3486 845 Dominum
3511 806 3609 844 exe

2031 883 2269 953 primere
2298 882 2657 949 ostendatur;
2698 893 2783 939 est
2822 884 2943 953 ejus
2974 886 3220 940 ostensio
3254 890 3417 956 caput
3446 902 3611 943 suum

2033 988 2283 1049 opertum
2314 979 2536 1033 habere.
2577 976 2733 1045 Quod
2757 977 2901 1032 Deus
2931 979 3162 1047 imperet
3195 988 3249 1034 et
3276 980 3611 1043 dominetur,

2036 1080 2097 1125 ut
2118 1071 2260 1141 quod
2295 1080 2461 1141 caput
2483 1071 2588 1125 viri
2627 1071 2719 1135 sit,
2746 1085 2858 1125 non
2895 1069 2999 1123 viri
3035 1069 3229 1136 solius,
3272 1070 3367 1125 sed
3408 1078 3459 1125 et
3489 1082 3612 1124 om-i

2035 1161 2189 1215 nium
2220 1177 2401 1216 rerum
2432 1202 2447 1228 ,
2496 1176 2605 1215 non
2647 1170 2731 1215 est
2771 1161 2826 1215 in
2870 1160 3128 1248 ambigui.)
3157 1161 3417 1230 positum.
3450 1162 3614 1227 Quo—

2035 1252 2181 1306 circa
2204 1291 2219 1317 ,
2255 1267 2355 1307 nec
2385 1268 2416 1306 a
2460 1250 2728 1322 symbolis
2762 1264 2900 1321 opus
2929 1261 3011 1306 est
3040 1252 3284 1306 indicare
3318 1252 3615 1321 subiectio-

2037 1360 2183 1408 nem,
2208 1359 2332 1398 cum
2366 1353 2675 1413 opponatur
2696 1345 2837 1412 apud
2861 1357 3054 1397 onmes
3079 1343 3132 1397 in
3163 1341 3414 1397 confesso
3444 1343 3614 1410 ipsius

2036 1445 2296 1506 potestas,
2357 1446 2409 1490 et
2466 1434 2771 1489 dominatio
2823 1434 3140 1505 principalis
3197 1450 3361 1505 super
3405 1432 3614 1489 omnia.

2038 1531 2156 1595 Ast,
2199 1527 2345 1597 quod
2395 1528 2593 1581 mulier
2622 1527 2817 1582 debeat
2844 1529 2963 1582 viro
2999 1529 3264 1597 supponi,
3293 1538 3402 1582 non
3430 1538 3514 1583 est
3546 1538 3615 1583 cx

2037 1633 2196 1689 aequo
2225 1617 2481 1672 omnibus
2504 1618 2740 1682 clarum,
2771 1618 2948 1687 ipsam
2979 1631 3110 1673 vero
3157 1619 3263 1674 hoc
3294 1618 3451 1674 fateri
3475 1632 3615 1690 opus

2037 1722 2140 1777 est,
2171 1720 2226 1766 et
2253 1726 2347 1780 per
2372 1709 2618 1781 symbola
2642 1709 2783 1763 idem
2816 1710 3115 1765 declarare.
3153 1710 3293 1767 Sunt
3314 1712 3461 1766 enim
3493 1720 3618 1782 qure

2038 1819 2166 1859 cum
2209 1803 2363 1874 signa
2394 1817 2459 1857 ea
2500 1801 2939 1869 circumferant,
2968 1817 2998 1856 a
3031 1803 3220 1858 multis
3254 1804 3529 1871 resiliunt,
3562 1814 3621 1858 et

339 1894 439 1947 τοῦ
474 1895 655 1965 μόνον,
682 1894 818 1947 ἀλλὰ
849 1895 945 1946 καὶ
991 1894 1349 1963 συμπάντων,
1383 1892 1560 1958 οὐδεὶς
1603 1893 1933 1965 ἀμφιϐολίας

2042 1897 2283 1952 ordinem
2332 1895 2653 1958 invertunt,
2700 1895 2843 1947 unde
2885 1894 3059 1949 turba:
3096 1904 3151 1949 et
3190 1898 3460 1950 tumultus
3505 1911 3617 1950 non

342 1986 525 2055 λόγος.
562 1988 763 2057 Διόπερ
814 1986 935 2039 οὑδὲ
994 1986 1282 2057 συμϐόλων
1328 1989 1408 2051 είς
1437 1986 1597 2041 τοῦτο
1623 1989 1931 2061 καθέστηκε

342 2080 530 2151 χρεία,
565 2080 666 2149 τὴν
708 2079 995 2149 ὑποταγὴν
1044 2078 1667 2148 ἐνδεικνυμένωνοπᾶσι
1713 2080 1821 2151 γὰρ
1870 2080 1932 2133 τὸ

345 2171 495 2224 κατὰ
540 2171 762 2224 πάντων
812 2169 978 2223 αὑτοῦ
1016 2170 1237 2241 κράτος,
1287 2170 1382 2224 καὶ⁵
1424 2172 1458 2240 ή
1500 2171 1806 2241 Δεσποτικὴ
1837 2173 1926 2227 ἀν-

348 2263 697 2334 ωμολόγηται
748 2266 1028 2336 κυριότης.
1097 2265 1219 2317 Ὅτι
1264 2264 1321 2317 δὲ
1378 2266 1615 2333 γυναῖκα
1666 2265 1772 2317 ὑπὸ
1832 2265 1931 2336 τὴν

349 2356 600 2421 ἐξουσίαν
633 2357 717 2410 δεῖ
740 2356 999 2426 τετάχθαι
1028 2356 1120 2410 τοῦ
1143 2356 1359 2426 ἀνδρὸς,
1383 2355 1505 2410 οὕτε
1539 2359 1702 2410 πᾶσιν
1727 2356 1930 2427 ὁμοίως

349 2449 608 2519 φανερὸν,
634 2449 805 2517 αὑτήν
826 2466 886 2502 τε
920 2448 1121 2502 εἰδέναι
1147 2449 1385 2519 μάλιστα
1410 2451 1674 2520 προσήκει
1698 2450 1931 2512 καὶτοῖς

350 2540 646 2608 συμϐόλοις
680 2539 1075 2595 ἐπιδεικνύναι.
1111 2540 1291 2595 Ἔνιαι
1319 2542 1429 2611 γὰρ
1467 2540 1649 2593 καὶτὰ
1681 2538 1929 2611 σύμϐολα

348 2633 758 2704 περιφέρουσαι
806 2633 1021 2687 πολλῶν
1071 2650 1131 2687 τε
1167 2632 1674 2699 κατεξανίστανται,
1707 2634 1801 2687 καὶ
1829 2634 1929 2707 τὴν

2034 1987 2275 2061 privatas
2310 1988 2493 2043 solum
2522 1986 2690 2052 aedes,
2722 1986 2817 2041 sed
2858 1987 3025 2041 urbes
3053 1987 3399 2057 repleverunt
3430 2005 3443 2042 :
3468 1987 3619 2059 quod

2035 2083 2144 2139 nisi
2184 2084 2259 2138 ita
2287 2090 2455 2147 esset,
2492 2091 2551 2137 ut
2574 2080 2970 2149 subiectionem
3012 2098 3233 2138 servare
3258 2084 3612 2153 iuberentur,

2034 2175 2166 2245 quid
2209 2188 2322 2229 non
2360 2172 2672 2229 accideret?
2740 2173 3006 2240 Quocirca
3052 2190 3177 2229 cum
3223 2175 3435 2229 ratione
3480 2189 3619 2229 con-

2026 2268 2280 2335 junctum
2308 2304 2322 2331 ,
2356 2275 2409 2320 et
2436 2281 2465 2321 e
2504 2265 2781 2320 communi
2813 2264 3043 2319 utilitate
3082 2260 3319 2329 Paulus,
3351 2278 3477 2319 cum
3512 2263 3619 2319 alia

2031 2358 2181 2413 dedit
2214 2359 2269 2411 in
2301 2358 2596 2423 mandatis,
2626 2365 2681 2411 et
2709 2357 2989 2426 sapientiae
3023 2355 3221 2426 plenis,
3254 2366 3362 2410 non
3397 2366 3613 2411 tantum

2032 2450 2291 2522 physicae,
2325 2451 2418 2507 sed
2447 2458 2502 2505 et
2532 2451 2768 2520 politiore
2797 2450 3190 2520 eutliymemasi
3232 2449 3450 2504 delinita
3500 2450 3613 2503 cir-

2033 2542 2406 2611 cumscripsit,
2432 2539 2634 2611 quibus
2663 2541 2745 2594 vir
2778 2537 3044 2594 nudatum
3076 2546 3261 2611 caput,
3288 2534 3489 2596 mulier
3513 2553 3615 2594 au-

2036 2643 2145 2689 tem
2177 2634 2419 2688 velatum
2446 2634 2649 2688 habere
2675 2632 2924 2701 jubetur.

346 2726 563 2780 οικείαν
594 2725 749 2791 τάξιν
814 2726 1142 2796 άμείϐουσαι
1192 2726 1440 2796 θορύϐων
1488 2727 1581 2779 καὶ
1632 2725 1875 2796 ταραχῆς
1912 2726 1974 2779 οὑ
2014 2728 2114 2790 τὰς
2177 2725 2358 2789 οἰκίας
2415 2726 2597 2796 μόνον,
2649 2716 2784 2779 ἀλλά
2830 2718 2925 2778 κα⁴ι
2972 2723 3157 2787 πόλεις
3185 2722 3531 2795 ἐπλήρωσαν.
3562 2714 3629 2775 Εἰ

348 2818 414 2871 δὲ
442 2818 518 2891 μὴ
547 2818 708 2871 τοῦτο
733 2814 823 2889 ἦν,
856 2820 950 2874 καὶ¹
998 2820 1096 2889 τὴν
1122 2819 1400 2889 ὑποταγὴν
1428 2820 1501 2891 μὴ
1527 2819 1938 2890 προσετέτακτο
1978 2820 2288 2889 φυλάττειν,
2321 2821 2373 2873 τί
2436 2819 2502 2873 ἂν
2538 2820 2779 2888 ἐγεγόνει
2807 2835 2822 2884 ;
2886 2819 3137 2886 Εὑλόγως
3177 2817 3286 2888 ἄρα
3307 2818 3398 2870 καὶ
3423 2814 3626 2887 βιωφε-

356 2910 467 2975 λῶς
498 2914 527 2966 ὀ
559 2911 834 2983 μακάριος
875 2909 1185 2979 Παῦλοςζτά
1231 2928 1291 2963 τε
1328 2908 1465 2965 ἄλλα
1503 2911 1816 2979 διωρίσατο,
1850 2909 1945 2962 καὶ
1984 2912 2169 2979 σοφοῖς
2197 2928 2257 2964 τε
2284 2911 2378 2964 καὶ⁹
2404 2913 2675 2980 φυσικοῖς,
2708 2909 2843 2964 ἀλλὰ
2890 2910 2985 2963 καὶ
3051 2910 3348 2971 πολιτικοῖς
3381 2924 3623 2976 συγκατδ

355 3009 695 3063 εσκευάσατο
725 3006 1125 3079 ἐνθυμήμασιν,
1197 3007 1272 3071 ὡς
1300 3007 1455 3078 ἀνδρὶ
1496 3006 1598 3077 μὲν
1628 3004 1939 3059 ἀκάλυπτον
1977 3005 2123 3076 ἔχειν
2179 3008 2276 3079 τὴν
2312 3007 2577 3078 κεφαλὴν,
2604 3008 2821 3075 γυναικὶ
2845 3007 2902 3060 δὲ
2930 3004 3052 3075 οὐχὶ
3107 3006 3326 3077 θεμιτὸν
3353 3004 3432 3075 μὴ
3452 3021 3627 3059 κατα-ι

356 3098 757 3154 καλύπτεσθαι.

907 3213 1244 3267 ΕΡΩῚῊΣΙΣ
1278 3213 1400 3267 ΡΘ’.

441 3301 507 3358 Τί
556 3301 734 3371 δηλοῖ
789 3301 891 3368 τὸ,
937 3321 955 3353 ι
1006 3305 1129 3356 Οὐκ
1183 3303 1261 3355 ἂν
1300 3301 1487 3383 ὀρρῶς
1537 3300 1864 3370 προσενέγ-

972 3390 1108 3441 κῃς,
1136 3392 1155 3424 ›
1193 3391 1247 3427 κ.
1279 3390 1309 3425 τ
1346 3386 1429 3437 .Λ;

2171 3208 2497 3277 ρυίΕεΤιο
2532 3208 2646 3265 CIX
2675 3208 2863 3281 [CoisL
2911 3218 2960 3263 et
3000 3208 3169 3262 Taur.
3214 3206 3479 3280 CXXXI].

2047 3305 2187 3370 Quid
2219 3304 2319 3357 sibi
2353 3304 2460 3357 vult
2494 3304 2626 3356 illud
2653 3318 2670 3354 :
2710 3319 2728 3353 ι
2762 3303 2883 3355 Νοη
2912 3302 2961 3354 si
2993 3310 3129 3355 recte
3152 3300 3424 3366 obtuleris,
3465 3320 3483 3351 ι
3515 3310 3623 3355 etc.

360 3487 504 3537 Edita
536 3500 565 3536 a
592 3483 911 3543 Montacutio,
958 3497 1040 3547 ep.
1067 3481 1177 3545 2H,
1204 3480 1271 3530 ad
1317 3483 1590 3541 Constant.,
1628 3495 1678 3543 p.
1729 3478 2278 3601 309-.‘J‘l56rEiip’lanatio
2324 3478 2377 3526 in
2401 3476 2581 3526 Cenes.
2613 3489 2674 3537 IV,
2732 3476 2759 3525 7
2800 3476 2959 3537 (juxta
3002 3474 3469 3538 interpretationem
3504 3477 3629 3528 LXX

1880 3556 1935 3589 ἠ’
2000 3556 2077 3589 uti
2112 3575 2123 3587 .

1862 3555 2077 3590 \‘Il‘OI‘Uﬂl
2089 3555 2100 3590 Ι
2112 3575 2123 3587 .

434 3632 560 3695 Τοῖς
613 3630 1007 3702 φιλομαθοῦσιν
1045 3630 1223 3699 ἔγωγε
1266 3629 1406 3699 (πῶς
1436 3628 1943 3698 ἀνεπιφθονώτερον

364 3726 509 3778 εἴπω
530 3726 570 3794 ;)
600 3725 817 3795 χαρίεις
846 3723 985 3794 εἰμί.
1022 3723 1100 3775 Δι’
1135 3722 1163 3775 ὃ
1188 3722 1296 3775 τῶν
1323 3722 1690 3793 ἠπορημένων
1730 3737 1813 3774 σοι
1843 3719 1944 3789 τὴν

362 3818 543 3881 λύσιν,
574 3818 714 3886 μετὰ
744 3816 838 3870 τοῦ
869 3816 1053 3888 ῥᾳδίου
1078 3815 1343 3885 σύντομον
1366 3816 1640 3885 εὑρήσεις.
1667 3814 1740 3868 Τὸ
1765 3814 1945 3867 τοίνυν

365 3907 504 3977 πρὸς
552 3906 642 3959 τὸν
702 3907 949 3976 ἀρχηγὸν
1000 3905 1101 3975 τῆς
1156 3905 1575 3974 ἀδελφοκτονίας
1634 3901 1943 3974 εἰρημένον,

369 4016 389 4050 ι
413 3999 528 4052 Οὑκ
560 3996 627 4051 ἂν
656 3997 834 4067 ὀρθῶς
869 3996 1265 4067 προσενέγκῃς,
1310 3996 1486 4069 ὀρθῶς
1526 3996 1583 4050 δὲ
1624 4000 1698 4067 μὴ
1742 3995 1943 4067 διέλῃς,

361 4091 638 4160 ἥμαρτες,
671 4088 967 4160 ἡσύχασον,
1006 4107 1025 4140 ι
1062 4087 1354 4159 διαφόρους
1392 4088 1500 4141 ἴσθι
1533 4088 1831 4157 δυνάμενον
1861 4088 1947 4139 δέ·

366 4180 564 4244 ξασθαι
609 4182 709 4243 τὰς
765 4180 1116 4246 ἀναπτύξεις.
1161 4179 1219 4233 '0
1280 4183 1381 4251 μὲν
1417 4182 1526 4251 γὰρ
1564 4178 1947 4249 άποφαντικῶς

363 4274 498 4327 αὐτὸ
528 4273 781 4345 εἰρῆσθαι
806 4275 1142 4343 ὑπειληφὼς,
1183 4273 1425 4327 τοιοῦτόν
1472 4291 1593 4325 τινα
1626 4273 1718 4325 τὸν
1768 4274 1827 4325 ὲν
1860 4273 1951 4325 αύ-

364 4365 442 4434 τῷ
458 4364 751 4435 θεωρήσειε
783 4367 908 4420 νοῦν
926 4383 939 4397 ⁸
963 4368 1077 4420 Οὑκ
1100 4367 1165 4420 ἂν
1191 4366 1369 4438 ὀρθῶς
1396 4366 1807 4438 προσενέγκῡις,
1834 4365 1937 4418 ὃτι-

368 4473 477 4525 περ
511 4458 646 4527 μηδὲ
676 4457 872 4520 διεῖλες
896 4457 1093 4529 ὀρθῶς.
1120 4459 1433 4511 Τουτέστιν.
1474 4458 1626 4511 Ἐπεὶ
1663 4457 1735 4528 μὴ
1757 4456 1949 4518 διεῖλες

368 4546 569 4617 ὀρθῶς,
596 4548 718 4601 οὑδὲ
752 4552 1129 4620 προσήνεγκες
1156 4550 1356 4621 ὀρθῶςο
1396 4552 1428 4620 ή
1463 4548 1569 4620 γὰρ
1610 4548 1743 4620 ὀρθὴ
1779 4563 1948 4619 προσ-

370 4639 547 4704 ένεξις
584 4640 681 4709 τῆς
707 4640 872 4711 ὀρθῆς
906 4640 1105 4712 ⁴ᾕρηται
1141 4650 1179 4672 ¹¹
1207 4641 1527 4710 διαιρέσεως
1566 4656 1581 4671 ⁸
1614 4640 1681 4694 δι’
1714 4639 1743 4693 ὃ
1767 4640 1949 4710 ἦμαρ-

367 4749 483 4797 τες,
526 4733 818 4804 ὴσύχασον.
854 4737 917 4788 Εἰ
972 4736 1029 4789 δέ
1074 4753 1159 4799 τις
1196 4736 1296 4789 οὑκ
1338 4735 1800 4804 ἀποφαινόμενον,
1837 4728 1951 4785 ἀλλ’

364 4825 423 4875 ἐν
464 4821 621 4894 τύπῳ
642 4827 1117 4895 προενηνεγμένον
1152 4826 1471 4895 ἐρωτήσεως
1500 4825 1592 4876 τὸν
1606 4823 1763 4891 λόγον
1794 4822 1953 4875 ἐκλά-

2122 3623 2179 3677 ln
2209 3638 2305 3677 eos
2344 3621 2437 3692 qui
2474 3621 2722 3676 discendi
2747 3629 2874 3675 sunt
2901 3621 3083 3690 cupidi
3114 3660 3129 3685 ,
3186 3621 3339 3677 valde
3381 3622 3472 3694 (ne
3495 3625 3629 3694 quid

2048 3716 2223 3786 magis
2266 3714 2597 3768 invidiosum
2642 3712 2842 3782 dicam)
2891 3724 2991 3783 ego
3039 3713 3314 3781 gratiosus
3357 3724 3409 3768 et
3445 3715 3514 3769 ab
3560 3715 3631 3771 iis

2046 3817 2305 3878 acceptus
2333 3822 2455 3862 sum
2504 3824 2517 3859 :
2564 3806 2824 3876 quocirca
2872 3808 3236 3876 quaestiOnum
3269 3820 3300 3862 a
3334 3815 3385 3862 te
3426 3822 3632 3878 propo-

2048 3902 2280 3956 sitarum
2331 3898 2683 3964 solutionem,
2718 3908 2771 3952 et
2824 3898 3037 3953 facilem
3083 3908 3139 3954 et
3175 3900 3454 3954 concisam
3489 3902 3634 3955 reci‘

2047 3992 2185 4062 pies.
2218 3989 2375 4054 Illud,
2405 3989 2472 4043 ad
2507 4003 2630 4044 eum
2658 3988 2751 4057 qui
2788 3989 3039 4057 princeps
3072 3986 3435 4043 fratricidium
3474 3988 3630 4043 inve.

2048 4082 2169 4147 uit,
2206 4080 2417 4136 dictum
2453 4098 2466 4133 :
2509 4078 2599 4132 «Si
2648 4087 2795 4131 recte
2830 4076 3117 4140 obtuleris,
3151 4092 3257 4130 non
3307 4087 3455 4131 recte
3495 4076 3635 4131 divi-

2051 4176 2210 4237 seris,
2248 4170 2507 4242 peccasti,
2534 4169 2759 4239 quiesce
2789 4187 2837 4221 Il
2872 4168 3230 4237 multiplices,
3264 4167 3425 4221 velim
3461 4169 3629 4234 scias,

2051 4265 2301 4320 admittet
2336 4263 2730 4331 expositiones.
2764 4259 2868 4327 Qui
2906 4261 3114 4313 dictum
3159 4269 3312 4329 putat
3342 4262 3626 4326 assertive,

2053 4358 2212 4412 talem
2235 4356 2560 4411 sententiam
2586 4354 2838 4407 latentem
2864 4351 3118 4407 extundet
3154 4369 3168 4405 :
3196 4351 3631 4422 Haudquaquam

2051 4460 2199 4506 recte
2228 4448 2424 4504 offerre
2453 4454 2607 4517 potes
2630 4484 2645 4509 ,
2694 4444 2821 4513 quia
2872 4459 2979 4498 non
3023 4450 3170 4498 recte
3213 4441 3450 4498 divisisti
3482 4458 3496 4496 :
3530 4444 3635 4499 hoc

2052 4554 2137 4603 est
2167 4565 2179 4601 :
2215 4545 2355 4612 Quia
2390 4544 2572 4597 minus
2603 4550 2752 4597 recte
2782 4541 3047 4604 divisisti,
3072 4551 3126 4597 et
3155 4542 3339 4598 minus
3362 4550 3510 4598 recte
3536 4543 3634 4597 oh-

2054 4641 2266 4705 tulisti,
2296 4654 2419 4692 nam
2451 4645 2598 4691 recta
2632 4635 2841 4691 oblatio
2879 4636 3081 4705 pendet
3111 4650 3141 4690 a
3175 4646 3322 4691 recta
3366 4635 3631 4691 distribu‘

2056 4733 2222 4797 tione,
2253 4731 2512 4800 quocirca
2545 4727 2779 4798 peccasti
2813 4737 2867 4781 et
2890 4727 2966 4783 sis
2990 4726 3233 4796 quietus.
3265 4724 3421 4791 Quod
3453 4726 3495 4779 si
3526 4742 3632 4778 non

2055 4824 2323 4880 assertive
2360 4822 2591 4884 dictum,
2636 4828 2693 4874 at
2727 4818 3175 4888 interrogationis
3226 4816 3397 4873 forma
3448 4815 3630 4886 prola‘

365 4915 451 4968 ϐοι
511 4917 631 4986 (καὶ
684 4916 793 4988 γὰρ
831 4917 926 4969 καὶ
974 4916 1133 4970 τοῦτο
1192 4917 1427 4986 μάλιστα
1461 4914 1738 4986 ἐγχωρεῖ),
1781 4911 1956 4967 τοιοῦ-

2064 4933 2177 4978 tum
2209 4921 2338 4976 velit
2369 4920 2516 4990 (nam
2547 4927 2601 4972 et
2627 4916 2681 4970 id
2706 4916 2969 4983 videtur),
3004 4926 3117 4970 tum
3150 4915 3239 4969 hic
3265 4929 3462 4970 sensus
3489 4914 3629 4967 erit:

365 5023 459 5059 τον
492 5008 718 5079 εὑρήσει
748 5007 841 5060 τὸν
875 5007 1025 5062 νοὺνο
1062 5008 1225 5078 Οὐχὶ,
1260 5008 1417 5078 φησὶ,
1448 5006 1550 5059 κᾶν
1581 5005 1758 5072 ὀρθῶς
1782 5016 1951 5073 προσ-

367 5098 626 5170 ενέγκῃς,
654 5098 832 5169 ὀρθῶς
863 5099 919 5151 δὲ
950 5100 1100 5170 ὅμως
1148 5100 1223 5170 μὴ
1258 5100 1465 5169 διέλῃς,
1497 5099 1784 5169 ἧμαρτεςς
1816 5092 1947 5161 οἷον,

372 5190 519 5258 Ἀρα
564 5191 673 5259 γὰρ
730 5190 866 5243 διότι
926 5190 1103 5261 ὀρθῶς
1131 5190 1535 5261 προσήνεγκας,
1572 5187 1748 5258 ὀρθῶς
1785 5188 1841 5240 δὲ
1874 5188 1948 5257 μὴ

366 5280 675 5345 διεῖλες,οὑ
722 5281 1248 5353 δοκεῖςςάμαρτεῖη
1283 5281 1451 5333 Οὐδὲν
1514 5284 1623 5351 γὰρ
1675 5281 1803 5342 ίεως
1847 5296 1957 5331 κω-

367 5372 490 5424 λύει
537 5372 714 5442 ὀρθῶς
767 5374 865 5444 μὲν
924 5377 1339 5446 προσενεγκεῖν,
1364 5376 1456 5427 τὸν
1508 5374 1581 5444 μὴ
1618 5374 1789 5443 ἑτέρῳ
1820 5373 1946 5434 τινἰ,

369 5463 521 5533 μόνῳ
554 5461 610 5516 δὲ
646 5463 975 5528 θυσιάζοντα
1004 5464 1081 5535 τῷ
1110 5467 1330 5519 πάντων
1352 5464 1473 5533 Θεῴ
1492 5480 1505 5494 ·
1535 5464 1612 5533 μὴ
1665 5463 1848 5530 μέντοι
1869 5461 1950 5513 δι-

2050 5015 2262 5081 Νοηηε,
2300 5014 2425 5067 licet
2456 5017 2604 5066 recte
2642 5009 2928 5073 obtuleris,
2952 5016 3007 5063 et
3032 5022 3138 5063 non
3180 5016 3326 5061 recte
3360 5006 3630 5068 diviseris,

2054 5106 2291 5180 peccasti
2318 5106 2341 5159 ?
2371 5120 2434 5160 ac
2463 5104 2509 5161 si
2540 5104 2749 5159 diceret
2780 5119 2793 5155 :
2825 5102 2907 5155 An
2952 5100 3119 5171 igitur
3141 5098 3271 5170 quia
3300 5108 3447 5154 recte
3470 5098 3633 5151 obtu-

2053 5202 2207 5269 listic,
2255 5208 2403 5253 recte
2442 5206 2622 5251 autem
2657 5210 2765 5249 non
2797 5194 3073 5259 divisisti,
3107 5208 3216 5247 non
3255 5189 3481 5255 videris.
3504 5203 3633 5259 pec-

2055 5289 2254 5350 casse?
2279 5290 2424 5345 Niliil
2454 5294 2599 5343 vetat
2630 5286 2783 5341 illum
2818 5295 2965 5341 recte
2995 5282 3193 5338 oll'erre
3225 5282 3354 5348 dici,
3404 5280 3496 5350 qui
3523 5280 3635 5333 Deo

2057 5385 2203 5451 soli,
2252 5382 2345 5453 qui
2383 5396 2547 5452 super
2573 5379 2757 5434 omnia
2794 5388 2919 5441 est,
2955 5375 3284 5432 sacriﬁcium
3316 5385 3369 5429 et
3396 5388 3503 5426 non
3540 5369 3633 5425 alii

2059 5478 2215 5532 offert
2244 5493 2259 5542 ;
2292 5484 2346 5528 at
2391 5488 2501 5528 non
2531 5474 2716 5528 statim
2748 5478 2895 5527 recte
2929 5469 3190 5535 dividere,
3220 5482 3344 5521 cum
3385 5478 3494 5520 non
3531 5462 3633 5517 ob-

1657 5602 1896 5657 VAltlAﬁ
1937 5595 2348 5656 LECTIONES.

437 5711 481 5742 ω
508 5700 596 5754 ἴσ.
627 5703 884 5774 ἢρτηται.

1900 5759 2127 5815 NOTAE.

441 5868 521 5934 (1)
553 5867 824 5925 Eumdem
854 5876 1064 5924 textum
1122 5865 1347 5936 exponit
1379 5861 1606 5918 Pbotius
1658 5874 1845 5929 supra,
1880 5865 2075 5925 quaest.
2112 5853 2202 5905 7|.
