4072 6426
530 380 635 445 647

1686 368 1946 430 ΡΗΟΤῙῙ
1984 362 2491 428 PATRIARCH/E
2523 364 2632 424 CP.

3703 360 3811 427 668

534 498 714 548 servet
745 488 798 543 in
829 484 1119 541 dividendo
1165 489 1557 554 congruentem
1605 483 1800 554 legem.
1847 482 1953 549 Qui
1988 481 2107 537 sine

2214 476 2358 530 ελεῖν
2380 474 2580 547 ὀρθῶς,
2611 473 2705 529 τὸν
2735 471 2810 544 μὴ
2836 471 3111 544 τηροῦντα
3126 471 3217 525 τὸν
3240 470 3521 542 πρέποντα
3554 474 3636 543 τῇ
3660 473 3802 526 διαινο

535 580 961 655 reprehensione
993 578 1103 632 Deo
1146 576 1260 631 vult
1282 576 1515 642 servire,
1558 575 1815 646 inprimis
1842 585 1993 631 recte
2019 574 2107 628 di-

534 675 756 737 videre,
805 679 861 726 et
911 667 1166 724 similiter
1211 674 1361 722 recte
1414 665 1611 721 offerre
1642 666 1823 720 debet.
1871 664 2026 731 Quod
2060 663 2107 718 si

536 778 643 816 una
683 760 908 831 periodo
935 756 1294 812 concludatur
1340 754 1495 809 locus
1517 794 1533 820 ,
1582 753 1895 809 taliusmodi
1925 751 2109 822 subja-

534 851 679 907 cebit
702 847 1083 919 speeulationi.
1106 844 1262 911 Quod
1292 843 1467 913 si’,non
1503 860 1666 898 unam
1691 853 1744 899 et
1773 842 2103 913 simplicem,

535 940 628 993 sed
668 936 834 992 veluti
891 950 922 989 e
973 934 1189 988 duabus
1232 941 1564 987 contractam
1601 932 1831 1002 ﬁguram
1864 930 1953 985 hic
1984 930 2109 999 quis

536 1037 835 1099 agnoscet,
871 1033 925 1081 et
959 1025 1025 1079 ad
1062 1025 1209 1077 hunc
1247 1022 1467 1077 modum
1500 1022 1782 1091 periodum
1822 1019 2110 1075 absolven-

538 1132 669 1187 tem,
702 1128 763 1173 ut
806 1118 1003 1188 partim
1032 1116 1290 1185 clliptice,
1339 1114 1533 1182 partim
1565 1112 1808 1183 plenarie
1846 1112 2060 1167 dicatur
2091 1127 2108 1177 ;

545 1227 648 1268 nec
673 1213 751 1265 ita
784 1210 867 1264 vis
896 1208 1131 1263 infertur
1154 1207 1391 1268 veritati,
1422 1206 1497 1259 ita
1536 1222 1551 1257 :
1595 1202 1735 1269 Non,
1769 1204 1816 1258 si
1850 1216 1997 1258 recte
2020 1214 2108 1257 at-

538 1302 751 1368 tuleris,
780 1301 997 1355 laudem
1038 1298 1415 1366 consequeris,
1466 1296 1567 1350 nisi
1612 1305 1666 1350 et
1704 1305 1851 1352 recte
1891 1308 2112 1365 quoque

537 1394 790 1449 diviseris
822 1411 836 1448 :
863 1408 989 1447 nam
1023 1400 1083 1445 ut
1109 1393 1362 1461 pietatem
1395 1389 1536 1458 sapit
1573 1396 1719 1443 recte
1763 1387 1961 1443 offerre
1986 1428 2001 1453 ,
2035 1388 2110 1442 ita

538 1499 651 1539 non
695 1492 847 1539 recte
896 1483 1139 1537 dividere
1183 1480 1477 1550 impietatis
1518 1486 1728 1533 reatum
1761 1477 1935 1532 affert.
1986 1476 2113 1532 Haec

536 1586 622 1632 est
666 1576 1007 1632 constructio
1056 1574 1214 1628 istius
1266 1572 1431 1637 dicti,
1478 1572 1565 1625 hic
1611 1586 1806 1627 sensus
1849 1568 1977 1625 inde
2014 1568 2113 1623 eli-

537 1670 703 1725 citus.

610 1928 809 1984 Verum
835 1928 1069 1983 ulterius
1093 1967 1109 1994 ,
1144 1946 1163 1980 ι
1206 1937 1352 1984 recte
1381 1928 1579 1984 offerre
1607 1947 1628 1983 ι
1667 1943 1765 1999 per
1789 1944 1849 1986 se
1878 1931 2110 1986 manife-

537 2030 682 2076 stum
711 2029 797 2076 est
825 2038 841 2087 ;
878 2039 896 2071 ι
921 2028 1065 2075 recte
1096 2020 1370 2077 dividere)
1404 2021 1609 2091 indiget
1634 2022 1910 2079 ulterioris
1934 2025 2109 2094 expli-

535 2112 790 2166 cationis.
836 2112 932 2165 llle
958 2111 1123 2182 igitur
1148 2121 1294 2167 recte
1313 2110 1526 2177 dividit,
1552 2112 1645 2182 qui
1670 2112 1811 2167 dona
1839 2128 1947 2167 non
1969 2128 2111 2183 quae-

535 2206 667 2260 libet
695 2204 807 2259 Deo
836 2213 1053 2269 sacrat,
1078 2203 1173 2261 sed
1204 2213 1350 2259 recto
1373 2203 1580 2273 judicio
1610 2204 1699 2257 illa
1728 2203 1993 2259 discernit
2046 2218 2111 2258 ac

534 2296 765 2361 dividit,
794 2303 957 2365 atque
990 2295 1065 2349 ita
1097 2295 1251 2366 longe
1295 2297 1501 2365 Optima
1546 2294 1724 2349 offert.
1773 2294 1919 2349 Fieri
1963 2295 2108 2349 enim

533 2403 643 2442 non
688 2395 909 2457 potest,
951 2386 1089 2457 quin
1135 2387 1381 2441 omnium
1414 2386 1863 2457 praastantissima
1904 2394 1958 2439 et
1982 2400 2109 2455 pre-

532 2479 832 2534 tiosissima
876 2479 1218 2548 productori,
1267 2477 1445 2533 datori
1500 2487 1555 2533 et
1587 2492 1770 2534 causae
1824 2477 2112 2531 universo-

534 2588 653 2624 rum
699 2568 809 2625 Deo
857 2569 1093 2624 debeant
1132 2568 1313 2624 oﬂerri
1369 2579 1421 2624 et
1474 2569 1702 2624 sacrari.
1751 2567 1902 2625 Talis
1939 2566 2112 2624 fuisse

532 2664 759 2717 docetur
788 2662 944 2727 Abel,
972 2662 1155 2715 animo
1183 2677 1321 2731 puro
1351 2670 1407 2717 et
1449 2662 1667 2717 sincero
1693 2660 1865 2717 Deum
1896 2675 2108 2715 amans.

531 2752 797 2807 Narratur
821 2752 890 2806 de
920 2752 1033 2817 illo,
1060 2752 1206 2821 quod
1264 2770 1282 2802 ι
1315 2752 1382 2806 de
1447 2750 1824 2823 primogenitis
1872 2758 1927 2805 et
1987 2752 2113 2820 pin-

534 2845 820 2916 guioribus
847 2844 1178 2899 oblationem
1208 2843 1379 2910 tulit;
1408 2861 1425 2894 ι
1470 2844 1573 2899 hoc
1615 2852 1700 2898 est
1730 2860 1745 2897 :
1786 2842 1876 2897 illa
1902 2857 2026 2912 quae
2056 2841 2110 2896 in

533 2938 875 3011 primogenia
930 2935 1330 3007 productione,
1379 2945 1434 2990 et
1485 2934 1540 2989 in
1587 2950 1654 2990 eo
1698 2935 1850 3005 quod
1890 2934 2110 3004 pinguia

533 3041 692 3087 erant
723 3040 779 3085 et
800 3029 971 3084 altilia
1001 3027 1217 3083 caeteris
1248 3026 1603 3097 praestabant,
1631 3027 1848 3082 obtulit.
1881 3024 2017 3080 Nam
2045 3026 2113 3080 de

534 3124 880 3189 omentosis,
912 3122 1051 3177 bene
1093 3120 1267 3191 pastis
1308 3130 1363 3174 et
1406 3118 1791 3189 pinguefactis,
1836 3128 1891 3174 et
1940 3119 2112 3173 multa

2210 569 2359 638 ρέσει
2412 568 2636 637 θεσμόν.
2672 568 2765 618 Δεῖ
2816 566 2873 619 δὲ
2914 566 3007 618 τὸν
3057 565 3434 635 ἀνεπιμώμως
3476 568 3599 629 τοῖς
3633 565 3805 629 θείοις

2210 658 2652 730 ὑπηρετούμενον
2678 699 2693 721 ,
2728 658 2904 727 ὀρθῶς
2954 675 3013 710 τε
3085 656 3419 727 προδιελεῖν,
3478 658 3582 710 καὶ
3624 656 3805 728 ὀρθῶς

2208 752 2411 821 ὁμοίως
2438 752 2851 821 προσενεγκεῖν.
2900 749 3039 803 Ἀλλ’
3080 750 3130 802 εί
3172 748 3269 819 μὲν
3303 748 3441 801 κατά
3476 748 3615 818 μίαν
3643 749 3806 818 περίετ

2208 841 2325 894 οδον
2358 842 2445 911 εἴη
2475 841 2536 893 τὸ
2568 840 2773 911 χωρίον
2800 839 3241 909 τεθεωρημένον,
3274 836 3565 899 τοιαύταις
3603 838 3671 889 ἂν
3697 839 3802 889 ὑπ-

2208 934 2393 1000 άγοιτο
2427 934 2707 1003 θεωρίαις.
2760 933 2825 985 Et
2850 931 2907 983 δέ
2934 948 3019 994 τις
3039 930 3138 1000 οὐχ
3160 929 3340 999 ἁπλῆν
3363 930 3453 981 καὶ
3490 928 3652 999 μίαν,
3685 929 3804 981 ἀλλ’

2208 1018 2319 1077 οἷον
2358 1025 2422 1077 ὲκ
2443 1023 2552 1076 -δύο
2598 1022 2758 1077 τινῶν
2800 1022 3150 1093 βραχυτέρων
3207 1021 3607 1090 συγκειμένην,
3669 1021 3803 1073 ὑπο-

2209 1116 2363 1170 λάϐοι
2400 1117 2461 1170 τὸ
2492 1116 2585 1171 τοῦ
2615 1114 3053 1186 ἀποφαινομένου
3098 1114 3284 1184 σχῆμα
3304 1157 3318 1178 ,
3350 1113 3447 1167 καὶ
3488 1111 3642 1165 οὕτω
3698 1130 3803 1181 φυ-

2211 1210 2513 1263 λάττουσαν
2545 1210 2649 1280 τὴν
2708 1207 2956 1280 περίοδον
2976 1248 2992 1272 ,
3014 1206 3111 1259 καὶ
3132 1205 3192 1257 τὸ
3224 1205 3322 1275 μὲν
3348 1204 3523 1273 αὐτῆς
3558 1202 3685 1256 κατ’
3710 1203 3799 1255 έλ-

2209 1300 2411 1370 λειψιν,
2456 1300 2517 1353 τὸ
2566 1299 2626 1353 δὲ
2670 1298 2976 1361 αὐτοτελῶς
3038 1296 3329 1367 εἰρῆσθαι·
3371 1296 3483 1349 οὐδ’
3526 1294 3677 1348 οὕτω
3736 1297 3800 1366 τῇ

2211 1390 2376 1459 φύσει
2406 1390 2507 1461 τῆς
2540 1390 2801 1461 ἀληθείας
2832 1388 3153 1459 λυμανεῖται
3178 1403 3193 1417 ·
3228 1380 3339 1439 οἷον
3360 1401 3373 1415 ·
3413 1386 3561 1455 Οὐχὶ
3595 1385 3664 1438 ἂν
3712 1386 3802 1453 ὀρ-

2212 1483 2321 1546 θῶς
2358 1483 2456 1553 μὲν
2496 1482 2870 1553 προσενέγκῃς
2903 1478 3291 1549 εὐδοκιμήσας,
3332 1478 3398 1531 ἂν
3431 1477 3491 1530 δὲ
3518 1476 3598 1548 μὴ
3625 1476 3800 1545 ὀρθῶς

2210 1578 2410 1650 διέλῃς,
2433 1578 2703 1649 ἥμαρτες.
2736 1578 2849 1631 Καὶ
2871 1576 2981 1646 γὰρ
3008 1575 3197 1643 ὥσπερ
3219 1573 3279 1627 τὸ
3300 1573 3475 1644 ὀρθῶς
3500 1589 3802 1645 προσενεγ-

2214 1671 2331 1722 κεῖν
2381 1670 2625 1734 εὐσεϐὲς,
2686 1667 2831 1721 οὕτω
2886 1668 2949 1721 τὸ
2983 1667 3060 1739 μὴ
3082 1668 3259 1738 ὀρθῶς
3308 1668 3508 1722 διελεῖν
3541 1668 3798 1729 ἀσεϐείας

2214 1761 2537 1816 ὑπεύθυνον.
2573 1761 2684 1816 Καὶ
2707 1761 2861 1833 ὀπιὲν
2890 1760 2990 1831 τῆς
3022 1762 3117 1815 τοῦ
3152 1760 3321 1833 ῥητοῦ
3370 1762 3688 1826 συντάξεως
3714 1762 3800 1814 λό-

2141 1841 2185 1897 Β
2213 1870 2327 1922 γος,
2343 1852 2437 1907 καὶ
2458 1853 2601 1923 ήάπ’
2626 1852 2798 1923 αὐτῆς
2815 1852 3463 1925 ἀναφαινομένηδιάνοια,
3484 1856 3546 1907 ὲν
3562 1852 3797 1918 τούτοις.

2298 1942 2459 1996 ’Δλλά
2489 1942 2598 2014 γὰρ
2644 1944 2704 1996 τὸ
2753 1942 2875 2015 μὲν,
2928 1946 3316 2013 προσενεγκεῖν
3359 1944 3565 2016 ὀρθῶς.
3631 1945 3789 1998 αύτό-

2216 2031 2307 2085 θεν
2360 2030 2640 2101 δῆλονστδ
2686 2031 2766 2097 δὲ,
2827 2032 2903 2103 μὴ
2955 2032 3154 2085 διελεῖν
3199 2032 3401 2099 ὀρθῶς,
3468 2033 3607 2097 ἴσως
3632 2034 3796 2087 δεῖται

2217 2121 2532 2192 σαφηνείας.
2571 2122 2809 2186 Ἐκεῖνος
2842 2123 3131 2193 τοιγαροῦν
3177 2124 3357 2195 ὀρθῶς
3398 2124 3631 2196 διαιρεῖ,
3666 2127 3695 2179 ὀ
3725 2126 3797 2196 μὴ

2215 2216 2285 2269 τὰ
2310 2214 2543 2283 τυχόντα
2612 2215 2761 2285 δῶρα
2792 2215 2971 2287 φέρων
2995 2214 3135 2286 Θεῷ,
3161 2216 3277 2269 ἀλλ’
3294 2216 3428 2288 ὀρθῇ
3448 2218 3638 2288 κρίσει
3661 2218 3799 2271 διαι-

2220 2306 2481 2378 ρούμενός
2507 2323 2566 2359 τε
2594 2307 2691 2360 καὶ
2717 2305 3032 2377 διακρίνων,
3060 2307 3154 2361 καὶ
3178 2307 3669 2380 δωροφορούμενος
3714 2309 3798 2361 αύ-

2216 2395 2295 2466 τῷ
2337 2395 2407 2449 τὰ
2449 2394 2629 2467 πολλῷ
2660 2394 2769 2447 τῶν
2814 2393 2990 2450 ἀλλων
3053 2395 3491 2468 προφερέστερα.
3534 2397 3661 2461 Πῶς
3693 2398 3796 2467 γὰρ

2219 2488 2344 2557 οὐχὶ
2390 2486 2461 2540 τὰ
2515 2485 2736 2541 πάντων
2792 2487 2853 2540 ὲν
2893 2486 3141 2559 ὑπεροχῇ
3170 2487 3501 2561 τιμιώτερα,
3530 2490 3611 2562 τῷ
3642 2507 3797 2559 γενε-

2219 2576 2460 2648 σιουργῷ
2513 2576 2610 2631 καὶ
2660 2574 2848 2647 δοτῆρι
2894 2575 2989 2629 καὶ
3016 2576 3258 2645 πάντων
3282 2578 3441 2649 αἰτίῳ
3474 2579 3590 2633 τῶν
3619 2578 3797 2631 καλῶν

2217 2667 2359 2738 Θεῷ,
2393 2667 2469 2739 μὴ
2510 2667 2787 2737 προσῆκεν
2824 2665 3065 2737 ἐξαίρειν
3100 2669 3196 2720 καὶ
3232 2668 3577 2739 ίεροθυτεῖν;
3612 2668 3797 2722 Τοιοῦ-

2217 2776 2307 2821 τος
2337 2757 2609 2811 δέδεικται
2630 2756 2724 2809 καὶ
2748 2754 2936 2819 ΙἍϐελ,
2965 2756 3309 2827 εύγνομονῶν
3354 2773 3417 2809 τε
3435 2758 3536 2810 καὶ
3558 2758 3620 2811 τὸ
3648 2758 3799 2811 Θεῖον

2217 2845 2476 2918 καθαρῶς
2506 2845 2676 2916 φιλῶν
2699 2861 2713 2875 ο
2742 2843 2973 2912 καὶγὰρ
3035 2844 3252 2916 εἴρηται
3299 2846 3431 2917 περὶ
3483 2844 3674 2911 αὐτοῦ,
3722 2846 3797 2910 ὡς

2224 2958 2245 2993 ι
2293 2942 2429 2995 Ἀπὸ
2453 2939 2563 2993 τῶν
2590 2941 2949 3010 πρωτοτόκων
2974 2939 3068 2993 καὶ
3090 2938 3199 2991 ἀπὸ
3222 2938 3328 2991 τῶν
3358 2939 3607 2993 στεάτων
3631 2955 3793 3009 προσ-

2217 3033 2486 3103 ήνεγκεν·
2518 3048 2536 3081 ›
2573 3031 2875 3096 τουτέστιν,
2907 3030 2943 3084 ἃ
2967 3030 3077 3083 τῶν
3116 3028 3293 3083 ἄλλων
3336 3028 3393 3084 ἐν
3436 3047 3502 3085 τε
3532 3029 3612 3101 τῷ
3646 3048 3795 3102 πρω-

2225 3123 2425 3176 τότοκα
2451 3117 2613 3189 εἶναι,
2636 3122 2731 3175 καὶ
2748 3122 2806 3174 ὲν
2829 3122 2927 3194 τῷ,
2952 3121 3026 3184 ὡς
3042 3120 3108 3175 ἂν
3130 3120 3274 3173 εἴποι
3296 3136 3403 3187 τις,
3425 3121 3794 3175 ὲστεατῶσθαι

536 3218 824 3274 sedulitate
854 3225 1045 3271 curata
1072 3229 1193 3284 qua:
1216 3211 1454 3278 fuerant,
1490 3210 1778 3267 selectiora
1812 3218 1867 3264 et
1904 3209 2111 3280 optima

2216 3215 2313 3268 καὶ
2350 3211 2819 3267 καταλελιπάνθαι
2850 3211 3088 3282 διέφερε,
3134 3210 3309 3264 ταῦτα
3357 3214 3692 3284 προσέφερε.
3722 3212 3791 3265 Τὸ

535 3311 701 3365 dedit.
750 3308 991 3378 Uterque
1025 3304 1195 3360 frater
1227 3304 1470 3360 studium
1500 3304 1556 3359 in
1587 3302 1866 3359 offerendo
1899 3316 1998 3372 par
2019 3302 2119 3356 ha-

534 3396 692 3451 buit:
723 3403 779 3449 at
822 3393 1094 3448 dividendi
1154 3401 1209 3448 et
1252 3393 1485 3463 eligendi
1534 3393 1772 3462 optima,
1835 3406 1944 3445 non
1999 3401 2119 3447 erat

537 3502 633 3561 par
659 3503 672 3555 ;
703 3487 797 3542 sed
829 3485 984 3553 Abel,
1016 3494 1076 3539 ut
1106 3493 1253 3539 recte
1284 3484 1501 3549 obtulit,
1537 3485 1608 3537 ita
1637 3493 1691 3537 et
1722 3492 1869 3537 recte
1897 3482 2116 3539 divisit:

535 3578 670 3633 Cain
725 3576 813 3631 vel
846 3585 953 3630 no'n
984 3581 1136 3630 recte
1166 3572 1400 3639 obtulit,
1432 3572 1561 3642 quia
1589 3586 1698 3626 non
1727 3580 1873 3627 recte
1907 3571 2114 3638 divisn,

536 3670 622 3725 vel
668 3669 713 3723 si
765 3667 924 3722 detur
968 3683 1093 3722 eum
1141 3677 1291 3723 recte
1324 3666 1626 3731 obtulisse,
1664 3677 1843 3720 tamen
1893 3666 1947 3721 iu
1980 3669 2116 3733 ~ele-

540 3764 721 3817 ctione
768 3770 825 3815 et
873 3762 1221 3830 separatione
1251 3760 1484 3815 multum
1544 3758 1781 3825 defecit;
1829 3775 1953 3813 nam
2005 3774 2115 3815 non

537 3852 891 3924 praistantia,
964 3852 1056 3906 sed
1112 3852 1435 3920 imperfecta
1486 3850 1702 3905 obtulit.
1776 3848 1833 3905 Id
1889 3860 2116 3920 apparet

538 3944 686 4016 quod
734 3948 788 3998 in
818 3962 836 3996 ι
872 3944 993 4014 ejus
1036 3942 1305 3998 sacrificia
1340 3941 1480 3997 Deus
1512 3957 1621 3996 nou
1654 3942 1913 4012 respexit,
1958 3960 1977 3993 ι
2013 3955 2115 3997 nec

538 4040 802 4095 divinitus
858 4040 981 4111 igne
1014 4039 1284 4101 immisso,
1335 4045 1394 4091 ut
1438 4036 1625 4093 Abelis
1659 4036 1961 4107 assumpsit
1990 4053 2009 4090 :
2039 4036 2114 4091 ita

537 4136 685 4190 enim
725 4132 962 4204 produnt
1009 4131 1234 4195 factum,
1287 4138 1341 4184 et
1393 4129 1521 4184 inde
1554 4132 1867 4185 convictum
1898 4130 1965 4185 de
2002 4143 2113 4184 non

537 4234 685 4281 recte
720 4222 863 4279 facta
891 4222 1177 4277 divisione.
1210 4220 1387 4290 Atque
1417 4219 1492 4275 ita
1524 4234 1583 4275 se
1624 4219 1807 4282 habet,
1845 4238 1864 4271 ι
1899 4217 2113 4284 Nonne,

538 4316 583 4372 si
611 4323 755 4370 recte
786 4310 1073 4375 obtuleris,
1099 4325 1206 4364 non
1237 4319 1291 4363 et
1318 4316 1466 4363 recte
1489 4307 1758 4373 diviseris,
1783 4308 2060 4377 peccasti?
2088 4324 2107 4358 ι

538 4406 694 4474 Quod
764 4405 1010 4474 sequitur
1041 4418 1055 4455 :
1084 4400 1323 4466 Quiesce,
1358 4399 1515 4469 quasi
1547 4398 1753 4453 diceret
1783 4396 1849 4452 ad
1879 4412 2111 4468 peccan-

539 4510 671 4562 tem,
703 4495 791 4551 Sis
823 4494 969 4565 apud
1005 4503 1055 4547 te
1088 4492 1263 4547 solum
1296 4490 1537 4561 quietus,
1582 4498 1636 4544 et
1663 4490 1953 4561 diligenter
1979 4504 2110 4544 con-

540 4592 720 4647 sidera
778 4585 1171 4643 absurditatem
1206 4584 1337 4638 facti
1371 4584 1449 4637 tui
1497 4592 1549 4637 et
1593 4597 1688 4652 per
1733 4582 2105 4652 ptenitent'tam

539 4689 761 4755 peccato
810 4680 1028 4735 veniam
1080 4676 1331 4747 acquire.
1391 4676 1496 4732 Per
1524 4676 1761 4746 quietem
1809 4685 1863 4730 et
1895 4677 2113 4731 sedatas

539 4774 828 4846 passiones
891 4768 1111 4824 facilius
1146 4768 1198 4822 id
1229 4778 1283 4822 et
1316 4765 1655 4821 discernitur
1708 4775 1762 4819 et
1808 4764 2111 4833 iudicatur,

539 4865 687 4936 quod
744 4860 1174 4933 praetermissum
1213 4857 1334 4912 fuit.
1368 4857 1473 4912 Sed
1534 4866 1587 4910 et
1613 4856 1753 4911 forte
1776 4857 1995 4913 volebat
2022 4872 2112 4913 re-

539 4956 776 5028 primere
807 4953 955 5007 illius
976 4951 1265 5021 impetum,
1297 4965 1405 5019 quo
1439 4949 1528 5003 ille
1558 4948 1758 5003 misere
1798 4948 2072 5005 ferebatur
2098 4969 2111 5005 :

545 5044 854 5104 ePeccasti,
886 5041 1083 5112 inquit,
1137 5040 1357 5110 quiesce
1393 5056 1406 5093 :
1448 5057 1467 5090 ι
1531 5054 1599 5093 ne
1638 5037 1921 5107 iniustitiae
1946 5054 2111 5094 accu-

541 5138 715 5194 mules
741 5136 899 5191 aliam
933 5152 945 5187 :
980 5133 1248 5187 insaniam
1278 5131 1329 5184 in
1355 5146 1443 5185 me
1475 5140 1622 5185 tuam
1648 5131 2111 5199 circumscribito,

539 5250 569 5289 a
596 5232 833 5286 fraterno
864 5225 1129 5297 sanguine
1162 5234 1216 5280 et
1272 5239 1467 5279 manus
1509 5233 1565 5279 et
1625 5236 1861 5280 mentem
1912 5227 2114 5280 immu-

539 5338 638 5380 nes
672 5330 887 5392 prresta.
924 5318 991 5372 At
1024 5316 1154 5372 illud
1190 5335 1202 5371 :
1243 5334 1261 5367 ι
1300 5315 1380 5369 Ad
1420 5325 1469 5371 te
1513 5317 1618 5371 erit
1649 5318 1938 5372 conversio
1968 5319 2108 5388 ejus,

538 5423 594 5469 et
634 5421 688 5467 tu
742 5411 819 5465 illi
846 5407 1235 5471 dominaberis,
1279 5425 1297 5457 ι
1338 5406 1423 5461 vel
1464 5405 1531 5460 de
1564 5405 1743 5460 oblato
1787 5422 2014 5462 munere
2038 5407 2114 5461 di-

540 5503 703 5567 citur,
735 5499 891 5571 quasi
919 5498 1103 5561 vellet,
1135 5497 1418 5566 Indignum
1460 5505 1567 5562 est,
1620 5495 1765 5565 quod
1812 5512 1913 5565 ego
1962 5512 2119 5551 acce-

542 5604 713 5666 ptem,
767 5592 1028 5663 quocirca
1064 5604 1318 5645 aversum
1346 5598 1429 5644 est
1458 5588 1525 5643 ad
1564 5597 1636 5651 te,
1668 5598 1723 5643 et
1754 5599 1810 5641 tu
1842 5588 1988 5644 illius
2020 5588 2119 5643 do-

544 5686 729 5741 minus
780 5685 1078 5740 etiamnum
1131 5682 1263 5747 eris,
1304 5690 1363 5735 ut
1394 5680 1569 5744 fuisti,
1598 5679 1920 5749 priusquam
1951 5679 2114 5735 offer-

545 5784 738 5832 retur:
798 5776 905 5841 vel,
949 5788 1060 5829 non
1106 5774 1254 5843 quod
1306 5772 1676 5840 offerebatur,
1737 5772 1833 5829 sed
1899 5772 1953 5825 in
2008 5787 2117 5843 quo

2217 3306 2326 3377 7&9
2356 3304 2464 3360 ἀπὸ
2492 3304 2600 3358 τῶν
2626 3304 2886 3370 στεάτων,
2918 3305 3026 3356 τῶν
3063 3303 3352 3373 εὺτλραφῶν
3384 3306 3482 3357 καὶ
3529 3307 3788 3358 ὲστεατω-

2221 3399 2398 3469 μένων
2416 3396 2794 3470 φησὶικπυὶ-τῇ
2819 3394 2991 3467 πολλῇ
3012 3395 3298 3467 ἐπιμελείᾳ
3316 3396 3712 3467 παρεχομένων
3732 3396 3791 3448 τὸ

2219 3490 2562 3561 ἐξῃρημένον
2600 3489 2693 3542 καὶ
2734 3488 2977 3558 ἄριστον.
3029 3486 3191 3541 Ἀλλά
3227 3487 3322 3540 τοῦ
3357 3488 3454 3559 μὲν
3493 3505 3788 3560 προσενεγ-

2218 3585 2357 3648 κεῖν,
2384 3583 2586 3651 ἀμφοῖν
2616 3580 2862 3648 ἐγεγόνει
2900 3580 2934 3649 ἡ
2965 3578 3184 3649 φροντίς
3206 3594 3220 3608 ·
3246 3578 3342 3632 τοῦ
3390 3579 3447 3632 δὲ
3470 3580 3665 3634 διελεῖν
3700 3578 3792 3632 καὶ

2218 3672 2546 3737 ἐκλέξασθαι
2579 3673 2650 3726 τά
2688 3672 2917 3742 ἀμείνω,
2953 3671 3138 3723 οὐκέτι
3166 3671 3365 3741 ὁμοίως
3406 3675 3645 3742 ἀμφοῖν
3678 3670 3786 3725 ἀλλ’

2216 3766 2245 3816 ὀ
2276 3764 2375 3834 μὲν
2418 3761 2606 3825 ⁸Ἅϐελ,
2634 3762 2823 3832 ῶσπερ
2854 3761 3046 3814 διεῖλεν
3088 3761 3285 3830 ὀρθῶς,
3319 3761 3461 3815 οὓτω
3507 3763 3602 3816 καὶ
3629 3778 3787 3833 προσ-

2217 3857 2471 3925 ενήνοχεν
2491 3871 2505 3887 ο
2536 3857 2565 3909 ὁ
2586 3855 2645 3908 δὲ
2680 3854 2900 3923 Κάῖν,ἢ
2931 3853 3053 3906 οὐδὲ
3083 3854 3460 3925 προσήνεγκεν
3482 3856 3681 3927 ὀρθῶς,
3711 3856 3788 3907 ὅτι

2218 3947 2358 4017 μηδὲ
2387 3946 2579 4000 διεῖλεν
2600 3964 2615 3979 ⁸
2667 3946 2700 4017 ἢ
2731 3946 2778 3999 εί
2802 3946 2893 3998 καὶ
2922 3944 3039 4014 δοίη
3064 3963 3144 4009 τις
3171 3945 3348 4016 ὀρθῶς
3379 3950 3784 4017 προσενεγκεῖν,

2214 4038 2351 4093 ἀλλά
2390 4039 2517 4110 περί
2555 4055 2620 4107 γε
2663 4037 2762 4110 τὴν
2811 4038 3084 4108 ἐξαίρεσιν
3127 4038 3222 4091 καὶ
3253 4038 3481 4108 ἐκλογὴν
3543 4040 3787 4093 πλεῖστον

2214 4132 2339 4185 ὅσον
2393 4130 2734 4204 διήμαρτενο
2763 4130 2889 4183 οὐδὲ
2930 4130 3039 4201 γάρ
3090 4132 3160 4184 τὰ
3212 4131 3565 4200 κρείσσω,τά
3612 4132 3668 4185 δὲ
3714 4133 3789 4201 μὴ

2213 4222 2465 4287 τοιαῦτα,
2519 4223 2887 4295 προσήνεγκε.
2934 4223 3046 4276 Καὶ
3100 4221 3261 4292 δῆλον
3313 4222 3371 4288 ἐξ
3399 4218 3472 4277 ὧν
3518 4242 3579 4278 τε
3608 4242 3627 4275 ι
3657 4223 3783 4284 Θεὸς

2212 4317 2334 4378 ταῖς
2358 4314 2523 4368 αὑτοῦ
2556 4314 2772 4377 θυσίαις
2821 4314 2897 4385 μὴ
2915 4314 3205 4384 ὲπέϐλεψε,
3238 4332 3259 4365 ι
3300 4316 3438 4388 μηδὲ
3478 4318 3614 4388 πυρὶ
3637 4316 3787 4383 θείῳ,

2214 4405 2404 4476 ὥσπερ
2436 4407 2505 4459 τά
2540 4406 2637 4459 τοῦ
2670 4405 2838 4459 Ἅϐελ
2869 4404 3230 4459 ὡλοκαύτωσε
3254 4421 3269 4439 ο
3302 4408 3461 4461 τοῦτο
3507 4410 3616 4479 γάρ
3646 4421 3785 4467 τινες

2213 4496 2570 4559 ὲκδεδώκασι,
2602 4495 2697 4549 καὶ
2742 4494 2804 4559 ἐξ
2860 4488 2935 4548 ὧν
2990 4496 3082 4549 τὸν
3109 4496 3329 4567 ἔλεγχον
3357 4498 3459 4567 τῆς
3497 4500 3596 4552 οὐκ
3625 4497 3781 4566 ὀρθῆς

2212 4588 2438 4643 ἀπέτισε
2477 4587 2817 4660 διαιρέσεως.
2866 4587 3025 4641 Ἀλλά
3063 4587 3124 4641 τὸ
3151 4589 3273 4657 μὲν,
3311 4607 3329 4640 ι
3365 4590 3479 4643 Οὐκ
3517 4590 3583 4644 ἂν
3612 4586 3779 4659 ὀρθῶς

2212 4679 2608 4750 προσενέγκῃς,
2636 4676 2813 4748 ὀρθῶς
2834 4678 2891 4730 δὲ
2921 4678 2995 4749 μὴ
3022 4677 3221 4750 διέλης,
3245 4679 3524 4751 ἦμαρτες;
3560 4699 3579 4731 ι
3610 4674 3781 4731 τοιοῦ-

2210 4788 2325 4826 τον.
2371 4773 2445 4824 Τὸ
2472 4772 2548 4837 δὲ,
2590 4771 2956 4839 Ἠσύχασον,
2998 4772 3085 4825 ἵνα
3118 4772 3279 4844 εῖπῃς
3309 4772 3443 4842 πρὸς
3474 4766 3778 4842 ήμαρτηκὸο

2210 4880 2300 4929 τα,
2343 4863 2652 4934 Ἦρέμησον
2683 4861 2827 4916 κατά
2853 4862 3101 4925 σεαυτὸν,
3133 4861 3227 4915 καὶ
3243 4862 3611 4934 διασκόπησον
3636 4860 3785 4928 ἀκριο

2214 4956 2326 5019 ϐῶς
2358 4954 2453 5009 τοῦ
2506 4955 2900 5025 πεπραγμένου
2939 4953 3002 5006 τὸ
3048 4954 3271 5016 ἄτοπον,
3298 4955 3393 5006 καὶ
3445 4950 3697 5024 μετανοίᾳ
3723 4948 3781 4999 τὺ

2222 5048 2543 5120 ἁμαρτηθὲν
2582 5048 2886 5113 ὲξιλέωσαι.
2929 5046 3016 5098 Ἐν
3052 5046 3254 5116 ἠσυχίᾳ
3294 5046 3405 5116 γὰρ
3434 5046 3526 5099 καὶ
3558 5043 3634 5114 τῷ
3655 5043 3781 5094 ἀτα-

2226 5139 2376 5210 ράχῳ
2430 5137 2541 5190 τῶν
2597 5134 2875 5203 λογισμῶν
2934 5134 3133 5204 μᾶλλον
3192 5135 3486 5206 συνορᾶται
3520 5133 3616 5187 καὶ
3668 5127 3781 5199 κρί-

2220 5246 2371 5283 νεται
2404 5230 2464 5281 τὸ
2495 5227 2832 5299 παροραθέν.
2882 5227 3035 5296 Τάχα
3061 5226 3117 5279 δὲ
3147 5226 3241 5279 καὶ
3267 5224 3778 5296 προαναστέλλοντος

2217 5318 2285 5392 ἦν
2317 5316 2416 5391 τήν
2448 5321 2624 5391 ὀρμὴν
2650 5320 2749 5389 τὴν
2776 5320 2860 5388 ἐφ’
2880 5312 3034 5389 ᾧπερ
3051 5318 3213 5381 αὐτὸς
3233 5318 3431 5382 ἀθλίως
3448 5316 3740 5385 ἐκϐέϐηκεν
3759 5325 3773 5340 °

2223 5431 2241 5463 ι
2273 5413 2586 5481 ’⁸Ημαρτες,
2626 5411 2813 5480 φησὶν,
2842 5409 3149 5480 ήσύχασον·
3188 5428 3207 5460 ι
3233 5409 3308 5478 μὴ
3338 5409 3578 5480 πρόσθῃς
3605 5408 3777 5474 ἕτερον

2218 5502 2297 5573 τῷ
2327 5502 2624 5571 ἀδικήματι
2648 5518 2660 5530 ’
2702 5501 2869 5572 μέχρι
2893 5502 2992 5570 τῆς
3014 5503 3091 5565 εἰς
3116 5501 3216 5571 ἐμὲ
3242 5500 3613 5571 πλημμελείας
3634 5491 3776 5561 περί·

2219 5593 2432 5663 γραψον
2485 5592 2583 5660 τὴν
2655 5592 2915 5646 ἀπόνοιαν
2941 5632 2955 5657 ,
3030 5591 3337 5661 ἀδελφικῶν
3400 5591 3645 5661 αἱμάτων
3708 5581 3777 5653 μὴ

2219 5684 2319 5747 τάς
2350 5686 2539 5754 χεῖρας
2593 5686 2775 5754 μόνον,
2812 5684 2947 5738 ἀλλά
2988 5686 3083 5737 καὶ
3119 5685 3219 5753 τὴν
3269 5682 3493 5755 γνώμην
3542 5673 3776 5746 καθαρὰν

2220 5775 2567 5844 διαφύλαξον.
2603 5776 2676 5829 Τὸ
2702 5776 2780 5841 δὲ,
2814 5794 2833 5828 ι
2865 5777 3009 5846 Πρὸς
3056 5776 3116 5830 σὲ
3152 5778 3185 5847 ἠ
3228 5776 3547 5848 ἀποστροφὴ
3596 5764 3773 5830 αὑτοῦ,
