4072 6452
370 398 478 462 δ49

1326 404 1425 462 AD
1478 402 2066 465 AMPHILOCIIIUM
2102 407 2447 478 QU/ESTIO
2482 411 2631 469 CIX.

3509 423 3618 487 650

375 518 470 567 καὶ
496 514 559 566 σὺ
588 512 753 565 αὑτοῦ
774 514 978 584 ἄρξεις,
1008 533 1025 565 ι
1048 516 1078 583 ἦ
1105 517 1232 585 περὶ
1250 515 1412 569 αὑτοῦ
1436 515 1530 567 τοῦ
1554 516 1943 585 προσενεχθέν-

2046 515 2387 585 peccabatur,
2422 532 2548 573 cum
2597 519 2906 585 offerretur,
2952 523 3178 595 intelligi
3226 525 3431 582 debet:
3463 542 3527 583 ac
3569 531 3617 585 si

372 622 465 668 τος
513 604 750 673 εἴρηται,
808 599 939 668 οἷον,
996 606 1260 670 Ἀνάξιον,
1296 606 1485 677 φησὶν,
1530 606 1631 673 τῆς
1656 606 1795 677 ἐμῆς
1823 608 1938 660 ἐστι

375 697 713 767 προσφορᾶς,
760 696 843 749 διὸ
889 697 1288 767 ἀποστρέφεται
1324 715 1404 751 σοι
1428 698 1524 750 καὶ
1564 699 1724 761 αὐτὸς
1751 697 1937 764 αὑτοῦ,

374 786 564 856 ὥσπερ
630 787 724 839 καὶ
775 785 966 855 πρὶνῆ
1017 785 1447 857 προσενεχθῆναι
1500 786 1689 857 κύριος
1738 786 1873 857 ἔσῃ’
1904 786 1939 856 ἢ

373 877 501 946 οὐχὶ
564 876 624 929 τὸ
688 876 1091 946 προσενεχθὲν,
1141 878 1256 930 ἀλλ’
1322 877 1454 931 αὐτὸ
1520 877 1583 930 τὺ
1634 877 1941 948 διαμαρτη·

377 968 472 1021 θὲν
541 969 668 1039 περὶ
712 968 810 1037 τὴν
835 967 1147 1037 προσένεξιν
1174 971 1201 1020 6
1223 968 1381 1035 λόγος
1422 967 1573 1038 δηλοῖ
1596 984 1609 998 ⁸
1635 967 1940 1030 τουτέστιν,

383 1062 455 1114 Σὺ
497 1060 590 1113 τοῦ
642 1061 1065 1132 ἁμαρτήματος,
1094 1061 1194 1113 οὐκ
1244 1062 1422 1125 ἄλλος,
1468 1062 1701 1131 γέγονας
1732 1061 1941 1125 αἴτιοςο

378 1153 460 1205 διὸ
512 1155 545 1221 ἡ
594 1152 913 1223 ἀποστροφὴ
967 1153 1162 1217 αὑτοῦ,
1192 1156 1288 1207 καὶ
1329 1155 1362 1225 ἡ
1408 1154 1657 1225 ἀναφορὰ
1716 1153 1857 1224 πρὸς
1886 1153 1946 1207 σὲ

375 1246 658 1315 ἐπανήξει,
694 1248 792 1300 καὶ
817 1247 881 1299 σὺ
912 1246 1078 1299 αὑτοῦ
1129 1246 1314 1315 ἄρξεις
1351 1248 1595 1318 ἀρχηγὸς
1630 1247 1818 1316 ὀφθεὶς
1845 1246 1948 1317 τῆς

376 1337 504 1405 περὶ
519 1336 578 1389 τὸ
598 1336 752 1390 Θεῖον
769 1337 1080 1409 ὀλιγωρίας,
1107 1338 1166 1402 ἐξ
1185 1331 1246 1391 οὗ
1263 1337 1357 1392 καὶ
1377 1340 1445 1392 τὰ
1462 1339 1626 1392 λοιπά
1639 1339 1746 1391 τῶν
1768 1340 1949 1411 ἁμαρ-

375 1426 636 1497 τημάτων
676 1428 1024 1499 προέρχεται.
1055 1430 1116 1481 El
1144 1429 1201 1481 δέ
1229 1447 1313 1493 τις
1348 1430 1495 1483 εἴποι
1527 1430 1621 1483 καὶ
1663 1430 1740 1493 ὡς
1765 1447 1949 1501 παρα-

373 1518 555 1588 ψυχῆς
582 1518 745 1572 ἓνεκα
771 1518 928 1573 τοῦτο
969 1519 1185 1590 εἴρηται
1210 1519 1532 1591 (ἐλελύπητο
1577 1519 1686 1591 γὰρ
1720 1523 1748 1573 6
1772 1521 1943 1585 Κάῖν,

376 1612 425 1661 εἰ
449 1611 543 1663 καὶ
574 1609 648 1681 μὴ
671 1610 807 1663 διότι
853 1611 1200 1682 ἡμάρτηκεν,
1244 1610 1361 1665 ἀλλ’
1389 1612 1471 1664 ὅτι
1502 1611 1563 1664 τὸ
1591 1606 1758 1681 ἧττον
1790 1610 1948 1681 ἔσχεν

374 1701 472 1756 ἐπὶ
501 1704 620 1764 ταῖς
650 1702 863 1766 θυσίαις
889 1703 1041 1774 παρά
1066 1703 1157 1756 τὸν
1190 1702 1461 1772 ἀδελφὸν),
1490 1702 1613 1756 οὐδέ
1652 1702 1811 1756 τοῦτο
1843 1719 1949 1773 μα-

375 1795 509 1862 κρὸν
545 1796 644 1863 τῆς
672 1795 900 1866 ἀπείρου
948 1796 1043 1849 καὶ
1089 1795 1493 1865 ἀνεξιχνιάστου
1537 1793 1949 1865 φιλανθρωπίας

2038 604 2244 662 diceret
2272 624 2287 662 :
2319 607 2400 663 Tu
2427 612 2632 679 peccati
2663 612 2845 677 istius,
2882 623 2935 669 et
2966 630 3074 669 non
3103 617 3268 683 alius,
3301 617 3455 674 fuisti
3479 634 3615 674 cau-

2040 712 2136 762 sa;
2177 714 2351 769 quare
2400 701 2523 770 ejus
2570 705 2857 759 conversio
2907 716 2961 761 et
3037 710 3231 764 relatio
3273 712 3339 765 ad
3386 721 3437 765 te
3474 714 3615 778 erit,

2039 805 2210 867 tuque
2262 797 2674 865 dominabcris;
2718 798 2831 853 dux
2882 799 3004 867 ejus
3053 810 3401 872 contemptus
3445 802 3633 857 divini‘

2043 893 2307 958 numinis,
2354 892 2500 948 unde
2549 901 2745 948 caetera
2794 899 3015 960 peccata
3062 904 3470 963 processerunt.
3521 894 3618 951 Sin

2041 984 2170 1037 velit
2220 984 2440 1055 aliquis,
2480 985 2584 1038 hoc
2625 984 2948 1037 consolandi
3003 1001 3170 1040 causa
3215 986 3423 1041 dictum
3468 988 3617 1058 (nam

2046 1074 2275 1121 moestus
2329 1074 2448 1122 erat
2500 1066 2663 1131 Cain,
2715 1080 2826 1121 non
2855 1082 2922 1123 eo
2951 1068 3098 1138 quod
3151 1081 3489 1138 peccaverat,
3522 1072 3615 1128 sed

2046 1157 2191 1227 quod
2247 1159 2302 1211 in
2351 1158 2607 1213 secundis
2663 1167 2787 1227 post
2838 1157 3060 1214 fratrem
3108 1162 3289 1230 quoad
3338 1163 3615 1218 sacrificia

2048 1249 2269 1319 fuerat),
2292 1266 2399 1304 non
2438 1251 2539 1305 hoc
2571 1251 2729 1321 longe
2760 1251 2962 1307 recedit
2992 1253 3059 1306 ab
3088 1253 3295 1308 infinita
3320 1262 3375 1311 et
3402 1256 3618 1311 inseru—

2048 1341 2606 1401 tabilifmisericordia
2626 1343 2749 1408 Dei;
2784 1358 2850 1398 ac
2880 1343 2923 1399 si
2955 1344 3240 1415 indulgens
3266 1356 3418 1415 pater
3445 1346 3617 1400 filium

2050 1433 2449 1504 delinquentem
2515 1434 2917 1506 alloqueretur,
2977 1436 3097 1492 Noli
3161 1439 3467 1505 concidere,
3524 1448 3622 1493 aut

2050 1539 2290 1579 maerore
2318 1523 2621 1589 absorberi,
2665 1526 2809 1594 quod
2851 1524 3019 1580 frater
3053 1536 3103 1582 te
3131 1528 3290 1582 donis
3316 1528 3432 1583 suis
3456 1542 3622 1597 supe-

2053 1613 2293 1668 raverit:
2351 1613 2396 1668 si
2446 1613 2591 1667 enim
2620 1614 2726 1668 rite
2759 1614 3070 1684 prmfertur,
3112 1617 3182 1671 ob
3217 1616 3266 1671 id
3293 1618 3439 1687 quod
3474 1625 3621 1673 recte

2051 1704 2195 1770 fecit,
2252 1713 2435 1759 tamen
2484 1705 2679 1759 iterum
2712 1706 2802 1761 ille
2850 1707 2917 1761 ad
2957 1718 3008 1762 te
3037 1720 3405 1773 convertetur,
3433 1708 3538 1764 sub
3568 1720 3621 1763 te

2049 1795 2171 1857 crit,
2197 1802 2251 1849 et
2279 1793 2723 1864 primogenitum
2749 1797 3124 1865 praerogativis
3165 1796 3441 1866 praecedes
3466 1812 3616 1861 eum,

372 1887 470 1939 τοῦ
535 1886 702 1940 Θεοῦ’
737 1888 813 1950 ὡς
868 1890 935 1941 ἂν
985 1889 1130 1941 είποι
1182 1887 1536 1959 φιλόστοργος
1596 1885 1779 1957 πατὴρ
1808 1887 1943 1956 πρὸς

2046 1885 2089 1940 si
2119 1900 2216 1954 per
2246 1884 2677 1953 resipiscentiam
2711 1893 2765 1941 te
2786 1888 3093 1943 correxeris
3122 1903 3151 1941 a
3181 1898 3408 1958 peccato
3437 1909 3450 1944 :
3484 1905 3621 1958 prae-

367 1978 732 2048 ἠμαρτηκότα
753 1979 937 2042 παῖδα,
965 1978 1057 2049 Μὴ
1096 1978 1407 2049 συμπέσῃς,
1451 1977 1587 2047 μηδὲ
1620 1976 1938 2047 καταποθῇς

368 2071 438 2138 τῇ
503 2069 672 2141 λύπῃ,
701 2073 813 2133 τοῖς
861 2069 1055 2138 δώροις
1106 2087 1167 2122 σε
1228 2069 1802 2139 παρευδοκιμήσαντος
1845 2068 1937 2121 τοῦ

369 2161 601 2230 ἀδελφοῦ
626 2179 639 2192 ·
677 2164 725 2215 εί
756 2161 865 2232 γὰρ
890 2165 985 2215 καὶ
1008 2161 1067 2227 ἐξ
1095 2155 1169 2216 ὧν
1196 2161 1358 2225 αὐτὸς
1388 2162 1550 2224 ὁσίως
1590 2160 1828 2230 ἔπραξεν
1855 2160 1936 2213 δι-

2046 1978 2288 2047 rogativa
2324 1978 2412 2031 illa
2445 1977 2537 2032 tibi
2569 1994 2674 2032 non
2710 1978 3015 2045 auferetur,
3050 1996 3215 2050 quam
3247 1982 3512 2051 accepisti
3562 1981 3616 2034 in

2044 2085 2110 2124 eo
2135 2070 2280 2140 quod
2312 2080 2586 2126 maternos
2618 2072 2832 2127 dolores
2866 2073 3078 2143 primus
3112 2075 3365 2130 solveris.

372 2252 721 2324 καιοπρεπῶς
745 2254 1163 2326 προτετίμηται,
1186 2250 1415 2308 ἀλλὀὖν
1450 2251 1937 2324 ἀποστραφήσεταί
1978 2267 2061 2303 σοι
2096 2251 2259 2305 πάλιν
2287 2252 2382 2305 καὶ
2414 2252 2519 2305 ὑπὸ
2550 2252 2611 2305 σὲ
2672 2252 2847 2317 ἔσται,
2915 2253 3008 2306 καὶ
3050 2253 3129 2323 τῷ
3186 2254 3467 2325 προνομίῳ
3509 2253 3619 2306 τῶν
3648 2262 3655 2268 ‘

374 2347 757 2416 πρωτοτοκίων
809 2347 971 2410 αὐτὸς
1017 2347 1183 2400 πάλιν
1239 2347 1300 2400 τὸ
1348 2347 1639 2416 πρεσϐεῖον
1669 2346 1833 2412 ἕξεις,
1868 2344 1938 2399 ἂν
1980 2344 2313 2415 μεταμελείᾳ
2338 2344 2533 2398 σαυτὸν
2569 2346 2661 2399 τοῦ
2725 2346 3066 2416 πταίσματος
3121 2345 3474 2420 ἀνορθώσῃς·
3523 2346 3620 2399 ἀν·

370 2442 666 2512 ἀφαίρετον
692 2442 801 2509 γὰρ
834 2441 987 2496 ἐσται
1021 2458 1102 2494 σοι
1127 2440 1187 2495 τὸ
1233 2441 1354 2494 κατ’
1382 2440 1547 2494 αὐτοῦ
1579 2440 1774 2512 κύρος,
1799 2440 1936 2508 ὅπερ
1973 2437 2198 2509 εἴληφας
2217 2439 2277 2504 ἐξ
2325 2433 2400 2493 ὧν
2424 2440 2638 2511 πρῶτος
2682 2441 2779 2504 τὰς
2817 2442 3091 2511 μητρικὰς
3146 2440 3341 2505 ἔλυσας
3398 2441 3615 2503 ὠδίνας.

451 2531 612 2584 Ἀλλά
638 2532 757 2584 κατ’
777 2532 1065 2603 ἐπιστολὴν
1096 2533 1259 2588 ίκανά
1278 2534 1567 2589 καὶταῦτα
1602 2530 1779 2605 οἴμαι.
1806 2528 1938 2585 Οἶδα

363 2622 425 2675 δέ
449 2622 598 2685 τινάς
649 2638 781 2675 ποτε
832 2621 940 2674 τῶν
991 2622 1367 2677 παλαιοτάτων
1421 2624 1690 2677 Ἰουδαίων
1732 2639 1938 2693 γεγρα-

2110 2532 2285 2602 Atque
2333 2533 2445 2588 haac
2494 2533 2807 2587 suﬂ‘ecerint
2856 2534 3118 2603 epistolae.
3168 2532 3305 2588 Novi
3350 2534 3617 2615 quosdam

2038 2639 2124 2679 res
2168 2622 2481 2679 Judazorum
2546 2626 2961 2695 antiquissimas
3011 2626 3290 2681 memoriae
3351 2627 3616 2681 mandan-

368 2715 561 2781 φότας,
598 2713 730 2767 οῖ’τδ
763 2714 1043 2784 ἐλλόγιμον
1065 2715 1173 2767 τῶν
1205 2715 1379 2769 ἄλλων
1404 2716 1551 2785 ἔχειν
1587 2716 1827 2777 ἐδόκουν,
1853 2714 1940 2769 διὰ

2046 2721 2139 2776 tes,
2190 2714 2283 2784 qui
2352 2724 2476 2768 ante
2541 2714 2677 2769 alios
2737 2714 2962 2770 scientia
3029 2715 3242 2784 praediti
3292 2714 3394 2770 visi
3468 2724 3617 2779 sunt,

364 2804 527 2857 τοῦτο
554 2803 804 2874 εἰρῆσθαι
826 2804 920 2857 τὸν
957 2806 1098 2859 Κάῖν
1124 2805 1197 2875 μὴ
1223 2806 1416 2859 διελεῖν
1460 2806 1636 2877 ὀρθῶς
1663 2806 1799 2859 διότι
1830 2806 1939 2860 ἀπὸ

2046 2806 2127 2876 qui
2175 2805 2296 2860 ideo
2333 2806 2653 2861 existimant
2702 2805 2838 2862 Cain
2890 2806 3119 2862 minimc
3168 2815 3317 2862 recte
3370 2807 3622 2862 divisisse

367 2895 478 2949 τῶν
528 2895 772 2966 ἀψύχων,
822 2896 939 2950 ἀλλ’
975 2898 1075 2950 ούκ
1106 2898 1216 2951 ἀπὸ
1236 2898 1345 2952 τῶν
1372 2898 1655 2970 ἐμψύχων,
1689 2898 1879 2970 ὥσπερ
1911 2902 1939 2953 6

372 2987 562 3051 Ἅϐελ,
602 2987 672 3040 τά
694 2986 843 3059 δῶρα
891 2990 1233 3059 προσέφερεν
1268 2989 1640 3060 (καθυστερεῖν
1692 2991 1801 3063 γὰρ
1846 2992 1939 3045 καὶ

369 3077 728 3132 ἐλαττοῦσθαι
775 3078 957 3150 πολλῷ
989 3081 1097 3135 τῶν
1138 3079 1399 3151 ἐμψύχων
1430 3081 1501 3135 τά
1541 3082 1747 3153 ἀψυχα)
1773 3100 1787 3113 ·
1812 3083 1880 3136 δι’
1910 3083 1938 3135 ὃ

372 3171 471 3223 καὶ
513 3170 604 3222 τὸν
632 3170 740 3224 τῶν
768 3172 903 3226 ὅλων
928 3172 1060 3226 Θεὸν
1092 3174 1187 3225 τοῦ
1223 3174 1325 3244 μέν
1374 3174 1675 3246 ἐφησθῆναι
1707 3177 1818 3240 τοῖς
1840 3174 1940 3228 δώ-

374 3277 493 3328 ροις
516 3258 588 3321 ὡς
622 3260 903 3330 ἐμψύχοις,
933 3261 1027 3314 τοῦ
1063 3262 1121 3315 δὲ
1149 3262 1248 3333 τὴν
1271 3263 1460 3316 θυσίαν
1484 3264 1758 3333 ὑπεριδεῖν
1781 3263 1858 3327 ὡς
1878 3265 1942 3317 ἐκ

369 3351 484 3405 τῶν
507 3351 731 3423 ἀψύχων
754 3353 1272 3424 είσκεκομισμένην.
1313 3354 1454 3408 Ἀλλ’
1487 3355 1648 3425 εἴπερ
1668 3353 1840 3418 οὕτως
1864 3350 1943 3407 εῖ-

370 3459 487 3512 χεν,
516 3443 617 3497 οὐκ
646 3443 714 3498 ἂν
738 3445 765 3496 6
786 3444 926 3498 Κάῐν
952 3446 1050 3515 τὴν
1087 3444 1373 3515 διαίρεσιν,
1405 3445 1522 3499 ἀλλ’
1549 3445 1720 3518 αὐτὴν
1753 3447 1819 3500 ἂν
1843 3445 1942 3516 τὴν

370 3534 563 3587 θυσίαν
585 3533 910 3599 ὠνειδίζετο,
944 3537 1139 3606 ὅτιπερ
1171 3536 1295 3589 ἀντὶ
1324 3536 1434 3590 τῶν
1470 3537 1701 3607 καρπῶν
1736 3537 1810 3606 μὴ
1828 3537 1944 3601 ζῶα

371 3626 767 3696 προσήνεγκεν.
816 3626 961 3679 Ἀλλ’
992 3625 1233 3697 οὐδαμοῦ
1275 3627 1523 3695 φαίνεται
1555 3627 1716 3681 τοῦτο
1754 3631 1786 3700 ή
1819 3631 1942 3683 θεία

372 3718 853 3788 καταμεμψαμένη
902 3718 1051 3788 φωνή
1074 3732 1089 3746 ⁶
1123 3718 1260 3772 ἀλλὰ
1294 3718 1403 3772 τῶν
1442 3718 1543 3788 μὲν
1578 3719 1767 3790 δώρων
1789 3721 1943 3775 οὐδὲν

372 3810 658 3879 ᾐτιάσατο,
685 3811 823 3881 ὑπὲρ
861 3811 918 3864 δὲ
948 3814 1046 3881 τῆς
1088 3810 1410 3880 διαιρέσεως
1449 3810 1548 3881 τὴν
1602 3810 1810 3881 μέμψιν
1839 3814 1942 3866 ἐπ·-

375 3901 627 3967 ήνεγκεν.
680 3899 821 3953 Ἀλλ’
850 3901 989 3954 ὥστε
1017 3901 1073 3952 δέ
1101 3902 1149 3953 εί
1175 3902 1204 3952 6
1233 3900 1332 3969 μὲν
1352 3900 1606 3970 ἀπαρχῆς
1625 3900 1737 3970 βίον
1758 3901 1819 3954 τὺ
1839 3918 1942 3971 γη-

375 3993 578 4055 πονεῖν,
617 3992 645 4043 6
665 3991 720 4044 δὲ
745 3991 805 4044 τὸ
830 3991 1140 4060 ποιμαίνειν
1166 3990 1396 4053 ἐτίθετο,
1434 3990 1553 4053 πῶς
1602 3990 1703 4044 οὐκ
1749 3991 1945 4056 ἄλογον

374 4081 779 4150 ὑπολαμϐάνειν
812 4081 905 4134 ὑπ’
946 4081 1121 4135 αἰτίαν
1172 4079 1425 4147 γενέσθαι
1460 4079 1554 4133 τὸν
1602 4081 1765 4146 Κάῖν,
1810 4079 1945 4134 διότι

378 4171 454 4242 μὴ
479 4173 585 4226 ἀπὸ
614 4172 723 4226 τῶν
760 4172 1076 4242 ἀλλοτρίων,
1105 4172 1218 4225 ἀλλ’
1245 4172 1353 4225 ἀπὸ
1380 4172 1492 4224 τῶν
1515 4172 1731 4225 οἰκείων
1766 4189 1940 4241 προσ-

374 4248 605 4332 ήνεγκεν
630 4282 647 4332 ;
664 4265 898 4318 Κάκεῖνο
917 4264 973 4318 δέ
999 4282 1084 4328 τις
1100 4265 1384 4335 προσθείη,
1412 4264 1486 4327 ὡς
1506 4265 1606 4317 οὐκ
1622 4265 1681 4317 ἐν
1700 4267 1765 4334 τῇ
1786 4282 1949 4335 προσ-

373 4355 545 4421 ενέξει
560 4356 657 4426 τῆς
675 4356 864 4419 θυσίας
908 4358 1128 4427 μᾶλλον,
1149 4357 1266 4410 ἀλλ’
1287 4357 1542 4427 ἀπαρχῆς
1564 4357 1665 4427 τῆς
1685 4357 1794 4410 τῶν
1812 4356 1943 4426 βίων

2046 2898 2177 2960 dici,
2207 2897 2337 2968 quia
2370 2914 2476 2953 non
2497 2914 2528 2952 a
2559 2898 2886 2962 viventibus,
2924 2906 2987 2953 ut
3018 2898 3174 2960 Abel,
3205 2898 3299 2953 sed
3334 2897 3404 2952 ab
3439 2895 3623 2951 inani.

2046 2989 2209 3044 matis
2253 3005 2480 3044 munera
2531 2999 2752 3060 accepta
2796 2990 2947 3045 dedit
2991 2989 3202 3061 (multis
3252 2988 3399 3043 enim
3444 2987 3622 3043 modis

2045 3077 2345 3134 inanimata
2373 3080 2575 3135 cedunt
2610 3079 2884 3149 animatis)
2913 3097 2927 3133 :
2958 3079 3127 3134 Deum
3159 3080 3341 3148 itaque
3366 3078 3621 3133 universa

2044 3171 2190 3226 illius
2212 3172 2351 3226 dona
2376 3172 2617 3226 animata
2651 3181 2872 3240 accepta
2908 3172 3186 3233 habuisse,
3216 3169 3380 3238 hujus
3410 3169 3621 3225 sacriﬁ-

2042 3261 2185 3316 cium
2236 3261 2522 3331 rejecisse,
2559 3261 2705 3332 quod
2748 3260 2819 3315 de
2872 3260 3187 3315 inanimatis
3240 3264 3617 3329 appararetur.

2044 3352 2148 3407 Sed
2178 3352 2223 3408 si
2260 3353 2313 3407 id
2346 3354 2419 3407 ita
2449 3353 2560 3416 ﬁet,
2598 3352 3023 3423 haudquaquam
3058 3350 3278 3416 divisio,
3310 3352 3405 3405 sed
3437 3349 3619 3419 ipsum

2043 3444 2373 3499 sacrificium
2432 3452 2823 3509 accusaretur,
2873 3442 3022 3513 quod
3070 3457 3178 3496 non
3228 3440 3483 3495 animalia
3518 3453 3620 3509 pro

2044 3535 2286 3607 frugibus
2319 3534 2554 3589 oil‘erret.
2597 3533 2704 3589 Sed
2747 3550 2855 3589 nou
2890 3535 3104 3589 videtur
3158 3535 3260 3589 hoc
3311 3533 3493 3588 divina
3528 3533 3618 3587 illa

2042 3637 2178 3677 voce
2209 3622 2580 3690 increpatum;
2611 3622 2680 3677 de
2716 3622 2871 3677 donis
2904 3636 3009 3675 non
3046 3630 3288 3686 accusat,
3326 3622 3612 3691 reprehen~

2044 3714 2121 3767 dit
2155 3722 2364 3768 tantum
2397 3714 2745 3769 divisionem.
2786 3715 2944 3769 Certe
2986 3715 3032 3770 si
3063 3715 3132 3769 ab
3162 3716 3320 3770 initio
3349 3715 3617 3784 agricola-

2044 3806 2247 3861 tionem
2288 3805 2399 3869 ille,
2431 3805 2770 3874 pastoritiam
2812 3806 2915 3861 iste
2945 3806 3295 3876 sequebatur,
3332 3821 3363 3860 a
3410 3805 3621 3859 ratione

2047 3897 2270 3952 omnino
2314 3897 2553 3952 alienum
2603 3906 2688 3953 est
2730 3897 3049 3952 existimare
3093 3897 3320 3953 Cainum
3371 3896 3425 3951 in
3460 3897 3620 3966 culpa

2048 3986 2237 4052 fuisse,
2275 3987 2403 4056 quia
2434 4003 2543 4042 non
2575 3987 2643 4041 de
2673 3987 2887 4053 alienis,
2913 3988 3007 4041 sed
3039 3989 3106 4042 de
3140 3987 3257 4042 suis
3284 3986 3618 4041 oblationem

2046 4078 2321 4132 offerebat.
2355 4076 2567 4131 Addere
2594 4078 2739 4139 licet,
2774 4078 2922 4145 quod
2953 4093 3059 4131 non
3107 4079 3159 4130 in
3194 4076 3493 4142 oll‘erendo,
3526 4078 3619 4132 sed

2047 4168 2101 4222 in
2146 4167 2395 4239 eligendo
2436 4168 2559 4222 vita:
2603 4169 2853 4221 instituto
2893 4168 3234 4222 accusandus
3285 4177 3403 4222 erat
3437 4185 3451 4221 :
3490 4169 3619 4236 quia

2046 4256 2435 4326 agriculturam
2468 4254 2712 4325 elegerit,
2739 4261 2793 4308 et
2832 4252 2985 4309 fratri
3014 4254 3291 4324 reliquerit
3318 4264 3617 4324 pasturam.

2048 4345 2357 4400 Dill‘erentia
2406 4345 2607 4415 quippe
2649 4345 2913 4400 instituta:
2962 4345 3085 4399 vitae
3124 4360 3347 4401 causam
3391 4347 3542 4401 dedit
3568 4356 3623 4401 et

373 4447 639 4518 αἱρέσεως
672 4447 779 4500 ἔδει
803 4447 894 4501 τὸν
923 4448 1021 4518 μὲν
1038 4448 1318 4516 φαυλίζειν
1336 4449 1439 4502 ’ὅτι
1466 4450 1726 4518 γηπονεϊν
1744 4450 1936 4514 εἵλετο,

2048 4441 2401 4510 principium,
2442 4440 2585 4511 quod
2638 4441 2933 4510 opinantur
2964 4440 3116 4494 illum
3156 4455 3439 4510 peccasse,
3490 4442 3621 4497 dum

374 4537 465 4589 τὸν
490 4537 547 4589 δὲ
575 4537 927 4607 ποιμαίνοντα
974 4538 1352 4609 ἀποδέχεσθαι.
1388 4539 1463 4592 T6
1488 4540 1597 4609 γάρ
1618 4540 1725 4593 τῶν
1748 4542 1942 4611 ἐπιτη-

371 4627 658 4697 δευμάτων
686 4629 940 4699 διάφορον
974 4630 1115 4702 ἀρχὴ
1150 4631 1246 4685 καὶ
1275 4628 1426 4684 αἰτία
1470 4630 1814 4701 καθέστηκεν
1842 4632 1938 4685 τοῦ

373 4716 468 4769 τὶν
500 4715 621 4785 μὲν,
652 4716 726 4778 ὡς
747 4718 1027 4786 ἐνόμισαν,
1062 4718 1328 4788 ἁμαρτεῖν
1346 4718 1576 4789 καρποῖς
1599 4715 1941 4782 θυσιάζοντα,

370 4807 465 4860 τὸν
519 4806 576 4860 δὲ
633 4808 1106 4879 παρευδοκιμῆσαι
1158 4806 1274 4871 ζῶα
1306 4807 1377 4861 τὰ
1417 4807 1567 4878 δῶρα
1597 4808 1942 4876 ποιούμενον.

375 4895 500 4958 Πῶς
547 4896 603 4947 δὲ
651 4896 753 4949 κάν
788 4900 911 4961 ταῖς
952 4898 1296 4967 νομοθεσίαις
1319 4896 1545 4968 ὕστερον
1572 4896 1857 4966 σεμίδαλις
1881 4914 1943 4950 τε

373 4988 471 5039 καὶ
499 4987 732 5057 στάχυες
752 4988 848 5041 καὶ
875 4988 1029 5058 ἄρτοι
1055 4987 1366 5059 προθέσεως
1386 4988 1467 5051 είς
1492 4987 1807 5057 προσφορὰν
1828 4986 1947 5057 Θεῷ

376 5077 722 5144 ὲλογίζοντο;
764 5079 826 5130 Ei
854 5078 913 5131 δὲ
963 5078 1056 5131 καὶ⁵
1084 5096 1103 5130 ‹
1136 5078 1277 5133 καλὰ
1306 5077 1421 5131 λίαν
1453 5098 1471 5130 ι
1505 5078 1625 5148 οὐχί
1669 5095 1789 5131 τινα
1835 5077 1946 5130 τῶν

375 5170 681 5239 δημιουργη
691 5171 896 5241 μάτων,
931 5171 1067 5224 ἀλλά
1094 5171 1274 5225 πάντα
1303 5170 1377 5239 τῷ
1403 5169 1771 5239 γενεσιουργῷ
1802 5170 1945 5239 λόγῳ

378 5260 615 5328 εἴρηται,
666 5264 762 5314 καὶ
802 5261 1119 5329 πεποίηται,
1151 5260 1273 5314 τίνα
1311 5260 1467 5328 λόγον
1504 5259 1638 5328 ἔχει,
1686 5259 1811 5323 τοὺς
1841 5258 1949 5311 ἀπὸ

376 5351 482 5420 γῆς
512 5352 777 5422 καρποὺς,
816 5354 911 5406 καὶ
938 5352 974 5407 ἃ.
1002 5352 1201 5423 μᾶλλόν
1240 5354 1392 5404 ἐστιν
1442 5349 1714 5420 ἀνθρώπῳ
1749 5350 1946 5419 τροφὴ,

380 5447 441 5497 ὲν
479 5443 658 5514 ἀτίμῳ
692 5446 855 5517 μοίρᾳ
885 5448 980 5500 καὶ
1013 5445 1343 5515 βδελύγματι
1371 5445 1463 5497 τὸν
1508 5443 1951 5513 δημιουργήσαν-

379 5553 447 5588 τα
481 5537 951 5609 παραπέμπεσθαι
979 5557 993 5599 ς
1024 5539 1115 5592 Διὸ
1145 5540 1242 5608 τῆς
1266 5537 1520 5606 τοιαύτης
1560 5535 1819 5605 ἐπιϐολῆς
1849 5534 1949 5606 τὴν

381 5624 913 5697 προτεθεωρημένην
942 5626 1202 5696 ἐξήγησιν
1236 5624 1433 5696 μᾶλλον
1467 5623 1771 5694 ἐγκριτέον.
1800 5622 1949 5692 Αὕτη

381 5715 491 5785 γὰρ
540 5716 635 5769 καὶ
668 5710 750 5779 οἷς
802 5716 830 5768 6
855 5716 957 5785 τῆς
998 5715 1247 5786 καθαρᾶς
1283 5714 1440 5785 ἡμῶν
1488 5714 1583 5766 καὶ
1612 5712 1950 5782 ἀναιμάκτου

382 5808 575 5872 θυσίας
605 5810 763 5877 λόγος
805 5811 1091 5879 ἠγνόηται,
1129 5810 1275 5863 δοκεῖ
1314 5826 1430 5871 πως
1480 5807 1625 5879 ᾅδειν
1652 5807 1910 5877 ὁμόφωνα
1934 5824 1946 5838 '

383 5896 445 5963 ἐξ
462 5890 537 5952 ὧν
568 5900 657 5953 καὶ
688 5902 715 5951 6
743 5902 841 5969 τῆς
864 5900 1197 5964 ἀποστασίας
1239 5898 1523 5961 Ἰουλιανὸς
1558 5897 1697 5951 κατά
1735 5898 1829 5968 τῆς
1856 5898 1939 5950 εὑ-

2042 4533 2111 4586 de
2151 4531 2420 4587 fructibus
2452 4531 2782 4587 sacrificium
2816 4531 3053 4597 offerret,
3078 4547 3205 4587 cum
3235 4532 3326 4587 ille
3348 4533 3617 4599 laudetur,

2045 4625 2138 4694 qui
2167 4624 2423 4679 animalia
2450 4623 2618 4678 dedit.
2646 4623 2753 4678 Sed
2776 4623 3030 4693 deinceps
3051 4625 3213 4679 etiam
3239 4625 3291 4679 in
3320 4625 3455 4694 lege,
3483 4640 3621 4695 quo-

2047 4717 2208 4773 modo
2242 4715 2439 4778 simila,
2469 4715 2683 4777 aristae,
2732 4729 2901 4783 panes
2925 4716 3317 4785 propositionis
3359 4717 3425 4771 ad
3466 4717 3622 4771 obla-

2048 4806 2222 4861 tiones
2252 4804 2464 4860 divinas
2499 4804 3117 4873 deputabantur?Quod
3158 4806 3205 4859 si
3256 4824 3275 4857 ι
3313 4805 3469 4861 valde
3520 4806 3623 4860 ho-

2046 4913 2115 4951 na
2149 4916 2168 4949 ι
2203 4913 2312 4951 non
2360 4897 2557 4966 aliqua:
2586 4905 2794 4951 tantum
2826 4912 2913 4951 res
2952 4908 3167 4963 creatae,
3199 4899 3293 4953 sed
3324 4900 3620 4955 universim

2048 4988 2228 5041 omnia
2260 4987 2424 5041 verbo
2451 4986 2765 5042 Conditoris
2800 4988 3272 5050 commendantur,
3320 5004 3441 5059 qua:
3480 4990 3624 5045 ratio

2049 5077 2283 5133 suaserit
2339 5085 2397 5131 ut
2438 5076 2649 5132 fructus
2702 5091 2732 5131 e
2778 5086 2945 5144 terra,
2983 5094 3101 5146 quae
3137 5078 3385 5134 humanae
3414 5078 3623 5135 alitioni

2053 5178 2165 5222 tum
2209 5168 2636 5236 deputabantur,
2680 5168 3055 5224 inhonoranda
3103 5179 3197 5224 aut
3234 5170 3359 5225 vilia
3387 5170 3627 5241 despue-

2052 5259 2277 5313 rentur?
2310 5258 2579 5324 Quocirca
2610 5259 2844 5329 priorem
2882 5260 3027 5315 illam
3063 5263 3456 5330 expositionem
3499 5263 3622 5317 lon-

2052 5367 2114 5420 ge
2145 5351 2474 5419 prmtulerim
2519 5351 2621 5407 hac
2645 5352 2939 5420 adjectitia.
3001 5351 3133 5406 Nam
3170 5354 3296 5416 ista,
3340 5354 3406 5408 iis
3428 5355 3626 5423 quibus

2051 5444 2190 5497 ratio
2221 5444 2502 5514 ignoratur
2534 5444 2651 5510 puri
2688 5446 2858 5498 nostri
2883 5453 2937 5498 et
2967 5444 3085 5499 sine
3124 5446 3387 5515 sanguine
3414 5446 3624 5501 sacrifi-

2054 5536 2147 5598 cii,
2198 5536 2604 5604 qnodainmodo
2644 5536 2856 5591 videtur
2906 5536 3215 5592 consentire
3249 5555 3260 5590 :
3300 5538 3443 5592 unde
3486 5553 3621 5607 apo-

2054 5636 2195 5682 stata
2231 5624 2481 5680 Julianus
2513 5626 2601 5681 ille
2629 5634 2821 5680 contra
2847 5625 3163 5696 religionem
3199 5626 3465 5692 scribens,
3498 5643 3622 5681 cum

2054 5714 2217 5768 stulta
2251 5720 2305 5767 et
2345 5711 2571 5767 ridicula
2614 5710 2917 5781 proferret,
2969 5713 3253 5767 videbatur
3289 5721 3467 5769 tamen
3515 5730 3624 5769 non

2056 5802 2234 5869 inepte
2264 5814 2363 5855 nec
2400 5799 2636 5853 absurde
2667 5799 3007 5854 Christianos
3036 5800 3447 5870 reprehendere,
3480 5800 3626 5869 quod

2055 5906 2397 5963 nequaquam
2446 5890 2654 5946 Numen
2693 5890 3018 5947 animalibus
3068 5892 3225 5948 caesis
3271 5892 3621 5947 honorarent.
