4072 6440
317 412 429 475 653
1264 412 1362 470 AD
1400 412 1993 475 AMPHILOCHIUM
2027 417 2372 487 QUAESTIO
2406 421 2523 495 CX,
2562 423 2711 482 CXI.
3479 430 3584 495 654

316 524 411 575 τὸν
444 519 793 583 διδάσκαλον,
826 519 903 583 ὼς
931 518 1147 590 ἀληθῶς
1171 558 1184 581 .
1219 520 1266 572 οἱ
1301 520 1542 590 μαθηταὶ
1585 520 1897 575 ἐθεάσαντο·

2006 536 2120 580 tum
2173 528 2369 585 divinae
2428 529 2664 599 Spiritus
2722 536 2899 590 sancti
2958 537 3143 606 gratia:
3194 538 3584 610 elargitoreiu:

316 614 528 685 Κύριον
553 614 663 684 γὰρ
693 612 1177 681 καὶ,ὲξουσιαστὴν
1212 612 1303 663 τοῦ
1330 614 1553 675 παντὸς,
1586 614 1683 683 τῆς
1711 630 1768 666 τε
1803 614 1900 683 χά-

2003 619 2234 674 aliorum
2264 637 2485 691 quoque
2518 624 2790 679 bonorum
2823 641 3075 696 promum
3118 630 3357 685 condum
3390 650 3404 686 :
3438 635 3587 702 quod

321 724 472 776 ριτος
521 705 617 759 τοῦ
665 704 937 773 παναγίου
986 703 1305 774 Πνεύματος
1355 704 1613 774 χορηγὸν,
1665 705 1900 758 καὶτῶν

2004 711 2206 767 clarius
2238 728 2402 782 quam
2426 723 2585 770 antea
2613 719 3039 786 cognoscebant.
3068 719 3337 786 Quocirca
3364 725 3589 781 verissi-

321 799 499 853 ἄλλων
530 797 751 866 ἀγαθῶν
782 795 990 867 ταμίαν
1021 796 1143 849 τότε
1188 795 1387 865 μᾶλλον
1436 796 1469 865 ἢ
1520 798 1786 866 πρότερον
1821 797 1900 849 δι-

2003 817 2089 855 nic
2118 808 2201 867 {et
2225 804 2407 860 divine
2435 806 2573 861 dixit
2601 808 2875 874 Christus,
2902 820 3179 881 utcunque
3207 830 3265 869 se
3293 826 3590 885 praaosten-

323 890 657 959 δαχοέντες,
709 888 1072 958 κατενόησαν.
1117 886 1451 956 Παναληθῶς
1501 887 1609 958 ἄρα
1658 890 1751 940 xui
1790 888 1900 941 θεο-

2003 893 2164 947 debat
2191 893 2607 967 Hierosolymis,
2651 900 2798 969 quod
2828 901 3032 971 ipsum,
3064 918 3187 959 cum
3223 908 3503 964 venissent
3531 909 3593 963 in.

326 979 551 1049 πρεπῶς
582 978 685 1048 ἔφη
721 980 749 1029 ό
770 976 1029 1046 Χριστὸς,
1060 976 1165 1028 κᾶν
1195 977 1251 1028 ἐν
1279 974 1675 1046 Ἰεροσολύμοις
1707 976 1900 1030 ἑαυτὸν

2003 984 2303 1056 Galilaeam,
2335 989 2510 1045 visuri
2540 1001 2701 1047 erunt

327 1069 733 1140 προῦπέδειξεν,
793 1069 988 1137 ὅτιπερ
1036 1069 1085 1120 οἱ
1142 1066 1384 1138 μαθηταὶ
1447 1067 1546 1137 τὴν
1611 1067 1900 1121 Γαλιλαίαν

325 1160 746 1227 καταλαϐόντες,
771 1160 892 1213 ἐκεῖ
924 1161 1084 1213 αὑτὸν
1111 1159 1353 1229 ὄψονται.

860 1272 1192 1325 ΕΡΩΤΗΣΙΣ
1231 1276 1380 1327 PlA'.
2120 1270 2448 1338 QUIESTIO
2478 1272 2594 1329 CXI
2634 1273 2823 1347 [σοῖσι.
2860 1286 2908 1330 et
2942 1276 3107 1331 Taur.
3142 1276 3450 1351 CXXXI‘J].

464 1385 606 1434 Edita
652 1400 679 1443 ῃ
706 1386 1023 1446 Montacntio,
1059 1400 1141 1449 ep.
1169 1385 1261 1435 2H
1281 1424 1293 1445 ,
1318 1389 1385 1435 ad
1424 1388 1741 1451 Stephanum,
1779 1403 1829 1452 p.
1856 1388 2078 1440 διδ-σιτ.
2126 1390 2179 1439 In
2207 1378 2557 1454 psalfcxxxrv,
2592 1394 2669 1454 15,
2696 1401 2749 1443 et
2770 1397 2889 1457 psal.
2916 1410 3029 1456 ειν,
3053 1397 3100 1454 4,
3124 1396 3261 1456 juxta
3282 1394 3423 1444 LXX.

402 1506 421 1539 ι
443 1487 525 1540 Τὰ
555 1487 753 1541 εἴδωλα
775 1488 881 1541 τῶν
905 1488 1073 1555 ἐθνῶν
1101 1488 1367 1558 ἀργύριον
1395 1492 1491 1541 καὶ
1513 1489 1737 1559 χρυσίον
1766 1488 1900 1559 ἔργα

2090 1489 2264 1543 «ldola
2301 1492 2545 1560 gentium
2584 1499 2876 1563 argentum
2910 1499 2964 1545 et
3003 1507 3236 1556 aurum,
3268 1506 3431 1560 opera
3469 1507 3589 1545 nia-

318 1580 521 1651 χειρῶν
563 1578 887 1648 ἀνθρώπων.
928 1600 945 1631 ι
1001 1580 1067 1633 Τί
1114 1580 1171 1633 δὲ
1222 1580 1291 1633 τὰ
1359 1581 1610 1634 σπονδεῖα
1657 1580 1759 1649 τῆς
1796 1580 1900 1634 τῶν

2007 1597 2177 1635 nuum
2231 1582 2621 1637 humanarum.
2658 1602 2676 1634 ›
2709 1581 2851 1638 Vasa
2906 1582 3159 1637 libatoria
3220 1585 3273 1636 in
3326 1583 3589 1651 religione

318 1671 671 1742 Χριστιανῶν
704 1672 1021 1740 θρησκείας,
1055 1673 1147 1724 xui
1177 1674 1224 1725 οἱ
1252 1674 1546 1743 κρατῆρες,
1576 1673 1668 1724 xui
1696 1673 1751 1724 αἱ
1780 1672 1900 1724 θυῖ-

2005 1675 2318 1730 Cliristiana
2340 1716 2355 1741 ,
2392 1687 2671 1741 crateres,
2716 1676 3021 1742 thuribula,
3062 1676 3244 1731 crucis
3274 1676 3499 1746 efﬁgies,
3533 1686 3589 1731 et

320 1779 476 1825 σκαι,
518 1762 613 1813 xui
638 1762 688 1813 οί
715 1763 808 1814 τοῦ
843 1761 1077 1830 σταυροῦ
1108 1762 1269 1815 τύποι
1294 1764 1389 1815 καὶ
1423 1763 1593 1833 μυρία
1632 1763 1797 1830 ἄλλας
1826 1764 1900 1815 ἐῶ

2005 1778 2263 1823 sexcenta
2310 1769 2416 1823 alia
2455 1786 2468 1823 :
2511 1770 2871 1838 praetermitto
2906 1770 3052 1823 enim
3080 1768 3326 1839 symbola
3359 1767 3587 1823 Mosaici

317 1855 433 1925 γὰρ
467 1856 644 1907 είπεῖν
668 1854 767 1923 τῆς
806 1856 1108 1925 Μωσαῖκῆς
1142 1855 1333 1918 θυσίας
1362 1857 1430 1908 τά
1461 1855 1734 1926 σύμϐολα·
1777 1856 1900 1926 ούχὶ

2005 1860 2299 1927 sacriﬁcii;
2340 1876 2527 1916 nonne
2570 1872 2859 1932 argentum
2899 1869 3032 1916 sunt
3056 1870 3110 1915 et
3141 1876 3363 1925 aurum,
3412 1860 3583 1929 ligna,

318 1946 613 2017 ἀργύριον,
648 1947 743 1997 xui
768 1947 1012 2016 χρυσίον,
1043 1946 1135 1998 xui
1163 1946 1317 2011 ξύλα,
1348 1948 1439 1999 xui
1474 1948 1762 2017 χρώματα,
1805 1948 1900 2000 καὶ

2003 1940 2217 2006 colores
2240 1993 2254 2015 ,
2314 1967 2477 2022 opera
2513 1969 2771 2008 manuum
2810 1954 3173 2008 humanarum
3203 1954 3225 2008 ?
3258 1952 3374 2008 lmo
3417 1954 3582 2018 absit,

319 2037 459 2108 ἔργα
486 2036 688 2108 χειρῶν
733 2036 1071 2108 ἀνθρώπων;
1115 2037 1206 2107 Μὴ
1234 2037 1479 2107 γένοιτο·
1509 2038 1569 2091 ού
1598 2038 1706 2110 γὰρ
1731 2037 1903 2109 ἀργύ-

322 2125 443 2194 ριόν
500 2126 656 2188 εἰσιν,
705 2124 823 2177 ἀλλ’
871 2125 929 2191 ἐξ
974 2126 1260 2197 ἀργύρου·
1311 2127 1428 2180 οὐδὲ
1480 2128 1724 2198 χρυσίον,
1765 2129 1904 2182 ἀλλά

321 2215 528 2285 χρυσοῦ
576 2216 959 2287 πεποιημένα·
994 2218 1114 2271 οὐδὲ
1148 2218 1300 2283 ξύλα,
1354 2220 1386 2290 ἢ
1434 2220 1704 2291 χρώματα
1731 2261 1746 2287 ,
1786 2222 1901 2275 ἀλλ’

324 2306 464 2377 ’ύλην
498 2307 598 2377 μὲν
632 2307 743 2378 ἔχει
773 2307 967 2362 ταῦτα.
996 2309 1221 2379 Ἕτερον
1244 2310 1300 2362 δέ
1330 2310 1381 2362 τί
1408 2313 1557 2365 ἐστιν
1583 2313 1647 2367 ἐκ
1675 2313 1900 2379 τούτων,

324 2398 632 2470 θαυμάσιον
678 2396 790 2454 οἷον
838 2402 1353 2472 συντετελεσμένον·
1396 2405 1455 2457 οὑ
1492 2404 1594 2474 μὴν
1639 2406 1748 2459 οὐδ’
1786 2407 1902 2459 ἔστι

320 2490 525 2561 χειρῶν
551 2490 855 2559 ἀνθρώπων
880 2492 1184 2555 παιζόντων
1210 2494 1339 2565 περὶ
1356 2495 1455 2566 τὴν
1472 2494 1627 2566 ὓλην,
1658 2497 1824 2568 χωρίς
1843 2515 1903 2551 τε

320 2583 506 2651 πάσης
545 2582 829 2653 ἐνεργείας
862 2583 1013 2649 θείας
1047 2585 1107 2637 τὸ
1151 2587 1541 2657 παρεμπίπτον
1569 2589 1750 2642 αὐτῶν
1780 2592 1902 2653 ταῖς

316 2673 583 2738 διανοίαις
629 2676 1107 2730 ἀναπλαττόντων.
1154 2679 1253 2730 Διά
1288 2678 1467 2744 τοῦτο,
1511 2679 1580 2732 τὰ
1619 2682 1716 2751 μὲν
1752 2681 1903 2734 οὐδὲν

317 2769 510 2837 ἕτερόν
541 2770 658 2823 ἐστι
686 2770 829 2842 πλὴν
858 2772 995 2841 αὐτὴ
1032 2774 1064 2842 ἡ
1096 2771 1196 2843 ῦλη
1224 2773 1662 2845 περιυϐρισμένῃ
1688 2816 1702 2839 ,
1744 2776 1838 2829 xui
1875 2780 1904 2831 ὁ

317 2861 430 2913 τῶν
459 2863 819 2934 ἀνθρωπίνων
849 2866 1051 2937 χειρῶν
1083 2869 1488 2935 ἁνεπίσκεπτός
1537 2889 1597 2924 τε
1644 2873 1739 2925 xui
1772 2873 1889 2927 ἀλόο

319 2971 511 3023 γιστος
541 2956 826 3019 πόνος·τά
856 2959 913 3011 δὲ
977 2960 1316 3029 μορφάζεται
1368 2963 1465 3033 μὲν
1515 2965 1610 3017 ἐπὶ
1662 2968 1729 3035 τῇ
1777 2965 1900 3036 ὕλῃ,

320 3048 422 3100 xui
463 3049 564 3117 τὴν
610 3053 770 3120 χεῖρα
800 3051 1184 3123 ὑπηρετοῦσαν
1233 3053 1346 3123 ἔχει
1372 3095 1387 3119 ,
1427 3056 1543 3109 ἀλλ’
1573 3057 1782 3112 ἀνωθεν
1812 3074 1903 3110 κι-

320 3141 594 3212 νουμένην
615 3158 629 3172 ·
677 3144 1032 3214 ὑπηρετεῖται
1060 3145 1168 3216 γὰρ
1201 3149 1322 3209 ταῖς
1350 3146 1555 3201 ἄνωθεν
1591 3149 1903 3212 ἐπιπνοίαις

2001 2052 2286 2112 argentum
2329 2061 2434 2099 non
2465 2055 2612 2110 sunt,
2653 2047 2746 2101 sed
2775 2056 3052 2115 argentea,
3084 2061 3192 2101 non
3223 2062 3442 2112 aurum,
3478 2047 3576 2102 sed

2000 2146 2069 2183 ex
2141 2146 2276 2187 auro
2333 2132 2513 2197 facta,
2586 2149 2697 2187 non
2760 2133 2942 2205 ligna,
3006 2148 3116 2188 non
3174 2135 3426 2195 colores,
3487 2134 3587 2189 sed

2002 2224 2283 2278 materiem
2337 2223 2486 2278 illam
2538 2223 2761 2279 habent.
2837 2224 2999 2279 Aliud
3038 2236 3124 2280 est
3165 2225 3402 2291 existis,
3436 2225 3586 2295 quod

2000 2315 2280 2384 perﬁcitur
2324 2330 2464 2385 opus
2507 2317 2707 2371 mirum
2756 2334 2769 2369 :
2820 2332 2931 2370 non
2983 2325 3112 2371 sunt
3159 2332 3422 2392 manuum
3476 2318 3583 2372 hu-

2002 2421 2288 2460 manarum
2341 2407 2395 2461 in
2454 2407 2683 2462 materia
2734 2407 3035 2461 ludentium
3068 2448 3082 2472 ,
3149 2417 3204 2462 et
3249 2408 3371 2462 sine
3431 2408 3583 2461 omni

2003 2496 2322 2564 operatione
2374 2496 2559 2551 divina
2600 2496 2652 2551 id
2703 2497 2848 2565 quod
2900 2496 3288 2565 cogitationem
3355 2496 3587 2551 subierit

2002 2586 2411 2641 fabricantium.
2433 2587 2724 2653 ~Quocirca
2772 2587 2863 2641 illa
2895 2588 3032 2641 nihil
3062 2588 3209 2642 aliud
3234 2596 3383 2643 sunt.
3416 2603 3583 2657 quam

2002 2678 2226 2733 materia
2269 2680 2665 2734 contumeliose
2700 2688 2950 2744 tractata,
2994 2688 3048 2732 et
3083 2694 3342 2731 manuum
3396 2678 3585 2732 buma-

2004 2787 2195 2826 narum
2219 2771 2373 2826 labor
2394 2771 2514 2826 sine
2542 2771 2751 2825 ratione
2768 2780 2821 2825 et
2849 2770 3287 2825 consideratione
3312 2769 3421 2824 ulla
3442 2788 3457 2825 :
3479 2770 3585 2824 ista

2003 2875 2185 2919 autem
2217 2864 2501 2919 eﬂ‘ormata
2532 2864 2587 2917 in
2613 2863 2863 2928 materia,
2896 2869 2954 2916 et
2975 2876 3173 2916 manus
3203 2860 3407 2915 habent
3445 2860 3583 2914 sub-

2003 2957 2403 3019 ministrantes,
2442 2955 2539 3010 scd
2572 2965 2749 3009 motas
2789 2969 2819 3007 a
2853 2952 2998 3008 ccelo
3034 2971 3047 3006 :
3082 2967 3207 3006 nam
3244 2951 3588 3007 subscrvitur

2004 3048 2317 3103 caelestibus
2336 3046 2810 3116 inspirationihus,
2834 3053 2888 3099 et
2910 3044 3106 3097 rationi
3133 3043 3406 3112 prudenti,
3424 3052 3479 3097 et
3492 3042 3586 3111 ju-

2003 3141 2204 3195 dicium
2221 3141 2438 3210 pietatis
2454 3136 3174 3209 pron10ventibus.Attende,
3192 3134 3577 3197 lconomache,

322 3231 423 3284 xui
446 3231 726 3301 λογισμοῖς
765 3234 1022 3306 ἕμφροσι.
1055 3238 1152 3292 xui
1185 3237 1323 3308 πρὸς
1348 3239 1447 3309 τὴν
1482 3240 1681 3311 εὐσεϐῆ
1722 3241 1900 3311 κρίσιν

2006 3247 2107 3288 nec
2151 3233 2394 3287 ediscere
2444 3241 2495 3285 te
2539 3229 2742 3300 pudeat
2780 3230 2869 3283 illa
2914 3244 3010 3299 per
3039 3244 3159 3298 qua:
3198 3228 3519 3283 liberaberis
3553 3242 3585 3280 a

319 3325 673 3395 ἀνηγμένοις.
717 3327 995 3399 Προσύχες
1049 3339 1100 3395 P,
1134 3330 1497 3401 Εἰκονομάχε,
1542 3332 1635 3385 xui
1682 3332 1757 3402 μὴ
1802 3334 1906 3386 ἐπ-

316 3416 621 3489 αισχυνθῇς
675 3419 892 3489 μαθεῖν,
943 3422 1011 3474 δι’
1063 3414 1139 3476 ὧν
1186 3423 1452 3494 αἰσχύνης
1512 3425 1749 3495 φρικτῆς
1799 3426 1906 3479 ἀπο

315 3510 560 3583 αλλάττῃ
580 3520 629 3575 εἰ,
678 3512 771 3564 xui
833 3512 990 3583 δίκην
1036 3514 1278 3581 ἄφυκτον
1325 3518 1516 3583 φυγεῖν
1562 3517 1900 3587 ἐξευρήσεις.

319 3601 534 3671 Ὥσπερ
578 3601 635 3654 δὲ
672 3603 739 3655 τὰ
780 3603 1028 3676 ἡμέτερα
1074 3605 1327 3659 σπονδεῖα
1379 3607 1471 3659 xui
1508 3607 1558 3659 οἱ
1606 3610 1901 3678 κρατῆρες,

316 3690 419 3744 xui
459 3693 516 3743 ui
560 3692 805 3757 θυῖσκαι,
850 3695 946 3747 xui
979 3696 1028 3747 oi
1064 3695 1158 3748 τοῦ
1192 3696 1430 3767 σταυροῦ
1479 3697 1662 3759 τύποι,
1709 3700 1804 3750 xui
1835 3698 1903 3751 τὰ

316 3783 705 3852 παραπλήσια,
736 3786 797 3837 ού
832 3786 1051 3855 χρυσὸς,
1102 3788 1203 3840 οὐκ
1250 3789 1513 3857 ἄργυρος,
1554 3788 1674 3842 οὐδὲ
1704 3788 1900 3855 ξύλων,

320 3873 353 3940 ἢ
382 3874 690 3942 χρωμάτων
725 3872 847 3945 ὕλη,
881 3875 990 3927 οὐδ’
1026 3874 1164 3946 ἔργα
1194 3876 1396 3946 χειρῶν
1431 3876 1737 3947 ἀνθρώπων
1758 3893 1773 3909 ·
1808 3878 1903 3931 οῦ-

318 3979 429 4026 τως
457 3963 575 4017 οὐδὲ
608 3964 679 4017 τὰ
707 3965 828 4035 ἱερά
859 3966 1015 4037 ἡμῶν
1062 3966 1171 4019 τῶν
1221 3966 1622 4036 εἰκονισμάτων
1649 3967 1901 4021 ἐκτυπώ-

322 4071 489 4124 ματα,
520 4056 619 4109 οὐκ
658 4056 806 4111 ἐστιν
834 4058 1119 4129 ἀργύριον,
1153 4057 1274 4112 οὐδὲ
1302 4059 1546 4129 χρυσίον,
1602 4060 1725 4112 οὐδὲ
1767 4060 1900 4130 χαλ-

319 4149 439 4210 κὸς,
461 4148 523 4200 ού
554 4147 659 4218 μὴν
681 4148 802 4202 ούδέ
827 4150 1095 4220 χρώματα
1119 4150 1229 4203 οὐδ’
1255 4150 1393 4220 ἔργα
1425 4150 1578 4221 (μήτι
1608 4152 1836 4221 γένηται
1857 4153 1897 4221 ι)

320 4238 522 4309 χειρῶν
557 4240 937 4310 ἀνθρωπίνων.
964 4242 1074 4311 Τῆς
1100 4241 1212 4312 γὰρ
1241 4241 1506 4295 ἀνέκαθεν
1532 4242 1899 4313 ἀποστολικῆς

318 4346 377 4382 τε
409 4329 505 4383 xui
549 4332 826 4401 πατρικῆς
872 4332 1227 4402 παραδόσεως
1253 4370 1269 4396 ,
1320 4331 1381 4385 τὸ
1412 4331 1556 4385 θεῖον
1601 4332 1696 4387 καὶ
1748 4333 1901 4386 ἀδιά-

318 4438 533 4475 πτωτον
562 4423 847 4494 κήρυγμα,
881 4420 991 4476 οἷόν
1025 4442 1108 4487 τις
1133 4424 1375 4493 ἔμπνους
1407 4424 1600 4493 σοφία,
1629 4425 1728 4496 τὴν
1768 4424 1901 4497 ὓλην

319 4513 805 4584 ἀπολαμϐάνουσα,
840 4518 933 4571 xui
977 4520 1120 4573 κατὰ
1160 4519 1289 4583 τοὺς
1340 4519 1504 4583 ἰδίους
1560 4520 1657 4574 καὶ
1721 4521 1902 4591 ἱεροὺς

318 4609 559 4679 θεσμοὺς
588 4611 935 4682 ἐργαζομένη
961 4653 979 4678 ,
1013 4612 1218 4681 ταύτην
1252 4611 1348 4666 xui
1380 4612 1785 4683 τεχνιτεύουσα,
1824 4614 1900 4665 εἰ·

317 4701 529 4765 κονὶζει
570 4719 630 4754 τε
670 4704 765 4756 xui
811 4706 1136 4774 μορφοποιεῖ
1184 4704 1338 4757 οὐδὲν
1384 4704 1485 4774 τῆς
1526 4703 1719 4775 ὑλικῆς
1764 4704 1897 4757 ἀκο-

318 4789 522 4859 σμίας,
561 4792 594 4862 ἢ
641 4794 739 4862 τῆς
770 4792 1120 4862 ἀνθρωπίνης
1167 4792 1556 4863 περιεργείας,
1604 4793 1660 4843 ἐν
1711 4792 1897 4856 αὐτοῖς

314 4882 465 4936 ἐῶσα
520 4883 1034 4955 παρρησιάζεσθαι·
1083 4883 1205 4939 ὅλον
1258 4884 1314 4939 δὲ
1372 4883 1432 4937 τὸ
1484 4883 1645 4954 ἔργον
1693 4883 1896 4953 ἑαυτῆς

2006 3324 2214 3395 pudore
2248 3324 2511 3386 terribili,
2549 3334 2604 3377 et
2652 3322 2794 3375 unde
2824 3321 3087 3376 rationem
3121 3319 3285 3373 inibis
3314 3319 3584 3387 judicium

2006 3416 2315 3473 inevitabile
2343 3413 2655 3471 declinandi
2685 3430 2699 3468 :
2729 3412 2897 3467 veluti
2932 3428 3058 3466 cum
3090 3410 3343 3465 lihatoria
3370 3419 3581 3475 nostra,

2006 3513 2227 3576 calices,
2261 3520 2315 3567 et
2349 3510 2649 3571 thuribula,
2680 3507 2860 3563 crucis
2895 3506 3101 3575 ﬁgurae,
3132 3521 3195 3559 ac
3221 3505 3445 3569 similia,
3474 3520 3586 3559 non

2005 3613 2134 3659 sunt
2175 3618 2405 3665 aurum,
2456 3616 2566 3656 non
2607 3608 2930 3670 argentum,
2976 3612 3082 3651 non
3126 3596 3396 3665 lignorum
3422 3635 3437 3659 ,
3472 3609 3587 3647 non

2005 3697 2249 3752 colorum
2283 3693 2575 3758 materies,
2616 3706 2798 3761 neque
2822 3704 2987 3759 Opera
3023 3703 3282 3742 manuum
3317 3687 3589 3740 humana-

2005 3803 2125 3841 rum
2162 3802 2176 3839 :
2210 3785 2282 3839 ita
2318 3791 2545 3839 sacratae
2583 3782 2883 3852 imaginum
2931 3778 3438 3849 repraesentationes
3468 3792 3581 3831 non

2006 3886 2138 3933 sunt
2160 3891 2381 3940 aurum,
2415 3882 2724 3944 argentum,
2759 3888 2855 3936 aes,
2880 3873 3115 3936 colores,
3148 3885 3255 3925 non
3283 3883 3450 3939 opera
3472 3884 3590 3924 ma-

2004 3986 2174 4024 nuum
2219 3968 2386 4039 (Deus
2413 3966 2644 4022 meliora
2669 3965 2706 4035 i)
2738 3966 3124 4019 humanarum.
3153 3961 3474 4017 Praedicatio
3505 3961 3589 4015 di-

2002 4060 2127 4113 vina
2182 4066 2237 4112 et
2280 4057 2550 4111 invariata
2611 4054 2925 4109 traditionis
2970 4053 3039 4106 ab
3079 4052 3234 4105 initio
3277 4050 3589 4120 apostolica:

2002 4160 2056 4206 et
2083 4148 2325 4220 patritae,
2383 4156 2639 4215 tanquam
2681 4145 2858 4199 vivida
2888 4143 3134 4212 quaedam
3180 4140 3587 4211 sapientiafma-

2004 4242 2193 4297 teriem
2226 4238 2623 4309 apprehensam
2647 4236 2802 4305 juxta
2835 4233 3085 4304 proprias
3116 4241 3171 4287 et
3202 4231 3417 4286 divinas
3441 4230 3586 4301 leges

2004 4342 2245 4404 Operata,
2282 4340 2334 4386 et
2361 4330 2653 4385 artiﬁciose
2694 4337 2954 4390 tractans,
2994 4325 3227 4379 formam
3264 4332 3318 4379 et
3351 4324 3587 4395 ﬁguram

2004 4424 2256 4496 imaginis
2294 4424 2351 4477 in
2378 4437 2499 4477 eam
2528 4420 2760 4485 inducit,
2797 4418 2931 4473 nihil
2970 4417 3131 4488 plane
3172 4416 3255 4472 vel
3298 4416 3585 4472 deordina-

2007 4518 2172 4573 tionis
2207 4514 2528 4579 materialis,
2558 4514 2641 4568 vel
2669 4513 2926 4567 humanae
2960 4510 3299 4566 curiositatis
3334 4509 3408 4564 ibi
3456 4523 3582 4575 per-

2006 4611 2229 4665 mittens
2259 4608 2426 4665 lihere
2452 4615 2710 4672 exstare;
2737 4604 2831 4659 sed
2866 4618 3006 4673 opus
3044 4617 3207 4658 suum
3261 4601 3489 4655 omnino
3525 4607 3581 4653 et

2006 4704 2059 4757 in
2090 4701 2324 4759 solidum
2364 4707 2687 4761 ostentans,
2733 4711 2903 4767 puras
2935 4704 2990 4750 et
3047 4691 3418 4764 impermistas
3455 4706 3583 4759 pro-

2007 4802 2317 4865 totyporum
2346 4789 2876 4861 repraesentationes,
2908 4797 2965 4841 ut
2994 4786 3073 4841 rei
3103 4800 3279 4840 sacra:
3330 4783 3584 4838 convenit

2003 4894 2059 4943 et
2092 4891 2321 4938 sacrata:
2358 4880 2536 4943 fama},
2569 4878 2810 4935 exhibet.

314 4974 576 5028 δεικνῦσα
621 4978 719 5030 xui
753 4976 1133 5045 ἀποφαίνουσα
1178 4974 1428 5044 καθαρὰς
1471 4976 1604 5045 ἡμῖν
1634 4974 1731 5028 xui
1776 4975 2108 5045 ἀκιϐλδήλους
2136 4974 2327 5037 ἐντοῖς
2360 4972 2574 5034 σεπτοῖς
2625 4969 2969 5040 εἰκονίσμασι
3029 4969 3127 5030 τὰς
3191 4966 3299 5019 τῶν
3364 4980 3580 5035 πρῶτος

316 5066 508 5119 τύπων
541 5068 809 5138 ἐμφάσεις
846 5068 1189 5138 ἱεροπρεπῶς
1216 5085 1275 5121 τε
1302 5068 1395 5120 xui
1426 5066 1729 5138 ἱεροτύπως
1751 5066 2072 5139 παρέχεται.

395 5158 584 5226 Ἔχεις
637 5154 755 5223 οὖν,
797 5158 874 5221 ὡς
928 5160 987 5211 ἐν
1041 5158 1321 5229 βραχέσιν,
1369 5156 1545 5227 οἶμαι,
1596 5155 1663 5209 δι’
1719 5149 1794 5210 ὧν
1842 5171 1902 5207 τε

2070 5157 2146 5211 lta
2181 5156 2385 5220 babes,
2418 5154 2615 5225 opinor
2636 5194 2652 5218 ,
2685 5151 2833 5207 unde
2861 5150 3075 5207 fructus
3104 5146 3325 5218 pictatis
3357 5155 3579 5201 tuorum

321 5250 518 5302 σαυτὸν
565 5249 665 5319 τὴν
723 5252 1058 5321 προγονικὴν
1109 5250 1396 5303 εὐσέϐειαν
1443 5246 1900 5320 καρποφοροῦντα

2003 5244 2408 5315 progenitorum
2453 5242 2737 5311 percipere
2777 5240 3023 5295 declares
3049 5280 3067 5304 ,
3110 5250 3163 5291 et
3198 5237 3579 5293 haereticorum

324 5338 530 5407 μᾶλλον
570 5340 880 5407 ἐπιδείξεις,
918 5342 1014 5396 xui
1043 5341 1172 5405 τοὺς
1206 5341 1584 5411 αίρετίζοντας
1614 5338 1903 5407 ἐπιστομί-

319 5446 458 5493 σεις.
500 5429 591 5501 Τῷ
624 5433 723 5502 μὲν
773 5433 884 5505 γὰρ
932 5435 1033 5504 τῆς
1071 5433 1205 5504 ῦλης
1252 5434 1394 5503 λόγῳ
1434 5433 1526 5487 xui
1560 5431 1640 5502 τῷ
1684 5432 1904 5484 ὑποκει-

317 5522 489 5594 μένῳ,
520 5524 712 5596 ῶσπερ
737 5526 989 5598 τράπεζα
1011 5526 1169 5591 Θεοῦ,
1190 5528 1284 5580 xui
1308 5525 1556 5596 τράπεζα
1583 5524 1897 5594 δαιμονίων,

2000 5352 2097 5390 ora
2128 5336 2348 5389 obtures
2370 5375 2385 5399 ,
2423 5332 2662 5387 breviter
2693 5345 2973 5401 expressa.
3018 5326 3153 5381 Nam
3188 5369 3203 5392 ,
3237 5328 3381 5397 quod
3411 5335 3584 5381 mate-

2001 5429 2189 5483 rialem
2220 5426 2491 5482 rationem
2535 5432 2765 5495 spectat,
2801 5436 2986 5477 mensa
3014 5420 3131 5481 Dei,
3157 5428 3210 5474 et
3251 5434 3438 5473 mensa
3472 5418 3583 5472 daa-

2004 5532 2252 5584 monum,
2290 5515 2623 5571 sacriﬁcium
2657 5512 2925 5575 divinum,
2959 5517 3019 5565 et
3041 5509 3371 5564 diabolicum
3399 5506 3573 5563 sacri-

1623 5693 1853 5749 VAlihE
1882 5688 2281 5747 LECTIONES.

356 5845 387 5891 Ρ
416 5835 479 5892 C.
529 5836 600 5897 Μ.
652 5839 910 5910 πρόσχες.
990 5838 1094 5893 τις.
1132 5835 1198 5891 Μ.
1238 5834 1539 5903 sumam.
