4072 6432
583 374 692 439 655

1742 376 2001 439 PHUTII
2047 372 2553 434 PATRIARCHJZ
2585 371 2693 430 CP.

3751 372 3851 434 656

585 484 799 550 ﬁcium,
829 500 1170 555 paganorum
1205 486 1359 555 orgia
1382 526 1399 553 ,
1439 495 1491 539 et
1520 488 1875 557 mystagogia:
1898 485 2150 540 Christia-

2264 479 2424 533 θυσία
2476 497 2535 532 τε
2586 477 2728 543 θεία,
2791 478 2886 531 καὶ
2935 477 3093 532 θυσία
3159 477 3522 547 δαιμονώδης,
3572 478 3747 549 ὄργιά
3791 498 3849 533 τε

581 588 802 645 norum,
838 584 891 628 et
920 574 1085 628 multa
1112 574 1238 641 alia,
1274 590 1397 643 qua).
1425 588 1517 642 per
1545 590 1793 629 summos
1814 574 2017 643 gradus
2046 574 2161 629 dis-

580 675 881 735 parantur,
922 680 1033 719 non
1071 681 1268 736 magna
1305 676 1490 723 tamen
1531 674 1782 721 constant
1808 665 2111 720 diﬂ’erentia
2144 687 2157 720 :

579 771 683 811 usu
712 770 777 810 ac
806 755 997 819 titulo,
1028 757 1446 811 consecratione
1466 798 1481 823 ,
1514 771 1579 811 ac
1604 756 1834 827 mystica
1859 754 2158 824 participa—

576 851 729 903 tione
753 888 768 913 ,
794 858 849 903 et
880 848 934 902 in
976 847 1165 904 multis
1216 848 1340 903 aliis
1364 889 1379 914 ,
1435 846 1815 917 inexplicabile
1858 846 2158 901 discrimen

576 940 845 1001 obtinent.
882 940 966 995 Ad
1003 939 1149 994 hunc
1182 940 1401 995 modum
1437 939 1579 995 idola
1620 938 1883 1009 gentium,
1913 950 1965 991 et
1991 936 2160 991 Chri-

575 1032 888 1086 stianorum
938 1032 1239 1101 imagines,
1293 1032 1552 1099 templum
1598 1030 1731 1095 Dei,
1778 1038 1834 1085 et
1878 1028 2154 1084 idolorum

575 1140 707 1189 arte,
744 1125 957 1182 nidoris
989 1124 1290 1180 Graecanici
1339 1125 1589 1195 liturgica
1644 1138 1812 1189 vasa,
1873 1137 1938 1177 ac
1980 1120 2156 1175 nostri

574 1218 833 1278 sacriﬁcii
884 1218 1005 1287 puri
1049 1218 1197 1275 illius
1240 1224 1295 1272 et
1339 1218 1459 1273 sine
1499 1214 1768 1287 sanguine
1805 1223 2016 1271 sacrata
2067 1227 2157 1267 re-

572 1310 851 1377 ceptacula
886 1326 900 1361 :
935 1310 1049 1364 haec
1095 1319 1343 1379 utraque,
1376 1324 1497 1379 qua:
1522 1308 1605 1364 sic
1633 1308 1689 1361 in
1728 1306 2039 1377 oppositum
2071 1319 2157 1359 se-

571 1410 875 1455 cernuntur
903 1438 919 1463 ,
960 1400 1244 1455 materiem
1297 1400 1498 1454 habent
1540 1398 1839 1469 aliquando
1884 1396 2154 1462 eamdem,

572 1508 639 1548 ac
669 1494 723 1546 in
749 1492 900 1553 nullo
940 1492 1345 1561 discrepantem
1389 1511 1402 1547 :
1453 1500 1511 1547 at
1539 1491 1844 1547 secundum
1876 1490 2153 1555 Iormalia,

571 1590 631 1641 et
664 1581 901 1651 speciem
958 1582 1271 1637 inducentia
1298 1625 1313 1651 ,
1370 1591 1466 1637 aut
1508 1582 1843 1638 alteritatem
1892 1581 2154 1636 inducere

570 1674 847 1737 valentia,
880 1674 1282 1743 inexplicabilis
1329 1675 1557 1731 resultat
1618 1689 1719 1729 nec
1760 1672 1943 1728 verbis
1971 1671 2155 1742 expri-

569 1766 767 1820 menda
798 1765 1128 1821 diﬂ‘erentia.
1166 1766 1507 1838 Quapropter
1549 1766 1777 1822 materia
1822 1766 2047 1821 minime
2095 1765 2151 1819 in

2262 571 2452 635 ἐθνῶν,
2487 572 2581 624 καὶ
2610 570 2955 643 Χριστιανῶν
2990 569 3372 639 μυσταγωγίαι
3406 611 3421 633 ,
3453 571 3550 623 καὶ
3582 571 3759 623 πολλὰ
3794 573 3847 625 δὲ

2262 662 2399 717 ἀλλα
2426 662 2537 716 τῶν
2569 664 2650 726 εἰς
2676 661 2738 715 τὸ
2764 663 3067 732 ἀκρότατον
3096 662 3513 731 ἀντικειμένων.
3554 664 3695 733 παρ’
3737 662 3845 715 όλί-

2261 772 2359 823 γον
2404 754 2591 825 έχουσι
2637 754 2699 807 τὸ
2748 753 3241 825 παρηλλαγμένον·
3276 755 3473 825 χρήσει
3503 754 3564 807 δὲ
3596 754 3695 807 καὶ
3723 756 3843 826 κλή-

2264 868 2366 917 σει,
2408 848 2753 920 ὲπιθειασμῷ
2785 866 2845 903 τε
2891 850 2983 902 καὶ
3023 848 3405 921 τελεσιουργία
3430 888 3446 914 ,
3483 851 3582 903 καὶ
3632 850 3846 921 μυρίοις

2259 942 2441 1005 ἀλλοις
2469 941 2679 1011 ἄφατον
2701 938 2886 993 αὐτῶν
2914 940 3155 1010 ὑπάρχει
3185 940 3245 993 τὸ
3268 940 3657 1011 διωρισμένον.
3697 941 3845 994 Οὕτω

2257 1030 2345 1101 δὴ,
2372 1031 2517 1085 οὕτω
2545 1032 2641 1085 καὶ
2668 1030 2862 1085 εἴδωλα
2892 1030 3087 1093 ἐθνῶν,
3121 1032 3215 1084 καὶ
3245 1031 3594 1103 Χριστιανῶν
3619 1033 3842 1097 εἰκόνες,

2256 1123 2386 1186 ναός
2416 1140 2475 1176 τε
2499 1122 2661 1189 θεοῦ,
2691 1125 2786 1176 καὶ
2820 1122 3007 1194 βωμὸς
3045 1122 3305 1190 εἰδώλων,
3352 1125 3447 1177 καὶ
3474 1124 3538 1193 δὴ
3578 1126 3679 1177 καὶ
3708 1126 3844 1178 κνίσ⁸

2260 1231 2362 1286 σης
2400 1214 2717 1286 Ἑλληνικοῦ
2740 1224 2761 1252 ι’
2810 1214 3161 1286 λειτουργικὰ
3202 1215 3397 1287 σκεύη,
3431 1215 3528 1268 καὶ
3551 1216 3658 1286 τῆς
3688 1217 3843 1269 καθα-

2256 1307 2358 1375 ρᾶς
2403 1306 2499 1359 καὶ
2564 1306 2911 1377 ἀναιμάκτου
2953 1306 3147 1371 θυσίας
3188 1307 3351 1377 ἡμῶν
3394 1309 3725 1379 ἰερουργικά
3765 1309 3842 1363 δο-

2255 1401 2378 1469 χεῑα
2398 1412 2413 1428 ο
2451 1397 2547 1451 καὶ
2578 1398 2690 1468 γὰρ
2720 1399 2814 1452 καὶ
2838 1397 3047 1453 τούτων
3072 1398 3337 1469 ἑκάτερον
3360 1399 3472 1453 τῶν
3502 1402 3585 1465 εἰς
3642 1402 3841 1455 ἀντίθε-

2253 1506 2349 1542 τον
2374 1488 2691 1559 συστοιχίαν
2721 1490 3241 1561 ἀποκεκρινομένων
3261 1502 3282 1529 ι
3317 1490 3453 1561 ὓλην
3482 1492 3587 1561 μὲν
3612 1492 3837 1562 ἔχουσιν,

2254 1580 2409 1632 ἔστιν
2438 1580 2529 1633 ὅτε
2564 1579 2811 1650 μηδόλως
2852 1582 3086 1651 ἔχουσαν
3117 1582 3181 1635 τὸ
3223 1582 3661 1653 διηλλαγμένον·
3713 1588 3839 1638 κατά

2257 1672 2442 1740 μέντοι
2487 1671 2559 1724 τὰ
2616 1671 2969 1742 μορφοῦντα,
3007 1672 3100 1725 καὶ
3162 1672 3577 1738 εἰδοποιοῦντα,
3624 1676 3717 1728 καὶ
3753 1676 3839 1743 τὴν

2255 1764 2550 1833 ἑτερότητα
2578 1762 2909 1833 ἐργάζεσθαι
2939 1764 3242 1832 πεφυκότα,
3270 1765 3499 1835 ἄπειρος
3524 1768 3735 1837 δρᾶται
3757 1768 3838 1821 καὶ

570 1856 853 1911 meliorem
894 1866 1092 1911 statum
1129 1867 1359 1922 mutata,
1402 1858 1534 1928 quin
1560 1857 1743 1929 potius
1770 1856 1989 1911 abunde
2020 1871 2145 1927 par~

2251 1852 2390 1923 λόγῳ
2439 1854 2595 1924 μόλις
2622 1854 2762 1925 ῥητὴ
2790 1855 2821 1925 ἡ
2852 1855 2910 1907 ὲν
2949 1856 3133 1918 αὐτοῖς
3162 1855 3532 1927 ἀλλοτριότης.
3598 1860 3679 1909 Δι’
3709 1856 3735 1909 ὂ
3772 1858 3829 1910 τά

569 1947 826 2017 ticipans,
875 1963 983 2005 non
1033 1948 1311 2004 immerito
1360 1950 1593 2020 lignum,
1650 1949 1879 2020 lapides,
1932 1964 2149 2013 aurum,

570 2052 851 2110 argentum
878 2082 892 2105 ,
923 2056 1028 2110 tes,
1062 2057 1227 2112 opera
1254 2058 1518 2098 manuum
1556 2043 1921 2096 humanarum
1956 2040 2145 2110 appel-

569 2131 770 2195 lantur,
794 2139 847 2186 et
869 2130 1093 2202 profana
1119 2141 1268 2198 sunt,
1293 2133 1483 2203 impia,
1510 2132 1748 2201 impura,
1788 2130 1988 2202 partim
2024 2145 2154 2201 pro-

567 2233 690 2305 pter
704 2224 1215 2294 matericm,partim
1240 2236 1462 2296 prapter
1479 2226 1765 2290 artiﬁcem,
1783 2224 1979 2294 partim
1999 2224 2069 2279 ab
2086 2224 2152 2279 iis

566 2316 766 2385 quibus
798 2317 962 2387 impie
994 2328 1048 2371 et
1070 2318 1334 2373 scelerate
1378 2318 1734 2374 ascribuntur
1753 2317 2152 2372 denominatio-

566 2424 688 2464 nem
714 2410 930 2465 sortita.
951 2408 1103 2467 Hanc
1126 2410 1196 2466 ob
1212 2426 1458 2475 causam,
1477 2411 1605 2466 licet
1624 2425 1687 2465 os
1714 2410 1972 2476 habeant,
1998 2418 2151 2465 muta

564 2500 855 2568 dicuntur;
888 2501 1017 2557 licet
1049 2502 1217 2573 pedes
1237 2512 1291 2557 et
1311 2518 1531 2567 manus,
1566 2517 1671 2557 non
1696 2504 1901 2558 moveri
1920 2511 2141 2557 tamen:

562 2592 693 2649 licet
711 2609 892 2657 aures.
912 2608 1102 2661 nasos,
1135 2602 1317 2649 tamen
1348 2595 1466 2651 sine
1484 2610 1669 2661 sensu,
1692 2593 1809 2650 sine
1824 2595 2041 2650 actione
2060 2595 2149 2649 in-

566 2683 691 2749 ania
708 2698 830 2739 esse
846 2683 1378 2750 dicuntur.Quorum
1394 2686 1540 2741 enim
1556 2686 1871 2757 archetypa,
1885 2687 1970 2742 vel
1988 2687 2148 2754 nihil,

564 2775 654 2833 vel
678 2776 904 2840 misera,
941 2778 1026 2833 vel
1058 2778 1321 2849 sacrilega
1359 2788 1507 2845 sunt,
1545 2794 1738 2834 eorum
1769 2778 1964 2835 artifex
2004 2779 2151 2835 inter

565 2868 770 2938 impios
811 2870 985 2939 magis
1018 2870 1187 2925 miser
1217 2879 1300 2925 est
1325 2910 1338 2933 ,
1394 2879 1449 2925 et
1496 2872 1680 2926 cultus
1730 2870 2006 2927 exhibitus
2040 2870 2150 2925 Deo

563 2961 742 3031 magis
795 2976 1036 3030 exosus;
1074 2963 1225 3019 hisce
1282 2963 1433 3019 nullo
1478 2965 1639 3019 modo
1690 2973 1869 3036 potest
1900 2964 2149 3035 adaptari

564 3053 754 3124 gratia;
777 3063 832 3109 et
864 3054 1051 3124 gloriae
1095 3055 1394 3127 quidquam
1438 3057 1807 3128 operationis,
1841 3066 1937 3113 aut
1980 3058 2151 3114 hone-

563 3146 703 3205 Stior
732 3146 1043 3218 appellatio.
1101 3147 1172 3205 At
1205 3147 1647 3205 Christianorum
1686 3165 1843 3206 sacra
1895 3158 1951 3206 et
1980 3164 2145 3206 vene-
2173 3180 2215 3238 ο

563 3237 759 3294 rabilia
792 3256 922 3295 vasa
956 3240 1373 3296 sacramentalia
1402 3282 1418 3307 ,
1450 3242 1684 3312 templa,
1732 3242 1999 3315 imagines
2025 3282 2041 3306 ,
2090 3251 2147 3297 et

561 3329 669 3395 alia
728 3330 948 3400 pietatis
1006 3332 1301 3402 cultusque
1349 3333 1528 3404 signa,
1574 3340 1857 3404 utcunque
1894 3334 2143 3389 eamdem

562 3422 851 3478 materiem
882 3422 1210 3487 sortiantur,
1242 3424 1296 3479 in
1332 3425 1530 3481 melius
1555 3433 1736 3480 tamen
1764 3424 1936 3479 multo
1965 3433 2149 3481 trans-

560 3509 913 3576 formamur;
955 3527 1083 3579 usu,
1115 3511 1361 3576 nomine,
1409 3514 1747 3583 mystagogia
1784 3522 1840 3567 et
1863 3513 2147 3584 exempla-

560 3601 709 3657 rium
733 3602 1040 3667 divinitate,
1067 3616 1305 3672 quorum
1334 3618 1431 3672 per
1454 3603 1802 3659 characteres
1825 3604 2148 3673 exprimun-

562 3701 677 3759 tur,
706 3702 761 3747 et
789 3692 1516 3762 sanctiﬁcatazseparataque
1565 3694 1940 3760 perﬁciuntur.
1994 3692 2147 3750 Hanc

562 3784 635 3847 ob
663 3800 888 3839 causam
925 3784 1070 3839 haud
1112 3786 1339 3840 ulterius
1373 3785 1603 3857 lignum,
1644 3786 1804 3856 lapis,
1835 3796 2144 3858 argentum,

561 3891 796 3939 aurum,
838 3892 948 3932 non
992 3878 1155 3931 modo
1184 3877 1395 3932 colores
1442 3887 1710 3948 potestate
1749 3888 1803 3934 et
1837 3881 2007 3949 gratia
2054 3894 2147 3935 as-

563 3968 794 4024 sistente
821 3977 876 4023 et
905 3968 1260 4035 speciﬁcante
1287 3969 1535 4025 destituti
1563 3972 1802 4041 reputari
1828 3971 2031 4027 debent
2060 3973 2145 4028 vel

562 4058 837 4115 nominari
873 4077 885 4114 :
916 4069 1106 4115 sancta
1145 4061 1350 4130 potius,
1377 4062 1719 4130 honoranda,
1753 4064 2018 4135 gloriosa,
2054 4079 2147 4120 ve-

560 4151 849 4208 nerabilia.
880 4151 1015 4209 Cum
1057 4153 1203 4212 enim
1250 4155 1578 4226 participent
1623 4157 1902 4213 caelestem
1950 4172 2144 4227 opera-

560 4241 768 4296 tionem
793 4283 809 4309 ,
841 4252 896 4297 et
921 4258 1043 4299 eam
1074 4244 1141 4299 iis
1169 4247 1613 4315 communicent,
1644 4247 1847 4317 quibus
1878 4247 2141 4303 dedican-

560 4343 653 4388 tur
678 4374 694 4400 ,
732 4350 969 4405 quorum
1010 4351 1209 4392 nomen
1240 4335 1523 4403 referunt,
1560 4339 1798 4406 speciem
1841 4354 2144 4409 repraesen-

562 4434 698 4488 tant,
729 4440 966 4497 cumque
994 4428 1239 4481 animum
1273 4436 1522 4481 nostrum
1550 4428 1616 4480 ad
1665 4427 1757 4483 illa
1788 4429 2145 4485 transveham

2257 1944 2358 2015 μὲν
2402 1945 2500 2017 τῆς
2532 1945 2667 2015 ὕλης
2711 1945 2864 1999 οὐδὲν
2895 1947 2989 1999 ἐπὶ
3018 1946 3077 2000 τὺ
3106 1948 3329 2018 ἄμεινον
3367 1950 3825 2019 μετενηνεγμένα,

2254 2035 2393 2091 ἀλλὰ
2428 2036 2522 2090 καὶ
2569 2036 2704 2091 πολὺ
2739 2037 2833 2090 τοῦ
2869 2039 3112 2110 χείρονος
3163 2039 3567 2109 μετειληφότα,
3620 2040 3830 2103 δικαίως

2256 2127 2324 2181 ἂν
2358 2128 2514 2195 ξύλα,
2537 2129 2635 2182 καὶ
2664 2129 2823 2192 λίθοι,
2853 2130 2946 2183 καὶ
2975 2130 3197 2201 χρυσὸς,
3228 2130 3323 2185 xal.
3348 2130 3617 2202 ἄργυρος,
3648 2133 3680 2204 ἢ
3712 2132 3834 2203 ἔργα

2254 2220 2459 2290 χειρῶν
2514 2219 2823 2289 ἀνθρώπων
2866 2221 3330 2290 ὲπονομάζοιντο,
3390 2222 3602 2292 ptem
3651 2240 3710 2275 τε
3751 2225 3833 2275 καὶ

2254 2312 2462 2382 ὲναργῆ
2505 2314 2600 2366 καὶ
2639 2312 2959 2385 ἀκάθαρτα·
2997 2314 3057 2367 τὸ
3091 2314 3190 2383 μὲν
3216 2316 3281 2367 ὲκ
3320 2315 3419 2384 τῆς
3450 2314 3593 2384 ὕλης
3620 2355 3636 2379 ,
3677 2316 3829 2377 τὸδὲ,

2254 2404 2319 2456 ὲκ
2348 2404 2441 2456 τοῦ
2478 2402 2806 2468 πλάττοντος
2828 2444 2843 2468 ,
2902 2404 2963 2459 τὸ
2994 2404 3052 2458 δὲ
3086 2404 3146 2468 ἐξ
3179 2405 3424 2468 ἐκείνων,
3458 2400 3539 2468 οἷς
3572 2404 3832 2465 δυσσεϐῶς

2254 2495 2352 2547 καὶ
2398 2493 2575 2556 ἀθέως
2622 2493 3004 2566 ἀνιερώθησαν
3055 2494 3504 2565 ὲξωνομασμένα.
3541 2494 3650 2547 Διά
3684 2494 3831 2547 τοῦτο

2254 2584 2360 2638 κᾶν
2393 2585 2493 2657 ἔχῃ
2540 2587 2715 2655 στόμα
2738 2628 2753 2653 ,
2796 2586 2897 2655 τὴν
2940 2586 3189 2656 ἀφωνίαν
3218 2584 3540 2649 ὀνειδίζεται
3564 2600 3578 2613 '
3619 2586 3721 2638 κᾶν
3751 2585 3829 2643 πό-

2252 2676 2368 2741 δας,
2401 2678 2507 2734 κᾶν
2549 2681 2759 2750 χεῖρας,
2813 2678 2911 2749 τὴν
2940 2678 3262 2749 ἀκινησίαν’
3297 2678 3401 2731 κᾶν
3434 2671 3570 2741 ὧτα,
3611 2678 3715 2731 κάν
3753 2680 3825 2745 ρἷ

2253 2786 2371 2837 νας,
2406 2770 2512 2822 κᾶν
2536 2769 2590 2821 εἴ
2622 2787 2673 2822 τι
2703 2770 2851 2831 ἀλλο,
2878 2769 2977 2839 τὴν
3010 2770 3389 2839 ἀναισθησίαν,
3413 2770 3510 2822 καὶ
3540 2769 3825 2840 ἀπραξίαν,

2253 2861 2351 2914 καὶ
2381 2861 2441 2914 τὸ
2473 2855 2830 2932 μάταιον.Ὦν
2858 2861 2968 2933 γὰρ
2990 2862 3023 2933 ἢ
3047 2862 3253 2933 οὐδὲνῆ
3282 2862 3521 2932 δύστηνα
3550 2863 3653 2915 καὶ
3674 2861 3824 2930 ὲναγῆ

2251 2953 2323 3007 τά
2351 2954 2661 3026 ἀρχέτυπα,
2688 2955 2785 3008 καὶ
2813 2956 2842 3008 ὁ
2873 2954 3085 3015 τούτων
3121 2954 3370 3025 πλάστης
3403 2955 3541 3025 μετά
3582 2954 3680 3007 τοῦ
3710 2954 3825 3007 δυσ·

2256 3044 2453 3109 σεθοῦς
2482 3044 2817 3116 ἀθλιώτερος
2837 3047 2932 3101 καὶ
2958 3048 3019 3101 τὸ
3047 3048 3147 3119 τῆς
3175 3047 3435 3117 λατρείας
3464 3045 3591 3100 ὅλον
3618 3048 3825 3101 θεοστυ-

2256 3137 2753 3208 γέστερον·τούτοις
2779 3138 2945 3193 πόθεν
2972 3139 3109 3204 δλως
3130 3139 3354 3211 χάριτός
3380 3156 3524 3202 τινος
3546 3137 3582 3208 ἢ
3610 3135 3824 3207 δόξης.ῆ

2246 3230 2549 3301 ἐνεργείας,
2565 3231 2600 3301 ἢ
2614 3248 2757 3295 τινος
2773 3233 3107 3303 σεμνοτέρας
3125 3233 3372 3303 κλήσεως
3389 3231 3670 3293 οἰκείωσις
3687 3244 3823 3299 πορι-

2249 3321 2622 3393 σθήσεταιςΤά
2652 3321 2709 3375 δὲ
2740 3322 3007 3391 ἀγια,καὶ
3036 3323 3211 3377 σεπτά
3236 3323 3348 3377 τῶν
3377 3323 3724 3394 Χριστιανῶν
3755 3322 3823 3373 ἰε-

2250 3411 2518 3483 ρουργικά
2533 3428 2593 3465 τε
2609 3411 2802 3483 σκεύη,
2818 3415 3147 3486 καίτεμένη,
3163 3416 3255 3469 καὶ
3269 3416 3650 3487 εἰκονίσματα,
3668 3415 3756 3469 καὶ
3767 3414 3822 3467 τά

2245 3500 2384 3559 ἄλλα
2396 3501 2496 3571 τῆς
2514 3502 2664 3568 θείας
2680 3506 2712 3575 ἡ
2723 3504 2840 3576 μῶν
2857 3506 3154 3578 θρησκείας
3172 3506 3234 3559 σύ
3243 3507 3567 3578 μ6ολα,ὲπεὶ
3586 3508 3688 3562 κᾶν
3705 3506 3823 3575 ῦλην

2246 3594 2344 3663 οὐχ
2368 3593 2562 3664 ἑτέραν
2590 3596 2960 3669 ὑποϐέϐληται
2982 3639 2996 3664 ,
3031 3599 3145 3653 ἀλλ’
3177 3595 3272 3652 οὖν
3303 3617 3366 3669 γε
3397 3598 3535 3671 πρὸς
3568 3600 3633 3654 τὸ
3660 3596 3821 3666 πολλῷ

2247 3685 2470 3755 ἄμεινον
2531 3690 2966 3756 μετεσκεύασται
2986 3708 3001 3723 ο
3034 3693 3229 3763 χρήσει
3257 3691 3369 3763 γάρ
3396 3693 3491 3745 καὶ
3519 3691 3713 3764 κλήσει
3739 3688 3822 3743 καὶ

2251 3778 2619 3850 μυσταγωγίᾳ
2644 3821 2659 3845 ,
2686 3782 2781 3835 καὶ
2830 3786 2895 3855 τῇ
2937 3784 3045 3837 τῶν
3089 3785 3558 3858 παραδειγμάτων
3596 3787 3816 3856 θεότητι,

2245 3863 2321 3924 ὧν
2340 3871 2454 3934 τοῖς
2488 3874 2836 3946 χαρακτῆρσι
2868 3876 3343 3949 διαμεμόρφωται,
3379 3878 3473 3933 καὶ⁵
3505 3877 3721 3949 μυρίοις
3741 3876 3819 3931 ἀλ·

2246 3964 2362 4028 λοις
2406 3963 2850 4034 καθαγιασθέντα
2893 3972 3257 4029 τετελείωται.
3301 3974 3401 4029 Διά
3445 3974 3607 4027 τοῦτο
3650 3971 3817 4026 οὐκέτι

2246 4058 2400 4126 ξύλα,
2455 4060 2489 4130 ἢ
2534 4059 2704 4127 λίθος,
2737 4061 2849 4116 οὐδ’
2876 4062 3137 4137 ἄργυρος,
3183 4065 3305 4119 οὐδὲ
3334 4066 3569 4137 χρυσόςο
3612 4067 3673 4120 οὺ
3723 4062 3817 4135 μὴν

2245 4151 2363 4206 οὐδὲ
2416 4154 2686 4226 χρώματα
2734 4156 2921 4226 γυμνά
2970 4156 3072 4226 τῆς
3121 4156 3489 4229 εἰδοποιούσης
3541 4159 3640 4211 καὶ
3690 4172 3817 4225 παρ-

2244 4245 2571 4317 εδρευούσης
2596 4247 2879 4319 δυνάμεώς
2910 4266 2971 4302 τε
3004 4251 3099 4304 καὶ
3125 4250 3372 4323 χάριτος,
3404 4250 3515 4305 οὔτ’
3542 4251 3611 4305 ἂν
3645 4253 3815 4317 ὲννοτγ

2247 4335 2369 4408 θείη
2404 4341 2557 4405 ποτὲ,
2590 4338 2715 4394 οὔτε
2744 4341 3327 4413 παρονομασθήσεταιο
3349 4342 3480 4411 ἀγια
3508 4342 3566 4395 δὲ
3603 4341 3809 4414 μᾶλλον,

2244 4427 2339 4482 καί
2388 4429 2547 4501 τίμια
2608 4430 2704 4484 καὶ
2746 4430 3134 4504 δεδοξασμένα,
3185 4434 3279 4487 καὶ
3332 4434 3522 4489 σεπτά.
3576 4435 3687 4503 Τῆς
3716 4432 3811 4499 γὰρ

558 4528 613 4573 et
653 4527 1041 4587 transportent,
1072 4526 1129 4573 et
1166 4518 1411 4573 divinum
1460 4518 1703 4574 favorem
1740 4520 1900 4575 nobis
1931 4537 2135 4592 procu-

2251 4519 2447 4574 Ξνωθεν
2491 4522 2793 4593 ἐνεργείας,
2833 4525 2929 4578 καὶ
2957 4520 3039 4589 οἷς
3068 4524 3444 4579 ἀνατέθεινται
3465 4569 3478 4591 ,
3521 4520 3598 4580 ὧν
3633 4543 3689 4578 τε
3722 4522 3811 4591 τὴν

557 4618 701 4673 rent,
728 4618 783 4665 et
808 4610 951 4666 bona
982 4610 1282 4670 attraham,
1313 4624 1421 4663 non
1443 4624 1471 4665 a
1505 4611 1735 4665 materia
1774 4611 2137 4667 denominan-

558 4710 670 4768 tur,
712 4718 818 4757 non
862 4703 930 4757 ab
969 4703 1148 4773 aliqua
1193 4690 1299 4759 alia
1333 4702 1669 4771 proprietate
1697 4702 2134 4771 inconvenienti,

556 4803 610 4849 et
638 4810 760 4863 qua:
788 4794 1079 4850 contrariis
1112 4808 1417 4863 congruere
1445 4793 1649 4865 possit,
1682 4794 1777 4850 sed
1806 4811 1928 4865 quae
1958 4801 2135 4864 parti-

2235 4612 2429 4682 κλῆσιν
2451 4614 2546 4667 καὶ
2577 4614 2639 4667 τὸ
2670 4610 2812 4679 εἶδος
2835 4616 3119 4688 φέρουσιν,
3145 4619 3204 4671 ὲν
3238 4618 3501 4689 μετουσίᾳ
3530 4618 3807 4688 γενόμενα,

2232 4705 2327 4758 καὶ
2370 4705 2462 4760 τὸν
2505 4707 2775 4779 ἡμέτερον
2824 4708 2948 4763 νοῦν
2994 4712 3134 4780 πρὸς
3178 4712 3365 4765 ἐκεῖνα
3411 4710 3805 4775 διαδιόάζονταο

2230 4797 2703 4871 διαπορθμεύοντά
2746 4819 2805 4854 τε
2857 4803 2987 4873 ἡμῖν
3022 4804 3120 4873 τὴν
3149 4802 3362 4856 ἐκεῖθεν
3398 4800 3689 4869 ἀγαθοειδῆ
3724 4794 3803 4850 καὶ

556 4886 763 4955 cipant,
804 4886 869 4941 ad
902 4902 1022 4957 quae
1051 4885 1433 4950 traducuntur,
1465 4885 1665 4956 quibus
1696 4886 2048 4945 subserviunt
2083 4902 2136 4946 et

2251 4892 2383 4944 θείαν
2413 4892 2724 4962 εὐμένειαν,
2772 4894 2870 4949 οὐκ
2901 4896 2965 4946 ὲκ
2996 4894 3099 4963 τῆς
3138 4893 3272 4966 ὕλης
3314 4894 3383 4949 ἂν
3421 4894 3651 4955 εἰκότως
3688 4889 3806 4957 κλη-

557 4977 911 5040 devoventur,
941 4977 1139 5032 abillis
1160 4975 1379 5046 quidem
1404 4977 1607 5047 optime
1639 4985 1695 5031 et
1726 4990 2135 5047 cognoscuntur

2251 4982 2346 5051 lein
2374 5001 2387 5014 ·
2415 4984 2477 5036 ού
2514 4985 2621 5055 μὴν
2654 4986 2764 5038 οὐδ’
2795 4988 2902 5040 ἀπό
2950 5005 3094 5051 τινος
3123 4984 3579 5057 ἀπεμφαινούσης
3630 4981 3801 5047 ἄλλης.

557 5077 589 5131 a
620 5062 754 5118 viris
786 5063 916 5133 piis,
952 5074 1004 5117 et
1028 5062 1534 5117 denominationem
1568 5064 1896 5122 sortiuntur.

2229 5075 2323 5127 καὶ
2367 5078 2479 5139 τοῖς
2523 5077 2928 5147 ἀντικειμένοις
2960 5078 3311 5150 ἁρμοζούσης
3345 5078 3644 5148 ἰδιότητοςο
3700 5068 3807 5125 ἀλλ’

555 5148 632 5207 ὧν
662 5172 723 5208 τε
782 5157 1033 5227 μετέσχε,
1079 5157 1176 5211 καὶ
1208 5157 1345 5229 πρὸς
1381 5158 1417 5213 ἀ
1450 5159 1770 5231 παρῆκταν
1814 5153 1894 5221 οἷς
1925 5176 1985 5212 τε
2019 5161 2374 5233 ὑπηρετεῖται
2405 5170 2500 5221 καὶ
2527 5170 2873 5240 ἀφιέρωται*
2903 5173 3120 5225 ἐκεῖθεν
3186 5148 3275 5224 εῦή
3316 5170 3484 5241 μάλα,
3538 5168 3637 5221 καὶ
3694 5161 3802 5215 λίαν

559 5250 781 5315 ἐνδίκως
829 5253 924 5306 καὶ
962 5252 1291 5320 γινώσκεται
1338 5255 1451 5315 τοῖς
1495 5254 1779 5307 εὐσεϐέσιν
1820 5254 1993 5318 ὅντως
2032 5258 2127 5309 καὶ
2166 5258 2511 5330 ὀνομάζεται.

664 5358 993 5427 ρωΕδΤιο
1019 5362 1158 5417 CXII
1200 5362 1388 5434 [CoisL
1421 5373 1469 5417 et
1503 5363 1667 5418 Taur.
1699 5362 2011 5438 CXXXIV].

2767 5382 3101 5435 ΕΡΩΤΗΣΙΣ
3136 5383 3282 5435 ΡΙΒ’.

899 5479 1037 5528 Edita
1066 5493 1094 5529 a
1120 5480 1435 5539 Montacutlo,
1464 5492 1545 5542 ep.
1574 5478 1685 5541 216,
1728 5478 1793 5528 ad
1815 5481 1988 5545 Georg.
2038 5485 2085 5533 Ν
2092 5483 2233 5537 icom.
2259 5503 2308 5553 p.
2336 5492 2562 5546 διε-δελ
2598 5496 2891 5558 Explanatio
2919 5497 2968 5544 in
3004 5496 3140 5544 Rom.
3168 5508 3238 5555 Ix,
3265 5496 3295 5543 5
3317 5509 3457 5557 seqq.

630 5558 803 5625 Quem
848 5561 983 5617 nihil
1034 5578 1285 5632 separare
1316 5572 1491 5632 potest
1519 5563 1587 5617 ab
1630 5578 1817 5618 amore
1849 5563 1966 5633 Dei,
2021 5583 2130 5625 non

2315 5576 2411 5627 Ὃν
2450 5579 2601 5632 οὐδὲν
2628 5580 2851 5635 δύναται
2886 5580 3119 5650 χωρίσαι
3147 5581 3247 5651 τῆς
3298 5581 3517 5660 ἀγάπης
3550 5576 3680 5631 Θεοῦ
3702 5590 3713 5604 ’
3738 5570 3794 5625 οὐ

1835 5693 2072 5757 VARI/3
2110 5700 2513 5766 LECTIONES.

603 5817 624 5865 Γ
657 5808 717 5875 _C.
748 5809 1063 5881 Μ.κνίσσης
1102 5810 1398 5881 Ἑλληνίου.
1481 5823 1504 5853 ⁸
1537 5812 1602 5870 C.
1633 5813 1704 5872 M.
1743 5816 2220 5889 ἀποκεκριμένων.
