2036 3226
0 170 5 197 5
172 173 225 205 657

633 178 682 207 AD
696 175 994 208 AMPHELOCIIIUM
1019 176 1194 212 QUIESTIO
1212 181 1304 211 CXII.

1750 185 1804 217 658

174 232 290 264 θάνατος
314 232 527 268 ἀπειλούμενος·
545 234 575 260 οὔ
600 234 674 269 ζωῆς
694 235 857 270 ὑπόσχεσις·
878 235 909 261 ού
928 234 963 260 τὰ

1019 243 1090 263 mors
1106 237 1187 265 minis
1203 238 1347 271 intentata,
1365 247 1419 266 non
1435 238 1491 266 vita
1509 238 1660 273 promissa,
1677 247 1729 267 non
1742 248 1804 276 qua:

173 277 280 305 ἐκεῖθεν
293 277 389 310 ἁπλῶς
399 286 406 293 ·
425 280 456 306 οὑ
470 280 506 306 τὰ
520 280 640 307 ἐνταῦθα
649 289 655 295 ·
670 280 728 312 πῶς
739 281 821 312 αὐτὸς
835 281 965 312 ἑκουσίως

175 325 336 358 ἀφίσταται,
353 326 400 352 καὶ
425 326 489 352 τότε
514 336 524 353 ‹
541 327 611 362 ὑπὲρ
632 326 688 353 τῶν
703 326 775 353 κατὰ
790 327 881 362 σάρκα
901 335 966 361 συγ-

176 372 283 404 γενῶν;
304 381 312 397 ι
330 371 377 398 καὶ
390 372 419 398 οὐ
433 372 514 407 μόνον
527 373 573 400 τὸν
583 373 723 408 χωρισμὸν
738 373 882 408 ὑπομένει,
898 373 966 400 ἀλλὰ

176 417 224 442 καὶ
249 417 377 452 ἐπιθυμεῖ
400 418 447 444 καὶ
466 418 612 453 ἐπεύχεται
636 419 806 454 χωρισθῆναι
828 417 965 453 Χριστοῦ·

181 471 190 486 ι
208 463 338 497 Ηὺχὸμην
363 463 418 499 γὰρ
447 463 530 495 αὐτὸς
558 463 615 498 ἐγὼ
650 463 777 499 ἀνάθεμα
805 463 875 491 εἶναι
912 463 967 490 ἀπὺ

178 508 306 543 Χριστοῦ,
323 509 392 543 ὑπὲρ
408 508 464 536 τῶν
475 509 599 544 ἀδελφῶν
613 518 677 544 μου,
691 510 745 537 τῶν
761 509 901 544 συγγενῶν
915 518 966 545 μου

177 555 231 580 τῶν
246 555 315 580 κατὰ
331 556 430 590 σάρκα.
449 565 458 582 ι
476 555 555 582 Οὕτω
567 556 617 591 μὲν
629 556 661 584 ἄν
675 564 718 588 τις
734 556 784 592 τὴν
800 556 849 592 σὴν
864 556 967 583 ἐπιτεί-

177 609 229 625 νων
256 601 374 635 ἀπορίαν
403 601 477 636 ἐρεῖ·
501 601 533 627 Τί
556 601 620 635 οὖν;
644 601 703 634 πῶς
734 602 905 638 συμϐήσεται
932 603 967 630 τὰ

177 646 337 680 ἁσύμϐατας
353 648 387 673 Ἣ
403 647 512 683 πρῶτον
539 647 588 683 μὲν
610 649 699 675 ἐκεῖνο
724 649 808 683 φάναι
830 648 906 676 ἐστιν
924 649 967 676 ὅτι

177 692 239 718 οὐδέ
256 693 314 718 ἐστι
337 692 425 719 ταῦτα
443 694 585 729 μαχόμενα
596 702 603 709 '
624 694 654 720 οὐ
671 694 726 729 γὰρ
744 694 866 722 ἐναντίον
878 695 968 722 ἀδιαί-

180 746 256 773 ρετος
272 738 354 770 πόθος
372 740 502 774 Χριστοῦ,
516 741 563 767 καὶ⁵
577 740 609 766 τὸ
621 740 733 775 ἀγαπᾷν
750 740 822 767 οὕτω
833 740 879 767 τὸν
895 741 967 777 πλη-

180 783 247 814 σίον,
276 784 346 810 ὥστε
377 784 424 811 καὶ
452 785 504 819 τῆς
530 786 599 817 ιδίας
624 786 759 820 ὠφελείας
785 786 823 822 μὴ
846 786 968 822 νομίζειν

178 829 308 855 ἐλάττονα
321 830 369 864 τὴν
386 830 497 857 ἐκείνων
510 831 660 866 σωτηρίαν.
679 831 788 858 Μᾶλλον
800 831 829 858 δὲ
844 832 892 859 καὶ
905 842 969 860 συν-

180 875 238 910 ᾴδει
253 876 339 902 ταῦτα
356 876 423 911 πρὸς
435 876 552 912 ἄλληλα·
568 878 582 904 ὁ
595 878 650 913 γὰρ
666 878 783 912 ἀγαπῶν
793 878 840 906 τὸν
854 879 968 914 ἀδελφὸν

179 922 273 954 αὐτοῦ,
298 923 408 957 ἐντολὴν
435 923 546 958 πληρῶν
571 924 750 959 Δεσποτικὴν,
772 924 803 951 τὺ
830 925 899 961 πρὸς
921 926 967 952 τὸν

180 967 318 1001 Δεσπότην
344 967 455 1003 φίλτρον
469 969 588 1003 καθαρὸν
613 970 660 996 καὶ
676 970 805 1005 ἀκέραιον
827 970 966 1003 διασώζει.

183 1023 192 1038 ι
220 1014 263 1039 Ἐν
279 1013 364 1047 τούτῳ
378 1014 433 1049 γὰρ
447 1014 599 1048 γνώσονται
614 1016 728 1048 πάντες,
746 1016 787 1043 ὅτι
799 1017 860 1050 ἐμοὶ
879 1017 968 1052 μαθη-

180 1059 224 1084 ταί
240 1060 312 1090 ἐστε,
330 1060 377 1086 ἐὰν
390 1060 516 1094 ἀγαπᾶτε
530 1061 661 1096 ἀλλήλους
673 1070 680 1076 ·
699 1070 708 1087 ι
727 1062 774 1089 καὶ
791 1062 883 1096 πάλιν,
901 1072 911 1089 ‹
924 1064 968 1090 Ἐν

179 1105 293 1135 ταύταις
319 1107 379 1136 ταῖς
405 1105 480 1133 δυσὶν
502 1107 624 1139 ἐντολαῖς
648 1107 708 1139 ὅλος
726 1108 741 1135 ὁ
766 1108 847 1143 νόμος
871 1109 918 1136 καὶ
944 1110 968 1136 οἰ

181 1151 320 1185 προφῆται
338 1152 519 1186 κρέμανται.»
531 1153 687 1186 Κεφάλαιον
703 1154 758 1189 γάρ
771 1155 829 1181 ἐστι
844 1155 891 1182 καὶ
907 1155 970 1183 σύν-

179 1197 289 1231 δεσμος,
313 1199 360 1224 καὶ
386 1199 448 1233 ῥίζα
461 1199 515 1225 τῶν
532 1199 620 1226 ἄλλων
636 1200 764 1228 ἁπάντων
786 1202 970 1237 κατορθωμά-

179 1251 243 1274 των,
260 1243 277 1277 ἧ
296 1251 324 1268 τε
337 1243 384 1269 τοῦ
407 1243 475 1270 Θεοῦ
489 1244 584 1279 ἀγάπη
601 1245 648 1272 καὶ
662 1247 678 1280 ἡ
696 1246 743 1272 τοῦ
758 1246 882 1275 πλησίον.
902 1248 967 1281 Ναὶ,

180 1289 287 1324 φησίνο
316 1290 374 1316 ἀλλ’
401 1290 519 1317 ἐνταῦθα
551 1292 694 1327 προκρίνει
724 1293 773 1328 μὲν
808 1294 872 1325 τοὺς
901 1303 969 1329 συγ-

179 1337 282 1369 γενεῐς’
304 1335 414 1370 εῠχεται
434 1335 464 1362 δὲ
484 1336 552 1363 Θεοῦ
576 1337 753 1372 χωρισθῆναι,
780 1338 824 1365 ἵνα
850 1340 969 1376 κερδάνῃ

178 1380 305 1412 τούτους·
328 1382 341 1407 ὀ
358 1382 385 1407 δὲ
410 1382 528 1416 Χριστὸς
555 1382 622 1418 ἔφη’
643 1393 652 1409 ι
670 1384 700 1411 '0
723 1384 809 1419 φιλῶν
825 1386 932 1421 πατέρα
952 1386 969 1422 ἢ

179 1428 286 1462 μητέρα
320 1428 389 1463 ὑπὲρ
421 1428 490 1463 ἐμὲ,
512 1429 563 1456 οὐκ
591 1430 649 1458 ἐστι
675 1439 727 1466 μου
752 1431 837 1464 ἄξιος.
856 1442 866 1458 ι
889 1432 970 1459 Ἀλλὰ

177 1474 232 1508 γὰρ
250 1474 308 1506 πῶς
328 1474 385 1501 ἔστι
406 1474 487 1502 τοῦτο
502 1477 591 1510 φιλεῖν
613 1477 684 1513 ὺπέρ
709 1477 755 1504 τὸν
777 1478 913 1513 Χριστόν;
938 1479 970 1506 El

181 1521 229 1555 μὲν
251 1521 305 1556 γὰρ
329 1520 362 1547 δι’
390 1521 484 1556 ἐτερόν
508 1530 536 1548 τι
562 1522 661 1557 Παύλῳ
688 1523 865 1559 ἐστέργοντο,
896 1522 970 1560 εἶχεν

10 426 44 563 γ

0 1396 133 1532 ι,

5 1853 49 1903 Ι
175 1853 270 1903 ι

4 1903 45 1941 Π
176 1903 283 1941 “-

177 1941 208 1962 υε
289 1945 312 1970 pc

176 1984 207 2009 ὲν
287 1982 312 2007 ’λη

178 2039 250 2065 προσ
310 2039 312 2043 τ

176 2084 239 2112 χειρ
301 2084 312 2110 μ

176 2123 226 2149 καὶ

176 2226 215 2250 γα

176 2317 210 2333 ου
294 2315 302 2332 ι

175 2363 198 2377 ο⁴
286 2373 292 2377 .

2 2377 17 2516 Ι
178 2377 271 2516 1

259 2497 271 2514 ιι

1 2516 13 2560 i
180 2516 243 2560 ι,

0 2560 219 2652 L4

2 2652 158 2677 '7

178 1612 230 1638 οὑκ
260 1612 313 1647 ἔχω
340 1612 467 1647 συνιδεῖν,
486 1614 561 1645 ὅπως
580 1614 604 1641 οι
621 1616 764 1649 συγγενεῖς
785 1617 968 1653 προτετίμην-

196 1667 226 1686 αι
248 1659 294 1685 τοῦ
313 1658 498 1695 Δημιουργοῦ.
517 1660 551 1686 T-i
567 1660 621 1695 γὰρ
643 1662 689 1687 καὶ
712 1659 745 1696 ἦν
759 1661 853 1697 ἕτερον
871 1663 902 1689 τὸ
925 1672 970 1697 φι-

209 1707 234 1732 ῖν
261 1706 390 1738 ἐκείνους,
417 1706 434 1741 ἢ
455 1706 487 1733 τὸ
514 1707 648 1741 ὑποτάξαι
673 1709 781 1742 αὐτοὺς,
808 1710 856 1736 καὶ
882 1719 969 1746 προσ-

227 1752 317 1792 ειῶσαι
333 1752 370 1786 τῷ
387 1752 470 1788 κοινῷ
496 1754 638 1790 Δεσπότης
658 1754 719 1785 Πῶς
737 1753 784 1782 οὖν
799 1756 857 1783 ἔστι
881 1757 970 1792 φιλεῖν

239 1807 299 1835 μους
319 1798 389 1833 ὑπὲρ
406 1798 451 1825 τὸν
475 1799 602 1834 Χριστὸν,
616 1800 683 1827 ὅπου
696 1809 729 1835 γε
745 1802 793 1828 καὶ
815 1802 915 1834 αὐτοὺς
929 1804 969 1835 εἰς

256 1845 374 1883 ἒπακοὴν
391 1845 437 1871 καὶ
457 1845 568 1882 ἀγάπην
584 1843 658 1873 εἷλκε
677 1847 726 1883 τὴν
740 1848 841 1883 aii-:06;
858 1850 969 1877 Μᾶλλον

285 1890 357 1924 ἀστῳ
371 1890 459 1924 κρίσει
471 1898 514 1922 τις
525 1891 684 1919 ἐπισκοπῶν
697 1893 823 1921 ἐντεῦθεν
837 1894 871 1921 ἂν
883 1904 969 1922 κατα-

289 1936 377 1970 ρανῶς
386 1936 432 1964 τὸν
439 1937 658 1973 ἀναφλεγόμενον
669 1939 713 1965 ἀεὶ
727 1939 773 1966 τοῦ
786 1940 857 1967 θείου
868 1941 970 1976 ἔρωτος

287 1982 332 2016 Ξλῳ
362 1983 477 2018 πυρσόν.
495 1983 533 2009 Οὐ
549 1984 604 2019 γὰρ
629 1985 741 2019 ἠρκεῖτο
773 1986 869 2013 ἐαυτὸν
889 1988 969 2023 μόνον

303 2122 349 2157 ὁδῳ
366 2121 441 2157 πάσῃ
464 2121 594 2149 ἔσπευδεν
620 2126 852 2158 συνεισενεγκεῖν·
877 2126 969 2158 καλῶς

301 2170 308 2196 ι
329 2170 365 2205 μὴ
379 2169 508 2205 ἐχώριζεν
526 2170 621 2196 ἑαυτὸν
636 2169 683 2196 τοῦ
703 2170 839 2205 Χριστοῦυ
864 2171 896 2198 τὸ
919 2172 969 2207 μὲν

308 2224 332 2242 ιν
349 2216 458 2251 ἐτέρους
476 2215 701 2251 προσενεχθῆναι,
715 2217 767 2243 οὐκ
781 2216 856 2244 ἐστιν
875 2219 966 2245 ἐπιτι-

294 2315 317 2332 ιν
333 2307 369 2342 μὴ
383 2307 521 2342 ἐπιτιμᾷν.
538 2306 571 2333 Τί
584 2304 631 2333 οὖν
649 2315 757 2341 φαμεν;
782 2308 798 2343 ἦ
816 2308 855 2340 ὡς
868 2309 898 2335 οὺ
917 2309 967 2344 μὲν

286 2361 292 2379 ι
308 2352 452 2387 ὲχώριξεν;
472 2352 533 2379 οὐδὲ
551 2352 604 2387 γὰρ
623 2351 710 2383 εἷπεν,
733 2352 855 2389 Εῡχομαι
885 2363 967 2391 χωρι-

271 2406 288 2429 ι,
302 2398 358 2425 ἀλλ’
372 2399 511 2433 ηὐχόμην
520 2397 559 2424 ἄν
568 2406 575 2414 ·
592 2398 743 2430 τουτέστιν,
760 2399 790 2425 Ei
799 2399 911 2427 δυνατὸν
920 2398 966 2437 ἦν,

273 2444 377 2470 ἐϐαινεν
394 2444 458 2479 θείῳ
473 2443 547 2479 πόθῳ
564 2443 646 2470 πόθον
664 2443 755 2471 ἔνθεον
772 2446 967 2482 ὲκνικηθῆναι·

248 2488 294 2522 in);
312 2488 468 2524 θεοπρεπὴς
485 2488 627 2516 θεσπέσιον
647 2490 737 2524 ἔρωτα
755 2492 967 2528 παρηυδοκίμει,

243 2535 335 2561 τοῦτον
347 2535 379 2561 Ξιν
394 2535 519 2562 ὑπελθεῖν
534 2536 723 2570 ἠγωνισάμην.
746 2538 838 2564 Πάντα
851 2539 901 2573 μὲν
914 2539 969 2574 γὰρ

219 2580 328 2614 ράττετο
353 2581 462 2617 Παύλῳ,
479 2581 523 2608 ἵνα
538 2582 660 2614 ἅπαντας
683 2583 793 2619 Χριστῷ
818 2585 946 2621 οἱκειώσῃ
960 2593 967 2601 ·

205 2625 299 2652 άλιστα
313 2626 340 2652 δὲ
360 2627 515 2659 Ἰουδαίους.
532 2624 613 2654 Οὗτοι
628 2628 682 2662 γὰρ
701 2630 748 2655 καὶ
764 2632 906 2663 συγγενεῖς
922 2633 970 2658 καὶ

179 2671 271 2705 νόμοις
291 2672 415 2706 ἠγμένοι,
432 2673 480 2700 καὶ
496 2674 563 2709 πρὸς
582 2673 628 2705 οὓς
642 2675 670 2701 αἱ
686 2676 847 2709 ἐπαγγελίαι
866 2677 970 2706 ἄνωθεν

177 2716 224 2741 καὶ
241 2716 272 2742 ὲκ
287 2717 415 2752 πατέρων
425 2724 431 2731 ·
449 2718 518 2745 ἀλλὰ
533 2718 646 2746 καὶτῶν
659 2719 748 2747 ἄλλων
765 2721 845 2748 πλέον
864 2722 904 2757 τῷ
918 2732 968 2759 κη-

177 2761 298 2797 ρύγματι
309 2763 508 2799 ἀνθεστηκότες
520 2774 526 2781 ·
540 2765 573 2792 δι’
583 2765 598 2792 ὃ
609 2767 656 2793 καὶ
666 2767 681 2793 ό
696 2767 759 2802 περὶ
771 2768 871 2800 αὐτοὺς
882 2768 967 2803 ἀγὼν,

1018 280 1052 307 ibi
1066 285 1140 313 sunt,
1158 289 1213 308 non
1228 289 1289 316 quae
1308 282 1370 309 hic:
1387 282 1524 316 quomodo
1544 282 1567 310 is
1582 288 1680 317 sponte
1695 291 1806 318 separa.

1017 331 1071 359 tur,
1092 327 1174 353 etiam
1192 336 1201 353 ‹
1215 334 1266 362 pro
1279 326 1406 354 amnibus
1422 328 1571 355 secundum
1587 336 1697 356 carnem
1714 338 1738 356 ε»
1755 337 1806 357 nec

1017 376 1121 399 tantum
1138 372 1212 399 subit
1234 372 1432 407 separationem
1447 392 1455 405 ,
1480 373 1527 400 scd
1544 373 1617 401 illam
1633 375 1756 409 expetit,
1779 380 1806 402 et

1016 423 1078 445 orat
1092 426 1108 445 a
1123 418 1233 446 Christo
1251 419 1397 453 separari?
1436 428 1445 444 ‹
1461 418 1595 453 Cuperem
1610 427 1661 455 ego
1683 428 1726 448 me
1740 428 1806 447 ana-

1017 466 1109 492 thema
1126 465 1183 492 ﬁeri
1204 473 1219 492 ιι
1233 465 1344 493 Christo
1360 473 1409 499 pro
1431 465 1562 493 fratribus
1579 466 1646 493 meis
1658 488 1666 500 ,
1682 467 1807 502 cognatis

1017 509 1085 537 mihi
1104 510 1256 537 secundum
1270 518 1392 538 carnem.
1409 519 1418 536 ›
1434 510 1475 538 Ad
1493 510 1567 538 hunc
1581 512 1690 539 modum
1706 512 1807 547 aliquis

1018 559 1092 582 tuam
1107 555 1226 583 dilatans
1240 555 1437 583 dubitationem
1459 556 1559 583 dixerit
1576 565 1583 583 :
1610 556 1680 589 Quid
1698 557 1806 592 igitur?

1017 601 1157 637 quomodo
1174 607 1331 636 competent
1356 602 1593 637 incompetibilia?
1618 602 1745 638 Inprimis
1764 603 1806 631 vi-
1834 603 1837 634 ξ

1017 648 1098 676 detur
1118 647 1264 675 dicendum
1277 668 1285 680 ,
1305 655 1359 676 non
1383 649 1441 676 haec
1466 649 1499 676 ad
1521 649 1639 676 invicem
1660 657 1806 685 pugnare:
1834 641 1837 654 ί

1018 700 1072 720 non
1090 693 1163 721 enim
1180 693 1283 721 Christi
1299 693 1446 721 indivisum
1472 694 1639 722 desiderium
1656 695 1811 722 contraria-

1018 743 1064 766 tur
1075 758 1083 770 ,
1097 746 1193 767 amare
1214 739 1240 766 in
1262 744 1367 766 tantum
1382 739 1504 767 vicinum
1517 760 1524 772 ,
1540 745 1570 767 ut
1589 748 1623 767 tte
1636 740 1810 768 existimetur

1019 784 1092 812 illius
1111 784 1187 812 salus
1209 785 1382 819 procuranda
1404 784 1432 812 in
1456 785 1586 813 secundis
1602 792 1664 813 esse
1689 786 1811 821 propria:

1019 829 1155 856 utilitatis.
1173 829 1244 863 Quin
1258 830 1409 857 concinunt
1420 830 1512 865 potius
1527 830 1585 858 haec
1598 831 1669 859 inter
1682 839 1712 859 se
1724 840 1731 858 :
1747 838 1810 858 nam

1020 873 1067 909 qui
1084 873 1172 908 diligit
1187 872 1299 900 fratrem
1317 881 1418 907 suum,
1432 877 1460 901 et
1476 873 1503 900 in
1524 881 1557 901 eo
1571 874 1677 902 Domini
1695 875 1811 902 manda-

1020 923 1077 947 tum
1098 919 1203 954 implet,
1222 927 1319 953 purum
1342 923 1370 946 et
1386 919 1524 946 sincerum
1545 920 1590 947 ille
1609 928 1732 948 amorem
1748 928 1813 948 con-

1019 970 1109 993 servat
1126 973 1190 1001 erga
1211 965 1369 992 Dominum.
1404 975 1413 991 ε
1427 966 1456 993 In
1477 967 1528 994 hoc
1548 966 1622 994 enim
1643 971 1813 1001 cognoscent

1019 1019 1116 1040 omnes
1128 1032 1135 1045 ,
1159 1012 1233 1046 quod
1250 1012 1304 1039 mei
1318 1012 1385 1040 estis
1398 1012 1546 1047 discipuli,
1571 1013 1594 1041 si
1611 1013 1726 1041 invicem
1745 1013 1793 1041 dili
1804 1028 1813 1033 -

1019 1059 1089 1094 gatis
1102 1067 1110 1086 :
1123 1068 1132 1085 ι
1142 1064 1168 1086 et
1181 1059 1290 1092 iterum,
1311 1068 1320 1084 ι
1335 1059 1362 1086 In
1376 1059 1453 1087 hisce
1466 1059 1575 1087 duobus
1587 1060 1729 1095 praeceptis
1755 1064 1811 1087 tota

1019 1105 1063 1133 lex
1076 1104 1176 1140 pendet
1206 1109 1232 1131 et
1246 1105 1426 1139 prophetae”
1451 1105 1499 1133 Dei
1529 1105 1630 1132 etenim
1653 1110 1680 1133 et
1694 1105 1811 1140 proximi

1019 1151 1129 1179 dilectio
1142 1156 1225 1186 caput
1242 1156 1293 1182 est.
1317 1151 1468 1185 vinculum,
1491 1152 1570 1179 radix
1603 1152 1727 1179 omnium
1742 1152 1811 1179 alio-

1020 1205 1082 1225 rum
1101 1201 1174 1225 recte
1192 1197 1344 1224 factorum.
1358 1197 1544 1226 Conceditur:
1564 1202 1607 1225 ast
1627 1198 1653 1225 in
1671 1199 1724 1226 hoc
1737 1219 1744 1230 ,
1768 1198 1812 1225 iu-

1019 1245 1127 1281 quiunt.
1147 1245 1266 1280 praatulit
1281 1244 1376 1272 aliines
1396 1254 1403 1272 :
1418 1253 1480 1272 nam
1495 1253 1511 1272 a
1533 1244 1587 1273 Deo
1605 1249 1717 1280 exoptat
1732 1253 1812 1280 sepa-

1019 1292 1087 1325 rari.
1100 1296 1130 1319 ut
1145 1292 1268 1320 lucretur
1282 1299 1342 1324 eos,
1359 1299 1422 1319 cum
1437 1291 1564 1319 Christus
1579 1292 1662 1323 dicat,
1685 1292 1751 1325 «Qui
1768 1292 1811 1318 di-

1020 1338 1078 1373 ligit
1092 1342 1196 1373 patrem
1212 1338 1254 1364 vel
1272 1342 1386 1366 matrem
1404 1338 1467 1373 plus
1480 1346 1562 1373 quam
1575 1346 1627 1370 me,
1643 1345 1697 1365 non
1710 1342 1752 1365 est
1768 1345 1812 1365 me

1020 1385 1130 1421 dignus.
1143 1394 1152 1411 ι
1169 1384 1270 1412 Verum
1284 1403 1292 1416 ,
1314 1384 1453 1420 quomodo
1474 1392 1556 1419 supra
1570 1384 1710 1411 Christum
1734 1384 1812 1418 diligi

1020 1431 1167 1459 dicuntur?
1180 1430 1208 1458 Si
1226 1431 1262 1458 ob
1275 1430 1347 1457 aliud
1365 1430 1467 1465 aliqttid
1483 1429 1669 1465 diligebantur
1684 1437 1699 1456 a
1714 1428 1811 1460 Paulo,

1020 1478 1124 1506 valeret
1135 1477 1350 1512 consequentia;
1366 1476 1419 1507 sin,
1442 1475 1584 1504 utChristi
1607 1475 1744 1511 peculium
1762 1474 1812 1501 ficu

1020 1528 1092 1555 rent,
1105 1524 1175 1550 haud
1188 1522 1308 1557 intelligo
1319 1522 1457 1557 quomodo
1466 1523 1572 1557 cognati
1584 1521 1645 1556 eius
1658 1522 1719 1557 plus
1728 1528 1812 1556 quam

178 1566 212 1593 ἂν
232 1568 246 1592 ὁ
266 1567 343 1600 λόγος
361 1567 391 1593 τδ
407 1567 517 1603 ἰσχυρόν
528 1577 536 1584 ·
552 1569 577 1595 sl
589 1568 612 1595 δ’
630 1569 673 1596 ἵνα
684 1570 819 1604 γένωνται
835 1571 966 1606 Χριστοῦ,

1020 1567 1148 1596 Christus
1173 1567 1337 1601 diliguntur.
1355 1566 1425 1600 Quid
1449 1566 1523 1593 aliud
1545 1567 1617 1594 enim
1636 1566 1758 1594 insinuat
1780 1574 1814 1593 a-

1020 1623 1095 1642 mare
1112 1615 1173 1641 illos
1185 1621 1267 1649 quam
1285 1613 1414 1645 subdere,
1430 1617 1456 1640 et
1471 1613 1647 1648 appropriare
1661 1613 1723 1640 illos
1736 1620 1813 1640 com-

1019 1661 1096 1688 muni
1128 1659 1264 1687 Domino?
1293 1658 1437 1691 Quomodo
1463 1665 1528 1693 ergo
1552 1658 1649 1685 dilexit
1675 1665 1722 1685 eos
1748 1658 1813 1692 plus

1019 1714 1101 1742 quam
1112 1705 1265 1737 Christum,
1279 1712 1342 1732 cttm
1359 1704 1387 1731 iu
1404 1704 1586 1731 odedientiam
1603 1704 1676 1731 illius
1692 1708 1719 1730 et
1733 1711 1812 1730 amo-

1019 1760 1077 1780 rem
1102 1759 1150 1779 eos
1173 1750 1362 1786 pertraheret?
1379 1749 1451 1784 Quin
1473 1749 1577 1785 judicio
1604 1750 1764 1784 incorrupto
1789 1748 1812 1776 si

1020 1799 1083 1834 quis
1104 1798 1157 1825 hoc
1173 1797 1318 1832 ponderet,
1339 1797 1373 1823 ab
1395 1804 1428 1823 eo
1449 1796 1552 1830 poterit
1580 1795 1681 1823 intueri
1703 1795 1812 1822 ﬂamma

1020 1845 1105 1872 divini
1132 1845 1236 1871 amoris
1262 1850 1377 1871 accensa
1400 1842 1516 1869 Paulum
1544 1847 1677 1877 perpetuo
1699 1841 1812 1868 exarde-

1021 1895 1153 1918 scentem.
1183 1889 1242 1916 Non
1264 1888 1401 1916 continuit
1421 1887 1543 1921 seipsum
1563 1888 1597 1915 ad
1613 1886 1699 1914 Deum
1720 1891 1812 1914 trans-

1020 1938 1124 1970 ferens,
1148 1936 1262 1964 adduxit
1283 1935 1354 1962 alios
1374 1942 1428 1960 non
1449 1934 1542 1969 lingua
1564 1938 1682 1966 tantum,
1709 1937 1736 1960 et
1752 1940 1813 1959 ma-

1020 1992 1107 2013 nuum
1132 1983 1263 2019 operibus
1279 1982 1464 2014 miraculosis,
1488 1981 1535 2008 sed
1554 1981 1621 2012 vita.
1642 1979 1768 2007 moribus
1786 1982 1811 2006 et

1020 2031 1096 2059 omni
1108 2030 1214 2058 ratione
1227 2033 1257 2056 ut
1271 2028 1297 2056 id
1318 2032 1410 2063 ageret
1425 2026 1610 2055 contendebat
1625 2035 1631 2052 :
1644 2031 1718 2053 recte
1731 2025 1812 2056 dixit,

959 2101 968 2114 ,
1022 2081 1161 2110 utcunque
1187 2082 1217 2102 se
1243 2081 1259 2101 a
1284 2072 1394 2100 Christo
1421 2080 1474 2099 non
1504 2072 1652 2105 separavit.
1682 2069 1742 2096 Non
1769 2074 1812 2096 est

1019 2121 1241 2157 vituperandum,
1267 2119 1340 2154 quod
1365 2117 1437 2145 alios
1458 2117 1566 2144 volebat
1591 2116 1751 2148 adducere,
1783 2121 1812 2142 at

1020 2176 1149 2204 separare
1174 2174 1205 2195 se
1227 2166 1345 2194 voluisse
1371 2165 1406 2192 ab
1430 2171 1463 2192 eo
1490 2163 1524 2191 ad
1549 2171 1631 2199 quem
1655 2162 1810 2190 adducebat

1022 2217 1100 2249 alios,
1122 2214 1261 2250 quomodo
1281 2220 1335 2240 non
1358 2210 1613 2246 reprehendendum
1627 2210 1638 2236 ’ἒ
1651 2209 1721 2242 Quid
1736 2208 1811 2236 dice-

306 2260 334 2287 δὲ
352 2260 479 2296 χωρίζειν
497 2261 592 2288 ἐαυτὸν
620 2258 696 2295 ᾧτινι
719 2262 857 2298 προσῆγεν
871 2264 967 2297 ἄλλους

1021 2268 1083 2289 mus
1096 2259 1182 2295 ergo?
1207 2260 1248 2286 An
1270 2257 1342 2291 quod
1364 2254 1536 2291 nequaquam
1563 2254 1729 2289 separabat?
1755 2261 1810 2282 non

1016 2307 1090 2336 enim
1104 2306 1172 2334 dixit
1190 2316 1196 2333 :
1212 2304 1283 2340 Opto
1304 2302 1439 2338 separari.
1460 2301 1508 2329 sed
1525 2305 1655 2335 optarent,
1679 2300 1731 2327 hoc
1756 2304 1809 2331 est,

1017 2356 1039 2383 si
1061 2352 1192 2389 possibile
1215 2354 1299 2381 esset.
1330 2350 1354 2378 si
1381 2349 1439 2377 ﬁeri
1460 2352 1564 2383 posset,
1585 2352 1615 2374 ut
1639 2345 1808 2374 desiderium

1017 2401 1140 2429 divinum
1157 2399 1251 2427 divino
1265 2397 1404 2426 desiderio
1425 2396 1600 2428 vinceretur;
1618 2395 1640 2422 si
1664 2401 1742 2421 amor
1758 2394 1807 2420 de-

1018 2454 1084 2475 cens
1101 2446 1184 2473 Deum
1202 2444 1325 2472 divinum
1346 2449 1466 2470 amorem
1489 2440 1712 2472 transcenderet,
1738 2439 1810 2466 hunc

1019 2501 1070 2529 ego
1084 2497 1115 2520 ut
1129 2491 1249 2520 subirem
1268 2488 1472 2517 contenderem.
1487 2487 1585 2515 Omnia
1602 2487 1674 2514 enim
1691 2485 1809 2513 faciebat

1019 2539 1132 2572 Paulus,
1157 2542 1188 2565 ut
1211 2544 1306 2565 omnes
1329 2535 1439 2564 Christo
1461 2534 1654 2566 lucrifaceret,
1682 2532 1810 2567 inprimis

1019 2585 1140 2613 Iudaeos.
1157 2583 1242 2611 Erant
1265 2583 1303 2610 illi
1325 2581 1429 2615 atﬁnes,
1456 2582 1515 2616 lege
1537 2579 1749 2610 ordiuabantur,
1776 2577 1809 2605 ad

1020 2641 1067 2660 eos
1092 2630 1228 2667 promissa
1252 2629 1378 2664 patribus
1403 2629 1437 2655 ab
1461 2627 1541 2654 initio
1568 2630 1731 2660 spectabant
1746 2633 1753 2651 :
1770 2624 1809 2651 illi

1019 2679 1092 2706 ultra
1108 2678 1177 2705 alios
1192 2675 1378 2711 prmdicationi
1391 2673 1563 2701 obsistebant
1581 2681 1589 2699 :
1603 2679 1734 2707 quoetrca
1750 2678 1809 2698 ma-

1021 2726 1062 2761 gis
1084 2723 1117 2751 de
1145 2723 1199 2751 illis
1223 2720 1403 2749 laborandum
1433 2724 1462 2747 et
1488 2717 1708 2746 contendendum
1736 2716 1809 2755 fuit;

1024 2770 1149 2806 inprimis
1167 2776 1202 2796 ne
1213 2767 1352 2795 videretur
1363 2766 1406 2794 lex
1422 2765 1525 2800 aliquid
1543 2765 1637 2801 gratia:
1650 2765 1809 2791 contumul-

830 2859 948 2888 VARI/E
968 2859 1170 2888 LECTIONES.

216 2896 227 2914 ‘
248 2896 292 2924 ίσ.
313 2898 465 2933 σημαίνων.
488 2899 518 2927 C.
533 2899 558 2928 Μ
588 2901 722 2937 σημείων.
