  <div class='ocr_page' id='page_1' title='image "/cluster/home/n/w/nwhite01/storage/ocr_20150623/101:no.1/coo.31924054870054/357.png"; bbox 0 0 4072 6426; ppageno 0'>
   <div class='ocr_carea' id='block_1_1' title="bbox 517 341 623 404">
    <p class='ocr_par' dir='ltr' id='par_1_1' title="bbox 517 341 623 404">
     <span class='ocr_line' id='line_1_1' title="bbox 517 341 623 404; baseline 0 0"><span class='ocrx_word' id='word_1_1' title='bbox 517 341 623 404; x_wconf 77' lang='grc'><strong>659</strong></span> 
     </span>
    </p>
   </div>
   <div class='ocr_carea' id='block_1_2' title="bbox 1669 344 2633 436">
    <p class='ocr_par' dir='ltr' id='par_1_2' title="bbox 1669 344 2633 436">
     <span class='ocr_line' id='line_1_2' title="bbox 1669 344 2633 436; baseline 0.007 -31"><span class='ocrx_word' id='word_1_2' title='bbox 1669 344 1935 405; x_wconf 86' lang='lat' dir='ltr'><strong>PHOTII</strong></span> <span class='ocrx_word' id='word_1_3' title='bbox 1973 344 2478 436; x_wconf 68' lang='grc' dir='ltr'><strong>ΡᾼΤΒΙΛΗΟΠῈ</strong></span> <span class='ocrx_word' id='word_1_4' title='bbox 2524 354 2633 413; x_wconf 76' lang='lat' dir='ltr'><strong>cr.</strong></span> 
     </span>
    </p>
   </div>
   <div class='ocr_carea' id='block_1_3' title="bbox 3682 368 3788 431">
    <p class='ocr_par' dir='ltr' id='par_1_3' title="bbox 3682 368 3788 431">
     <span class='ocr_line' id='line_1_3' title="bbox 3682 368 3788 431; baseline 0.019 -2"><span class='ocrx_word' id='word_1_5' title='bbox 3682 368 3788 431; x_wconf 74' lang='lat'><strong>650</strong></span> 
     </span>
    </p>
   </div>
   <div class='ocr_carea' id='block_1_4' title="bbox 516 457 2079 554">
    <p class='ocr_par' dir='ltr' id='par_1_4' title="bbox 516 457 2079 529">
     <span class='ocr_line' id='line_1_4' title="bbox 516 457 2079 529; baseline 0.005 -21"><span class='ocrx_word' id='word_1_6' title='bbox 516 471 693 520; x_wconf 61' lang='lat' dir='ltr'><strong>casse,</strong></span> <span class='ocrx_word' id='word_1_7' title='bbox 731 470 832 509; x_wconf 92' lang='lat' dir='ltr'><strong>nec</strong></span> <span class='ocrx_word' id='word_1_8' title='bbox 862 457 1072 513; x_wconf 89' lang='lat' dir='ltr'><strong>animas</strong></span> <span class='ocrx_word' id='word_1_9' title='bbox 1096 459 1164 513; x_wconf 87' lang='lat' dir='ltr'><strong>ab</strong></span> <span class='ocrx_word' id='word_1_10' title='bbox 1189 459 1278 514; x_wconf 87' lang='lat' dir='ltr'><strong>illa</strong></span> <span class='ocrx_word' id='word_1_11' title='bbox 1314 460 1692 517; x_wconf 80' lang='lat' dir='ltr'><strong>informandas</strong></span> <span class='ocrx_word' id='word_1_12' title='bbox 1723 459 1895 516; x_wconf 82' lang='lat' dir='ltr'><strong>nihilo</strong></span> <span class='ocrx_word' id='word_1_13' title='bbox 1920 471 2079 529; x_wconf 63' lang='lat' dir='ltr'><strong>ii‘tagt!</strong></span> 
     </span>
    </p>
   </div>
   <div class='ocr_carea' id='block_1_5' title="bbox 2184 457 3785 554">
    <p class='ocr_par' dir='ltr' id='par_1_5' title="bbox 2198 463 3785 554">
     <span class='ocr_line' id='line_1_5' title="bbox 2198 463 3785 554; baseline 0.015 -42"><span class='ocrx_word' id='word_1_14' title='bbox 2198 463 2291 513; x_wconf 76' lang='grc' dir='ltr'><strong>καὶ</strong></span> <span class='ocrx_word' id='word_1_15' title='bbox 2320 464 2352 533; x_wconf 83' lang='grc' dir='ltr'>ὴ</span> <span class='ocrx_word' id='word_1_16' title='bbox 2386 465 2611 537; x_wconf 82' lang='grc' dir='ltr'>σπουδὴ,</span> <span class='ocrx_word' id='word_1_17' title='bbox 2645 468 2738 521; x_wconf 76' lang='grc' dir='ltr'><strong>καὶ</strong></span> <span class='ocrx_word' id='word_1_18' title='bbox 2763 486 2792 523; x_wconf 93' lang='grc' dir='ltr'><strong>ο</strong></span> <span class='ocrx_word' id='word_1_19' title='bbox 2820 470 2999 537; x_wconf 87' lang='grc' dir='ltr'><strong>πόνος,</strong></span> <span class='ocrx_word' id='word_1_20' title='bbox 3032 474 3231 544; x_wconf 78' lang='grc' dir='ltr'>μᾶλλον</span> <span class='ocrx_word' id='word_1_21' title='bbox 3258 477 3346 531; x_wconf 72' lang='grc' dir='ltr'>διὰ</span> <span class='ocrx_word' id='word_1_22' title='bbox 3375 478 3537 533; x_wconf 89' lang='grc' dir='ltr'>τοῦτο</span> <span class='ocrx_word' id='word_1_23' title='bbox 3575 480 3664 534; x_wconf 76' lang='grc' dir='ltr'><strong>ἵνα</strong></span> <span class='ocrx_word' id='word_1_24' title='bbox 3707 488 3785 554; x_wconf 75' lang='grc' dir='ltr'>μὴ</span> 
     </span>
    </p>
   </div>
   <div class='ocr_carea' id='block_1_6' title="bbox 516 547 2092 622">
    <p class='ocr_par' dir='ltr' id='par_1_6' title="bbox 516 547 2092 622">
     <span class='ocr_line' id='line_1_6' title="bbox 516 547 2092 622; baseline 0.009 -25"><span class='ocrx_word' id='word_1_25' title='bbox 516 553 671 612; x_wconf 83' lang='lat' dir='ltr'><strong>aptas</strong></span> <span class='ocrx_word' id='word_1_26' title='bbox 711 547 883 610; x_wconf 83' lang='lat' dir='ltr'><strong>reddi,</strong></span> <span class='ocrx_word' id='word_1_27' title='bbox 933 559 991 601; x_wconf 93' lang='lat' dir='ltr'><strong>ut</strong></span> <span class='ocrx_word' id='word_1_28' title='bbox 1038 553 1434 619; x_wconf 85' lang='lat' dir='ltr'><strong>promissiones</strong></span> <span class='ocrx_word' id='word_1_29' title='bbox 1467 554 1718 622; x_wconf 90' lang='lat' dir='ltr'><strong>patribus</strong></span> <span class='ocrx_word' id='word_1_30' title='bbox 1761 556 1914 610; x_wconf 76' lang='lat' dir='ltr'><strong>facta:</strong></span> <span class='ocrx_word' id='word_1_31' title='bbox 1944 556 2092 611; x_wconf 71' lang='lat' dir='ltr'><strong>falsa:</strong></span> 
     </span>
    </p>
   </div>
   <div class='ocr_carea' id='block_1_7' title="bbox 516 641 2087 718">
    <p class='ocr_par' dir='ltr' id='par_1_7' title="bbox 516 641 2087 718">
     <span class='ocr_line' id='line_1_7' title="bbox 516 641 2087 718; baseline 0.01 -30"><span class='ocrx_word' id='word_1_32' title='bbox 516 645 859 705; x_wconf 88' lang='lat' dir='ltr'><strong>putarentur,</strong></span> <span class='ocrx_word' id='word_1_33' title='bbox 888 656 955 695; x_wconf 90' lang='lat' dir='ltr'><strong>ne</strong></span> <span class='ocrx_word' id='word_1_34' title='bbox 983 641 1237 698; x_wconf 81' lang='lat' dir='ltr'><strong>Christus</strong></span> <span class='ocrx_word' id='word_1_35' title='bbox 1264 646 1435 714; x_wconf 88' lang='lat' dir='ltr'><strong>magis</strong></span> <span class='ocrx_word' id='word_1_36' title='bbox 1463 649 1530 701; x_wconf 91' lang='lat' dir='ltr'><strong>ab</strong></span> <span class='ocrx_word' id='word_1_37' title='bbox 1565 648 1632 702; x_wconf 92' lang='lat' dir='ltr'><strong>iis</strong></span> <span class='ocrx_word' id='word_1_38' title='bbox 1660 648 2087 718; x_wconf 86' lang='lat' dir='ltr'><strong>blasphemetur,</strong></span> 
     </span>
    </p>
   </div>
   <div class='ocr_carea' id='block_1_8' title="bbox 514 727 2092 807">
    <p class='ocr_par' dir='ltr' id='par_1_8' title="bbox 514 727 2092 807">
     <span class='ocr_line' id='line_1_8' title="bbox 514 727 2092 807; baseline 0.01 -30"><span class='ocrx_word' id='word_1_39' title='bbox 514 740 545 776; x_wconf 90' lang='lat' dir='ltr'><strong>a</strong></span> <span class='ocrx_word' id='word_1_40' title='bbox 577 727 779 795; x_wconf 84' lang='lat' dir='ltr'><strong>quibus</strong></span> <span class='ocrx_word' id='word_1_41' title='bbox 812 731 986 800; x_wconf 89' lang='lat' dir='ltr'><strong>magis</strong></span> <span class='ocrx_word' id='word_1_42' title='bbox 1014 734 1275 788; x_wconf 88' lang='lat' dir='ltr'><strong>honorari</strong></span> <span class='ocrx_word' id='word_1_43' title='bbox 1306 735 1485 795; x_wconf 85' lang='lat' dir='ltr'><strong>debet.</strong></span> <span class='ocrx_word' id='word_1_44' title='bbox 1525 752 1593 791; x_wconf 89' lang='lat' dir='ltr'><strong>ne</strong></span> <span class='ocrx_word' id='word_1_45' title='bbox 1618 738 1712 805; x_wconf 87' lang='lat' dir='ltr'><strong>qui</strong></span> <span class='ocrx_word' id='word_1_46' title='bbox 1744 737 2092 807; x_wconf 87' lang='lat' dir='ltr'><strong>conjunctio-</strong></span> 
     </span>
    </p>
   </div>
   <div class='ocr_carea' id='block_1_9' title="bbox 512 818 2091 895">
    <p class='ocr_par' dir='ltr' id='par_1_9' title="bbox 512 818 2091 895">
     <span class='ocr_line' id='line_1_9' title="bbox 512 818 2091 895; baseline 0.008 -27"><span class='ocrx_word' id='word_1_47' title='bbox 512 831 601 871; x_wconf 86' lang='lat' dir='ltr'><strong>res</strong></span> <span class='ocrx_word' id='word_1_48' title='bbox 630 818 863 874; x_wconf 91' lang='lat' dir='ltr'><strong>Domino</strong></span> <span class='ocrx_word' id='word_1_49' title='bbox 904 833 1084 887; x_wconf 86' lang='lat' dir='ltr'><strong>erant,</strong></span> <span class='ocrx_word' id='word_1_50' title='bbox 1138 824 1193 895; x_wconf 81' lang='lat' dir='ltr'><strong>in</strong></span> <span class='ocrx_word' id='word_1_51' title='bbox 1247 840 1594 881; x_wconf 83' lang='lat' dir='ltr'><strong>communem</strong></span> <span class='ocrx_word' id='word_1_52' title='bbox 1631 827 1922 882; x_wconf 89' lang='lat' dir='ltr'><strong>Dominum</strong></span> <span class='ocrx_word' id='word_1_53' title='bbox 1958 844 2091 884; x_wconf 91' lang='lat' dir='ltr'><strong>con-</strong></span> 
     </span>
    </p>
   </div>
   <div class='ocr_carea' id='block_1_10' title="bbox 511 909 2087 991">
    <p class='ocr_par' dir='ltr' id='par_1_10' title="bbox 511 909 2087 991">
     <span class='ocr_line' id='line_1_10' title="bbox 511 909 2087 991; baseline 0.011 -31"><span class='ocrx_word' id='word_1_54' title='bbox 511 909 859 967; x_wconf 85' lang='lat' dir='ltr'><strong>tumeliosius</strong></span> <span class='ocrx_word' id='word_1_55' title='bbox 892 925 1139 981; x_wconf 88' lang='lat' dir='ltr'><strong>agerent,</strong></span> <span class='ocrx_word' id='word_1_56' title='bbox 1170 917 1290 985; x_wconf 91' lang='lat' dir='ltr'><strong>ipse</strong></span> <span class='ocrx_word' id='word_1_57' title='bbox 1325 919 1601 974; x_wconf 79' lang='lat' dir='ltr'><strong>videretur</strong></span> <span class='ocrx_word' id='word_1_58' title='bbox 1653 922 1908 976; x_wconf 64' lang='lat' dir='ltr'><strong>maximae</strong></span> <span class='ocrx_word' id='word_1_59' title='bbox 1946 923 2087 991; x_wconf 88' lang='lat' dir='ltr'><strong>parti</strong></span> 
     </span>
    </p>
   </div>
   <div class='ocr_carea' id='block_1_11' title="bbox 510 1003 2088 1073">
    <p class='ocr_par' dir='ltr' id='par_1_11' title="bbox 510 1003 2088 1073">
     <span class='ocr_line' id='line_1_11' title="bbox 510 1003 2088 1073; baseline 0.01 -21"><span class='ocrx_word' id='word_1_60' title='bbox 510 1003 1051 1073; x_wconf 81' lang='lat' dir='ltr'><strong>consanguineorum</strong></span> <span class='ocrx_word' id='word_1_61' title='bbox 1099 1008 1387 1066; x_wconf 90' lang='lat' dir='ltr'><strong>insultare.</strong></span> <span class='ocrx_word' id='word_1_62' title='bbox 1441 1010 1651 1065; x_wconf 86' lang='lat' dir='ltr'><strong>Taliter</strong></span> <span class='ocrx_word' id='word_1_63' title='bbox 1691 1014 1837 1067; x_wconf 89' lang='lat' dir='ltr'><strong>enim</strong></span> <span class='ocrx_word' id='word_1_64' title='bbox 1884 1010 2088 1069; x_wconf 82' lang='lat' dir='ltr'><strong>Paulus</strong></span> 
     </span>
    </p>
   </div>
   <div class='ocr_carea' id='block_1_12' title="bbox 509 1095 2089 1173">
    <p class='ocr_par' dir='ltr' id='par_1_12' title="bbox 509 1095 2089 1173">
     <span class='ocr_line' id='line_1_12' title="bbox 509 1095 2089 1173; baseline 0.011 -30"><span class='ocrx_word' id='word_1_65' title='bbox 509 1100 626 1145; x_wconf 90' lang='lat' dir='ltr'><strong>erat</strong></span> <span class='ocrx_word' id='word_1_66' title='bbox 654 1095 952 1163; x_wconf 90' lang='lat' dir='ltr'><strong>animatus,</strong></span> <span class='ocrx_word' id='word_1_67' title='bbox 1010 1109 1069 1153; x_wconf 91' lang='lat' dir='ltr'><strong>ut</strong></span> <span class='ocrx_word' id='word_1_68' title='bbox 1109 1101 1311 1171; x_wconf 90' lang='lat' dir='ltr'><strong>ubique</strong></span> <span class='ocrx_word' id='word_1_69' title='bbox 1360 1103 1415 1156; x_wconf 91' lang='lat' dir='ltr'><strong>in</strong></span> <span class='ocrx_word' id='word_1_70' title='bbox 1450 1105 1709 1159; x_wconf 86' lang='lat' dir='ltr'><strong>omnibus</strong></span> <span class='ocrx_word' id='word_1_71' title='bbox 1757 1105 1987 1173; x_wconf 77' lang='lat' dir='ltr'><strong>gloriam</strong></span> <span class='ocrx_word' id='word_1_72' title='bbox 2034 1115 2089 1160; x_wconf 91' lang='lat' dir='ltr'><strong>et</strong></span> 
     </span>
    </p>
   </div>
   <div class='ocr_carea' id='block_1_13' title="bbox 508 1189 2089 1266">
    <p class='ocr_par' dir='ltr' id='par_1_13' title="bbox 508 1189 2089 1266">
     <span class='ocr_line' id='line_1_13' title="bbox 508 1189 2089 1266; baseline 0.006 -24"><span class='ocrx_word' id='word_1_73' title='bbox 508 1189 718 1243; x_wconf 90' lang='lat' dir='ltr'><strong>cultum</strong></span> <span class='ocrx_word' id='word_1_74' title='bbox 751 1190 1061 1246; x_wconf 88' lang='lat' dir='ltr'><strong>absolutum</strong></span> <span class='ocrx_word' id='word_1_75' title='bbox 1102 1192 1211 1248; x_wconf 91' lang='lat' dir='ltr'><strong>Deo</strong></span> <span class='ocrx_word' id='word_1_76' title='bbox 1239 1194 1481 1248; x_wconf 91' lang='lat' dir='ltr'><strong>debitum</strong></span> <span class='ocrx_word' id='word_1_77' title='bbox 1511 1195 1759 1263; x_wconf 63' lang='lat' dir='ltr'><strong>praestari</strong></span> <span class='ocrx_word' id='word_1_78' title='bbox 1801 1196 1958 1250; x_wconf 80' lang='lat' dir='ltr'><strong>vellet</strong></span> <span class='ocrx_word' id='word_1_79' title='bbox 1990 1212 2089 1266; x_wconf 90' lang='lat' dir='ltr'><strong>per</strong></span> 
     </span>
    </p>
   </div>
   <div class='ocr_carea' id='block_1_14' title="bbox 509 1281 2087 1357">
    <p class='ocr_par' dir='ltr' id='par_1_14' title="bbox 509 1281 2087 1357">
     <span class='ocr_line' id='line_1_14' title="bbox 509 1281 2087 1357; baseline 0.005 -22"><span class='ocrx_word' id='word_1_80' title='bbox 509 1281 777 1349; x_wconf 85' lang='lat' dir='ltr'><strong>seipsum,</strong></span> <span class='ocrx_word' id='word_1_81' title='bbox 805 1297 902 1351; x_wconf 90' lang='lat' dir='ltr'><strong>per</strong></span> <span class='ocrx_word' id='word_1_82' title='bbox 950 1298 1120 1353; x_wconf 88' lang='lat' dir='ltr'><strong>genus</strong></span> <span class='ocrx_word' id='word_1_83' title='bbox 1149 1299 1333 1348; x_wconf 90' lang='lat' dir='ltr'><strong>suum,</strong></span> <span class='ocrx_word' id='word_1_84' title='bbox 1360 1298 1458 1353; x_wconf 90' lang='lat' dir='ltr'><strong>per</strong></span> <span class='ocrx_word' id='word_1_85' title='bbox 1482 1293 1692 1353; x_wconf 78' lang='lat' dir='ltr'><strong>gentes,</strong></span> <span class='ocrx_word' id='word_1_86' title='bbox 1719 1301 1789 1340; x_wconf 90' lang='lat' dir='ltr'><strong>ne</strong></span> <span class='ocrx_word' id='word_1_87' title='bbox 1817 1286 1869 1340; x_wconf 92' lang='lat' dir='ltr'><strong>in</strong></span> <span class='ocrx_word' id='word_1_88' title='bbox 1902 1287 2087 1357; x_wconf 89' lang='lat' dir='ltr'><strong>aliquo</strong></span> 
     </span>
    </p>
   </div>
   <div class='ocr_carea' id='block_1_15' title="bbox 509 1372 2087 1448">
    <p class='ocr_par' dir='ltr' id='par_1_15' title="bbox 509 1372 2087 1448">
     <span class='ocr_line' id='line_1_15' title="bbox 509 1372 2087 1448; baseline 0.006 -24"><span class='ocrx_word' id='word_1_89' title='bbox 509 1372 726 1428; x_wconf 85' lang='lat' dir='ltr'><strong>deesset</strong></span> <span class='ocrx_word' id='word_1_90' title='bbox 756 1376 1096 1443; x_wconf 89' lang='lat' dir='ltr'><strong>apostolatus</strong></span> <span class='ocrx_word' id='word_1_91' title='bbox 1142 1376 1228 1431; x_wconf 92' lang='lat' dir='ltr'><strong>sui</strong></span> <span class='ocrx_word' id='word_1_92' title='bbox 1263 1377 1556 1442; x_wconf 80' lang='lat' dir='ltr'><strong>functioni,</strong></span> <span class='ocrx_word' id='word_1_93' title='bbox 1605 1379 1857 1448; x_wconf 87' lang='lat' dir='ltr'><strong>inprimis</strong></span> <span class='ocrx_word' id='word_1_94' title='bbox 1893 1380 2087 1435; x_wconf 86' lang='lat' dir='ltr'><strong>inlide-</strong></span> 
     </span>
    </p>
   </div>
   <div class='ocr_carea' id='block_1_16' title="bbox 508 1461 2082 1537">
    <p class='ocr_par' dir='ltr' id='par_1_16' title="bbox 508 1461 2082 1537">
     <span class='ocr_line' id='line_1_16' title="bbox 508 1461 2082 1537; baseline 0.006 -22"><span class='ocrx_word' id='word_1_95' title='bbox 508 1461 635 1518; x_wconf 90' lang='lat' dir='ltr'><strong>litas</strong></span> <span class='ocrx_word' id='word_1_96' title='bbox 658 1466 1195 1537; x_wconf 83' lang='lat' dir='ltr'><strong>consanguineorum</strong></span> <span class='ocrx_word' id='word_1_97' title='bbox 1226 1468 1381 1522; x_wconf 91' lang='lat' dir='ltr'><strong>illum</strong></span> <span class='ocrx_word' id='word_1_98' title='bbox 1418 1469 1558 1524; x_wconf 87' lang='lat' dir='ltr'><strong>male</strong></span> <span class='ocrx_word' id='word_1_99' title='bbox 1598 1468 1854 1536; x_wconf 83' lang='lat' dir='ltr'><strong>habebat,</strong></span> <span class='ocrx_word' id='word_1_100' title='bbox 1892 1485 2082 1525; x_wconf 88' lang='lat' dir='ltr'><strong>eorum</strong></span> 
     </span>
    </p>
   </div>
   <div class='ocr_carea' id='block_1_17' title="bbox 511 1558 2086 1632">
    <p class='ocr_par' dir='ltr' id='par_1_17' title="bbox 511 1558 2086 1632">
     <span class='ocr_line' id='line_1_17' title="bbox 511 1558 2086 1632; baseline 0.006 -23"><span class='ocrx_word' id='word_1_101' title='bbox 511 1570 680 1611; x_wconf 90' lang='lat' dir='ltr'><strong>causa</strong></span> <span class='ocrx_word' id='word_1_102' title='bbox 714 1558 1177 1615; x_wconf 85' lang='lat' dir='ltr'><strong>inﬂammabatur.</strong></span> <span class='ocrx_word' id='word_1_103' title='bbox 1229 1561 1345 1618; x_wconf 89' lang='lat' dir='ltr'><strong>Hoc</strong></span> <span class='ocrx_word' id='word_1_104' title='bbox 1375 1562 1625 1618; x_wconf 88' lang='lat' dir='ltr'><strong>indicans</strong></span> <span class='ocrx_word' id='word_1_105' title='bbox 1659 1562 1791 1618; x_wconf 88' lang='lat' dir='ltr'><strong>dicit</strong></span> <span class='ocrx_word' id='word_1_106' title='bbox 1822 1583 1834 1617; x_wconf 89' lang='lat'>:</span> <span class='ocrx_word' id='word_1_107' title='bbox 1872 1582 1889 1615; x_wconf 85' lang='grc'>‹</span> <span class='ocrx_word' id='word_1_108' title='bbox 1917 1564 2086 1632; x_wconf 89' lang='lat' dir='ltr'><strong>Opta-</strong></span> 
     </span>
    </p>
   </div>
   <div class='ocr_carea' id='block_1_18' title="bbox 507 1650 2082 1723">
    <p class='ocr_par' dir='ltr' id='par_1_18' title="bbox 507 1650 2082 1723">
     <span class='ocr_line' id='line_1_18' title="bbox 507 1650 2082 1723; baseline 0.008 -27"><span class='ocrx_word' id='word_1_109' title='bbox 507 1658 624 1697; x_wconf 89' lang='lat' dir='ltr'><strong>rem</strong></span> <span class='ocrx_word' id='word_1_110' title='bbox 670 1660 769 1716; x_wconf 89' lang='lat' dir='ltr'><strong>ego</strong></span> <span class='ocrx_word' id='word_1_111' title='bbox 818 1651 1107 1704; x_wconf 86' lang='lat' dir='ltr'><strong>anathema</strong></span> <span class='ocrx_word' id='word_1_112' title='bbox 1152 1650 1313 1706; x_wconf 81' lang='lat' dir='ltr'><strong>ﬁeri:</strong></span> <span class='ocrx_word' id='word_1_113' title='bbox 1354 1672 1373 1705; x_wconf 72' lang='grc' dir='ltr'><strong>ι</strong></span> <span class='ocrx_word' id='word_1_114' title='bbox 1427 1652 1530 1708; x_wconf 90' lang='lat' dir='ltr'><strong>hoc</strong></span> <span class='ocrx_word' id='word_1_115' title='bbox 1588 1662 1647 1707; x_wconf 95' lang='lat' dir='ltr'><strong>ut</strong></span> <span class='ocrx_word' id='word_1_116' title='bbox 1685 1655 2082 1723; x_wconf 90' lang='lat' dir='ltr'><strong>pronuntiem,</strong></span> 
     </span>
    </p>
   </div>
   <div class='ocr_carea' id='block_1_19' title="bbox 504 1736 2085 1815">
    <p class='ocr_par' dir='ltr' id='par_1_19' title="bbox 504 1736 2085 1815">
     <span class='ocr_line' id='line_1_19' title="bbox 504 1736 2085 1815; baseline 0.011 -26"><span class='ocrx_word' id='word_1_117' title='bbox 504 1736 763 1793; x_wconf 77' lang='lat' dir='ltr'><strong>Stimulos</strong></span> <span class='ocrx_word' id='word_1_118' title='bbox 790 1741 993 1796; x_wconf 89' lang='lat' dir='ltr'><strong>amoris</strong></span> <span class='ocrx_word' id='word_1_119' title='bbox 1024 1743 1127 1797; x_wconf 91' lang='lat' dir='ltr'><strong>mei</strong></span> <span class='ocrx_word' id='word_1_120' title='bbox 1162 1759 1249 1799; x_wconf 90' lang='lat' dir='ltr'><strong>me</strong></span> <span class='ocrx_word' id='word_1_121' title='bbox 1270 1755 1534 1815; x_wconf 89' lang='lat' dir='ltr'><strong>provocat</strong></span> <span class='ocrx_word' id='word_1_122' title='bbox 1562 1765 1577 1802; x_wconf 90' lang='lat'><strong>:</strong></span> <span class='ocrx_word' id='word_1_123' title='bbox 1613 1747 1919 1804; x_wconf 70' lang='lat' dir='ltr'><strong>aﬁeetionis</strong></span> <span class='ocrx_word' id='word_1_124' title='bbox 1951 1768 2085 1806; x_wconf 69' lang='lat' dir='ltr'><strong>mea:</strong></span> 
     </span>
    </p>
   </div>
   <div class='ocr_carea' id='block_1_20' title="bbox 505 1828 2078 1911">
    <p class='ocr_par' dir='ltr' id='par_1_20' title="bbox 505 1828 2078 1911">
     <span class='ocr_line' id='line_1_20' title="bbox 505 1828 2078 1911; baseline 0.01 -28"><span class='ocrx_word' id='word_1_125' title='bbox 505 1828 724 1885; x_wconf 86' lang='lat' dir='ltr'><strong>ﬂamma</strong></span> <span class='ocrx_word' id='word_1_126' title='bbox 754 1833 963 1888; x_wconf 88' lang='lat' dir='ltr'><strong>viscera</strong></span> <span class='ocrx_word' id='word_1_127' title='bbox 989 1836 1288 1906; x_wconf 86' lang='lat' dir='ltr'><strong>depascens</strong></span> <span class='ocrx_word' id='word_1_128' title='bbox 1322 1838 1395 1893; x_wconf 87' lang='lat' dir='ltr'><strong>ita</strong></span> <span class='ocrx_word' id='word_1_129' title='bbox 1417 1854 1504 1894; x_wconf 90' lang='lat' dir='ltr'><strong>me</strong></span> <span class='ocrx_word' id='word_1_130' title='bbox 1529 1842 1675 1911; x_wconf 85' lang='lat' dir='ltr'><strong>cogit</strong></span> <span class='ocrx_word' id='word_1_131' title='bbox 1696 1843 2039 1911; x_wconf 87' lang='lat' dir='ltr'><strong>proclamare</strong></span> <span class='ocrx_word' id='word_1_132' title='bbox 2063 1862 2078 1899; x_wconf 91' lang='lat'><strong>:</strong></span> 
     </span>
    </p>
   </div>
   <div class='ocr_carea' id='block_1_21' title="bbox 506 1924 2095 1998">
    <p class='ocr_par' dir='ltr' id='par_1_21' title="bbox 506 1924 2095 1998">
     <span class='ocr_line' id='line_1_21' title="bbox 506 1924 2095 1998; baseline 0.011 -25"><span class='ocrx_word' id='word_1_133' title='bbox 506 1935 664 1974; x_wconf 90' lang='lat' dir='ltr'><strong>amor</strong></span> <span class='ocrx_word' id='word_1_134' title='bbox 691 1938 817 1995; x_wconf 86' lang='lat' dir='ltr'><strong>erga</strong></span> <span class='ocrx_word' id='word_1_135' title='bbox 846 1924 1122 1979; x_wconf 83' lang='lat' dir='ltr'><strong>Christum</strong></span> <span class='ocrx_word' id='word_1_136' title='bbox 1154 1942 1309 1983; x_wconf 92' lang='lat' dir='ltr'><strong>meus</strong></span> <span class='ocrx_word' id='word_1_137' title='bbox 1334 1931 1627 1998; x_wconf 82' lang='lat' dir='ltr'><strong>persuasit,</strong></span> <span class='ocrx_word' id='word_1_138' title='bbox 1666 1940 1724 1985; x_wconf 91' lang='lat' dir='ltr'><strong>ut</strong></span> <span class='ocrx_word' id='word_1_139' title='bbox 1755 1933 1806 1986; x_wconf 90' lang='lat' dir='ltr'><strong>in</strong></span> <span class='ocrx_word' id='word_1_140' title='bbox 1835 1926 2095 1990; x_wconf 28' lang='lat' dir='ltr'><strong>animum.</strong></span> 
     </span>
    </p>
   </div>
   <div class='ocr_carea' id='block_1_22' title="bbox 504 2012 2078 2095">
    <p class='ocr_par' dir='ltr' id='par_1_22' title="bbox 504 2012 2078 2095">
     <span class='ocr_line' id='line_1_22' title="bbox 504 2012 2078 2095; baseline 0.01 -29"><span class='ocrx_word' id='word_1_141' title='bbox 504 2012 759 2069; x_wconf 80' lang='lat' dir='ltr'><strong>inducam</strong></span> <span class='ocrx_word' id='word_1_142' title='bbox 802 2017 1049 2088; x_wconf 88' lang='lat' dir='ltr'><strong>singulos</strong></span> <span class='ocrx_word' id='word_1_143' title='bbox 1107 2020 1209 2089; x_wconf 77' lang='lat' dir='ltr'><strong>ipsi</strong></span> <span class='ocrx_word' id='word_1_144' title='bbox 1243 2032 1593 2077; x_wconf 87' lang='lat' dir='ltr'><strong>consecratos</strong></span> <span class='ocrx_word' id='word_1_145' title='bbox 1611 2024 2078 2095; x_wconf 78' lang='lat' dir='ltr'><strong>darezoptarem,</strong></span> 
     </span>
    </p>
   </div>
   <div class='ocr_carea' id='block_1_23' title="bbox 504 2104 2081 2189">
    <p class='ocr_par' dir='ltr' id='par_1_23' title="bbox 504 2104 2081 2189">
     <span class='ocr_line' id='line_1_23' title="bbox 504 2104 2081 2189; baseline 0.01 -31"><span class='ocrx_word' id='word_1_146' title='bbox 504 2104 553 2158; x_wconf 95' lang='lat' dir='ltr'><strong>si</strong></span> <span class='ocrx_word' id='word_1_147' title='bbox 613 2108 1028 2175; x_wconf 89' lang='lat' dir='ltr'><strong>concederetur,</strong></span> <span class='ocrx_word' id='word_1_148' title='bbox 1093 2112 1140 2166; x_wconf 90' lang='lat' dir='ltr'><strong>si</strong></span> <span class='ocrx_word' id='word_1_149' title='bbox 1199 2112 1408 2177; x_wconf 88' lang='lat' dir='ltr'><strong>liceret,</strong></span> <span class='ocrx_word' id='word_1_150' title='bbox 1464 2115 1511 2168; x_wconf 90' lang='lat' dir='ltr'><strong>si</strong></span> <span class='ocrx_word' id='word_1_151' title='bbox 1563 2117 1841 2185; x_wconf 89' lang='lat' dir='ltr'><strong>apostasia</strong></span> <span class='ocrx_word' id='word_1_152' title='bbox 1896 2119 2081 2189; x_wconf 90' lang='lat' dir='ltr'><strong>aliqua</strong></span> 
     </span>
    </p>
   </div>
   <div class='ocr_carea' id='block_1_24' title="bbox 503 2195 2079 2280">
    <p class='ocr_par' dir='ltr' id='par_1_24' title="bbox 503 2195 2079 2280">
     <span class='ocr_line' id='line_1_24' title="bbox 503 2195 2079 2280; baseline 0.01 -30"><span class='ocrx_word' id='word_1_153' title='bbox 503 2195 762 2253; x_wconf 88' lang='lat' dir='ltr'><strong>salutaris</strong></span> <span class='ocrx_word' id='word_1_154' title='bbox 809 2210 975 2267; x_wconf 89' lang='lat' dir='ltr'><strong>esset,</strong></span> <span class='ocrx_word' id='word_1_155' title='bbox 1010 2217 1131 2270; x_wconf 69' lang='lat' dir='ltr'><strong>qua:</strong></span> <span class='ocrx_word' id='word_1_156' title='bbox 1169 2218 1292 2257; x_wconf 88' lang='lat' dir='ltr'><strong>cum</strong></span> <span class='ocrx_word' id='word_1_157' title='bbox 1334 2203 1444 2259; x_wconf 93' lang='lat' dir='ltr'><strong>Deo</strong></span> <span class='ocrx_word' id='word_1_158' title='bbox 1473 2216 1799 2274; x_wconf 88' lang='lat' dir='ltr'><strong>procuraret</strong></span> <span class='ocrx_word' id='word_1_159' title='bbox 1841 2210 2079 2280; x_wconf 88' lang='lat' dir='ltr'><strong>conjun-</strong></span> 
     </span>
    </p>
   </div>
   <div class='ocr_carea' id='block_1_25' title="bbox 503 2286 2080 2370">
    <p class='ocr_par' dir='ltr' id='par_1_25' title="bbox 503 2286 2080 2370">
     <span class='ocr_line' id='line_1_25' title="bbox 503 2286 2080 2370; baseline 0.013 -33"><span class='ocrx_word' id='word_1_160' title='bbox 503 2286 761 2353; x_wconf 87' lang='lat' dir='ltr'><strong>ctionem,</strong></span> <span class='ocrx_word' id='word_1_161' title='bbox 808 2289 855 2343; x_wconf 90' lang='lat' dir='ltr'><strong>si</strong></span> <span class='ocrx_word' id='word_1_162' title='bbox 892 2306 1000 2359; x_wconf 89' lang='lat' dir='ltr'><strong>qua</strong></span> <span class='ocrx_word' id='word_1_163' title='bbox 1022 2295 1296 2361; x_wconf 88' lang='lat' dir='ltr'><strong>separatio</strong></span> <span class='ocrx_word' id='word_1_164' title='bbox 1355 2297 1562 2352; x_wconf 88' lang='lat' dir='ltr'><strong>arctius</strong></span> <span class='ocrx_word' id='word_1_165' title='bbox 1614 2300 1978 2370; x_wconf 89' lang='lat' dir='ltr'><strong>constringat,</strong></span> <span class='ocrx_word' id='word_1_166' title='bbox 2031 2303 2080 2358; x_wconf 88' lang='lat' dir='ltr'><strong>si</strong></span> 
     </span>
    </p>
   </div>
   <div class='ocr_carea' id='block_1_26' title="bbox 503 2379 2080 2462">
    <p class='ocr_par' dir='ltr' id='par_1_26' title="bbox 503 2379 2080 2462">
     <span class='ocr_line' id='line_1_26' title="bbox 503 2379 2080 2462; baseline 0.014 -34"><span class='ocrx_word' id='word_1_167' title='bbox 503 2392 612 2445; x_wconf 90' lang='lat' dir='ltr'><strong>qua</strong></span> <span class='ocrx_word' id='word_1_168' title='bbox 662 2379 924 2437; x_wconf 90' lang='lat' dir='ltr'><strong>alienatio</strong></span> <span class='ocrx_word' id='word_1_169' title='bbox 969 2384 1267 2453; x_wconf 85' lang='lat' dir='ltr'><strong>perfectius</strong></span> <span class='ocrx_word' id='word_1_170' title='bbox 1313 2387 1472 2442; x_wconf 91' lang='lat' dir='ltr'><strong>uniat</strong></span> <span class='ocrx_word' id='word_1_171' title='bbox 1502 2406 1515 2443; x_wconf 92' lang='lat'>:</span> <span class='ocrx_word' id='word_1_172' title='bbox 1549 2406 1675 2444; x_wconf 91' lang='lat' dir='ltr'><strong>nam</strong></span> <span class='ocrx_word' id='word_1_173' title='bbox 1728 2408 1829 2462; x_wconf 90' lang='lat' dir='ltr'><strong>pro</strong></span> <span class='ocrx_word' id='word_1_174' title='bbox 1871 2392 2080 2450; x_wconf 81' lang='lat' dir='ltr'><strong>Christi</strong></span> 
     </span>
    </p>
   </div>
   <div class='ocr_carea' id='block_1_27' title="bbox 503 2471 2079 2556">
    <p class='ocr_par' dir='ltr' id='par_1_27' title="bbox 503 2471 2079 2556">
     <span class='ocr_line' id='line_1_27' title="bbox 503 2471 2079 2556; baseline 0.013 -33"><span class='ocrx_word' id='word_1_175' title='bbox 503 2471 695 2538; x_wconf 80' lang='lat' dir='ltr'><strong>gloria,</strong></span> <span class='ocrx_word' id='word_1_176' title='bbox 733 2482 788 2528; x_wconf 89' lang='lat' dir='ltr'><strong>et</strong></span> <span class='ocrx_word' id='word_1_177' title='bbox 818 2477 1212 2533; x_wconf 86' lang='lat' dir='ltr'><strong>contribulium</strong></span> <span class='ocrx_word' id='word_1_178' title='bbox 1244 2482 1445 2548; x_wconf 89' lang='lat' dir='ltr'><strong>salute,</strong></span> <span class='ocrx_word' id='word_1_179' title='bbox 1483 2499 1551 2538; x_wconf 90' lang='lat' dir='ltr'><strong>ne</strong></span> <span class='ocrx_word' id='word_1_180' title='bbox 1580 2485 1686 2539; x_wconf 88' lang='lat' dir='ltr'><strong>hoc</strong></span> <span class='ocrx_word' id='word_1_181' title='bbox 1728 2501 1829 2554; x_wconf 86' lang='lat' dir='ltr'><strong>ego</strong></span> <span class='ocrx_word' id='word_1_182' title='bbox 1856 2488 2079 2556; x_wconf 84' lang='lat' dir='ltr'><strong>quidem</strong></span> 
     </span>
    </p>
   </div>
   <div class='ocr_carea' id='block_1_28' title="bbox 500 2567 2080 2654">
    <p class='ocr_par' dir='ltr' id='par_1_28' title="bbox 500 2567 2080 2654">
     <span class='ocr_line' id='line_1_28' title="bbox 500 2567 2080 2654; baseline 0.018 -41"><span class='ocrx_word' id='word_1_183' title='bbox 500 2567 999 2632; x_wconf 70' lang='lat' dir='ltr'><strong>pnetermitterem.</strong></span> <span class='ocrx_word' id='word_1_184' title='bbox 1026 2571 1323 2643; x_wconf 75' lang='lat' dir='ltr'><strong>Postquam</strong></span> <span class='ocrx_word' id='word_1_185' title='bbox 1350 2585 1501 2633; x_wconf 90' lang='lat' dir='ltr'><strong>certe</strong></span> <span class='ocrx_word' id='word_1_186' title='bbox 1537 2595 1802 2649; x_wconf 90' lang='lat' dir='ltr'><strong>amorem,</strong></span> <span class='ocrx_word' id='word_1_187' title='bbox 1834 2600 1996 2654; x_wconf 86' lang='lat' dir='ltr'><strong>quem</strong></span> <span class='ocrx_word' id='word_1_188' title='bbox 2024 2588 2080 2641; x_wconf 89' lang='lat' dir='ltr'><strong>in</strong></span> 
     </span>
    </p>
   </div>
   <div class='ocr_carea' id='block_1_29' title="bbox 501 2655 2082 2742">
    <p class='ocr_par' dir='ltr' id='par_1_29' title="bbox 501 2655 2082 2742">
     <span class='ocr_line' id='line_1_29' title="bbox 501 2655 2082 2742; baseline 0.018 -33"><span class='ocrx_word' id='word_1_189' title='bbox 501 2655 784 2712; x_wconf 87' lang='lat' dir='ltr'><strong>Christum</strong></span> <span class='ocrx_word' id='word_1_190' title='bbox 816 2663 1061 2731; x_wconf 87' lang='lat' dir='ltr'><strong>gerebat,</strong></span> <span class='ocrx_word' id='word_1_191' title='bbox 1086 2668 1411 2724; x_wconf 88' lang='lat' dir='ltr'><strong>omnimodo</strong></span> <span class='ocrx_word' id='word_1_192' title='bbox 1443 2673 1846 2742; x_wconf 83' lang='lat' dir='ltr'><strong>manifestarat,</strong></span> <span class='ocrx_word' id='word_1_193' title='bbox 1875 2696 2000 2734; x_wconf 88' lang='lat' dir='ltr'><strong>nam</strong></span> <span class='ocrx_word' id='word_1_194' title='bbox 2029 2690 2082 2737; x_wconf 90' lang='lat' dir='ltr'><strong>et</strong></span> 
     </span>
    </p>
   </div>
   <div class='ocr_carea' id='block_1_30' title="bbox 502 2748 2078 2829">
    <p class='ocr_par' dir='ltr' id='par_1_30' title="bbox 502 2748 2078 2829">
     <span class='ocr_line' id='line_1_30' title="bbox 502 2748 2078 2829; baseline 0.018 -31"><span class='ocrx_word' id='word_1_195' title='bbox 502 2748 687 2803; x_wconf 84' lang='lat' dir='ltr'><strong>verbis</strong></span> <span class='ocrx_word' id='word_1_196' title='bbox 721 2755 998 2821; x_wconf 81' lang='lat' dir='ltr'><strong>expressis</strong></span> <span class='ocrx_word' id='word_1_197' title='bbox 1024 2758 1138 2811; x_wconf 88' lang='lat' dir='ltr'><strong>ait:</strong></span> <span class='ocrx_word' id='word_1_198' title='bbox 1176 2778 1193 2811; x_wconf 79' lang='grc' dir='ltr'><strong>ι</strong></span> <span class='ocrx_word' id='word_1_199' title='bbox 1224 2758 1529 2819; x_wconf 85' lang='lat' dir='ltr'><strong>Persuasus</strong></span> <span class='ocrx_word' id='word_1_200' title='bbox 1580 2782 1723 2829; x_wconf 88' lang='lat' dir='ltr'><strong>sum.</strong></span> <span class='ocrx_word' id='word_1_201' title='bbox 1755 2787 1773 2820; x_wconf 77' lang='grc' dir='ltr'><strong>ι</strong></span> <span class='ocrx_word' id='word_1_202' title='bbox 1814 2770 1887 2826; x_wconf 87' lang='lat' dir='ltr'><strong>ita</strong></span> <span class='ocrx_word' id='word_1_203' title='bbox 1931 2774 2078 2829; x_wconf 86' lang='lat' dir='ltr'><strong>enim</strong></span> 
     </span>
    </p>
   </div>
   <div class='ocr_carea' id='block_1_31' title="bbox 502 2838 2078 2931">
    <p class='ocr_par' dir='ltr' id='par_1_31' title="bbox 502 2838 2078 2931">
     <span class='ocr_line' id='line_1_31' title="bbox 502 2838 2078 2931; baseline 0.019 -40"><span class='ocrx_word' id='word_1_204' title='bbox 502 2838 667 2893; x_wconf 83' lang='lat' dir='ltr'><strong>ﬁdem</strong></span> <span class='ocrx_word' id='word_1_205' title='bbox 717 2858 814 2912; x_wconf 84' lang='lat' dir='ltr'><strong>per</strong></span> <span class='ocrx_word' id='word_1_206' title='bbox 852 2860 1018 2915; x_wconf 88' lang='lat' dir='ltr'><strong>opera</strong></span> <span class='ocrx_word' id='word_1_207' title='bbox 1058 2852 1369 2919; x_wconf 79' lang='lat' dir='ltr'><strong>conﬁrmat,</strong></span> <span class='ocrx_word' id='word_1_208' title='bbox 1430 2873 1449 2906; x_wconf 84' lang='grc'><em>‹</em></span> <span class='ocrx_word' id='word_1_209' title='bbox 1492 2859 1636 2926; x_wconf 90' lang='lat' dir='ltr'><strong>quod</strong></span> <span class='ocrx_word' id='word_1_210' title='bbox 1679 2875 1854 2931; x_wconf 85' lang='lat' dir='ltr'><strong>neque</strong></span> <span class='ocrx_word' id='word_1_211' title='bbox 1927 2880 2078 2920; x_wconf 92' lang='lat' dir='ltr'><strong>mors</strong></span> 
     </span>
    </p>
   </div>
   <div class='ocr_carea' id='block_1_32' title="bbox 502 2933 2080 3021">
    <p class='ocr_par' dir='ltr' id='par_1_32' title="bbox 502 2933 2080 3021">
     <span class='ocr_line' id='line_1_32' title="bbox 502 2933 2080 3021; baseline 0.018 -38"><span class='ocrx_word' id='word_1_212' title='bbox 502 2945 684 2999; x_wconf 90' lang='lat' dir='ltr'><strong>neque</strong></span> <span class='ocrx_word' id='word_1_213' title='bbox 731 2933 862 3002; x_wconf 85' lang='lat' dir='ltr'><strong>vita,</strong></span> <span class='ocrx_word' id='word_1_214' title='bbox 905 2953 1003 2992; x_wconf 90' lang='lat' dir='ltr'><strong>nec</strong></span> <span class='ocrx_word' id='word_1_215' title='bbox 1052 2940 1393 3012; x_wconf 87' lang='lat' dir='ltr'><strong>principatus</strong></span> <span class='ocrx_word' id='word_1_216' title='bbox 1439 2962 1538 3002; x_wconf 90' lang='lat' dir='ltr'><strong>nec</strong></span> <span class='ocrx_word' id='word_1_217' title='bbox 1582 2960 1903 3021; x_wconf 89' lang='lat' dir='ltr'><strong>potestates,</strong></span> <span class='ocrx_word' id='word_1_218' title='bbox 1978 2973 2080 3013; x_wconf 91' lang='lat' dir='ltr'><strong>nec</strong></span> 
     </span>
    </p>
   </div>
   <div class='ocr_carea' id='block_1_33' title="bbox 501 3026 2081 3116">
    <p class='ocr_par' dir='ltr' id='par_1_33' title="bbox 501 3026 2081 3116">
     <span class='ocr_line' id='line_1_33' title="bbox 501 3026 2081 3116; baseline 0.018 -41"><span class='ocrx_word' id='word_1_219' title='bbox 501 3026 791 3091; x_wconf 73' lang='lat' dir='ltr'><strong>praesentia</strong></span> <span class='ocrx_word' id='word_1_220' title='bbox 843 3042 945 3083; x_wconf 91' lang='lat' dir='ltr'><strong>nec</strong></span> <span class='ocrx_word' id='word_1_221' title='bbox 997 3032 1199 3099; x_wconf 82' lang='lat' dir='ltr'><strong>futura,</strong></span> <span class='ocrx_word' id='word_1_222' title='bbox 1230 3050 1339 3092; x_wconf 90' lang='lat' dir='ltr'><strong>non</strong></span> <span class='ocrx_word' id='word_1_223' title='bbox 1393 3040 1624 3096; x_wconf 90' lang='lat' dir='ltr'><strong>altitudo</strong></span> <span class='ocrx_word' id='word_1_224' title='bbox 1654 3059 1759 3099; x_wconf 91' lang='lat' dir='ltr'><strong>non</strong></span> <span class='ocrx_word' id='word_1_225' title='bbox 1790 3047 2081 3116; x_wconf 80' lang='lat' dir='ltr'><strong>profundi-</strong></span> 
     </span>
    </p>
   </div>
   <div class='ocr_carea' id='block_1_34' title="bbox 2192 550 3785 636">
    <p class='ocr_par' dir='ltr' id='par_1_34' title="bbox 2192 550 3785 636">
     <span class='ocr_line' id='line_1_34' title="bbox 2192 550 3785 636; baseline 0.015 -34"><span class='ocrx_word' id='word_1_226' title='bbox 2192 550 2319 622; x_wconf 79' lang='grc' dir='ltr'>δόξῃ</span> <span class='ocrx_word' id='word_1_227' title='bbox 2349 554 2376 605; x_wconf 84' lang='grc' dir='ltr'><strong><em>ὁ</em></strong></span> <span class='ocrx_word' id='word_1_228' title='bbox 2398 554 2557 624; x_wconf 87' lang='grc' dir='ltr'>νόμος</span> <span class='ocrx_word' id='word_1_229' title='bbox 2581 557 2735 612; x_wconf 76' lang='grc' dir='ltr'>οὐδὲν</span> <span class='ocrx_word' id='word_1_230' title='bbox 2760 563 2826 632; x_wconf 82' lang='grc' dir='ltr'>τῇ</span> <span class='ocrx_word' id='word_1_231' title='bbox 2860 561 3042 633; x_wconf 85' lang='grc' dir='ltr'>χάριτι</span> <span class='ocrx_word' id='word_1_232' title='bbox 3074 572 3533 636; x_wconf 79' lang='grc' dir='ltr'><strong>συνεισενεγκεῖν,</strong></span> <span class='ocrx_word' id='word_1_233' title='bbox 3562 571 3655 624; x_wconf 86' lang='grc' dir='ltr'><strong>καί</strong></span> <span class='ocrx_word' id='word_1_234' title='bbox 3681 550 3785 636; x_wconf 75' lang='grc' dir='ltr'>τὰς</span> 
     </span>
    </p>
   </div>
   <div class='ocr_carea' id='block_1_35' title="bbox 2193 642 3781 733">
    <p class='ocr_par' dir='ltr' id='par_1_35' title="bbox 2193 642 3781 733">
     <span class='ocr_line' id='line_1_35' title="bbox 2193 642 3781 733; baseline 0.016 -40"><span class='ocrx_word' id='word_1_235' title='bbox 2193 642 2404 698; x_wconf 79' lang='grc' dir='ltr'>ἐκεῖθεν</span> <span class='ocrx_word' id='word_1_236' title='bbox 2447 648 2961 721; x_wconf 80' lang='grc' dir='ltr'>παιδαγωγηθεῖσας</span> <span class='ocrx_word' id='word_1_237' title='bbox 2992 655 3192 725; x_wconf 78' lang='grc' dir='ltr'>ψυχὰς,</span> <span class='ocrx_word' id='word_1_238' title='bbox 3224 659 3375 712; x_wconf 84' lang='grc' dir='ltr'>οὐδὲν</span> <span class='ocrx_word' id='word_1_239' title='bbox 3407 664 3781 733; x_wconf 80' lang='grc' dir='ltr'>ἐπιτηδειοτέ-</span> 
     </span>
    </p>
   </div>
   <div class='ocr_carea' id='block_1_36' title="bbox 2194 741 3777 827">
    <p class='ocr_par' dir='ltr' id='par_1_36' title="bbox 2194 741 3777 827">
     <span class='ocr_line' id='line_1_36' title="bbox 2194 741 3777 827; baseline 0.015 -40"><span class='ocrx_word' id='word_1_240' title='bbox 2194 750 2293 803; x_wconf 86' lang='grc' dir='ltr'><strong>ρας</strong></span> <span class='ocrx_word' id='word_1_241' title='bbox 2324 741 2759 808; x_wconf 85' lang='grc' dir='ltr'><strong>παρασκευάσαι,</strong></span> <span class='ocrx_word' id='word_1_242' title='bbox 2792 744 2878 797; x_wconf 82' lang='grc' dir='ltr'>ἴνα</span> <span class='ocrx_word' id='word_1_243' title='bbox 2915 746 2990 816; x_wconf 86' lang='grc' dir='ltr'>μὴ</span> <span class='ocrx_word' id='word_1_244' title='bbox 3024 747 3262 817; x_wconf 75' lang='grc' dir='ltr'><strong>ψευδεῖς,</strong></span> <span class='ocrx_word' id='word_1_245' title='bbox 3294 755 3341 804; x_wconf 79' lang='grc' dir='ltr'>εἰ</span> <span class='ocrx_word' id='word_1_246' title='bbox 3374 754 3469 806; x_wconf 72' lang='grc' dir='ltr'>καὶ</span> <span class='ocrx_word' id='word_1_247' title='bbox 3502 756 3683 827; x_wconf 81' lang='grc' dir='ltr'>μάτην</span> <span class='ocrx_word' id='word_1_248' title='bbox 3720 760 3777 810; x_wconf 82' lang='grc' dir='ltr'>αἱ</span> 
     </span>
    </p>
   </div>
   <div class='ocr_carea' id='block_1_37' title="bbox 2190 824 3779 918">
    <p class='ocr_par' dir='ltr' id='par_1_37' title="bbox 2190 824 3779 918">
     <span class='ocr_line' id='line_1_37' title="bbox 2190 824 3779 918; baseline 0.016 -42"><span class='ocrx_word' id='word_1_249' title='bbox 2190 824 2329 892; x_wconf 85' lang='grc' dir='ltr'>πρὸς</span> <span class='ocrx_word' id='word_1_250' title='bbox 2356 828 2481 890; x_wconf 79' lang='grc' dir='ltr'>τοὺς</span> <span class='ocrx_word' id='word_1_251' title='bbox 2510 832 2755 902; x_wconf 81' lang='grc' dir='ltr'>πατέρας</span> <span class='ocrx_word' id='word_1_252' title='bbox 2791 834 3114 903; x_wconf 79' lang='grc' dir='ltr'>ἐπαγγελίαι</span> <span class='ocrx_word' id='word_1_253' title='bbox 3150 841 3480 909; x_wconf 81' lang='grc' dir='ltr'>νομισθῶσιν</span> <span class='ocrx_word' id='word_1_254' title='bbox 3502 858 3517 871; x_wconf 90' lang='grc'><strong>·</strong></span> <span class='ocrx_word' id='word_1_255' title='bbox 3557 824 3648 899; x_wconf 78' lang='grc' dir='ltr'>ἵνα</span> <span class='ocrx_word' id='word_1_256' title='bbox 3701 847 3779 918; x_wconf 85' lang='grc' dir='ltr'>μὴ</span> 
     </span>
    </p>
   </div>
   <div class='ocr_carea' id='block_1_38' title="bbox 2190 915 3777 1006">
    <p class='ocr_par' dir='ltr' id='par_1_38' title="bbox 2190 915 3777 1006">
     <span class='ocr_line' id='line_1_38' title="bbox 2190 915 3777 1006; baseline 0.014 -38"><span class='ocrx_word' id='word_1_257' title='bbox 2190 916 2424 982; x_wconf 87' lang='grc' dir='ltr'>Χριστὸς</span> <span class='ocrx_word' id='word_1_258' title='bbox 2456 920 2543 989; x_wconf 85' lang='grc' dir='ltr'>ὑφ’</span> <span class='ocrx_word' id='word_1_259' title='bbox 2569 915 2643 974; x_wconf 83' lang='grc' dir='ltr'>ὧν</span> <span class='ocrx_word' id='word_1_260' title='bbox 2679 922 2784 976; x_wconf 77' lang='grc' dir='ltr'>ἔδει</span> <span class='ocrx_word' id='word_1_261' title='bbox 2814 925 3015 995; x_wconf 76' lang='grc' dir='ltr'>μᾶλλον</span> <span class='ocrx_word' id='word_1_262' title='bbox 3051 933 3479 999; x_wconf 75' lang='grc' dir='ltr'>προσκυνεῖσθαι</span> <span class='ocrx_word' id='word_1_263' title='bbox 3514 975 3530 1001; x_wconf 97' lang='grc'><strong>,</strong></span> <span class='ocrx_word' id='word_1_264' title='bbox 3568 915 3777 1006; x_wconf 74' lang='grc' dir='ltr'>μᾶλλον</span> 
     </span>
    </p>
   </div>
   <div class='ocr_carea' id='block_1_39' title="bbox 2193 1007 3777 1095">
    <p class='ocr_par' dir='ltr' id='par_1_39' title="bbox 2193 1007 3777 1095">
     <span class='ocr_line' id='line_1_39' title="bbox 2193 1007 3777 1095; baseline 0.015 -36"><span class='ocrx_word' id='word_1_265' title='bbox 2193 1007 2617 1080; x_wconf 80' lang='grc' dir='ltr'><strong>βλασφημῆται·</strong></span> <span class='ocrx_word' id='word_1_266' title='bbox 2655 1014 2739 1067; x_wconf 79' lang='grc' dir='ltr'>ἵνα</span> <span class='ocrx_word' id='word_1_267' title='bbox 2776 1018 2850 1086; x_wconf 84' lang='grc' dir='ltr'>μὴ</span> <span class='ocrx_word' id='word_1_268' title='bbox 2900 1020 2994 1071; x_wconf 77' lang='grc' dir='ltr'>καὶ</span> <span class='ocrx_word' id='word_1_269' title='bbox 3032 1021 3132 1090; x_wconf 86' lang='grc' dir='ltr'><strong>τῆς</strong></span> <span class='ocrx_word' id='word_1_270' title='bbox 3183 1022 3411 1092; x_wconf 79' lang='grc' dir='ltr'>ἔγγιστα</span> <span class='ocrx_word' id='word_1_271' title='bbox 3452 1029 3777 1095; x_wconf 72' lang='grc' dir='ltr'>συγγενείας</span> 
     </span>
    </p>
   </div>
   <div class='ocr_carea' id='block_1_40' title="bbox 2189 1102 3777 1189">
    <p class='ocr_par' dir='ltr' id='par_1_40' title="bbox 2189 1102 3777 1189">
     <span class='ocr_line' id='line_1_40' title="bbox 2189 1102 3777 1189; baseline 0.014 -38"><span class='ocrx_word' id='word_1_272' title='bbox 2189 1102 2269 1163; x_wconf 75' lang='grc' dir='ltr'><strong>είς</strong></span> <span class='ocrx_word' id='word_1_273' title='bbox 2308 1104 2399 1156; x_wconf 83' lang='grc' dir='ltr'><strong>τὸν</strong></span> <span class='ocrx_word' id='word_1_274' title='bbox 2433 1106 2610 1158; x_wconf 79' lang='grc' dir='ltr'>κοινὸν</span> <span class='ocrx_word' id='word_1_275' title='bbox 2642 1109 2920 1181; x_wconf 86' lang='grc' dir='ltr'>Δεσπότην</span> <span class='ocrx_word' id='word_1_276' title='bbox 2960 1113 3421 1187; x_wconf 74' lang='grc' dir='ltr'>ὲμπαροινούσης,</span> <span class='ocrx_word' id='word_1_277' title='bbox 3468 1119 3629 1189; x_wconf 85' lang='grc' dir='ltr'>μέρει</span> <span class='ocrx_word' id='word_1_278' title='bbox 3661 1122 3777 1174; x_wconf 75' lang='grc' dir='ltr'>τινὶ</span> 
     </span>
    </p>
   </div>
   <div class='ocr_carea' id='block_1_41' title="bbox 2187 1191 3777 1283">
    <p class='ocr_par' dir='ltr' id='par_1_41' title="bbox 2187 1191 3777 1283">
     <span class='ocr_line' id='line_1_41' title="bbox 2187 1191 3777 1283; baseline 0.014 -40"><span class='ocrx_word' id='word_1_279' title='bbox 2187 1191 2281 1244; x_wconf 87' lang='grc' dir='ltr'><strong>τοῦ</strong></span> <span class='ocrx_word' id='word_1_280' title='bbox 2326 1196 2626 1266; x_wconf 82' lang='grc' dir='ltr'>προσεχοῦς</span> <span class='ocrx_word' id='word_1_281' title='bbox 2654 1200 2905 1268; x_wconf 83' lang='grc' dir='ltr'>αἵματος,</span> <span class='ocrx_word' id='word_1_282' title='bbox 2938 1205 3032 1256; x_wconf 61' lang='grc' dir='ltr'><strong>καὶ⁸</strong></span> <span class='ocrx_word' id='word_1_283' title='bbox 3060 1206 3181 1258; x_wconf 88' lang='grc' dir='ltr'>τότε</span> <span class='ocrx_word' id='word_1_284' title='bbox 3228 1209 3469 1279; x_wconf 83' lang='grc' dir='ltr'>μεγίστῳ</span> <span class='ocrx_word' id='word_1_285' title='bbox 3508 1210 3637 1283; x_wconf 80' lang='grc' dir='ltr'>δόξῃ</span> <span class='ocrx_word' id='word_1_286' title='bbox 3678 1213 3777 1265; x_wconf 76' lang='grc' dir='ltr'><strong>καὶ</strong></span> 
     </span>
    </p>
   </div>
   <div class='ocr_carea' id='block_1_42' title="bbox 2188 1285 3775 1372">
    <p class='ocr_par' dir='ltr' id='par_1_42' title="bbox 2188 1285 3775 1372">
     <span class='ocr_line' id='line_1_42' title="bbox 2188 1285 3775 1372; baseline 0.012 -33"><span class='ocrx_word' id='word_1_287' title='bbox 2188 1285 2351 1349; x_wconf 79' lang='grc' dir='ltr'>αὐτὸς</span> <span class='ocrx_word' id='word_1_288' title='bbox 2422 1289 2796 1361; x_wconf 82' lang='grc' dir='ltr'>ὲμπαροινείν.</span> <span class='ocrx_word' id='word_1_289' title='bbox 2879 1294 3112 1367; x_wconf 84' lang='grc' dir='ltr'>Τοιαύτη</span> <span class='ocrx_word' id='word_1_290' title='bbox 3174 1297 3284 1369; x_wconf 81' lang='grc' dir='ltr'><strong>γὰρ</strong></span> <span class='ocrx_word' id='word_1_291' title='bbox 3347 1296 3413 1370; x_wconf 83' lang='grc' dir='ltr'>ἧν</span> <span class='ocrx_word' id='word_1_292' title='bbox 3448 1303 3507 1372; x_wconf 72' lang='grc' dir='ltr'>ιή</span> <span class='ocrx_word' id='word_1_293' title='bbox 3555 1303 3775 1358; x_wconf 84' lang='grc' dir='ltr'>Παύλου</span> 
     </span>
    </p>
   </div>
   <div class='ocr_carea' id='block_1_43' title="bbox 2186 1376 3775 1471">
    <p class='ocr_par' dir='ltr' id='par_1_43' title="bbox 2186 1376 3775 1471">
     <span class='ocr_line' id='line_1_43' title="bbox 2186 1376 3775 1471; baseline 0.014 -41"><span class='ocrx_word' id='word_1_294' title='bbox 2186 1376 2331 1449; x_wconf 77' lang='grc' dir='ltr'>ψυχή</span> <span class='ocrx_word' id='word_1_295' title='bbox 2356 1396 2368 1408; x_wconf 84' lang='grc'><em>’</em></span> <span class='ocrx_word' id='word_1_296' title='bbox 2399 1380 2489 1435; x_wconf 82' lang='grc' dir='ltr'>διὰ</span> <span class='ocrx_word' id='word_1_297' title='bbox 2516 1383 2733 1439; x_wconf 87' lang='grc' dir='ltr'>πάντων</span> <span class='ocrx_word' id='word_1_298' title='bbox 2762 1386 2952 1457; x_wconf 69' lang='grc' dir='ltr'>ἤθελεν</span> <span class='ocrx_word' id='word_1_299' title='bbox 2978 1391 3198 1461; x_wconf 82' lang='grc' dir='ltr'>ὁλοτελῆ</span> <span class='ocrx_word' id='word_1_300' title='bbox 3223 1394 3321 1463; x_wconf 82' lang='grc' dir='ltr'>τὴν</span> <span class='ocrx_word' id='word_1_301' title='bbox 3350 1395 3509 1460; x_wconf 83' lang='grc' dir='ltr'>δόξαν</span> <span class='ocrx_word' id='word_1_302' title='bbox 3558 1400 3651 1451; x_wconf 73' lang='grc' dir='ltr'><strong>καὶ</strong></span> <span class='ocrx_word' id='word_1_303' title='bbox 3674 1399 3775 1471; x_wconf 77' lang='grc' dir='ltr'>τὴν</span> 
     </span>
    </p>
   </div>
   <div class='ocr_carea' id='block_1_44' title="bbox 2187 1469 3777 1552">
    <p class='ocr_par' dir='ltr' id='par_1_44' title="bbox 2187 1469 3777 1552">
     <span class='ocr_line' id='line_1_44' title="bbox 2187 1469 3777 1552; baseline 0.014 -30"><span class='ocrx_word' id='word_1_304' title='bbox 2187 1469 2442 1542; x_wconf 85' lang='grc' dir='ltr'>λατρείαν</span> <span class='ocrx_word' id='word_1_305' title='bbox 2486 1478 2859 1546; x_wconf 83' lang='grc' dir='ltr'>προσάγεσθαι</span> <span class='ocrx_word' id='word_1_306' title='bbox 2893 1482 3012 1552; x_wconf 84' lang='grc' dir='ltr'>Θεῷ</span> <span class='ocrx_word' id='word_1_307' title='bbox 3059 1483 3147 1537; x_wconf 81' lang='grc' dir='ltr'>διὰ</span> <span class='ocrx_word' id='word_1_308' title='bbox 3185 1486 3380 1538; x_wconf 79' lang='grc' dir='ltr'>ἑαυτοῦ</span> <span class='ocrx_word' id='word_1_309' title='bbox 3405 1504 3418 1518; x_wconf 74' lang='grc' dir='ltr'><strong><em>ο</em></strong></span> <span class='ocrx_word' id='word_1_310' title='bbox 3446 1488 3535 1541; x_wconf 74' lang='grc' dir='ltr'>διὸ.</span> <span class='ocrx_word' id='word_1_311' title='bbox 3564 1490 3673 1545; x_wconf 91' lang='grc' dir='ltr'><strong>τῶν</strong></span> <span class='ocrx_word' id='word_1_312' title='bbox 3710 1469 3777 1544; x_wconf 62' lang='grc' dir='ltr'>ἐκ</span> 
     </span>
    </p>
   </div>
   <div class='ocr_carea' id='block_1_45' title="bbox 2187 1563 3773 1653">
    <p class='ocr_par' dir='ltr' id='par_1_45' title="bbox 2187 1563 3773 1653">
     <span class='ocr_line' id='line_1_45' title="bbox 2187 1563 3773 1653; baseline 0.014 -39"><span class='ocrx_word' id='word_1_313' title='bbox 2187 1563 2378 1631; x_wconf 87' lang='grc' dir='ltr'>γένους</span> <span class='ocrx_word' id='word_1_314' title='bbox 2401 1582 2417 1597; x_wconf 89' lang='grc'><strong>·</strong></span> <span class='ocrx_word' id='word_1_315' title='bbox 2447 1566 2534 1620; x_wconf 86' lang='grc' dir='ltr'>διὰ</span> <span class='ocrx_word' id='word_1_316' title='bbox 2559 1568 2668 1620; x_wconf 88' lang='grc' dir='ltr'><strong>τῶν</strong></span> <span class='ocrx_word' id='word_1_317' title='bbox 2691 1570 2861 1623; x_wconf 75' lang='grc' dir='ltr'>ἐθνῶν</span> <span class='ocrx_word' id='word_1_318' title='bbox 2881 1588 2896 1603; x_wconf 79' lang='grc' dir='ltr'><strong>ο</strong></span> <span class='ocrx_word' id='word_1_319' title='bbox 2925 1573 3098 1627; x_wconf 77' lang='grc' dir='ltr'>οὐδενὶ</span> <span class='ocrx_word' id='word_1_320' title='bbox 3138 1576 3294 1646; x_wconf 83' lang='grc' dir='ltr'>μέρει</span> <span class='ocrx_word' id='word_1_321' title='bbox 3325 1579 3545 1650; x_wconf 81' lang='grc' dir='ltr'>ἐλλειπῆ</span> <span class='ocrx_word' id='word_1_322' title='bbox 3590 1600 3773 1653; x_wconf 83' lang='grc' dir='ltr'>παρα-</span> 
     </span>
    </p>
   </div>
   <div class='ocr_carea' id='block_1_46' title="bbox 2190 1654 3772 1747">
    <p class='ocr_par' dir='ltr' id='par_1_46' title="bbox 2190 1654 3772 1747">
     <span class='ocr_line' id='line_1_46' title="bbox 2190 1654 3772 1747; baseline 0.014 -41"><span class='ocrx_word' id='word_1_323' title='bbox 2190 1654 2387 1723; x_wconf 82' lang='grc' dir='ltr'>στῆσαι</span> <span class='ocrx_word' id='word_1_324' title='bbox 2418 1658 2518 1727; x_wconf 80' lang='grc' dir='ltr'>τὴν</span> <span class='ocrx_word' id='word_1_325' title='bbox 2560 1660 2661 1729; x_wconf 86' lang='grc' dir='ltr'><strong>τῆς</strong></span> <span class='ocrx_word' id='word_1_326' title='bbox 2685 1661 2990 1733; x_wconf 81' lang='grc' dir='ltr'>ἀποστολῆς</span> <span class='ocrx_word' id='word_1_327' title='bbox 3045 1667 3212 1720; x_wconf 77' lang='grc' dir='ltr'>αὐτοῦ</span> <span class='ocrx_word' id='word_1_328' title='bbox 3246 1669 3523 1725; x_wconf 79' lang='grc' dir='ltr'>διακονίαν</span> <span class='ocrx_word' id='word_1_329' title='bbox 3554 1674 3772 1747; x_wconf 82' lang='grc' dir='ltr'>ἠνείχε-</span> 
     </span>
    </p>
   </div>
   <div class='ocr_carea' id='block_1_47' title="bbox 2188 1749 3769 1832">
    <p class='ocr_par' dir='ltr' id='par_1_47' title="bbox 2188 1749 3769 1832">
     <span class='ocr_line' id='line_1_47' title="bbox 2188 1749 3769 1832; baseline 0.013 -33"><span class='ocrx_word' id='word_1_330' title='bbox 2188 1764 2268 1810; x_wconf 88' lang='grc' dir='ltr'><strong>το,</strong></span> <span class='ocrx_word' id='word_1_331' title='bbox 2304 1749 2539 1818; x_wconf 86' lang='grc' dir='ltr'>μάλιστα</span> <span class='ocrx_word' id='word_1_332' title='bbox 2570 1751 2625 1803; x_wconf 86' lang='grc' dir='ltr'>δὲ</span> <span class='ocrx_word' id='word_1_333' title='bbox 2657 1754 2819 1806; x_wconf 81' lang='grc' dir='ltr'>αὐτὸν</span> <span class='ocrx_word' id='word_1_334' title='bbox 2849 1757 2882 1826; x_wconf 81' lang='grc' dir='ltr'><strong>ἡ</strong></span> <span class='ocrx_word' id='word_1_335' title='bbox 2910 1756 3021 1809; x_wconf 89' lang='grc' dir='ltr'><strong>τῶν</strong></span> <span class='ocrx_word' id='word_1_336' title='bbox 3055 1760 3332 1827; x_wconf 80' lang='grc' dir='ltr'>συγγενῶν</span> <span class='ocrx_word' id='word_1_337' title='bbox 3361 1763 3488 1832; x_wconf 77' lang='grc' dir='ltr'>ἠνία</span> <span class='ocrx_word' id='word_1_338' title='bbox 3519 1765 3769 1829; x_wconf 82' lang='grc' dir='ltr'>ἀπιστία,</span> 
     </span>
    </p>
   </div>
   <div class='ocr_carea' id='block_1_48' title="bbox 2189 1838 3773 1922">
    <p class='ocr_par' dir='ltr' id='par_1_48' title="bbox 2189 1838 3773 1922">
     <span class='ocr_line' id='line_1_48' title="bbox 2189 1838 3773 1922; baseline 0.014 -34"><span class='ocrx_word' id='word_1_339' title='bbox 2189 1838 2283 1889; x_wconf 79' lang='grc' dir='ltr'><strong>καὶ</strong></span> <span class='ocrx_word' id='word_1_340' title='bbox 2328 1838 2533 1892; x_wconf 90' lang='grc' dir='ltr'>τούτων</span> <span class='ocrx_word' id='word_1_341' title='bbox 2572 1841 2699 1912; x_wconf 85' lang='grc' dir='ltr'>πέρι</span> <span class='ocrx_word' id='word_1_342' title='bbox 2747 1844 2961 1899; x_wconf 83' lang='grc' dir='ltr'>ἐκαίετο</span> <span class='ocrx_word' id='word_1_343' title='bbox 2982 1858 3029 1901; x_wconf 76' lang='grc' dir='ltr'>ιι.</span> <span class='ocrx_word' id='word_1_344' title='bbox 3064 1850 3174 1901; x_wconf 76' lang='grc' dir='ltr'><strong>Καὶ</strong></span> <span class='ocrx_word' id='word_1_345' title='bbox 3223 1851 3381 1903; x_wconf 86' lang='grc' dir='ltr'>τοῦτο</span> <span class='ocrx_word' id='word_1_346' title='bbox 3422 1857 3773 1922; x_wconf 85' lang='grc' dir='ltr'>παριστάνων</span> 
     </span>
    </p>
   </div>
   <div class='ocr_carea' id='block_1_49' title="bbox 2187 1926 3774 2011">
    <p class='ocr_par' dir='ltr' id='par_1_49' title="bbox 2187 1926 3774 2011">
     <span class='ocr_line' id='line_1_49' title="bbox 2187 1926 3774 2011; baseline 0.014 -32"><span class='ocrx_word' id='word_1_347' title='bbox 2187 1926 2392 1997; x_wconf 76' lang='grc' dir='ltr'>ἔλεγεν,</span> <span class='ocrx_word' id='word_1_348' title='bbox 2432 1948 2451 1981; x_wconf 74' lang='grc' dir='ltr'><strong>ι</strong></span> <span class='ocrx_word' id='word_1_349' title='bbox 2482 1932 2739 2003; x_wconf 83' lang='grc' dir='ltr'>Ηύχόμην</span> <span class='ocrx_word' id='word_1_350' title='bbox 2759 1936 2921 1999; x_wconf 81' lang='grc' dir='ltr'>αὐτὸς</span> <span class='ocrx_word' id='word_1_351' title='bbox 2950 1938 3060 2005; x_wconf 80' lang='grc' dir='ltr'>ἐγὼ</span> <span class='ocrx_word' id='word_1_352' title='bbox 3086 1941 3333 2011; x_wconf 76' lang='grc' dir='ltr'>ἀνάθεμα</span> <span class='ocrx_word' id='word_1_353' title='bbox 3360 1937 3519 1998; x_wconf 76' lang='grc' dir='ltr'>εἶναι.</span> <span class='ocrx_word' id='word_1_354' title='bbox 3556 1965 3573 1997; x_wconf 74' lang='grc' dir='ltr'><strong>ι</strong></span> <span class='ocrx_word' id='word_1_355' title='bbox 3616 1947 3774 2002; x_wconf 88' lang='grc' dir='ltr'>Οῦτω</span> 
     </span>
    </p>
   </div>
   <div class='ocr_carea' id='block_1_50' title="bbox 2190 2025 3769 2105">
    <p class='ocr_par' dir='ltr' id='par_1_50' title="bbox 2190 2025 3769 2105">
     <span class='ocr_line' id='line_1_50' title="bbox 2190 2025 3769 2105; baseline 0.013 -33"><span class='ocrx_word' id='word_1_356' title='bbox 2190 2038 2280 2091; x_wconf 92' lang='grc' dir='ltr'><strong>με,</strong></span> <span class='ocrx_word' id='word_1_357' title='bbox 2328 2025 2515 2094; x_wconf 76' lang='grc' dir='ltr'>φησὶν,</span> <span class='ocrx_word' id='word_1_358' title='bbox 2539 2027 2736 2092; x_wconf 85' lang='grc' dir='ltr'>εἰπεῖν,</span> <span class='ocrx_word' id='word_1_359' title='bbox 2765 2029 2859 2082; x_wconf 92' lang='grc' dir='ltr'><strong>τοῦ</strong></span> <span class='ocrx_word' id='word_1_360' title='bbox 2887 2030 3053 2083; x_wconf 90' lang='grc' dir='ltr'>πόθου</span> <span class='ocrx_word' id='word_1_361' title='bbox 3086 2035 3147 2086; x_wconf 83' lang='grc' dir='ltr'><strong>τὸ</strong></span> <span class='ocrx_word' id='word_1_362' title='bbox 3170 2036 3392 2105; x_wconf 84' lang='grc' dir='ltr'>κέντρον</span> <span class='ocrx_word' id='word_1_363' title='bbox 3426 2039 3736 2093; x_wconf 76' lang='grc' dir='ltr'>συνελαύνει</span> <span class='ocrx_word' id='word_1_364' title='bbox 3754 2058 3769 2073; x_wconf 87' lang='grc'><strong>·</strong></span> 
     </span>
    </p>
   </div>
   <div class='ocr_carea' id='block_1_51' title="bbox 2187 2111 3772 2201">
    <p class='ocr_par' dir='ltr' id='par_1_51' title="bbox 2187 2111 3772 2201">
     <span class='ocr_line' id='line_1_51' title="bbox 2187 2111 3772 2201; baseline 0.013 -38"><span class='ocrx_word' id='word_1_365' title='bbox 2187 2111 2361 2177; x_wconf 72' lang='grc' dir='ltr'>οὕτως</span> <span class='ocrx_word' id='word_1_366' title='bbox 2382 2116 2413 2184; x_wconf 79' lang='grc' dir='ltr'>ἡ</span> <span class='ocrx_word' id='word_1_367' title='bbox 2437 2116 2536 2184; x_wconf 88' lang='grc' dir='ltr'><strong>τῆς</strong></span> <span class='ocrx_word' id='word_1_368' title='bbox 2560 2120 2794 2188; x_wconf 84' lang='grc' dir='ltr'>στοργῆς</span> <span class='ocrx_word' id='word_1_369' title='bbox 2821 2121 2949 2188; x_wconf 81' lang='grc' dir='ltr'>φλὸξ</span> <span class='ocrx_word' id='word_1_370' title='bbox 2971 2123 3040 2174; x_wconf 87' lang='grc' dir='ltr'>τὰ</span> <span class='ocrx_word' id='word_1_371' title='bbox 3063 2124 3344 2195; x_wconf 83' lang='grc' dir='ltr'>σπλάγχνα</span> <span class='ocrx_word' id='word_1_372' title='bbox 3366 2129 3772 2201; x_wconf 78' lang='grc' dir='ltr'>ἐπιδοσκομένη</span> 
     </span>
    </p>
   </div>
   <div class='ocr_carea' id='block_1_52' title="bbox 2189 2202 3769 2295">
    <p class='ocr_par' dir='ltr' id='par_1_52' title="bbox 2189 2202 3769 2295">
     <span class='ocr_line' id='line_1_52' title="bbox 2189 2202 3769 2295; baseline 0.015 -41"><span class='ocrx_word' id='word_1_373' title='bbox 2189 2202 2437 2270; x_wconf 80' lang='grc' dir='ltr'>βιάζεται</span> <span class='ocrx_word' id='word_1_374' title='bbox 2483 2208 2846 2279; x_wconf 81' lang='grc' dir='ltr'>ἀνακράζειν·</span> <span class='ocrx_word' id='word_1_375' title='bbox 2881 2211 3054 2277; x_wconf 78' lang='grc' dir='ltr'>οὔτως</span> <span class='ocrx_word' id='word_1_376' title='bbox 3094 2217 3122 2267; x_wconf 85' lang='grc' dir='ltr'><strong>ό</strong></span> <span class='ocrx_word' id='word_1_377' title='bbox 3161 2219 3295 2287; x_wconf 86' lang='grc' dir='ltr'>πρὸς</span> <span class='ocrx_word' id='word_1_378' title='bbox 3328 2221 3564 2288; x_wconf 84' lang='grc' dir='ltr'>Χριστὸν</span> <span class='ocrx_word' id='word_1_379' title='bbox 3606 2226 3769 2295; x_wconf 79' lang='grc' dir='ltr'>ἔρως,</span> 
     </span>
    </p>
   </div>
   <div class='ocr_carea' id='block_1_53' title="bbox 2189 2297 3771 2381">
    <p class='ocr_par' dir='ltr' id='par_1_53' title="bbox 2189 2297 3771 2381">
     <span class='ocr_line' id='line_1_53' title="bbox 2189 2297 3771 2381; baseline 0.015 -34"><span class='ocrx_word' id='word_1_380' title='bbox 2189 2297 2284 2348; x_wconf 69' lang='grc' dir='ltr'><strong>καὶ</strong></span> <span class='ocrx_word' id='word_1_381' title='bbox 2318 2297 2380 2349; x_wconf 84' lang='grc' dir='ltr'>τὸ</span> <span class='ocrx_word' id='word_1_382' title='bbox 2413 2298 2665 2352; x_wconf 80' lang='grc' dir='ltr'>σπεύδειν</span> <span class='ocrx_word' id='word_1_383' title='bbox 2709 2302 2857 2372; x_wconf 80' lang='grc' dir='ltr'>αὐτῷ</span> <span class='ocrx_word' id='word_1_384' title='bbox 2888 2304 3097 2369; x_wconf 86' lang='grc' dir='ltr'>πάντας</span> <span class='ocrx_word' id='word_1_385' title='bbox 3130 2308 3355 2378; x_wconf 87' lang='grc' dir='ltr'>ίερῶσαι</span> <span class='ocrx_word' id='word_1_386' title='bbox 3384 2318 3605 2381; x_wconf 83' lang='grc' dir='ltr'>φρονεῖν</span> <span class='ocrx_word' id='word_1_387' title='bbox 3636 2316 3771 2369; x_wconf 84' lang='grc' dir='ltr'>ἀνα-</span> 
     </span>
    </p>
   </div>
   <div class='ocr_carea' id='block_1_54' title="bbox 2188 2389 3775 2479">
    <p class='ocr_par' dir='ltr' id='par_1_54' title="bbox 2188 2389 3775 2479">
     <span class='ocr_line' id='line_1_54' title="bbox 2188 2389 3775 2479; baseline 0.014 -39"><span class='ocrx_word' id='word_1_388' title='bbox 2188 2389 2387 2443; x_wconf 87' lang='grc' dir='ltr'>πείθει.</span> <span class='ocrx_word' id='word_1_389' title='bbox 2421 2394 2713 2461; x_wconf 80' lang='grc' dir='ltr'>Ηὺχόμην</span> <span class='ocrx_word' id='word_1_390' title='bbox 2755 2394 2852 2459; x_wconf 80' lang='grc' dir='ltr'><strong>ἂν,</strong></span> <span class='ocrx_word' id='word_1_391' title='bbox 2885 2397 2933 2448; x_wconf 84' lang='grc' dir='ltr'><strong>εί</strong></span> <span class='ocrx_word' id='word_1_392' title='bbox 2968 2399 3262 2470; x_wconf 79' lang='grc' dir='ltr'>ἐνεδέχετο,</span> <span class='ocrx_word' id='word_1_393' title='bbox 3310 2405 3359 2456; x_wconf 86' lang='grc' dir='ltr'><strong>εί</strong></span> <span class='ocrx_word' id='word_1_394' title='bbox 3400 2406 3679 2479; x_wconf 76' lang='grc' dir='ltr'>ἐνεχώρει,</span> <span class='ocrx_word' id='word_1_395' title='bbox 3721 2410 3775 2463; x_wconf 71' lang='grc' dir='ltr'>εἴ</span> 
     </span>
    </p>
   </div>
   <div class='ocr_carea' id='block_1_55' title="bbox 2187 2473 3768 2567">
    <p class='ocr_par' dir='ltr' id='par_1_55' title="bbox 2187 2473 3768 2567">
     <span class='ocr_line' id='line_1_55' title="bbox 2187 2473 3768 2567; baseline 0.016 -41"><span class='ocrx_word' id='word_1_396' title='bbox 2187 2492 2270 2539; x_wconf 89' lang='grc' dir='ltr'><strong>τις</strong></span> <span class='ocrx_word' id='word_1_397' title='bbox 2299 2473 2366 2546; x_wconf 83' lang='grc' dir='ltr'>ἦν</span> <span class='ocrx_word' id='word_1_398' title='bbox 2412 2480 2705 2543; x_wconf 79' lang='grc' dir='ltr'>ἀπόστασις</span> <span class='ocrx_word' id='word_1_399' title='bbox 2747 2485 3034 2555; x_wconf 82' lang='grc' dir='ltr'>σωτήριος,</span> <span class='ocrx_word' id='word_1_400' title='bbox 3079 2489 3213 2542; x_wconf 83' lang='grc' dir='ltr'>Θεοῦ</span> <span class='ocrx_word' id='word_1_401' title='bbox 3261 2494 3610 2567; x_wconf 70' lang='grc' dir='ltr'><strong>χαριζομένη⁴</strong></span> <span class='ocrx_word' id='word_1_402' title='bbox 3637 2515 3768 2551; x_wconf 87' lang='grc' dir='ltr'>συν-</span> 
     </span>
    </p>
   </div>
   <div class='ocr_carea' id='block_1_56' title="bbox 2187 2568 3773 2659">
    <p class='ocr_par' dir='ltr' id='par_1_56' title="bbox 2187 2568 3773 2659">
     <span class='ocr_line' id='line_1_56' title="bbox 2187 2568 3773 2659; baseline 0.016 -40"><span class='ocrx_word' id='word_1_403' title='bbox 2187 2568 2403 2637; x_wconf 88' lang='grc' dir='ltr'>άφειαν,</span> <span class='ocrx_word' id='word_1_404' title='bbox 2432 2572 2485 2623; x_wconf 74' lang='grc' dir='ltr'><strong>εί</strong></span> <span class='ocrx_word' id='word_1_405' title='bbox 2516 2589 2598 2633; x_wconf 87' lang='grc' dir='ltr'><strong>τις</strong></span> <span class='ocrx_word' id='word_1_406' title='bbox 2638 2576 2915 2645; x_wconf 73' lang='grc' dir='ltr'>χωρισμὸς</span> <span class='ocrx_word' id='word_1_407' title='bbox 2965 2580 3200 2634; x_wconf 83' lang='grc' dir='ltr'>συνδέων</span> <span class='ocrx_word' id='word_1_408' title='bbox 3273 2584 3647 2659; x_wconf 89' lang='grc' dir='ltr'>σφοδρότερον,</span> <span class='ocrx_word' id='word_1_409' title='bbox 3719 2594 3773 2644; x_wconf 85' lang='grc' dir='ltr'><strong>εί</strong></span> 
     </span>
    </p>
   </div>
   <div class='ocr_carea' id='block_1_57' title="bbox 2186 2660 3769 2753">
    <p class='ocr_par' dir='ltr' id='par_1_57' title="bbox 2186 2660 3769 2753">
     <span class='ocr_line' id='line_1_57' title="bbox 2186 2660 3769 2753; baseline 0.015 -41"><span class='ocrx_word' id='word_1_410' title='bbox 2186 2676 2271 2723; x_wconf 90' lang='grc' dir='ltr'><strong>τις</strong></span> <span class='ocrx_word' id='word_1_411' title='bbox 2306 2660 2657 2733; x_wconf 78' lang='grc' dir='ltr'>ἁλλοτρίωσις</span> <span class='ocrx_word' id='word_1_412' title='bbox 2687 2668 2960 2721; x_wconf 78' lang='grc' dir='ltr'>οἰκειοῦσα</span> <span class='ocrx_word' id='word_1_413' title='bbox 2985 2671 3317 2745; x_wconf 85' lang='grc' dir='ltr'>τελειότερον</span> <span class='ocrx_word' id='word_1_414' title='bbox 3334 2693 3348 2707; x_wconf 74' lang='grc'><strong><em>⁸</em></strong></span> <span class='ocrx_word' id='word_1_415' title='bbox 3375 2678 3496 2731; x_wconf 78' lang='grc' dir='ltr'>οὐδὲ</span> <span class='ocrx_word' id='word_1_416' title='bbox 3523 2682 3631 2753; x_wconf 76' lang='grc' dir='ltr'>γὰρ</span> <span class='ocrx_word' id='word_1_417' title='bbox 3650 2684 3769 2737; x_wconf 75' lang='grc' dir='ltr'>οὐδὲ</span> 
     </span>
    </p>
   </div>
   <div class='ocr_carea' id='block_1_58' title="bbox 2186 2752 3767 2842">
    <p class='ocr_par' dir='ltr' id='par_1_58' title="bbox 2186 2752 3767 2842">
     <span class='ocr_line' id='line_1_58' title="bbox 2186 2752 3767 2842; baseline 0.016 -40"><span class='ocrx_word' id='word_1_418' title='bbox 2186 2752 2376 2804; x_wconf 89' lang='grc' dir='ltr'>τοῦτον</span> <span class='ocrx_word' id='word_1_419' title='bbox 2424 2754 2520 2823; x_wconf 80' lang='grc' dir='ltr'><strong>τῆς</strong></span> <span class='ocrx_word' id='word_1_420' title='bbox 2561 2757 2798 2827; x_wconf 83' lang='grc' dir='ltr'>Χριστοῦ</span> <span class='ocrx_word' id='word_1_421' title='bbox 2850 2760 3031 2831; x_wconf 83' lang='grc' dir='ltr'>δόξης,</span> <span class='ocrx_word' id='word_1_422' title='bbox 3066 2764 3158 2817; x_wconf 81' lang='grc' dir='ltr'><strong>καὶ</strong></span> <span class='ocrx_word' id='word_1_423' title='bbox 3190 2769 3286 2835; x_wconf 86' lang='grc' dir='ltr'><strong>τῆς</strong></span> <span class='ocrx_word' id='word_1_424' title='bbox 3328 2768 3438 2822; x_wconf 89' lang='grc' dir='ltr'><strong>τῶν</strong></span> <span class='ocrx_word' id='word_1_425' title='bbox 3479 2774 3767 2842; x_wconf 82' lang='grc' dir='ltr'>ὁμοφύλων</span> 
     </span>
    </p>
   </div>
   <div class='ocr_carea' id='block_1_59' title="bbox 2190 2848 3763 2940">
    <p class='ocr_par' dir='ltr' id='par_1_59' title="bbox 2190 2848 3763 2940">
     <span class='ocr_line' id='line_1_59' title="bbox 2190 2848 3763 2940; baseline 0.017 -43"><span class='ocrx_word' id='word_1_426' title='bbox 2190 2848 2484 2919; x_wconf 87' lang='grc' dir='ltr'>σωτηρίας,</span> <span class='ocrx_word' id='word_1_427' title='bbox 2509 2853 2568 2903; x_wconf 85' lang='grc' dir='ltr'><strong>οὐ</strong></span> <span class='ocrx_word' id='word_1_428' title='bbox 2604 2850 2703 2920; x_wconf 83' lang='grc' dir='ltr'>μὲν</span> <span class='ocrx_word' id='word_1_429' title='bbox 2728 2850 2820 2905; x_wconf 74' lang='grc' dir='ltr'>οὖν</span> <span class='ocrx_word' id='word_1_430' title='bbox 2857 2856 2956 2907; x_wconf 79' lang='grc' dir='ltr'><strong>οὐκ</strong></span> <span class='ocrx_word' id='word_1_431' title='bbox 2993 2856 3059 2910; x_wconf 83' lang='grc' dir='ltr'>ἄν</span> <span class='ocrx_word' id='word_1_432' title='bbox 3108 2876 3169 2927; x_wconf 85' lang='grc' dir='ltr'><strong>γε</strong></span> <span class='ocrx_word' id='word_1_433' title='bbox 3204 2862 3483 2933; x_wconf 83' lang='grc' dir='ltr'>παρῆλθον</span> <span class='ocrx_word' id='word_1_434' title='bbox 3524 2867 3614 2919; x_wconf 77' lang='grc' dir='ltr'>τὸν</span> <span class='ocrx_word' id='word_1_435' title='bbox 3640 2871 3763 2940; x_wconf 85' lang='grc' dir='ltr'>τρό-</span> 
     </span>
    </p>
   </div>
   <div class='ocr_carea' id='block_1_60' title="bbox 2187 2940 3765 3029">
    <p class='ocr_par' dir='ltr' id='par_1_60' title="bbox 2187 2940 3765 3029">
     <span class='ocr_line' id='line_1_60' title="bbox 2187 2940 3765 3029; baseline 0.015 -39"><span class='ocrx_word' id='word_1_436' title='bbox 2187 2956 2310 2992; x_wconf 89' lang='grc' dir='ltr'>πον.</span> <span class='ocrx_word' id='word_1_437' title='bbox 2370 2940 2586 3011; x_wconf 80' lang='grc' dir='ltr'>Ἐπειδὴ</span> <span class='ocrx_word' id='word_1_438' title='bbox 2646 2942 2754 3014; x_wconf 89' lang='grc' dir='ltr'><strong>γάρ</strong></span> <span class='ocrx_word' id='word_1_439' title='bbox 2802 2947 2865 2998; x_wconf 85' lang='grc' dir='ltr'>ἐκ</span> <span class='ocrx_word' id='word_1_440' title='bbox 2906 2947 3014 2998; x_wconf 88' lang='grc' dir='ltr'><strong>τῶν</strong></span> <span class='ocrx_word' id='word_1_441' title='bbox 3060 2948 3228 3003; x_wconf 76' lang='grc' dir='ltr'>ὄντων</span> <span class='ocrx_word' id='word_1_442' title='bbox 3252 2953 3509 3009; x_wconf 85' lang='grc' dir='ltr'>ἁπάντων</span> <span class='ocrx_word' id='word_1_443' title='bbox 3549 2958 3646 3029; x_wconf 79' lang='grc' dir='ltr'>τὴν</span> <span class='ocrx_word' id='word_1_444' title='bbox 3687 2963 3765 3024; x_wconf 87' lang='grc' dir='ltr'><strong>είς</strong></span> 
     </span>
    </p>
   </div>
   <div class='ocr_carea' id='block_1_61' title="bbox 2187 3030 3760 3119">
    <p class='ocr_par' dir='ltr' id='par_1_61' title="bbox 2187 3030 3760 3119">
     <span class='ocr_line' id='line_1_61' title="bbox 2187 3030 3760 3119; baseline 0.015 -37"><span class='ocrx_word' id='word_1_445' title='bbox 2187 3030 2427 3101; x_wconf 86' lang='grc' dir='ltr'>Χριστὸν</span> <span class='ocrx_word' id='word_1_446' title='bbox 2454 3033 2694 3104; x_wconf 82' lang='grc' dir='ltr'>ἀγάπην,</span> <span class='ocrx_word' id='word_1_447' title='bbox 2719 3036 3033 3102; x_wconf 80' lang='grc' dir='ltr'>ἐπεδείξατο</span> <span class='ocrx_word' id='word_1_448' title='bbox 3052 3057 3066 3072; x_wconf 77' lang='grc' dir='ltr'><strong>ο</strong></span> <span class='ocrx_word' id='word_1_449' title='bbox 3101 3060 3119 3092; x_wconf 71' lang='grc' dir='ltr'><strong>ι</strong></span> <span class='ocrx_word' id='word_1_450' title='bbox 3146 3044 3478 3116; x_wconf 88' lang='grc' dir='ltr'>Πέπεισμαι,</span> <span class='ocrx_word' id='word_1_451' title='bbox 3521 3067 3541 3100; x_wconf 75' lang='grc' dir='ltr'><strong>ι</strong></span> <span class='ocrx_word' id='word_1_452' title='bbox 3570 3051 3760 3119; x_wconf 89' lang='grc' dir='ltr'>λέγων,</span> 
     </span>
    </p>
   </div>
   <div class='ocr_carea' id='block_1_62' title="bbox 502 3124 2079 3222">
    <p class='ocr_par' dir='ltr' id='par_1_62' title="bbox 502 3124 2077 3211">
     <span class='ocr_line' id='line_1_62' title="bbox 502 3124 2077 3211; baseline 0.018 -41"><span class='ocrx_word' id='word_1_453' title='bbox 502 3124 609 3182; x_wconf 86' lang='lat' dir='ltr'><strong>tas,</strong></span> <span class='ocrx_word' id='word_1_454' title='bbox 642 3132 749 3174; x_wconf 86' lang='lat' dir='ltr'><strong>non</strong></span> <span class='ocrx_word' id='word_1_455' title='bbox 799 3124 1002 3192; x_wconf 66' lang='lat' dir='ltr'><strong>quaevis</strong></span> <span class='ocrx_word' id='word_1_456' title='bbox 1048 3125 1154 3181; x_wconf 89' lang='lat' dir='ltr'><strong>alia</strong></span> <span class='ocrx_word' id='word_1_457' title='bbox 1177 3139 1430 3186; x_wconf 88' lang='lat' dir='ltr'><strong>creatura</strong></span> <span class='ocrx_word' id='word_1_458' title='bbox 1461 3137 1661 3203; x_wconf 91' lang='lat' dir='ltr'><strong>poterit</strong></span> <span class='ocrx_word' id='word_1_459' title='bbox 1693 3154 1780 3193; x_wconf 91' lang='lat' dir='ltr'><strong>me</strong></span> <span class='ocrx_word' id='word_1_460' title='bbox 1820 3155 2077 3211; x_wconf 89' lang='lat' dir='ltr'><strong>separare</strong></span> 
     </span>
    </p>
   </div>
   <div class='ocr_carea' id='block_1_63' title="bbox 2184 3124 3761 3222">
    <p class='ocr_par' dir='ltr' id='par_1_63' title="bbox 2188 3124 3761 3208">
     <span class='ocr_line' id='line_1_63' title="bbox 2188 3124 3761 3208; baseline 0.013 -33"><span class='ocrx_word' id='word_1_461' title='bbox 2188 3124 2283 3177; x_wconf 76' lang='grc' dir='ltr'><strong>καὶ</strong></span> <span class='ocrx_word' id='word_1_462' title='bbox 2321 3126 2433 3188; x_wconf 87' lang='grc' dir='ltr'>τοῖς</span> <span class='ocrx_word' id='word_1_463' title='bbox 2476 3125 2675 3195; x_wconf 83' lang='grc' dir='ltr'>λόγοις,</span> <span class='ocrx_word' id='word_1_464' title='bbox 2706 3130 2798 3182; x_wconf 75' lang='grc' dir='ltr'><strong>καὶ</strong></span> <span class='ocrx_word' id='word_1_465' title='bbox 2826 3130 2915 3183; x_wconf 78' lang='grc' dir='ltr'>διὰ</span> <span class='ocrx_word' id='word_1_466' title='bbox 2944 3133 3055 3186; x_wconf 91' lang='grc' dir='ltr'><strong>τῶν</strong></span> <span class='ocrx_word' id='word_1_467' title='bbox 3084 3133 3259 3203; x_wconf 79' lang='grc' dir='ltr'>ἔργων</span> <span class='ocrx_word' id='word_1_468' title='bbox 3306 3136 3404 3208; x_wconf 83' lang='grc' dir='ltr'><strong>τὴν</strong></span> <span class='ocrx_word' id='word_1_469' title='bbox 3440 3140 3624 3195; x_wconf 88' lang='grc' dir='ltr'>πίστιν</span> <span class='ocrx_word' id='word_1_470' title='bbox 3664 3145 3761 3195; x_wconf 79' lang='grc' dir='ltr'><strong>ἑπ-</strong></span> 
     </span>
    </p>
   </div>
   <div class='ocr_carea' id='block_1_64' title="bbox 502 3209 2076 3305">
    <p class='ocr_par' dir='ltr' id='par_1_64' title="bbox 502 3209 2076 3305">
     <span class='ocr_line' id='line_1_64' title="bbox 502 3209 2076 3305; baseline 0.02 -43"><span class='ocrx_word' id='word_1_471' title='bbox 502 3209 574 3263; x_wconf 89' lang='lat' dir='ltr'><strong>ab</strong></span> <span class='ocrx_word' id='word_1_472' title='bbox 606 3225 796 3269; x_wconf 89' lang='lat' dir='ltr'><strong>amore</strong></span> <span class='ocrx_word' id='word_1_473' title='bbox 821 3215 915 3284; x_wconf 92' lang='lat' dir='ltr'><strong>qui</strong></span> <span class='ocrx_word' id='word_1_474' title='bbox 939 3228 1022 3273; x_wconf 89' lang='lat' dir='ltr'><strong>est</strong></span> <span class='ocrx_word' id='word_1_475' title='bbox 1052 3218 1106 3273; x_wconf 92' lang='lat' dir='ltr'><strong>in</strong></span> <span class='ocrx_word' id='word_1_476' title='bbox 1137 3219 1356 3277; x_wconf 81' lang='lat' dir='ltr'><strong>Christo</strong></span> <span class='ocrx_word' id='word_1_477' title='bbox 1376 3223 1505 3281; x_wconf 82' lang='lat' dir='ltr'><strong>Jesu</strong></span> <span class='ocrx_word' id='word_1_478' title='bbox 1528 3228 1761 3285; x_wconf 88' lang='lat' dir='ltr'><strong>Domino</strong></span> <span class='ocrx_word' id='word_1_479' title='bbox 1793 3246 1985 3291; x_wconf 82' lang='lat' dir='ltr'><strong>nostro</strong></span> <span class='ocrx_word' id='word_1_480' title='bbox 2010 3255 2025 3305; x_wconf 91' lang='lat'><strong>;</strong></span> <span class='ocrx_word' id='word_1_481' title='bbox 2057 3257 2076 3291; x_wconf 77' lang='grc' dir='ltr'><strong>ι</strong></span> 
     </span>
    </p>
   </div>
   <div class='ocr_carea' id='block_1_65' title="bbox 501 3307 2079 3383">
    <p class='ocr_par' dir='ltr' id='par_1_65' title="bbox 501 3307 2079 3383">
     <span class='ocr_line' id='line_1_65' title="bbox 501 3307 2079 3383; baseline 0.018 -28"><span class='ocrx_word' id='word_1_482' title='bbox 501 3311 800 3374; x_wconf 83' lang='lat' dir='ltr'><strong>postquam</strong></span> <span class='ocrx_word' id='word_1_483' title='bbox 850 3307 1067 3380; x_wconf 84' lang='lat' dir='ltr'><strong>singula</strong></span> <span class='ocrx_word' id='word_1_484' title='bbox 1118 3313 1269 3369; x_wconf 91' lang='lat' dir='ltr'><strong>entia</strong></span> <span class='ocrx_word' id='word_1_485' title='bbox 1313 3317 1584 3373; x_wconf 90' lang='lat' dir='ltr'><strong>collectim</strong></span> <span class='ocrx_word' id='word_1_486' title='bbox 1626 3322 1983 3382; x_wconf 88' lang='lat' dir='ltr'><strong>distribuerat</strong></span> <span class='ocrx_word' id='word_1_487' title='bbox 2024 3329 2079 3383; x_wconf 91' lang='lat' dir='ltr'><strong>in</strong></span> 
     </span>
    </p>
   </div>
   <div class='ocr_carea' id='block_1_66' title="bbox 502 3406 2079 3485">
    <p class='ocr_par' dir='ltr' id='par_1_66' title="bbox 502 3406 2079 3485">
     <span class='ocr_line' id='line_1_66' title="bbox 502 3406 2079 3485; baseline 0.018 -37"><span class='ocrx_word' id='word_1_488' title='bbox 502 3406 709 3464; x_wconf 88' lang='lat' dir='ltr'><strong>partes,</strong></span> <span class='ocrx_word' id='word_1_489' title='bbox 739 3414 838 3453; x_wconf 90' lang='lat' dir='ltr'><strong>nec</strong></span> <span class='ocrx_word' id='word_1_490' title='bbox 869 3415 1092 3456; x_wconf 87' lang='lat' dir='ltr'><strong>cursum</strong></span> <span class='ocrx_word' id='word_1_491' title='bbox 1124 3409 1331 3462; x_wconf 90' lang='lat' dir='ltr'><strong>amoris</strong></span> <span class='ocrx_word' id='word_1_492' title='bbox 1367 3410 1453 3463; x_wconf 90' lang='lat' dir='ltr'><strong>sui</strong></span> <span class='ocrx_word' id='word_1_493' title='bbox 1482 3412 1714 3479; x_wconf 90' lang='lat' dir='ltr'><strong>stiterat,</strong></span> <span class='ocrx_word' id='word_1_494' title='bbox 1764 3417 1831 3471; x_wconf 90' lang='lat' dir='ltr'><strong>de</strong></span> <span class='ocrx_word' id='word_1_495' title='bbox 1862 3429 2079 3485; x_wconf 58' lang='lat' dir='ltr'><strong>ca&#39;tero,</strong></span> 
     </span>
    </p>
   </div>
   <div class='ocr_carea' id='block_1_67' title="bbox 503 3490 2079 3567">
    <p class='ocr_par' dir='ltr' id='par_1_67' title="bbox 503 3490 2079 3567">
     <span class='ocr_line' id='line_1_67' title="bbox 503 3490 2079 3567; baseline 0.019 -29"><span class='ocrx_word' id='word_1_496' title='bbox 503 3501 538 3539; x_wconf 89' lang='lat' dir='ltr'><strong>a</strong></span> <span class='ocrx_word' id='word_1_497' title='bbox 568 3502 675 3542; x_wconf 77' lang='lat' dir='ltr'><strong>non</strong></span> <span class='ocrx_word' id='word_1_498' title='bbox 704 3490 924 3548; x_wconf 89' lang='lat' dir='ltr'><strong>entihus</strong></span> <span class='ocrx_word' id='word_1_499' title='bbox 961 3494 1017 3547; x_wconf 90' lang='lat' dir='ltr'><strong>in</strong></span> <span class='ocrx_word' id='word_1_500' title='bbox 1052 3509 1439 3566; x_wconf 87' lang='lat' dir='ltr'><strong>argumentum</strong></span> <span class='ocrx_word' id='word_1_501' title='bbox 1487 3509 1871 3564; x_wconf 89' lang='lat' dir='ltr'><strong>tantummodo</strong></span> <span class='ocrx_word' id='word_1_502' title='bbox 1902 3512 2079 3567; x_wconf 88' lang='lat' dir='ltr'><strong>addu-</strong></span> 
     </span>
    </p>
   </div>
   <div class='ocr_carea' id='block_1_68' title="bbox 504 3577 2083 3660">
    <p class='ocr_par' dir='ltr' id='par_1_68' title="bbox 504 3577 2083 3660">
     <span class='ocr_line' id='line_1_68' title="bbox 504 3577 2083 3660; baseline 0.017 -30"><span class='ocrx_word' id='word_1_503' title='bbox 504 3577 632 3643; x_wconf 85' lang='lat' dir='ltr'><strong>ctis,</strong></span> <span class='ocrx_word' id='word_1_504' title='bbox 665 3579 832 3634; x_wconf 88' lang='lat' dir='ltr'><strong>veluti</strong></span> <span class='ocrx_word' id='word_1_505' title='bbox 864 3582 1160 3640; x_wconf 88' lang='lat' dir='ltr'><strong>insatiatus</strong></span> <span class='ocrx_word' id='word_1_506' title='bbox 1187 3589 1410 3657; x_wconf 90' lang='lat' dir='ltr'><strong>quidam</strong></span> <span class='ocrx_word' id='word_1_507' title='bbox 1458 3603 1687 3660; x_wconf 88' lang='lat' dir='ltr'><strong>amator,</strong></span> <span class='ocrx_word' id='word_1_508' title='bbox 1723 3596 1942 3654; x_wconf 88' lang='lat' dir='ltr'><strong>Christo</strong></span> <span class='ocrx_word' id='word_1_509' title='bbox 1979 3603 2083 3657; x_wconf 89' lang='lat' dir='ltr'><strong>mi-</strong></span> 
     </span>
    </p>
   </div>
   <div class='ocr_carea' id='block_1_69' title="bbox 504 3670 2083 3763">
    <p class='ocr_par' dir='ltr' id='par_1_69' title="bbox 504 3670 2083 3763">
     <span class='ocr_line' id='line_1_69' title="bbox 504 3670 2083 3763; baseline 0.017 -43"><span class='ocrx_word' id='word_1_510' title='bbox 504 3681 613 3723; x_wconf 87' lang='lat' dir='ltr'><strong>nus</strong></span> <span class='ocrx_word' id='word_1_511' title='bbox 661 3684 720 3723; x_wconf 90' lang='lat' dir='ltr'><strong>se</strong></span> <span class='ocrx_word' id='word_1_512' title='bbox 750 3670 964 3729; x_wconf 76' lang='lat' dir='ltr'><strong>deferre</strong></span> <span class='ocrx_word' id='word_1_513' title='bbox 1011 3676 1336 3747; x_wconf 87' lang='lat' dir='ltr'><strong>arbitratur,</strong></span> <span class='ocrx_word' id='word_1_514' title='bbox 1383 3690 1439 3737; x_wconf 89' lang='lat' dir='ltr'><strong>et</strong></span> <span class='ocrx_word' id='word_1_515' title='bbox 1481 3699 1603 3739; x_wconf 90' lang='lat' dir='ltr'><strong>eum</strong></span> <span class='ocrx_word' id='word_1_516' title='bbox 1639 3688 1911 3744; x_wconf 80' lang='lat' dir='ltr'><strong>defectum</strong></span> <span class='ocrx_word' id='word_1_517' title='bbox 1951 3708 2083 3763; x_wconf 79' lang='lat' dir='ltr'><strong>sup-</strong></span> 
     </span>
    </p>
   </div>
   <div class='ocr_carea' id='block_1_70' title="bbox 504 3759 2079 3841">
    <p class='ocr_par' dir='ltr' id='par_1_70' title="bbox 504 3759 2079 3841">
     <span class='ocr_line' id='line_1_70' title="bbox 504 3759 2079 3841; baseline 0.018 -30"><span class='ocrx_word' id='word_1_518' title='bbox 504 3759 655 3828; x_wconf 91' lang='lat' dir='ltr'><strong>plere</strong></span> <span class='ocrx_word' id='word_1_519' title='bbox 713 3767 1070 3833; x_wconf 88' lang='lat' dir='ltr'><strong>contendens,</strong></span> <span class='ocrx_word' id='word_1_520' title='bbox 1124 3769 1289 3827; x_wconf 80' lang='lat' dir='ltr'><strong>infert</strong></span> <span class='ocrx_word' id='word_1_521' title='bbox 1335 3783 1546 3830; x_wconf 89' lang='lat' dir='ltr'><strong>tantum</strong></span> <span class='ocrx_word' id='word_1_522' title='bbox 1597 3794 1709 3834; x_wconf 90' lang='lat' dir='ltr'><strong>non</strong></span> <span class='ocrx_word' id='word_1_523' title='bbox 1762 3759 2079 3841; x_wconf 42' lang='lat' dir='ltr'><strong>verbatim—:</strong></span> 
     </span>
    </p>
   </div>
   <div class='ocr_carea' id='block_1_71' title="bbox 506 3850 2081 3941">
    <p class='ocr_par' dir='ltr' id='par_1_71' title="bbox 506 3850 2081 3941">
     <span class='ocr_line' id='line_1_71' title="bbox 506 3850 2081 3941; baseline 0.019 -39"><span class='ocrx_word' id='word_1_524' title='bbox 506 3850 682 3918; x_wconf 84' lang='lat' dir='ltr'><strong>ipsam</strong></span> <span class='ocrx_word' id='word_1_525' title='bbox 712 3868 887 3924; x_wconf 90' lang='lat' dir='ltr'><strong>spem,</strong></span> <span class='ocrx_word' id='word_1_526' title='bbox 911 3871 1135 3914; x_wconf 90' lang='lat' dir='ltr'><strong>cursum</strong></span> <span class='ocrx_word' id='word_1_527' title='bbox 1161 3863 1368 3932; x_wconf 88' lang='lat' dir='ltr'><strong>ipsum.</strong></span> <span class='ocrx_word' id='word_1_528' title='bbox 1389 3867 1621 3924; x_wconf 91' lang='lat' dir='ltr'><strong>salutem</strong></span> <span class='ocrx_word' id='word_1_529' title='bbox 1647 3872 1821 3941; x_wconf 89' lang='lat' dir='ltr'><strong>ipsam</strong></span> <span class='ocrx_word' id='word_1_530' title='bbox 1853 3876 2081 3932; x_wconf 89' lang='lat' dir='ltr'><strong>libenter</strong></span> 
     </span>
    </p>
   </div>
   <div class='ocr_carea' id='block_1_72' title="bbox 503 3942 2081 4034">
    <p class='ocr_par' dir='ltr' id='par_1_72' title="bbox 503 3942 2081 4034">
     <span class='ocr_line' id='line_1_72' title="bbox 503 3942 2081 4034; baseline 0.02 -40"><span class='ocrx_word' id='word_1_531' title='bbox 503 3942 854 4013; x_wconf 85' lang='lat' dir='ltr'><strong>deponerem,</strong></span> <span class='ocrx_word' id='word_1_532' title='bbox 911 3952 956 4006; x_wconf 89' lang='lat' dir='ltr'><strong>si</strong></span> <span class='ocrx_word' id='word_1_533' title='bbox 1020 3952 1244 4011; x_wconf 89' lang='lat' dir='ltr'><strong>Christo</strong></span> <span class='ocrx_word' id='word_1_534' title='bbox 1295 3958 1423 4014; x_wconf 89' lang='lat' dir='ltr'><strong>hinc</strong></span> <span class='ocrx_word' id='word_1_535' title='bbox 1460 3961 1584 4031; x_wconf 90' lang='lat' dir='ltr'><strong>plus</strong></span> <span class='ocrx_word' id='word_1_536' title='bbox 1636 3966 1823 4034; x_wconf 79' lang='lat' dir='ltr'><strong>gloriae</strong></span> <span class='ocrx_word' id='word_1_537' title='bbox 1867 3970 2081 4025; x_wconf 87' lang='lat' dir='ltr'><strong>accede-</strong></span> 
     </span>
    </p>
   </div>
   <div class='ocr_carea' id='block_1_73' title="bbox 504 4042 2081 4115">
    <p class='ocr_par' dir='ltr' id='par_1_73' title="bbox 504 4042 2081 4115">
     <span class='ocr_line' id='line_1_73' title="bbox 504 4042 2081 4115; baseline 0.017 -27"><span class='ocrx_word' id='word_1_538' title='bbox 504 4044 611 4100; x_wconf 90' lang='lat' dir='ltr'><strong>ret,</strong></span> <span class='ocrx_word' id='word_1_539' title='bbox 645 4047 699 4092; x_wconf 87' lang='lat' dir='ltr'><strong>et</strong></span> <span class='ocrx_word' id='word_1_540' title='bbox 733 4043 980 4096; x_wconf 88' lang='lat' dir='ltr'><strong>conversi</strong></span> <span class='ocrx_word' id='word_1_541' title='bbox 1015 4042 1186 4101; x_wconf 65' lang='lat' dir='ltr'><strong>Judaei</strong></span> <span class='ocrx_word' id='word_1_542' title='bbox 1220 4048 1567 4106; x_wconf 88' lang='lat' dir='ltr'><strong>salvarentur</strong></span> <span class='ocrx_word' id='word_1_543' title='bbox 1603 4056 1760 4111; x_wconf 69' lang='lat' dir='ltr'><strong>:haec</strong></span> <span class='ocrx_word' id='word_1_544' title='bbox 1791 4065 1846 4112; x_wconf 91' lang='lat' dir='ltr'><strong>et</strong></span> <span class='ocrx_word' id='word_1_545' title='bbox 1876 4061 2081 4115; x_wconf 88' lang='lat' dir='ltr'><strong>sentire</strong></span> 
     </span>
    </p>
   </div>
   <div class='ocr_carea' id='block_1_74' title="bbox 500 4129 2081 4213">
    <p class='ocr_par' dir='ltr' id='par_1_74' title="bbox 500 4129 2081 4213">
     <span class='ocr_line' id='line_1_74' title="bbox 500 4129 2081 4213; baseline 0.018 -32"><span class='ocrx_word' id='word_1_546' title='bbox 500 4134 558 4182; x_wconf 85' lang='lat' dir='ltr'><strong>et</strong></span> <span class='ocrx_word' id='word_1_547' title='bbox 584 4129 783 4199; x_wconf 89' lang='lat' dir='ltr'><strong>dtcere,</strong></span> <span class='ocrx_word' id='word_1_548' title='bbox 812 4150 920 4190; x_wconf 90' lang='lat' dir='ltr'><strong>non</strong></span> <span class='ocrx_word' id='word_1_549' title='bbox 956 4146 1040 4191; x_wconf 90' lang='lat' dir='ltr'><strong>est</strong></span> <span class='ocrx_word' id='word_1_550' title='bbox 1069 4154 1098 4192; x_wconf 93' lang='lat' dir='ltr'><strong>a</strong></span> <span class='ocrx_word' id='word_1_551' title='bbox 1131 4138 1240 4194; x_wconf 90' lang='lat' dir='ltr'><strong>Deo</strong></span> <span class='ocrx_word' id='word_1_552' title='bbox 1273 4145 1571 4211; x_wconf 90' lang='lat' dir='ltr'><strong>separatio.</strong></span> <span class='ocrx_word' id='word_1_553' title='bbox 1611 4148 1859 4213; x_wconf 85' lang='lat' dir='ltr'><strong>Quonam</strong></span> <span class='ocrx_word' id='word_1_554' title='bbox 1889 4155 2081 4208; x_wconf 88' lang='lat' dir='ltr'><strong>enim?</strong></span> 
     </span>
    </p>
   </div>
   <div class='ocr_carea' id='block_1_75' title="bbox 500 4222 2074 4317">
    <p class='ocr_par' dir='ltr' id='par_1_75' title="bbox 500 4222 2074 4317">
     <span class='ocr_line' id='line_1_75' title="bbox 500 4222 2074 4317; baseline 0.018 -43"><span class='ocrx_word' id='word_1_555' title='bbox 500 4222 684 4290; x_wconf 83' lang='lat' dir='ltr'><strong>potius</strong></span> <span class='ocrx_word' id='word_1_556' title='bbox 731 4228 980 4295; x_wconf 66' lang='lat' dir='ltr'><strong>quaedam</strong></span> <span class='ocrx_word' id='word_1_557' title='bbox 1034 4230 1172 4286; x_wconf 91' lang='lat' dir='ltr'><strong>mira</strong></span> <span class='ocrx_word' id='word_1_558' title='bbox 1217 4234 1555 4304; x_wconf 87' lang='lat' dir='ltr'><strong>conjunctio,</strong></span> <span class='ocrx_word' id='word_1_559' title='bbox 1605 4249 1662 4294; x_wconf 90' lang='lat' dir='ltr'><strong>et</strong></span> <span class='ocrx_word' id='word_1_560' title='bbox 1722 4244 1855 4298; x_wconf 88' lang='lat' dir='ltr'><strong>unio</strong></span> <span class='ocrx_word' id='word_1_561' title='bbox 1908 4260 2074 4317; x_wconf 87' lang='lat' dir='ltr'><strong>supra</strong></span> 
     </span>
    </p>
   </div>
   <div class='ocr_carea' id='block_1_76' title="bbox 499 4319 2078 4405">
    <p class='ocr_par' dir='ltr' id='par_1_76' title="bbox 499 4319 2078 4405">
     <span class='ocr_line' id='line_1_76' title="bbox 499 4319 2078 4405; baseline 0.018 -40"><span class='ocrx_word' id='word_1_562' title='bbox 499 4325 750 4370; x_wconf 87' lang='lat' dir='ltr'><strong>naturam</strong></span> <span class='ocrx_word' id='word_1_563' title='bbox 777 4319 1033 4376; x_wconf 85' lang='lat' dir='ltr'><strong>iunovata</strong></span> <span class='ocrx_word' id='word_1_564' title='bbox 1069 4340 1083 4376; x_wconf 90' lang='lat'>:</span> <span class='ocrx_word' id='word_1_565' title='bbox 1115 4326 1319 4382; x_wconf 91' lang='lat' dir='ltr'><strong>amoris</strong></span> <span class='ocrx_word' id='word_1_566' title='bbox 1348 4343 1476 4399; x_wconf 88' lang='lat' dir='ltr'><strong>erga</strong></span> <span class='ocrx_word' id='word_1_567' title='bbox 1508 4330 1701 4399; x_wconf 89' lang='lat' dir='ltr'><strong>Deum,</strong></span> <span class='ocrx_word' id='word_1_568' title='bbox 1729 4349 1856 4405; x_wconf 86' lang='lat' dir='ltr'><strong>erga</strong></span> <span class='ocrx_word' id='word_1_569' title='bbox 1902 4337 2078 4393; x_wconf 87' lang='lat' dir='ltr'><strong>homi-</strong></span> 
     </span>
    </p>
   </div>
   <div class='ocr_carea' id='block_1_77' title="bbox 498 4409 2076 4499">
    <p class='ocr_par' dir='ltr' id='par_1_77' title="bbox 498 4409 2076 4499">
     <span class='ocr_line' id='line_1_77' title="bbox 498 4409 2076 4499; baseline 0.017 -41"><span class='ocrx_word' id='word_1_570' title='bbox 498 4420 599 4459; x_wconf 87' lang='lat' dir='ltr'><strong>nes</strong></span> <span class='ocrx_word' id='word_1_571' title='bbox 655 4409 1102 4480; x_wconf 90' lang='lat' dir='ltr'><strong>incomparabilis</strong></span> <span class='ocrx_word' id='word_1_572' title='bbox 1147 4418 1414 4473; x_wconf 83' lang='lat' dir='ltr'><strong>exhibitio</strong></span> <span class='ocrx_word' id='word_1_573' title='bbox 1465 4423 1755 4480; x_wconf 79' lang='lat' dir='ltr'><strong>manifesta</strong></span> <span class='ocrx_word' id='word_1_574' title='bbox 1805 4445 1819 4480; x_wconf 88' lang='lat'><strong>:</strong></span> <span class='ocrx_word' id='word_1_575' title='bbox 1860 4428 2076 4499; x_wconf 86' lang='lat' dir='ltr'><strong>insigne</strong></span> 
     </span>
    </p>
   </div>
   <div class='ocr_carea' id='block_1_78' title="bbox 2185 3216 3760 3304">
    <p class='ocr_par' dir='ltr' id='par_1_78' title="bbox 2185 3216 3760 3304">
     <span class='ocr_line' id='line_1_78' title="bbox 2185 3216 3760 3304; baseline 0.013 -36"><span class='ocrx_word' id='word_1_576' title='bbox 2185 3216 2357 3284; x_wconf 89' lang='grc' dir='ltr'>ἀγων,</span> <span class='ocrx_word' id='word_1_577' title='bbox 2400 3235 2420 3269; x_wconf 84' lang='grc'><em>‹</em></span> <span class='ocrx_word' id='word_1_578' title='bbox 2449 3219 2532 3271; x_wconf 78' lang='grc' dir='ltr'>ὅτι</span> <span class='ocrx_word' id='word_1_579' title='bbox 2557 3218 2680 3272; x_wconf 75' lang='grc' dir='ltr'>οὔτε</span> <span class='ocrx_word' id='word_1_580' title='bbox 2713 3220 2943 3286; x_wconf 84' lang='grc' dir='ltr'>θάνατος</span> <span class='ocrx_word' id='word_1_581' title='bbox 2970 3223 3095 3277; x_wconf 77' lang='grc' dir='ltr'>οὔτε</span> <span class='ocrx_word' id='word_1_582' title='bbox 3119 3225 3254 3299; x_wconf 78' lang='grc' dir='ltr'>ζωὴ,</span> <span class='ocrx_word' id='word_1_583' title='bbox 3286 3228 3411 3284; x_wconf 74' lang='grc' dir='ltr'>οὔτε</span> <span class='ocrx_word' id='word_1_584' title='bbox 3444 3233 3612 3304; x_wconf 82' lang='grc' dir='ltr'>ἀρχαὶ</span> <span class='ocrx_word' id='word_1_585' title='bbox 3638 3235 3760 3289; x_wconf 72' lang='grc' dir='ltr'>οὔτε</span> 
     </span>
    </p>
   </div>
   <div class='ocr_carea' id='block_1_79' title="bbox 2182 3305 3764 3389">
    <p class='ocr_par' dir='ltr' id='par_1_79' title="bbox 2182 3305 3764 3389">
     <span class='ocr_line' id='line_1_79' title="bbox 2182 3305 3764 3389; baseline 0.011 -32"><span class='ocrx_word' id='word_1_586' title='bbox 2182 3305 2462 3374; x_wconf 85' lang='grc' dir='ltr'>δυνάμεις,</span> <span class='ocrx_word' id='word_1_587' title='bbox 2482 3306 2606 3360; x_wconf 78' lang='grc' dir='ltr'>οὗτε</span> <span class='ocrx_word' id='word_1_588' title='bbox 2640 3310 2910 3363; x_wconf 83' lang='grc' dir='ltr'>ἐνεστῶτα</span> <span class='ocrx_word' id='word_1_589' title='bbox 2950 3310 3073 3365; x_wconf 83' lang='grc' dir='ltr'>οῦτε</span> <span class='ocrx_word' id='word_1_590' title='bbox 3094 3313 3375 3383; x_wconf 87' lang='grc' dir='ltr'>μέλλοντα,</span> <span class='ocrx_word' id='word_1_591' title='bbox 3399 3316 3525 3371; x_wconf 75' lang='grc' dir='ltr'>οὔτε</span> <span class='ocrx_word' id='word_1_592' title='bbox 3565 3318 3764 3389; x_wconf 79' lang='grc' dir='ltr'>ὕψωμα</span> 
     </span>
    </p>
   </div>
   <div class='ocr_carea' id='block_1_80' title="bbox 2182 3396 3763 3481">
    <p class='ocr_par' dir='ltr' id='par_1_80' title="bbox 2182 3396 3763 3481">
     <span class='ocr_line' id='line_1_80' title="bbox 2182 3396 3763 3481; baseline 0.011 -32"><span class='ocrx_word' id='word_1_593' title='bbox 2182 3396 2305 3449; x_wconf 77' lang='grc' dir='ltr'>οὔτε</span> <span class='ocrx_word' id='word_1_594' title='bbox 2356 3398 2541 3468; x_wconf 84' lang='grc' dir='ltr'>βάθος,</span> <span class='ocrx_word' id='word_1_595' title='bbox 2575 3399 2699 3452; x_wconf 78' lang='grc' dir='ltr'>οὔτε</span> <span class='ocrx_word' id='word_1_596' title='bbox 2746 3401 2923 3464; x_wconf 88' lang='grc' dir='ltr'>κτίσις</span> <span class='ocrx_word' id='word_1_597' title='bbox 2965 3421 3049 3465; x_wconf 85' lang='grc' dir='ltr'><strong>τις</strong></span> <span class='ocrx_word' id='word_1_598' title='bbox 3097 3404 3258 3475; x_wconf 80' lang='grc' dir='ltr'>ἑτέρα</span> <span class='ocrx_word' id='word_1_599' title='bbox 3297 3407 3586 3478; x_wconf 84' lang='grc' dir='ltr'>δυνήσεται</span> <span class='ocrx_word' id='word_1_600' title='bbox 3619 3413 3763 3481; x_wconf 80' lang='grc' dir='ltr'>ἡμᾶς</span> 
     </span>
    </p>
   </div>
   <div class='ocr_carea' id='block_1_81' title="bbox 2183 3490 3762 3574">
    <p class='ocr_par' dir='ltr' id='par_1_81' title="bbox 2183 3490 3762 3574">
     <span class='ocr_line' id='line_1_81' title="bbox 2183 3490 3762 3574; baseline 0.009 -33"><span class='ocrx_word' id='word_1_601' title='bbox 2183 3490 2415 3559; x_wconf 87' lang='grc' dir='ltr'>χωρίσαι</span> <span class='ocrx_word' id='word_1_602' title='bbox 2446 3492 2553 3543; x_wconf 81' lang='grc' dir='ltr'>ἀπὸ</span> <span class='ocrx_word' id='word_1_603' title='bbox 2575 3492 2673 3561; x_wconf 86' lang='grc' dir='ltr'><strong>τῆς</strong></span> <span class='ocrx_word' id='word_1_604' title='bbox 2702 3492 2927 3563; x_wconf 76' lang='grc' dir='ltr'>ἀγάπης</span> <span class='ocrx_word' id='word_1_605' title='bbox 2979 3494 3073 3548; x_wconf 90' lang='grc' dir='ltr'><strong>τοῦ</strong></span> <span class='ocrx_word' id='word_1_606' title='bbox 3115 3495 3274 3561; x_wconf 89' lang='grc' dir='ltr'>Θεοῦ,</span> <span class='ocrx_word' id='word_1_607' title='bbox 3303 3500 3402 3570; x_wconf 77' lang='grc' dir='ltr'><strong>τῆς</strong></span> <span class='ocrx_word' id='word_1_608' title='bbox 3442 3502 3500 3553; x_wconf 82' lang='grc' dir='ltr'>ὲν</span> <span class='ocrx_word' id='word_1_609' title='bbox 3546 3502 3762 3574; x_wconf 86' lang='grc' dir='ltr'>Χριστῷ</span> 
     </span>
    </p>
   </div>
   <div class='ocr_carea' id='block_1_82' title="bbox 2195 3582 3760 3666">
    <p class='ocr_par' dir='ltr' id='par_1_82' title="bbox 2195 3582 3760 3666">
     <span class='ocr_line' id='line_1_82' title="bbox 2195 3582 3760 3666; baseline 0.01 -33"><span class='ocrx_word' id='word_1_610' title='bbox 2195 3582 2370 3653; x_wconf 82' lang='grc' dir='ltr'>Ἰησοῦ</span> <span class='ocrx_word' id='word_1_611' title='bbox 2399 3584 2478 3655; x_wconf 84' lang='grc' dir='ltr'>τῷ</span> <span class='ocrx_word' id='word_1_612' title='bbox 2504 3585 2691 3655; x_wconf 87' lang='grc' dir='ltr'>Κυρίῳ</span> <span class='ocrx_word' id='word_1_613' title='bbox 2722 3587 2899 3656; x_wconf 87' lang='grc' dir='ltr'>ήμῶν.</span> <span class='ocrx_word' id='word_1_614' title='bbox 2938 3606 2956 3640; x_wconf 77' lang='grc' dir='ltr'><strong>ι</strong></span> <span class='ocrx_word' id='word_1_615' title='bbox 3002 3589 3154 3643; x_wconf 79' lang='grc' dir='ltr'>Ἐπεὶ</span> <span class='ocrx_word' id='word_1_616' title='bbox 3188 3588 3282 3644; x_wconf 86' lang='grc' dir='ltr'><strong>οῦν</strong></span> <span class='ocrx_word' id='word_1_617' title='bbox 3330 3593 3626 3664; x_wconf 88' lang='grc' dir='ltr'>σύμπαντα</span> <span class='ocrx_word' id='word_1_618' title='bbox 3662 3596 3760 3666; x_wconf 85' lang='grc' dir='ltr'>μὲν</span> 
     </span>
    </p>
   </div>
   <div class='ocr_carea' id='block_1_83' title="bbox 2180 3671 3756 3756">
    <p class='ocr_par' dir='ltr' id='par_1_83' title="bbox 2180 3671 3756 3756">
     <span class='ocr_line' id='line_1_83' title="bbox 2180 3671 3756 3756; baseline 0.01 -31"><span class='ocrx_word' id='word_1_619' title='bbox 2180 3671 2251 3726; x_wconf 81' lang='grc' dir='ltr'>τὰ</span> <span class='ocrx_word' id='word_1_620' title='bbox 2276 3672 2425 3739; x_wconf 78' lang='grc' dir='ltr'>ὄντα,</span> <span class='ocrx_word' id='word_1_621' title='bbox 2455 3676 2547 3727; x_wconf 77' lang='grc' dir='ltr'>καὶ</span> <span class='ocrx_word' id='word_1_622' title='bbox 2572 3676 2831 3747; x_wconf 80' lang='grc' dir='ltr'>μερίζων,</span> <span class='ocrx_word' id='word_1_623' title='bbox 2864 3679 2959 3731; x_wconf 74' lang='grc' dir='ltr'><strong>καὶ</strong></span> <span class='ocrx_word' id='word_1_624' title='bbox 2980 3681 3445 3754; x_wconf 85' lang='grc' dir='ltr'>κεφαλαιούμενος</span> <span class='ocrx_word' id='word_1_625' title='bbox 3465 3686 3756 3756; x_wconf 78' lang='grc' dir='ltr'>διεξῆλθεν,</span> 
     </span>
    </p>
   </div>
   <div class='ocr_carea' id='block_1_84' title="bbox 2181 3763 3756 3851">
    <p class='ocr_par' dir='ltr' id='par_1_84' title="bbox 2181 3763 3756 3851">
     <span class='ocr_line' id='line_1_84' title="bbox 2181 3763 3756 3851; baseline 0.01 -34"><span class='ocrx_word' id='word_1_626' title='bbox 2181 3763 2333 3818; x_wconf 79' lang='grc' dir='ltr'>οὔπω</span> <span class='ocrx_word' id='word_1_627' title='bbox 2353 3765 2408 3817; x_wconf 79' lang='grc' dir='ltr'>δὲ</span> <span class='ocrx_word' id='word_1_628' title='bbox 2438 3767 2529 3820; x_wconf 76' lang='grc' dir='ltr'>τὸν</span> <span class='ocrx_word' id='word_1_629' title='bbox 2554 3768 2646 3820; x_wconf 87' lang='grc' dir='ltr'><strong>τοῦ</strong></span> <span class='ocrx_word' id='word_1_630' title='bbox 2676 3768 2841 3822; x_wconf 85' lang='grc' dir='ltr'>πόθου</span> <span class='ocrx_word' id='word_1_631' title='bbox 2868 3771 3062 3843; x_wconf 72' lang='grc' dir='ltr'>ἔστησε</span> <span class='ocrx_word' id='word_1_632' title='bbox 3084 3772 3305 3844; x_wconf 78' lang='grc' dir='ltr'>δρόμον,</span> <span class='ocrx_word' id='word_1_633' title='bbox 3337 3776 3523 3831; x_wconf 75' lang='grc' dir='ltr'>λοιπὸν</span> <span class='ocrx_word' id='word_1_634' title='bbox 3547 3780 3645 3851; x_wconf 75' lang='grc' dir='ltr'>ήδη</span> <span class='ocrx_word' id='word_1_635' title='bbox 3667 3781 3756 3833; x_wconf 77' lang='grc' dir='ltr'>καὶ</span> 
     </span>
    </p>
   </div>
   <div class='ocr_carea' id='block_1_85' title="bbox 2183 3856 3754 3933">
    <p class='ocr_par' dir='ltr' id='par_1_85' title="bbox 2183 3856 3754 3933">
     <span class='ocr_line' id='line_1_85' title="bbox 2183 3856 3754 3933; baseline 0.011 -26"><span class='ocrx_word' id='word_1_636' title='bbox 2183 3857 2248 3909; x_wconf 79' lang='grc' dir='ltr'>ὲκ</span> <span class='ocrx_word' id='word_1_637' title='bbox 2270 3856 2380 3909; x_wconf 88' lang='grc' dir='ltr'><strong>τῶν</strong></span> <span class='ocrx_word' id='word_1_638' title='bbox 2417 3859 2492 3929; x_wconf 85' lang='grc' dir='ltr'>μὴ</span> <span class='ocrx_word' id='word_1_639' title='bbox 2523 3857 2693 3913; x_wconf 75' lang='grc' dir='ltr'>ὄντων</span> <span class='ocrx_word' id='word_1_640' title='bbox 2724 3863 2823 3931; x_wconf 84' lang='grc' dir='ltr'><strong>μὲν</strong></span> <span class='ocrx_word' id='word_1_641' title='bbox 2859 3863 2995 3933; x_wconf 82' lang='grc' dir='ltr'>μηδὲ</span> <span class='ocrx_word' id='word_1_642' title='bbox 3023 3867 3348 3933; x_wconf 82' lang='grc' dir='ltr'>γεγονότων,</span> <span class='ocrx_word' id='word_1_643' title='bbox 3382 3871 3465 3933; x_wconf 87' lang='grc' dir='ltr'><strong>είς</strong></span> <span class='ocrx_word' id='word_1_644' title='bbox 3503 3871 3754 3926; x_wconf 82' lang='grc' dir='ltr'>ὑπόθεσιν</span> 
     </span>
    </p>
   </div>
   <div class='ocr_carea' id='block_1_86' title="bbox 2180 3948 3755 4035">
    <p class='ocr_par' dir='ltr' id='par_1_86' title="bbox 2180 3948 3755 4035">
     <span class='ocr_line' id='line_1_86' title="bbox 2180 3948 3755 4035; baseline 0.012 -35"><span class='ocrx_word' id='word_1_645' title='bbox 2180 3948 2236 4002; x_wconf 85' lang='grc' dir='ltr'><strong>δὲ</strong></span> <span class='ocrx_word' id='word_1_646' title='bbox 2265 3950 2867 4023; x_wconf 78' lang='grc' dir='ltr'>παραλαμϐανομένων,</span> <span class='ocrx_word' id='word_1_647' title='bbox 2899 3950 2989 4009; x_wconf 76' lang='grc' dir='ltr'>οἷά</span> <span class='ocrx_word' id='word_1_648' title='bbox 3017 3973 3104 4018; x_wconf 78' lang='grc' dir='ltr'><strong>τις</strong></span> <span class='ocrx_word' id='word_1_649' title='bbox 3130 3958 3291 4030; x_wconf 90' lang='grc' dir='ltr'>κόρον</span> <span class='ocrx_word' id='word_1_650' title='bbox 3314 3960 3415 4013; x_wconf 76' lang='grc' dir='ltr'><strong>οὐκ</strong></span> <span class='ocrx_word' id='word_1_651' title='bbox 3451 3962 3609 4026; x_wconf 81' lang='grc' dir='ltr'>εἰδὼς</span> <span class='ocrx_word' id='word_1_652' title='bbox 3635 3968 3755 4035; x_wconf 85' lang='grc' dir='ltr'>ὲρα-</span> 
     </span>
    </p>
   </div>
   <div class='ocr_carea' id='block_1_87' title="bbox 2184 4041 3754 4123">
    <p class='ocr_par' dir='ltr' id='par_1_87' title="bbox 2184 4041 3754 4123">
     <span class='ocr_line' id='line_1_87' title="bbox 2184 4041 3754 4123; baseline 0.009 -29"><span class='ocrx_word' id='word_1_653' title='bbox 2184 4041 2333 4111; x_wconf 85' lang='grc' dir='ltr'>στὴς,</span> <span class='ocrx_word' id='word_1_654' title='bbox 2359 4042 2448 4097; x_wconf 76' lang='grc' dir='ltr'>ἀεὶ</span> <span class='ocrx_word' id='word_1_655' title='bbox 2483 4042 2541 4095; x_wconf 86' lang='grc' dir='ltr'>δὲ</span> <span class='ocrx_word' id='word_1_656' title='bbox 2573 4044 2810 4114; x_wconf 76' lang='grc' dir='ltr'>νομίζων</span> <span class='ocrx_word' id='word_1_657' title='bbox 2852 4046 3208 4103; x_wconf 77' lang='grc' dir='ltr'>ἐλαττοῦσθαι</span> <span class='ocrx_word' id='word_1_658' title='bbox 3253 4050 3349 4105; x_wconf 89' lang='grc' dir='ltr'><strong>τοῦ</strong></span> <span class='ocrx_word' id='word_1_659' title='bbox 3394 4054 3613 4123; x_wconf 88' lang='grc' dir='ltr'>χρέους,</span> <span class='ocrx_word' id='word_1_660' title='bbox 3665 4056 3754 4108; x_wconf 83' lang='grc' dir='ltr'><strong>καὶ</strong></span> 
     </span>
    </p>
   </div>
   <div class='ocr_carea' id='block_1_88' title="bbox 2178 4132 3748 4215">
    <p class='ocr_par' dir='ltr' id='par_1_88' title="bbox 2178 4132 3748 4215">
     <span class='ocr_line' id='line_1_88' title="bbox 2178 4132 3748 4215; baseline 0.01 -31"><span class='ocrx_word' id='word_1_661' title='bbox 2178 4132 2239 4185; x_wconf 81' lang='grc' dir='ltr'>τὸ</span> <span class='ocrx_word' id='word_1_662' title='bbox 2260 4133 2445 4187; x_wconf 83' lang='grc' dir='ltr'>λοιπὸν</span> <span class='ocrx_word' id='word_1_663' title='bbox 2462 4137 2925 4205; x_wconf 87' lang='grc' dir='ltr'>προσφιλονεικῶν</span> <span class='ocrx_word' id='word_1_664' title='bbox 2947 4140 3345 4212; x_wconf 86' lang='grc' dir='ltr'>ἀναπληρῶσαι</span> <span class='ocrx_word' id='word_1_665' title='bbox 3379 4148 3748 4215; x_wconf 89' lang='grc' dir='ltr'>προσεπάγει,</span> 
     </span>
    </p>
   </div>
   <div class='ocr_carea' id='block_1_89' title="bbox 2183 4223 3752 4301">
    <p class='ocr_par' dir='ltr' id='par_1_89' title="bbox 2183 4223 3752 4301">
     <span class='ocr_line' id='line_1_89' title="bbox 2183 4223 3752 4301; baseline 0.008 -27"><span class='ocrx_word' id='word_1_666' title='bbox 2183 4225 2463 4294; x_wconf 70' lang='grc' dir='ltr'>μονονουχὶ</span> <span class='ocrx_word' id='word_1_667' title='bbox 2506 4223 2702 4292; x_wconf 91' lang='grc' dir='ltr'>λέγων,</span> <span class='ocrx_word' id='word_1_668' title='bbox 2745 4223 2820 4289; x_wconf 85' lang='grc' dir='ltr'>ὡς</span> <span class='ocrx_word' id='word_1_669' title='bbox 2876 4227 2984 4280; x_wconf 76' lang='grc' dir='ltr'><strong>Καὶ</strong></span> <span class='ocrx_word' id='word_1_670' title='bbox 3010 4227 3178 4298; x_wconf 85' lang='grc' dir='ltr'>αὐτὴν</span> <span class='ocrx_word' id='word_1_671' title='bbox 3215 4228 3314 4301; x_wconf 80' lang='grc' dir='ltr'><strong>τὴν</strong></span> <span class='ocrx_word' id='word_1_672' title='bbox 3352 4231 3565 4297; x_wconf 76' lang='grc' dir='ltr'>ἐλπίδα,</span> <span class='ocrx_word' id='word_1_673' title='bbox 3599 4233 3752 4286; x_wconf 80' lang='grc' dir='ltr'>αὐτὸν</span> 
     </span>
    </p>
   </div>
   <div class='ocr_carea' id='block_1_90' title="bbox 2177 4311 3752 4394">
    <p class='ocr_par' dir='ltr' id='par_1_90' title="bbox 2177 4311 3752 4394">
     <span class='ocr_line' id='line_1_90' title="bbox 2177 4311 3752 4394; baseline 0.008 -31"><span class='ocrx_word' id='word_1_674' title='bbox 2177 4311 2269 4364; x_wconf 86' lang='grc' dir='ltr'><strong>τὸν</strong></span> <span class='ocrx_word' id='word_1_675' title='bbox 2315 4314 2515 4384; x_wconf 88' lang='grc' dir='ltr'>δρόμον</span> <span class='ocrx_word' id='word_1_676' title='bbox 2539 4354 2554 4380; x_wconf 93' lang='grc'><strong>,</strong></span> <span class='ocrx_word' id='word_1_677' title='bbox 2585 4315 2753 4386; x_wconf 75' lang='grc' dir='ltr'>αὐτὴν</span> <span class='ocrx_word' id='word_1_678' title='bbox 2803 4317 2903 4387; x_wconf 84' lang='grc' dir='ltr'>τὴν</span> <span class='ocrx_word' id='word_1_679' title='bbox 2954 4320 3232 4389; x_wconf 88' lang='grc' dir='ltr'>σωτηρίαν</span> <span class='ocrx_word' id='word_1_680' title='bbox 3258 4322 3570 4394; x_wconf 82' lang='grc' dir='ltr'>κατεθέμην</span> <span class='ocrx_word' id='word_1_681' title='bbox 3597 4323 3679 4387; x_wconf 88' lang='grc' dir='ltr'>ἂν,</span> <span class='ocrx_word' id='word_1_682' title='bbox 3706 4325 3752 4376; x_wconf 83' lang='grc' dir='ltr'><strong>εί</strong></span> 
     </span>
    </p>
   </div>
   <div class='ocr_carea' id='block_1_91' title="bbox 2180 4404 3749 4485">
    <p class='ocr_par' dir='ltr' id='par_1_91' title="bbox 2180 4404 3749 4485">
     <span class='ocr_line' id='line_1_91' title="bbox 2180 4404 3749 4485; baseline 0.008 -29"><span class='ocrx_word' id='word_1_683' title='bbox 2180 4404 2414 4475; x_wconf 81' lang='grc' dir='ltr'>Χριστὸς</span> <span class='ocrx_word' id='word_1_684' title='bbox 2444 4405 2608 4460; x_wconf 82' lang='grc' dir='ltr'>πλέον</span> <span class='ocrx_word' id='word_1_685' title='bbox 2637 4406 2728 4460; x_wconf 90' lang='grc' dir='ltr'><strong>διά</strong></span> <span class='ocrx_word' id='word_1_686' title='bbox 2758 4408 2861 4478; x_wconf 88' lang='grc' dir='ltr'><strong>τῆς</strong></span> <span class='ocrx_word' id='word_1_687' title='bbox 2883 4408 3446 4481; x_wconf 75' lang='grc' dir='ltr'>τοιαύτηςὲδοξάζετο</span> <span class='ocrx_word' id='word_1_688' title='bbox 3482 4416 3749 4485; x_wconf 81' lang='grc' dir='ltr'>πράξεως,</span> 
     </span>
    </p>
   </div>
   <div class='ocr_carea' id='block_1_92' title="bbox 499 4496 2079 4573">
    <p class='ocr_par' dir='ltr' id='par_1_92' title="bbox 499 4496 2070 4573">
     <span class='ocr_line' id='line_1_92' title="bbox 499 4496 2070 4573; baseline 0.016 -25"><span class='ocrx_word' id='word_1_689' title='bbox 499 4497 775 4563; x_wconf 85' lang='lat' dir='ltr'><strong>quoddam</strong></span> <span class='ocrx_word' id='word_1_690' title='bbox 843 4504 1124 4572; x_wconf 89' lang='lat' dir='ltr'><strong>proprium</strong></span> <span class='ocrx_word' id='word_1_691' title='bbox 1180 4506 1353 4561; x_wconf 81' lang='lat' dir='ltr'><strong>beatae</strong></span> <span class='ocrx_word' id='word_1_692' title='bbox 1400 4511 1643 4566; x_wconf 82' lang='lat' dir='ltr'><strong>caelestis</strong></span> <span class='ocrx_word' id='word_1_693' title='bbox 1715 4515 1862 4570; x_wconf 90' lang='lat' dir='ltr'><strong>illius</strong></span> <span class='ocrx_word' id='word_1_694' title='bbox 1917 4496 2070 4573; x_wconf 78' lang='lat' dir='ltr'><strong>Pauli</strong></span> 
     </span>
    </p>
   </div>
   <div class='ocr_carea' id='block_1_93' title="bbox 2184 4496 3751 4573">
    <p class='ocr_par' dir='ltr' id='par_1_93' title="bbox 2184 4496 3751 4571">
     <span class='ocr_line' id='line_1_93' title="bbox 2184 4496 3751 4571; baseline 0.007 -23"><span class='ocrx_word' id='word_1_695' title='bbox 2184 4496 2274 4548; x_wconf 75' lang='grc' dir='ltr'>καὶ</span> <span class='ocrx_word' id='word_1_696' title='bbox 2301 4496 2361 4549; x_wconf 86' lang='grc' dir='ltr'>τὸ</span> <span class='ocrx_word' id='word_1_697' title='bbox 2403 4496 2672 4551; x_wconf 85' lang='grc' dir='ltr'>Ἰουδαίων</span> <span class='ocrx_word' id='word_1_698' title='bbox 2705 4497 2853 4563; x_wconf 79' lang='grc' dir='ltr'>ἔθνος</span> <span class='ocrx_word' id='word_1_699' title='bbox 2881 4500 3214 4571; x_wconf 79' lang='grc' dir='ltr'>ἐπιστρέφον</span> <span class='ocrx_word' id='word_1_700' title='bbox 3253 4504 3543 4565; x_wconf 77' lang='grc' dir='ltr'>διεσώζετο</span> <span class='ocrx_word' id='word_1_701' title='bbox 3564 4526 3578 4540; x_wconf 88' lang='grc'><strong>·</strong></span> <span class='ocrx_word' id='word_1_702' title='bbox 3611 4508 3670 4559; x_wconf 77' lang='grc' dir='ltr'>τὸ</span> <span class='ocrx_word' id='word_1_703' title='bbox 3696 4508 3751 4559; x_wconf 79' lang='grc' dir='ltr'>δὲ</span> 
     </span>
    </p>
   </div>
   <div class='ocr_carea' id='block_1_94' title="bbox 499 4588 2072 4675">
    <p class='ocr_par' dir='ltr' id='par_1_94' title="bbox 499 4588 2072 4675">
     <span class='ocr_line' id='line_1_94' title="bbox 499 4588 2072 4675; baseline 0.016 -35"><span class='ocrx_word' id='word_1_704' title='bbox 499 4588 718 4644; x_wconf 67' lang='lat' dir='ltr'><strong>animm.</strong></span> <span class='ocrx_word' id='word_1_705' title='bbox 759 4590 937 4662; x_wconf 80' lang='lat' dir='ltr'><strong>Atque</strong></span> <span class='ocrx_word' id='word_1_706' title='bbox 993 4596 1073 4652; x_wconf 87' lang='lat' dir='ltr'><strong>ita</strong></span> <span class='ocrx_word' id='word_1_707' title='bbox 1100 4607 1217 4652; x_wconf 91' lang='lat' dir='ltr'><strong>esto</strong></span> <span class='ocrx_word' id='word_1_708' title='bbox 1268 4604 1443 4668; x_wconf 89' lang='lat' dir='ltr'><strong>prima</strong></span> <span class='ocrx_word' id='word_1_709' title='bbox 1492 4604 1693 4659; x_wconf 88' lang='lat' dir='ltr'><strong>solutio</strong></span> <span class='ocrx_word' id='word_1_710' title='bbox 1748 4607 1919 4675; x_wconf 84' lang='lat' dir='ltr'><strong>dubii,</strong></span> <span class='ocrx_word' id='word_1_711' title='bbox 1965 4626 2072 4665; x_wconf 91' lang='lat' dir='ltr'><strong>non</strong></span> 
     </span>
    </p>
   </div>
   <div class='ocr_carea' id='block_1_95' title="bbox 500 4681 2069 4767">
    <p class='ocr_par' dir='ltr' id='par_1_95' title="bbox 500 4681 2069 4767">
     <span class='ocr_line' id='line_1_95' title="bbox 500 4681 2069 4767; baseline 0.016 -35"><span class='ocrx_word' id='word_1_712' title='bbox 500 4681 754 4747; x_wconf 90' lang='lat' dir='ltr'><strong>multum,</strong></span> <span class='ocrx_word' id='word_1_713' title='bbox 789 4687 865 4738; x_wconf 91' lang='lat' dir='ltr'><strong>uti</strong></span> <span class='ocrx_word' id='word_1_714' title='bbox 911 4687 1166 4755; x_wconf 88' lang='lat' dir='ltr'><strong>arbitror,</strong></span> <span class='ocrx_word' id='word_1_715' title='bbox 1209 4692 1469 4749; x_wconf 83' lang='lat' dir='ltr'><strong>recedens</strong></span> <span class='ocrx_word' id='word_1_716' title='bbox 1515 4697 1583 4750; x_wconf 90' lang='lat' dir='ltr'><strong>ab</strong></span> <span class='ocrx_word' id='word_1_717' title='bbox 1614 4697 1863 4767; x_wconf 88' lang='lat' dir='ltr'><strong>Apostoli</strong></span> <span class='ocrx_word' id='word_1_718' title='bbox 1904 4717 2069 4759; x_wconf 90' lang='lat' dir='ltr'><strong>sensu</strong></span> 
     </span>
    </p>
   </div>
   <div class='ocr_carea' id='block_1_96' title="bbox 498 4777 2074 4853">
    <p class='ocr_par' dir='ltr' id='par_1_96' title="bbox 498 4777 2074 4853">
     <span class='ocr_line' id='line_1_96' title="bbox 498 4777 2074 4853; baseline 0.016 -29"><span class='ocrx_word' id='word_1_719' title='bbox 498 4782 552 4824; x_wconf 88' lang='lat' dir='ltr'><strong>et</strong></span> <span class='ocrx_word' id='word_1_720' title='bbox 582 4777 869 4831; x_wconf 90' lang='lat' dir='ltr'><strong>sententia.</strong></span> <span class='ocrx_word' id='word_1_721' title='bbox 893 4779 963 4833; x_wconf 85' lang='lat' dir='ltr'><strong>At</strong></span> <span class='ocrx_word' id='word_1_722' title='bbox 994 4796 1118 4835; x_wconf 91' lang='lat' dir='ltr'><strong>cum</strong></span> <span class='ocrx_word' id='word_1_723' title='bbox 1150 4781 1303 4837; x_wconf 90' lang='lat' dir='ltr'><strong>Pauli</strong></span> <span class='ocrx_word' id='word_1_724' title='bbox 1333 4785 1593 4853; x_wconf 88' lang='lat' dir='ltr'><strong>plantatio</strong></span> <span class='ocrx_word' id='word_1_725' title='bbox 1634 4805 1740 4844; x_wconf 92' lang='lat' dir='ltr'><strong>non</strong></span> <span class='ocrx_word' id='word_1_726' title='bbox 1772 4793 1842 4847; x_wconf 90' lang='lat' dir='ltr'><strong>sit</strong></span> <span class='ocrx_word' id='word_1_727' title='bbox 1877 4795 2074 4849; x_wconf 91' lang='lat' dir='ltr'><strong>unius-</strong></span> 
     </span>
    </p>
   </div>
   <div class='ocr_carea' id='block_1_97' title="bbox 499 4865 2070 4951">
    <p class='ocr_par' dir='ltr' id='par_1_97' title="bbox 499 4865 2070 4951">
     <span class='ocr_line' id='line_1_97' title="bbox 499 4865 2070 4951; baseline 0.018 -38"><span class='ocrx_word' id='word_1_728' title='bbox 499 4865 666 4930; x_wconf 89' lang='lat' dir='ltr'><strong>modi,</strong></span> <span class='ocrx_word' id='word_1_729' title='bbox 703 4869 793 4922; x_wconf 87' lang='lat' dir='ltr'><strong>sed</strong></span> <span class='ocrx_word' id='word_1_730' title='bbox 828 4885 933 4924; x_wconf 93' lang='lat' dir='ltr'><strong>non</strong></span> <span class='ocrx_word' id='word_1_731' title='bbox 968 4888 1115 4933; x_wconf 86' lang='lat' dir='ltr'><strong>raro,</strong></span> <span class='ocrx_word' id='word_1_732' title='bbox 1149 4875 1336 4930; x_wconf 91' lang='lat' dir='ltr'><strong>multis</strong></span> <span class='ocrx_word' id='word_1_733' title='bbox 1363 4884 1418 4930; x_wconf 90' lang='lat' dir='ltr'><strong>et</strong></span> <span class='ocrx_word' id='word_1_734' title='bbox 1458 4876 2070 4951; x_wconf 79' lang='lat' dir='ltr'><strong>diversisramusculis,</strong></span> 
     </span>
    </p>
   </div>
   <div class='ocr_carea' id='block_1_98' title="bbox 498 4956 2068 5038">
    <p class='ocr_par' dir='ltr' id='par_1_98' title="bbox 498 4956 2068 5038">
     <span class='ocr_line' id='line_1_98' title="bbox 498 4956 2068 5038; baseline 0.02 -37"><span class='ocrx_word' id='word_1_735' title='bbox 498 4957 757 5020; x_wconf 89' lang='lat' dir='ltr'><strong>tanquam</strong></span> <span class='ocrx_word' id='word_1_736' title='bbox 790 4956 859 5010; x_wconf 89' lang='lat' dir='ltr'><strong>ab</strong></span> <span class='ocrx_word' id='word_1_737' title='bbox 884 4962 1046 5015; x_wconf 89' lang='lat' dir='ltr'><strong>unico</strong></span> <span class='ocrx_word' id='word_1_738' title='bbox 1080 4963 1275 5019; x_wconf 72' lang='lat' dir='ltr'><strong>litterae</strong></span> <span class='ocrx_word' id='word_1_739' title='bbox 1307 4982 1519 5038; x_wconf 89' lang='lat' dir='ltr'><strong>campo,</strong></span> <span class='ocrx_word' id='word_1_740' title='bbox 1562 4986 1822 5027; x_wconf 88' lang='lat' dir='ltr'><strong>sensuum</strong></span> <span class='ocrx_word' id='word_1_741' title='bbox 1860 4976 2068 5032; x_wconf 82' lang='lat' dir='ltr'><strong>fructus</strong></span> 
     </span>
    </p>
   </div>
   <div class='ocr_carea' id='block_1_99' title="bbox 496 5043 2066 5124">
    <p class='ocr_par' dir='ltr' id='par_1_99' title="bbox 496 5043 2066 5124">
     <span class='ocr_line' id='line_1_99' title="bbox 496 5043 2066 5124; baseline 0.019 -33"><span class='ocrx_word' id='word_1_742' title='bbox 496 5043 698 5096; x_wconf 87' lang='lat' dir='ltr'><strong>maturi</strong></span> <span class='ocrx_word' id='word_1_743' title='bbox 731 5050 1172 5118; x_wconf 84' lang='lat' dir='ltr'><strong>progrediantur,</strong></span> <span class='ocrx_word' id='word_1_744' title='bbox 1211 5057 1463 5124; x_wconf 84' lang='lat' dir='ltr'><strong>agedum,</strong></span> <span class='ocrx_word' id='word_1_745' title='bbox 1498 5076 1619 5113; x_wconf 90' lang='lat' dir='ltr'><strong>cum</strong></span> <span class='ocrx_word' id='word_1_746' title='bbox 1662 5065 1910 5119; x_wconf 89' lang='lat' dir='ltr'><strong>oratione</strong></span> <span class='ocrx_word' id='word_1_747' title='bbox 1952 5067 2066 5120; x_wconf 93' lang='lat' dir='ltr'><strong>col-</strong></span> 
     </span>
    </p>
   </div>
   <div class='ocr_carea' id='block_1_100' title="bbox 497 5129 2068 5225">
    <p class='ocr_par' dir='ltr' id='par_1_100' title="bbox 497 5129 2068 5225">
     <span class='ocr_line' id='line_1_100' title="bbox 497 5129 2068 5225; baseline 0.018 -42"><span class='ocrx_word' id='word_1_748' title='bbox 497 5129 789 5189; x_wconf 89' lang='lat' dir='ltr'><strong>lectionem</strong></span> <span class='ocrx_word' id='word_1_749' title='bbox 824 5140 1126 5206; x_wconf 84' lang='lat' dir='ltr'><strong>fructuum.</strong></span> <span class='ocrx_word' id='word_1_750' title='bbox 1156 5155 1210 5200; x_wconf 89' lang='lat' dir='ltr'><strong>et</strong></span> <span class='ocrx_word' id='word_1_751' title='bbox 1247 5149 1427 5221; x_wconf 89' lang='lat' dir='ltr'><strong>siquid</strong></span> <span class='ocrx_word' id='word_1_752' title='bbox 1461 5151 1586 5205; x_wconf 84' lang='lat' dir='ltr'><strong>inde</strong></span> <span class='ocrx_word' id='word_1_753' title='bbox 1618 5153 1763 5207; x_wconf 85' lang='lat' dir='ltr'><strong>aliud</strong></span> <span class='ocrx_word' id='word_1_754' title='bbox 1798 5158 2068 5225; x_wconf 89' lang='lat' dir='ltr'><strong>agricola-</strong></span> 
     </span>
    </p>
   </div>
   <div class='ocr_carea' id='block_1_101' title="bbox 496 5221 2067 5304">
    <p class='ocr_par' dir='ltr' id='par_1_101' title="bbox 496 5221 2067 5304">
     <span class='ocr_line' id='line_1_101' title="bbox 496 5221 2067 5304; baseline 0.018 -29"><span class='ocrx_word' id='word_1_755' title='bbox 496 5221 646 5280; x_wconf 87' lang='lat' dir='ltr'><strong>tione</strong></span> <span class='ocrx_word' id='word_1_756' title='bbox 713 5227 936 5298; x_wconf 86' lang='lat' dir='ltr'><strong>dignum</strong></span> <span class='ocrx_word' id='word_1_757' title='bbox 986 5245 1317 5304; x_wconf 89' lang='lat' dir='ltr'><strong>enascatur,</strong></span> <span class='ocrx_word' id='word_1_758' title='bbox 1377 5239 1747 5297; x_wconf 88' lang='lat' dir='ltr'><strong>instituamus.</strong></span> <span class='ocrx_word' id='word_1_759' title='bbox 1806 5244 2067 5303; x_wconf 89' lang='lat' dir='ltr'><strong>Videmus</strong></span> 
     </span>
    </p>
   </div>
   <div class='ocr_carea' id='block_1_102' title="bbox 496 5319 2068 5409">
    <p class='ocr_par' dir='ltr' id='par_1_102' title="bbox 496 5319 2068 5409">
     <span class='ocr_line' id='line_1_102' title="bbox 496 5319 2068 5409; baseline 0.015 -37"><span class='ocrx_word' id='word_1_760' title='bbox 496 5319 750 5385; x_wconf 83' lang='lat' dir='ltr'><strong>Paulum,</strong></span> <span class='ocrx_word' id='word_1_761' title='bbox 805 5339 916 5377; x_wconf 91' lang='lat' dir='ltr'><strong>non</strong></span> <span class='ocrx_word' id='word_1_762' title='bbox 966 5325 1287 5395; x_wconf 89' lang='lat' dir='ltr'><strong>simpliciter</strong></span> <span class='ocrx_word' id='word_1_763' title='bbox 1333 5330 1624 5395; x_wconf 79' lang='lat' dir='ltr'><strong>dicentem,</strong></span> <span class='ocrx_word' id='word_1_764' title='bbox 1681 5335 1818 5391; x_wconf 87' lang='lat' dir='ltr'><strong>velle</strong></span> <span class='ocrx_word' id='word_1_765' title='bbox 1868 5354 1926 5394; x_wconf 90' lang='lat' dir='ltr'><strong>se</strong></span> <span class='ocrx_word' id='word_1_766' title='bbox 1969 5356 2068 5409; x_wconf 90' lang='lat' dir='ltr'><strong>pro</strong></span> 
     </span>
    </p>
   </div>
   <div class='ocr_carea' id='block_1_103' title="bbox 500 5415 2070 5500">
    <p class='ocr_par' dir='ltr' id='par_1_103' title="bbox 500 5415 2070 5500">
     <span class='ocr_line' id='line_1_103' title="bbox 500 5415 2070 5500; baseline 0.014 -33"><span class='ocrx_word' id='word_1_767' title='bbox 500 5415 788 5473; x_wconf 88' lang='lat' dir='ltr'><strong>tribulibus</strong></span> <span class='ocrx_word' id='word_1_768' title='bbox 809 5421 944 5485; x_wconf 88' lang='lat' dir='ltr'><strong>suis,</strong></span> <span class='ocrx_word' id='word_1_769' title='bbox 975 5432 1260 5492; x_wconf 87' lang='lat' dir='ltr'><strong>postquam</strong></span> <span class='ocrx_word' id='word_1_770' title='bbox 1290 5428 1613 5495; x_wconf 86' lang='lat' dir='ltr'><strong>crediderat,</strong></span> <span class='ocrx_word' id='word_1_771' title='bbox 1645 5434 1887 5500; x_wconf 87' lang='lat' dir='ltr'><strong>separari</strong></span> <span class='ocrx_word' id='word_1_772' title='bbox 1923 5452 1935 5487; x_wconf 95' lang='lat'>:</span> <span class='ocrx_word' id='word_1_773' title='bbox 1968 5436 2070 5489; x_wconf 82' lang='lat' dir='ltr'><strong>hoc</strong></span> 
     </span>
    </p>
   </div>
   <div class='ocr_carea' id='block_1_104' title="bbox 496 5510 2065 5589">
    <p class='ocr_par' dir='ltr' id='par_1_104' title="bbox 496 5510 2065 5589">
     <span class='ocr_line' id='line_1_104' title="bbox 496 5510 2065 5589; baseline 0.013 -28"><span class='ocrx_word' id='word_1_774' title='bbox 496 5518 615 5561; x_wconf 88' lang='lat' dir='ltr'><strong>crat</strong></span> <span class='ocrx_word' id='word_1_775' title='bbox 641 5510 785 5563; x_wconf 90' lang='lat' dir='ltr'><strong>enim</strong></span> <span class='ocrx_word' id='word_1_776' title='bbox 818 5513 988 5582; x_wconf 88' lang='lat' dir='ltr'><strong>magis</strong></span> <span class='ocrx_word' id='word_1_777' title='bbox 1020 5517 1297 5585; x_wconf 81' lang='lat' dir='ltr'><strong>terribile;</strong></span> <span class='ocrx_word' id='word_1_778' title='bbox 1337 5521 1431 5573; x_wconf 91' lang='lat' dir='ltr'><strong>sed</strong></span> <span class='ocrx_word' id='word_1_779' title='bbox 1494 5537 1599 5576; x_wconf 90' lang='lat' dir='ltr'><strong>non</strong></span> <span class='ocrx_word' id='word_1_780' title='bbox 1662 5524 1759 5589; x_wconf 79' lang='lat' dir='ltr'><strong>ait,</strong></span> <span class='ocrx_word' id='word_1_781' title='bbox 1824 5526 1893 5579; x_wconf 87' lang='lat' dir='ltr'><strong>ab</strong></span> <span class='ocrx_word' id='word_1_782' title='bbox 1956 5527 2065 5583; x_wconf 89' lang='lat' dir='ltr'><strong>hoc</strong></span> 
     </span>
    </p>
   </div>
   <div class='ocr_carea' id='block_1_105' title="bbox 500 5603 2067 5687">
    <p class='ocr_par' dir='ltr' id='par_1_105' title="bbox 500 5603 2067 5687">
     <span class='ocr_line' id='line_1_105' title="bbox 500 5603 2067 5687; baseline 0.015 -36"><span class='ocrx_word' id='word_1_783' title='bbox 500 5607 743 5670; x_wconf 86' lang='lat' dir='ltr'><strong>tempore</strong></span> <span class='ocrx_word' id='word_1_784' title='bbox 797 5603 1053 5672; x_wconf 79' lang='lat' dir='ltr'><strong>Optarent</strong></span> <span class='ocrx_word' id='word_1_785' title='bbox 1100 5608 1216 5663; x_wconf 86' lang='lat' dir='ltr'><strong>ﬁeri</strong></span> <span class='ocrx_word' id='word_1_786' title='bbox 1273 5612 1582 5675; x_wconf 87' lang='lat' dir='ltr'><strong>anathema.</strong></span> <span class='ocrx_word' id='word_1_787' title='bbox 1636 5617 1728 5671; x_wconf 83' lang='lat' dir='ltr'><strong>sed</strong></span> <span class='ocrx_word' id='word_1_788' title='bbox 1781 5618 2067 5687; x_wconf 83' lang='lat' dir='ltr'><strong>Optassem</strong></span> 
     </span>
    </p>
   </div>
   <div class='ocr_carea' id='block_1_106' title="bbox 2179 4587 3750 4664">
    <p class='ocr_par' dir='ltr' id='par_1_106' title="bbox 2179 4587 3750 4664">
     <span class='ocr_line' id='line_1_106' title="bbox 2179 4587 3750 4664; baseline 0.004 -25"><span class='ocrx_word' id='word_1_789' title='bbox 2179 4587 2403 4641; x_wconf 91' lang='grc' dir='ltr'>τοιαῦτα</span> <span class='ocrx_word' id='word_1_790' title='bbox 2436 4589 2531 4641; x_wconf 76' lang='grc' dir='ltr'><strong>καὶ</strong></span> <span class='ocrx_word' id='word_1_791' title='bbox 2559 4592 2781 4660; x_wconf 85' lang='grc' dir='ltr'>φρονεῖν</span> <span class='ocrx_word' id='word_1_792' title='bbox 2846 4592 2938 4644; x_wconf 78' lang='grc' dir='ltr'><strong>καὶ</strong></span> <span class='ocrx_word' id='word_1_793' title='bbox 2975 4590 3193 4660; x_wconf 87' lang='grc' dir='ltr'>λέγειν,</span> <span class='ocrx_word' id='word_1_794' title='bbox 3234 4589 3356 4641; x_wconf 73' lang='grc' dir='ltr'>οὔτε</span> <span class='ocrx_word' id='word_1_795' title='bbox 3406 4592 3541 4641; x_wconf 72' lang='grc' dir='ltr'>Θεοῦ</span> <span class='ocrx_word' id='word_1_796' title='bbox 3594 4611 3750 4664; x_wconf 79' lang='grc' dir='ltr'>χωρι-</span> 
     </span>
    </p>
   </div>
   <div class='ocr_carea' id='block_1_107' title="bbox 2181 4679 3747 4753">
    <p class='ocr_par' dir='ltr' id='par_1_107' title="bbox 2181 4679 3747 4753">
     <span class='ocr_line' id='line_1_107' title="bbox 2181 4679 3747 4753; baseline 0.003 -22"><span class='ocrx_word' id='word_1_797' title='bbox 2181 4680 2313 4748; x_wconf 86' lang='grc' dir='ltr'>σμός</span> <span class='ocrx_word' id='word_1_798' title='bbox 2338 4680 2454 4732; x_wconf 75' lang='grc' dir='ltr'>ἐστι</span> <span class='ocrx_word' id='word_1_799' title='bbox 2474 4695 2489 4709; x_wconf 86' lang='lat'><strong><em>°</em></strong></span> <span class='ocrx_word' id='word_1_800' title='bbox 2520 4680 2719 4747; x_wconf 83' lang='grc' dir='ltr'>πόθεν;</span> <span class='ocrx_word' id='word_1_801' title='bbox 2754 4679 2877 4735; x_wconf 76' lang='grc' dir='ltr'>οὔτε</span> <span class='ocrx_word' id='word_1_802' title='bbox 2893 4682 3203 4746; x_wconf 86' lang='grc' dir='ltr'>διάστασις·</span> <span class='ocrx_word' id='word_1_803' title='bbox 3236 4680 3429 4746; x_wconf 75' lang='grc' dir='ltr'>ἓνωσις</span> <span class='ocrx_word' id='word_1_804' title='bbox 3466 4682 3523 4734; x_wconf 82' lang='grc' dir='ltr'>δὲ</span> <span class='ocrx_word' id='word_1_805' title='bbox 3557 4684 3747 4753; x_wconf 72' lang='grc' dir='ltr'>μᾶλλον</span> 
     </span>
    </p>
   </div>
   <div class='ocr_carea' id='block_1_108' title="bbox 2181 4770 3748 4844">
    <p class='ocr_par' dir='ltr' id='par_1_108' title="bbox 2181 4770 3748 4844">
     <span class='ocr_line' id='line_1_108' title="bbox 2181 4770 3748 4844; baseline 0.001 -21"><span class='ocrx_word' id='word_1_806' title='bbox 2181 4770 2462 4840; x_wconf 88' lang='grc' dir='ltr'>θαυμασία</span> <span class='ocrx_word' id='word_1_807' title='bbox 2493 4789 2575 4834; x_wconf 89' lang='grc' dir='ltr'><strong>τις</strong></span> <span class='ocrx_word' id='word_1_808' title='bbox 2604 4771 2700 4823; x_wconf 73' lang='grc' dir='ltr'><strong>καὶ</strong></span> <span class='ocrx_word' id='word_1_809' title='bbox 2740 4773 3047 4843; x_wconf 77' lang='grc' dir='ltr'>ὑπερφυὴς,</span> <span class='ocrx_word' id='word_1_810' title='bbox 3094 4774 3189 4826; x_wconf 69' lang='grc' dir='ltr'>καὶ</span> <span class='ocrx_word' id='word_1_811' title='bbox 3237 4774 3748 4844; x_wconf 77' lang='grc' dir='ltr'>καινοπρεπεστὰτη</span> 
     </span>
    </p>
   </div>
   <div class='ocr_carea' id='block_1_109' title="bbox 2179 4865 3750 4937">
    <p class='ocr_par' dir='ltr' id='par_1_109' title="bbox 2179 4865 3750 4937">
     <span class='ocr_line' id='line_1_109' title="bbox 2179 4865 3750 4937; baseline 0.003 -22"><span class='ocrx_word' id='word_1_812' title='bbox 2179 4865 2463 4934; x_wconf 77' lang='grc' dir='ltr'>συνάφεια,</span> <span class='ocrx_word' id='word_1_813' title='bbox 2501 4867 2595 4917; x_wconf 81' lang='grc' dir='ltr'><strong>καὶ</strong></span> <span class='ocrx_word' id='word_1_814' title='bbox 2620 4866 2714 4918; x_wconf 91' lang='grc' dir='ltr'><strong>τοῦ</strong></span> <span class='ocrx_word' id='word_1_815' title='bbox 2745 4866 2881 4937; x_wconf 82' lang='grc' dir='ltr'>πρὸς</span> <span class='ocrx_word' id='word_1_816' title='bbox 2903 4866 3034 4919; x_wconf 83' lang='grc' dir='ltr'>Θεὸν</span> <span class='ocrx_word' id='word_1_817' title='bbox 3068 4866 3163 4919; x_wconf 79' lang='grc' dir='ltr'>καὶ</span> <span class='ocrx_word' id='word_1_818' title='bbox 3191 4866 3512 4937; x_wconf 85' lang='grc' dir='ltr'>ἀνθρώπους</span> <span class='ocrx_word' id='word_1_819' title='bbox 3536 4870 3750 4937; x_wconf 76' lang='grc' dir='ltr'>ἀπαραο</span> 
     </span>
    </p>
   </div>
   <div class='ocr_carea' id='block_1_110' title="bbox 2176 4956 3747 5029">
    <p class='ocr_par' dir='ltr' id='par_1_110' title="bbox 2176 4956 3747 5029">
     <span class='ocr_line' id='line_1_110' title="bbox 2176 4956 3747 5029; baseline 0.001 -20"><span class='ocrx_word' id='word_1_820' title='bbox 2176 4956 2377 5026; x_wconf 76' lang='grc' dir='ltr'>ϐλήτου</span> <span class='ocrx_word' id='word_1_821' title='bbox 2406 4957 2629 5027; x_wconf 77' lang='grc' dir='ltr'>φίλτρου</span> <span class='ocrx_word' id='word_1_822' title='bbox 2652 4958 3023 5029; x_wconf 80' lang='grc' dir='ltr'>έναργεστάτη</span> <span class='ocrx_word' id='word_1_823' title='bbox 3044 4958 3412 5029; x_wconf 87' lang='grc' dir='ltr'>παράστασις,</span> <span class='ocrx_word' id='word_1_824' title='bbox 3432 4958 3528 5012; x_wconf 79' lang='grc' dir='ltr'>καὶ</span> <span class='ocrx_word' id='word_1_825' title='bbox 3561 4959 3747 5029; x_wconf 76' lang='grc' dir='ltr'>μόνης,</span> 
     </span>
    </p>
   </div>
   <div class='ocr_carea' id='block_1_111' title="bbox 2173 5053 3747 5125">
    <p class='ocr_par' dir='ltr' id='par_1_111' title="bbox 2173 5053 3747 5125">
     <span class='ocr_line' id='line_1_111' title="bbox 2173 5053 3747 5125; baseline 0 -20"><span class='ocrx_word' id='word_1_826' title='bbox 2173 5053 2249 5116; x_wconf 84' lang='grc' dir='ltr'>ὡς</span> <span class='ocrx_word' id='word_1_827' title='bbox 2279 5054 2517 5124; x_wconf 88' lang='grc' dir='ltr'>ἀληθῶς,</span> <span class='ocrx_word' id='word_1_828' title='bbox 2548 5055 2645 5123; x_wconf 83' lang='grc' dir='ltr'><strong>τῆς</strong></span> <span class='ocrx_word' id='word_1_829' title='bbox 2670 5055 2951 5125; x_wconf 88' lang='grc' dir='ltr'>μακαρίας</span> <span class='ocrx_word' id='word_1_830' title='bbox 2972 5054 3189 5124; x_wconf 80' lang='grc' dir='ltr'>ἐκείνης</span> <span class='ocrx_word' id='word_1_831' title='bbox 3206 5054 3301 5108; x_wconf 74' lang='grc' dir='ltr'><strong>καὶ</strong></span> <span class='ocrx_word' id='word_1_832' title='bbox 3321 5055 3574 5123; x_wconf 79' lang='grc' dir='ltr'>οὐρανίου</span> <span class='ocrx_word' id='word_1_833' title='bbox 3603 5054 3747 5108; x_wconf 57' lang='grc' dir='ltr'>Παύκ</span> 
     </span>
    </p>
   </div>
   <div class='ocr_carea' id='block_1_112' title="bbox 2173 5146 3749 5217">
    <p class='ocr_par' dir='ltr' id='par_1_112' title="bbox 2173 5146 3749 5217">
     <span class='ocr_line' id='line_1_112' title="bbox 2173 5146 3749 5217; baseline -0.001 -18"><span class='ocrx_word' id='word_1_834' title='bbox 2173 5148 2266 5200; x_wconf 92' lang='grc' dir='ltr'><strong>λου</strong></span> <span class='ocrx_word' id='word_1_835' title='bbox 2306 5146 2486 5216; x_wconf 77' lang='grc' dir='ltr'>ψυχῆς</span> <span class='ocrx_word' id='word_1_836' title='bbox 2530 5147 2969 5217; x_wconf 86' lang='grc' dir='ltr'>ἀπαράγραπτον</span> <span class='ocrx_word' id='word_1_837' title='bbox 3016 5146 3325 5217; x_wconf 86' lang='grc' dir='ltr'>γνώρισμα.</span> <span class='ocrx_word' id='word_1_838' title='bbox 3376 5147 3518 5200; x_wconf 83' lang='grc' dir='ltr'>Ἀλλ’</span> <span class='ocrx_word' id='word_1_839' title='bbox 3563 5149 3595 5217; x_wconf 79' lang='grc' dir='ltr'>ἡ</span> <span class='ocrx_word' id='word_1_840' title='bbox 3654 5146 3749 5215; x_wconf 84' lang='grc' dir='ltr'><strong>μὲν</strong></span> 
     </span>
    </p>
   </div>
   <div class='ocr_carea' id='block_1_113' title="bbox 2176 5233 3745 5310">
    <p class='ocr_par' dir='ltr' id='par_1_113' title="bbox 2176 5233 3745 5310">
     <span class='ocr_line' id='line_1_113' title="bbox 2176 5233 3745 5310; baseline -0.003 -19"><span class='ocrx_word' id='word_1_841' title='bbox 2176 5238 2366 5310; x_wconf 83' lang='grc' dir='ltr'>πρώτη</span> <span class='ocrx_word' id='word_1_842' title='bbox 2416 5238 2568 5301; x_wconf 89' lang='grc' dir='ltr'>λύσις</span> <span class='ocrx_word' id='word_1_843' title='bbox 2612 5242 2706 5291; x_wconf 90' lang='grc' dir='ltr'><strong>τοῦ</strong></span> <span class='ocrx_word' id='word_1_844' title='bbox 2756 5237 3107 5309; x_wconf 86' lang='grc' dir='ltr'>ἡπορημένου</span> <span class='ocrx_word' id='word_1_845' title='bbox 3131 5277 3146 5301; x_wconf 94' lang='grc'><strong>,</strong></span> <span class='ocrx_word' id='word_1_846' title='bbox 3175 5239 3275 5290; x_wconf 86' lang='grc' dir='ltr'><strong>οὐκ</strong></span> <span class='ocrx_word' id='word_1_847' title='bbox 3321 5238 3388 5291; x_wconf 86' lang='grc' dir='ltr'>ἂν</span> <span class='ocrx_word' id='word_1_848' title='bbox 3421 5233 3575 5307; x_wconf 80' lang='grc' dir='ltr'>οἶμαι</span> <span class='ocrx_word' id='word_1_849' title='bbox 3608 5238 3745 5297; x_wconf 88' lang='grc' dir='ltr'>λίαν,</span> 
     </span>
    </p>
   </div>
   <div class='ocr_carea' id='block_1_114' title="bbox 2174 5330 3717 5403">
    <p class='ocr_par' dir='ltr' id='par_1_114' title="bbox 2174 5330 3717 5403">
     <span class='ocr_line' id='line_1_114' title="bbox 2174 5330 3717 5403; baseline -0.005 -16"><span class='ocrx_word' id='word_1_850' title='bbox 2174 5335 2294 5387; x_wconf 74' lang='grc' dir='ltr'>οὐδὲ</span> <span class='ocrx_word' id='word_1_851' title='bbox 2318 5332 2417 5402; x_wconf 87' lang='grc' dir='ltr'><strong>τῆς</strong></span> <span class='ocrx_word' id='word_1_852' title='bbox 2455 5331 2818 5403; x_wconf 84' lang='grc' dir='ltr'>ἀποστολικῆς</span> <span class='ocrx_word' id='word_1_853' title='bbox 2840 5332 3050 5383; x_wconf 75' lang='grc' dir='ltr'>ἐκείνου</span> <span class='ocrx_word' id='word_1_854' title='bbox 3092 5330 3313 5400; x_wconf 85' lang='grc' dir='ltr'>γνώμης</span> <span class='ocrx_word' id='word_1_855' title='bbox 3337 5331 3525 5403; x_wconf 69' lang='grc' dir='ltr'>πόρρω</span> <span class='ocrx_word' id='word_1_856' title='bbox 3552 5331 3717 5383; x_wconf 90' lang='grc' dir='ltr'>τεθεω</span> 
     </span>
    </p>
   </div>
   <div class='ocr_carea' id='block_1_115' title="bbox 2180 5421 3742 5499">
    <p class='ocr_par' dir='ltr' id='par_1_115' title="bbox 2180 5421 3742 5499">
     <span class='ocr_line' id='line_1_115' title="bbox 2180 5421 3742 5499; baseline -0.003 -21"><span class='ocrx_word' id='word_1_857' title='bbox 2180 5445 2243 5499; x_wconf 90' lang='grc' dir='ltr'><strong>ρη</strong></span> <span class='ocrx_word' id='word_1_858' title='bbox 2255 5427 2411 5498; x_wconf 84' lang='grc' dir='ltr'>μένη,</span> <span class='ocrx_word' id='word_1_859' title='bbox 2434 5425 2677 5493; x_wconf 84' lang='grc' dir='ltr'>τοιαύτη.</span> <span class='ocrx_word' id='word_1_860' title='bbox 2698 5424 2857 5479; x_wconf 77' lang='grc' dir='ltr'>Ἐπεὶ</span> <span class='ocrx_word' id='word_1_861' title='bbox 2884 5424 2940 5477; x_wconf 84' lang='grc' dir='ltr'>δὲ</span> <span class='ocrx_word' id='word_1_862' title='bbox 2958 5425 3057 5476; x_wconf 79' lang='grc' dir='ltr'><strong>οὐκ</strong></span> <span class='ocrx_word' id='word_1_863' title='bbox 3080 5423 3226 5476; x_wconf 76' lang='grc' dir='ltr'>ἐστιν</span> <span class='ocrx_word' id='word_1_864' title='bbox 3252 5425 3529 5494; x_wconf 82' lang='grc' dir='ltr'>μονοειδὴς</span> <span class='ocrx_word' id='word_1_865' title='bbox 3548 5425 3580 5493; x_wconf 77' lang='grc' dir='ltr'><strong>η</strong></span> <span class='ocrx_word' id='word_1_866' title='bbox 3602 5421 3742 5475; x_wconf 71' lang='grc' dir='ltr'>Παύ-</span> 
     </span>
    </p>
   </div>
   <div class='ocr_carea' id='block_1_116' title="bbox 2177 5511 3742 5613">
    <p class='ocr_par' dir='ltr' id='par_1_116' title="bbox 2177 5511 3742 5613">
     <span class='ocr_line' id='line_1_116' title="bbox 2177 5511 3742 5613; baseline -0.006 -40"><span class='ocrx_word' id='word_1_867' title='bbox 2177 5522 2269 5573; x_wconf 89' lang='grc' dir='ltr'><strong>λου</strong></span> <span class='ocrx_word' id='word_1_868' title='bbox 2302 5517 2516 5588; x_wconf 88' lang='grc' dir='ltr'>φυτεία,</span> <span class='ocrx_word' id='word_1_869' title='bbox 2554 5516 2671 5570; x_wconf 64' lang='lat' dir='ltr'><strong>amr</strong></span> <span class='ocrx_word' id='word_1_870' title='bbox 2698 5516 2807 5569; x_wconf 75' lang='grc' dir='ltr'>ἐσθ’</span> <span class='ocrx_word' id='word_1_871' title='bbox 2848 5516 2936 5568; x_wconf 83' lang='grc' dir='ltr'><strong>ὅτε</strong></span> <span class='ocrx_word' id='word_1_872' title='bbox 2971 5514 3351 5585; x_wconf 79' lang='grc' dir='ltr'>πολυστέλεχοί</span> <span class='ocrx_word' id='word_1_873' title='bbox 3399 5531 3458 5566; x_wconf 91' lang='grc' dir='ltr'><strong>τε</strong></span> <span class='ocrx_word' id='word_1_874' title='bbox 3505 5514 3604 5613; x_wconf 46' lang='grc' dir='ltr'>καὶ.</span> <span class='ocrx_word' id='word_1_875' title='bbox 3634 5511 3742 5613; x_wconf 68' lang='grc' dir='ltr'>διά·</span> 
     </span>
    </p>
   </div>
   <div class='ocr_carea' id='block_1_117' title="bbox 2179 5606 3740 5687">
    <p class='ocr_par' dir='ltr' id='par_1_117' title="bbox 2179 5606 3740 5687">
     <span class='ocr_line' id='line_1_117' title="bbox 2179 5606 3740 5687; baseline -0.008 -19"><span class='ocrx_word' id='word_1_876' title='bbox 2179 5631 2354 5687; x_wconf 83' lang='grc' dir='ltr'>φοροι,</span> <span class='ocrx_word' id='word_1_877' title='bbox 2394 5612 2468 5673; x_wconf 82' lang='grc' dir='ltr'>ὡς</span> <span class='ocrx_word' id='word_1_878' title='bbox 2496 5610 2605 5664; x_wconf 75' lang='grc' dir='ltr'><strong>ἀπὸ</strong></span> <span class='ocrx_word' id='word_1_879' title='bbox 2632 5612 2761 5681; x_wconf 83' lang='grc' dir='ltr'>μιᾶς</span> <span class='ocrx_word' id='word_1_880' title='bbox 2792 5609 2885 5663; x_wconf 88' lang='grc' dir='ltr'><strong>τοῦ</strong></span> <span class='ocrx_word' id='word_1_881' title='bbox 2936 5610 3263 5680; x_wconf 83' lang='grc' dir='ltr'>γράμματος</span> <span class='ocrx_word' id='word_1_882' title='bbox 3311 5606 3516 5677; x_wconf 81' lang='grc' dir='ltr'>χώρας,</span> <span class='ocrx_word' id='word_1_883' title='bbox 3556 5606 3605 5658; x_wconf 88' lang='lat' dir='ltr'><strong>ol</strong></span> <span class='ocrx_word' id='word_1_884' title='bbox 3639 5606 3740 5656; x_wconf 86' lang='grc' dir='ltr'><strong>τῶν</strong></span> 
     </span>
    </p>
   </div>
   <div class='ocr_carea' id='block_1_118' title="bbox 1806 5729 2475 5789">
    <p class='ocr_par' dir='ltr' id='par_1_118' title="bbox 1806 5729 2475 5789">
     <span class='ocr_line' id='line_1_118' title="bbox 1806 5729 2475 5789; baseline -0.01 -2"><span class='ocrx_word' id='word_1_885' title='bbox 1806 5733 2035 5789; x_wconf 70' lang='lat' dir='ltr'><strong>VARI/IS</strong></span> <span class='ocrx_word' id='word_1_886' title='bbox 2070 5729 2475 5789; x_wconf 68' lang='lat' dir='ltr'><strong>LECTiONES.</strong></span> 
     </span>
    </p>
   </div>
   <div class='ocr_carea' id='block_1_119' title="bbox 580 5810 1191 5883">
    <p class='ocr_par' dir='ltr' id='par_1_119' title="bbox 580 5810 1191 5883">
     <span class='ocr_line' id='line_1_119' title="bbox 580 5810 1191 5883; baseline 0.013 -22"><span class='ocrx_word' id='word_1_887' title='bbox 580 5810 599 5845; x_wconf 76' lang='grc' dir='ltr'><strong><em>ι</em></strong></span> <span class='ocrx_word' id='word_1_888' title='bbox 622 5810 683 5862; x_wconf 74' lang='grc' dir='ltr'><strong>(Ζ.</strong></span> <span class='ocrx_word' id='word_1_889' title='bbox 725 5810 794 5865; x_wconf 73' lang='lat' dir='ltr'><strong>nl.</strong></span> <span class='ocrx_word' id='word_1_890' title='bbox 831 5816 1191 5883; x_wconf 84' lang='grc' dir='ltr'>περιεκαίετο.</span> 
     </span>
    </p>
   </div>
  </div>
