4072 6434
281 362 384 425 63!

1255 372 1354 432 AD
1399 373 1999 437 AMPHILOCHIUM
2043 377 2389 449 QU/ESTIO
2415 381 2594 443 CXII.

3447 389 3552 449 (302

279 470 573 543 νοημάτων
604 471 796 541 ὡραῖοι
829 473 1034 545 καρποὶ
1066 475 1405 546 ἀναφύονται
1430 498 1443 510 ·
1479 482 1636 553 φέρε,
1670 482 1749 553 τῷ
1772 484 1863 536 λό-

1976 482 2171 551 fuisse;
2195 501 2260 541 ac
2291 488 2336 543 si
2376 489 2623 545 diceret:
2658 489 2829 561 Magis
2870 503 3167 562 optassem,
3207 505 3266 550 ut
3296 497 3340 552 si
3361 514 3457 553 vos
3484 502 3550 555 ad

280 579 366 633 γῳ
416 563 975 633 συνεκκαρπούμεθα,
1005 567 1101 620 καὶ
1148 569 1203 621 εί
1236 587 1286 622 τι
1321 569 1417 623 τοῦ
1456 573 1668 627 ἐκεῖθεν
1688 590 1869 645 γεωρ-

281 654 406 721 γίου
433 650 559 705 ἄλλο
585 650 754 718 ἄξιον.
801 652 1053 723 Ὀρῶμεν
1103 657 1397 727 τοιγαροῦν
1442 659 1535 712 τὸν
1579 660 1870 715 θεσπέσιον

285 741 521 806 Παῦλον,
564 742 663 812 οὐχ
709 741 898 804 ἁπλῶς
942 743 1085 797 οὕτω
1137 747 1385 815 λέγοντα,
1421 752 1754 822 κεχωρίσθαι
1781 755 1872 809 θέ-

283 835 404 888 λειν
433 836 572 906 ὑπὲρ
596 834 702 889 τῶν
734 836 1026 905 ὁμοφύλων
1054 840 1293 909 Χριστοῦ
1316 859 1329 873 ·
1362 843 1486 897 οὐδὲ
1519 846 1657 914 μετὰ
1690 846 1751 899 τὸ
1776 865 1870 901 πι-

290 927 512 983 στεῦσαι
532 928 834 983 διίστασθαι
857 948 870 961 ·
895 930 1052 984 τοῦτο
1072 933 1177 1004 γὰρ
1198 934 1329 998 ἴσως
1352 938 1445 989 καὶ
1468 937 1865 1009 φοϐερώτερονο

288 1019 413 1072 οὐδέ
440 1020 565 1090 γὰρ,
610 1020 743 1073 Ἀπό
771 1038 837 1089 γε
858 1021 953 1075 τοῦ
986 1021 1103 1087 νῦν,
1129 1026 1319 1094 φησὶν,
1352 1025 1585 1099 εὐχομαι
1614 1032 1870 1098 γενέσθαι

287 1110 564 1179 ἀνάθεμα,
603 1111 717 1165 ἀλλ’
754 1114 1007 1185 ηὐχόμην
1048 1112 1188 1171 εἶναι
1212 1134 1227 1149 ο
1275 1120 1412 1189 ὅπερ
1465 1121 1581 1175 ἴσον
1630 1124 1750 1177 ἐστὶ
1773 1126 1867 1178 τοῦ

291 1201 469 1270 λέγειν
490 1218 504 1231 ·
524 1202 898 1274 Αίρετώτερον
924 1206 1176 1278 ἡγούμην
1197 1209 1272 1280 τῷ
1293 1212 1531 1282 Χριστοῦ
1552 1214 1869 1285 κηρύγματι

286 1294 853 1366 προσδεδραμηκότων
884 1298 1039 1368 ὑμῶν
1074 1300 1176 1372 ἐμὲ
1208 1301 1382 1372 βραχύ
1412 1322 1465 1357 τι
1520 1307 1870 1380 προσδιατρί-

285 1385 403 1442 ϐειν
429 1388 508 1440 ἔτι
534 1390 646 1451 τοῖς
674 1389 768 1443 τοῦ
786 1391 1013 1460 νομικοῦ
1041 1394 1370 1465 γράμματος
1430 1397 1748 1469 προθύροις,
1774 1402 1869 1454 καὶ

283 1478 354 1546 τῇ
383 1478 509 1548 σκιᾷ
532 1478 936 1549 ὐποκαθῆσθαι,
960 1481 992 1552 ἢ
1015 1484 1393 1554 προσλαϐόντα
1419 1489 1516 1541 καὶ
1532 1489 1864 1559 ταχύναντα,

286 1569 381 1623 τὸν
404 1569 494 1623 ἐπὶ
515 1572 581 1641 τῇ
614 1572 794 1625 πίστει
820 1574 1029 1644 δρόμον»
1052 1576 1195 1646 ὑμᾶς
1218 1576 1392 1642 οὕτως
1421 1581 1553 1650 όρᾷν
1585 1583 1865 1652 πολεμίως

289 1659 536 1730 ἔχοντας,
567 1664 661 1716 καὶ
690 1667 1103 1736 ἀνεπιστρόφως
1133 1671 1271 1740 πρὸς
1286 1672 1385 1742 τὴν
1415 1673 1595 1743 χάριν.
1629 1676 1734 1728 Καὶ
1759 1677 1867 1749 γὰρ

288 1754 499 1817 ἐκεῖνος
533 1754 633 1824 μὲν
653 1758 1030 1827 ἐμϐραδύνων,
1056 1760 1166 1814 οὐδ’
1206 1762 1378 1828 οὔτως
1419 1763 1486 1817 ἂν
1519 1765 1668 1818 οὐδὲν
1711 1767 1867 1821 ὑστέ-

1971 577 2416 645 praedicationem
2464 583 2879 647 cucurrissetis,
2929 596 2987 638 ut
3018 603 3119 657 ego
3148 588 3546 659 aliquantisper

1972 667 2327 723 adhaasissem
2361 670 2554 727 litterae
2586 673 2721 743 legis
2764 674 2820 728 in
2858 675 3091 742 foribus,
3125 687 3178 732 et
3219 680 3324 735 sub
3356 682 3550 737 umbra

1971 757 2335 827 delituissem,
2386 778 2549 831 quam
2594 773 2653 818 ut
2689 766 3028 834 praeveniens
3067 786 3183 836 vos,
3228 780 3283 825 et
3324 788 3548 827 cursum

1970 854 2095 910 fidei
2120 868 2344 909 currere
2382 854 2711 924 anticipans,
2742 873 2841 912 vos
2871 860 3049 914 adhuc
3093 861 3328 928 intuear,
3367 863 3551 918 hostili

1971 948 2156 1001 animo
2186 962 2329 1011 esse,
2364 960 2465 1001 nec
2490 947 2557 1001 ad
2589 949 2819 1014 gratiam
2854 953 3273 1007 convertendos.
3311 954 3469 1009 Certe
3504 957 3551 1010 si

1969 1040 2244 1094 tardasset
2303 1039 2392 1094 ille
2443 1040 2510 1094 ad
2563 1041 2711 1096 hunc
2759 1042 3006 1108 modum,
3059 1059 3167 1097 non
3220 1062 3553 1117 magnopere

1971 1130 2285 1194 defecisset,
2316 1145 2441 1185 nam
2487 1147 2612 1187 cum
2647 1133 2805 1187 multi
2858 1149 2983 1189 eum
3021 1138 3429 1203 praevenissent,
3477 1140 3553 1194 ita

1971 1221 2168 1277 timore
2196 1222 2483 1277 tenebatur
2515 1239 2585 1278 ne
2612 1223 2679 1277 ab
2714 1225 2825 1278 ullo
2854 1236 3227 1295 superaretur,
3266 1238 3324 1282 ut
3363 1230 3551 1293 ctiam,

1971 1313 2113 1369 sicut
2139 1329 2265 1368 eum
2301 1314 2529 1368 veritate
2563 1316 2808 1384 loquitur
2848 1318 3039 1385 libere,
3076 1335 3243 1373 cursu
3294 1328 3349 1373 et
3377 1320 3554 1374 stadio

1970 1415 2199 1462 cunctos
2266 1416 2390 1476 post
2431 1421 2491 1461 se
2536 1408 2843 1477 reliquerit.
2900 1410 2977 1464 lta
3038 1410 3266 1465 tarditas
3308 1412 3384 1464 illi
3418 1413 3555 1466 nihil

1971 1498 2303 1552 incommodi
2352 1498 2509 1564 tulit;
2564 1500 2763 1554 timore
2803 1501 2981 1555 valido
3027 1502 3423 1571 percellebatur
3455 1520 3554 1572 pro
3592 1532 3604 1543 -

1972 1591 2276 1681 iisgtui‘jn
2322 1591 2483 1645 fidem
2523 1601 2683 1646 erant
2716 1594 2793 1647 ita
2825 1594 3076 1658 animati,
3117 1611 3184 1648 ne
3232 1596 3277 1649 si
3308 1611 3403 1665 per
3428 1597 3554 1649 vitae

1969 1695 2190 1735 cursum
2223 1682 2475 1736 obdurati
2503 1692 2809 1747 manerent,
2845 1694 3101 1738 mternam
3144 1686 3245 1739 sibi
3290 1686 3556 1755 perditio-

1970 1789 2090 1827 nem
2138 1777 2814 1845 procurarent:praetulit
2865 1793 2994 1846 ergo
3049 1779 3265 1833 illorum
3319 1780 3552 1835 salutem

291 1859 426 1910 ρησε
454 1845 617 1912 μέγα,
649 1846 783 1899 ὅπου
830 1864 893 1916 γε
939 1850 1036 1901 καὶ
1070 1850 1282 1904 πολλῶν
1347 1855 1863 1925 προκατειληφότων

1976 1878 2081 1917 sua:
2106 1862 2468 1927 festinationi,
2508 1875 2570 1919 ut
2608 1866 2935 1919 salvaretur.

285 1932 448 1987 τίδεῖ
484 1935 663 2004 λέγειν
690 1938 1139 2011 διευλαϐούμενον
1168 1942 1244 2007 ὠς
1289 1943 1499 2009 οὐδενὸς
1526 1946 1845 2017 ὑστέρησεν,
1900 1952 2037 2007 ἀλλὰ
2091 1954 2167 2025 μὴ
2202 1957 2724 2027 παρῤησιασάμενον
2783 1956 2882 2027 τὴν
2908 1958 3184 2028 ἀλήθειαν,
3236 1960 3318 2013 ὅτι
3345 1961 3555 2025 πάντας

383 2028 578 2125 ξρόμῳ
606 2032 700 2084 καὶ
721 2035 787 2105 τῇ
822 2035 1023 2105 σπουδῇ
1069 2036 1447 2107 ὑπερήλασεν;
1490 2041 1630 2094 Ἀλλ’
1678 2044 1871 2111 ἐκείνῳ
1912 2047 2009 2117 μὲν
2052 2050 2084 2118 ἡ
2138 2049 2409 2120 βραδύτης
2434 2053 2514 2114 εἰς
2554 2052 2707 2105 οὐδὲν
2757 2054 3284 2125 άπήνταδύσκολον
3310 2073 3323 2087 ’
3388 2057 3553 2125 φόϐος

285 2120 447 2222 δ’-ἦν
472 2127 533 2180 οὐ
568 2127 765 2197 μικρὸς
800 2130 1061 2201 περὶτῶν
1086 2131 1227 2185 οὕτω
1257 2134 1444 2198 κακῶς
1466 2136 1559 2188 ἐπὶ
1614 2141 1680 2207 τῇ
1720 2138 1904 2193 πίστει
1941 2143 2322 2214 διακειμένων,
2366 2146 2441 2217 μὴ
2466 2149 2559 2200 καὶ
2607 2147 2695 2200 διὰ
2765 2120 2882 2218 βίου
2929 2149 3027 2220 τὴν
3068 2150 3238 2222 αὐτὴν
3273 2120 3554 2212 νοσοῦντες

285 2217 570 2290 πώρωσιν,
600 2220 819 2274 αἰώνιον
840 2223 1024 2287 αὐτοῖς
1045 2225 1138 2277 τὸν
1160 2225 1382 2297 ὄλεθρον
1434 2232 1897 2301 συνεργάσωνταιο
1937 2236 2005 2289 δι’
2076 2238 2105 2291 ὃ
2135 2239 2236 2309 τὴν
2289 2241 2515 2294 ἐκείνων
2563 2244 2808 2314 προτιμᾷ
2856 2243 3129 2314 σωτηρίαν
3174 2245 3269 2298 τοῦ
3324 2245 3555 2315 ταχύτε-

288 2330 385 2385 ρον
410 2312 574 2366 αὐτὸν
606 2313 760 2378 ἐντὸς
781 2315 1035 2384 γενέσθαι
1060 2318 1161 2387 τῆς
1187 2319 1483 2390 σωτηρίας.
1556 2381 1565 2387 _

370 2404 533 2457 Ἀλλὰ
562 2405 625 2458 σύ
654 2423 717 2475 γε
752 2409 1058 2479 προσέχων,
1092 2409 1167 2474 ὡς
1192 2413 1224 2482 ή
1275 2412 1393 2466 θεία
1420 2414 1690 2486 πολλαχοῦ
1729 2419 1872 2488 Γρα-

2050 2418 2519 2475 Considerandum
2569 2429 2673 2487 est,
2717 2422 2861 2490 quod
2899 2421 3082 2476 divina
3134 2421 3417 2492 Scriptura
3458 2439 3556 2492 pro

284 2515 386 2569 φη,
417 2499 511 2551 καὶ
552 2499 673 2552 ἀντὶ
712 2500 1149 2567 κακώσεωςικαὶ
1193 2505 1468 2575 τιμωρίας
1520 2510 1869 2579 σωματικῆς,

1978 2511 2290 2576 malefacto,
2322 2520 2377 2566 et
2404 2512 2672 2581 supplicio
2714 2514 3002 2567 anathema
3030 2524 3258 2583 usurpat
3287 2532 3300 2568 :
3330 2516 3475 2570 unde
3503 2524 3557 2569 et

289 2592 355 2642 τὸ
389 2589 645 2660 ἀνάθεμα
671 2592 904 2662 τίθησιν,
935 2594 996 2646 οὐ
1049 2596 1306 2664 χαλεπῶς
1353 2597 1575 2651 κάκεῖνο
1621 2604 1873 2670 συνήσεις

1979 2603 2113 2657 illud
2153 2604 2525 2673 cogitandum,
2559 2604 2705 2672 quod
2734 2606 2834 2659 hac
2861 2621 2997 2659 voce
3025 2604 3229 2659 Paulus
3251 2622 3351 2675 pro
3380 2607 3557 2662 salute

284 2681 373 2735 ὅτι
399 2682 469 2735 τὰ
494 2682 602 2735 τῶν
633 2682 961 2754 κακούργων
987 2687 1181 2739 παθεῖν
1206 2690 1233 2741 ὁ
1278 2687 1418 2752 θεῖος
1465 2690 1698 2758 Παῦλος,
1731 2692 1872 2764 ὑπὲρ

1977 2694 2261 2748 tribulium
2294 2694 2457 2748 vellet
2508 2695 2801 2763 impiorum
2844 2697 3113 2765 supplicia
3149 2696 3419 2763 tolerare;
3459 2713 3559 2751 nec

284 2772 386 2826 τοῦ
412 2774 683 2828 σεσῶσθαι
709 2776 837 2839 τοὺς
869 2780 1176 2845 συγγενεῖς,
1223 2779 1311 2832 διὰ
1346 2781 1455 2835 τῶν
1483 2783 1741 2837 τοιούτων
1772 2788 1871 2856 ῥη-

1976 2783 2318 2854 simpliciter,
2351 2782 2447 2836 sed
2478 2798 2509 2836 a
2538 2783 2761 2836 Christo
2791 2783 2975 2851 judice
3004 2782 3227 2837 inflicta.
3273 2780 3386 2836 lloc
3414 2783 3557 2836 enim

291 2868 481 2937 μάτων
508 2866 707 2939 ηὐχετο
731 2885 747 2900 ·
781 2870 878 2922 καὶ
906 2870 1005 2941 οὐχ
1031 2870 1221 2935 ἁπλῶς
1237 2873 1359 2926 οὐδέ
1385 2875 1548 2928 τοῦτο
1570 2891 1583 2904 ο
1616 2876 1753 2930 ἀλλὰ
1780 2878 1874 2931 καὶ

1976 2876 2289 2945 significare
2325 2882 2526 2943 potest,
2572 2892 2590 2925 ι
2622 2889 2651 2927 a
2683 2874 2924 2936 Christo,
2962 2894 2980 2925 ι
3014 2889 3207 2943 nempe
3234 2875 3559 2928 sententiam

287 2961 399 3011 άπὸ
424 2960 663 3030 Χριστοῦ
689 2960 1007 3026 δικάζοντος
1030 2978 1046 2993 ο
1083 2962 1243 3016 τοῦτο
1279 2965 1387 3035 γάρ
1411 2964 1477 3019 ἂν
1502 2968 1586 3038 εἴη
1613 2968 1675 3021 τὸ
1711 2988 1730 3021 ι
1767 2970 1873 3028 άπὸ

1976 2964 2370 3035 pronuntiante
2396 2963 2717 3033 punitivam.
2756 2962 2855 3017 Est
2894 2964 2998 3017 hoc
3029 2962 3179 3017 dictu
3214 2978 3473 3031 magnum
3507 2972 3564 3016 et

287 3052 533 3123 Χριστοῦ
557 3068 573 3085 ·
621 3072 639 3106 ι
680 3055 775 3107 καὶ
799 3053 901 3125 τὴν
919 3054 1162 3125 τιμωρὸν
1187 3055 1441 3122 ἀφιέντος
1474 3060 1677 3128 ψῆφον.
1697 3059 1870 3113 Τοῦτο

1976 3056 2176 3109 mirum
2212 3066 2382 3120 certe,
2429 3054 2521 3107 sed
2558 3053 2765 3107 nullam
2796 3053 3115 3108 subiuducit
3161 3069 3189 3106 a
3219 3052 3424 3107 Christi
3464 3055 3564 3107 dc-

1901 3098 1947 3158 C

287 3143 351 3196 δὲ
382 3143 525 3214 μέγα
560 3144 656 3215 μὲν
689 3146 784 3199 καὶ
823 3144 1157 3217 θαυμάσιον
1189 3148 1308 3211 πῶς
1334 3149 1443 3221 γάρ
1472 3148 1534 3202 οὐ
1566 3168 1581 3217 ;
1613 3151 1874 3221 οὐδεμίαν

290 3234 356 3289 δὲ
384 3234 478 3287 τοῦ
503 3235 638 3306 πρὸς
666 3237 902 3308 Χριστὸν
934 3238 1104 3291 πόθου
1131 3239 1165 3310 ἢ
1203 3240 1303 3309 τῆς
1331 3243 1629 3311 συναφείας
1653 3242 1877 3297 διάστα-

298 3341 391 3379 σιν
425 3327 758 3396 συνεισάγει,
784 3329 908 3384 οὐδέ
935 3347 1058 3384 τινα
1107 3333 1344 3401 πάροδον
1380 3337 1504 3395 ταῖς
1537 3336 1745 3390 ἄνωθεν
1769 3341 1876 3406 ἀφ·-

300 3413 449 3485 ίησιν
502 3416 779 3487 ἀπορίαις.
827 3418 964 3472 Οὐδὲ
1011 3419 1122 3490 γὰρ
1161 3420 1285 3473 οὐδὲ
1332 3422 1394 3475 τὸ
1424 3421 1713 3492 βούλεσθαί
1758 3443 1880 3479 τινα

299 3508 444 3580 ὑπὲρ
469 3508 568 3579 τῆς
609 3509 814 3581 ἐτέρων
873 3514 1154 3583 σωτηρίας
1182 3516 1252 3568 τὰ
1299 3516 1505 3587 ἔσχατα
1548 3516 1625 3587 τῷ
1666 3516 1881 3588 σώματι

297 3600 551 3670 πάσχειν,
608 3601 714 3655 κᾶν
774 3602 982 3657 ἀνωθεν
1018 3604 1155 3676 ἕλκῃ
1206 3605 1307 3676 τὴν
1360 3608 1562 3677 κρίσιν,
1586 3607 1883 3662 ὲλάττωσίν

298 3710 419 3746 τινα
468 3693 569 3764 τῆς
606 3694 755 3758 θείας
793 3698 1053 3768 στοργῆς,
1109 3699 1196 3752 ἵνα
1228 3698 1303 3770 μὴ
1351 3700 1496 3769 λέγω
1534 3701 1772 3772 μάλιστα
1808 3702 1884 3765 ὡς

300 3785 398 3838 καὶ
438 3786 763 3859 συναύξησιν
778 3789 1014 3859 εἰσάγει.
1045 3790 1248 3844 Ἐδίδου
1269 3791 1449 3845 τοίνυν
1478 3793 1671 3847 ἑαυτὸν
1690 3794 1718 3846 ὁ
1738 3793 1881 3856 θεῖος

303 3875 535 3941 Παῦλος,
573 3880 667 3933 καὶ
696 3878 894 3951 ηὔχετο
923 3884 1151 3951 πικραῖς
1182 3882 1442 3936 ὐπελθεῖν
1490 3884 1587 3937 καὶ
1639 3884 1887 3955 βαρείαις

302 3971 619 4040 τιμωρίαις,
658 3974 708 4025 εί
737 3973 899 4044 μόνον
932 3975 1058 4036 τοὺς
1093 3976 1401 4045 ὁμοφύλους
1450 3977 1573 4042 ἴδοι,
1610 3978 1701 4031 τὸν
1746 3979 1888 4031 κατὰ

304 4061 541 4132 Χριστοῦ
588 4063 783 4131 φθόνον
824 4065 921 4119 καὶ
954 4065 1192 4137 πόλεμον
1238 4066 1668 4138 καταθεμένους,
1698 4069 1796 4121 καί¹
1829 4069 1888 4121 τὸ

308 4153 447 4225 βαρὺ
479 4153 575 4209 τοῦ
603 4156 771 4227 νόμου
806 4159 901 4211 καὶ
932 4159 1165 4212 παλαιὸν
1193 4159 1359 4229 ἄχθος
1388 4160 1885 4231 άποσεισαμένους,

1978 3144 2182 3200 siderio
2203 3144 2287 3198 vel
2311 3143 2702 3214 conjunctione
2727 3144 3152 3213 separationem,
3180 3159 3278 3198 nec
3307 3145 3565 3214 superius

1977 3235 2280 3305 positarum
2333 3235 2745 3289 dubitationum
2806 3235 3050 3303 aliquam
3100 3234 3369 3301 admittit;
3428 3234 3567 3288 velle

1978 3327 2124 3381 enim
2159 3327 2457 3395 quemlibet
2506 3336 2752 3381 extrema
2785 3342 3017 3397 quaeque
3067 3328 3122 3380 in
3179 3340 3415 3397 corpore
3464 3341 3564 3380 suo

1980 3418 2092 3488 pati
2132 3433 2231 3487 pro
2279 3419 2456 3473 salute
2510 3419 2769 3484 aliorum,
2825 3433 2936 3472 non
2986 3418 3351 3472 minutionem
3393 3415 3567 3471 divini

1983 3508 2209 3563 affectus
2269 3517 2549 3577 operatur,
2606 3508 2732 3562 licet
2780 3524 2810 3562 a
2867 3508 3023 3562 uelis
3089 3508 3384 3576 inﬂigatur,
3434 3505 3569 3574 quin

1985 3605 2170 3674 potius
2199 3604 2455 3674 adauget.
2487 3602 2703 3659 Dedidit
2725 3618 2784 3657 se
2809 3603 3071 3671 quocirca
3095 3602 3316 3656 divinus
3340 3600 3569 3663 Paulus,

1986 3702 2040 3747 et
2070 3693 2277 3763 optavit
2308 3693 2495 3761 gravia
2524 3700 2579 3747 et
2603 3690 2977 3746 insuli‘erenda
3012 3691 3279 3762 supplicia
3304 3691 3570 3760 perferre,

1987 3786 2033 3841 si
2094 3785 2304 3839 videret
2362 3800 2494 3840 suos
2551 3784 2911 3849 contribules,
2965 3783 3252 3847 invidiam,
3319 3782 3574 3838 hostilem

1988 3878 2232 3932 animum
2281 3877 2333 3931 in
2363 3876 2647 3933 Christum
2682 3876 2981 3947 deponere,
3014 3879 3059 3932 si
3091 3892 3255 3947 grave
3288 3885 3343 3930 ct
3380 3875 3577 3929 intole-

1988 3969 2159 4024 rabile
2196 3968 2330 4040 legis
2366 3984 2508 4022 onus
2535 3978 2816 4032 excutere,
2842 3979 2895 4023 et
2924 3970 3031 4023 sub
3068 3968 3274 4023 Christi
3306 3978 3361 4022 et
3389 3968 3578 4037 gratiae

1989 4059 2147 4113 suavi
2172 4067 2227 4113 et
2255 4059 2357 4113 levi
2381 4058 2513 4128 jugo
2550 4059 2781 4127 positos.
2817 4058 3109 4128 Reliquum
3149 4069 3230 4114 est
3266 4060 3574 4128 despicere,

1990 4150 2138 4220 quod
2171 4149 2217 4204 si
2253 4148 2397 4219 quis,
2442 4149 2538 4218 qui
2577 4150 2716 4202 nihil
2758 4165 2788 4203 a
2818 4150 3041 4220 scriptis
3071 4150 3311 4204 alienum
3348 4150 3575 4221 cogitat,

306 4247 413 4299 ὑπὸ
443 4246 535 4301 τὸν
564 4249 799 4319 χρηστὸν
827 4250 925 4320 τῆς
952 4250 1174 4322 χάριτος
1206 4252 1301 4305 καὶ
1331 4250 1569 4321 ἐλαφρὸν
1593 4251 1760 4319 ζυγὸν
1793 4268 1874 4320 γε·

1993 4244 2108 4313 ipsa
2144 4249 2324 4296 autem
2358 4256 2453 4309 per
2479 4256 2559 4305 se,
2593 4241 2713 4295 sine
2746 4241 2857 4295 ulla
2879 4241 3378 4296 circumlocutione
3407 4243 3578 4295 inter-

306 4338 663 4408 γενημένους.
709 4341 1035 4396 ’Υπόλοιπον
1104 4342 1163 4396 δὲ
1208 4343 1315 4395 τῶν
1369 4344 1683 4414 είρημένων
1740 4344 1874 4398 ἔστ-ιι

1992 4344 2237 4405 pretans,
2264 4335 2478 4390 sincero
2494 4333 2724 4403 judicio,
2758 4336 2844 4389 vel
2877 4335 3178 4389 secundum
3228 4334 3409 4403 ipsqu
3437 4334 3549 4389 Pau
3578 4372 3579 4375 η

313 4432 465 4496 ἰδεῖν,
497 4431 573 4495 ὼς
605 4434 657 4485 εί
686 4452 772 4499 τις
800 4436 897 4489 καὶ
929 4436 1100 4506 μηδὲν
1123 4435 1324 4499 ἔξωθεν
1347 4435 1456 4489 τῶν
1478 4436 1874 4507 γεγραμμένωι

1989 4428 2100 4481 lum
2118 4426 2411 4497 spirituali,
2430 4426 2758 4481 sententiam
2780 4427 2938 4492 ferat,
2960 4441 3027 4480 ne
3043 4426 3122 4482 sic
3140 4426 3356 4496 quidem
3374 4426 3579 4495 aliquid

311 4523 778 4595 ἐπιλογιζόμενος,
809 4527 948 4589 αὐτὰ
966 4528 1023 4581 δὲ
1051 4528 1173 4582 καθ’
1208 4528 1397 4591 ἑαυτὰ,
1429 4529 1521 4582 καὶ
1549 4529 1720 4600 χωρίς
1745 4547 1874 4591 τινος

1999 4519 2349 4574 ineluctabile
2397 4527 2672 4573 occurret.
2713 4518 2784 4574 Ut
2815 4522 3063 4573 omittam
3114 4520 3429 4590 praeclaram
3482 4536 3581 4589 pa-

313 4616 596 4684 περινοίας
630 4618 1047 4690 μετερχόμενος,
1073 4621 1362 4692 ἀδεκάστῳ
1392 4621 1573 4692 κρίσει
1601 4622 1698 4675 καὶ
1732 4638 1874 4675 πνευ-

1997 4610 2251 4665 triarchae
2270 4623 2500 4664 uxorem
2522 4607 2848 4672 Rebeccam,
2870 4608 3220 4661 maledictum
3246 4607 3579 4660 horrendum

315 4711 606 4779 ματικαῖς,
637 4712 754 4764 κατ’
791 4712 955 4765 αὐτὸν
995 4715 1203 4766 ἐκεῖνον
1248 4716 1424 4767 εἰπεῖν
1462 4715 1552 4766 τὸν
1572 4714 1874 4781 θεσπέσιον,

1999 4702 2057 4756 in
2084 4716 2144 4758 se
2174 4700 2617 4764 transferentem,
2652 4708 2711 4753 ut
2735 4699 2904 4753 [ilium
2942 4699 3223 4754 induceret
3254 4698 3320 4751 ad
3347 4710 3585 4767 paternae

310 4801 664 4874 ἀνακρίσεσι,
698 4803 800 4872 τὴν
836 4806 965 4873 περὶ
1000 4803 1183 4857 αὐτῶν
1222 4806 1506 4876 ἐπιτρέψοι
1555 4804 1754 4876 ψῆφον,
1787 4806 1874 4857 οὐδ

2000 4794 2397 4850 benedictionis
2439 4801 2643 4847 sortem
2686 4800 2803 4846 arte
2825 4792 3104 4861 quadam;
3170 4789 3350 4845 Moses
3410 4800 3582 4855 certe,

310 4882 486 4957 οὕτως
511 4894 665 4948 οὐδὲν
689 4895 950 4967 δυσχερὲς
978 4897 1011 4968 ἢ
1039 4896 1150 4949 τῶν
1181 4896 1407 4968 ἀπόρων
1447 4896 1734 4967 ἐπόψεται.
1777 4897 1874 4949 Ἰν(

2001 4890 2095 4958 qui
2140 4886 2312 4942 Deum
2366 4885 2522 4951 vidit,
2571 4884 2761 4939 eadem
2816 4883 3010 4937 iisdem
3064 4898 3203 4952 pene
3252 4882 3436 4936 verbis
3486 4898 3587 4951 pro

314 4986 425 5056 γὰρ
456 4986 554 5059 τὴν
581 4986 674 5042 τοῦ
693 4990 1032 5062 πατριάρχου
1051 4992 1367 5061 θαυμασίαν
1400 4990 1547 5044 ἐάσω
1576 4987 1874 5041 Ῥεϐέκκαν

2001 4979 2203 5033 ,Ιιιιιιιείε
2244 4977 2594 5047 loquebatur,
2649 4985 2702 5030 et
2754 4976 2825 5029 ita
2878 4988 3070 5028 omnes
3122 4982 3309 5027 contra
3339 4974 3585 5041 Apostoli

320 5078 558 5149 φοϐερὰν
581 5080 721 5149 άρὰν
754 5082 838 5150 ἐφ’
868 5081 1069 5155 ἑαυτὴν
1094 5083 1383 5146 ἕλκουσαν,
1404 5082 1479 5145 ὡς
1508 5082 1575 5134 ἂν
1603 5080 1695 5135 τὸν
1728 5081 1874 5136 παῖδά

2035 5071 2167 5123 erba
2195 5068 2569 5124 dubitationes
2594 5067 2822 5138 injectas
2854 5065 3105 5120 dissolvit
3135 5063 3378 5119 abunde.
3410 5064 3591 5130 lnquit

322 5169 488 5243 πείσῃ
520 5172 794 5242 πατρικῆς
841 5173 1092 5243 εὐλογίας
1129 5174 1297 5246 τέχνῃ
1335 5174 1426 5226 τὸν
1452 5174 1656 5245 κλῆρον
1691 5173 1874 5228 ίδιώσα

2004 5170 2206 5224 autem,
2266 5180 2285 5212 ι
2318 5160 2378 5215 Si
2425 5156 2697 5226 remittes,
2735 5160 2949 5213 remitte
2992 5157 3144 5212 illis:
3180 5177 3200 5208 ι
3248 5156 3337 5210 sin
3387 5156 3589 5215 minus,

324 5261 469 5317 σθαι.
516 5262 650 5316 Ἀλλ’
682 5266 779 5334 ὅγε
800 5267 1007 5335 Μωσῆς
1033 5269 1060 5320 ὁ
1088 5265 1324 5336 θεόπτης
1343 5266 1412 5318 τά
1430 5265 1572 5319 αὐτὰ
1592 5264 1733 5336 ὑπὲρ
1769 5266 1874 5319 Ἰου

2012 5274 2030 5306 ‹
2062 5269 2149 5309 me
2195 5254 2349 5320 dele;
2382 5273 2400 5305 ι
2455 5255 2602 5309 unde
2652 5252 2874 5308 autem?
2927 5260 3073 5306 certe
3129 5264 3435 5320 congenera
3488 5247 3594 5301 fuit

320 5353 488 5407 δαίων
544 5355 740 5427 μικροῦ
790 5358 883 5411 καὶ
914 5357 1096 5422 λέξεσι
1136 5356 1746 5428 προαναφθεγξάμενος,
1781 5356 1874 5407 πῶη

2009 5346 2213 5417 Moysis
2266 5346 2450 5399 anima
2498 5346 2675 5412 Pauli,
2730 5363 2749 5396 ι
2779 5360 2809 5399 e
2855 5344 2995 5397 libro
3042 5345 3187 5396 vita}.
3243 5360 3259 5393 ι
3291 5340 3430 5405 Quid
3489 5342 3595 5392 hoc

319 5447 427 5498 οὐκ
456 5446 576 5500 ἀντὶ
603 5449 821 5503 πάντων
856 5451 1093 5522 ἀρκήσει
1124 5460 1154 5491 ν
1181 5450 1281 5513 τὰς
1320 5449 1732 5521 ἐπιφερομένας
1765 5449 1873 5500 ἀπο

2007 5439 2159 5493 aliud
2188 5448 2294 5503 est,
2326 5454 2515 5507 quam,
2549 5438 2605 5492 Si
2633 5438 2769 5491 meis
2814 5435 3217 5490 contribulibus
3248 5448 3351 5486 nec
3378 5435 3593 5484 veniam

325 5538 450 5608 ρίας
476 5538 583 5593 τῶν
608 5540 701 5593 τοῦ
730 5539 1061 5595 ’Λποστόλου
1098 5543 1361 5614 ῥημάτων
1392 5537 1862 5612 προδιαλύσασθαι

2010 5531 2359 5599 indulgebis,
2389 5547 2490 5589 nec
2516 5532 2611 5587 tibi
2646 5533 2767 5586 illos
2801 5529 3049 5591 adunies,
3100 5545 3119 5577 ι
3148 5542 3337 5596 separa
3369 5534 3421 5578 at
3453 5539 3541 5578 me
3566 5539 3598 5577 a

320 5628 389 5682 Τί
410 5631 517 5701 γάρ
552 5650 718 5701 φησιν
748 5652 762 5699 ;
801 5653 819 5685 ι
861 5636 924 5688 Εί
959 5635 1057 5706 μὲν
1085 5635 1243 5704 ἀφεὶς
1274 5635 1476 5697 αὐτοὺς
1520 5634 1677 5701 ἄφες,
1719 5651 1737 5684 ι
1778 5629 1874 5683 είδ

2012 5633 2147 5687 te?»
2200 5642 2308 5687 tam
2356 5627 2573 5683 sincero
2612 5623 2809 5678 affectu
2861 5622 2914 5676 in
2960 5618 3227 5690 sanguine
3275 5618 3598 5685 ροηῇυηςιιπδ

330 5721 430 5793 μὴ,
454 5740 472 5772 ι
499 5721 781 5793 agitarem
798 5726 942 5795 κάμὲ
965 5743 978 5757 ο
1010 5745 1029 5780 ι
1055 5727 1191 5783 ἀλλὰ
1212 5726 1378 5782 πόθεν
1400 5743 1414 5795 ;
1445 5726 1613 5790 ὅντως
1632 5721 1872 5796 συγγενῆ

2013 5724 2291 5781 ferebatur
2346 5722 2449 5790 Qui
2473 5720 2540 5775 de
2574 5716 2716 5773 libro
2747 5713 2976 5781 deletur,
3010 5711 3278 5783 judicium
3312 5709 3415 5766 sub
3438 5709 3506 5763 sit
3536 5723 3597 5760 ru

439 5823 467 5855 ’¹
490 5814 626 5872 (LM.
661 5817 906 5891 ἀρκέσει.
