4072 6428
540 332 648 394 663

1696 337 1960 402 PHOTII
1998 342 2507 408 PATRIARCHE
2535 349 2644 408 ΟΡ.

3699 353 3820 419 664

540 433 844 505 parationis
889 448 919 488 a
962 433 1095 488 Deo.
1137 434 1247 489 Nec
1296 434 1541 503 interest,
1578 440 1851 501 dixeritne
1891 463 1906 499 :
1949 465 1968 498 ι
2006 448 2128 502 Dele

2232 445 2300 520 ἦν
2331 455 2365 522 ἡ
2403 455 2650 519 Μωσέως
2705 457 2851 528 ψυχὴ
2902 458 3003 528 τῆς
3035 460 3253 516 Παύλου
3282 463 3462 534 ψυχῆς
3487 479 3501 493 ’
3530 483 3551 516 ί
3588 464 3690 519 Ἐκ
3710 465 3819 533 τῆς

545 542 634 581 me
659 526 725 581 de
750 524 887 579 libro
911 526 1054 591 vitae,
1098 543 1115 576 ι
1158 539 1213 580 et
1251 544 1270 577 ι
1299 541 1495 596 separa
1532 546 1618 585 nte
1653 542 1782 588 ate.
1818 554 1835 588 ι
1875 536 2129 593 Libertas

544 619 661 671 haec
706 632 813 670 non
850 624 1062 669 tantum
1106 617 1173 670 ab
1206 615 1406 672 aﬂ‘ecttt
1446 619 1631 674 divino
1678 627 2003 693 procedens,
2038 644 2131 684 ve.

546 723 666 762 rum
713 717 767 761 et
812 707 1050 776 propriis
1085 708 1295 764 meritis
1352 710 1693 778 subinduxit,
1734 726 1791 771 ut
1825 733 1932 771 non
1965 719 2130 773 modo

544 815 653 853 non
678 799 1017 867 rejiceretur,
1048 799 1143 854 sed
1173 816 1299 856 cum
1334 802 1543 858 honore
1566 807 1963 865 admitteretur.
2016 810 2131 866 Vox

547 892 637 945 illa
679 892 937 959 populum
989 891 1204 945 aﬂinem
1258 894 1326 947 ab
1379 895 1457 948 ira
1504 897 1650 965 justa
1699 900 1971 966 liberavit,
2028 918 2131 958 nec

547 978 814 1032 dicentem
849 979 1113 1048 expunxit
1142 982 1209 1034 ab
1238 981 1331 1035 illo
1363 1000 1382 1033 ι
1416 982 1553 1038 libro
1584 986 1728 1041 vitaz.
1791 1006 1809 1038 ι
1854 990 2128 1055 Quocirca

547 1078 608 1122 ut
639 1068 822 1124 Mosen
874 1071 989 1123 hazc
1034 1070 1305 1126 dicentem
1351 1082 1405 1127 et
1436 1074 1719 1131 facientem
1762 1081 2127 1145 admiramur,

549 1164 622 1217 ita
653 1174 707 1217 et
743 1162 972 1217 Paulum
1004 1165 1177 1235 magis
1204 1168 1482 1236 suspicere
1511 1170 1800 1235 debemus,
1847 1176 1939 1245 qui
1964 1176 2131 1231 vehe-

548 1252 793 1309 mentius
845 1255 897 1308 in
944 1258 1193 1311 eumdem
1242 1258 1493 1315 allectum
1541 1260 1841 1317 ferebatur.
1895 1266 1977 1319 An
2022 1282 2130 1321 non

550 1346 767 1399 videtur
815 1346 908 1399 tibi
954 1348 1247 1402 anathema
1297 1349 1539 1418 seipsum
1588 1352 2001 1419 quodammodo
2030 1371 2129 1426 po-

551 1440 748 1505 suisse,
786 1448 841 1495 et
869 1456 928 1495 se
962 1456 991 1494 a
1037 1444 1209 1512 gratia
1256 1458 1544 1511 separasse
1576 1462 1676 1516 pro
1713 1450 1961 1521 cognatis
1989 1451 2130 1517 suis,

552 1547 677 1586 cum
725 1531 1074 1587 Tinmthenm
1125 1534 1567 1601 circumcideret,
1620 1547 1676 1593 et
1720 1555 1843 1595 eum
1894 1542 2131 1612 gloriose

550 1623 854 1692 praedicans
890 1624 1270 1696 Evangelium,
1306 1625 1621 1684 Judaeorum
1662 1618 1786 1686 vota
1826 1633 2126 1702 simulavit,

551 1725 713 1783 caput
746 1716 1033 1782 abradens,
1081 1726 1135 1771 et
1162 1727 1362 1772 statuta
1406 1718 1643 1776 offerens
1681 1724 1988 1779 sacriﬁcia?
2030 1741 2130 1782 nec

2231 540 2416 611 βίϐλου
2439 545 2568 614 γὰρ,
2596 546 2751 615 φησὶ,
2785 547 2890 617 τῆς
2912 548 3079 619 ζωῆς.
3125 570 3143 603 ι
3180 552 3350 607 Τοῦτο
3374 554 3431 608 δὲ
3456 554 3509 608 τί
3527 556 3680 609 ἐστιν
3709 555 3816 610 άλ-

2230 633 2309 698 λο,
2336 636 2554 706 παράτὸ
2584 638 2796 706 λέγειν,
2827 640 2903 705 ὡς
2929 643 3027 695 ’Δν
3058 643 3133 714 μὴ
3159 647 3273 706 τοῖς
3311 647 3571 714 ὲκγένους
3602 655 3629 683 ι
3664 664 3813 701 κατ-

2229 726 2544 797 αλλαγείης,
2580 732 2675 783 καὶ
2736 733 2922 803 σαυτῷ
2962 735 3207 806 συνάψῃς
3246 737 3485 802 αὐτοὺς,
3509 758 3527 790 ι
3557 734 3626 808 (ὦ
3656 740 3811 808 γνὼ-

2233 834 2342 885 μης
2374 819 2609 889 ἄκρατον
2631 821 2731 892 τὴν
2758 824 2869 875 τῶν
2910 825 2971 889 ἐξ
3008 826 3241 897 αἵματος
3280 829 3540 898 πρόνοιαν
3570 830 3815 900 μεθυού-

2233 909 2385 978 σηςί)
2416 928 2434 961 ι
2466 909 2699 981 χώρισον
2746 914 2891 985 κάμὲ
2932 916 3041 971 ἀπὸ
3090 917 3210 985 σοῦ;
3246 937 3265 971 ι
3291 918 3532 991 Εὔδηλον
3584 922 3696 993 γάρ
3729 924 3812 988 ὡς

2230 1004 2259 1055 ό
2286 1004 2493 1059 ἐκεῖθεν
2521 1007 2958 1081 άπαλειφόμενος
3002 1012 3093 1067 τὸν
3136 1017 3420 1085 χωρισμὸν
3464 1018 3811 1082 συγκαταδι-

2231 1095 2459 1156 κάζεται
2485 1096 2579 1149 τοῦ
2603 1096 2769 1151 Θεοῦ·
2789 1102 2886 1153 καὶ
2913 1102 3065 1156 οὐδὲν
3083 1102 3391 1176 διενήνοχεν
3412 1108 3614 1173 εἰπεῖν,
3645 1109 3811 1175 «Ἑξ-

2232 1183 2450 1254 άλειψόν
2512 1204 2579 1258 με
2622 1189 2721 1259 τῆς
2764 1190 2947 1259 βίϐλου
2986 1194 3087 1265 τῆς
3129 1194 3298 1265 ζωῆς,
3341 1198 3436 1250 καὶ
3461 1197 3702 1270 χώρισόν
3737 1218 3813 1271 με

2231 1273 2339 1327 ἀπὸ
2374 1275 2491 1330 σοῦ,
2526 1295 2543 1329 ι
2576 1276 2643 1331 Ὤ
2669 1282 2986 1352 παρρησίας
3014 1284 3115 1337 οὐκ
3139 1286 3204 1337 ἑκ
3222 1285 3372 1350 θείας
3394 1289 3561 1357 μόνης
3601 1289 3815 1357 φιλοτι-

2236 1366 2387 1433 μίας,
2421 1364 2557 1419 ἀλλὰ
2604 1367 2699 1421 καὶ
2729 1368 2913 1433 πόνοις
2942 1370 3190 1437 οίκείοις,
3217 1371 3338 1441 οὐχὶ
3373 1373 3434 1426 τὺ
3474 1374 3813 1442 ἀκατάγνω-

2235 1472 2368 1509 στον
2403 1457 2588 1527 μόνον,
2622 1460 2763 1515 ἀλλὰ
2795 1462 2893 1516 καὶ
2916 1462 2977 1515 τὸ
3011 1462 3299 1533 εὐδόκιμον
3314 1466 3809 1536 ἁπενεγκαμένηςε

2231 1548 2403 1614 seem
2435 1568 2494 1604 τε
2523 1552 2632 1622 γὰρ
2654 1552 2746 1606 τὸν
2778 1554 3016 1624 φυλέτην
3061 1555 3192 1610 λαὸν
3238 1556 3341 1627 τῆς
3377 1557 3596 1622 δικαίας
3630 1559 3812 1630 ὀργῆς

2231 1641 2265 1710 ἡ
2301 1641 2473 1714 φωνὴ,
2535 1644 2759 1698 καὶτὸν
2815 1646 3039 1699 εἰπόντα
3084 1646 3186 1699 οὐκ
3235 1647 3513 1717 άπήλειψε
3566 1648 3668 1717 τῆς
3694 1648 3810 1701 τῶν

2230 1732 2477 1798 άειζώων
2511 1736 2865 1805 συγγραφῆς·
2896 1737 2975 1800 ῶς
3023 1736 3116 1791 οὖν
3151 1738 3360 1808 Μωσῆς
3403 1737 3580 1793 ταῦτα
3624 1739 3810 1807 λέγων

548 1817 650 1871 pro
697 1819 754 1858 se
804 1805 942 1871 solo,
996 1805 1089 1860 sed
1122 1822 1219 1875 pro
1266 1808 1389 1864 aliis
1422 1811 1588 1863 etiam
1636 1827 1873 1881 quorum
1922 1815 2127 1872 sodalis

2233 1825 2327 1878 καὶ
2352 1802 2610 1894 πράττων
2630 1802 2946 1898 ⁷θαυμάσιος
2970 1845 2985 1860 ο
3016 1828 3163 1882 οὕτω
3195 1830 3292 1882 καὶ
3315 1802 3545 1894 ’Παῦλος
3588 1832 3645 1883 ὲν
3689 1802 3809 1894 τοῖς

549 1903 686 1958 erat,
718 1896 808 1962 qui
853 1907 906 1949 et
942 1907 1190 1966 sumptus
1221 1899 1273 1953 in
1309 1902 1579 1957 sacriﬁcia
1622 1905 2002 1973 suppeditabat
2038 1906 2127 1963 iis.

548 1985 606 2038 In
637 2002 799 2053 quam
839 1990 1103 2042 causam?
1130 1989 1277 2043 Illam
1317 2008 1529 2061 nempe.
1581 2004 1639 2048 ut
1676 2010 1867 2050 omnes
1902 1996 2122 2053 Christo

548 2077 925 2141 lttcril‘aceret,
960 2089 1019 2134 ut
1055 2082 1322 2151 plurimos
1358 2084 1674 2151 adduceret,
1723 2096 1780 2141 ut
1810 2088 2129 2145 omnimodo

545 2169 764 2239 aliquos
806 2181 1091 2227 servaret:
1123 2173 1245 2228 ideo
1274 2173 1477 2231 Judaeis
1531 2176 1752 2234 Judaeus
1800 2179 1879 2244 ﬁt,
1924 2180 1992 2236 iis
2034 2182 2128 2252 qui

546 2264 668 2316 sine
706 2263 844 2332 lege,
891 2273 1151 2333 tanquam
1193 2267 1313 2321 sine
1349 2268 1488 2338 lege,
1540 2284 1663 2323 cum
1691 2270 1926 2327 inﬁrmis
1968 2271 2128 2327 inﬁr-

544 2354 817 2408 mabatur.
870 2354 1014 2408 Nihil
1045 2355 1239 2411 horum
1298 2367 1418 2412 erat
1449 2359 1614 2431 (absit
1654 2370 1713 2416 ut
1741 2360 1928 2433 fuerit)
1978 2365 2124 2433 apud

542 2446 790 2497 animum
829 2453 884 2499 et
907 2444 1173 2514 judicium
1207 2462 1367 2502 suum
1399 2466 1413 2503 :
1449 2451 1566 2517 sed,
1599 2471 1617 2502 ι
1647 2449 1919 2510 Omnibus
1940 2455 2126 2511 omnia

540 2533 723 2590 factus
757 2544 864 2599 est,
922 2546 980 2591 ut
1014 2538 1093 2592 sic
1139 2539 1326 2609 aliquo
1359 2542 1520 2596 modo
1568 2543 1807 2614 aliquem
1838 2545 2128 2603 lucriface-

543 2632 648 2677 ret.
686 2643 704 2675 ι
743 2624 993 2680 lmitator
1016 2630 1287 2697 egregius,
1314 2638 1393 2693 ut,
1426 2632 1570 2700 quod
1594 2644 1759 2703 caput
1787 2645 1888 2702 est,
1922 2637 2125 2703 dicam,

540 2717 858 2773 communis
905 2717 1115 2773 Domini
1158 2732 1212 2773 et
1236 2720 1547 2779 Servatoris
1582 2726 1778 2789 nostri,
1813 2728 1909 2797 qui
1940 2730 2126 2784 omnia

545 2822 647 2876 pro
677 2809 838 2863 nobis
870 2825 1088 2878 passus,
1126 2810 1197 2864 ob
1258 2812 1669 2883 inexplicabiles
1703 2817 1924 2875 divitias
1960 2821 2127 2876 mise-

546 2899 802 2953 ricordiae
838 2915 953 2955 sua:
988 2910 1044 2956 et
1089 2902 1502 2970 exinanitionis,
1541 2923 1651 2961 non
1696 2912 1973 2966 recusavit
2000 2928 2128 2982 pec-

539 2997 727 3043 catum
769 3001 823 3044 et
866 2992 1175 3047 maledictio
1218 3008 1318 3061 pro
1372 2997 1531 3052 nobis
1570 2999 1678 3053 dici
1733 3009 1789 3054 et
1843 3003 2122 3071 reputari,

541 3096 669 3135 eum
712 3090 890 3137 tamen
936 3082 1058 3140 fons
1089 3098 1236 3143 esset
1276 3089 1456 3144 omnis
1498 3089 1916 3157 benedictionis,
1947 3101 2002 3146 et
2028 3093 2124 3148 de-

539 3266 823 3334 exemplar
876 3282 1187 3338 proponens
1244 3274 1517 3341 genuinus
1595 3272 1716 3342 ejus
1775 3273 2122 3345 discipulus,

540 3355 923 3413 admirabilem
961 3360 1111 3416 illam
1153 3363 1659 3420 et'desiderabilem
1689 3367 2126 3422 conversationis

542 3451 1091 3517 repraasentationem
1126 3453 1323 3508 animae
1352 3470 1467 3508 suae
1491 3454 2127 3524 quotidietranseribere

538 3549 597 3595 et
624 3541 913 3598 eﬂ‘ormare
959 3560 1068 3600 non
1100 3545 1325 3600 destitit.
1375 3544 1480 3600 Sed
1520 3547 1587 3601 de
1623 3556 1719 3602 tuo
1765 3547 1935 3602 dubio
1974 3548 2121 3602 haud

541 3633 659 3687 scio
692 3650 759 3688 an
790 3637 934 3703 quod
970 3638 1356 3706 requirebatur
1393 3639 1598 3702 minus,
1630 3649 1781 3693 certe
1812 3640 1954 3694 ultra
1998 3640 2118 3710 epi-

540 3727 697 3781 stolae
720 3728 1005 3795 terminos,
1040 3731 1143 3785 ista
1170 3731 1374 3785 habeas
1402 3731 1692 3787 solutionis
1721 3732 1862 3787 vice.
1897 3732 2048 3788 Vale.

2230 1913 2439 1983 όμοίοις
2469 1916 2823 1989 σφοδρότερος
2850 1917 3057 1987 ὀφθεὶς,
3092 1918 3186 1970 ἐπὶ
3222 1917 3465 1972 τοιοῦτον
3488 1919 3811 1989 θαυμασιώ-

2231 2022 2410 2076 τερος.
2443 2008 2511 2059 Ἥ
2543 2008 2603 2059 ού
2630 2008 2781 2061 δοκεῖ
2812 2025 2895 2062 σοι
2918 2009 3170 2080 ἀνάθεμα
3196 2012 3373 2063 ποιεῖν
3410 2010 3625 2077 ἑαυτὸν,
3660 2011 3810 2083 ὑπὲρ

2230 2101 2329 2168 τῆς
2354 2100 2632 2170 σωτηρίας
2670 2100 2780 2154 τῶν
2832 2102 3131 2169 συγγενῶν,
3180 2102 3278 2155 καὶ
3321 2101 3524 2173 τρόπον
3551 2103 3677 2156 τινὰ
3700 2106 3810 2173 τῆς

2230 2192 2455 2261 χάριτος
2481 2191 2877 2263 διασχίζεσθαι,
2907 2195 2997 2247 ὅτε
3025 2194 3289 2262 Τιμόθεον
3321 2195 3644 2265 περιέτεμεν
3670 2212 3683 2259 ;
3710 2196 3808 2248 ὅτε

2230 2283 2393 2346 αὐτὸς
2443 2285 2652 2349 ἐκεῖνος
2684 2285 2955 2358 λαμπρῶς
3000 2287 3294 2357 κηρύσσων
3340 2289 3403 2342 τὸ
3438 2290 3806 2357 Εύαγγέλιον,

2243 2377 2539 2442 Ἰουδαῖκάς
2575 2379 2739 2449 εὐχὰς
2774 2379 3133 2451 ὑπεκρίνετο,
3174 2382 3276 2453 τήν
3306 2399 3367 2434 τε
3406 2384 3585 2452 κόμην
3627 2382 3811 2453 ξυρώ-

2232 2488 2394 2541 μενος
2430 2471 2528 2540 τῆς
2558 2472 2836 2542 κεφαλῆς,
2874 2474 2970 2527 καὶ
3009 2473 3107 2537 τὰς
3158 2475 3559 2546 νενομισμένας
3609 2476 3809 2540 Θυσίας

2230 2562 2578 2632 προσφέρων,
2634 2564 2730 2617 καὶ
2765 2564 2864 2634 οὐχ
2915 2564 3054 2634 ὑπὲρ
3083 2564 3277 2618 ἑαυτοῦ
3319 2566 3515 2636 μόνον,
3549 2566 3689 2620 ἀλλὰ
3711 2568 3810 2621 καὶ

2230 2654 2369 2724 ὑπὲρ
2398 2654 2604 2725 ἐτέρων
2637 2648 2720 2717 οἷς
2758 2655 3134 2726 συνηγνίζετο,
3162 2656 3260 2717 τὰς
3286 2656 3376 2709 ἐπὶ
3412 2660 3481 2728 τῇ
3514 2657 3678 2729 θυσίᾳ
3704 2676 3811 2711 κα-

2227 2747 2468 2809 τατιθεὶς
2493 2746 2760 2813 δαπάνας,
2797 2748 2893 2800 καὶ
2916 2748 2984 2800 τὰ
3014 2747 3349 2818 ἀναλώματα
3370 2766 3385 2813 ;
3405 2749 3525 2803 Ἵνα
3550 2752 3603 2803 τί
3640 2750 3807 2821 γένη-

2227 2857 2315 2893 ται
2341 2855 2356 2904 ;
2394 2856 2412 2890 ι
2436 2836 2560 2891 Ἵνα
2573 2840 2681 2891 πᾶν
2707 2840 2755 2879 ι*
2788 2837 3007 2909 Χριστῷ
3028 2839 3269 2911 κερδήσῃ
3300 2856 3314 2869 ⁸
3354 2841 3441 2893 ἵνα
3467 2842 3595 2905 τοὺς
3615 2842 3805 2896 πλείο-

2228 2947 2327 2993 νας
2377 2929 2648 2999 προσάξῃ,
2700 2928 2789 2983 ἴνα
2836 2930 3051 2993 πάντως
3093 2931 3249 2994 τινὰς
3296 2930 3447 3004 σώσῃ
3473 2949 3485 2962 ·
3514 2932 3603 2987 διὰ
3644 2932 3810 2986 τοῦτο

2228 3021 2323 3074 καὶ
2362 3020 2615 3083 Ἰουδαῖος
2661 3020 2875 3089 γίνεται
2920 3020 3195 3085 Ἰουδαίοις
3219 3039 3233 3052 ·
3269 3022 3366 3076 καὶ
3425 3025 3540 3085 τοῖς
3580 3024 3806 3093 ἀνόμοις

2153 3139 2192 3189 η
2225 3114 2302 3178 ὡς
2327 3114 2533 3185 ἄνομος
2558 3112 2863 3168 διατίθεται
2890 3132 2904 3147 ⁶
2937 3119 3033 3170 καὶ
3060 3117 3383 3169 συνασθενεί
3409 3119 3523 3182 τοῖς
3546 3117 3810 3173 ἀσθενοῦ-

543 3174 776 3228 structio
803 3176 1031 3244 peccati.
1071 3176 1229 3234 Hunc
1255 3180 1358 3234 sibi
1404 3194 1501 3249 per
1526 3188 1698 3235 totum
1728 3180 1849 3236 vitae
1895 3199 2121 3238 cursum
2153 3174 2192 3189 "
2231 3174 2337 3261 σιξ..

2370 3225 2389 3259 ι
2418 3207 2603 3277 Μηδὲν
2645 3207 2849 3261 τούτων
2902 3208 3162 3279 (άπαγεί)
3219 3211 3355 3281 μήτε
3404 3210 3480 3265 ῶν
3522 3213 3580 3265 ὲν
3600 3212 3803 3282 κρίσει,

2224 3298 2366 3365 μήτε
2422 3298 2746 3369 γινόμενος⁹
2777 3300 2875 3352 καὶ
2908 3316 2927 3350 ι
2978 3300 3093 3362 τοῖς
3148 3300 3283 3353 πᾶσι
3337 3301 3517 3356 πάντα
3572 3301 3806 3369 γίνεται,

2223 3389 2312 3443 ἴνα
2360 3389 2577 3454 πάντως
2596 3391 2750 3455 τινὰς
2776 3392 2879 3459 τῆς
2907 3390 3120 3461 πλάνης
3149 3390 3445 3463 άνελκύσῃ.
3486 3409 3506 3445 ι
3544 3393 3808 3464 Μιμητὴς

2223 3482 2331 3552 γὰρ
2365 3476 2434 3552 ἦν
2472 3481 2781 3554 περιδέξιος
2813 3484 2924 3554 (ἵνα
2950 3482 3014 3535 τὸ
3037 3483 3333 3552 κεφάλαιον
3372 3484 3536 3556 εἴπω)
3563 3485 3656 3540 τοῦ
3684 3504 3807 3541 κοι-

2224 3571 2319 3625 νοῦ
2350 3572 2603 3643 Σωτῆρος
2633 3573 2791 3644 ἡμῶν
2830 3574 2926 3628 καὶ
2973 3574 3270 3627 Δεσπότουθ
3298 3573 3372 3638 ὥς
3411 3584 3442 3625 1
3482 3576 3661 3630 πάντα
3697 3595 3809 3630 πα-

2228 3662 2336 3716 θὼν
2364 3662 2508 3735 ὑπὲρ
2551 3664 2710 3735 ἡμῶν
2759 3665 2953 3733 άφάτῳ
2991 3665 3207 3736 πλούτῳ
3256 3665 3665 3736 φιλανθρωπίας
3708 3670 3807 3721 καὶ

2230 3753 2535 3821 κενώσεως,
2563 3756 2672 3827 οὐδ’
2702 3757 2970 3827 ἁμαρτία,
3008 3757 3129 3810 οὐδὲ
3173 3759 3388 3829 κατάρα
3427 3758 3695 3830 κληθῆναι
3733 3761 3805 3813 δι’

540 3840 711 3909 ἡμᾶς,
770 3841 863 3893 καὶ
910 3843 1237 3914 νομισθῆναι
1286 3844 1682 3917 παρῃτήσατο·
1747 3848 1929 3901 καίτοι
1990 3848 2145 3918 πηγὴ
2216 3849 2398 3918 πάσης
2466 3849 2741 3916 εὐλογίας,
2802 3851 2896 3904 καὶ
2958 3851 3140 3921 πάσης
3190 3851 3470 3923 ἁμαρτίας
3541 3852 3807 3923 ὑπάρχων

539 3933 844 4003 ἀναίρεσις.
886 3936 985 3989 Ὃν
1051 3935 1141 3989 διά
1201 3937 1319 4006 βίου
1369 3938 1533 3992 καλὸν
1602 3940 1957 4010 παράδειγμα
2000 3941 2455 4011 προστησάμενος
2497 3942 2526 3993 ὁ
2580 3942 2824 4012 γνήσιος,
2883 3943 2959 4006 ὡς
3015 3940 3255 4011 άληθῶς,
3305 3941 3577 4013 μαθητὴς,
3617 3943 3704 3995 ἀεὶ
3740 3944 3805 3995 τὸ

533 4021 854 4095 θαυμαστὸν
900 4028 1077 4081 ἐκεῖνο
1110 4029 1204 4082 καὶ
1241 4032 1611 4103 πολυέραστον
1654 4035 1754 4105 τῆς
1812 4034 2115 4099 πολιτείας,
2153 4036 2209 4087 ἐν
2265 4037 2333 4105 τῇ
2394 4035 2540 4106 ψυχῇ
2576 4037 2946 4106 μεταγράφων
2999 4038 3095 4091 καὶ
3124 4036 3418 4091 ἀνατυπῶν
3463 4038 3565 4091 οὐκ
3596 4037 3805 4107 ἀπέλη-

530 4135 633 4185 γεν
689 4120 931 4191 ἅγίιιλμα.
972 4123 1130 4177 Ἀλλά
1184 4128 1312 4197 γὰρ,
1364 4129 1495 4197 περὶ
1539 4128 1635 4183 τοῦ
1664 4129 2078 4201 διηπορημένου
2120 4147 2225 4195 σοι,
2273 4130 2378 4201 τῆς
2411 4130 2627 4203 χρείας,
2701 4132 2802 4187 οὐκ
2832 4128 2929 4186 οἵδ’
2985 4134 3035 4187 εί
3074 4132 3316 4200 ἔλαττον,
3343 4132 3447 4203 τῆς
3484 4134 3533 4189 δ’
3558 4129 3649 4189 οὖν
3680 4134 3808 4187 ὲπιο

531 4216 730 4285 στολῆς
769 4218 862 4270 καὶ
920 4218 1014 4273 ἐπὶ
1057 4220 1253 4287 πλέον,
1286 4222 1386 4287 τὰς
1432 4222 1614 4287 λύσεις
1666 4224 1978 4295 δεχόμενος,
2016 4224 2248 4296 ἔρρωσο.

641 4329 969 4396 ρυιιιςδτιο
988 4335 1152 4391 cxm
1182 4336 1372 4408 [CoisL
1411 4350 1461 4393 et
1498 4338 1662 4397 Taur.
1710 4342 2002 4416 CXXXV].
2151 4335 2197 4391 υ

921 4425 997 4480 De
1042 4426 1381 4483 tabernaculo
1419 4432 1725 4489 testimonii.

2751 4342 3091 4397 ΕΡΩΤΗΣΙΣ
3122 4341 3269 4394 PII".

2463 4433 2604 4503 Περὶ
2630 4432 2742 4503 τῆς
2788 4434 3031 4503 σκηνῆς
3068 4435 3177 4489 τοῦ
3216 4435 3568 4504 μαρτυρίου.

1016 4538 1157 4591 Edita
1180 4556 1209 4593 a
1232 4542 1550 4610 Montacutio,
1590 4561 1672 4611 ep.
1696 4549 1807 4611 219,
1831 4550 1897 4600 ad
1920 4552 2119 4603 Leonem
2144 4556 2190 4602 et
2219 4549 2375 4601 Galat.
2399 4563 2449 4612 p.
2475 4550 2705 4601 524—528.
2742 4551 2799 4601 In
2830 4551 2985 4602 Exod.
3013 4566 3093 4611 ιι,
3118 4551 3281 4602 19-19.

603 4646 766 4712 Quid,
804 4647 1129 4721 interrogas,
1160 4655 1551 4712 vestimentum
1582 4674 1613 4713 e
1650 4659 1887 4717 diversis
1915 4660 2119 4717 colori-

529 4740 632 4794 bus
666 4752 980 4797 contextum
1005 4745 1374 4805 adulterinum
1404 4767 1609 4809 vocans
1641 4754 1938 4825 legislator,
1969 4757 2117 4827 ejus-

525 4848 635 4902 que
671 4850 826 4918 usum
846 4836 1124 4905 prohibuit
1159 4840 1227 4894 iis
1253 4844 1348 4911 qui
1381 4843 1551 4912 ipsius
1585 4847 1829 4918 paedagio
1851 4847 2114 4904 informa-

2227 4842 2379 4913 θέτης
2404 4843 2528 4906 τοὺς
2556 4843 2647 4895 ὑπ’
2682 4842 2847 4896 αὐτοῦ
2887 4844 3445 4914 παιδαγωγουμένους
3490 4845 3795 4915 ἀμφιέννυ-

529 4924 750 4987 bantur,
784 4909 850 4980 ne
879 4927 1206 4996 induerent;
1242 4938 1420 4988 tamen
1450 4936 1750 4991 testimonii
1782 4939 2111 4994 tabernacu-

2227 4909 2364 5001 σθαι,
2399 4936 2496 5005 τὴν
2526 4935 2621 4987 τοῦ
2656 4936 2958 5008 μαρτυρίου
2998 4909 3205 5007 σκηνῆν
3249 4909 3545 4999 τοιούτοις-
3568 4909 3796 5007 ἐπιϐλή-

528 5012 645 5068 lum
710 5014 985 5069 talismodi
1036 5017 1387 5085 operimentis
1447 5023 1611 5076 velari
1648 5025 1850 5094 jubet:
1895 5028 1949 5081 in
1997 5046 2108 5100 quo

2227 5044 2353 5095 μασι
2377 5026 2708 5098 προστάσσει
2741 5028 3138 5091 καλύπτεσθαι,
3178 5021 3295 5100 ὲνῇ
3335 5027 3470 5091 Θεός
3500 5045 3557 5080 τε
3606 5028 3796 5084 ώπτά-

526 5106 813 5162 videbatur
842 5106 988 5164 Deus
1024 5125 1293 5179 praesens,
1335 5125 1391 5170 et
1437 5114 1635 5171 Sancta
1664 5130 1980 5176 sanctorum
2023 5139 2112 5178 re-

2227 5136 2356 5183 νετο,
2387 5120 2483 5172 καὶ
2511 5119 2578 5172 τά
2606 5119 2714 5172 τῶν
2741 5119 2914 5187 ἁγίων
2943 5120 3201 5173 ἀπέκειτο
3234 5119 3432 5185 "Avia;
3477 5118 3726 5181 Ἀκούοις
3746 5117 3793 5169 δ’

524 5198 921 5255 condebantur.
947 5203 1085 5257 Audi
1109 5213 1286 5260 autem
1319 5210 2028 5283 rationemhuicquasstioni
2061 5227 2114 5271 et

2227 5213 2281 5264 ῑιν
2307 5211 2505 5276 κοινὸν,
2538 5214 2626 5265 ἐπ’
2664 5211 2831 5267 αὑτοῦ
2866 5229 2927 5264 τε
2954 5212 3049 5266 καὶ
3077 5210 3185 5264 τῶν
3215 5212 3441 5281 ὁμοίων,
3473 5209 3631 5279 λόγον
3653 5213 3796 5264 ἁπο-

527 5286 802 5341 similibus
848 5302 1280 5360 congruentem:
1327 5294 1546 5350 divinus
1600 5296 1777 5353 Moses
1817 5316 1939 5354 cum
1985 5303 2109 5357 talia

2227 5303 2490 5373 ῑιδὸμενον
2512 5322 2526 5336 ·
2551 5306 2627 5368 ὡς
2653 5307 2720 5360 τὰ
2742 5304 2968 5360 τοιαῦτα
3000 5305 3312 5376 νομοθετῶν
3342 5304 3371 5357 ὁ
3397 5303 3540 5367 θεῖος
3590 5305 3794 5372 Μωσῆς

527 5378 835 5444 mandaret,
868 5380 1093 5449 praecise
1128 5384 1300 5440 voluit
1331 5387 1639 5455 signiﬁcare
1671 5405 1777 5444 non
1812 5407 1934 5449 esse
1968 5393 2111 5449 litte-

2227 5393 2459 5466 ixpt6t'b;
2488 5394 2699 5467 ἐδήλου,
2734 5395 2809 5467 μὴ
2834 5394 3034 5466 χρῆναι
3062 5397 3245 5465 γυμνῇ
3291 5391 3682 5463 προσεδρεύειν
3722 5396 3788 5463 τῇ

2291 4660 2358 4715 Τί
2389 4661 2609 4732 δήποτε,
2644 4662 2890 4735 πυνθάνῃ
2944 4662 3005 4715 τὸ
3056 4664 3122 4716 ὲκ
3174 4661 3453 4733 διαφόρων
3493 4664 3799 4735 χρωμάτων

2219 4751 2469 4823 ὕφασμα,
2501 4751 2754 4821 κίϐδηλόν
2782 4770 2840 4806 τε
2868 4753 3069 4815 καλῶν,
3103 4754 3197 4807 καὶ
3222 4754 3553 4825 ἀποτρέπων
3578 4757 3606 4809 ό
3640 4774 3799 4828 νομο-

1833 5571 2067 5625 νΑιιιΑε
2125 5572 2527 5632 LECTIONES.

612 5742 726 5799 ³οο
749 5742 820 5798 Μ.
855 5746 918 5797 ὲκ
945 5746 1154 5813 γένους.
1234 5755 1287 5788 ι*
1316 5753 1378 5808 C.
1421 5753 1492 5809 M.
1516 5755 1744 5820 πάντας.
1787 5763 1813 5802 γ
1846 5756 1904 5811 C.
1928 5752 2011 5808 Μ.
2044 5764 2188 5811 recte
2228 5756 2307 5819 ὅς.
