4072 6426
280 378 387 443 665

1212 376 1313 436 AD
1335 374 1928 438 AMPHILOCHIUM
1965 373 2309 447 QUIESTIO
2336 375 2547 437 CXIII.

3432 382 3535 443 605

280 490 426 554 λέξει
455 485 551 539 τοῦ
603 486 961 556 γράμματος,
1016 482 1151 554 μηδὲ
1195 483 1275 553 τῷ
1314 484 1593 555 προχείρῳ
1628 501 1860 556 προσαν-

1967 480 2447 536 ratadhaarendum
2484 483 2719 551 penitus,
2767 498 2867 539 nec
2894 487 3277 543 attendendum
3304 490 3370 545 ad
3414 508 3537 547 sen-

281 580 430 652 έχειν
443 578 542 649 τῆς
564 575 914 644 καταλέψεως
934 584 956 611 ι
977 590 991 605 ⁸
1009 577 1123 639 τοῖς
1137 575 1245 648 γὰρ
1264 576 1714 645 διαφιλονεικοῦσι
1728 577 1863 630 ταύ-

280 692 351 747 τῃ
381 674 473 726 τδν
506 669 631 725 νοῦν
658 669 767 723 τῶν
798 670 1285 739 προσταττομένων
1319 669 1502 724 λαϐεῖν
1518 670 1618 724 οὐκ
1644 671 1710 725 ἄν
1729 686 1862 723 ποτε

284 767 353 836 θη
363 766 596 836 ράσιμος
626 763 857 832 γένοιτο.
891 760 1144 815 Τοιοῦτον
1174 762 1282 833 γὰρ
1299 763 1392 816 καὶ
1411 763 1492 829 τὺ,
1515 766 1575 817 ἐν
1595 763 1862 835 Σαϐϐάτῳ

282 858 534 913 κελεύειν
567 856 733 927 μηδὲν
761 855 899 919 ὅλως
924 855 1259 925 ἐργάζεσθαι
1278 871 1293 884 ·
1316 858 1441 919 τοὺς
1471 856 1528 910 δὲ
1557 858 1727 928 ἱερεῖς
1749 860 1866 910 ὲπι-

283 951 510 1019 τρέπειν
560 946 652 1001 ἐπὶ
702 949 821 1010 ταῖς
858 946 1072 1010 θυσίαις
1097 948 1193 1000 καί
1225 946 1561 1013 ξυλοκοπεῖν,
1598 950 1692 1001 καὶ
1724 964 1861 1016 σφα-

284 1041 498 1111 γιάζειν
526 1052 551 1081 ει
587 1039 679 1101 οὓς
710 1039 817 1093 ἔδει
852 1039 1052 1110 μᾶλλον
1092 1038 1199 1091 τῶν
1225 1039 1400 1092 ἄλλων
1429 1039 1717 1110 γνώμονας
1749 1040 1860 1093 ώσ-

282 1146 393 1200 περ
422 1130 517 1182 καὶ
541 1128 850 1199 ἀρχέτυπον
879 1127 973 1181 τοῦ
1007 1128 1243 1197 πλήθους
1274 1129 1454 1193 ὄντας,
1482 1128 1544 1181 τὸ
1565 1128 1663 1199 τῆς
1702 1146 1864 1199 νομο-

282 1221 475 1284 θεσίας
506 1220 799 1290 φυλάττειν
834 1220 1110 1290 ἀκήρατον
1133 1240 1145 1251 ·
1170 1219 1250 1273 ἐτι
1285 1220 1343 1273 δὲ
1380 1221 1471 1273 καὶ
1496 1220 1558 1274 τὸ
1588 1220 1860 1291 προστάσ-

282 1326 422 1374 σειν,
453 1311 518 1363 ὲκ
540 1308 704 1363 λίθων
732 1308 959 1381 τμητῶν
991 1308 1067 1379 μὴ
1106 1312 1540 1375 κατασκευάζειν
1577 1311 1862 1382 θυσιαστή-

281 1418 400 1473 ρια,
446 1403 528 1455 ὅτι
566 1400 895 1472 μεμίανται⁸
927 1402 1023 1454 καὶ⁹
1072 1400 1167 1454 τοῦ
1218 1403 1518 1472 μεμιάνθαι
1549 1404 1648 1474 τὴν
1678 1403 1859 1457 αἰτίαν

280 1494 515 1561 ἐπάγειν
545 1492 608 1544 τὸ
636 1491 980 1563 ἐγχειρίδιον,
1030 1494 1224 1563 ὅτιπερ
1260 1496 1445 1558 αὐτοῖς
1478 1494 1638 1548 τοῦτο
1668 1495 1861 1567 ξυομέ-

280 1603 398 1649 νοις
432 1586 459 1625 ιι
483 1584 843 1655 ἐπιϐέϐληται
868 1600 881 1613 ·
911 1584 990 1656 τῷ
1018 1585 1323 1656 ἐγχειριδίῳ
1339 1586 1395 1639 δὲ
1417 1587 1513 1640 καὶ
1542 1588 1673 1641 αὐτὸ
1694 1590 1755 1641 τὸ
1774 1605 1858 1642 τι-

284 1676 563 1746 μιώτατον
616 1676 712 1729 καὶ
739 1676 996 1746 μέγιστον
1038 1677 1171 1748 παρ’
1221 1676 1494 1746 Ἑϐραίοις
1521 1680 1618 1749 τήν
1642 1695 1859 1748 περιτο-

284 1771 395 1840 μὴν
424 1768 854 1841 ἀπεργάζεσθαι,
897 1769 992 1822 καλ⁵
1032 1770 1140 1840 μὴν
1182 1770 1275 1824 καὶ
1312 1772 1493 1834 πάσας
1543 1772 1857 1843 ἱερουργίας

278 1861 627 1934 ἐγχειριδίοις
696 1861 1190 1933 τελεσιουργεῖσθαι
1252 1862 1347 1916 καὶ
1406 1865 1855 1935 καταρτίζεσθαι.

280 1953 395 2006 Καὶ
444 1954 508 2022 δὴ
555 1953 812 2019 κάκεῖνο,
862 1953 953 2005 τὸν
996 1952 1096 2022 μὲν
1134 1954 1440 2024 ἀπτόμενον
1482 1956 1678 2026 νεκροῦ
1719 1957 1855 2010 ἀκά-

280 2044 479 2115 θαρτον
504 2039 669 2109 εἶναι,
696 2040 815 2098 εἶτα
844 2044 1204 2115 καθαίρεσθαι
1225 2047 1375 2117 παρά
1392 2047 1485 2100 τοῦ
1513 2049 1703 2118 ἱερέως
1728 2064 1743 2079 '
1765 2049 1857 2102 τὸν

278 2138 341 2192 δὲ
383 2138 455 2209 μὴ
478 2138 737 2192 δύνασθαι
770 2139 1057 2209 καθαίρειν
1105 2139 1279 2203 ἄλλως
1295 2142 1343 2193 εἰ
1368 2140 1441 2211 μὴ
1461 2142 1549 2195 διὰ
1574 2143 1853 2213 θυμάτων,

279 2229 319 2283 ἂ
352 2230 416 2301 δὴ
445 2230 609 2294 αὑτός
633 2247 691 2283 τε
726 2233 1037 2302 νεκροποιεῖ
1071 2232 1307 2301 πρῶτος,
1348 2233 1443 2285 καὶ
1465 2232 1723 2296 ἅπτεται,
1761 2235 1857 2288 καὶ

279 2321 391 2375 ἀπὸ
410 2320 518 2374 τῶν
546 2322 757 2392 νεκρῶν
778 2322 1044 2393 αἱμάτων,
1067 2324 1183 2394 ἢτῇ
1213 2323 1393 2395 σποδῷ
1417 2325 1721 2395 περιραίνει
1741 2326 1853 2393 τὸν,

278 2416 363 2468 δτι
388 2413 585 2483 νεκροῦ
615 2414 817 2484 ἥψατο,
853 2414 1148 2486 προσιόντα
1171 2415 1634 2487 καθαρθήσεσθαι.
1669 2419 1857 2487 Αίνίγ-

281 2522 418 2576 ματι
434 2506 544 2575 γὰρ
564 2504 724 2559 τοῦτο
740 2506 1043 2573 παντελῶς,
1062 2507 1211 2571 εῖτις
1237 2508 1560 2579 ὲναπομένοι
1578 2508 1656 2579 τῷ
1678 2511 1859 2581 γράμ-

282 2613 437 2666 ματι,
485 2596 651 2652 ἔοικε.
694 2596 948 2651 Τοιοῦτόν
986 2598 1101 2651 ἐστι
1132 2598 1227 2652 καὶ
1253 2598 1333 2663 τὸ,
1362 2599 1580 2663 πάντως
1607 2601 1857 2672 ὁμοίωμα

278 2688 466 2739 ποιεῖν
494 2687 767 2759 ἀπάρχειν
798 2688 891 2740 τὸν
937 2688 1185 2760 Ἰσραήλ’
1215 2690 1381 2743 αὐτὸν
1411 2691 1465 2744 δὲ
1491 2689 1668 2744 ταῦτα
1694 2709 1858 2763 νομο-

278 2778 565 2841 θετοῦντα,
598 2779 812 2849 πρῶτον
838 2782 939 2849 μὲν
961 2780 1058 2833 καὶ
1100 2779 1272 2852 αὐτὴν
1303 2781 1404 2851 τὴν
1442 2782 1677 2835 κιϐωτὸν
1718 2783 1860 2836 κατὰ

278 2870 455 2926 τύπον
485 2871 579 2923 καὶ
610 2871 835 2942 μίμημα
868 2871 1201 2942 ποιήσασθαι
1224 2872 1331 2928 τῶν
1356 2873 1677 2944 δειχθέντων
1710 2873 1861 2945 αύτῷ

279 2965 343 3016 ὲν
376 2961 457 3032 τῷ
487 2962 603 3033 δρει
626 2979 639 2993 ·
682 2962 875 3016 ἔπειτα
913 2964 1011 3026 τὰς
1046 2964 1281 3029 εἰκόνας,
1311 2965 1404 3018 καὶ
1440 2967 1507 3019 τά
1534 2965 1858 3037 ὁμοιώματα

276 3054 394 3109 τῶν
421 3055 701 3127 Χερουϐὶμ
728 3057 1022 3126 διαγλύψαι
1068 3073 1126 3110 τε
1158 3057 1255 3111 καὶ
1302 3057 1591 3129 τορεῦσαι,
1627 3060 1859 3123 καὶτοῖς

1965 590 2086 630 sum
2118 575 2294 644 prima
2331 576 2466 630 facie
2495 576 2818 631 exhibitum.
2852 578 2930 632 llli
2972 590 3137 646 certe,
3174 582 3266 650 qui
3298 584 3541 652 pertina-

1964 669 2085 722 cius
2106 668 2441 722 contendunt
2464 668 2761 723 secundum
2790 670 3020 725 litteram
3045 674 3146 728 ista
3172 675 3538 745 intelligenda,

1964 762 2287 816 sententiam
2338 776 2618 829 nunquam
2675 762 3034 819 venabuntnr.
3074 764 3203 820 Tale
3230 768 3539 822 mandatum

1963 862 2068 915 est,
2097 868 2207 922 quo
2234 854 2551 923 praecipitur
2572 854 2709 908 nihil
2743 854 2900 923 plane
2928 872 3024 924 per
3052 856 3345 913 Sabbatum
3380 874 3543 928 agen-

1962 946 2115 1008 dum,
2163 960 2287 999 cum
2318 952 2498 999 tamen
2543 946 2853 1001 sacerdotes
2901 947 3347 1016 permitterentur
3395 951 3539 1020 ligna

1966 1038 2189 1103 ﬁndere,
2238 1052 2434 1093 carnes
2475 1037 2742 1103 dividere,
2796 1039 3052 1093 animalia
3106 1041 3398 1097 occidere:
3446 1046 3563 1112 qui'

1963 1136 2142 1181 tamen
2191 1128 2389 1194 regulae
2440 1128 2612 1184 instar
2665 1138 2720 1182 et
2770 1130 3049 1200 archetypi
3100 1130 3367 1185 debebant
3418 1149 3539 1187 esse

1964 1216 2333 1279 multitudini,
2391 1226 2482 1281 ut,
2527 1218 2671 1285 quod
2703 1217 2819 1287 lege
2851 1219 3297 1287 praecipiebatur,
3324 1221 3538 1275 sincere

1963 1309 2227 1363 colerent:
2256 1308 2329 1362 ita
2356 1324 2479 1362 cum
2507 1310 2794 1363 mandetur
2819 1325 2886 1364 ne
2914 1326 2945 1365 e
2967 1310 3234 1380 lapidibus
3261 1311 3541 1366 sectilibus

1962 1399 2153 1453 altaria
2182 1408 2591 1466 construantur,
2638 1415 2705 1454 eo
2741 1401 2887 1469 quod
2924 1401 3003 1455 sic
3055 1401 3446 1471 polluerentur,
3486 1412 3542 1457 et

1962 1493 2279 1563 pollutionis
2323 1493 2591 1560 ejusmodi
2639 1508 2804 1547 causa
2860 1494 3162 1548 encliiridio
3220 1495 3540 1564 imputetur,

1960 1602 2069 1655 quo
2100 1587 2155 1640 in
2187 1586 2515 1641 exascianda
2547 1587 2775 1640 materia
2806 1588 2881 1641 uti
2909 1587 3122 1641 solent:
3165 1602 3289 1642 cum
3359 1596 3413 1641 et
3444 1604 3541 1641 ct.-

1959 1678 2192 1734 chiridio
2227 1678 2280 1733 id
2304 1679 2448 1749 quod
2472 1679 2711 1733 maximo
2740 1679 2794 1732 in
2827 1679 3031 1733 honore
3051 1678 3254 1735 Judaeis
3291 1689 3345 1733 et
3372 1696 3537 1734 vene-

1961 1772 2172 1825 ratione
2222 1780 2357 1837 erat,
2407 1786 2604 1840 nempe
2651 1771 3018 1837 circumcisio,
3064 1773 3434 1842 perﬁceretur,
3486 1780 3541 1825 tt

1959 1861 2142 1913 omnia
2196 1861 2463 1917 sacriﬁcia
2526 1875 2621 1929 per
2691 1861 2879 1914 eadem
2952 1871 3331 1916 consummata
3380 1863 3543 1916 abso-

1960 1952 2183 2022 lutaque
2229 1953 2490 2007 darentur
2546 1952 2933 2006 instrumenta.
3006 1950 3195 2006 Simile
3251 1962 3332 2007 est
3379 1972 3392 2007 :
3441 1972 3457 2003 ι
3489 1954 3544 2009 ls

1958 2045 2051 2113 qui
2101 2052 2375 2097 mortuum
2440 2040 3087 2112 tetigerit,'immuudus
3140 2046 3280 2111 erit,
3333 2053 3388 2098 et
3438 2060 3541 2114 pu-

1959 2134 2257 2189 t-iﬁcandus
2322 2134 2555 2189 traditur
2616 2136 2933 2202 sacerdoti;
2997 2154 3015 2187 ι
3091 2136 3184 2206 qui
3254 2151 3359 2191 non
3430 2137 3538 2191 alio

1959 2226 2121 2279 modo
2175 2240 2299 2279 eum
2354 2226 2647 2295 purilicare
2700 2227 2896 2296 potuit,
2952 2242 3115 2296 quam
3181 2242 3277 2296 per
3327 2227 3541 2282 sacriﬁ-

1958 2316 2043 2371 cia
2068 2355 2083 2379 ,
2118 2331 2237 2384 qua:
2271 2317 2585 2385 per;ipsutu
2620 2316 2931 2372 morticiuia
2969 2318 3219 2387 inprimis
3269 2319 3437 2383 ﬁunt,
3466 2320 3543 2375 ita

1959 2407 2156 2476 tangit.
2189 2415 2245 2462 et
2276 2422 2373 2476 per
2394 2407 2716 2475 sanguinem
2747 2408 3016 2462 demortui
3054 2418 3107 2462 et
3135 2409 3372 2463 cinerem
3410 2425 3546 2480 pur-

1960 2506 2051 2567 gat
2079 2512 2225 2563 eum,
2261 2496 2355 2567 qui
2386 2500 2700 2567 purgandus
2749 2499 2916 2563 venit,
2954 2514 3061 2552 non
3091 2499 3256 2553 aliam
3305 2500 3377 2554 ob
3410 2516 3546 2555 cau-

1960 2601 2080 2641 cam
2112 2601 2276 2656 quam
2306 2586 2451 2655 quod
2486 2587 2733 2657 tetigerat
2765 2594 3065 2642 mortuum.
3115 2589 3239 2644 Haec
3280 2590 3548 2659 resipiunt

1960 2679 2268 2750 aenigmata,
2305 2680 2350 2733 si
2390 2679 2514 2748 quis
2544 2681 2736 2734 litterm
2770 2679 3144 2746 immanserit;
3176 2693 3341 2751 atque
3368 2682 3548 2737 simile

1959 2780 2045 2827 est
2066 2786 2162 2841 per
2186 2770 2391 2832 omnia,
2422 2771 2564 2840 quod
2597 2770 2953 2825 simulacrum
2984 2772 3343 2841 prohibentur
3371 2770 3548 2827 Israe-

1960 2865 2070 2920 litae
2095 2862 2275 2918 facere
2308 2882 2319 2916 :
2353 2877 2475 2916 cum
2518 2872 2698 2917 tamen
2750 2864 2796 2918 is
2818 2904 2832 2928 ,
2863 2864 2955 2933 qui
2994 2864 3107 2919 haec
3138 2865 3371 2919 sancivit
3407 2865 3548 2936 lege,

1961 2971 2149 3011 arcam
2186 2955 2379 3025 jubeat
2407 2954 2678 3009 fabricare
2731 2955 3034 3010 secundum
3070 2965 3254 3026 typum
3284 2967 3339 3010 et
3364 2955 3550 3011 imita-

1962 3050 2164 3104 tionem
2224 3058 2572 3105 ostensorum
2641 3048 2745 3117 ipsi
2814 3048 2868 3101 in
2926 3057 3153 3103 monte:
3210 3057 3322 3103 tum
3381 3050 3549 3104 etiam

278 3149 755 3219 παραπετάσμασι
806 3149 1213 3219 προσεξυφᾶναί
1266 3167 1324 3202 τε
1364 3152 1456 3203 καὶ
1494 3151 1816 3221 ραφιδεῦσαι
1840 3169 1855 3184 ο

1965 3140 2183 3194 mandet
2213 3139 2478 3210 imagines
2511 3148 2567 3194 et
2593 3138 2979 3208 expressiones
3010 3139 3305 3194 Cherubim
3332 3141 3552 3196 exscul-

281 3242 524 3311 ροῖσκων
562 3256 622 3292 τε
664 3239 987 3311 ὁμοιώματα
1028 3245 1140 3305 τοῖς
1184 3244 1348 3313 ἱεροῖς
1390 3242 1642 3296 σκεύεσιν
1703 3247 1859 3297 ἐντυ-

279 3334 471 3387 πτῦσαι
502 3334 595 3412 καὶἴ
646 3335 814 3404 μυρία
858 3335 1013 3389 ἄλλα.
1061 3336 1269 3388 Ἐκεῖνο
1304 3336 1382 3402 δὲ,
1423 3336 1539 3398 πῶς
1559 3337 1620 3389 οὐ
1646 3337 1861 3407 θαυμά-

282 3425 403 3479 σειέ
417 3443 522 3489 τις,
547 3429 659 3489 τοῖς
680 3426 772 3479 τοῦ
798 3427 1073 3497 θαύματος
1098 3427 1392 3499 προθύροις
1413 3430 1575 3499 μόνον
1598 3431 1862 3501 ἀναστρε-

281 3520 540 3589 φόμενος,
574 3522 811 3586 καὶτοῖς
858 3523 1005 3576 ἔνδον
1038 3526 1444 3595 κεκρυμμένοις
1483 3526 1577 3579 τὸν
1600 3527 1725 3580 νοῦν
1761 3526 1863 3580 οὐκ

282 3613 427 3683 ἔχων
460 3615 883 3683 ἀνατενίζοντα;
924 3619 1005 3671 ὃτι
1041 3618 1132 3672 τὸν
1167 3619 1264 3689 μὲν
1294 3620 1573 3690 ἁρτιγενεῖ
1598 3620 1775 3691 λέπρᾳ
1802 3620 1863 3674 τὸ

285 3704 451 3771 σῶμα
481 3704 816 3776 στιζόμενον,
853 3706 1006 3761 οὔπω
1030 3709 1087 3762 δὲ
1118 3710 1217 3779 τὴν
1250 3710 1378 3780 ὃλην
1404 3711 1724 3780 ἐπιφάνειαν
1754 3710 1843 3763 δια

282 3798 564 3867 φθαρέντα
594 3799 674 3869 τῷ
707 3806 999 3871 νοσήματι,
1030 3801 1338 3874 ἀκάθαρτον
1369 3805 1464 3858 καὶ
1499 3804 1693 3874 μιαρὸν
1725 3805 1864 3857 ἀπο-

284 3890 468 3958 φαίνει
494 3908 508 3921 ’
535 3891 625 3943 τὸν
644 3892 687 3944 δ’
721 3893 844 3946 ὅλον
871 3893 933 3945 τὸ
962 3894 1123 3965 σῶμα
1153 3897 1544 3966 περισχεθέντα
1572 3898 1649 3969 τῷ
1682 3899 1861 3969 κακῷ,

286 3984 383 4036 καὶ
404 3982 786 4055 βδελύγματιεε
813 3986 880 4040 ἂν
909 3987 1200 4057 γενόμενον
1224 4007 1238 4021 ’
1263 3992 1355 4043 καὶ
1382 3993 1431 4044 εί
1452 3991 1509 4043 δὲ
1524 3990 1651 4061 χθὲς
1684 3994 1732 4031 θ’
1765 3992 1863 4061 μὲν

288 4076 581 4147 ὁραθῆναι,
616 4079 783 4145 ἐγγὺς
804 4078 862 4132 δὲ
900 4080 1160 4147 γεγονότα
1185 4082 1281 4135 καὶ
1299 4084 1426 4146 τοὺς
1444 4083 1706 4151 φυσικοὺς
1735 4101 1862 4137 συν-

290 4168 522 4239 δέσμους
560 4170 819 4223 λύεσθαι·
860 4171 1049 4225 τοῦτον
1088 4173 1145 4226 δὲ
1195 4175 1303 4245 ἀρα
1348 4173 1587 4242 καθαρὸν
1635 4175 1865 4245 καὶτῆς

289 4263 613 4334 συναγωγῆς
650 4263 800 4330 ἄξιον
850 4263 1172 4333 κρίνεσθαι;
1233 4268 1295 4320 El
1329 4265 1507 4336 βούλει
1535 4267 1593 4320 δὲ
1645 4269 1867 4321 κάκεῖνο

284 4352 395 4406 τῶν
420 4355 479 4407 ὲν
508 4354 658 4425 νόμῳ
716 4354 976 4425 βιούντων
1020 4357 1164 4425 ἰδεῖν,
1194 4358 1270 4422 ὡς
1330 4360 1431 4413 οὐκ
1460 4361 1588 4429 ἐξῆν
1619 4360 1718 4431 μέν
1742 4377 1863 4415 τινα

288 4445 443 4516 παρά
477 4447 576 4516 τὴν
601 4449 805 4520 σκηνήν
838 4450 1071 4521 ἀλλαχοῦ
1100 4450 1307 4522 τολμᾷν
1343 4451 1618 4517 θυσιάζειν
1642 4470 1657 4484 ο
1683 4455 1716 4523 ή
1756 4454 1861 4525 γὰρ

1964 3247 2122 3302 pere,
2175 3240 2226 3285 et
2268 3230 2542 3294 fortunare,
2593 3238 2649 3285 et
2687 3229 2818 3282 velis
2861 3228 3135 3298 praetextis
3183 3239 3467 3299 contegere
3493 3238 3551 3284 ει

1960 3320 2115 3375 radio
2144 3320 2508 3383 intertcxere;
2545 3319 2637 3372 sed
2671 3327 2724 3372 et
2752 3318 3020 3371 malorum
3055 3329 3407 3388 granatorum
3438 3318 3552 3373 for-

1963 3428 2081 3468 mas
2106 3413 2279 3467 sacris
2309 3412 2641 3466 utensilibus
2670 3411 3000 3480 insculpere,
3028 3420 3082 3465 et
3102 3411 3301 3466 similia
3352 3412 3547 3467 multa.

1963 3504 2093 3559 Illud
2126 3519 2253 3559 vero
2286 3519 2393 3557 non
2426 3512 2509 3558 est
2537 3504 2671 3573 quin
2708 3503 3011 3557 admiretur
3035 3503 3103 3567 is,
3138 3504 3229 3573 qui
3254 3504 3340 3558 vel
3378 3505 3549 3559 mira-

1962 3597 2085 3653 cula
2125 3598 2195 3651 ab
2222 3597 2443 3651 introitu
2506 3596 2783 3660 salutavit,
2822 3612 2923 3651 nec
2952 3597 3194 3651 animum
3236 3596 3453 3651 aﬁixum
3496 3606 3553 3652 et

1963 3692 2231 3746 intentum
2274 3689 2436 3743 habet
2479 3687 2544 3742 ad
2603 3702 2667 3742 ea
2720 3703 2842 3756 quae
2876 3688 3109 3743 interius
3162 3689 3549 3755 occultantur;

1963 3784 2109 3855 quod
2154 3799 2275 3839 eum
2314 3783 2405 3852 qui
2452 3782 2600 3852 lepra
2656 3782 2949 3851 incipiente
2996 3783 3414 3851 compungitur,
3450 3797 3554 3838 nec

1964 3874 2132 3932 totam
2182 3877 2430 3947 corporis
2472 3876 2815 3945 superﬁciem
2851 3879 3042 3929 morbo
3070 3875 3325 3930 infectam
3373 3874 3554 3932 adhuc

1964 3970 2160 4034 habet,
2212 3970 2555 4023 immundum
2626 3972 2972 4038 pronuntiat,
3024 3979 3080 4022 et
3135 3969 3552 4033 declinandum,

1965 4077 2087 4117 cum
2133 4062 2326 4126 illum,
2386 4063 2481 4132 qui
2527 4077 2557 4116 a
2613 4063 2791 4131 capite
2843 4062 2911 4115 ad
2963 4060 3164 4115 calcem
3214 4061 3405 4115 odioso
3448 4061 3552 4115 hoc

1965 4152 2159 4206 morbo
2194 4151 2439 4217 laborat,
2484 4161 2650 4220 atque
2686 4160 2771 4205 est
2803 4150 2870 4205 ad
2903 4150 3222 4205 intuendum
3253 4149 3551 4203 detestabi-

1964 4243 2071 4309 lis,
2118 4243 2323 4312 quique
2370 4257 2537 4313 prope
2578 4250 2662 4297 est
2716 4251 2773 4296 ut
2818 4242 3034 4296 vincula
3084 4250 3295 4295 natura:
3334 4240 3549 4308 solvat,

1966 4335 2131 4401 hunc,
2167 4336 2410 4405 inquam,
2442 4335 2708 4389 mundum
2740 4335 2825 4389 lex
2861 4342 3091 4403 reputet,
3125 4342 3179 4388 et
3211 4334 3433 4403 dignum
3457 4332 3550 4402 ju-

1966 4428 2111 4481 dicet
2142 4442 2433 4498 synagoga.
2482 4426 2538 4481 Si
2586 4426 2767 4481 adhuc
2804 4426 3016 4497 placeat
3052 4426 3252 4481 intueri
3285 4426 3406 4482 illos
3452 4428 3549 4497 qui

284 4540 365 4601 εἱς
397 4534 538 4609 αἷμα
571 4540 695 4611 δίκη
741 4519 1071 4615 ἀπήντα
1123 4519 1471 4614 παραϐάντι·
1501 4546 1560 4599 ού
1592 4519 1716 4617 μὴν-
1743 4519 1860 4600 alios

1968 4520 2071 4575 sub
2101 4520 2215 4589 lege
2263 4520 2551 4585 vivebant,
2605 4519 2808 4590 quibus
2847 4519 3057 4574 licitum
3105 4535 3215 4575 non
3260 4528 3378 4574 erat
3420 4520 3550 4575 alibi

284 4632 393 4699 ἔξω
418 4632 513 4687 τοῦ
537 4634 689 4698 ναοῦ,
720 4637 858 4705 μετά
880 4637 979 4707 τὴν
1000 4636 1192 4690 τούτου
1216 4638 1523 4709 οἰκοδομὴν,
1544 4639 1643 4702 τὰς
1661 4641 1865 4710 ἱερουρ-

279 4728 409 4796 γίας
439 4728 743 4781 ποιεῖσθαιο
771 4729 861 4780 τὸν
896 4728 954 4781 δὲ
995 4729 1299 4800 θαυμάσιον
1330 4730 1613 4800 Σαμουὴλ,
1648 4729 1742 4783 καὶ
1772 4731 1865 4783 θυ-

281 4824 603 4892 σιαστήριον
630 4823 731 4891 τῆς
756 4825 960 4894 σκηνῆς
986 4822 1233 4893 ἑστώσης
1256 4823 1447 4893 πῆξαι,
1477 4823 1739 4893 κάκείνην
1764 4823 1862 4893 μὲν

281 4914 492 4968 λιπεῖν
516 4916 697 4967 ἐκεῖσε
729 4916 784 4968 δὲ
808 4917 905 4979 τὰς
941 4917 1132 4977 θυσίας
1176 4916 1509 4983 ἀνενεγκεῖν.
1562 4916 1675 4968 Οὐκ
1700 4914 1861 4968 αὑτὸν

281 5006 338 5059 δὲ
380 5007 559 5077 μόνον,
587 5008 725 5062 ἀλλά
758 5009 856 5062 καὶ
883 5009 975 5062 τὸν
1009 5008 1152 5079 ἱερὸν
1183 5008 1370 5062 Ἠλίαν
1396 5007 1492 5060 τοῦ
1525 5008 1583 5059 ἐν
1629 5007 1860 5078 Ἰεροσο-

281 5097 346 5149 λύ
356 5116 477 5167 μοις
516 5099 646 5152 ναοῦ
671 5099 941 5171 λαμπρῶς
976 5101 1288 5172 ἑστηκότος,
1321 5101 1416 5154 ἐπὶ
1438 5099 1533 5153 τοῦ
1559 5098 1859 5170 Καρμήλου

285 5189 506 5258 βωμούς
528 5207 588 5243 τε
610 5193 820 5262 ἐγεῖραι
846 5195 941 5247 καὶ
965 5195 1351 5265 προσενεγκεῖν
1375 5192 1583 5255 θυσίας,
1613 5191 1722 5243 Καὶ⁹
1738 5189 1861 5242 τού-

280 5299 393 5335 των
421 5283 631 5351 ούδένα,
667 5289 764 5356 οὐχ
789 5287 872 5339 ὅτι
901 5285 975 5357 μὴ
1024 5286 1378 5355 ὲγκληθῆναι,
1411 5282 1547 5337 ἀλλά
1591 5283 1687 5337 καὶ
1726 5282 1864 5352 πρὸς

278 5373 442 5440 Θεοῦ,
467 5375 563 5429 τοῦ
588 5376 676 5430 διὰ
706 5378 949 5443 Μωσέως
985 5378 1152 5449 μηδὲν
1184 5376 1391 5432 τούτων
1436 5376 1743 5447 τολμᾶσθαι
1766 5392 1857 5427 νο-

1968 4628 2132 4681 quant
2181 4612 2323 4681 apud
2372 4613 2782 4667 tabernaculum
2835 4612 3187 4667 sacriﬁcare:
3224 4623 3367 4666 certe
3416 4626 3548 4666 san—

1967 4705 2131 4774 guine
2158 4704 2213 4758 in
2246 4719 2371 4757 eum
2402 4702 2805 4768 vindicabatur,
2836 4703 2930 4772 qui
2970 4711 3344 4770 transgressus
3370 4698 3550 4755 fuerat

1967 4796 2183 4865 legem;
2228 4794 2323 4849 sed
2370 4809 2470 4848 nec
2516 4802 2665 4847 extra
2715 4793 2975 4863 templum
3016 4792 3203 4858 licuit,
3258 4801 3551 4861 postquam
3608 4788 3611 4803 ζ

1967 4900 2228 4977 templum
2260 4899 2703 4963 construebatur,
2738 4897 3007 4953 sacriﬁcia
3040 4910 3328 4966 peragere.
3358 4895 3551 4950 Admi-
3610 4946 3613 4947 ν

1969 5005 2157 5060 rabilis
2183 5014 2364 5059 tamen
2390 5002 2473 5057 vir
2496 5001 2738 5067 Samuel,
2770 5017 2894 5056 cum
2922 5009 3090 5055 staret
3110 4998 3550 5065 tabernaculum,

1969 5099 2141 5152 altare
2169 5097 2294 5151 alibi
2330 5096 2468 5161 ﬁxit,
2500 5104 2555 5149 et
2598 5096 2743 5166 quod
2775 5095 2829 5148 in
2860 5093 3217 5149 tabernaculo
3258 5092 3380 5157 fuit,
3414 5091 3547 5147 reli-

1970 5192 2110 5262 quit,
2143 5199 2197 5246 et
2229 5190 2281 5244 in
2321 5203 2351 5244 a
2381 5204 2440 5243 se
2487 5196 2801 5243 constructo
2852 5186 3122 5242 sacriﬁcia
3169 5185 3369 5241 obtulit
3404 5202 3421 5241 :
3451 5185 3551 5241 sed

1970 5296 2023 5338 et
2042 5291 2267 5339 sanctus
2286 5296 2551 5352 sacerque
2574 5282 2655 5335 vir
2686 5264 2867 5335 Helias
2887 5279 3091 5348 templo
3107 5277 3551 5349 splendidissime

1970 5382 2310 5439 constructo,
2348 5375 2401 5427 in
2439 5381 2624 5428 monte
2667 5370 2917 5427 Carmelo
2947 5370 3140 5425 altaria
3175 5369 3349 5424 erexit
3380 5376 3435 5424 et
3459 5381 3548 5425 sa-

1567 5578 1804 5636 νΑιιιΑε
1847 5576 2142 5636 LECTION
2154 5578 2256 5631 ES.

352 5754 376 5781 ι
408 5742 472 5798 C.
504 5743 574 5797 Μ.
597 5742 702 5799 555
731 5743 769 5799 f.
805 5743 940 5799 205a
1004 5753 1148 5798 recte
1182 5742 1346 5799 habet
1376 5742 1755 5811 καταλήψεως.

1838 5752 1863 5779 ι
1895 5739 1955 5793 C.
2000 5738 2071 5792 Μ.
2116 5737 2211 5790 καὶ
2276 5735 2592 5801 ξυλοκοπεῖν
2645 5746 2742 5784 και
2780 5729 3108 5801 κρεανομεῖν
3159 5726 3253 5801 καὶ
3290 5725 3521 5801 gigath

282 5793 472 5875 ζεινοῄ
503 5793 768 5869 ί)-
789 5793 968 5871 ῐῖἶθό
998 5793 1355 5884 {ﬂagitio},
1379 5793 1446 5853 Πῖ
1469 5793 2057 5883 ἵδέᾘδελύγματιαῖον.
2083 5809 2150 5863 (ἶ.
2182 5806 2251 5863 Μ.
2284 5793 2377 5861 καὶ
2404 5802 2763 5874 βδελύγματι.
2823 5793 2878 5839 ὀ·
2900 5793 3161 5869 εἰδεχθὲς.
3190 5795 3255 5851 C.
3290 5794 3361 5850 Μ.
3385 5798 3435 5849 εἱ
3463 5793 3545 5851 δι.
