4072 6422
608 369 717 433 667

1781 356 2048 421 ΡΗΟΤῙΙ
2084 357 2219 417 PAT

2324 354 2590 417 ΑΒΟΗᾹΞ
2621 358 2729 418 CP.
3800 362 3885 423 668

610 476 898 533 criﬁcavit.
928 474 1135 530 Horum
1171 471 1378 528 nemini
1403 471 1535 527 vitio
1570 470 1689 525 haec
1716 471 2095 532 vertebantur,
2121 465 2215 521 sed

2324 461 2781 536 μοθετοῦντος,εὗ
2810 465 2955 539 μάλα
2993 486 3053 523 τε
3082 471 3518 543 προσδεχθῆναι,
3551 468 3651 524 καὶ
3682 470 3888 544 οὐρανίῳ

610 596 638 634 ῃ
675 571 805 637 Deo,
842 570 934 639 qui
968 586 1062 638 per
1092 568 1280 622 Mosen
1317 566 1392 620 nil
1443 564 1550 618 tale
1581 562 1891 617 audendum
1917 559 2210 622 sancicrat,

620 664 823 735 accepti
878 662 1136 726 fuerant,
1183 674 1422 729 cumque
1476 656 1782 712 oblationes
1836 654 1947 721 igni
2005 651 2215 708 caelesti

619 755 1059 816 absumerentur,
1081 748 1254 802 multo
1291 755 1451 802 erant
1482 745 1812 800 illustriores
1846 751 1901 796 et
1925 741 2217 813 gloriosio-

618 862 703 900 res
737 860 903 915 quam
937 843 1014 897 illi
1052 843 1108 895 in
1142 840 1259 895 suis
1289 839 1577 895 sacriﬁciis
1600 879 1615 903 ,
1645 837 1741 908 qui
1780 835 1915 905 legis
1967 834 2218 905 praescriA

617 948 767 1008 ptum
791 935 1169 992 sacriﬁcantes
1194 930 1817 1003 scquebantur.Samuel
1845 928 2096 992 ulterius,
2121 926 2215 996 qui

618 1032 967 1101 pontiﬁcatus
1012 1027 1234 1084 sublimi
1278 1026 1437 1081 titulo
1484 1032 1539 1080 et
1570 1024 1868 1095 prephetia:
1928 1020 2216 1075 attolleba-

617 1132 728 1186 tur,
765 1122 999 1177 sacratis
1032 1119 1292 1174 manibus
1324 1119 1476 1188 Agag
1518 1116 1831 1181 interemit;
1862 1123 1916 1168 et
1947 1113 2038 1167 illo
2070 1113 2217 1182 prior

616 1212 851 1267 Phinees
890 1225 988 1281 per
1015 1209 1222 1265 caedem
1254 1210 1534 1279 duplicem
1572 1207 1840 1277 indigenae
1872 1215 1927 1260 ct
1959 1204 2217 1273 alienige-

620 1321 704 1359 nm
759 1304 1127 1360 sacerdotium
1184 1313 1448 1357 aeternum
1492 1301 1739 1356 muneris
1791 1301 1910 1355 loco
1966 1300 2212 1367 accepit:

623 1395 719 1450 sed
762 1404 815 1449 et
847 1395 1087 1448 anterius
1123 1392 1347 1455 adhuc,
1403 1390 1689 1461 splendida
1742 1388 2117 1443 benedictione
2164 1396 2219 1441 et

621 1484 831 1538 honore
866 1482 1059 1552 majori
1105 1482 1254 1552 digni
1291 1480 1461 1535 habiti
1512 1486 1661 1543 sunt,
1705 1478 1797 1546 qui
1830 1486 2063 1549 cognato
2090 1491 2219 1531 san-

622 1578 786 1648 guine
824 1570 1023 1630 inanus
1070 1576 1470 1645 impleverant;
1510 1587 1635 1627 cum
1677 1586 1847 1626 causa
1878 1581 2025 1625 esset
2061 1585 2216 1624 com-

622 1671 809 1725 munis
830 1684 1019 1723 eorum
1053 1668 1148 1737 qui
1180 1666 1555 1737 patiebantur,
1594 1672 1648 1718 et
1675 1665 1769 1735 qui
1799 1664 2095 1717 vindictam
2129 1662 2216 1716 in-

621 1762 871 1816 ferebant
898 1779 910 1815 :
963 1760 1016 1813 hi
1046 1760 1265 1829 quidem
1298 1758 1502 1813 talibus
1534 1756 2078 1811 remunerationibus
2120 1770 2217 1824 pro

2319 560 2452 628 πυρὶ
2485 558 2585 630 τὴν
2611 559 2721 612 τῶν
2755 560 3015 629 θυμάτων
3047 562 3413 618 ὁλοκαύτωσιν
3434 565 3889 635 περιφανεστέριν

2315 668 2375 704 τε
2429 652 2525 705 καὶ
2578 652 3041 726 παραδοξοτέραν,
3071 657 3104 727 ἢ
3169 658 3467 728 συμπάσας
3502 657 3613 720 τὰς
3640 656 3816 721 ἄλλας,
3849 659 3890 713 αἳ

2316 743 2408 796 τὸν
2454 743 2620 814 νόμον
2655 744 2801 816 εἶχον
2833 746 2933 817 τῆς
2980 747 3205 819 τελετῆς
3248 750 3427 803 αύτῶν
3470 749 3889 819 καθηγούμενον,

2316 836 2723 906 ἀποφανθῆναι.
2750 834 2881 892 Εἶτα
2910 840 3000 892 τὸν
3022 842 3281 913 Σαμουὴλ
3301 843 3466 898 πάλιν
3500 843 3893 914 ἀρχιερωσύνης

2318 927 2443 996 ὕψει
2469 929 2563 982 καὶ
2586 931 2925 1001 προφητείας
2963 933 3273 1003 ἀνηγμένον
3296 976 3310 997 ,
3374 934 3580 1006 χερσὶν
3626 936 3795 1004 ἱεραῖς
3826 940 3894 989 τον

2322 1022 2501 1088 Ἀγαγ
2526 1022 2897 1090 ἀποσφάττειν
2922 1041 2936 1054 υ
2970 1025 3065 1077 καὶ
3109 1026 3219 1096 πρό
3261 1043 3325 1093 γε
3367 1025 3545 1081 αὑτοῦ
3598 1028 3695 1079 τδν
3741 1029 3895 1092 Φινεὲς

2318 1113 2513 1183 διπλῆς
2546 1114 2786 1183 σφαγῆς,
2829 1116 3099 1184 ἐμφυλίου
3132 1134 3192 1170 τε
3226 1120 3321 1171 καὶ
3343 1118 3691 1187 ἀλλοφύλου,
3726 1120 3816 1189 τὴν
3838 1123 3896 1173 le-

2320 1206 2572 1277 ρωσύνην
2604 1206 2779 1277 δῶρον
2807 1208 3028 1261 αἰώνιον
3076 1210 3398 1279 ἀποφέρειν.
3438 1213 3519 1265 Ού
3555 1212 3670 1281 μὴν
3697 1212 3823 1265 ἀλλά
3850 1231 3895 1279 γε

2319 1300 2415 1352 καὶ
2440 1298 2678 1368 πρόσθεν
2707 1299 2787 1351 ἔτι
2821 1298 3084 1371 λαμπρᾶς
3116 1300 3371 1369 εὐλογίας
3405 1303 3505 1354 καὶ
3537 1302 3715 1371 τιμῆς
3746 1304 3896 1372 μείζο-

2320 1409 2411 1455 νος
2473 1391 2744 1461 ἠξιῶσθαι
2802 1391 2951 1455 τοὺς,
2985 1392 3101 1445 ὅσοι
3158 1394 3503 1460 συγγενικῶν
3549 1394 3804 1463 αἱμάτων
3824 1398 3898 1458 τίς

2318 1485 2508 1555 χεῖρας
2531 1484 2885 1554 ἐπλήρωσαν,
2919 1484 3099 1537 καίτοι
3153 1488 3340 1555 κοινῆς
3374 1484 3556 1555 οὔσης
3602 1487 3711 1555 τῆς
3751 1488 3896 1549 cisia;

2317 1576 2428 1629 τῶν
2476 1593 2537 1629 τε
2579 1576 2737 1646 δίκην
2788 1578 3307 1646 εἰσπραττομένων,
3335 1578 3428 1630 καὶ
3478 1579 3601 1631 τῶν
3633 1580 3896 1632 ἀπαιτούν-

2318 1686 2429 1722 των
2450 1683 2463 1697 ·
2498 1668 2723 1731 τούτους
2751 1668 2850 1737 μὲν
2874 1666 3140 1732 τοιούτοις
3187 1669 3371 1733 ἄθλοις
3396 1671 3496 1723 ἐπὶ
3524 1673 3598 1741 τῇ
3633 1672 3744 1723 τῶν
3759 1672 3895 1739 αἱμά-

2319 1778 2428 1813 των
2454 1759 2610 1829 χύσει
2646 1760 2960 1832 τιμηθῆναι.
2988 1761 3093 1815 Τὸν
3117 1762 3173 1815 δέ
3200 1780 3264 1831 γε
3297 1763 3531 1833 βασιλέα
3567 1764 3740 1817 Δαόὶό
3765 1757 3899 1831 ἀνάγ-

621 1854 889 1925 sanguine
925 1853 1050 1908 fuso
1080 1852 1424 1907 colebantur.
1463 1849 1724 1905 Davidem
1758 1863 1941 1918 regem
1975 1847 2217 1903 necessi-

2326 1827 2676 1923 κηνηέχοντα
2705 1827 2994 1924 ’πολέμοις
3067 1827 3668 1927 τοὺςνάνθεστηκότας
3715 1827 3895 1920 ἐπεξιέ-

622 1953 707 1999 tas
752 1942 1055 2013 adurgebat
1094 1941 1236 1996 bello
1282 1939 1533 2009 persequi
1566 1939 1793 2005 hostes;
1827 1937 2051 2003 idcirco,
2090 1951 2213 1989 cum

623 2037 677 2091 id
721 2037 1074 2091 vehementer
1123 2041 1372 2103 cuperet,
1419 2018 1707 2102 .templum
1767 2030 2219 2101 Hierosolymita-

622 2145 754 2183 num
789 2137 1110 2182 construere
1134 2126 1437 2180 vetabatur.
1474 2123 1605 2179 Saul
1635 2133 1689 2179 et
1714 2122 1927 2189 Achab,
1951 2122 2094 2193 quod
2117 2122 2221 2176 mi-

624 2220 998 2275 sericordibus
1050 2218 1228 2273 oculis
1284 2217 1639 2271 intuebantur
1711 2215 1956 2285 captivos
2001 2214 2215 2277 hostes,

624 2314 924 2368 amissione
972 2312 1125 2381 regni
1175 2310 1574 2373 multabantur,
1623 2317 1679 2363 et
1707 2308 1888 2379 gladio
1923 2308 2100 2377 perire
2126 2306 2221 2361 de-

624 2405 991 2460 cernebantur
1016 2422 1029 2457 :
1054 2418 1178 2457 cum
1213 2402 1405 2469 David,
1433 2403 1527 2473 qui
1555 2402 1708 2471 justo
1731 2399 1940 2470 judicio
1970 2398 2222 2453 similiter

622 2497 1001 2567 delinquentes
1047 2505 1342 2551 mactasset
1368 2536 1383 2558 ,
1437 2495 1695 2565 indignus
1733 2498 2085 2551 censeretur.
2127 2491 2220 2560 qui

622 2597 931 2643 exstrueret
980 2590 1269 2659 templum.
1326 2589 1383 2642 Si
1435 2588 1674 2643 volueris
1706 2596 1911 2653 autem,
1945 2587 2148 2655 poteris
2193 2600 2223 2639 e

624 2688 818 2735 contra
842 2679 1288 2750 videre'dignum
1312 2679 1624 2749 judicatum
1659 2679 1754 2748 qui
1785 2679 1958 2733 altare
1987 2680 2224 2749 erigeret

626 2772 684 2825 in
761 2785 891 2824 area
962 2771 1107 2825 Orna
1150 2769 1371 2826 Jebusei
1423 2786 1435 2822 :
1497 2769 1591 2823 ubi
1646 2768 1976 2824 sacriﬁcium
2028 2767 2224 2822 obtulit

625 2864 977 2933 praeclarum,
1008 2863 1135 2934 igne
1176 2862 1245 2918 de
1274 2862 1419 2917 caelo
1447 2861 1579 2915 illud
1638 2862 1999 2928 ahsumente;
2042 2861 2115 2915 ita
2165 2868 2226 2915 ut

627 2955 766 3009 iram
798 2955 1220 3021 irresistibilem,
1275 2969 1305 3009 c
1340 2957 1490 3023 justo
1534 2951 1631 3009 Dei
1676 2952 1866 3008 furore
1900 2967 2221 3018 accensam,

627 3062 753 3117 quae
781 3056 957 3101 totum
990 3046 1242 3104 lsraelem
1278 3046 1629 3118 depascebat,
1665 3046 2041 3115 exstingueret
2072 3062 2085 3099 :
2128 3043 2223 3114 qui

2322 1964 2431 2011 ναι,
2463 1946 2552 1999 διὰ
2585 1946 2744 1999 τοῦτο
2773 1946 2865 1999 τὸν
2896 1946 2955 1999 ὲν
2998 1947 3397 2018 Ἱεροσολύμοις
3456 1948 3576 2001 νεὼ
3628 1949 3897 2017 ἀναστῆσαι

2322 2038 2796 2109 προθυμούμενον,
2820 2039 3185 2095 κεκωλύσθαι,
3218 2040 3329 2094 Καὶ
3359 2040 3454 2094 τὸν
3492 2041 3603 2112 μὲν
3630 2040 3798 2094 Σαοὺλ
3824 2041 3899 2093 καὶ

2320 2133 2412 2184 τὸν
2454 2131 2683 2201 Ἀχαά6,
2706 2132 2787 2184 ὃτι
2819 2131 3227 2203 φιλανθρώποις
3252 2133 3499 2203 ὄμμασιν
3536 2134 3655 2186 [δον
3678 2132 3798 2193 τοὺς
3824 2132 3898 2185 ἑα-

2322 2222 2550 2286 λοκότας
2580 2222 2688 2275 τῶν
2721 2221 3023 2293 πολεμίων,
3056 2223 3331 2277 ὲκπτώσει
3382 2242 3445 2277 τε
3493 2225 3605 2293 τῆς
3648 2223 3898 2294 βασιλείας

2324 2316 2702 2387 ζημιωθῆναι,
2738 2316 2950 2370 καὶτὸν
2976 2316 3064 2370 διὰ
3095 2317 3370 2389 μαχαίρας
3406 2318 3652 2372 θάνατον
3698 2319 3899 2387 ἀπαιτη-

2324 2410 2482 2477 θῆναι
2502 2425 2515 2437 ·
2554 2410 2643 2462 τὸν
2667 2410 2723 2462 δὲ
2752 2410 2936 2477 Δαϐὶδ,
2965 2410 3050 2463 ὅτι
3091 2411 3409 2483 δικαιοτέρα
3438 2412 3633 2481 κρίσει
3672 2411 3793 2473 τοὺς
3824 2428 3898 2462 παι

2327 2500 2669 2572 ραπλησίους
2698 2502 2910 2572 ὑπῆγεν
2938 2501 2987 2568 ἀ,
3022 2503 3243 2566 ἀνάξιον
3264 2504 3527 2575 κριθῆναι
3551 2505 3656 2575 τῆς
3678 2504 3768 2556 τοῦ
3790 2501 3897 2555 ναοῦ

2330 2593 2701 2665 ἀνεγέρσεως.
2727 2594 2791 2649 Εἰ
2819 2594 3000 2665 βούλει
3028 2594 3085 2649 δὲ
3115 2596 3209 2649 καὶ
3239 2596 3388 2661 ἄξιον
3431 2598 3603 2650 αὐτὸν
3636 2597 3738 2666 μὲν
3764 2594 3898 2649 πάλιν

2323 2685 2514 2739 τοῦτον
2539 2686 2937 2757 ἐπιδειχθῆναι,
2974 2685 3361 2759 θυσιαστήριον
3398 2689 3456 2740 ἐν
3490 2691 3564 2760 τῇ
3612 2686 3709 2740 τοῦ
3760 2686 3898 2756 ’ορνᾶ

2326 2778 2442 2849 ἅλῳ
2481 2778 2785 2847 ἀναστῆσαι
2808 2778 2906 2830 καὶ
2957 2777 3118 2832 θύσαι
3153 2778 3456 2846 παράδοξον
3500 2779 3723 2841 θυσίαν,
3756 2778 3894 2844 ούρα-

2327 2869 2441 2922 νίου
2466 2871 2637 2941 πυρὸς
2655 2868 2755 2940 τὴν
2770 2869 3139 2924 ὁλοκαύτωσιν
3161 2871 3711 2943 συγκαλλιεροῦντος,
3725 2870 3811 2922 καὶ
3824 2868 3897 2920 θυ-

2330 2960 2429 3030 μὸν
2454 2960 2684 3030 ἄσχετον
2712 2962 2778 3013 ὲκ
2807 2959 2959 3024 θείας
2986 2962 3159 3033 ὀργῆς
3186 2963 3283 3015 καὶ
3302 2961 3544 3027 δικαίας,
3579 2963 3797 3015 ἅπαντα
3822 2958 3897 3010 τὸν

2341 3051 2559 3122 Ἰσραὴλ
2608 3050 3043 3120 ἐπινεμόμενον,
3082 3050 3516 3120 ὲξιλεωσάμενον
3562 3051 3795 3120 στῆσαι·
3822 3046 3895 3097 τὸν

626 3139 744 3207 ipse
777 3147 958 3193 tamen
996 3138 1354 3193 inexorabilis
1388 3154 1513 3192 cum
1551 3146 1698 3192 esset
1738 3137 1789 3190 in
1825 3137 2062 3193 hostium
2093 3151 2219 3192 san-

2328 3143 2492 3197 αὑτὸν
2523 3143 2581 3196 δὲ
2629 3141 2822 3195 τοῦτον
2869 3144 3023 3197 οὐδὲν
3085 3143 3250 3197 πλέον
3316 3144 3396 3206 είς
3447 3136 3594 3212 αἷμα
3652 3138 3895 3209 πολεμίων

626 3226 791 3293 guine
818 3225 1116 3292 fundendo,
1150 3227 1544 3291 prohibebatur
1576 3223 1667 3280 Dei
1711 3224 1971 3295 templum
2011 3223 2219 3279 exaedi-

624 3318 808 3370 licare.

692 3406 820 3461 Haec
852 3416 933 3461 tot
957 3414 1013 3460 et
1044 3405 1194 3472 talia,
1230 3406 1320 3460 ubi
1377 3406 1577 3477 legitur
1618 3406 1795 3461 littera
1845 3414 2035 3461 contra
2070 3405 2218 3460 litte-

627 3516 767 3566 ram,
801 3500 1081 3569 quomodo
1115 3501 1243 3568 quis
1266 3500 1335 3554 ab
1367 3500 1517 3554 omni
1558 3499 1949 3555 contrarietate
1984 3514 2220 3554 excusa-

626 3590 731 3656 bit,
760 3600 815 3643 et
847 3590 1068 3656 seriem,
1106 3605 1228 3659 qua:
1262 3606 1363 3659 par
1394 3600 1478 3645 est
1522 3590 1576 3644 in
1606 3591 1715 3646 illis
1752 3590 2057 3656 observari,
2086 3606 2220 3645 con-

627 3694 819 3751 gruam
864 3679 1282 3744 demonstrabit,
1312 3690 1370 3734 et
1413 3695 1522 3735 non
1554 3681 1734 3750 potius
1772 3683 1955 3735 omnia
1981 3683 2219 3736 tumultu

628 3784 684 3830 et
706 3773 1071 3844 suspensione
1100 3774 1270 3827 animi
1305 3774 1565 3844 impleat?
1592 3773 1887 3840 Praeterea,
1917 3791 2040 3845 qua:
2079 3776 2220 3830 ratio

628 3867 784 3922 reddi
840 3874 1045 3937 potest,
1106 3867 1277 3921 Deum
1334 3867 1552 3938 nuptias
1610 3869 1956 3937 permittere,
2009 3877 2063 3922 et
2118 3883 2219 3923 sua

628 3960 843 4031 dignari
868 3958 1278 4026 benedictione;
1314 3970 1370 4015 et
1400 3969 1581 4015 tamen
1624 3960 1717 4030 qui
1761 3962 1953 4032 copula
1988 3961 2219 4031 nuptiali

626 4053 979 4123 jungebatur,
1007 4052 1309 4107 secundum
1354 4051 1451 4108 Dei
1478 4062 1533 4108 et
1566 4065 1778 4109 naturae
1831 4055 2008 4125 ipsius
2046 4055 2217 4125 leges,

628 4154 690 4199 ut
725 4142 1073 4199 immundum
1103 4159 1131 4198 a
1169 4144 1555 4215 mysteriorum
1587 4145 2008 4215 participatione
2034 4147 2220 4201 exclu-

628 4242 803 4303 deret,
826 4254 925 4293 nec
950 4238 1016 4292 ad
1043 4252 1197 4293 sacra
1228 4237 1540 4293 admitteret
1568 4239 1675 4293 nisi
1710 4239 1863 4309 prius
1889 4240 2217 4310 purgatum?

627 4331 707 4387 lta
742 4346 962 4402 quoque
1008 4346 1105 4385 vas
1141 4339 1472 4397 testaceum,
1521 4330 1577 4385 in
1616 4347 1725 4403 quo
1776 4333 2038 4402 pollutum
2084 4333 2217 4403 quid

628 4424 1036 4489 continebatur,
1091 4422 1361 4492 confringi
1402 4423 1648 4493 jubebat,
1704 4440 1769 4478 ac
1799 4426 1843 4478 si
1895 4440 2003 4479 non
2034 4434 2220 4495 posset

628 4516 837 4585 alioqui
898 4515 1165 4583 pollutum
1233 4515 1442 4583 expiari
1479 4532 1492 4568 :
1535 4516 1616 4569 sin
1677 4530 1888 4570 aeneum
1944 4533 2076 4581 vas,
2135 4518 2220 4571 vel

2330 3232 2689 3302 ἀδυσώπητον
2713 3233 2974 3302 γεγονότα
2999 3232 3342 3300 ὲξείργεσθαι
3359 3230 3453 3284 τοῦ
3487 3230 3618 3284 ναὸν
3634 3228 3749 3299 Θεῴ
3769 3228 3893 3281 ἀνοι-

2329 3326 2632 3397 κοδομῆσαι
2643 3364 2657 3379 .

2325 3434 2354 3487 ι,
2399 3418 2525 3484 Πῶς
2549 3419 2658 3489 γὰρ
2681 3417 2858 3474 ταῦτα
2889 3419 2983 3473 καὶ
3014 3418 3081 3472 τά
3108 3418 3332 3473 τοιαῦτα
3360 3418 3393 3488 ἡ
3437 3414 3537 3469 τοῦ
3594 3414 3891 3488 γράμματος

2328 3513 2471 3568 κατά
2502 3514 2563 3566 τὸ
2586 3513 2821 3585 γράμμα
2850 3514 3179 3581 ἀνάγνωσις,
3224 3512 3405 3574 αἰτίας
3433 3528 3493 3562 τε
3540 3510 3635 3564 καὶ
3662 3501 3887 3561 ὲναντιώ-

2332 3624 2473 3670 σεως
2501 3606 2825 3674 ἀπαλλάξει,
2864 3607 2958 3661 καὶ
2989 3607 3083 3659 τὸν
3115 3605 3398 3677 πρέποντα
3424 3606 3623 3675 εἱρμὸν
3653 3604 3709 3654 ὲν
3739 3596 3889 3656 αὐτοῖς

2329 3699 2707 3771 θεωρούμενον
2743 3699 3021 3766 ἐπιδείξει,
3053 3698 3190 3752 ἀλλά
3221 3698 3296 3768 μὴ
3331 3697 3426 3751 καὶ
3467 3695 3677 3766 πολλῆς
3709 3688 3889 3763 ἐμπλίγ

2329 3810 2413 3847 σει
2439 3794 2689 3864 ταραχῆς
2727 3810 2787 3846 τε
2825 3793 2920 3846 καὶ
2959 3791 3314 3863 ἀμηχανίας;
3364 3790 3489 3844 Ἐπὶ
3537 3789 3768 3849 τούτοις,
3795 3779 3886 3839 πῶς

2328 3884 2395 3940 ἂν
2451 3884 2564 3957 ἔχοι
2615 3885 2793 3954 λόγον,
2845 3885 2937 3938 τὸν
2980 3885 3078 3955 μὲν
3107 3884 3285 3955 γάμον
3313 3883 3449 3937 Θεὸν
3482 3881 3791 3956 ἐπιτρέψαι,
3818 3874 3888 3927 εύ-

2326 3976 2517 4048 λογίας
2554 3995 2614 4030 τε
2642 3977 2745 4048 τῆς
2788 3977 2921 4048 παρ’
2956 3977 3122 4030 αὐτοῦ
3177 3975 3445 4042 ἀξιῶσαν
3497 3975 3801 4045 ἀκάθαρτον
3842 3965 3886 4018 δὲ

2330 4070 2423 4125 τὸν
2453 4070 2794 4141 ὡμιληκότα,
2831 4069 2975 4123 κατὰ
3006 4070 3133 4132 τοὺς
3164 4068 3342 4131 θείους
3393 4068 3659 4138 θεσμοὺς,
3688 4064 3789 4124 τοῖς
3810 4056 3887 4124 τῆς

2330 4160 2549 4229 φύσεως
2580 4158 2905 4231 μυστηρίοις
2938 4158 3279 4212 ἀποκαλέσαι
3314 4169 3359 4223 ε,
3386 4159 3479 4211 καὶ
3506 4160 3623 4222 τοῖς
3664 4156 3809 4225 ἱεροῖς
3827 4144 3884 4216 μὴ

2332 4257 2639 4325 προσιέναι,
2676 4253 2727 4305 εί
2756 4252 2830 4323 μὴ
2860 4251 3187 4323 καθαρθείη,
3219 4250 3633 4317 ἀποθεσπίσαι;
3672 4246 3821 4303 Πάλιν
3841 4238 3884 4289 δὲ

2327 4346 2390 4398 τὸ
2448 4346 2546 4416 μὲν
2608 4345 2931 4415 ὀστράκινον
2994 4346 3185 4413 ἄγγος,
3228 4344 3367 4397 ἐπὰν
3424 4342 3739 4413 ἀκαθάρτου
3769 4331 3883 4392 τινὸς

2326 4436 2538 4511 ψαύσῃ,
2572 4436 2977 4508 συντρίϐεσθαι,
3028 4438 3102 4500 ὡς
3141 4436 3337 4507 μηκέτι
3393 4436 3621 4490 δυνατὸν
3658 4425 3883 4491 εἷναιτῆς

2330 4530 2678 4600 ἀκαθαρσίας
2727 4529 2788 4582 τὸ
2840 4530 3255 4600 μεμολυσμένον
3291 4528 3627 4584 ἀπολύεσθαι
3674 4527 3732 4564 τ’
3763 4521 3817 4575 ἂν
3840 4515 3881 4567 δὲ

628 4608 869 4677 ligneum
900 4614 1066 4670 esset,
1099 4605 1360 4660 facillime
1392 4606 1627 4660 lavando
1675 4608 2057 4662 mundaretur.
2116 4608 2219 4663 Eli-

2330 4620 2567 4692 Χαλκοῦν
2612 4621 2880 4692 ἣξύλινον
2931 4617 2987 4693 ἦν
3037 4622 3235 4693 ῥᾳδίως
3289 4622 3388 4692 τῆς
3440 4618 3776 4689 ἀκαθαρσίας
3815 4604 3883 4661 διὰ

632 4699 729 4753 san
764 4712 893 4753 ossa
925 4698 1208 4753 communi
1239 4698 1305 4751 de
1334 4698 1664 4753 morticiniis
1704 4699 1806 4768 legi
1842 4699 2221 4769 subjacebant,

629 4797 681 4844 et
712 4788 1076 4859 pollutionem
1119 4789 1550 4859 impertiebant;
1584 4799 1766 4845 tamen
1798 4791 1997 4845 mortui
2028 4792 2220 4848 iisdem

631 4882 1082 4952 approximantes
1129 4882 1199 4937 ab
1230 4882 1338 4937 illis
1381 4897 1548 4953 puros
1595 4881 1715 4937 vitae
1754 4883 1936 4939 radios
1990 4885 2223 4955 recipie-

630 4973 782 5039 bant,
825 4984 879 5028 et
908 4974 976 5027 ad
1009 4974 1132 5027 vitae
1166 4974 1339 5029 lucem
1371 4990 1400 5027 a
1444 4976 1753 5031 tenebrosis
1781 4976 1973 5032 mortis
2010 4975 2223 5036 foribus

630 5068 1058 5123 reducebantur.
1081 5067 1312 5123 Dicesne
1335 5068 1518 5139 igitur,
1536 5068 1729 5138 polluti
1761 5069 1857 5132 illi,
1875 5070 1968 5140 qui
1986 5072 2220 5140 proximi

629 5163 739 5217 illis
772 5163 993 5218 ossibus
1020 5161 1171 5224 facti,
1203 5178 1233 5215 a
1267 5164 1463 5218 mortis
1498 5163 1865 5233 ,immunditie
1907 5166 2225 5236 purgaban-

634 5255 760 5309 tur?
788 5272 968 5311 annon
1002 5257 1186 5325 potius
1222 5257 1556 5312 sacriﬁcium
1610 5258 1963 5328 gratitudinis
2020 5275 2119 5330 pro
2135 5276 2225 5316 rc-

632 5348 1207 5404 staurationeillorum
1240 5350 1459 5417 olIeres,
1497 5364 1658 5422 quam
1699 5352 2063 5423 expiatorium
2097 5370 2228 5409 con-

633 5448 811 5494 tactus
834 5455 929 5511 per
960 5455 1123 5511 quem
1153 5443 1474 5497 surrexere?
1509 5442 1797 5510 Quomodo
1845 5460 1953 5500 non
1996 5446 2101 5499 erit
2125 5447 2227 5500 hoc

2328 4713 2423 4765 τοῦ
2477 4712 2669 4777 ὓδατος
2727 4713 3191 4769 ἀπαλλάττεσθαι.
3247 4714 3359 4769 Καὶ
3398 4714 3467 4767 τὰ
3501 4713 3599 4784 μὲν
3645 4702 3879 4766 Ἐλισαίου

2328 4806 2466 4859 ὀστᾶ
2512 4804 2589 4875 τῷ
2638 4806 2805 4876 κοινῴ
2850 4807 2959 4858 τῶν
3004 4805 3216 4877 νεκρῶν
3265 4807 3415 4877 νόμῳ
3462 4808 3543 4869 εἰς
3569 4795 3878 4870 ἀκαθαρσίαν

2332 4899 2484 4968 ἄγειν
2506 4916 2518 4929 ·
2550 4900 2676 4962 τοὺς
2704 4899 2760 4951 δὲ
2797 4899 3243 4970 πεπλησιακότας
3275 4900 3459 4963 αὐτοῖς
3491 4899 3723 4969 νεκροὺς
3743 4887 3881 4947 καθα-

2334 4992 2434 5063 ρὰς
2494 4990 2706 5043 ἐκεῖθεν
2748 4991 2848 5060 τῆς
2877 4990 3024 5061 ζωῆς
3072 4991 3325 5061 δέχεσθαι
3366 4992 3468 5053 τὰς
3516 4993 3776 5051 ἀκτῖνας,
3808 4975 3879 5034 καὶ

2328 5084 2468 5155 πρὸς
2503 5082 2562 5137 τὸ
2581 5083 2675 5136 τοῦ
2708 5083 2823 5153 βίου
2855 5084 2970 5153 φῶς
2995 5086 3059 5136 ἐκ
3087 5084 3198 5136 τῶν
3230 5084 3478 5156 ξοφερῶν
3522 5084 3709 5138 πυλῶν
3748 5082 3881 5133 ὲπων

2323 5174 2553 5243 ἀγεσθαι
2589 5175 2682 5244 τοῦ
2706 5177 2959 5229 θανάτου.
2998 5176 3062 5229 Τί
3105 5174 3237 5242 οὖν;
3266 5179 3410 5249 ἐρεῖς
3441 5177 3781 5247 ἀκαθάρτους
3818 5166 3879 5217 δτι

2325 5268 2729 5337 πλησιάσαντες
2782 5269 2990 5333 ὀστέοις
3029 5269 3250 5340 νεκροῦ,
3297 5272 3400 5340 τῆς
3423 5269 3762 5339 ἀκαθαρσίας
3806 5255 3877 5311 τθῧ

2331 5358 2567 5413 θανάτου
2601 5360 3007 5433 ὲκαθάρθησαν,
3038 5361 3069 5431 ἢ
3105 5361 3200 5415 καὶ
3230 5365 3541 5432 προσοίσεις
3573 5362 3712 5431 ὑπὲρ
3729 5350 3875 5410 αὐτῶν

2325 5451 2426 5504 οὐκ
2452 5453 2870 5525 εύχαριστήριον
2895 5454 2993 5524 τῆς
3021 5453 3317 5524 ὲγέρσεως,
3340 5453 3477 5507 ἀλλά
3495 5452 3782 5522 καθάρσιον
3798 5440 3876 5506 τῆς

1915 5647 2003 5701 VA
2016 5646 2153 5702 R1113
2204 5648 2615 5705 LECTIONES.

700 5755 725 5794 ἀ
744 5759 806 5831 _C_.
844 5759 907 5812 Μ.
936 5760 1350 5831 παραπλησίους
1369 5759 1596 5822 ἁλόντας
1625 5760 1865 5830 ὑπῆγεν.

636 5826 989 5882 ἀπολύεσθαι.

1947 5771 1969 5799 ε
2000 5760 2087 5813 ἵσ.
2143 5764 2492 5818 ἀποκλεῖσαι.
2520 5767 2579 5821 C.
2611 5765 2680 5821 lli.
2712 5767 3069 5822 ἀποκαλέσαι.

3156 5768 3173 5807 ί
3215 5767 3301 5821 ἷσ.
3333 5766 3718 5823 ἀπολούεσθαι.
3740 5762 3791 5820 C.
3813 5754 3868 5810 Μο
