4072 6440
274 405 381 467 669

1133 397 1231 457 AD
1271 390 1865 455 AMPIULOCHIUM
1902 387 2247 462 QUXESTIO
2278 388 2497 462 CXIII,
2535 389 2732 453 CXIV.

3434 392 3539 455 670

277 514 446 581 ἁφῆς,
482 509 540 575 ἐξ
567 502 634 579 ἦς
652 508 994 577 ἁνέστησαν;
1025 508 1132 561 Καὶ
1162 507 1280 568 πῶς
1323 507 1423 558 οὐκ
1463 505 1530 559 ἂν
1572 505 1657 574 εἴη
1698 502 1859 556 τοῦτο

1972 507 2153 553 contra
2209 498 2427 567 planam
2478 497 2815 567 Scripturam
2865 512 2977 553 rem
3029 506 3381 569 apparentem
3446 516 3543 563 per

278 604 423 656 κατά
441 618 505 669 γε
523 602 634 653 τῶν
661 599 1066 669 γεγραμμένων
1082 600 1142 650 τὸ
1164 599 1509 668 φαινόμενον,
1534 596 1702 665 πολλὴ
1721 596 1862 663 ἅμα·

279 693 371 745 θία
404 695 500 746 καὶ
528 692 719 751 ἄνοια;
772 688 839 740 Ἠ
874 688 932 740 δὲ
962 688 1059 756 τῆς
1086 687 1207 739 ὄνου
1232 686 1437 753 σιαγὼν
1454 684 1691 755 τριπλῆς
1722 685 1861 736 ἀκα-

281 786 514 855 θαρσίας
544 782 724 835 αἰτίαν
757 780 1103 849 πηγάζουσα,
1148 779 1265 841 πῶς
1310 777 1552 847 καθαροῦ
1588 777 1683 829 ml.
1708 776 1863 828 ποτί-

285 895 388 947 μου
422 877 661 944 νάματος
689 871 914 941 διψῶντι
939 870 1015 941 τῷ
1046 870 1349 941 Ναζαραίῳ
1373 869 1609 922 ἀνέδωκε
1630 867 1867 939 ῥύακας,

284 970 420 1030 ἴσοις
450 968 551 1037 τῆς
575 963 918 1035 ἀκαθαρσίας
942 963 1292 1034 διαϐοηθεῖσα
1316 962 1557 1031 θαύμασι
1584 962 1741 1027 ;ὃνου
1764 960 1863 1029 μὲν

283 1060 391 1130 γὰρ
424 1054 510 1127 ἦν,
544 1057 637 1109 καὶ
664 1053 861 1126 νεκροῦ
883 1055 1035 1118 ὀστᾶ,
1059 1054 1155 1106 καὶ
1190 1054 1392 1124 τρίτον,
1419 1053 1593 1120 φόνων
1614 1052 1823 1121 ὄργανα
1848 1065 1860 1079 '

280 1149 380 1201 οὐκ
420 1150 479 1200 έν
528 1149 599 1217 γῇ
664 1146 721 1199 δὲ
773 1144 1002 1215 πλησίον
1048 1143 1260 1206 ὓδατος,
1300 1142 1422 1196 οὐδέ
1475 1160 1620 1205 τινες
1665 1141 1866 1202 νοτίδες

279 1238 506 1308 ἀφανῶς
537 1237 914 1307 ὑπαρδόμεναι
958 1236 1051 1290 τοῦ
1096 1235 1253 1289 ὀστοῦ
1305 1235 1681 1289 κατελείόοντο
1704 1252 1718 1267 ·
1751 1233 1864 1287 ἀλλ’

279 1329 473 1400 ἀνδρὸς
507 1329 654 1399 χειρὶ
688 1326 931 1398 μαχητοῦ
956 1328 1119 1380 ὅπλον
1147 1327 1289 1379 κατὰ
1305 1326 1580 1395 πολεμίων
1604 1325 1829 1394 ἐφέρετο
1848 1339 1861 1351 ·

280 1422 377 1473 καὶ
401 1418 676 1487 τοσαύτην
709 1417 892 1487 πηγὴν
918 1417 1127 1470 ὑδάτων
1160 1414 1475 1481 ἀνέϐλυσεν,
1522 1413 1663 1466 ὥστε
1684 1413 1776 1465 τὸν
1810 1414 1867 1464 ὲν

266 1495 525 1581 ’τοσούτῳ
580 1512 734 1577 κόπῳ
761 1512 785 1548 5
820 1509 915 1561 καὶ
956 1507 1211 1577 καμάτῳ,
1259 1505 1354 1558 καὶ
1391 1503 1627 1574 τοσαύτῃ
1672 1499 1866 1570 καιροῦ

284 1602 596 1675 παρατάσει
629 1600 974 1669 δεδιψηκότα,
997 1597 1230 1667 ἀφθόνου
1294 1598 1390 1649 καὶ
1438 1593 1716 1664 δαψιλοῦς,
1773 1592 1869 1645 καὶ

284 1695 434 1765 πέρα
460 1694 557 1763 τῆς
591 1692 802 1763 χρείας,
828 1691 1118 1761 ὲμοιρῆσαι
1146 1690 1172 1727 h
1207 1689 1469 1758 πόματος.
1520 1686 1680 1739 Ἀλλὰ
1696 1683 1870 1738 τοιού-

281 1804 365 1856 τῳ
408 1786 506 1855 μὲν
531 1786 602 1837 τὰ
629 1783 724 1837 τοῦ
751 1781 1063 1852 ἀκαθάρτου
1096 1780 1234 1845 ζώου
1275 1782 1367 1833 καὶ
1398 1778 1578 1849 νεκρά
1634 1776 1730 1830 καὶ⁵
1769 1792 1865 1845 φο-

1965 589 2332 659 ignorantiam
2364 596 2418 643 et
2452 589 2780 657 imperitiam
2833 590 3136 646 inducere?
3166 591 3321 645 Asini
3358 602 3543 647 autem

1964 682 2186 736 maxilla
2220 680 2415 750 triplici
2452 690 2671 735 scatens
2694 681 3039 737 immunditia
3066 684 3346 753 quomodo
3375 684 3545 740 θεῖαι-ι
3640 662 3653 670 ’

1965 786 2103 830 catae
2128 783 2180 829 et
2212 773 2466 844 potabilis
2488 788 2642 842 aquae
2664 774 3024 844 scaturigines
3047 777 3247 831 sitienti
3283 778 3547 832 Nazaraso

1967 866 2382 936 suppeditabat,
2421 880 2544 934 quae
2600 865 2828 934 paribus
2880 867 3211 935 impuritatis
3265 869 3547 923 miraculis

1967 956 2390 1011 illustrahatur?
2420 970 2481 1009 os
2524 955 2668 1008 enim
2707 954 2811 1009 fuit
2847 956 3028 1020 asini,
3061 965 3115 1011 et
3145 958 3363 1027 quidem
3405 959 3547 1013 asini

1967 1048 2192 1108 mortui,
2242 1055 2297 1100 et
2356 1046 2536 1101 adhuc
2588 1046 2773 1111 tertio,
2854 1047 3005 1102 necis
3072 1048 3543 1104 instrumentum:

1967 1156 2076 1192 non
2128 1148 2308 1193 autem
2338 1153 2369 1193 e
2406 1138 2584 1193 vicina
2614 1146 2755 1192 terra
2805 1153 2995 1208 aquea:
3042 1139 3428 1195 diStillationes
3462 1140 3547 1194 in-

1968 1232 2299 1287 sensibiliter
2328 1246 2389 1285 os
2418 1230 2548 1284 iilud
2606 1229 3042 1285 madefaciebant
3074 1248 3086 1284 :
3122 1231 3214 1285 sed
3247 1230 3349 1284 viri
3380 1231 3549 1285 bella-

1973 1325 2106 1378 toris
2143 1338 2293 1376 arma
2350 1330 2537 1376 contra
2590 1322 2817 1376 hostiles
2849 1322 3086 1377 insultus
3138 1322 3547 1376 adhibebatur:

1970 1423 2175 1469 tantam
2205 1428 2333 1467 vero
2381 1428 2648 1481 aquarum
2706 1414 3097 1481 scaturiginem
3137 1413 3324 1479 edidit,
3358 1422 3415 1467 ut
3456 1412 3553 1482 qui

1970 1514 2091 1575 post
2125 1506 2285 1559 talem
2323 1505 2790 1576 defatigationem,
2851 1518 2907 1562 et
2947 1508 3213 1571 laborem,
3246 1516 3299 1561 et
3354 1506 3408 1561 in
3458 1507 3552 1561 tali

1971 1599 2236 1667 temporis
2269 1599 2542 1667 exigentia
2574 1600 2769 1663 sitiret,
2792 1600 3117 1662 abundanti,
3142 1599 3317 1662 varia,
3336 1607 3390 1652 et
3410 1599 3553 1652 ultra

1971 1690 2353 1744 necessitatem
2385 1705 2654 1759 aquarum
2685 1693 2839 1760 copia
2865 1692 3206 1761 irrigaretur.
3236 1689 3302 1746 Et
3330 1691 3552 1760 quidem

1974 1781 2246 1837 talismodi
2303 1782 2568 1837 miraculo
2615 1798 2677 1836 os
2727 1784 2987 1838 animalis
3017 1783 3216 1853 impuri
3264 1792 3318 1837 et
3347 1783 3553 1837 mortui

282 1877 415 1930 νικά
461 1876 595 1928 ὀστᾶ
638 1873 1033 1943 ὑπηρετήσατο
1080 1870 1352 1939 θαύματιο
1391 1871 1500 1932 τοῖς
1549 1867 1657 1939 γὰρ
1695 1867 1867 1936 δνομα

1972 1872 2409 1927 subministravit
2438 1892 2450 1926 :
2482 1890 2582 1929 nec
2615 1875 2914 1944 quidquam
2949 1875 3075 1929 inde
3104 1876 3423 1930 detrimenti
3454 1891 3553 1929 ac-

283 1970 495 2039 πηγῆς,
528 1967 625 2037 τὴν
652 1965 776 2019 ὄνου
827 1964 1056 2032 σιαγόνα
1092 1961 1360 2024 ποιοῦσιν,
1392 1958 1645 2013 κάκεῖθεν
1670 1956 1747 2027 τῷ
1781 1957 1865 2009 δε-

284 2060 542 2130 διψηκότι
580 2058 808 2129 φέρουσι
837 2056 898 2109 τὸ
932 2058 1099 2125 νᾶμα,
1154 2053 1333 2107 καίτοι
1380 2052 1471 2104 τὸν
1506 2049 1867 2121 προκείμενον

282 2151 446 2219 λόγον
480 2148 600 2202 κατ’
631 2147 783 2199 οὐδὲν
829 2144 1268 2214 λυμαινομένοις.
1295 2141 1465 2210 Δῆλον
1506 2140 1615 2209 γὰρ
1652 2137 1728 2200 ὡς
1773 2136 1868 2188 καὶ⁹

285 2242 446 2296 αὐτοὶ
468 2240 628 2294 τοῦτο
668 2239 948 2305 λέγοντες,
983 2236 1171 2307 πόρρω
1212 2233 1307 2287 τοῦ
1359 2231 1693 2303 γράμματος
1756 2229 1867 2297 ἰχν-

280 2332 579 2405 ηλατοῦσιν
600 2348 614 2362 ’
647 2332 750 2393 ἕως
784 2330 850 2383 ἂν
899 2333 931 2397 ἡ
968 2328 1075 2381 τῶν
1100 2325 1417 2397 παραδόξων
1462 2324 1640 2395 ἔργων
1685 2319 1869 2382 πίστις

281 2426 534 2496 ἐνισχύῃ,
567 2424 667 2477 οὐκ
703 2423 769 2476 ἂν
817 2422 990 2491 ἡδέως
1041 2418 1414 2488 συμφήσαιμι.
1462 2414 1574 2468 Καὶ
1613 2413 1666 2465 τί
1688 2413 1753 2467 άν
1784 2429 1869 2475 τις

283 2516 633 2589 ἀπαριθμοίη
666 2514 734 2568 τά
769 2513 1027 2576 τοιαῦτα;
1066 2510 1252 2581 σχεδὸν
1276 2509 1384 2577 γὰρ
1414 2508 1481 2560 δι’
1510 2506 1631 2560 ὅλου
1668 2503 1762 2558 τοῦ
1782 2522 1867 2558 vo-

290 2610 458 2683 μικοῦ
520 2609 868 2680 γράμματος,
922 2607 956 2676 ἡ
1002 2604 1228 2673 τοιαύτη
1291 2603 1400 2657 τῶν
1453 2596 1869 2669 αίνιγματωδῶν

287 2702 536 2771 θεωριῶν
581 2698 953 2767 κατακέχυται
1009 2695 1238 2749 θύελλα·
1276 2694 1391 2749 ἀλλ’
1452 2694 1588 2763 ὅπερ
1632 2690 1729 2746 καὶ
1764 2690 1869 2761 ἀρ-

283 2796 518 2865 χόμενος
566 2790 719 2844 εἷπον
747 2830 761 2853 ,
795 2790 885 2842 διὰ
941 2788 1146 2842 τούτων
1210 2804 1269 2840 τε
1321 2786 1560 2839 καὶτῶν
1611 2784 1869 2838 τοιούτων

287 2882 567 2945 ἁπάντων,
605 2881 633 2932 ὁ
665 2878 827 2949 σοφὸς
870 2877 1170 2948 νομοθέτης
1221 2875 1461 2945 ἐναργῶς
1514 2875 1866 2947 παρίστησιν,

285 2973 369 3034 ὡς
402 2969 534 3040 ἄλλη
570 2969 667 3039 μὲν
698 2970 729 3039 ἡ
760 2968 902 3021 κατά
924 2967 983 3020 τὸ
1005 2966 1241 3037 γράμμα
1265 2966 1361 3019 καὶ
1382 2968 1444 3018 τὸ
1460 2966 1747 3037 πρόχειρον
1768 2965 1870 3035 τῆς

287 3063 582 3132 ἐπιστολῆς
610 3061 941 3128 ἀπαγγελία,
973 3060 1049 3123 ὠς
1072 3060 1486 3131 παραπέτασμα
1513 3057 1869 3128 διηπλωμένη

288 3155 542 3227 κρυφίων
581 3154 950 3224 θεωρημάτων
973 3169 987 3184 ·
1026 3153 1189 3223 ἑτέρα
1238 3153 1295 3204 δὲ
1349 3154 1381 3222 ὴ
1419 3151 1513 3205 τοῦ
1557 3151 1869 3221 πνεύματος

1970 1972 2252 2032 ceperunt,
2284 1964 2374 2032 qui
2412 1979 2609 2018 nomen
2643 1965 2812 2021 fontis
2844 1967 3081 2021 maxilla:
3104 1967 3243 2022 asini
3275 1968 3551 2033 detulere,

1968 2061 2023 2107 et
2047 2052 2247 2106 abinde
2302 2053 2508 2107 sitienti
2544 2044 2744 2109 ﬂuent'a
2776 2057 2993 2111 dedere.
3055 2057 3215 2112 Certe
3271 2058 3317 2112 si
3345 2059 3436 2128 qui
3477 2058 3553 2113 ita

1969 2143 2260 2208 afﬁrmant,
2319 2146 2474 2216 longe
2499 2162 2530 2201 a
2563 2147 2745 2202 littera
2794 2149 3187 2220 investigantcs
3241 2152 3551 2218 recedunt;

1970 2234 2170 2302 quibus
2211 2252 2312 2305 ego
2347 2236 2523 2291 libens
2550 2254 2657 2293 non
2695 2239 2965 2295 adhibebo
2986 2256 3341 2308 consensum,
3374 2258 3553 2312 quan-

1970 2326 2061 2380 diu
2086 2330 2486 2396 paradoxorum
2519 2346 2745 2399 operum
2780 2331 2914 2386 ﬁdes
2936 2333 3301 2401 praevaluerit.
3333 2334 3398 2387 Et
3422 2333 3553 2403 quid

1970 2432 2110 2487 opus
2147 2420 2230 2474 his
2269 2419 2468 2475 similia
2498 2423 2858 2489 enumerare?
2884 2424 2997 2478 lere
3030 2425 3177 2478 enim
3211 2440 3303 2493 per
3330 2425 3556 2478 univer-

1972 2525 2087 2564 sam
2115 2511 2248 2581 legis
2283 2510 2625 2583 Scripturam
2657 2516 3381 2585 ejusmodispeculatiouum
3417 2518 3557 2573 aani-

1971 2602 2332 2670 gmaticarum
2379 2613 2676 2674 tempestas
2714 2605 3085 2661 diﬂ‘unditur:
3140 2607 3234 2662 sed
3281 2608 3425 2674 quod
3488 2609 3557 2660 ah

1971 2694 2129 2747 initio
2176 2693 2328 2762 dixi,
2378 2706 2599 2765 propter
2630 2697 2746 2750 haec
2799 2707 2853 2752 et
2897 2699 3133 2764 similia,
3188 2700 3408 2769 sapiens
3463 2700 3558 2755 ille

1971 2785 2254 2856 legislator
2293 2796 2479 2856 aperte
2520 2787 2763 2855 indicat,
2811 2790 2955 2859 quod
2984 2790 3143 2844 aliter
3172 2791 3351 2846 littera
3388 2807 3555 2861 appa-

1974 2883 2159 2930 rentcr
2205 2878 2487 2948 suggerit,
2536 2888 2791 2948 tanquam
2840 2881 3204 2936 velamentum
3258 2883 3557 2938 obductum

1972 2965 2388 3021 obscuralarum
2467 2971 2946 3039 speculationum,
3000 2974 3156 3028 aliter
3212 2974 3436 3043 spiritus
3502 2977 3560 3029 in

1972 3059 2300 3115 abscondito
2356 3061 2540 3117 divina
2602 3064 2925 3133 sapientia:
2987 3081 3016 3119 a
3062 3083 3172 3136 quo
3225 3066 3449 3122 Iudaica
3505 3079 3563 3123 et

1972 3150 2225 3207 haaretica
2275 3154 2567 3209 multitudo
2633 3157 2892 3213 excideris
2936 3159 3155 3229 longum
3200 3171 3255 3215 et
3288 3161 3561 3217 diliicilem

289 3224 394 3301 καὶ
446 3249 502 3298 ἐν
541 3246 617 3316 τῷ
647 3246 797 3315 βάθει
851 3244 1201 3315 κρυπτομένη
1261 3242 1549 3312 θεοσοφία*
1586 3238 1655 3314 ἦς
1705 3240 1873 3312 ἠτῶν

1984 3256 2227 3297 errorem
2256 3259 2441 3301 errare
2470 3262 2579 3301 non
2610 3248 2811 3303 desinit
2840 3250 3041 3306 adhuc.

304 3337 594 3403 Ἰουδαίων,
618 3337 715 3389 καὶ
744 3336 847 3389 τῶν
863 3334 1257 3399 Ἰουδαῖζὸντων
1295 3333 1632 3404 αἱρεσιωτῶν
1668 3331 1877 3402 πληθὺς

294 3428 568 3482 ὲπεκοῦσα
610 3427 626 3466 ί
662 3428 878 3498 μακρὰν
902 3428 997 3480 καὶ
1034 3426 1279 3497 χαλεπὴν
1309 3426 1369 3478 οὐ
1403 3425 1640 3480 παύεται
1660 3425 1870 3495 πλάνην

291 3521 620 3591 πλανωμένη
631 3561 644 3574 .

842 3630 1177 3683 ΕΡΩΤΗΣΙΣ
1199 3628 1342 3682 ΡΙΔ’.

2063 3630 2390 3697 ΟΠᾹΞδΤΙΟ
2428 3633 2588 3689 CXIV
2612 3634 2816 3707 ,[CoisL
2851 3646 2899 3691 et
2926 3636 3087 3693 Taur.
3124 3638 3451 3717 CXXXVI

444 3738 585 3791 Edita
612 3755 639 3790 a
671 3740 992 3801 Montacutio,
1014 3754 1093 3803 ep.
1118 3742 1228 3801 228,
1272 3740 1335 3790 ad
1363 3741 1616 3804 Arsaber.,
1652 3756 1699 3805 p.
1708 3742 2385 3868 n?"‘5::‘%Eilil.1’>4):.“vlgegégnorantia
2415 3737 2517 3797 diei
2557 3758 2610 3799 et
2630 3750 2765 3801 hora
2808 3751 2999 3813 judicii.
3034 3754 3179 3805 Marc.
3205 3771 3305 3819 xm,
3326 3760 3407 3821 32;

369 3889 443 3941 Οὐ
492 3888 691 3959 πολλήν
733 3906 822 3959 μοι
861 3889 1008 3942 δοκεῖ
1030 3889 1131 3957 τὴν
1172 3889 1495 3960 δυσχέρειαν
1527 3890 1692 3962 ἔχειν,
1740 3892 1877 3962 ὅπερ

289 3998 381 4034 σοι
417 3980 639 4049 πολλὴν,
665 3979 739 4043 ὼς
774 3979 1027 4049 γράφεις,
1060 3983 1282 4051 ἐμποιεῖ
1307 3979 1407 4051 τὴν
1443 3981 1697 4052 ἀπορίαν·
1730 3982 1879 4051 πρῶ-

285 4088 386 4125 τον
426 4071 524 4140 μὲν
566 4070 703 4140 γὰρ,
735 4072 792 4123 ἐν
822 4070 1110 4140 ἀνθρώπου
1145 4069 1307 4138 φύσει
1345 4072 1441 4123 καὶ
1486 4073 1669 4142 μορφῇ
1698 4088 1876 4141 πεφη-

286 4160 419 4225 νὼς,
467 4162 495 4214 ὁ
546 4162 603 4213 ὲν
649 4162 832 4230 μορφῇ
880 4160 976 4212 τοῦ
1027 4160 1163 4212 Θεοῦ
1220 4161 1315 4213 καὶ
1361 4162 1571 4231 Πατρὸς
1614 4162 1878 4231 ὑπάρχων

288 4251 443 4316 Υἱὸς,
480 4250 557 4314 ὼς
588 4250 878 4322 ἄνθρωπος
918 4252 987 4304 τὰ
1016 4251 1188 4305 πολλά
1236 4255 1349 4316 τοῖς
1392 4253 1663 4323 μαθηταῖς
1704 4252 1878 4306 συνὼν

287 4343 598 4410 διελέγετο,
629 4343 728 4412 τὴν
771 4342 895 4395 καθ’
940 4344 1088 4412 ἡμᾶς
1133 4343 1295 4413 φύσιν
1327 4343 1661 4398 ἀναλαὸεἶνί
1713 4343 1879 4397 ἐνδει-

292 4434 582 4503 κνύμενος.
631 4435 743 4487 Καὶ
777 4434 831 4487 τί
879 4435 987 4505 γὰρ
1016 4436 1241 4505 ἄπορον,
1274 4436 1367 4488 τὸν
1415 4435 1693 4489 κοπιῶντα
1718 4475 1733 4501 ,
1781 4436 1877 4489 καὶ

297 4525 569 4595 ἱδροῦντα,
605 4524 701 4577 καὶ
732 4523 884 4594 ὕπνῳ
910 4526 1397 4597 διαναπαυόμενον,
1439 4525 1640 4597 βρώσει
1676 4544 1735 4580 τε
1782 4528 1877 4581 καὶ

2046 3890 2165 3946 Non
2196 3893 2411 3948 videtur
2448 3895 2583 3949 mihi
2633 3912 2885 3967 magnam
2938 3901 3140 3958 habere
3185 3905 3560 3964 diﬂicultatem

1974 3984 2123 4053 quod
2156 3985 2288 4049 tibi,
2325 3987 2404 4040 uti
2441 3988 2675 4054 scribis,
2718 3991 3424 4064 dnbitationenfplurimam
3476 3999 3562 4053 af-

1975 4074 2081 4129 fert
2125 4092 2140 4128 :
2182 4076 2437 4145 inprimis
2468 4078 2513 4133 si
2546 4080 2599 4132 in
2627 4091 2820 4135 natura
2852 4092 2901 4137 et
2929 4084 3100 4138 forma
3129 4085 3369 4142 humana
3392 4105 3563 4160 appa-

1979 4168 2113 4234 ruit,
2180 4170 2295 4237 qui,
2324 4184 2448 4223 cum
2488 4170 2658 4228 Filius
2683 4184 2866 4239 esset,
2910 4185 3027 4231 erat
3060 4180 3115 4231 in
3154 4178 3330 4235 forma
3376 4181 3471 4237 Dei
3509 4195 3565 4240 et

1976 4259 2192 4316 Patris:
2220 4276 2277 4315 ut
2302 4265 2466 4317 homo
2491 4279 2615 4319 cum
2648 4266 2929 4337 discipulis
2960 4286 3187 4327 versans
3216 4274 3557 4343 disserebat,

1978 4356 2222 4402 nostram
2263 4349 2317 4402 in
2353 4365 2411 4404 se
2439 4360 2692 4418 naturam
2728 4359 3039 4425 suscepisse
3072 4363 3387 4419 ostendens.
3412 4364 3558 4432 Quid

1975 4439 2031 4493 in
2075 4453 2142 4493 eo
2185 4440 2409 4495 dubium
2454 4451 2573 4507 est,
2634 4445 2786 4500 illum
2833 4450 2927 4518 qui
2979 4451 3413 4523 defatigabatur,
3458 4462 3555 4530 qui

1976 4530 2247 4597 sudabat,
2298 4533 2393 4603 qui
2450 4549 2645 4591 somno
2699 4540 3119 4608 requiescebat,
3178 4547 3275 4615 qui
3324 4548 3448 4603 cibo
3493 4567 3559 4608 ac

295 4617 454 4669 π’ὀσει
475 4656 489 4681 ,
519 4615 616 4686 τὴν
642 4616 732 4669 τοῦ
770 4617 1017 4687 σώματος
1048 4619 1230 4687 φύσιν,
1277 4619 1338 4672 τὸ
1366 4620 1485 4673 ὅλον
1525 4620 1722 4685 εἰπεῖν,
1753 4636 1876 4673 συν-

1977 4630 2108 4688 potu
2160 4623 2410 4690 corporis
2451 4633 2727 4689 naturam,
2759 4637 2817 4682 ut
2866 4638 3038 4685 totum
3070 4635 3215 4702 quod
3246 4644 3329 4689 est
3354 4637 3558 4705 dicam,

294 4709 489 4778 έχοντα
520 4709 769 4776 ῥέουσαν,
810 4709 998 4763 τοῦτον
1027 4710 1091 4781 δὴ
1121 4709 1331 4777 τοῦτον,
1376 4711 1470 4763 καὶ
1520 4711 1743 4780 ἄγνοιαν
1774 4712 1874 4781 τῆς

296 4797 600 4868 μελλούσης
657 4799 870 4869 ἡμέρας
924 4799 1321 4869 ἀναδέχεσθαι,
1375 4801 1469 4853 καὶ
1532 4801 1594 4853 τὸ
1656 4802 1874 4873 μέτρον,

293 4888 482 4959 ὣσπερ
508 4888 573 4959 δὴ
605 4888 715 4942 τῶν
746 4889 942 4954 ἄλλων,
978 4888 1122 4943 οὕτω
1167 4890 1224 4943 δὲ
1272 4890 1368 4943 καὶ
1397 4891 1499 4960 τῆς
1530 4890 1879 4961 ἀνθρωπίνης

299 4981 571 5048 γνώσεως,
626 4980 932 5052 ἐξυϐρίζειν
976 4982 1077 5036 οὐκ
1125 4982 1455 5053 ἀνέχεσθαι;
1499 4983 1574 5045 ὼς
1625 4983 1726 5052 μὲν
1770 4982 1879 5052 γὰρ

296 5072 641 5144 Δημιουργός
690 5075 947 5128 ἁπάντων
996 5075 1091 5129 καὶ¹
1136 5075 1270 5139 Θεὸς
1313 5076 1531 5130 ἅπαντα
1580 5075 1658 5145 τῷ
1702 5075 1879 5145 Πατρὶ

301 5163 514 5232 συνῄδει
533 5180 547 5193 ·
584 5164 657 5228 ὠς
683 5164 969 5237 ἄνθρωπος
998 5166 1075 5231 δὲ,
1115 5166 1236 5220 οὐδὲ
1266 5167 1364 5237 τὴν
1398 5166 1707 5238 ἀνθρώποις
1738 5166 1874 5237 πρέ-

299 5269 506 5306 πουσαν
537 5254 780 5323 ἄγνοιαν,
814 5258 881 5327 οὐν
910 5257 1006 5326 μὲν
1040 5253 1134 5310 οὖν
1170 5258 1268 5311 οὐκ
1299 5257 1504 5327 ὴθέτει.
1551 5260 1647 5321 Ὃς
1677 5257 1784 5329 γὰρ
1811 5258 1876 5328 δὴ

295 5342 357 5395 τὸ
407 5343 527 5396 ὅλον
566 5345 737 5400 εἵλετο
774 5345 980 5411 λαϐεῖν,
1024 5347 1141 5410 πῶς
1185 5347 1245 5401 ἓν
1293 5365 1345 5398 τι
1392 5347 1500 5399 τῶν
1538 5347 1668 5418 περὶ
1701 5348 1877 5401 ἐκεῖνο

296 5438 656 5507 παρῃτήσατο
711 5439 786 5510 μὴ
813 5439 1001 5493 λαϐεῖν
1072 5439 1105 5511 ἦ
1141 5441 1216 5510 μὴ
1255 5437 1580 5493 πιστοῦσθαι
1612 5440 1693 5492 ὅτι
1731 5457 1875 5511 παρ-

1982 4708 2224 4765 ﬂuxilem
2273 4713 2542 4780 ﬁrmabat,
2580 4714 2725 4770 hunc
2749 4717 3112 4787 ignorantiam
3147 4723 3252 4778 dici
3281 4724 3473 4793 judicii
3503 4729 3560 4785 in
3612 4754 3619 4807 ί

1976 4816 2035 4857 se
2065 4804 2396 4873 suscepisse,
2430 4814 2484 4860 et
2514 4822 2827 4863 mensuram
2848 4850 2862 4875 ,
2891 4812 2969 4865 uti
3004 4823 3058 4868 et
3084 4824 3401 4872 cancrorum
3427 4860 3443 4885 ,
3486 4822 3560 4877 ita

1974 4902 2030 4948 et
2063 4894 2321 4951 humana:
2349 4899 2683 4968 cognitionis
2727 4902 2972 4959 noluisse
3002 4907 3366 4975 pudefacere?
3392 4911 3556 4969 Certe
3610 4934 3627 4977 ι

1976 4994 2037 5039 ιιι
2063 4985 2327 5042 Conditor
2350 4992 2595 5045 omnium
2622 5008 2687 5046 ac
2709 4993 2853 5051 Deus
2875 4999 3058 5053 omnia
3084 5014 3209 5054 cum
3241 5000 3399 5057 Patre
3418 5005 3561 5059 scie-

1975 5076 2107 5145 bat;
2141 5087 2196 5132 at
2226 5089 2486 5150 tanquam
2527 5083 2694 5138 homo
2726 5086 3019 5144 humanam
3050 5108 3078 5144 a
3109 5104 3168 5147 se
3194 5094 3559 5163 ignorantiam

1983 5185 2091 5223 non
2120 5170 2328 5238 rejecit.
2360 5172 2495 5227 Nam
2536 5176 2629 5245 qui
2658 5186 2831 5232 totum
2862 5180 3116 5249 dignatus
3159 5195 3241 5239 cst
3283 5187 3557 5256 recipere,

1983 5262 2259 5329 quomodo
2286 5278 2454 5318 unum
2486 5267 2691 5337 aliquid
2733 5285 2925 5327 eorum
2977 5274 3301 5346 abnegaret,
3335 5295 3436 5335 nec
3469 5296 3547 5336 ac-

1984 5349 2215 5419 ciperet,
2250 5362 2345 5405 aut
2376 5354 2465 5409 ubi
2500 5360 2820 5427 accepisset,
2856 5367 3133 5433 accepisse
3163 5384 3270 5422 non
3303 5374 3557 5427 credere-

1982 5443 2114 5497 tur?
2147 5442 2402 5502 Secundo
2432 5450 2479 5505 si
2510 5452 2634 5521 quis
2663 5453 2864 5511 dixerit
2891 5467 3125 5514 mentem
3151 5468 3205 5517 et
3232 5466 3557 5521 sententiam

1568 5603 1802 5660 VAlll/E
1842 5605 2247 5665 LECTIONES.

379 5721 597 5805 ηαλμ,
632 5723 1195 5805 κρπῳςκαῖίδρῷτι..
1250 5724 1287 5805 11-
1319 5724 1775 5805 lg._euuo'.pﬁcat.
1818 5725 1877 5779 C.
1918 5724 2321 5795 Μ.ὲμοιρῆσαι.
2409 5730 2424 5769 ἱ
2458 5730 2520 5786 C.
2550 5731 2617 5786 Μ.
2653 5734 2864 5805 πληθὺς
2909 5741 3236 5799 ἐκπεσοῦσα,
3316 5754 3331 5795 ι
3390 5745 3451 5800 (ζ,
3486 5745 3556 5803 Μ,

290 5793 394 5862 τὴν
424 5792 543 5845 καθ’
571 5794 718 5863 ἡμᾶς
741 5792 901 5863 φύσιν
932 5792 1147 5867 ἀληθῶς
1171 5796 1481 5849 ἀναλαϐεῖν.
