4072 6430
608 372 711 440 671

1784 362 2045 422 PIIOTII
2085 357 2589 420 PATRIARCIL’E
2626 359 2739 421 ΟΡ.

3768 350 3855 414 679.

609 488 883 542 dictorum
946 478 1301 551 rejectionem
1350 474 1668 547 respicere,
1725 471 1802 525 ita
1852 480 1912 524 nt
1956 470 2195 524 noluerit

2301 466 2415 536 έχοι
2446 466 2469 503 ι
2496 465 2675 518 λαϐὼν
2694 483 2708 532 ;
2727 463 2989 537 Δεύτερον
3015 464 3093 530 δὲ,
3111 466 3213 518 κᾶν
3234 464 3312 525 εἰς
3330 460 3611 531 ἀναϐολὴν
3638 460 3727 513 τον
3750 465 3855 516 νοῦν

612 592 735 635 eam
771 577 915 631 diem
944 571 1231 642 discipulis
1258 568 1520 632 revelare,
1562 571 1851 635 propterea
1876 561 2019 630 quod
2047 560 2191 615 scire

612 685 708 725 eos
739 682 848 722 non
880 672 1001 720 erat
1030 662 1164 716 utile
1187 700 1203 724 ,
1235 675 1305 713 ne
1337 659 1451 713 haec
1474 654 1697 727 quidem
1742 652 1880 706 ratio
1928 667 1958 705 a
2008 651 2195 721 provi-

612 759 793 815 dentia
850 758 904 811 in
970 754 1223 810 homines
1271 752 1455 805 divina
1516 747 1830 802 abhorret:
1886 742 2195 797 methodice

613 861 794 906 autem
838 847 1150 918 disponitur
1195 859 1292 915 per
1330 840 1697 898 oeconomiam
1730 879 1745 904 ,
1794 851 1915 906 qua
1966 849 2079 905 prae
2137 847 2195 887 se

619 944 732 999 fert
769 939 1136 1012 ignorantiam
1166 976 1181 1002 ,
1235 944 1290 990 et
1330 934 1553 989 minime
1586 930 1921 1000 intelligere,
1965 942 2031 981 ne
2061 941 2197 981 moe-

617 1051 744 1093 rore
781 1033 1085 1103 discipulos
1118 1029 1377 1089 alliceret,
1403 1026 1493 1096 qui
1530 1022 1915 1079 desiderabant
1947 1018 2021 1082 id,
2049 1017 2195 1087 quod

614 1126 965 1198 ignorabant,
995 1121 1319 1191 intelligere.
1345 1117 1507 1171 Certe
1544 1117 1902 1183 incongruum
1941 1119 2062 1163 erat
2106 1108 2197 1161 illa

616 1221 760 1275 scire
781 1258 798 1285 ,
838 1230 960 1286 quae
988 1222 1205 1283 tempus
1236 1210 1369 1265 illud
1399 1216 1557 1263 erant
1580 1218 1919 1277 praecessura
1940 1243 1956 1268 ,
2001 1210 2056 1255 et
2087 1208 2195 1253 tam

617 1318 879 1365 accurate
932 1306 1025 1361 illa
1075 1315 1393 1373 exponere:
1446 1300 1634 1353 horam
1693 1310 1823 1349 vero
1867 1293 2041 1363 ipsam
2092 1290 2199 1343 illis

618 1402 1015 1463 adhaerentem,
1050 1410 1174 1467 qua:
1207 1409 1335 1464 pars
1362 1390 1680 1446 eorumdem
1706 1386 2029 1442 brevissima
2063 1383 2197 1447 fuit,

618 1511 727 1549 non
781 1504 1133 1562 cognoscere.
1188 1486 1299 1541 Nec
1354 1484 1471 1538 fieri
1519 1488 1703 1552 potest
1759 1489 1819 1532 ut
1868 1492 1957 1532 res
2016 1477 2197 1545 aliqua

617 1584 887 1640 exsistens
935 1581 1180 1635 animum
1227 1576 1475 1632 divinum
1539 1582 1594 1627 et
1630 1586 1794 1642 quem
1849 1570 2018 1624 latere
2065 1569 2202 1622 nihil

616 1682 843 1746 potest,
882 1672 1092 1737 lateat;
1134 1683 1233 1724 nec
1272 1666 1389 1721 ﬁeri
1429 1672 1651 1735 potest,
1699 1672 1757 1717 ut
1792 1659 2201 1715 obvenientium

617 1768 827 1828 rerum,
857 1773 910 1817 et
940 1763 1229 1825 obventus,
1271 1767 1327 1813 et
1362 1753 1719 1811 connexionis
1748 1768 1974 1807 causam
2014 1750 2200 1821 cogni-

620 1869 728 1913 tam
767 1856 1003 1921 habeat;
1051 1822 1267 1922 tempus
1315 1858 1498 1904 autem
1551 1846 1885 1902 destinatum
1934 1852 1993 1898 ut
2038 1857 2197 1898 suam
2231 1822 2273 1876 Β

617 1963 882 2020 superans
906 1945 1319 2015 conceptionem
1342 1943 1559 2020 ignoret
1587 1956 1602 2005 ;
1643 1948 1702 1994 ut
1727 1937 1921 2008 judicii
1952 1945 2198 2006 potestas

617 2018 703 2093 illi
738 2037 1092 2100 concedatur,
1147 2053 1165 2085 ι
1216 2033 1377 2087 Pater
1420 2018 1606 2093 Enim,
1660 2030 1875 2099 inquit,
1924 2028 2196 2082 neminem

612 2128 832 2200 judicat
858 2167 873 2193 ,
907 2126 1001 2182 sed
1037 2140 1198 2180 omne
1224 2123 1491 2194 judicium
1541 2120 1683 2175 Filio
1711 2120 1860 2175 dedit
1884 2118 1963 2184 '°,
1994 2136 2013 2170 ι
2050 2119 2201 2172 hora:

617 2231 804 2275 autem
836 2220 1064 2273 scientia
1091 2255 1105 2281 ,
1156 2225 1210 2271 et
1248 2215 1531 2281 discretio,
1565 2213 1888 2283 sapientiam
1918 2212 2038 2281 ejus
2065 2210 2199 2266 equ-

617 2314 731 2385 giat
771 2320 827 2366 et
879 2310 1206 2365 dominium.
1246 2308 1352 2364 Sed
1381 2307 1511 2377 quid
1545 2322 1649 2377 ego
1687 2306 1802 2360 haec
1836 2305 1926 2359 hic
1952 2319 2197 2359 comme-

615 2405 814 2460 moro?
836 2406 916 2458 An
948 2404 995 2458 is
1031 2404 1125 2473 qui
1154 2403 1367 2457 Patrem
1398 2401 1471 2456 ita
1502 2400 1749 2466 videt,ac
1787 2399 1944 2453 Pater
1972 2396 2198 2459 Filium,

614 2497 759 2553 diem
782 2506 837 2552 et
865 2496 1079 2561 horam,
1127 2492 1424 2565 particulas
1454 2495 1718 2559 quaedam
1757 2490 1916 2546 facile
1965 2490 2203 2545 circum-

614 2588 961 2652 scribendas,
984 2585 1237 2657 ignorat?
1268 2584 1435 2649 Sane,
1465 2592 1613 2653 patet
1628 2584 1776 2653 quod
1805 2582 1871 2648 is,
1894 2580 1989 2651 qui
2018 2580 2203 2634 omnia

618 2679 832 2734 sciebat
862 2676 1186 2747 priusquam
1217 2682 1405 2729 essent
1431 2714 1447 2739 ,
1474 2688 1599 2729 cum
1631 2673 1704 2727 sit
1733 2670 1912 2726 Patris
1939 2669 2203 2740 sapientia

618 2770 835 2823 interna
865 2768 1219 2832 subsistens,
1244 2767 1339 2835 qui
1367 2764 1555 2819 omnia
1604 2763 1852 2834 possidet
1896 2777 2025 2832 qua:
2078 2770 2208 2815 sunt

618 2859 838 2924 Patris,
885 2858 991 2912 nisi
1042 2857 1190 2927 quod
1230 2857 1503 2926 ingenitus
1529 2893 1546 2921 ,
1596 2866 1656 2909 ut
1700 2855 1901 2919 Pater,
1944 2867 2055 2907 non
2091 2851 2163 2906 sit
2188 2892 2205 2917 ,

621 2953 860 3007 istorum
916 2947 1281 3019 ignorantiam
1315 2961 1425 3000 non
1460 2947 1649 3001 habuit
1679 2964 1692 3000 :
1734 2945 1830 3001 sed
1868 2944 2015 3015 quod
2047 2943 2208 2999 disci-

618 3043 784 3113 pulos
816 3040 958 3096 scire
982 3054 1091 3094 non
1120 3046 1486 3110 congrueret,
1520 3035 2026 3107 comperendinavit
2054 3050 2207 3090 reve-

619 3136 878 3190 lationein
930 3141 984 3187 et
1016 3132 1301 3187 scientiam
1332 3145 1679 3186 communem
1710 3145 1836 3184 cum
1869 3130 2053 3191 Patre,
2085 3142 2207 3197 qua:

618 3235 738 3283 erat
764 3224 1169 3291 misericordia,
1221 3223 1584 3293 ignorantiam
1620 3223 1781 3289 fecit,
1812 3230 1869 3277 et
1896 3236 1964 3276 ne
1998 3219 2205 3275 contri-

619 3328 916 3385 starentur,
950 3316 1257 3389 apologiam
1306 3331 1414 3371 una
1486 3323 1913 3371 commentatur.
1958 3313 2204 3368 Tertium

618 3413 932 3468 consideret
981 3412 1105 3480 quis
1172 3417 1226 3463 et
1258 3409 1421 3476 illud,
1481 3409 1627 3477 quod
1673 3422 1799 3461 cum
1834 3405 2029 3470 Patri,
2082 3415 2206 3459 tan-

620 3520 790 3574 quam
833 3517 1017 3557 causa:
1066 3500 1239 3555 Filius
1289 3502 1701 3571 praerogativam
1754 3498 2028 3552 ascribat:
2073 3513 2207 3551 con-

618 3596 771 3649 venit
818 3594 966 3648 enim
1016 3590 1197 3655 Filio,
1241 3591 1337 3659 qui
1383 3590 1599 3644 Patrem
1652 3604 1813 3643 suum
1859 3588 2069 3657 diligit,
2118 3596 2207 3643 ut—

622 3699 747 3757 pote
804 3688 972 3739 totius
1032 3682 1396 3737 ordinationis
1440 3691 1495 3736 et
1549 3691 1762 3734 natura:
1814 3681 2086 3748 operatori
2153 3689 2207 3735 et

623 3776 1008 3848 dispensatori,
1032 3790 1216 3829 causa:
1238 3772 1660 3843 praeemineutiis
1674 3772 1947 3825 honorare
1964 3770 2203 3836 l‘atrem,

623 3883 690 3923 ac
719 3870 797 3923 sic
827 3868 930 3922 dici
967 3867 1111 3921 illius
1161 3875 1215 3920 et
1262 3866 1409 3920 horae
1466 3864 1860 3934 cognitionem,
1897 3874 1955 3919 ut
2000 3876 2054 3920 et
2101 3866 2203 3919 alia

624 3958 819 4021 multa,
856 3954 1033 4010 eidem
1068 3955 1385 4008 ascribere:
1425 3968 1533 4006 non
1561 3991 1576 4015 ,
1629 3950 1682 4005 id
1728 3951 1871 4004 enim
1905 3950 2059 4006 nefas
2099 3960 2203 4017 est,

624 4049 865 4117 seipsum
900 4047 991 4100 illa
1020 4045 1252 4101 scientia
1297 4044 1514 4114 privare
1541 4084 1556 4109 ,
1616 4052 1677 4097 ut
1711 4058 1809 4099 nec
1857 4044 1966 4098 alio
2023 4044 2205 4113 aliquo

622 4140 789 4212 dlgno
817 4149 871 4195 et
900 4139 1223 4195 honoramlo
1248 4153 1497 4203 munere,
1525 4152 1715 4195 verum
1746 4137 1898 4192 illum
1932 4137 2034 4192 sibi
2066 4153 2207 4208 prae-

623 4232 789 4298 ferre,
820 4232 897 4287 ita
932 4245 1096 4286 nemo
1130 4230 1254 4285 Filii
1290 4230 1489 4284 bonam
1536 4228 1954 4299 dispositionem
2016 4230 2073 4284 in
2114 4245 2205 4284 ar-

622 4333 943 4393 gumentum
993 4322 1151 4376 make
1209 4321 1412 4375 trahat.
1450 4320 1545 4375 Sic
1586 4321 1680 4389 qui
1727 4320 2089 4391 ignorantiam
2126 4320 2204 4375 illi

626 4414 856 4482 afﬁngit,
886 4423 939 4467 et
967 4413 1161 4467 littera:
1184 4412 1445 4478 adhaeret,
1473 4425 1581 4465 non
1613 4412 1885 4466 tenebitur
1912 4426 2039 4467 reus
2061 4412 2206 4467 blas-

2293 562 2402 614 τῶν
2432 562 2738 631 εἰρημένων
2767 562 2880 629 ἐρεῖ
2907 577 2990 623 τις
3020 561 3251 631 ἀφορᾷν,
3277 558 3462 611 καὶτὸ
3494 556 3573 627 μὴ
3602 555 3859 626 βούλεσθαι

2292 654 2405 714 τοῖς
2441 652 2711 721 μαθηταῖς
2735 654 2929 714 εἰπεῖν,
2971 650 3116 720 άπερ
3143 652 3326 712 αὑτοῖς
3350 651 3455 703 οὑκ
3478 645 3551 719 ἦν
3580 650 3717 712 τέως
3746 666 3860 719 συμ-

2295 744 2461 813 φέρον
2491 743 2704 813 μαθεῖν,
2740 743 2860 796 οὑδὲ
2888 741 3047 795 τοῦτο
3072 743 3171 813 τῆς
3202 741 3602 811 φιλανθρώπου
3635 744 3859 810 προνοίας

2295 837 2329 907 ή
2360 836 2581 906 μέθοδος
2615 838 2985 905 παραιτεῖται’
3026 835 3366 905 μεθοδεύοιτο
3390 834 3438 888 δ’
3483 833 3577 900 ἂν,
3606 836 3665 899 ὲξ
3692 837 3863 887 οἰκονο-

2300 929 2429 999 μίας
2481 928 2928 998 σχηματιζομένη
2979 928 3079 997 τὴν
3121 928 3367 995 ἄγνοιαν,
3426 928 3530 980 καὶ
3578 928 3642 979 τὸ
3691 928 3859 996 μᾶλλον

2296 1019 2444 1085 δόξαι
2470 1019 2544 1088 μὴ
2573 1019 2791 1081 εἰδέναι,
2828 1018 2967 1088 ὑπὲρ
2996 1018 3090 1070 τοῦ
3125 1018 3200 1088 μὴ
3223 1017 3412 1070 λυπεῖν
3445 1020 3581 1079 τοὺς
3619 1016 3860 1086 μαθητὰς,

2297 1112 2359 1164 τὸ
2392 1114 2737 1180 ἐγνωσμένον
2772 1110 2965 1180 μαθεῖν
2986 1109 3283 1179 ζητοῦντας
3308 1151 3324 1176 ,
3352 1110 3455 1162 οὑκ
3478 1108 3857 1161 ἐκδιδάσκοντα-

2299 1205 2420 1256 ὲπεὶ
2455 1203 2568 1266 πῶς
2592 1203 2765 1265 ἄλλως
2797 1204 2863 1256 ἂν
2899 1202 3010 1272 ἔχοι
3043 1203 3220 1269 λόγον,
3246 1203 3316 1255 τά
3346 1202 3449 1271 μὲν
3475 1201 3589 1269 πρὸ
3621 1200 3717 1268 τῆς
3740 1199 3862 1269 ὥρας

2299 1294 2502 1346 εἰδέναι
2549 1311 2645 1357 τε,
2691 1294 2785 1346 καὶ
2820 1294 2916 1345 σὺν
2955 1292 3122 1363 πολλῇ
3165 1292 3442 1345 διδάσκειν
3483 1294 3553 1361 τῇ
3605 1290 3857 1360 ἀκριϐείᾳ,

2300 1386 2469 1457 αὑτήν
2498 1386 2553 1438 δὲ
2582 1388 2681 1456 τὴν
2707 1386 2857 1457 ὤραν
2883 1386 3108 1438 ἐκείνων
3138 1385 3427 1453 ἐχομένην,
3462 1384 3566 1436 καὶ
3595 1384 3657 1435 τὸ
3687 1384 3859 1452 βραχύ-

2299 1496 2460 1533 τατον
2494 1478 2658 1550 μέρος
2686 1474 2873 1540 οὖσαν,
2908 1478 3008 1529 οὑκ
3042 1475 3472 1545 ἐπιγινώσκεινς
3514 1476 3635 1539 πῶς
3665 1476 3707 1528 δ’
3739 1476 3795 1528 ἀν
3821 1494 3859 1528 τι

2302 1572 2409 1624 τῶν
2456 1571 2628 1623 ὄντων
2661 1568 2753 1622 τὸν
2794 1567 3065 1639 ἀλάθητον
3117 1571 3210 1621 καὶ
3258 1568 3399 1620 θεῖον
3443 1567 3695 1620 διαλάθοι
3730 1565 3857 1626 νοῦν;

2302 1664 2335 1734 ἦ
2364 1663 2484 1717 τίνα
2512 1664 2669 1731 λόγον
2710 1663 2843 1732 ἔχοι,
2874 1662 2983 1715 τῶν
3014 1662 3111 1731 μὲν
3142 1662 3549 1731 παραγομένων
3578 1660 3756 1723 αὑτὸν,
3787 1664 3859 1713 καὶ

2302 1758 2402 1826 τῆς
2434 1755 2776 1826 παραγωγῆς
2801 1796 2816 1817 ,
2845 1756 2939 1809 καὶ
2971 1755 3069 1823 τῆς
3096 1755 3356 1824 συνοχῆς,
3380 1754 3487 1823 τὴν
3518 1754 3700 1806 αἰτίαν
3722 1753 3857 1820 ἔχειν,

2301 1848 2398 1900 καὶ
2450 1847 2550 1918 τὴν
2580 1847 2806 1915 γνῶσιν·
2845 1846 2937 1899 τὸν
2975 1846 3031 1898 δὲ
3077 1846 3267 1915 καιρὸν
3302 1845 3491 1914 μόνον,
3526 1843 3753 1911 κρείττω
3784 1842 3858 1909 τῆς

2300 1939 2508 1991 ἐκείνου
2544 1937 2924 2006 καταλήψεως,
2958 1937 3247 2006 ὑπάρχειν,
3280 1936 3501 2005 καὶτῆς
3532 1935 3635 2006 μὲν
3659 1934 3857 2003 κρίσεως

2300 2029 2466 2081 αὑτὸν
2490 2029 2831 2099 ἀνηρτῆσθαι
2856 2029 2917 2081 τὸ
2947 2030 3149 2099 κράτος
3205 2032 3250 2099 (ι
3284 2032 3312 2082 6
3344 2028 3541 2099 Πατὴρ
3568 2028 3677 2097 γὰρ
3701 2026 3857 2078 οὐδένα

2300 2119 2510 2188 κρίνει,
2534 2120 2632 2189 τὴν
2670 2119 2726 2172 δὲ
2758 2121 2940 2191 κρίσιν
2972 2123 3152 2174 πᾶσαν
3182 2122 3380 2174 δέδωκε
3416 2119 3500 2189 τῷ
3536 2120 3651 2189 Υίῷ
3693 2119 3757 2186 ι),
3781 2118 3858 2185 τῇς

2300 2210 2449 2280 ὥρας
2478 2212 2535 2264 δὲ
2558 2210 2655 2279 τὴν
2678 2212 2989 2277 διάγνωσιν,
3021 2214 3117 2265 καὶ
3146 2214 3349 2283 κρίσιν,
3374 2214 3476 2283 τὴν
3501 2212 3667 2266 αὑτοῦ
3700 2209 3859 2283 σοφίαν

2302 2279 2397 2356 καὶ
2426 2306 2721 2373 κυριότητα
2749 2303 3089 2372 διαφεύγειν;
3125 2279 3235 2358 καὶ
3269 2279 3527 2358 τίταύτα
3554 2303 3729 2369 λέγω;
3757 2279 3858 2367 Ἆρ’

2302 2394 2331 2444 6
2369 2396 2461 2446 τὶν
2496 2394 2712 2462 Πατέρα
2744 2393 2919 2458 εἰδὼς,
2950 2394 3139 2464 ὥσπερ
3170 2398 3197 2448 6
3226 2395 3416 2464 Πατήρ
3445 2395 3541 2447 τὸν
3581 2393 3723 2453 Υίὸν,
3751 2389 3860 2458 rat-

2307 2503 2405 2557 ραν
2433 2488 2528 2537 καὶ
2562 2486 2731 2553 ὥραν,
2772 2488 2943 2555 μικρά
2972 2503 3093 2539 τινα
3124 2488 3215 2538 καὶ
3250 2487 3642 2557 εὑπεριόριστα
3670 2482 3858 2546 διαστήι

2307 2596 2454 2650 ματα
2478 2620 2492 2644 ,
2524 2580 2815 2648 ἀγνοήσεις
2849 2580 2880 2648 ἢ
2930 2579 3109 2641 δῆλον,
3155 2580 3230 2643 ὼς
3276 2580 3376 2631 οὑκ
3416 2579 3583 2640 αὶτὸς
3604 2620 3617 2640 ,
3650 2578 3678 2628 ὁ
3710 2576 3855 2627 πάντα

2305 2669 2459 2733 εἰδὼς
2486 2711 2499 2731 ,
2535 2673 2628 2723 καὶ
2666 2673 2797 2741 πρὶν
2832 2672 3155 2742 ὑποστῆναι,
3187 2674 3219 2743 ἡ
3254 2673 3624 2733 ἐνυπόστατος
3655 2668 3743 2722 τοῦ
3774 2669 3858 2719 Πα-

2303 2764 2430 2833 τρὸς
2464 2764 2655 2831 σοφία,
2682 2765 2711 2817 ὁ
2741 2764 2919 2819 πάντα
2948 2765 3019 2817 τὰ
3044 2765 3138 2818 τοῦ
3170 2766 3380 2837 Πατρὸς
3420 2765 3589 2835 ἔχων,
3632 2761 3760 2833 πλὴν
3782 2760 3859 2828 τῆς

2305 2856 2667 2924 ἀγεννησίας,
2718 2858 2779 2910 οὑ
2835 2858 2935 2927 μὲν
2988 2854 3081 2912 οὖν
3140 2858 3263 2912 οὑδὲ
3314 2858 3424 2911 τῶν
3482 2856 3731 2910 τοιούτων
3779 2854 3857 2919 τήν

2306 2944 2529 3013 ἄγνοιαν
2559 2943 2705 3015 εἶχεν
2728 2965 2740 2979 ·
2772 2947 2909 3000 ἀλλά
2936 2951 3045 3012 τοῖς
3078 2950 3352 3018 μαθηταῖς
3380 2948 3701 3018 ἀσύμφορον
3725 2942 3858 2997 οὖσαν

2308 3036 2733 3107 ὑπερτιθέμενος
2773 3038 2872 3108 τὴν
2906 3040 3108 3106 γνῶσιν
3142 3040 3329 3110 κοινὴν
3368 3043 3433 3093 ἐκ
3488 3035 3856 3110 φιλανθρωπίας

2233 3164 2279 3225 C
2308 3129 2407 3198 τὴν
2452 3128 2675 3195 ἄγνοιαν
2702 3129 2955 3194 ,ἐποιεῖτο
2981 3170 2995 3193 ,
3031 3138 3127 3184 καὶ
3165 3131 3303 3202 πρὸς
3349 3133 3410 3183 τὸ
3460 3131 3668 3185 ἄλυπον
3710 3128 3857 3186 αὑτάς

2312 3221 2669 3274 συνδιετίθετο
2701 3220 2799 3290 τὴν
2831 3222 3148 3291 ἀπολογίαν.
3197 3222 3394 3293 Τρίτον
3438 3223 3483 3275 δ’
3531 3223 3598 3276 ἂν
3641 3221 3759 3274 εῖδοι
3792 3234 3855 3278 τις

2309 3313 2529 3365 κάκεῖνο
2562 3313 2638 3376 ὡς
2667 3315 2745 3385 τῷ
2783 3315 2955 3383 Πατρὶ
3002 3314 3178 3376 διδοὺς
3231 3316 3259 3367 6
3291 3314 3416 3376 Υἱὸς
3437 3355 3453 3377 ,
3509 3315 3584 3377 ὡς
3616 3312 3775 3380 αἰτίῳ,
3804 3309 3855 3359 τὰ

2308 3406 2592 3475 πρεσϐεῖα.
2646 3406 2853 3475 Πρέπει
2904 3406 3014 3476 γὰρ
3064 3406 3180 3476 Υίῷ
3229 3406 3589 3478 φιλοπάτορι,
3626 3405 3784 3473 πάσης
3807 3416 3851 3451 τε

2311 3496 2523 3565 φύσεως
2568 3499 2661 3551 καὶ
2688 3499 2942 3565 εὐταξίας
2975 3500 3308 3570 Δημιουργῷ
3354 3502 3446 3553 καὶ
3478 3497 3755 3569 νομοθέτῃ,
3783 3492 3851 3545 καί

2307 3590 2419 3651 τοῖς
2458 3590 2556 3659 τῆς
2592 3591 2768 3652 αἰτίας
2802 3590 3118 3660 προνομίοις
3158 3594 3322 3663 τιμᾷν
3368 3592 3460 3644 τὸν
3496 3590 3735 3659 Πατέρα,
3779 3581 3849 3636 καὶ

2308 3679 2406 3751 τὴν
2443 3681 2541 3752 τῆς
2569 3682 2780 3752 ἡμέρας
2804 3682 3018 3753 ἐκείνης
3057 3684 3151 3736 καὶ
3184 3684 3334 3754 ὥρας
3379 3684 3605 3751 γνῶσιν,
3637 3681 3770 3747 ὥπερ
3802 3674 3848 3741 δὴ

2309 3774 2403 3825 καὶ
2450 3772 2586 3825 ἄλλα
2615 3773 2787 3829 πολλά
2834 3775 3031 3845 ἐκείνῳ
3076 3775 3507 3847 προσανατίθητι
3532 3792 3544 3804 ’
3575 3777 3666 3841 οὑχ
3694 3768 3846 3823 ἑαυτὸν

2310 3865 2511 3934 (ἄπαγε
2539 3868 2575 3934 l)
2625 3867 2830 3934 ταύτης
2870 3869 3208 3939 ἀποστερῶν,
3262 3870 3345 3921 ὅτι
3389 3868 3517 3939 μηδ’
3554 3866 3706 3922 ἄλλον
3737 3860 3847 3918 τινὸς

2306 3957 2415 4008 τῶν
2441 3960 2637 4026 τιμίων
2683 3976 2741 4011 τε
2785 3959 2878 4012 καὶ
2906 3960 3109 4023 καλῶν,
3147 3960 3260 4014 ἀλλ’
3311 3962 3521 4013 ἐκεῖνον
3571 3961 3669 4011 κάν
3708 3951 3846 4017 ταύτῃ

2307 4048 2616 4117 προτιμῶν·
2647 4049 2740 4101 καὶ
2781 4051 2841 4101 οὑ
2869 4050 3038 4120 δήπου
3074 4068 3159 4114 τις
3184 4051 3245 4103 τὸ
3285 4050 3569 4120 εὑγνωμον
3613 4044 3701 4098 τοῦ
3742 4037 3842 4093 Υἱοῦ

2307 4138 2564 4191 ὑπόθεσιν
2592 4142 2989 4212 ἀγνωμοσύνης
3022 4142 3364 4209 ποιούμενος.
3392 4138 3528 4196 Εἶτα
3550 4140 3642 4210 τὴν
3664 4139 3843 4203 ἄγνοιαν

2308 4229 2633 4299 περιάπτων
2667 4231 2837 4301 αὐτῷ,
2869 4232 2964 4284 καὶ
2993 4233 3129 4303 πρὸς
3145 4234 3241 4296 τὰς
3271 4233 3367 4303 τῆς
3392 4232 3589 4297 λέξεως
3611 4219 3842 4290 mqug.

2311 4338 2427 4390 γων
2452 4321 2467 4360 1
2490 4322 2783 4388 συλλαϐὰς,
2807 4325 2907 4391 τῆς
2928 4323 3277 4395 βλασφημίας
3308 4325 3718 4394 ἀπολυθήσεται.
3737 4311 3841 4367 Οὐδὲ

2306 4414 2416 4484 γὰρ
2440 4414 2548 4467 οὐδ’
2581 4417 2613 4484 ὴ
2644 4415 2745 4485 τῆς
2776 4416 2974 4482 λέξεως
3003 4418 3289 4487 ἀκρίϐεια,
3318 4416 3393 4480 ὡς
3424 4416 3649 4485 ὕστερον
3676 4406 3840 4463 ἐπιδει-

623 4506 857 4576 phemia:
880 4523 893 4560 :
918 4514 1064 4560 certe
1094 4504 1357 4559 dictionis
1385 4511 1645 4558 accurata
1681 4504 1847 4570 ratio,
1869 4510 1929 4557 ut
1944 4503 2201 4572 deinceps

2309 4504 2611 4577 χθήσεταιν
2640 4508 2868 4578 ἀφορμή
2894 4525 3037 4561 τισιν
3061 4511 3140 4571 εἰς
3164 4509 3223 4561 τὸ
3250 4510 3323 4578 μὴ
3347 4509 3632 4578 βούλεσθαι
3660 4503 3717 4555 τὰ
3734 4494 3840 4566 ὀρθὰ

624 4598 857 4662 docebo,
894 4612 1003 4650 non
1039 4596 1299 4666 praebebit
1320 4595 1482 4649 alicui
1501 4593 1845 4650 occasionem
1862 4594 2044 4650 minus
2060 4603 2205 4650 recte

623 4689 916 4745 sentiendi.
944 4687 1096 4742 Licet
1133 4689 1278 4741 enim
1313 4701 1461 4741 nunc
1483 4701 1805 4741 concessum
1841 4686 1933 4751 sit,
1962 4687 2201 4742 litteram

622 4781 867 4837 indicare
888 4780 1010 4834 Filii
1038 4779 1427 4849 ignorantiam,
1460 4777 1597 4833 nihil
1619 4787 1801 4833 tamen
1828 4778 2073 4843 absurdi,
2110 4786 2203 4833 aut

621 4870 812 4941 pietati
844 4870 1208 4936 contrarium,
1236 4869 1423 4923 animo
1462 4877 1609 4924 recte
1632 4868 2201 4938 contemplante,con-

624 4962 919 5017 stituamns
951 4981 966 5017 :
1003 4961 1097 5015 sed
1139 4976 1241 5015 nec
1273 4960 1454 5015 littera
1487 4960 1633 5014 favet
1667 4960 1735 5015 iis
1753 4960 1948 5030 qui,ut
1970 4960 2197 5030 gloriam

622 5054 952 5108 imminuant
981 5051 1279 5124 Unigeniti,
1333 5052 1558 5106 adhiant
1620 5052 1779 5105 istam
1816 5051 2199 5122 ignorantiam.

624 5145 740 5215 Ego
769 5147 907 5210 scio,
932 5145 1132 5215 quippe
1159 5145 1253 5214 qui
1280 5144 1409 5198 olim
1442 5158 1572 5198 sene
1606 5144 1840 5213 quodam
1872 5144 2203 5214 theologiam

624 5239 873 5307 apprime
905 5238 1113 5294 sciente
1150 5238 1361 5301 utebar,
1397 5236 1493 5307 qui
1530 5250 1653 5290 cum
1684 5245 1936 5292 externas
1960 5236 2205 5306 discipli-

625 5344 725 5385 nas
764 5330 1052 5397 fastidiret,
1100 5331 1168 5386 de
1220 5330 1475 5400 prtesenti
1507 5331 1812 5400 quastione
1844 5330 2005 5384 talem
2044 5330 2203 5384 insti-

696 5532 741 5563 °°
769 5531 928 5587 Joan.
956 5548 1008 5598 ν,
1036 5531 1151 5586 22.

2309 4601 2529 4669 φρονεῖν
2558 4600 2970 4669 πορισθήσεται.
3013 4602 3074 4653 El.
3110 4602 3219 4672 γὰρ
3253 4603 3346 4655 καὶ
3393 4592 3839 4672 συγκεχωρημένον

2308 4689 2404 4742 νῦν
2435 4689 2533 4753 τὰς
2563 4690 2737 4755 λέξεις
2779 4692 2971 4762 δηλοῦν
3004 4693 3219 4761 ἀγνοεῖν
3249 4694 3339 4747 τὸν
3370 4694 3520 4758 Υῐὸν,
3554 4695 3695 4762 ὅμως
3719 4680 3839 4735 οὐδὲν

2307 4782 2415 4836 τῶν
2446 4783 2665 4837 ἀτόπων
2697 4785 3079 4855 παρεπόμενον
3111 4786 3350 4848 εὑσεϐὦς
3374 4787 3469 4840 τὸν
3517 4784 3636 4839 νοῦν
3667 4771 3836 4842 θεωρῆ·

2309 4889 2499 4934 σαντες
2549 4876 2992 4943 παρεστήσαμεν.
3039 4876 3176 4927 Ἀλλ’
3209 4873 3323 4937 οὖν,
3359 4876 3470 4928 οὐδ’
3506 4876 3561 4929 αἱ
3608 4870 3761 4932 λέξεις
3800 4877 3835 4909 τί

2305 4962 2622 5034 χαριοῦνται
2654 4966 2764 5027 τοῖς
2810 4965 2903 5017 ἐπὶ
2939 4965 3258 5037 καθαιρέσει
3304 4968 3401 5036 τῆς
3444 4969 3600 5037 δόξης
3632 4962 3717 5017 τοῦ
3744 4957 3834 5011 M0-

2300 5056 2579 5123 νογενοῦς,
2612 5057 2710 5127 τὴν
2757 5059 2979 5126 ἄγνοιαν
3018 5060 3444 5129 περιχαίνουσιν.
3496 5059 3631 5128 Ἐγὼ
3661 5056 3711 5108 δὲ
3746 5047 3834 5103 οἶδα

2302 5148 2470 5201 πάλαι
2485 5147 2613 5199 ποτὲ
2638 5149 2850 5218 γέροντι
2875 5149 3022 5219 σοφῴ
3045 5154 3111 5203 τά
3129 5151 3247 5203 θεῖα
3269 5152 3638 5222 ὲνωμιληκὼς,
3664 5147 3715 5207 ὃς
3738 5137 3829 5193 καί·

2298 5255 2381 5291 τοι
2406 5238 2513 5292 τῶν
2537 5251 2577 5278 ιιι
2599 5239 2705 5304 ἔξω
2735 5239 3108 5311 θεωρημάτων
3136 5245 3338 5315 πολλὴν
3387 5244 3528 5316 ἔχων
3576 5242 3666 5310 τὴν
3714 5236 3834 5296 bini"

2301 5332 2673 5401 ‹ι›ρίχν,ὅμως
2702 5332 2959 5405 τοιαύτην
3006 5338 3129 5389 τινὰ
3179 5339 3308 5409 περὶ
3356 5339 3449 5391 τοῦ
3514 5326 3830 5411 προκειμένου

1952 5684 2187 5741 VARUS
2229 5680 2633 5738 LECTIONES.

696 5806 719 5846 κ
767 5808 857 5862 Ec.
890 5808 1084 5869 ὅτιπερ
1110 5807 1241 5871 ἔχοι.
1269 5807 1329 5861 C.
1364 5806 1433 5863 Μ.
1461 5809 1543 5861 ὅτι
1573 5808 1823 5879 παρέχοι.

1905 5804 1923 5845 Ῑ
1962 5806 2023 5861 C.
2061 5805 2130 5859 Μ.
2172 5805 2517 5875 ἀποφεύγων.
2596 5814 2633 5840 π’
2670 5804 2731 5859 C.
2758 5804 2833 5858 M.
2872 5806 2964 5857 καὶ
2991 5808 3053 5877 τῇ
3078 5806 3204 5861 τῶν.
