4072 6430
243 406 366 495 ,6Ἱῖ

1257 407 1356 464 AD
1383 399 1978 465 AMPHILOCHIUM
2010 401 2372 475 'QU/ESTIO
2392 409 2589 469 CXIV.

3440 412 3545 476 G79.

253 518 521 589 διέγραφε
561 517 826 588 Θεωρίαν·
858 517 932 569 T6
971 515 1205 571 ειδέναι
1249 515 1429 568 διττὸν
1451 516 1638 584 ἔλεγεν
1691 511 1853 568 εῖναι·

1974 517 2150 572 luebat
2190 519 2686 577 considerationem
2709 541 2722 576 :
2745 521 2911 588 Scire,
2934 524 3130 594 duplex
3158 538 3278 581 esse
3293 526 3540 583 dicebat:

257 613 320 662 τὸ
356 610 460 680 μὲν
494 611 802 681 ἐπιστήμῃ,
839 609 898 661 τὸ
922 609 979 661 δὲ
1002 611 1067 678 τῇ
1101 609 1289 680 πείρᾳ·
1314 607 1455 660 κατά
1484 609 1582 677 μὲν
1610 605 1709 662 οὖν·
1733 611 1855 662 ἐπι-

260 704 482 774 στήμην
516 701 723 772 ὁμοίως
763 701 964 753 εἰδέναι
990 700 1070 771 τῷ
1100 702 1274 770 Ila-cpt
1303 701 1396 752 τὸν
1429 700 1564 752 Υίὸν
1590 700 1690 770 τὴν
1720 700 1854 770 ἡμέ-

260 811 371 863 ραν
393 792 615 861 ἐκείνην
642 793 736 844 καὶ
768 790 941 861 ὥραν·
979 793 1122 844 κατὰ
1154 793 1354 862 πεῖραν
1400 792 1458 845 δὲ
1506 791 1690 845 οὐκέτι
1711 807 1724 821 ·
1760 791 1854 844 τὸν

268 887 370 954 μὲν
395 885 502 954 γὰρ
528 883 750 952 Πατέρα
783 885 880 936 καὶ
913 885 994 947 είς
1023 887 1221 954 πεῖραν
1253 882 1445 946 ἐλθεῖν,
1476 885 1571 937 καὶ
1608 883 1852 955 προσλα-

261 977 380 1029 ϐεῖν
409 975 508 1045 τὴν
549 975 806 1045 τοιαύτην
832 975 1056 1044 γνῶσιν,
1086 977 1252 1048 ἡνίκα
1290 977 1472 1028 πᾶσαν
1498 974 1748 1029 ἐδεδώκει
1777 973 1855 1044 τῷ

263 1070 381 1138 Tit};
420 1069 527 1138 τὴν
564 1069 766 1138 κρίσιν·
807 1068 1089 1136 ὲκεκρίκει
1121 1067 1230 1137 γὰρ
1281 1066 1403 1119 τότε
1436 1068 1465 1118 6
1515 1066 1708 1137 Πατὴρ
1753 1068 1854 1135 τὴν

261 1159 443 1228 κρίσιν
470 1167 497 1194 ιι
526 1158 748 1211 ἃπασαν
779 1155 1088 1227 ἐγχειρίσαι
1117 1156 1195 1227 τῷ
1225 1156 1343 1227 Υίῷ
1367 1197 1382 1222 ,
1430 1158 1527 1210 καὶ
1557 1159 1682 1210 ὅσον
1719 1151 1856 1230 ἧκεν

258 1252 342 1313 εἰς
383 1248 600 1319 ψήφους
646 1249 748 1312 τὰς
797 1248 965 1301 αὑτοῦ
1012 1251 1306 1318 ἐνεργῆσαι
1348 1249 1450 1319 τὴν
1491 1250 1630 1303 ίδίαν
1673 1252 1856 1321 κρίσιν

259 1343 356 1395 καὶ¹
386 1341 880 1411 συμπεραίνεσθαι.
925 1341 983 1395 Ὀ
1006 1341 1063 1393 δέ
1102 1359 1166 1408 γε
1199 1342 1326 1404 Υἱὸς
1346 1381 1360 1404 ,
1406 1342 1566 1411 δῆλον
1595 1343 1670 1406 ὠς
1703 1342 1858 1398 οὔπω

259 1434 541 1502 κέκρικεν,
569 1433 681 1486 οὐδ’
698 1432 1069 1503 είςὲργοντὴν·
1093 1434 1314 1504 πρᾶξιν,
1335 1427 1403 1505 ἧς
1422 1436 1584 1488 αὐτὸν
1613 1437 1640 1490 ὁ
1665 1436 1856 1508 Πατὴρ

256 1527 455 1579 ἀνεῖπε
498 1526 725 1596 Κύριον,
763 1526 992 1596 ἤγαγεν.
1028 1525 1244 1579 Οὔκοῦν
1300 1527 1329 1579 6
1372 1527 1475 1598 μὲν
1525 1529 1717 1602 Πατὴρ
1760 1532 1858 1584 καὶ

257 1619 434 1690 πείρᾳ
459 1620 561 1688 τὴν
585 1616 738 1689 ὥραν
761 1614 922 1671 οἶδεν·
959 1619 986 1670 6
1011 1617 1069 1671 δὲ
1105 1618 1261 1682 Υἱὸς,
1289 1619 1338 1671 εί
1362 1619 1454 1671 καὶ
1481 1621 1604 1674 κατ’
1631 1622 1860 1692 ἐπιστή-

262 1727 398 1781 μην,
429 1710 617 1781 ὥσπερ
661 1713 690 1764 6
721 1711 933 1782 Πατὴρ,
977 1709 1094 1763 ἀλλ’
1133 1706 1234 1764 οὖν
1270 1709 1424 1764 οὔπω
1457 1713 1514 1765 δὲ
1547 1713 1640 1766 καὶ
1667 1713 1856 1785 πείρᾳ·

256 1800 475 1853 εἵσεται
523 1801 579 1854 δὲ
627 1801 847 1854 ἐπειδὰν
883 1801 1130 1870 δηλονότι
1179 1799 1280 1871 τὴν
1325 1801 1507 1871 κρίσιν
1554 1803 1678 1873 οἴσῃ
1705 1843 1722 1869 ,
1757 1805 1858 1871 τῆς

258 1889 389 1944 κατ’
420 1891 741 1961 ἐπιστήμην
761 1891 1022 1961 είδήσεως
1046 1892 1126 1953 είς
1152 1891 1253 1960 τὴν
1274 1891 1419 1944 κατὰ
1437 1894 1632 1962 πεῖραν
1655 1892 1859 1960 γνῶσιν

259 1981 662 2053 προελθούσης.

353 2075 515 2129 ’Δλλὰ
549 2075 757 2146 ταύτην
792 2075 892 2146 μὲν
918 2074 1190 2147 ὲξεθέμην
1208 2093 1292 2128 σοι
1319 2075 1419 2146 τὴν
1449 2075 1771 2147 ἑρμηνείαν,
1799 2073 1860 2128 οὗ

257 2169 369 2240 τὴν
414 2169 476 2223 ὲν
513 2168 652 2238 αὐτῇ
699 2167 935 2231 Oudva
983 2169 1264 2239 ἀλήθειαν,
1314 2168 1436 2222 ἀλλ”
1471 2169 1622 2231 ὅπως
1671 2168 1866 2238 ἀνδρὸς

260 2262 510 2332 ἁπλότης
535 2261 796 2332 τοσαύτη,
824 2262 1078 2332 ποικίλην
1106 2261 1374 2316 οὕτωκαὶ
1399 2263 1864 2333 περινενυημέινην

263 2354 530 2408 ὑπελθεῖν
569 2356 888 2424 ἐφρόντισεν
931 2354 1163 2408 ἔννοιαν·
1211 2356 1292 2408 ὄτι
1336 2355 1394 2408 δὲ
1433 2354 1543 2408 οὐδ’
1592 2355 1647 2408 αἱ
1689 2353 1866 2418 λέξεις

262 2446 439 2500 αὐταὶ
472 2447 803 2516 καταφυγῆς
847 2440 958 2498 εἶεν
987 2447 1152 2509 τόπος
1187 2447 1300 2508 τοῖς
1334 2445 1650 2517 δυσφημίαν
1677 2461 1866 2499 ποιου-

268 2539 464 2609 μένοις
495 2538 593 2609 τὴν
619 2539 866 2606 ἄγνοιαν,
896 2540 962 2592 ἐκ
988 2537 1156 2591 τῶνδε
1193 2538 1375 2609 ῥᾴδιον
1404 2538 1617 2609 μαθεῖν.
1664 2539 1722 2592 '0
1768 2539 1888 2609 μὲν

265 2627 373 2684 οὖν
405 2630 550 2702 ίερδς
586 2629 869 2692 Ματθαῖος
906 2627 1005 2698 τὴν
1033 2631 1375 2702 Δεσποτικὴν
1407 2631 1592 2703 φωνὴν
1617 2633 1867 2703 ἀναγράι⁸

267 2739 412 2791 φων,
441 2740 460 2773 ι
486 2721 676 2784 ῦὺδεὶς
697 2717 826 2786 οἶδε,
851 2722 1005 2790 φησὶ,
1030 2724 1135 2794 τὴν
1160 2722 1394 2794 ἡμέραν,
1422 2725 1548 2777 οὺδέ
1568 2724 1668 2795 τήν
1692 2723 1866 2795 ὥραν,

266 2813 398 2868 οὐδὲ
425 2814 474 2866 οἱ
506 2811 751 2881 ἄγγελοι,
783 2814 833 2866 εί
884 2814 959 2885 μὴ
988 2817 1016 2868 6
1045 2814 1234 2887 Πατήρ
1267 2833 1368 2886 μου
1411 2817 1593 2886 μόνος.
1619 2835 1636 2868 ι
1667 2816 1868 2870 Σκόπει

271 2907 389 2976 γὰρ
413 2907 620 2960 λοιπόν·
651 2907 871 2977 πρῶτον
903 2908 1022 2978 μὲν,
1052 2909 1207 2970 ὅπως
1259 2907 1454 2973 εἰπὼν,
1507 2907 1636 2961 οὐδ’
1667 2907 1724 2962 οὶ
1762 2907 1868 2978 ἆτ-

271 3001 444 3066 τηελοι
465 3036 479 3059 ,
504 2997 690 3050 οὐκέτι
723 2997 1114 3068 προστίθησιν,
1156 2998 1292 3051 Οὐδὲ
1321 2999 1349 3050 6
1375 2999 1528 3061 Υἱός.
1570 2996 1730 3052 Οὕτω
1759 2999 1871 3069 γάρ

271 3087 348 3154 ἦν
390 3089 424 3159 ἡ
464 3087 607 3152 λέξις
640 3089 773 3151 ἴσως
815 3088 1166 3159 ἀναχώρησις
1205 3087 1306 3142 τοῦ
1342 3089 1790 3159 δυσσεὸήματος,
1821 3091 1871 3143 εἰ

273 3181 379 3233 καὶ
409 3180 501 3232 τὸν
532 3180 660 3232 Υἱὸν
691 3179 803 3242 τοῖς
835 3179 1092 3247 ἀγγέλοις
1128 3179 1384 3249 προσθεὶς
1421 3181 1726 3251 ἐπήγαγεν,
1751 3196 1776 3232 ‹
1807 3179 1872 3234 Ei

277 3273 360 3341 μὴ
393 3273 420 3323 6
453 3272 643 3341 Πατήρ
703 3289 807 3342 μου
858 3271 1040 3342 μόνος,
1081 3291 1099 3324 ι
1155 3271 1270 3325 Νῦν
1310 3274 1368 3325 δὲ
1405 3276 1504 3344 οὐχ
1546 3272 1693 3327 οὕτω·
1735 3273 1871 3344 φησι

279 3363 488 3429 ποθενς
539 3363 673 3416 ἀλλὰ
725 3365 890 3435 μέχρι
928 3363 1045 3417 τῶν·
1087 3365 1338 3433 ἀγγέλων
1383 3367 1723 3438 παρκτείνας
1771 3368 1871 3437 τὴν

277 3454 530 3520 ἄγνοιαν,
574 3454 761 3507 οὐκέτι
801 3454 972 3526 ταύτῃ
1017 3456 1108 3508 τδν
1147 3456 1275 3509 Υίὸν
1307 3455 1544 3526 ὑπάγει·
1572 3457 1647 3522 ὡς
1680 3457 1745 3512 ἂν
1794 3460 1869 3531 μὴ

280 3545 474 3615 χώραν
503 3547 616 3615 ἔχοι
649 3545 772 3599 κατ’
801 3546 1001 3610 αὖτοὺς
1039 3547 1067 3598 6
1107 3547 1298 3617 Πατὴρ
1342 3550 1742 3620 ἐπιφερόμενον
1773 3552 1871 3621 τὴν

280 3639 422 3709 πρὸς
443 3640 537 3691 τὸν
561 3639 686 3692 Υίδν
705 3639 1074 3709 ἀπαγορεύειν
1095 3640 1407 3710 διαστολὴν.
1464 3641 1625 3693 Ἀλλὰ
1640 3642 1750 3712 γάρ
1771 3641 1874 3695 κά-

281 3732 478 3792 τωθεν,
506 3731 615 3784 ἀπὸ
641 3732 756 3784 τῶν
779 3731 1091 3803 Mil-ptimum
1113 3733 1304 3796 ἀνιὼν,
1338 3731 1431 3786 καὶ
1453 3735 1580 3796 τοὺς
1609 3734 1876 3801 ἀγγέλους

282 3826 534 3895 φθάσας,
569 3825 756 3878 ούκέτι
799 3826 1018 3894 πρόεισι
1059 3827 1394 3896 περαιτέρω·
1439 3827 1620 3879 ἐκεῖσε
1657 3827 1715 3879 δὲ
1747 3844 1878 3896 συγ-

285 3918 655 3981 κατακλείσας
688 3918 785 3989 τὴν
815 3918 1063 3985 ἄγνοιαν,
1104 3918 1204 3988 τὴν
1231 3928 1261 3948 '
1295 3918 1622 3990 ὑπερούσιον
1654 3919 1750 3972 καὶ
1779 3921 1874 3991 δη-

287 4012 552 4081 μιουργὸν
584 4011 778 4064 οὐσίαν
803 4012 1022 4084 μακρὰν
1058 4013 1263 4081 ἀπάγει
1293 4013 1496 4085 ταύτης
1530 4015 1626 4068 καῖ
1656 4015 1880 4085 ὑπερτί-

281 4105 467 4174 Θησιν·
501 4104 810 4175 ἀνθρώπων
855 4105 965 4174 μὲν·
999 4107 1114 4176 γὰρ
1139 4101 1206 4177 ἦν
1304 4107 1413 4158 τῶν
1450 4107 1710 4178 μαθητῶν
1738 4107 1879 4178 ἐρώ-

285 4210 466 4265 τησις,
499 4191 566 4267 ἧς
594 4195 912 4264 ἀπόκρισις,
941 4216 960 4246 ι
993 4197 1184 4259 Οὗδεὶς
1207 4194 1371 4263 οἶδεν,
1404 4217 1422 4248 ι
1453 4197 1760 4269 ἀνθρώπων
1784 4199 1879 4268 δη-

284 4285 490 4340 λονότι·
516 4283 657 4352 εἷτα,
693 4287 806 4341 οὐδ’
835 4288 888 4341 οε
915 4289 1157 4356 ἄγγελοι·
1191 4289 1397 4359 saepe;
1425 4284 1580 4354 οὗτος
1608 4289 1628 4358 ί
1650 4291 1789 4361 μετά
1818 4307 1879 4359 γε

287 4379 357 4430 τὺ
388 4376 736 4448 ἀνθρώπινον
764 4380 800 4448 ἡ
843 4379 951 4431 τῶν
996 4379 1310 4449 ἀσωμάτων
1353 4380 1560 4451 φύσις)
1601 4379 1880 4451 δεύτερος.

289 4468 358 4521 Τί
389 4468 482 4520 οὖν
513 4471 541 4521 ὁ
565 4467 718 4535 Υἱός;
750 4471 797 4521 εί
829 4470 927 4540 μὲν
952 4469 1143 4540 ὥσπερ
1180 4470 1245 4540 δὴ
1277 4473 1369 4524 καὶ
1397 4475 1563 4538 νόμος
1604 4470 1756 4530 υίῶν,
1785 4473 1884 4541 τῆς

1958 623 2153 677 unum,
2189 625 2288 680 per
2328 613 2756 681 experientiam,
2803 617 3035 670 alterum
3067 633 3163 686 per
3197 630 3410 687 artem;
3456 638 3545 678 se-

1957 702 2200 756 cundum
2233 711 2403 759 artem
2449 714 2543 760 aut
2586 688 3230 778 cognitioncm‘diccbat,
3287 730 3441 784 teque
3481 731 3546 770 ac

1956 792 2172 848 Patrem
2196 793 2393 851 Filium
2425 799 2575 854 illum
2601 801 2743 854 diem
2766 810 2820 855 ct
2841 802 3032 856 boram
3050 820 3405 875 cognoscere.
3433 825 3544 862 non

1957 888 2258 944 secundum
2298 891 2728 960 experientiam;
2769 892 2985 948 Patrem
3031 898 3177 951 enim
3211 901 3546 970 experientia

1958 981 2304 1049 cognovisse,
2345 991 2399 1037 et
2429 984 2590 1038 talem
2624 986 2909 1040 scientiam
2961 991 3328 1058 assumpsisse
3351 1034 3366 1056 ,
3419 1011 3546 1048 eum

1957 1084 2126 1126 omne
2154 1071 2421 1141 judicium
2470 1075 2524 1129 in
2560 1074 2760 1130 Filium
2805 1077 3191 1134 transcriberet
3225 1082 3548 1150 :jndicnbat

1959 1163 2109 1216 enim
2148 1171 2279 1218 tunc
2305 1162 2464 1220 Pater
2489 1169 2808 1233 convenire,
2873 1179 2932 1224 ut
2967 1171 3237 1240 judicium
3281 1176 3362 1229 sic
3401 1186 3551 1229 tran-

1965 1255 2252 1322 scriberet,
2285 1265 2342 1310 et
2371 1267 2635 1327 quantum
2691 1261 2868 1330 ipsius
2919 1263 3238 1334 suffragium
3265 1267 3550 1335 attinebat,

1960 1347 2246 1415 prOprium
2287 1363 2451 1402 suum
2471 1349 2742 1418 judicium
2765 1364 3202 1410 conSummassc.
3235 1357 3304 1409 At
3334 1367 3552 1413 constat

1961 1434 2163 1491 Filium
2193 1447 2320 1493 actu
2356 1439 2913 1510 nondumjudicasse,
2936 1457 3036 1501 nec
3066 1447 3119 1501 in
3149 1445 3400 1501 effectum
3434 1464 3549 1503 rem

1961 1527 2134 1592 illam,
2168 1529 2256 1584 cui
2289 1531 2466 1599 ipsum
2501 1534 2746 1604 praefecit
2778 1535 2955 1604 Pater,
2991 1537 3216 1593 duxisse
3251 1559 3263 1593 :
3291 1541 3551 1609 quocirca

1962 1618 2124 1674 Pater
2149 1623 2484 1691 experientia
2515 1625 2706 1680 horam
2735 1628 2905 1685 novit.
2941 1627 3111 1685 Filius
3140 1631 3268 1686 licet
3300 1643 3361 1687 ttt
3391 1631 3555 1688 Pater

1959 1711 2264 1766 secundum
2304 1721 2476 1767 artem
2513 1714 2682 1781 novit,
2719 1718 2961 1773 nondum
2998 1729 3178 1774 tamen
3215 1722 3554 1791 experientia

1968 1799 2135 1854 novit.
2171 1799 2318 1856 Sciet
2349 1811 2538 1856 autem
2564 1812 2701 1868 tum,
2733 1821 2857 1860 cum
2905 1805 3176 1877 judicium
3222 1807 3402 1874 faciet,
3440 1818 3552 1864 tum

1964 1891 2224 1960 cognitio,
2254 1907 2378 1962 quae
2399 1903 2481 1948 est
2509 1908 2608 1964 per
2640 1896 2955 1964 scientiam,
2989 1899 3246 1956 transibit
3276 1902 3330 1955 in
3358 1903 3552 1971 cogni-

1962 1980 2170 2035 tionem
2203 1995 2300 2051 per
2327 1983 2748 2056 experientiam.

2038 2073 2192 2128 [lane
2219 2075 2319 2130 tibi
2342 2075 2766 2146 explicationem
2802 2081 3100 2150 proposui,
3134 2095 3244 2135 non
3277 2083 3422 2153 quod
3460 2099 3555 2140 ve—

1965 2181 2088 2220 ram
2116 2181 2213 2236 per
2235 2168 2422 2221 omnia
2457 2183 2736 2234 censeam,
2763 2171 2860 2225 sed
2899 2181 2957 2226 ttt
2987 2174 3226 2230 hominis
3254 2176 3374 2246 ejus
3404 2186 3557 2232 tanta

1967 2260 2327 2329 simplicitas,
2379 2273 2490 2315 tam
2542 2263 2750 2316 variam
2798 2272 2852 2319 et
2885 2267 3260 2336 multipliciter
3293 2270 3558 2339 agitatam

1967 2353 2359 2422 cogitationem
2407 2369 2743 2424 sensumque
2800 2358 3128 2428 satagebat:
3159 2374 3326 2429 porro
3372 2371 3559 2416 autem

1967 2445 2115 2515 quod
2155 2461 2255 2499 nec
2286 2445 2406 2515 ipsa
2441 2447 2615 2502 dictio
2645 2448 2841 2517 refugii
2890 2447 3069 2504 locum
3121 2451 3414 2519 praebitura
3463 2455 3559 2520 sit,

1968 2539 2062 2608 qui
2095 2553 2162 2594 ex
2217 2540 2526 2609 ignorantia
2583 2541 3004 2609 blasphemant,
3059 2543 3219 2600 facile
3266 2554 3451 2615 potest
3491 2563 3561 2602 ex

1973 2631 2124 2686 hisee
2184 2629 2367 2685 disci:
2414 2645 2572 2684 sacer
2614 2632 2698 2684 vir
2755 2630 3048 2688 Mattbauts
3092 2632 3308 2689 Domini
3353 2635 3561 2689 dictum

1969 2723 2286 2778 edisserens
2343 2721 2509 2777 refert
2564 2740 2577 2777 :
2631 2739 2651 2773 ‹
2700 2722 2872 2777 Nemo
2921 2724 3075 2778 novit
3118 2725 3342 2789 horam,
3387 2743 3566 2796 neque

1970 2815 2136 2876 diem,
2169 2830 2276 2868 non
2321 2814 2523 2884 angeli,
2572 2813 2680 2868 nisi
2729 2812 2878 2869 solus
2903 2813 3063 2868 Pater
3089 2829 3267 2869 meus.
3294 2816 3338 2847 ³¹
3372 2836 3390 2868 ι
3427 2817 3565 2874 Nota

1972 2906 2234 2976 primum,
2282 2907 2433 2976 quod
2463 2906 2552 2960 ubi
2598 2906 2812 2959 dixerat
2848 2923 2862 2961 :
2909 2901 3027 2960 Nec
3049 2907 3242 2976 angeli,
3273 2924 3380 2963 non
3411 2910 3565 2978 adje-

1975 2999 2049 3050 cit
2080 3014 2093 3050 :
2126 2998 2240 3053 Nee
2289 2997 2462 3054 Filius
2496 3018 2508 3052 :
2543 3000 2648 3054 hoc
2681 2999 2828 3054 enim
2867 3000 3074 3056 dictum
3107 3001 3248 3056 forte
3280 3004 3424 3057 viam
3459 3005 3565 3058 im-

1959 3090 2160 3158 ,pictati
2195 3093 2454 3155 muniret,
2480 3091 2526 3145 si
2560 3106 2685 3146 eum
2713 3092 2926 3159 angelis
2962 3092 3052 3146 ubi
3082 3091 3279 3147 Filium
3308 3105 3570 3164 posuerat

1901 3207 1947 3267 C
1979 3183 2298 3238 intulisset:
2335 3199 2359 3234 ‹
2396 3183 2513 3238 Nisi
2547 3183 2710 3239 Pater
2766 3199 2920 3239 meus
2956 3185 3148 3252 solus;
3187 3205 3204 3237 ›
3256 3197 3310 3241 at
3339 3204 3444 3242 non
3493 3190 3568 3243 ita

1981 3275 2249 3345 loquitur,
2299 3276 2393 3329 sed
2448 3275 2813 3344 ignorantiam
2852 3274 2920 3328 ad
2976 3277 3199 3346 angelos
3247 3291 3426 3347 neque
3475 3279 3566 3334 ubi

1979 3367 2304 3430 deduxerat,
2353 3379 2460 3420 non
2503 3366 2682 3419 cidem
2715 3356 2951 3434 subjecit
2986 3365 3227 3432 Filium;
3283 3385 3372 3435 ne,
3419 3371 3566 3439 quod

1981 3457 2214 3521 voiunt,
2268 3458 2397 3512 inde
2441 3457 2600 3512 Pater
2640 3457 2874 3511 infertur
2921 3474 3043 3513 cum
3095 3459 3233 3512 Filio
3278 3459 3568 3518 diastolem

1983 3553 2320 3622 probi-bere;
2359 3552 2646 3606 desursum
2686 3551 2755 3605 ab
2787 3552 3098 3607 hominibus
3131 3569 3482 3623 progreSsus,
3514 3569 3570 3609 ct

1982 3645 2053 3700 ad
2100 3645 2322 3716 angelos
2352 3646 2673 3714 perveniens
2698 3685 2714 3710 ,
2754 3646 2984 3700 ulterius
3035 3660 3143 3700 non
3201 3651 3566 3719 progreditur.

1984 3738 2085 3792 llic
2121 3737 2234 3807 jam
2270 3737 2602 3791 concludens
2643 3737 3032 3808 ignorantiam,
3065 3741 3569 3808 supersul.>stantia-

1983 3827 2088 3884 lem
2118 3841 2172 3884 et
2207 3830 2527 3884 creatricem
2563 3829 2925 3884 substantiam
2956 3831 3116 3900 longe
3147 3829 3216 3892 ab
3264 3833 3352 3886 illa
3394 3849 3575 3887 semo-

1988 3932 2097 3975 tam
2129 3921 2724 3990 transcendentemque
2751 3922 2906 3989 ponit
2933 3939 2946 3974 :
2982 3937 3106 3974 nam
3147 3923 3375 3991 quaestio
3405 3924 3573 3978 disci-

1986 4013 2246 4082 pulorum
2276 4013 2518 4067 humana
2544 4013 2664 4077 fuit,
2690 4015 2850 4082 cujus
2879 4013 3167 4082 responsio
3195 4027 3348 4069 erat:
3373 4015 3574 4070 «Nemo

1988 4106 2161 4169 novit,
2205 4124 2230 4157 ι
2291 4120 2494 4169 nemo,
2556 4105 2817 4158 nimirum
2850 4145 2866 4166 ,
2931 4105 3246 4170 hominum,
3320 4108 3414 4161 sed
3473 4123 3578 4164 nec

1990 4198 2191 4267 angeli,
2223 4194 2425 4267 gradus
2455 4196 2592 4251 alter
2613 4237 2626 4261 ,
2659 4204 2788 4266 post;
2831 4196 3085 4251 homines
3141 4197 3575 4266 incorporalittm

1989 4290 2148 4353 ordo,
2179 4292 2429 4346 subsistit
2458 4287 2511 4342 in
2548 4289 2828 4345 secundis.
2863 4289 3003 4355 Quid
3025 4298 3229 4362 autem
3265 4289 3576 4344 Filius?si—

1991 4384 2236 4453 quidem,
2278 4383 2424 4452 quod
2455 4382 2684 4447 obtinet,
2712 4397 2807 4451 per
2831 4382 2999 4453 legem
3029 4382 3306 4438 filiationis
3340 4395 3577 4453 paterme

1994 4476 2182 4546 gloria:
2211 4485 2267 4529 et
2299 4482 2507 4528 natura?
2559 4473 2735 4528 haeres
2788 4475 2900 4538 sit,
2960 4473 3164 4528 frustra
3209 4477 3575 4543 ignorantiam

292 4561 572 4631 πατρικῆς
605 4561 760 4630 δόξης
800 4561 1138 4633 κληρονόμος
1170 4565 1268 4615 καὶ
1294 4562 1510 4632 φύσεως
1533 4606 1547 4630 ,
1585 4566 1764 4635 μάτην
1791 4583 1870 4618 πε·

1991 4568 2166 4622 hianti
2199 4581 2293 4622 ore
2321 4563 2494 4621 infers
2519 4583 2532 4619 :
2553 4567 2638 4620 sin
2671 4582 2778 4619 non
2816 4565 2889 4619 ita
2917 4565 3006 4632 sit,
3041 4567 3258 4621 tertium
3289 4577 3576 4621 creatura-

293 4653 558 4726 ριχαίνεις
593 4653 692 4724 τὴν
721 4654 981 4722 ἄγνοιαν·
1011 4657 1058 4708 εί
1090 4655 1134 4708 6’
1166 4655 1264 4708 οὐκ
1292 4656 1358 4710 ἂν
1393 4655 1491 4727 ἔχῃ
1516 4698 1529 4722 ,
1577 4659 1768 4728 τρίτην
1800 4675 1883 4710 σοι

287 4745 400 4801 τῶν
420 4747 746 4816 κτισμάτων·
768 4748 1154 4817 ἀναπληρώσει
1185 4747 1369 4810 τάξιν·
1401 4750 1496 4801 καὶ
1524 4749 1644 4811 πῶς
1673 4752 1701 4801 6
1727 4749 1884 4816 λόγος

287 4840 458 4894 αὐτὸν
483 4839 925 4910 ὖπερσλλόμενος
955 4843 1049 4894 ἐπὶ
1067 4841 1158 4893 τόν
1187 4842 1401 4912 πατέρα
1429 4842 1582 4913 διέϐη
1607 4859 1621 4906 ;
1646 4843 1752 4895 ἔδει
1776 4842 1884 4911 γὰρ

290 4929 480 4993 αὑτὸν,
521 4930 570 4982 εἰ
607 4931 682 5000 μὴ
714 4931 748 5000 ἡ
779 4933 873 4982 τοῦ
920 4931 1133 5000 Πατρὸς
1158 4971 1172 4993 ,
1208 4931 1344 4984 ἀλλὰ
1370 4932 1532 5003 τρίτη
1561 4932 1717 4997 τάξις
1743 4927 1880 5001 εἶχε,

290 5023 397 5075 τὸν·
426 5023 752 5093 Μονογενῆ.,
792 5024 1059 5095 πρότερον
1094 5026 1292 5087 εἰπεῖν,
1347 5043 1366 5074 ι
1416 5025 1537 5078 οὐδὲ
1587 5025 1616 5076 6
1665 5024 1822 5087 Υἱός·
1857 5043 1875 5074 ι

297 5110 400 5165 εἷθ’
435 5112 579 5166 οὓτω
621 5115 720 5185 τὴν
763 5115 966 5184 γνῶσιν
1013 5115 1296 5168 ἀναθεῖναι
1342 5115 1418 5186 τῷ
1457 5119 1653 5185 Πατρί·
1695 5115 1790 5170 νῦν
1829 5117 1886 5170 δὲ

298 5204 628 5274 ἀνθρώπων,
658 5209 810 5278 φησι,
845 5210 938 5262 καὶ
971 5207 1280 5277 ἀσωμάτων
1310 5209 1446 5261 νόων
1478 5208 1726 5274 διελθὼν,
1757 5209 1888 5262 οὐκ-

301 5298 390 5349 έτι
419 5295 721 5362 διαϐιϐάζει
746 5298 844 5368 τὴν
874 5288 1102 5366 ἄγνοιαν
1129 5298 1224 5350 ἐπὶ
1270 5298 1360 5351 τὸν
1394 5298 1544 5362 Υἱὸν,
1578 5299 1696 5350 ἀλλ’
1728 5299 1888 5362 εὐθὺς

295 5389 369 5457 τῇ
402 5391 641 5458 πατρικῇ
671 5391 854 5458 φύσει,
893 5385 962 5462 ἧς
988 5388 1328 5462 κληρονόμος
1352 5390 1574 5460 γνήσιος
1606 5389 1755 5457 Υἱὸς,
1789 5390 1898 5460 τὴν

371 5541 417 5574 ⁸·
462 5540 654 5598 Matth.
685 5559 837 5608 xxtv,
869 5543 959 5599 56.

1991 4675 2115 4714 rum
2139 4657 2388 4714 ordinem
2432 4657 2746 4727 adimpleat.
2785 4657 2854 4710 At
2887 4657 3029 4710 unde
3069 4656 3297 4721 factum,
3337 4667 3397 4712 ut
3433 4659 3576 4714 saltu

1992 4760 2147 4806 trans
2197 4751 2351 4804 illum
2409 4749 2552 4804 facto
2583 4790 2599 4817 ,
2644 4763 2828 4804 sermo
2869 4749 2934 4804 ad
2968 4750 3188 4805 Patrem
3229 4751 3582 4818 pervenerit?

1992 4858 2300 4913 congruum
2333 4843 2478 4897 enim
2519 4841 2720 4908 fuerat,
2756 4842 2802 4897 si
2842 4858 2948 4896 non
2989 4852 3253 4911 paternus
3294 4842 3450 4906 ordo,
3483 4843 3578 4897 sed

1995 4933 2192 4987 tertius
2221 4931 2346 5001 quis
2376 4932 2595 4985 tenebat
2628 4931 2850 4995 Filium,
2885 4932 3036 4985 illum
3077 4941 3204 4986 ante
3232 4931 3447 4984 Patrem
3479 4946 3579 4985 no-

1995 5025 2240 5090 minare;
2294 5023 2411 5089 sic,
2459 5043 2476 5074 ι
2506 5021 2693 5093 Neque
2725 5023 2932 5090 Filius,
2966 5042 2984 5074 ι
3034 5023 3108 5076 ita
3156 5018 3298 5077 Patri
3338 5023 3579 5093 c0gnitio

1995 5113 2410 5167 attribueretur.
2444 5111 2545 5167 Ast
2574 5114 2626 5166 in
2659 5115 2914 5184 praesenti
2954 5114 3238 5168 hominum
3269 5122 3324 5168 et
3353 5115 3579 5182 angelo-

1997 5219 2119 5257 rum
2162 5203 2387 5258 ordines
2418 5211 2822 5275 tranSgressus,
2863 5207 3226 5276 ignorantiam
3262 5222 3367 5261 non
3395 5217 3577 5259 trans-

1999 5298 2105 5352 fert
2147 5299 2211 5352 ad
2251 5297 2474 5365 Filium,
2510 5301 2607 5354 sed
2659 5301 2942 5365 continuo,
2989 5317 3111 5355 cum
3158 5299 3329 5355 Filius
3370 5311 3579 5354 natura:

1999 5404 2238 5462 paternae
2251 5393 2525 5464 genuinus
2549 5394 2720 5449 lui-res
2738 5395 2831 5460 sit,
2868 5394 3188 5450 testificatur
3215 5396 3280 5449 de
3303 5409 3371 5448 eo
3387 5393 3577 5462 cogni-

1583 5639 1819 5695 VARle
1882 5639 2284 5699 LEGTIO‘NES.

377 5759 406 5786 "
438 5749 500 5804 C.
524 5748 594 5806 Μ.
621 5750 648 5802 6
677 5751 858 5821 πατὴρ
887 5750 966 5822 τῷ
993 5752 1093 5822 τὴν
1121 5753 1320 5824 κρίσιν.
1394 5762 1412 5780 ⁸
1433 5753 1492 5808 C.
1525 5752 1595 5807 Μ.
1626 5756 1726 5826 τὴν
1762 5756 1988 5824 ἄγνοιαν
2021 5760 2112 5812 καὶ
2144 5758 2262 5828 τήν.

593 5871 870 5932 Ρηιιοι..
915 5870 959 5929 (1
974 5891 1029 5929 ιι.
1063 5872 1158 5931 (λι.

3140 5876 3217 5932 22
