4072 6424
536 368 647 431 075

1708 364 1973 425 PHOTII
2010 362 2519 423 PATRIARCH/E
2553 364 2662 424 CP.

3723 364 3840 425 676

530 484 763 537 tionem.
788 478 943 533 Unde
971 477 1137 548 igitur
1159 484 1215 532 tu
1242 486 1521 547 arreptam
1548 477 1913 547 ignorantiam
1935 480 1989 533 in
2012 477 2112 532 Fili

2240 475 2444 543 γνῶσιν
2485 480 2776 547 μαρτυρεῖ.
2814 478 2986 531 Πόθεν
3019 473 3113 531 οὖν
3142 477 3205 531 σὺ
3234 477 3333 547 τὴν
3365 478 3591 545 ἄγνοιαν
3626 478 3841 542 λαϐὼν,

537 589 658 630 eam
686 570 954 627 transfers
983 570 1375 626 contumeliam
1402 610 1417 634 ,
1450 572 1553 624 nisi
1594 571 1900 625 secundum
1934 580 1985 625 te
2017 587 2125 625 una

536 681 662 720 cum
702 661 1020 717 hominibus
1052 670 1108 715 et
1131 662 1341 730 angelis
1363 663 1466 715 hoc
1496 670 1581 717 est
1616 663 1792 718 servis
1816 664 2127 718 censebitur

534 754 846 809 Dominus?
876 753 1023 822 quod
1056 753 1324 808 hactenus
1347 754 1489 822 apud
1517 768 1710 808 omnes
1736 754 1937 824 impios
1968 755 2124 809 inau-

534 848 709 903 ditum
748 852 835 900 est
868 863 882 900 :
923 845 1008 899 sin
1043 845 1149 898 hoc
1183 860 1293 898 non
1324 844 1549 908 audeas,
1576 845 1671 899 sed
1706 845 1903 899 Filium
1932 846 2001 900 ab
2025 861 2127 900 an-

533 936 704 1004 gelica
736 933 1046 991 substantia
1082 948 1337 1004 separes,
1391 936 1519 991 licet
1564 936 1711 991 Patri
1769 938 1951 993 adhuc
1995 952 2123 991 eum

532 1029 802 1098 aequalem
836 1044 945 1083 non
988 1029 1193 1095 facias,
1244 1046 1354 1085 non
1402 1034 1791 1103 consequeris,
1842 1048 1966 1087 cum
2014 1042 2124 1088 tam

533 1121 681 1174 clare
707 1120 775 1173 de
813 1117 1024 1189 angelis
1053 1121 1421 1191 ignorantiam
1485 1125 1649 1179 verba
1695 1125 2011 1195 praedicent,
2064 1136 2126 1181 ut.

534 1209 700 1265 liceat
717 1210 813 1265 tibi
837 1211 942 1280 ipsi
964 1212 1213 1267 eamdem
1241 1213 1517 1284 aﬂingere,
1538 1225 1820 1287 utcunque
1844 1217 2124 1273 mttltoties

532 1302 804 1356 violenter
837 1302 1140 1359 transferre
1188 1306 1335 1361 illam
1388 1309 1643 1374 coneris,
1708 1310 1761 1363 in
1801 1310 2049 1366 ordinem
2092 1327 2124 1366 a

535 1394 697 1449 Patre
724 1410 825 1448 suo
855 1395 1135 1452 diVersum
1162 1412 1177 1464 ;
1214 1407 1268 1453 et
1306 1410 1483 1455 tamen
1514 1401 1595 1456 vel
1624 1402 1724 1466 sic,
1763 1412 1821 1457 ut
1858 1402 2120 1475 refugias,

534 1486 663 1541 licet
692 1488 989 1542 secundum
1014 1498 1064 1544 te
1079 1484 1405 1560 Unigenitus
1423 1490 1570 1547 Patri
1595 1495 1925 1552 coadunitus
1946 1498 2124 1552 scien-

539 1580 629 1635 tiae
663 1591 915 1634 naturam
938 1594 1157 1635 omnem
1189 1584 1657 1639 ctsublimitatem
1691 1588 2122 1656 transcendenti,

537 1670 666 1739 quia
696 1680 919 1738 paterna
956 1679 1057 1735 est,
1092 1670 1291 1729 ridebit
1321 1682 1469 1727 tuam
1500 1677 1717 1731 tertiam
1749 1686 1904 1732 extra
1949 1678 2124 1733 lineas

537 1761 908 1815 ambulantem
936 1761 1382 1831 ordinationem;
1434 1775 1489 1820 et
1540 1767 1760 1822 ubinam
1801 1769 1907 1824 hoc
1959 1785 2118 1839 pacto

534 1862 781 1922 apparet,
815 1853 958 1922 quod
994 1853 1380 1921 limreticorum
1414 1858 1631 1914 insania
1657 1860 1830 1930 fingit,
1860 1861 2120 1931 ignoran-

534 1948 613 2002 tia
660 1946 881 2001 Christo
936 1946 1209 2012 insiliens,
1246 1949 1331 2002 vel
1382 1950 1684 2006 secundum
1724 1953 1993 2018 litteram,
2026 1962 2121 2009 aut

535 2039 803 2092 sensum?
837 2037 949 2091 imo
977 2038 1149 2105 aiunt,
1183 2040 1312 2110 quia
1338 2041 1505 2108 addit,
1535 2060 1553 2094 ι
1580 2042 1693 2099 Nisi
1727 2044 1887 2100 Pater
1908 2048 2113 2112 solus,»

536 2140 705 2195 recte,
738 2140 791 2185 et
825 2130 980 2185 valde
1011 2132 1285 2201 sapienter
1311 2152 1323 2187 :
1353 2148 1420 2188 ne
1451 2135 1735 2192 existimes
1759 2178 1773 2202 ,
1807 2140 1952 2208 quod
1993 2156 2118 2194 cum

535 2222 924 2292 intelligentias
958 2218 1281 2293 praeterierit
1309 2226 1664 2296 incorporeas
1691 2271 1705 2295 ,
1738 2228 1919 2285 locum
1957 2232 2117 2287 habi-

535 2325 720 2366 turum
746 2329 921 2383 usque
942 2315 1009 2368 ad
1040 2323 1291 2370 naturam
1324 2318 1556 2387 primam
1587 2336 1937 2391 progressum
1967 2323 2115 2379 facit.

533 2408 694 2461 (Ierte
726 2408 793 2460 ab
826 2408 929 2461 hac
975 2409 1089 2463 sola
1130 2412 1433 2467 conditrice
1464 2422 1519 2468 et
1548 2415 1868 2471 dominante
1900 2421 2120 2474 univer-

534 2515 719 2552 sorum
753 2500 830 2554 uti
862 2502 1044 2555 omnia
1071 2511 1266 2558 caetera
1289 2520 1410 2572 qua:
1431 2508 1757 2578 consignant
1784 2521 2114 2579 creaturam,

532 2590 609 2643 ita
652 2599 707 2643 et
760 2592 1068 2659 ignorantia
1126 2594 1450 2663 longissime
1483 2598 1841 2672 disjungitnr.
1872 2602 2029 2671 Quod
2070 2605 2114 2659 si

532 2681 852 2745 vox,solus,
894 2683 1084 2738 turbas
1109 2686 1360 2751 conciet,
1422 2690 1756 2746 intellectum
1810 2694 1882 2749 sit
1932 2696 2118 2765 potius

531 2772 681 2839 quod
707 2788 737 2824 a
765 2772 988 2839 quibus,
1019 2774 1386 2844 ignorantiam
1415 2780 1613 2848 citans,
1659 2784 1874 2841 Patrem
1904 2789 2117 2859 disjun-

534 2862 633 2925 xit,
665 2872 856 2915 contra
885 2864 1006 2918 illos
1034 2873 1083 2918 et
1116 2865 1304 2921 divisit
1360 2868 1515 2935 illud,
1575 2874 1756 2939 solus;
1806 2892 1929 2946 quae
1977 2879 2118 2932 ratio

532 2961 638 3014 est,
662 2954 871 3020 angelis
904 2954 1544 3029 tribuereignorantiam,
1571 2974 1687 3019 tum
1717 2975 1773 3019 ut
1804 2967 1912 3023 illis
1944 2970 2115 3025 omis-

533 3044 631 3109 sis,
657 3044 724 3097 ad
760 3044 1121 3101 diilerentiam
1158 3048 1303 3115 Filii,
1344 3053 1411 3108 de
1452 3071 1563 3124 quo
1596 3066 1690 3111 aut
1719 3067 1907 3114 contra
1951 3076 2113 3130 quem

2231 567 2317 634 ἔφ’
2359 566 2515 636 ὕϐρει
2566 568 2997 633 κατασκευάζεις
3033 569 3129 622 τοῦ
3182 567 3344 635 Υἱοῦ;
3394 571 3444 621 εί
3484 571 3559 639 μὴ
3607 570 3715 639 ἄρα
3750 589 3842 625 σοι

2228 659 2341 721 τοῖς
2371 659 2628 726 ἀγγέλοις
2667 660 2762 713 καὶ
2793 659 3004 723 δούλοις
3032 660 3060 712 6
3086 661 3398 732 Μονογενὴς
3423 662 3519 714 καὶ
3544 664 3841 733 Δεσπότης

2229 750 2637 817 συντετάξεται·
2679 751 2728 817 ὃ,
2769 751 2931 822 μέχρι
2960 762 2986 801 P
3025 752 3139 816 νῦν,
3169 752 3398 822 οὐδεμία
3432 752 3590 825 ὤφθη
3624 754 3831 808 δυσσέ-

2230 840 2354 895 ϐεια
2399 842 2765 911 μελετήσασα.
2795 845 2859 896 Ei
2894 842 2951 895 δὲ
2994 844 3069 914 μὴ
3115 843 3274 898 τοῦτο
3301 845 3503 916 τολμᾷς
3526 887 3543 910 ,
3596 846 3839 910 ὑπεξαί-

2232 944 2396 1003 ρειςίι
2428 933 2485 986 δὲ
2518 934 2609 986 τὸν
2654 934 2781 986 Υίὺν
2824 937 2924 1005 τῆς
2969 935 3270 1006 ἀγγελικῆς
3314 938 3537 1000 οὐσίας·
3587 938 3693 991 κᾶν
3729 940 3835 1007 τῆς

2228 1024 2506 1093 πατρικῆς
2551 1025 2764 1078 οὐδέπω
2798 1025 2908 1078 ίσον
2952 1025 3018 1079 ἂν
3061 1027 3181 1099 ἔχῃ·
3225 1029 3324 1097 οὐχ
3368 1028 3511 1093 ’ἐξεις
3553 1028 3838 1099 δήπουθεν

2227 1116 2497 1186 λαμπρῶς
2528 1115 2671 1169 οὕτω
2692 1116 2800 1169 τῶν
2825 1115 3048 1182 λέξεων,
3093 1118 3183 1169 ἐπὶ
3207 1119 3316 1171 τῶν
3366 1119 3613 1187 ἀγγέλων
3638 1123 3838 1188 ἀπαγ-

2225 1208 2526 1276 γελλύντων
2554 1208 2653 1277 τὴν
2686 1208 2911 1277 ἄγνοιαν
2958 1209 3259 1279 οὐδαμόθεν
3292 1211 3445 1282 αὐτῷ
3478 1211 3686 1282 ταύτην
3729 1231 3837 1264 πε-

2228 1299 2499 1368 ριάπτειν,
2530 1300 2633 1352 κᾶν
2662 1301 2923 1370 μυριάκις
2946 1303 3022 1363 εἰς
3042 1301 3209 1371 ἄλλην
3222 1302 3376 1368 τάξιν
3404 1304 3639 1371 ἀπάγειν
3670 1303 3839 1374 παρὰ

2225 1393 2317 1445 τὸν
2375 1393 2599 1463 πατρῶν
2642 1393 2845 1465 κλῆρον
2875 1394 3131 1468 ἑκὸιάσῃο
3172 1397 3266 1449 καὶ
3301 1395 3445 1449 οὕτω
3478 1397 3664 1462 πάλιν,
3719 1400 3836 1450 κᾶν

2228 1486 2303 1555 μὴ
2345 1485 2510 1556 βούλῃ
2554 1488 2620 1557 τῇ
2655 1486 2925 1539 καὶκατὰ
2965 1486 3027 1538 σε
3070 1487 3344 1556 ὑπερφυεῖ
3383 1488 3477 1540 καὶ
3527 1489 3834 1558 ὑπερτάτῳ

2225 1574 2323 1628 καὶ
2353 1577 2593 1645 πατρικῇ
2626 1575 2826 1643 γνώσει
2878 1578 2906 1628 6
2960 1577 3274 1644 Μονογενὴς
3339 1576 3418 1647 τῷ
3466 1578 3643 1647 Πατρὶ
3694 1595 3830 1631 συν-

2224 1664 2554 1734 απτόμενος,
2586 1665 2684 1735 τὴν
2716 1665 2816 1737 σὴν
2847 1666 3135 1736 ὑπερόριον
3170 1667 3531 1736 ὲκμυκτηριεῖ
3575 1666 3672 1718 καὶ
3702 1668 3833 1736 τρί-

2226 1773 2328 1825 την
2373 1757 2637 1823 διάταξιν.
2688 1757 2798 1810 Ποῦ
2845 1758 3026 1811 τοίνυν
3072 1757 3308 1811 ἐνταῦθα
3373 1757 3623 1827 φαίνεται
3681 1759 3831 1811 κατά

2230 1848 2433 1919 λέξινῆ
2479 1849 2743 1914 διάνοιαν,
2782 1848 2857 1912 ώς
2896 1850 2931 1919 ή
2960 1849 3069 1902 τῶν
3114 1848 3501 1920 αίρετιζόντων
3548 1851 3832 1920 παράνοια

2222 1940 2301 2011 τῷ
2338 1940 2455 2011 Υίῷ
2486 1942 2519 2011 ἡ
2545 1941 2738 2009 ἄγνοια
2786 1940 3109 2011 ὲπιπηδῶσα
3142 1959 3157 2008 ;
3195 1942 3325 2007 Nai,
3360 1942 3545 2011 φησὶν,
3579 1940 3694 1994 ἀλλ’
3724 1944 3832 1993 ἐπ-

2222 2034 2453 2103 ήγαγεν,
2480 2050 2498 2084 ι
2529 2034 2593 2085 Ei
2624 2033 2698 2103 μὴ
2725 2034 2752 2085 ὁ
2772 2034 2963 2104 Πατήρ
2996 2050 3097 2102 μου
3128 2033 3307 2103 μόνος·
3345 2050 3363 2083 t
3396 2032 3577 2094 καλῶς
3608 2048 3672 2100 γε
3700 2033 3829 2086 λίαν

2222 2127 2315 2180 καὶ
2340 2126 2541 2195 σοφῶςο
2578 2127 2666 2180 ἵνα
2702 2126 2777 2197 μὴ
2814 2126 3045 2197 νομίσῃς
3086 2126 3163 2188 ὡς
3193 2126 3288 2179 καὶ
3326 2126 3451 2188 τοὺς
3488 2125 3829 2195 ἀσωμάτους

2222 2216 2350 2279 νόας
2405 2215 2819 2287 διαδραμοῦσα,
2852 2214 3051 2285 χώραν
3094 2216 3207 2285 ἔχοι
3253 2214 3348 2268 καὶ
3403 2214 3597 2287 μέχρις
3650 2216 3828 2284 αὐτῆς

2221 2307 2321 2377 τῆς
2355 2305 2581 2378 πρώτης
2611 2306 2827 2375 φύσεως
2850 2308 3122 2378 προϊέναι.
3159 2305 3375 2377 Ταύτης
3410 2306 3521 2378 γάρ
3559 2306 3644 2377 δὴ,
3682 2307 3822 2360 ταύ-

2219 2414 2319 2466 της
2364 2398 2532 2469 μόνης
2582 2399 2680 2468 τῆς
2726 2397 3062 2468 δημιουργοῦ
3116 2399 3208 2451 καὶ
3262 2398 3455 2468 κυρίας
3504 2398 3613 2451 τῶν
3648 2398 3820 2463 ὅλων,

2219 2490 2410 2561 ὥσπερ
2465 2490 2534 2543 τά
2581 2490 2716 2543 ἄλλα
2768 2491 2948 2544 πάντα
3009 2491 3067 2544 ἐν
3115 2484 3196 2554 οἷς
3245 2493 3278 2561 ἡ
3335 2491 3511 2552 κτίσις
3556 2491 3825 2560 γνωρίζε-

2217 2600 2350 2650 ται,
2408 2581 2552 2636 ούτω
2600 2583 2656 2636 δὲ
2697 2583 2790 2635 κα)⁵
2835 2584 2896 2636 τὸ
2943 2582 3043 2653 τῆς
3105 2582 3328 2651 ἀγνοίας
3375 2583 3685 2655 διέρριπται
3736 2584 3820 2648 ὡς

2219 2675 2584 2747 πορρωτάτω.
2619 2674 2682 2727 Εί
2726 2674 2784 2726 δὲ
2824 2674 2885 2726 τὸ
2910 2713 2924 2738 ,
2958 2676 3149 2743 μόνος
3177 2713 3191 2739 ,
3234 2674 3314 2726 ἔτι
3359 2677 3602 2745 τάραχον
3633 2679 3821 2741 κινεῖ,

2220 2768 2448 2823 συνιέτω
2481 2766 2704 2837 μᾶλλον,
2734 2767 2816 2820 ὅτι
2845 2761 2920 2821 ὧν
2954 2768 3055 2837 τὴν
3094 2767 3320 2836 ἄγνοιαν
3352 2766 3525 2821 εἰπὼν
3554 2769 3822 2821 διέστειλε

2216 2866 2309 2917 τὸν
2343 2862 2564 2930 Πατέρα
2591 2903 2606 2929 ,
2637 2861 2774 2933 πρὸς
2819 2860 3062 2923 ἐκείνους
3111 2860 3333 2930 διώρισε
3378 2862 3466 2913 καὶ
3501 2861 3563 2913 τὸ
3600 2864 3819 2930 μόνος.

2230 2955 2385 3008 Ἐπεὶ
2416 2955 2537 3009 τίνα
2578 2956 2737 3023 λόγον
2767 2953 2903 3016 ὅλως
2929 2951 3073 3022 ἔχοι,
3104 2952 3358 3019 ἀγγέλοις
3392 2952 3490 3021 μὲν
3525 2952 3817 3021 ἐπιφέρειν

2216 3044 2316 3116 τὴν
2346 3044 2572 3112 ἄγνοιαν
2596 3043 2929 3107 συνειδέναι,
2956 3037 3076 3095 εἶτα
3102 3040 3326 3102 τούτους
3354 3041 3563 3109 ἀφέντα
3587 3041 3665 3103 είς
3693 3040 3817 3094 δια-

531 3135 670 3189 nihil
701 3137 859 3202 dixit,
888 3139 1020 3193 illud
1050 3151 1271 3210 putetur
1299 3144 1506 3201 dictum
1538 3166 1550 3203 :
1581 3168 1597 3199 ι
1637 3148 1751 3206 Nisi
1782 3152 1940 3209 Pater
1962 3170 2116 3210 meus

2222 3138 2415 3209 στολὴν
2447 3156 2507 3193 ου
2539 3138 2705 3210 μηδὲν
2730 3140 2991 3191 κατεῖπεν
3016 3134 3170 3199 Υίοῦ,
3202 3134 3281 3199 τὸ,
3308 3152 3327 3185 ι
3352 3135 3412 3186 Εἰ
3446 3134 3523 3204 μὴ
3557 3135 3585 3186 6
3620 3134 3817 3203 Πατήρ

532 3226 705 3280 solus.
750 3245 769 3278 ι
807 3226 960 3293 Quod
987 3231 1032 3284 si
1062 3233 1207 3288 solus
1240 3236 1441 3302 turbet,
1473 3240 1641 3294 turbze
1682 3240 1787 3295 illa:
1818 3242 2117 3314 dispellun-

531 3324 620 3370 tur
647 3332 743 3386 per
797 3336 815 3369 ι
855 3318 1015 3374 Pater
1056 3338 1232 3379 meus.
1274 3344 1294 3377 ι
1354 3327 1504 3384 Patet
1544 3331 1688 3384 enim
1726 3335 1869 3402 quod
1909 3351 2015 3389 non
2048 3337 2114 3390 ad

516 3409 771 3479 ‘seipsum
804 3413 1069 3469 relatione
1092 3416 1253 3483 facta,
1271 3420 1428 3490 cujus
1443 3425 1747 3479 naturalem
1774 3427 2117 3497 conjunctio-

531 3515 655 3554 nem
724 3502 1022 3557 insinuavit
1087 3505 1321 3564 dicens:
1367 3529 1385 3562 ι
1422 3510 1584 3568 Pater
1628 3530 1805 3583 meus,
1842 3537 1859 3569 ι
1908 3520 2001 3574 sed
2048 3520 2113 3575 ad

530 3591 655 3644 illos
688 3607 919 3661 quorum
951 3594 1316 3662 ignorantiam
1349 3605 1577 3670 notavit,
1604 3606 1760 3674 dixit,
1801 3609 1967 3664 solus.
1996 3608 2114 3665 Non

530 3683 675 3735 enim
726 3684 780 3736 in
817 3685 910 3738 illo
950 3686 1114 3753 dicto,
1154 3707 1172 3740 ι
1204 3689 1318 3746 Nisi
1364 3694 1525 3750 Pater
1558 3712 1714 3753 meus
1742 3700 1915 3767 solus,
1956 3721 1976 3754 ›
2028 3704 2115 3756 in-

530 3774 857 3841 telligendus
901 3787 985 3831 est
1032 3779 1275 3849 scipsnm
1310 3784 1693 3843 disterminarc
1720 3790 1788 3844 ab
1811 3806 1878 3845 eo
1908 3809 2032 3847 eum
2063 3803 2116 3848 et

531 3864 714 3920 verbis
762 3876 815 3919 et
860 3867 1022 3923 factis
1070 3879 1300 3926 testetur
1345 3892 1358 3930 :
1418 3895 1436 3927 (
1475 3877 1587 3948 Ego
1628 3889 1681 3934 et
1734 3881 1895 3938 Pater
1942 3901 2113 3940 unum

531 3973 723 4013 sumus
749 3959 1123 4027 8';--—Omnia
1148 3980 1271 4032 quae
1292 3966 1452 4023 habet
1484 3969 1662 4039 Pater,
1695 3988 1813 4029 mea
1842 3987 1970 4031 sunt
1994 3977 2061 4032 ⁸³.
2091 3998 2108 4029 ι

532 4050 769 4105 Scientia
824 4068 952 4121 pars
986 4065 1095 4121 est,
1144 4055 1271 4113 licet
1316 4060 1531 4131 exigua,
1573 4079 1766 4120 eorum
1821 4084 1945 4138 quae
1985 4085 2113 4125 cum

528 4142 756 4200 infinitis
780 4146 902 4201 aliis
948 4162 1214 4216 generans
1237 4152 1394 4207 habet
1428 4172 1441 4209 :
1468 4155 1560 4211 sed
1589 4157 1794 4228 absque
1819 4160 1904 4215 his
1932 4163 2112 4227 dictis,

527 4235 577 4290 si
641 4246 761 4291 erat
830 4240 1150 4310 unigenitus
1210 4245 1303 4314 qui
1372 4246 1481 4301 illis
1531 4247 1922 4318 ignorantiam,
1963 4254 2113 4309 Patri

524 4327 812 4382 scientiam
861 4333 1123 4402 assignat,
1168 4350 1289 4404 qua:
1321 4346 1405 4391 est
1456 4339 1546 4392 illa
1574 4341 1847 4411 superflua
1893 4346 2113 4412 sapien-

529 4418 623 4485 tia,
661 4435 785 4474 cum
829 4437 887 4477 se
935 4424 1191 4495 dignatus
1249 4429 1319 4483 sit
1344 4444 1533 4484 eorum
1561 4432 1880 4502 participem
1907 4434 2107 4499 facere,

527 4526 648 4579 quae
697 4513 904 4582 majora
947 4526 1075 4572 sunt
1127 4528 1182 4572 et
1229 4519 1337 4574 Deo
1386 4522 1490 4576 soli
1543 4536 1747 4579 aeterno
1793 4537 2110 4596 competunt

528 4602 813 4674 indignum
860 4608 1113 4673 arbitrari
1151 4611 1464 4681 cognitione
1496 4615 1571 4669 rei
1604 4616 1735 4671 olim
1766 4619 2024 4675 omnibus
2055 4629 2111 4676 ct

526 4693 706 4763 bonis,
738 4706 790 4752 et
821 4700 979 4755 malis
1012 4703 1352 4758 revelandze?

592 4961 786 5031 Itaque
812 4965 1131 5021 omnimodo
1167 4978 1353 5037 patet,
1405 4972 1546 5040 quod
1598 4973 1919 5044 neutiquam
1953 4975 2110 5046 igno-

522 5053 759 5106 rantiam
780 5053 853 5123 ei,
879 5066 1043 5125 prout
1076 5058 1316 5115 bazretici
1348 5062 1561 5125 volunt,
1604 5074 1914 5134 competet;
1954 5081 2107 5121 com-

521 5145 707 5200 munis
735 5146 928 5203 doctor
956 5157 1012 5204 et
1054 5152 1270 5221 generis
1325 5156 1497 5209 nostri
1546 5157 1734 5223 salus,
1784 5158 2102 5227 instituens,

521 5252 665 5304 quos
699 5241 969 5311 selegerat
997 5242 1319 5315 discipulos,
1373 5247 1632 5317 proprios
1666 5264 1798 5306 suos
1844 5250 2099 5305 modulos

522 5342 843 5400 agnoscere,
888 5342 944 5389 et
991 5349 1024 5389 a
1074 5336 1474 5406 quaestionibus
1519 5340 1831 5409 abstinere,
1888 5340 2093 5411 quibus

590 5463 639 5495 ⁸¹
668 5463 827 5524 Joan.
862 5485 918 5537 x,
949 5470 1040 5527 50.
1116 5472 1163 5505 ⁸³
1215 5472 1374 5532 Joan.
1408 5492 1520 5545 xw,
1554 5479 1638 5535 l5.

2136 4488 2190 4546 D

2222 3246 2325 3299 μου
2353 3229 2535 3300 μόνος,
2565 3249 2583 3280 ι
2604 3228 2844 3298 νομίζειν
2868 3227 3143 3297 εἰρῆσθαι·
3172 3226 3251 3279 ἔτι
3275 3225 3331 3278 δὲ
3356 3227 3515 3295 εἴπερ
3541 3225 3601 3277 τὸ
3623 3225 3818 3294 μόνος

2220 3320 2473 3392 Θορυὸεῖ,
2498 3322 2584 3374 διά
2615 3321 2706 3374 τοῦ
2743 3339 2761 3372 ι
2799 3323 2827 3374 6
2867 3321 3060 3391 Πατήρ
3103 3336 3203 3389 μου
3242 3338 3259 3369 ι
3307 3318 3367 3371 τὸ
3397 3318 3661 3388 θορυϐοῦν
3688 3318 3812 3370 δια-

2217 3410 2448 3466 λυέσθω.
2483 3413 2652 3481 Δῆλον
2682 3412 2791 3483 γὰρ
2836 3411 2910 3475 ὡς
2952 3412 3052 3464 οὐκ
3092 3411 3158 3463 ἂν
3206 3411 3344 3481 πρὸς
3377 3410 3570 3463 ἑαυτὸν
3616 3403 3676 3462 οὗ
3708 3409 3812 3480 τὴν

2220 3505 2457 3575 φυσικὴν
2506 3504 2783 3557 οἰκείωσιν
2835 3503 3172 3573 ἀνεκήρυξεν
3228 3500 3399 3556 εἰπὼν
3460 3520 3479 3553 ι
3534 3503 3563 3555 ὁ
3615 3502 3812 3572 Πατήρ

2223 3614 2348 3668 μου,
2389 3617 2406 3649 ι
2443 3596 2582 3650 ἀλλά
2610 3597 2745 3667 πρὸς
2777 3596 3021 3658 ἐκείνους
3048 3634 3064 3661 ,
3090 3589 3163 3649 ὧν
3203 3594 3302 3664 τὴν
3333 3594 3559 3663 ἄγνοιαν
3579 3594 3663 3663 ἐφ’
3749 3600 3806 3644 q'

2220 3690 2642 3757 συναπεφήνατο
2670 3689 2764 3741 καὶ
2789 3689 2848 3742 τὸ
2864 3690 3077 3758 μόνοςο
3108 3688 3228 3751 πῶς
3251 3687 3296 3740 δ’
3320 3686 3388 3740 ἂν
3420 3688 3478 3739 ὲν
3502 3686 3579 3758 τῷ
3600 3686 3804 3755 λέγειν,

2226 3798 2244 3831 ι
2287 3781 2348 3832 Εἰ
2396 3780 2471 3850 μὴ
2513 3782 2540 3832 6
2586 3780 2775 3849 Πατήρ
2824 3797 2924 3849 μου
2971 3780 3166 3849 μόνος,
3215 3799 3234 3832 ι
3288 3780 3481 3833 ἑαυτὸν
3524 3778 3811 3849 νομισθείη

2221 3871 2575 3936 διαστέλλειν,
2614 3873 2641 3924 ὁ
2688 3873 2783 3923 καὶ
2827 3874 2940 3935 τοῖς
2980 3871 3192 3939 λόγοις,
3223 3874 3458 3935 καὶτοῖς
3501 3871 3682 3942 ἔργοις
3719 3873 3808 3939 ἐφ’

2223 3962 2343 4031 ἴσης
2383 3962 2543 4032 βοῶν,
2592 3982 2610 4015 ι
2662 3962 2805 4031 Ἐγὼ
2840 3965 2932 4017 καὶ¹
2971 3967 2999 4018 6
3048 3964 3239 4036 Πατὴρ
3282 3965 3340 4019 ἔν
3388 3968 3594 4036 ἐσμεν;
3633 3987 3651 4018 ι
3687 3969 3809 4033 καὶ,

2223 4073 2241 4105 ι
2281 4054 2465 4107 Πάντα
2497 4056 2598 4108 ὅσα
2628 4053 2741 4124 ἔχει
2767 4057 2795 4109 6
2827 4056 3037 4126 Πατὴρ,
3068 4057 3180 4125 ὲμά
3215 4059 3370 4123 tam;
3412 4076 3429 4109 ι
3465 4058 3632 4127 Δῆλον
3659 4059 3765 4127 γὰρ
3786 4096 3807 4124 ,

2216 4146 2290 4211 ὡς
2338 4149 2434 4201 καὶ¹
2472 4149 2505 4217 ἡ
2548 4148 2787 4215 γνῶσις,
2832 4149 2891 4203 ἓν
2934 4166 2987 4201 τι
3026 4149 3217 4202 καὶτὸ
3274 4149 3613 4220 βραχύτατον
3659 4146 3733 4205 ὢν
3777 4153 3810 4206 ὁ

2216 4238 2567 4311 γεγεννηκώς
2598 4239 2731 4310 ἔχει,
2772 4240 2866 4293 καλ¹
2898 4241 3069 4311 μυρία
3098 4241 3255 4295 ἄλλα.
3287 4243 3473 4313 Χωρὶς
3501 4243 3557 4296 δὲ
3592 4245 3699 4297 τῶν
3725 4246 3808 4297 εί-

2217 4330 2493 4403 ρημένων,
2531 4331 2579 4383 εί
2624 4332 2787 4394 αὐτὸς
2820 4328 2887 4402 ἦν
2920 4334 2948 4384 6
2990 4332 3317 4404 μονογενὴς,
3362 4336 3391 4386 6
3432 4338 3541 4397 τοῖς
3576 4336 3675 4406 μὲν
3702 4336 3805 4407 τὴν

2216 4423 2463 4491 ἄγνοιαν,
2490 4423 2568 4493 τῷ
2600 4424 2774 4494 Πατρὶ
2804 4423 2861 4477 δὲ
2896 4424 3116 4477 διαιτῶν
3142 4425 3244 4495 τὴν
3270 4424 3493 4493 γνῶσιν,
3524 4426 3606 4489 τίς
3637 4430 3670 4497 ἡ
3698 4444 3803 4478 πε-

2220 4516 2374 4587 ριττὴ
2423 4516 2585 4584 σοφία
2627 4516 2791 4585 αὕτη,
2824 4517 3016 4571 ἑαυτὸν
3056 4516 3313 4581 ἀξιοῦντα
3354 4516 3462 4570 τῶν
3512 4517 3799 4587 μειζόνων,

2218 4607 2312 4659 καὶ
2337 4607 2373 4660 ἃ
2405 4606 2551 4676 μόνῳ
2580 4605 2700 4676 Θεῷ
2732 4607 2818 4659 ἀεὶ
2841 4607 3161 4677 διαπρέπει,
3198 4608 3525 4679 πράγματος
3553 4609 3633 4671 εἰς
3658 4611 3797 4662 πάν-

2214 4715 2315 4761 τας
2364 4697 2591 4768 ὒστερον
2640 4700 2732 4750 καὶ
2778 4698 3101 4762 σπουδαίους
3158 4699 3255 4752 καὶ
3308 4697 3548 4766 φαύλους
3597 4700 3801 4769 ὁμοίως

2212 4790 2777 4862 ἑκκαλυφθησομένου
2803 4833 2819 4858 ,
2848 4792 2947 4863 τῆς
2994 4790 3249 4861 γνώσεως
3288 4791 3507 4857 ἀνάξιον
3556 4791 3799 4861 ἀποφαί-

2207 4900 2354 4948 νειν;

2279 4970 2414 5047 τΑρ’
2462 4976 2522 5029 οὐ
2569 4976 2909 5047 πανταχόθεν
2962 4975 3262 5046 γνώριμον,
3302 4974 3379 5038 ὡς
3420 4974 3721 5045 οὐδαμόθεν
3762 4975 3800 5043 ἡ

2218 5068 2566 5135 ἄγνοια·τοῖς
2612 5068 2946 5139 αίρετίξουσι
2990 5068 3409 5138 συνδραμεῖταις
3454 5067 3513 5120 '0
3545 5067 3646 5138 μὲν
3692 5067 3803 5137 γὰρ

2214 5160 2393 5224 κοινὸς
2416 5160 2759 5224 διδάσκαλος,
2805 5159 2897 5213 καὶ
2925 5160 3021 5213 τοῦ
3052 5160 3245 5227 γένους
3280 5159 3553 5231 ἡμετέρου
3581 5160 3800 5228 Σωτὴρ,

2207 5249 2302 5315 οὓς
2346 5250 2593 5322 ἀφώρισε
2630 5250 2880 5321 μαθητὰς
2919 5250 3190 5305 παιδεύων
3233 5251 3301 5303 τά
3340 5251 3517 5303 οἰκεῖα
3558 5250 3798 5304 συνιέναι

2205 5343 2421 5415 μέτρα,
2479 5345 2575 5398 καὶ
2614 5345 2946 5415 ζητημάτων
2993 5344 3322 5415 ἀναχωρεῖν,
3368 5342 3405 5398 ἃ
3453 5342 3571 5415 βίον
3624 5341 3725 5414 μὲν
3768 5348 3795 5379 ³

1792 5659 2028 5716 VARI/13
2061 5661 2469 5720 LECTIONES.

498 5804 501 5805 κ
596 5773 901 5833 ΡΕ.Μ.ὃν
944 5780 1128 5854 μέχρι.
1204 5786 1311 5844 qc.
1372 5789 1444 5847 Μ.
1496 5790 1798 5865 ὑπεξαίρει.
1876 5798 2017 5853 φο.
2052 5798 2119 5854 Μ.
2162 5798 2287 5868 ἔφη.
2369 5800 2581 5858 ron.
2615 5802 2782 5874 διβίῳ
2810 5803 2931 5874 μένα
