4072 6426
329 438 436 501 6‘17

1285 443 1387 501 AD
1424 434 2018 501 AMPHILOCHIUM
2064 433 2412 504 QU/ESTIO
2445 435 2643 497 CXIV.

3498 437 3604 500 678

330 554 521 606 οὐδένα
552 554 747 625 βελτίω
786 557 952 617 ποιεῖ,
984 556 1153 625 ὄγκου
1185 556 1239 609 δὲ
1270 557 1363 609 καὶ
1392 555 1549 611 κενοῦ
1576 555 1908 626 φυσήματος

2028 550 2343 617 neutiquam
2375 550 2488 604 vita
2522 550 2717 604 melior
2760 552 3030 616 redditur,
3082 553 3177 608 sed
3218 562 3436 607 tumore
3463 560 3606 607 vano

329 646 519 701 ὲσθότε
568 650 783 711 πολλοῖς
814 650 1071 713 ὑπόθεσις
1101 650 1329 719 γίγνοιτ’
1359 650 1446 713 ἂν,
1472 650 1695 713 ἀλύπως
1729 667 1789 702 τε
1818 649 1918 701 αὐ-

331 743 445 803 τοῖς
469 741 539 792 τά
567 741 668 809 τῆς
707 741 976 809 ὠφελείας
1006 743 1344 810 εἰσηγεῖσθαι
1374 742 1916 813 διοικονομούμενος,

334 828 428 879 καὶ
452 828 518 897 τῇ
553 827 733 879 πειθοῖ
762 828 984 897 μᾶλλον,
1012 828 1045 898 ἢ
1069 829 1156 881 διὰ
1188 830 1286 898 τῆς
1312 830 1452 899 βίας·
1496 831 1621 892 τοὺς
1653 829 1917 896 ἀγγέλους

334 920 518 983 αὐτοῖς
562 920 888 989 προκομίζει
934 925 1011 985 εἰς
1062 922 1444 992 παράδειγμα,
1494 922 1581 975 ἵνα
1632 915 1816 992 ὧνπερ
1857 922 1915 975 ai

335 1010 616 1081 ἀσώματοι
663 1011 755 1063 καὶ
802 1013 944 1082 ὑπὲρ
992 1015 1139 1082 ἡμᾶς
1185 1015 1365 1066 οὐσίαι
1416 1014 1515 1085 τὴν
1564 1013 1764 1079 γνῶσιν
1816 1014 1915 1065 οὐκ

333 1102 528 1170 ἔχοιεν,
558 1102 763 1156 τούτων
794 1104 917 1173 μηδ’
950 1105 1105 1157 αὐτοὶ
1141 1104 1421 1168 λαϐόντες,
1457 1106 1593 1174 μήτε
1622 1105 1912 1168 ἀνιᾶσθαι,

335 1196 471 1263 μήτε
520 1192 598 1263 τῷ
645 1194 958 1264 διδασκάλῳ
1011 1196 1175 1264 μηδὲν
1219 1194 1546 1247 ὲπικαλεῖνο
1601 1195 1775 1264 ἔχοιεν
1838 1195 1914 1265 μὴ

331 1286 647 1356 βουληθέντι
688 1287 934 1354 διδάξαι,
983 1287 1017 1341 ἃ
1067 1287 1192 1358 μηδ’
1236 1289 1269 1357 ἡ
1312 1288 1419 1340 τῶν
1468 1288 1774 1355 ἀσωμάτων
1820 1289 1913 1340 καὶ

329 1376 470 1446 ὑπὲρ
524 1377 721 1440 αὐτοὺς
774 1378 935 1447 φύσις
985 1380 1273 1447 ἐγίνωσκε.
1328 1379 1394 1431 Τί
1435 1375 1558 1445 οὖν;
1607 1380 1707 1431 οὐκ
1754 1380 1914 1449 ἢρκει

325 1468 485 1520 τοῦτο
518 1473 630 1531 τοῖς
675 1468 983 1540 μαθηταῖς,
1022 1472 1103 1533 είς
1132 1489 1191 1524 τε
1233 1472 1295 1523 τὸ
1342 1471 1693 1524 ἀλυπὼτατον
1732 1472 1916 1535 αὐτοῖς

327 1558 427 1629 τὴν
449 1560 546 1629 τῆς
574 1560 844 1629 αἰτήσεως
866 1561 1173 1631 ἀποτυχίαν
1198 1562 1505 1627 διαθέσθαι,
1528 1564 1623 1616 καὶ
1652 1563 1750 1626 τάς
1782 1562 1917 1631 γνώ-

330 1669 467 1719 μας,
499 1654 578 1713 είς
607 1652 668 1704 τὸ
709 1652 872 1723 μηδὲν
906 1653 1014 1706 τῶν
1047 1654 1185 1723 ὑπὲρ
1216 1654 1413 1717 αὐτοὺς
1453 1656 1679 1725 ὲρευνᾷν
1710 1657 1917 1725 καταρ-

329 1744 613 1814 ῥυομίσαιο
648 1745 762 1798 ἀλλ’
793 1747 900 1799 ἔδει
937 1747 1044 1817 ἄρα
1072 1748 1169 1800 καὶ
1203 1747 1301 1817 τὴν
1331 1750 1695 1801 ὲνυπόστατον
1721 1750 1913 1819 σοφίαν

325 1842 418 1890 τὸν
468 1840 597 1892 Υἱὸν
630 1842 707 1902 είς
742 1840 840 1910 τὴν
876 1841 1124 1906 ἐκείνων,
1157 1842 1232 1905 ὡς
1270 1842 1435 1908 ἔοικε,
1487 1845 1910 1915 περιενεχθῆναι

324 1929 588 1995 ἄγνοιαν;
638 1931 733 1982 καὶ
781 1931 833 1982 τί
882 1931 1252 2002 παραμύθιον,
1298 1933 1329 2002 ἦ
1386 1935 1731 2003 παράκλησις
1784 1935 1911 1987 ποία

323 2019 464 2072 θεοῦ
489 2021 682 2087 ἄγνοια
711 2023 823 2084 τοῖς
853 2020 1197 2092 λατρευταῖς,
1222 2023 1482 2093 προνοίας
1505 2040 1563 2075 τε
1581 2026 1679 2093 τῆς
1703 2025 1911 2076 ἐκεῖθεν

326 2112 423 2163 καὶ
464 2112 656 2178 σοφίας
702 2111 1014 2181 δεομένοις;
1051 2112 1251 2181 μᾶλλον
1284 2113 1340 2164 δὲ
1372 2112 1490 2175 πῶς
1518 2114 1640 2183 οὐχ).
1692 2113 1855 2183 βάθος
1890 2116 1908 2151 ῑ

324 2202 693 2269 ἀπογνώσεως
713 2243 727 2267 ,
759 2204 852 2255 καὶ
881 2203 1140 2266 δυσσεϐὲς
1172 2203 1349 2267 ἄλλως
1385 2205 1478 2257 καὶ
1510 2205 1700 2267 σκότος
1728 2204 1864 2273 βαθὺ
1887 2244 1902 2269 ,

326 2293 428 2345 καὶ
454 2292 663 2362 ἀθυμία
703 2293 905 2364 ἐσχάτη
929 2333 943 2357 ,
972 2296 1068 2347 καὶ
1108 2294 1284 2365 πλάνη
1330 2295 1453 2365 μηδ’
1495 2294 1644 2348 ἔλεον
1677 2294 1910 2365 ἔχουσα,

324 2382 464 2434 Θεὸν
502 2382 644 2452 ἔχειν
683 2384 903 2451 ἀγνοίας
947 2385 1178 2455 innovat,
1213 2386 1306 2438 καὶ
1346 2386 1533 2438 τοῦτον
1562 2385 1911 2455 ἀνομολογεῖν

323 2473 425 2525 τοῦ
458 2473 770 2542 σοφίσοντος
798 2475 1027 2541 δεῖσθαι,
1058 2477 1152 2529 καὶ
1179 2476 1279 2544 τῆς
1309 2478 1495 2547 ἑτέρου
1526 2478 1807 2546 προνοίας,
1844 2477 1912 2528 ἵν’

324 2565 445 2633 ἔχοι
487 2565 679 2634 μαθεῖν
720 2564 757 2618 ἃ
808 2566 1033 2636 μηδέπω
1079 2568 1247 2631 τέως,
1294 2565 1485 2636 ὥσπερ
1526 2567 1633 2619 οὐδ’
1673 2568 1707 2636 ἠ
1750 2566 1912 2638 λοιπὴ

325 2656 529 2721 κτίσις,
565 2654 742 2723 οἷδεν;
773 2659 836 2710 Εἰ
884 2659 982 2739 μὲν
1012 2660 1122 2727 γὰρ
1151 2660 1293 2713 κατά
1324 2661 1385 2713 τὺ
1430 2659 1771 2731 ἀνθρώπινον
1800 2677 1909 2712 πα-

324 2751 610 2821 ραδέχοιτό
643 2768 723 2814 τις
759 2750 855 2821 τὴν
887 2751 1137 2819 ἄγνοιαν,
1170 2751 1384 2822 εἴρηται
1418 2753 1512 2805 καὶ
1545 2752 1804 2823 πρόσθεν,
1835 2752 1913 2815 ὡς

320 2843 484 2895 οὐδὲν
515 2844 775 2913 δυσχερὲς
820 2844 919 2914 τὴν
951 2844 1050 2914 τῆς
1095 2844 1288 2912 σοφίας
1337 2844 1544 2916 πηγὴν,
1578 2845 1691 2909 τὸν,
1739 2846 1839 2898 ὅσα
1882 2847 1910 2899 6

329 2934 521 3004 Πατὴρ
543 2974 557 2997 ,
591 2936 686 2987 καὶ
714 2916 893 2988 εἰδότα
931 2938 1025 2988 καὶ
1065 2936 1260 3006 ἔχοντα
1283 2977 1297 3000 ,
1328 2937 1517 3007 ὥσπερ
1542 2938 1611 2991 τά
1643 2938 1780 2992 ἄλλα
1813 2940 1911 2992 ἀν-

326 3022 614 3091 θρώπινα,
650 3022 793 3076 οὕτω
836 3026 932 3078 καὶ
969 3025 1066 3094 τὴν
1105 3025 1329 3091 ἄγνοιαν
1364 3027 1715 3082 ὑποδύεσθαι.
1762 3029 1823 3082 El
1865 3030 1908 3083 δ’

320 3116 411 3175 εἰς
439 3113 537 3182 τὴν
583 3114 732 3167 θείαν
767 3116 933 3169 αὐτοῦ
984 3118 1079 3169 καὶ
1121 3117 1388 3188 ἄχραντον
1434 3120 1617 3188 φύσιν,
1658 3120 1755 3190 τὴν
1804 3122 1912 3174 ἀπὸ

2024 651 2077 694 et
2105 640 2385 695 inllatione
2424 642 2661 710 repletos
2706 643 2779 697 ita
2831 645 2961 713 agit,
3000 654 3054 699 et
3084 645 3346 715 disponit,
3378 657 3439 699 ut
3485 646 3605 701 sine

2023 746 2279 796 mcerore,
2315 746 2437 799 qua:
2460 732 2593 800 ipsis
2616 731 2767 785 utilia
2791 743 2940 799 sunt,
2969 736 3401 802 apprehendant,
3439 726 3604 804 idque

2034 840 2201 878 suasu
2237 824 2416 892 potius
2444 838 2608 891 quam
2634 824 2889 877 violentia
2921 842 2934 879 :
2964 826 3034 878 ita
3063 828 3284 895 angelos
3330 829 3383 880 iu
3415 842 3603 882 exem-

2019 915 2169 985 plum
2203 915 2475 984 posternit
2528 915 2631 981 iis;
2672 924 2730 968 ut
2760 918 3218 985 quemadmodum
3262 920 3368 974 illae
3414 921 3599 975 incor-

2018 1020 2219 1074 poreze,
2252 1014 2491 1075 etsupra
2515 1021 2614 1060 nos
2646 1006 2966 1060 substantiae
2984 1008 3175 1061 harum
3206 1026 3386 1063 rerum
3420 1013 3598 1066 scien—

2017 1094 2148 1147 tiam
2184 1108 2291 1147 non
2328 1095 2652 1163 percipiunt,
2688 1098 2763 1149 ita
2798 1111 2898 1149 nec
2929 1097 3079 1165 ipsos
3117 1113 3178 1152 se
3208 1112 3601 1157 consecuturos

2015 1186 2326 1253 ()pinentur,
2353 1202 2459 1239 non
2480 1196 2658 1241 tamen
2678 1188 2801 1241 inde
2818 1186 3141 1258 afﬂigantur,
3166 1200 3261 1245 aut
3279 1194 3599 1261 magistrum

2016 1275 2286 1337 incusent,
2325 1278 2371 1331 si
2411 1279 2604 1332 docere
2642 1281 2827 1340 nollet,
2868 1297 2990 1348 quae
3014 1297 3080 1335 ne
3109 1282 3442 1352 incorporea:
3478 1285 3596 1355 quia

2016 1364 2138 1419 dem
2162 1378 2213 1419 et
2245 1384 2490 1434 superum
2508 1368 2825 1423 substantia:
2842 1372 3041 1424 sciunt.
3068 1372 3208 1437 Quid
3236 1388 3384 1443 ergo.
3404 1390 3598 1429 annon

2016 1456 2367 1510 satisfactum
2403 1459 2527 1512 hinc
2552 1460 2848 1527 apostolis,
2891 1469 2949 1512 ut
2979 1462 3095 1515 sine
3138 1463 3360 1516 tristitia
3395 1463 3601 1519 ferrent

2016 1547 2336 1616 petitionem
2368 1564 2477 1602 non
2504 1550 2769 1612 obtinere,
2798 1560 2851 1604 et
2875 1553 2938 1604 ad
2964 1551 3129 1605 animi
3161 1556 3488 1607 sententiam
3526 1556 3597 1610 ita

2016 1637 2470 1702 conﬁrmandam,
2515 1648 2671 1693 utne
2721 1640 3066 1709 investigent,
3120 1660 3241 1711 qua:
3273 1655 3403 1699 sunt
3432 1662 3597 1715 supra

2017 1728 2186 1796 ipsos,
2218 1728 2322 1781 nisi
2356 1729 2518 1781 etiam
2543 1728 2715 1783 Filius
2743 1730 2830 1784 illa
2867 1733 3133 1800 sapientia
3165 1736 3519 1805 inhypostata
3544 1738 3596 1791 in

2017 1835 2207 1873 eorum
2234 1820 2603 1889 ignorantiam
2628 1825 3044 1878 assumatur?et
3071 1827 3370 1894 quodnam,
3388 1844 3594 1898 quaeso,

2013 1912 2283 1977 solamen,
2314 1928 2438 1981 qua:
2472 1916 2776 1969 consolatio
2817 1916 2910 1970 Dei
2948 1917 3255 1987 ignorantia
3283 1921 3383 1975 erit
3408 1923 3596 1976 colen-

2014 2002 2166 2057 tibus
2216 2002 2410 2069 Deum,
2462 2006 2554 2073 qui
2592 2006 2932 2074 providentia
2963 2018 3017 2062 et
3051 2010 3320 2078 sapientia
3362 2013 3594 2079 ccelesti,

2014 2109 2155 2163 opus
2182 2096 2421 2150 habent?
2451 2098 2640 2152 Potius
2663 2101 3058 2168 desperationis
3078 2104 3349 2171 quoddam
3373 2105 3596 2174 profun-

2013 2187 2169 2250 dum,
2212 2188 2484 2257 impietas,
2519 2190 2707 2245 densa:
2748 2194 3007 2257 tenebrae,
3037 2204 3282 2247 extrema
3310 2195 3599 2252 disconso»

2016 2279 2149 2335 latio
2182 2290 2236 2334 et
2275 2297 2431 2336 error
2460 2298 2567 2336 non
2604 2285 2954 2341 miserandus
2997 2289 3121 2349 erit,
3170 2286 3339 2343 Deum
3394 2289 3597 2343 habere

2015 2372 2341 2443 ignorantia
2377 2375 2753 2443 subjaceutem
2798 2388 2852 2431 et
2890 2378 2942 2431 iu
2973 2378 3230 2433 confesso
3260 2381 3592 2450 indigentem

2015 2464 2360 2520 institutione
2403 2477 2456 2520 et
2497 2467 2797 2522 directione
2823 2469 3068 2534 alterius,
3109 2480 3169 2523 ut
3206 2487 3269 2525 ea
3304 2472 3591 2542 intelligat,

2011 2571 2137 2623 qua:
2159 2557 2423 2619 nondum,
2451 2573 2550 2611 nec
2572 2560 2749 2627 magis
2772 2576 2935 2628 quant
2961 2570 3172 2615 caetera:
3197 2572 3483 2625 creaturas,
3507 2564 3593 2618 in-

2012 2649 2241 2703 tellexit.
2267 2648 2323 2702 Si
2355 2652 2481 2718 quis
2507 2650 2748 2703 humano
2773 2668 2925 2707 more
2947 2654 3177 2722 accipiat
3207 2655 3592 2724 ignorantiam,

2007 2742 2127 2811 jam
2160 2747 2287 2795 ante
2312 2742 2519 2795 dictum
2550 2752 2654 2806 est,
2682 2759 2791 2797 non
2823 2760 2944 2799 esse
2970 2746 3331 2813 olTendiculo,
3383 2750 3427 2803 si
3469 2749 3597 2804 fons

2014 2833 2316 2899 sapientiae,
2339 2834 2430 2902 qui
2461 2835 2646 2888 omnia
2677 2836 2848 2901 novit,
2874 2836 3033 2891 habet
3055 2839 3236 2892 omnia
3269 2856 3391 2909 qua:
3411 2839 3594 2904 Pater,

2015 2927 2095 2978 uti
2136 2935 2332 2979 caetera
2360 2926 2705 2989 humanitus,
2738 2928 2810 2981 ita
2845 2938 2899 2981 et
2930 2928 3294 2997 ignorantiam
3332 2932 3591 2987 subiisse.

2012 3014 2114 3069 Sin
2144 3017 2196 3069 in
2225 3016 2468 3071 divinam
2501 3017 2670 3086 ipsius
2688 3026 2742 3072 et
2767 3019 3106 3087 impollutam
3142 3031 3396 3074 naturam
3433 3023 3593 3089 igno-

2014 3110 2192 3162 rantia
2212 3112 2611 3165 contumeliose
2646 3111 2949 3180 ingeratur,
2966 3112 3305 3181 impietasest
3323 3122 3590 3178 extrema,

322 3205 430 3273 τῆς
456 3206 673 3273 ἀγνοίας
704 3205 861 3277 ὕϐριν
891 3207 1171 3278 ἀναφέροι,
1206 3208 1323 3271 πῶς
1348 3211 1408 3261 οὐ
1442 3211 1776 3280 πανταχόθεν
1804 3229 1902 3281 χα-

2014 3212 2068 3255 et
2103 3202 2495 3271 indulgentiam
2546 3203 2838 3257 excedens.
2897 3204 3001 3258 Sed
3054 3214 3111 3258 et
3171 3206 3461 3260 considera
3514 3208 3592 3262 sis

323 3294 493 3347 λεπόν
523 3312 581 3347 τε
604 3297 693 3348 καὶ
722 3294 904 3365 μεῖζον
933 3296 1267 3369 συγγνώμης
1285 3297 1344 3352 τὸ
1366 3298 1602 3369 δυσσέὸη
1614 3316 1719 3369 μας
1756 3300 1826 3352 Σὺ
1848 3299 1904 3352 δέ

329 3403 423 3456 μοι
441 3387 659 3439 κάκεῖνο
682 3388 1091 3441 συνεπισκόπει·
1119 3388 1222 3458 ἔφη
1251 3407 1352 3442 που
1380 3392 1407 3443 6
1426 3391 1637 3460 Σωτήρ’
1669 3408 1683 3440 ι
1716 3391 1906 3455 Οὐδεὶς

321 3474 435 3531 οἶδε
469 3478 560 3531 τὸν
616 3480 952 3551 Πατέρα,“εί
1009 3482 1083 3549 μὴ
1114 3484 1141 3532 6
1164 3480 1312 3544 Υἱός.
1352 3500 1371 3531 )
1411 3480 1475 3534 Τί
1505 3477 1627 3547 οὖν;
1662 3478 1772 3551 ἆρα
1814 3483 1905 3535 τὸν

324 3570 566 3640 Πατέρα,
598 3570 689 3623 διὰ
716 3572 795 3636 τὸ,
826 3591 843 3622 ι
870 3572 1059 3635 Οὐδεὶς
1088 3568 1215 3637 οἶδε,
1254 3591 1272 3623 ι
1326 3573 1420 3624 καὶ
1448 3572 1536 3625 διὰ
1561 3572 1642 3636 τὸ,
1682 3591 1701 3623 ι
1734 3574 1795 3626 Εἰ
1830 3572 1905 3643 μὴ

325 3664 355 3714 6
390 3662 536 3723 Υἱὸς,
566 3682 583 3712 ι
622 3662 718 3731 τῆς
746 3662 938 3714 ἑαυτοῦ
977 3663 1322 3734 ὑπερορίσεις
1351 3663 1605 3732 γνώσεως
1628 3682 1643 3729 ;
1664 3666 1758 3718 καὶ
1788 3666 1906 3729 πῶς

323 3754 448 3822 οὒχὶ
467 3751 624 3805 τοῦτο
672 3752 837 3822 μανία
886 3753 1143 3823 λαμπρά;
1180 3751 1340 3806 Ἀλλά
1396 3755 1573 3806 ταῦτα
1605 3755 1705 3825 μὲν
1768 3756 1906 3826 πρὸς

326 3844 734 3913 ἀντιδιαστολὴν
785 3845 893 3897 τῶν
929 3885 943 3908 ,
996 3845 1096 3897 ὅσα
1151 3846 1290 3914 μετὰ
1333 3846 1432 3915 τὴν
1494 3845 1717 3917 πρώτην
1788 3848 1906 3899 ἐστὶ

327 3935 513 4005 φύσιν,
534 3937 771 4006 νοήσεις,
793 3936 1043 4007 οὐδαμῶς
1078 3936 1134 3989 δὲ
1168 3939 1309 3990 κατὰ
1351 3936 1442 3989 τοῦ
1480 3938 1692 4006 Πατρός
1727 3955 1739 3967 ’
1780 3954 1907 3989 συν-

326 4028 709 4097 επινοούμενον
759 4028 816 4081 δὲ
848 4028 1047 4097 μᾶλλον
1076 4029 1256 4093 αὐτὸν,
1295 4030 1389 4082 καὶ
1452 4033 1905 4099 συνεισαγόμενον

323 4124 393 4191 τῇ
463 4122 653 4190 μνήμῃ
709 4120 804 4172 τοῦ
856 4119 989 4172 Υίοῦ
1049 4121 1143 4173 καὶ
1199 4121 1314 4183 πῶς
1361 4120 1625 4173 κάπειδὰν
1656 4120 1901 4186 ἀκούοις,

331 4232 350 4261 ε
391 4211 577 4275 Οὐδεὶς
604 4209 719 4263 οἶδε
766 4210 865 4279 τὴν
910 4210 1079 4280 ὥραν,
1108 4211 1156 4261 εί
1185 4210 1260 4279 μὴ
1290 4212 1316 4262 6
1366 4210 1575 4279 Πατὴρ,
1616 4228 1634 4260 ι
1663 4209 1787 4277 οὐχὶ
1813 4208 1905 4261 τὸν

327 4304 492 4356 αὐτὸν
536 4303 737 4372 θεσμὸν
798 4306 1100 4373 συντηρείς,
1137 4304 1229 4354 καί
1260 4304 1324 4370 τῇ
1396 4301 1494 4369 μὲν
1546 4301 1641 4352 τοῦ
1693 4301 1906 4370 Πατρὸς

330 4398 523 4467 μνήμῃ
572 4399 905 4458 συνεπινοεῖς
932 4397 1023 4447 τὸν
1063 4396 1189 4448 Υἱόν
1222 4412 1236 4427 ·
1271 4394 1333 4447 τὸ
1361 4394 1436 4459 δὲ,
1468 4394 1689 4456 «Οὐδεὶς
1715 4391 1841 4457 οἶδε,
1881 4413 1899 4445 ι

325 4493 395 4558 τῇ
440 4489 616 4541 κτίσει
645 4490 830 4557 νέμεις
860 4490 927 4559 τῇ
965 4487 1192 4558 λογικῇ;
1219 4487 1397 4539 καίτοι
1423 4484 1659 4539 ἐνταῦθα
1692 4486 1791 4555 μὲν
1811 4486 1906 4538 καὶ

2005 3307 2226 3345 mecum
2268 3291 2411 3345 istud
2451 3310 2464 3346 :
2502 3293 2638 3347 dixit
2667 3295 2865 3348 alicubi
2904 3295 3159 3349 Servator
3190 3313 3203 3349 :
3238 3316 3257 3347 ι
3294 3296 3465 3351 Nemo
3494 3314 3592 3352 no-

2008 3384 2090 3438 vit
2113 3382 2352 3447 Patrem,
2385 3385 2489 3438 nisi
2530 3384 2738 3440 Filius:
2776 3404 2794 3437 ι
2825 3386 2963 3441 lliue
2994 3404 3061 3441 an
3093 3388 3307 3443 Patrem
3336 3390 3592 3445 excindes

2010 3491 2043 3529 a
2104 3476 2188 3529 sui
2247 3476 2559 3545 cognitione
2615 3492 2711 3545 per
2768 3477 2944 3532 illud:
2986 3498 3004 3529 ι
3041 3478 3212 3537 Nemo
3270 3482 3440 3545 novit,
3485 3501 3504 3534 ι
3539 3492 3593 3535 et

2010 3565 2177 3623 Illud:
2211 3585 2230 3617 ι
2259 3563 2371 3618 Nisi
2406 3565 2613 3620 Filius?
2635 3586 2653 3617 ι
2678 3576 2732 3620 at.
2761 3568 2874 3622 hate
2905 3569 3112 3623 insania
3143 3572 3441 3640 conspicua
3484 3583 3588 3628 est.

2009 3658 2147 3712 Nam
2185 3661 2287 3713 hoc
2313 3659 2725 3729 intelligendum
2754 3671 2858 3725 est,
2890 3662 2955 3715 ad
2982 3663 3365 3718 autidiastolen
3400 3653 3588 3718 eorum

2009 3764 2135 3816 quae
2166 3757 2293 3817 post
2348 3749 2581 3817 primam
2644 3762 2894 3804 naturam
2939 3751 3271 3819 subsistunt,
3305 3764 3357 3805 et
3395 3767 3503 3807 non
3533 3765 3592 3807 ut

2012 3838 2227 3893 Patrem
2277 3841 2772 3908 comprehendunt.
2815 3841 3086 3907 Quocirca
3133 3859 3253 3895 cum
3313 3859 3438 3897 eum
3485 3861 3590 3898 una

2010 3936 2378 3995 conceptum,
2415 3936 2469 3982 et
2521 3944 2630 3982 una
2682 3929 2965 3982 inductum
2996 3944 3120 3983 cum
3160 3928 3296 3981 Pilio
3329 3932 3590 3983 memoria

2013 4017 2235 4082 recolis,
2266 4027 2320 4071 et
2354 4034 2478 4071 cum
2514 4018 2673 4073 audis
2712 4036 2725 4070 :
2763 4034 2782 4068 ι
2822 4016 2991 4071 Nemo
3043 4019 3193 4071 novit
3239 4019 3431 4071 horam
3486 4021 3590 4073 nisi

2010 4106 2196 4173 Pater,
2235 4127 2253 4159 ι
2298 4124 2479 4161 nonne
2504 4124 2567 4160 ex
2607 4109 2796 4162 eadem
2830 4108 2945 4177 lege
2985 4109 3123 4177 agis,
3158 4118 3210 4161 et
3242 4108 3401 4161 Patre
3444 4124 3594 4162 com-

2014 4206 2319 4251 memorato
2350 4195 2548 4250 Filium
2586 4197 2883 4267 intelligis?
2913 4198 3045 4251 illud
3071 4238 3085 4261 ,
3126 4217 3144 4247 ι
3175 4198 3344 4251 Nemo
3370 4200 3539 4265 novit,
3568 4219 3587 4250 ι

2015 4290 2079 4343 ad
2110 4298 2417 4343 creaturam
2448 4290 2774 4344 transcribis
2810 4289 3157 4349 rationalem,
3189 4289 3276 4342 ubi
3308 4298 3592 4343 creatura-

2014 4396 2135 4434 rum
2169 4390 2418 4435 uaturam
2446 4382 2751 4436 secundum
2782 4380 2993 4450 species
3022 4382 3301 4435 recensuit
3333 4401 3345 4435 :
3383 4382 3451 4436 de
3472 4383 3595 4450 qui-

2015 4475 2119 4528 bus
2146 4475 2372 4544 propius
2406 4484 2511 4539 est,
2539 4484 2598 4528 ut
2641 4495 2657 4525 ι
2695 4473 2866 4529 Nemo
2900 4476 3072 4542 novit,
3116 4493 3134 4525 ι
3172 4476 3505 4545 intelligatur
3537 4476 3592 4529 in

327 4580 648 4647 κτισμάτων
710 4579 891 4647 φύσιν,
935 4580 1051 4632 κατ’
1110 4576 1270 4641 εἶδος,
1324 4578 1773 4648 ἁπηριθμήσατο,
1810 4576 1906 4630 καὶ

2014 4568 2106 4620 illo
2149 4567 2316 4632 dicto,
2348 4586 2365 4617 ι
2401 4566 2571 4622 Nemo
2605 4569 2757 4621 novit
2792 4568 3032 4630 Patrem,
3072 4587 3088 4617 ι
3134 4584 3319 4621 vocem
3370 4567 3594 4620 adhibet

326 4668 628 4739 ἐγγύτερον
652 4664 717 4737 ἦν
751 4670 830 4733 τὺ,
873 4686 892 4719 ι
936 4668 1125 4729 Οὐδεὶς
1168 4663 1328 4730 οἶδεν,
1365 4686 1383 4718 ι
1416 4669 1503 4719 ἐπ’
1543 4668 1767 4719 ἐκείνων
1811 4669 1903 4719 ὲκ-

324 4758 514 4811 ).α6εῖν
546 4773 559 4787 ⁸
597 4759 655 4809 ὲν
700 4768 724 4795 υ
768 4756 825 4809 δὲ
862 4758 943 4821 τὸ,
984 4775 1001 4807 ι
1061 4756 1250 4818 Οὐδεὶς
1295 4752 1403 4807 οἶδε
1460 4755 1552 4806 τὸν
1601 4754 1844 4825 Πατέρα,
1882 4773 1900 4805 ι

324 4849 594 4902 ἀπόλυτον
619 4850 775 4920 φέρει
809 4849 908 4919 τὴν
943 4849 1146 4917 φωνὴν,
1173 4848 1267 4900 καὶ
1295 4848 1395 4900 οὐκ
1425 4846 1658 4915 ἔχουσαν
1682 4846 1805 4899 ὅσον
1844 4849 1908 4897 ἐκ

323 4942 434 4995 τῶν
483 4942 919 5013 προειρημένων,
952 4941 1036 5009 ἐφ’
1069 4935 1144 4995 ὧν
1192 4940 1445 5010 μερισθῇ.
1478 4938 1538 4990 Εἰ
1566 4937 1656 4990 οὖν
1698 4938 1757 4990 ἐν
1802 4937 1900 5007 τῷ,

331 5055 349 5085 ι
388 5035 576 5097 Οὐδεὶς
622 5031 730 5087 οἶδε
759 5034 849 5087 τὸν
880 5033 1097 5103 Πατέρα
1138 5035 1187 5085 εί
1232 5032 1307 5102 μὴ
1354 5033 1382 5083 6
1432 5031 1578 5093 Υἱὸς,
1623 5049 1641 5080 ι
1683 5028 1905 5098 φεύγεις

326 5125 421 5177 τὸν
484 5126 784 5197 γεννήτορά
843 5126 1206 5197 βλασφημεῖν,
1244 5124 1379 5195 μηδὲ
1430 5126 1487 5177 ὲν
1516 5124 1615 5193 τῷ,
1644 5143 1662 5174 ι
1716 5122 1905 5184 Οὐδεὶς

330 5216 443 5270 οἶδε
474 5218 572 5288 τὴν
593 5218 761 5290 ὥραν,
794 5218 942 5290 εἰμὴ
965 5220 993 5271 ὁ
1021 5217 1235 5287 Πατὴρ,
1278 5236 1295 5267 ι
1334 5216 1413 5277 είς
1448 5214 1602 5284 ὓϐριν
1652 5212 1745 5266 τοῦ
1776 5228 1903 5280 γεν-

326 5312 575 5380 νήματος
635 5314 1003 5383 περιτραπῇς.
1057 5312 1119 5363 Εἰ
1152 5311 1207 5362 δὲ
1255 5310 1315 5362 τὸ
1365 5307 1618 5376 δεύτερον
1682 5305 1905 5375 τολμᾷς,

326 5403 765 5473 προτετόλμηταί
826 5422 909 5457 σοι
948 5403 1128 5473 πολλῷ
1163 5402 1362 5472 μᾶλλον
1390 5400 1481 5454 καὶ
1522 5398 1584 5451 τὸ
1630 5396 1853 5470 πρῶτον
1888 5412 1903 5427 ο

321 5494 702 5568 ἀμαθέστερον
750 5495 859 5568 γὰρ
907 5495 1096 5548 ἑαυτὸν
1131 5496 1365 5563 ἀγνοεῖν,
1391 5493 1425 5563 ἦ
1453 5492 1641 5564 ἕτερον
1672 5507 1686 5520 ·
1721 5490 1774 5543 τί
1829 5489 1905 5559 μὴ

2012 4658 2312 4725 indeﬁnite,
2340 4675 2439 4713 nec
2482 4660 2769 4713 habentem
2802 4661 2867 4713 ad
2900 4661 3045 4728 quod
3089 4675 3119 4713 e
3160 4659 3593 4728 praecedentibus

2013 4750 2323 4802 referatur:
2358 4749 2402 4803 si
2446 4764 2576 4818 ergo
2620 4748 2675 4800 in
2721 4748 2837 4811 illo,
2878 4767 2896 4798 ι
2944 4747 3113 4801 Nemo
3148 4748 3301 4801 novit
3346 4745 3590 4811 Patrem,

2014 4838 2119 4892 nisi
2144 4837 2337 4903 Filius,
2367 4857 2384 4888 ι
2421 4839 2723 4907 genitorem
2779 4838 3163 4906 blasphemare
3202 4853 3311 4891 non
3352 4837 3458 4901 vis,
3493 4851 3593 4890 nec

2016 4927 2074 4980 in
2122 4928 2235 4989 illo,
2268 4945 2284 4976 ι
2316 4926 2485 4981 Nemo
2521 4929 2707 4981 horam
2742 4928 2914 4987 novit.
2955 4927 3059 4979 nisi
3100 4926 3281 4986 Pater,
3322 4946 3338 4976 ›
3384 4928 3435 4979 iu
3462 4942 3595 4980 con-

2022 5024 2305 5080 tumeliam
2339 5006 2460 5076 Filii
2505 5021 2699 5075 leraris
2736 5039 2747 5073 :
2784 5022 2867 5075 sin
2898 5021 3002 5074 hoc
3037 5021 3225 5085 audes,
3269 5020 3441 5071 multo
3479 5035 3595 5071 ma-

2018 5117 2099 5187 gis
2152 5115 2287 5169 illud
2334 5114 2489 5184 prius
2535 5114 2677 5168 aude
2704 5130 2717 5166 :
2748 5128 2873 5165 nam
2919 5110 3196 5180 stupidius
3229 5119 3315 5163 est
3348 5109 3590 5178 seipsunt

2017 5225 2182 5279 quam
2246 5208 2413 5261 alium
2455 5208 2727 5276 ignorare.
2777 5207 2978 5272 Quidni
3019 5207 3192 5260 multo
3237 5206 3510 5260 horridius
3541 5216 3596 5258 et

2014 5300 2473 5356 contumeliosius
2506 5299 2662 5369 prius
2721 5314 2884 5367 quam
2944 5298 3280 5353 secundum?
3324 5298 3408 5349 sin
3458 5296 3591 5349 illud

2014 5395 2255 5449 furorem
2307 5404 2363 5449 et
2410 5393 2742 5461 impietatem
2794 5406 3015 5447 omnem
3063 5391 3313 5455 excedat,
3347 5390 3479 5460 quid
3525 5390 3594 5443 de

2015 5489 2121 5543 hoc
2172 5486 2504 5543 dicendum?
2552 5485 2753 5541 lterum
2795 5486 2892 5551 ait,
2924 5504 2941 5538 ι
2970 5483 3143 5541 Nemo
3188 5484 3343 5541 novit
3370 5482 3591 5548 Filium,

1619 5664 1855 5722 νΑῐιιιΕ
1899 5662 2309 5722 LECTIONES.

400 5861 428 5891 ³
456 5851 517 5905 C.
556 5849 628 5907 ll.
658 5852 963 5906 ἐπιϐαλεῖν.
1041 5856 1059 5888 ⁸
1093 5850 1278 5919 βύθος.
1358 5863 1382 5889 ιι
1414 5851 1502 5904 ἵσ.
1543 5851 1613 5904 εἰ.
