4072 6426
494 432 598 492 679

492 547 596 598 nisi
651 542 811 596 Pater
864 559 877 595 :

492 637 731 704 scipsum
766 634 1041 701 ignorare,
1070 631 1113 684 si
1152 646 1259 683 non
1294 640 1419 699 post
1447 631 1555 683 alia
1594 631 1857 694 absurda,
1890 630 2071 683 mino-

490 706 603 781 rem
645 734 851 779 statuat
880 723 1165 778 scientiam
1212 721 1392 776 Patris
1425 739 1438 774 :
1468 722 1599 775 dum
1635 720 1778 776 Filio
1810 721 2072 790 relinqui-

488 830 576 872 tur
619 820 729 879 illa,
766 832 887 886 qua!
926 818 992 870 ad
1028 816 1113 869 sui
1143 815 1317 882 ipsius.
1342 814 1615 883 propriam
1650 829 1760 867 non
1788 814 2068 884 pertingit.

485 909 541 963 Si
591 924 720 977 ergo
775 907 831 961 in
887 907 993 960 hoc
1036 906 1219 970 etlato,
1260 923 1279 956 ι
1317 905 1491 960 Nemo
1519 907 1672 959 novit
1707 904 1928 970 Filium,
1962 906 2069 960 nisi

485 999 667 1065 Pater,
702 1020 719 1051 ι
758 998 958 1053 Filium
1013 1013 1044 1051 ιι
1095 1013 1192 1052 sua
1242 998 1472 1052 scientia
1499 1013 1606 1052 non
1630 998 1957 1062 excludunt;
1997 997 2070 1050 ita

486 1108 586 1147 nec
640 1092 692 1145 in
750 1091 866 1155 illo,
903 1109 920 1141 ι
963 1088 1136 1144 Nemo
1171 1089 1322 1143 novit
1354 1090 1546 1143 horam
1594 1090 1698 1144 nisi
1731 1090 1913 1155 Pater,
1947 1108 1965 1140 ι
2002 1089 2072 1142 ab

484 1184 574 1237 illa
608 1181 925 1251 cognitione
947 1182 1234 1234 exctudent
1264 1178 1465 1234 Filium
1494 1199 1509 1235 :
1538 1180 1621 1235 sin
1657 1180 1726 1235 ab
1756 1180 1859 1235 hac
1888 1180 2069 1234 elimi-

483 1286 634 1337 nent,
670 1276 782 1345 jam
818 1274 969 1345 prius
1002 1275 1071 1328 ab
1105 1274 1192 1327 illa
1222 1273 1598 1337 excluserunt,
1632 1283 1914 1343 utcunque
1957 1288 2073 1329 suae

415 1367 424 1375 ’
485 1368 667 1437 impiae
712 1366 998 1421 sententia:
1040 1366 1311 1420 labiorum
1357 1366 1662 1420 ministeria
1698 1381 1809 1419 non
1852 1381 2073 1420 accom-

485 1459 821 1512 modarunt:
854 1458 1029 1529 ﬁgura
1062 1458 1353 1525 orationis,
1394 1458 1540 1512 unde
1574 1458 1846 1528 imprimis
1877 1473 2071 1513 errore

486 1565 545 1603 se
564 1550 974 1617 implicuerunt,
1010 1556 1063 1602 ct
1083 1563 1237 1618 spem
1264 1549 1685 1618 blasphemandi
1714 1549 2073 1619 arripuerunt

483 1640 761 1693 simillima
788 1651 905 1703 est;
938 1649 992 1694 et
1019 1639 1140 1694 Filii
1172 1641 1480 1706 scientiam,
1505 1656 1573 1696 ne
1605 1642 1650 1695 si
1683 1641 1859 1711 magis
1890 1641 2072 1696 adhuc

484 1732 726 1785 insanire
771 1731 958 1796 velint,
991 1747 1099 1786 non
1133 1732 1548 1795 inﬁciabuntur,
1593 1732 1736 1787 ultra
1790 1732 2071 1802 cognitio-

482 1838 609 1877 nem
646 1822 793 1877 illius
819 1823 992 1888 horae,
1031 1824 1098 1878 ad
1134 1824 1242 1878 alia
1272 1825 1449 1895 magis
1479 1824 1688 1890 divina,
1722 1833 1778 1879 et
1806 1824 2067 1881 sublimia

482 1915 804 1971 extendere.

1658 425 1921 485 ΡΠΟΤΙΙ
1961 424 2463 485 ΡΛΤΙΗΑΒΟΗΕ
2488 425 2597 483 CP.

939 559 956 590 ι
1018 553 1114 592 nec
1183 538 1524 592 contradicct
1585 539 1823 607 aliquis,
1883 536 2071 590 Filium

2183 538 2384 591 εἰδέναι
2408 537 2500 589 καὶ
2539 535 2915 605 φοϐερώτερον
2944 536 3024 599 είς
3060 535 3219 607 ὕϐριν
3267 537 3363 590 τοῦ
3420 538 3682 609 δευτέρου
3714 538 3789 590 τὸ

3664 428 3791 497 680

2180 629 2444 697 πρότερον
2475 647 2490 692 ;
2523 629 2584 680 Εἰ
2613 628 2659 680 δ’
2686 630 2866 681 ἐκεῖνο
2896 629 3092 697 μανίας
3120 628 3216 681 καὶ
3245 629 3571 691 δυσσεϐείας
3592 628 3788 682 οὐδενὶ

2174 720 2497 773 καταλείπει
2526 718 2854 789 ὑπερϐολὴν,
2884 719 2938 772 τί
2968 720 3035 773 ἄν
3067 737 3151 780 τις
3194 722 3309 790 ἐρεῖ
3340 722 3470 791 περ)
3535 721 3737 774 τούτου
3762 736 3787 787 ;

2177 814 2345 866 Πάλιν
2373 813 2560 883 φησιν,
2586 832 2606 863 ι
2633 812 2821 876 Οὐδεὶς
2848 809 2955 866 οἶδε
2978 814 3068 865 τὸν
3106 814 3234 866 Υἱὸν
3265 815 3314 866 εί
3341 814 3415 884 μὴ
3437 814 3679 884 όΠατήρ
3702 830 3717 844 ·
3755 832 3784 866 ι

2177 907 2270 956 καί
2308 906 2408 957 οὐκ
2450 905 2515 956 ἀν
2543 922 2629 965 τις
2684 905 2875 956 ἑαυτὸν
2925 906 3146 972 ἀγνοεῖν
3188 907 3625 974 καταψηφιεῖται
3677 907 3788 959 τὸν

2178 997 2325 1061 Υίὸν,
2357 998 2406 1048 εἰ
2441 996 2515 1066 μὴ
2546 996 2687 1066 μετά
2716 997 2815 1067 τῆς
2838 997 3005 1067 ἄλλης
3057 998 3313 1060 ἀτοπίας,
3350 998 3613 1051 ἐλάττονα
3645 997 3783 1067 θείη

2174 1091 2265 1141 καὶ
2290 1090 2388 1157 τὴν
2430 1090 2632 1155 γνῶσιν
2676 1090 2776 1157 τὴν
2810 1090 2940 1159 περὶ
2994 1089 3091 1142 τοῦ
3146 1091 3363 1160 Πατρός
3394 1108 3409 1123 ·
3468 1090 3585 1157 είγε
3627 1090 3784 1160 αὕτη

2178 1181 2276 1249 μὲν
2302 1180 2381 1250 τῷ
2414 1180 2529 1251 Υἱῷ
2564 1180 2947 1250 κατείληπται,
2977 1182 3075 1251 τῆς
3104 1181 3163 1233 δὲ
3190 1181 3325 1244 ἰδίας
3349 1180 3503 1235 οὐπω
3521 1182 3780 1249 ἐφίκετο.

2175 1273 2237 1323 Εἰ
2296 1271 2479 1324 τοίνυν
2524 1273 2582 1324 ἐν
2619 1271 2717 1341 τῷ,
2760 1290 2781 1323 ι
2829 1272 3021 1333 Οὐδεὶς
3080 1267 3193 1325 οἶδε
3236 1271 3329 1325 τὸν
3360 1272 3489 1325 Υιδν
3537 1274 3586 1325 εί
3616 1272 3695 1342 μὴ
3748 1274 3786 1325 ὁ

2177 1365 2387 1432 Πατὴρ,
2418 1384 2438 1417 ι
2465 1364 2718 1433 οὐδαμῶς
2741 1365 2839 1433 τῆς
2866 1365 2991 1435 περὶ
3021 1364 3185 1417 αὐτὸν
3217 1365 3475 1433 είδήσεως
3501 1363 3785 1430 ἐξωθοῦσι

2174 1457 2263 1509 τὸν
2289 1458 2417 1509 Υίόν
2459 1474 2473 1487 ’
2498 1457 2605 1509 οὐδ’
2639 1458 2698 1509 ἐν
2727 1457 2829 1526 τῷ,
2863 1474 2881 1506 ι
2916 1456 3109 1519 Οὐδεὶς
3139 1451 3252 1508 οἶδε
3281 1455 3381 1526 τὴν
3411 1455 3582 1523 ῶραν,
3616 1457 3781 1525 εἰμὴ

2175 1550 2203 1600 ὁ
2228 1549 2443 1620 Πατὴρ,
2473 1568 2490 1601 ι
2521 1550 2620 1618 τῆς
2648 1549 2777 1619 περὶ
2801 1549 2893 1601 τὸν
2923 1548 3119 1617 καιρὸν
3160 1548 3371 1601 ἐκεῖνον
3399 1547 3781 1616 προγνώσεως

2176 1641 2532 1711 ἐξωῢήσουσι.
2570 1644 2631 1695 El
2670 1643 2729 1695 δὲ
2771 1642 2977 1710 ταύτης
3024 1640 3331 1704 ἐλαύνουσι,
3366 1641 3781 1711 προαπήλασαν

2177 1734 2460 1803 κάκείνης,
2491 1733 2594 1787 κᾶν
2630 1734 2784 1787 οὔπω
2816 1730 3193 1805 τεθαρρήκαϐι
3234 1733 3437 1787 διδόναι
3480 1734 3551 1785 τά
3610 1733 3780 1802 χείλη

2175 1828 2288 1887 τοῖς
2312 1825 2602 1878 δυσσεϐέσι
2633 1826 2917 1896 λογισμοῖς
2942 1825 3402 1897 ύπηρετήσασθαι
3429 1841 3445 1857 ο
3473 1826 3536 1877 τό
3562 1842 3626 1877 τε
3657 1827 3782 1894 γὰρ

2170 1916 2360 1987 σχῆμα
2378 1916 2475 1970 τοῦ
2513 1917 2697 1985 λόγου,
2736 1919 2821 1988 ἐφ’
2842 1911 2887 1985 ᾧ
2918 1918 3154 1985 μάλιστα
3176 1918 3274 1987 τὴν
3301 1917 3524 1987 ἀπάτην
3554 1919 3780 1979 ἑαυτοῖς

484 2007 1018 2074 συγκατεσκεύαζον,
1047 2007 1268 2071 καὶτὰς
1312 2008 1408 2061 τοῦ
1448 2009 1804 2080 δυσσεϐήσειν
1842 2008 2065 2073 ἐλπίδας
2102 2009 2317 2080 ἀνεῖχον
2372 2013 2695 2082 ὁμοιότατον
2726 2029 2740 2044 ·
2774 2013 2868 2066 καὶ
2889 2013 2991 2082 τὴν
3029 2013 3160 2083 περὶ
3228 2013 3321 2065 τὸν
3359 2012 3490 2065 Υἱδν
3538 2014 3774 2081 γνῶσιν,

482 2100 594 2151 οὐδ’
624 2101 692 2154 ἂν
717 2102 880 2156 πλέον
922 2103 1231 2172 ἐκμανεῖεν,
1263 2102 1373 2156 οὐδ’
1401 2104 1554 2155 αὐτοὶ
1592 2104 1658 2157 ἂν
1686 2104 1983 2175 ἀρνηθείην
2021 2112 2067 2169 τ,
2109 2104 2183 2174 μὴ
2215 2107 2415 2176 μακρῴ
2447 2106 2545 2176 τῆς
2580 2106 2706 2176 περὶ
2773 2106 2873 2175 τὴν
2909 2105 3059 2176 ὥραν
3122 2105 3342 2174 ἐκείνην
3377 2104 3775 2175 προγνώσεως,

482 2192 656 2246 Θειοτέ
665 2210 766 2264 ραν
794 2211 852 2247 τε
886 2195 979 2247 καὶ
1008 2195 1347 2265 ὑψηλοτέραν
1373 2191 1538 2251 εἶναι.

553 2291 732 2356 Atque
779 2288 897 2342 hrec
943 2288 1163 2357 quidem
1212 2290 1316 2345 fuit
1344 2291 1589 2347 Matthzei
1641 2292 1938 2357 sententia,
1976 2292 2074 2347 tali

483 2380 695 2433 theoria
736 2380 1102 2437 considerata.
1138 2382 1207 2437 At
1240 2382 1434 2438 beatus
1464 2381 1703 2447 Marcus,
1756 2385 2069 2439 eodemmet

480 2473 677 2541 spiritu
726 2473 1062 2543 inspiratus,
1092 2475 1282 2531 eadem
1332 2476 1622 2531 abundans
1679 2478 1874 2545 gratia,
1920 2492 2076 2531 eum-

480 2565 603 2617 dem
640 2567 1047 2635 prmdicationis
1090 2583 1405 2623 sermonem
1436 2570 1541 2624 sibi
1572 2570 1949 2625 concreditum
1977 2570 2078 2623 ha-

480 2656 641 2721 bens,
681 2657 818 2711 nihil
856 2659 1018 2727 plane
1049 2675 1365 2730 repugnans
1397 2662 1727 2731 prolocutus
1770 2671 1878 2722 est,
1912 2662 2079 2730 idque

414 2741 429 2753 ’
482 2748 603 2801 sine
664 2760 921 2803 accurata
979 2750 1110 2804 dicti
1166 2752 1504 2821 inspectione
1557 2762 1725 2822 patet,
1784 2753 2078 2823 synhiero-

484 2842 726 2908 phantae,
761 2853 817 2896 et
841 2855 1307 2914 symmystagogo,
1336 2860 1513 2915 neque
1540 2845 1755 2901 veritati
1788 2861 1953 2916 quam
1999 2845 2077 2899 illi

484 2932 874 2996 tradiderunt,
926 2940 981 2991 et
1034 2935 1411 3005 multipliciter
1456 2937 1757 2991 etiamnum
1840 2935 2079 2991 manife-

484 3032 661 3075 statae.
717 3022 824 3077 Sed
855 3024 901 3079 si
948 3023 1112 3078 verba
1142 3026 1262 3094 ejus
1284 3027 1601 3095 exponenda
1636 3027 2077 3096 susceperimus,

484 3113 669 3169 adhuc
703 3115 876 3185 magis
908 3116 1054 3172 illius
1081 3128 1507 3183 consensum,et
1538 3135 1663 3173 cum
1691 3108 1919 3173 veritate
1944 3133 2079 3173 con-

2264 2286 2404 2341 Ἀλλ’
2433 2282 2502 2354 ἦν
2536 2298 2561 2325 ι
2592 2285 2690 2354 μὲν
2728 2283 2823 2337 τοῦ
2860 2284 3007 2355 ἱεροῦ
3040 2282 3324 2339 Ματθαίου
3356 2284 3534 2355 ῥῆσις,
3560 2286 3620 2338 ἐν
3646 2287 3780 2340 τού-

2175 2397 2289 2443 τοις
2332 2396 2392 2431 τε
2423 2378 2517 2430 καὶ
2556 2374 2817 2444 τοιαύτην
2842 2374 3042 2443 ἔχουσα
3070 2374 3171 2444 τὴν
3202 2374 3458 2444 θεωρίαν.
3508 2376 3567 2428 '0
3619 2375 3679 2430 δέ
3704 2393 3779 2443 γε

2179 2472 2453 2542 μακάριος
2479 2468 2728 2539 Μάρκος,
2772 2466 3048 2536 πνεύματί
3072 2483 3134 2519 τε
3161 2465 3241 2537 τῷ
3267 2467 3421 2536 αὐτῷ
3454 2467 3775 2538 ἐμπνεόμε-

2176 2582 2285 2628 νος,
2321 2563 2416 2616 καὶ
2458 2562 2560 2633 τὴν
2609 2562 2781 2631 αὐτὴν
2832 2559 3083 2612 πλουτῶν
3122 2560 3307 2630 χάριν,
3328 2560 3425 2613 καὶ
3470 2561 3562 2613 τὸν
3601 2561 3773 2616 αὑτὸν

2178 2656 2272 2709 τοῦ
2302 2655 2665 2726 κηρύγματος
2691 2654 2713 2705 ἐ
2724 2652 3205 2723 μπεπιστευμένος
3248 2651 3431 2720 λόγον,
3456 2652 3621 2723 δῆλον
3666 2654 3770 2722 μὲν

2178 2746 2260 2798 δτι
2307 2746 2402 2797 καὶ
2446 2744 2616 2814 χωρὶς
2660 2743 2762 2810 τῆς
2799 2741 2897 2796 τοῦ
2946 2742 3110 2813 ῥητοῦ
3154 2744 3513 2813 διασκέψεως,
3545 2745 3643 2797 οὐκ
3697 2745 3771 2799 ἂν

2179 2836 2303 2888 οὐτε
2320 2835 2399 2906 τῷ
2447 2834 2843 2905 συνιεροφάντῃ
2884 2834 2979 2887 καὶ
3009 2834 3500 2905 συμμυσταγωγῷ,
3533 2835 3657 2888 οὐτε
3697 2839 3767 2904 τῇ

2180 2928 2312 2996 παρ’
2367 2927 2549 2981 αὐτῶν
2615 2925 3246 2996 μυσταγωγηθείσῃ,διά
3284 2926 3497 2978 πολλῶν
3549 2926 3606 2978 δὲ
3668 2927 3775 2979 καὶ

2179 3020 2271 3073 νοῦ
2320 3029 2347 3067 Υ
2399 3018 2819 3088 ἐπιδεδειγμένῃ
2874 3017 3147 3088 λαμπρῶς
3201 3018 3453 3088 ἀληθείᾳ,
3510 3018 3768 3088 οὐδαμῶς

2181 3114 2247 3168 ἂν
2284 3112 2573 3183 μαχόμενα
2612 3112 2927 3180 φθέγξαιτο.
2961 3112 3151 3180 Ὅμως
3178 3110 3235 3163 δὲ
3264 3111 3360 3163 καὶ
3390 3113 3425 3181 ἡ
3474 3110 3570 3164 τοῦ
3598 3111 3776 3181 ῥητοῦ

485 3205 842 3273 spirationem
896 3207 1264 3276 intelligemus
1301 3227 1313 3263 :
1350 3217 1479 3263 nota
1537 3209 1673 3263 mihi
1704 3224 1871 3279 ergo,
1925 3208 2071 3278 quod

2182 3205 2590 3275 μεταχείρησις,
2635 3204 2836 3275 μᾶλλόν
2863 3220 2919 3255 τε
2953 3203 3134 3255 αὐτῶν
3165 3202 3266 3272 τὴν
3295 3204 3642 3273 συμφωνίαν,
3667 3205 3765 3256 καὶ

481 3298 703 3353 divinus
762 3298 864 3354 iste
907 3300 1010 3365 vir,
1046 3316 1113 3355 ne
1145 3310 1463 3370 przetextutn
1510 3302 1733 3370 quidem
1794 3299 2071 3355 hazreticis

2179 3298 2241 3351 τὸ
2274 3298 2413 3367 πρὸς
2465 3298 2567 3366 τὴν
2611 3296 2873 3365 ἀλήθειαν
2919 3294 3206 3365 ἐνάμιλλον
3256 3296 3619 3365 παραστήσει.
3653 3296 3769 3348 Καὶ

482 3391 796 3462 relinquere
838 3393 1046 3456 voluit,
1094 3394 1189 3448 sed
1240 3410 1434 3449 omnes
1505 3396 1726 3449 illorum
1794 3394 2071 3448 machinas

2184 3409 2275 3458 μοι
2310 3390 2510 3461 συνόρα
2539 3388 2751 3453 λοιπὸν,
2776 3389 2852 3452 ὡς
2876 3381 3032 3450 οὗτος
3064 3388 3095 3439 ό
3132 3387 3274 3449 θεῖος
3298 3386 3464 3457 ἀνὴρ,
3497 3387 3617 3441 οὐδὲ
3636 3390 3767 3458 πρό-

482 3476 734 3539 funditus
800 3486 1145 3550 concutiens,
1204 3502 1272 3541 ne
1338 3488 1561 3555 quidem
1635 3502 1849 3551 vocem,
1908 3486 2071 3548 solus,

2183 3482 2348 3551 φασίν
2389 3500 2511 3534 τινα
2552 3481 2729 3533 λιπεῖν
2786 3483 2899 3544 τοῖς
2949 3479 3283 3547 αἱρετίζουσι
3338 3480 3761 3551 προνοούμενος,

483 3588 593 3642 quo
639 3574 766 3628 licet
817 3573 1132 3629 frustraneo
1191 3575 1485 3629 utebantur
1518 3575 1727 3647 refugio
1775 3575 2071 3644 impietatis

2178 3574 2356 3627 πάντα
2386 3574 2442 3626 δὲ
2488 3573 2794 3627 κατασείων
2818 3574 2881 3625 ἐκ
2922 3573 3138 3643 βᾶθρων
3172 3572 3360 3625 αὐτῶν
3394 3572 3462 3625 τά
3514 3575 3761 3644 μηχανή-

484 3682 619 3728 suae,
682 3680 797 3718 sum
874 3666 1164 3735 scriptioni
1218 3667 1483 3722 insertam
1542 3670 1811 3723 adhibuit.
1867 3667 2069 3722 Vocem

2182 3686 2348 3737 ματα,
2380 3668 2499 3722 οὐδὲ
2543 3668 2605 3720 τὸ
2650 3671 2851 3735 μόνος,
2882 3670 3019 3738 ὅπερ
3048 3668 3114 3722 ἂν
3152 3664 3220 3739 ἦν
3267 3669 3502 3732 ἐκείνοις
3528 3670 3759 3723 ἐνταῦθα

484 3773 614 3825 ergo
646 3766 961 3827 amputans,
989 3769 1043 3812 et
1076 3775 1185 3813 una
1222 3761 1475 3813 eximens
1504 3761 1799 3831 impietatis
1826 3762 2071 3816 occasio-

2178 3761 2594 3829 προσκείμενον,
2630 3762 2677 3812 εί
2707 3760 2800 3812 καὶ
2832 3759 3031 3829 μάτην,
3067 3762 3359 3831 καταφυγὴ
3393 3760 3437 3813 δ’
3482 3763 3631 3832 ὅμως
3661 3762 3754 3814 τοῦ

486 3864 635 3908 nam,
677 3864 711 3901 a
738 3849 996 3903 deorsum
1027 3859 1081 3904 et
1112 3850 1247 3919 ipse,
1286 3851 1748 3920 quemadmodum
1789 3852 2074 3921 synhiero-

487 3940 687 4007 phanta
720 3942 967 3994 ascendit
998 3957 1171 4010 usque
1194 3944 1259 3996 ad
1290 3944 1532 4011 angelos,
1554 3953 1609 3997 et
1629 3943 1769 4012 apud
1797 3959 1892 3997 eos
1920 3944 2075 4012 igno-

488 4031 721 4085 rautiam
756 4033 1178 4095 circumscribit,
1199 4049 1322 4087 cum
1355 4050 1461 4103 qua
1487 4034 1753 4089 orationis
1774 4034 2065 4104 periodum

490 4121 629 4185 fluit,
660 4122 728 4176 ab
760 4123 867 4177 alio
901 4123 1155 4193 deinceps
1184 4126 1452 4195 principio
1484 4142 1736 4191 exorsus,
1759 4142 1866 4179 non
1892 4127 2069 4182 solum

491 4214 693 4266 nullam
731 4214 1025 4282 Unigenito
1056 4216 1421 4285 ignorantiam
1465 4218 1717 4282 ascribit,
1747 4218 1842 4271 sed
1874 4234 1904 4271 e
1942 4234 2073 4272 con—

486 4318 566 4359 tra
587 4307 742 4374 plane
767 4306 943 4361 Patris
965 4308 1327 4379 cognitionem
1360 4310 1557 4364 habere
1577 4310 1725 4364 illum
1751 4310 2067 4379 proﬁtetur;

485 4414 594 4450 non
650 4398 795 4451 illam
843 4400 1039 4461 modo,
1074 4402 1168 4454 sed
1209 4401 1356 4455 illius
1400 4401 1622 4456 modum
1672 4410 1726 4455 et
1755 4416 2069 4455 tnensuram

482 4488 744 4553 declarat,
777 4488 939 4557 cujus
978 4498 1038 4543 ut
1073 4498 1127 4543 et
1161 4491 1474 4543 divinarum
1508 4491 1952 4560 naturaliumque
1986 4491 2071 4543 di-

488 4580 757 4647 gnitatum
782 4580 987 4635 fontem
1014 4597 1133 4636 esse
1152 4580 1371 4636 Patrem
1404 4582 1540 4637 Filio
1569 4583 1869 4653 theologice
1889 4585 2067 4637 docet.

481 4672 622 4737 Quid
672 4682 856 4727 autem
917 4674 1067 4739 dicit,
1112 4693 1130 4725 ‹
1164 4690 1341 4743 neque
1362 4673 1533 4729 Filius
1563 4676 1747 4738 sciret,
1774 4674 1878 4729 nisi
1910 4672 2071 4728 Pater

482 4763 783 4818 revelaret?
826 4783 845 4816 ι
910 4766 1016 4820 hoc
1063 4775 1185 4832 est,
1224 4767 1293 4821 ab
1326 4780 1393 4820 eo
1441 4765 1591 4821 fonte
1636 4764 1757 4819 ﬂuit
1808 4765 2066 4836 cognitio,

2175 3851 2410 3920 δυσσεϐῆ
2422 3868 2611 3920 ματος,
2642 3851 2939 3903 οὐδὲτοῦτο
2971 3854 3035 3921 τῇ
3078 3854 3255 3922 οἰκείᾳ
3291 3856 3475 3922 γραφῇ
3525 3870 3760 3923 προσηρο

2179 3943 2384 4011 μόσατο
2416 3959 2432 3975 ο
2495 3943 2763 4013 περιελὼν
2815 3942 2873 3994 δὲ
2926 3944 3023 4013 τὴν
3092 3943 3237 4008 λέξιν
3294 3945 3389 3997 καὶ
3460 3945 3764 4011 συνεξελὼν

2174 4032 2357 4094 αὐτοῖς
2391 4042 2413 4067 ι
2435 4032 2533 4100 τῆς
2560 4031 2825 4101 πονηρίας
2846 4031 2945 4101 τὴν
2972 4032 3267 4102 πρόφασιν,
3315 4034 3492 4086 ἄνεισι
3519 4034 3618 4103 μὲν
3665 4036 3760 4087 καὶ

2174 4124 2360 4190 αὐτὸς,
2396 4123 2588 4194 ῶσπερ
2616 4125 2646 4176 ὁ
2685 4125 3134 4194 συνιεροφάντης,
3170 4128 3235 4178 ἐκ
3301 4126 3410 4178 τῶν
3462 4127 3760 4197 κατωτέρω

2178 4216 2341 4285 μέχρι
2372 4217 2427 4269 δὲ
2454 4215 2564 4268 τῶν
2603 4215 2852 4284 ἀγγέλων
2889 4216 3123 4283 φθάσας.
3158 4218 3254 4270 καὶ
3300 4219 3358 4270 σὲ
3394 4220 3754 4289 περιγράφει,

2172 4308 2271 4378 τὴν
2337 4309 2561 4376 ἄγνοιαν
2610 4309 3024 4377 συναπαρτίξων
3060 4309 3221 4379 αὐτῇ,
3253 4309 3345 4361 καὶ
3378 4309 3480 4377 τὴν
3521 4309 3617 4361 τοῦ
3671 4310 3757 4361 λό-

2174 4418 2271 4468 γου
2303 4400 2550 4470 περίοδον
2581 4416 2594 4429 ·
2621 4401 2715 4452 ἀπ’
2756 4399 2922 4469 ἄλλης
2966 4401 3009 4453 δ’
3061 4402 3237 4471 ἀρχῆς
3272 4402 3459 4454 λοιπὸν
3510 4403 3754 4472 ἀπαρχό-

2177 4490 2445 4559 μενος,οὐ
2507 4490 2669 4559 μόνον
2721 4491 2979 4560 οὐδεμίαν
3021 4490 3245 4559 ἄγνοιαν
3306 4493 3631 4563 ἐπιφημίζει
3679 4491 3755 4561 τῷ

2172 4584 2470 4651 Μονογενεῖ
2489 4624 2503 4645 ,
2529 4584 2665 4637 ἀλλά
2695 4584 2790 4637 καὶ
2817 4586 2926 4637 πᾶν
2968 4584 3280 4638 τούναντίον
3311 4585 3572 4653 καθαρῶς
3605 4584 3755 4653 αὐτῷ

2170 4675 2269 4744 τὴν
2315 4673 2576 4745 πατρῴαν
2609 4674 2811 4743 γνῶσιν
2857 4675 3293 4746 ἐπιμαρτύρεται
3325 4692 3341 4705 ·
3395 4676 3491 4729 καὶ
3534 4676 3597 4728 ού
3654 4676 3753 4745 τὴν

2172 4766 2373 4833 γνῶσιν
2419 4766 2601 4836 μόνον,
2630 4766 2768 4819 ἀλλά
2822 4767 2917 4819 καὶ
2974 4766 3065 4818 τὸν
3114 4767 3318 4837 τρόπον
3374 4766 3753 4820 συναναπτύσ-

482 4856 630 4909 unde
685 4864 740 4909 et
787 4857 1159 4925 generationis
1214 4871 1415 4921 causa;
1459 4869 1591 4909 nam
1635 4870 1745 4909 non
1782 4864 1867 4910 est
1896 4854 2067 4910 Filius

2174 4877 2256 4912 σει
2307 4859 2406 4928 τῆς
2436 4858 2713 4927 γνώσεως,
2740 4858 2841 4929 τὴν
2884 4858 2993 4915 τῶν
3038 4857 3214 4912 ἄλλων
3251 4857 3500 4926 ῳυσικῶν
3555 4876 3615 4911 τε
3657 4858 3750 4911 καὶ

476 4948 596 5001 sine
621 4946 910 5015 principio,
938 4956 995 5001 et
1024 4961 1213 5012 causa,
1243 4954 1302 5000 ut
1325 4953 1408 5001 est
1436 4944 1628 5009 Pater;
1652 4946 1745 5000 sed
1778 4944 1832 5000 in
1860 4946 2068 5014 princi-

410 5062 413 5063 ν
476 5038 626 5106 pium
644 5038 879 5093 refertur
898 5046 950 5093 et
972 5054 1193 5093 causam
1208 5052 1592 5108 congenerem,
1609 5053 1824 5106 nempe.
1850 5038 2079 5095 Patrem.

482 5154 499 5184 ι
530 5116 648 5188 Nec
692 5132 865 5187 Filius
913 5133 1098 5197 sciret,
1153 5131 1261 5185 nisi
1313 5130 1464 5201 prius
1495 5130 1789 5185 revelasset
1808 5128 2007 5184 Pater:
2040 5147 2059 5180 ι

2162 4952 2491 5021 ,θεοπρεπῶν
2524 4952 2850 5021 ἀξιωμάτων
2895 4950 3080 5020 πηγὴν
3137 4950 3230 5002 τὸν
3260 4951 3504 5019 Πατέρα,
3560 4951 3746 5003 τοῦτον

2169 5039 2527 5096 αἴτιονλεῖναι
2555 5043 2635 5114 τῷ
2690 5042 2808 5112 Υίῷ
2846 5042 2940 5095 καὶ
2989 5043 3089 5112 τῆς
3140 5040 3397 5123 γνώσεως
3453 5041 3742 5109 θεολογῶν.

2169 5132 2374 5201 Τίγάρ,
2394 5130 2580 5201 φησιν,
2619 5150 2637 5181 ι
2662 5131 2797 5184 Οὐδὲ
2823 5134 2851 5185 ὁ
2874 5129 3000 5191 Υἱὸς
3019 5130 3084 5184 ἂν
3109 5130 3226 5201 ᾔδει
3243 5132 3291 5182 εί
3314 5131 3387 5200 μὴ
3409 5132 3437 5183 ὁ
3467 5131 3693 5200 Πατήρς
3721 5147 3742 5180 ι

473 5226 602 5293 quid
656 5225 760 5279 isto
806 5224 1117 5279 testimonio
1164 5223 1464 5288 illustrius,
1522 5231 1615 5276 aut
1668 5222 1901 5277 validius
1938 5220 2066 5276 est?

2174 5224 2462 5286 τουτέστιν,
2520 5223 2731 5277 ἐκεῖθεν
2792 5224 3101 5294 πηγάζεται
3154 5222 3233 5293 τῷ
3287 5223 3400 5291 Υίῷ
3451 5223 3741 5292 ήγνῶσις,

472 5316 633 5371 Novit
662 5316 843 5378 Pater,
897 5326 950 5371 et
975 5314 1143 5371 Filius
1173 5315 1358 5382 novit;
1396 5316 1441 5369 si
1473 5314 1605 5369 latet
1646 5312 1844 5369 Filium
1897 5314 2061 5383 quid-

2164 5316 2286 5368 δΟεν
2351 5315 2503 5384 αὐτῷ
2549 5315 2771 5386 καὶτῆς
2813 5317 3121 5385 γεννήσεως
3168 5317 3201 5384 ὴ
3241 5315 3409 5368 αἰτία..
3447 5314 3581 5366 υύδέ
3636 5315 3743 5383 γὰρ

472 5422 638 5475 quant
680 5407 736 5461 id
763 5421 793 5459 a
824 5405 983 5460 Patre
1012 5406 1176 5461 habet
1203 5424 1215 5460 :
1263 5408 1355 5461 sed
1388 5404 1566 5460 Patris
1596 5405 1888 5460 scientiam
1921 5401 2061 5456 nihil

2174 5408 2403 5475 ἄναρχος
2435 5408 2526 5459 καὶ
2559 5405 2818 5470 ἀναίτιος,
2838 5406 3066 5476 ὥσπερὸ
3088 5405 3300 5475 Πατὴρ,
3321 5405 3441 5458 ἀλλ’
3464 5407 3543 5465 είς
3569 5406 3742 5473 ἀρχὴν

474 5497 611 5563 fugit
640 5515 655 5549 :
697 5497 979 5565 quocirca,
1012 5513 1111 5552 nec
1148 5496 1265 5550 Filii
1292 5497 1600 5552 communis
1634 5507 1847 5559 natura,
1871 5492 2055 5546 Deitas

2174 5498 2494 5567 ἀναφέρεται
2556 5498 2648 5549 καὶ
2699 5497 2946 5569 συμφυὲς
3000 5497 3172 5551 αἴτιον
3220 5498 3311 5551 τὸν
3350 5496 3738 5566 γεγεννηκότα·

1752 5697 1989 5751 νΑιιιΑς
2032 5696 2440 5753 LECTIONES.

537 5836 562 5861 τ
591 5826 647 5879 (Σ.
690 5827 758 5881 Μ.
788 5827 1088 5894 ἀρνηθεῖεν.

1170 5840 1195 5865 ι
1222 5826 1279 5881 c.
1313 5826 1380 5879 ιι.
1433 5829 1485 5896 ἡ.
1564 5838 1590 5874 γ
1623 5828 1685 5883 c.
1718 5827 1788 5881 Μ.
1827 5827 1939 5880 νῦν.

2026 5839 2046 5866 ³
2078 5832 2137 5887 C.
2175 5829 2247 5886 Μ.
2281 5831 2474 5901 αὐτῆς.
