4072 6444
381 356 486 422 681

1379 371 1480 429 AD
1507 369 2104 431 AMPIIILOCIIIUM
2134 373 2479 444 QUJESTIO
2514 379 2713 440 CXIV.

3551 381 3664 444 632

385 496 406 530 σ
439 477 574 532 Οὐδὲ
599 481 629 532 6
659 479 785 544 Υἱὸς
811 480 878 536 ἃν
913 481 1054 553 ᾔδει.
1090 482 1164 555 μὴ
1206 484 1235 537 6
1267 485 1478 556 Πατήρ.
1512 503 1530 535 ι
1558 487 1623 538 Τί
1645 485 1849 556 ταύτης
1871 487 1971 556 τῆς

2079 492 2406 553 communis.
2439 496 2746 551 communis
2781 495 3112 562 substantia,
3152 495 3349 550 harum
3397 510 3661 554 commu-

385 570 699 640 μαρτυρίας
760 572 1146 645 λαμπρότερόν
1196 590 1257 628 τε
1337 576 1432 628 καὶ
1490 576 1962 648 ὲμδριθέστερον;

380 667 423 714 υ
449 663 537 714 δεν
594 663 624 714 6
666 663 878 734 Πατὴρ,
935 661 1044 718 οἶδε
1088 665 1182 718 καὶ
1219 667 1248 718 6
1279 665 1407 730 Υἱός
1434 682 1450 698 ’
1484 668 1533 720 εί
1557 667 1748 738 λέληθέ
1782 685 1834 720 τι
1873 669 1966 722 τὸν

381 755 532 820 Υίδν,
594 758 658 809 ὲκ
690 755 783 809 τοῦ
823 757 1040 827 Πατρὺς
1074 758 1226 813 ἕλκει
1255 758 1353 830 τὴν
1383 761 1562 816 αίτίαν
1597 779 1613 793 ·
1656 742 1771 814 ἀλλ’
1813 762 1967 815 οὐδὲν

381 849 485 916 τὴν
531 849 628 901 τοῦ
666 849 878 920 Πατρδς
911 851 1198 920 διαφεύγει
1254 853 1458 920 γνῶσιν
1493 870 1509 887 ο
1557 855 1668 909 οὐδ’
1717 855 1826 925 ἄρα
1871 853 1966 908 τοῦ

383 940 517 993 Υίοῦ
553 941 732 995 κοινὸν
797 944 830 1012 ἡ
896 942 1060 1010 φύσις
1089 960 1102 974 ·
1142 944 1322 999 κοινὺν
1369 942 1404 1016 ἡ
1443 946 1674 1016 θεότηςο
1707 945 1886 1001 κοινὸν
1933 948 1967 1016 ἡ

381 1030 541 1084 οὐσία
564 1043 584 1061 ⁸
613 1031 823 1086 τούτων
850 1031 964 1104 δὲή
995 1033 1273 1099 κοινωνία,
1304 1035 1401 1088 καὶ
1426 1035 1493 1090 τὰ
1522 1035 1658 1091 ἄλλα
1687 1036 1967 1107 θεοπρεπῆ

381 1122 671 1191 ἀξιώματα
720 1124 877 1177 κοινὰ
894 1127 1135 1179 ποιεῖται
1155 1126 1252 1179 καὶ
1280 1126 1580 1198 ἀδιαίρετα.
1639 1145 1657 1178 ι
1691 1125 1798 1190 Οὓς
1828 1127 1969 1181 θέλει

380 1213 638 1278 ζωοποιεῖ
681 1217 710 1268 6
766 1216 987 1286 Πατήρ·
1064 1215 1161 1270 καὶ
1213 1217 1309 1281 οὓς
1363 1216 1507 1271 θέλει
1558 1218 1720 1272 πάλιν
1759 1221 1788 1272 6
1841 1218 1968 1282 Υίδς

383 1306 666 1371 ζωοποιεῖ.
695 1308 892 1370 Οὐδεὶς
939 1309 1159 1379 ἔρχεται
1205 1310 1342 1382 πρὸς
1373 1309 1464 1364 τὸν
1507 1309 1748 1382 ’Πατέρα
1801 1311 1849 1363 εί
1896 1310 1971 1382 μὴ

379 1397 468 1452 διὰ
491 1398 586 1452 τοῦ
619 1399 749 1452 Υἱοῦ
773 1414 787 1428 ·
843 1401 939 1454 καὶ
970 1399 1147 1464 οὐδεὶς
1174 1400 1395 1472 ἔρχεται
1427 1402 1565 1472 πρὸς
1603 1401 1698 1456 τὸν
1722 1401 1888 1464 ιΥῐὸν,
1923 1403 1971 1454 εί

385 1491 462 1560 μὴ
508 1490 596 1544 διὰ
637 1490 732 1544 τοῦ
774 1491 1006 1562 Πατρός.
1055 1491 1319 1547 Γινώσκει
1359 1495 1387 1547 6
1417 1493 1610 1565 Πατὴρ
1638 1491 1730 1547 τὸν
1753 1493 1878 1548 Υίόν
1900 1511 1912 1526 ’
1945 1511 1968 1548 ι

381 1581 520 1635 ἀλλὰ
545 1581 728 1646 καθὼς
759 1583 1014 1650 γινώσκει
1042 1585 1224 1649 αὐτὸν,
1253 1583 1396 1639 οὕτω
1423 1586 1517 1640 καὶ
1553 1604 1572 1638 ι
1607 1588 1635 1640 6
1659 1585 1786 1650 Υἱὸς
1812 1581 1982 1654 γινώο·

385 1688 507 1726 σκει
538 1673 632 1726 τὸν
662 1675 903 1745 Πατέρα.
951 1695 969 1728 ι
1001 1676 1144 1730 Ὅσα
1197 1675 1308 1747 ἔχει
1351 1677 1387 1730 6
1442 1677 1654 1748 Πατὴρ,
1679 1677 1822 1748 πλὴν
1877 1678 1989 1748 τῆς

2070 581 2162 634 nio
2189 590 2241 636 et
2269 583 2375 637 alia
2406 584 2517 639 Deo
2545 601 2784 655 congrua
2812 589 3086 642 axiomata
3116 587 3351 643 indivisa
3374 589 3572 653 reddit,
3601 603 3658 645 et

2069 674 2405 727 communia.
2478 692 2496 724 σ
2539 675 2689 741 Quos
2725 679 2841 732 vult
2891 678 3050 734 Pater
3095 679 3354 744 viviticat,
3389 689 3446 734 et
3477 679 3654 737 Filius

2069 759 2311 815 vivificat
2346 777 2486 831 quos
2528 765 2655 818 item
2687 767 2886 820 vult“.
2918 767 3096 822 Nemo
3128 770 3277 824 venit
3305 771 3372 824 ad
3406 771 3660 839 Patrem,

2070 851 2174 905 nisi
2221 867 2320 922 per
2379 853 2600 921 Filium,
2632 867 2686 911 et
2722 858 2787 911 ad
2824 857 3018 913 Filium
3068 876 3251 925 nemo,
3288 863 3390 917 nisi
3427 878 3526 934 per
3557 864 3658 918 Pa-

2073 951 2234 996 trem.
2268 945 2564 1014 Cognoscit
2589 947 2746 1001 Pater
2773 948 2969 1001 Filium
3009 968 3027 1000 ›
3066 951 3159 1005 sed
3185 959 3240 1006 et
3273 955 3348 1007 ita
3395 971 3414 1004 ι
3451 969 3659 1023 cogno-

2071 1029 2178 1083 scit
2236 1028 2406 1087 Filius
2457 1031 2674 1088 Patrem
2692 1034 2760 1090 ³⁸.
2802 1055 2820 1086 ι
2863 1035 3059 1090 Omnia
3095 1051 3218 1105 quat
3270 1040 3436 1094 habet
3473 1041 3658 1106 Pater,

2074 1129 2271 1186 prmtcr
2298 1121 2623 1194 ingenitum,
2659 1125 2822 1180 habet
2860 1120 3050 1190 Filius,
3078 1139 3132 1182 et
3153 1131 3334 1183 omnia
3357 1147 3478 1200 quae
3501 1133 3662 1188 habet

2077 1206 2244 1266 Filius
2271 1222 2464 1282 prmter
2492 1215 2755 1284 genitum,
2797 1217 2964 1272 habet
2985 1218 3146 1272 Pater
3185 1237 3198 1274 :
3242 1239 3261 1272 ι
3294 1219 3410 1274 Tua
3433 1224 3601 1287 enim,
3639 1243 3655 1271 ι

2077 1303 2276 1372 inquit,
2343 1323 2360 1354 ι
2394 1320 2514 1359 mea
2546 1315 2695 1369 sunt,
2722 1316 2776 1360 et
2808 1324 2925 1362 mea
2969 1318 3097 1363 sunt
3140 1319 3252 1365 tua.
3285 1329 3306 1364 ι
3340 1309 3548 1367 Horum
3585 1316 3659 1367 uti

2077 1405 2194 1448 erat
2227 1395 2472 1450 initiatus
2504 1396 2640 1466 ipse,
2677 1397 2749 1452 ita
2786 1414 2887 1453 nos
2934 1400 3169 1454 initiavit
3194 1401 3423 1457 scientia
3470 1403 3664 1459 beatus

2077 1484 2312 1553 Marcus,
2369 1488 2697 1561 theologiam
2750 1499 3027 1554 accurate,
3072 1502 3127 1546 et
3173 1491 3498 1549 circumcise
3530 1494 3663 1549 deﬁ-

2080 1578 2253 1645 ricns,
2305 1579 2450 1636 clare
2497 1583 2719 1646 clamat,
2778 1583 2925 1652 quod
2956 1602 2974 1636 ι
3011 1584 3124 1640 Nec
3154 1583 3326 1641 Filius
3351 1587 3523 1652 novit,
3556 1588 3662 1642 nisi

2079 1669 2258 1734 Pater,
2283 1689 2302 1724 ι
2330 1672 2476 1742 quod
2513 1675 2824 1743 copulatum
2859 1685 2978 1730 erat
3004 1676 3220 1744 extulit,
3254 1679 3521 1734 orationis
3547 1696 3662 1734 me-

382 1765 733 1834 ἀγεννησίας,
765 1767 944 1821 πάντα
976 1766 1088 1839 ἔχει
1133 1771 1160 1823 6
1198 1769 1326 1834 Υἱός
1355 1785 1368 1798 ·
1402 1767 1540 1822 ἀλλά
1561 1771 1654 1823 καὶ
1682 1770 1780 1823 ὃσα
1809 1767 1920 1840 ἔχει
1948 1773 1975 1822 ὁ

2082 1760 2331 1830 talcpsln,
2371 1771 2558 1833 utpote
2589 1766 2805 1820 cnnctis
2841 1766 3068 1830 claram,
3098 1783 3201 1823 nec
3234 1768 3290 1823 in
3323 1769 3492 1825 dubio
3516 1770 3662 1840 posi-

388 1856 534 1918 Υἱὸς,
577 1856 717 1927 πλὴν
761 1858 861 1928 τῆς
897 1860 1228 1928 γεννήσεως,
1290 1859 1472 1913 πάντα
1511 1858 1623 1929 ἔχει
1682 1861 1709 1912 6
1754 1860 1970 1929 Πατήρ.

389 1966 409 1996 ί
455 1946 535 1998 Τὰ
566 1947 675 2018 γὰρ
712 1948 841 2018 ἐμὰ,
879 1949 1031 2017 φησι,
1070 1949 1137 2002 σά
1171 1950 1306 2013 ἐστι,
1337 1951 1429 2004 καὶ
1456 1952 1525 2004 τὰ
1547 1951 1634 2014 σὰ,
1665 1951 1774 2020 ἐμά
1795 1969 1810 1982 ·
1842 1969 1860 2002 ›
1899 1944 1974 2003 ὧν

383 2037 440 2092 δὲ
470 2041 1048 2112 μεμυσταγωγημένος
1073 2041 1168 2093 καὶ
1185 2042 1564 2112 μυσταγωγῶν
1601 2045 1750 2114 ἡμᾶς
1777 2044 1806 2096 6
1828 2043 1972 2106 θεῖος

386 2131 614 2201 Μάρκος
654 2122 753 2202 τὴν
787 2130 1099 2200 θεολογίαν,
1131 2132 1212 2197 εἴς
1253 2150 1312 2186 τε
1352 2133 1411 2187 τὸ
1436 2134 1663 2205 ἀκριὸὲς
1713 2135 1831 2205 ἅμα
1877 2136 1970 2188 καὶ

383 2221 651 2291 σύντομον
679 2222 1072 2294 ἀφοριζόμενος
1101 2223 1200 2295 τὴν
1219 2226 1590 2292 διδασκαλίαν,
1624 2227 1702 2291 ὡς
1734 2245 1753 2279 ι
1783 2226 1918 2282 Οὐδὲ
1945 2230 1971 2281 6

386 2313 516 2375 Υἱὸς
564 2312 630 2367 ἂν
681 2313 818 2384 ᾔδει,
848 2314 1170 2385 διαπρύσιον
1203 2316 1390 2388 βοᾷ,ἐί
1427 2318 1501 2389 μὴ
1526 2321 1552 2372 6
1583 2319 1792 2390 Πατὴρ,
1824 2337 1843 2371 ι
1878 2320 1971 2373 καὶ

383 2405 446 2457 τὸ
473 2406 840 2475 συνημμένον,
876 2406 1044 2459 εἰπὼν
1069 2407 1164 2460 τοῦ
1193 2407 1376 2478 λόγου,
1417 2409 1493 2474 ὡς
1538 2410 1767 2464 αὐτόθεν
1799 2411 1970 2466 ἅπασι

383 2494 552 2566 δήλην
580 2491 768 2564 οὖσαν,
795 2497 888 2551 καὶ
929 2498 1054 2569 μηδ’
1091 2499 1567 2571 ἀμφιδοξουμένην
1595 2502 1704 2554 τινὶ
1739 2502 1836 2572 τὴν
1871 2519 1969 2572 με-

383 2585 620 2654 τάληψιν
649 2587 898 2658 παρῆκεν
930 2605 945 2618 ·
975 2589 1037 2642 οὐ
1082 2589 1191 2661 γὰρ
1222 2591 1390 2656 ἔστιν,
1421 2592 1524 2645 οὐκ
1553 2591 1720 2658 ἐστιν,
1756 2592 1864 2646 οὐδ’
1907 2593 1968 2647 ού

391 2676 467 2747 μὴ
491 2677 740 2747 γένηται,
771 2679 881 2732 οὐδ’
913 2678 980 2734 ἂν
1008 2679 1174 2745 αὐτὸς
1203 2683 1232 2734 6
1273 2682 1372 2752 τῆς
1401 2683 1601 2748 κακίας
1631 2683 1970 2756 ἁρχιτέκτων

386 2767 572 2832 πάλιν,
605 2770 684 2832 είς
710 2768 882 2834 ἀκοάς
909 2787 1076 2824 τινων
1109 2771 1293 2835 αὐτοῖς
1323 2771 1600 2844 ἑρεύξοιτο
1628 2775 1889 2846 χείλεσιν,
1911 2775 1970 2839 ὃς

386 2859 510 2929 οὐχὶ
541 2859 621 2930 τῷ
645 2860 821 2931 Πατρὶ
849 2861 949 2932 τὴν
997 2860 1200 2930 γνῶσιν
1229 2863 1447 2932 ἐκείνης
1476 2865 1576 2934 τῆς
1609 2864 1823 2935 ἡμέρας
1875 2866 1970 2919 καὶ
2022 2895 2026 2900 -

383 2948 541 3021 ὥρας
582 2951 989 3022 προσαναθήσει
1017 2954 1124 2994 ιιι-δ’
1176 2953 1334 3007 τοῦτο
1363 2953 1419 3007 δὲ
1440 2951 1614 3016 διδοὺς
1643 2955 1738 3007 καὶ
1788 2965 1811 2994 ε
1841 2954 1968 3007 δυσ-

390 3043 678 3112 χεραίνων,
696 3043 758 3097 οὐ
783 3043 943 3115 λήξη¹
967 3047 1317 3116 συγχωρήσει
1335 3047 1552 3110 πάντως
1569 3048 1663 3100 καὶ
1683 3049 1853 3113 ἄκων,
1871 3048 1969 3118 τὴν

2081 1865 2190 1908 tam
2241 1854 2448 1911 omisit.
2501 1854 2622 1911 Non
2669 1867 2753 1913 est
2792 1858 2959 1923 enim,
2991 1875 3092 1915 nec
3124 1860 3229 1915 erit
3253 1860 3339 1916 illc
3369 1861 3664 1934 impietatis

2075 1943 2306 2011 artifex,
2339 1961 2444 2002 nec
2498 1947 2661 2003 labiis
2719 1949 2995 2004 eruclabit
3040 1950 3176 2017 tale,
3209 1951 3304 2021 qui
3357 1967 3460 2007 nec
3521 1951 3663 2006 Pa:~i

2075 2039 2362 2093 scientiam
2379 2037 2488 2093 diei
2515 2039 2662 2095 illius
2684 2048 2737 2096 et
2756 2040 2906 2096 horae
2935 2042 3215 2110 attribuit;
3247 2044 3348 2097 hoc
3378 2057 3660 2109 conceSSn,

2075 2146 2198 2183 cum
2223 2129 2543 2184 difficultate
2565 2138 2620 2186 et
2642 2131 2844 2187 invitus
2861 2126 3007 2200 licet,
3036 2132 3298 2188 concedet
3321 2140 3501 2188 tamen
3523 2132 3662 2189 Filio
3703 2205 3705 2207 _

2073 2236 2190 2275 eam
2226 2221 2623 2290 cegnitionem:
2660 2238 2808 2291 nam,
2841 2243 2858 2276 ι
2889 2223 3078 2295 Neque
3101 2221 3272 2280 Filius
3298 2224 3402 2280 nisi
3433 2223 3612 2290 Pater,
3642 2243 3658 2276 ι

2074 2326 2198 2365 cum
2230 2309 2286 2364 in
2326 2309 2750 2382 circumscripta
2793 2313 3004 2368 ratione
3028 2311 3192 2367 Pater
3229 2313 3388 2380 sciat,
3423 2313 3477 2366 in
3507 2328 3663 2367 eam-

2073 2403 2194 2455 dem
2220 2403 2553 2473 cognitionis
2604 2419 2921 2460 mensuram
2953 2413 3009 2459 et
3038 2403 3238 2459 Filium
3270 2403 3511 2459 ascribct
3543 2423 3554 2456 :
3589 2407 3664 2457 ita

2075 2505 2183 2544 non
2211 2501 2295 2546 est
2319 2488 2801 2562 dicendum,quod
2827 2492 3233 2548 accuratiorem
3259 2501 3313 2547 ct
3338 2492 3662 2546 diviniorem

2074 2579 2294 2632 modum
2373 2580 2582 2650 tangit,
2646 2581 2933 2636 scientiam
2985 2583 3040 2635 in
3097 2580 3260 2636 Patre
3317 2595 3663 2635 communem

2072 2671 2328 2740 prtedicat
2359 2687 2484 2726 cum
2520 2671 2692 2739 Filio;
2727 2681 2784 2727 tu
2833 2679 3039 2735 autem,
3078 2672 3220 2741 quod
3257 2679 3445 2733 restat,
3488 2673 3659 2725 sancti

2074 2763 2168 2817 Dei
2205 2763 2442 2833 Spiritus
2473 2765 2773 2834 sapientem
2811 2776 2864 2819 et
2900 2764 3252 2835 multiplicem
3295 2762 3668 2832 dispensatio-

2079 2870 2202 2908 nem
2262 2854 2485 2910 recolito
2512 2873 2524 2908 :
2553 2871 2675 2924 qua:
2727 2856 2779 2910 in
2814 2863 3050 2925 utroque
3096 2854 3430 2925 evangelista
3465 2869 3664 2924 opera-

2074 2948 2231 3002 batur
2251 2933 2280 3012 ;’
2315 2962 2412 3018 per
2467 2962 2632 3002 unam
2675 2958 2728 3002 et
2774 2949 3001 3002 alteram
3041 2946 3258 3003 dicendi
3315 2946 3573 3011 formam,
3613 2946 3670 2999 in

2072 3055 2237 3094 unam
2292 3047 2348 3094 et
2397 3040 2644 3094 eamdem
2681 3040 2900 3109 pietatis
2947 3040 3329 3110 cogitationem
3361 3038 3666 3102 deducens;

395 3131 570 3202 αὐτὴν
619 3134 818 3188 ἐνεῖναι
867 3134 1068 3204 γνῶσιν
1096 3135 1177 3208 τῷ
1208 3137 1322 3207 Υίῷ
1356 3153 1370 3167 ·
1430 3139 1493 3190 τὸ
1539 3138 1670 3210 γὰρ,
1707 3156 1726 3190 ι
1778 3138 1902 3192 οὐδὲ
1943 3141 1971 3191 6

2079 3141 2304 3186 sanctus
2333 3130 2626 3186 Matthaeus
2659 3146 2848 3186 vocem
2890 3131 3037 3185 solus
3084 3131 3403 3195 adnectens,
3441 3144 3550 3184 non
3585 3129 3670 3182 in-

395 3223 548 3288 Υίὸς,
580 3225 628 3278 εί
672 3226 748 3297 μὴ
803 3227 833 3280 6
877 3227 1089 3298 Πατὴρ,
1159 3246 1178 3280 ι
1222 3229 1649 3301 ἁπαραγράπτῳ
1697 3228 1841 3300 λόγῳ
1877 3231 1972 3283 τοῦ

395 3319 610 3390 [ἰατρὸς
641 3319 840 3383 εἰδότος
875 3321 956 3383 είς
986 3321 1085 3391 τὴν
1123 3320 1294 3393 αὐτὴν
1358 3323 1580 3392 συνάγει
1639 3323 1841 3392 γνῶσιν
1884 3323 1975 3377 τὸν

397 3409 546 3466 Υίόν.
583 3411 748 3464 ’Ὥστε
781 3411 892 3464 οὐδ’
925 3409 953 3451 ἀ
990 3411 1141 3465 ἔστιν
1168 3411 1365 3477 εἰπεῖν,
1392 3412 1515 3465 ὅσον
1539 3415 1616 3476 εἰς
1652 3412 1715 3466 τὸ
1748 3412 1974 3482 ἀκριϐέ-

393 3502 590 3556 στατόν
614 3519 673 3555 τε
717 3503 814 3556 καὶ
843 3502 1312 3574 θεοπρεπέστατον
1338 3502 1438 3573 τὴν
1472 3505 1530 3556 ὲν
1559 3503 1739 3574 Ila-cpi.
1774 3503 1977 3572 γνῶσιν

399 3594 584 3666 κοινὴν
618 3594 986 3665 ἀνακηρύττει
1025 3595 1120 3648 καὶ
1149 3595 1244 3648 τοῦ
1282 3594 1438 3650 Υἰοῢ.
1470 3594 1541 3647 Σὺ
1572 3593 1630 3646 δέ
1660 3611 1751 3665 μοι
1792 3593 1978 3645 λοιπὸν

398 3686 498 3756 τὴν
520 3687 616 3739 τοῦ
644 3687 914 3756 παναγίου
948 3687 1042 3741 καὶ
1078 3687 1224 3741 θείου
1255 3687 1573 3758 Πνεύματος
1613 3686 1783 3755 σοφὴν
1830 3687 1979 3739 οἱκο-

399 3779 598 3848 νομίαν
624 3780 718 3832 καὶ
748 3779 1034 3851 πολυμερῆ
1060 3779 1472 3844 συνεπιλογίζου
1498 3797 1512 3809 ·
1543 3779 1693 3842 ὅπως
1722 3779 1979 3848 ἐνεργοῦν

399 3871 461 3924 ὲν
493 3871 740 3942 ἑκατέρῳ
761 3871 871 3925 τῶν
893 3871 1318 3940 εὐαγγελιστῶν,
1337 3871 1414 3925 δι’·
1435 3871 1628 3944 ἑτέρας
1661 3871 1754 3924 καὶ
1785 3872 1980 3941 ἑτέρας

398 3964 561 4030 λόγου
591 3964 985 4034 συμφράσεως,
1026 3964 1108 4026 είς
1133 3963 1233 4035 τὴν
1262 3963 1432 4035 αὐτὴν
1457 3964 1656 4026 αὐτοὺς
1689 3951 1802 4032 ’τῆς
1825 3963 1982 4014 εὐσε-

397 4054 555 4117 ϐείας
581 4053 786 4109 ἔννοιαν
831 4056 1076 4121 συνάγει.
1117 4053 1176 4106 Ὀ
1213 4053 1313 4123 μὲν
1345 4054 1455 4123 γὰρ
1501 4053 1641 4122 ἱερὸς
1682 4051 1980 4117 Ματθαῖος,

398 4145 485 4209 τὸ,
511 4146 726 4215 μόνος,
757 4148 867 4209 τοῖς
886 4147 1067 4216 λόγοις
1113 4145 1422 4208 συνάπτων,
1463 4145 1716 4217 οὐδαμῶς
1738 4143 1983 4214 ἐντίθησι

295 4269 303 4275 -
400 4239 490 4305 τδ,
522 4257 540 4290 ι
575 4239 712 4292 Οὐδὲ
744 4241 771 4292 6
793 4239 972 4302 Υἱόςοι
1009 4237 1095 4292 ἵνα
1122 4238 1196 4310 μὴ
1227 4237 1354 4310 δόξῃ
1367 4237 1456 4291 τὸν
1483 4239 1610 4294 Υἱὸν
1639 4241 1751 4303 τοῖς
1781 4239 1986 4312 αἱρετι-

400 4333 586 4398 ζουσιν
617 4333 715 4404 τῆς
741 4333 841 4402 μὲν
872 4332 1148 4402 πατρικῆς
1173 4333 1333 4403 δόξης
1381 4333 1630 4404 διαιρεῖν,
1672 4332 1752 4395 εἰς
1787 4331 1844 4385 δὲ
1888 4330 1986 4402 τὴν

401 4425 513 4478 τῶν
539 4425 787 4493 ἀγγέλων
812 4425 966 4492 τάξιν
992 4425 1356 4478 συνελαύνειν.
1393 4423 1453 4478 Ὀ
1485 4424 1542 4477 δὲ
1570 4423 1713 4486 θεῖος
1738 4422 1986 4494 Μάρκος,

2081 3221 2318 3286 terserit,
2357 3241 2376 3273 ι
2414 3221 2602 3292 Neque
2650 3222 2840 3286 Filius,
2875 3241 2894 3274 ι
2928 3237 2995 3277 ne
3037 3221 3290 3276 videatur
3336 3235 3463 3275 cum
3497 3219 3671 3274 haere-

2079 3316 2202 3370 ticis
2237 3330 2267 3368 a
2300 3321 2523 3382 paterna
2558 3314 2728 3384 gloria
2757 3313 2954 3368 Filium
2987 3326 3264 3382 separare,
3297 3320 3353 3366 et
3376 3313 3430 3364 in
3466 3301 3700 3365 cohor-f

2079 3417 2185 3461 tem
2213 3410 2559 3478 compingere
2582 3405 2900 3477 angelorum
2925 3422 2939 3458 :
2967 3403 3180 3458 Marcus
3205 3403 3471 3470 adjiciens
3488 3400 3622 3456 illud
3652 3419 3667 3456 :

2086 3518 2104 3551 ι
2139 3495 2326 3568 Neque
2348 3496 2539 3560 Filius,
2574 3515 2592 3549 ›
2623 3505 2678 3552 et
2707 3497 3037 3566 principium
3068 3495 3293 3551 alterius
3321 3493 3527 3564 periodi
3559 3504 3684 3547 sta~.

2082 3599 2262 3655 tuens,
2293 3588 2437 3644 tollit
2469 3589 2636 3655 solus,
2665 3603 2735 3643 ne
2764 3590 2808 3642 si
2842 3587 3163 3652 accesserit,
3201 3587 3271 3641 ab
3306 3585 3490 3655 impiis
3533 3584 3675 3638 arri—

2084 3691 2304 3751 peretur
2331 3698 2346 3736 :
2377 3689 2433 3735 et
2469 3694 2575 3735 non
2624 3677 2956 3750 principium
2998 3676 3226 3733 alterius
3260 3675 3470 3745 periodi
3503 3682 3674 3740 esset,

2091 3793 2108 3825 ι
2147 3771 2336 3843 Neque
2356 3770 2580 3836 Filius,»
2608 3769 2705 3824 sed
2731 3767 3090 3839 praecedentis
3112 3767 3359 3823 clausula
3383 3781 3449 3820 ac
3484 3765 3674 3820 termi-

2086 3879 2190 3921 nus
2215 3863 2429 3930 inanis;
2465 3862 2540 3917 ibi
2571 3860 2718 3917 enim
2751 3860 2978 3916 sci-entia
3013 3867 3238 3931 paterna
3264 3857 3402 3912 Filio
3425 3871 3670 3912 commu-

2086 3961 2303 4014 nicatur
2361 3963 2777 4021 consummate,
2803 3969 2901 4025 per
2936 3953 3334 4024 improbitatem
3369 3951 3674 4020 ignorantia

2087 4049 2414 4118 suscipitur,
2452 4057 2508 4103 et
2538 4043 3087 4117 gradus.assignatur
3120 4043 3442 4113 angelorum
3490 4054 3678 4096 servo-

2086 4139 2480 4210 rumque,hoc
2542 4144 2814 4192 conantur
2863 4135 2957 4205 qui
3003 4134 3112 4190 Deo
3153 4135 3357 4190 bellum
3405 4133 3676 4195 indicunt,

2087 4230 2320 4286 Domino
2371 4237 2427 4284 et
2465 4225 2714 4283 Creatori
2757 4225 3036 4296 affingere.
3063 4223 3313 4288 Quorum
3345 4223 3679 4291 impietatem

2088 4329 2381 4392 amputans
2431 4318 2787 4391 evangelista,
2839 4324 3163 4387 prmtextum
3213 4312 3284 4367 ab
3332 4312 3474 4376 illis,
3512 4310 3679 4371 solus,

2089 4412 2410 4486 praescindit
2455 4421 2510 4468 et
2557 4410 2830 4482 praetollit.
2884 4408 3063 4477 Atque
3117 4406 3190 4459 ita
3240 4418 3340 4475 per
3386 4413 3683 4468 utrumque

404 4489 718 4586 προσταξας
746 4515 828 4581 τὸ,
857 4535 875 4568 ι
895 4489 1035 4570 δύδὲ
1051 4516 1079 4567 6
1104 4515 1280 4581 Υἱὸς,›
1309 4513 1404 4569 καὶ
1431 4513 1604 4586 ἀρχὴν
1625 4511 1782 4566 τοῦτο
1807 4489 1976 4565 δευτέέ

2095 4509 2377 4572 divinum,
2421 4513 2477 4561 et
2521 4519 2742 4559 sacrum
2805 4500 3163 4570 Scriptorem,
3193 4510 3320 4552 cum
3359 4509 3455 4548 ora
3495 4491 3683 4545 videas

411 4625 515 4678 ρας
541 4609 794 4679 περιόδου
834 4607 1226 4680 ποιησάμενος,
1252 4606 1568 4676 ἀφαιρεῖται
1592 4603 1652 4658 τὺ
1672 4605 1884 4674 μόνος,
1903 4603 1991 4656 ἵνα

411 4697 488 4768 μὴ
546 4697 704 4752 τοῦτο
745 4698 911 4753 πάλιν
967 4697 1203 4752 ἐνταῦθα
1238 4698 1657 4770 προσκείμενον,
1719 4695 1990 4766 ἅρπαγμα

407 4791 522 4853 τοῖς
546 4788 834 4843 δυσσεϐέσι
859 4789 1086 4859 γένηται
1113 4805 1129 4822 ο
1160 4788 1257 4842 καὶ
1280 4788 1380 4842 οὐκ
1395 4787 1537 4858 ἀρχὴ
1569 4786 1769 4857 μᾶλλον
1797 4786 1990 4854 ἑτέρας

411 4879 688 4950 περιόδου,
719 4879 886 4933 «Οὐδὲ
905 4881 934 4932 6
952 4878 1080 4937 Υἱὸς
1093 4898 1112 4931 ι
1142 4879 1399 4950 νομισθῇ,
1418 4879 1519 4949 τῆς
1536 4875 1991 4947 προτεταγμένης

409 4975 467 5026 δὲ
495 4972 673 5042 πέρας
703 4973 798 5025 καὶ
823 4971 1272 5044 συναπαρτισμὸς
1302 4967 1698 5042 ῥᾳδιουργηθῇ.
1748 4967 1859 5020 Καὶ
1882 4965 1991 5036 γὰρ

2099 4598 2527 4658 Ιιωιδειίεθιιιίυηι
2553 4597 2831 4660 obturata,
2862 4603 2916 4649 et
2945 4606 3072 4649 cum
3103 4588 3446 4645 abundanter
3479 4583 3685 4638 habeas

2096 4693 2385 4751 dubiorum
2433 4705 2465 4745 a
2496 4699 2547 4746 te
2577 4687 2988 4760 propositorum
3024 4679 3352 4746 solutiones,
3388 4676 3685 4747 impietatis

2096 4781 2544 4840 communionem
2591 4778 2940 4835 constantius
2981 4772 3232 4838 evitabis,
3268 4779 3324 4826 et
3373 4767 3594 4840 pietatis
3637 4776 3687 4817 te

2100 4876 2275 4944 magis
2309 4872 2578 4929 fervidum
2621 4881 2955 4934 amatorem,
3017 4875 3073 4922 et
3132 4862 3476 4920 defensorem
3548 4871 3688 4928 prte-

2100 4963 2292 5020 stabis.

416 5071 694 5135 ὲκείνωςθ
726 5069 826 5141 μὲν
861 5069 895 5140 ἡ
925 5067 1170 5140 πατρικὴ
1198 5065 1408 5136 γνῶσις
1460 5065 1539 5137 τῷ
1604 5065 1720 5135 Υίῷ
1777 5062 1932 5134 κοινὴ
1995 5059 2291 5114 καθίστατο
2341 5057 2436 5113 καὶ
2498 5055 2832 5126 αὐτοτελής·
2873 5052 2960 5106 διὰ
3013 5051 3072 5104 δὲ
3121 5048 3221 5120 τῆς
3265 5043 3689 5148 κακουργίας,.ὴ

417 5165 611 5234 ἄγνοια
662 5165 900 5237 δέχεται,
955 5164 1052 5219 καὶ
1090 5166 1120 5218 6
1175 5161 1285 5216 τῶν
1336 5161 1585 5230 ἀγγέλων
1640 5160 1738 5214 καὶ
1777 5157 1980 5212 δούλων
2035 5154 2263 5226 βαθμὸς,
2289 5153 2428 5224 ὅπερ
2449 5153 2567 5206 ἐστὶ
2603 5151 2713 5205 τῶν
2731 5145 3148 5220 θεομαχούντων
3199 5140 3543 5237 σπούδασμα,
3595 5140 3689 5237 τον

421 5228 697 5335 Δεσπότην
715 5228 809 5318 καὶ
829 5228 1315 5334 Δημιουργόν.⁷Ων
1331 5228 1710 5329 τδρ-κακοῦργον
1727 5257 2007 5326 ἐκτέμνων
2045 5257 2072 5308 ὁ
2101 5250 2518 5323 εὐαγγελιστὴς,
2580 5249 2680 5319 τὴν
2721 5246 2816 5300 τοῦ
2860 5244 3050 5315 μόνος
3087 5237 3362 5335 πρόφασιν
3396 5228 3689 5335 προδιακό-

421 5377 551 5432 πτει
582 5323 677 5416 καλ.
709 5323 1057 5432 προαναιρεῐξ
1089 5323 1300 5422 Ὀὕτως
1326 5350 1421 5410 οὖν
1468 5355 1536 5409 δι’
1569 5323 1833 5425 έκατέρου
1860 5323 1996 5406 -τῶν
2034 5348 2334 5404 θεσπεσίων
2359 5347 2457 5401 καὶ
2485 5344 2780 5416 ἱερολόγων
2807 5339 3039 5411 ἀνδρῶν,
3103 5333 3175 5389 τὰ
3234 5330 3343 5432 τῷν
3387 5323 3692 5432 αἱρετιζόν-

421 5430 530 5513 των
571 5458 712 5530 ὁρῶν
767 5439 1194 5528 ἐμφραττόμενα
1225 5454 1492 5523 στόματα,
1532 5453 1624 5504 καὶ
1677 5451 1776 5513 τὰς
1827 5449 2011 5510 λύσεις
2049 5440 2125 5500 ὧν
2185 5445 2434 5515 ἠπόρεις,
2469 5443 2537 5496 δι’
2609 5439 2788 5494 αὐτῶν
2837 5437 3063 5494 ἐκείνων
3106 5425 3704 5504 καταπ).ουτιζόμενος,,

508 5583 552 5613 δ”
581 5581 742 5636 Joan.
766 5596 824 5643 ν,
857 5581 949 5633 2i.
1028 5578 1074 5608 ⁸⁵
1103 5561 1260 5631 ίυίιιι.
1301 5591 1414 5638 xw,
1447 5573 1502 5627 6-

1671 5711 1754 5765 V'A
1768 5710 1907 5764 [{le
1969 5705 2376 5764 LECTIONES.

506 5817 592 5858 θ’)
619 5816 679 5872 C.
715 5814 786 5871 Μ.
824 5811 1307 5886 προσανατεθήσει.

1410 5812 1505 5867 "-C.
1537 5810 1602 5866 Μ.
1648 5809 1768 5864 κᾶν.
1849 5805 1950 5864 (³0.
1977 5805 2045 5862 Μ.
2079 5805 2298 5872 συνάγει
2327 5803 2457 5855 οὐδ’.

2539 5812 2557 5837 ε
2591 5799 2654 5854 C.
2683 5798 2753 5854 Μ.
2799 5805 2944 5853 recte
2979 5796 3203 5859 ἐκεῖνος,
