4072 6470
434 368 543 431 683

1611 367 1869 428 ΡΗΟΤΙΙ
1904 367 2407 428 PATRIARCH/E
2424 371 2524 437 ΟΡ.

3619 367 3750 432 68$

427 481 528 550 τήν
554 497 614 532 τε
651 480 751 547 τῆς
773 478 1093 542 δυσσεδείας
1115 479 1195 542 είς
1221 478 1282 532 τὸ
1337 477 1702 550 βεϐαιώτερον
1740 479 2011 548 ὲκτρέπου
2058 477 2351 532 κακόνοιαν
2407 479 2427 519 ί
2451 522 2467 549 ,
2517 482 2610 537 καὶ
2657 483 2754 556 τῆς
2810 485 3095 550 εὗσεϐείας
3155 486 3495 558 θερμότερον
3550 483 3753 540 αὐτὸν

430 573 667 642 ἐραστὴν
692 573 783 624 καί⁵
814 572 1133 659 ὑπέρμαχον
1162 571 1530 628 ὲπιδείκνυσο.

533 685 859 754 ΩΠᾸΞΞΤΙΟ
892 688 1055 743 CXV.
1111 691 1302 763 [CoisL
1355 692 1523 746 Taur.
1567 689 1902 763 CXXXVII.]

854 775 928 830 De
958 778 1223 846 sapientia
1256 777 1582 833 Salomonis.

2038 676 2088 733 Α

2648 691 2987 747 ΕΡΩἸἩΣΙΣ
3033 691 3182 748 PlE'.

2403 787 2542 854 Περὶ
2576 784 2684 852 τῆς
2734 784 3124 856 Σολομῶντος
3173 786 3420 854 σοφίας.

549 889 691 941 Edita
716 906 742 941 a
775 891 1074 943 Montacutio
1098 893 1202 975 (ep.
1228 895 1336 955 2H,
1358 896 1423 944 ad
1458 894 1763 958 Theophan,
1798 909 1845 957 p.
1876 894 1960 943 361
1991 898 2120 958 seq.)
2147 897 2535 962 Explanationes
2559 905 2607 952 in
2631 902 2694 952 lll
2717 905 2928 966 Regum,
2949 917 3016 964 tv,
3038 903 3119 963 51,
3143 908 3196 952 et
3229 903 3395 965 illeg.
3431 917 3503 962 ιιι,
3536 903 3621 953 24.

498 995 638 1063 Quid
673 1007 727 1051 tu
759 1013 977 1067 passus,
1029 1015 1136 1068 qua
1193 1001 1524 1071 cogitatione
1582 1012 1761 1056 motus
1793 1010 1871 1066 tu,
1931 1002 2018 1056 vir

431 1086 544 1154 Dei,
592 1098 718 1158 post
762 1100 871 1143 tam
903 1090 1126 1161 longum
1190 1101 1405 1163 tempus
1435 1103 1488 1146 et
1529 1095 1701 1148 nostri
1741 1103 1850 1148 tam
1883 1109 2014 1162 pro-

429 1180 651 1234 fundam
688 1181 1043 1244 oblivionem,
1094 1192 1217 1252 post
1270 1186 1598 1239 amnestiam
1660 1187 2015 1251 horrendam,

431 1287 527 1324 nec
580 1270 738 1324 facile
795 1273 1354 1340 commemorandam,
1391 1276 1460 1328 ab
1482 1276 1612 1328 olim
1651 1276 1782 1329 mihi
1821 1277 2017 1331 amicis

433 1365 777 1433 profectam,
817 1373 939 1434 post
966 1366 1107 1419 mala
1164 1374 1242 1420 tot
1271 1367 1543 1420 exantlata
1601 1375 1810 1420 tantum
1844 1368 2014 1422 silen-

427 1458 588 1522 tium,
641 1457 785 1510 haud
829 1457 1058 1510 dixerim
1113 1473 1213 1528 ego
1262 1459 1459 1528 aequali
1509 1472 1626 1512 mea
1683 1458 2016 1514 condemna-

430 1547 597 1611 tione,
636 1563 697 1602 ea
716 1564 1021 1618 praponere
1056 1550 1150 1604 tibi
1173 1550 1344 1604 visum
1376 1551 1697 1622 fuerit,qua'.
1726 1551 2007 1605 curiosius

425 1639 497 1693 ab
554 1640 620 1693 iis
684 1640 889 1709 inquiri
955 1641 1152 1705 solent,
1212 1642 1307 1712 qui
1355 1642 1598 1712 jucunde
1632 1644 1799 1697 vitam
1849 1643 2012 1697 istam

429 1733 772 1802 transigunt,
829 1742 883 1786 et
913 1735 1226 1789 accuratius
1261 1735 1725 1803 philosophantur
1762 1754 1774 1790 :
1805 1745 1858 1790 at
1887 1751 2010 1800 nos,

427 1841 660 1894 quorum
689 1826 799 1896 jam
828 1826 956 1880 olim
981 1827 1092 1880 vita
1125 1828 1283 1882 malis
1309 1829 1599 1893 emarcuit,
1657 1829 1748 1898 qui
1779 1829 2012 1898 plm'ima

426 1932 494 1971 ex
531 1927 684 1987 parte
723 1919 926 1973 mortui
978 1934 1171 1974 sumus
1205 1938 1220 1974 :
1267 1921 1362 1990 qui
1396 1937 1562 1986 nunc,
1606 1928 1666 1976 ut
1713 1923 2011 1975 obscurum

427 2009 702 2078 quoddam
737 2011 1090 2066 simulacrum
1113 2052 1128 2076 ,
1182 2013 1349 2067 etvix
1387 2015 1822 2083 agnoscendum,
1859 2024 2005 2068 vete-

426 2102 504 2156 ris
533 2102 681 2157 illius
711 2113 913 2158 nostra:
941 2105 1324 2170 institutionis,
1373 2114 1427 2161 et
1461 2105 1706 2160 discendi
1740 2106 2012 2174 cupidilav

426 2192 518 2257 tis,
583 2193 638 2247 in
697 2193 801 2248 hac
863 2209 1028 2250 carne
1080 2195 1291 2249 misella
1362 2202 1415 2265 (ο
1472 2211 1759 2265 quousque
1790 2196 2009 2250 vivendi

423 2281 699 2336 desiderio
729 2285 1000 2340 teneberis
1028 2287 1070 2354 ί)
1097 2287 1522 2356 circumagimur
1549 2305 1562 2340 :
1601 2303 1766 2340 unum
1800 2299 1904 2351 est,
1938 2287 2006 2340 de
2045 2269 2085 2323 Β

422 2388 534 2442 quo
572 2374 1050 2444 phil050phemur,
1105 2393 1278 2444 mors,
1323 2387 1378 2432 et
1411 2379 1687 2448 angimur,
1745 2380 1891 2446 quod
1928 2379 2010 2432 sic

425 2465 625 2528 tardet,
657 2481 758 2521 nec
789 2483 892 2523 nos
928 2469 1090 2524 citius
1120 2469 1188 2524 de
1218 2469 1341 2525 istis
1376 2469 1616 2525 miseriis
1646 2471 1855 2536 cducil,
1890 2472 2016 2540 qui-

425 2556 526 2610 bus
555 2557 800 2626 quotidie
831 2574 932 2612 nos
964 2559 1292 2628 premimur,
1319 2560 1448 2614 dum
1479 2560 1616 2613 nihil
1646 2575 1702 2614 se
1729 2564 2014 2616 remittunt

426 2660 836 2717 persequentes.
886 2649 1045 2716 Quod
1079 2653 1122 2706 si
1155 2652 1359 2720 cupitis
1414 2653 1490 2719 (et
1521 2668 1640 2718 cur,
1677 2668 1884 2722 quaeso,
1916 2669 2014 2707 cu-

427 2739 607 2806 picti-s,
640 2741 735 2810 qui
766 2756 984 2796 summa
1012 2741 1260 2798 fruimini
1294 2743 1576 2809 felicitate,
1625 2760 1864 2813 quorum
1900 2745 2006 2798 lin-

425 2848 544 2904 guae
577 2833 816 2888 libenter
857 2835 1141 2889 rhetorum
1190 2851 1380 2905 greges
1409 2835 1804 2906 famulantur?)
1837 2837 1903 2891 de
1931 2846 2018 2890 tu-

428 2927 577 2980 mulo
637 2941 826 2980 vocem
881 2927 1103 2988 audire,
1153 2927 1410 2997 loquetur
1454 2935 1601 2982 certe
1655 2928 2009 2981 simulacrum

426 3016 558 3080 mei,
618 3016 692 3070 ita
745 3018 892 3070 eiiim
947 3018 1123 3087 magis
1170 3032 1471 3088 congruum
1521 3021 1770 3088 praesenti
1819 3021 2009 3074 statui.

426 3103 702 3170 Fortassis
759 3107 977 3171 silentio
1009 3108 1304 3163 insidiatur
1359 3111 1650 3180 scriptum,
1699 3121 1752 3166 et
1783 3113 2012 3167 alterius

424 3199 703 3267 tragoedia:
744 3199 941 3268 quaerit
983 3200 1350 3255 occasionem.
1403 3200 1458 3255 Si
1492 3219 1589 3272 per
1641 3203 1869 3258 insidias
1893 3220 2013 3259 ser-

425 3301 614 3354 mones
645 3287 920 3353 feruntur,
949 3288 1272 3358 jamdudum
1302 3303 1406 3357 est,
1440 3309 1566 3346 cum
1594 3295 1800 3362 experti
1835 3295 2011 3349 simus

425 3377 740 3442 istiusmodi
791 3381 1121 3436 insessores.
1159 3382 1454 3452 Quocirca,
1514 3385 1764 3454 loquetur
1801 3386 2008 3454 potius,

423 3485 589 3540 quam
623 3471 838 3537 silebit;
868 3480 924 3525 at
953 3473 1208 3542 loquetur
1231 3475 1596 3540 breviuscnle,
1624 3489 1677 3530 et
1708 3477 2008 3540 humiliter,

424 3569 485 3624 ut
515 3577 614 3629 par
640 3573 724 3616 est
758 3563 907 3615 illum
942 3565 1278 3633 reSpondere
1315 3567 1584 3635 qutesitis,
1638 3569 1732 3637 qui
1781 3568 1834 3620 in
1884 3583 2006 3622 mea

424 3652 783 3719 constituitur
818 3656 1159 3709 conditione.

497 3745 680 3802 Unum
726 3760 756 3798 c
804 3747 989 3803 dubiis
1038 3748 1171 3801 illud
1218 3757 1344 3802 est:
1389 3768 1406 3799 ι
1448 3748 1726 3818 Sapientia
1757 3752 2013 3804 cxcollnit

421 3832 684 3894 Salomon
749 3847 942 3895 omnes
1001 3833 1253 3889 homines
1300 3852 1314 3900 ;
1393 3843 1512 3889 erat
1565 3852 1726 3905 super
1778 3838 2010 3892 Getham

424 3918 781 3982 lsraclitam,»
813 3930 920 3974 etc.
948 3919 1274 3990 Respondeo
1294 3921 1347 3974 in
1375 3922 1588 3992 primis,
1623 3939 1708 3978 me
1735 3941 2008 3993 nusquam

424 4009 695 4078 reperisse
728 4011 994 4080 scriptum
1029 4009 1359 4076 Israelitam,
1412 4015 1558 4084 quod
1604 4031 1631 4067 a
1675 4024 1726 4070 tc
1766 4017 2009 4086 positum

421 4107 541 4166 est;
595 4101 697 4155 nisi
752 4102 880 4160 mihi
937 4105 1258 4158 memoriam
1309 4096 1694 4163 t'ribulationes
1743 4123 2006 4163 excusse-

425 4191 535 4243 rint
578 4208 592 4244 :
647 4193 738 4246 sed
787 4207 882 4260 pro
919 4191 1196 4260 Israelita,
1235 4195 1516 4250 Zaraitam
1557 4199 1660 4267 legi
1697 4219 1710 4253 :
1753 4199 2016 4256 lsraelitte'

422 4293 580 4338 crant
604 4285 753 4338 natio
777 4283 1025 4350 Judaica,
1057 4299 1110 4342 et
1141 4290 1505 4343 conuuuniter
1525 4291 1596 4344 ita
1628 4293 2007 4348 vocabantur:

423 4383 480 4430 at
513 4377 829 4443 charactere
860 4381 1140 4445 communi
1169 4381 1432 4438 denotare
1463 4383 1703 4451 aliquem
1731 4424 1746 4446 ,
1784 4400 1910 4438 cum
1941 4384 2010 4438 ad

423 4464 578 4522 illum
609 4482 802 4523 onmes
832 4483 994 4532 suum
1027 4487 1198 4538 genus
1235 4472 1497 4537 referant,
1525 4472 1674 4540 juste
1708 4477 2009 4543 reprehen-

421 4557 591 4613 ditur.
615 4557 883 4624 Quocirca
904 4577 1001 4630 pro
1024 4561 1321 4628 lsraelites,
1341 4565 1567 4619 omnino
1592 4567 2006 4621 rescribendum

422 4647 704 4713 Zaraites;
736 4650 940 4720 Ait/ian
961 4693 975 4716 ,
1025 4653 1078 4706 in
1111 4655 1438 4724 quibusdam
1470 4658 1873 4727 exemplaribus
1906 4658 2008 4712 Ge-

423 4739 553 4800 than
611 4741 810 4796 dicitur
854 4759 868 4797 :
936 4742 1188 4799 fortassis
1236 4745 1490 4800 eumdem
1544 4747 1825 4802 binomine
1874 4765 2010 4803 voce

421 4830 780 4898 exprimente.
867 4833 1025 4898 Quod
1096 4834 1262 4901 igitur
1332 4836 1589 4906 deinceps
1647 4838 1896 4906 sequitur
1955 4839 2007 4892 in

2194 1006 2482 1077 Ἄνθρωπε
2527 1008 2619 1062 τοῦ
2651 1007 2821 1072 Θεοῦ,
2850 1008 2902 1061 τί
2931 1007 3152 1071 παθὼν,
3192 1010 3245 1060 τί
3277 1009 3333 1061 δὲ
3366 1005 3686 1076 διανοηθεὶς
3708 1025 3738 1056 σ

2121 1097 2259 1165 μετά
2308 1099 2562 1152 τοσοῦτον
2616 1100 2805 1170 χρόνον
2853 1099 3084 1169 μακρὸν,
3119 1100 3258 1170 μετά
3322 1099 3496 1168 λήθην
3545 1097 3739 1169 ἡμῶν

2116 1190 2258 1243 οὓτω
2299 1191 2541 1260 βαθεῖαν,
2568 1193 2708 1259 μετά
2770 1192 3009 1261 φοϐερὰν
3041 1192 3134 1244 καὶ
3185 1192 3543 1262 ἀνιστόρητον
3604 1191 3732 1242 ὑπὸ

2115 1282 2224 1334 τῶν
2252 1301 2381 1335 ποτε
2413 1283 2710 1352 φιλούντων
2740 1284 3068 1354 ἀμνηστίαν,
3104 1283 3242 1353 μετᾶ
3287 1283 3559 1336 τοσούτων
3588 1283 3726 1333 πεῖ-

2117 1390 2220 1442 ραν
2250 1374 2552 1444 δυσχερῶν,
2583 1374 2724 1443 μετὰ
2772 1375 3109 1444 τηλικαύτην
3161 1376 3226 1428 ἐκ
3275 1374 3578 1440 καταδίκης
3621 1373 3718 1442 (οὗ

2115 1465 2261 1532 λέγω
2281 1465 2461 1533 ποίας)
2511 1466 2692 1534 σιγὴν,
2720 1465 2903 1518 ἐκεῖνα
2954 1464 3260 1534 προτείνειν
3302 1463 3494 1532 ἔγνως,
3521 1464 3557 1518 ἃ
3587 1465 3716 1526 τοῖς

2114 1557 2508 1629 ὲνευημεροῦσι
2559 1558 2637 1625 τῷ
2701 1557 2934 1626 παρόντι
2997 1556 3098 1626 βίῳ
3155 1557 3250 1610 καὶ
3312 1554 3715 1624 φιλοσοφοῦσιν

2115 1649 2496 1719 ἀκμαιότερον,
2569 1648 3144 1718 πολυπραγμονεῖσθαι
3208 1647 3436 1711 είωθεν;
3503 1646 3715 1714 Ἦμεῖς

2115 1741 2194 1804 δὲ,
2219 1741 2314 1793 καὶ
2365 1741 2535 1810 αὐτῆς
2583 1739 2743 1810 ἡμῶν
2791 1740 2894 1809 τῆς
2937 1739 3085 1806 ζωῆς
3120 1739 3289 1792 πάλαι
3337 1740 3450 1802 τοῖς
3506 1740 3713 1800 κακοῖς

2116 1828 2683 1899 ἐναπομαρανθείσης,
2725 1829 2785 1881 τὸ
2814 1828 2977 1881 πλέον
3028 1829 3406 1898 τεθνήκαμεν·
3445 1828 3539 1880 καὶ
3577 1828 3706 1892 νῦν,

2113 1917 2201 1976 οἷά
2241 1940 2324 1986 τις
2378 1920 2542 1974 είκὼν
2604 1922 2844 1991 ἀμυδρὰ,
2898 1922 2993 1974 καὶ
3032 1921 3229 1992 μικροῦ
3287 1921 3412 1991 μηδ’
3437 1923 3712 1990 ἐπιγινω-

2115 2015 2377 2084 σκομένη,
2420 2016 2518 2084 τῆς
2570 2013 2810 2076 παλαιᾶς
2853 2013 3070 2082 ἐκείνης
3128 2013 3352 2082 ἀγωγῆς
3407 2013 3501 2066 καὶ
3545 2013 3707 2080 φιλο-

2117 2106 2367 2176 μαθείας,
2403 2106 2481 2176 τῷ
2519 2104 2850 2176 ταλαιπώρῳ
2902 2105 3078 2176 τούτῳ
3138 2105 3348 2176 σαρκίῳ
3403 2097 3466 2172 (ᾧ
3537 2105 3707 2174 μέχρι

2113 2195 2258 2258 τίνος
2294 2196 2648 2265 φιλοζωήσεις
2672 2195 2710 2265 ς)
2737 2193 3222 2265 περιπλανώμεθα,
3265 2193 3325 2245 ἓν
3373 2193 3534 2261 μόνον
3559 2194 3702 2262 ἡμῖν

2112 2289 2504 2356 φιλοσοφεῖται,
2549 2288 2577 2340 ὁ
2631 2287 2880 2352 θάνατος,
2924 2286 3178 2348 κάκεῖνος
3224 2284 3564 2354 παραλυπῶν
3616 2284 3703 2335 ὅτι

2114 2378 2368 2448 βραδύνει
2391 2394 2406 2409 ·
2435 2381 2530 2430 καὶ
2560 2378 2661 2430 οὐκ
2708 2377 2912 2445 ἀπάγει
2950 2378 3144 2430 θᾶττον
3169 2375 3278 2429 τῶν
3325 2375 3582 2444 θλίψεων,
3611 2369 3702 2436 αἷς

2111 2469 2478 2531 ἀδιαλείπτως
2529 2469 2629 2521 οὐκ
2671 2468 2983 2522 ἐνδιδόντων
3015 2468 3112 2536 τῆς
3141 2465 3539 2534 ἐπιτιθεμένων
3572 2481 3703 2516 συν-

2111 2557 2369 2627 εχόμεθα.
2407 2557 2554 2629 Πλὴν
2584 2558 2633 2610 εί
2669 2557 2862 2626 γέγονέ
2914 2558 3080 2610 ποθεν
3129 2558 3301 2626 φίλον,
3340 2557 3415 2618 ώς
3451 2561 3552 2608 οὐκ
3599 2552 3703 2608 οἷδ’

2111 2649 2231 2703 ἀνθ’
2259 2651 2386 2702 ὅτου
2437 2645 2517 2712 οἷς
2551 2649 2788 2720 ἀκμάζει
2815 2648 2916 2718 μὲν
2947 2649 3016 2701 τὰ
3051 2649 3148 2718 τῆς
3191 2649 3562 2718 εὐδαιμονίας,
3597 2651 3697 2719 ρη-

2111 2741 2285 2811 τόρων
2325 2741 2369 2792 δ’
2415 2741 2606 2810 ἀγέλαι
2655 2741 2938 2810 χαίρουσιν
2989 2740 3283 2810 ὑπηρετεῖν
3333 2743 3398 2810 τῇ
3456 2739 3696 2809 γλώττῃ,

2112 2832 2207 2886 καὶ
2239 2832 2338 2902 τῆς
2369 2834 2433 2886 ὲκ
2458 2833 2646 2902 τάφων
2683 2832 2866 2902 φωνῆς
2898 2830 3242 2884 ἐπακοῦσαι·
3269 2831 3566 2900 φθέγξεται
3598 2829 3697 2898 μὲν

2112 2924 2174 2976 τδ
2205 2924 2337 2993 ἐμὸν
2376 2925 2592 2977 εἴδωλον
2625 2941 2640 2957 ο
2677 2922 2822 2977 οὕτω
2871 2922 2981 2993 γὰρ
3028 2923 3205 2975 εἰπεῖν
3264 2924 3378 2985 τοῖς
3428 2921 3700 2990 παροῦσιν

2111 3012 2465 3084 οἰκειότερον.
2517 3013 2672 3082 Τάχα
2721 3014 2828 3084 γὰρ
2877 3013 2972 3066 καὶ
3014 3012 3201 3083 γραφὴ
3256 3012 3355 3082 τὴν
3403 3011 3563 3080 σιγὴν
3619 3012 3698 3062 ὲνι

2111 3103 2345 3174 εδρεύει,
2373 3107 2467 3156 καὶ
2493 3105 2647 3173 ζητεῖ
2679 3104 2954 3175 πρόφασιν
2993 3104 3157 3174 ἄλλης
3179 3103 3514 3173 τραγῳδίας.
3545 3102 3605 3153 Et
3638 3101 3697 3153 δὲ

2113 3194 2204 3247 καὶ
2235 3194 2366 3265 λοχᾷ
2395 3197 2520 3257 τοὺς
2559 3196 2777 3264 λόγους,
2816 3196 2986 3251 πάλαι
3033 3196 3141 3249 τῶν
3181 3194 3469 3265 λοχώντων
3499 3210 3692 3245 πεπει-

2115 3283 2348 3354 ράμεθα.
2379 3287 2456 3336 Δι’
2489 3285 2517 3338 ὃ
2545 3286 2836 3354 φθέγξεται
2865 3286 3082 3356 μᾶλλον,
3116 3284 3148 3354 ἢ
3183 3286 3456 3354 σιωπήσει
3486 3299 3502 3315 ο
3538 3282 3699 3352 φθέγο

2112 3374 2259 3439 ξεται
2309 3376 2364 3428 δὲ
2410 3377 2617 3447 βραχέα
2659 3381 2753 3430 καὶ
2801 3377 3054 3442 ταπεινὰ,
3085 3377 3180 3430 καὶ
3232 3371 3323 3429 οἷα
3384 3374 3553 3441 εἰκὸς,
3582 3376 3695 3436 τοῖς

2109 3465 2252 3519 οὕτω
2283 3468 2670 3540 διακειμένοις,
2706 3469 3121 3542 ἀποκρίνεσθαι..

2189 3744 2286 3796 Ἕν
2313 3741 2409 3811 μὲν
2437 3734 2531 3792 οὖν
2558 3738 2639 3803 τὸ,
2667 3755 2684 3787 ι
2725 3735 3044 3806 Ἐσοφίσατο
3090 3733 3342 3804 Σολομῶν
3365 3734 3509 3804 ὑπὲρ
3562 3733 3695 3786 πάν-

2115 3852 2213 3898 τας
2249 3831 2597 3900 ἀνθρώπους,
2624 3827 2717 3880 καὶ
2751 3827 2892 3897 ὑπὲρ
2925 3824 3096 3878 Γεθὰν
3125 3825 3217 3877 τὸν
3269 3824 3631 3896 Ἰσραηλίτην,
3669 3843 3686 3874 ι

2115 3928 2208 3980 καὶ⁹
2235 3924 2381 3993 ἑξῆς.
2419 3919 2643 3990 Πρῶτον
2685 3919 2781 3989 μὲν
2799 3917 2976 3970 ἐκεῖνό
3007 3933 3210 3986 φαμεν,
3237 3916 3310 3980 ὡς
3335 3916 3435 3967 οὐκ
3473 3917 3692 3982 Ἰσραη-

2112 4017 2292 4081 λίτην
2323 4011 2556 4083 εὖρομέν
2574 4026 2676 4062 που
2698 4007 3110 4078 γεγραμμένον,
3135 4008 3212 4069 ὡς
3267 4006 3424 4059 αὐτοὶ
3449 4007 3510 4059 τὸ
3539 4008 3607 4078 ρῆ
3617 4025 3690 4076 μα

2113 4104 2419 4179 παρέθεσθε
2445 4121 2459 4136 ·
2499 4104 2547 4156 εἰ
2591 4103 2754 4172 μήπω
2778 4101 2871 4153 καὶ
2917 4100 3090 4168 αὐτὴν
3141 4097 3301 4168 ἡμῶν
3344 4100 3443 4171 τὴν
3473 4102 3693 4169 μνήμην

2114 4193 2541 4267 προσαφείλοντο
2561 4192 2616 4243 αἱ
2647 4189 2854 4259 θλίψεις
2899 4187 3045 4241 ’ἀλλ’
3071 4189 3194 4242 ἀντὶ
3209 4188 3304 4241 τοῦ
3337 4191 3691 4256 Ἰραηλίτηγ,

2113 4288 2416 4358 Ζαραττην
2445 4285 2764 4354 ἀνέγνωμεν
2786 4299 2800 4314 ·
2845 4282 3181 4353 Ἰσραηλῖται
3207 4283 3304 4354 μὲν
3333 4283 3441 4355 γὰρ
3465 4284 3526 4335 τὸ
3561 4284 3691 4335 ’1ου-

2111 4380 2278 4433 δαίων
2318 4377 2471 4431 ἆπαν
2500 4375 2690 4445 φῦλον,
2722 4376 2816 4426 καὶ
2844 4373 3030 4444 κοινὴν
3065 4373 3213 4425 ἕλκει
3261 4375 3361 4443 τὴν
3406 4373 3599 4443 κλῆσιν
3634 4373 3694 4424 τὸ

2112 4468 2284 4532 ἔθνος,
2345 4466 2614 4534 κοινότητι
2678 4463 2735 4516 δὲ
2779 4460 3211 4532 χαρακτηρίζειν
3264 4459 3438 4524 τινάς,
3495 4463 3576 4523 είς
3627 4460 3693 4531 ἦν

2112 4560 2362 4622 ἅπαντας
2411 4556 2774 4626 συναναφέρει
2816 4555 3095 4621 τὸγένος,
3157 4553 3258 4604 οὐκ
3308 4551 3423 4604 ἔστι
3478 4551 3692 4604 δικαίαν

2110 4649 2280 4722 λαϐὴν
2331 4651 2590 4718 ἐκφυγεῖν
2618 4665 2631 4679 ο
2662 4647 2800 4702 ἀλλά
2825 4647 2983 4700 τοῦτο
3019 4645 3115 4716 μὲν
3144 4643 3318 4716 ὀρθῶς
3341 4643 3407 4696 ἂν
3435 4646 3520 4714 εἴη
3549 4644 3687 4713 ἕχον,

2110 4743 2301 4795 είάντὶ
2327 4741 2421 4794 τοῦ
2478 4740 2877 4808 Ἰσραηλίτης,
2915 4737 3227 4804 Ζαραΐτης,
3274 4733 3644 4805 μεταληφθείη
3673 4748 3688 4764 ·

2111 4834 2202 4887 τὸν
2231 4833 2289 4886 δὲ
2325 4831 2531 4896 Αίθὰν,
2569 4831 2685 4885 ἔνια
2735 4829 2844 4883 τῶν
2888 4829 3242 4898 ἀντιγράφων
3287 4828 3335 4878 Γ
3337 4827 3512 4878 αιθὰν
3575 4825 3693 4876 ὀνο-

423 4919 544 4975 loco
588 4923 717 4986 isto,
768 4923 1032 4980 dividitur
1067 4925 1120 4979 in
1146 4925 1422 4996 duplicem
1453 4944 1659 4992 aream,
1693 4937 1748 4982 et
1785 4929 1998 4997 gemina

2118 4925 2300 4994 μάζει,
2351 4923 2606 4994 διωνύμῳ
2663 4922 2806 4991 τάχα
2848 4920 3061 4994 κλήσει,
3123 4918 3214 4971 τὸν
3278 4917 3441 4971 αὑτὸν
3493 4915 3692 5010 ὑποδη-

421 5013 861 5076 consideratione
887 5017 1152 5080 variatur.
1204 5015 1260 5070 Si
1292 5016 1516 5079 ZEnam,
1571 5027 1626 5073 et
1653 5019 1911 5085 Cbalcad,
1953 5029 2007 5073 et

420 5104 649 5159 Cardala
679 5107 959 5174 exhibeat,
987 5107 1262 5179 signilicat
1292 5109 1548 5178 antiquos
1581 5113 1649 5164 ob
1679 5111 2005 5179 sapientiam

424 5195 555 5249 olim
596 5196 841 5252 celebres
900 5197 1284 5268 IEgyptiorum
1330 5201 1619 5269 prophetas
1659 5211 1784 5256 ante
1817 5210 2005 5255 natum

421 5284 642 5356 Moysen
670 5302 686 5353 ;
733 5288 941 5357 posteri
971 5279 1128 5343 erant
1158 5289 1316 5355 Zara,
1367 5292 1462 5361 qui
1489 5290 1779 5347 Thamaris
1808 5308 1838 5346 e
1865 5291 2007 5347 Juda

424 5380 566 5434 lilius
597 5388 715 5435 erat
737 5421 753 5447 ,
812 5388 868 5436 et
915 5381 991 5435 illi
1023 5391 1220 5452 praeter
1248 5385 1590 5454 prophetiam
1647 5396 1702 5443 et
1727 5388 1892 5442 aliam
1922 5402 2011 5441 sa-

423 5465 704 5534 pientiam,
762 5468 976 5537 praediti
1023 5480 1183 5531 erant
1243 5475 1473 5532 scientia
1529 5478 1799 5550 pangendi
1852 5479 2010 5544 odas,

2115 5016 2329 5069 λοῦντα.
2377 5015 2452 5068 Τὸ
2499 5016 2681 5086 μέντοι
2739 5012 2864 5083 ἑξῆς
2920 5011 3012 5064 τοῦ
3090 5009 3291 5080 χωρίου
3351 5008 3444 5060 καὶ
3480 5008 3559 5069 είς
3604 5006 3696 5058 δύο

2116 5108 2362 5179 σχίζεται
2405 5107 2599 5175 ἐδάφη,
2636 5106 2730 5160 καὶ
2775 5103 2937 5174 διπλῇ
2969 5101 3307 5154 ποικίλλεται
3359 5098 3585 5168 θεωρίᾳ.
3629 5097 3695 5150 Ei

2117 5199 2217 5269 μὲν
2244 5197 2353 5266 γὰρ
2374 5198 2542 5252 Αῐναν
2569 5198 2663 5250 καὶ
2685 5194 2926 5260 Χάλκαδ,
2957 5193 3054 5247 καὶ
3088 5190 3370 5262 Κάρδαλα,
3407 5189 3468 5242 τὸ
3495 5189 3692 5259 ἔδαφος

2116 5291 2456 5346 ἀναπτύσσει
2481 5291 2746 5353 παλαιοὺς
2777 5288 2978 5357 ἄνδρας
3006 5286 3099 5338 ἐπὶ
3145 5285 3309 5353 σοφίᾳ
3360 5281 3696 5351 γεγεννημέ-

2118 5399 2243 5445 νους
2277 5383 2588 5452 ὑποφαίνει,
2619 5382 2670 5435 οἳ
2721 5381 2861 5436 κατά
2901 5379 3000 5450 τὴν
3031 5377 3309 5444 Αἴγυπτον
3354 5374 3697 5443 προεφήτευ-

2121 5492 2243 5541 σαν,
2295 5475 2448 5530 οὖπω
2485 5475 2730 5541 Μωσέως
2758 5479 2838 5540 είς
2897 5473 3073 5544 αὐγὰς
3110 5470 3264 5543 ήλίθυ
3313 5467 3697 5539 προελθόντος(

1737 5657 1975 5720 νΛΒΙιΕ
2009 5659 2414 5718 LECTIO'NES.

497 5799 519 5856 ί⁴
555 5800 640 5854 ϊσ.
669 5802 976 5861 κοινωνίαν.
