4072 6494
358 382 470 447 685

1364 393 1457 455 AD
1491 380 2088 455 AMPHILOCHIUM
2120 396 2468 467 QU/ESTIO
2519 401 2684 462 cxv.

3526 404 3636 469 686

360 496 527 563 γονῆς
542 493 589 546 δ’
612 492 721 563 ἄρα
760 490 871 549 εἶεν
901 489 1047 550 οὗτοι
1079 494 1173 550 τοῦ
1203 499 1374 568 Ζαρά,
1397 499 1457 561 ὃς
1506 502 1571 553 ὲκ
1599 502 1699 572 τῆς
1730 484 1935 572 Θάμαρ

2053 520 2154 575 quo
2200 522 2295 563 eos
2340 511 2610 565 naturalis
2644 511 2929 568 inclinatio
2958 512 3212 579 ducebat,
3265 513 3400 569 adeo
3426 525 3485 570 ut
3509 518 3634 585 qui-

360 583 579 651 ὲγένετο
630 586 655 624 δ
703 586 781 655 τῷ
844 587 1049 659 Ἰούδᾳ·
1104 588 1232 658 ὲνῆν
1296 589 1354 641 δὲ
1418 591 1603 654 αὑτοῖς
1662 594 1799 662 μετὰ
1851 594 1951 664 τῆς

362 675 729 745 προφητείας,
763 678 857 730 καὶ
889 679 990 747 τῆς
1018 679 1187 750 ἄλλης
1212 681 1424 749 σοφίας,
1456 685 1550 735 καὶ
1580 685 1709 756 περὶ
1734 686 1951 756 ποίησιν

363 766 518 836 ᾠδῶν
544 770 574 837 ή
607 767 767 836 φύσις
796 768 1038 840 λαχοῦσα
1068 770 1167 843 τὴν
1202 773 1517 844 εὑκληρίαν,
1548 775 1623 839 ὼς
1654 777 1747 830 καί
1794 795 1948 841 τινας

365 858 476 913 τῶν
498 859 729 929 ψαλμῶν
783 862 863 924 είς
899 861 962 913 τὺ
1012 863 1239 916 ἐκείνων
1288 865 1457 933 ὄνομα
1495 868 1593 938 τὴν
1634 869 1949 941 ἐπιγραφὴν

368 950 688 1021 ἀναφέρειν.
711 952 849 1019 Φησὶ
883 954 1175 1023 τοιγαροῦν
1200 956 1232 1024 ἡ
1265 956 1381 1009 θεία
1413 958 1623 1030 Γραφὴ,
1646 960 1719 1024 ὡς
1746 963 1805 1014 οὑ
1848 963 1947 1031 μό-

368 1058 463 1094 νον
503 1043 611 1094 τῶν
636 1042 812 1096 ἄλλων
858 1044 954 1097 ἀνθ
965 1044 1186 1112 ρώπων,
1208 1045 1341 1099 ἀλλὰ
1362 1048 1457 1101 καὶ
1474 1050 1679 1101 τούτων
1700 1050 1950 1121 Σολομῶν

366 1132 587 1203 ἐκράτει
617 1136 681 1204 τῇ
709 1134 889 1205 σοφίᾳ.
933 1135 992 1188 Εἰ
1025 1135 1085 1189 δὲ
1110 1139 1251 1191 κατὰ
1280 1138 1509 1206 θάτερον
1529 1141 1637 1193 τῶν
1665 1142 1952 1213 λογισμῶν

364 1216 504 1284 εἶδος
555 1223 978 1293 ἀποκρύψασθαι
1037 1226 1137 1295 μὲν
1188 1227 1398 1295 λέγοιτο
1437 1228 1692 1299 Σολομῶν
1733 1233 1948 1303 ἀνθρώ-

364 1325 504 1374 πους
553 1313 782 1378 πάντας,
823 1316 1147 1383 σοφίσασθαι
1186 1316 1244 1369 δὲ
1283 1318 1379 1372 καὶ
1425 1318 1565 1387 ὑπὲρ
1608 1320 1799 1384 Λίθάν,
1855 1320 1950 1372 καὶ

365 1401 510 1473 ὑπὲρ
558 1403 742 1473 Αἰμάν
773 1422 786 1436 ο
839 1407 1018 1459 έκεῖνο
1062 1410 1337 1478 προσῆκεν
1395 1409 1613 1475 εἰδέναι,
1658 1412 1734 1474 ὡς
1780 1410 1950 1465 Αίθάν

361 1511 427 1547 τε
464 1496 561 1549 καὶ
594 1498 774 1566 Αίμὰν
824 1500 924 1551 οὑκ
955 1501 1013 1552 ὲν
1046 1502 1258 1571 μνήμῃ,
1292 1501 1544 1572 καθάπερ
1578 1504 1628 1555 oi
1661 1503 1789 1574 περὶ
1809 1503 1951 1556 Χαλ-

366 1584 493 1653 κάδ,
520 1587 843 1641 κατέλειπον
890 1590 991 1659 τὴν
1022 1590 1201 1643 αὑτῶν
1257 1594 1571 1663 σωζομένην
1606 1594 1763 1658 δόξαν
1784 1610 1798 1624 ο
1832 1593 1946 1647 ἀλλ’

368 1676 475 1728 ὑπὸ
497 1678 623 1740 τοὺς
648 1678 844 1741 αὐτοὺς
872 1680 1116 1751 χρόνους,
1144 1683 1202 1734 ὲν
1225 1679 1304 1745 οἷς
1326 1684 1421 1737 καὶ
1454 1684 1707 1754 Σολομῶν
1728 1686 1819 1738 ἐπὶ
1854 1704 1950 1739 σο-

376 1767 476 1837 φίᾳ
493 1768 573 1808 ῑιοὶ
600 1768 810 1832 πάντας
830 1772 1171 1839 κατέπληττε
1196 1773 1453 1842 θαύματι,
1486 1775 1579 1827 καὶ
1598 1777 1773 1841 αὑτοὶ,
1795 1778 1952 1829 τοῦτο

2050 596 2174 650 dam
2206 598 2401 667 psalmi
2432 615 2622 655 eorum
2659 600 2726 657 de
2756 605 3074 661 nominibus
3113 606 3508 661 inscribantur.
3540 608 3632 660 Ait

2049 700 2179 757 ergo
2240 689 2427 744 divina
2480 690 2781 761 Scriptura,
2839 695 2983 763 quod
3031 698 3323 765 praestabat
3371 696 3633 752 Salomon

2050 792 2159 830 non
2194 779 2357 833 modo
2384 781 2597 834 creteris
2631 782 2969 845 hominibus,
3005 786 3097 839 sed
3128 796 3180 840 et
3212 788 3354 841 istis.
3399 787 3458 842 Si
3486 788 3635 842 dica-

2050 874 2140 922 tur
2174 868 2435 923 Salomon
2488 871 2790 925 secundum
2823 874 3088 929 utramvis
3128 878 3362 945 speciem
3401 879 3633 931 rationis

2050 974 2340 1031 superasse
2386 976 2579 1018 omnes
2626 965 2931 1033 sapientia,
2984 966 3147 1020 etiam
3200 978 3255 1023 et
3302 967 3505 1025 Ailthan
3578 975 3634 1027 et

2049 1050 2248 1105 IEman
2284 1062 2713 1121 praetergressus
2742 1073 2757 1121 ;
2796 1055 3081 1110 sciendum
3113 1062 3221 1121 est;
3247 1060 3391 1127 quod
3428 1060 3630 1115 [Ethan

2048 1144 2103 1191 et
2128 1136 2326 1189 IEman
2365 1153 2473 1191 non
2516 1151 3019 1195 commemorantur
3047 1153 3106 1196 ut
3135 1142 3375 1198 Chalcad
3411 1147 3631 1215 opinio-

2052 1241 2175 1280 nem
2226 1226 2294 1280 de
2350 1242 2411 1281 se
2468 1236 2575 1281 tam
2634 1229 2903 1284 celebrem
2958 1230 3281 1300 reliquisse;
3317 1234 3409 1287 sed
3441 1235 3630 1288 eadem

2050 1325 2205 1371 aetate
2232 1332 2339 1387 qua
2372 1316 2633 1371 Salomon
2690 1320 3001 1375 admirabili
3052 1321 3317 1391 sapientia
3353 1324 3635 1392 praecessit

2050 1425 2261 1475 omnes,
2306 1420 2359 1464 et
2388 1409 2490 1479 ipsi
2522 1411 2621 1477 illi,
2654 1413 2852 1480 partim
2883 1424 3093 1467 naturae
3123 1414 3407 1481 beneﬁcio,
3431 1417 3629 1484 partim

2053 1498 2336 1565 sapientiae
2394 1499 2603 1553 divitiis
2652 1501 2795 1555 ultra
2858 1516 3053 1557 omnes
3120 1517 3458 1573 congeneres
3504 1503 3633 1558 elati

2051 1587 2438 1643 cernebantur.
2469 1588 2587 1655 Qua
2616 1600 2797 1645 autem
2831 1591 2938 1644 alia
2969 1590 3025 1643 in
3055 1606 3132 1656 re,
3189 1591 3295 1645 nisi
3330 1592 3452 1656 hac,
3483 1592 3633 1660 quod

2054 1680 2277 1749 gloriosi
2306 1696 2338 1736 a
2363 1696 2490 1751 rege
2519 1684 2803 1738 constituti
2834 1683 2889 1736 in
2924 1683 3182 1739 secundis
3208 1683 3543 1749 ferebantur,
3573 1696 3628 1739 et

2056 1774 2297 1842 undique
2355 1788 2465 1828 non
2531 1776 2783 1845 aequandi
2835 1775 3275 1844 praedicabantur
3330 1793 3343 1829 :
3406 1777 3634 1844 psalmis

371 1861 474 1930 μὲν
512 1861 734 1930 μεγέθει
765 1862 1003 1930 φύσεως,
1037 1864 1196 1918 τοῦτο
1239 1866 1297 1919 δὲ
1332 1868 1523 1933 σοφίας
1554 1867 1791 1938 πλούτῳ,
1836 1869 1944 1921 τῶν

2053 1865 2408 1921 concinendis
2438 1868 2628 1936 periti,
2680 1882 2845 1936 quam
2873 1867 2943 1921 ob
2968 1882 3192 1921 causam
3229 1876 3386 1921 erant
3410 1868 3628 1921 cunctis

366 1951 650 2020 ὁμογενῶν
673 1953 928 2006 ἀπάντων
942 1955 1301 2026 ὑπερέχοντες
1322 1957 1563 2027 ὡρῶντο.
1595 1960 1705 2011 Καὶ
1720 1959 1770 2011 τί
1796 1958 1944 2020 ἄλλο,

365 2039 401 2108 ἢ
438 2041 536 2111 τὴν
562 2041 721 2107 δόξαν
768 2044 838 2096 δι’
869 2039 944 2097 ὧν
988 2044 1182 2116 ἔφερον
1229 2047 1297 2099 τὰ
1332 2047 1562 2118 δεύτερα
1615 2048 1692 2118 τῷ
1740 2049 1949 2119 βασιλεί

367 2132 841 2202 περιφανεστέραν
890 2135 1258 2205 ἀνεκήρυττόν
1296 2154 1377 2203 τε,
1425 2139 1520 2192 καὶ
1567 2142 1681 2202 τοῖς
1746 2141 1948 2210 πέρασι

365 2224 653 2291 περιηχεῖν
706 2224 909 2294 κράτος
952 2221 1091 2295 ἦσαν
1140 2227 1354 2298 ἄμαχον
1407 2230 1895 2301 ἐμπεριειληφότες
1931 2248 1944 2261 ·

362 2310 652 2383 ψαλμῳδοὶ
670 2314 728 2367 δὲ
749 2318 886 2385 πρὸς
910 2315 990 2381 οἷς
1014 2318 1403 2389 ἐθαυμάζοντο,
1434 2324 1545 2385 τοῖς
1576 2323 1756 2387 ἄλλοις
1786 2327 1949 2395 ἐχρη-

370 2403 601 2471 μάτιζον
635 2407 729 2459 καὶ
762 2401 905 2461 οὗτοι
934 2409 1023 2463 διά
1050 2412 1280 2481 κινύρας
1319 2412 1413 2465 καὶ
1448 2412 1649 2476 νάϐλας
1678 2415 1772 2467 καὶ
1802 2432 1945 2483 κυμ-

362 2493 550 2548 ϐάλων
571 2496 641 2549 τὰ
667 2497 758 2549 τοῦ
777 2498 910 2551 Θεοῦ
928 2500 1205 2571 θαυμάσια
1237 2504 1632 2575 μελῳδοῦντες;
1654 2504 1764 2559 Ἧν
1791 2506 1847 2558 δὲ
1867 2506 1945 2575 τῷ

370 2585 477 2655 μὲν
536 2588 707 2641 Λίθάν
768 2592 1055 2661 πρόγονος,
1122 2592 1323 2665 οἶμαι,
1384 2598 1413 2650 ὁ
1457 2590 1714 2668 Μεραρίέ
1773 2598 1830 2661 ὃς
1868 2598 1947 2660 είς

2056 1956 2405 2011 admirationi
2440 1974 2455 2011 :
2484 1972 2609 2012 cum
2643 1958 2745 2027 ipsi
2775 1957 3017 2027 cynaris,
3077 1958 3273 2012 nabliis
3298 2000 3311 2023 ,
3369 1958 3634 2027 cymbalis

2057 2047 2329 2101 mirabilia
2382 2046 2476 2102 Dei
2524 2048 2897 2103 decantarent.
2967 2048 3097 2102 Erat
3127 2058 3331 2111 autem,
3365 2050 3631 2114 arbitror,

2056 2137 2255 2192 Merari
2316 2137 2572 2194 ZEtlianis
2634 2140 2972 2208 progenitor,
3032 2139 3125 2208 qui
3181 2139 3342 2193 tertio
3393 2139 3633 2193 ﬁliorum

2056 2228 2186 2283 Levi
2214 2229 2407 2285 ordine
2440 2230 2769 2285 censebatur
2807 2248 2820 2284 :
2883 2230 3083 2284 [Eman
3118 2231 3263 2285 ﬁlius
3290 2228 3460 2285 Joelis
3491 2239 3631 2293 erat,

2054 2336 2224 2391 nepos
2284 2323 2560 2392 prophetm
2606 2321 2911 2388 Samuelis;
2966 2338 3130 2393 quem
3189 2337 3348 2378 sacra
3408 2321 3633 2376 oracula

2052 2413 2301 2480 stirpitus
2332 2411 2470 2467 Core
2498 2412 2801 2481 assignant,
2830 2412 3026 2466 exinde
3064 2428 3162 2480 per
3194 2411 3471 2466 carnalem
3505 2425 3633 2479 pro—

2053 2505 2263 2575 geniem
2321 2503 2682 2559 descendebat
2749 2502 2970 2558 ίΕωιιη.
3028 2502 3148 2559 Ηιιξρ
3211 2504 3277 2558 ad
3334 2503 3630 2574 quaesitum

2058 2608 2212 2651 tuum
2246 2597 2507 2667 primum.
3028 2594 3031 2598 ’

364 2680 669 2753 ἁρίθμησιν
720 2684 827 2736 τῶν
864 2686 1070 2740 παίδων
1124 2689 1217 2742 τοῦ
1260 2690 1391 2742 Λευῒ
1440 2692 1630 2763 τρίτην
1676 2692 1984 2762 ἀνεπλήρου
2022 2691 2199 2757 τάξιν.
2259 2692 2319 2746 '0
2368 2691 2425 2744 δὲ
2472 2692 2651 2761 Αίμάν
2685 2693 2811 2754 παῖς
2844 2690 2942 2760 μὲν
3003 2685 3071 2760 ἦν
3131 2688 3307 2760 Ίωὴλ,
3372 2684 3551 2748 ὑϊδοῦς
3575 2685 3634 2736 δὲ

366 2771 465 2826 τοῦ
504 2778 782 2846 προφήτου
815 2777 1101 2848 Σαμουήλ·
1136 2780 1194 2832 ὃν
1261 2781 1330 2833 τά
1375 2783 1546 2851 Λόγια
1592 2785 1671 2846 εἰς
1727 2784 1828 2852 τὴν
1876 2784 2021 2854 Κορὲ
2062 2784 2320 2837 συνάπτει
2383 2784 2740 2851 συγγένειαν
2794 2781 3070 2851 ἀνεψιαδοὶ
3136 2781 3193 2834 δὲ
3250 2780 3492 2841 Μωσέως
3538 2777 3633 2830 τοῦ

364 2866 681 2937 νομοθέτου,
711 2871 761 2922 oi
796 2872 924 2941 περὶ
945 2872 1109 2944 Κορὲ,
1139 2874 1280 2927 ὥστε
1302 2875 1396 2928 καὶ
1424 2876 1501 2946 τῷ
1526 2876 1707 2946 Αίμάν
1724 2875 1933 2928 ἐκεῖθεν
1969 2876 2004 2944 ἡ
2050 2876 2340 2945 σωματικὴ
2385 2875 2640 2946 ἀπορροὴ
2682 2873 2777 2926 τοῦ
2845 2874 3056 2941 γένους.
3126 2869 3289 2924 Ἀλλά
3349 2869 3477 2940 ’περὶ
3539 2869 3638 2939 μὲν

365 2958 465 3012 τοῦ
510 2960 728 3029 πρώτου
789 2962 1100 3033 ζητήματος
1138 2964 1330 3019 ταῦτα.

442 3052 547 3105 Τὸν
582 3054 637 3106 δὲ
672 3054 837 3108 Δαὸὶδ
859 3055 1006 3121 ἅπαξ
1038 3056 1194 3124 ίσμεν
1246 3059 1560 3130 χρισθέντα,
1594 3059 1844 3131 δεύτερον
1892 3059 1951 3112 δὲ

364 3147 807 3216 ἀναγορευθέντα
838 3149 917 3210 είς
941 3148 1167 3218 βασιλέα
1201 3167 1215 3180 ’
1258 3152 1352 3203 καὶ
1396 3153 1689 3222 χρισθέντα
1718 3151 1817 3222 μὲν
1845 3150 1949 3206 ὑπὸ

2129 3054 2388 3109 Davidem
2416 3052 2584 3107 semel
2608 3052 2891 3106 inunctum
2923 3052 3130 3106 scimus
3160 3066 3175 3116 ;
3212 3048 3455 3104 secundo
3481 3046 3633 3102 inau-

2056 3157 2312 3219 guratum
2364 3162 2459 3216 per
2514 3146 2775 3214 suffragia
2833 3144 3011 3201 tribus
3070 3140 3225 3197 Judae
3280 3141 3337 3196 in
3375 3140 3637 3207 Ilebron;

318 3256 335 3270 ·
370 3238 628 3309 Σαμουὴλ
653 3241 746 3293 τοῦ
774 3244 1052 3312 προφήτου
1088 3258 1102 3273 ο
1134 3243 1514 3314 ἀναρρηθέντα
1554 3244 1633 3309 δὲ,
1680 3244 1947 3315 πρότερον

2058 3249 2182 3310 post
2211 3248 2414 3309 septem
2448 3253 2625 3293 annos
2651 3252 2682 3290 a
2714 3237 2939 3305 reliquis
2971 3235 3223 3290 tribubus
3246 3234 3638 3289 communibus

374 3331 475 3397 μὲν
512 3330 675 3402 ψήφῳ
718 3334 813 3404 τῆς
878 3334 1051 3388 Ἰούδα
1083 3336 1255 3405 φυλῆς
1277 3338 1333 3389 ἐν
1386 3335 1652 3407 Χεϐρών’
1686 3336 1827 3390 ἑπτὰ
1892 3336 1949 3387 δὲ

2056 3332 2333 3401 suffragiis
2368 3332 2604 3399 priorem
2641 3329 2761 3399 ejus
2787 3329 3109 3385 electionem
3144 3326 3635 3383 confirmantibus:

373 3424 839 3496 μεταγενέστερον
876 3427 1034 3492 ὲτῶν,
1074 3428 1228 3499 παρά
1264 3429 1375 3481 τῶν
1419 3429 1728 3482 ὑπολοίπων
1766 3427 1950 3496 φυλῶν

367 3514 469 3584 τὴν
503 3514 789 3585 φθάσασαν
819 3519 1001 3587 κρίσιν
1037 3519 1348 3590 συμφώνοις
1379 3520 1628 3591 γνώμαις
1660 3522 1951 3589 ἐπικροτη-

370 3606 601 3662 σάντων.
652 3610 974 3681 Κοινότερον
1002 3611 1079 3677 δὲ,
1125 3611 1192 3664 τὰ
1228 3612 1422 3679 Λόγια,
1478 3613 1572 3664 καὶ
1606 3611 1704 3682 τὴν
1754 3611 1952 3681 προτέ-

373 3712 496 3766 ραν,
531 3696 625 3750 καὶ
652 3699 751 3768 τὴν
777 3699 1011 3769 ὑστέραν
1045 3701 1150 3752 ὑπὸ
1196 3701 1291 3753 τοῦ
1326 3700 1563 3772 πλήθους
1613 3699 1946 3770 ἀνάρρησιν,

365 3786 552 3857 χρίσιν
592 3789 870 3859 ὀνομάζει.
900 3790 1181 3843 Βασίλειον
1209 3792 1393 3860 μέντοι
1458 3790 1723 3858 στέφανον
1763 3778 1957 3858 φαίνεέ

370 3896 459 3933 ται
481 3882 840 3952 περιθέμενος
871 3883 1057 3949 Δαόὶδ,
1084 3883 1183 3936 ὅσα
1205 3900 1270 3951 γε
1302 3883 1402 3953 ἐμὲ
1422 3882 1755 3952 μεμνῆσθαι,
1785 3881 1952 3952 ἡνίκα

366 3974 886 4046 προπολεμήσαντος
968 3974 1127 4028 Ἰωάϐ
1214 3977 1271 4027 ὲν
1371 3973 1575 4042 Ῥεμὰθ
1640 3972 1750 4025 τῶν
1817 3970 1950 4024 υἱῶν

383 4065 589 4136 Ἀμὼν,
623 4065 724 4135 τὴν
754 4064 1005 4134 βασιλίδα
1031 4065 1211 4132 πόλιν,
1263 4065 1432 4134 ἐγγύς
1487 4081 1549 4117 τε
1597 4063 1949 4132 ἐγκαταστή-

365 4171 565 4219 nemo;
598 4156 694 4209 τοῦ
728 4156 953 4221 ἁλῶναι,
996 4158 1224 4218 ἐπιστὰς
1270 4158 1299 4209 ὁ
1355 4156 1606 4224 βασιλεὺς
1658 4154 1814 4217 τέλος
1848 4155 1951 4205 έπ-

372 4249 539 4318 έθηκε
571 4252 637 4319 τῇ
662 4248 969 4319 πολιορκίᾳο
1002 4249 1123 4302 τότε
1152 4248 1261 4319 γὰρ
1275 4248 1515 4317 λάφυρον
1545 4247 1687 4315 ἔχων
1714 4245 1804 4297 τὸν
1838 4244 1955 4296 στέ-

371 4357 539 4408 φανον
565 4341 660 4393 τοῦ
694 4339 923 4411 Μελχὼλ
946 4340 1251 4408 (ἐϐασίλευε
1282 4340 1338 4392 δὲ
1366 4340 1459 4393 καὶ
1494 4338 1656 4401 αὐτὸς
1712 4336 1821 4388 τῶν
1859 4336 1950 4389 ἐα-

370 4429 674 4500 λωκότων),
700 4432 794 4485 ἆτε
821 4431 886 4500 δὴ
908 4430 1027 4483 κατ’
1054 4429 1221 4484 αὑτοῦ
1248 4447 1307 4482 τε
1340 4430 1436 4482 καὶ
1464 4428 1667 4491 παντὸς
1691 4426 1788 4479 τοῦ
1812 4426 1951 4495 πλή-

2052 3427 2335 3483 communi
2374 3425 2609 3496 quadam
2665 3425 2875 3479 ratione
2926 3422 3208 3490 Scriptura
3262 3420 3506 3489 priorem
3547 3419 3638 3473 de-

2052 3521 2411 3575 clarationem
2462 3526 2517 3572 et
2564 3516 2871 3585 generalem
2921 3515 2977 3568 in
3027 3527 3207 3582 regem
3256 3511 3636 3565 inunctionem

2053 3621 2229 3666 vocat.
2276 3609 2503 3663 Videtur
2548 3607 2713 3662 David
2760 3608 2966 3675 regium
3014 3604 3264 3658 diadema
3312 3603 3416 3657 sibi
3464 3602 3637 3670 impo-

2055 3705 2256 3767 suisse,
2291 3712 2560 3771 quantum
2591 3699 2851 3752 memoria
2880 3696 3012 3750 milii
3044 3695 3309 3764 suggerit,
3345 3708 3466 3748 cum
3498 3690 3637 3745 Juab

2053 3795 2193 3865 apud
2231 3792 2579 3846 Ammonitos
2624 3790 2822 3845 bellum
2860 3796 3082 3858 gerente
3120 3785 3353 3845 Remath
3397 3784 3529 3845 urbs
3554 3798 3641 3837 re~

2053 3887 2137 3956 gia
2170 3892 2477 3953 caperetur,
2531 3882 2625 3937 sed
2662 3882 2812 3951 prius
2843 3896 3005 3950 quam
3051 3878 3189 3933 Joab
3218 3879 3366 3933 illam
3396 3885 3636 3945 caperet,

2053 3993 2151 4032 rex
2182 3991 2278 4045 per
2307 3990 2464 4030 suum
2496 3974 2787 4028 adventum
2832 3972 3106 4028 obsidioni
3140 3972 3433 4025 terminum
3461 3971 3639 4038 impo-

2055 4069 2188 4130 suit,
2220 4076 2335 4121 tum
2366 4066 2512 4120 enim
2546 4065 2689 4119 inter
2716 4064 2894 4133 spolia
2919 4078 3183 4119 coronam
3207 4061 3437 4116 Melchol
3468 4062 3632 4128 cepit,

2053 4166 2109 4210 et
2140 4153 2387 4224 regnavit
2420 4153 2535 4221 ipse
2562 4166 2728 4219 super
2765 4151 3048 4220 captivos;
3097 4147 3151 4203 et
3194 4157 3251 4202 ut
3293 4147 3631 4216 splendidam

2054 4254 2221 4313 atque
2254 4242 2533 4297 indubiam
2572 4242 2857 4295 victoriam
2899 4256 2958 4295 se
2987 4240 3235 4293 obtinere
3259 4240 3498 4299 doceret,
3530 4252 3632 4290 suo

2055 4333 2419 4391 circumdedit
2472 4332 2637 4401 capiti
2694 4331 2926 4399 lapidem
2993 4328 3290 4399 fulgentem
3353 4327 3631 4396 pretioso,

2059 4425 2389 4495 pendentem
2424 4423 2542 4475 auri
2574 4421 2836 4475 talentum
2863 4434 3150 4475 coronam:

372 4520 501 4586 θους
530 4524 786 4593 ἀδήριτον
838 4522 934 4576 καὶ
955 4522 1219 4593 λαμπρὰν
1249 4520 1400 4591 αὑτῷ
1447 4518 1954 4590 περιπεποιημένος
1992 4517 2092 4588 τὴν
2119 4517 2299 4586 νίκην,
2336 4516 2403 4583 τῇ
2442 4512 2550 4583 ἰδία
2576 4510 2813 4581 περιῆψε
2842 4510 3079 4582 κεφαλῇ,
3112 4508 3245 4577 λίθῳ
3310 4509 3409 4580 μὲν
3469 4506 3637 4578 τιμίῳ

373 4613 851 4683 περιηνθισμένον,
901 4614 1133 4668 ἕλκοντα
1165 4613 1222 4666 δὲ
1278 4612 1519 4683 σταθμὸν
1572 4612 1654 4676 εἰς
1691 4611 1951 4665 τάλαντον
1989 4608 2242 4682 χρυσίου.

444 4708 554 4778 Τὴν
585 4706 642 4760 δὲ
694 4706 906 4760 κωλέαν
949 4709 982 4775 ἠ
1040 4704 1133 4758 τοῦ
1180 4704 1405 4758 Ἀκύλου
1459 4704 1671 4767 ἕκδοσις
1727 4705 1945 4773 κνήμην

2124 4700 2353 4756 Κωλέαν
2402 4698 2587 4755 versio
2633 4696 2844 4769 Aquilae
2894 4696 3112 4767 κνήμην
3176 4695 3505 4750 transtulit:
3539 4695 3635 4753 sed

372 4799 706 4869 ἀναγράφει.
746 4796 846 4866 Εἴη
880 4796 925 4849 δ’
957 4798 1047 4860 ἂν,
1079 4796 1470 4867 ἀκριϐέστερον
1501 4798 1699 4859 εἰπεῖν,
1722 4794 1911 4856 σκέλος
1933 4808 1945 4823 ο

366 4890 507 4959 ὅπερ
528 4890 623 4942 καὶ
635 4888 788 4942 δυσὶν
809 4887 1018 4958 ἑτέροις
1033 4887 1260 4957 ὀνόμασι
1282 4886 1561 4957 δηλοῦται.
1587 4889 1747 4956 Λέγω
1769 4888 1833 4959 δὴ
1854 4889 1951 4959 τὴν

371 4980 698 5051 μετάμηρον
736 4980 940 5051 κωλήν,
969 4981 1066 5033 καὶ
1098 4979 1157 5032 τὸ
1189 4981 1328 5049 μετὰ
1372 4979 1464 5032 τὸν
1498 4977 1672 5050 μηρὸν
1709 4978 1953 5051 ἀκροκώ-

371 5074 525 5128 λεονο
558 5074 621 5126 τὸ
651 5072 762 5144 γάρ
791 5074 888 5142 τῆς
915 5074 1131 5144 κνήμης
1169 5072 1341 5142 ὄνομα
1374 5072 1650 5142 διαφόροις
1684 5074 1950 5144 πράγμα-

374 5181 461 5219 σιν
517 5164 906 5220 ὲπιπλανᾶται.
938 5163 1176 5217 Είώθασι
1203 5164 1314 5234 γὰρ
1358 5163 1544 5217 καλεῖν
1588 5165 1803 5233 κνήμην
1858 5164 1955 5215 καὶ

371 5254 436 5308 τὸ
467 5252 743 5324 ἔμπροσθε
777 5252 790 5304 i
835 5253 936 5324 μὲν
956 5252 1053 5307 τοῦ
1084 5253 1308 5317 σκέλους
1339 5254 1417 5316 είς
1464 5252 1569 5323 μῦν
1618 5250 1950 5323 ἐπηρμένον,

372 5344 565 5417 ὥσπερ
591 5345 652 5399 τὸ
673 5345 898 5401 ὄπισθεν
936 5346 1295 5417 ἀντικνήμιον
1324 5360 1337 5375 ·
1372 5344 1470 5397 καὶ
1525 5343 1659 5398 αὑτὸ
1705 5343 1761 5396 δὲ
1795 5342 1954 5395 τοῦτο

369 5438 433 5495 τὸ
459 5438 820 5509 συγκείμενον
870 5437 935 5491 ἐκ
958 5454 1020 5491 τε
1056 5437 1151 5491 τοῦ
1184 5436 1526 5507 προκνημῗου
1562 5434 1657 5489 καὶ
1699 5435 1799 5504 τῆς
1842 5449 1950 5485 πα-

2058 4790 2307 4846 exactius
2328 4787 2605 4858 loquendo
2636 4786 2828 4849 σκέλος
2851 4794 3027 4851 esset;
3070 4785 3215 4853 quod
3248 4798 3346 4853 per
3380 4784 3488 4839 alia
3524 4784 3635 4838 duo

2058 4884 2283 4939 nomina
2340 4881 2615 4937 indicatur
2678 4896 2693 4934 :
2750 4878 2994 4947 intelligo
3076 4885 3257 4930 autem
3317 4876 3634 4946 μετάμηρον

2060 4972 2239 5045 κωλήν
2262 4983 2316 5027 et
2340 4972 2477 5040 μετά
2509 4969 2601 5022 τὸν
2632 4967 2807 5039 μηρὸν
2831 4966 3200 5037 ἀκροκώλεον.
3234 4964 3441 5019 Nomen
3483 4966 3629 5020 enim

2060 5062 2191 5118 illud
2246 5062 2471 5131 κνήμη,
2534 5058 2590 5113 in
2642 5058 2810 5113 rebus
2854 5056 3023 5111 variis
3072 5055 3402 5125 divagatur:
3453 5055 3633 5111 solent

2055 5154 2204 5210 enim
2233 5153 2519 5207 nominare
2549 5150 2785 5220 κνήμην,
2817 5148 2870 5203 id
2905 5147 3051 5218 quod
3102 5154 3229 5201 ante
3287 5146 3478 5210 σκέλος
3524 5158 3631 5209 est,

2054 5254 2111 5301 et
2137 5245 2206 5299 ad
2237 5243 2341 5315 μῦν
2373 5240 2628 5312 pertingit
2662 5258 2675 5295 :
2725 5248 2788 5294 ut
2814 5239 2961 5310 quod
2991 5255 3021 5294 a
3049 5247 3198 5293 retro
3230 5246 3314 5294 est
3345 5239 3635 5305 nominant

2057 5336 2433 5406 ἀντικνήμιον.
2459 5332 2605 5388 ldem
2640 5344 2861 5402 quoque
2898 5329 3098 5385 dicitur
3146 5329 3197 5385 id
3232 5329 3377 5400 quod
3403 5342 3633 5399 compo-

2062 5428 2211 5484 nitur
2238 5444 2269 5484 e
2298 5426 2664 5498 προκνημίου,
2694 5434 2749 5482 et
2773 5424 3207 5496 παρακνημίδος,
3237 5439 3345 5480 una
3380 5437 3505 5479 cum
3536 5422 3639 5479 ob-.

1687 5639 1922 5696 VARle
1962 5631 2343 5692 LECTIONES

441 5784 473 5825 ⁸
503 5781 567 5838 C.
609 5782 679 5839 Μ.
713 5783 1002 5856 ἐγεννήθη.
1072 5785 1154 5826 ιιοί
1190 5783 1312 5840 llaec
1343 5782 1451 5838 duo
1485 5782 1645 5837 verba
1675 5778 1940 5837 desuntin
1964 5776 2105 5832 Men.
2191 5776 2203 5827 i
2243 5775 2304 5831 Ο.
2344 5772 2411 5828 Μ.
2456 5785 2597 5830 recte
2624 5770 2959 5845 ἔμπροσθεν.
