4072 6436
498 321 605 384 687

1651 321 1913 381 PHOTII
1950 320 2453 381 PATRIARCILE
2492 320 2607 379 CP.

3688 310 3801 372 633

495 432 710 487 velante
738 430 871 485 illud
901 446 1086 495 carne,
1136 438 1191 485 et
1217 434 1453 489 cutiCula
1481 472 1496 495 ,
1552 447 1714 500 quam
1747 442 1903 487 vetus
1928 429 2077 485 Cra:-

2190 428 2539 498 ρακνημίδος,
2571 427 2687 496 ἆμα
2743 425 2842 495 τῆς
2874 423 3285 493 ἐπαλειφούσης
3340 421 3491 477 αὐτὰ
3548 420 3795 495 σαρκὸς,

494 537 683 575 eorum
707 522 889 591 lingua
939 523 1159 594 xvi‘p'qv
1194 533 1371 579 vocat.
1396 524 1669 595 Apposuit
1693 538 1825 593 ergo
1850 521 2073 577 Samuel

494 616 707 668 κωλέαν
754 630 940 673 coram
992 614 1147 679 Sanl,
1183 616 1261 675 illi
1290 617 1717 673 llOﬂOl‘tfllHltle
1748 617 1891 671 alios
1921 616 2077 673 exhi-

497 706 651 768 bens.
698 722 861 775 quem
898 707 1185 765 honorem.
1240 707 1395 778 regni
1434 708 1647 778 insigne
1697 708 1840 763 velut
1887 724 2077 764 eonse

494 794 690 859 eravit,
728 795 887 863 quasi
940 795 1120 865 ipsum
1174 804 1451 864 oportemt
1506 810 1604 865 pro
1632 796 1831 865 populo
1859 796 2077 851 labores

496 898 689 936 (mines
724 884 934 947 subire,
965 894 1020 943 et
1049 884 1202 939 adire
1220 884 1484 954 pericula.
1518 884 1642 939 Ideo
1665 885 2074 954 superaddidit:

503 994 520 1023 ι
562 973 800 1029 Comede
829 974 879 1028 id
902 976 1048 1045 quod
1087 976 1182 1032 tibi
1212 977 1267 1032 in
1295 977 1664 1033 testimonium
1701 977 2015 1047 apponitur.
2054 997 2073 1029 ι

497 1066 654 1132 Quod
690 1070 968 1136 sequitur,
1003 1070 1055 1124 in
1086 1070 1418 1139 quibusdam
1450 1071 1724 1126 veteribus
1755 1070 1910 1127 libris
1942 1070 2079 1137 legi-

502 1171 593 1215 tur
650 1159 801 1231 παρὰ
851 1160 945 1213 τοῦ
998 1160 1130 1217 λαοῦ
1208 1162 1259 1216 in
1292 1163 1416 1218 aliis
1442 1163 1592 1232 παρὰ
1624 1164 1749 1224 τοὺς
1775 1162 1988 1227 ἄλλους,
2033 1164 2080 1217 si

502 1252 749 1323 legamus
780 1254 929 1325 παρὰ
968 1253 1063 1308 τοῦ
1111 1254 1261 1318 λαοῦ,
1310 1257 1417 1313 hoc
1464 1256 1625 1311 vult:
1684 1255 2077 1313 Testimonium

505 1340 601 1393 tibi
645 1341 865 1399 exhibui
898 1342 951 1395 in
980 1344 1269 1413 praesentia
1306 1345 1491 1413 populi
1529 1363 1542 1397 :
1598 1345 1709 1409 sin,
1762 1344 1915 1415 παρά
1952 1345 2079 1407 τοὺς

503 1431 718 1495 ἄλλους,
771 1448 871 1502 per
908 1444 1115 1503 partem
1148 1435 1245 1490 tibi
1281 1435 1610 1503 praecipuam
1642 1436 1951 1505 appositam
1983 1438 2082 1489 lio-

506 1537 695 1577 norem
744 1533 870 1581 ante
916 1525 1055 1579 alios
1098 1526 1363 1585 eximium
1390 1528 1634 1583 exhibui.
1665 1526 1798 1581 Nam
1835 1528 2081 1584 membra

506 1613 686 1669 lizecce
716 1617 963 1685 corporis
991 1617 1140 1686 regni
1166 1632 1277 1686 prre
1310 1633 1369 1677 se
1396 1619 1884 1688 lernntimaginem
1914 1637 1926 1673 ε
1954 1635 2079 1673 nam

506 1718 567 1763 ut
591 1709 692 1767 ista
722 1708 773 1761 in
801 1724 1031 1778 corpore
1052 1710 1304 1769 breviora
1337 1721 1466 1769 sunt
1492 1728 1659 1782 quam
1689 1714 1877 1779 multa,
1905 1722 2085 1768 tamen

509 1802 783 1856 substrata
813 1803 1086 1859 sustinent
1116 1803 1315 1861 molem
1343 1803 1514 1861 tctius
1551 1804 1844 1868 compositi
1876 1823 1887 1861 :
1922 1805 1997 1859 ita
2030 1815 2086 1859 et

508 1893 707 1962 regalis
739 1893 991 1959 ﬁrmitas,
1049 1902 1330 1964 utcunque
1382 1894 1436 1950 in
1476 1910 1586 1951 uno
1616 1895 1803 1963 aliquo
1841 1897 2086 1966 compri-

508 1993 689 2039 matur
713 1991 1013 2049 coarctata,
1067 1992 1122 2038 et
1151 1984 1231 2038 sic
1258 1984 1496 2050 vacillet,
1554 1996 1736 2043 tamen
1771 2002 1974 2056 corpus
2007 2000 2087 2042 to-

510 2077 618 2131 tius
671 2076 987 2142 reipublicae
1034 2087 1376 2145 compactum
1428 2078 1673 2135 continet
1724 2087 1780 2137 ct
1810 2081 2087 2134 substrata

508 2177 803 2245 sustentat,
826 2184 924 2223 nec
952 2169 1218 2235 permittit
1244 2184 1363 2222 eam
1389 2170 1442 2225 in
1476 2185 1534 2225 se
1554 2170 1801 2227 collisam
1821 2171 2084 2241 dilfringl.

503 2261 603 2317 Ast
622 2262 735 2315 Iure
754 2260 1003 2319 fortassis
1026 2262 1196 2315 multo
1217 2262 1513 2327 curiosius,
1536 2276 1699 2330 quam
1724 2276 1825 2317 vox
1842 2262 2080 2325 εἴδωλον,

504 2354 868 2421 explicantur.
903 2351 982 2409 Tu
1016 2362 1199 2408 autent
1225 2354 1412 2409 animo
1448 2355 1631 2408 valeas
1658 2364 1823 2423 atque
1855 2369 2087 2424 corpore

507 2459 607 2497 nec
658 2444 888 2499 ulterius
944 2445 1254 2503 istiusmodi
1298 2447 1367 2502 iis
1406 2445 1629 2512 olleras,
1661 2450 1752 2516 qui
1782 2458 1912 2502 sunt
1942 2447 2085 2516 apud

506 2534 710 2589 inferos
747 2554 759 2589 :
797 2538 889 2590 sed
916 2538 1057 2605 apud
1090 2538 1213 2591 illos
1245 2553 1478 2607 expone,
1510 2540 1711 2607 quibus
1738 2541 1862 2595 vitae
1892 2556 2088 2595 cursus

504 2635 586 2679 est
610 2625 680 2680 ad
707 2627 1110 2696 beneplacitum
1133 2666 1149 2691 ,
1175 2644 1411 2697 quorum
1440 2644 1615 2695 tuens,
1647 2630 1848 2698 oratio,
1888 2645 2083 2690 manus

509 2732 615 2772 non
646 2716 984 2777 defecerunt.

593 3003 925 3072 QUIES'I'IO
960 3006 1150 3062 CXVI.
1189 3008 1381 3080 [CoisL
1423 3010 1589 3065 Taur.
1620 3012 1977 3085 CXXXVIIIJ

1030 3101 1122 3156 ὀε
1146 3105 1327 3170 patria
1363 3103 1523 3159 Pauli
1537 3132 1552 3145 -

2186 522 2279 573 καὶ
2304 521 2404 588 τῆς
2420 518 2764 591 δερματίδος,
2784 520 2849 588 ἣν
2866 517 3075 571 παλαιὰ
3093 517 3193 585 τῆς
3221 515 3479 577 Ἑλλάδος
3511 514 3749 583 γλῶττα
3769 512 3797 551 ll

2185 613 2401 679 κνήμην
2434 609 2712 678 ὀνομάζει.
2746 607 3067 677 Παρέθηκεν
3092 607 3137 660 δ’
3168 607 3263 661 οὖν
3296 609 3326 660 ὁ
3365 604 3642 677 Σαμουὴλ
3688 605 3801 674 τὴν

2184 702 2395 758 κωλέαν
2423 700 2655 757 ἐνώπιον
2683 700 2778 753 τοῦ
2808 700 2981 757 Σαούλ
3008 717 3021 729 ·
3056 700 3229 770 τιμὴν
3257 700 3410 770 αὐτῷ
3438 699 3557 754 τῶν
3604 697 3802 752 ἄλλων

2185 794 2584 865 προαπονέμων
2618 811 2631 823 ’
2662 794 2933 862 σύμὸολον
2954 794 3010 847 δὲ
3041 794 3141 863 τὴν
3183 794 3350 863 τιμὴν
3383 791 3800 860 ἑξοσιούμενος

2185 890 2283 956 τῆς
2308 887 2586 957 βασιλείας
2614 904 2626 916 ·
2655 886 2749 939 καὶ
2799 886 2894 939 τοῦ
2930 887 3040 939 δεῖν
3071 886 3237 939 αὑτὸν
3286 886 3427 954 ὑπὲρ
3487 882 3592 937 τοῦ
3653 881 3801 935 λαοῦ

2188 980 2399 1042 πάντας
2428 978 2761 1047 ὑφίστασθαι
2800 977 3019 1039 πόνους.
3042 977 3138 1031 καὶ
3179 975 3668 1046 προκινδυνεύειν.
3705 975 3803 1025 Διὸ

2186 1070 2279 1124 καὶ
2297 1071 2605 1139 ἐπήγαγεν,
2652 1088 2674 1121 ι
2711 1069 2878 1137 Φαγε,
2923 1069 3008 1123 ὅτι
3040 1069 3121 1130 είς
3154 1068 3455 1139 μαρτύριον
3517 1066 3790 1120 τέθειταί

2189 1179 2292 1217 σοι.
2336 1181 2356 1215 ι
2392 1162 2465 1214 Τὸ
2489 1162 2535 1217 δ’
2568 1161 2793 1230 ἐφεξῆς.
2827 1160 2947 1215 ἔνια
2992 1161 3095 1231 μὲν
3122 1160 3234 1213 τῶν
3280 1158 3539 1213 παλαιῶν
3592 1175 3801 1227 γραμ-

2191 1252 2398 1321 μάτων,
2437 1270 2455 1303 ι
2498 1252 2650 1321 παρὰ
2683 1251 2780 1305 τοῦ
2832 1250 2966 1305 λαοῦ
2992 1265 3005 1280 ⁶
3047 1268 3069 1301 ι
3103 1249 3221 1303 ἔνια
3252 1248 3331 1313 δὲ,
3378 1266 3397 1300 ι
3433 1248 3599 1317 παρὰ
3660 1248 3800 1309 τοὺς

2185 1343 2401 1407 ἄλλους,
2436 1362 2455 1394 ι
2510 1343 2846 1412 ὑπαγορεύει
2878 1359 2893 1373 ο
2920 1340 3040 1396 ἀλλ’
3070 1340 3119 1394 εί
3164 1340 3263 1409 μὲν
3292 1340 3375 1409 εἴη
3410 1359 3430 1390 ι
3468 1339 3643 1408 παρὰ
3698 1338 3802 1390 τοῦ

2187 1434 2339 1500 λαοῦ,
2384 1453 2402 1485 ι
2444 1436 2567 1489 ἀντὶ
2601 1434 2717 1497 τοῦ,
2754 1433 3016 1490 Ἐνώπιον
3043 1431 3139 1485 τοῦ
3169 1431 3300 1486 λαοῦ
3331 1432 3389 1484 τὸ
3418 1430 3512 1485 διὰ
3567 1430 3800 1500 μαρτύ-

2190 1528 2306 1599 ριόν
2352 1544 2433 1583 σοι
2462 1530 2857 1599 προσενήνοχα,
2911 1527 3172 1597 σημαίνει
3195 1541 3210 1556 ’
3238 1514 3367 1578 εἰδὲ
3411 1545 3430 1576 ι
3462 1525 3629 1594 παρά
3662 1526 3798 1585 τοὺς

2186 1620 2400 1683 ἄλλους,
2421 1641 2440 1673 ι
2463 1622 2582 1675 ἀντὶ
2607 1620 2725 1687 τοῦ,
2760 1620 3070 1690 Ἐεαίρετόν
3105 1637 3209 1682 σοι,
3243 1620 3395 1689 παρὰ
3420 1620 3553 1681 τοὺς
3582 1618 3797 1680 ἄλλους

2188 1712 2473 1783 προκρίτῳ
2526 1712 2705 1783 μερίδι
2737 1712 2835 1782 τὴν
2868 1712 3035 1782 τιμὴν
3069 1710 3275 1781 ἀνῆψα.
3335 1712 3437 1777 Elin
3490 1711 3539 1763 δ’
3590 1709 3669 1763 ἂν
3723 1708 3797 1761 τὰ

2192 1804 2329 1875 μέλη
2354 1805 2528 1859 ταῦτα
2569 1804 2664 1859 τοῦ
2700 1804 2952 1875 σώματος
3000 1804 3095 1856 καὶ
3143 1803 3329 1855 εἰκόνα
3382 1802 3627 1870 φέροντα
3689 1800 3797 1869 τῆς

2191 1896 2489 1967 βασιλείας.
2532 1896 2744 1967 Ὠσπερ
2782 1898 2890 1967 γὰρ
2944 1894 3120 1948 ταῦτα
3152 1894 3231 1964 τῷ
3270 1894 3482 1963 σώματι
3513 1891 3614 1944 τοῦ
3640 1890 3795 1955 ζὼου

2193 1989 2505 2061 βραχύτερα
2540 1988 2751 2041 πολλῶν
2779 1987 2961 2057 μελῶν
2988 1988 3141 2047 ὄντα,
3170 1988 3319 2055 ὅμως
3347 1984 3793 2053 ὑπεστήρικται,

2191 2081 2284 2134 καὶ
2313 2080 2683 2144 ἀναύαστὰζει
2719 2079 2811 2132 τὸν
2854 2079 2976 2132 ὅλον
3007 2078 3101 2131 τοῦ
3144 2078 3525 2145 συγκρίματος
3565 2076 3749 2142 ὄγκον
3776 2090 3791 2105 ο

2189 2173 2335 2226 οὕτω
2361 2174 2505 2243 καὶὴ
2533 2173 2784 2242 βασιλικὴ
2817 2171 3135 2243 στερρότης,
3164 2170 3345 2223 καίτοι
3374 2170 3461 2235 ἐφ’
3509 2169 3601 2222 ἑνὶ
3620 2166 3794 2235 ἀνδρὶ

2186 2263 2609 2332 συστελλομένη,
2642 2263 2735 2317 καὶ
2770 2262 3074 2315 σαλεύουσα
3128 2260 3351 2328 σύμπαν
3371 2259 3435 2313 τὸ
3476 2259 3648 2329 σῶμα
3684 2258 3796 2326 τῆς

2186 2352 2462 2416 πολιτείας
2494 2354 2675 2421 ἀνέχει
2705 2369 2763 2406 τε
2794 2352 2892 2405 καὶ
2920 2352 3199 2422 ὑπερείδει
3227 2365 3241 2378 ·
3277 2349 3375 2401 καὶ
3440 2348 3544 2401 οὐκ
3590 2348 3660 2417 ἑᾷ
3702 2348 3792 2409 είς

2184 2444 2355 2514 αὐτὴν
2406 2446 2741 2499 καταπεσεῖν
2790 2461 2850 2496 τε
2897 2444 2993 2496 καὶ
3036 2440 3533 2512 περιθραυσθῆναι.

2185 2534 2360 2589 ταῦτα
2395 2535 2492 2604 μὲν
2522 2536 2676 2596 ῖσως,
2710 2535 2806 2587 καὶ
2840 2534 3027 2603 φωνῆς
3056 2533 3283 2588 εἰδώλου
3326 2529 3790 2602 περιεργότερον.

3614 2438 3794 2491 ’Λλλά

2191 2626 2263 2677 Σὺ
2293 2624 2349 2677 δὲ
2365 2623 2543 2693 ψυχὴν
2577 2626 2671 2678 καὶ
2700 2622 2914 2693 σώματι
2937 2623 3151 2694 ἐρῤωσο
3180 2640 3194 2654 ο
3247 2622 3347 2675 καὶ
3400 2620 3605 2691 μηκέτι
3666 2620 3795 2680 rei;

2191 2718 2251 2770 ὲν
2288 2718 2420 2788 ᾅδου
2447 2718 2515 2770 τὰ
2544 2716 2772 2772 τοιαῦτα
2821 2716 3078 2785 πρότεινε
3104 2732 3117 2745 ·
3151 2716 3267 2768 ἀλλ’
3300 2714 3557 2776 ἐκείνοις,
3594 2707 3686 2775 οἷς
3719 2711 3796 2763 τα

2194 2816 2335 2866 κατὰ
2366 2814 2459 2866 τὸν
2484 2813 2598 2883 βίον
2625 2814 2825 2883 εὐροεῖ,
2860 2813 2957 2865 καὶ
2994 2812 3023 2864 ὁ
3055 2809 3201 2875 νοῦς,
3260 2809 3357 2862 καὶ
3389 2808 3441 2862 oi
3470 2806 3647 2876 λόγοι,
3685 2804 3790 2860 καὶ

2195 2906 2253 2957 αἱ
2290 2907 2470 2975 χεῖρες
2497 2904 2560 2957 οὐ
2592 2904 2962 2975 παρείθησαν.

2739 3012 3073 3069 ΕΡΩΤΗΣΙΣ
3113 3007 3280 3077 Ριζῖ⁸.

2589 3107 2726 3175 Περὶ
2782 3105 3066 3173 πατρίδος
3116 3106 3381 3159 Παύλου.

1373 3217 1515 3269 Edita
1538 3235 1563 3268 a
1587 3219 1886 3271 Montacutio
1910 3224 2036 3285 (ep..
2058 3223 2168 3285 ειο,
2186 3222 2255 3274 ad
2278 3222 2616 3284 Euschem.,[u
2639 3221 2752 3281 577,
2771 3221 2903 3281 578).

579 3316 784 3376 Paulus
816 3320 908 3378 ille
940 3321 1159 3379 divinus
1196 3329 1502 3394 apostolus,
1539 3329 1631 3398 qui
1662 3345 1724 3383 ex
1753 3330 2089 3385 inﬂammato

507 3412 802 3477 desiderio,
832 3422 886 3467 et
913 3428 1099 3469 amore
1128 3414 1357 3482 Christi,
1392 3427 1445 3470 et
1484 3418 1914 3488 inexsuperabili
1946 3437 2085 3489 pra:-

503 3500 797 3555 tlicationis
840 3518 1006 3556 cursu
1058 3506 1336 3559 cmlestem
1395 3506 1542 3560 illam
1584 3505 1891 3565 Jerusalem
1926 3526 2091 3563 oceu-

504 3598 684 3659 patam
732 3607 888 3645 suam
918 3590 1065 3658 fecit,
1110 3593 1339 3661 patriam
1372 3595 1563 3648 habuit
1595 3596 1706 3666 jam
1740 3598 1872 3650 olim
1906 3614 1936 3653 a
1970 3615 2088 3653 ma-

501 3682 718 3749 joribus
780 3682 898 3735 suis
950 3687 1253 3738 secundum
1318 3688 1566 3755 corporis
1637 3690 2087 3758 propagationem

505 3772 718 3827 Giseala
754 3773 989 3841 (viculus
1018 3784 1104 3829 est
1136 3775 1223 3829 ille
1256 3792 1404 3831 nunc
1431 3778 1486 3831 in
1516 3776 1706 3832 Judtea
1758 3780 1887 3834 olim
1930 3782 2093 3835 urbe-

506 3865 629 3920 eula
658 3867 1047 3934 censebatur):
1084 3868 1227 3921 bello
1264 3878 1443 3923 autem
1486 3870 1732 3927 Romano
1764 3875 2091 3943 parentibus

509 3958 681 4026 ipsius
712 3975 836 4013 cum
876 3958 1150 4028 plerisque
1179 3961 1302 4017 aliis
1331 3962 1383 4015 in
1427 3964 1793 4033 captivitatem
1832 3967 2090 4023 abductis

507 4046 738 4102 Tarsum
771 4050 1097 4117 migrarunt,
1132 4052 1221 4107 bic
1246 4052 1335 4107 ille
1359 4053 1540 4109 editus
1574 4056 1625 4108 in
1660 4055 1835 4111 lucem
1864 4056 2088 4122 dicitur,

505 4147 559 4191 et
589 4140 779 4208 patrim
808 4142 1184 4198 ascribebatur
1232 4162 1245 4198 :
1301 4163 1319 4195 ι
1352 4143 1466 4215 Ego
1496 4162 1639 4213 sum,
1674 4148 1810 4202 dixit
1837 4150 1973 4213 ipse,
2007 4151 2090 4203 vir

504 4231 748 4299 Jutlmus,
812 4246 969 4290 natus
1001 4234 1157 4291 Tarsi
1188 4237 1240 4290 in
1266 4237 1453 4294 Cilicia
1485 4256 1498 4292 :
1537 4258 1556 4290 ι
1595 4240 1930 4311 benignitate
1962 4257 2090 4297 vero

509 4326 883 4380 ltmnanorum
951 4344 1074 4382 cum
1129 4330 1357 4383 victoria
1428 4334 1836 4400 contendente,
1917 4345 1971 4389 et
2020 4336 2088 4389 ad

507 4417 844 4486 alienigenas
886 4434 945 4473 se
974 4422 1323 4487 extendente,
1376 4438 1636 4479 concessa
1696 4426 1799 4480 fuit
1852 4426 2086 4482 facultas

504 4513 703 4581 partim
762 4513 957 4582 gratis,
1029 4515 1206 4584 pretio
1275 4517 1473 4584 partim
1528 4520 1975 4588 transcriptionis
2031 4521 2085 4574 in

2262 3332 2471 3394 Παῦλος
2495 3333 2523 3385 ὁ
2553 3331 2695 3393 θεῖος
2714 3330 3036 3393 ἀπόστολος,
3067 3329 3095 3380 ὁ
3123 3326 3202 3397 τῷ
3223 3326 3475 3398 διαπύρῳ
3504 3326 3657 3399 πόθῳ
3678 3324 3792 3395 τῆς

2192 3424 2274 3486 είς
2301 3423 2539 3495 Χριστὸν
2583 3423 2921 3491 ἀγαπήσεως
2962 3421 3058 3473 καὶ
3087 3418 3165 3491 τῷ
3203 3418 3604 3489 ἀνυπερϐλήτῳ
3653 3418 3790 3489 δρό-

2194 3534 2279 3591 μῳ
2309 3516 2404 3568 τοῦ
2437 3516 2816 3587 κηρύγματος,
2855 3514 2954 3583 τὴν
3008 3513 3123 3567 ἄνω
3185 3512 3548 3581 Ἰερουσαλὴμ
3593 3512 3782 3582 ἑαυτῷ

2192 3606 2637 3676 καταλαϐόμενος
2674 3606 2931 3678 πατρίδα,
2951 3607 3050 3675 τὴν
3075 3607 3141 3657 ἐκ
3180 3603 3429 3657 παλαιῶν
3461 3605 3781 3675 προγόνων,

2191 3697 2408 3767 καὶτῆς
2440 3697 2762 3767 σωματικῆς
2793 3698 3061 3765 γενέσεως
3093 3696 3163 3749 τὰ
3202 3696 3444 3766 Γίσχαλα
3494 3696 3682 3766 (κώμη
3723 3697 3787 3749 δὲ

2191 3792 2287 3849 νῦν
2314 3793 2373 3846 τὸ
2394 3794 2593 3864 χωρίον
2621 3796 2720 3864 τῆς
2759 3794 3042 3858 Ἰουδαίας,
3062 3793 3232 3846 πάλαι
3262 3793 3535 3862 πολίχνιον
3557 3810 3785 3863 χρημα-

2192 3885 2371 3955 τίσαν)
2395 3885 2634 3954 πατρίδα
2658 3884 2839 3957 λαχὼν
2870 3881 2984 3955 εἶχε
3017 3900 3031 3914 ο
3060 3886 3137 3954 τῷ
3179 3884 3478 3954 Ῥωμαϊκῷ
3503 3883 3562 3936 δὲ
3590 3885 3785 3954 δόρατι

2188 3974 2299 4026 τῶν
2353 3976 2779 4045 γεννησαμένων
2836 3975 2953 4045 ἅμα
2994 3977 3091 4028 καὶ
3142 3975 3360 4039 πολλοῖς
3417 3976 3627 4046 ἑτέροις
3682 3975 3785 4029 τοῦ

2190 4062 2378 4126 ἔθνους
2417 4064 2858 4127 συνεαλωκότων,
2884 4064 3133 4135 Ταρσοὺς
3171 4066 3321 4137 αὐτῷ
3348 4066 3409 4119 τὸ
3428 4065 3780 4135 συνενεχθὲν,

2191 4155 2248 4206 ἐν
2278 4148 2359 4217 οἷς
2390 4156 2486 4207 καὶ
2520 4156 2620 4217 τὰς
2644 4156 2921 4226 μητρικὰς
2978 4156 3168 4211 ἔλυσεν
3200 4158 3416 4220 ὠδῖνας,
3453 4158 3636 4211 δίδωσι
3672 4175 3782 4209 πα-

2190 4245 2366 4314 τρίδα.
2398 4266 2416 4299 ι
2441 4246 2583 4315 Ἐγὼ
2600 4249 2707 4316 γάρ
2730 4250 2868 4317 εἰμι,
2901 4250 3089 4318 φησὶν,
3112 4250 3253 4320 ἀνὴρ
3283 4250 3556 4314 Ἰουδαῖος,
3588 4267 3785 4319 γεγεν-

2190 4338 2422 4405 νημένος
2447 4341 2504 4391 ἐν
2532 4340 2729 4411 Ταρσῴ
2752 4343 2849 4410 τῆς
2866 4341 3140 4403 Κιλικίας·
3164 4360 3184 4395 ι
3207 4337 3329 4397 εἶτα
3353 4344 3453 4413 τῆς
3490 4341 3783 4411 Ῥωμαίων

2192 4432 2524 4501 φιλοτιμίας,
2552 4432 2628 4503 τῷ
2658 4433 2879 4503 μεγέθει
2924 4434 3019 4491 τοῦ
3054 4436 3292 4504 κράτους
3342 4435 3781 4509 παραμιλλωμέ-

2191 4539 2310 4590 νης,
2344 4522 2439 4575 καὶ
2477 4523 2674 4594 μέχρις
2703 4525 2885 4581 αὐτῶν
2920 4526 3031 4581 τῶν
3062 4526 3378 4595 ἀλλοφύλων
3400 4527 3463 4579 τὸ
3496 4527 3784 4596 φιλότιμον

507 4604 843 4663 nobilitatem
876 4616 926 4661 et
951 4608 1265 4677 reipubliem
1286 4618 1341 4661 et
1358 4612 1601 4667 nominis
1624 4612 2083 4687 participantlam.

2195 4615 2707 4686 καθυπατευούσης,
2764 4620 2843 4683 εἰς
2891 4618 2989 4688 τὴν
3041 4618 3251 4675 τούτων
3316 4621 3617 4688 εὐγένειαν,
3686 4620 3783 4673 καὶ

505 4693 641 4750 llinc
673 4695 900 4763 factum,
950 4708 1010 4753 ut
1046 4709 1303 4770 parentes
1332 4701 1509 4770 Pauli,
1564 4712 1618 4757 et
1646 4704 1759 4773 ipse
1795 4720 1893 4776 per
1921 4705 2087 4776 sylla-

504 4788 601 4843 bas
657 4806 905 4859 paucas,
956 4794 1259 4849 secundum
1312 4795 1584 4855 humanas
1648 4796 1795 4868 leges
1853 4798 2083 4857 Romam

504 4883 736 4950 patriam
795 4884 1127 4950 obtinerent,
1184 4895 1238 4940 et
1290 4888 1682 4959 rempublicam
1737 4890 2081 4946 Romanam:

505 4974 605 5027 hoc
634 4984 738 5039 est,
777 4976 919 5045 quod
964 4977 1184 5033 divinus
1226 4978 1316 5035 ille
1350 4981 1432 5033 vir
1463 4980 1796 5044 insinuavit,
1830 4982 2086 5051 inquiens

502 5064 645 5130 apud
680 5065 1059 5131 chiliarebam,
1116 5068 1211 5137 qui
1267 5069 1334 5125 de
1375 5070 1598 5130 civitate
1630 5070 1878 5127 Romana
1908 5074 2089 5142 pretio

503 5154 721 5210 obtenta
752 5160 1103 5226 praedicabat,
1150 5178 1169 5211 ι
1195 5159 1309 5231 Ego
1336 5173 1519 5221 autem
1556 5166 1692 5221 liber
1720 5173 1883 5225 natus
1920 5165 2031 5230 l‘ni;
2062 5185 2082 5217 ι

506 5244 558 5297 ιιι
612 5255 728 5313 est,
783 5256 931 5303 sorte
990 5263 1212 5319 paterna
1244 5252 1493 5313 Romana
1523 5256 1611 5311 illa
1667 5256 1904 5313 aliinitas
1954 5256 2087 5312 milii

505 5337 748 5408 contigit,
791 5355 890 5394 nec
928 5341 995 5394 de
1021 5354 1273 5399 materno
1309 5357 1467 5403 utero
1496 5348 1814 5417 vulgaribus
1845 5349 2088 5417 parenti-

507 5430 610 5482 bus
648 5432 861 5498 genitus
911 5433 963 5486 in
1018 5435 1192 5489 lucem
1250 5440 1450 5510 prodii,
1514 5442 1606 5497 sed
1665 5442 1756 5512 qui
1816 5442 2084 5497 benelieio

2192 4708 2297 4779 τῆς
2326 4710 2603 4775 πολιτείας
2632 4712 2729 4767 καὶ
2763 4712 2855 4766 τοῦ
2892 4713 3179 4785 ὀνόματος,
3207 4714 3367 4767 τοῦτο
3415 4714 3518 4783 μὲν
3546 4715 3776 4783 προῖκα,

2192 4801 2433 4857 τοῦτοδὲ
2466 4804 2559 4857 καὶ
2585 4807 2830 4879 χρήμασι
2873 4804 3089 4868 πολλοῖς
3127 4806 3461 4876 ἀναδραμεῖν
3511 4806 3780 4876 ἐχαρίσθη

2193 4894 2417 4960 ἐξουσία
2446 4912 2460 4927 ο
2494 4897 2705 4969 γίνεται
2736 4898 2915 4951 τοίνυν
2953 4900 3017 4951 ὲκ
3046 4899 3237 4953 τούτου
3284 4900 3379 4953 καὶ
3410 4902 3523 4963 τοῖς
3558 4899 3779 4967 γονεῦσι

2186 4988 2280 5041 τοῦ
2317 4988 2609 5045 θεσπεσίου
2646 4990 2861 5044 Παύλου
2910 4991 3202 5055 συλλαϐαῖς
3226 4992 3433 5061 ὀλίγαις
3464 4993 3561 5045 καὶ
3589 4992 3778 5062 νόμοις

2186 5079 2551 5148 ἀνθρωπίνοις
2583 5081 2782 5150 πατρὶς
2813 5082 2846 5153 ἡ
2885 5081 3099 5153 Ῥώμη,
3136 5084 3229 5137 καὶ
3259 5084 3319 5135 τὸ
3362 5084 3656 5153 Ῥωμαίων
3680 5101 3779 5138 πο-

2187 5169 2438 5239 λίτευμα.
2469 5170 2579 5223 Καὶ
2608 5172 2763 5224 τοῦτό
2785 5173 2955 5239 ἐστιν,
2985 5173 3012 5225 ὂ
3048 5172 3145 5228 καὶ
3166 5174 3194 5226 ὸ
3224 5173 3367 5238 θεῖος
3392 5175 3603 5239 ἐκεῖνος
3635 5173 3777 5244 ἀνὴρ

2189 5262 2577 5332 ἐπεσημήνατο
2595 5261 2769 5333 λέγων
2789 5263 2925 5332 πρὸς
2955 5263 3047 5316 τὸν
3079 5264 3361 5335 χιλίαρχον
3379 5264 3656 5335 αὐχοῦντα
3677 5265 3775 5333 τὴν

2188 5351 2245 5416 ἐξ
2275 5351 2549 5423 ἐμπορίας
2599 5353 2887 5424 Ῥωμαίων
2936 5356 3298 5429 συγγένειαν,
3352 5358 3427 5419 ὡς
3480 5376 3499 5408 ι
3545 5355 3688 5424 Ἐγὼ
3717 5357 3775 5409 δὲ

2192 5444 2287 5495 καὶ
2324 5444 2680 5515 γεγέννημαι,
2725 5466 2742 5499 ι
2783 5447 2908 5499 ἀντὶ
2942 5448 3058 5514 τοῦ,
3094 5448 3252 5503 Κατὰ
3280 5450 3481 5519 κλῆρόν
3529 5467 3622 5522 μοι
3664 5467 3772 5503 πα-

1781 5646 2013 5702 γΑιιιίΕ
2052 5645 2344 5705 LECTION
2354 5650 2456 5706 ES.

584 5743 603 5785 ι
633 5745 852 5813 γλῶσσα
878 5751 1028 5807 deest
1054 5755 1107 5809 in
1154 5756 1298 5812 Mou.
