  <div class='ocr_page' id='page_1' title='image "/cluster/home/n/w/nwhite01/storage/ocr_20150623/101:no.1/coo.31924054870054/372.png"; bbox 0 0 4072 6438; ppageno 0'>
   <div class='ocr_carea' id='block_1_1' title="bbox 239 387 359 451">
    <p class='ocr_par' dir='ltr' id='par_1_1' title="bbox 239 387 359 451">
     <span class='ocr_line' id='line_1_1' title="bbox 239 387 359 451; baseline 0.025 -3"><span class='ocrx_word' id='word_1_1' title='bbox 239 387 359 451; x_wconf 65' lang='grc' dir='ltr'><strong>εδδ</strong></span> 
     </span>
    </p>
   </div>
   <div class='ocr_carea' id='block_1_2' title="bbox 1077 376 2696 451">
    <p class='ocr_par' dir='ltr' id='par_1_2' title="bbox 1077 376 2696 451">
     <span class='ocr_line' id='line_1_2' title="bbox 1077 376 2696 451; baseline 0.002 -15"><span class='ocrx_word' id='word_1_2' title='bbox 1077 378 1177 437; x_wconf 83' lang='lat' dir='ltr'><strong>AD</strong></span> <span class='ocrx_word' id='word_1_3' title='bbox 1214 377 1813 438; x_wconf 79' lang='lat' dir='ltr'><strong>AMI’HILOCIIIUM</strong></span> <span class='ocrx_word' id='word_1_4' title='bbox 1850 376 2198 449; x_wconf 71' lang='lat' dir='ltr'><strong>QUIESTIO</strong></span> <span class='ocrx_word' id='word_1_5' title='bbox 2230 376 2432 451; x_wconf 77' lang='lat' dir='ltr'><strong>CXVI,</strong></span> <span class='ocrx_word' id='word_1_6' title='bbox 2463 376 2696 439; x_wconf 81' lang='lat' dir='ltr'><strong>CXVII.</strong></span> 
     </span>
    </p>
   </div>
   <div class='ocr_carea' id='block_1_3' title="bbox 3443 381 3549 447">
    <p class='ocr_par' dir='ltr' id='par_1_3' title="bbox 3443 381 3549 447">
     <span class='ocr_line' id='line_1_3' title="bbox 3443 381 3549 447; baseline 0.047 -5"><span class='ocrx_word' id='word_1_7' title='bbox 3443 381 3549 447; x_wconf 73' lang='lat'><strong>690</strong></span> 
     </span>
    </p>
   </div>
   <div class='ocr_carea' id='block_1_4' title="bbox 242 488 1846 569">
    <p class='ocr_par' dir='ltr' id='par_1_4' title="bbox 242 489 1843 569">
     <span class='ocr_line' id='line_1_4' title="bbox 242 489 1843 569; baseline -0.005 -18"><span class='ocrx_word' id='word_1_8' title='bbox 242 496 432 569; x_wconf 84' lang='grc' dir='ltr'>τρῷον</span> <span class='ocrx_word' id='word_1_9' title='bbox 462 496 496 567; x_wconf 82' lang='grc' dir='ltr'>ἡ</span> <span class='ocrx_word' id='word_1_10' title='bbox 532 492 820 565; x_wconf 75' lang='grc' dir='ltr'>Ῥωμαῖκὴ</span> <span class='ocrx_word' id='word_1_11' title='bbox 850 489 1143 560; x_wconf 85' lang='grc' dir='ltr'>συγγένεια</span> <span class='ocrx_word' id='word_1_12' title='bbox 1176 491 1415 553; x_wconf 81' lang='grc' dir='ltr'><strong>κάτεισι,</strong></span> <span class='ocrx_word' id='word_1_13' title='bbox 1444 493 1538 544; x_wconf 79' lang='grc' dir='ltr'><strong>καὶ</strong></span> <span class='ocrx_word' id='word_1_14' title='bbox 1573 491 1673 545; x_wconf 91' lang='grc' dir='ltr'><strong>οὐκ</strong></span> <span class='ocrx_word' id='word_1_15' title='bbox 1704 491 1843 544; x_wconf 71' lang='grc' dir='ltr'>ίδιωα</span> 
     </span>
    </p>
   </div>
   <div class='ocr_carea' id='block_1_5' title="bbox 1933 488 3546 569">
    <p class='ocr_par' dir='ltr' id='par_1_5' title="bbox 1955 488 3546 565">
     <span class='ocr_line' id='line_1_5' title="bbox 1955 488 3546 565; baseline 0.002 -19"><span class='ocrx_word' id='word_1_16' title='bbox 1955 489 2336 546; x_wconf 87' lang='lat' dir='ltr'><strong>eodieillorum</strong></span> <span class='ocrx_word' id='word_1_17' title='bbox 2371 488 2750 543; x_wconf 77' lang='lat' dir='ltr'><strong>Romanorum</strong></span> <span class='ocrx_word' id='word_1_18' title='bbox 2804 489 2875 545; x_wconf 90' lang='lat' dir='ltr'><strong>de</strong></span> <span class='ocrx_word' id='word_1_19' title='bbox 2909 507 3101 547; x_wconf 79' lang='lat' dir='ltr'><strong>eorum</strong></span> <span class='ocrx_word' id='word_1_20' title='bbox 3125 492 3391 549; x_wconf 75' lang='lat' dir='ltr'><strong>aﬁinitate</strong></span> <span class='ocrx_word' id='word_1_21' title='bbox 3428 496 3546 565; x_wconf 86' lang='lat' dir='ltr'><strong>glo-</strong></span> 
     </span>
    </p>
   </div>
   <div class='ocr_carea' id='block_1_6' title="bbox 242 579 1846 657">
    <p class='ocr_par' dir='ltr' id='par_1_6' title="bbox 242 579 1846 653">
     <span class='ocr_line' id='line_1_6' title="bbox 242 579 1846 653; baseline -0.006 -10"><span class='ocrx_word' id='word_1_22' title='bbox 242 589 473 643; x_wconf 84' lang='grc' dir='ltr'>τεύουσι</span> <span class='ocrx_word' id='word_1_23' title='bbox 510 588 625 648; x_wconf 83' lang='grc' dir='ltr'>τοῖς</span> <span class='ocrx_word' id='word_1_24' title='bbox 659 582 916 653; x_wconf 80' lang='grc' dir='ltr'><strong>γονεῦσιν</strong></span> <span class='ocrx_word' id='word_1_25' title='bbox 962 579 1210 649; x_wconf 87' lang='grc' dir='ltr'>λαγόνων</span> <span class='ocrx_word' id='word_1_26' title='bbox 1266 580 1542 650; x_wconf 78' lang='grc' dir='ltr'><strong>μητρῴων</strong></span> <span class='ocrx_word' id='word_1_27' title='bbox 1579 580 1846 651; x_wconf 80' lang='grc' dir='ltr'>προῆλθον</span> 
     </span>
    </p>
   </div>
   <div class='ocr_carea' id='block_1_7' title="bbox 1933 579 3547 657">
    <p class='ocr_par' dir='ltr' id='par_1_7' title="bbox 1952 582 3547 657">
     <span class='ocr_line' id='line_1_7' title="bbox 1952 582 3547 657; baseline 0.001 -19"><span class='ocrx_word' id='word_1_28' title='bbox 1952 584 2259 639; x_wconf 87' lang='lat' dir='ltr'><strong>riabantur.</strong></span> <span class='ocrx_word' id='word_1_29' title='bbox 2338 582 2415 637; x_wconf 92' lang='lat' dir='ltr'><strong>lta</strong></span> <span class='ocrx_word' id='word_1_30' title='bbox 2440 582 2563 636; x_wconf 70' lang='lat' dir='ltr'><strong>duae</strong></span> <span class='ocrx_word' id='word_1_31' title='bbox 2599 584 2809 652; x_wconf 69' lang='lat' dir='ltr'><strong>patriae.</strong></span> <span class='ocrx_word' id='word_1_32' title='bbox 2852 585 2919 640; x_wconf 90' lang='lat' dir='ltr'><strong>de</strong></span> <span class='ocrx_word' id='word_1_33' title='bbox 2953 602 3062 656; x_wconf 88' lang='lat' dir='ltr'><strong>qua</strong></span> <span class='ocrx_word' id='word_1_34' title='bbox 3096 602 3155 642; x_wconf 89' lang='lat' dir='ltr'><strong>re</strong></span> <span class='ocrx_word' id='word_1_35' title='bbox 3188 587 3284 641; x_wconf 89' lang='lat' dir='ltr'><strong>tibi</strong></span> <span class='ocrx_word' id='word_1_36' title='bbox 3309 596 3547 657; x_wconf 64' lang='lat' dir='ltr'><strong>qumstro</strong></span> 
     </span>
    </p>
   </div>
   <div class='ocr_carea' id='block_1_8' title="bbox 244 668 1850 747">
    <p class='ocr_par' dir='ltr' id='par_1_8' title="bbox 244 668 1850 747">
     <span class='ocr_line' id='line_1_8' title="bbox 244 668 1850 747; baseline -0.006 -15"><span class='ocrx_word' id='word_1_37' title='bbox 244 680 335 741; x_wconf 86' lang='grc' dir='ltr'><strong>είς</strong></span> <span class='ocrx_word' id='word_1_38' title='bbox 363 676 502 747; x_wconf 85' lang='grc' dir='ltr'>φῶς,</span> <span class='ocrx_word' id='word_1_39' title='bbox 537 674 657 730; x_wconf 80' lang='grc' dir='ltr'>ἀλλ’</span> <span class='ocrx_word' id='word_1_40' title='bbox 707 674 811 745; x_wconf 79' lang='grc' dir='ltr'><strong>ήδη</strong></span> <span class='ocrx_word' id='word_1_41' title='bbox 860 671 956 725; x_wconf 64' lang='grc' dir='ltr'><strong>καλ⁵</strong></span> <span class='ocrx_word' id='word_1_42' title='bbox 991 668 1087 723; x_wconf 83' lang='grc' dir='ltr'><strong>τοῦ</strong></span> <span class='ocrx_word' id='word_1_43' title='bbox 1152 668 1469 739; x_wconf 82' lang='grc' dir='ltr'><strong>Ῥωμαϊκοῦ</strong></span> <span class='ocrx_word' id='word_1_44' title='bbox 1515 674 1628 734; x_wconf 81' lang='grc' dir='ltr'>τοῖς</span> <span class='ocrx_word' id='word_1_45' title='bbox 1665 670 1850 742; x_wconf 85' lang='grc' dir='ltr'>γράμ-</span> 
     </span>
    </p>
   </div>
   <div class='ocr_carea' id='block_1_9' title="bbox 250 757 1849 838">
    <p class='ocr_par' dir='ltr' id='par_1_9' title="bbox 250 757 1849 838">
     <span class='ocr_line' id='line_1_9' title="bbox 250 757 1849 838; baseline -0.004 -16"><span class='ocrx_word' id='word_1_46' title='bbox 250 787 425 838; x_wconf 81' lang='grc' dir='ltr'>μασιν</span> <span class='ocrx_word' id='word_1_47' title='bbox 454 768 651 830; x_wconf 78' lang='grc' dir='ltr'>αὐτοὺς</span> <span class='ocrx_word' id='word_1_48' title='bbox 679 765 1042 836; x_wconf 77' lang='grc' dir='ltr'>σεμνύνοντος</span> <span class='ocrx_word' id='word_1_49' title='bbox 1074 757 1336 826; x_wconf 78' lang='grc' dir='ltr'>αἵματος.</span> <span class='ocrx_word' id='word_1_50' title='bbox 1372 763 1539 816; x_wconf 83' lang='grc' dir='ltr'>Ὥστε</span> <span class='ocrx_word' id='word_1_51' title='bbox 1586 763 1647 814; x_wconf 93' lang='grc' dir='ltr'><strong>οὐ</strong></span> <span class='ocrx_word' id='word_1_52' title='bbox 1688 762 1849 833; x_wconf 82' lang='grc' dir='ltr'>μόνον</span> 
     </span>
    </p>
   </div>
   <div class='ocr_carea' id='block_1_10' title="bbox 243 857 1846 937">
    <p class='ocr_par' dir='ltr' id='par_1_10' title="bbox 243 857 1846 937">
     <span class='ocr_line' id='line_1_10' title="bbox 243 857 1846 937; baseline -0.005 -19"><span class='ocrx_word' id='word_1_53' title='bbox 243 865 349 919; x_wconf 87' lang='grc' dir='ltr'><strong>δύο</strong></span> <span class='ocrx_word' id='word_1_54' title='bbox 382 864 665 935; x_wconf 82' lang='grc' dir='ltr'>πατρίδες.</span> <span class='ocrx_word' id='word_1_55' title='bbox 693 865 831 933; x_wconf 83' lang='grc' dir='ltr'>ὅπερ</span> <span class='ocrx_word' id='word_1_56' title='bbox 855 864 1020 929; x_wconf 85' lang='grc' dir='ltr'>αὐτὸς</span> <span class='ocrx_word' id='word_1_57' title='bbox 1054 862 1449 937; x_wconf 75' lang='grc' dir='ltr'>ἀμφισϐητεῖς,</span> <span class='ocrx_word' id='word_1_58' title='bbox 1484 858 1563 928; x_wconf 85' lang='grc' dir='ltr'>τῷ</span> <span class='ocrx_word' id='word_1_59' title='bbox 1591 858 1691 928; x_wconf 87' lang='grc' dir='ltr'><strong>τῆς</strong></span> <span class='ocrx_word' id='word_1_60' title='bbox 1712 857 1846 929; x_wconf 84' lang='grc' dir='ltr'>ἁλη-</span> 
     </span>
    </p>
   </div>
   <div class='ocr_carea' id='block_1_11' title="bbox 245 949 1841 1029">
    <p class='ocr_par' dir='ltr' id='par_1_11' title="bbox 245 949 1841 1029">
     <span class='ocr_line' id='line_1_11' title="bbox 245 949 1841 1029; baseline -0.005 -19"><span class='ocrx_word' id='word_1_61' title='bbox 245 957 407 1020; x_wconf 80' lang='grc' dir='ltr'>Θείας</span> <span class='ocrx_word' id='word_1_62' title='bbox 432 958 780 1029; x_wconf 85' lang='grc' dir='ltr'>εὑρίσκονται</span> <span class='ocrx_word' id='word_1_63' title='bbox 819 958 1016 1028; x_wconf 78' lang='grc' dir='ltr'><strong>ῥήτορι</strong></span> <span class='ocrx_word' id='word_1_64' title='bbox 1050 974 1063 987; x_wconf 73' lang='grc'><strong><em>⁸</em></strong></span> <span class='ocrx_word' id='word_1_65' title='bbox 1104 956 1219 1011; x_wconf 85' lang='grc' dir='ltr'>ἀλλ’</span> <span class='ocrx_word' id='word_1_66' title='bbox 1275 954 1379 1025; x_wconf 78' lang='grc' dir='ltr'><strong>ήδη</strong></span> <span class='ocrx_word' id='word_1_67' title='bbox 1417 950 1558 1022; x_wconf 77' lang='grc' dir='ltr'>πρὸς</span> <span class='ocrx_word' id='word_1_68' title='bbox 1610 949 1841 1013; x_wconf 83' lang='grc' dir='ltr'><strong>ταύταις</strong></span> 
     </span>
    </p>
   </div>
   <div class='ocr_carea' id='block_1_12' title="bbox 244 1041 1845 1120">
    <p class='ocr_par' dir='ltr' id='par_1_12' title="bbox 244 1041 1845 1120">
     <span class='ocr_line' id='line_1_12' title="bbox 244 1041 1845 1120; baseline -0.005 -19"><span class='ocrx_word' id='word_1_69' title='bbox 244 1050 348 1102; x_wconf 76' lang='grc' dir='ltr'><strong>καὶ</strong></span> <span class='ocrx_word' id='word_1_70' title='bbox 374 1051 531 1119; x_wconf 89' lang='grc' dir='ltr'>τρίτη</span> <span class='ocrx_word' id='word_1_71' title='bbox 556 1062 570 1077; x_wconf 87' lang='grc'>⁶</span> <span class='ocrx_word' id='word_1_72' title='bbox 601 1046 679 1102; x_wconf 78' lang='grc' dir='ltr'>ὧν</span> <span class='ocrx_word' id='word_1_73' title='bbox 708 1044 789 1114; x_wconf 77' lang='grc' dir='ltr'>εἷς</span> <span class='ocrx_word' id='word_1_74' title='bbox 823 1050 923 1120; x_wconf 84' lang='grc' dir='ltr'>μὲν</span> <span class='ocrx_word' id='word_1_75' title='bbox 948 1050 1018 1104; x_wconf 84' lang='grc' dir='ltr'><strong>τὰ</strong></span> <span class='ocrx_word' id='word_1_76' title='bbox 1048 1049 1313 1119; x_wconf 78' lang='grc' dir='ltr'><strong>Γίσχαλα,</strong></span> <span class='ocrx_word' id='word_1_77' title='bbox 1343 1047 1402 1097; x_wconf 83' lang='grc' dir='ltr'>ὲν</span> <span class='ocrx_word' id='word_1_78' title='bbox 1430 1047 1498 1115; x_wconf 79' lang='grc' dir='ltr'>τῇ</span> <span class='ocrx_word' id='word_1_79' title='bbox 1524 1042 1705 1114; x_wconf 81' lang='grc' dir='ltr'><strong>μερίδι</strong></span> <span class='ocrx_word' id='word_1_80' title='bbox 1750 1041 1845 1095; x_wconf 73' lang='grc' dir='ltr'>καὶ</span> 
     </span>
    </p>
   </div>
   <div class='ocr_carea' id='block_1_13' title="bbox 240 1136 1845 1214">
    <p class='ocr_par' dir='ltr' id='par_1_13' title="bbox 240 1136 1845 1214">
     <span class='ocr_line' id='line_1_13' title="bbox 240 1136 1845 1214; baseline -0.006 -17"><span class='ocrx_word' id='word_1_81' title='bbox 240 1143 442 1213; x_wconf 83' lang='grc' dir='ltr'>δικαίῳ</span> <span class='ocrx_word' id='word_1_82' title='bbox 470 1145 571 1213; x_wconf 85' lang='grc' dir='ltr'><strong>τῆς</strong></span> <span class='ocrx_word' id='word_1_83' title='bbox 590 1144 971 1214; x_wconf 77' lang='grc' dir='ltr'>Βενιαμίτιδος</span> <span class='ocrx_word' id='word_1_84' title='bbox 998 1144 1174 1214; x_wconf 83' lang='grc' dir='ltr'>φυλῆς</span> <span class='ocrx_word' id='word_1_85' title='bbox 1199 1139 1539 1209; x_wconf 82' lang='grc' dir='ltr'>ἀναφέρεται</span> <span class='ocrx_word' id='word_1_86' title='bbox 1566 1154 1580 1168; x_wconf 78' lang='grc' dir='ltr'><strong><em>ο</em></strong></span> <span class='ocrx_word' id='word_1_87' title='bbox 1624 1137 1675 1189; x_wconf 81' lang='grc' dir='ltr'>οἱ</span> <span class='ocrx_word' id='word_1_88' title='bbox 1698 1136 1845 1205; x_wconf 85' lang='grc' dir='ltr'>Ταρ-</span> 
     </span>
    </p>
   </div>
   <div class='ocr_carea' id='block_1_14' title="bbox 1950 672 3541 749">
    <p class='ocr_par' dir='ltr' id='par_1_14' title="bbox 1950 672 3541 749">
     <span class='ocr_line' id='line_1_14' title="bbox 1950 672 3541 749; baseline 0.003 -21"><span class='ocrx_word' id='word_1_89' title='bbox 1950 672 2289 737; x_wconf 85' lang='lat' dir='ltr'><strong>instituitur,</strong></span> <span class='ocrx_word' id='word_1_90' title='bbox 2349 673 2597 727; x_wconf 87' lang='lat' dir='ltr'><strong>veritatis</strong></span> <span class='ocrx_word' id='word_1_91' title='bbox 2664 673 2740 727; x_wconf 85' lang='lat' dir='ltr'><strong>illi</strong></span> <span class='ocrx_word' id='word_1_92' title='bbox 2796 678 3035 743; x_wconf 66' lang='lat' dir='ltr'><strong>prmconi</strong></span> <span class='ocrx_word' id='word_1_93' title='bbox 3100 679 3541 749; x_wconf 88' lang='lat' dir='ltr'><strong>contingebant;</strong></span> 
     </span>
    </p>
   </div>
   <div class='ocr_carea' id='block_1_15' title="bbox 1948 761 3541 833">
    <p class='ocr_par' dir='ltr' id='par_1_15' title="bbox 1948 761 3541 833">
     <span class='ocr_line' id='line_1_15' title="bbox 1948 761 3541 833; baseline -0.001 -12"><span class='ocrx_word' id='word_1_94' title='bbox 1948 764 2043 821; x_wconf 84' lang='lat' dir='ltr'><strong>sed</strong></span> <span class='ocrx_word' id='word_1_95' title='bbox 2090 771 2211 819; x_wconf 88' lang='lat' dir='ltr'><strong>erat</strong></span> <span class='ocrx_word' id='word_1_96' title='bbox 2265 761 2445 817; x_wconf 86' lang='lat' dir='ltr'><strong>adhuc</strong></span> <span class='ocrx_word' id='word_1_97' title='bbox 2492 762 2686 828; x_wconf 87' lang='lat' dir='ltr'><strong>tertia;</strong></span> <span class='ocrx_word' id='word_1_98' title='bbox 2748 764 2924 832; x_wconf 89' lang='lat' dir='ltr'><strong>prima</strong></span> <span class='ocrx_word' id='word_1_99' title='bbox 2960 782 3176 833; x_wconf 89' lang='lat' dir='ltr'><strong>nempe,</strong></span> <span class='ocrx_word' id='word_1_100' title='bbox 3214 767 3440 823; x_wconf 89' lang='lat' dir='ltr'><strong>Giseala</strong></span> <span class='ocrx_word' id='word_1_101' title='bbox 3486 769 3541 821; x_wconf 91' lang='lat' dir='ltr'><strong>in</strong></span> 
     </span>
    </p>
   </div>
   <div class='ocr_carea' id='block_1_16' title="bbox 1948 852 3540 929">
    <p class='ocr_par' dir='ltr' id='par_1_16' title="bbox 1948 852 3540 929">
     <span class='ocr_line' id='line_1_16' title="bbox 1948 852 3540 929; baseline 0.004 -20"><span class='ocrx_word' id='word_1_102' title='bbox 1948 855 2093 910; x_wconf 84' lang='lat' dir='ltr'><strong>tribu</strong></span> <span class='ocrx_word' id='word_1_103' title='bbox 2155 852 2495 923; x_wconf 82' lang='lat' dir='ltr'><strong>Benjamini;</strong></span> <span class='ocrx_word' id='word_1_104' title='bbox 2558 852 2765 910; x_wconf 86' lang='lat' dir='ltr'><strong>Tarsus</strong></span> <span class='ocrx_word' id='word_1_105' title='bbox 2847 855 3118 913; x_wconf 83' lang='lat' dir='ltr'><strong>beneﬁcio</strong></span> <span class='ocrx_word' id='word_1_106' title='bbox 3169 859 3540 929; x_wconf 83' lang='lat' dir='ltr'><strong>captivitatis;</strong></span> 
     </span>
    </p>
   </div>
   <div class='ocr_carea' id='block_1_17' title="bbox 1948 946 3541 1019">
    <p class='ocr_par' dir='ltr' id='par_1_17' title="bbox 1948 946 3541 1019">
     <span class='ocr_line' id='line_1_17' title="bbox 1948 946 3541 1019; baseline 0.001 -16"><span class='ocrx_word' id='word_1_107' title='bbox 1948 946 2197 1003; x_wconf 80' lang='lat' dir='ltr'><strong>Romana</strong></span> <span class='ocrx_word' id='word_1_108' title='bbox 2259 947 2458 1001; x_wconf 76' lang='lat' dir='ltr'><strong>civntas</strong></span> <span class='ocrx_word' id='word_1_109' title='bbox 2513 962 2611 1015; x_wconf 87' lang='lat' dir='ltr'><strong>per</strong></span> <span class='ocrx_word' id='word_1_110' title='bbox 2656 956 2935 1016; x_wconf 87' lang='lat' dir='ltr'><strong>parentes,</strong></span> <span class='ocrx_word' id='word_1_111' title='bbox 2960 951 3052 1019; x_wconf 90' lang='lat' dir='ltr'><strong>qui</strong></span> <span class='ocrx_word' id='word_1_112' title='bbox 3085 966 3254 1005; x_wconf 89' lang='lat' dir='ltr'><strong>censu</strong></span> <span class='ocrx_word' id='word_1_113' title='bbox 3288 951 3541 1006; x_wconf 77' lang='lat' dir='ltr'><strong>Romano</strong></span> 
     </span>
    </p>
   </div>
   <div class='ocr_carea' id='block_1_18' title="bbox 1948 1040 3541 1113">
    <p class='ocr_par' dir='ltr' id='par_1_18' title="bbox 1948 1040 3541 1113">
     <span class='ocr_line' id='line_1_18' title="bbox 1948 1040 3541 1113; baseline 0.001 -16"><span class='ocrx_word' id='word_1_114' title='bbox 1948 1040 2431 1104; x_wconf 87' lang='lat' dir='ltr'><strong>describebantur,</strong></span> <span class='ocrx_word' id='word_1_115' title='bbox 2460 1055 2583 1109; x_wconf 65' lang='lat' dir='ltr'><strong>quae</strong></span> <span class='ocrx_word' id='word_1_116' title='bbox 2611 1040 2848 1110; x_wconf 80' lang='lat' dir='ltr'><strong>dignitas</strong></span> <span class='ocrx_word' id='word_1_117' title='bbox 2877 1056 2975 1113; x_wconf 87' lang='lat' dir='ltr'><strong>per</strong></span> <span class='ocrx_word' id='word_1_118' title='bbox 3009 1053 3213 1098; x_wconf 86' lang='lat' dir='ltr'><strong>sortem</strong></span> <span class='ocrx_word' id='word_1_119' title='bbox 3257 1054 3541 1113; x_wconf 76' lang='lat' dir='ltr'><strong>paternam</strong></span> 
     </span>
    </p>
   </div>
   <div class='ocr_carea' id='block_1_19' title="bbox 1951 1129 2513 1187">
    <p class='ocr_par' dir='ltr' id='par_1_19' title="bbox 1951 1129 2513 1187">
     <span class='ocr_line' id='line_1_19' title="bbox 1951 1129 2513 1187; baseline -0.007 0"><span class='ocrx_word' id='word_1_120' title='bbox 1951 1131 2017 1187; x_wconf 87' lang='lat' dir='ltr'><strong>ad</strong></span> <span class='ocrx_word' id='word_1_121' title='bbox 2043 1130 2195 1185; x_wconf 88' lang='lat' dir='ltr'><strong>illum</strong></span> <span class='ocrx_word' id='word_1_122' title='bbox 2221 1129 2513 1185; x_wconf 78' lang='lat' dir='ltr'><strong>transibat.</strong></span> 
     </span>
    </p>
   </div>
   <div class='ocr_carea' id='block_1_20' title="bbox 242 1222 3541 1308">
    <p class='ocr_par' dir='ltr' id='par_1_20' title="bbox 242 1222 3541 1308">
     <span class='ocr_line' id='line_1_20' title="bbox 242 1222 3541 1308; baseline -0.003 -21"><span class='ocrx_word' id='word_1_123' title='bbox 242 1237 334 1287; x_wconf 71' lang='grc' dir='ltr'>σοὶ</span> <span class='ocrx_word' id='word_1_124' title='bbox 371 1236 427 1289; x_wconf 85' lang='grc' dir='ltr'>δὲ</span> <span class='ocrx_word' id='word_1_125' title='bbox 459 1238 559 1305; x_wconf 84' lang='grc' dir='ltr'><strong>τῆς</strong></span> <span class='ocrx_word' id='word_1_126' title='bbox 592 1236 976 1307; x_wconf 75' lang='grc' dir='ltr'>αἰχμαλωσίας</span> <span class='ocrx_word' id='word_1_127' title='bbox 995 1237 1177 1308; x_wconf 81' lang='grc' dir='ltr'>δῶρον</span> <span class='ocrx_word' id='word_1_128' title='bbox 1217 1236 1470 1303; x_wconf 75' lang='grc' dir='ltr'>ἐγένοντο</span> <span class='ocrx_word' id='word_1_129' title='bbox 1496 1246 1512 1260; x_wconf 81' lang='lat'><strong>&#39;</strong></span> <span class='ocrx_word' id='word_1_130' title='bbox 1558 1230 1832 1299; x_wconf 82' lang='grc' dir='ltr'>Ῥωμαῖον</span> <span class='ocrx_word' id='word_1_131' title='bbox 1871 1224 1929 1278; x_wconf 84' lang='grc' dir='ltr'>δὲ</span> <span class='ocrx_word' id='word_1_132' title='bbox 1978 1223 2089 1278; x_wconf 84' lang='grc' dir='ltr'><strong>τῶν</strong></span> <span class='ocrx_word' id='word_1_133' title='bbox 2155 1222 2429 1279; x_wconf 79' lang='grc' dir='ltr'>τεκόντων</span> <span class='ocrx_word' id='word_1_134' title='bbox 2468 1224 2501 1293; x_wconf 88' lang='grc' dir='ltr'><strong>ή</strong></span> <span class='ocrx_word' id='word_1_135' title='bbox 2558 1223 2639 1287; x_wconf 84' lang='grc' dir='ltr'><strong>είς</strong></span> <span class='ocrx_word' id='word_1_136' title='bbox 2678 1223 2804 1287; x_wconf 86' lang='grc' dir='ltr'>τοὺς</span> <span class='ocrx_word' id='word_1_137' title='bbox 2866 1222 3174 1295; x_wconf 79' lang='grc' dir='ltr'>Ῥωμαίους</span> <span class='ocrx_word' id='word_1_138' title='bbox 3242 1224 3541 1295; x_wconf 81' lang='grc' dir='ltr'>ἀναγραφὴ</span> 
     </span>
    </p>
   </div>
   <div class='ocr_carea' id='block_1_21' title="bbox 235 1317 2319 1399">
    <p class='ocr_par' dir='ltr' id='par_1_21' title="bbox 235 1317 2319 1399">
     <span class='ocr_line' id='line_1_21' title="bbox 235 1317 2319 1399; baseline -0.005 -18"><span class='ocrx_word' id='word_1_139' title='bbox 235 1330 411 1394; x_wconf 80' lang='grc' dir='ltr'>ποιεῖ,</span> <span class='ocrx_word' id='word_1_140' title='bbox 440 1331 534 1382; x_wconf 79' lang='grc' dir='ltr'><strong>καὶ</strong></span> <span class='ocrx_word' id='word_1_141' title='bbox 560 1330 621 1385; x_wconf 83' lang='grc' dir='ltr'><strong>τὸ</strong></span> <span class='ocrx_word' id='word_1_142' title='bbox 651 1332 922 1399; x_wconf 75' lang='grc' dir='ltr'>πατρικὸν</span> <span class='ocrx_word' id='word_1_143' title='bbox 943 1331 1035 1384; x_wconf 84' lang='grc' dir='ltr'><strong>διά</strong></span> <span class='ocrx_word' id='word_1_144' title='bbox 1060 1329 1156 1384; x_wconf 81' lang='grc' dir='ltr'><strong>τοῦ</strong></span> <span class='ocrx_word' id='word_1_145' title='bbox 1188 1330 1395 1399; x_wconf 84' lang='grc' dir='ltr'>κλήρου</span> <span class='ocrx_word' id='word_1_146' title='bbox 1436 1324 1715 1380; x_wconf 77' lang='grc' dir='ltr'>διαϐαῖνον</span> <span class='ocrx_word' id='word_1_147' title='bbox 1762 1322 1843 1385; x_wconf 84' lang='grc' dir='ltr'><strong>εἰς</strong></span> <span class='ocrx_word' id='word_1_148' title='bbox 1881 1317 2046 1374; x_wconf 80' lang='grc' dir='ltr'>αὐτὸν</span> <span class='ocrx_word' id='word_1_149' title='bbox 2078 1317 2319 1387; x_wconf 80' lang='grc' dir='ltr'>ἀξίωμα.</span> 
     </span>
    </p>
   </div>
   <div class='ocr_carea' id='block_1_22' title="bbox 781 1443 1294 1501">
    <p class='ocr_par' dir='ltr' id='par_1_22' title="bbox 781 1443 1294 1501">
     <span class='ocr_line' id='line_1_22' title="bbox 781 1443 1294 1501; baseline 0.004 -3"><span class='ocrx_word' id='word_1_150' title='bbox 781 1446 1117 1498; x_wconf 79' lang='grc' dir='ltr'><strong>ΕΡΩΊῊΣΙΣ</strong></span> <span class='ocrx_word' id='word_1_151' title='bbox 1147 1443 1294 1501; x_wconf 84' lang='lat' dir='ltr'><strong>PIZ&#39;.</strong></span> 
     </span>
    </p>
   </div>
   <div class='ocr_carea' id='block_1_23' title="bbox 614 1534 1484 1604">
    <p class='ocr_par' dir='ltr' id='par_1_23' title="bbox 614 1534 1484 1604">
     <span class='ocr_line' id='line_1_23' title="bbox 614 1534 1484 1604; baseline -0.005 -13"><span class='ocrx_word' id='word_1_152' title='bbox 614 1536 686 1591; x_wconf 82' lang='grc' dir='ltr'><em>Ἠ</em></span> <span class='ocrx_word' id='word_1_153' title='bbox 706 1536 862 1603; x_wconf 71' lang='grc' dir='ltr'>αὑτὴ</span> <span class='ocrx_word' id='word_1_154' title='bbox 892 1536 1113 1604; x_wconf 81' lang='grc' dir='ltr'>ἀπορία</span> <span class='ocrx_word' id='word_1_155' title='bbox 1148 1535 1249 1589; x_wconf 76' lang='grc' dir='ltr'><strong>καί</strong></span> <span class='ocrx_word' id='word_1_156' title='bbox 1283 1534 1484 1599; x_wconf 80' lang='grc' dir='ltr'>λύσις.</span> 
     </span>
    </p>
   </div>
   <div class='ocr_carea' id='block_1_24' title="bbox 2086 1428 3392 1502">
    <p class='ocr_par' dir='ltr' id='par_1_24' title="bbox 2086 1428 3392 1502">
     <span class='ocr_line' id='line_1_24' title="bbox 2086 1428 3392 1502; baseline -0.004 -15"><span class='ocrx_word' id='word_1_157' title='bbox 2086 1428 2418 1498; x_wconf 75' lang='grc' dir='ltr'>ρωΕετιο</span> <span class='ocrx_word' id='word_1_158' title='bbox 2448 1429 2663 1485; x_wconf 80' lang='lat' dir='ltr'><strong>exvu.</strong></span> <span class='ocrx_word' id='word_1_159' title='bbox 2698 1429 2890 1502; x_wconf 80' lang='lat' dir='ltr'><strong>[CoisL</strong></span> <span class='ocrx_word' id='word_1_160' title='bbox 2920 1428 3244 1501; x_wconf 58' lang='lat' dir='ltr'><strong>cxxxrxq</strong></span> <span class='ocrx_word' id='word_1_161' title='bbox 3276 1428 3392 1501; x_wconf 75' lang='lat'><strong>(&#39;21)</strong></span> 
     </span>
    </p>
   </div>
   <div class='ocr_carea' id='block_1_25' title="bbox 2332 1522 3154 1578">
    <p class='ocr_par' dir='ltr' id='par_1_25' title="bbox 2332 1522 3154 1578">
     <span class='ocr_line' id='line_1_25' title="bbox 2332 1522 3154 1578; baseline 0.002 -2"><span class='ocrx_word' id='word_1_162' title='bbox 2332 1522 2536 1578; x_wconf 80' lang='lat' dir='ltr'><strong>Eadem</strong></span> <span class='ocrx_word' id='word_1_163' title='bbox 2562 1524 2830 1577; x_wconf 77' lang='lat' dir='ltr'><strong>dubitatio</strong></span> <span class='ocrx_word' id='word_1_164' title='bbox 2860 1534 2911 1577; x_wconf 89' lang='lat' dir='ltr'><strong>et</strong></span> <span class='ocrx_word' id='word_1_165' title='bbox 2938 1523 3154 1578; x_wconf 79' lang='lat' dir='ltr'><strong>solutio.</strong></span> 
     </span>
    </p>
   </div>
   <div class='ocr_carea' id='block_1_26' title="bbox 1124 1638 2643 1704">
    <p class='ocr_par' dir='ltr' id='par_1_26' title="bbox 1124 1638 2643 1704">
     <span class='ocr_line' id='line_1_26' title="bbox 1124 1638 2643 1704; baseline -0.008 -7"><span class='ocrx_word' id='word_1_166' title='bbox 1124 1646 1266 1697; x_wconf 83' lang='lat' dir='ltr'><strong>Edita</strong></span> <span class='ocrx_word' id='word_1_167' title='bbox 1293 1662 1318 1696; x_wconf 92' lang='lat' dir='ltr'><strong>a</strong></span> <span class='ocrx_word' id='word_1_168' title='bbox 1345 1645 1646 1695; x_wconf 82' lang='lat' dir='ltr'><strong>Montacutio</strong></span> <span class='ocrx_word' id='word_1_169' title='bbox 1670 1642 1777 1704; x_wconf 86' lang='lat' dir='ltr'><strong>(ep.</strong></span> <span class='ocrx_word' id='word_1_170' title='bbox 1800 1638 1915 1697; x_wconf 68' lang='grc'><strong>247,</strong></span> <span class='ocrx_word' id='word_1_171' title='bbox 1940 1638 1999 1686; x_wconf 85' lang='lat' dir='ltr'><strong>ad</strong></span> <span class='ocrx_word' id='word_1_172' title='bbox 2026 1638 2278 1699; x_wconf 88' lang='lat' dir='ltr'><strong>eumdem,</strong></span> <span class='ocrx_word' id='word_1_173' title='bbox 2302 1650 2353 1698; x_wconf 90' lang='lat' dir='ltr'><strong>p.</strong></span> <span class='ocrx_word' id='word_1_174' title='bbox 2377 1638 2487 1698; x_wconf 75' lang='lat'><strong>578,</strong></span> <span class='ocrx_word' id='word_1_175' title='bbox 2509 1638 2643 1699; x_wconf 75' lang='lat'><strong>280).</strong></span> 
     </span>
    </p>
   </div>
   <div class='ocr_carea' id='block_1_27' title="bbox 316 1723 1846 1813">
    <p class='ocr_par' dir='ltr' id='par_1_27' title="bbox 316 1732 1829 1805">
     <span class='ocr_line' id='line_1_27' title="bbox 316 1732 1829 1805; baseline 0.004 -20"><span class='ocrx_word' id='word_1_176' title='bbox 316 1733 532 1805; x_wconf 82' lang='grc' dir='ltr'>Ὠσπερ</span> <span class='ocrx_word' id='word_1_177' title='bbox 580 1735 608 1787; x_wconf 99' lang='lat'><strong>6</strong></span> <span class='ocrx_word' id='word_1_178' title='bbox 640 1734 852 1798; x_wconf 83' lang='grc' dir='ltr'>κλεινὸς</span> <span class='ocrx_word' id='word_1_179' title='bbox 893 1734 1208 1805; x_wconf 80' lang='grc' dir='ltr'>Βαρνάϐας,</span> <span class='ocrx_word' id='word_1_180' title='bbox 1260 1736 1321 1789; x_wconf 83' lang='grc' dir='ltr'><strong>τὸ</strong></span> <span class='ocrx_word' id='word_1_181' title='bbox 1367 1736 1468 1805; x_wconf 84' lang='grc' dir='ltr'><strong>τῆς</strong></span> <span class='ocrx_word' id='word_1_182' title='bbox 1523 1732 1829 1804; x_wconf 80' lang='grc' dir='ltr'>πραότητος</span> 
     </span>
    </p>
   </div>
   <div class='ocr_carea' id='block_1_28' title="bbox 1933 1723 3531 1813">
    <p class='ocr_par' dir='ltr' id='par_1_28' title="bbox 2003 1723 3531 1796">
     <span class='ocr_line' id='line_1_28' title="bbox 2003 1723 3531 1796; baseline -0.001 -17"><span class='ocrx_word' id='word_1_183' title='bbox 2003 1727 2478 1793; x_wconf 81' lang='lat' dir='ltr'><strong>Quemadmodum</strong></span> <span class='ocrx_word' id='word_1_184' title='bbox 2538 1726 2839 1796; x_wconf 65' lang='lat' dir='ltr'><strong>praeclarus</strong></span> <span class='ocrx_word' id='word_1_185' title='bbox 2884 1723 2975 1779; x_wconf 89' lang='lat' dir='ltr'><strong>ille</strong></span> <span class='ocrx_word' id='word_1_186' title='bbox 3006 1723 3312 1787; x_wconf 83' lang='lat' dir='ltr'><strong>Barnabas,</strong></span> <span class='ocrx_word' id='word_1_187' title='bbox 3350 1724 3531 1778; x_wconf 84' lang='lat' dir='ltr'><strong>comi—</strong></span> 
     </span>
    </p>
   </div>
   <div class='ocr_carea' id='block_1_29' title="bbox 230 1820 1831 1895">
    <p class='ocr_par' dir='ltr' id='par_1_29' title="bbox 230 1820 1831 1895">
     <span class='ocr_line' id='line_1_29' title="bbox 230 1820 1831 1895; baseline -0.004 -15"><span class='ocrx_word' id='word_1_188' title='bbox 230 1828 335 1880; x_wconf 70' lang='grc' dir='ltr'><strong>καὶ</strong></span> <span class='ocrx_word' id='word_1_189' title='bbox 370 1826 717 1895; x_wconf 78' lang='grc' dir='ltr'>συμπαθείας</span> <span class='ocrx_word' id='word_1_190' title='bbox 752 1826 827 1889; x_wconf 83' lang='grc' dir='ltr'>ὡς</span> <span class='ocrx_word' id='word_1_191' title='bbox 857 1827 1074 1895; x_wconf 81' lang='grc' dir='ltr'>άληθῶς</span> <span class='ocrx_word' id='word_1_192' title='bbox 1114 1826 1332 1891; x_wconf 88' lang='grc' dir='ltr'>σκεῦος,</span> <span class='ocrx_word' id='word_1_193' title='bbox 1368 1826 1565 1895; x_wconf 77' lang='grc' dir='ltr'>αἵματι</span> <span class='ocrx_word' id='word_1_194' title='bbox 1622 1820 1831 1893; x_wconf 86' lang='grc' dir='ltr'>προγό-</span> 
     </span>
    </p>
   </div>
   <div class='ocr_carea' id='block_1_30' title="bbox 229 1914 1836 1989">
    <p class='ocr_par' dir='ltr' id='par_1_30' title="bbox 229 1914 1836 1989">
     <span class='ocr_line' id='line_1_30' title="bbox 229 1914 1836 1989; baseline -0.002 -21"><span class='ocrx_word' id='word_1_195' title='bbox 229 1934 348 1971; x_wconf 86' lang='grc' dir='ltr'><strong>νων</strong></span> <span class='ocrx_word' id='word_1_196' title='bbox 426 1918 679 1980; x_wconf 82' lang='grc' dir='ltr'>Ἰουδαῖος</span> <span class='ocrx_word' id='word_1_197' title='bbox 731 1916 829 1981; x_wconf 81' lang='grc' dir='ltr'>ὢν,</span> <span class='ocrx_word' id='word_1_198' title='bbox 873 1919 1123 1989; x_wconf 86' lang='grc' dir='ltr'>Κύπριον</span> <span class='ocrx_word' id='word_1_199' title='bbox 1170 1918 1233 1971; x_wconf 84' lang='grc' dir='ltr'>τὸ</span> <span class='ocrx_word' id='word_1_200' title='bbox 1272 1918 1383 1970; x_wconf 75' lang='grc' dir='ltr'>ἀπὸ</span> <span class='ocrx_word' id='word_1_201' title='bbox 1416 1917 1519 1985; x_wconf 86' lang='grc' dir='ltr'><strong>τῆς</strong></span> <span class='ocrx_word' id='word_1_202' title='bbox 1573 1914 1836 1986; x_wconf 83' lang='grc' dir='ltr'>πατρίδος</span> 
     </span>
    </p>
   </div>
   <div class='ocr_carea' id='block_1_31' title="bbox 229 2004 1835 2079">
    <p class='ocr_par' dir='ltr' id='par_1_31' title="bbox 229 2004 1835 2079">
     <span class='ocr_line' id='line_1_31' title="bbox 229 2004 1835 2079; baseline -0.002 -17"><span class='ocrx_word' id='word_1_203' title='bbox 229 2004 392 2062; x_wconf 76' lang='grc' dir='ltr'>εἷλκε</span> <span class='ocrx_word' id='word_1_204' title='bbox 425 2008 619 2077; x_wconf 85' lang='grc' dir='ltr'>γένος·</span> <span class='ocrx_word' id='word_1_205' title='bbox 656 2011 751 2063; x_wconf 74' lang='grc' dir='ltr'><strong>καὶ</strong></span> <span class='ocrx_word' id='word_1_206' title='bbox 784 2012 812 2062; x_wconf 95' lang='lat'><strong>6</strong></span> <span class='ocrx_word' id='word_1_207' title='bbox 848 2010 1031 2079; x_wconf 82' lang='grc' dir='ltr'>λόγιος</span> <span class='ocrx_word' id='word_1_208' title='bbox 1079 2010 1377 2073; x_wconf 81' lang='grc' dir='ltr'>’Λπολλὼς,</span> <span class='ocrx_word' id='word_1_209' title='bbox 1424 2012 1453 2063; x_wconf 91' lang='lat'><strong>6</strong></span> <span class='ocrx_word' id='word_1_210' title='bbox 1500 2009 1578 2079; x_wconf 84' lang='grc' dir='ltr'>τῷ</span> <span class='ocrx_word' id='word_1_211' title='bbox 1624 2006 1835 2078; x_wconf 88' lang='grc' dir='ltr'>κηρύγ-</span> 
     </span>
    </p>
   </div>
   <div class='ocr_carea' id='block_1_32' title="bbox 234 2099 1833 2171">
    <p class='ocr_par' dir='ltr' id='par_1_32' title="bbox 234 2099 1833 2171">
     <span class='ocr_line' id='line_1_32' title="bbox 234 2099 1833 2171; baseline -0.002 -19"><span class='ocrx_word' id='word_1_212' title='bbox 234 2117 373 2169; x_wconf 84' lang='grc' dir='ltr'>ματι</span> <span class='ocrx_word' id='word_1_213' title='bbox 415 2101 515 2167; x_wconf 85' lang='grc' dir='ltr'>τὴν</span> <span class='ocrx_word' id='word_1_214' title='bbox 564 2102 802 2169; x_wconf 79' lang='grc' dir='ltr'>Ἔφεσον</span> <span class='ocrx_word' id='word_1_215' title='bbox 827 2101 1062 2171; x_wconf 84' lang='grc' dir='ltr'>φθάσας,</span> <span class='ocrx_word' id='word_1_216' title='bbox 1127 2102 1222 2156; x_wconf 76' lang='grc' dir='ltr'>καὶ</span> <span class='ocrx_word' id='word_1_217' title='bbox 1256 2101 1395 2169; x_wconf 82' lang='grc' dir='ltr'>πρὸς</span> <span class='ocrx_word' id='word_1_218' title='bbox 1436 2101 1538 2170; x_wconf 83' lang='grc' dir='ltr'>τὴν</span> <span class='ocrx_word' id='word_1_219' title='bbox 1606 2099 1833 2168; x_wconf 78' lang='grc' dir='ltr'>Ἀχαΐαν</span> 
     </span>
    </p>
   </div>
   <div class='ocr_carea' id='block_1_33' title="bbox 194 2189 1831 2263">
    <p class='ocr_par' dir='ltr' id='par_1_33' title="bbox 194 2189 1831 2263">
     <span class='ocr_line' id='line_1_33' title="bbox 194 2189 1831 2263; baseline -0.002 -20"><span class='ocrx_word' id='word_1_220' title='bbox 194 2190 455 2253; x_wconf 76' lang='grc' dir='ltr'>-διαὸὰς,</span> <span class='ocrx_word' id='word_1_221' title='bbox 502 2190 803 2261; x_wconf 79' lang='grc' dir='ltr'>Ἰουδαϊκῆς</span> <span class='ocrx_word' id='word_1_222' title='bbox 835 2192 1102 2263; x_wconf 85' lang='grc' dir='ltr'>ὑπάρχων</span> <span class='ocrx_word' id='word_1_223' title='bbox 1131 2192 1330 2263; x_wconf 82' lang='grc' dir='ltr'>φυλῆς,</span> <span class='ocrx_word' id='word_1_224' title='bbox 1384 2192 1485 2244; x_wconf 81' lang='grc' dir='ltr'><strong>ὅσα</strong></span> <span class='ocrx_word' id='word_1_225' title='bbox 1550 2191 1630 2252; x_wconf 86' lang='grc' dir='ltr'><strong>είς</strong></span> <span class='ocrx_word' id='word_1_226' title='bbox 1670 2189 1831 2257; x_wconf 85' lang='grc' dir='ltr'>φύσιν</span> 
     </span>
    </p>
   </div>
   <div class='ocr_carea' id='block_1_34' title="bbox 230 2280 1830 2354">
    <p class='ocr_par' dir='ltr' id='par_1_34' title="bbox 230 2280 1830 2354">
     <span class='ocr_line' id='line_1_34' title="bbox 230 2280 1830 2354; baseline -0.001 -21"><span class='ocrx_word' id='word_1_227' title='bbox 230 2282 572 2351; x_wconf 79' lang='grc' dir='ltr'>ἀναφέρεται</span> <span class='ocrx_word' id='word_1_228' title='bbox 601 2282 712 2334; x_wconf 81' lang='grc' dir='ltr'><strong>τῶν</strong></span> <span class='ocrx_word' id='word_1_229' title='bbox 758 2283 1205 2354; x_wconf 82' lang='grc' dir='ltr'>γεννησαμένων,</span> <span class='ocrx_word' id='word_1_230' title='bbox 1240 2284 1329 2338; x_wconf 84' lang='grc' dir='ltr'>διὰ</span> <span class='ocrx_word' id='word_1_231' title='bbox 1380 2287 1480 2353; x_wconf 86' lang='grc' dir='ltr'><strong>τῆς</strong></span> <span class='ocrx_word' id='word_1_232' title='bbox 1534 2280 1830 2351; x_wconf 73' lang='grc' dir='ltr'>παροικίας</span> 
     </span>
    </p>
   </div>
   <div class='ocr_carea' id='block_1_35' title="bbox 230 2371 1830 2447">
    <p class='ocr_par' dir='ltr' id='par_1_35' title="bbox 230 2371 1830 2447">
     <span class='ocr_line' id='line_1_35' title="bbox 230 2371 1830 2447; baseline -0.002 -21"><span class='ocrx_word' id='word_1_233' title='bbox 230 2373 338 2442; x_wconf 84' lang='grc' dir='ltr'><strong>τὴν</strong></span> <span class='ocrx_word' id='word_1_234' title='bbox 381 2373 794 2444; x_wconf 82' lang='grc' dir='ltr'>Ἀλεξάνδρειαν</span> <span class='ocrx_word' id='word_1_235' title='bbox 841 2377 1191 2445; x_wconf 75' lang='grc' dir='ltr'>ἐπεγράφετο</span> <span class='ocrx_word' id='word_1_236' title='bbox 1240 2375 1475 2447; x_wconf 84' lang='grc' dir='ltr'>πατρίδα</span> <span class='ocrx_word' id='word_1_237' title='bbox 1503 2391 1515 2405; x_wconf 79' lang='grc'><em>’</em></span> <span class='ocrx_word' id='word_1_238' title='bbox 1548 2372 1691 2426; x_wconf 76' lang='grc' dir='ltr'>οὕτω</span> <span class='ocrx_word' id='word_1_239' title='bbox 1734 2371 1830 2425; x_wconf 73' lang='grc' dir='ltr'><strong>καὶ</strong></span> 
     </span>
    </p>
   </div>
   <div class='ocr_carea' id='block_1_36' title="bbox 229 2464 1829 2534">
    <p class='ocr_par' dir='ltr' id='par_1_36' title="bbox 229 2464 1829 2534">
     <span class='ocr_line' id='line_1_36' title="bbox 229 2464 1829 2534; baseline -0.001 -18"><span class='ocrx_word' id='word_1_240' title='bbox 229 2465 263 2516; x_wconf 91' lang='lat'><strong>6</strong></span> <span class='ocrx_word' id='word_1_241' title='bbox 309 2464 452 2534; x_wconf 76' lang='grc' dir='ltr'>ἱερὸς</span> <span class='ocrx_word' id='word_1_242' title='bbox 484 2464 721 2529; x_wconf 83' lang='grc' dir='ltr'>Παῦλος,</span> <span class='ocrx_word' id='word_1_243' title='bbox 754 2464 814 2528; x_wconf 81' lang='grc' dir='ltr'>ἐξ</span> <span class='ocrx_word' id='word_1_244' title='bbox 849 2466 1125 2520; x_wconf 84' lang='grc' dir='ltr'>Ἰουδαίων</span> <span class='ocrx_word' id='word_1_245' title='bbox 1172 2484 1231 2520; x_wconf 91' lang='grc' dir='ltr'><strong>τε</strong></span> <span class='ocrx_word' id='word_1_246' title='bbox 1266 2467 1392 2534; x_wconf 77' lang='grc' dir='ltr'>φὺς,</span> <span class='ocrx_word' id='word_1_247' title='bbox 1454 2465 1549 2519; x_wconf 78' lang='grc' dir='ltr'><strong>καὶ</strong></span> <span class='ocrx_word' id='word_1_248' title='bbox 1596 2467 1678 2526; x_wconf 84' lang='grc' dir='ltr'><strong>είς</strong></span> <span class='ocrx_word' id='word_1_249' title='bbox 1731 2464 1829 2534; x_wconf 81' lang='grc' dir='ltr'>τὴν</span> 
     </span>
    </p>
   </div>
   <div class='ocr_carea' id='block_1_37' title="bbox 232 2557 1829 2630">
    <p class='ocr_par' dir='ltr' id='par_1_37' title="bbox 232 2557 1829 2630">
     <span class='ocr_line' id='line_1_37' title="bbox 232 2557 1829 2630; baseline -0.001 -21"><span class='ocrx_word' id='word_1_250' title='bbox 232 2557 590 2626; x_wconf 79' lang='grc' dir='ltr'>Βενιαμίτιδα</span> <span class='ocrx_word' id='word_1_251' title='bbox 618 2557 791 2628; x_wconf 86' lang='grc' dir='ltr'>φυλὴν</span> <span class='ocrx_word' id='word_1_252' title='bbox 823 2559 1155 2629; x_wconf 86' lang='grc' dir='ltr'>ἀνηγμένος,</span> <span class='ocrx_word' id='word_1_253' title='bbox 1192 2559 1443 2630; x_wconf 69' lang='grc' dir='ltr'>Ταρσοὺς</span> <span class='ocrx_word' id='word_1_254' title='bbox 1496 2558 1606 2610; x_wconf 83' lang='grc' dir='ltr'>τῶν</span> <span class='ocrx_word' id='word_1_255' title='bbox 1638 2557 1829 2609; x_wconf 84' lang='grc' dir='ltr'>τεκόν-</span> 
     </span>
    </p>
   </div>
   <div class='ocr_carea' id='block_1_38' title="bbox 231 2648 1828 2719">
    <p class='ocr_par' dir='ltr' id='par_1_38' title="bbox 231 2648 1828 2719">
     <span class='ocr_line' id='line_1_38' title="bbox 231 2648 1828 2719; baseline -0.001 -18"><span class='ocrx_word' id='word_1_256' title='bbox 231 2667 349 2701; x_wconf 86' lang='grc' dir='ltr'><strong>των</strong></span> <span class='ocrx_word' id='word_1_257' title='bbox 370 2648 467 2719; x_wconf 75' lang='grc' dir='ltr'>τὴν</span> <span class='ocrx_word' id='word_1_258' title='bbox 507 2649 789 2718; x_wconf 79' lang='grc' dir='ltr'>Ἑλληνίδα</span> <span class='ocrx_word' id='word_1_259' title='bbox 814 2649 971 2702; x_wconf 89' lang='grc' dir='ltr'>πόλιν</span> <span class='ocrx_word' id='word_1_260' title='bbox 1000 2649 1394 2719; x_wconf 83' lang='grc' dir='ltr'>ὲπῳκηκότων,</span> <span class='ocrx_word' id='word_1_261' title='bbox 1422 2649 1693 2717; x_wconf 74' lang='grc' dir='ltr'>ἐκτήσατο</span> <span class='ocrx_word' id='word_1_262' title='bbox 1722 2664 1828 2700; x_wconf 86' lang='grc' dir='ltr'>πα-</span> 
     </span>
    </p>
   </div>
   <div class='ocr_carea' id='block_1_39' title="bbox 228 2737 1829 2811">
    <p class='ocr_par' dir='ltr' id='par_1_39' title="bbox 228 2737 1829 2811">
     <span class='ocr_line' id='line_1_39' title="bbox 228 2737 1829 2811; baseline -0.002 -17"><span class='ocrx_word' id='word_1_263' title='bbox 228 2740 413 2811; x_wconf 83' lang='grc' dir='ltr'>τρίδα.</span> <span class='ocrx_word' id='word_1_264' title='bbox 439 2741 651 2810; x_wconf 82' lang='grc' dir='ltr'>’Ὠσπερ</span> <span class='ocrx_word' id='word_1_265' title='bbox 673 2740 731 2793; x_wconf 78' lang='grc' dir='ltr'>δὲ</span> <span class='ocrx_word' id='word_1_266' title='bbox 757 2741 920 2793; x_wconf 86' lang='grc' dir='ltr'>πάλιν</span> <span class='ocrx_word' id='word_1_267' title='bbox 946 2741 974 2792; x_wconf 90' lang='grc' dir='ltr'>ὁ</span> <span class='ocrx_word' id='word_1_268' title='bbox 992 2740 1292 2811; x_wconf 81' lang='grc' dir='ltr'>χιλίαρχος,</span> <span class='ocrx_word' id='word_1_269' title='bbox 1321 2740 1408 2793; x_wconf 83' lang='grc' dir='ltr'><strong>διὰ</strong></span> <span class='ocrx_word' id='word_1_270' title='bbox 1435 2741 1533 2809; x_wconf 83' lang='grc' dir='ltr'>μὲν</span> <span class='ocrx_word' id='word_1_271' title='bbox 1557 2738 1666 2791; x_wconf 85' lang='grc' dir='ltr'><strong>τῶν</strong></span> <span class='ocrx_word' id='word_1_272' title='bbox 1695 2737 1829 2807; x_wconf 84' lang='grc' dir='ltr'>φύν-</span> 
     </span>
    </p>
   </div>
   <div class='ocr_carea' id='block_1_40' title="bbox 229 2828 1826 2903">
    <p class='ocr_par' dir='ltr' id='par_1_40' title="bbox 229 2828 1826 2903">
     <span class='ocr_line' id='line_1_40' title="bbox 229 2828 1826 2903; baseline -0.001 -20"><span class='ocrx_word' id='word_1_273' title='bbox 229 2848 348 2884; x_wconf 85' lang='grc' dir='ltr'><strong>των</strong></span> <span class='ocrx_word' id='word_1_274' title='bbox 368 2831 464 2884; x_wconf 78' lang='grc' dir='ltr'><strong>καὶ</strong></span> <span class='ocrx_word' id='word_1_275' title='bbox 490 2830 593 2900; x_wconf 85' lang='grc' dir='ltr'><strong>τῆς</strong></span> <span class='ocrx_word' id='word_1_276' title='bbox 620 2830 976 2899; x_wconf 80' lang='grc' dir='ltr'>ἐνεγκούσης,</span> <span class='ocrx_word' id='word_1_277' title='bbox 1011 2831 1086 2894; x_wconf 82' lang='grc' dir='ltr'><strong>ὡς</strong></span> <span class='ocrx_word' id='word_1_278' title='bbox 1146 2831 1490 2903; x_wconf 73' lang='grc' dir='ltr'>πορρωτάτω</span> <span class='ocrx_word' id='word_1_279' title='bbox 1552 2828 1645 2881; x_wconf 89' lang='grc' dir='ltr'><strong>τοῦ</strong></span> <span class='ocrx_word' id='word_1_280' title='bbox 1690 2828 1826 2882; x_wconf 86' lang='grc' dir='ltr'><strong>Ῥω-</strong></span> 
     </span>
    </p>
   </div>
   <div class='ocr_carea' id='block_1_41' title="bbox 238 2916 1827 2992">
    <p class='ocr_par' dir='ltr' id='par_1_41' title="bbox 238 2916 1827 2992">
     <span class='ocr_line' id='line_1_41' title="bbox 238 2916 1827 2992; baseline -0.003 -18"><span class='ocrx_word' id='word_1_281' title='bbox 238 2920 442 2992; x_wconf 84' lang='grc' dir='ltr'>μαϊκοῦ</span> <span class='ocrx_word' id='word_1_282' title='bbox 472 2920 715 2974; x_wconf 86' lang='grc' dir='ltr'>διίστατο</span> <span class='ocrx_word' id='word_1_283' title='bbox 750 2920 943 2989; x_wconf 82' lang='grc' dir='ltr'>γένους</span> <span class='ocrx_word' id='word_1_284' title='bbox 968 2935 981 2948; x_wconf 94' lang='grc'><strong>·</strong></span> <span class='ocrx_word' id='word_1_285' title='bbox 1004 2919 1255 2989; x_wconf 85' lang='grc' dir='ltr'>χρήμασι</span> <span class='ocrx_word' id='word_1_286' title='bbox 1278 2919 1356 2975; x_wconf 82' lang='grc' dir='ltr'>δὲ.</span> <span class='ocrx_word' id='word_1_287' title='bbox 1386 2919 1461 2980; x_wconf 85' lang='grc' dir='ltr'>ὡς</span> <span class='ocrx_word' id='word_1_288' title='bbox 1488 2916 1651 2978; x_wconf 74' lang='grc' dir='ltr'>αὐτὸς</span> <span class='ocrx_word' id='word_1_289' title='bbox 1685 2917 1827 2969; x_wconf 81' lang='grc' dir='ltr'>ὲκεί-</span> 
     </span>
    </p>
   </div>
   <div class='ocr_carea' id='block_1_42' title="bbox 232 3009 1821 3085">
    <p class='ocr_par' dir='ltr' id='par_1_42' title="bbox 232 3009 1821 3085">
     <span class='ocr_line' id='line_1_42' title="bbox 232 3009 1821 3085; baseline -0.005 -17"><span class='ocrx_word' id='word_1_290' title='bbox 232 3033 327 3078; x_wconf 88' lang='grc' dir='ltr'><strong>νος</strong></span> <span class='ocrx_word' id='word_1_291' title='bbox 358 3014 708 3083; x_wconf 81' lang='grc' dir='ltr'>διωμολόγει,</span> <span class='ocrx_word' id='word_1_292' title='bbox 740 3015 820 3077; x_wconf 83' lang='grc' dir='ltr'><strong>είς</strong></span> <span class='ocrx_word' id='word_1_293' title='bbox 841 3013 941 3085; x_wconf 83' lang='grc' dir='ltr'>τὴν</span> <span class='ocrx_word' id='word_1_294' title='bbox 969 3013 1195 3066; x_wconf 75' lang='grc' dir='ltr'>ἐκείνων</span> <span class='ocrx_word' id='word_1_295' title='bbox 1216 3011 1469 3064; x_wconf 76' lang='grc' dir='ltr'>εὔκλειαν</span> <span class='ocrx_word' id='word_1_296' title='bbox 1500 3009 1779 3079; x_wconf 65' lang='grc' dir='ltr'>ἀνελήφθη</span> <span class='ocrx_word' id='word_1_297' title='bbox 1807 3024 1821 3039; x_wconf 88' lang='grc'><strong>·</strong></span> 
     </span>
    </p>
   </div>
   <div class='ocr_carea' id='block_1_43' title="bbox 1943 1814 3533 1886">
    <p class='ocr_par' dir='ltr' id='par_1_43' title="bbox 1943 1814 3533 1886">
     <span class='ocr_line' id='line_1_43' title="bbox 1943 1814 3533 1886; baseline -0.001 -15"><span class='ocrx_word' id='word_1_298' title='bbox 1943 1822 2075 1872; x_wconf 86' lang='lat' dir='ltr'><strong>tatis</strong></span> <span class='ocrx_word' id='word_1_299' title='bbox 2100 1827 2153 1872; x_wconf 90' lang='lat' dir='ltr'><strong>et</strong></span> <span class='ocrx_word' id='word_1_300' title='bbox 2176 1816 2574 1886; x_wconf 89' lang='lat' dir='ltr'><strong>eompassionis</strong></span> <span class='ocrx_word' id='word_1_301' title='bbox 2608 1832 2726 1879; x_wconf 89' lang='lat' dir='ltr'><strong>vas,</strong></span> <span class='ocrx_word' id='word_1_302' title='bbox 2776 1831 2872 1883; x_wconf 88' lang='lat' dir='ltr'><strong>per</strong></span> <span class='ocrx_word' id='word_1_303' title='bbox 2904 1814 3173 1882; x_wconf 83' lang='lat' dir='ltr'><strong>majorum</strong></span> <span class='ocrx_word' id='word_1_304' title='bbox 3206 1814 3533 1883; x_wconf 85' lang='lat' dir='ltr'><strong>sanguinem</strong></span> 
     </span>
    </p>
   </div>
   <div class='ocr_carea' id='block_1_44' title="bbox 1941 1906 3534 1978">
    <p class='ocr_par' dir='ltr' id='par_1_44' title="bbox 1941 1906 3534 1978">
     <span class='ocr_line' id='line_1_44' title="bbox 1941 1906 3534 1978; baseline -0.002 -15"><span class='ocrx_word' id='word_1_305' title='bbox 1941 1908 2166 1963; x_wconf 72' lang='lat' dir='ltr'><strong>Judmus</strong></span> <span class='ocrx_word' id='word_1_306' title='bbox 2195 1918 2334 1973; x_wconf 88' lang='lat' dir='ltr'><strong>erat,</strong></span> <span class='ocrx_word' id='word_1_307' title='bbox 2364 1909 2458 1963; x_wconf 89' lang='lat' dir='ltr'><strong>sed</strong></span> <span class='ocrx_word' id='word_1_308' title='bbox 2504 1908 2679 1978; x_wconf 90' lang='lat' dir='ltr'><strong>patria</strong></span> <span class='ocrx_word' id='word_1_309' title='bbox 2726 1918 2879 1962; x_wconf 91' lang='lat' dir='ltr'><strong>ortus</strong></span> <span class='ocrx_word' id='word_1_310' title='bbox 2926 1906 3109 1977; x_wconf 85' lang='lat' dir='ltr'><strong>Cypro</strong></span> <span class='ocrx_word' id='word_1_311' title='bbox 3151 1924 3164 1961; x_wconf 95' lang='lat'>:</span> <span class='ocrx_word' id='word_1_312' title='bbox 3205 1915 3259 1960; x_wconf 93' lang='lat' dir='ltr'><strong>et</strong></span> <span class='ocrx_word' id='word_1_313' title='bbox 3288 1907 3534 1961; x_wconf 78' lang='lat' dir='ltr'><strong>disertus</strong></span> 
     </span>
    </p>
   </div>
   <div class='ocr_carea' id='block_1_45' title="bbox 1941 1997 3530 2072">
    <p class='ocr_par' dir='ltr' id='par_1_45' title="bbox 1941 1997 3530 2072">
     <span class='ocr_line' id='line_1_45' title="bbox 1941 1997 3530 2072; baseline -0.002 -16"><span class='ocrx_word' id='word_1_314' title='bbox 1941 2002 2031 2057; x_wconf 91' lang='lat' dir='ltr'><strong>ille</strong></span> <span class='ocrx_word' id='word_1_315' title='bbox 2063 2002 2280 2072; x_wconf 85' lang='lat' dir='ltr'><strong>Apollo,</strong></span> <span class='ocrx_word' id='word_1_316' title='bbox 2330 2003 2425 2072; x_wconf 90' lang='lat' dir='ltr'><strong>qui</strong></span> <span class='ocrx_word' id='word_1_317' title='bbox 2460 2017 2553 2070; x_wconf 92' lang='lat' dir='ltr'><strong>per</strong></span> <span class='ocrx_word' id='word_1_318' title='bbox 2584 2015 2739 2056; x_wconf 89' lang='lat' dir='ltr'><strong>suam</strong></span> <span class='ocrx_word' id='word_1_319' title='bbox 2769 1998 3216 2069; x_wconf 63' lang='lat' dir='ltr'><strong>praedicationem</strong></span> <span class='ocrx_word' id='word_1_320' title='bbox 3249 1997 3530 2068; x_wconf 81' lang='lat' dir='ltr'><strong>Ephesum</strong></span> 
     </span>
    </p>
   </div>
   <div class='ocr_carea' id='block_1_46' title="bbox 1939 2072 3530 2165">
    <p class='ocr_par' dir='ltr' id='par_1_46' title="bbox 1939 2072 3530 2165">
     <span class='ocr_line' id='line_1_46' title="bbox 1939 2072 3530 2165; baseline -0.003 -15"><span class='ocrx_word' id='word_1_321' title='bbox 1939 2095 2252 2165; x_wconf 84' lang='lat' dir='ltr'><strong>occupavit,</strong></span> <span class='ocrx_word' id='word_1_322' title='bbox 2313 2104 2367 2148; x_wconf 83' lang='lat' dir='ltr'><strong>et</strong></span> <span class='ocrx_word' id='word_1_323' title='bbox 2388 2072 2517 2148; x_wconf 47' lang='lat' dir='ltr'><strong>inde</strong></span> <span class='ocrx_word' id='word_1_324' title='bbox 2548 2092 2766 2148; x_wconf 88' lang='lat' dir='ltr'><strong>transiit</strong></span> <span class='ocrx_word' id='word_1_325' title='bbox 2788 2092 2842 2146; x_wconf 88' lang='lat' dir='ltr'><strong>in</strong></span> <span class='ocrx_word' id='word_1_326' title='bbox 2868 2092 3155 2158; x_wconf 84' lang='lat' dir='ltr'><strong>Achaiam,</strong></span> <span class='ocrx_word' id='word_1_327' title='bbox 3198 2108 3347 2158; x_wconf 90' lang='lat' dir='ltr'><strong>cum,</strong></span> <span class='ocrx_word' id='word_1_328' title='bbox 3378 2092 3530 2161; x_wconf 85' lang='lat' dir='ltr'><strong>quod</strong></span> 
     </span>
    </p>
   </div>
   <div class='ocr_carea' id='block_1_47' title="bbox 1940 2184 3531 2256">
    <p class='ocr_par' dir='ltr' id='par_1_47' title="bbox 1940 2184 3531 2256">
     <span class='ocr_line' id='line_1_47' title="bbox 1940 2184 3531 2256; baseline -0.002 -14"><span class='ocrx_word' id='word_1_329' title='bbox 1940 2197 2194 2255; x_wconf 86' lang='lat' dir='ltr'><strong>parentes</strong></span> <span class='ocrx_word' id='word_1_330' title='bbox 2249 2197 2480 2256; x_wconf 79' lang='lat' dir='ltr'><strong>spectat,</strong></span> <span class='ocrx_word' id='word_1_331' title='bbox 2540 2188 2609 2241; x_wconf 89' lang='lat' dir='ltr'><strong>de</strong></span> <span class='ocrx_word' id='word_1_332' title='bbox 2656 2186 2801 2240; x_wconf 83' lang='lat' dir='ltr'><strong>tribu</strong></span> <span class='ocrx_word' id='word_1_333' title='bbox 2825 2184 2978 2240; x_wconf 68' lang='lat' dir='ltr'><strong>Judze</strong></span> <span class='ocrx_word' id='word_1_334' title='bbox 3013 2195 3180 2250; x_wconf 87' lang='lat' dir='ltr'><strong>esset,</strong></span> <span class='ocrx_word' id='word_1_335' title='bbox 3243 2185 3531 2254; x_wconf 86' lang='lat' dir='ltr'><strong>provincia</strong></span> 
     </span>
    </p>
   </div>
   <div class='ocr_carea' id='block_1_48' title="bbox 1941 2275 3531 2342">
    <p class='ocr_par' dir='ltr' id='par_1_48' title="bbox 1941 2275 3531 2342">
     <span class='ocr_line' id='line_1_48' title="bbox 1941 2275 3531 2342; baseline -0.002 -10"><span class='ocrx_word' id='word_1_336' title='bbox 1941 2288 2121 2333; x_wconf 88' lang='lat' dir='ltr'><strong>tamen</strong></span> <span class='ocrx_word' id='word_1_337' title='bbox 2154 2279 2523 2333; x_wconf 82' lang='lat' dir='ltr'><strong>Alexandrina</strong></span> <span class='ocrx_word' id='word_1_338' title='bbox 2554 2278 2878 2342; x_wconf 87' lang='lat' dir='ltr'><strong>oriebatur;</strong></span> <span class='ocrx_word' id='word_1_339' title='bbox 2931 2276 3012 2331; x_wconf 93' lang='lat' dir='ltr'><strong>sic</strong></span> <span class='ocrx_word' id='word_1_340' title='bbox 3055 2284 3110 2330; x_wconf 92' lang='lat' dir='ltr'><strong>et</strong></span> <span class='ocrx_word' id='word_1_341' title='bbox 3144 2286 3370 2331; x_wconf 87' lang='lat' dir='ltr'><strong>sanctus</strong></span> <span class='ocrx_word' id='word_1_342' title='bbox 3392 2275 3531 2330; x_wconf 86' lang='lat' dir='ltr'><strong>Pau-</strong></span> 
     </span>
    </p>
   </div>
   <div class='ocr_carea' id='block_1_49' title="bbox 1938 2366 3530 2438">
    <p class='ocr_par' dir='ltr' id='par_1_49' title="bbox 1938 2366 3530 2438">
     <span class='ocr_line' id='line_1_49' title="bbox 1938 2366 3530 2438; baseline -0.003 -13"><span class='ocrx_word' id='word_1_343' title='bbox 1938 2372 2045 2438; x_wconf 87' lang='lat' dir='ltr'><strong>lus,</strong></span> <span class='ocrx_word' id='word_1_344' title='bbox 2099 2386 2129 2425; x_wconf 91' lang='lat' dir='ltr'><strong>a</strong></span> <span class='ocrx_word' id='word_1_345' title='bbox 2158 2369 2363 2425; x_wconf 81' lang='lat' dir='ltr'><strong>Judaeis</strong></span> <span class='ocrx_word' id='word_1_346' title='bbox 2385 2378 2565 2435; x_wconf 82' lang='lat' dir='ltr'><strong>ortus,</strong></span> <span class='ocrx_word' id='word_1_347' title='bbox 2617 2379 2672 2424; x_wconf 90' lang='lat' dir='ltr'><strong>et</strong></span> <span class='ocrx_word' id='word_1_348' title='bbox 2705 2369 3007 2433; x_wconf 69' lang='lat' dir='ltr'><strong>adtributo</strong></span> <span class='ocrx_word' id='word_1_349' title='bbox 3041 2366 3352 2438; x_wconf 82' lang='lat' dir='ltr'><strong>Benjamini</strong></span> <span class='ocrx_word' id='word_1_350' title='bbox 3388 2368 3530 2421; x_wconf 89' lang='lat' dir='ltr'><strong>rela-</strong></span> 
     </span>
    </p>
   </div>
   <div class='ocr_carea' id='block_1_50' title="bbox 1939 2460 3527 2533">
    <p class='ocr_par' dir='ltr' id='par_1_50' title="bbox 1939 2460 3527 2533">
     <span class='ocr_line' id='line_1_50' title="bbox 1939 2460 3527 2533; baseline -0.005 -14"><span class='ocrx_word' id='word_1_351' title='bbox 1939 2474 2044 2526; x_wconf 87' lang='lat' dir='ltr'><strong>tus,</strong></span> <span class='ocrx_word' id='word_1_352' title='bbox 2076 2478 2141 2519; x_wconf 88' lang='lat' dir='ltr'><strong>eo</strong></span> <span class='ocrx_word' id='word_1_353' title='bbox 2167 2464 2313 2533; x_wconf 91' lang='lat' dir='ltr'><strong>quod</strong></span> <span class='ocrx_word' id='word_1_354' title='bbox 2346 2472 2597 2532; x_wconf 79' lang='lat' dir='ltr'><strong>parentes</strong></span> <span class='ocrx_word' id='word_1_355' title='bbox 2625 2462 2858 2515; x_wconf 90' lang='lat' dir='ltr'><strong>Tarsum</strong></span> <span class='ocrx_word' id='word_1_356' title='bbox 2898 2460 3144 2515; x_wconf 80' lang='lat' dir='ltr'><strong>Graecam</strong></span> <span class='ocrx_word' id='word_1_357' title='bbox 3198 2460 3390 2514; x_wconf 77' lang='lat' dir='ltr'><strong>urbem</strong></span> <span class='ocrx_word' id='word_1_358' title='bbox 3443 2460 3527 2513; x_wconf 89' lang='lat' dir='ltr'><strong>in-</strong></span> 
     </span>
    </p>
   </div>
   <div class='ocr_carea' id='block_1_51' title="bbox 1935 2551 3525 2623">
    <p class='ocr_par' dir='ltr' id='par_1_51' title="bbox 1935 2551 3525 2623">
     <span class='ocr_line' id='line_1_51' title="bbox 1935 2551 3525 2623; baseline -0.004 -14"><span class='ocrx_word' id='word_1_359' title='bbox 1935 2556 2211 2619; x_wconf 85' lang='lat' dir='ltr'><strong>colebant,</strong></span> <span class='ocrx_word' id='word_1_360' title='bbox 2267 2570 2388 2609; x_wconf 89' lang='lat' dir='ltr'><strong>eam</strong></span> <span class='ocrx_word' id='word_1_361' title='bbox 2445 2554 2549 2608; x_wconf 89' lang='lat' dir='ltr'><strong>sibi</strong></span> <span class='ocrx_word' id='word_1_362' title='bbox 2607 2554 2838 2623; x_wconf 87' lang='lat' dir='ltr'><strong>patriam</strong></span> <span class='ocrx_word' id='word_1_363' title='bbox 2897 2552 3091 2606; x_wconf 89' lang='lat' dir='ltr'><strong>habuit</strong></span> <span class='ocrx_word' id='word_1_364' title='bbox 3140 2569 3154 2605; x_wconf 89' lang='lat'><strong>:</strong></span> <span class='ocrx_word' id='word_1_365' title='bbox 3222 2551 3525 2605; x_wconf 87' lang='lat' dir='ltr'><strong>cbiliareha</strong></span> 
     </span>
    </p>
   </div>
   <div class='ocr_carea' id='block_1_52' title="bbox 1937 2646 3527 2714">
    <p class='ocr_par' dir='ltr' id='par_1_52' title="bbox 1937 2646 3527 2714">
     <span class='ocr_line' id='line_1_52' title="bbox 1937 2646 3527 2714; baseline -0.005 -14"><span class='ocrx_word' id='word_1_366' title='bbox 1937 2647 2123 2700; x_wconf 82' lang='lat' dir='ltr'><strong>itidem</strong></span> <span class='ocrx_word' id='word_1_367' title='bbox 2179 2662 2273 2714; x_wconf 91' lang='lat' dir='ltr'><strong>per</strong></span> <span class='ocrx_word' id='word_1_368' title='bbox 2330 2646 2608 2713; x_wconf 73' lang='lat' dir='ltr'><strong>genitores</strong></span> <span class='ocrx_word' id='word_1_369' title='bbox 2670 2658 2800 2697; x_wconf 88' lang='lat' dir='ltr'><strong>suos</strong></span> <span class='ocrx_word' id='word_1_370' title='bbox 2859 2652 3067 2712; x_wconf 88' lang='lat' dir='ltr'><strong>patrem</strong></span> <span class='ocrx_word' id='word_1_371' title='bbox 3119 2652 3175 2696; x_wconf 88' lang='lat' dir='ltr'><strong>et</strong></span> <span class='ocrx_word' id='word_1_372' title='bbox 3226 2651 3458 2695; x_wconf 85' lang='lat' dir='ltr'><strong>matrem</strong></span> <span class='ocrx_word' id='word_1_373' title='bbox 3494 2657 3527 2693; x_wconf 92' lang='lat' dir='ltr'><strong>a</strong></span> 
     </span>
    </p>
   </div>
   <div class='ocr_carea' id='block_1_53' title="bbox 1936 2734 3523 2808">
    <p class='ocr_par' dir='ltr' id='par_1_53' title="bbox 1936 2734 3523 2808">
     <span class='ocr_line' id='line_1_53' title="bbox 1936 2734 3523 2808; baseline -0.004 -17"><span class='ocrx_word' id='word_1_374' title='bbox 1936 2737 2185 2791; x_wconf 80' lang='lat' dir='ltr'><strong>Romana</strong></span> <span class='ocrx_word' id='word_1_375' title='bbox 2234 2738 2449 2808; x_wconf 80' lang='lat' dir='ltr'><strong>origine</strong></span> <span class='ocrx_word' id='word_1_376' title='bbox 2502 2736 2821 2805; x_wconf 80' lang='lat' dir='ltr'><strong>longissime</strong></span> <span class='ocrx_word' id='word_1_377' title='bbox 2870 2736 3082 2798; x_wconf 87' lang='lat' dir='ltr'><strong>aberat,</strong></span> <span class='ocrx_word' id='word_1_378' title='bbox 3141 2734 3235 2788; x_wconf 89' lang='lat' dir='ltr'><strong>sed</strong></span> <span class='ocrx_word' id='word_1_379' title='bbox 3270 2734 3394 2787; x_wconf 84' lang='lat' dir='ltr'><strong>data</strong></span> <span class='ocrx_word' id='word_1_380' title='bbox 3427 2749 3523 2801; x_wconf 86' lang='lat' dir='ltr'><strong>pe-</strong></span> 
     </span>
    </p>
   </div>
   <div class='ocr_carea' id='block_1_54' title="bbox 1935 2824 3527 2899">
    <p class='ocr_par' dir='ltr' id='par_1_54' title="bbox 1935 2824 3527 2899">
     <span class='ocr_line' id='line_1_54' title="bbox 1935 2824 3527 2899; baseline -0.006 -14"><span class='ocrx_word' id='word_1_381' title='bbox 1935 2832 2120 2894; x_wconf 88' lang='lat' dir='ltr'><strong>cunia,</strong></span> <span class='ocrx_word' id='word_1_382' title='bbox 2176 2830 2324 2899; x_wconf 90' lang='lat' dir='ltr'><strong>quod</strong></span> <span class='ocrx_word' id='word_1_383' title='bbox 2390 2828 2595 2883; x_wconf 79' lang='lat' dir='ltr'><strong>fatetur</strong></span> <span class='ocrx_word' id='word_1_384' title='bbox 2656 2828 2792 2898; x_wconf 84' lang='lat' dir='ltr'><strong>ipse,</strong></span> <span class='ocrx_word' id='word_1_385' title='bbox 2854 2828 2908 2880; x_wconf 91' lang='lat' dir='ltr'><strong>in</strong></span> <span class='ocrx_word' id='word_1_386' title='bbox 2936 2826 3155 2880; x_wconf 90' lang='lat' dir='ltr'><strong>illorum</strong></span> <span class='ocrx_word' id='word_1_387' title='bbox 3188 2824 3527 2879; x_wconf 87' lang='lat' dir='ltr'><strong>nobilitatem</strong></span> 
     </span>
    </p>
   </div>
   <div class='ocr_carea' id='block_1_55' title="bbox 1933 2917 3524 2988">
    <p class='ocr_par' dir='ltr' id='par_1_55' title="bbox 1933 2917 3524 2988">
     <span class='ocr_line' id='line_1_55' title="bbox 1933 2917 3524 2988; baseline -0.008 -9"><span class='ocrx_word' id='word_1_388' title='bbox 1933 2921 2317 2979; x_wconf 84' lang='lat' dir='ltr'><strong>assumebatur</strong></span> <span class='ocrx_word' id='word_1_389' title='bbox 2350 2941 2364 2976; x_wconf 89' lang='lat'>:</span> <span class='ocrx_word' id='word_1_390' title='bbox 2400 2931 2455 2977; x_wconf 89' lang='lat' dir='ltr'><strong>et</strong></span> <span class='ocrx_word' id='word_1_391' title='bbox 2504 2923 2654 2976; x_wconf 85' lang='lat' dir='ltr'><strong>velut</strong></span> <span class='ocrx_word' id='word_1_392' title='bbox 2706 2921 2838 2977; x_wconf 86' lang='lat' dir='ltr'><strong>urbs</strong></span> <span class='ocrx_word' id='word_1_393' title='bbox 2873 2919 3129 2988; x_wconf 88' lang='lat' dir='ltr'><strong>Philippi,</strong></span> <span class='ocrx_word' id='word_1_394' title='bbox 3186 2917 3524 2974; x_wconf 82' lang='lat' dir='ltr'><strong>Macedonici</strong></span> 
     </span>
    </p>
   </div>
   <div class='ocr_carea' id='block_1_56' title="bbox 1935 3009 3525 3086">
    <p class='ocr_par' dir='ltr' id='par_1_56' title="bbox 1935 3009 3525 3086">
     <span class='ocr_line' id='line_1_56' title="bbox 1935 3009 3525 3086; baseline -0.005 -17"><span class='ocrx_word' id='word_1_395' title='bbox 1935 3014 2219 3086; x_wconf 72' lang='lat' dir='ltr'><strong>regiminis</strong></span> <span class='ocrx_word' id='word_1_396' title='bbox 2277 3013 2616 3082; x_wconf 85' lang='lat' dir='ltr'><strong>metropolis,</strong></span> <span class='ocrx_word' id='word_1_397' title='bbox 2681 3027 2785 3067; x_wconf 89' lang='lat' dir='ltr'><strong>nec</strong></span> <span class='ocrx_word' id='word_1_398' title='bbox 2831 3010 3150 3065; x_wconf 82' lang='lat' dir='ltr'><strong>aiIinitatem</strong></span> <span class='ocrx_word' id='word_1_399' title='bbox 3180 3009 3525 3063; x_wconf 88' lang='lat' dir='ltr'><strong>habuitemn</strong></span> 
     </span>
    </p>
   </div>
   <div class='ocr_carea' id='block_1_57' title="bbox 232 3098 1846 3176">
    <p class='ocr_par' dir='ltr' id='par_1_57' title="bbox 232 3103 1822 3176">
     <span class='ocr_line' id='line_1_57' title="bbox 232 3103 1822 3176; baseline -0.003 -17"><span class='ocrx_word' id='word_1_400' title='bbox 232 3107 335 3160; x_wconf 68' lang='grc' dir='ltr'><strong>καὶ</strong></span> <span class='ocrx_word' id='word_1_401' title='bbox 366 3105 557 3175; x_wconf 78' lang='grc' dir='ltr'>ὥσπερ</span> <span class='ocrx_word' id='word_1_402' title='bbox 580 3108 613 3176; x_wconf 87' lang='grc' dir='ltr'>ὴ</span> <span class='ocrx_word' id='word_1_403' title='bbox 642 3106 925 3158; x_wconf 83' lang='grc' dir='ltr'>Φιλίππων</span> <span class='ocrx_word' id='word_1_404' title='bbox 957 3106 1113 3168; x_wconf 89' lang='grc' dir='ltr'>πόλις</span> <span class='ocrx_word' id='word_1_405' title='bbox 1144 3103 1244 3175; x_wconf 83' lang='grc' dir='ltr'><strong>τῆς</strong></span> <span class='ocrx_word' id='word_1_406' title='bbox 1279 3103 1610 3156; x_wconf 85' lang='grc' dir='ltr'>Μακεδόνων</span> <span class='ocrx_word' id='word_1_407' title='bbox 1652 3104 1822 3172; x_wconf 72' lang='grc' dir='ltr'>ἐπαρ-</span> 
     </span>
    </p>
   </div>
   <div class='ocr_carea' id='block_1_58' title="bbox 1933 3098 3527 3176">
    <p class='ocr_par' dir='ltr' id='par_1_58' title="bbox 1933 3098 3527 3167">
     <span class='ocr_line' id='line_1_58' title="bbox 1933 3098 3527 3167; baseline -0.004 -9"><span class='ocrx_word' id='word_1_408' title='bbox 1933 3104 2199 3158; x_wconf 75' lang='lat' dir='ltr'><strong>Romanis</strong></span> <span class='ocrx_word' id='word_1_409' title='bbox 2233 3104 2398 3158; x_wconf 86' lang='lat' dir='ltr'><strong>ullam</strong></span> <span class='ocrx_word' id='word_1_410' title='bbox 2424 3143 2439 3167; x_wconf 89' lang='lat'><strong>,</strong></span> <span class='ocrx_word' id='word_1_411' title='bbox 2489 3112 2669 3159; x_wconf 81' lang='lat' dir='ltr'><strong>latnen</strong></span> <span class='ocrx_word' id='word_1_412' title='bbox 2712 3107 2777 3156; x_wconf 84' lang='lat' dir='ltr'><strong>de</strong></span> <span class='ocrx_word' id='word_1_413' title='bbox 2818 3100 3067 3154; x_wconf 75' lang='lat' dir='ltr'><strong>Romano</strong></span> <span class='ocrx_word' id='word_1_414' title='bbox 3100 3101 3323 3155; x_wconf 81' lang='lat' dir='ltr'><strong>nomine</strong></span> <span class='ocrx_word' id='word_1_415' title='bbox 3350 3098 3527 3167; x_wconf 87' lang='lat' dir='ltr'><strong>Potuit</strong></span> 
     </span>
    </p>
   </div>
   <div class='ocr_carea' id='block_1_59' title="bbox 233 3193 1827 3270">
    <p class='ocr_par' dir='ltr' id='par_1_59' title="bbox 233 3193 1827 3270">
     <span class='ocr_line' id='line_1_59' title="bbox 233 3193 1827 3270; baseline -0.003 -20"><span class='ocrx_word' id='word_1_416' title='bbox 233 3199 363 3270; x_wconf 88' lang='grc' dir='ltr'>χίας</span> <span class='ocrx_word' id='word_1_417' title='bbox 416 3198 751 3268; x_wconf 84' lang='grc' dir='ltr'>μητρόπολις</span> <span class='ocrx_word' id='word_1_418' title='bbox 805 3193 961 3263; x_wconf 86' lang='grc' dir='ltr'>οὖσα,</span> <span class='ocrx_word' id='word_1_419' title='bbox 1020 3197 1113 3249; x_wconf 73' lang='grc' dir='ltr'><strong>καὶ</strong></span> <span class='ocrx_word' id='word_1_420' title='bbox 1165 3194 1318 3248; x_wconf 83' lang='grc' dir='ltr'>οὐδὲν</span> <span class='ocrx_word' id='word_1_421' title='bbox 1370 3194 1582 3247; x_wconf 86' lang='grc' dir='ltr'>δίκαιον</span> <span class='ocrx_word' id='word_1_422' title='bbox 1626 3193 1827 3264; x_wconf 84' lang='grc' dir='ltr'>ἔχουσα</span> 
     </span>
    </p>
   </div>
   <div class='ocr_carea' id='block_1_60' title="bbox 234 3285 1829 3360">
    <p class='ocr_par' dir='ltr' id='par_1_60' title="bbox 234 3285 1829 3360">
     <span class='ocr_line' id='line_1_60' title="bbox 234 3285 1829 3360; baseline -0.004 -17"><span class='ocrx_word' id='word_1_423' title='bbox 234 3292 378 3360; x_wconf 74' lang='grc' dir='ltr'>πρὸς</span> <span class='ocrx_word' id='word_1_424' title='bbox 441 3291 765 3358; x_wconf 87' lang='grc' dir='ltr'>συγγένειαν</span> <span class='ocrx_word' id='word_1_425' title='bbox 840 3289 1151 3359; x_wconf 86' lang='grc' dir='ltr'>Ῥωμαίων,</span> <span class='ocrx_word' id='word_1_426' title='bbox 1230 3289 1383 3357; x_wconf 85' lang='grc' dir='ltr'>ὅμως</span> <span class='ocrx_word' id='word_1_427' title='bbox 1444 3286 1687 3357; x_wconf 78' lang='grc' dir='ltr'>ἠδυνήθη</span> <span class='ocrx_word' id='word_1_428' title='bbox 1749 3285 1829 3357; x_wconf 83' lang='grc' dir='ltr'>τῷ</span> 
     </span>
    </p>
   </div>
   <div class='ocr_carea' id='block_1_61' title="bbox 231 3376 1828 3451">
    <p class='ocr_par' dir='ltr' id='par_1_61' title="bbox 231 3376 1828 3451">
     <span class='ocr_line' id='line_1_61' title="bbox 231 3376 1828 3451; baseline -0.003 -17"><span class='ocrx_word' id='word_1_429' title='bbox 231 3382 448 3451; x_wconf 87' lang='grc' dir='ltr'>ταύτης</span> <span class='ocrx_word' id='word_1_430' title='bbox 494 3382 721 3451; x_wconf 82' lang='grc' dir='ltr'>ὀνόματι</span> <span class='ocrx_word' id='word_1_431' title='bbox 754 3380 1202 3450; x_wconf 87' lang='grc' dir='ltr'>λαμπρυνθῆναι.</span> <span class='ocrx_word' id='word_1_432' title='bbox 1255 3378 1364 3432; x_wconf 77' lang='grc' dir='ltr'><strong>Καὶ</strong></span> <span class='ocrx_word' id='word_1_433' title='bbox 1405 3378 1512 3447; x_wconf 85' lang='grc' dir='ltr'><strong>γὰρ</strong></span> <span class='ocrx_word' id='word_1_434' title='bbox 1547 3379 1597 3430; x_wconf 73' lang='lat' dir='ltr'><strong>oi</strong></span> <span class='ocrx_word' id='word_1_435' title='bbox 1644 3376 1828 3446; x_wconf 88' lang='grc' dir='ltr'>κύριοι</span> 
     </span>
    </p>
   </div>
   <div class='ocr_carea' id='block_1_62' title="bbox 231 3466 1826 3541">
    <p class='ocr_par' dir='ltr' id='par_1_62' title="bbox 231 3466 1826 3541">
     <span class='ocr_line' id='line_1_62' title="bbox 231 3466 1826 3541; baseline -0.001 -18"><span class='ocrx_word' id='word_1_436' title='bbox 231 3471 339 3540; x_wconf 88' lang='grc' dir='ltr'><strong>τῆς</strong></span> <span class='ocrx_word' id='word_1_437' title='bbox 400 3470 713 3540; x_wconf 82' lang='grc' dir='ltr'>παιδίσκης,</span> <span class='ocrx_word' id='word_1_438' title='bbox 774 3471 833 3536; x_wconf 81' lang='grc' dir='ltr'>ἐξ</span> <span class='ocrx_word' id='word_1_439' title='bbox 866 3466 934 3541; x_wconf 79' lang='grc' dir='ltr'>ἦς</span> <span class='ocrx_word' id='word_1_440' title='bbox 994 3470 1057 3523; x_wconf 85' lang='grc' dir='ltr'><strong>τὸ</strong></span> <span class='ocrx_word' id='word_1_441' title='bbox 1120 3467 1213 3522; x_wconf 90' lang='grc' dir='ltr'><strong>τοῦ</strong></span> <span class='ocrx_word' id='word_1_442' title='bbox 1260 3467 1517 3529; x_wconf 84' lang='grc' dir='ltr'>Πυθῶνος</span> <span class='ocrx_word' id='word_1_443' title='bbox 1569 3466 1826 3539; x_wconf 84' lang='grc' dir='ltr'>ἀπηλάθη</span> 
     </span>
    </p>
   </div>
   <div class='ocr_carea' id='block_1_63' title="bbox 232 3559 1827 3632">
    <p class='ocr_par' dir='ltr' id='par_1_63' title="bbox 232 3559 1827 3632">
     <span class='ocr_line' id='line_1_63' title="bbox 232 3559 1827 3632; baseline -0.001 -17"><span class='ocrx_word' id='word_1_444' title='bbox 232 3562 477 3632; x_wconf 85' lang='grc' dir='ltr'>πνεῦμα,</span> <span class='ocrx_word' id='word_1_445' title='bbox 514 3561 952 3629; x_wconf 83' lang='grc' dir='ltr'>ἀγανακτοῦντες</span> <span class='ocrx_word' id='word_1_446' title='bbox 978 3560 1122 3615; x_wconf 75' lang='grc' dir='ltr'>κατὰ</span> <span class='ocrx_word' id='word_1_447' title='bbox 1148 3559 1257 3613; x_wconf 83' lang='grc' dir='ltr'>τῶν</span> <span class='ocrx_word' id='word_1_448' title='bbox 1288 3560 1389 3630; x_wconf 86' lang='grc' dir='ltr'><strong>τῆς</strong></span> <span class='ocrx_word' id='word_1_449' title='bbox 1417 3559 1679 3629; x_wconf 86' lang='grc' dir='ltr'>ἀληθείας</span> <span class='ocrx_word' id='word_1_450' title='bbox 1723 3576 1827 3629; x_wconf 77' lang='grc' dir='ltr'>κη-</span> 
     </span>
    </p>
   </div>
   <div class='ocr_carea' id='block_1_64' title="bbox 234 3652 1828 3724">
    <p class='ocr_par' dir='ltr' id='par_1_64' title="bbox 234 3652 1828 3724">
     <span class='ocr_line' id='line_1_64' title="bbox 234 3652 1828 3724; baseline -0.001 -17"><span class='ocrx_word' id='word_1_451' title='bbox 234 3654 444 3723; x_wconf 79' lang='grc' dir='ltr'>ρύκων,</span> <span class='ocrx_word' id='word_1_452' title='bbox 476 3655 573 3706; x_wconf 79' lang='grc' dir='ltr'>καὶ</span> <span class='ocrx_word' id='word_1_453' title='bbox 621 3654 762 3723; x_wconf 78' lang='grc' dir='ltr'>πρὸς</span> <span class='ocrx_word' id='word_1_454' title='bbox 812 3655 939 3717; x_wconf 81' lang='grc' dir='ltr'>τοὺς</span> <span class='ocrx_word' id='word_1_455' title='bbox 996 3654 1343 3724; x_wconf 80' lang='grc' dir='ltr'>στρατηγοὺς</span> <span class='ocrx_word' id='word_1_456' title='bbox 1381 3652 1635 3716; x_wconf 73' lang='grc' dir='ltr'>ἕλκοντες</span> <span class='ocrx_word' id='word_1_457' title='bbox 1700 3653 1828 3717; x_wconf 82' lang='grc' dir='ltr'><strong>τούς</strong></span> 
     </span>
    </p>
   </div>
   <div class='ocr_carea' id='block_1_65' title="bbox 231 3744 1826 3816">
    <p class='ocr_par' dir='ltr' id='par_1_65' title="bbox 231 3744 1826 3816">
     <span class='ocr_line' id='line_1_65' title="bbox 231 3744 1826 3816; baseline -0.003 -16"><span class='ocrx_word' id='word_1_458' title='bbox 231 3745 661 3811; x_wconf 79' lang='grc' dir='ltr'>ἀπαλλάξαντας</span> <span class='ocrx_word' id='word_1_459' title='bbox 703 3746 765 3800; x_wconf 73' lang='grc' dir='ltr'>τὸ</span> <span class='ocrx_word' id='word_1_460' title='bbox 789 3745 1022 3816; x_wconf 85' lang='grc' dir='ltr'>πλάσμα</span> <span class='ocrx_word' id='word_1_461' title='bbox 1044 3745 1139 3798; x_wconf 89' lang='grc' dir='ltr'><strong>τοῦ</strong></span> <span class='ocrx_word' id='word_1_462' title='bbox 1167 3746 1469 3815; x_wconf 89' lang='grc' dir='ltr'>δαιμονίου,</span> <span class='ocrx_word' id='word_1_463' title='bbox 1497 3744 1728 3815; x_wconf 75' lang='grc' dir='ltr'>ἐπείπερ</span> <span class='ocrx_word' id='word_1_464' title='bbox 1791 3745 1826 3815; x_wconf 81' lang='grc' dir='ltr'>ἡ</span> 
     </span>
    </p>
   </div>
   <div class='ocr_carea' id='block_1_66' title="bbox 231 3836 1825 3908">
    <p class='ocr_par' dir='ltr' id='par_1_66' title="bbox 231 3836 1825 3908">
     <span class='ocr_line' id='line_1_66' title="bbox 231 3836 1825 3908; baseline 0 -18"><span class='ocrx_word' id='word_1_465' title='bbox 231 3839 509 3908; x_wconf 81' lang='grc' dir='ltr'>θεραπεία</span> <span class='ocrx_word' id='word_1_466' title='bbox 558 3838 635 3907; x_wconf 84' lang='grc' dir='ltr'>τῷ</span> <span class='ocrx_word' id='word_1_467' title='bbox 690 3837 854 3891; x_wconf 84' lang='grc' dir='ltr'>πάθει</span> <span class='ocrx_word' id='word_1_468' title='bbox 878 3837 1297 3907; x_wconf 83' lang='grc' dir='ltr'>συναπήλαυνεν</span> <span class='ocrx_word' id='word_1_469' title='bbox 1353 3836 1537 3891; x_wconf 81' lang='grc' dir='ltr'>αὐτῶν</span> <span class='ocrx_word' id='word_1_470' title='bbox 1570 3839 1666 3890; x_wconf 77' lang='grc' dir='ltr'><strong>καὶ</strong></span> <span class='ocrx_word' id='word_1_471' title='bbox 1724 3837 1825 3908; x_wconf 77' lang='grc' dir='ltr'>τὴν</span> 
     </span>
    </p>
   </div>
   <div class='ocr_carea' id='block_1_67' title="bbox 228 3922 1826 4001">
    <p class='ocr_par' dir='ltr' id='par_1_67' title="bbox 228 3922 1826 4001">
     <span class='ocr_line' id='line_1_67' title="bbox 228 3922 1826 4001; baseline -0.002 -18"><span class='ocrx_word' id='word_1_472' title='bbox 228 3930 529 4001; x_wconf 76' lang='grc' dir='ltr'>ἐμπορίαν,</span> <span class='ocrx_word' id='word_1_473' title='bbox 569 3948 588 3981; x_wconf 70' lang='grc' dir='ltr'><strong>ί</strong></span> <span class='ocrx_word' id='word_1_474' title='bbox 618 3922 781 3982; x_wconf 74' lang='grc' dir='ltr'>υῧτοι</span> <span class='ocrx_word' id='word_1_475' title='bbox 833 3930 882 3980; x_wconf 79' lang='grc' dir='ltr'>οἱ</span> <span class='ocrx_word' id='word_1_476' title='bbox 914 3928 1220 3998; x_wconf 79' lang='grc' dir='ltr'>ἄνθρωποι,</span> <span class='ocrx_word' id='word_1_477' title='bbox 1301 3930 1492 3997; x_wconf 80' lang='grc' dir='ltr'>φασὶν,</span> <span class='ocrx_word' id='word_1_478' title='bbox 1550 3930 1826 3998; x_wconf 75' lang='grc' dir='ltr'>ἐκταράσ-</span> 
     </span>
    </p>
   </div>
   <div class='ocr_carea' id='block_1_68' title="bbox 232 4019 1826 4092">
    <p class='ocr_par' dir='ltr' id='par_1_68' title="bbox 232 4019 1826 4092">
     <span class='ocr_line' id='line_1_68' title="bbox 232 4019 1826 4092; baseline -0.001 -18"><span class='ocrx_word' id='word_1_479' title='bbox 232 4039 423 4075; x_wconf 88' lang='grc' dir='ltr'>σουσιν</span> <span class='ocrx_word' id='word_1_480' title='bbox 451 4020 613 4091; x_wconf 82' lang='grc' dir='ltr'>ἡμῶν</span> <span class='ocrx_word' id='word_1_481' title='bbox 658 4020 758 4092; x_wconf 82' lang='grc' dir='ltr'>τὴν</span> <span class='ocrx_word' id='word_1_482' title='bbox 796 4020 977 4081; x_wconf 85' lang='grc' dir='ltr'>πόλιν,</span> <span class='ocrx_word' id='word_1_483' title='bbox 1018 4019 1265 4075; x_wconf 83' lang='grc' dir='ltr'>Ἰουδαῖοι</span> <span class='ocrx_word' id='word_1_484' title='bbox 1308 4019 1675 4090; x_wconf 86' lang='grc' dir='ltr'>ὑπάρχοντες,</span> <span class='ocrx_word' id='word_1_485' title='bbox 1730 4021 1826 4073; x_wconf 77' lang='grc' dir='ltr'>καὶ</span> 
     </span>
    </p>
   </div>
   <div class='ocr_carea' id='block_1_69' title="bbox 229 4110 1825 4183">
    <p class='ocr_par' dir='ltr' id='par_1_69' title="bbox 229 4110 1825 4183">
     <span class='ocr_line' id='line_1_69' title="bbox 229 4110 1825 4183; baseline -0.001 -18"><span class='ocrx_word' id='word_1_486' title='bbox 229 4112 700 4180; x_wconf 83' lang='grc' dir='ltr'>καταγγέλλουσιν</span> <span class='ocrx_word' id='word_1_487' title='bbox 736 4111 857 4183; x_wconf 77' lang='grc' dir='ltr'>ἔθη,</span> <span class='ocrx_word' id='word_1_488' title='bbox 889 4110 927 4165; x_wconf 75' lang='grc' dir='ltr'><strong>ά</strong></span> <span class='ocrx_word' id='word_1_489' title='bbox 953 4111 1055 4164; x_wconf 89' lang='grc' dir='ltr'><strong>οὐκ</strong></span> <span class='ocrx_word' id='word_1_490' title='bbox 1090 4111 1307 4177; x_wconf 73' lang='grc' dir='ltr'>ἔξεστιν</span> <span class='ocrx_word' id='word_1_491' title='bbox 1336 4113 1469 4182; x_wconf 84' lang='grc' dir='ltr'>ἡμῖν</span> <span class='ocrx_word' id='word_1_492' title='bbox 1517 4111 1825 4182; x_wconf 88' lang='grc' dir='ltr'>παραδέχε-</span> 
     </span>
    </p>
   </div>
   <div class='ocr_carea' id='block_1_70' title="bbox 230 4198 1825 4274">
    <p class='ocr_par' dir='ltr' id='par_1_70' title="bbox 230 4198 1825 4274">
     <span class='ocr_line' id='line_1_70' title="bbox 230 4198 1825 4274; baseline 0 -18"><span class='ocrx_word' id='word_1_493' title='bbox 230 4204 359 4257; x_wconf 87' lang='grc' dir='ltr'>σθαι</span> <span class='ocrx_word' id='word_1_494' title='bbox 378 4205 500 4258; x_wconf 86' lang='grc' dir='ltr'>οὐδὲ</span> <span class='ocrx_word' id='word_1_495' title='bbox 542 4207 741 4269; x_wconf 84' lang='grc' dir='ltr'>ποιεῖν,</span> <span class='ocrx_word' id='word_1_496' title='bbox 785 4204 1081 4274; x_wconf 85' lang='grc' dir='ltr'>Ῥωμαίοις</span> <span class='ocrx_word' id='word_1_497' title='bbox 1107 4198 1278 4257; x_wconf 81' lang='grc' dir='ltr'>οὖσιν.</span> <span class='ocrx_word' id='word_1_498' title='bbox 1321 4225 1339 4254; x_wconf 75' lang='grc' dir='ltr'><strong>ο</strong></span> <span class='ocrx_word' id='word_1_499' title='bbox 1391 4204 1555 4274; x_wconf 82' lang='grc' dir='ltr'>Ὁρᾷς</span> <span class='ocrx_word' id='word_1_500' title='bbox 1597 4206 1746 4267; x_wconf 83' lang='grc' dir='ltr'>ὅπως</span> <span class='ocrx_word' id='word_1_501' title='bbox 1774 4205 1825 4256; x_wconf 77' lang='grc' dir='ltr'><strong>οἱ</strong></span> 
     </span>
    </p>
   </div>
   <div class='ocr_carea' id='block_1_71' title="bbox 226 4295 1825 4367">
    <p class='ocr_par' dir='ltr' id='par_1_71' title="bbox 226 4295 1825 4367">
     <span class='ocr_line' id='line_1_71' title="bbox 226 4295 1825 4367; baseline 0.001 -20"><span class='ocrx_word' id='word_1_502' title='bbox 226 4296 607 4365; x_wconf 78' lang='grc' dir='ltr'>Φιλιππήσιοι,</span> <span class='ocrx_word' id='word_1_503' title='bbox 642 4300 710 4367; x_wconf 83' lang='grc' dir='ltr'>τῇ</span> <span class='ocrx_word' id='word_1_504' title='bbox 774 4296 1062 4366; x_wconf 83' lang='grc' dir='ltr'>Ῥωμαίων</span> <span class='ocrx_word' id='word_1_505' title='bbox 1114 4296 1344 4358; x_wconf 79' lang='grc' dir='ltr'>ἑαυτοὺς</span> <span class='ocrx_word' id='word_1_506' title='bbox 1402 4295 1825 4365; x_wconf 77' lang='grc' dir='ltr'>ὲπισεμνύνουσι</span> 
     </span>
    </p>
   </div>
   <div class='ocr_carea' id='block_1_72' title="bbox 228 4386 1822 4459">
    <p class='ocr_par' dir='ltr' id='par_1_72' title="bbox 228 4386 1822 4459">
     <span class='ocr_line' id='line_1_72' title="bbox 228 4386 1822 4459; baseline -0.002 -16"><span class='ocrx_word' id='word_1_507' title='bbox 228 4389 449 4459; x_wconf 88' lang='grc' dir='ltr'>κλήσει.</span> <span class='ocrx_word' id='word_1_508' title='bbox 475 4389 689 4459; x_wconf 84' lang='grc' dir='ltr'>’Ὠσπερ</span> <span class='ocrx_word' id='word_1_509' title='bbox 723 4388 781 4441; x_wconf 79' lang='grc' dir='ltr'>δὲ</span> <span class='ocrx_word' id='word_1_510' title='bbox 812 4390 996 4450; x_wconf 86' lang='grc' dir='ltr'>πάλιν,</span> <span class='ocrx_word' id='word_1_511' title='bbox 1024 4387 1231 4441; x_wconf 88' lang='grc' dir='ltr'>τούτων</span> <span class='ocrx_word' id='word_1_512' title='bbox 1256 4386 1509 4458; x_wconf 73' lang='grc' dir='ltr'>ὕστερον,</span> <span class='ocrx_word' id='word_1_513' title='bbox 1555 4386 1822 4458; x_wconf 84' lang='grc' dir='ltr'>Ἰώσηπος</span> 
     </span>
    </p>
   </div>
   <div class='ocr_carea' id='block_1_73' title="bbox 1933 3189 3525 3261">
    <p class='ocr_par' dir='ltr' id='par_1_73' title="bbox 1933 3189 3525 3261">
     <span class='ocr_line' id='line_1_73' title="bbox 1933 3189 3525 3261; baseline -0.006 -10"><span class='ocrx_word' id='word_1_514' title='bbox 1933 3196 2199 3252; x_wconf 88' lang='lat' dir='ltr'><strong>illustrari</strong></span> <span class='ocrx_word' id='word_1_515' title='bbox 2234 3214 2247 3250; x_wconf 89' lang='lat'>:</span> <span class='ocrx_word' id='word_1_516' title='bbox 2307 3211 2437 3249; x_wconf 87' lang='lat' dir='ltr'><strong>nam</strong></span> <span class='ocrx_word' id='word_1_517' title='bbox 2476 3196 2645 3251; x_wconf 82' lang='lat' dir='ltr'><strong>herus</strong></span> <span class='ocrx_word' id='word_1_518' title='bbox 2686 3194 2832 3249; x_wconf 89' lang='lat' dir='ltr'><strong>illius</strong></span> <span class='ocrx_word' id='word_1_519' title='bbox 2858 3193 3069 3249; x_wconf 78' lang='lat' dir='ltr'><strong>ancilla:</strong></span> <span class='ocrx_word' id='word_1_520' title='bbox 3098 3207 3129 3248; x_wconf 86' lang='lat' dir='ltr'><strong>e</strong></span> <span class='ocrx_word' id='word_1_521' title='bbox 3159 3207 3267 3261; x_wconf 86' lang='lat' dir='ltr'><strong>qua</strong></span> <span class='ocrx_word' id='word_1_522' title='bbox 3293 3189 3525 3260; x_wconf 82' lang='lat' dir='ltr'><strong>spiritus</strong></span> 
     </span>
    </p>
   </div>
   <div class='ocr_carea' id='block_1_74' title="bbox 1931 3283 3520 3361">
    <p class='ocr_par' dir='ltr' id='par_1_74' title="bbox 1931 3283 3520 3361">
     <span class='ocr_line' id='line_1_74' title="bbox 1931 3283 3520 3361; baseline -0.006 -17"><span class='ocrx_word' id='word_1_523' title='bbox 1931 3289 2275 3361; x_wconf 79' lang='lat' dir='ltr'><strong>Pythonicus</strong></span> <span class='ocrx_word' id='word_1_524' title='bbox 2321 3288 2447 3355; x_wconf 79' lang='lat' dir='ltr'><strong>fuit,</strong></span> <span class='ocrx_word' id='word_1_525' title='bbox 2503 3288 2823 3357; x_wconf 84' lang='lat' dir='ltr'><strong>indignatus</strong></span> <span class='ocrx_word' id='word_1_526' title='bbox 2864 3295 3051 3341; x_wconf 82' lang='lat' dir='ltr'><strong>contra</strong></span> <span class='ocrx_word' id='word_1_527' title='bbox 3086 3283 3333 3338; x_wconf 87' lang='lat' dir='ltr'><strong>veritatis</strong></span> <span class='ocrx_word' id='word_1_528' title='bbox 3378 3298 3520 3350; x_wconf 80' lang='lat' dir='ltr'><strong>pra:-</strong></span> 
     </span>
    </p>
   </div>
   <div class='ocr_carea' id='block_1_75' title="bbox 1931 3373 3521 3447">
    <p class='ocr_par' dir='ltr' id='par_1_75' title="bbox 1931 3373 3521 3447">
     <span class='ocr_line' id='line_1_75' title="bbox 1931 3373 3521 3447; baseline -0.008 -11"><span class='ocrx_word' id='word_1_529' title='bbox 1931 3398 2120 3445; x_wconf 79' lang='lat' dir='ltr'><strong>cones,</strong></span> <span class='ocrx_word' id='word_1_530' title='bbox 2177 3391 2231 3435; x_wconf 88' lang='lat' dir='ltr'><strong>et</strong></span> <span class='ocrx_word' id='word_1_531' title='bbox 2260 3381 2484 3434; x_wconf 85' lang='lat' dir='ltr'><strong>trahens</strong></span> <span class='ocrx_word' id='word_1_532' title='bbox 2517 3380 2638 3434; x_wconf 90' lang='lat' dir='ltr'><strong>illos</strong></span> <span class='ocrx_word' id='word_1_533' title='bbox 2661 3378 2727 3433; x_wconf 86' lang='lat' dir='ltr'><strong>ad</strong></span> <span class='ocrx_word' id='word_1_534' title='bbox 2774 3377 3155 3447; x_wconf 88' lang='lat' dir='ltr'><strong>magistratum</strong></span> <span class='ocrx_word' id='word_1_535' title='bbox 3189 3373 3521 3443; x_wconf 85' lang='lat' dir='ltr'><strong>puniendos,</strong></span> 
     </span>
    </p>
   </div>
   <div class='ocr_carea' id='block_1_76' title="bbox 1928 3462 3524 3543">
    <p class='ocr_par' dir='ltr' id='par_1_76' title="bbox 1928 3462 3524 3543">
     <span class='ocr_line' id='line_1_76' title="bbox 1928 3462 3524 3543; baseline -0.009 -15"><span class='ocrx_word' id='word_1_536' title='bbox 1928 3474 2025 3543; x_wconf 91' lang='lat' dir='ltr'><strong>qui</strong></span> <span class='ocrx_word' id='word_1_537' title='bbox 2074 3482 2382 3528; x_wconf 84' lang='lat' dir='ltr'><strong>creaturam</strong></span> <span class='ocrx_word' id='word_1_538' title='bbox 2415 3469 2509 3524; x_wconf 87' lang='lat' dir='ltr'><strong>Dei</strong></span> <span class='ocrx_word' id='word_1_539' title='bbox 2568 3485 2599 3523; x_wconf 92' lang='lat' dir='ltr'><strong>a</strong></span> <span class='ocrx_word' id='word_1_540' title='bbox 2642 3468 2863 3523; x_wconf 87' lang='lat' dir='ltr'><strong>diabolo</strong></span> <span class='ocrx_word' id='word_1_541' title='bbox 2900 3468 3248 3528; x_wconf 89' lang='lat' dir='ltr'><strong>liberaverat,</strong></span> <span class='ocrx_word' id='word_1_542' title='bbox 3284 3478 3350 3517; x_wconf 87' lang='lat' dir='ltr'><strong>eo</strong></span> <span class='ocrx_word' id='word_1_543' title='bbox 3376 3462 3524 3532; x_wconf 83' lang='lat' dir='ltr'><strong>quod</strong></span> 
     </span>
    </p>
   </div>
   <div class='ocr_carea' id='block_1_77' title="bbox 1928 3553 3521 3634">
    <p class='ocr_par' dir='ltr' id='par_1_77' title="bbox 1928 3553 3521 3634">
     <span class='ocr_line' id='line_1_77' title="bbox 1928 3553 3521 3634; baseline -0.008 -16"><span class='ocrx_word' id='word_1_544' title='bbox 1928 3579 2026 3634; x_wconf 88' lang='lat' dir='ltr'><strong>per</strong></span> <span class='ocrx_word' id='word_1_545' title='bbox 2077 3561 2418 3617; x_wconf 88' lang='lat' dir='ltr'><strong>curationem</strong></span> <span class='ocrx_word' id='word_1_546' title='bbox 2477 3560 2626 3614; x_wconf 89' lang='lat' dir='ltr'><strong>illam</strong></span> <span class='ocrx_word' id='word_1_547' title='bbox 2660 3560 2880 3614; x_wconf 90' lang='lat' dir='ltr'><strong>illorum</strong></span> <span class='ocrx_word' id='word_1_548' title='bbox 2922 3571 3145 3627; x_wconf 89' lang='lat' dir='ltr'><strong>quoque</strong></span> <span class='ocrx_word' id='word_1_549' title='bbox 3175 3556 3390 3609; x_wconf 88' lang='lat' dir='ltr'><strong>lucrum</strong></span> <span class='ocrx_word' id='word_1_550' title='bbox 3422 3553 3521 3607; x_wconf 82' lang='lat' dir='ltr'><strong>ab-</strong></span> 
     </span>
    </p>
   </div>
   <div class='ocr_carea' id='block_1_78' title="bbox 1929 3646 3523 3723">
    <p class='ocr_par' dir='ltr' id='par_1_78' title="bbox 1929 3646 3523 3723">
     <span class='ocr_line' id='line_1_78' title="bbox 1929 3646 3523 3723; baseline -0.008 -12"><span class='ocrx_word' id='word_1_551' title='bbox 1929 3656 2189 3723; x_wconf 85' lang='lat' dir='ltr'><strong>sciderat,</strong></span> <span class='ocrx_word' id='word_1_552' title='bbox 2233 3674 2251 3708; x_wconf 76' lang='grc' dir='ltr'><strong>ι</strong></span> <span class='ocrx_word' id='word_1_553' title='bbox 2282 3655 2376 3710; x_wconf 82' lang='lat' dir='ltr'><strong>Isti</strong></span> <span class='ocrx_word' id='word_1_554' title='bbox 2408 3654 2678 3717; x_wconf 86' lang='lat' dir='ltr'><strong>homines,</strong></span> <span class='ocrx_word' id='word_1_555' title='bbox 2712 3652 2992 3722; x_wconf 87' lang='lat' dir='ltr'><strong>inquiens,</strong></span> <span class='ocrx_word' id='word_1_556' title='bbox 3017 3666 3144 3705; x_wconf 93' lang='lat' dir='ltr'><strong>eum</strong></span> <span class='ocrx_word' id='word_1_557' title='bbox 3187 3650 3299 3705; x_wconf 85' lang='lat' dir='ltr'><strong>sint</strong></span> <span class='ocrx_word' id='word_1_558' title='bbox 3326 3646 3523 3707; x_wconf 60' lang='lat' dir='ltr'><strong>Judaei,</strong></span> 
     </span>
    </p>
   </div>
   <div class='ocr_carea' id='block_1_79' title="bbox 1929 3741 3530 3812">
    <p class='ocr_par' dir='ltr' id='par_1_79' title="bbox 1929 3741 3530 3812">
     <span class='ocr_line' id='line_1_79' title="bbox 1929 3741 3530 3812; baseline -0.006 -8"><span class='ocrx_word' id='word_1_559' title='bbox 1929 3758 2175 3804; x_wconf 84' lang='lat' dir='ltr'><strong>nostram</strong></span> <span class='ocrx_word' id='word_1_560' title='bbox 2227 3747 2559 3803; x_wconf 89' lang='lat' dir='ltr'><strong>conturbant</strong></span> <span class='ocrx_word' id='word_1_561' title='bbox 2607 3746 2908 3807; x_wconf 86' lang='lat' dir='ltr'><strong>civitatem,</strong></span> <span class='ocrx_word' id='word_1_562' title='bbox 2956 3753 3010 3799; x_wconf 91' lang='lat' dir='ltr'><strong>et</strong></span> <span class='ocrx_word' id='word_1_563' title='bbox 3047 3743 3311 3812; x_wconf 88' lang='lat' dir='ltr'><strong>quasdam</strong></span> <span class='ocrx_word' id='word_1_564' title='bbox 3366 3741 3530 3797; x_wconf 90' lang='lat' dir='ltr'><strong>nobis</strong></span> 
     </span>
    </p>
   </div>
   <div class='ocr_carea' id='block_1_80' title="bbox 1928 3834 3522 3904">
    <p class='ocr_par' dir='ltr' id='par_1_80' title="bbox 1928 3834 3522 3904">
     <span class='ocr_line' id='line_1_80' title="bbox 1928 3834 3522 3904; baseline -0.006 -10"><span class='ocrx_word' id='word_1_565' title='bbox 1928 3840 2233 3894; x_wconf 84' lang='lat' dir='ltr'><strong>obtrudunt</strong></span> <span class='ocrx_word' id='word_1_566' title='bbox 2298 3837 2770 3901; x_wconf 83' lang='lat' dir='ltr'><strong>consuetudines,</strong></span> <span class='ocrx_word' id='word_1_567' title='bbox 2840 3850 2980 3904; x_wconf 81' lang='lat' dir='ltr'><strong>quas</strong></span> <span class='ocrx_word' id='word_1_568' title='bbox 3055 3834 3348 3889; x_wconf 89' lang='lat' dir='ltr'><strong>admittere</strong></span> <span class='ocrx_word' id='word_1_569' title='bbox 3411 3848 3522 3885; x_wconf 90' lang='lat' dir='ltr'><strong>non</strong></span> 
     </span>
    </p>
   </div>
   <div class='ocr_carea' id='block_1_81' title="bbox 1928 3924 3528 3996">
    <p class='ocr_par' dir='ltr' id='par_1_81' title="bbox 1928 3924 3528 3996">
     <span class='ocr_line' id='line_1_81' title="bbox 1928 3924 3528 3996; baseline -0.006 -9"><span class='ocrx_word' id='word_1_570' title='bbox 1928 3932 2219 3996; x_wconf 81' lang='lat' dir='ltr'><strong>debemus,</strong></span> <span class='ocrx_word' id='word_1_571' title='bbox 2289 3947 2414 3985; x_wconf 89' lang='lat' dir='ltr'><strong>eum</strong></span> <span class='ocrx_word' id='word_1_572' title='bbox 2491 3929 2724 3983; x_wconf 74' lang='lat' dir='ltr'><strong>Romani</strong></span> <span class='ocrx_word' id='word_1_573' title='bbox 2777 3929 2955 3983; x_wconf 89' lang='lat' dir='ltr'><strong>simus</strong></span> <span class='ocrx_word' id='word_1_574' title='bbox 2995 3928 3064 3981; x_wconf 79' lang='grc'><strong>⁸⁸.</strong></span> <span class='ocrx_word' id='word_1_575' title='bbox 3116 3945 3134 3977; x_wconf 73' lang='grc' dir='ltr'><strong>ι</strong></span> <span class='ocrx_word' id='word_1_576' title='bbox 3212 3924 3375 3979; x_wconf 85' lang='lat' dir='ltr'><strong>Vides</strong></span> <span class='ocrx_word' id='word_1_577' title='bbox 3434 3924 3528 3978; x_wconf 86' lang='lat' dir='ltr'><strong>hic</strong></span> 
     </span>
    </p>
   </div>
   <div class='ocr_carea' id='block_1_82' title="bbox 1924 4016 3621 4093">
    <p class='ocr_par' dir='ltr' id='par_1_82' title="bbox 1924 4016 3621 4093">
     <span class='ocr_line' id='line_1_82' title="bbox 1924 4016 3621 4093; baseline -0.002 -16"><span class='ocrx_word' id='word_1_578' title='bbox 1924 4024 2308 4092; x_wconf 81' lang='lat' dir='ltr'><strong>Philippenses</strong></span> <span class='ocrx_word' id='word_1_579' title='bbox 2377 4023 2538 4075; x_wconf 91' lang='lat' dir='ltr'><strong>titulo</strong></span> <span class='ocrx_word' id='word_1_580' title='bbox 2600 4036 2660 4076; x_wconf 90' lang='lat' dir='ltr'><strong>se</strong></span> <span class='ocrx_word' id='word_1_581' title='bbox 2715 4020 2967 4075; x_wconf 75' lang='lat' dir='ltr'><strong>Romano</strong></span> <span class='ocrx_word' id='word_1_582' title='bbox 3018 4017 3391 4072; x_wconf 88' lang='lat' dir='ltr'><strong>venditantes.</strong></span> <span class='ocrx_word' id='word_1_583' title='bbox 3452 4016 3525 4073; x_wconf 78' lang='grc' dir='ltr'>Ει</span> <span class='ocrx_word' id='word_1_584' title='bbox 3618 4090 3621 4093; x_wconf 8' lang='grc' dir='ltr'>ἰ</span> 
     </span>
    </p>
   </div>
   <div class='ocr_carea' id='block_1_83' title="bbox 1928 4110 3529 4189">
    <p class='ocr_par' dir='ltr' id='par_1_83' title="bbox 1928 4110 3529 4189">
     <span class='ocr_line' id='line_1_83' title="bbox 1928 4110 3529 4189; baseline -0.006 -17"><span class='ocrx_word' id='word_1_585' title='bbox 1928 4126 2052 4189; x_wconf 90' lang='lat' dir='ltr'><strong>post</strong></span> <span class='ocrx_word' id='word_1_586' title='bbox 2098 4132 2164 4171; x_wconf 92' lang='lat' dir='ltr'><strong>ea</strong></span> <span class='ocrx_word' id='word_1_587' title='bbox 2219 4125 2489 4185; x_wconf 89' lang='lat' dir='ltr'><strong>tempora,</strong></span> <span class='ocrx_word' id='word_1_588' title='bbox 2543 4113 2820 4182; x_wconf 82' lang='lat' dir='ltr'><strong>Josephus</strong></span> <span class='ocrx_word' id='word_1_589' title='bbox 2868 4129 2900 4167; x_wconf 92' lang='lat' dir='ltr'><strong>a</strong></span> <span class='ocrx_word' id='word_1_590' title='bbox 2953 4110 3183 4167; x_wconf 82' lang='lat' dir='ltr'><strong>Judaica</strong></span> <span class='ocrx_word' id='word_1_591' title='bbox 3219 4110 3529 4179; x_wconf 84' lang='lat' dir='ltr'><strong>propagine</strong></span> 
     </span>
    </p>
   </div>
   <div class='ocr_carea' id='block_1_84' title="bbox 1927 4200 3531 4281">
    <p class='ocr_par' dir='ltr' id='par_1_84' title="bbox 1927 4200 3531 4281">
     <span class='ocr_line' id='line_1_84' title="bbox 1927 4200 3531 4281; baseline -0.007 -18"><span class='ocrx_word' id='word_1_592' title='bbox 1927 4209 2164 4281; x_wconf 81' lang='lat' dir='ltr'><strong>genuina</strong></span> <span class='ocrx_word' id='word_1_593' title='bbox 2202 4208 2440 4277; x_wconf 85' lang='lat' dir='ltr'><strong>genitus,</strong></span> <span class='ocrx_word' id='word_1_594' title='bbox 2481 4216 2535 4260; x_wconf 91' lang='lat' dir='ltr'><strong>et</strong></span> <span class='ocrx_word' id='word_1_595' title='bbox 2591 4205 2822 4274; x_wconf 83' lang='lat' dir='ltr'><strong>patriam</strong></span> <span class='ocrx_word' id='word_1_596' title='bbox 2856 4205 3087 4259; x_wconf 81' lang='lat' dir='ltr'><strong>sortitus</strong></span> <span class='ocrx_word' id='word_1_597' title='bbox 3132 4200 3459 4263; x_wconf 87' lang='lat' dir='ltr'><strong>Jerusalem,</strong></span> <span class='ocrx_word' id='word_1_598' title='bbox 3492 4216 3531 4253; x_wconf 80' lang='grc' dir='ltr'><strong>ο</strong></span> 
     </span>
    </p>
   </div>
   <div class='ocr_carea' id='block_1_85' title="bbox 1927 4297 3529 4367">
    <p class='ocr_par' dir='ltr' id='par_1_85' title="bbox 1927 4297 3529 4367">
     <span class='ocr_line' id='line_1_85' title="bbox 1927 4297 3529 4367; baseline -0.008 -7"><span class='ocrx_word' id='word_1_599' title='bbox 1927 4305 2274 4360; x_wconf 81' lang='lat' dir='ltr'><strong>sacerdotum</strong></span> <span class='ocrx_word' id='word_1_600' title='bbox 2338 4299 2508 4367; x_wconf 88' lang='lat' dir='ltr'><strong>stirpe</strong></span> <span class='ocrx_word' id='word_1_601' title='bbox 2551 4297 2812 4352; x_wconf 85' lang='lat' dir='ltr'><strong>sacerdos</strong></span> <span class='ocrx_word' id='word_1_602' title='bbox 2871 4298 2989 4366; x_wconf 86' lang='lat' dir='ltr'><strong>ipse</strong></span> <span class='ocrx_word' id='word_1_603' title='bbox 3022 4336 3039 4361; x_wconf 89' lang='lat'><strong>,</strong></span> <span class='ocrx_word' id='word_1_604' title='bbox 3132 4304 3315 4348; x_wconf 89' lang='lat' dir='ltr'><strong>tamen</strong></span> <span class='ocrx_word' id='word_1_605' title='bbox 3369 4308 3529 4347; x_wconf 73' lang='lat' dir='ltr'><strong>more</strong></span> 
     </span>
    </p>
   </div>
   <div class='ocr_carea' id='block_1_86' title="bbox 1930 4385 3528 4458">
    <p class='ocr_par' dir='ltr' id='par_1_86' title="bbox 1930 4385 3528 4458">
     <span class='ocr_line' id='line_1_86' title="bbox 1930 4385 3528 4458; baseline -0.009 -6"><span class='ocrx_word' id='word_1_606' title='bbox 1930 4399 2182 4452; x_wconf 82' lang='lat' dir='ltr'><strong>Romano</strong></span> <span class='ocrx_word' id='word_1_607' title='bbox 2241 4392 2459 4447; x_wconf 77' lang='lat' dir='ltr'><strong>Flavius</strong></span> <span class='ocrx_word' id='word_1_608' title='bbox 2516 4391 2802 4445; x_wconf 86' lang='lat' dir='ltr'><strong>dicebatur</strong></span> <span class='ocrx_word' id='word_1_609' title='bbox 2850 4406 2867 4443; x_wconf 85' lang='lat'><strong><em>:</em></strong></span> <span class='ocrx_word' id='word_1_610' title='bbox 2937 4402 3103 4458; x_wconf 87' lang='lat' dir='ltr'><strong>quem</strong></span> <span class='ocrx_word' id='word_1_611' title='bbox 3160 4386 3239 4442; x_wconf 84' lang='lat' dir='ltr'><strong>illi</strong></span> <span class='ocrx_word' id='word_1_612' title='bbox 3294 4385 3528 4440; x_wconf 80' lang='lat' dir='ltr'><strong>honoris</strong></span> 
     </span>
    </p>
   </div>
   <div class='ocr_carea' id='block_1_87' title="bbox 238 4464 1846 4554">
    <p class='ocr_par' dir='ltr' id='par_1_87' title="bbox 238 4474 1821 4549">
     <span class='ocr_line' id='line_1_87' title="bbox 238 4474 1821 4549; baseline -0.001 -18"><span class='ocrx_word' id='word_1_613' title='bbox 238 4478 512 4549; x_wconf 77' lang='grc' dir='ltr'>Ἐϐραίων</span> <span class='ocrx_word' id='word_1_614' title='bbox 538 4496 598 4532; x_wconf 87' lang='grc' dir='ltr'><strong>τε</strong></span> <span class='ocrx_word' id='word_1_615' title='bbox 628 4480 861 4549; x_wconf 86' lang='grc' dir='ltr'>γνησίας</span> <span class='ocrx_word' id='word_1_616' title='bbox 892 4479 1104 4548; x_wconf 83' lang='grc' dir='ltr'>σπορᾶς</span> <span class='ocrx_word' id='word_1_617' title='bbox 1127 4476 1527 4547; x_wconf 76' lang='grc' dir='ltr'>ἐκϐλαστήσας,</span> <span class='ocrx_word' id='word_1_618' title='bbox 1560 4476 1655 4528; x_wconf 80' lang='grc' dir='ltr'>καὶ</span> <span class='ocrx_word' id='word_1_619' title='bbox 1678 4474 1821 4529; x_wconf 75' lang='grc' dir='ltr'>αὐτὰ</span> 
     </span>
    </p>
   </div>
   <div class='ocr_carea' id='block_1_88' title="bbox 1933 4464 3525 4554">
    <p class='ocr_par' dir='ltr' id='par_1_88' title="bbox 1933 4477 3525 4554">
     <span class='ocr_line' id='line_1_88' title="bbox 1933 4477 3525 4554; baseline -0.008 -10"><span class='ocrx_word' id='word_1_620' title='bbox 1933 4489 2185 4551; x_wconf 88' lang='lat' dir='ltr'><strong>titulum,</strong></span> <span class='ocrx_word' id='word_1_621' title='bbox 2245 4483 2567 4554; x_wconf 82' lang='lat' dir='ltr'><strong>Vespasiani</strong></span> <span class='ocrx_word' id='word_1_622' title='bbox 2624 4496 2938 4552; x_wconf 72' lang='lat' dir='ltr'><strong>prmnomen</strong></span> <span class='ocrx_word' id='word_1_623' title='bbox 2994 4479 3164 4543; x_wconf 88' lang='lat' dir='ltr'><strong>dedit,</strong></span> <span class='ocrx_word' id='word_1_624' title='bbox 3223 4493 3348 4533; x_wconf 90' lang='lat' dir='ltr'><strong>eum</strong></span> <span class='ocrx_word' id='word_1_625' title='bbox 3407 4477 3525 4532; x_wconf 81' lang='lat' dir='ltr'><strong>illis</strong></span> 
     </span>
    </p>
   </div>
   <div class='ocr_carea' id='block_1_89' title="bbox 231 4568 1820 4642">
    <p class='ocr_par' dir='ltr' id='par_1_89' title="bbox 231 4568 1820 4642">
     <span class='ocr_line' id='line_1_89' title="bbox 231 4568 1820 4642; baseline -0.001 -19"><span class='ocrx_word' id='word_1_626' title='bbox 231 4570 471 4641; x_wconf 78' lang='grc' dir='ltr'>πατρίδα</span> <span class='ocrx_word' id='word_1_627' title='bbox 500 4571 569 4623; x_wconf 80' lang='grc' dir='ltr'>τὰ</span> <span class='ocrx_word' id='word_1_628' title='bbox 608 4570 962 4642; x_wconf 83' lang='grc' dir='ltr'>Ἰεροσόλυμα</span> <span class='ocrx_word' id='word_1_629' title='bbox 1002 4569 1447 4640; x_wconf 81' lang='grc' dir='ltr'>κεκληρωμένος,</span> <span class='ocrx_word' id='word_1_630' title='bbox 1513 4568 1573 4634; x_wconf 70' lang='grc' dir='ltr'>ἐξ</span> <span class='ocrx_word' id='word_1_631' title='bbox 1624 4568 1820 4638; x_wconf 81' lang='grc' dir='ltr'>ἱερέων</span> 
     </span>
    </p>
   </div>
   <div class='ocr_carea' id='block_1_90' title="bbox 223 4659 1821 4732">
    <p class='ocr_par' dir='ltr' id='par_1_90' title="bbox 223 4659 1821 4732">
     <span class='ocr_line' id='line_1_90' title="bbox 223 4659 1821 4732; baseline -0.001 -17"><span class='ocrx_word' id='word_1_632' title='bbox 223 4680 289 4716; x_wconf 87' lang='grc' dir='ltr'><strong>τε</strong></span> <span class='ocrx_word' id='word_1_633' title='bbox 321 4664 417 4715; x_wconf 75' lang='grc' dir='ltr'>καὶ</span> <span class='ocrx_word' id='word_1_634' title='bbox 449 4662 631 4732; x_wconf 78' lang='grc' dir='ltr'>ἱερεὺς</span> <span class='ocrx_word' id='word_1_635' title='bbox 678 4662 810 4715; x_wconf 81' lang='grc' dir='ltr'>αὐτὸ</span> <span class='ocrx_word' id='word_1_636' title='bbox 845 4662 1008 4715; x_wconf 90' lang='grc' dir='ltr'>τοῦτο</span> <span class='ocrx_word' id='word_1_637' title='bbox 1065 4660 1441 4732; x_wconf 87' lang='grc' dir='ltr'>χρηματίσας,</span> <span class='ocrx_word' id='word_1_638' title='bbox 1479 4659 1621 4732; x_wconf 81' lang='grc' dir='ltr'>πλὴν</span> <span class='ocrx_word' id='word_1_639' title='bbox 1682 4660 1821 4730; x_wconf 81' lang='grc' dir='ltr'>πρὸς</span> 
     </span>
    </p>
   </div>
   <div class='ocr_carea' id='block_1_91' title="bbox 221 4751 1821 4825">
    <p class='ocr_par' dir='ltr' id='par_1_91' title="bbox 221 4751 1821 4825">
     <span class='ocr_line' id='line_1_91' title="bbox 221 4751 1821 4825; baseline -0.002 -18"><span class='ocrx_word' id='word_1_640' title='bbox 221 4756 294 4825; x_wconf 81' lang='grc' dir='ltr'>τῇ</span> <span class='ocrx_word' id='word_1_641' title='bbox 338 4753 632 4824; x_wconf 80' lang='grc' dir='ltr'>Ῥωμαίων</span> <span class='ocrx_word' id='word_1_642' title='bbox 667 4752 883 4823; x_wconf 88' lang='grc' dir='ltr'>κλήσει,</span> <span class='ocrx_word' id='word_1_643' title='bbox 930 4752 1028 4806; x_wconf 79' lang='grc' dir='ltr'>καὶ</span> <span class='ocrx_word' id='word_1_644' title='bbox 1053 4754 1154 4822; x_wconf 85' lang='grc' dir='ltr'><strong>τὴν</strong></span> <span class='ocrx_word' id='word_1_645' title='bbox 1190 4751 1449 4818; x_wconf 80' lang='grc' dir='ltr'>Φλάϐιος</span> <span class='ocrx_word' id='word_1_646' title='bbox 1474 4751 1821 4822; x_wconf 77' lang='grc' dir='ltr'>ἐπεγράφετο</span> 
     </span>
    </p>
   </div>
   <div class='ocr_carea' id='block_1_92' title="bbox 224 4844 1821 4919">
    <p class='ocr_par' dir='ltr' id='par_1_92' title="bbox 224 4844 1821 4919">
     <span class='ocr_line' id='line_1_92' title="bbox 224 4844 1821 4919; baseline -0.001 -18"><span class='ocrx_word' id='word_1_647' title='bbox 224 4847 654 4919; x_wconf 59' lang='grc' dir='ltr'>προσηγορίαν</span> <span class='ocrx_word' id='word_1_648' title='bbox 704 4846 733 4899; x_wconf 85' lang='grc' dir='ltr'><strong>ὃ</strong></span> <span class='ocrx_word' id='word_1_649' title='bbox 777 4846 951 4917; x_wconf 84' lang='grc' dir='ltr'>γέρας</span> <span class='ocrx_word' id='word_1_650' title='bbox 1000 4847 1034 4916; x_wconf 87' lang='grc' dir='ltr'><strong>ή</strong></span> <span class='ocrx_word' id='word_1_651' title='bbox 1082 4844 1181 4899; x_wconf 87' lang='grc' dir='ltr'><strong>τοῦ</strong></span> <span class='ocrx_word' id='word_1_652' title='bbox 1230 4846 1650 4900; x_wconf 83' lang='grc' dir='ltr'>Οὐεσπασιανοῦ</span> <span class='ocrx_word' id='word_1_653' title='bbox 1719 4848 1821 4899; x_wconf 80' lang='grc' dir='ltr'><strong>ὲπ-</strong></span> 
     </span>
    </p>
   </div>
   <div class='ocr_carea' id='block_1_93' title="bbox 220 4938 1821 5011">
    <p class='ocr_par' dir='ltr' id='par_1_93' title="bbox 220 4938 1821 5011">
     <span class='ocr_line' id='line_1_93' title="bbox 220 4938 1821 5011; baseline -0.002 -16"><span class='ocrx_word' id='word_1_654' title='bbox 220 4942 442 5011; x_wconf 80' lang='grc' dir='ltr'>ωνυμία</span> <span class='ocrx_word' id='word_1_655' title='bbox 456 4942 570 5005; x_wconf 83' lang='grc' dir='ltr'>τοῖς</span> <span class='ocrx_word' id='word_1_656' title='bbox 598 4939 915 5011; x_wconf 83' lang='grc' dir='ltr'>Ῥωμαϊκὴν</span> <span class='ocrx_word' id='word_1_657' title='bbox 950 4938 1211 5009; x_wconf 80' lang='grc' dir='ltr'>αὐχοῦσιν</span> <span class='ocrx_word' id='word_1_658' title='bbox 1237 4938 1337 5010; x_wconf 79' lang='grc' dir='ltr'>τὴν</span> <span class='ocrx_word' id='word_1_659' title='bbox 1361 4938 1686 5007; x_wconf 87' lang='grc' dir='ltr'>συγγένειαν</span> <span class='ocrx_word' id='word_1_660' title='bbox 1712 4938 1821 4991; x_wconf 84' lang='grc' dir='ltr'>ὲδί-</span> 
     </span>
    </p>
   </div>
   <div class='ocr_carea' id='block_1_94' title="bbox 221 5031 1821 5103">
    <p class='ocr_par' dir='ltr' id='par_1_94' title="bbox 221 5031 1821 5103">
     <span class='ocr_line' id='line_1_94' title="bbox 221 5031 1821 5103; baseline -0.001 -16"><span class='ocrx_word' id='word_1_661' title='bbox 221 5035 343 5089; x_wconf 67' lang='grc' dir='ltr'>δ’)υ.</span> <span class='ocrx_word' id='word_1_662' title='bbox 400 5034 512 5087; x_wconf 76' lang='grc' dir='ltr'><strong>Καὶ</strong></span> <span class='ocrx_word' id='word_1_663' title='bbox 563 5033 627 5087; x_wconf 93' lang='grc' dir='ltr'><strong>οὐ</strong></span> <span class='ocrx_word' id='word_1_664' title='bbox 663 5034 825 5103; x_wconf 86' lang='grc' dir='ltr'>μόνον</span> <span class='ocrx_word' id='word_1_665' title='bbox 888 5033 1163 5103; x_wconf 84' lang='grc' dir='ltr'>Ῥωμαῖον</span> <span class='ocrx_word' id='word_1_666' title='bbox 1224 5033 1389 5086; x_wconf 84' lang='grc' dir='ltr'>αὐτὸν</span> <span class='ocrx_word' id='word_1_667' title='bbox 1440 5033 1536 5086; x_wconf 78' lang='grc' dir='ltr'><strong>καὶ</strong></span> <span class='ocrx_word' id='word_1_668' title='bbox 1590 5031 1821 5086; x_wconf 76' lang='grc' dir='ltr'>Φλάϐιον</span> 
     </span>
    </p>
   </div>
   <div class='ocr_carea' id='block_1_95' title="bbox 226 5124 1821 5195">
    <p class='ocr_par' dir='ltr' id='par_1_95' title="bbox 226 5124 1821 5195">
     <span class='ocr_line' id='line_1_95' title="bbox 226 5124 1821 5195; baseline -0.001 -17"><span class='ocrx_word' id='word_1_669' title='bbox 226 5126 565 5195; x_wconf 80' lang='grc' dir='ltr'>ἀναγράφων</span> <span class='ocrx_word' id='word_1_670' title='bbox 600 5124 841 5195; x_wconf 86' lang='grc' dir='ltr'>οὐδαμοῦ</span> <span class='ocrx_word' id='word_1_671' title='bbox 876 5125 1057 5192; x_wconf 79' lang='grc' dir='ltr'>ξενίας</span> <span class='ocrx_word' id='word_1_672' title='bbox 1110 5127 1139 5178; x_wconf 92' lang='lat'><strong>6</strong></span> <span class='ocrx_word' id='word_1_673' title='bbox 1190 5124 1455 5194; x_wconf 86' lang='grc' dir='ltr'>Ἰώσηπος</span> <span class='ocrx_word' id='word_1_674' title='bbox 1484 5125 1661 5177; x_wconf 75' lang='grc' dir='ltr'>ἑάλω·</span> <span class='ocrx_word' id='word_1_675' title='bbox 1696 5125 1821 5177; x_wconf 86' lang='grc' dir='ltr'>καί-</span> 
     </span>
    </p>
   </div>
   <div class='ocr_carea' id='block_1_96' title="bbox 224 5216 1821 5290">
    <p class='ocr_par' dir='ltr' id='par_1_96' title="bbox 224 5216 1821 5290">
     <span class='ocr_line' id='line_1_96' title="bbox 224 5216 1821 5290; baseline -0.002 -18"><span class='ocrx_word' id='word_1_676' title='bbox 224 5236 315 5272; x_wconf 85' lang='grc' dir='ltr'><strong>τοι</strong></span> <span class='ocrx_word' id='word_1_677' title='bbox 340 5218 553 5271; x_wconf 83' lang='grc' dir='ltr'>πολλῶν</span> <span class='ocrx_word' id='word_1_678' title='bbox 607 5218 685 5290; x_wconf 82' lang='grc' dir='ltr'>τῷ</span> <span class='ocrx_word' id='word_1_679' title='bbox 718 5218 902 5288; x_wconf 81' lang='grc' dir='ltr'>φθόνῳ</span> <span class='ocrx_word' id='word_1_680' title='bbox 949 5218 1070 5270; x_wconf 91' lang='grc' dir='ltr'>κατ’</span> <span class='ocrx_word' id='word_1_681' title='bbox 1122 5216 1291 5270; x_wconf 87' lang='grc' dir='ltr'>αὐτοῦ</span> <span class='ocrx_word' id='word_1_682' title='bbox 1326 5216 1629 5286; x_wconf 83' lang='grc' dir='ltr'>βαλλόντων</span> <span class='ocrx_word' id='word_1_683' title='bbox 1655 5233 1670 5248; x_wconf 88' lang='grc'><strong>·</strong></span> <span class='ocrx_word' id='word_1_684' title='bbox 1703 5216 1821 5270; x_wconf 86' lang='grc' dir='ltr'>ἀλλ’</span> 
     </span>
    </p>
   </div>
   <div class='ocr_carea' id='block_1_97' title="bbox 222 5308 1820 5383">
    <p class='ocr_par' dir='ltr' id='par_1_97' title="bbox 222 5308 1820 5383">
     <span class='ocr_line' id='line_1_97' title="bbox 222 5308 1820 5383; baseline -0.001 -19"><span class='ocrx_word' id='word_1_685' title='bbox 222 5311 341 5365; x_wconf 78' lang='grc' dir='ltr'>οὐδ’</span> <span class='ocrx_word' id='word_1_686' title='bbox 377 5310 602 5377; x_wconf 79' lang='grc' dir='ltr'>ἔνδειξιν</span> <span class='ocrx_word' id='word_1_687' title='bbox 630 5312 885 5383; x_wconf 80' lang='grc' dir='ltr'>εἰσήχθη.</span> <span class='ocrx_word' id='word_1_688' title='bbox 931 5311 994 5364; x_wconf 88' lang='grc' dir='ltr'>Εί</span> <span class='ocrx_word' id='word_1_689' title='bbox 1048 5309 1229 5381; x_wconf 83' lang='grc' dir='ltr'>βούλει</span> <span class='ocrx_word' id='word_1_690' title='bbox 1265 5310 1324 5363; x_wconf 79' lang='grc' dir='ltr'>δὲ</span> <span class='ocrx_word' id='word_1_691' title='bbox 1358 5312 1454 5364; x_wconf 80' lang='grc' dir='ltr'>καὶ</span> <span class='ocrx_word' id='word_1_692' title='bbox 1510 5308 1650 5379; x_wconf 85' lang='grc' dir='ltr'>αὐτὴ</span> <span class='ocrx_word' id='word_1_693' title='bbox 1708 5310 1820 5362; x_wconf 83' lang='grc' dir='ltr'><strong>τῶν</strong></span> 
     </span>
    </p>
   </div>
   <div class='ocr_carea' id='block_1_98' title="bbox 234 5401 1818 5474">
    <p class='ocr_par' dir='ltr' id='par_1_98' title="bbox 234 5401 1818 5474">
     <span class='ocr_line' id='line_1_98' title="bbox 234 5401 1818 5474; baseline 0 -19"><span class='ocrx_word' id='word_1_694' title='bbox 234 5402 636 5474; x_wconf 84' lang='grc' dir='ltr'>Ἱεροσολύμων</span> <span class='ocrx_word' id='word_1_695' title='bbox 698 5405 733 5472; x_wconf 88' lang='grc' dir='ltr'><strong>ή</strong></span> <span class='ocrx_word' id='word_1_696' title='bbox 803 5401 982 5467; x_wconf 89' lang='grc' dir='ltr'>πόλις,</span> <span class='ocrx_word' id='word_1_697' title='bbox 1028 5404 1244 5470; x_wconf 84' lang='grc' dir='ltr'>γενεαῖς</span> <span class='ocrx_word' id='word_1_698' title='bbox 1286 5401 1546 5472; x_wconf 80' lang='grc' dir='ltr'>ὑστέραις</span> <span class='ocrx_word' id='word_1_699' title='bbox 1602 5403 1667 5455; x_wconf 84' lang='grc' dir='ltr'>ὲκ</span> <span class='ocrx_word' id='word_1_700' title='bbox 1717 5403 1818 5472; x_wconf 83' lang='grc' dir='ltr'><strong>τῆς</strong></span> 
     </span>
    </p>
   </div>
   <div class='ocr_carea' id='block_1_99' title="bbox 233 5494 1814 5569">
    <p class='ocr_par' dir='ltr' id='par_1_99' title="bbox 233 5494 1814 5569">
     <span class='ocr_line' id='line_1_99' title="bbox 233 5494 1814 5569; baseline -0.002 -18"><span class='ocrx_word' id='word_1_701' title='bbox 233 5496 521 5568; x_wconf 81' lang='grc' dir='ltr'>Ἀδριανοῦ</span> <span class='ocrx_word' id='word_1_702' title='bbox 552 5496 944 5569; x_wconf 83' lang='grc' dir='ltr'>προσωνυμίας</span> <span class='ocrx_word' id='word_1_703' title='bbox 976 5496 1077 5565; x_wconf 83' lang='grc' dir='ltr'>τὴν</span> <span class='ocrx_word' id='word_1_704' title='bbox 1108 5495 1308 5549; x_wconf 80' lang='grc' dir='ltr'>Αἰλίων</span> <span class='ocrx_word' id='word_1_705' title='bbox 1332 5495 1523 5565; x_wconf 80' lang='grc' dir='ltr'>κλῆσιν</span> <span class='ocrx_word' id='word_1_706' title='bbox 1551 5494 1814 5565; x_wconf 86' lang='grc' dir='ltr'>λαχοῦσα,</span> 
     </span>
    </p>
   </div>
   <div class='ocr_carea' id='block_1_100' title="bbox 298 5610 781 5679">
    <p class='ocr_par' dir='ltr' id='par_1_100' title="bbox 298 5610 781 5679">
     <span class='ocr_line' id='line_1_100' title="bbox 298 5610 781 5679; baseline 0 -14"><span class='ocrx_word' id='word_1_707' title='bbox 298 5610 347 5640; x_wconf 80' lang='grc'>⁸⁸</span> <span class='ocrx_word' id='word_1_708' title='bbox 387 5613 509 5667; x_wconf 85' lang='lat' dir='ltr'><strong>Act.</strong></span> <span class='ocrx_word' id='word_1_709' title='bbox 546 5628 660 5679; x_wconf 72' lang='lat' dir='ltr'><strong>xw,</strong></span> <span class='ocrx_word' id='word_1_710' title='bbox 689 5611 781 5665; x_wconf 68' lang='lat'><strong>20.</strong></span> 
     </span>
    </p>
   </div>
   <div class='ocr_carea' id='block_1_101' title="bbox 1928 4570 3523 4646">
    <p class='ocr_par' dir='ltr' id='par_1_101' title="bbox 1928 4570 3523 4646">
     <span class='ocr_line' id='line_1_101' title="bbox 1928 4570 3523 4646; baseline -0.009 -8"><span class='ocrx_word' id='word_1_711' title='bbox 1928 4595 2302 4641; x_wconf 89' lang='lat' dir='ltr'><strong>communem,</strong></span> <span class='ocrx_word' id='word_1_712' title='bbox 2369 4577 2465 4646; x_wconf 84' lang='lat' dir='ltr'><strong>qui</strong></span> <span class='ocrx_word' id='word_1_713' title='bbox 2536 4573 3014 4645; x_wconf 72' lang='lat' dir='ltr'><strong>consanguinitate</strong></span> <span class='ocrx_word' id='word_1_714' title='bbox 3066 4587 3191 4629; x_wconf 88' lang='lat' dir='ltr'><strong>cum</strong></span> <span class='ocrx_word' id='word_1_715' title='bbox 3253 4570 3523 4625; x_wconf 63' lang='lat' dir='ltr'><strong>Romanis</strong></span> 
     </span>
    </p>
   </div>
   <div class='ocr_carea' id='block_1_102' title="bbox 1928 4661 3517 4737">
    <p class='ocr_par' dir='ltr' id='par_1_102' title="bbox 1928 4661 3517 4737">
     <span class='ocr_line' id='line_1_102' title="bbox 1928 4661 3517 4737; baseline -0.011 -6"><span class='ocrx_word' id='word_1_716' title='bbox 1928 4671 2335 4731; x_wconf 62' lang='lat' dir='ltr'><strong>efferebantur?</strong></span> <span class='ocrx_word' id='word_1_717' title='bbox 2388 4668 2499 4724; x_wconf 88' lang='lat' dir='ltr'><strong>Nec</strong></span> <span class='ocrx_word' id='word_1_718' title='bbox 2521 4668 2782 4737; x_wconf 78' lang='lat' dir='ltr'><strong>Josepho,</strong></span> <span class='ocrx_word' id='word_1_719' title='bbox 2814 4668 2907 4736; x_wconf 92' lang='lat' dir='ltr'><strong>qui</strong></span> <span class='ocrx_word' id='word_1_720' title='bbox 2944 4666 3255 4720; x_wconf 78' lang='lat' dir='ltr'><strong>Romanum</strong></span> <span class='ocrx_word' id='word_1_721' title='bbox 3303 4672 3358 4717; x_wconf 91' lang='lat' dir='ltr'><strong>et</strong></span> <span class='ocrx_word' id='word_1_722' title='bbox 3389 4661 3517 4715; x_wconf 87' lang='lat' dir='ltr'><strong>Fla-</strong></span> 
     </span>
    </p>
   </div>
   <div class='ocr_carea' id='block_1_103' title="bbox 1928 4754 3515 4834">
    <p class='ocr_par' dir='ltr' id='par_1_103' title="bbox 1928 4754 3515 4834">
     <span class='ocr_line' id='line_1_103' title="bbox 1928 4754 3515 4834; baseline -0.008 -16"><span class='ocrx_word' id='word_1_723' title='bbox 1928 4767 2079 4819; x_wconf 84' lang='lat' dir='ltr'><strong>vium</strong></span> <span class='ocrx_word' id='word_1_724' title='bbox 2120 4763 2462 4834; x_wconf 87' lang='lat' dir='ltr'><strong>indigitabat,</strong></span> <span class='ocrx_word' id='word_1_725' title='bbox 2502 4762 2679 4817; x_wconf 90' lang='lat' dir='ltr'><strong>dicam</strong></span> <span class='ocrx_word' id='word_1_726' title='bbox 2705 4760 2873 4829; x_wconf 87' lang='lat' dir='ltr'><strong>aliqui</strong></span> <span class='ocrx_word' id='word_1_727' title='bbox 2909 4757 3090 4822; x_wconf 77' lang='grc' dir='ltr'>ξενίας</span> <span class='ocrx_word' id='word_1_728' title='bbox 3142 4754 3515 4823; x_wconf 86' lang='lat' dir='ltr'><strong>inscripsere;</strong></span> 
     </span>
    </p>
   </div>
   <div class='ocr_carea' id='block_1_104' title="bbox 1925 4850 3519 4922">
    <p class='ocr_par' dir='ltr' id='par_1_104' title="bbox 1925 4850 3519 4922">
     <span class='ocr_line' id='line_1_104' title="bbox 1925 4850 3519 4922; baseline -0.01 -9"><span class='ocrx_word' id='word_1_729' title='bbox 1925 4873 2050 4913; x_wconf 91' lang='lat' dir='ltr'><strong>cum</strong></span> <span class='ocrx_word' id='word_1_730' title='bbox 2104 4868 2286 4911; x_wconf 88' lang='lat' dir='ltr'><strong>tamen</strong></span> <span class='ocrx_word' id='word_1_731' title='bbox 2340 4872 2407 4910; x_wconf 73' lang='lat' dir='ltr'><strong>ex</strong></span> <span class='ocrx_word' id='word_1_732' title='bbox 2441 4855 2641 4908; x_wconf 81' lang='lat' dir='ltr'><strong>invidia</strong></span> <span class='ocrx_word' id='word_1_733' title='bbox 2687 4853 2763 4908; x_wconf 91' lang='lat' dir='ltr'><strong>illi</strong></span> <span class='ocrx_word' id='word_1_734' title='bbox 2816 4854 3002 4922; x_wconf 86' lang='lat' dir='ltr'><strong>plures</strong></span> <span class='ocrx_word' id='word_1_735' title='bbox 3050 4850 3519 4910; x_wconf 76' lang='lat' dir='ltr'><strong>adversarentur;</strong></span> 
     </span>
    </p>
   </div>
   <div class='ocr_carea' id='block_1_105' title="bbox 1926 4938 3513 5018">
    <p class='ocr_par' dir='ltr' id='par_1_105' title="bbox 1926 4938 3513 5018">
     <span class='ocr_line' id='line_1_105' title="bbox 1926 4938 3513 5018; baseline -0.008 -13"><span class='ocrx_word' id='word_1_736' title='bbox 1926 4950 2023 5005; x_wconf 82' lang='lat' dir='ltr'><strong>sed</strong></span> <span class='ocrx_word' id='word_1_737' title='bbox 2053 4963 2153 5002; x_wconf 90' lang='lat' dir='ltr'><strong>nec</strong></span> <span class='ocrx_word' id='word_1_738' title='bbox 2172 4947 2486 5018; x_wconf 88' lang='lat' dir='ltr'><strong>rapiebatur</strong></span> <span class='ocrx_word' id='word_1_739' title='bbox 2514 4945 2633 4999; x_wconf 84' lang='grc' dir='ltr'>κατ’</span> <span class='ocrx_word' id='word_1_740' title='bbox 2653 4944 2903 5010; x_wconf 76' lang='grc' dir='ltr'>ἔνδειξιν,</span> <span class='ocrx_word' id='word_1_741' title='bbox 2937 4944 3004 5001; x_wconf 85' lang='lat' dir='ltr'><strong>ad</strong></span> <span class='ocrx_word' id='word_1_742' title='bbox 3024 4941 3216 5011; x_wconf 75' lang='lat' dir='ltr'><strong>iudicii</strong></span> <span class='ocrx_word' id='word_1_743' title='bbox 3239 4938 3513 4995; x_wconf 85' lang='lat' dir='ltr'><strong>tribunal:</strong></span> 
     </span>
    </p>
   </div>
   <div class='ocr_carea' id='block_1_106' title="bbox 1926 5032 3513 5110">
    <p class='ocr_par' dir='ltr' id='par_1_106' title="bbox 1926 5032 3513 5110">
     <span class='ocr_line' id='line_1_106' title="bbox 1926 5032 3513 5110; baseline -0.008 -14"><span class='ocrx_word' id='word_1_744' title='bbox 1926 5057 2118 5097; x_wconf 88' lang='lat' dir='ltr'><strong>verum</strong></span> <span class='ocrx_word' id='word_1_745' title='bbox 2162 5050 2216 5096; x_wconf 84' lang='lat' dir='ltr'><strong>et</strong></span> <span class='ocrx_word' id='word_1_746' title='bbox 2275 5041 2393 5110; x_wconf 89' lang='lat' dir='ltr'><strong>ipsa</strong></span> <span class='ocrx_word' id='word_1_747' title='bbox 2463 5042 2593 5094; x_wconf 90' lang='lat' dir='ltr'><strong>urbs</strong></span> <span class='ocrx_word' id='word_1_748' title='bbox 2664 5035 3198 5105; x_wconf 79' lang='lat' dir='ltr'><strong>Hierosolymitana,</strong></span> <span class='ocrx_word' id='word_1_749' title='bbox 3257 5032 3513 5101; x_wconf 86' lang='lat' dir='ltr'><strong>sequenti</strong></span> 
     </span>
    </p>
   </div>
   <div class='ocr_carea' id='block_1_107' title="bbox 1924 5124 3511 5198">
    <p class='ocr_par' dir='ltr' id='par_1_107' title="bbox 1924 5124 3511 5198">
     <span class='ocr_line' id='line_1_107' title="bbox 1924 5124 3511 5198; baseline -0.009 -8"><span class='ocrx_word' id='word_1_750' title='bbox 1924 5135 2148 5198; x_wconf 65' lang='lat' dir='ltr'><strong>swenlo,</strong></span> <span class='ocrx_word' id='word_1_751' title='bbox 2217 5134 2283 5188; x_wconf 89' lang='lat' dir='ltr'><strong>de</strong></span> <span class='ocrx_word' id='word_1_752' title='bbox 2335 5132 2561 5188; x_wconf 80' lang='lat' dir='ltr'><strong>Adriani</strong></span> <span class='ocrx_word' id='word_1_753' title='bbox 2610 5132 2831 5186; x_wconf 88' lang='lat' dir='ltr'><strong>nomine</strong></span> <span class='ocrx_word' id='word_1_754' title='bbox 2869 5127 3031 5182; x_wconf 68' lang='lat' dir='ltr'><strong>A&#39;Jlia:</strong></span> <span class='ocrx_word' id='word_1_755' title='bbox 3056 5127 3215 5182; x_wconf 90' lang='lat' dir='ltr'><strong>titulo</strong></span> <span class='ocrx_word' id='word_1_756' title='bbox 3244 5124 3511 5195; x_wconf 78' lang='lat' dir='ltr'><strong>insigniu-</strong></span> 
     </span>
    </p>
   </div>
   <div class='ocr_carea' id='block_1_108' title="bbox 1927 5220 3511 5297">
    <p class='ocr_par' dir='ltr' id='par_1_108' title="bbox 1927 5220 3511 5297">
     <span class='ocr_line' id='line_1_108' title="bbox 1927 5220 3511 5297; baseline -0.008 -15"><span class='ocrx_word' id='word_1_757' title='bbox 1927 5229 2122 5293; x_wconf 89' lang='lat' dir='ltr'><strong>batnr,</strong></span> <span class='ocrx_word' id='word_1_758' title='bbox 2176 5238 2231 5282; x_wconf 88' lang='lat' dir='ltr'><strong>et</strong></span> <span class='ocrx_word' id='word_1_759' title='bbox 2286 5244 2457 5297; x_wconf 86' lang='lat' dir='ltr'><strong>genus</strong></span> <span class='ocrx_word' id='word_1_760' title='bbox 2512 5227 2616 5281; x_wconf 92' lang='lat' dir='ltr'><strong>hoc</strong></span> <span class='ocrx_word' id='word_1_761' title='bbox 2671 5234 2829 5295; x_wconf 87' lang='lat' dir='ltr'><strong>pacto</strong></span> <span class='ocrx_word' id='word_1_762' title='bbox 2891 5223 3143 5278; x_wconf 84' lang='lat' dir='ltr'><strong>indutum</strong></span> <span class='ocrx_word' id='word_1_763' title='bbox 3196 5220 3511 5289; x_wconf 83' lang='lat' dir='ltr'><strong>Romanum</strong></span> 
     </span>
    </p>
   </div>
   <div class='ocr_carea' id='block_1_109' title="bbox 1927 5308 3503 5385">
    <p class='ocr_par' dir='ltr' id='par_1_109' title="bbox 1927 5308 3503 5385">
     <span class='ocr_line' id='line_1_109' title="bbox 1927 5308 3503 5385; baseline -0.008 -13"><span class='ocrx_word' id='word_1_764' title='bbox 1927 5317 2293 5372; x_wconf 89' lang='lat' dir='ltr'><strong>communiter</strong></span> <span class='ocrx_word' id='word_1_765' title='bbox 2347 5332 2563 5385; x_wconf 87' lang='lat' dir='ltr'><strong>semper</strong></span> <span class='ocrx_word' id='word_1_766' title='bbox 2622 5315 2943 5369; x_wconf 70' lang='lat' dir='ltr'><strong>vocabatur.</strong></span> <span class='ocrx_word' id='word_1_767' title='bbox 3027 5308 3503 5377; x_wconf 83' lang='lat' dir='ltr'><strong>Quemadmodum</strong></span> 
     </span>
    </p>
   </div>
   <div class='ocr_carea' id='block_1_110' title="bbox 1924 5396 3511 5476">
    <p class='ocr_par' dir='ltr' id='par_1_110' title="bbox 1924 5396 3511 5476">
     <span class='ocr_line' id='line_1_110' title="bbox 1924 5396 3511 5476; baseline -0.007 -12"><span class='ocrx_word' id='word_1_768' title='bbox 1924 5419 2107 5465; x_wconf 87' lang='lat' dir='ltr'><strong>autem</strong></span> <span class='ocrx_word' id='word_1_769' title='bbox 2162 5409 2251 5464; x_wconf 89' lang='lat' dir='ltr'><strong>isti</strong></span> <span class='ocrx_word' id='word_1_770' title='bbox 2278 5396 2491 5471; x_wconf 80' lang='lat' dir='ltr'><strong>umnes,</strong></span> <span class='ocrx_word' id='word_1_771' title='bbox 2532 5409 2754 5463; x_wconf 83' lang='lat' dir='ltr'><strong>natione</strong></span> <span class='ocrx_word' id='word_1_772' title='bbox 2786 5416 2839 5461; x_wconf 88' lang='lat' dir='ltr'><strong>et</strong></span> <span class='ocrx_word' id='word_1_773' title='bbox 2865 5406 3043 5476; x_wconf 86' lang='lat' dir='ltr'><strong>patria</strong></span> <span class='ocrx_word' id='word_1_774' title='bbox 3083 5418 3210 5458; x_wconf 84' lang='lat' dir='ltr'><strong>cum</strong></span> <span class='ocrx_word' id='word_1_775' title='bbox 3243 5400 3511 5469; x_wconf 86' lang='lat' dir='ltr'><strong>alienige-</strong></span> 
     </span>
    </p>
   </div>
   <div class='ocr_carea' id='block_1_111' title="bbox 1924 5492 3510 5567">
    <p class='ocr_par' dir='ltr' id='par_1_111' title="bbox 1924 5492 3510 5567">
     <span class='ocr_line' id='line_1_111' title="bbox 1924 5492 3510 5567; baseline -0.006 -13"><span class='ocrx_word' id='word_1_776' title='bbox 1924 5517 2008 5556; x_wconf 77' lang='lat' dir='ltr'><strong>na:</strong></span> <span class='ocrx_word' id='word_1_777' title='bbox 2058 5514 2263 5567; x_wconf 81' lang='lat' dir='ltr'><strong>essent,</strong></span> <span class='ocrx_word' id='word_1_778' title='bbox 2315 5503 2367 5556; x_wconf 90' lang='lat' dir='ltr'><strong>in</strong></span> <span class='ocrx_word' id='word_1_779' title='bbox 2396 5502 2673 5556; x_wconf 78' lang='lat' dir='ltr'><strong>civitatem</strong></span> <span class='ocrx_word' id='word_1_780' title='bbox 2721 5498 3025 5555; x_wconf 76' lang='lat' dir='ltr'><strong>Romanam</strong></span> <span class='ocrx_word' id='word_1_781' title='bbox 3059 5494 3217 5551; x_wconf 87' lang='lat' dir='ltr'><strong>asciti</strong></span> <span class='ocrx_word' id='word_1_782' title='bbox 3257 5492 3510 5557; x_wconf 77' lang='lat' dir='ltr'><strong>fuerant;</strong></span> 
     </span>
    </p>
   </div>
   <div class='ocr_carea' id='block_1_112' title="bbox 1762 5674 1993 5731">
    <p class='ocr_par' dir='ltr' id='par_1_112' title="bbox 1762 5674 1993 5731">
     <span class='ocr_line' id='line_1_112' title="bbox 1762 5674 1993 5731; baseline -0.004 0"><span class='ocrx_word' id='word_1_783' title='bbox 1762 5674 1993 5731; x_wconf 70' lang='lat' dir='ltr'><strong>NOTAE.</strong></span> 
     </span>
    </p>
   </div>
   <div class='ocr_carea' id='block_1_113' title="bbox 297 5771 1807 5839">
    <p class='ocr_par' dir='ltr' id='par_1_113' title="bbox 297 5771 1807 5839">
     <span class='ocr_line' id='line_1_113' title="bbox 297 5771 1807 5839; baseline -0.001 -14"><span class='ocrx_word' id='word_1_784' title='bbox 297 5773 413 5838; x_wconf 71' lang='lat'><strong>(2|)</strong></span> <span class='ocrx_word' id='word_1_785' title='bbox 445 5772 570 5828; x_wconf 64' lang='lat' dir='ltr'><strong>llaec</strong></span> <span class='ocrx_word' id='word_1_786' title='bbox 592 5783 823 5839; x_wconf 73' lang='lat' dir='ltr'><strong>quaestio</strong></span> <span class='ocrx_word' id='word_1_787' title='bbox 849 5776 901 5829; x_wconf 91' lang='lat' dir='ltr'><strong>in</strong></span> <span class='ocrx_word' id='word_1_788' title='bbox 928 5775 1049 5830; x_wconf 85' lang='lat' dir='ltr'><strong>eod.</strong></span> <span class='ocrx_word' id='word_1_789' title='bbox 1094 5772 1318 5827; x_wconf 86' lang='lat' dir='ltr'><strong>Tanrin.</strong></span> <span class='ocrx_word' id='word_1_790' title='bbox 1354 5771 1533 5825; x_wconf 84' lang='lat' dir='ltr'><strong>indice</strong></span> <span class='ocrx_word' id='word_1_791' title='bbox 1576 5786 1681 5823; x_wconf 86' lang='lat' dir='ltr'><strong>non</strong></span> <span class='ocrx_word' id='word_1_792' title='bbox 1711 5786 1807 5823; x_wconf 89' lang='lat' dir='ltr'><strong>nn-</strong></span> 
     </span>
    </p>
   </div>
   <div class='ocr_carea' id='block_1_114' title="bbox 212 5843 1796 5912">
    <p class='ocr_par' dir='ltr' id='par_1_114' title="bbox 212 5843 1796 5912">
     <span class='ocr_line' id='line_1_114' title="bbox 212 5843 1796 5912; baseline -0.004 -10"><span class='ocrx_word' id='word_1_793' title='bbox 212 5852 473 5903; x_wconf 84' lang='lat' dir='ltr'><strong>meratur</strong></span> <span class='ocrx_word' id='word_1_794' title='bbox 496 5860 511 5910; x_wconf 90' lang='lat'><strong>;</strong></span> <span class='ocrx_word' id='word_1_795' title='bbox 531 5844 658 5900; x_wconf 88' lang='lat' dir='ltr'><strong>inde</strong></span> <span class='ocrx_word' id='word_1_796' title='bbox 685 5862 714 5900; x_wconf 88' lang='lat' dir='ltr'><strong>a</strong></span> <span class='ocrx_word' id='word_1_797' title='bbox 733 5845 1075 5902; x_wconf 80' lang='lat' dir='ltr'><strong>Coisliniano</strong></span> <span class='ocrx_word' id='word_1_798' title='bbox 1097 5843 1294 5907; x_wconf 71' lang='lat' dir='ltr'><strong>diﬂ‘ert,</strong></span> <span class='ocrx_word' id='word_1_799' title='bbox 1317 5860 1441 5897; x_wconf 88' lang='lat' dir='ltr'><strong>eum</strong></span> <span class='ocrx_word' id='word_1_800' title='bbox 1475 5858 1581 5912; x_wconf 83' lang='lat' dir='ltr'><strong>quo</strong></span> <span class='ocrx_word' id='word_1_801' title='bbox 1612 5844 1669 5912; x_wconf 82' lang='lat' dir='ltr'><strong>in_</strong></span> <span class='ocrx_word' id='word_1_802' title='bbox 1695 5857 1796 5895; x_wconf 88' lang='lat' dir='ltr'><strong>nn-</strong></span> 
     </span>
    </p>
   </div>
   <div class='ocr_carea' id='block_1_115' title="bbox 1918 5768 3514 5838">
    <p class='ocr_par' dir='ltr' id='par_1_115' title="bbox 1918 5768 3514 5838">
     <span class='ocr_line' id='line_1_115' title="bbox 1918 5768 3514 5838; baseline -0.003 -15"><span class='ocrx_word' id='word_1_803' title='bbox 1918 5785 2066 5823; x_wconf 84' lang='lat' dir='ltr'><strong>tnero</strong></span> <span class='ocrx_word' id='word_1_804' title='bbox 2088 5778 2143 5825; x_wconf 93' lang='lat' dir='ltr'><strong>ct</strong></span> <span class='ocrx_word' id='word_1_805' title='bbox 2171 5770 2363 5827; x_wconf 89' lang='lat' dir='ltr'><strong>ordine</strong></span> <span class='ocrx_word' id='word_1_806' title='bbox 2386 5769 2531 5825; x_wconf 86' lang='lat' dir='ltr'><strong>circa</strong></span> <span class='ocrx_word' id='word_1_807' title='bbox 2560 5768 2658 5834; x_wconf 74' lang='lat'><strong>158</strong></span> <span class='ocrx_word' id='word_1_808' title='bbox 2686 5768 2897 5838; x_wconf 89' lang='lat' dir='ltr'><strong>priores</strong></span> <span class='ocrx_word' id='word_1_809' title='bbox 2916 5768 3255 5838; x_wconf 71' lang='lat' dir='ltr'><strong>quzestiones</strong></span> <span class='ocrx_word' id='word_1_810' title='bbox 3280 5786 3514 5821; x_wconf 67' lang='lat' dir='ltr'><strong>commt-</strong></span> 
     </span>
    </p>
   </div>
   <div class='ocr_carea' id='block_1_116' title="bbox 1912 5853 2081 5896">
    <p class='ocr_par' dir='ltr' id='par_1_116' title="bbox 1912 5853 2081 5896">
     <span class='ocr_line' id='line_1_116' title="bbox 1912 5853 2081 5896; baseline -0.018 0"><span class='ocrx_word' id='word_1_811' title='bbox 1912 5853 2081 5896; x_wconf 66' lang='lat' dir='ltr'><strong>SCI&#39;III.</strong></span> 
     </span>
    </p>
   </div>
  </div>
