4072 6430
556 380 658 447 691

1707 381 1976 446 ΡΠΟΤΙΙ
2005 377 2518 442 ΡΛΤΠΙΑΒΕΗᾹΞ
2557 377 2670 438 CP.

3728 371 3844 434 I392

557 494 638 547 sic
671 499 724 547 ct
755 492 896 546 beati
930 490 1080 546 Pauli
1119 500 1371 560 parentes
1397 506 1522 546 cum
1552 492 1720 546 vitam
1737 508 1893 547 suam
1913 499 2136 561 agerent

2260 486 2638 557 ῑημοποιητδν,
2671 483 2747 547 ὡς
2777 484 2946 553 φάναι
2974 483 3037 537 τὸ
3067 481 3222 548 ἔπος,
3252 480 3315 535 τδ
3342 479 3636 551 Ῥωμαίων
3672 481 3840 549 γένος

557 583 754 637 nonin
803 583 1033 637 obscura
1085 593 1242 652 gente
1280 580 1617 649 Iudaeorum,
1679 583 1773 638 sed
1819 584 1958 636 ultra
1987 597 2138 634 com-

557 691 778 730 munem
831 675 1177 744 popularium
1217 685 1420 729 sortem
1450 674 1601 744 digni
1638 675 2005 736 habebantur,
2040 672 2136 740 qui

555 766 806 821 tribubus
862 765 1124 819 Romanis
1185 765 1408 834 ascripti
1483 777 1536 820 et
1601 766 1860 820 societate
1945 780 2138 818 eorum

557 859 855 926 gauderent
893 874 906 910 :
945 856 1148 911 Paulus
1202 859 1501 927 prudenter
1535 859 1702 913 sortis
1743 867 1983 928 paternze
2013 873 2138 912 suc-

555 949 885 1010 cessionem,
925 958 980 1002 et
1026 949 1363 1003 nobilitatem
1390 950 1455 1004 ad
1493 965 1550 1004 se
1581 965 1610 1004 a
1642 950 1961 1018 parentibus
1992 949 2139 1003 deri-

555 1048 737 1093 vatam
780 1056 885 1092 non
921 1040 1225 1109 ignorabat.
1275 1039 1536 1109 Deinceps
1571 1039 1735 1110 igitur
1766 1039 1861 1093 tibi
1890 1055 2042 1093 curae
2069 1039 2142 1092 sit

555 1145 670 1183 non
730 1130 893 1184 modo
956 1132 1115 1185 dubia
1168 1146 1492 1202 proponere,
1545 1131 1636 1185 sed
1695 1140 1751 1185 et
1809 1131 2141 1200 peculiarem

557 1221 778 1276 illorum
837 1222 1169 1276 solutionem
1236 1235 1542 1291 acceptare,
1597 1230 1650 1276 et
1689 1223 1779 1276 illa
1819 1231 2143 1277 contentum

558 1329 682 1369 esse
740 1331 754 1368 :
817 1330 943 1368 nam
989 1316 1035 1369 si
1092 1315 1217 1384 quis
1277 1316 1591 1370 dialecticas
1651 1314 2014 1384 qua‘stiones,
2074 1314 2146 1367 ab

560 1406 908 1468 immediatis,
940 1416 994 1460 et
1011 1407 1204 1476 primis
1235 1416 1288 1459 ct
1318 1407 1452 1458 καθ’
1478 1407 1613 1459 αὐτὸ
1645 1416 1876 1460 conetur
1909 1407 2142 1471 solvere,

560 1498 804 1554 ludibrio
826 1499 1133 1560 habebitur,
1158 1514 1258 1552 nec
1276 1499 1544 1552 mendacii
1572 1498 1795 1567 ell‘ugiet
1824 1498 2096 1553 actionem
2122 1515 2138 1564 ;

560 1600 617 1644 et
677 1589 724 1644 si
781 1590 906 1659 quis
972 1590 1027 1642 in
1081 1589 1368 1645 rhetoricis
1423 1590 1640 1659 regulas
1695 1589 2144 1644 elementaresut

565 1681 901 1736 necessarias
951 1681 1232 1750 requirat;
1294 1683 1340 1735 si
1401 1682 1454 1736 in
1494 1681 1901 1735 mathematicis
1927 1679 2146 1750 politica

563 1775 897 1827 theoremata
935 1785 988 1828 et
1016 1774 1383 1844 superﬁciales
1411 1773 1793 1843 persuasiones
1825 1773 1878 1826 in
1903 1771 2143 1825 medium

2239 579 2428 632 ὑπέδυ.
2452 580 2666 646 Ὠσπερ
2687 575 2780 629 οῦν
2797 569 2942 630 οὗτοι
2971 576 3193 640 πάντες,
3219 574 3406 637 ἔθνους
3434 574 3529 627 καὶ
3566 573 3838 641 πατρίδος

2239 671 2394 730 ὄντες
2424 669 2727 738 ἀλλόφυλον
2761 667 2804 731 ι,
2838 670 2917 732 είς
2948 667 3047 737 τὴν
3089 667 3405 738 Ῥωμαϊκὴν
3445 665 3708 718 ἐτέλεσαν
3740 682 3842 716 πο-

2241 761 2604 832 λιτογραφίαν
2639 776 2654 792 ο
2688 760 2833 813 οὓτω
2884 759 2978 812 καὶ
3027 760 3079 811 οἱ
3126 757 3220 812 τοῦ
3262 757 3558 811 θεσπεσίου
3612 756 3839 808 Παύλου

2243 857 2440 921 γονεῖς,
2473 855 2573 906 οὐκ
2603 854 2660 906 ἐν
2681 852 2760 923 τῷ
2784 851 3033 922 λεληθότι
3059 851 3159 922 τῆς
3205 849 3506 919 Ἰουδαϊκῆς
3547 847 3835 908 πολιτείας

2247 943 2513 1015 βιοῦντες,
2551 943 2685 997 ἀλλά
2716 944 2811 996 καὶ
2831 943 2939 996 τῶν
2963 941 3173 994 πολλῶν
3198 941 3412 1010 ἔχοντές
3433 957 3488 991 τι
3517 939 3710 998 πλέον,
3741 937 3842 1006 τῆς

2261 1036 2586 1105 Ῥωμαῖκῆς
2614 1036 2850 1105 φατρίας
2887 1033 3113 1103 φυλέται
3131 1031 3222 1085 διὰ
3241 1033 3340 1100 τῆς
3367 1029 3662 1100 ἐγγραφῆς
3689 1029 3845 1096 ἐκρί-

2254 1129 2429 1198 θησαν
2463 1129 2562 1180 ούκ
2589 1127 2799 1193 ἀνάξιοι
2827 1126 3165 1195 χρηματίσαι
3186 1141 3200 1156 ο
3251 1123 3312 1187 ἐξ
3339 1117 3400 1174 οὗ
3451 1122 3549 1175 καὶ
3579 1121 3608 1172 ὁ
3675 1118 3844 1185 σοφὸς

2251 1217 2469 1280 Παῦλος
2499 1216 2751 1286 διαδοχῆς
2799 1216 2990 1285 κλήρῳ
3044 1216 3142 1284 τὴν
3210 1213 3499 1282 Ῥωμαίων
3548 1211 3844 1277 εὐγένειαν

2248 1309 2518 1379 πατρόθεν
2549 1307 2699 1378 αὑτῷ
2725 1305 3019 1360 κατιοῦσαν
3040 1305 3140 1357 οὐκ
3174 1304 3378 1372 ἠγνόει.
3412 1303 3487 1355 Τὸ
3511 1301 3708 1354 λοιπον
3740 1318 3846 1370 μη-

2253 1401 2372 1454 κέτι
2400 1418 2483 1452 σοι
2534 1401 2595 1452 τὸ
2638 1401 2864 1469 ἀπορεῖν
2899 1397 3099 1466 μόνον’
3133 1396 3270 1449 ἀλλὰ
3319 1396 3458 1448 πολὺ
3512 1394 3726 1464 μᾶλλον
3777 1393 3838 1444 τὸ

2249 1492 2530 1562 ἐπιζητεῖν
2559 1491 2620 1544 τὸ
2668 1493 2867 1544 οἰκεῖον
2896 1489 3008 1542 τῶν
3044 1487 3280 1550 λύσεων,
3322 1487 3418 1539 καὶ
3466 1485 3694 1554 ἀγαπᾷν
3724 1486 3842 1536 ἐπι·-

2253 1587 2442 1656 μέλεια
2482 1583 2740 1652 γινέσθω.
2783 1582 2998 1651 Ὥσπερ
3031 1580 3139 1652 γὰρ
3170 1581 3328 1642 εἴτις
3356 1580 3424 1632 τὰ
3470 1577 3615 1631 κατά
3663 1575 3844 1628 διαλε-

2251 1678 2449 1748 κτικὴν
2479 1677 2797 1747 ζητήματα,
2845 1675 2905 1739 ἐξ
2943 1676 3168 1743 ἀμέσων
3197 1691 3258 1726 τε
3315 1672 3409 1724 καὶ
3457 1668 3702 1735 πρῶτων
3748 1667 3841 1722 καὶ

2249 1768 2358 1820 τῶν
2387 1765 2510 1818 καθ’
2533 1765 2688 1829 αὐτὸ,
2732 1762 2971 1832 πειρῷτο
2998 1759 3381 1820 διαλύσασθαι,
3427 1757 3606 1816 διδοὺς
3638 1754 3705 1806 τὸ
3749 1771 3847 1821 γε-

562 1865 808 1934 proferre
842 1862 1094 1931 voluerit,
1141 1881 1211 1921 ne
1276 1867 1405 1934 quid
1466 1865 1667 1920 ftedins
1700 1864 1904 1930 dicam,
1948 1862 2022 1916 ita
2062 1870 2148 1916 est

2260 1861 2419 1920 λοῖον,
2450 1856 2571 1909 οὐδέ
2599 1856 2699 1924 τὴν
2722 1854 2814 1906 τοῦ
2844 1853 3076 1924 ψεύδους
3106 1851 3264 1920 δίκην
3289 1847 3576 1916 διαφεύγει
3602 1863 3615 1874 ·
3644 1845 3745 1898 καὶ
3790 1846 3845 1896 ἐν

562 1968 618 2008 et
648 1957 770 2019 hic;
811 1959 927 2020 sed,
967 1967 1021 2012 et
1049 1959 1093 2012 si
1117 1959 1242 2027 quis
1274 1958 1437 2011 etiam
1469 1957 1760 2011 historicas
1787 1953 2152 2024 quaestiones,

563 2063 674 2101 non
707 2063 772 2103 ex
821 2049 1046 2102 historia
1085 2051 1181 2104 sed
1215 2049 1435 2103 aliunde
1453 2048 1655 2111 solvat,
1685 2063 1793 2100 non
1820 2055 1904 2100 cst
1934 2060 2158 2116 speran-

563 2139 692 2192 dnm
752 2155 916 2208 posse
969 2141 1122 2195 illum
1181 2142 1248 2196 ad
1295 2141 1614 2196 historicam
1665 2139 1954 2193 veritatem
2018 2152 2147 2206 per-

563 2232 780 2298 venire;
810 2233 883 2287 ita
909 2244 963 2287 et
995 2233 1103 2288 hic.

2258 1949 2520 2022 ῥητορεία
2548 1947 2876 2018 γραμμικάς
2901 1947 2929 1998 ὁ
2957 1943 3208 1998 ἀπαιτῶν
3242 1942 3514 2008 ἀνάγκας,
3545 1939 3642 1992 καὶ
3676 1939 3707 1991 ὁ
3739 1937 3845 1990 τῶν

2255 2043 2396 2095 κατά
2427 2041 2497 2094 τὰ
2549 2039 2848 2110 μαθήματα
2879 2037 3259 2108 θεωρημάτων
3306 2032 3594 2094 πολιτικάς
3657 2047 3720 2083 τε
3755 2028 3846 2081 καὶ

2258 2134 2618 2196 ἐπιπολαίους
2647 2133 2863 2194 πίστεις
2900 2127 3195 2198 ἐπιχειρῶν
3242 2123 3600 2196 προκομίζειν
3663 2137 3846 2190 παρα-

2258 2225 2490 2294 πλήσιόν
2525 2241 2599 2284 τι,
2667 2223 2757 2274 ἵνα
2817 2220 2890 2289 μὴ
2927 2215 3408 2287 ἀσχημονέστερον
3453 2213 3615 2273 εἴπω,
3674 2223 3849 2262 κατα-

559 2321 834 2390 λαμϐάνει
860 2339 874 2353 ο
895 2323 991 2376 καὶ
1020 2322 1145 2382 τοὺς
1177 2321 1293 2374 ὅσοι
1323 2320 1431 2373 τῶν
1459 2319 1583 2373 καθ’
1611 2319 1860 2390 ἱστορίαν
1894 2315 2228 2386 ζητημάτων
2293 2315 2396 2380 οὐχ
2462 2313 2775 2383 ίστορικῶς,
2825 2309 2942 2364 ἀλλ’
3014 2308 3074 2372 ἐξ
3121 2307 3310 2378 ἐτέρου
3369 2303 3584 2373 γένους,
3655 2299 3850 2353 ἐλπίδα

562 2418 870 2483 ἀνέχουσιν,
901 2419 980 2477 είς
1017 2415 1255 2485 μάθησιν
1283 2414 1460 2466 ἐλθεῖν
1488 2414 1590 2482 τῆς
1615 2413 1896 2482 ἀληθείας.

560 2509 895 2579 ΩΒΑΞΒἸΊΟ
919 2507 1153 2562 CXVIII.
1203 2506 1394 2579 [ϐοὶδι.
1423 2505 1582 2570 CXL,
1643 2505 1807 2558 Taur.
1831 2498 2155 2572 CXXXIX]

918 2600 1026 2656 Cur
1046 2601 1386 2654 circumcisus
1417 2607 1496 2652 est
1526 2596 1814 2652 Christus?

2793 2483 3133 2540 ΕΡΩΤΙΙΣΙΣ
3163 2481 3317 2534 Plll’.

2562 2581 2669 2637 Διὰ
2696 2580 2755 2634 τί
2782 2576 3142 2646 περιετμήθη
3173 2577 3205 2627 ό
3264 2571 3517 2640 Χριστός
3543 2586 3565 2635 ς

1336 2711 1477 2762 Edita
1501 2728 1528 2762 a
1550 2709 1851 2762 Montacutio
1874 2712 1978 2773 (ep.
2011 2708 2123 2769 2&8,
2154 2707 2219 2756 ad
2240 2708 2416 2768 Georg.
2440 2704 2486 2753 Ν
2494 2699 2720 2759 icomed.,
2744 2710 2790 2758 p.
2821 2691 3073 2751 380-385).

635 2821 992 2877 Profunditas
1024 2823 1225 2877 divina:
1249 2820 1636 2880 Providentiae,
1673 2833 1770 2888 per
1800 2831 1964 2886 quam
1994 2813 2155 2870 Jesus

562 2917 822 2972 Christus
851 2917 990 2970 Deus
1018 2924 1205 2970 noster
1235 2915 1289 2967 in
1316 2927 1482 2966 carne
1511 2927 1610 2966 sua
1632 2909 2154 2973 circumcidehatur,

566 3010 622 3064 in
649 3008 987 3079 judiciorum
1004 3008 1263 3078 abyssum
1289 3002 1841 3075 impervestigabilem
1858 3001 2154 3054 humanam

566 3111 995 3170 exsuperantem
1058 3098 1448 3170 cogitationem
1498 3094 1842 3164 immergitur
1897 3111 1911 3147 :
1970 3093 2076 3147 hoc
2125 3106 2156 3146 e

566 3195 811 3252 doctrina
845 3195 1126 3251 beatorum
1161 3192 1383 3246 Patrum
1425 3197 1730 3258 acceptum;
1770 3185 2006 3254 denique
2052 3183 2155 3252 ipsi

566 3293 636 3348 ad
676 3290 1040 3359 cognitionem
1095 3283 1456 3354 cogitationes
1490 3288 1711 3334 nostras
1744 3283 2153 3338 convertentes,

569 3395 966 3454 cognoscemus
989 3393 1097 3431 non
1124 3391 1243 3430 esse
1266 3373 1484 3443 penitus
1515 3369 1808 3424 insolubile
1839 3386 1852 3422 :
1883 3365 2156 3437 imprimis

569 3474 718 3529 enim
759 3486 890 3527 caro
921 3469 1000 3522 illi
1040 3465 1558 3528 circumcidebatur,
1605 3460 1673 3514 ad
1711 3456 2157 3527 redarguendum

571 3581 668 3621 eos
725 3564 819 3633 qui
868 3561 1035 3615 Vetus
1092 3558 1507 3612 Testamentum
1569 3551 2047 3621 blasphemahant,
2107 3555 2163 3601 et

574 3655 829 3710 u-onvitiis
881 3649 1250 3721 legislatorem
1281 3643 1782 3715 prosequebantur.
1839 3638 1980 3693 Cum
2008 3637 2159 3692 enim

575 3742 1052 3800 circumeisionem
1073 3739 1144 3794 ibi
1165 3737 1494 3798 institutam,
1527 3730 1673 3802 quod
1694 3744 1892 3799 negare
1913 3743 2019 3781 non
2037 3742 2164 3796 pos-

577 3844 740 3899 sunt,
789 3834 836 3888 is
889 3831 1118 3892 subiret,
1161 3825 1256 3897 qni
1301 3826 1514 3886 bonus,
1575 3829 1631 3875 et
1676 3819 1818 3874 Deus
1870 3817 2161 3881 existebat,

580 3935 766 3997 aperte
832 3929 980 3994 patet
1004 3961 1019 3986 ,

583 4033 690 4075 lem
730 4025 784 4074 et
830 4019 1036 4073 bonum
1090 4027 1312 4084 quoque
1355 4025 1499 4074 esse,
1543 4015 1598 4062 et
1647 4007 1777 4061 boui
1843 4003 2162 4072 largitorem

581 4117 771 4179 fuisse,
811 4112 1080 4183 ejusdem,
1120 4109 1283 4176 cujus
1332 4105 1412 4160 illi
1462 4111 1639 4166 erant,
1694 4100 2021 4171 participem
2058 4112 2161 4151 na-

576 4219 736 4264 turae.
768 4206 889 4260 Non
921 4203 1067 4257 enim
1105 4201 1153 4256 si
1188 4199 1313 4269 quis
1352 4212 1420 4252 ex
1451 4194 1705 4266 Opposito
1747 4192 1965 4254 fuisset,
2001 4187 2164 4245 boni-

587 4302 717 4355 tatis
749 4299 871 4354 fons
902 4296 970 4350 ab
997 4295 1115 4364 ipso
1146 4301 1326 4362 guttas
1356 4290 1570 4358 aliquas
1593 4286 1662 4340 de
1695 4301 1860 4338 carne
1888 4282 2166 4337 distillan-

583 4405 664 4448 tes
717 4390 1081 4446 ostenderet:
1137 4384 1438 4455 quocirca,
1511 4387 1570 4434 ut
1645 4377 1886 4448 patentia
1971 4384 2165 4429 contra

582 4489 797 4542 Patrem
830 4497 946 4548 ora,
970 4479 1055 4533 vel
1087 4485 1279 4533 contra
1309 4474 1506 4528 Filium
1541 4471 1856 4540 blaspheme
1885 4465 2167 4536 loquentia

1104 3921 1278 3990 legem
1358 3915 1426 3970 de
1503 3911 1924 3969 circumcisione
1985 3908 2193 3968 {creua

2331 2812 2406 2863 Τὸ
2441 2809 2538 2877 μὲν
2571 2803 2870 2874 βαθύτερον
2901 2799 3004 2866 τῆς
3031 2795 3317 2869 Προνοίας,
3356 2791 3424 2846 δι’
3449 2791 3518 2863 ἢν
3561 2787 3775 2860 Ἰησοῦς
3819 2787 3852 2842 ὁ

2261 2901 2499 2973 Χριστὸς
2529 2898 2623 2951 καὶ
2645 2895 2776 2957 Θεὸς
2811 2891 2992 2963 ἡμῶν,
3026 2889 3192 2960 σαρκὶ
3219 2887 3316 2957 τὴν
3340 2883 3646 2958 περιτομὴν
3670 2881 3848 2954 ἔσχεν,

2261 2998 2340 3060 εἰς
2373 2994 2465 3047 τὸν
2508 2987 2932 3057 ἀνεξερεύνητον
2970 2981 3135 3036 αὑτοῦ
3191 2981 3298 3033 τῶν
3331 2980 3621 3049 χριμάτων
3664 2975 3847 3044 βυθὸν,

2259 3089 2358 3156 τῆς
2393 3081 2747 3155 ἀνθρωπίνης
2805 3073 3126 3147 ἀναχωροῦν
3174 3073 3433 3134 διανοίας,
3475 3068 3843 3122 καταδύεται·

2261 3182 2298 3235 ἀ
2322 3179 2400 3245 δέ,
2434 3175 2654 3230 καὶτῶν
2679 3171 2969 3243 μακαρίων
2991 3168 3149 3240 ἡμῶν
3176 3166 3440 3235 Πατέρων
3478 3162 3844 3216 διδασκόντων

2262 3273 2356 3326 καὶ
2384 3269 2542 3323 αὐτοὶ
2590 3262 3018 3323 διασκοποῦντες
3073 3259 3329 3317 συνιδεῖν,
3371 3257 3471 3326 οὐχ
3513 3255 3843 3324 εὑρίσκομεν

2264 3363 2495 3432 ἄπορον.
2517 3356 2740 3428 Πρῶτον
2775 3355 2872 3426 μὲν
2903 3352 2990 3405 ἐπ’
3016 3352 3226 3420 ἐλέγχῳ
3247 3349 3510 3418 τέμνεται
3544 3347 3644 3416 τὴν
3674 3346 3851 3414 σάρκα

2261 3453 2370 3506 τῶν
2392 3451 2491 3520 τὴν
2530 3447 2780 3502 Παλαιὰν
2805 3442 3237 3513 δυσφημούντων
3267 3438 3568 3507 Διαθήκην,
3615 3438 3712 3489 καὶ
3762 3436 3847 3488 τὸν

2262 3546 2321 3597 ἐν
2351 3543 2487 3612 αὐτῇ
2513 3539 2950 3609 νομοθετήσαντα
2971 3534 3163 3604 ῦερεσι
3191 3530 3515 3601 βαλλόντων.
3545 3529 3624 3580 Δι’
3648 3520 3726 3579 ὧν
3744 3525 3846 3595 γὰρ

2264 3637 2365 3705 τὴν
2405 3632 2618 3686 ἐκεῖθεν
2642 3631 2889 3683 δοθεῖσαν
2927 3625 3255 3696 περιτομὴν,
3321 3623 3398 3686 ὡς
3432 3621 3542 3674 οὐδ’
3597 3619 3665 3673 ἂν
3699 3617 3846 3671 αὐτοὶ

2265 3725 2579 3797 ἀρνηθεῖεν,
2629 3724 2657 3774 ὁ
2691 3719 2892 3788 ἀγαθός
2923 3737 2985 3772 τε
3029 3717 3123 3771 καὶ
3155 3716 3368 3785 ἀληθὴς
3427 3714 3563 3775 Θεὸς
3615 3711 3844 3777 ὑπέστη,

2264 3821 2380 3880 τοῖς
2412 3817 2598 3887 ἔργοις
2629 3813 2814 3875 αὐτοῖς
2845 3811 3136 3881 μαρτυρεῖ,
3171 3806 3264 3858 τὸν
3293 3805 3396 3873 τῆς
3429 3803 3739 3874 περιτομῆς
3760 3817 3844 3851 vo-
3895 3830 3904 3841 ο

2272 3908 2508 3979 μοθέτην
2533 3903 2738 3972 ἀγαθόν
2783 3918 2845 3954 τε
2887 3897 3048 3965 εἶναι,
3103 3897 3197 3950 καὶ
3241 3894 3463 3964 ἀγαθῶν
3495 3893 3724 3963 δοτῆρα,
3760 3893 3846 3943 καὶ

2265 4002 2367 4072 τῆς
2384 4000 2556 4069 αὐτῆς
2592 3996 2809 4066 φύσεως
2853 3991 3132 4045 κοινωνόν.
3160 3989 3236 4043 Οὐ
3269 3987 3380 4056 γὰρ
3423 3987 3488 4041 ἄν
3515 4002 3661 4046 τινος
3700 3982 3844 4044 ὄντος

2267 4069 2542 4153 ἐναντίας,
2586 4088 2618 4156 ἡ
2651 4084 2750 4154 τῆς
2780 4081 3120 4151 ἀγαθότητος
3147 4077 3300 4149 πηγὴ
3348 4075 3448 4137 τὰς
3503 4075 3718 4128 ἐκεῖθεν
3756 4069 3845 4124 τοῦ

2267 4182 2434 4251 νόμου
2477 4177 2700 4250 ῥανίδας
2738 4175 2828 4229 διὰ
2885 4175 2985 4242 τῆς
3030 4169 3234 4243 σαρκὸς
3287 4167 3572 4221 ἐπεδείκνυ
3630 4179 3845 4234 προχεο-

2271 4274 2462 4344 μένας.
2497 4272 2618 4324 Ἵνα
2642 4266 2823 4321 οῦντά
2853 4263 3118 4320 ἀπύλωτα
3162 4263 3430 4331 στόματα,
3481 4258 3550 4311 τὰ
3581 4257 3724 4311 κατά
3757 4253 3844 4306 τοῦ

2270 4364 2502 4434 Πατρὸς,
2530 4362 2565 4433 ἢ
2598 4358 2822 4416 καὶκατ⁹
2847 4355 3009 4411 αὐτοῦ
3037 4372 3098 4424 γε
3115 4353 3210 4407 τοῦ
3238 4351 3368 4405 Υίοῦ
3385 4351 3483 4421 τὴν
3502 4347 3844 4420 βλασφημίαν

2267 4460 2578 4528 λαλήσαντα
2625 4451 2954 4522 ἐπιστομίσῃ
3007 4449 3070 4520 (ι
3111 4447 3299 4501 Πάντα
3344 4444 3454 4514 γὰρ
3493 4444 3561 4496 τὰ
3601 4441 3703 4494 τοῦ
3738 4442 3843 4492 [Iac

583 4581 868 4634 obturaret
897 4577 943 4644 (‹
963 4572 1160 4626 Omnia
1189 4569 1337 4624 enim
1369 4566 1548 4620 Patris
1586 4563 1711 4617 Filii
1743 4569 1895 4626 sunt,
1946 4574 2012 4614 ea
2043 4572 2153 4627 qua

2271 4550 2398 4620 τρὸς
2443 4546 2538 4601 τοῦ
2561 4543 2692 4598 Υίοῦ
2719 4544 2857 4595 ἐστι’
2890 4541 3006 4604 καὶ,
3042 4538 3078 4593 ἃ.
3107 4539 3252 4590 ποιεῖ
3275 4538 3304 4590 ὁ
3334 4533 3526 4602 Πατὴρ
3548 4533 3646 4587 καὶ
3672 4534 3701 4584 ὁ
3726 4531 3845 4588 Υἱὸς

583 4673 714 4728 facit
738 4669 916 4733 Pater,
949 4665 1082 4720 facit
1113 4671 1168 4718 et
1219 4660 1392 4715 Filius
1423 4658 1491 4727 ι),
1525 4670 1750 4711 carnem
1778 4655 1865 4710 sui
1906 4649 2162 4721 praeputii

583 4763 974 4826 circumcidit;
1013 4767 1069 4814 et
1105 4771 1215 4810 una
1243 4752 1467 4808 sustulit
1515 4749 1812 4802 multarum
1860 4744 2162 4814 impiarum

587 4856 878 4912 haeresium
923 4849 1249 4906 occasiones
1285 4853 1356 4900 σοι
1403 4857 1587 4897 ansas.
1649 4840 1928 4901 Secundo,
1985 4838 2168 4892 recole

477 4933 488 4943 ’
584 4963 803 5003 mecum
837 4955 892 5000 et
946 4941 1134 4997 istud:
1167 4937 1419 4993 Audebat
1469 4935 1597 4988 olim
1628 4933 1833 5002 impius
1875 4930 1967 4985 ille
2001 4930 2168 4984 luere-

585 5038 805 5097 siarcha
835 5032 1232 5106 ApollinariuS'
1259 5027 1578 5099 prodigiosa
1619 5023 1869 5094 quazdam
1929 5020 2166 5078 commi-

586 5128 747 5191 nisci,
798 5124 942 5201 quod
971 5135 1099 5178 caro
1145 5125 1428 5186 assumpta
1461 5131 1558 5186 per
1613 5113 1881 5168 Deitatem
1923 5111 2165 5167 consub-

585 5219 1000 5283 stantialitatem
1052 5211 1278 5268 Deitatis
1342 5208 1510 5264 simul
1563 5206 1872 5276 possideat:
1937 5216 2160 5258 carnem

584 5311 802 5367 scilicet
857 5305 1144 5370 conlinxit,
1197 5304 1417 5374 qualem
1470 5299 1712 5362 volebat,
1769 5313 1881 5352 non
1943 5296 2160 5366 qualem

583 5403 834 5474 agnoscit
867 5415 1024 5458 suam
1065 5407 1258 5454 natura
1289 5396 1552 5458 humana,
1589 5391 1684 5449 sed
1733 5390 1953 5462 qualem
2010 5389 2164 5444 elon-

2273 4643 2416 4694 ποιεῖ
2446 4638 2516 4707 ι),
2540 4633 2919 4708 τέμνεται-ικαὶ
2950 4632 3049 4702 τὴν
3086 4629 3267 4701 σάρκα
3299 4628 3398 4698 τῆς
3436 4623 3802 4696 ἀκροϐυστίας
3828 4637 3840 4650 ·

2271 4734 2674 4803 συνδιατέμνων
2745 4730 2885 4799 αὐτῇ
2961 4723 3175 4777 πολλῶν
3235 4720 3514 4775 δυσσεὸῶν
3585 4719 3847 4788 αἱρέσεων

2268 4822 2825 4896 ἀφορμάς.Δεύτερον
2849 4819 2907 4874 δέ
2936 4817 3110 4871 ἐκεῖνό
3141 4832 3232 4886 μοι
3269 4815 3382 4866 νόει
3402 4828 3416 4843 ο
3449 4810 3718 4880 ἐτόλμησέ
3752 4825 3846 4860 πο-

2266 4937 2327 4974 τε
2378 4921 2406 4972 ὁ
2443 4916 2708 4988 δυσσεϐὴς
2759 4911 3136 4982 Ἀπολινάριος
3187 4905 3658 4977 τερατεύσασθαι,
3713 4901 3843 4968 ὼςή

2271 5011 2683 5082 προσληφθεῖσα
2744 5005 2903 5077 σὰρξ,
2961 5007 3029 5075 τῇ
3078 5000 3466 5074 προσλαϐούσῃ
3524 4998 3743 5066 θεότητι
3789 4993 3848 5045 τὸ

2270 5106 2556 5172 ὁμοούσιον
2610 5097 2934 5163 συνδιέσωζε
2961 5113 2976 5128 ·
3013 5098 3194 5166 σάρκα
3241 5095 3351 5164 γὰρ
3385 5092 3744 5150 ἀνέπλαττεν,
3775 5086 3846 5147 ὡς

2273 5194 2554 5266 ¹ἠϐούλετο,
2581 5193 2681 5263 οὐχ
2708 5191 2827 5245 οἵαν
2858 5191 2892 5261 ἡ
2926 5187 3244 5258 ἀνθρωπίνη
3293 5185 3456 5253 φύσις
3513 5179 3656 5236 οἶδεν
3680 5198 3695 5212 ·
3734 5179 3844 5234 ἀλλ’

2273 5288 2392 5342 οἵαν
2436 5288 2470 5356 ἡ
2515 5283 2790 5354 φαντασία
2828 5282 2938 5335 τῶν
2969 5279 3342 5350 ἐξεστηκότων
3390 5275 3673 5345 λογισμῶν
3725 5271 3844 5339 ἐδηο

2275 5378 2529 5452 μιούργει
2553 5394 2567 5408 °
2603 5377 2639 5447 ἢ
2659 5375 2842 5431 τοίνυν
2870 5386 2910 5415 ω
2933 5373 3076 5446 τομὴ
3102 5372 3203 5443 τῆς
3238 5369 3461 5439 σαρκὸς,
3490 5364 3586 5422 καὶ
3617 5364 3681 5419 τὸ
3713 5362 3844 5433 πρὸς

1865 5613 2098 5669 VARUE
2123 5609 2528 5668 LECTIONES.

676 5795 696 5836 λ
734 5798 793 5853 C.
815 5798 882 5855 Μ.
916 5799 1020 5854 ὃὸὖ
1055 5796 1093 5852 ί.
1114 5795 1222 5853 239
1256 5794 1578 5865 ἀλλοφύλου.
1657 5803 1696 5825 ἠ
1724 5793 1764 5849 C
1809 5794 1879 5847 Ill.
1913 5793 2015 5847 533
2053 5790 2088 5844 Γ.
2123 5789 2260 5844 21οα
2290 5788 2322 5857 ἡ
2347 5783 2547 5840 τοίνυν.
