4072 6424
191 379 319 447 693

1204 395 1304 454 AD
1336 397 1933 460 AMPHILOCHIUM
1973 403 2320 474 QUIESTIO
2348 407 2608 470 CXVIII.

3368 415 3478 480 694

190 495 314 564 τὴν
348 492 588 564 θεότητα
618 494 890 566 λαμπρῶς
925 497 1293 572 άνακηρὺττει
1323 506 1640 577 ἐτεροφυές,
1701 525 1768 561 κα

1900 521 2038 580 gatae
2061 515 2293 571 rationis
2344 517 2658 586 phantasia,
2693 519 2795 588 ipsi
2821 523 3167 592 suggerebat.
3205 524 3477 591 Quocirca

190 585 269 638 ’τὸ
320 587 459 657 πρὸς
489 587 589 658 τὴν
639 589 917 660 ἡμετέραν
967 593 1147 662 σάρκα
1195 595 1484 665 ὁμοούσιον
1528 603 1792 672 παριστᾷ.

190 677 412 746 Τρίτον
469 679 530 731 δὲ
589 681 728 751 πρὸς
769 683 886 745 τοῖς
943 684 1278 754 εἰρημένοις,
1342 690 1391 741 οἱ
1448 691 1557 742 τῶν
1614 693 1792 745 Mam-

191 770 381 838 χαίων
431 772 642 839 παῖδες,
690 775 965 846 φαντασίᾳ
1021 779 1120 849 τὴν
1173 780 1353 852 σάρκα
1412 783 1504 836 τὸν
1556 785 1790 855 Χριστὸν

188 861 599 932 προειληφέναι
623 864 1088 936 δογμαπυιοῦνται
1104 885 1118 898 ·
1138 870 1251 922 ἀλλ’
1269 872 1343 934 ὡς
1359 873 1511 942 ὁρᾷς,
1540 891 1788 945 προαπο-

189 952 506 1021 τειχίζεται
535 957 600 1024 τῇ
636 959 932 1027 περιτομῇ,
971 958 1066 1010 καὶ
1098 959 1258 1012 τοῦτο
1286 960 1346 1013 τὸ
1378 962 1684 1034 δύσφημον.
1722 965 1790 1018 'lI

190 1043 478 1108 φαντασία
506 1044 613 1114 γὰρ
667 1046 841 1116 τομὴν
873 1049 967 1099 καὶ
1000 1049 1170 1112 πάθος
1234 1054 1328 1104 καὶ
1358 1053 1514 1123 ῥύσιν
1565 1056 1779 1124 ὁρωμέ-

187 1147 303 1200 νην
340 1131 572 1202 αἵματος
629 1135 732 1188 οὑκ
785 1137 1071 1206 ἀνέχεται·
1105 1141 1226 1194 οὑδὲ
1263 1142 1333 1195 τά
1373 1147 1474 1214 τῆς
1519 1145 1783 1216 ἀληθείας

185 1220 358 1291 ἔργα,
422 1225 482 1276 τὸ
533 1227 764 1298 πλάσμα
821 1231 1080 1302 καθαρῶς
1144 1235 1532 1306 παραδέχεται.
1613 1239 1783 1293 Πάλιν

183 1317 552 1381 Οὑαλεντίνος
584 1327 908 1390 κενοφωνεῖ,
947 1325 1047 1378 οὑκ
1075 1327 1140 1378 ἐκ
1170 1328 1280 1380 τῶν
1310 1331 1658 1401 παρθενικῶν
1687 1333 1782 1386 καὶ

181 1406 484 1476 ἀχράντων
521 1410 769 1478 αἱμάτων
807 1414 908 1482 τὴν
955 1415 1248 1469 ἐνωθεῖσαν
1281 1419 1360 1487 τῷ
1402 1421 1560 1491 Λόγῳ
1603 1423 1783 1494 σάρκα

180 1497 442 1567 παγῆναι
459 1514 476 1530 ο
493 1500 642 1554 κάτω
670 1502 727 1554 δὲ
748 1504 846 1572 τῆς
866 1505 1145 1569 εὐσεϐείας
1174 1508 1376 1574 πεσὼν,
1407 1512 1612 1566 ἄνωθεν
1633 1515 1781 1586 αὑτῷ

179 1585 367 1639 ποθεν
402 1590 759 1656 καταϐιϐάζει
790 1593 852 1646 τὸ
879 1595 1068 1665 σῶμα⁹
1093 1597 1231 1652 ἀλλὰ
1287 1603 1377 1654 καὶ
1405 1603 1597 1656 τούτου
1638 1585 1779 1678 7:66-

178 1678 393 1744 ρωθεν,
427 1680 504 1744 ὡς
530 1682 709 1753 δῆλον,
747 1685 780 1756 ἡ
812 1690 1086 1760 περιτομὴ
1128 1691 1189 1743 τὸ
1220 1692 1417 1762 θράσος
1465 1700 1778 1767 παραποτέ-

179 1785 427 1836 μνεταιῤ
485 1775 578 1826 καὶ
618 1776 758 1845 πρὸς
808 1777 1024 1842 τούτοις
1084 1785 1495 1854 περιτέμνεται,
1577 1789 1666 1842 ἵνα
1715 1791 1776 1843 τὺ

1902 605 2087 660 carnis
2108 605 2380 661 abscissio
2406 610 2690 677 perspicue
2718 613 2977 678 prmdicat
3007 616 3168 669 aliam
3197 628 3473 684 naturam,

1899 694 2214 750 distinctam
2234 713 2264 751 a
2284 697 2515 764 Deitatc,
2536 715 2699 766 quam
2729 704 3249 761 consubstantialem
3273 718 3476 764 nostrae

1897 789 2080 844 carnis
2111 799 2319 844 natura:
2353 801 2594 860 praestat.
2624 793 2813 847 Tertio
2855 799 3123 853 accedunt
3162 801 3470 866 Manichaei,

1895 882 1988 950 qui
2013 881 2282 936 docebant
2316 883 2600 938 Christum
2628 895 2838 940 tantum
2873 892 3175 945 secundum
3203 907 3474 962 apparen-

1896 974 2024 1027 tiam
2061 989 2284 1028 carnem
2320 979 2663 1044 sumpsisse:
2697 979 2843 1044 quod
2864 996 2959 1049 per
2989 983 3471 1038 circumcisioncm

1894 1068 2236 1122 exscinditur
2272 1077 2332 1122 ut
2387 1069 2808 1138 blasphemum:
2859 1088 3096 1142 namque
3151 1076 3472 1143 apparentia

1893 1161 2218 1223 sectionem,
2251 1163 2587 1230 passionem,
2642 1165 2926 1232 sanguinis
2962 1167 3322 1221 emissionem
3359 1183 3469 1220 non

1892 1252 2167 1305 admittit:
2210 1267 2311 1306 nec
2350 1255 2600 1309 veritatis
2638 1268 2802 1322 opera
2828 1257 3292 1310 consistuntcum
3329 1258 3473 1310 veri-

1892 1352 2019 1398 tate.
2051 1344 2252 1398 lterum
2301 1343 2627 1400 Valentinus
2678 1347 2831 1402 fatue
2885 1349 3193 1404 deblaterat
3246 1364 3470 1404 carnem

1889 1435 2068 1490 Verbo
2108 1436 2416 1497 adunitam.
2476 1454 2584 1492 non
2615 1454 2646 1492 e
2693 1441 2991 1508 purissimo
3044 1442 3274 1512 virginis
3338 1456 3467 1495 san-

1889 1529 2054 1596 guine
2097 1529 2406 1594 solidatam,
2442 1530 2535 1584 sed
2581 1531 2695 1599 ipse
2724 1531 2978 1586 deorsum
3028 1548 3057 1585 a
3083 1533 3284 1601 pietate
3317 1532 3467 1586 deci-

1888 1619 2044 1683 dens,
2083 1618 2150 1674 de
2181 1620 2319 1673 coelo
2367 1637 2590 1675 sursum
2654 1637 2856 1691 corpus
2886 1623 2934 1675 ei
2983 1623 3211 1676 devocat
3246 1640 3260 1689 ;
3305 1622 3467 1691 cujus

1887 1712 2117 1779 impium
2172 1715 2588 1782 pronuntiatum
2649 1714 2910 1782 rejectum
2965 1714 3258 1770 manifeste
3287 1716 3468 1785 rejicit

1887 1805 2260 1860 circumcisio.
2303 1807 2382 1859 Ad
2425 1808 2526 1860 hoc
2558 1808 2746 1877 itaque
2766 1808 3206 1873 circumciditur,
3234 1817 3291 1862 ut
3321 1823 3467 1861 man-

178 1861 415 1930 βέϐαιον
456 1865 560 1935 τῆς
612 1867 865 1939 δοθείσης
895 1873 1116 1942 ἐντολῆς
1166 1880 1534 1948 παραστήσῃ·
1583 1881 1768 1949 διαμέ-

1882 1896 2070 1949 datum
2123 1896 2189 1949 dc
2218 1897 2640 1953 circumcisione
2701 1899 2887 1952 datum
2953 1909 3132 1954 ratum
3182 1901 3349 1953 fixum
3408 1908 3466 1953 et

179 1970 306 2005 νειν
337 1955 446 2024 γὰρ
498 1959 637 2029 αὐτῇ
689 1960 750 2012 τὸ
799 1962 1157 2032 ἀπαράϐατον
1220 1968 1382 2038 μέχρι
1437 1971 1537 2039 τῆς
1609 1973 1776 2026 αὑτοῦ

172 2046 518 2114 παρουσίας,
549 2050 607 2115 ἐξ
644 2043 719 2104 ὧν
759 2052 1164 2125 ὑπηρετήσατο,
1193 2059 1341 2126 μετὰ,
1367 2061 1460 2113 τοῦ
1513 2064 1778 2136 ἀνεπιλή-

173 2152 354 2201 πτου,
391 2141 920 2205 συγκατασκευάζει.
959 2143 1023 2196 El
1051 2145 1161 2215 γάρ
1191 2149 1219 2199 6
1262 2149 1336 2219 μὴ
1383 2149 1596 2218 δεηθεὶς
1640 2152 1776 2218 ὅλως

169 2231 513 2298 περιτομῆς,
538 2229 688 2299 ὅμως
714 2231 1009 2302 ὑπέρχεται
1028 2243 1056 2270 η
1081 2235 1305 2307 ταύτην,
1333 2239 1494 2310 σχολῇ
1533 2242 1576 2310 γ’
1599 2241 1664 2295 ἀν
1691 2261 1776 2306 τις

167 2317 340 2387 ἁλοίη
397 2318 504 2372 τῶν
553 2319 658 2373 ὑπὸ
712 2322 788 2392 τῷ
843 2325 995 2395 νόμῳ
1049 2326 1257 2396 ταύτην
1337 2334 1774 2403 παρεωραμένος

168 2409 550 2478 οὑκ-ὀφείλων
603 2413 778 2480 δίκας.
818 2417 986 2470 Πάλιν
1049 2418 1156 2472 τῶν
1200 2421 1475 2478 Ἰουδαίων
1521 2428 1549 2479 6
1601 2427 1774 2498 δῆμος

170 2501 607 2570 φιλαιτιὼτατος
631 2506 729 2572 ὢν,
757 2509 852 2562 καὶ
873 2509 974 2572 τὰς
997 2509 1071 2580 μὴ
1090 2511 1255 2575 οὔσας
1277 2514 1446 2579 δεινὸς
1469 2519 1774 2588 προφάσεις

168 2593 572 2659 ἀναπλάττειν,
602 2597 649 2648 εί
695 2595 768 2668 μὴ
803 2598 903 2669 τὴν
948 2603 1253 2674 περιτομὴν
1294 2606 1557 2674 ὑποστὰς,
1615 2605 1772 2674 οὗτος

168 2683 370 2747 αὐτοῖς
400 2685 470 2739 τὰ
501 2688 744 2759 σωτήρια
775 2692 1049 2761 εἰσηγεῖτο
1073 2709 1087 2725 ·
1122 2695 1266 2759 τίνος
1294 2697 1360 2750 ἂν
1392 2701 1493 2752 οὑκ
1517 2702 1770 2771 ἐνόμιζον

171 2777 637 2848 περιδράττεσθαι
653 2781 1013 2851 δικαιολογίας
1031 2785 1384 2858 διωθούμενοι
1402 2791 1501 2862 τὴν
1518 2792 1774 2848 διδασκα-

169 2869 301 2923 λίαν
321 2871 512 2943 ὅτιπερ
545 2875 952 2946 ἀπερίτμητονο
981 2877 1112 2932 ὄντα
1130 2880 1226 2933 καὶ
1255 2882 1314 2948 ἐξ
1339 2884 1511 2953 αὑτῆς
1528 2887 1716 2950 ἑστίας
1738 2897 1766 2937 Ρ

167 2963 359 3016 πάντα
388 2963 582 3018 λύοντα
606 2967 829 3036 θεσμὸν,
870 2969 987 3032 πῶς
1037 2972 1166 3042 ἐνῆν
1215 2975 1623 3045 παραδέχεσθαι
1660 2995 1769 3031 σωο

166 3056 240 3123 τῆ
251 3073 356 3124 ρας
386 3057 504 3110 Ἴνα
524 3054 619 3110 οὖν
649 3060 830 3114 αὑτῶν
847 3061 1198 3134 ἀναχώρησιν
1234 3067 1414 3119 πᾶσαν
1436 3069 1765 3141 ἀποκλείσῃ,

167 3147 274 3198 καὶ
306 3147 367 3199 τὸ
401 3149 598 3200 οἰκεῖον
629 3151 961 3221 ἁμάρτημα,
1010 3155 1286 3225 μηδεμίαν
1333 3156 1501 3227 ἔχωσι
1555 3161 1761 3231 χώραν,
1794 3195 1838 3255 c

167 3239 257 3301 είς
284 3238 378 3290 τὸν
421 3239 663 3292 ἀναίτιον
717 3244 1100 3312 περιτρέπειν,
1143 3248 1608 3317 περιτεμνόμενος
1669 3250 1764 3322 τὴν

167 3330 564 3400 ἀκροϐυστίαν,
624 3335 1024 3406 συναποτέμνει
1078 3337 1187 3391 τῶν
1215 3339 1528 3409 ἀχαρίστων
1580 3345 1766 3396 πᾶσαν

167 3421 535 3490 εὐπρόσωπον
601 3423 1008 3494 πιθανολογίαν.
1039 3429 1241 3482 Σκόπει
1271 3431 1330 3483 δέ
1372 3450 1464 3500 μοι
1510 3437 1761 3488 κακεῖνοο

167 3514 221 3564 εί
251 3513 348 3582 μὲν
377 3513 452 3583 μὴ
482 3516 863 3586 περιτμηθεὶς,
901 3518 1075 3572 ἔπαυε
1103 3520 1204 3588 τὴν
1239 3521 1443 3587 πρᾶξιν
1467 3561 1482 3586 ,
1513 3524 1661 3594 τάχα
1699 3527 1764 3579 ἀν

169 3618 319 3655 τισιν
362 3605 389 3655 6
441 3604 742 3677 Δεσπότης,
781 3606 857 3670 ὡς
890 3608 1083 3662 ἐαυτὸν
1131 3610 1497 3665 ἀπαλλάσσων
1555 3615 1760 3679 αἰτίας,

169 3694 275 3747 καὶ⁹
329 3695 428 3764 τῆς
480 3697 618 3760 ἰδίας
678 3698 992 3768 προθέσεως
1045 3703 1469 3772 προϊστάμενος,
1513 3703 1613 3776 τὴν
1662 3706 1764 3776 τῆς

171 3787 484 3858 περιτομῆς
537 3789 821 3859 ἀναίρεσιν
862 3791 951 3846 διά
989 3792 1100 3846 τῶν
1156 3795 1420 3867 μαθητῶν
1478 3798 1761 3851 ὑπενοεῖτο

177 3878 547 3948 μεθοδεῦσαι·
586 3881 711 3935 ἐπεὶ
739 3883 796 3936 δέ
856 3886 951 3938 καὶ
987 3888 1402 3957 περιτέμνεται,
1459 3892 1554 3943 καὶ
1587 3891 1756 3945 παύει

169 3971 233 4024 τὸ
259 3969 438 4041 ἔργον,
467 3973 564 4026 καὶ
586 3974 793 4045 ταύτην
811 3981 1237 4049 προαφαιρεῖται
1257 3981 1634 4052 τὴνῗὺπόνοιαν
1651 3987 1761 4038 τῶν

169 4061 480 4130 φιλαιτίων.
516 4066 589 4119 Σὺ
622 4067 678 4119 δὲ
731 4069 855 4138 μηδ’
899 4073 1080 4124 ἐκεῖνο
1136 4074 1543 4146 παραδράμῃς⁹
1588 4076 1760 4142 τύπος

167 4149 239 4225 ἦν
265 4156 354 4208 καὶ
380 4155 650 4226 σύμϐολον
677 4159 772 4212 τοῦ
799 4159 1187 4232 βαπτίσματος
1225 4165 1260 4234 ἡ
1296 4168 1568 4238 περιτομή
1595 4184 1608 4198 ·
1646 4169 1758 4239 μή-

171 4264 262 4301 πω
324 4250 616 4318 τοιγαροῦν
673 4251 818 4320 τῆςδ
846 4253 1108 4324 ἀληθείας
1164 4257 1610 4330 φανερωθείσης,
1667 4261 1758 4314 τὸν

169 4339 343 4394 τύπον
371 4342 694 4412 ἐπικρατεῖν
727 4344 836 4397 ἔδει
854 4362 870 4377 ·
899 4347 1202 4420 ἐπιστάσης
1231 4349 1276 4403 δ’
1303 4351 1528 4420 ἐκείνης
1553 4353 1760 4424 ταύτην

177 4434 499 4503 ὑποχωρεῖν.
534 4435 626 4488 Διὸ
679 4438 1070 4508 περιτέμνεται
1109 4441 1210 4511 μέν
1263 4442 1325 4494 τὸ
1377 4443 1614 4514 κρύφιον
1647 4449 1749 4516 τῆς

1882 1985 2101 2038 ﬁrmum
2139 2002 2365 2041 manere
2412 1990 2612 2044 debere
2657 1990 2869 2056 doceat,
2910 2001 3102 2046 etnon
3145 1993 3460 2046 violandum

1881 2092 2055 2146 usque
2074 2079 2140 2130 ad
2188 2078 2307 2147 ejus
2335 2079 2648 2145 adventum,
2691 2083 2779 2136 cui
2811 2084 3205 2147 fainulabatnr,
3252 2099 3353 2138 nec
3381 2085 3462 2137 in-

1880 2172 2024 2220 terea
2057 2167 2348 2222 calumniis
2396 2169 2721 2239 subjaceret.
2753 2170 2886 2224 Nam
2909 2171 2952 2226 si
2983 2173 3047 2237 is,
3077 2172 3164 2226 cui
3207 2189 3312 2227 non
3343 2181 3462 2227 erat

1878 2271 2015 2326 opus
2043 2259 2490 2330 circumcisione,
2517 2263 2997 2318 circumcisionem
3025 2273 3203 2318 tamen
3233 2265 3404 2319 subiit
3437 2283 3450 2318 :

1877 2349 1924 2403 is
1955 2348 2050 2418 qui
2080 2350 2184 2403 sub
2215 2350 2330 2420 lege
2357 2352 2627 2406 exsistens
2657 2368 2778 2406 eam
2801 2354 3300 2420 transgrederetur,
3337 2369 3455 2421 pa:-

1877 2455 1977 2494 nas
2027 2442 2250 2496 meritas
2308 2443 2440 2496 dare
2496 2444 2750 2498 debebat.
2809 2443 2996 2499 Tertio
3044 2460 3167 2498 cum
3221 2445 3455 2512 querula

1875 2542 2019 2585 esset
2070 2547 2202 2600 gens
2230 2530 2566 2599 Judznorttm,
2615 2542 2669 2588 et
2735 2535 3031 2590 calumniis
3096 2536 3455 2589 C(mlexendis

1875 2622 2079 2683 dedita,
2114 2639 2213 2678 nec
2278 2640 2384 2678 non
2438 2627 2692 2694 egregius
2752 2626 2950 2680 artifex
2999 2627 3454 2681 comminiscendi

1874 2721 2169 2780 praetextus
2214 2711 2406 2776 falsos,
2463 2715 2510 2768 si
2569 2714 2993 2770 incircumcisus
3032 2715 3264 2770 salutem
3320 2716 3455 2784 ipsis

1873 2804 2282 2868 annuntiasset,
2317 2803 2530 2858 facilem
2552 2806 2626 2859 illi
2655 2807 3033 2861 causationem
3062 2808 3452 2876 arripuissent,

1875 2902 1932 2946 ut
1967 2894 2271 2947 doctrinam
2312 2894 2536 2948 allatam
2580 2895 2742 2965 longe
2778 2910 2808 2949 a
2849 2911 2908 2950 se
2953 2895 3267 2965 rejicerent,
3321 2911 3450 2950 cum

1872 2983 2042 3053 legem
2064 2986 2336 3054 imprimis
2359 2987 2512 3040 illum
2541 2986 2778 3042 violasse
2794 2989 3208 3043 contenderent.
3245 2988 3452 3054 Quare,

1873 3085 1933 3130 ut
1959 3089 2272 3146 amputaret
2309 3093 2503 3132 eorum
2539 3094 2567 3131 a
2599 3079 2834 3134 veritate
2875 3080 3258 3146 defectionem,
3299 3091 3354 3134 et
3386 3097 3454 3135 ne

1871 3184 2062 3222 ansam
2096 3170 2402 3239 arriperent
2424 3187 2585 3225 suum
2620 3172 2865 3240 ipsorum
2891 3183 3175 3240 peccatum
3201 3174 3253 3226 in
3289 3175 3451 3227 inno-

1870 3269 2086 3315 centem
2147 3262 2536 3328 transferendi,
2589 3263 2953 3319 circumcisus
3011 3267 3303 3335 praeputio,
3341 3282 3452 3320 una

1869 3361 2119 3420 amputat
2175 3352 2515 3421 ingratorum
2570 3354 2820 3407 omnium
2875 3369 3004 3408 cum
3065 3355 3250 3423 aliquo
3312 3369 3450 3424 pra:-

1871 3451 2019 3497 textu
2066 3442 2414 3513 plausibilem
2473 3444 2910 3498 accusationem.
2951 3443 3054 3498 Sed
3110 3456 3165 3498 et
3214 3446 3452 3501 ulterius

1868 3535 2111 3598 attende,
2167 3536 2213 3589 si
2248 3551 2356 3588 non
2394 3536 2760 3590 circumcisus
2820 3534 2983 3589 linem
3037 3537 3449 3591 circumcisioni

1869 3625 2203 3694 imponeret,
2235 3625 2501 3682 Dominus
2541 3626 2682 3681 forte
2713 3627 3080 3696 suspicionem
3113 3627 3256 3697 apud
3280 3645 3451 3698 quos-

1866 3718 1992 3772 dam
2046 3718 2325 3773 incurrere
2363 3727 2596 3787 poterat,
2640 3720 2787 3789 quod
2842 3735 2903 3774 se
2948 3732 3008 3774 ut
3055 3721 3213 3790 culpa
3246 3722 3451 3775 exime-

1865 3823 1968 3873 ret,
2001 3826 2066 3865 ac
2115 3826 2272 3865 suam
2319 3811 2648 3866 sententiam
2705 3813 3053 3876 obtruderet,
3078 3823 3134 3868 et
3160 3814 3450 3883 discipulis

1865 3904 2007 3957 viam
2042 3919 2108 3959 ac
2143 3906 2409 3959 rationem
2441 3915 2726 3974 praestaret
2784 3908 3009 3962 tollendi
3066 3908 3285 3977 penitus
3339 3911 3450 3961 cir-

1864 3995 2303 4063 cumcisionein;
2382 3998 2742 4054 circumcisus
2798 3999 2937 4067 ipse,
2993 4013 3057 4053 ac
3119 4015 3228 4052 non
3286 4001 3450 4054 aliter

1864 4102 2084 4142 cessare
2124 4088 2255 4142 fecit
2315 4089 2455 4143 hanc
2504 4090 2871 4159 suspicionem
2913 4092 3067 4146 etab
3099 4093 3446 4146 accnsaturis

1864 4179 2105 4234 sustulit.
2163 4179 2266 4233 Sed
2320 4195 2422 4234 nec
2482 4180 2616 4235 illud
2672 4181 2898 4250 insuper
2948 4190 3284 4250 prmtereas:
3319 4194 3442 4236 erat

1864 4272 2216 4327 circumcisio
2248 4271 2559 4342 symbolum
2601 4286 2667 4326 ac
2699 4273 2869 4342 figura
2901 4273 3194 4342 baptismi:
3225 4289 3322 4342 par
3339 4274 3445 4329 fuit

1864 4373 1924 4418 ut
1976 4379 2324 4432 nequaquam
2349 4364 2457 4416 vim
2501 4378 2656 4417 suam
2689 4365 2960 4417 obtineret
3012 4373 3171 4434 typus
3215 4366 3445 4420 veritate

1865 4454 2236 4519 manifestata,
2291 4454 2390 4509 sed
2443 4454 2518 4507 illi
2550 4455 2732 4509 locum
2789 4455 2965 4508 daret.
3010 4454 3444 4509 Circumciditnr

172 4525 395 4595 σαρκὸς,
427 4524 581 4579 οὔπω
612 4528 714 4598 τῆς
742 4529 800 4582 ἐν
848 4530 1034 4602 χάριτι
1074 4536 1382 4605 περιτομῆς
1413 4538 1753 4608 φανερωθεί-

1874 4560 1991 4615 ξιπεο
2029 4559 2161 4598 caro
2191 4543 2246 4597 in
2277 4544 2493 4597 occulta
2522 4555 2676 4613 parte
2722 4545 2992 4612 corporis,
3027 4559 3152 4598 cum
3195 4545 3441 4598 nondum

173 4632 302 4688 σης·
329 4617 552 4689 ἐκείνης
608 4619 666 4672 δὲ
720 4620 797 4690 τῷ
824 4624 1143 4695 Δεσποτικῷ
1180 4625 1521 4697 βαπτίσματι
1567 4628 1749 4683 πάντα

173 4710 667 4781 περιαυγαζούσης,
705 4713 800 4766 καὶ
852 4713 1111 4786 λαμπρὰν
1145 4717 1245 4786 τὴν
1297 4717 1558 4788 ἀλήθειαν
1612 4721 1752 4774 ὑπο-

172 4801 542 4872 δεικνυούσης,
573 4803 645 4858 τά
678 4805 736 4857 ἐν
789 4806 919 4877 σκιᾷ
971 4807 1067 4860 καὶ
1112 4807 1398 4878 αἰνίγματι
1434 4813 1751 4883 παρρησιά-

175 4895 358 4958 ζεσθαι
388 4896 560 4950 τόπον
591 4897 689 4966 οὐχ
719 4897 986 4968 εὑρίσκει.
1030 4900 1216 4971 Χωρὶς
1254 4901 1311 4954 δὲ
1359 4903 1472 4956 τῶν
1519 4905 1749 4977 εἰρημέ-

177 5004 299 5051 νων,
327 4989 748 5060 ἀναμνησθῆναι
781 4994 944 5044 κακεῖ
989 4993 1196 5065 δεήσει,
1231 4996 1291 5048 ἐν
1335 4995 1416 5066 τῷ
1465 4999 1750 5070 σπέρματι

179 5077 267 5131 τοῦ
309 5079 559 5153 Ἀϐραὰμ
604 5081 675 5135 τὰ
720 5083 850 5156 ἔθνη
885 5086 1065 5140 πάντα
1127 5089 1747 5164 ἐνευλογηθήσεσθαιίι·

179 5169 330 5240 ὅρκον
361 5173 484 5224 καθ’
505 5175 701 5228 ἐαυτοῦ
735 5177 913 5240 διδοὺς
945 5179 974 5231 ὁ
1007 5178 1140 5243 Θεὸς
1189 5181 1266 5251 τῷ
1294 5183 1510 5254 δικαίῳ,
1568 5187 1747 5239 ποιεῖ-

175 5278 260 5318 ται
288 5264 484 5332 λογάδα
518 5266 736 5322 πάντων
769 5268 940 5322 ἐθνῶν
968 5270 1068 5341 τὴν
1118 5272 1329 5327 ἐκείνου
1373 5275 1550 5346 φυλήν
1571 5293 1584 5308 ·
1651 5279 1749 5332 καὶ

173 5352 330 5408 οἱονεὶ
361 5357 682 5428 σφραγίζων
714 5361 886 5432 αὑτὴν
911 5361 1002 5414 διὰ
1027 5361 1125 5416 τοῦ
1166 5365 1445 5438 φυλάρχου
1479 5371 1548 5440 τῇ
1581 5385 1746 5440 περι-

172 5451 326 5522 τομῇ,
357 5450 458 5521 τήν
485 5468 546 5504 τε
580 5451 762 5509 πίστιν
783 5455 1212 5529 ἐπισημαίνεται
1245 5462 1340 5516 τοῦ
1370 5464 1740 5538 πατριάρχου,

1859 4634 2212 4690 circumcisio
2237 4650 2333 4704 per
2361 4635 2596 4705 gratiam
2629 4643 2997 4702 compararet,
3041 4635 3134 4688 sed
3180 4649 3304 4687 cum
3350 4635 3441 4688 illa

1860 4744 1956 4798 per
2007 4727 2227 4783 Domini
2279 4729 2615 4799 baptismum
2667 4729 2851 4783 omnia
2933 4728 3330 4792 collustrasset,
3384 4736 3442 4783 et

1860 4823 2130 4879 illustrem
2185 4823 2514 4878 reddidisset
2548 4824 2860 4886 veritatem,
2905 4836 3028 4890 qua:
3069 4820 3289 4876 fuerant
3314 4838 3443 4875 um-

1853 4916 1966 4970 brae
1985 4925 2040 4970 et
2093 4915 2383 4984 aenigmata
2407 4913 2586 4969 lihere‘
2627 4929 2687 4968 se
2714 4912 2977 4968 exerendi
3008 4912 3244 4968 ulterius
3262 4912 3442 4967 facul-

1853 5015 2018 5062 tatem
2057 5023 2166 5060 non
2199 5006 2482 5060 haberent.
2524 5005 2729 5060 Praeter
2771 5006 3044 5062 hactenus
3096 5021 3441 5060 commemo-

1853 5104 1992 5157 rata,
2042 5095 2415 5148 revocandum
2469 5105 2553 5148 est
2596 5095 2650 5148 in
2708 5096 3059 5161 memoriam,
3113 5096 3168 5149 in
3226 5097 3442 5151 semine

1854 5183 2089 5238 Abraha:
2117 5184 2521 5239 benedicendas
2545 5200 2668 5240 esse
2712 5186 2843 5238 olim
2887 5201 3081 5242 omnes
3113 5195 3322 5256 gentes,
3362 5187 3439 5242 ita

1854 5277 2003 5332 enim
2055 5277 2211 5346 justo
2260 5276 2336 5330 illi
2368 5277 2508 5342 viro,
2537 5293 2636 5348 per
2665 5277 3214 5347 scipsumjuraverat
3266 5277 3432 5343 Deus,

1856 5370 1932 5426 ita
1962 5371 2080 5440 ejus
2103 5372 2425 5440 progeniem
2455 5373 2746 5424 nationum
2777 5371 3028 5425 omnium
3063 5370 3436 5426 eollectricem

1859 5460 2010 5531 facit,
2045 5477 2208 5532 quant
2244 5477 2343 5532 per
2387 5463 2633 5518 tribuum
2682 5462 2902 5519 illarum
2927 5471 2986 5519 et
3029 5463 3247 5536 generis
3283 5468 3440 5536 prino

1459 5667 1688 5726 VARUE
1724 5668 2134 5727 LECTIONES.

244 5843 270 5876 ⁸
300 5835 368 5893 0..
406 5837 480 5894 M.
544 5840 937 5915 ὑπερέρχεται.
1011 5855 1028 5876 °
1063 5845 1219 5906 (3.51.
1261 5847 1616 5921 περίτμητον.
1693 5861 1720 5902 P
1751 5851 1812 5908 C.
1846 5850 1918 5910 M.
1943 5850 2142 5914 αἰτίας.
2221 5858 2250 5900 9
2275 5850 2336 5906 C.
2380 5849 2451 5906 Μ.
2489 5850 2980 5922 εὑλογηθήσεσθαι.
