4072 6442
642 374 750 438 C95

1802 373 2071 436 PHOTII
2101 375 2608 437 ΡΑΤΙὶῐΑΡιΟΗίΕ
2644 378 2754 439 CP.

3844 396 3939 457 δι’δι’.

648 487 825 556 cipem
874 484 1303 540 circumcisione
1346 486 1658 556 consignat,
1694 484 1787 555 qui
1834 498 1891 541 et
1920 485 2079 541 (idem
2129 487 2227 539 dc-

2341 488 2426 538 καὶ
2452 487 2514 538 τὸ
2538 488 2698 555 γένος
2724 490 2840 557 ἅμα
2895 490 2953 542 ἐν
2984 490 3277 561 ἀφορισμῷ
3307 494 3631 562 συντηρεὶ-
3650 491 3715 545 ὐ
3771 496 3945 544 τοίνυν

647 578 819 630 'clarat
864 574 1199 645 patriarchae
1225 582 1281 629 et
1314 576 1727 644 generationem
1758 574 1882 644 ejus
1916 585 2228 646 separatam

647 677 975 722 conservat:
1011 666 1391 736 juramentum
1421 676 1570 722 certe
1602 666 2067 736 transgressionis
2108 681 2233 720 cau-

647 774 764 811 sam
800 758 1164 827 praestitisset,
1200 759 1247 815 si
1293 774 1483 814 omnes
1520 769 1707 827 gentes
1742 774 1838 829 per
1882 773 2231 812 communem

648 845 998 902 Servatorcm
1036 847 1318 903 Christum
1369 848 1810 916 baptizarentur.
1841 848 2139 916 Quocirca,
2169 856 2229 903 ut

645 942 722 1007 id,
774 942 919 1011 quod
943 940 1185 1011 gratuito
1224 941 1502 1011 pollicitus
1534 939 1710 996 fuerat
1739 942 2076 1006 Abrahamo,
2097 955 2232 995 con-

645 1045 984 1087 summatum
1040 1034 1201 1087 ﬁnem
1230 1034 1546 1098 sortiretur,
1606 1044 1660 1088 et
1691 1045 1881 1088 contra
1937 1034 2228 1089 veritatem

647 1128 931 1180 Sill)0l’lam
990 1126 1361 1194 suSpicionem
1416 1124 1558 1181 Deus
1611 1140 1640 1179 a
1672 1124 1909 1180 falsitate
1932 1124 2231 1195 juramenti

648 1215 949 1270 immunem
998 1226 1306 1285 praestaret,
1370 1216 1417 1286 (ι
1440 1214 1576 1269 Nam
1623 1231 1745 1287 ego,
1776 1234 1793 1266 ι
1863 1216 2089 1270 dicebat
2138 1216 2233 1267 ali-

646 1307 888 1377 quando,
952 1325 971 1359 ‹
1016 1322 1138 1360 sum
1179 1298 1383 1361 veritas
1440 1318 1494 1362 et
1519 1307 1666 1369 vita,
1702 1306 1749 1377 ι)
1814 1305 2233 1361 circumciditur

646 1415 815 1455 carne
847 1400 1094 1469 prmputii
1127 1401 1235 1465 sui,
1266 1399 1321 1453 in
1379 1399 1498 1469 ipso
1536 1400 1718 1468 primo
1752 1400 2005 1468 ingressu
2042 1399 2231 1467 etpri-

648 1491 825 1545 mitiis
852 1491 1079 1561 gratiae:
1122 1491 1239 1546 haec
1272 1499 1457 1545 autem
1496 1499 1583 1547 est
1618 1492 1857 1552 vocatio,
1898 1489 2228 1553 benedictio,

645 1584 947 1651 etail0ptio
972 1583 1236 1651 gentium,
1282 1584 1509 1653 legalem
1560 1584 1823 1653 politiam
1872 1581 2231 1637 circumscri-

646 1673 784 1729 bens
807 1682 859 1727 et
883 1673 1282 1728 determinans.
1326 1674 1487 1727 Plura
1514 1674 1681 1743 hujus
1720 1674 1937 1743 generis
1968 1672 2093 1741 quis
2135 1686 2232 1741 per

640 1765 816 1818 otium
871 1765 1182 1834 excogitata
1237 1765 1478 1831 recolet;
1512 1781 1635 1835 qum
1671 1766 1757 1819 lex
1806 1765 2118 1835 epistolica,
2172 1773 2228 1817 et

644 1869 735 1913 tim
777 1860 1066 1929 prudentia
1093 1861 1241 1929 (nam
1257 1861 1385 1930 quid
1414 1861 1465 1913 in
1505 1860 1800 1916 antedictis
1834 1861 2089 1925 habetur,
2113 1875 2224 1931 quo
2264 1839 2303 1893 Β

644 1966 756 2003 non
786 1960 840 2005 et
870 1952 1030 2005 tacita
1058 1952 1562 2020 vestigareliceat?)
1587 1967 1708 2005 cum
1739 1962 1953 2021 gratum
1983 1969 2087 2005 non
2120 1954 2219 2006 lia-

644 2037 793 2102 beat,
822 2054 1290 2107 supervacaneum
1325 2040 1605 2095 addidisse
1636 2042 1767 2093 milii
1806 2042 1987 2095 visunt
2019 2051 2123 2094 cst.

711 2151 1043 2219 ρυίΕδτιο
1084 2154 1274 2208 CXIX.
1319 2154 1715 2225 [CoisLCXLL
1758 2156 1921 2210 Tuur.
1963 2156 2149 2229 CXL.]

857 2243 934 2297 De
963 2260 1021 2298 eo
1055 2260 1075 2298 ε
1112 2263 1130 2296 ι
1165 2244 1331 2299 Deum
1363 2262 1513 2300 nemo
1541 2247 1669 2300 vidit
1696 2263 1951 2316 unquam.
1986 2266 2004 2298 ι

2336 580 2499 648 ὅρκος
2543 581 2910 651 παραϐάσεως
2958 582 3024 636 ἂν
3075 586 3339 654 παρεῖχεν
3386 584 3578 638 αἰτίαν
3610 583 3939 652 εὐλογουμὲσ

2336 686 2441 720 νων
2477 679 2497 705 τ
2552 670 2652 738 μὲν
2706 671 2961 725 ἁπάντων
3014 672 3187 725 ἐθνῶν
3230 674 3320 727 διὰ
3351 674 3521 742 μόνον
3602 674 3710 727 τοῦ
3771 678 3949 727 κοινςῦ

2337 761 2591 830 Σωτῆρος
2618 762 2891 832 Χριστοῦο
2925 764 2988 817 οὐ
3023 765 3283 835 φέροντος
3316 766 3373 819 δὲ
3412 766 3475 818 τὸ
3523 766 3830 835 ἐπίσημον
3863 769 3947 833 τῆς

2353 852 2712 922 ’Λϐραμιαίας
2752 856 2978 923 σπορᾶς,
2997 856 3119 925 ἥτις
3144 852 3211 927 ῆν
3240 859 3273 927 ἡ
3327 858 3644 927 περιτομή.
3705 857 3840 908 ἰνα
3866 858 3947 909 ῦῖνδ

2334 945 2433 997 καὶ
2462 944 2538 1013 τῷ
2580 945 2833 1016 Ἀϐραὰμ
2868 949 2926 999 τὸ
2956 950 3355 1018 κεχαρισμένον
3392 950 3573 1019 πέρας
3612 951 3651 1015 ἡ
3715 948 3937 1015 ὑπότχεγ

2337 1049 2423 1094 σις
2454 1034 2727 1104 ἀπολάϐῃ,
2753 1036 2849 1087 καὶ
2880 1036 2979 1105 τὴν
3012 1038 3159 1090 κατὰ
3214 1038 3313 1106 τῆς
3345 1039 3616 1108 ἀληθείας
3671 1037 3945 1105 ﬁnding.

2336 1128 2390 1192 (ἡ
2428 1124 2484 1176 δέ
2513 1126 2659 1177 ὲΙΤιτιν
2693 1129 2720 1178 ὁ
2742 1126 2894 1192 θεὸς,
2925 1128 3025 1196 τῆς
3059 1128 3387 1198 ψευδορκίας
3416 1129 3701 1199 διαλύσῃο
3737 1146 3759 1178 ι
3815 1130 3943 1194 Ἑγῲ

2333 1213 2440 1283 γάρ
2463 1215 2601 1283 εἶμι.
2662 1218 2847 1284 φησὶν,
2902 1218 2935 1285 ἡ
2971 1216 3199 1288 ἀλήθεια
3224 1219 3370 1289 καὶὴ
3401 1218 3515 1289 ζωή
3566 1237 3586 1268 ι
3633 1217 3684 1286 )·
3746 1219 3941 1287 τέμνε-

2332 1322 2422 1357 ται
2452 1305 2551 1375 τὴν
2584 1306 2764 1369 σάρκα
2787 1308 2886 1376 τῆς
2914 1309 3285 1379 ἀκροϐυστίας
3330 1312 3388 1362 ὲν
3445 1312 3514 1380 τῇ
3572 1313 3688 1379 τῆς
3722 1311 3944 1380 ligata;

2331 1396 2557 1466 ἀπαρχῇ
2592 1398 2686 1450 καὶ
2716 1401 2993 1469 εἰσαγωγῇ
3020 1415 3033 1428 ·
3059 1400 3201 1470 αὕτη
3240 1400 3297 1455 δέ
3333 1402 3480 1455 ἔστιν
3518 1404 3553 1472 ἡ
3613 1401 3831 1471 κλῆσις
3861 1404 3943 1452 n‘:

2332 1489 2609 1558 ἡεὺλογία
2652 1492 2749 1542 καὶ
2801 1493 2834 1562 ἡ
2866 1492 3111 1546 υἱοθεσία
3137 1493 3248 1546 τῶν
3313 1493 3507 1554 ὲθνῶν,
3537 1493 3651 1563 τὴν
3714 1494 3941 1562 νομικὴν

2333 1580 2612 1633 πολιτείαν
2662 1583 3139 1652 συμπεριγράφων
3196 1584 3290 1636 καὶ
3348 1584 3797 1652 συνεκπληρῶν.
3834 1586 3936 1635 Καὶ

2333 1672 2506 1723 πολλὰ
2530 1672 2592 1725 ἄν
2615 1688 2699 1734 τις
2732 1672 2893 1740 ἕτερα
2919 1672 3147 1726 τοιαῦτα
3176 1673 3314 1726 κατὰ
3372 1673 3577 1743 σχολὴν
3617 1674 3942 1743 ἐπιθεωρής

2334 1774 2459 1815 σοι⁸
2503 1756 2578 1816 ὧν
2612 1764 2640 1815 ὃ
2667 1780 2726 1815 τε
2755 1762 2855 1833 τῆς
2889 1765 3180 1834 ἐπιστολῆς
3228 1764 3415 1834 νόμος,
3456 1766 3556 1817 καὶ
3604 1766 3645 1834 ὴ
3710 1766 3784 1833 σὴ
3828 1764 3943 1816 σύν-

2334 1874 2446 1917 εσις
2500 1856 2572 1925 (τί
2630 1857 2736 1926 γὰρ
2762 1858 2827 1908 ὲκ
2864 1856 2973 1909 τῶν
3022 1857 3326 1927 εἰρημένων
3388 1858 3489 1909 οὐκ
3539 1857 3685 1925 ὲνῆν
3743 1859 3839 1908 καὶ
3884 1860 3945 1909 τὰ

2334 1948 2669 2016 σεσιγημὲνα
2692 1950 2929 2017 θηρᾶσαι
2951 1949 2989 2017 ;)
3015 1950 3135 2001 ἐπεὶ
3159 1949 3236 2019 μὴ
3270 1950 3367 2019 ἡδὺ
3395 1948 3643 2019 νομίζει,
3684 1950 3942 2019 περιττὸν

2336 2040 2527 2110 ἐκρίθη
2559 2043 2591 2109 ἡ
2628 2042 2949 2110 παράθεσις.

2868 2152 3199 2207 ΕΡΩΤΗΣῘΣ
3242 2154 3386 2212 ΡΙΘ’.

2660 2249 2810 2299 Θεὸν
2843 2246 3041 2311 οὐδεὶς
3076 2247 3297 2315 ἑώρακε
3333 2246 3601 2301 πώποτέ.

752 2354 1005 2407 Editarum
1028 2371 1056 2406 a
1079 2357 1258 2407 Wolﬁo
1280 2363 1451 2420 quarta
1470 2359 1610 2422 (Cur.
1643 2357 1911 2425 Philolog.,
1936 2365 1968 2409 t.
1993 2359 2124 2469 V,bp.
2148 2360 2391 2471 708,1715.
2425 2359 2647 2469 Galtlzigil,
2677 2365 2711 2408 t.
2740 2360 2869 2413 Xlll.
2894 2374 2941 2422 p.
2968 2359 3268 2421 718-717,n.
3295 2361 3398 2419 20).
3437 2386 3494 2395 —
3521 2360 3841 2423 Explanat.0

1962 2435 2050 2470 νει·
2086 2436 2243 2471 υΓυιιι.
2347 2436 2437 2470 υέΙΙΙ
2472 2435 2502 2471 1.

1962 2435 2243 2480 verborum,
2269 2435 2286 2469 ι
2316 2435 2437 2471 Joan
2472 2435 2502 2481 t,

716 2500 946 2570 Egregia
989 2509 1083 2555 tua
1124 2502 1393 2569 industria
1434 2511 1491 2558 et
1531 2518 1686 2571 cura,
1720 2506 1786 2559 ad
1835 2505 2118 2574 sapientia:
2145 2505 2227 2557 di-

644 2592 893 2662 vinaeque
931 2593 1193 2648 doctrinae
1221 2596 1399 2663 capita
1433 2594 1627 2663 relata,
1670 2611 1780 2649 non
1826 2611 1912 2649 me
1951 2596 2129 2650 solum
2161 2595 2228 2649 ad

649 2684 797 2736 idem
844 2684 1084 2737 studium
1124 2686 1348 2752 excitat,
1385 2687 1478 2740 sed
1518 2696 1573 2741 et
1624 2687 1938 2756 unicuique,
1981 2699 2039 2740 ut
2078 2700 2228 2756 puto,

646 2776 740 2829 cui
776 2776 995 2831 animus
1025 2778 1093 2830 ab
1143 2792 1333 2833 amore
1364 2793 1544 2833 rerum
1576 2780 1965 2849 prazclararum
1996 2779 2230 2844 alienus,

650 2884 760 2923 non
797 2870 1011 2939 suadet,
1058 2878 1117 2924 ut
1159 2885 1245 2928 res
1295 2887 1484 2927 amore
1518 2872 1773 2944 indignas
1832 2873 2014 2942 magni
2044 2872 2230 2937 faciat,

648 2963 810 3017 laude
864 2978 992 3017 vero
1040 2964 1233 3034 dignas
1288 2972 1607 3029 aversetur,
1662 2963 1804 3019 idem
1859 2964 2231 3020 commendat.

649 3054 821 3125 quue
860 3065 1012 3111 tanto
1062 3057 1259 3127 magis,
1303 3058 1448 3125 quod
1500 3065 1555 3111 tu
1594 3058 1836 3127 quidem,
1877 3056 2046 3112 tantis
2086 3056 2236 3111 curis

2424 2505 2486 2556 Ἡ
2516 2504 2655 2573 καλή
2684 2521 2775 2556 σου
2810 2502 3024 2573 περὶτὰ
3045 2501 3190 2556 οὕτω
3214 2502 3355 2572 σοφὰ
3378 2504 3472 2555 καὶ
3489 2504 3614 2556 θεῖα
3634 2506 3947 2575 μαθήματι

2336 2595 2623 2664 φιλοπονία
2655 2596 2747 2648 καὶ
2780 2594 3010 2664 σπουδὴ,
3035 2595 3135 2646 οὐκ
3168 2594 3271 2663 ἐμὲ
3296 2594 3459 2664 μόνον
3490 2597 3637 2664 πρὸς
3679 2598 3947 2664 ἐπιστρο-

2344 2688 2450 2757 φὴν
2482 2686 2654 2757 αὐτῆς
2680 2686 3044 2755 διανίστησιν,
3090 2686 3230 2739 ἀλλὰ
3262 2687 3358 2739 καὶ
3407 2688 3574 2740 παντί
3624 2705 3727 2755 γε,
3775 2684 3945 2758 οἶμαι,

2339 2780 2448 2851 ὅτῳ
2491 2780 2568 2850 μὴ
2614 2780 2757 2834 πάνυ
2806 2780 2917 2833 τῶν
2951 2778 3133 2833 καλῶν
3182 2778 3373 2850 ἕτερος
3405 2781 3550 2849 ἔρως
3598 2778 3670 2831 τὸ
3727 2780 3947 2848 φίλτρον

2339 2872 2548 2927 ἐκλύων
2578 2870 2981 2939 ἀντεπέστησεν
3005 2870 3065 2923 τὸ
3093 2870 3395 2941 ἀνέραστον
3426 2870 3540 2940 (ἓὲ)
3578 2870 3841 2934 θειάξειν
3894 2890 3943 2923 τε

2343 2966 2438 3018 καὶ
2490 2967 2660 3017 κινεῖν
2705 2962 2932 3014 ἐπαίνου
2978 2961 3127 3027 ἀξια,
3185 2961 3539 3015 καθίσταται.
3580 2962 3859 3014 Μάλιστα
3890 2979 3945 3028 γε

2342 3057 2424 3108 ὃτι
2473 3054 2569 3107 καὶ
2627 3052 2897 3115 τοσαύτας
2957 3050 3245 3123 φροντίδας
3298 3051 3809 3120 ἐγκεχειρισμένος
3853 3055 3945 3103 οὐκ

646 3147 957 3213 districtus,
1009 3148 1147 3203 nihil
1186 3148 1255 3205 de
1300 3149 1485 3203 studio
1528 3148 1631 3205 hoc
1679 3147 1936 3215 remittis,
1980 3145 2232 3217 quamvis

2341 3147 2572 3209 ὲνδίδως,
2591 3140 2672 3211 οἷς
2687 3144 2813 3197 καθ’
2835 3144 3077 3213 ἑκάστην
3104 3141 3511 3214 προνοούμενος
3531 3143 3942 3212 ὲπαγρυπνείς,

649 3239 759 3295 illis
808 3241 1023 3310 quidem
1065 3241 1297 3310 singulis
1348 3250 1537 3297 curate
1590 3240 1876 3311 invigiles,
1939 3254 2118 3310 neque
2167 3238 2234 3292 ad

648 3332 821 3385 otium
850 3332 1128 3401 animique
1156 3333 1551 3387 relaxationcm
1594 3340 1829 3401 spectes,
1863 3332 1955 3387 sed
1987 3326 2074 3394 ea‘,
2113 3345 2236 3401 qua:

650 3423 717 3475 ad
761 3422 927 3477 vitam
977 3424 1215 3478 activam
1268 3440 1333 3478 ac
1378 3426 1568 3493 patriae
1618 3425 1907 3479 commoda
1938 3417 2234 3494 pertinent,

649 3511 814 3565 etiam
881 3512 1079 3580 magis,
1130 3528 1293 3581 quam
1353 3513 1735 3569 meditationes
1810 3520 1955 3579 luas,
2017 3528 2234 3584 urgeas.

650 3601 839 3672 Neque
871 3617 1002 3658 vero
1051 3618 1081 3656 a
1109 3604 1389 3673 praet-laris
1441 3604 1551 3659 illis
1596 3605 1699 3659 tuis
1730 3612 1785 3659 et
1839 3603 2237 3673 pliilosophicis

652 3695 1061 3751 meditamentis
1102 3697 1324 3766 penitus
1371 3696 1764 3767 investigandis
1792 3697 1945 3767 prius
1973 3696 2235 3762 ab5tincs,

653 3801 822 3854 quam
859 3786 925 3841 ad
957 3786 1166 3857 apicem
1203 3789 1478 3854 veritatis,
1526 3788 1709 3858 quoad
1736 3788 1857 3859 ejus
1893 3788 2007 3843 ﬁeri
2038 3798 2237 3859 potest,

653 3878 990 3949 perveneris.
1030 3878 1227 3937 Beatos
1263 3881 1428 3951 igitur
1460 3882 1698 3949 przedico
1728 3896 1847 3944 eos,
1877 3880 2082 3952 quibus
2126 3880 2241 3937 haec

654 3968 712 4022 in
749 3978 801 4023 te
831 3969 1033 4036 videre,
1067 3978 1121 4025 et
1149 3986 1212 4025 ex
1243 3980 1293 4025 te
1322 3971 1509 4027 audire
1536 3972 1682 4027 licet.
1715 3970 1853 4025 Tum
1885 3985 2017 4026 vero
2069 3970 2238 4031 etiam

657 4060 857 4125 sentio,
896 4076 1059 4131 quam
1091 4077 1234 4132 aegre
1274 4062 1408 4116 milii
1446 4061 1677 4118 fecerint
1713 4062 1945 4127 inimici,
1980 4071 2036 4116 et
2071 4077 2238 4131 quam

654 4152 892 4222 puli-ltro
916 4153 1276 4224 jucundoqne
1307 4157 1621 4225 spectaculo
1646 4154 1852 4210 invidia
1883 4169 1971 4210 me
1993 4154 2238 4225 privarit,

652 4246 752 4313 qui
782 4245 964 4301 videre
1010 4262 1121 4301 non
1156 4248 1359 4316 possim
1393 4248 1795 4318 philosophiam
1841 4247 1897 4302 in
1928 4246 2108 4302 media
2151 4261 2240 4301 re-

656 4337 878 4408 publica
928 4337 1158 4393 clioruin
1210 4339 1523 4403 ducentem,
1580 4348 1638 4394 et
1689 4338 1913 4409 quidem
1969 4346 2237 4403 nostram,

659 4439 829 4497 atque
869 4429 1006 4485 adeo
1037 4431 1220 4495 talem,
1268 4430 1429 4499 cujus
1454 4430 1667 4485 fructus
1701 4430 1950 4486 cmlestia
1985 4429 2236 4500 largitur.

2344 3238 2466 3290 οὐδὲ
2507 3237 2644 3306 πρὸς
2675 3237 2775 3301 τὴν
2801 3236 2910 3290 τῶν
2973 3236 3149 3289 πόνων
3204 3236 3390 3289 ἄνεσιν
3419 3236 3513 3287 καὶ
3572 3236 3945 3305 ψυχαγωγίαν

2342 3330 2645 3398 ἀναφορᾷς,
2678 3327 2816 3381 ἀλλὰ
2845 3328 2939 3380 καὶ
2971 3326 3232 3379 ἐπέκεινα
3262 3327 3389 3387 τοὺς
3416 3324 3731 3395 λογισμοὺς
3773 3326 3857 3387 είς
3893 3324 3943 3376 τὸ

2342 3420 2671 3493 δραστήριόν
2697 3438 2756 3472 τε
2790 3418 2886 3472 καὶ
2910 3419 2971 3472 τδ
2996 3421 3060 3489 τῇ
3091 3418 3314 3487 πατρίδι
3356 3418 3611 3469 συνοῖσον
3661 3418 3943 3483 ἀντιστρέ-

2346 3530 2490 3582 φεις.
2518 3513 2627 3566 Καὶ
2650 3512 2759 3565 τῶν
2784 3509 2928 3564 οὕτω
2959 3509 3289 3580 θαυμαστῶν
3322 3510 3417 3562 καὶ
3448 3509 3776 3577 φιλοσόφων
3819 3508 3943 3561 θεω-

2344 3606 2613 3675 ρημάτων
2650 3603 2711 3657 τὸ
2751 3602 2916 3672 βάθος
2960 3600 3387 3673 διερευνώμενος
3440 3600 3539 3652 οὐκ
3588 3600 3800 3665 ἀνίεις,
3847 3600 3943 3661 ἕως

2347 3697 2436 3759 ἂν,
2461 3695 2533 3759 ὡς
2556 3690 2669 3748 οἶόν
2700 3694 2759 3748 τέ
2784 3696 2959 3759 ἐστιν,
2981 3695 3062 3756 είς
3086 3693 3255 3763 αὐτὴν
3285 3692 3385 3762 τῆς
3405 3692 3673 3762 ἀληθείας
3695 3692 3933 3759 ἀναδραο

2350 3789 2472 3858 μεῖν
2514 3803 2597 3839 σοι
2632 3786 2975 3856 περιγένοιτο
3019 3784 3117 3856 τὴν
3158 3785 3426 3854 κορυφήν.
3468 3784 3583 3836 Καὶ
3640 3784 3944 3854 μακαρίζω

2344 3879 2476 3943 τοὺς
2513 3878 2759 3948 ὁρῶντας
2802 3878 2897 3931 ἐπὶ
2954 3877 3038 3931 σοὶ
3092 3880 3269 3931 ταῦτα
3307 3878 3402 3929 καὶ
3460 3874 3801 3939 ἀκούοντας.
3848 3876 3944 3926 Καὶ

2346 3972 2467 4025 τότε
2486 3969 2753 4040 λαμϐάνω
2784 3968 3136 4039 συναίσθησιν
3157 3968 3255 4037 τῆς
3278 3968 3389 4021 τῶν
3412 3967 3623 4038 ἐχθρῶν
3646 3968 3945 4038 ἐπηρείαξ,

2348 4065 2441 4119 καὶ
2461 4062 2573 4117 οἴου
2601 4078 2667 4133 με
2686 4061 2855 4116 καλοῦ
2881 4062 2977 4115 καὶ
3005 4060 3223 4130 ἡδίστου
3238 4058 3507 4127 θεάματος
3523 4059 3550 4110 ὁ
3566 4058 3777 4126 φθόνος
3800 4059 3944 4111 ἐστὲ-

2348 4172 2538 4228 ρησεν.
2568 4156 2627 4208 ὲν
2656 4152 2904 4224 πολιτείᾳ
2929 4152 3061 4222 ὀρᾷν
3087 4150 3409 4220 φιλοσοφίαν
3439 4148 3816 4220 χορεύουσαν,
3859 4150 3943 4201 καὶ

2345 4248 2468 4300 τότε
2484 4247 2583 4316 τὴν
2600 4245 2895 4316 ἡμετέραν,
2916 4244 3010 4299 καὶ
3022 4237 3087 4314 ἧς
3102 4244 3130 4295 ὁ
3151 4242 3362 4313 καρπὸς
3374 4244 3443 4294 τὰ
3459 4240 3721 4310 οὐράνια.
3756 4240 3943 4308 Ἡμεῖς

2351 4334 2451 4405 μὲν
2482 4330 2574 4387 οὖν
2612 4333 2754 4387 κατὰ
2780 4332 2906 4396 τοὺς
2932 4331 3154 4401 Αἰγιέας
3183 4330 3309 4384 οὔτε
3348 4331 3550 4399 τρίτος,
3585 4329 3721 4381 οὔτε
3748 4332 3941 4398 τέταρ-

2354 4446 2444 4490 τος
2470 4427 2605 4497 (25).
2630 4428 2723 4491 Εἰς
2751 4426 2957 4493 ταύτην
2974 4424 3083 4495 γὰρ
3100 4424 3170 4478 τὰ
3199 4423 3444 4494 ἡμέτερα
3481 4423 3578 4492 τὴν
3612 4422 3804 4491 λῆξιν.
3839 4422 3943 4473 Οὐκ

658 4521 771 4581 Nos
800 4523 1021 4593 quidem
1058 4526 1124 4579 ad
1160 4526 1469 4594 exemplum
1503 4523 1849 4594 IEgieoruni,
1888 4538 1990 4579 nec
2019 4523 2235 4579 tertium

2349 4517 2468 4574 οἶδα
2532 4520 2591 4584 τὸ
2642 4519 2808 4588 φῦλον
2853 4518 3094 4589 Quod):
3123 4512 3241 4571 οἶδα
3264 4516 3324 4571 τὸ
3347 4516 3639 4585 ὄστρακον,
3677 4515 3795 4567 οὐκ
3838 4508 3942 4565 οἶδα

659 4631 762 4675 nec
794 4626 1049 4686 quartum
1082 4618 1262 4672 locum
1298 4627 1569 4674 tenemus.
1618 4619 1694 4672 Ita
1725 4617 1873 4672 cnim
1920 4632 2009 4671 res
2046 4624 2247 4671 nostra:

656 4706 991 4779 comparata:
1016 4718 1164 4769 Sunt.
1192 4707 1312 4767 Non
1342 4710 1469 4765 novi
1494 4724 1596 4780 ego
1621 4709 1846 4773 tribum,
1880 4722 1985 4762 non
2013 4716 2241 4773 testam;

2356 4614 2403 4667 εί
2447 4611 2560 4684 (‘25)
2593 4611 2671 4681 τῷ
2695 4608 3061 4695 καδίσκῳριὰ
3095 4608 3191 4662 τοῦ
3242 4608 3425 4679 κημοῦ
3472 4607 3793 4676 καθιεμένη
3838 4605 3939 4673 (εις)

2352 4705 2552 4774 ψῆφος,
2565 4704 2668 4757 οὐκ
2683 4698 2819 4768 οἴδα,
2836 4704 2889 4756 εί
2904 4720 2956 4757 τι
2983 4701 3213 4758 ἄλλο.Τὸ
3231 4702 3340 4772 γὰρ
3357 4700 3749 4771 πυθόχρηστον
3774 4700 3942 4765 λόγιον

1939 4819 2173 4875 V'ARIIE
2202 4818 2611 4876 LEC'l'lONES.

749 4950 770 4978 ι’
797 4939 861 4995 C.
886 4938 957 4993 Μ.
989 4938 1404 5009 εὖλογουμένον.
1475 4949 1495 4977 ³
1529 4937 1591 4992 C.
1614 4938 1683 4993 Μ.
1719 4937 2092 5009 ὲπιθεωρήσῃ.

2196 5026 2431 5083 NOTAE.

731 5121 844 5193 (22)
882 5121 974 5193 Sic
1005 5120 1189 5193 scri_bo
1214 5137 1312 5191 pro
1346 5122 1695 5191 ἀναίραστος,
1731 5132 1786 5179 et
1841 5139 1969 5177 mox
2007 5121 2237 5176 ἐπαίνου

660 5191 1075 5265 ιποίξπαίνους,
1102 5191 1210 5265 Res
1240 5208 1334 5261 per
1360 5209 1417 5265 se
1443 5203 1606 5265 patet.

730 5263 945 5344 (251m.
972 5263 1167 5332 scripsi
1200 5278 1299 5345 pro
1325 5263 1506 5345 τρίτος
1539 5262 2239 5345 0615.1étqpt0;.-Pl_‘ove£-

664 5335 813 5389 bium
844 5333 898 5387 in
932 5336 1158 5404 ignavos
1192 5341 1247 5387 et
1296 5344 1640 5403 contemptos
1675 5333 1924 5391 homines
1971 5334 2078 5389 dici
2117 5334 2247 5389 s'oli-

667 5415 804 5477 tum,
824 5403 1125 5477 secundum
1152 5404 1433 5477 oraculum
1466 5404 1620 5471 illud,
1660 5405 1809 5477 quod
1841 5414 1966 5475 post
1992 5406 2130 5461 alios
2158 5420 2244 5459 re-

666 5474 804 5528 citat
832 5474 1140 5542 Stephanus
1169 5475 1397 5544 Byzant.
1425 5490 1479 5544 p.
1506 5477 1575 5531 56
1607 5493 1620 5529 :

786 5544 975 5616 Ὑμεῖς
1096 5545 1312 5613 Αίγιέες
1330 5544 1463 5616 οὔτε
1492 5547 1687 5616 τρίτοι,
1718 5545 1844 5600 οὔτε
1864 5546 2133 5615 τέταρτοι.

738 5612 875 5686 Vide
898 5612 1199 5686 ibiAThomr.
1233 5616 1300 5670 de
1327 5612 1554 5686 Pincdo,
1586 5633 1639 5686 p.
1673 5618 1764 5673 56.

741 5684 853 5757 (25)
887 5683 1070 5738 Codex
1108 5685 1271 5757 habet
1325 5684 1543 5753 φύλλον,
1588 5683 1772 5755 quod,
1809 5686 2085 5757 quomodo
2140 5690 2247 5740 huc

670 5753 1297 5825 qviadretpnonvideo,
1331 5757 1403 5808 Ex
1458 5753 1840 5825 sequentibus
1869 5760 2014 5811 cnim
2070 5765 2240 5825 patet,

666 5826 753 5891 agi
792 5823 879 5877 hic
915 5823 981 5877 dc
1001 5823 1162 5879 rebus
1186 5824 1252 5876 ad
1278 5824 1456 5880 forum
1479 5823 1891 5895 peitinentilius.
1927 5823 2114 5897 itaque
2144 5826 2241 5896 φῦ-

2346 5124 2438 5175 λον
2465 5121 2682 5191 scripsi,
2719 5134 2785 5174 co
2816 5134 3005 5186 sensu,
3058 5127 3119 5173 ut
3151 5118 3329 5173 tribus
3361 5115 3445 5172 vel
3475 5114 3609 5171 ordo
3654 5115 3871 5188 aliquis
3900 5123 3943 5167 ct

2349 5193 2546 5248 classis
2578 5192 2863 5247 hominum
2890 5191 3183 5244 indicetur.

2421 5264 2539 5331 (25)
2570 5262 2620 5314 εί
2658 5262 2854 5330 scripsi
2886 5259 3084 5331 proi‘j,
3112 5260 3255 5331 sicut
3282 5274 3407 5314 mox
3449 5259 3726 5329 sequitur,
3765 5256 3824 5311 εἰ
3842 5274 3911 5331 τι.

2422 5327 2535 5405 (εδ)
2569 5333 2735 5388 Coisl.
2765 5327 3106 5403 καθηεμένη,
3136 5330 3273 5384 alter
3300 5327 3617 5405 καθημένη,
3649 5331 3826 5405 male.
3866 5327 3941 5403 lu-

2350 5400 2568 5461 dicatur
2598 5418 2715 5458 mos
2774 5400 3044 5465 veterum,
3099 5418 3164 5455 cx
3209 5415 3321 5471 quo
3348 5402 3561 5471 judices
3615 5400 3873 5471 calculos
3901 5400 3942 5445 in

2353 5476 2551 5531 cadum
2577 5473 2941 5528 demittebant
2985 5487 3081 5541 per
3123 5470 3326 5540 κημόν,
3352 5470 3357 5471 ⁷
3382 5474 3497 5525 sive
3555 5470 3854 5524 vasculum
3888 5480 3943 5513 rx

2354 5548 2524 5615 junco
2548 5544 2633 5599 vel
2658 5545 2861 5597 vimine
2887 5553 3114 5615 textum,
3142 5541 3354 5615 specilli
3396 5543 3571 5615 instar
3618 5542 3684 5615 in.
3732 5550 3943 5593 summa

2359 5608 2539 5681 latins,
2567 5616 2753 5668 iniino
2783 5608 3107 5683 angustius.
3144 5608 3275 5666 Vide
3321 5611 3592 5681 Lutlolpli.
3630 5608 3942 5683 Alittsteruul

2356 5690 2422 5741 ad
2482 5676 2883 5753 Aristophanis
2924 5684 3166 5752 Equites,
3230 5697 3281 5735 v.
3336 5676 3584 5752 ilﬂfp.
3623 5679 3752 5735 115.
3804 5676 3942 5730 Adde

2358 5760 2838 5828 “iil‘pOCl'allOHClll
2871 5773 2918 5807 ι’.
2956 5755 3227 5815 καδίσκος.
