4072 6434
170 450 277 515 6-97

1164 442 1265 500 AD
1306 433 1902 498 AMPHILOCHIUM
1942 429 2288 503 QU/ESTIO
2320 431 2525 489 CXIX.

3341 433 3446 495 698

168 563 349 626 ἄλλως
370 578 430 614 τε
456 557 718 631 χαιρέτω,
746 556 841 610 καὶ
865 557 948 609 δτι
987 554 1144 608 οὐδὲν
1164 553 1302 625 πρὸς
1319 553 1491 623 ἡμᾶς,
1518 551 1658 621 πλὴν
1679 552 1762 604 ὃτι

1866 557 1974 597 non
2021 541 2173 605 novi,
2207 555 2342 593 num
2369 540 2530 594 'cado
2574 553 2673 610 per
2719 542 3004 611 specillum
3043 543 3294 599 lmmissa
3338 548 3450 600 siut

167 638 561 727 παραπλήσιόν
583 669 635 704 τι
653 652 763 704 τῶν
783 650 904 721 είρη
915 647 1191 718 μένων,ώς
1202 647 1297 699 καὶ
1313 645 1472 709 αὐτὸς
1486 645 1553 698 ἂν
1571 637 1756 713 φαίης,

167 752 254 811 εἰς
281 746 352 800 τά
388 744 487 799 νῦν
506 743 754 815 παρόντα
783 740 878 794 τὸν
906 738 1178 810 ἡμέτερον
1219 737 1334 808 βίον
1369 735 1754 809 περιέστησεν.

1867 635 2166 704 suﬂ’ragia;
2215 648 2330 687 non
2391 632 2542 697 novi,
2595 636 2841 703 nunquid
2894 637 3041 690 aliud
3088 636 3298 692 factum
3351 651 3446 694 su.

1866 726 2166 781 ()raculum
2222 723 2372 779 enim
2413 723 2546 777 illud
2597 723 2916 793 Delphicum
2971 735 3031 780 ut
3073 727 3213 781 alias
3266 728 3450 783 valere

185 839 321 908 Ἐμὲ
358 838 478 909 μὲν,
537 837 626 890 ὅτε
677 835 741 889 τδ
791 833 1029 906 γράμμα
1083 827 1241 904 ἧκεν,
1296 831 1453 894 νόσος
1493 828 1762 901 ὲμάστιζε.

1865 819 2050 888 jubeo,
2095 817 2167 871 ita
2209 817 2275 872 ad
2317 830 2404 871 me
2446 815 2584 870 nihil
2632 817 2851 882 attinet,
2895 817 3000 872 nisi
3045 820 3190 888 quod
3242 820 3446 890 aliquid

170 930 409 1001 χαλεπὴ,
445 926 638 1004 μικροῦ
670 929 793 999 μηδ’
816 929 991 980 εἰπεῖν
1021 944 1074 980 τι
1095 927 1204 997 (27)
1243 925 1378 996 πρὸς
1409 923 1510 996 τὴν
1535 924 1759 992 αἴτησιν

173 1024 299 1082 ταῖς
316 1020 690 1090 ἐπικειμέναις
711 1018 975 1090 ἀλγηδόσι
1007 1018 1104 1089 τὴν
1128 1017 1311 1072 ἄδειαν
1334 1016 1752 1087 ὲμπαρέχουσα.

191 1111 336 1162 Ἀλλ’
361 1104 474 1174 οὖν,
500 1109 578 1172 ὡς
612 1111 670 1163 ἐν
703 1107 846 1178 νόσῳ
870 1106 1216 1178 πιεζόμενος,
1239 1107 1418 1158 ἐκεῖνο
1451 1104 1522 1158 ἂν
1567 1103 1756 1174 φαίην,

171 1204 257 1253 ὅτι
287 1201 348 1254 τὸ
386 1201 528 1254 κατά
549 1199 650 1271 τὴν
679 1199 874 1252 ἐαυτοῦ
905 1197 1233 1269 ὑπερούσιόν
1285 1213 1343 1248 τε
1380 1196 1475 1248 καὶ
1512 1195 1757 1263 ἄληπτον

168 1290 363 1344 οὐσίαν
408 1292 510 1344 οὐκ
564 1289 919 1362 ἀνθρωπίνην
971 1289 1136 1359 μόνον
1186 1288 1310 1357 ὄψιν
1336 1287 1431 1340 καὶ
1507 1287 1751 1340 διάνοιαν

171 1379 456 1450 ἐκφεύγει,
496 1379 637 1434 ἀλλά
690 1381 784 1435 καὶ
814 1380 987 1444 αὐτὰς
1035 1379 1137 1443 τὰς
1177 1379 1438 1432 ἀνωτάτω
1487 1377 1582 1432 καὶ
1613 1376 1755 1446 πλη-

171 1473 474 1537 σιαζούσας
541 1473 827 1544 δυνάμεις,
873 1472 936 1526 αἳ
991 1471 1176 1542 πολλῷ
1207 1471 1288 1542 τῷ
1345 1472 1546 1542 μέτρῳ.
1587 1471 1756 1541 ὕπερ-

165 1565 510 1633 ανεστήκασι
531 1566 748 1633 φύσεως
774 1581 791 1594 ο
823 1565 882 1618 οὐ
910 1563 1053 1618 κατά
1081 1565 1170 1618 τὸν
1187 1564 1430 1634 παρόντα
1456 1564 1614 1634 μόνον
1635 1581 1758 1617 και-

171 1654 291 1726 ρδν,
320 1653 445 1706 καθ’
466 1654 525 1706 ὃν
556 1653 634 1725 τῷ
659 1655 962 1708 πολυπαθεϊ
997 1655 1172 1726 τούτῳ
1205 1655 1419 1726 σαρκίῳ
1465 1655 1754 1725 δεδέμεθα,

165 1743 311 1797 ἀλλά
340 1743 600 1797 καὶκατὰ
627 1747 752 1808 τοὺς
785 1743 1081 1814 μέλλοντας
1107 1744 1329 1810 αἰῶνας,
1359 1745 1448 1798 ὅτε
1480 1744 1548 1798 τὰ
1585 1743 1756 1798 πολλά

165 1834 282 1888 τῶν
307 1833 650 1903 αἰνιγμάτων
697 1834 795 1888 καὶ
850 1834 1133 1906 ἐσόπτρων
1191 1837 1753 1906 ἀποσκευασαμένοις,

1865 910 2023 965 dictis
2053 909 2255 975 simile,
2290 907 2440 979 quod
2485 917 2540 962 et
2568 907 2684 976 ipse
2714 907 2870 962 facile
2901 907 3144 976 fatearis,
3189 912 3453 980 prasenti-

1865 1004 1987 1058 vitae
2018 1019 2152 1058 mere
2183 1001 2485 1057 conditioni
2508 1001 2790 1056 acciderit.
2831 1001 2968 1056 Cum
3011 1003 3204 1057 littera:
3235 1013 3340 1059 tuae
3379 1004 3446 1058 ad

1865 1109 1950 1148 me
1987 1091 2381 1163 perferrentur,
2411 1092 2550 1146 adeo
2572 1091 2755 1160 gravis
2795 1105 2884 1145 me
2916 1091 3151 1144 vexabat
3192 1093 3447 1157 morbus,

1866 1194 1926 1238 ut
1967 1198 2060 1252 per
2090 1183 2310 1236 dolores
2362 1182 2658 1236 continuos
2706 1197 2818 1235 non
2859 1187 3220 1250 permitteret,
3276 1194 3334 1238 ut
3378 1184 3450 1237 ad

1862 1277 2185 1345 petitionem
2241 1280 2392 1328 tuam
2445 1273 2532 1327 vel
2575 1274 2860 1328 verbulum
2910 1272 3156 1342 proferte
3206 1290 3446 1344 possent.

1863 1366 2000 1419 Cum
2045 1363 2237 1419 eodem
2290 1363 2455 1434 igitur
2505 1364 2684 1418 adhuc
2741 1363 3072 1418 conflictanti
3122 1365 3224 1420 hoc
3277 1382 3448 1419 unum

1863 1457 2048 1512 dicere
2081 1456 2229 1522 licet,
2268 1455 2417 1524 quod
2461 1455 2696 1519 Numen,
2732 1469 2924 1510 omnes
2969 1457 3240 1512 essentias
3287 1473 3450 1526 supe-

1865 1563 1996 1602 rans
2038 1555 2093 1602 et
2141 1546 2716 1615 incomprehensibile,
2779 1562 2890 1601 non
2935 1549 3222 1600 hominum
3268 1551 3448 1604 solum

1865 1647 2101 1693 mentem
2146 1647 2202 1692 et
2242 1638 2458 1699 oculos.
2511 1637 2606 1692 sed
2657 1647 2713 1692 et
2757 1652 3026 1707 supernas
3078 1637 3198 1693 illas
3227 1637 3450 1708 Deoque

1863 1729 2146 1798 proximas
2186 1736 2504 1797 potestates,
2533 1742 2656 1798 quae
2697 1742 2788 1782 res
2819 1728 3096 1782 naturales
3128 1729 3294 1799 longo
3324 1739 3450 1798 post

1864 1838 1924 1878 se
1954 1820 2245 1876 intervallo
2281 1820 2621 1889 relinquunt,
2658 1818 2832 1891 fugiat
2861 1838 2874 1874 :
2902 1821 3065 1890 idque
3111 1835 3224 1874 non
3259 1822 3311 1875 in
3345 1822 3449 1876 hoc

122 1930 134 1937 ’
165 1929 271 1980 καὶ
299 1925 362 1981 τὸ
389 1926 671 1998 ἄφθαρτον
712 1927 835 1982 ἀντὶ
865 1927 966 1983 τοῦ
1022 1917 1267 1998 φθαρτοῦ
1304 1929 1753 2001 περιϐαλομένοις

1865 1921 2072 1968 tantum
2105 1912 2330 1978 saeculo,
2364 1927 2474 1981 quo
2507 1911 2862 1981 corpusculo,
2892 1913 3062 1967 variis
3095 1913 3449 1968 imbecillita-

161 2013 560 2085 καθαρώτερόν
607 2032 668 2069 τε
736 2016 834 2070 καὶ
878 2015 1220 2088 τελειότερον
1289 2018 1656 2082 ἐναστράπτει
1714 2021 1748 2091 ὴ

162 2105 422 2176 ἀλήθεια.
455 2106 522 2159 Τί
553 2105 664 2177 γάρ
685 2107 796 2179 χρὴ
821 2107 1020 2177 λέγειν,
1060 2109 1137 2172 ὡς
1187 2107 1311 2162 οὔτε
1349 2109 1580 2181 Μωσῆς,
1615 2112 1644 2164 ὁ
1674 2112 1755 2174 εις

160 2195 494 2266 τηλικοῦτον
511 2195 646 2267 ὕψος
671 2199 877 2270 ἀρετῆς
901 2200 1254 2270 ἀναδραμὼν,
1283 2200 1425 2254 ὥστε
1451 2203 1522 2256 τά
1542 2220 1600 2256 τε
1622 2202 1756 2256 ἄλλα

161 2283 283 2336 τῶν
331 2284 656 2354 παραδόξων
706 2287 870 2358 χάριν
928 2286 1069 2358 ἔχων
1119 2284 1260 2341 εἶναι
1309 2289 1615 2361 αὐτουργὸς
1659 2292 1756 2344 καὶ

163 2373 393 2446 γλώττῃ
420 2379 687 2447 γεωργεῖν
711 2375 902 2448 ῶσπερ
931 2379 1179 2450 ἄρουραν
1226 2380 1322 2433 τὸν
1353 2381 1604 2451 οὐρανὸν,
1661 2383 1756 2434 καὶ

149 2465 386 2536 ’τροφὴν
409 2466 637 2522 αὐτόθεν
668 2467 1012 2539 αὐτοσχέδιον
1042 2470 1269 2534 πολλαῖς
1314 2471 1540 2542 μυριάσι
1593 2474 1759 2543 ἐπαρ-

174 2560 328 2609 κεῖν.
357 2555 497 2609 Οὔτε
541 2557 728 2621 Ἦλίας
869 2559 964 2613 τοῦ
1001 2561 1174 2633 πυρὸς
1224 2564 1257 2633 ἡ
1317 2561 1500 2632 φύσις,
1551 2563 1632 2626 είς
1663 2563 1756 2617 ἵπ-

167 2665 315 2710 πους
348 2649 769 2720 ἐπιμερισθεῖσα
796 2651 888 2705 καὶ
920 2651 1165 2725 ἅρματα,
1193 2655 1296 2726 τὴν
1316 2656 1453 2726 πρὸς
1491 2655 1762 2728 οὐρανοὺς

163 2739 326 2810 αὑτῷ
355 2739 853 2812 καθυπηρετήσατο
881 2743 1089 2799 ἄνοδον.
1135 2743 1275 2799 Οὔτε
1305 2746 1416 2819 τῶν
1455 2746 1622 2800 θείων
1663 2747 1759 2800 καὶ

165 2831 476 2901 μακαρίων
500 2834 802 2903 προφητῶν
822 2836 851 2888 ὁ
877 2836 1061 2906 χορὸς,
1097 2836 1364 2907 οὐμενοῦν
1395 2837 1577 2901 οὐδεὶς
1599 2839 1759 2909 ἔσχεν

160 2922 257 2984 είς
291 2923 604 2994 κατάληψιν
622 2925 821 2992 ἐλθεῖν,
861 2927 947 2990 τίς
970 2927 1028 2980 τέ
1062 2929 1212 2982 ἐστιν
1267 2931 1362 2982 καὶ
1404 2931 1554 2993 ὅπως
1607 2930 1765 2983 ἐστὶν

161 3015 212 3083 ἡ
242 3013 525 3086 ὑπερφυής
547 3035 606 3070 τε
631 3021 727 3070 καὶ
756 3019 1035 3090 ἀκήρατος
1075 3019 1242 3090 φύσις
1259 3021 1546 3090 Θεότητος.
1591 3020 1755 3076 Ἀλλά

163 3101 286 3173 γὰρ
317 3104 400 3156 ὅτι
425 3105 525 3173 μὲν
552 3105 669 3160 ἐστι
699 3107 794 3160 καὶ
817 3109 1147 3180 ὑφέστηκεν,
1175 3111 1256 3172 εἰς
1287 3109 1602 3180 κατάληψιν
1623 3112 1764 3183 ἡμῖν

164 3195 494 3266 ἐχαρίσατο,
531 3199 580 3251 εί
626 3201 723 3253 καὶ
774 3204 887 3264 τοῖς
942 3205 1041 3271 μὲν
1088 3202 1288 3274 μᾶλλον
1319 3203 1609 3272 ἐνωγάζει
1658 3203 1764 3275 τὴν

165 3287 362 3358 χάριν,
418 3291 536 3355 τοῖς
570 3291 628 3344 δὲ
679 3294 1060 3367 ὲπιδεέστερον
1103 3295 1250 3349 κατά
1311 3296 1417 3365 τὴν·
1463 3294 1765 3368 ἀναλογίαν

169 3380 404 3452 ἑκάστῳ
427 3381 522 3435 τοῦ
553 3385 1003 3457 κατορθώματος.

249 3651 317 3704 Τί
348 3669 478 3706 ποτε
504 3652 560 3706 δέ
593 3655 777 3716 ἐστιν,
813 3655 846 3725 ἢ
880 3655 1026 3720 ὅπως
1058 3657 1188 3710 ποτέ
1232 3657 1414 3723 ἐστιν,
1444 3659 1623 3714 οὐδενὶ
1653 3661 1771 3716 τῶν

172 3743 438 3799 ἁπάντων
463 3745 663 3816 ἑαυτὴν
703 3747 1102 3818 ἀπεγύμνωσεν
1123 3791 1138 3815 ,
1170 3750 1306 3804 ἀλλά
1335 3752 1429 3805 καὶ
1459 3752 1574 3805 τῶν·
1605 3753 1762 3826 εἰρη-

179 3840 360 3909 μένων
393 3837 576 3906 ἀ-γίων
630 3838 950 3910 ἔμπροσθεν·
1001 3842 1176 3911 Μωσῇ
1242 3843 1639 3914 ἐπιποθήσαντι
1701 3844 1763 3896 τὸ

174 3929 410 3983 ἀθέατον
449 3931 512 3982 οὐ
555 3929 878 4002 δεδώρηται.
932 3932 1288 4002 Παραμύθιον
1334 3932 1391 3986 δέ
1444 3933 1612 3986 πόθου
1665 3932 1762 3986 τοῦ

175 4022 551 4092 ἀτυχήσαντος
577 4021 677 4092 τῆς
701 4023 1052 4094 σαρκώσεως,
1077 4025 1172 4077 καὶ
1203 4025 1326 4078 τότε
1357 4025 1446 4078 διὰ
1477 4025 1764 4095 συμϐόλων

174 4115 274 4166 καὶ
313 4114 500 4168 τύπων
545 4115 945 4169 ἐκκαλύπτεται
979 4117 1038 4170 τὸ
1081 4121 1400 4188 μυστήριον.
1434 4121 1561 4182 Τοῖς
1602 4120 1660 4172 δέ
1705 4120 1770 4172 ἐν

173 4206 371 4268 τύποις
406 4223 464 4259 τε
500 4207 597 4260 καὶ
628 4206 970 4277 ὁμοιώμασιν
991 4248 1006 4273 ,
1035 4209 1137 4261 ὅσα
1167 4210 1314 4263 ἔστιν
1341 4210 1470 4264 ἰδεῖν
1489 4209 1764 4281 ἀνθρώπῳ

174 4296 400 4357 δυνατὰ,
432 4297 532 4366 τὴν
554 4297 761 4353 οἰκείαν
786 4298 945 4364 δόξαν
975 4301 1036 4353 τὸ
1065 4301 1224 4354 Θεῖον
1248 4301 1608 4373 ἐνήστραψεν.
1637 4302 1761 4356 Ὀτι

173 4386 234 4439 δὲ
282 4385 416 4437 Θεὸν
461 4387 773 4456 ἀνθρώπων
806 4389 981 4452 οὐδεὶς
1009 4389 1289 4460 ἑώρακεν,
1319 4389 1445 4443 οὔτε
1472 4391 1764 4462 δυνήσεται

179 4476 336 4538 ἰδεῖν,
367 4476 529 4544 γέμει
563 4477 661 4546 μὲν
690 4478 790 4548 τῆς
822 4479 1126 4550 μαρτυρίας
1147 4481 1217 4534 τά
1259 4480 1467 4535 παλαιὰ
1510 4483 1607 4536 καὶ
1640 4482 1762 4553 ἱερὰ

177 4567 511 4637 γράμματα,
543 4569 704 4638 γέμει
731 4570 788 4622 δὲ
819 4571 858 4640 ἡ
883 4572 1064 4642 χάρις.
1091 4572 1202 4624 Καὶ
1236 4571 1417 4642 βίϐλος
1442 4572 1508 4626 ἀν
1535 4572 1760 4642 ὁλόκλη-
1793 4591 1840 4647 τι

182 4675 278 4727 ρος
321 4657 408 4727 εἴη
437 4659 470 4727 ἠ
503 4657 617 4710 τῶν
645 4659 1174 4733 ἐπιμαρτυρομένων
1197 4661 1408 4730 Λογίων
1439 4661 1540 4734 τὴν
1565 4661 1772 4730 γνῶσιν

179 4747 509 4817 παράθεσις.
555 4750 668 4803 Καὶ
704 4750 820 4820 μὴν
843 4751 940 4805 καὶ
965 4751 1001 4804 ό.
1030 4752 1141 4806 τῶν
1171 4752 1274 4806 τοῦ.
1311 4751 1462 4806 θείου
1509 4753 1769 4824 ῥημάτων

178 4840 395 4893 Παύλου
425 4841 637 4912 μύστης
670 4845 764 4896 καὶ
800 4845 1093 4914 κατήκοος,
1125 4845 1155 4897 ὁ
1182 4845 1368 4916 ῥήτωρ
1395 4845 1504 4914 μὲν
1521 4845 1654 4908 τοὺς
1682 4844 1768 4898 λό-

174 4949 334 5000 γους,
365 4933 658 5003 φιλόσοφος
677 4935 734 4989 δὲ
761 4936 830 4989 τὰ
858 4938 1137 5008 νοήματα,
1174 4937 1463 5006 μᾶλλονδὲ
1493 4938 1588 4990 καὶ
1614 4937 1644 4989 ὁ
1670 4936 1772 4990 τοῦ

174 5020 274 5073 νοῦ
309 5021 402 5075 καὶ
432 5024 532 5093 τῆς
565 5023 816 5098 γλώσσης
846 5025 944 5098 τὴν
976 5027 1185 5080 ἀνωθεν
1213 5026 1538 5091 ἀποστάζων
1566 5028 1726 5098 χάριν
1748 5067 1764 5091 ,

177 5111 282 5162 καὶ
319 5111 419 5180 τῆς
451 5112 604 5176 θείας
633 5115 767 5184 ἡμῖν
799 5115 994 5184 σοφίας
1023 5115 1339 5179 ἀναϐλύζων
1371 5116 1471 5188 τὴν
1507 5115 1770 5177 ἄϐυσσον,

171 5197 337 5264 οὗτος
381 5198 474 5256 οὖν
515 5206 544 5257 ό
577 5205 750 5274 μέγας
792 5206 1069 5270 Διονύσιος
1115 5206 1225 5275 (ἓὸ)
1264 5206 1534 5277 λαμπρῶς
1580 5223 1640 5260 τε
1673 5208 1772 5261 καὶ

174 5294 426 5364 δριμέως
469 5295 800 5366 μετέρχεται
840 5298 922 5363 τὸ,
966 5298 1194 5368 μηδαμῆ
1224 5299 1286 5352 τὸ
1311 5299 1502 5358 Θείον.
1548 5297 1600 5350 τί
1629 5297 1761 5349 ποτέ

173 5387 332 5438 ἐστιν
354 5424 370 5450 ,
403 5387 672 5456 μηδέποτε
698 5388 1067 5460 ἀνθρωπίναις
1100 5389 1498 5445 ὑποϐἀλλεσθαι
1525 5389 1763 5461 καταλή-

1863 2006 2010 2062 tibus
2033 2005 2290 2070 obnoxio,
2317 2003 2496 2074 juncti
2531 2018 2747 2069 sumus,
2772 2005 2866 2058 sed
2893 2013 2947 2058 et
2977 2005 3190 2060 sareulis
3219 2004 3444 2070 futuris,

1862 2097 2084 2168 quando
2114 2113 2235 2164 nos,
2273 2094 2538 2166 depositis
2577 2095 2966 2165 aenigmatibns
3007 2103 3062 2150 et
3097 2097 3448 2167 perspicill-is,

1863 2189 2283 2261 incorruptibile
2341 2205 2443 2260 pro
2496 2191 2837 2260 corruptibili
2905 2190 3102 2256 induti,
3153 2191 3447 2246 veritatem

1864 2283 2059 2352 purius
2095 2290 2151 2336 et
2177 2281 2474 2352 perfectius
2519 2284 2941 2352 perspiciemus.
2992 2281 3134 2349 Quid
3175 2284 3323 2336 enim
3363 2283 3450 2336 die

1864 2390 1992 2430 cere
2040 2375 2253 2438 attinet,
2307 2374 2454 2444 quod
2501 2391 2681 2444 neque
2731 2375 2931 2441 Moses,
2977 2375 3072 2445 qui
3120 2375 3175 2429 in
3230 2383 3444 2429 tantum

1863 2467 2155 2536 potestatis
2182 2467 2513 2534 virtutisque
2560 2468 2789 2536 gradum
2839 2476 3060 2521 evectus
3103 2475 3206 2532 est,
3238 2475 3319 2531 nt,
3351 2467 3447 2535 qui

1864 2559 2001 2613 alias
2047 2572 2269 2628 quoque
2313 2558 2580 2612 miracula
2629 2558 2825 2613 edendi
2887 2557 3148 2612 facultate
3201 2558 3445 2622 valeret,

1864 2648 2051 2718 lingua
2085 2663 2184 2702 sua
2211 2647 2436 2712 caelum,
2483 2648 2662 2701 instar
2700 2660 2880 2712 teme,
2916 2646 3098 2701 colere
3125 2657 3289 2716 atque
3319 2645 3454 2702 inde

1867 2740 2055 2794 multis
2084 2740 2373 2792 hominum
2423 2737 2670 2793 millibus
2707 2739 2890 2793 cibum
2926 2746 3120 2808 sponte
3164 2747 3218 2792 et
3265 2739 3449 2791 subito

1866 2840 2052 2886 natum
2081 2829 2506 2886 subministrare
2539 2836 2756 2896 posset;
2791 2843 2968 2900 neque
2993 2827 3163 2892 Elias,
3193 2827 3282 2881 cui
3309 2827 3454 2897 ignis

1865 2932 2081 2989 natura,
2116 2937 2388 2992 equorum
2421 2930 2476 2977 et
2504 2936 2703 2976 currus
2736 2921 2887 2977 vices
2917 2929 3206 2991 prazstans,
3239 2919 3448 2974 aditum

1867 3014 1922 3068 in
1960 3014 2162 3069 emtum
2204 3013 2452 3082 paravit;
2493 3027 2672 3084 neque
2711 3012 3023 3066 divinorum
3067 3020 3121 3067 et
3163 3012 3451 3066 beatorum

1865 3107 2260 3177 prophetarum
2302 3109 2508 3159 chorus
2547 3103 2906 3175 intelligendo
2940 3104 3157 3174 assequi
3190 3105 3446 3173 potuerit,

1867 3213 1989 3267 quae
2016 3206 2071 3252 et
2092 3196 2272 3266 qualis
2301 3197 2376 3251 sit
2393 3197 2827 3263 supernaturalis
2857 3195 2948 3249 illa
2973 3204 3027 3249 et
3050 3195 3446 3264 perfectissima

1865 3286 2072 3342 summi
2106 3285 2354 3340 Numinis
2393 3293 2615 3341 natura.
2649 3285 2814 3351 Quod
2842 3295 3095 3339 tamenet
3130 3288 3218 3348 sit,
3249 3296 3302 3340 et
3326 3301 3448 3354 per-

1863 3377 2042 3438 sistat,
2080 3376 2135 3430 id
2160 3375 2380 3445 quidem
2409 3390 2574 3430 nosse
2605 3377 2767 3431 nobis
2801 3374 2985 3440 dedit;
3015 3375 3268 3443 quam-vis
3308 3375 3449 3429 alios

1865 3469 2092 3539 largius,
2128 3469 2268 3522 alios
2306 3466 2526 3536 parcius
2555 3481 2655 3535 pro
2701 3465 2949 3530 modulo,
2982 3467 3186 3535 cuique
3219 3479 3444 3519 accom-

1868 3561 2112 3626 modato,
2148 3559 2322 3629 gratia
2349 3573 2446 3611 sua
2481 3557 2786 3613 collustret.

1939 3648 2074 3715 Quae
2111 3663 2249 3704 vero.
2290 3648 2382 3703 illa
2429 3645 2680 3702 Numinis
2732 3656 2926 3702 natura
2975 3647 3077 3712 sit,
3131 3655 3226 3702 aut
3272 3647 3452 3716 qualis

1864 3738 2086 3794 tandem
2147 3737 2240 3803 sit,
2306 3737 2514 3792 nemini
2552 3739 2796 3792 omnium
2843 3746 3026 3806 patere
3056 3736 3261 3802 voluit;
3300 3738 3449 3807 quod

1865 3846 1970 3886 nec
2015 3829 2160 3885 Mosi.
2196 3829 2322 3898 ipsi,
2368 3829 2466 3899 qui
2538 3838 2666 3883 ante
2702 3839 2924 3884 sanctos
2954 3829 3096 3894 illos,
3142 3844 3287 3898 quos
3309 3830 3452 3883 dixi-

1866 3935 2012 3986 mus,
2061 3921 2210 3975 viros
2260 3920 2598 3975 invisibilem
2651 3920 2836 3975 videre
2901 3921 3169 3990 cupiebat,
3227 3936 3450 3976 conces-

1866 4026 1988 4067 sum
2061 4019 2167 4067 est.
2242 4011 2307 4066 In
2370 4011 2626 4066 solatium
2707 4020 2890 4065 tamen
2948 4011 3244 4078 desiderii,
3301 4013 3447 4084 quod

1867 4103 1947 4156 in‘
1991 4111 2349 4172 conspectum
2413 4101 2811 4156 incarnationis
2865 4101 3068 4155 frustra
3133 4100 3447 4167 ferebatur,

1865 4195 2028 4251 etiam
2077 4203 2208 4248 tunc
2244 4194 2566 4264 mysterium
2604 4194 2737 4246 illud
2779 4209 2873 4262 per
2915 4191 3162 4262 symbols
3207 4202 3267 4248 et
3293 4201 3449 4263 typos

1864 4285 2228 4340 revelabatur.
2291 4285 2350 4338 In
2415 4285 2502 4339 his
2563 4265 2715 4339 vero?
2747 4285 2895 4354 typis
2949 4292 3004 4338 et
3067 4284 3446 4339 adumbratio-

1864 4377 2026 4432 nibus
2076 4377 2365 4431 Summum
2427 4375 2649 4430 Numen.
2721 4376 2950 4446 gloriam
2996 4392 3202 4442 manu,
3264 4380 3448 4448 quoad

1863 4471 2085 4541 quidem
2109 4469 2424 4524 hominibus
2445 4469 2753 4538 perspicere
2783 4484 2907 4524 eam
2940 4469 3089 4534 licet,
3123 4470 3448 4527 illucescens

1865 4562 2062 4617 voluit.
2111 4561 2274 4627 Quod
2308 4576 2438 4615 vero
2468 4559 2644 4614 Deum
2684 4576 2847 4616 nemo
2887 4561 3178 4616 hominum
3228 4560 3445 4629 viderit,

1869 4667 1971 4707 nec
1999 4653 2182 4707 videre
2211 4667 2453 4721 unquam
2496 4652 2696 4720 possit,
2726 4651 2777 4705 id
2807 4654 3034 4722 quidem
3065 4653 3451 4722 frequentibus

1868 4745 2167 4814 Scriptura:
2217 4760 2412 4811 sacrae,
2470 4754 2584 4799 tum
2626 4743 2842 4800 Veteris
2891 4755 3005 4801 tum
3043 4747 3189 4801 Novi
3235 4747 3444 4802 lustruc

1867 4835 2062 4902 tne-nti,
2099 4835 2431 4890 testimoniis
2475 4835 2693 4890 abunde
2731 4847 2968 4892 constat.
2999 4836 3208 4892 Horum
3247 4853 3456 4893 oraciv-

1865 4924 2046 4980 lorum
2073 4964 2088 4990 ,
2139 4925 2200 4980 id
2247 4925 2474 4995 quidem
2521 4927 2884 4991 testantium,
2941 4926 3193 4981 collectio
3235 4926 3451 4996 justum

1865 5017 2066 5080 librum
2101 5016 2358 5071 efﬁceret.
2391 5016 2486 5072 llle
2523 5031 2764 5087 quoque,
2790 5018 2883 5087 qui
2923 5017 3092 5072 divini
3125 5017 3278 5073 Pauli
3328 5019 3450 5074 elo-

1866 5109 1996 5179 quia
2038 5108 2214 5162 audiit
2257 5116 2312 5162 et
2343 5107 2571 5163 edoctus
2624 5116 2728 5175 est,
2765 5109 2948 5164 verbis
2975 5111 3198 5178 quidem
3238 5111 3443 5174 rhetor,

1867 5200 2157 5256 sententiis
2200 5214 2330 5255 vero
2372 5200 2755 5271 philosophus,
2796 5201 2881 5256 vel
2932 5201 3058 5257 talis
3088 5204 3294 5271 patius,
3343 5206 3442 5273 qui

1869 5304 1925 5350 et
1964 5295 2319 5366 intelligentia
2360 5304 2425 5377 et
2452 5295 2636 5366 lingua
2687 5295 3065 5351 sublimiorem
3112 5297 3282 5350 stillat
3317 5313 3454 5365 gra—

1874 5389 2027 5452 tiam,
2052 5388 2323 5460 nobisque
2344 5388 2630 5446 divi'nioris
2651 5391 2936 5460 sapientia:
2956 5389 3225 5462 profunda
3246 5393 3448 5462 aperit,

1689 5563 1928 5621 NOTAE.

253 5721 370 5796 (27)
399 5723 553 5796 golb.
586 5741 685 5794 pro
724 5725 798 5796 μὴ
819 5726 1075 5780 ,δειπνεῖν
1097 5743 1172 5778 τι.

255 5794 373 5859 (‘28)
403 5792 499 5866 Est
521 5792 610 5849 ille
640 5792 930 5866 Dionysius
956 5794 1314 5866 Armpagita,
1342 5793 1507 5866 cujus,
1534 5793 1756 5861 scripta.

175 5879 306 5935 qua:
337 5865 498 5920 hodie
529 5866 665 5921 falso
691 5865 794 5921 sub
818 5870 937 5933 ejus
989 5867 1209 5919 nouune
1271 5865 1758 5928 circumferuntur,

1869 5738 1968 5791 pro
1988 5721 2260 5792 germanis
2294 5721 2478 5775 habuit
2514 5721 2742 5792 Plrotitts
2791 5730 2999 5785 noster,
3027 5723 3120 5791 qui
3156 5731 3209 5776 et
3239 5721 3292 5774 iu
3329 5722 3441 5792 My-

1870 5791 2108 5845 riolulelo
2140 5808 2240 5844 suo
2272 5792 2462 5845 codice
2493 5792 2515 5844 1
2567 5791 2838 5845 Theodori
2893 5792 3203 5861 Presbyteri
3237 5791 3444 5846 librum

1843 5867 1845 5870 ’
1868 5862 2200 5932 singularem
2240 5877 2338 5932 pro
2368 5862 2683 5931 γνησιότητι
2707 5877 2898 5916 eorum
2917 5870 3154 5916 enarrat.
