4072 6496
581 442 693 505 699
1745 436 2009 498 PHOTI-I
2039 436 2548 508 PATRIARCHIE
2578 440 2689 501 CP.
3771 440 3917 505 700

583 569 842 625 magnus,
895 550 1144 621 inquam,
1193 547 1487 620 Dionysius
1527 546 1787 619 praeclare
1837 556 1893 602 et
1932 548 2171 619 graviter

2300 566 2430 603 ιεσιν
2462 549 2602 621 (29).
2637 549 2749 603 Καὶ
2782 548 2849 616 δὴ
2880 548 2995 620 (50)
3030 548 3125 605 stati.
3152 549 3247 603 τοῦ
3284 549 3528 619 μεγάλου
3557 550 3662 623 τῆς
3712 552 3908 605 εὐσε-

587 648 770 709 docet,
803 642 983 697 Div'ini
1034 641 1289 697 Numinis
1321 640 1621 697 essentiam
1667 641 1947 697 mentibus
1988 642 2169 697 homi-

2307 642 2424 705 είας
2450 640 2788 710 ἀγωνιστοῦ,
2821 641 2879 705 ὃς
2912 642 3027 711 βίον
3059 643 3185 705 τοὺς
3215 642 3414 708 ἄθλους
3441 646 3747 713 ἠνέγκατο,
3789 647 3911 700 τὸν

584 756 712 793 num
757 752 1036 806 nunquam
1074 736 1296 806 subjici.
1331 734 1498 789 Porro
1536 749 1601 788 ex
1654 749 1854 804 magno
1888 735 2167 802 religionis

2305 734 2559 787 εσπέσιόν
2578 751 2720 804 φημι
2738 733 3410 805 ’Λθανάσιον(51),πολλάς
3430 736 3550 788 ἐστι
3568 736 3761 789 λαϐεῖν
3781 738 3908 800 τὰς

580 826 803 888 athleta,
827 825 917 894 qui
945 840 1041 893 per
1057 840 1278 877 onmem
1305 825 1473 877 vitam
1503 824 1671 877 multa
1693 824 1939 893 pertulit,
1960 825 2166 891 divino,

2301 826 2480 896 νήσεις,
2509 826 2565 877 αἳ
2600 826 2661 877 τὸ
2679 825 2835 878 Θεῖον
2864 825 3036 895 χωρίς
3064 842 3209 888 τινος
3230 828 3750 897 παραπετάσματος
3786 830 3909 880 καὶ

580 927 732 985 puta,
780 916 1084 971 Athanasio
1116 915 1232 987 (51)
1285 915 1454 969 multa
1496 914 1770 984 ejusmodi
1806 914 1964 969 eﬂ‘ata
2012 915 2169 969 colli-

2296 916 2655 987 προϐλήματος
2691 916 2723 986 ἥ
2768 917 3116 987 όμοιώματος
3145 916 3390 986 ἄληπτον
3424 919 3740 993 παντελῶς,
3778 920 3904 973 ὅσα

580 1022 707 1076 gere
760 1008 907 1073 licet,
952 1023 1073 1077 qua:
1117 1006 1329 1061 Numen
1378 1023 1656 1061 summum
1707 1006 1826 1061 sine
1863 1008 2169 1061 velamento

2292 1025 2331 1060 νε
2358 1011 2441 1071 είς
2470 1008 2658 1061 οὐσίαν
2696 1010 2791 1061 καὶ
2827 1009 3023 1077 φύσιν,
3060 1010 3137 1079 τῷ
3176 1009 3508 1079 ἀνθρωπίνῳ
3546 1011 3703 1078 γένει
3734 1012 3900 1063 ἀναε

580 1101 805 1169 aliquo,
857 1109 1210 1169 legumento,
1259 1109 1353 1153 aut
1395 1100 1757 1154 similitudine
1803 1099 1872 1152 ab
1926 1101 2168 1154 humano

2290 1101 2620 1171 ιηρύττουσι.
2641 1104 2750 1171 Τὴν
2772 1102 2828 1154 δέ
2850 1104 2948 1172 τῆς
2988 1103 3315 1173 Ἐκκλησίας
3344 1103 3619 1172 βασίλειον
3648 1104 3898 1173 στολὴν,

581 1206 801 1260 genere,
838 1191 982 1259 quod
1019 1191 1086 1244 ad
1128 1191 1424 1245 essentiam
1478 1199 1533 1244 et
1585 1199 1837 1243 naturam
1885 1206 2166 1259 nunquam

2290 1194 2361 1246 ςδν
2394 1193 2708 1262 θαυμαστὸν
2742 1194 2836 1247 καὶ
2874 1195 3047 1263 μέγαν
3079 1194 3390 1259 Βασίλειον,
3424 1195 3516 1247 τὸν
3552 1195 3793 1265 ἄριστόν
3830 1214 3898 1248 τε

582 1284 809 1353 intelligi
843 1298 1006 1352 posse
1044 1284 1422 1353 pronuntiant.
1454 1283 1588 1349 Quis
1617 1299 1747 1336 vero
1785 1285 2019 1351 ignorat,
2054 1300 2170 1337 ma-

2289 1284 2387 1354 ἱμα
2414 1286 2508 1337 καὶ
2528 1284 2745 1354 ἥδιστον
2771 1284 2879 1337 τῶν
2896 1285 3085 1355 ψυχῶν
3107 1286 3314 1357 ἰατρὸν,
3339 1286 3424 1350 τίς
3444 1286 3546 1339 οὐκ
3574 1282 3897 1349 οἷδεν,ὅτι-

582 1391 750 1444 gtmm
785 1386 837 1427 ct
867 1375 1250 1428 admirabilem
1298 1374 1582 1439 Basilium,
1617 1374 1819 1442 regiam
1871 1375 2014 1428 illam
2064 1374 2168 1428 Ec-

2287 1395 2379 1447 τερ
2413 1377 2554 1430 κατὰ
2584 1378 2685 1447 τῆς
2730 1379 2998 1447 Εὐνομίου
3044 1378 3248 1447 λύσσης
3289 1382 3495 1449 κιρνῶν
3528 1380 3591 1431 τὸ
3639 1381 3895 1449 φάρμα-

581 1467 763 1520 0105Ῐὶιέ
809 1467 1034 1528 stolam,
1078 1466 1457 1535 optimumque
1483 1466 2006 1519 etamantissimum
2048 1466 2169 1519 aui-

2287 1487 2384 1532 ιον,
2418 1472 2494 1532 ὠς
2523 1470 2582 1523 ’ἐν
2615 1488 2667 1522 τι
2702 1470 2811 1521 τῶν
2845 1471 3131 1523 Παιωνίων
3164 1470 3548 1541 ἀλεξημάτων,
3577 1472 3677 1523 καὶ
3710 1470 3895 1522 τοῦτο

581 1573 795 1613 marum
829 1558 1125 1621 medicum,
1159 1564 1352 1610 contra
1382 1555 1636 1609 Eunomii
1667 1558 1899 1611 hazresin
1943 1558 2170 1611 medici-

2284 1560 2333 1630 ἰὴ
2379 1559 2537 1612 τοῦτο
2580 1562 2641 1612 τὸ
2692 1561 2805 1622 (52)
2858 1562 2955 1629 τῆς
3003 1561 3155 1624 θείας
3206 1563 3303 1615 καὶ
3350 1563 3597 1632 ἀρρήτου
3650 1562 3892 1630 φύσεως

581 1666 706 1703 nam
740 1662 1043 1718 parantem,
1081 1650 1221 1700 inter
1259 1658 1453 1701 caetera
1489 1647 1708 1702 Paeonia
1754 1650 1993 1701 remedia
2028 1650 2077 1701 id
2116 1650 2165 1701 iit

1965 1664 1993 1701 a
2028 1650 2077 1701 id
2116 1650 2165 1701 in
2270 1651 2511 1721 ἄληπτόν
2538 1668 2595 1703 τε
2628 1652 2723 1704 καὶ
2754 1652 3113 1722 ἀνεπινόητον
3137 1654 3522 1724 παρεστήσατο
3556 1669 3570 1718 ;

580 1739 771 1807 primis
803 1738 1203 1806 suppeditasse,
1227 1738 1372 1806 quod
1416 1738 1600 1791 divina
1649 1738 1740 1792 illa
1779 1750 1833 1791 et
1874 1738 2167 1793 ineﬂ‘abilis

580 1839 771 1883 natura
810 1846 911 1883 nec
941 1830 1164 1897 intelligi
1202 1845 1301 1883 nec
1339 1830 1732 1899 comprehendi
1769 1830 1987 1899 possit?

650 1921 914 1977 Praeterea
950 1923 1017 1976 ab
1054 1923 1147 1976 illo
1173 1936 1393 1992 quoque
1413 1961 1427 1986 ,
1462 1922 1549 1975 cui
1584 1922 1821 1992 theologi
1852 1922 2074 1977 nomine
2101 1938 2167 1977 ex
2196 1888 2245 1946 Β

2346 1917 2459 1969 Καὶ
2489 1915 2597 1986 μὴν
2632 1914 2728 1967 κα)¹
2759 1913 2837 1984 τῷ
2874 1913 2985 1983 (55)
3022 1913 3130 1967 ἀπὸ
3162 1913 3263 1983 τῆς
3312 1914 3593 1986 θειότητος
3627 1922 3741 1969 τῶν
3786 1918 3889 1972 λόο

578 2014 780 2068 divinis
822 2014 996 2083 magis
1030 2014 1410 2080 sermonibus,
1448 2029 1612 2083 quant
1644 2029 1710 2069 ex
1746 2016 1890 2068 nuda
1925 2015 2170 2085 appella-

2278 2024 2388 2075 γων
2418 2007 2619 2077 μᾶλλον
2651 2006 2682 2077 ἢ
2708 2006 2796 2058 διὰ
2818 2007 2918 2074 τῆς
2945 2007 3190 2075 κλήσεως
3212 2007 3313 2076 κλη
3325 2010 3631 2078 ρωσαμένῳ
3663 2010 3725 2062 τὸ
3756 2012 3886 2081 (54)

582 2110 728 2162 tione
764 2108 1043 2180 designari
1086 2108 1316 2177 contigit
1358 2109 1506 2177 (novi
1541 2118 1592 2161 te
1646 2107 1969 2176 Gregorium
2018 2109 2171 2179 cogi-

2280 2099 2777 2173 χαρακτηρίζεσθαι
2812 2100 2903 2153 τὸν
2950 2100 3213 2166 Θεολόγον
3254 2097 3395 2170 (οἶδα
3434 2102 3742 2172 Γρηγόριον
3800 2104 3888 2165 ὡς

580 2202 739 2269 tare),
771 2202 973 2269 quique
1017 2201 1259 2269 copiosis
1295 2209 1349 2254 et
1382 2203 1559 2254 acutis
1584 2201 1928 2270 argumentis
1968 2202 2172 2254 verita-

2277 2192 2527 2263 ἐνόησας)
2563 2193 2744 2259 λόγοις
2785 2192 2868 2244 ὅτι
2903 2192 3139 2261 μάλιστα
3173 2196 3399 2256 πυκνοῖς
3429 2211 3491 2246 τε
3523 2196 3615 2247 καὶ
3644 2196 3885 2266 δριμέσι

578 2296 686 2343 ιοιιι
750 2289 893 2343 hanc
958 2304 1207 2345 asserere
1278 2289 1552 2354 instituit,
1612 2288 1678 2343 de
1735 2288 1928 2343 eodem
1994 2290 2173 2359 capite

2278 2289 2386 2349 τοῖς
2442 2284 2795 2355 ἐνθυμήμασι
2839 2284 3216 2354 ίχνηλατοῦντι
3268 2284 3369 2355 τὴν
3421 2287 3685 2356 ἀλήθειαν
3736 2291 3886 2359 περὶ

576 2380 974 2434 commentatio
997 2382 1300 2450 persirripta
1339 2388 1445 2435 est.
1486 2380 1732 2449 Denique
1766 2389 1821 2433 et
1864 2380 1952 2433 ille
1983 2378 2175 2434 Eccle-

2276 2379 2479 2449 ταύτης
2510 2377 2926 2449 ἀναγέγραπται
2953 2378 3053 2446 τῆς
3086 2377 3397 2441 ὑποθέσεως
3427 2379 3561 2448 (55).
3604 2380 3781 2433 Ἀλλά
3816 2400 3884 2450 γε

576 2469 673 2522 sia:
698 2478 905 2532 orator,
938 2471 1019 2523 vel
1055 2469 1143 2522 ille
1170 2470 1369 2538 potius,
1403 2469 1498 2538 qui
1531 2476 1705 2522 totum
1745 2471 1935 2523 orbein
1965 2484 2177 2523 sermo-

2276 2472 2339 2542 δὴ
2384 2472 2480 2525 καλ¹
2529 2471 2607 2540 τῷ
2657 2473 2847 2541 ῥήτορι
2892 2470 2991 2538 τῆς
3043 2469 3395 2539 Ἐκκλησίας,
3445 2471 3650 2541 μᾶλλον
3687 2473 3748 2525 δὲ
3800 2476 3884 2543 τῷ

580 2564 767 2625 nibus,
793 2564 1067 2631 prmeonio
1107 2562 1385 2632 Evangelii
1417 2562 1652 2631 aliisque
1679 2561 1947 2617 doctrinis
1975 2562 2174 2631 plenis,

2278 2559 2418 2628 μετά
2441 2558 2650 2611 Παῦλον
2668 2558 2764 2627 τὴν
2796 2575 2862 2609 πε
2874 2558 3074 2627 ρίγειον
3098 2560 3278 2612 πᾶσαν
3302 2562 3419 2623 τοῖς
3444 2560 3537 2613 τοῦ
3564 2563 3850 2633 κηρύγμα
3868 2595 3880 2602 -

576 2656 865 2719 instruxit,
910 2655 1029 2717 ille,
1074 2656 1322 2723 inquam,
1353 2670 1515 2725 quem
1558 2669 1840 2710 sermones
1884 2655 1969 2709 sui
2019 2656 2173 2710 aurei

2275 2668 2367 2714 τος
2388 2651 2564 2719 λόγοις
2593 2651 2685 2703 καὶ
2708 2651 2807 2719 τῆς
2831 2651 2997 2721 ἄλλης
3025 2652 3402 2720 παιδαγωγίας
3434 2654 3747 2719 πολίσαντι,
3777 2661 3880 2709 καὶ

578 2748 691 2802 oris
733 2748 956 2802 nomine
993 2748 1363 2801 communiter
1389 2748 1651 2817 appellari
1685 2748 1953 2811 fecerunt,
1987 2748 2177 2818 singu-

2273 2744 2451 2814 τούτῳ
2479 2745 2567 2811 δὴ,
2619 2743 2823 2814 τούτῳ,
2868 2740 2928 2797 οὗ
2982 2744 3045 2797 τὸ
3096 2744 3271 2813 στόμα
3322 2747 3373 2797 οἱ
3429 2745 3581 2813 λόγοι
3628 2749 3880 2816 χρυσοῦν

580 2838 680 2891 lari
712 2839 984 2903 oratione,
1021 2838 1090 2891 ad
1121 2841 1407 2892 veritatem
1443 2856 1548 2893 non
1582 2840 1789 2898 minus.
1819 2855 1982 2908 quam
2018 2841 2177 2895 obse-

2274 2833 2354 2904 τῷ
2394 2835 2585 2904 κόσμῳ
2625 2834 2963 2903 ἐγνώρισαν,
3004 2831 3162 2902 λόγος
3209 2836 3351 2905 ῥέων
3378 2836 3513 2890 πολὺ
3563 2838 3708 2907 μετά
3766 2840 3876 2909 τῆς

580 2931 771 2999 quium
808 2929 1083 2997 ﬂectente,
1114 2946 1237 2997 qua:
1268 2931 1343 2984 De
1373 2932 1887 3000 incomprehensibili
1921 2932 2178 2986 inscribi-

2275 2926 2536 2996 ἀληθείας
2592 2926 2651 2979 τὸ
2701 2926 3020 2997 πειθήνιον,
3057 2928 3117 2991 ὃς
3165 2930 3193 2980 ὀ
3240 2928 3383 2996 Περὶ
3425 2928 3877 2997 ἁκαταλήπτσυ

583 3032 696 3084 tur,
731 3022 865 3074 nihil
901 3022 1239 3092 diligentius,
1281 3039 1446 3093 quant
1481 3023 1622 3078 idem
1658 3024 1760 3078 hoc
1792 3033 2174 3093 argumentum

2276 3020 2649 3089 ἐπιγράφεται
2681 3020 2825 3089 (56),
2863 3020 3018 3072 οὐδὲν
3050 3020 3239 3090 ἕτερον
3289 3020 3520 3090 μᾶλλον,
3552 3022 3586 3092 ἢ
3624 3022 3688 3075 τὸ
3729 3040 3874 3094 προ-

582 3124 777 3182 urget,
826 3125 881 3169 et
932 3119 1292 3170 demonstrat.
1341 3117 1544 3171 Practer
1593 3118 1695 3171 hos
1744 3118 2060 3173 innumeros
2106 3133 2173 3171 ex

2278 3110 2535 3179 κείμενον
2568 3110 2893 3174 σπουδάζει,
2927 3112 3021 3162 καὶ
3054 3109 3457 3164 ἀποδείκνυσιν.
3495 3111 3606 3161 Καὶ
3641 3113 3876 3180 μυρίους

580 3209 900 3264 doctoribus
933 3210 1135 3265 nostris
1160 3210 1296 3264 alios
1338 3225 1434 3279 per
1471 3212 1644 3265 otium
1679 3212 1977 3277 inveneris,
2020 3228 2172 3267 eam-

2277 3202 2471 3265 ἇλλους
2495 3201 2604 3255 τῶν
2636 3202 2795 3255 θείων
2830 3202 2987 3271 ήμῶν
3020 3202 3279 3269 Ιίατέρων
3311 3201 3460 3272 εὖροι
3503 3202 3568 3255 ἄν
3597 3220 3684 3265 τις
3725 3205 3874 3256 κατά

579 3302 703 3354 dem
740 3303 1067 3356 sententiam
1101 3302 1378 3372 suﬂ‘ragiis
1428 3304 1545 3358 suis
1598 3305 1997 3372 approbantes,
2031 3321 2172 3374 quos

2280 3293 2500 3363 σχολὴν,
2547 3291 2912 3361 ὁμογνώμονα
2946 3293 3058 3355 τοῖς
3096 3292 3411 3361 εἰρημένοις
3442 3291 3542 3361 τὴν
3571 3292 3759 3363 ψῆφον
3790 3294 3875 3358 ἐξ·

581 3390 807 3443 tutidem
863 3390 1044 3444 verbis
1093 3405 1214 3444 eam
1250 3393 1605 3460 proposuisse
1639 3393 2020 3447 demonstrare
2044 3408 2175 3459 pos-

2278 3388 2533 3455 ἀγοντας,
2550 3384 2643 3448 οὒς
2668 3388 2717 3438 εἰ
2750 3387 2825 3455 μὴ
2852 3386 2961 3454 (57)
2993 3384 3054 3436 τὺ
3082 3384 3280 3455 πικρὸν
3304 3385 3406 3455 τῆς
3432 3386 3592 3439 νόσου
3617 3389 3719 3456 τὴν
3743 3388 3867 3439 ἁδύ-

580 3497 719 3545 sem,
751 3483 857 3536 nisi
893 3498 979 3535 me
1009 3483 1154 3537 acris
1201 3484 1428 3537 morbus
1467 3484 1749 3539 doloribus
1784 3485 2174 3539 intensissiniis

2276 3495 2373 3547 νην
2408 3478 2684 3529 ἐπέτεινεν
2706 3518 2721 3541 ,
2755 3476 2897 3545 τάχα
2938 3476 3003 3528 ἂν
3035 3476 3129 3528 καὶ
3160 3478 3351 3538 αὑταῖς
3386 3475 3566 3541 λέξεσι
3597 3478 3701 3546 τὴν
3730 3476 3872 3543 γνώ-

581 3586 823 3629 vexaret.
856 3574 1076 3628 Interim
1111 3584 1167 3629 et
1214 3575 1310 3629 tibi
1346 3576 1470 3644 ipsi,
1502 3592 1587 3642 ca,
1634 3592 1756 3645 quae
1781 3577 1929 3641 dixi,
1969 3586 2025 3629 ct
2054 3593 2173 3646 qua:

2278 3587 2388 3639 μην
2418 3571 2677 3639 παρεῖχον
2704 3566 3070 3630 δεικνύοντας.
3104 3567 3252 3636 Πλὴν
3292 3567 3430 3620 ἀλλά
3466 3568 3551 3620 σοί
3590 3586 3654 3635 γε
3690 3569 3870 3639 ῥᾴδιον

582 3668 688 3720 alia
720 3677 869 3729 sunt,
900 3666 1159 3719 memoria
1199 3668 1485 3735 repetenti,
1518 3666 1675 3721 facile
1718 3669 1897 3733 fuerit,
1931 3669 2175 3723 testimo-

2277 3663 2583 3733 ὑπόμνησιν
2632 3662 2850 3714 λαόόντι
2896 3662 3003 3715 τῶν
3044 3677 3103 3713 τε
3144 3663 3474 3733 εἰρημένων,
3511 3666 3606 3715 καὶ
3648 3666 3758 3716 τῶν
3790 3666 3868 3716 ἐτι

584 3759 672 3812 nia
706 3758 791 3810 illa
821 3757 1098 3827 colligere,
1141 3768 1194 3811 et
1229 3758 1421 3811 miram
1454 3759 1698 3812 omnium
1747 3760 2170 3814 consensionem

2274 3754 2632 3825 λειπομένων,
2666 3754 2764 3816 τὰς
2797 3755 3108 3825 μαρτυρὲας
3142 3756 3220 3817 εἰς
3248 3754 3306 3806 ἓν
3334 3754 3738 3825 ἀθροισάμενον
3772 3757 3870 3825 τήν

583 3851 915 3921 perspicere.
948 3849 1073 3902 Mihi
1118 3848 1340 3918 quidem
1385 3865 1530 3903 nunc
1573 3850 1848 3903 suffecerit
1899 3868 2172 3920 apponere

2273 3849 2339 3900 ἐκ
2385 3848 2606 3900 πάντων
2651 3848 2974 3917 συμφωνίαν
3022 3846 3337 3915 θαυμασίαν
3378 3847 3497 3899 οἵαν
3536 3846 3863 3901 θεάσασθαι.

583 3958 770 3995 vocem
816 3943 996 4006 illam,
1031 3957 1195 4012 quam
1240 3941 1417 4012 angeli
1464 3942 1767 4011 incorporei
1803 3958 1868 3996 eo
1904 3953 2167 4012 tempore,

2287 3941 2451 4011 Ἡμῖν
2477 3939 2522 3992 δ’
2569 3941 2733 4009 ἀρκεῖ
2770 3940 2837 3992 τὰ
2880 3938 2975 3992 νῦν
3006 3940 3099 3991 καὶ
3130 3938 3241 3991 τῶν
3279 3939 3590 4009 ἀσωμάτων
3630 3942 3798 4008 μόνον
3834 3945 3863 4011 ή

581 4053 689 4107 quo
723 4047 865 4092 totus
904 4038 1275 4107 apostolorum
1327 4038 1552 4103 chorus,
1591 4037 1879 4092 Dominum
1910 4047 1964 4093 et
1997 4039 2167 4094 Deum

2273 4034 2426 4104 φωνὴ
2457 4031 2851 4102 παρατεθεῖσα,
2883 4031 2952 4100 ἣν
2976 4030 3165 4100 ἐπειδὴ
3193 4030 3304 4082 τῶν
3340 4032 3663 4085 ἀποστόλων
3717 4036 3747 4086 6
3772 4052 3863 4104 χο-

583 4140 830 4186 ι.οειι·ιιηι
869 4148 976 4186 una
1016 4148 1140 4186 cum
1180 4148 1265 4197 eo,
1302 4132 1446 4202 quod
1482 4148 1545 4185 ex
1581 4132 1738 4186 nobis
1770 4144 2166 4202 assumpserat,

2274 4126 2365 4191 ρὸς
2411 4125 2504 4178 τὸν
2543 4123 2721 4177 κοινὸν
2767 4124 3049 4193 Δεσπότην
3097 4122 3192 4175 καὶ
3231 4122 3364 4175 Θεὸν
3410 4122 3571 4192 ἡμῶν
3601 4124 3743 4192 μετά
3772 4126 3859 4177 τοῦ

579 4226 634 4279 in
666 4227 863 4279 cmlum
910 4235 1190 4294 receptum
1236 4225 1425 4279 videns
1458 4225 1760 4279 mirabatur
1808 4235 1862 4278 et
1893 4226 2165 4295 stupebat,

2270 4218 2723 4289 προσλήμματος,
2785 4215 3311 4285 ἀναλαμῦανόμενον
3359 4214 3689 4284 βλέποντες,
3732 4234 3857 4269 κατ-

577 4319 724 4371 clare
764 4317 1216 4385 promulgarunt,
1274 4317 1381 4371 illis
1427 4317 1671 4371 dicentes
1714 4334 1726 4369 :
1774 4336 1792 4368 ι
1834 4316 1975 4381 Quid
2009 4317 2167 4371 statis

2270 4311 2598 4376 επλήττοντο
2624 4310 2721 4361 καὶ
2764 4308 3135 4377 ἐτεθήπεσαν,
3177 4305 3481 4377 διαρρήδην
3512 4307 3858 4377 ἀπεφήναντο

578 4409 784 4461 malum
837 4408 1146 4462 intuentes?
1192 4408 1281 4463 hic
1312 4407 1493 4473 Jesus,
1530 4425 1561 4463 a
1592 4409 1745 4463 vobis
1786 4410 2057 4471 sublatus,
2102 4426 2167 4463 eo

2270 4403 2408 4473 πρὸς
2442 4403 2661 4464 αὐτούς’
2715 4419 2732 4450 ι
2787 4399 2853 4452 Τί
2900 4400 3174 4469 ἑστήκατε
3214 4399 3587 4469 ἐμϐλέποντες
3639 4402 3718 4463 είς
3770 4400 3854 4452 τὸν

583 4496 749 4549 modo
778 4505 1103 4561 revertetur,
1155 4512 1267 4564 quo
1298 4496 1446 4549 illum
1484 4497 1535 4549 in
1578 4497 1778 4551 cmlum
1813 4499 2168 4565 proﬁciscen-

2270 4494 2533 4565 οὑρανόν;
2584 4485 2739 4555 οὗτος
2766 4494 2793 4545 6
2839 4490 3045 4562 Ἰησοῦς
3074 4492 3103 4543 ὁ
3146 4488 3483 4558 ἀναληφθεὶς
3528 4488 3623 4557 ἀφ’
3672 4490 3850 4557 ὑμῶν,

580 4595 687 4637 tem
738 4584 1030 4639 vidistis".
1072 4604 1089 4636 ι
1138 4584 1338 4637 Abibat
1383 4585 1625 4650 scilicet,
1660 4594 1717 4639 ut
1765 4602 1874 4639 una
1926 4602 2165 4651 cumeo,

2241 4597 2245 4620 ’
2274 4582 2426 4648 οὗτος
2451 4584 2829 4645 ἐλεύσεται,ὃν
2859 4582 3064 4652 τρόπον
3092 4581 3393 4635 ἐθεάσασθε
3426 4582 3590 4635 αὑτὸν
3624 4582 3849 4651 πορευό-

577 4672 723 4738 quod
776 4682 1172 4742 assumpserat,
1225 4673 1278 4726 in
1342 4673 1520 4727 sinum
1569 4672 1748 4728 Patris
1812 4674 2165 4743 reciperetur,

2269 4694 2431 4749 μενον
2500 4678 2579 4739 εἰς
2626 4676 2719 4728 τὸν
2765 4674 3015 4745 οὐρανόν.
3066 4691 3085 4725 ι
3138 4673 3465 4744 Ἐπορεύετο
3502 4674 3568 4744 δή
3617 4674 3849 4744 δηλονότι

577 4767 1035 4836 quemadmodum
1066 4775 1224 4820 antea
1276 4766 1329 4818 in
1368 4764 1452 4819 his
1487 4765 1646 4819 terris
1688 4764 1759 4819 ita
1791 4768 2169 4837 conspicieba-

2265 4774 2378 4833 τοῖς
2411 4770 2697 4839 πατρικοῖς
2732 4769 2828 4820 καὶ
2878 4765 3019 4836 μετά
3048 4763 3143 4817 τοῦ
3178 4764 3612 4836 προσλήμματος
3648 4762 3847 4834 ἐνιδρυο

582 4869 688 4926 tur,
724 4869 783 4913 ut
822 4873 990 4913 carne
1034 4867 1224 4913 nostra
1252 4857 1494 4911 exterius
1542 4856 1805 4922 munitus,
1852 4868 1905 4912 et
1933 4860 2167 4913 humana

2265 4861 2529 4934 θήσεσθαι
2546 4860 2791 4924 κόλποις,
2814 4857 2965 4911 ὥσπε
2975 4874 3004 4925 ρ
3032 4857 3126 4910 κα).
3150 4857 3414 4927 πρότερον
3435 4857 3534 4908 ἐπὶ
3554 4856 3656 4926 γῆς
3678 4857 3847 4927 ὠρᾶτο

578 4953 754 5007 forma
820 4951 1045 5006 indutus
1090 4959 1400 5021 appareret.
1466 4948 1724 5004 Divinum
1781 4951 1966 5022 itaque
2030 4952 2165 5007 illud

2265 4953 2559 5027 πρόϐλημα
2588 4952 2773 5022 φέρων
2802 4950 2901 5020 τὴν
2928 4949 3133 5021 σάρκα,
3159 4951 3253 5002 καὶ
3276 4948 3375 5020 τὴν
3405 4947 3700 5019 ἀνθρώπου
3730 4964 3847 5020 μορ·

679 5064 722 5095 ⁸⁷
760 5064 880 5118 Act.
924 5078 962 5128 I,
990 5063 1045 5115 '2.

2122 5159 2355 5215 NOTAE.

644 5302 759 5373 (29)
791 5302 1295 5381 VideDionysium,
1328 5301 1409 5381 De
1443 5302 1635 5381 diuinis
1676 5306 1998 5381 nomiitiirits,
2033 5324 2153 5377 cap.
2336 5310 2449 5381 (54)
2480 5312 2540 5364 τὸ
2563 5309 2759 5379 scripsi
2786 5322 2884 5379 pro
2910 5305 3011 5381 ’τῷἶ

576 5376 629 5438 1,
658 5371 799 5449 tum.
846 5374 866 5427 l
898 5374 1035 5444 Opp.
1059 5371 1180 5444 ejus
1201 5375 1332 5428 edit.
1371 5373 1721 5430 Cordcrianaa
1747 5392 1800 5445 p.
1833 5378 1960 5441 457,
1987 5371 2152 5448 νεεψί.
2483 5371 2694 5435 Passim
2723 5371 2826 5434 hoc
2858 5371 3311 5449 agitGregoritts,
3331 5375 3397 5449 in
3420 5371 3617 5442 primis
3638 5386 3764 5425 vero
3793 5373 3836 5449 in

575 5458 628 5499 et
654 5446 794 5519 aliis.
863 5516 872 5519 _
1032 5514 1060 5519 Α
1749 5442 1763 5445 ’
2077 5442 2089 5447 ’
2116 5442 2127 5448 ’

2266 5442 2445 5519 λόγοις
2498 5452 2832 5517 θεολογικοῖς
2879 5442 3144 5518 quinque,
3187 5446 3283 5500 aui
3328 5446 3585 5516 leguntur
3632 5453 3775 5496 tomo
3819 5442 3834 5494 l

653 5516 764 5592 (ἕρ)
794 5514 1259 5592 ὶί.οέὶ.δήε(ἓο¹¹)⁰τμ
1545 5586 1565 5592 -
1603 5584 1631 5592 Α
1808 5589 1821 5592 ,
1878 5588 1925 5592 __
2067 5590 2126 5592 __

1190 5528 1259 5592 rt.
1545 5586 1565 5592 _
1603 5584 1631 5592 Α
1808 5589 1821 5592 Α
1878 5588 1925 5592 __
2067 5590 2126 5592 __
2265 5514 2486 5592 opm).
2513 5522 2617 5575 519
2644 5514 2797 5589 seqq.

649 5589 762 5654 (5|)
937 5582 1353 5663 "Athanasium,
1383 5594 1514 5639 tom.
1545 5584 1733 5663 l__0pp.
1758 5588 2155 5663 etiiiilontefal-

2315 5582 2452 5663 ’(56)
2484 5582 2739 5660 Quinque
2761 5582 2982 5645 exstant
3019 5589 3082 5642 ι).
3106 5586 3487 5663 Chrysostonii
3517 5584 3695 5650 λόγοις
3718 5582 3832 5663 (περὶ

730 5672 780 5724 p.
817 5656 908 5719 94,
934 5656 1062 5723 ἩἹ,
1120 5666 1227 5711 etc.
1269 5668 1323 5711 et
1384 5665 1517 5711 tom.
1560 5654 1660 5721 11,-
1686 5674 1738 5728 p.
1782 5659 1913 5725 943,
1949 5661 2055 5715 2ϋὸ
2108 5669 2162 5714 et

2267 5654 2681 5733 ἀκαταλήπτου,
2707 5670 2896 5715 contra
2920 5654 3398 5713 Anomoaos'dicti.
3427 5654 3569 5724 Lege
3600 5668 3689 5707 eos
3710 5662 3826 5705 tom.

2269 5732 2333 5778 Vl
2388 5734 2517 5778 edit-
2549 5732 2855 5778 Savilianm-
2888 5748 2941 5778 n-
2970 5731 3073 5778 389
3115 5744 3296 5778 seua”
3326 5726 3608 5778 Dncaeatza:
3649 5733 3772 5776 10111.
3794 5722 3826 5778 Ι.

650 5727 700 5780 λιι
1693 5727 1698 5728 ί
2269 5732 2337 5785 Vl
2388 5727 2518 5786 edit:
2549 5732 2856 5793 Savilianaa,
2888 5748 2941 5799 p.
2970 5731 3073 5784 589
3115 5744 3297 5797 seqq.,
3326 5727 3608 5780 Ducacaiza:
3649 5733 3772 5776 tom.
3794 5727 3827 5781 1,

650 5795 1066 5878 QEHjesterius
1090 5797 1197 5850 hoc
1220 5798 1280 5850 τὸ
1297 5804 1381 5878 est
1402 5812 1469 5851 ex
1501 5794 1683 5878 Colb.‘
1884 5871 1895 5878 _
2080 5871 2091 5878 .
2262 5819 2316 5873 p.
2346 5802 2452 5855 292
2477 5820 2660 5875 5339.,
2695 5812 2749 5857 et
2817 5800 3347 5857 Montcfalcontiaute
3403 5806 3537 5853 tom.
3566 5795 3609 5863 ι,
3650 5809 3698 5864 p.
3735 5792 3828 5848 45$

649 5866 762 5933 (55)
795 5867 887 5922 Sic
920 5869 1099 5941 scribo
1126 5882 1250 5941 eum
1279 5868 1469 5923 eodem
1502 5881 1600 5937 pro
1626 5870 1708 5937 τό,
1757 5871 1957 5941 pendet
2005 5871 2153 5927 enim
2263 5866 2417 5941 'scqq.

606 5945 874 6004 sequente
900 5937 1003 6007 κλη
1025 5936 1352 6006 ρωσαμένῳ.
1506 5936 1519 5937 “
1694 5936 1700 5937 ⁷
1758 5936 1776 5941 “

1506 5936 1519 5937 κ
1694 5936 1700 5937 κ
1758 5936 1776 5941 -
2340 5936 2453 6013 (37)
2491 5941 2648 5998 Colb.
2676 5958 2773 6012 pro
2797 5944 2844 5997 οἱ
2876 5943 2972 6014 μήν
