4072 6430
251 406 361 470 701

1267 410 1369 470 AD
1400 413 2000 474 AMPIIlLOCIIIUM
2031 415 2374 485 QUIESTlO
2403 418 2574 480 CXX.

3439 421 3548 480 ’702

255 526 369 596 φὴν
409 524 821 596 περικείμενος.
871 523 1082 578 Οὐκοῦν
1121 524 1217 578 καὶ
1255 526 1336 588 είς
1370 520 1532 588 αὖθις
1565 525 1706 578 κατὰ
1752 525 1845 596 τὴν

1955 527 2239 581 oraculum
2261 529 2572 594 conﬁrmat,
2597 544 2947 585 communem
2972 527 3263 585 Dominum
3293 539 3546 586 nostrum

258 616 408 671 ἰδέαν
433 632 493 668 τε
527 616 625 668 καὶ
669 615 835 684 φύσιν
878 616 1420 686 ἐμφανισθήσεσθαι,
1456 617 1536 680 είς
1562 617 1765 684 γνῶσίν
1791 633 1853 669 τε

255 709 355 762 καὶ
382 707 693 778 κατάληψιν
715 707 1012 776 ἀφικέσθαι
1033 707 1126 761 τὸν
1147 709 1327 762 κοινὸν
1349 709 1628 779 Δεσπότην
1652 711 1680 762 ὁ
1711 710 1753 762 ἱε
1763 708 1854 780 pb;

254 798 510 869 χρησμὸς
550 797 906 854 ἐὸεεαίωσεν.
956 799 1070 852 Καὶ¹
1111 799 1232 852 τότε
1264 799 1365 869 ὅρα
1398 816 1524 869 μοι,
1555 801 1721 854 τίσιν.
1775 802 1850 854 Ού

255 891 370 962 γάρ
400 893 511 953 τοῖς
548 889 845 958 τυχοῦσιν,
885 891 997 943 οὐδ’
1027 891 1143 944 ὅσοι
1190 890 1371 962 μικρῷ
1414 891 1490 962 τῷ
1527 892 1711 962 μέτρῳ
1742 893 1852 947 τῶν

256 982 441 1036 ἄλλων
471 979 778 1052 ἀνθρώπων
805 983 888 1043 εἰς
913 981 1201 1034 ἐπίπνοιάν
1226 998 1287 1033 τε
1321 980 1472 1034 Θείαν
1497 983 1591 1035 καὶ
1615 982 1852 1052 θεωρίας

260 1069 396 1139 ὕψος
415 1109 430 1133 ,
465 1070 560 1122 καὶ
596 1072 719 1133 ταῖς
750 1068 938 1133 ἄλλαις
969 1071 1196 1141 ἀρεταῖς
1229 1072 1662 1142 ύπερανέχουσιν
1685 1114 1699 1135 ,
1734 1073 1850 1126 ἀλλ’

255 1161 446 1221 αὐτοῖς
470 1158 724 1224 ἐκείνοις,
749 1163 798 1213 oi
821 1159 917 1213 ἀπ’
948 1161 1128 1232 ἀρχῆς
1153 1162 1424 1216 αὐτόπται
1452 1167 1549 1216 καὶ
1579 1165 1852 1236 ὑπηρέται

253 1247 354 1300 τοῦ
406 1248 565 1317 λόγου
617 1249 954 1322 γεγενῆσθαι
1009 1254 1307 1324 συμπάσης
1352 1254 1453 1322 τῆς
1501 1242 1852 1325 ἀνθρωπίνης

252 1341 476 1408 φύσεως
521 1342 616 1393 ὑπ’
650 1343 818 1396 αὑτοῦ
858 1342 956 1395 τοῦ
1006 1344 1263 1398 Πλάστου
1295 1344 1729 1416 προεκρίθησαν.
1777 1346 1849 1398 Σὺ

249 1432 312 1484 δέ
348 1451 438 1503 μοι
469 1434 538 1488 τά
561 1451 621 1486 τε
651 1435 787 1488 ἄλλα
817 1436 1052 1507 ἔρρωσο,
1077 1437 1173 1490 καὶ
1200 1438 1379 1507 ψυχὴν
1409 1437 1504 1489 καὶ
1535 1438 1696 1508 σῶμα
1727 1437 1849 1508 Θεῷ

251 1524 500 1594 καθαρὸν
542 1527 825 1596 συν-τηρῶν
860 1528 978 1598 εἴης
1008 1527 1101 1580 τοῦ
1137 1527 1257 1597 βίου
1291 1529 1361 1582 τά
1403 1529 1626 1599 κύματα
1664 1529 1849 1601 ἱλαρὸν

251 1614 553 1677 πνεούσαις
582 1613 778 1684 αὔραις
820 1615 1098 1687 διαπερῶν
1118 1657 1133 1682 ,
1167 1617 1264 1670 καὶ
1297 1616 1394 1687 τῆς
1423 1615 1634 1670 ἐκεῖθεν
1668 1617 1851 1688 ἅλμης

251 1705 729 1778 ὑπερνηχόμενος.

818 1820 1155 1872 ΕΡΩΤΗΣΙΣ
1187 1821 1317 1874 PK'.

253 1911 325 1968 Τί
351 1911 537 1978 δηλοῖ
587 1913 654 1965 τό
703 1912 1118 1966 ἀποστολικόν
1138 1915 1352 1980 ῥητὸν,
1379 1913 1446 1965 τὸ
1472 1951 1486 1975 ,
1525 1933 1542 1964 ι
1585 1912 1849 1966 Πάντοτε

328 1986 426 2036 καὶ
465 1986 582 2035 νῦν
617 1984 1067 2053 δοξασθήσεται
1100 1985 1352 2052 Χριστὸς
1386 1983 1467 2052 ,ἐν
1506 1982 1585 2049 τῷ
1617 1983 1848 2053 σώματί

320 2072 462 2122 μου,
494 2075 511 2105 ι
550 2073 606 2107 ιι.
641 2052 688 2106 ἐ.
724 2055 876 2123 (58›;

1958 621 2148 672 eadem
2195 621 2379 688 specie
2429 621 2717 692 formaque
2748 623 2946 677 iterum
2995 621 3113 678 lore
3161 623 3546 692 conspicuum,

1957 709 2248 781 oculisque
2277 713 2483 767 nostris
2507 721 2563 768 et
2593 714 2890 782 cognitioni
2933 713 3180 768 obvium.
3218 711 3352 767 Vide
3393 728 3545 779 vero,

1954 800 2156 870 quibus
2189 801 2321 856 illud
2368 803 2442 858 sit
2488 813 2834 861 eventurum.
2877 804 2994 858 Non
3029 820 3162 860 sane
3209 807 3544 875 quibusque.

1955 909 2132 963 neque
2160 895 2269 949 illis
2298 895 2488 959 etiam,
2531 896 2624 964 qui
2662 897 2857 965 exigua
2905 910 3162 950 mensura
3193 896 3330 951 alios
3362 895 3547 950 homi-

1954 1001 2075 1052 nes,
2099 988 2243 1056 quod
2277 988 2344 1043 ad
2375 988 2612 1042 aﬂlatum
2646 989 2889 1042 divinum
2932 988 3371 1058 cognitionisque
3409 1004 3548 1057 prae-
3611 975 3621 984 ’

1956 1080 2241 1144 stantiam,
2290 1089 2347 1134 ut
2397 1081 2464 1134 de
2509 1081 2808 1135 virtutibus
2840 1081 2964 1133 aliis
3007 1096 3114 1135 non
3145 1080 3346 1145 dicam,
3383 1070 3548 1150 supeQ-

1954 1177 2120 1235 rant;
2167 1169 2260 1223 sed
2313 1169 2450 1239 ipsis
2503 1171 2644 1234 illis,
2679 1172 2771 1239 qui
2805 1171 2874 1224 ab
2907 1171 3026 1239 ipso
3054 1169 3351 1224 Conditore
3399 1171 3548 1240 digni

1954 1275 2066 1329 prae
2093 1260 2217 1315 aliis
2257 1261 2431 1314 habiti
2463 1271 2641 1326 erant,
2676 1271 2734 1316 ut
2765 1263 2830 1316 ab
2859 1262 3017 1315 initio
3046 1270 3384 1330 spectatores
3413 1258 3548 1315 Ver-

1953 1350 2029 1416 bi,
2059 1361 2114 1406 et
2153 1353 2220 1405 ad
2255 1363 2429 1407 totum
2465 1353 2748 1408 hominum
2797 1369 2968 1423 genus
2999 1353 3244 1422 ejusdem
3281 1353 3548 1421 interpres

1952 1452 2006 1498 et
2038 1445 2346 1499 administri
2369 1456 2574 1501 essent.
2611 1447 2686 1502 ita
2716 1457 2770 1500 tu
2801 1456 2855 1500 et
2887 1446 3023 1501 alias
3048 1446 3185 1506 vale,
3217 1453 3271 1498 ct
3300 1445 3547 1498 animum

1953 1551 2265 1607 corpusque
2302 1536 2416 1592 Deo
2463 1539 2846 1593 intemeratum
2897 1553 3146 1602 servans,
3182 1536 3549 1604 secundisque

1950 1628 2132 1682 ventis
2161 1644 2314 1692 usus,
2355 1631 2641 1698 praesentis
2675 1632 2799 1685 vita:
2836 1629 3034 1684 ﬂuctus
3064 1643 3282 1698 supera,
3312 1628 3549 1683 salsum-

1953 1735 2061 1790 que
2094 1722 2196 1774 hoc
2230 1737 2384 1775 mare
2431 1724 2680 1776 eiiietire.

2026 1831 2356 1898 QUASSTIO
2394 1834 2558 1890 CXX.
2591 1835 2780 1906 [Coisl.
2815 1835 3018 1892 CXLII.
3051 1836 3218 1891 Taur.
3255 1833 3463 1906 αλιι]

1958 1922 2100 1989 Quid
2145 1927 2413 1998 signiﬁcat
2446 1925 2664 1998 dictum,
2695 1929 2936 1994 Apostoli
2967 1945 2986 1983 :
3032 1949 3049 1980 ί
3087 1928 3299 1998 Semper
3325 1941 3374 1982 et
3407 1944 3547 1980 nunc

1989 2011 2194 2066 quoque
2221 1995 2466 2051 Christus
2491 1997 2878 2067 glori/imbitur
2903 2001 2958 2053 in
2976 2015 3192 2069 corpore
3209 1995 3380 2065 ineo,»
3409 2008 3515 2052 etc.

321 2170 580 2220 Editarum
603 2185 631 2220 a
654 2169 833 2220 Wolﬁo
852 2172 1024 2233 quinta
1045 2173 1102 2236 (l.
1124 2184 1192 2234 c.,
1215 2185 1268 2234 p.
1296 2169 1526 2231 715-719,
1549 2170 1776 2221 Galland.
1803 2186 1852 2235 p.
1877 2173 2105 2239 717-718,
2127 2189 2178 2226 n.
2203 2177 2284 2238 21,
2307 2191 2357 2240 p.
2392 2177 2527 2242 H2).
2554 2180 2883 2241 —Expositto
2907 2185 3077 2228 textus
3096 2179 3312 2242 Philipp.
3339 2191 3374 2240 ι,
3399 2180 3478 2228 20.

340 2274 402 2328 Ἦ
425 2274 518 2328 τοῦ
539 2276 768 2346 ῥήτορος
787 2274 886 2345 τῆς
905 2273 1159 2342 ἀληθείας
1185 2273 1358 2345 φωνὴ,
1385 2275 1440 2343 ἠ,
1463 2273 1537 2336 ὡς
1573 2293 1590 2325 ι
1617 2274 1855 2328 Πάντοτε

245 2365 355 2418 καὶ
383 2363 478 2416 νῦν
522 2361 919 2434 δοξασθήσεται
957 2363 1193 2433 Χριστὸς
1233 2365 1292 2416 ἐν
1326 2362 1405 2434 τῷ
1454 2361 1669 2433 σώματί
1713 2381 1852 2434 μου,

2036 2273 2152 2330 Vox
2195 2277 2288 2332 illa
2319 2279 2588 2348 praeconis
2617 2280 2884 2344 veritatis,
2943 2295 3065 2350 qua:
3093 2281 3169 2335 ait
3200 2299 3214 2335 :
3259 2299 3277 2331 ι
3316 2279 3546 2350 Semper

1957 2375 2013 2422 et
2038 2384 2184 2423 nunc
2213 2385 2433 2440 quoque
2465 2370 2718 2426 Christus
2753 2373 2804 2424 in
2837 2387 3063 2441 corpore
3104 2387 3226 2426 meo
3270 2371 3546 2442 gloriﬁca-

247 2457 370 2509 εἴτε
403 2455 490 2510 διὰ
524 2456 691 2525 ζωῆς,
721 2455 833 2507 εἴτε
861 2453 948 2508 διὰ
1001 2453 1233 2507 θανάτου
1282 2453 1418 2524 (59),
1459 2473 1478 2504 ι
1535 2453 1702 2506 πόθου
1754 2455 1845 2523 μὲν

1955 2459 2123 2525 bitur,
2152 2463 2267 2517 sive
2296 2479 2394 2531 per
2423 2464 2613 2529 vitam,
2647 2466 2760 2519 sive
2788 2481 2884 2534 per
2929 2475 3180 2529 mortem,
3216 2484 3234 2516 ι
3281 2482 3348 2521 ex
3392 2468 3544 2522 desi-

249 2549 400 2619 αὑτὴ
423 2549 536 2619 (40)
567 2550 857 2618 προχεῖται
886 2547 1190 2618 σεϐασμίου
1216 2564 1275 2600 τε
1306 2548 1400 2600 καὶ
1431 2546 1600 2617 ἱεροῦ,
1637 2545 1855 2610 ἐλπίδος

246 2641 315 2694 δὲ
341 2641 575 2711 βέὅηκεν
601 2642 762 2710 φύσιν
794 2639 1097 2708 ἀγνοούσης
1126 2639 1350 2710 θνητὴν,
1379 2639 1637 2709 τοιαύτην
1664 2639 1721 2690 δὲ
1748 2640 1849 2709 τὴν

245 2729 495 2780 διάνοιαν
517 2728 804 2799 ύποδηλοῖο
837 2728 1082 2782 Πάντοτε
1111 2731 1140 2782 ὁ
1169 2729 1405 2800 Χριστὸς
1435 2729 1494 2782 ἐν
1525 2728 1605 2799 τῷ
1635 2729 1854 2799 σώματι

243 2819 475 2874 Πιύλου
517 2819 924 2890 ἐμεγαλύνετο,
973 2819 1070 2874 καὶ
1123 2821 1213 2873 ὅτε
1265 2819 1485 2889 δεσμοῖς
1538 2820 1700 2873 αὑτὸν
1753 2819 1850 2872 καὶ

249 2909 482 2981 μάστιξι
531 2908 1062 2978 ὲνταλαιπωρεῖσθαι
1099 2908 1432 2979 συνεχώρει,
1472 2910 1570 2962 καὶ
1614 2909 1846 2962 θανάτου

246 2999 366 3068 πρὸ
412 2999 599 3052 πυλῶν
648 2999 940 3070 ἐρρῖφθαι,
996 3000 1090 3050 καὶ
1133 2998 1224 3051 ὅτε
1278 2999 1486 3064 ἐξεῖλκε
1527 2998 1692 3052 αὑτὸν
1750 3000 1848 3052 καὶ

245 3088 578 3158 ἀνήρπαζεν
629 3089 694 3140 ὲκ
747 3088 927 3157 μέσων
974 3087 1083 3140 τῶν
1135 3088 1396 3156 ἀνιαρῶν.
1436 3085 1531 3151 Οἷς
1587 3091 1686 3158 μὲν
1737 3089 1848 3160 γὰρ

247 3180 504 3233 ὲναθλεῖν
545 3179 734 3250 ἠφίετο
759 3218 774 3244 ,
815 3181 908 3233 καὶ
940 3181 1055 3243 τοῖς
1085 3181 1165 3244 είς
1199 3179 1430 3234 θάνατον
1463 3181 1658 3248 ἄγουσι
1721 3198 1848 3233 συν-

247 3272 541 3338 επλέκετο,
568 3275 893 3343 πειρασμοῖς
926 3272 1243 3325 ἐϐεϐαιοῠτο
1272 3274 1366 3325 καὶ
1386 3271 1714 3343 ἐκρατύνετο
1745 3274 1846 3342 τῆς

247 3366 540 3429 εὐσεϐείας
581 3365 641 3419 τὸ
689 3365 974 3438 κήρυγμα.
1015 3365 1398 3435 Λογιζομένων
1438 3364 1547 3418 τῶν
1591 3365 1842 3435 ὁρώντων

246 3461 327 3512 τὰ
357 3456 568 3512 Παύλου
596 3457 804 3528 δεσμὰ,
841 3458 936 3512 καὶ
977 3460 1072 3522 τὰς
1113 3457 1358 3527 θλίψεις,
1398 3459 1492 3511 καὶ
1524 3457 1619 3529 τὴν
1648 3459 1706 3511 ὲν
1737 3459 1839 3511 αὐ-

1956 2550 2110 2606 derio
2154 2555 2407 2623 quodam
2460 2556 2720 2623 religioso
2771 2565 2825 2609 et
2871 2571 3029 2610 sacro
3077 2557 3316 2625 proﬂuit,
3377 2558 3544 2614 simul

1953 2655 2084 2696 vero
2112 2643 2181 2696 ad
2211 2657 2358 2712 spem
2390 2645 2616 2712 aspirat,
2641 2659 2763 2712 quae
2794 2646 3075 2697 mortalem
3103 2654 3355 2698 naturam
3386 2645 3544 2714 igno-

1952 2743 2057 2788 rat.
2120 2735 2352 2789 Sensum
2410 2752 2542 2791 vero
2584 2737 2730 2790 hunc
2777 2737 2963 2802 refert,
3000 2739 3145 2807 quod
3199 2737 3455 2794 Christus
3485 2740 3541 2793 in

1952 2843 2184 2898 corpore
2229 2826 2383 2883 Pauli
2431 2845 2648 2898 semper
2691 2829 2762 2884 sit
2802 2830 3220 2898 magniﬁcatus,
3270 2831 3386 2886 sive
3416 2848 3540 2886 eum

1948 2919 2184 2975 vinculis
2227 2930 2281 2975 et
2331 2919 2521 2975 l‘crulis
2552 2920 2736 2992 aﬂligi,
2784 2922 3086 2990 montisque
3120 2922 3255 2976 adeo
3287 2922 3546 2992 periculis

1949 3011 2114 3080 objici
2155 3021 2435 3081 pateretur
2481 3013 2648 3078 Deus,
2690 3013 2806 3068 sive
2841 3014 2993 3068 illum
3038 3029 3106 3068 ex
3153 3015 3347 3070 mediis
3377 3029 3545 3069 vexa-

1948 3105 2191 3159 tionibus
2227 3107 2483 3175 eriperet,
2511 3115 2564 3160 et
2602 3107 2925 3162 vindicaret.
2967 3106 3078 3161 Illis
3108 3108 3252 3162 enim
3287 3109 3544 3163 tentatio-

1946 3195 2144 3261 nibus,
2189 3196 2271 3249 vel
2304 3205 2537 3250 mortem
2586 3197 2758 3265 ipsam
2788 3197 3147 3262 minantibus,
3179 3213 3302 3252 cum
3339 3198 3541 3266 quibus

1945 3286 2248 3342 conﬂictari
2279 3297 2334 3342 et
2358 3289 2674 3357 depugnare
2705 3289 3018 3357 jubebatur,
3056 3289 3392 3357 praeconium
3421 3290 3542 3359 pie-

1944 3377 2072 3431 tatis
2121 3377 2442 3431 ﬁrmabatur
2486 3387 2540 3431 et
2593 3378 2994 3433 stabilicbatur.
3040 3378 3146 3443 Qui
3200 3379 3348 3432 enim
3387 3376 3538 3433 Pauli

1943 3469 2162 3523 vincula
2198 3469 2653 3539 calamitatesque
2683 3485 2807 3525 cum
2841 3471 3052 3524 ratione
3091 3471 3538 3541 perspiciebant,

244 3554 371 3615 τοῖς
399 3550 676 3622 ὑπομονὴν
707 3550 1188 3621 ἐκπληττομένων,
1214 3550 1308 3604 καὶ
1324 3548 1406 3620 τῷ
1432 3528 1673 3620 θαύματι
1699 3551 1837 3620 πρὸς

1947 3572 2000 3613 ct
2043 3561 2362 3630 patientiam
2413 3563 2465 3614 in
2508 3562 2616 3616 illis
2669 3563 2955 3631 probatam
2989 3562 3422 3628 admirabantur,
3461 3561 3539 3616 illi

249 3643 596 3714 ἐπιστροφὴν
645 3642 1078 3712 διανισταμένων
1105 3682 1122 3708 ,
1151 3641 1227 3705 ὡς
1263 3643 1312 3694 εί
1352 3643 1427 3713 μὴ
1477 3643 1622 3696 θεῖόν
1665 3660 1718 3695 τι
1748 3641 1844 3694 καὶ

248 3734 567 3805 πκνάληθες
592 3733 654 3786 τὸ
683 3735 814 3804 παρ’
844 3733 1010 3788 αὐτοῦ
1047 3735 1460 3805 κηρυσσόμενον
1487 3735 1840 3806 καθεστήκει,

246 3829 358 3882 οᾶκ
394 3827 459 3882 ἂν
487 3828 678 3880 ἑαυτὸν
713 3828 927 3898 μυρίοις
973 3828 1181 3898 χαίρων
1217 3830 1311 3880 καὶ
1341 3829 1638 3900 ἀφορήτοις
1672 3828 1842 3881 ἐδίδου

247 3922 468 3985 κακοῖς,
501 3920 619 3974 ἐνὸν
659 3920 1009 3989 παυσάμενον
1043 3918 1483 3973 ἀπαλλάττεσθαι
1516 3918 1626 3972 τῶν
1655 3922 1841 3988 ἀλγει-

247 4012 365 4066 νῶν
395 4015 488 4065 καὶ
519 4011 595 4082 μὴ
620 4013 849 4066 θάνατον
872 4014 951 4074 εἰς
978 4012 1169 4080 ἀγῶνα
1197 4011 1404 4066 καλεῖν.
1447 4011 1843 4081 Ἑμεγαλύνετο

245 4103 436 4158 τοίνυν
468 4104 695 4178 εἰκότως
719 4103 808 4155 διὰ
834 4101 1041 4155 τούτων
1070 4103 1098 4154 ὁ
1128 4101 1387 4172 Χριστὸς,
1419 4101 1514 4154 τοῦ
1548 4101 1840 4171 κηρύγμα-

245 4196 352 4261 τος
388 4186 804 4267 είςΪβὲϐαίωσιν
837 4199 951 4259 τοῖς
991 4195 1204 4257 πολλοῖς
1257 4194 1659 4264 ἀφικνουμένου
1682 4233 1696 4258 ,
1745 4195 1840 4248 καὶ

246 4290 376 4350 ταῖς
403 4288 512 4340 τῶν
543 4285 850 4358 ἀνθρώπων
875 4285 1361 4357 ὲμπλατυνομένου
1400 4285 1627 4354 ψυχαῖς.
1672 4285 1841 4339 Πάλιν

246 4381 334 4446 δὲ,
386 4381 550 4450 ἡνίκα
591 4379 832 4443 ἐξεῖλκεν
875 4381 1036 4433 αὑτὸν
1071 4381 1166 4432 καὶ
1211 4377 1530 4448 ἀνήρπαζεν
1577 4378 1840 4431 κινδύνων

251 4472 549 4542 ὀλεθρίων,
581 4472 807 4526 αὐτόθεν
847 4473 1230 4543 ἐμεγαλύνετο.
1267 4472 1405 4526 Οὐδὲ
1432 4472 1541 4541 γάρ
1571 4489 1714 4536 τινος
1743 4475 1840 4524 ἀν-

251 4563 536 4633 θρωπίνης
589 4559 658 4634 ἦν
709 4563 954 4626 ἐπινοίας
1005 4565 1071 4617 ἐκ
1118 4565 1286 4634 μέσου
1331 4564 1516 4634 χειρὸς
1567 4562 1838 4633 φονώσης,

251 4655 354 4708 καὶ
393 4655 488 4707 τοῦ
528 4656 762 4724 αἵματος
806 4654 1086 4725 διψώντων
1119 4655 1326 4721 κακῶν,
1368 4654 1553 4726 ἀπαθῆ
1577 4655 1838 4718 πολλάκις

248 4748 590 4802 ἀπολύεσθαι
617 4748 709 4800 τὸν
738 4747 1043 4820 ἀγωνιστὴν
1062 4788 1077 4812 ,
1111 4746 1246 4801 ἀλλὰ
1280 4747 1399 4799 θεία
1453 4765 1534 4809 τις
1576 4750 1670 4800 καί
1699 4746 1839 4818 ὑπὲρ

250 4843 542 4908 ἄνθρωπον
571 4842 731 4913 χάρις
763 4837 831 4912 ἦν
853 4879 869 4904 ,
911 4841 944 4910 ἡ
990 4841 1121 4911 παρ’
1155 4839 1376 4902 ἐλπίδας
1412 4839 1503 4892 τὸν
1531 4838 1836 4907 θεράποντα
1862 4863 1915 4922 D

257 4933 498 5005 ῥυομένη
539 4933 634 4986 καὶ
673 4932 963 4986 διαλύουσα
1004 4933 1074 4985 τά
1132 4931 1300 4985 δεινά.
1356 4930 1480 4992 Πῶς
1530 4929 1720 4982 ἐλύετο
1765 4930 1835 4981 τὰ

255 5024 462 5092 saepe;
529 5024 652 5086 Πῶς
708 5024 999 5090 ἐξέπιπτον
1053 5023 1111 5076 αἱ
1167 5022 1418 5087 ἀλύσεις;
1469 5020 1532 5072 τὸ
1587 5019 1703 5088 φῶς
1752 5021 1835 5084 τίς

257 5115 504 5183 ὑφῆπτεν
532 5115 610 5184 τῷ
635 5117 894 5186 οἰκήματι
918 5116 1029 5187 (Η)
1053 5132 1067 5182 ;
1095 5115 1213 5178 πῶς
1241 5115 1684 5184 περιήστραπτεν
1715 5111 1836 5164 ὅλον

252 5209 323 5276 τῇ
352 5206 516 5278 αἴγλῃ
543 5207 802 5279 πληροῦν,
832 5208 1100 5279 μηδεμιᾶς
1132 5205 1263 5277 ὕλης
1293 5203 1742 5275 ὐπηρετουμένης
1766 5205 1830 5273 τῇ

1945 3647 2065 3717 ipsa
2089 3650 2190 3702 hac
2211 3650 2576 3704 admiratione
2599 3651 2666 3704 ad
2693 3651 3109 3705 conversionem
3131 3652 3536 3718 excitabantur,

1943 3739 2269 3806 cogitantes,
2306 3739 2409 3793 nisi
2441 3739 2716 3808 praeconio
2755 3739 2875 3807 ejus
2906 3739 3076 3793 divini
3118 3740 3324 3810 aliquid
3357 3750 3413 3794 et
3441 3757 3538 3795 ve-

1943 3828 2149 3882 rissimi
2194 3831 2484 3895 subesset,
2536 3844 2595 3883 se
2636 3829 2816 3898 ipsum
2852 3828 3078 3885 inﬁnitis
3134 3840 3189 3886 et
3223 3831 3310 3884 vix
3341 3831 3540 3890 tolera.

1941 3918 2144 3974 bilibus
2187 3935 2298 3974 non
2343 3919 2516 3974 luisse
2549 3920 2928 3989 objecturum,
2964 3936 3130 3996 cum,
3187 3937 3216 3975 a
3265 3923 3535 3978 sententia

1940 4011 2262 4077 discedens,
2317 4012 2583 4066 molestiis
2634 4011 2740 4065 illis
2790 4013 3010 4066 liberari
3075 4012 3378 4082 potuisset,
3433 4031 3536 4070 nec

1941 4104 2137 4157 mortis
2159 4102 2462 4171 perieulum
2487 4102 2671 4156 subire
2694 4102 2991 4156 debuisset.
3021 4101 3136 4158 Hoc
3157 4105 3343 4172 itaque
3373 4107 3533 4159 modo

1939 4192 2144 4247 Christi
2229 4194 2398 4261 gloria
2471 4193 2988 4247 eoiivcnicntissime
3057 4194 3529 4264 amplilicabatur,

1940 4284 2387 4354 quandoquidem
2423 4284 2757 4353 praeconium
2795 4285 2927 4337 illud
2960 4300 3125 4354 quam
3157 4287 3407 4354 plurimis
3443 4304 3534 4341 ra-

1942 4383 2056 4427 tum
2091 4375 2273 4437 ﬁebat,
2311 4373 2709 4442 hominumque
2739 4373 2940 4425 animis
2971 4373 3317 4442 inﬁgebatur.
3349 4373 3529 4439 Quan-

1938 4467 2009 4520 do
2056 4468 2124 4519 ab
2157 4466 2326 4519 altera
2383 4473 2538 4533 parte
2571 4463 2712 4518 Dens
2766 4464 2915 4518 illum
2965 4481 3028 4519 ex
3087 4467 3528 4535 praesentissimis

1939 4558 2200 4628 periculis
2233 4557 2520 4626 eripiebat,
2560 4557 2725 4612 etiam
2756 4565 2869 4610 tum
2900 4557 3152 4612 Christus
3184 4559 3529 4628 gloriﬁcaba—

1940 4658 2050 4704 tur.
2079 4650 2265 4718 Neque
2286 4649 2432 4702 enim
2466 4649 2691 4702 humani
2719 4659 2836 4702 erat
2864 4650 3082 4704 consilii
3108 4661 3161 4703 et
3185 4651 3328 4717 opis,
3357 4651 3530 4703 athle-

1937 4751 2049 4795 tam
2102 4741 2246 4794 hnnc
2290 4756 2357 4794 ex
2421 4741 2616 4794 mediis
2671 4756 2869 4795 manus
2913 4742 3375 4807 sanguinolenta,
3432 4752 3528 4796 aut

1943 4832 2317 4900 improborum
2349 4831 2655 4894 hominum,
2687 4832 3007 4901 sanguinem
3039 4832 3363 4898 sitientium,
3393 4848 3530 4887 c0n-

1941 4923 2078 4978 siliis
2117 4923 2346 4977 illazsum
2395 4924 2564 4977 exire.
2611 4922 2818 4977 Divina:
2870 4924 3052 4990 potius
3096 4935 3148 4977 et
3186 4924 3308 4991 plus
3359 4939 3526 4993 quam

1944 5017 2197 5070 humanae
2224 5017 2412 5087 gratiae
2442 5016 2763 5070 beneﬁcium
2785 5016 2836 5069 id
2864 5025 3002 5078 erat,
3026 5031 3148 5085 quae
3178 5017 3386 5072 scilicet
3413 5035 3529 5074 ser-

1945 5123 2074 5160 vum
2104 5107 2256 5160 illum
2297 5107 2497 5160 amotis
2547 5106 2708 5160 malis
2759 5106 3044 5170 omnibus,
3089 5116 3286 5176 praeter
3330 5123 3528 5177 exspe-

1940 5201 2258 5264 ctationem,
2287 5199 2572 5254 liberabat.
2630 5197 2914 5264 Quomodo
2964 5199 3111 5253 enim
3141 5199 3360 5254 vincula
3409 5204 3528 5256 sol-

1795 5377 2028 5434 NOTAE.

323 5496 438 5569 (58)
474 5496 713 5569 Philipp.
748 5513 787 5563 ι,
822 5497 1043 5569 ’Ξθ,ιιι)ἰ
1078 5507 1260 5553 tamen
1289 5512 1390 5568 pro
1435 5495 1832 5569 δοξασθήσεται

246 5567 454 5638 legitur
481 5568 642 5622 hodie
667 5567 1165 5637 μεγαλυνθήσεται,
1191 5569 1257 5622 ad
1280 5567 1444 5638 quem
1483 5568 1664 5623 locum
1684 5567 1833 5620 nulla

246 5585 454 5638 legitur
481 5585 642 5622 nocte
675 5585 1165 5637 μεγαλυνυησεται,
1191 5585 1257 5622 au
1322 5585 1444 5622 ucm
1483 5585 1831 5623 tocumnuua

246 5639 502 5718 codicum
530 5639 776 5718 varietas
826 5640 882 5718 in
923 5639 1243 5718 collectione
1280 5585 1535 5718 (ililliana
1584 5646 1831 5718 apparet.

248 5709 475 5764 Scilicet
503 5709 686 5770 ethic,
713 5717 772 5763 ut
811 5709 969 5772 alias,
1017 5708 1243 5764 Photius
1293 5711 1573 5763 memoriae
1603 5725 1717 5762 sua:
1749 5708 1834 5760 ni-

2003 5492 2119 5563 (59)
2144 5490 2342 5546 Deesse
2361 5491 2586 5563 videtur
2614 5490 2876 5559 λέγουσα.

2003 5562 2113 5632 (40)
2147 5564 2238 5632 Sic
2265 5562 2448 5616 scribo
2480 5578 2574 5630 pro
2601 5563 2760 5632 αὐτῇ.

2005 5631 2090 5701 (41
2102 5645 2120 5700 )
2146 5631 2384 5687 Humani
2413 5632 2618 5701 aliquid
2659 5631 2851 5701 passus
2879 5632 2968 5688 hic
3017 5642 3102 5689 est
3126 5633 3380 5690 Photius.
3415 5633 3530 5692 Ne-

1933 5704 2214 5772 que-cnim
2255 5704 2292 5759 l.
2346 5717 2398 5758 c.
2446 5704 2628 5757 lumen
2661 5702 2872 5756 carceri
2910 5703 3119 5772 illatum
3151 5705 3397 5771 ali-unde,
3427 5722 3468 5761 s.
3494 5705 3529 5763 d

247 5779 422 5834 mium
451 5779 662 5851 tribuit.
691 5778 824 5851 ipse
853 5771 1035 5851 tamen
1079 5795 1206 5834 mox
1234 5781 1486 5851 -vcrbum
1511 5776 1834 5844 δοξάζεσθαι
1937 5771 2160 5851 eandela
2194 5787 2226 5826 ιι
2257 5773 2483 5851 custode
2509 5773 2748 5851 carceris
2770 5771 3067 5851 postulata.
3089 5790 3140 5851 γε
3169 5775 3262 5840 ‘29.
3291 5776 3525 5851 dicityr.

248 5864 351 5918 per
373 5847 777 5919 μεγαλύνεσθαι
813 5849 1056 5919 exponit.

1937 5843 2014 5899 Ea
2045 5844 2153 5900 huc
2179 5843 2536 5914 retulit,quae
2553 5841 2717 5899 Petro
2739 5841 3064 5902 aeciderunt
3088 5847 3208 5903 Act.
3246 5861 3351 5916 ut,
3394 5846 3486 5904 17.
