4072 6426
285 391 403 457 705
763 397 773 406 ’
1304 392 1398 453 AD
1426 390 2022 455 AMPHILOCHIUM
2057 394 2404 468 QUXESTIO
2443 393 2645 456 CXXI.
3477 393 3582 457 706

283 500 361 552 τὸ
386 495 518 569 περὶ
547 496 639 550 τὸν
666 493 880 550 Παῦλον
910 494 1099 567 θαῦμα
1130 496 1445 569 φιλοτιμίας
1476 482 1638 567 μόνον
1667 498 1888 570 ὁρᾶσθαι

2006 500 2256 555 licandus
2294 502 2479 570 itaque
2506 512 2623 557 erat
2650 500 2928 569 Christus,
2966 501 3083 559 sive
3114 501 3207 558 ille
3240 501 3335 559 Dei
3364 504 3586 560 satelles

284 585 641 655 Δεσποτικῆς
664 626 681 651 ,
709 585 819 639 ἔδει
863 585 922 639 δὲ
966 585 1077 658 ἄρα
1106 587 1202 639 καὶ
1234 586 1303 639 τά
1329 587 1539 641 ἐκείνου
1567 587 1888 657 ἐναστράψαι

2005 600 2286 662 pateretur
2314 592 2545 663 aliquid,
2599 595 2712 649 sive
2736 596 2940 649 minus.
2999 595 3271 651 Strenuus
3309 594 3458 649 enim
3495 596 3589 652 ille

285 678 708 751 λαμπρότερον.
757 678 964 733 Λοιπὸν
999 678 1169 748 ὁμόσε
1204 680 1342 750 πρὸς
1366 680 1547 734 πάντα
1577 680 1669 735 διὰ
1705 681 1768 734 τὸ
1802 682 1888 751 κή-

1998 684 2228 748 athleta,
2266 684 2521 738 ultimum
2581 686 2900 741 certaminis
2965 689 3207 742 stadium
3277 685 3583 759 ingressus,

286 788 487 843 ρυγμα
526 772 714 842 χωρεῖ,
744 769 841 826 καὶ
875 769 1043 825 αὑτοῦ
1080 771 1174 824 τοῦ
1202 770 1423 840 ξίφους,
1462 774 1555 826 καὶ
1594 773 1766 841 αὑτῆς
1793 773 1888 844 τῆς

1997 776 2235 847 primum
2266 776 2487 847 quidem
2518 791 2550 832 a
2576 786 2752 833 morte
2784 787 2839 833 et
2870 780 3016 835 caede
3048 780 3405 847 liberabatur,
3433 790 3586 851 post-

284 863 516 932 ’σφαγῆς
559 861 865 933 ὑπερορῶν,
904 864 1001 917 καὶ
1036 863 1201 934 μόνον
1248 864 1345 918 ἕνα
1392 862 1610 919 διώκων
1651 866 1888 919 σκοπὺνι

1996 885 2160 939 quam
2186 869 2401 939 objecta
2433 869 2671 924 crimina
2712 870 2879 927 verbo
2908 872 3159 928 veritatis
3204 873 3421 943 piisque
3454 891 3587 929 sen—

290 955 478 1009 πάντα
505 954 733 1026 δεύτερα
757 956 858 1024 τῆς
901 955 1163 1028 ἀληθείας
1197 956 1465 1029 ἐλέγχειν,
1498 957 1595 1013 καὶ
1632 958 1771 1030 πρὸς
1798 958 1888 1011 τὸν

2000 960 2188 1015 tentiis
2234 961 2509 1028 diluisset,
2545 961 2632 1016 vel
2663 962 3061 1032 omnipotentis
3107 965 3295 1032 potius
3326 966 3585 1020 Numinis

290 1046 702 1117 κηρυττόμενον
731 1048 991 1119 ῥεόμενον
1020 1048 1117 1103 τοῦ
1144 1049 1386 1120 αἵματος
1421 1051 1703 1119 ἀπελθεῖν,
1733 1050 1801 1104 δι’
1829 1045 1888 1105 οῦ

1997 1051 2192 1107 dextra
2260 1052 2689 1108 intercessisset.
2747 1052 2908 1109 Tunc
2961 1056 3155 1126 utique
3211 1057 3468 1113 Christus
3528 1059 3582 1114 in

284 1139 539 1208 δηλονότι
576 1140 742 1197 πάλιν
775 1142 1145 1213 ἐμεγαλύνετο
1186 1148 1214 1199 ὀ
1245 1146 1502 1217 Χριστός.

2002 1159 2237 1214 corpore
2264 1146 2421 1201 Pauli
2455 1146 2934 1216 magniﬁcabatur.
2968 1148 3118 1202 Idem
3164 1164 3299 1204 vero
3339 1149 3503 1204 ﬁebat
3530 1158 3581 1203 et

272 1236 468 1294 altera
500 1240 640 1296 vice.
676 1240 866 1311 Neque
902 1242 1051 1297 enim
1089 1243 1370 1314 singulare
1400 1254 1455 1299 et
1485 1242 1873 1299 admirandum
1916 1242 2129 1297 Domini
2155 1243 2401 1297 studium
2457 1244 2513 1297 in
2543 1241 2718 1299 Paulo
2786 1244 3036 1315 conspici
3098 1254 3335 1310 tantum,
3382 1246 3477 1300 sed
3530 1255 3584 1300 et

288 1334 469 1401 ipsius
526 1334 683 1392 Pauli
735 1354 825 1394 res
878 1338 1084 1395 clarius
1135 1340 1375 1395 emicare
1424 1340 1717 1396 debebant.
1782 1340 2076 1410 Reliquum
2120 1338 2303 1408 itaque
2382 1347 2523 1403 erat,
2584 1349 2643 1394 ut
2688 1339 2805 1409 ipse
2846 1350 3068 1410 prepter
3104 1338 3386 1409 Evangelii
3440 1354 3583 1409 prm-

289 1426 517 1482 conium
548 1429 735 1484 omnia
765 1431 1085 1496 sustineret,
1114 1430 1405 1501 ipsumque
1438 1431 1577 1487 adeo
1608 1431 1873 1502 gladium,
1913 1440 1971 1485 et
1996 1444 2190 1484 necem
2252 1429 2429 1498 ipsam
2484 1428 2926 1498 parvipenderet,
2973 1435 3028 1483 et
3088 1428 3156 1483 ad
3224 1444 3398 1483 unum
3454 1438 3580 1483 tan-

297 1527 419 1573 tum
472 1537 701 1593 scolium
762 1526 1106 1581 contendens
1140 1526 1328 1582 omnia
1382 1527 1490 1583 sibi
1557 1527 1790 1582 veritate
1836 1526 2103 1581 inferiora
2168 1539 2295 1581 esse
2334 1525 2672 1589 ostenderet,
2715 1532 2883 1595 atque
2947 1525 3087 1581 adeo
3145 1525 3412 1597 sanguine
3463 1539 3582 1579 ma-

293 1616 437 1672 dens
459 1618 528 1673 ad
576 1634 726 1685 eum,
753 1636 917 1691 quem
943 1621 1359 1691 praedicaverat,
1394 1634 1736 1694 properaret.
1768 1620 1886 1678 Hoc
1924 1635 2057 1677 vero
2088 1622 2209 1691 ipso
2238 1618 2495 1676 Christus
2526 1619 2726 1675 iterum
2759 1618 3247 1690 magnificabatur.

806 1734 1142 1789 ΕΡΩΤΗΣΙΣ
1179 1737 1362 1791 PKA'.
1980 1734 2313 1806 QUIESTIO
2365 1734 2533 1792 CXXI
2588 1733 2784 1808 [CoisL
2823 1734 3066 1801 CXLIII,
3123 1734 3290 1793 Taur.
3340 1733 3577 1807 CXLII}.

291 1828 441 1883 Τίνα
479 1822 561 1897 ἦν
612 1825 684 1880 τὰ
730 1825 1117 1899 ὐστξρήμᾳτα
1165 1825 1276 1899 τοῦ
1319 1826 1606 1895 Χριστοῦ,
1648 1826 1799 1896 ἅπερ
1849 1830 1883 1883 ό

2026 1830 2160 1896 Quae
2202 1829 2420 1899 [uerunt
2458 1828 2582 1890 illa,
2622 1844 2740 1899 qua
2778 1826 2990 1899 Christo
3016 1828 3281 1899 deerant,
3324 1843 3548 1899 qumque

751 1897 993 1962 Παῦλος
1016 1896 1381 1965 ἐπλήρωσεν
1402 1912 1423 1961 ;

2202 1896 2211 1899 ’
2447 1896 2651 1954 Paulus
2693 1898 2974 1967 complevit
3007 1897 3074 1930 ⁸⁸·
3102 1898 3129 1952 ?

939 2008 1192 2059 Edllarum
1216 2021 1244 2056 a
1270 2008 1449 2058 Wolfio
1472 2014 1615 2059 sexta
1639 2010 1694 2072 (1.
1720 2020 1785 2070 c.,
1808 2023 1858 2073 p.
1882 2010 2104 2062 719-726.
2130 2010 2355 2063 Gallaud.
2382 2025 2431 2075 p.
2456 2011 2570 2074 719,
2590 2010 2701 2073 721,
2725 2026 2775 2061 n.
2800 2012 2907 2074 22).

366 2094 491 2149 Τῶν
537 2092 916 2147 ἀποστολικῶν
980 2093 1246 2165 ῥημάτων
1292 2094 1693 2165 ήπροτεθεῖσα
1736 2112 1888 2167 περι-

2065 2097 2355 2169 Proposita
2382 2098 2503 2152 haec.
2526 2097 2819 2153 verborum
2859 2095 3106 2166 Apostoli
3158 2095 3332 2153 series
3373 2095 3577 2167 duplici

286 2191 438 2261 κοπὴ
494 2188 690 2259 διπλῆν
738 2187 1037 2259 ἐκφέρεται
1084 2187 1325 2251 διανοίας
1367 2188 1509 2242 ὁδόν.
1561 2189 1626 2241 Ol
1678 2189 1777 2259 μὲν
1822 2188 1885 2241 τὸ

282 2282 586 2352 ὑστέρημα
615 2279 872 2342 λαϐόντες
901 2278 1078 2343 οὑτως
1111 2278 1301 2342 ἁπλῶς
1327 2320 1342 2346 ,
1376 2279 1451 2343 ὡς
1492 2278 1555 2333 τὸ
1595 2281 1886 2351 πρόχειρον

294 2374 596 2428 ὑποϐάλλει
629 2373 730 2442 τῆς
765 2372 971 2442 φωνῆς,
994 2371 1131 2442 (paci.
1160 2371 1253 2425 τὸν
1283 2371 1575 2425 θεσπέσιον
1599 2372 1887 2443 εἰρηκέναι

294 2463 533 2527 Παῦλον,
566 2463 650 2516 ὅτι
690 2462 772 2515 Τὰ
808 2462 1171 2532 ὑστερήματα
1204 2459 1314 2515 τῶν
1344 2461 1579 2532 θλίψεων
1612 2461 1708 2515 τοῦ
1751 2463 1888 2532 Χρι-

292 2554 426 2609 στοῦ
465 2556 523 2607 ὲν
547 2556 613 2624 τῇ
652 2552 818 2624 σαρκί
857 2569 961 2623 μου
996 2551 1403 2624 ἀνταναπληρῶ
1437 2552 1577 2622 (47),
1607 2553 1706 2607 καὶ
1759 2552 1886 2623 βού-

290 2644 487 2700 λεσθαι
512 2643 729 2714 δηλοῦν,
756 2644 831 2708 ὡς
858 2644 926 2698 Εῐ
950 2660 1006 2697 τι
1033 2644 1247 2699 ἐνέλιπε
1276 2643 1511 2713 Χριστὸς
1537 2643 1632 2698 τοῦ
1669 2644 1885 2709 παθεῖν,

294 2737 410 2807 ἐγὼ
433 2739 490 2791 ὲν
518 2736 597 2807 τῷ
626 2735 841 2804 σώματί
879 2752 983 2807 μου
1012 2736 1418 2807 ἀνταναπληρῶ
1457 2736 1594 2807 (48)·
1636 2738 1732 2792 καὶ
1760 2754 1888 2791 συν-

294 2829 652 2900 επισχύοντες
676 2828 791 2899 (49)
815 2828 915 2898 τήν
943 2826 1185 2882 διάνοιαν
1211 2827 1439 2899 ταύτην,
1469 2828 1705 2901 Ὠσπερ,
1727 2829 1885 2898 φασὶ,

290 2921 507 2975 δέδοται
555 2921 673 2983 τοῖς
743 2918 1066 2983 ἀποστόλοις
1130 2918 1354 2990 μείζονα
1416 2918 1591 2971 τελεῖν
1649 2919 1683 2989 ἢ
1744 2918 1891 2973 κατὰ.

298 3008 540 3081 Χριστὸν
570 3011 797 3080 σημεῖασ
837 3009 933 3062 καὶ
959 3009 1144 3073 πάλιν,
1183 3009 1400 3080 Ὥσπερ
1426 3008 1588 3072 αὐτὸς
1617 3009 1645 3062 ὁ
1670 3008 1885 3073 Παῦλος

302 3103 499 3173 δρᾶται
544 3103 656 3155 τῶν
685 3100 1038 3155 Δεσποτικῶν
1079 3100 1314 3155 ἐντολῶν
1341 3099 1674 3171 ὑψηλότερόν
1698 3117 1752 3153 τι
1775 3100 1891 3154 δια-

302 3192 678 3263 πραττόμενος
702 3208 716 3222 °
735 3192 856 3258 ἐξὸν
879 3191 992 3264 (50)
1017 3191 1125 3263 γὰρ
1156 3191 1309 3263 αὐτῷ
1337 3193 1403 3246 ὲκ
1427 3190 1523 3245 τοῦ
1554 3190 1891 3260 Εὐαγγελίου

298 3283 599 3351 τρέφεσθαι
642 3284 741 3337 οὐκ
784 3282 1085 3354 ἐτρέφετο·
1119 3282 1214 3336 καὶ
1260 3282 1489 3336 τοιαῦτα
1518 3280 1685 3351 ἓτερά
1729 3296 1888 3336 τινα’

1988 2190 2203 2245 ratione
2228 2189 2546 2259 exponitur.
2573 2188 2681 2242 Alii
2704 2188 2853 2243 enim
2878 2202 3069 2242 vocem
3101 2187 3393 2259 ὑστέρημα
3409 2202 3578 2244 sensu

1986 2280 2421 2351 simplicissimo,
2458 2279 2553 2351 qui
2589 2280 2832 2335 maxime
2862 2279 3059 2335 obvius
3091 2288 3195 2344 est,
3219 2279 3576 2349 accipientes,

1986 2373 2236 2429 divinum
2268 2372 2499 2428 Paulum
2538 2380 2789 2429 statuunt
2806 2372 3012 2428 dixisse
3046 2387 3106 2428 se
3158 2372 3423 2443 reliquias
3454 2388 3579 2442 per-

1988 2467 2311 2537 pessionum
2362 2466 2569 2521 Christi
2622 2465 2872 2521 vicissim
2934 2465 2991 2519 in
3025 2479 3260 2534 corpore
3310 2480 3413 2519 suo
3447 2477 3576 2518 esse

1989 2558 2393 2628 suppletur-nm,
2462 2564 2629 2626 atque
2659 2556 2796 2611 adeo
2852 2554 2905 2610 id
2969 2554 3077 2610 sibi
3124 2554 3301 2610 velle:
3333 2554 3392 2608 Si
3437 2552 3575 2623 quid

1988 2648 2243 2703 Christus
2278 2647 2332 2701 in
2373 2647 2729 2716 perpessione
2766 2660 2868 2699 sua
2917 2644 3193 2714 reliquum
3248 2644 3466 2710 fecerit,
3522 2643 3582 2698 id

1990 2751 2093 2807 ego
2137 2738 2454 2807 incorpore
2495 2750 2619 2790 meo
2679 2735 2935 2804 suppleo.
2969 2734 3123 2789 IIanc
3176 2733 3582 2803 expositionem

1991 2826 2374 2883 conﬁrmaturi
2406 2828 2562 2881 aiunt
2592 2844 2605 2881 :
2630 2824 2789 2880 Sicut
2811 2824 3076 2895 Apostolo
3106 2833 3348 2894 potestas
3371 2824 3582 2889 major!

1989 2919 2198 2976 Christi
2257 2919 2366 2975 illis
2418 2916 2686 2973 miracula
2732 2916 2982 2985 patrandi
3036 2914 3181 2970 facta
3250 2921 3378 2983 est;
3435 2915 3584 2971 sicut

1990 3014 2156 3066 etiam
2191 3010 2393 3066 Paulus
2439 3010 2556 3080 ipse
2590 3009 2829 3080 amplius
2876 3005 3105 3078 aliquid,
3160 3022 3328 3077 quam
3363 3007 3584 3062 Domini

1992 3111 2263 3173 praecepta
2336 3102 2705 3171 postulabant,
2770 3102 3027 3172 prmstitit
3096 3101 3248 3170 (cum
3300 3100 3450 3155 enim
3511 3114 3584 3155 ex

1993 3191 2275 3262 Evangelii
2302 3192 2579 3261 praeconio
2620 3192 2770 3247 alere
2801 3207 2861 3247 se
2906 3191 3200 3263 potuisset,
3256 3204 3369 3246 non
3397 3198 3586 3246 tamen

1995 3281 2125 3336 inde
2159 3296 2219 3337 se
2243 3281 2400 3350 aluit)
2429 3297 2445 3335 :
2468 3282 2564 3348 ita,
2592 3293 2655 3337 ut
2677 3281 2785 3336 alia
2818 3281 2904 3337 his
2924 3282 3128 3337 similia
3153 3288 3463 3345 taceantur,
3490 3296 3587 3337 re-

299 3373 450 3427 οὕτω
497 3376 591 3429 καὶ
623 3376 693 3430 τὰ
740 3375 1102 3446 ὑστερήματα
1149 3373 1245 3427 τοῦ
1281 3374 1553 3427 Δεσπότου
1585 3373 1664 3445 τῷ
1704 3372 1888 3444 οἰκείῳ

1999 3371 2203 3443 liquias
2228 3370 2446 3427 Domini
2478 3372 2535 3426 in
2569 3386 2671 3427 suo
2719 3386 2957 3442 corpore
3008 3371 3282 3442 supplevit
3303 3371 3373 3426 ⁸³.
3403 3374 3586 3443 Atque

300 3467 614 3539 ἀνεπλήρου
665 3444 903 3538 σώματι.
934 3444 1091 3521 ήἋλλ’
1142 3467 1287 3521 οὓτω
1335 3466 1435 3538 μὲν
1477 3444 1888 3538 τεθεωρήκασιν

1994 3465 2069 3520 ita
2095 3464 2321 3549 quidem
2358 3464 2608 3521 sentiunt
2653 3465 2929 3519 nonnulli.
2956 3463 3066 3519 Alii
3098 3479 3228 3520 vero
3255 3480 3365 3519 non
3398 3463 3585 3520 feren-

299 3558 458 3611 ἔνιοι.
509 3560 574 3612 Οί
624 3560 684 3612 δὲ
718 3560 949 3614 αὐτόθεν
975 3560 1115 3631 βαρὺ
1152 3558 1470 3629 νομίζοντες
1513 3558 1576 3612 τὸ
1626 3558 1891 3629 στερῆσαί

299 3666 448 3713 τινος
475 3650 590 3720 (Si)
617 3651 708 3703 τὸν
738 3653 975 3721 Χριστὸν
1022 3653 1083 3705 ὲν
1113 3651 1193 3722 τῷ
1223 3651 1441 3704 παθεῖν·
1492 3650 1559 3703 Τί
1584 3651 1692 3720 γὰρ
1717 3648 1889 3721 ὤφει-

302 3741 417 3807 λεν,
446 3745 498 3797 τί
530 3745 579 3798 δ’
609 3746 710 3815 οὑχ
741 3744 954 3815 ὑπέστη
983 3744 1448 3817 ὲπηρεαζόμενος,
1471 3743 1891 3815 χλευαζόμενος,

304 3836 603 3899 ἐπιϐουλὰς
635 3836 843 3907 φέρων,
878 3836 1101 3907 ἐνέδρας
1122 3878 1139 3905 ,
1169 3834 1383 3907 ὕϐρεις,
1410 3835 1587 3906 ὀνείδη
1609 3875 1625 3902 ,
1656 3835 1888 3901 οῖκοθεν,

300 3926 527 3992 ἔξωθεν,
562 3929 659 3981 καὶ
691 3927 753 3981 τὸ
777 3928 1116 3995 τελευταῖον,
1146 3927 1383 3998 σταυρὸν
1426 3928 1520 3980 καὶ⁵
1564 3925 1890 3996 κακούργων

301 4018 540 4071 θάνατον
567 4018 660 4085 ;Ὁ
687 4017 754 4090 δὴ
782 4018 956 4074 ταῦτα
988 4017 1198 4085 παθὼν,
1231 4017 1413 4072 καίτοι
1442 4017 1626 4089 ῥᾴδιον
1657 4015 1798 4086 ἔχων
1828 4014 1891 4070 τὸ

304 4114 521 4183 φυγεῖν,
557 4113 650 4167 καὶ⁹
676 4112 857 4167 πάντα
882 4112 1088 4184 προῖκα
1114 4109 1211 4165 καὶ
1241 4108 1452 4181 δωρεὰν
1482 4109 1551 4161 δι’
1582 4109 1753 4178 ἡμᾶς,
1773 4105 1891 4171 πῶς

304 4209 608 4279 ὑστερῆσαι
635 4206 837 4275 λέγοιτ’
865 4206 932 4260 ἄν
959 4220 1103 4267 τινος
1124 4242 1141 4266 ,
1171 4202 1207 4273 ἢ
1253 4201 1585 4271 παραλιπεῖν
1612 4200 1774 4264 ὅλως,
1814 4193 1892 4253 ὧν

303 4301 414 4354 ἔδει
450 4300 681 4365 παθεῖν;
713 4298 788 4352 Τὸ
827 4297 885 4351 δὲ
928 4296 1159 4367 δύναμιν
1189 4294 1380 4348 λαϐεῖν
1415 4292 1639 4364 μείζονα
1678 4291 1890 4363 τέρατα

304 4393 504 4457 τελεῖν,
559 4392 607 4444 εί
661 4391 738 4461 μὴ
768 4390 1005 4461 Χριστὸς
1052 4386 1217 4450 αὐτὸς
1265 4381 1335 4456 ἦν
1380 4384 1409 4437 ὁ
1454 4384 1557 4454 τῆς
1604 4383 1891 4453 δυνάμεως

302 4483 543 4555 χορηγὸς
568 4524 582 4549 ,
618 4485 681 4535 οὐ
733 4483 834 4551 τὴν
894 4477 1197 4551 είρημένην
1235 4476 1407 4546 μόνην
1455 4474 1697 4528 διάνοιαν
1730 4489 1890 4545 περι-

302 4575 500 4645 θάλψοι
542 4574 629 4638 ἂν,
677 4574 814 4628 ἀλλὰ
843 4575 939 4627 καὶ
975 4568 1334 4640 ἀτοπωτέραν
1362 4566 1544 4638 πολλῷ
1576 4566 1891 4635 δυσφημίαν

300 4666 720 4738 ἁναρῤιπίσειεν
756 4665 869 4737 (52)
905 4665 992 4730 ἂν,
1026 4658 1096 4736 ἧς
1119 4664 1151 4731 ἡ
1174 4660 1285 4731 φυὴ
1312 4660 1427 4730 (55)
1457 4659 1637 4730 (ῥίζης
1662 4656 1774 4728 γὰρ
1796 4658 1891 4709 ex.

301 4760 532 4829 φύονται
561 4760 661 4829 τῆς
694 4757 904 4827 αὐτῆς)
931 4754 1072 4829 πρὸς
1100 4754 1199 4824 τὴν
1226 4751 1588 4824 ήγησαμένην
1620 4750 1891 4820 ἀναφέρε-

304 4861 429 4904 συαι
477 4851 667 4904 δικαία
715 4850 885 4914 ἐστὶν,
935 4847 1033 4901 καὶ
1083 4845 1207 4916 οὐχὶ
1247 4844 1358 4897 τῶν
1408 4842 1795 4913 λαμδανόντων
1827 4839 1889 4894 τὸ

302 4942 511 5014 θαῦμα,
539 4942 655 4996 ἀλλ’
688 4944 722 5012 ἡ
763 4940 859 4995 τοῦ
888 4937 1253 5011 χορηγοῦντος
1280 4935 1461 5006 χάρις,
1490 4934 1583 4988 τοῦ
1612 4932 1887 5005 θαυμάζε-

306 5033 430 5088 σθαι
458 5034 560 5103 τὴν
593 5032 899 5105 ὑπερϐολὴν
934 5030 1071 5100 ἔχει.
1095 5028 1218 5081 Ὅτι
1245 5026 1302 5080 δὲ
1332 5028 1396 5079 ὲκ
1424 5025 1519 5079 τοῦ
1547 5022 1884 5093 Εὐαγγελίου

378 5146 442 5179 ⁸⁸⁸
473 5146 688 5203 Coloss.
718 5162 757 5213 ι,
785 5146 875 5200 24.
952 5145 998 5177 ⁸9
1028 5144 1048 5197 Ι
1084 5141 1211 5198 Cor.
1248 5157 1328 5207 ιι,
1355 5141 1445 5205 M,
1471 5141 1561 5195 15.

1991 3559 2123 3615 dum
2176 3566 2395 3629 putant,
2432 3568 2493 3612 ut
2519 3558 2586 3612 de
2618 3555 2822 3611 Christi
2876 3556 3231 3626 perpessione
3279 3555 3587 3627 quidquam

1989 3650 2354 3706 diminuatur.
2387 3647 2533 3715 Quid
2566 3649 2716 3703 enim
2752 3648 2846 3704 ille
2879 3648 2992 3718 pati
3030 3648 3239 3716 debuit,
3284 3649 3435 3719 quod
3471 3663 3585 3704 non

1992 3740 2065 3797 sit
2114 3754 2434 3811 perpessus,
2466 3738 2777 3795 maledictis
2814 3739 3068 3802 obrutus,
3123 3740 3370 3807 delusus,
3397 3739 3585 3810 pravis

1989 3831 2263 3895 consiliis,
2294 3830 2535 3894 insidiis,
2566 3828 2811 3900 injuriis,
2840 3828 3081 3899 probris,
3112 3837 3226 3883 tum
3260 3829 3435 3893 domi,
3463 3838 3583 3884 tum

1989 3922 2149 3990 foris,
2206 3923 2507 3993 expositus,
2544 3922 2785 3992 denique
2816 3936 2949 3977 vero
3008 3936 3256 3989 crucem,
3310 3921 3588 3978 maleﬁco-

1990 4028 2113 4069 rum
2155 4013 2510 4083 supplicium,
2565 4012 2853 4067 tolerans?
2912 4011 3016 4077 Qui
3072 4026 3209 4067 vero
3275 4013 3407 4067 talia
3454 4027 3585 4083 per-

1990 4121 2192 4176 pessus
2212 4115 2315 4172 est,
2346 4120 2470 4175 qua:
2490 4105 2730 4173 effugere
2756 4102 2925 4159 facile
2946 4111 3185 4174 poterat,
3207 4103 3375 4175 idque
3396 4114 3585 4160 nostra

1994 4207 2206 4252 tantum
2260 4212 2449 4259 causa,
2509 4195 2787 4265 quomodo
2840 4195 2891 4250 is
2936 4196 3162 4250 destitui
3218 4195 3429 4265 aliquo,
3490 4204 3588 4249 aut

1995 4287 2294 4358 quidquam
2328 4285 2601 4353 reliquum
2642 4282 2840 4337 fecisse
2865 4281 3124 4337 dicatur?
3158 4279 3315 4347 Quod
3342 4294 3475 4335 vero
3500 4280 3586 4335 di-

1995 4380 2139 4434 citur
2169 4377 2485 4433 facultatem
2523 4374 2805 4444 accepisse
2828 4375 3043 4445 majora
3074 4374 3339 4429 miracula
3358 4372 3583 4438 edendi,

1993 4472 2102 4528 nisi
2141 4468 2397 4526 Christus
2414 4466 2693 4522 facultatis
2723 4466 2869 4521 illius
2895 4476 3087 4519 auctor
3110 4465 3182 4520 sit
3207 4476 3263 4519 et
3291 4464 3583 4529 habeatur,

1996 4565 2049 4619 id
2077 4566 2300 4635 quidem
2353 4577 2460 4618 non
2495 4562 2671 4617 solum
2705 4561 2879 4625 illam,
2909 4574 3073 4629 quam
3117 4557 3281 4612 modo
3315 4556 3583 4619 diximus,

1994 4658 2397 4729 expositionem
2433 4654 2619 4710 fovere
2640 4654 2837 4725 possit,
2874 4652 2969 4707 sed
3005 4652 3169 4705 aliam
3206 4662 3429 4718 quoque
3455 4662 3586 4701 sen-

1999 4748 2250 4813 tentiam,
2296 4747 2387 4800 illa
2444 4745 2885 4807 insolentiorem,
2936 4741 3097 4810 cujus
3128 4740 3287 4809 origo
3334 4744 3389 4793 et
3441 4736 3585 4791 ratio

1999 4838 2087 4908 (ex
2116 4839 2306 4894 eadem
2342 4836 2489 4891 enim
2531 4846 2768 4906 utraque
2796 4834 2979 4889 radice
3008 4844 3136 4887 nata
3181 4835 3285 4901 est)
3326 4831 3394 4884 ad
3421 4837 3583 4883 ante-

1996 4930 2278 4986 cedentem
2332 4929 2481 4983 illam
2520 4926 2713 4982 referri
2769 4926 2966 4981 debet!
3036 4924 3259 4979 Scilicet
3293 4938 3401 4977 non
3433 4921 3580 4987 illos,

1996 5024 2091 5093 qui
2124 5024 2444 5078 facultatem
2475 5019 2619 5075 hanc
2652 5028 3005 5090 acceperunt,
3039 5018 3300 5073 admirari
3343 5024 3582 5089 oportet,

1822 5253 2057 5311 NOTAE.

379 5388 494 5459 (47)
515 5388 667 5443 Colb.
693 5401 795 5457 pro
833 5382 1156 5459 ᾀναπληρῶ,
1184 5392 1333 5459 recte
1364 5378 1604 5459 quidem.
1632 5377 1711 5432 Ita
1741 5379 1888 5459 enim

304 5449 521 5517 codices
545 5449 794 5529 plerique
844 5449 1455 5524 lcguttt,'lectionisque
1512 5450 1674 5519 hujus
1704 5449 1888 5503 ellica-

302 5532 445 5587 ciam
480 5531 678 5583 Noster
706 5542 832 5581 mox
865 5533 1042 5587 urget.

398 5547 445 5584 m
480 5544 678 5583 IVUSch'
706 5544 832 5581 mox
865 5544 1042 5578 llr'el.

398 5601 488 5668 48)
517 5600 594 5653 Ita
634 5602 833 5653 iterum
856 5544 1010 5651 υυῗι).
1039 5609 1137 5664 pro
1165 5592 1358 5668 altero,
1386 5590 1530 5660 quod
1558 5589 1722 5668 modo
1750 5587 1889 5645 dixi.

402 5662 491 5739 b9)
525 5669 683 5724 Colb.
709 5684 810 5738 pro
842 5662 1393 5734 συνεπαισχύνοντες,
1425 5663 1572 5731 quod
1602 5663 1709 5714 huc
1733 5674 1889 5728 pror-

303 5738 401 5797 sus
424 5756 532 5794 non
558 5738 811 5809 quadrat.

372 5810 487 5881 (ὅθ)
526 5795 645 5875 ἐξόν
676 5806 874 5878 scripsi
914 5819 1035 5877 pro,
1059 5803 1120 5868 ἐξ
1143 5795 1241 5859 ὧν.
1271 5800 1434 5858 Conf.
1459 5810 1575 5857 not.
1614 5800 1699 5855 54.

606 5924 889 5986 Punoc.
905 5923 1053 6005 .Gn.
1073 5918 1176 5982 Cl.

2072 5375 2321 5447 (5|)Alta
2344 5374 2691 5447 scribendum
2724 5373 2909 5447 putavi
2944 5386 3067 5447 pro,
3086 5370 3180 5424 τοῦ
3212 5369 3579 5447 acepﬁeatltt,

1998 5441 2146 5516 quod
2168 5441 2348 5501 'Coisl.
2384 5456 2437 5500 et
2454 5459 2573 5515 pro,
2599 5445 2661 5498 τὸ
2712 5441 2979 5515 στερῆσαι
3012 5462 3084 5506 τι,
3121 5442 3266 5511 quod
3298 5443 3455 5497 Colb.
3477 5441 3581 5498 ha-

1996 5520 2177 5658 ὺθξξίἓ)
2207 5584 2320 5641 Hoc
2336 5585 2502 5658 malui
2529 5599 2628 5658 pro
2652 5584 3063 5658 ἀναριπήσειεν.

2072 5654 2188 5730 (55)
2221 5656 2556 5730 cpuﬁscripsi
2592 5671 2712 5725 pro,
2760 5654 2927 5730 φυγή.
2961 5656 3038 5707 Ita
3075 5654 3231 5730 jubet
3260 5664 3315 5709 et
3360 5669 3579 5723 sensus,

1996 5739 2050 5785 et
2082 5726 2653 5796 verbumtxcptiov-ratt,
2692 5728 2837 5795 quod
2876 5741 2999 5779 mox
3025 5726 3293 5793 sequitur.

3100 5908 3179 5967 23
