4072 6464
504 416 611 482 707

1671 400 1934 464 PHOTII
1973 396 2480 459 PATRIARCH/E
2508 397 2616 458 CP;

3707 393 3839 459 703

506 528 603 583 sed
638 523 814 596 gratia
852 519 1190 579 conferentis
1217 517 1403 581 habet.
1446 517 1600 588 quod
1633 517 1873 571 maxime
1919 515 2101 570 admi-

2211 513 2327 578 ὲξδν
2370 511 2485 583 (54)
2519 509 2819 581 τρέφεσθαι
2864 508 2967 563 οὑκ
3006 508 3289 580 ἐτρέφετο,
3322 507 3487 582 ἔργον
3548 509 3669 580 μὲν
3722 511 3845 562 ἐπ-

507 634 717 675 remur.
750 616 902 683 Quod
950 629 1114 685 porro
1164 612 1368 666 Paulus
1410 625 1479 666 ex
1526 608 1824 679 Evangelio
1884 607 2091 661 victum

506 711 612 766 sibi
649 724 755 764 non
787 705 1083 776 paraverit,
1121 717 1245 758 cum
1284 710 1465 756 tamen
1510 699 1799 770 potuisset,
1847 698 1900 751 id
1934 696 2095 752 laude

506 801 731 872 quidem
784 798 1010 869 dignum
1035 804 1175 858 erat,
1222 792 1438 863 ipsique
1489 788 1852 849 salutarc.Ne
1884 789 2096 846 scilicet

506 890 840 949 criminandi
900 889 1254 945 occasionem
1285 885 1540 947 ἥσει-ει..
1574 884 1671 954 qui
1705 896 1822 938 eam
1856 880 2093 938 sollicite

509 985 853 1057 quaerebant,
911 997 942 1037 a
981 981 1235 1036 libertate
1278 978 1382 1033 hac
1424 977 1714 1042 abstinuit,
1766 974 1933 1031 etiam
1999 974 2089 1028 hic

510 1078 730 1134 Domini
765 1076 853 1132 sui
882 1084 1156 1146 praecepto
1191 1071 1462 1136 munitus,
1513 1069 1610 1140 qui
1657 1082 1715 1123 re
1749 1067 1867 1137 ipsa
1901 1067 2093 1123 admo-

512 1165 653 1231 nuit,
710 1172 790 1227 ut,
846 1162 1106 1232 quamvis
1163 1174 1262 1230 per
1300 1159 1475 1229 legem
1516 1166 1573 1212 et
1621 1164 1875 1211 naturam
1918 1156 2093 1211 multa

512 1253 695 1309 facere
719 1251 882 1309 nobis
904 1251 1088 1315 liccat,
1120 1248 1384 1305 seandalo
1424 1255 1631 1313 tamen,
1668 1245 1817 1316 quod
1840 1246 2095 1316 proximo

514 1346 679 1416 objici
722 1343 917 1414 possit,
976 1342 1299 1413 recogitata,
1347 1355 1377 1395 a
1409 1340 1662 1396 libertate
1683 1338 1773 1393 illa
1814 1337 2099 1394 abstinea-

514 1447 663 1486 mus.
726 1449 745 1482 ι
806 1428 887 1485 Ne
944 1430 1110 1495 enim,
1165 1428 1361 1499 inquit,
1421 1427 1763 1483 oﬂ‘endamus
1816 1427 1962 1493 illos,
2012 1427 2102 1483 abi

517 1524 586 1578 ad
620 1537 790 1590 mare,
817 1523 1022 1594 projice
1056 1521 1304 1589 hamum,
1333 1520 1461 1576 tolle
1486 1520 1711 1592 piscem,
1741 1520 1837 1591 qui
1882 1520 2101 1591 primus

518 1613 792 1679 ascendit,
821 1622 874 1668 et
910 1628 1099 1684 quem,
1128 1621 1318 1684 aperto
1343 1626 1441 1668 ore
1478 1611 1622 1682 ejus,
1655 1611 1940 1667 inveneris
1985 1620 2101 1667 sta-

522 1715 717 1770 terem,
749 1705 904 1759 illum
935 1705 1124 1775 accipe
1152 1713 1206 1760 et
1230 1705 1362 1760 dato
1397 1703 1507 1760 illis
1537 1718 1637 1775 pro
1668 1718 1759 1759 me
1791 1712 1847 1759 et
1892 1712 1945 1759 te
1970 1703 2101 1758 δ”.»

518 1796 744 1852 Interim
778 1796 895 1852 haec
944 1796 1102 1852 Pauli
1152 1796 1300 1851 actio
1348 1795 1565 1851 laudem
1598 1803 1966 1865 promeretur.
1997 1792 2105 1861 Qui

2201 602 2418 659 αινετδν
2469 603 2565 656 καὶ
2612 603 2905 673 μακάριον.
2946 600 3060 657 Ἰνα
3087 602 3196 674 γὰρ
3233 602 3311 673 μὴ
3343 601 3519 672 λαϐὴν
3556 601 3690 671 (55)
3752 600 3843 669 δῷ

2196 698 2313 761 τοῖς
2347 695 2459 767 (56)
2495 695 2752 766 ζητοῦσιν
2785 694 2966 749 αἰτίαν
3013 695 3219 766 εὑρεῖν,
3253 694 3353 764 τῆς
3391 694 3669 759 ἐξουσίας
3716 693 3845 761 ἀφ’

2202 787 2410 843 ίστατο.
2467 787 2745 842 Δισπότου
2789 787 2847 841 δὲ
2901 787 3184 841 κάνταῦθα
3238 785 3844 858 περιφρουρούμενος

2199 882 2416 953 ἐντολῇ,
2463 881 2531 934 δι’
2581 891 2672 952 ης,
2736 878 2841 935 κᾶν
2890 880 3041 951 νόμῳ
3098 880 3195 933 καὶ
3255 879 3419 949 φύσει
3464 877 3659 931 πολλὰ
3726 876 3843 930 τοῦ

2201 973 2470 1045 πράττειν
2509 971 2788 1044 ἐλεύθεροί
2817 971 2984 1041 ἐσμεν
3006 1010 3020 1036 ,
3052 971 3114 1024 τὸ
3152 972 3264 1036 τοῖς
3296 971 3535 1041 πλησίον
3566 968 3840 1024 σκάνδαο

2200 1065 2293 1120 λον
2343 1065 2737 1136 ἀντιπαραθεὶς
2788 1062 2937 1135 ἔργῳ
2982 1063 3367 1135 προύτρέψατο
3394 1064 3498 1135 τῆς
3541 1061 3836 1126 ἐξουσίας

2202 1158 2360 1227 ἄγειν
2390 1156 2608 1228 σχολήν.
2642 1154 2789 1210 (Ἵνα
2814 1155 2922 1226 γὰρ
2950 1154 3027 1226 μὴ
3058 1155 3511 1224 σκανδαλίσωμεν
3573 1153 3833 1219 αὐτοὺς,

2204 1248 2394 1320 φησὶν,
2422 1247 2714 1321 πορευθεὶς
2742 1248 2823 1312 είς
2855 1246 3160 1315 θάλασσαν,
3188 1246 3320 1317 βάλε
3345 1247 3688 1317 ἄγκιστρον,
3725 1247 3833 1298 καὶ

2201 1342 2297 1394 τὸν
2331 1338 2702 1395 ἀναϐαίνοντα
2732 1338 2954 1411 πρῶτον
2986 1338 3143 1410 ίχθὺν
3176 1334 3332 1410 ἆρον,
3362 1340 3457 1393 καὶ
3481 1340 3731 1405 ἀνοίξας
3760 1337 3832 1389 τὸ

2203 1432 2383 1502 στόμα
2412 1430 2606 1497 αὑτοῦ,
2645 1430 2900 1503 εὑρήσεις
2928 1432 3197 1502 στατῆρα.
3215 1431 3453 1484 Ἐκεῖνον
3483 1427 3708 1495 λαϐὼν,
3730 1428 3831 1491 δὺς

2204 1510 2399 1588 αὐτοῖς’
2436 1524 2560 1578 ἀντὶ
2585 1521 2724 1593 ἐμοῦ
2758 1522 2854 1576 καὶ
2880 1521 2998 1576 σοῦ.
3032 1541 3052 1576 ι
3111 1520 3255 1575 Ἀλλ’
3307 1522 3580 1591 ἐπαινετὴ
3625 1521 3746 1590 μὲν
3785 1520 3825 1589 ὴ

2206 1614 2423 1671 Παύλου
2455 1614 2657 1687 πρᾶξις
2708 1612 2851 1686 (πῶς
2892 1612 3004 1683 7&9
3050 1611 3111 1666 οὑ
3140 1612 3205 1683 ;),
3256 1612 3409 1665 οὐδὲν
3432 1611 3479 1664 δ’
3524 1610 3825 1680 ἐχέγγυον

2206 1709 2561 1779 παρεχομένη
2593 1705 2731 1777 πρὸς
2756 1704 2819 1759 τδ
2854 1704 3155 1775 ὑστερῆσαί
3191 1721 3245 1758 τι
3278 1704 3370 1758 τὸν
3404 1702 3679 1774 Χριστόν.
3714 1702 3825 1755 Διά

2206 1797 2343 1868 γοῦν
2391 1798 2521 1861 τοὺς
2577 1796 2905 1869 εἰρημένους
2964 1796 3263 1867 λογισμοὺς
3313 1795 3415 1849 οὑκ
3468 1794 3823 1863 ἀγαπῶντες

521 1889 668 1944 enim
717 1889 877 1943 non?
923 1888 1147 1943 Nullum
1197 1898 1382 1943 tamen
1424 1895 1809 1958 argumentum
1857 1895 2105 1957 praestat,

2212 1890 2347 1944 ένιοι
2374 1888 2435 1942 τδ
2457 1888 2642 1961 ῥηθὲν,
2671 1890 2755 1952 είς
2778 1888 2975 1959 ἑτέραν
2998 1888 3160 1952 δόξαν
3181 1888 3381 1956 άγουσι
3405 1886 3468 1939 τὸ
3493 1886 3695 1956 ῥητὸν,
3716 1886 3820 1938 καὶ

530 1997 642 2051 quo
674 1989 895 2036 constet
945 1980 1169 2037 Christo
1220 1978 1524 2051 quidquam
1566 1978 1831 2036 deluisse.
1883 1978 2113 2050 Propter

528 2073 707 2128 dictas
731 2072 915 2142 itaque
938 2072 1183 2127 rationes
1210 2071 1483 2135 nonnulli,
1517 2070 1661 2127 hanc
1684 2069 1819 2128 dicti
1846 2072 2115 2142 vocisque

531 2164 824 2235 ὑστερήμα
876 2164 1157 2218 notionem
1209 2171 1549 2231 aversantes,
1608 2163 1774 2219 aliam
1849 2163 2112 2234 atl‘erunt,

525 2265 584 2309 et
645 2264 966 2325 sequentem
1002 2252 1331 2311 sententiam
1401 2256 1702 2327 signiﬁcari
1748 2259 2110 2313 contendunt.

521 2345 659 2401 Tria
694 2354 828 2401 sunt
878 2361 1249 2418 eorum,qua:
1296 2357 1417 2401 acta
1476 2358 1657 2414 erant,
1709 2364 1929 2418 genera.
1987 2351 2112 2405 Alia

523 2439 671 2490 enim
705 2445 837 2492 sunt
886 2435 1124 2507 majora,
1160 2436 1267 2492 alia
1306 2437 1509 2504 media,
1535 2439 1644 2494 alia
1685 2454 1816 2494 vero
1855 2441 2111 2495 ultimum

524 2528 708 2584 locum
758 2536 1002 2584 tuentur.
1032 2528 1266 2595 Quando
1302 2529 1488 2599 itaque
1539 2530 1702 2587 divus
1747 2531 1950 2589 Paulus
1993 2533 2108 2589 ait:

530 2639 549 2672 ι
591 2620 983 2692 ’Υστερήματα
1011 2621 1338 2691 passionum
1385 2621 1589 2678 Christi
1620 2622 1673 2675 in
1701 2637 1933 2694 corpore
1987 2639 2113 2678 meo

528 2713 823 2784 suppleon
885 2722 1173 2783 postrema
1229 2714 1552 2783 passionum
1608 2714 1833 2781 Christi,
1896 2726 1950 2770 et
1981 2715 2116 2769 ulti-

530 2822 680 2860 mum
711 2805 891 2863 locum
923 2805 1273 2876 occupantia,
1317 2820 1442 2861 eum
1492 2807 1720 2863 innuere
1766 2807 1940 2874 aiunt,
1985 2817 2113 2862 tan-

527 2912 696 2967 quam
736 2912 858 2966 quac
892 2898 945 2951 in
985 2912 1218 2968 corpore
1254 2912 1358 2954 suo
1387 2898 1638 2969 suppleat
1666 2915 1681 2964 ;
1710 2901 1866 2969 quasi
1887 2899 2112 2967 diceret,

527 2988 884 3043 Calamitates
925 3002 1084 3056 meae,
1136 2997 1350 3045 tantum
1390 2991 1567 3057 abest,
1605 3000 1664 3045 ut
1717 3005 1842 3046 cum
1907 2990 2115 3046 Christi

526 3082 639 3137 illis
668 3082 977 3152 comparari
1004 3082 1243 3153 possint,
1275 3083 1475 3139 utillas
1501 3096 1609 3136 non
1643 3097 1769 3138 cum
1807 3080 2113 3152 majoribus

526 3188 851 3243 comparare
877 3174 1132 3240 audeam,
1159 3175 1272 3229 imo
1296 3190 1396 3230 nec
1425 3190 1551 3230 cum
1580 3176 1773 3231 mediis
1802 3176 2108 3243 conferam,

2214 1982 2279 2037 τὸ
2307 1982 2596 2053 ὑστέρημα
2631 1980 2849 2049 λέγουσι
2892 1980 3010 2035 νυνὶ
3038 1978 3284 2034 τοιοῦτον
3324 1977 3715 2033 ἀναπτύσσειν
3753 1976 3823 2029 τὸ

2216 2075 2641 2147 σημαινόμενον·
2679 2071 2843 2145 Τρεῖς
2872 2073 2981 2127 είσι
3007 2072 3120 2127 τῶν
3149 2070 3546 2142 πραττομένων
3577 2070 3636 2121 αἱ
3672 2069 3827 2138 πρά-

2216 2166 2350 2232 ξεις.
2383 2165 2466 2219 Τὰ
2494 2164 2595 2236 μὲν
2620 2164 2727 2236 γὰρ
2753 2155 2935 2218 αὐτῶν
2967 2165 3084 2216 ἐστι
3116 2163 3308 2234 μείζω,
3342 2162 3412 2216 τά
3450 2162 3506 2215 δὲ
3535 2160 3711 2232 μέσα,
3743 2159 3820 2211 τὰ

2214 2259 2274 2313 δὲ
2296 2259 2394 2331 τὴν
2419 2258 2659 2327 ὑστάτην
2690 2258 2962 2328 ἀπείληφε
2996 2256 3201 2329 χώραν.
3228 2256 3303 2309 Τὸ
3328 2254 3461 2325 γοῦν
3487 2256 3676 2308 εἰπεῖν
3717 2252 3821 2305 τὸν

2217 2350 2505 2405 θεσπέσιον
2548 2348 2762 2403 Παῦλον
2786 2386 2801 2414 ,
2836 2350 2918 2403 ὅτι
2956 2366 2975 2400 ι
3013 2348 3095 2402 Τά
3136 2348 3493 2418 ὑστερήματα
3541 2346 3661 2400 τῶν
3696 2345 3823 2398 θλί-

2216 2442 2364 2514 ψεων
2397 2441 2493 2495 τοῦ
2516 2441 2753 2513 Χριστοῦ
2781 2441 2893 2512 (57)
2920 2442 2980 2495 ἐν
3010 2443 3078 2512 τῇ
3108 2440 3273 2512 σαρκί
3303 2457 3407 2511 μου
3436 2439 3814 2509 άναπληρῶρ

2220 2535 2510 2607 σημαίνειν
2553 2533 2710 2605 φασὶ,
2749 2534 2834 2588 δτι
2874 2533 2956 2588 Ta
3001 2532 3213 2588 ὕστατα
3261 2532 3372 2586 τῶν
3422 2531 3665 2601 θλίψεων
3716 2529 3821 2582 τοῦ

2218 2626 2461 2699 Χριστοῦ
2513 2627 2608 2681 καὶ
2663 2625 2762 2694 τὴν
2810 2625 3050 2697 ἐσχάτην
3077 2625 3343 2695 ἐπέχοντα
3375 2622 3584 2695 χώραν,
3629 2621 3823 2675 ταῦτα.

2218 2719 2332 2788 ἐγὼ
2355 2719 2413 2772 ἐν
2442 2718 2520 2789 τῷ
2556 2716 2769 2789 σώματί
2803 2736 2906 2791 μου
2934 2716 3387 2789 ἀναπληρῶ.(58)ο
3416 2717 3695 2782 τουτέστι,
3732 2716 3823 2770 τά

2219 2807 2332 2880 ἐμά
2382 2808 2533 2879 πάθη
2567 2808 2819 2863 τοσοῦτον
2848 2808 3044 2879 ἀπέχει
3079 2807 3173 2861 τοῦ
3204 2805 3657 2880 παραϐάλλεσθαι
3697 2808 3820 2869 τοῖς

2218 2900 2498 2971 Χριστοῦ,
2547 2900 2688 2955 ὥστε
2721 2900 2783 2954 οὐ
2836 2900 2996 2971 μόνον
3038 2900 3137 2970 τὴν
3169 2899 3284 2971 (59)
3330 2899 3469 2971 πρὸς
3515 2898 3585 2953 τά
3632 2898 3824 2969 μείζω

2222 2990 2514 3062 σύγκρισιν
2540 2992 2601 3043 οὑ
2632 2990 2816 3061 τολμῶ
2854 2990 2991 3061 (60),
3018 2989 3134 3044 ἀλλ’
3161 2988 3284 3043 οὑδέ
3310 2991 3424 3052 τοῖς
3459 2987 3649 3059 μέσοις
3683 3004 3820 3041 συν-

2218 3082 2534 3149 τάττεσθαι,
2562 3085 2676 3147 τοῖς
2706 3083 2960 3146 ὑστάτοις
2983 3083 3041 3137 δὲ
3071 3082 3167 3137 καὶ
3193 3081 3552 3146 τελευταίοις,
3583 3080 3816 3152 ἀγαπη-

2218 3177 2312 3232 τὸν
2342 3177 2467 3248 ἐμοὶ
2490 3175 2553 3230 τὸ
2590 3174 3062 3241 συνεξετάζεσθαι.
3084 3175 3255 3229 Ὅσον
3281 3175 3392 3245 7&9
3416 3174 3484 3228 ἂν
3512 3172 3814 3245 ἀνθρώπου

528 3266 623 3319 sed
649 3278 775 3320 cum
804 3263 1012 3320 ultimis
1041 3272 1257 3321 tantum
1280 3272 1335 3320 et
1369 3267 1664 3336 postremis
1696 3266 2107 3339 conjungendas

2223 3227 2576 3339 «βξσζξιτέιρ
2600 3227 2880 3336 ‘x‘..;..'s'
2905 3227 3087 3338 me.
3118 3227 3214 3322 ...ι
3250 3227 3401 3337 πὶθῇ
3448 3264 3589 3338 (6t),
3618 3227 3816 3321 ὀὐδέν

526 3365 654 3408 esse
698 3366 977 3408 censeam.
1021 3351 1376 3423 Qua-cunque
1430 3355 1577 3410 enim
1632 3355 1873 3411 hominis
1918 3364 2115 3410 natura

544 3459 643 3515 pro
677 3442 898 3501 Christo
931 3445 1019 3500 vel
1047 3444 1236 3512 faciat,
1272 3447 1360 3503 vel
1410 3446 1677 3517 patiatur,
1724 3462 1919 3503 eorum
1977 3446 2117 3501 nihil

2222 3358 2373 3412 ἐστιν
2418 3353 2691 3422 ἀντάξιον,
2728 3355 2841 3410 οὐδ’
2873 3357 3039 3426 ἐγγὺς
3063 3395 3081 3425 ,
3125 3349 3202 3413 ὧν
3248 3356 3413 3420 αὑτὸς
3464 3357 3606 3428 ὑπὲρ
3645 3357 3815 3428 ἡμῶν

2220 3444 2448 3501 ἔπαθεν.

528 3551 635 3607 est,
686 3540 831 3611 quod
893 3541 950 3614 in
982 3541 1238 3597 eumdem
1281 3556 1510 3599 censum
1556 3544 1748 3599 venire
1798 3541 1997 3613 possit,
2051 3554 2153 3599 nec
2189 3541 2492 3614 quidquam
2551 3541 2620 3596 ad
2655 3541 2748 3597 illa
2783 3542 3018 3610 accedit,
3052 3556 3177 3612 qum
3228 3541 3348 3612 ipse
3371 3555 3471 3613 pro
3521 3539 3692 3597 nobis
3724 3548 3816 3597 est

570 3651 847 3705 erpessus.

570 3651 627 3689 er
700 3652 847 3691 ssus.

530 3651 567 3706 Ρ
594 3651 765 3783 Μριῗιιιι
800 3744 931 3784 vero
962 3737 1114 3796 sunt,
1145 3729 1302 3786 aiunt
1321 3729 1421 3796 illi,
1444 3745 1566 3801 quae
1590 3731 1706 3788 hazc
1726 3730 1969 3803 cogitata
1989 3745 2124 3789 con-

545 3822 790 3875 lirment.
830 3819 976 3893 «Ego
1026 3821 1173 3876 enim
1206 3837 1352 3889 sum,
1387 3821 1565 3892 inquit
1595 3823 1915 3893 Apostolus,
1946 3833 2126 3879 extre-

2293 3731 2473 3787 Πολλά
2486 3731 2530 3785 δ’
2545 3731 2612 3786 ἂν
2628 3732 2736 3803 εἴη,
2752 3732 2937 3801 φασὶν,
2956 3733 3021 3803 τῇ
3036 3731 3262 3803 τοιαύτῃ
3280 3731 3812 3805 συνᾴδονταθεωρίᾳ.

2228 3841 2248 3877 t
2270 3822 2415 3892 Ἐγὼ
2429 3824 2537 3895 γάρ
2560 3824 2607 3876 εί
2616 3840 2699 3894 μι,
2723 3822 3181 3894 φησὶ,ἀπόστολος
3198 3824 3227 3876 ὁ
3248 3823 3532 3895 ἐλάχιστος
3546 3823 3657 3877 τῶν
3674 3826 3815 3878 ἀπο-

532 3927 660 3967 utus
708 3915 1083 3983 apostolorum
1110 3955 1126 3979 ,
1171 3930 1272 3970 nec
1327 3914 1525 3986 dignus
1581 3918 1674 3987 qui
1705 3930 1872 3972 vocer
1904 3926 2107 3989 aposto

2223 3914 2459 3982 στόλων,
2489 3916 2584 3969 καὶ
2616 3915 2718 3968 οὑκ
2752 3914 2869 3986 εἰμὶ
2907 3913 3089 3978 ἱκανὸς
3119 3914 3406 3969 καλεῖσθαι
3446 3915 3806 3980 ἀπόστολος»

534 4002 623 4058 lus
644 4004 690 4035 °°
718 4020 732 4059 :
766 4023 785 4057 ι
828 4004 991 4070 item,
1023 4022 1041 4056 ι
1073 4002 1411 4075 Persequor,
1450 4016 1508 4060 ut
1535 4020 1799 4077 assequar
1819 4006 1864 4038 ⁹¹
1891 4022 1909 4074 ;
1942 4025 1961 4060 ι
2016 4021 2107 4063 nec

2226 4005 2344 4071 καὶ,
2367 4024 2385 4056 ‹
2397 4006 2590 4059 Διώκω
2606 4005 2656 4057 εί
2673 4005 2768 4059 καὶ
2784 4004 3101 4059 καταλάϐω.
3115 4023 3134 4058 ι
3157 4006 3288 4071 Kal,
3310 4023 3329 4056 ι
3346 4007 3409 4059 '0
3425 4005 3523 4074 τὴν
3540 4006 3813 4076 νέκρωσιν

533 4109 646 4149 non
693 4112 707 4149 :
745 4113 763 4147 ι
795 4094 1020 4150 Mortem
1070 4094 1200 4152 Jesu
1244 4098 1298 4151 in
1322 4111 1555 4168 corpore
1601 4096 2020 4167 circumferens,
2057 4107 2107 4154 ut

2223 4095 2323 4149 τοῦ
2368 4096 2544 4166 Ἰησοῦ
2575 4098 2633 4151 ἐν
2670 4096 2748 4168 τῷ
2778 4096 2994 4168 σώματι
3021 4097 3360 4167 περιφέρων,
3395 4097 3482 4149 ἵνα
3516 4097 3613 4149 καὶ
3637 4097 3670 4166 ἠ
3698 4096 3813 4167 ζωὴ

534 4186 697 4241 etiam
743 4187 854 4242 vita
897 4187 1024 4243 Jesu
1057 4189 1111 4243 in
1149 4204 1382 4260 corpore
1428 4190 1550 4261 ejus
1590 4188 2107 4261 manifestetur“._i

2224 4188 2321 4244 τοῦ
2362 4190 2541 4261 Ἰησοῦ
2584 4190 2644 4243 ἐν
2672 4190 2751 4261 τῷ
2798 4191 3012 4261 σώματι
3057 4190 3225 4245 αὑτοῦ
3270 4189 3585 4262 φανερωθῇ.
3631 4210 3651 4243 ι
3686 4190 3811 4256 Πῶς

536 4278 824 4345 Quomodo
858 4279 1043 4350 itaque
1073 4280 1277 4336 Paulus
1311 4280 1460 4337 illius
1480 4319 1498 4347 ,
1529 4282 1625 4352 qui
1650 4276 1837 4337 omnia
1864 4283 2036 4353 gratis
2064 4291 2107 4340 el

2225 4281 2323 4335 τοῦ
2372 4279 2484 4352 (62)
2535 4282 2713 4336 πάντα
2748 4285 2952 4353 προῖκα
2984 4282 3079 4336 καὶ
3108 4282 3320 4353 δωρεὰν
3365 4280 3676 4351 πράξαντος
3719 4284 3812 4335 καὶ

537 4380 723 4425 nostra
759 4385 924 4426 causa
956 4347 1092 4427 iecit
1125 4382 1181 4427 et
1225 4373 1491 4429 sustinuit
1515 4347 1840 4445 {reliquias
1866 4347 2107 4445 vsupple-

2227 4347 2496 4436 παθόντος
2523 4347 2819 4445 ὑπέστημά
2866 4372 2979 4445 (65)
3024 4347 3229 4443 λέγοιτ’
3273 4372 3339 4427 ἂν
3392 4347 3809 4444 ἀναπληρῶσαι,

538 4466 686 4521 visse
714 4466 823 4521 dici
860 4482 1099 4537 unquam
1126 4469 1346 4538 potest?
1384 4468 1564 4525 Taceo
1611 4470 1717 4524 alia
1762 4470 1848 4524 his
1893 4470 2107 4525 similia.

2226 4462 2324 4518 καὶ
2373 4464 2548 4518 πολλὰ
2592 4466 2858 4531 τοιαῦτα;
2893 4465 3005 4520 Καὶ
3045 4465 3169 4520 λίαν
3200 4467 3298 4539 μὲν
3327 4463 3395 4539 ἦν
3432 4467 3811 4538 ἁρμοζόμενον

539 4551 660 4608 Jam
692 4554 848 4610 valde
877 4556 1099 4625 quidem
1134 4558 1410 4627 posterior
1438 4558 1555 4613 haec
1595 4559 1868 4629 expositio
1902 4560 1980 4614 rei
2016 4558 2107 4629 ipsi

2226 4556 2288 4610 τὸ
2318 4558 2417 4627 τῆς
2445 4557 2709 4630 δευτέρας
2741 4558 2980 4623 διανοίας
3005 4556 3175 4624 εἶδος,
3232 4560 3283 4613 εί
3324 4560 3403 4632 μὴ
3436 4558 3709 4631 πολλαχοῦ
3749 4560 3810 4613 τὸ

539 4655 906 4701 consentanea
941 4657 1061 4702 erat
1092 4646 1276 4703 futura
1296 4686 1313 4715 ,
1341 4648 1450 4703 nisi
1476 4664 1581 4703 vox
1613 4648 1903 4721 ὑστέρημα
1932 4650 1989 4705 in
2009 4649 2107 4706 Ve-

2227 4650 2516 4722 ὑστέρημα
2546 4652 2603 4704 έν
2633 4669 2693 4704 τε
2740 4655 2802 4723 τῇ
2838 4652 3049 4723 Παλαιᾷ
3092 4653 3188 4707 καὶ
3225 4655 3292 4725 τῇ
3342 4653 3459 4723 Νέᾳ
3512 4653 3810 4722 φερόμενον

543 4737 643 4790 teri
684 4746 737 4792 et
764 4735 917 4793 Novo
955 4737 1154 4794 Codice
1196 4738 1513 4810 frequenter
1537 4751 1870 4797 occurreret.
1909 4761 1929 4794 ι
1968 4742 2107 4797 Nun-

2229 4742 2443 4814 Γραφῇ.
2476 4761 2495 4794 ι
2528 4744 2617 4815 Μή
2660 4761 2802 4807 τινος
2818 4744 2957 4815 7&9,
2989 4747 3189 4817 φησιν,
3226 4747 3565 4817 ὑστερήσατε
3592 4762 3609 4812 ;
3640 4764 3661 4797 ι
3694 4744 3806 4808 καὶ,

539 4829 695 4898 quid,
731 4829 928 4899 inquit,
947 4830 1103 4886 vobis
1129 4830 1410 4887 defuit”?
1438 4850 1457 4883 ι
1495 4832 1558 4887 Ει
1584 4850 1599 4889 :
1631 4851 1650 4883 ι
1678 4831 1789 4890 Nec
1818 4834 2107 4906 quidquam

2238 4851 2257 4886 ι
2287 4834 2401 4888 Οὑκ
2431 4833 2578 4889 ἔστιν
2605 4836 3014 4907 ὑστέρηματοῖς
3030 4837 3383 4908 φοϐουμένοις
3406 4837 3592 4892 αὐτόν.
3626 4856 3645 4888 ι
3682 4837 3807 4903 Kal,

524 4917 725 4985 Idciicit
768 4918 1086 4974 timentibus
1118 4918 1271 4973 illum
1298 4918 1397 4972 οι.»
1438 4917 1543 4974 Et:
1583 4938 1601 4972 ι
1624 4918 1746 4976 Νοιι
1785 4932 1919 4993 puto
1956 4924 2107 4995 quid-

2240 4947 2263 4982 ι
2300 4929 2606 4999 Λογίζομαι
2630 4931 2741 5002 γὰρ
2775 4931 2945 5002 μηδὲν
2974 4931 3356 5005 ὑστερηκέναι.
3382 4950 3402 4985 ι
3435 4933 3570 4998 Καὶ,
3596 4931 3811 4985 (Ὕστε-

617 5030 901 5087 m"Matth.
929 5048 1061 5101 xvn,
1090 5031 1184 5087 27.
1258 5032 1304 5067 '°
1339 5032 1362 5089 Ι
1391 5033 1519 5095 Cor.
1552 5050 1644 5102 XV.
1680 5036 1735 5092 9-
1807 5037 1851 5069 ⁹¹
1891 5036 2106 5111 Philipp

542 5114 731 5169 xxxiv,
762 5103 846 5159 l0.

2211 5043 2371 5117 5‘12.
2448 5046 2495 5079 ⁸⁸
2517 5045 2560 5101 ll
2580 5043 2710 5102 Cor.
2754 5059 2829 5115 tv,
2857 5046 2948 5104 10.
3024 5047 3072 5082 ’³
3102 5046 3237 5106 Luc.
3274 5062 3411 5116 xm,
3448 5047 3542 5104 55.
3582 5045 3630 5081 ⁵⁸
3664 5045 3802 5103 Psal.

2061 5232 2295 5294 NOTJE.

2298 5355 2413 5429 ($9)
2438 5357 2537 5429 τήν
2564 5356 2719 5414 Colb.
2750 5367 2897 5416 recte
2922 5374 3021 5428 pro
3048 5361 3139 5416 τά.

2299 5426 2414 5503 (69)
2430 5426 2514 5503 na
2548 5430 2732 5503 scribo
2754 5445 2851 5499 pro
2881 5426 3076 5503 τολμᾷ.

2426 5497 2728 5571 SAicscribo
2753 5497 2852 5569 pro
2883 5497 3082 5571 πράξει
3104 5502 3200 5556 καὶ
3232 5499 3419 5555 πάθει.

2295 5568 2408 5636 (62)
2432 5569 2589 5639 Colb.
2617 5570 2713 5623 τοῦ
2739 5568 2839 5639 pro
2854 5568 2938 5625 οὺ.

2299 5639 2414 5709 (65)
2457 5638 2548 5719 Sic
2576 5638 2753 5719 Coisl.’
2802 5638 3049 5719 Legerim
3080 5657 3184 5719 ego
3214 5642 3523 5719 ὑστέρημα,
3563 5658 3647 5695 vet
3679 5642 3801 5694 ὑπό-

2227 5724 2436 5777 στημα,
2473 5712 2743 5778 siquidem
2776 5713 3046 5779 posterior
3078 5716 3191 5769 ιιιεο
3234 5728 3338 5767 vox
3368 5712 3435 5768 ad
3464 5728 3691 5770 sensum
3718 5728 3801 5768 es-

2229 5787 2315 5833 set
2337 5781 2780 5836 accommodata.

618 5339 732 5411 (54)
764 5338 919 5396 Colb.
939 5354 1039 5411 pro
1068 5340 1129 5407 ἐξ
1157 5357 1254 5397 ων.
1289 5340 1448 5399 Conf.
1482 5352 1596 5399 not.
1644 5343 1734 5400 50.

615 5411 731 5482 (55)
760 5410 920 5482 Colb.
940 5410 1054 5482 pro
1082 5412 1293 5467 λαϐεῖν.

548 5480 1045 5606 ἰῃ(ἓξ)ϋΠοομηαιο
1073 5500 1140 5537 ex
1165 5482 1336 5539 Coisl.
1368 5497 1467 5553 pro
1502 5483 1850 5555 συζητοῦσιν,
1874 5488 2019 5559 quod
2041 5504 2129 5549 est

622 5584 1281 5697 (‘z‘iéjuyerba_illa,_év_rﬁ
1312 5622 1477 5697 σαρκί
1524 5641 1626 5693 μου
1661 5626 1993 5697 -ίθλίψεων
2031 5625 2126 5682 τοῦ

551 5689 822 5764 Χριστοῦ,
845 5691 1159 5764 festinantis
1180 5689 1596 5764 librarii'laps'u,
1631 5710 1695 5748 ex
1718 5689 1948 5755 Coisl'in.
1974 5701 2129 5755 exci-

558 5761 866 5832 ιίειςιιιιιηὶη
894 5760 1054 5832 Colb.
1082 5760 1523 5832 recteisupplcta.

621 5826 736 5894 (58)
759 5826 1377 5935 ἀνταηαπληρῶίίὶοιΰξ
1401 5833 1510 5888 vid.
1548 5843 1663 5890 not.
1694 5836 1763 5890 47
1784 5847 1836 5893 et
1861 5839 1953 5894 48.
