4072 6422
309 433 422 499 709

1246 438 1345 498 AD
1382 433 1980 500 AMPI-IILOCIIIUM
2041 439 2389 513 QU/ESTIO
2444 440 2653 506 CXXI.

3473 442 3582 512 710

309 559 502 630 ρηθεὶς
533 558 596 611 οὑ
626 557 1021 628 κατενάρκησα
1063 554 1307 621 οὑδενόςο
1341 560 1403 612 τὸ
1450 559 1560 631 γὰρ
1607 559 1879 631 ὑστέρημά

1999 574 2162 628 quam
2193 558 2560 624 mihideesse;
2590 579 2608 611 ι
2634 558 2799 614 item:
2831 577 2849 611 ι
2875 557 3126 632 lndigens
3150 557 3298 616 enim
3330 573 3439 616 non
3465 577 3584 632 gra-

310 668 420 721 μου
467 649 1018 720 προσανεπλήρωσαν
1061 650 1110 702 οἱ
1144 649 1382 720 ἀδελφοί.
1418 670 1437 702 ι
1475 653 1588 706 Kal
1623 653 1680 705 ὲν
1712 652 1895 706 πλείο-

307 757 396 794 σιν
427 741 610 805 ἄλλοις
639 742 742 812 τῆς
789 741 975 812 φωνῆς
1005 741 1408 814 εὑρισκομένης
1454 743 1556 798 οὐκ
1599 743 1716 798 ἔστι
1763 746 1895 816 ῥᾷον

301 832 497 887 λαϐεῖν
524 831 625 903 τὴν
658 832 917 903 τοιαύτην
945 833 1209 900 διάνοιαν,
1242 835 1308 888 δι’
1343 836 1518 906 αὑτῆς
1547 837 1892 891 ἀναπτυσσο-

301 926 505 996 μένην,
560 924 674 978 ἀλλ’
705 924 897 996 ὥσπερ
927 926 1314 998 προείληπται.
1360 923 1520 983 Οῦτω
1569 928 1892 1000 καθορῶμεν

304 1016 386 1085 τῷ
418 1017 529 1069 ἔθει
559 1017 660 1085 τῆς
697 1017 925 1088 Γραφῆς
950 1018 1014 1071 τὸ
1045 1019 1337 1091 ὑστέρημα
1383 1019 1482 1090 τήν
1524 1021 1716 1092 χρείαν
1754 1039 1893 1091 παρ-

300 1108 574 1178 ἐχόμενον
605 1106 699 1162 τοῦ
731 1111 1159 1180 σημαινομένου.
1206 1113 1506 1184 Ἐκατέρας
1537 1113 1630 1167 οὖν
1657 1113 1766 1166 τῶν
1812 1115 1892 1167 el-

307 1216 373 1269 ρη
383 1198 562 1268 μένων
581 1199 1076 1274 ὲπιδισταζομένης
1093 1203 1325 1268 ἐννοίας,
1341 1207 1420 1269 είς
1444 1201 1506 1258 τὺ
1527 1205 1891 1260 ἀστασίαστον

302 1290 370 1343 ἂν
401 1289 500 1343 καὶ
533 1290 694 1361 τρίτη
724 1291 790 1344 δι’
819 1293 1000 1347 αὐτῶν
1027 1295 1358 1365 προκύψασα
1383 1336 1399 1361 ,
1442 1298 1658 1362 καὶτὰς
1691 1299 1884 1352 ἐκατέ-

305 1384 477 1451 ρωθεν
518 1383 692 1447 λαϐὰς
743 1385 966 1455 μέθοδον
1009 1387 1221 1441 ἐκεῖθεν
1270 1391 1727 1462 συνευπορήσασα
1777 1391 1891 1445 δια-

292 1477 519 1544 φυγεῖν,
551 1476 780 1546 τοιαύτη
807 1495 892 1541 τις
946 1478 1013 1532 ἂν
1054 1478 1166 1549 εἴη.
1214 1481 1308 1534 Δεῖ
1332 1481 1390 1535 δὲ
1419 1481 1498 1552 τῷ
1533 1483 1632 1552 μὲν
1658 1481 1890 1553 ὑστερήο

305 1585 459 1637 ματι,
491 1567 566 1632 ὼς
584 1569 727 1633 ἔθος,
762 1571 998 1641 χρῆσθαι
1021 1571 1082 1624 τὺ
1116 1572 1357 1644 Γράμμα
1384 1573 1446 1628 τὸ
1469 1575 1748 1646 ίερὸν,καὶ
1781 1588 1888 1646 μη·

299 1658 391 1712 δὲν
443 1661 575 1729 περὶ
628 1660 727 1731 τὴν
795 1661 943 1725 λέξιν
1015 1668 1384 1737 καινοτομεῖν.
1439 1667 1892 1738 Ἀνταναπληρώ-

301 1767 385 1803 σει
410 1750 532 1821 (64)
584 1751 642 1804 δὲ
684 1751 804 1815 πῶς
836 1755 863 1806 ὁ
899 1753 1114 1818 Παῦλος
1164 1757 1224 1810 ἐν
1255 1757 1334 1828 τῷ
1365 1755 1579 1829 σώματι
1609 1759 1777 1813 αὑτοῦ
1817 1761 1886 1813 τά

300 1843 662 1913 ὑστερήματα
705 1844 812 1896 τῶν
848 1843 1082 1914 θλίψεων
1129 1847 1224 1900 τοῦ
1268 1849 1543 1918 Χριστοῦ;
1593 1850 1753 1904 τοῦτό
1796 1867 1886 1921 μοι

2011 649 2095 703 vis
2127 648 2202 704 fui
2230 651 2491 717 cuiquam
2519 670 2535 718 ;
2562 650 2804 720 inopiam
2835 652 2980 706 enim
3012 667 3185 708 meam
3217 651 3414 708 fratres
3448 654 3580 708 sub-

2001 740 2255 797 levarunt
2277 742 2376 796 ".i
2407 739 2580 796 Porro
2612 743 2662 796 in
2695 742 2943 810 pluribus
2967 743 3087 798 aliis
3115 745 3272 808 locis,
3304 745 3358 799 in
3381 745 3585 814 quibus

1998 847 2103 887 vox
2137 833 2253 888 haec
2283 833 2577 898 invenitur,
2611 848 2724 888 non
2761 831 2925 888 facile
2955 849 3100 897 eam,
3137 851 3260 905 qua:
3295 838 3456 892 modo
3495 839 3578 893 al-

1996 923 2104 979 lata
2151 931 2236 979 est
2257 964 2271 989 ,
2303 926 2586 978 notionem
2606 965 2620 989 ,
2654 923 2748 978 sed
2778 921 2965 989 illam,
3001 940 3124 994 quae
3153 935 3312 981 antea
3346 937 3428 982 est
3454 944 3586 998 pro-

1995 1015 2198 1086 posita,
2221 1016 2670 1086 deprehenderis.
2697 1015 2960 1072 Videmus
2983 1017 3188 1088 itaque,
3213 1036 3401 1075 vocem
3428 1023 3584 1076 ὑστὲη

1995 1124 2149 1182 ρημα
2178 1127 2246 1167 ex
2277 1128 2380 1168 usu
2408 1111 2706 1182 Scriptura:
2729 1113 3002 1169 defectum
3026 1115 3128 1179 rei,
3162 1114 3228 1168 de
3260 1132 3367 1186 qua
3398 1133 3583 1172 sermo

1993 1212 2096 1269 est,
2131 1203 2336 1260 inferre
2356 1205 2424 1257 ".
2475 1203 2630 1270 Quod
2672 1203 2717 1258 si
2754 1215 2936 1260 tamen
2980 1205 3045 1260 de
3086 1206 3348 1262 alterutra
3385 1209 3579 1262 harum

1993 1295 2400 1362 expositionum
2426 1295 2788 1350 dubitandum
2818 1295 2999 1351 adhuc
3026 1296 3297 1364 videatur,
3334 1297 3401 1352 ad
3424 1313 3580 1352 com-

1993 1388 2304 1455 ponendam
2322 1400 2542 1440 omnem
2567 1386 3001 1441 controversiam
3033 1386 3192 1441 tertia
3221 1387 3385 1441 etiam
3406 1429 3421 1453 ,
3455 1403 3581 1458 qua}

1992 1491 2055 1530 ex
2090 1485 2320 1545 utraque
2349 1477 2623 1545 promicat
2642 1517 2658 1544 ,
2687 1486 2742 1532 et
2766 1474 3117 1531 difﬁcultates
3149 1475 3436 1545 utriusque
3466 1475 3581 1530 evi-

1996 1569 2147 1622 tandi
2185 1569 2326 1622 viam
2357 1567 2627 1633 ostendit,
2668 1568 2849 1624 aﬂerri
2884 1567 3056 1639 possit
3095 1569 3151 1623 in
3180 1569 3323 1624 hanc
3355 1578 3578 1625 senten-

1991 1658 2146 1712 tiam.
2193 1658 2397 1714 Vocem
2440 1657 2728 1731 ὑστέρημα
2769 1673 2835 1715 eo
2882 1673 3049 1714 sensu
3076 1699 3091 1725 ,
3143 1660 3240 1729 qui
3280 1659 3579 1729 Scriptura:

1992 1765 2165 1806 sacrte
2192 1759 2276 1806 est
2308 1752 2619 1817 familiaris,
2653 1751 2931 1821 accipere,
2963 1767 3063 1808 nec
3097 1768 3236 1807 nova
3269 1754 3576 1809 consectari

1993 1851 2228 1913 oportet.
2263 1842 2554 1909 Quomodo
2585 1860 2716 1899 vero
2751 1843 2956 1900 Paulus
3001 1845 3260 1914 reliquias
3287 1847 3574 1901 calamita-

300 1933 697 1987 συιδιασκόπει
722 1933 935 1990 λοιπόν.
973 1937 1087 2007 Ούχ
1115 1939 1215 1992 ὅσα
1243 1939 1480 2010 Χριστὸς
1505 1941 1737 2010 ὀφείλων
1775 1959 1879 1994 πα-

1988 1945 2109 1992 tum
2141 1936 2344 1992 Christi
2370 1938 2426 1990 in
2448 1946 2678 2007 corpore
2711 1953 2816 1992 suo
2840 1939 3096 2008 supplere
3120 1939 3339 2008 potuit?
3372 1939 3446 1994 De
3471 1940 3577 1994 hoc

295 2025 414 2078 θεῖν
460 2025 561 2095 οὑχ
608 2025 942 2096 ὑπήνεγκεν,
986 2028 1285 2098 οὐμενοῦν·
1332 2030 1454 2084 οὑδὲ
1492 2032 1602 2101 γάρ
1649 2050 1702 2085 τι
1748 2032 1884 2096 ὅλως

293 2117 602 2188 ὑστέρησεν
627 2134 641 2148 ο
698 2118 836 2171 ἀλλά
875 2120 972 2171 καὶ
1021 2120 1495 2192 ὑπερεπλεόνασεν
1523 2124 1556 2195 ή
1589 2125 1749 2195 χάρις
1785 2123 1884 2177 αὑ·-

291 2209 392 2262 τοῦ
425 2210 506 2272 εἰς
536 2212 705 2281 ἡμᾶς.
738 2213 874 2265 Ποῖα
904 2212 995 2265 οῦν
1027 2213 1386 2286 ὑστερήματα
1435 2215 1879 2287 ἀνταναπληροῖ;

293 2302 465 2366 Ὅσα,
499 2302 599 2353 εἶτ’
630 2302 710 2355 ἔτι
740 2303 851 2374 (65)
885 2303 963 2374 τῷ
993 2304 1285 2377 ἀνθρώπου
1326 2305 1441 2377 (66)
1483 2306 1585 2380 βίῳ
1613 2307 1881 2380 ἐπεδήμει

276 2395 322 2446 ’ὁ
369 2394 559 2465 Σωτὴρ
609 2395 731 2449 καθ’
761 2396 820 2448 ὃν
856 2397 1047 2468 καιρὸν
1084 2399 1112 2451 ὁ
1160 2396 1374 2464 Παῦλος
1400 2400 1706 2472 ἐκήρυσσεν
1739 2402 1877 2473 (67),

289 2486 496 2540 ἔπαθεν
527 2486 595 2541 ἂν
624 2488 913 2554 διδάσκων,
939 2492 1031 2545 καὶ
1060 2491 1149 2545 διά
1187 2493 1287 2563 τῆς
1318 2494 1628 2566 παρουσίας
1656 2495 1736 2550 ἔτι
1765 2495 1878 2568 (68)

287 2580 389 2632 τοῦ
422 2580 744 2651 πλάσματος
789 2583 1209 2655 προνοούμενος,
1240 2586 1429 2642 ἐκεῖνα
1460 2587 1558 2642 νῦν
1587 2589 1813 2660 πάσχων
1848 2592 1878 2644 ό

277 2672 508 2735 ’Παῦλος
555 2675 968 2746 ἀνταναπληροί
1009 2677 1080 2730 τὰ
1109 2677 1467 2750 ὑστερήματα
1494 2680 1605 2734 τῶν
1641 2681 1878 2751 θλίψεων

294 2764 399 2818 τοῦ
448 2765 708 2836 Χριστοῦ.
757 2766 930 2821 Τοῦτο
969 2769 1079 2840 γάρ
1111 2769 1314 2839 μᾶλλον
1343 2771 1642 2843 ἐγγύτερον
1685 2774 1778 2827 καὶ
1804 2775 1874 2846 τῇ

283 2857 651 2930 τοῦ-ῥήματος
671 2859 928 2929 ὲμφάσει.
958 2861 1031 2914 Οὑ
1057 2861 1165 2934 γὰρ
1185 2862 1373 2927 ἁπλῶς
1406 2881 1593 2934 φησιν,
1611 2865 1878 2939 Ἀναπλη-

288 2951 397 3019 ρῶ,
423 2951 560 3018 ἀλλ’,
597 2953 1082 3023 Ἀνταναπληρῶ,
1111 2956 1409 3025 τουτέστιν,
1426 2958 1573 3012 Ἀντί
1601 2960 1874 3013 Δεσπότου

289 3043 393 3095 καὶ
422 3044 748 3100 διδασκάλου
791 3048 819 3099 ὁ
853 3046 1044 3111 δοῦλος
1070 3048 1181 3117 ἐγὼ
1212 3051 1305 3106 καὶ
1338 3051 1587 3125 μαθητής
1613 3053 1712 3124 τὴν
1737 3055 1874 3108 ὲκεί-

290 3151 386 3188 νου
415 3135 690 3190 διακονίαν
716 3138 986 3204 ὑπελθὼν,
1019 3141 1113 3194 καὶ
1135 3141 1203 3218 τὰ.
1236 3144 1590 3214 ὑστερήματα
1617 3145 1726 3199 τῶν
1746 3145 1871 3200 ’θλί-

280 3225 442 3291 ψεων
491 3227 658 3279 αὑτοῦ
699 3229 1127 3303 ἀνταναπληρῶ.
1163 3235 1231 3287 Ἀ
1278 3234 1385 3306 γὰρ
1419 3236 1485 3290 ἂν
1523 3237 1729 3301 ἐκεῖνος
1767 3238 1871 3293 ὑπ-

287 3321 450 3391 έστη,
482 3322 560 3393 μὴ
591 3322 970 3395 παραθέμενός
999 3299 1088 3396 μοι
1123 3325 1222 3398 τὴν
1247 3299 1547 3395 δίακονίαν,
1577 3299 1876 3403 ἐπεὶ-παρ·
1903 3299 1945 3357 C

283 3413 488 3468 έλαϐον
533 3415 762 3488 ταύτην.
815 3419 1044 3483 εἰκότως
1087 3422 1182 3475 καὶ
1240 3421 1311 3475 τὰ
1364 3423 1719 3494 ὑστερήματα
1766 3425 1878 3478 τῶν

281 3506 527 3575 θλίψεων
556 3508 718 3562 αὑτοῦ
742 3511 801 3563 ὲν
826 3511 905 3577 τῷ
936 3511 1152 3582 σώματί
1188 3530 1289 3583 μου
1321 3512 1875 3588 ἀνταναπληρῶ.’¹οτι

282 3598 348 3650 δὲ
379 3599 612 3670 διάδοχοι
648 3601 746 3670 τῆς
776 3604 1422 3674 Δεσποτικῆςδιακονίας
1452 3606 1800 3678 κατέστηραν
1824 3609 1874 3662 οἱ

278 3691 559 3762 μαθηταὶ,
614 3695 708 3746 καὶ
741 3695 1035 3766 ἀλλαχόθεν
1078 3699 1176 3764 μὲν
1208 3698 1358 3752 ἐστιν
1383 3699 1444 3753 ού
1474 3700 1711 3771 χαλεπὸν
1747 3719 1876 3756 συν-

277 3784 443 3851 πδεῖν,
472 3786 698 3856 ἀρκέσει
728 3787 784 3842 δὲ
823 3789 1108 3843 κάνταῦθα
1135 3790 1348 3854 Παῦλος
1378 3792 1575 3862 ἑαυτῷ.
1616 3811 1634 3844 t
1658 3793 1740 3847 Τά
1765 3794 1875 3865 γὰρ

285 3878 494 3942 πάντα,
551 3884 737 3950 φησιν,
800 3882 864 3935 ὲκ
912 3883 1007 3936 τοῦ
1062 3883 1240 3951 Θεοῦ,
1284 3885 1377 3939 τοῦ
1436 3886 1876 3952 καταλλάξαντος

285 3969 436 4038 ἡμᾶς
466 3969 646 4040 ἑαυτῷ
673 3971 764 4024 διά
800 3972 977 4042 Ἰησοῦ
1001 3975 1263 4046 Χριστοῦ,
1291 3977 1384 4030 καὶ
1403 3976 1584 4041 δόντος
1614 3979 1747 4050 ήμῖν
1774 3978 1875 4050 τὴν

272 4060 567 4114 διακονίαν
598 4062 697 4133 τῆς
734 4063 1107 4136 καταλλαγῆς.
1145 4086 1163 4119 ι
1198 4067 1328 4132 Καὶ,
1371 4086 1390 4119 t
1433 4067 1607 4140 ’Υπὲρ
1632 4069 1870 4141 Χριστοῦ

281 4153 688 4224 πρεσϐεύομεν,
721 4155 796 4219 ὡς
829 4156 924 4209 τοῦ
955 4156 1090 4209 Θεοῦ
1114 4158 1564 4229 παρακαλοῦντος
1590 4160 1660 4213 δι’
1691 4160 1870 4232 ἡμῶν,

279 4244 534 4314 δεόμενοι
589 4247 734 4318 ὑπὲρ
780 4250 1017 4319 Χριστοῦ
1045 4291 1062 4316 ,
1108 4252 1489 4323 καταλλάγητε
1536 4252 1615 4324 τῷ
1666 4253 1808 4323 Θεῷ.
1846 4273 1866 4308 ι

284 4334 501 4408 ’Ὠσπερ
531 4334 623 4392 οὖν
656 4341 749 4393 τὸν
791 4343 890 4410 τῆς
918 4343 1266 4416 καταλλαγῆς
1298 4345 1456 4415 λόγον
1485 4345 1873 4418 ἐκληρώσαντο

279 4431 333 4481 οἱ
367 4430 648 4502 μαθηταὶ,
695 4435 791 4488 καὶ
839 4436 1236 4507 πρεσϐεύουσιν
1261 4438 1402 4508 ὑπὲρ
1436 4437 1698 4507 Χριστοῦ,
1726 4437 1871 4491 οὕτω

280 4526 402 4590 καὶ,
437 4525 580 4596 ἆπερ
613 4525 842 4596 ἔμελλεν
871 4531 1125 4599 πάσχειν,
1159 4531 1242 4583 ἔτι
1270 4530 1368 4602 τὴν
1405 4530 1680 4584 διακονίαν
1707 4530 1870 4594 αὐτὸς

1993 2040 2247 2099 superest
2269 2069 2283 2093 ,
2331 2039 2391 2084 ut
2422 2044 2636 2084 mecum
2671 2030 2968 2100 disquiras.
3000 2029 3164 2098 Cave,
3195 2031 3266 2086 ita
3306 2033 3408 2088 hoc
3431 2032 3576 2088 acci-

1989 2123 2131 2193 pias,
2153 2137 2217 2178 ac
2246 2123 2290 2178 si
2320 2122 2573 2180 Christus
2599 2139 2707 2178 non
2731 2123 2913 2178 omnia
2941 2139 3064 2194 quae
3090 2124 3296 2194 perpeti
3319 2125 3572 2190 debebat,

1986 2228 2282 2287 perpessus
2304 2218 2376 2273 sit
2406 2234 2419 2271 :
2455 2233 2634 2288 neque
2665 2217 2811 2273 enim
2849 2219 3148 2289 quidquam
3178 2220 3287 2274 ulla
3313 2220 3366 2274 in
3395 2234 3454 2274 re
3481 2235 3573 2274 re-

1989 2307 2196 2377 liquum
2223 2307 2357 2364 fecit
2385 2325 2400 2375 ;
2431 2311 2525 2366 sed
2557 2308 2731 2380 gratia
2754 2310 2875 2380 ejus
2901 2310 3390 2380 superabundavit.
3418 2308 3574 2376 Quas

1987 2400 2155 2469 igitur
2189 2401 2452 2471 reliquias
2481 2399 2689 2457 Paulus
2721 2402 2939 2472 supplet
2966 2402 2989 2455 ?
3031 2402 3134 2458 Eas
3167 2402 3401 2465 scilicet,
3431 2417 3573 2472 quas

1988 2492 2279 2559 Salvator,
2323 2495 2594 2565 siquidem
2638 2495 2819 2550 adhuc
2859 2494 3002 2548 inter
3043 2493 3298 2548 homines
3346 2492 3571 2558 fuisset,

1984 2603 2110 2643 cum
2143 2585 2347 2642 Paulus
2379 2586 2656 2657 praeconio
2689 2586 2964 2657 Evangelii
2996 2585 3338 2656 fungeretur,
3367 2585 3571 2641 docens

1984 2678 2122 2748 ipse,
2172 2687 2228 2732 et
2279 2693 2520 2748 praesens
2563 2687 2941 2748 creaturaeque
2981 2693 3097 2733 sua:
3147 2691 3339 2732 curam
3378 2692 3569 2747 agens,

1982 2780 2349 2836 perpessurus
2373 2776 2512 2832 erat,
2548 2767 2669 2833 bas,
2701 2767 2948 2838 inquam,
2971 2769 3386 2837 perpessionum
3406 2767 3573 2822 Chri-

1985 2861 2054 2916 sti
2085 2860 2352 2930 reliquias
2379 2859 2584 2916 Paulus
2616 2859 2735 2930 ipse
2763 2859 2977 2930 patiens
2997 2897 3012 2923 ,
3058 2874 3157 2929 pro
3189 2859 3310 2929 ipso
3347 2859 3572 2930 supple-

1981 2951 2090 3007 bat.
2170 2952 2288 3008 Hoc
2319 2952 2531 3008 scilicet
2561 2952 2724 3007 etiam
2767 2952 2834 3007 ad
2866 2951 3015 3007 verbi
3041 2993 3058 3020 ,
3104 2967 3215 3022 quo
3246 2953 3454 3019 utitur,
3484 2950 3571 3006 ef-

1981 3043 2235 3098 ficaciam
2295 3043 2523 3114 propius
2567 3041 2799 3097 accedit.
2841 3040 3032 3111 Neque
3063 3041 3211 3095 enim
3243 3040 3571 3110 simpliciter

1970 3135 2059 3190 ‘ait
2081 3134 2406 3206 ἅναπληρῶ,
2444 3135 2538 3190 sed
2560 3132 2989 3204 ἀνταναπληρῶ,
3029 3133 3085 3186 h.
3123 3148 3180 3187 e.
3204 3131 3310 3186 Pro
3332 3132 3571 3186 Domino

1978 3237 2033 3282 et
2077 3226 2338 3296 magistro
2381 3241 2576 3282 servus
2617 3241 2718 3297 ego
2755 3235 2810 3281 et
2846 3226 3152 3296 discipulus
3197 3225 3567 3280 ministerium

1978 3319 2097 3388 ejus
2123 3319 2432 3389 suscipiens
2479 3318 2741 3388 reliquias
2780 3333 2948 3388 prope
2982 3317 3303 3388 passionum
3331 3317 3453 3386 ejus
3483 3316 3570 3372 vi.

1980 3413 2169 3468 cissim
2202 3412 2453 3482 suppleo.
2485 3411 2619 3478 Quae
2648 3411 2796 3467 enim
2829 3411 2920 3466 ille
2945 3426 3238 3482 perpessus
3271 3420 3391 3475 est,
3433 3425 3564 3466 cum

1979 3505 2225 3561 nondum
2251 3505 2388 3558 mihi
2423 3504 2566 3559 hanc
2588 3503 2928 3573 provinciam
2959 3503 3317 3569 credidisset,
3344 3518 3563 3568 eorum,

1978 3606 2268 3670 postquam
2301 3598 2448 3652 illam
2491 3599 2744 3667 suscepi.
2791 3598 3049 3667 reliquias
3079 3597 3140 3650 in
3184 3612 3416 3667 corpore
3442 3612 3567 3651 meo

1977 3689 2233 3759 supplere
2269 3688 2543 3743 convenit.
2566 3687 2733 3754 Quod
2761 3702 2894 3742 vero
2934 3688 3188 3757 discipuli
3214 3703 3566 3745 successores

1978 3785 2197 3838 Domini
2246 3783 2304 3837 in
2349 3782 2659 3837 ministerio
2705 3796 2808 3836 suo
2849 3782 3134 3836 constituti
3196 3784 3340 3847 sint,
3395 3783 3562 3838 etiam

1979 3876 2198 3932 aliunde
2221 3891 2332 3931 non
2366 3875 2655 3932 difficulter
2685 3875 3039 3945 intelligitur;
3074 3877 3164 3932 hic
3189 3893 3322 3932 vero
3357 3877 3564 3935 Paulus

1978 3965 2094 4036 ipse
2129 3966 2234 4021 sibi
2274 3964 2572 4022 suﬁ'ecerit.
2612 3983 2631 4017 ι
2653 3964 2855 4020 Omnia
2883 3967 3029 4020 enim
3050 4009 3065 4032 ,
3097 3967 3284 4036 inquit
3306 4007 3322 4032 ,
3351 3983 3420 4022 ex
3452 3967 3566 4024 Deo

1977 4067 2128 4123 sunt,
2151 4058 2244 4127 qui
2269 4071 2372 4112 nos
2392 4057 2500 4112 sibi
2523 4057 2902 4111 reconciliavit
2924 4072 3020 4125 per
3039 4056 3229 4112 Iesum
3252 4057 3562 4127 Christum,

1976 4149 2248 4219 nobisque
2309 4147 2714 4202 conciliationis
2769 4147 3140 4204 ministerium
3187 4150 3408 4203 tradidit
3429 4153 3498 4204 '7.
3535 4169 3558 4203 ι

1975 4244 2108 4298 Item
2142 4261 2156 4297 :
2186 4261 2211 4295 η
2243 4240 2347 4296 Pro
2375 4242 2599 4297 Christo
2631 4241 2912 4311 legatione
2949 4241 3230 4311 ﬁmgimur
3253 4287 3267 4310 ,
3299 4254 3562 4314 tanquam

1973 4335 2089 4391 Deo
2131 4335 2446 4391 obtestante
2494 4349 2590 4404 per
2639 4349 2743 4388 nos
2793 4349 2892 4403 pro
2935 4333 3154 4389 Christo
3189 4337 3562 4390 :recoucilie-

1976 4427 2114 4482 mini
2149 4426 2260 4482 Deo
2283 4427 2386 4480 ⁸⁸.»
2421 4426 2580 4482 Sicut
2613 4426 2780 4496 igitur
2808 4427 3038 4480 verbum
3093 4428 3559 4484 reconciliationis

1974 4523 2122 4576 nacti
2155 4527 2284 4575 sunt
2312 4519 2570 4589 discipuli
2598 4559 2614 4585 ,
2647 4527 2815 4588 atque
2847 4519 2984 4573 adeo
3008 4534 3112 4589 pro
3142 4519 3364 4574 Christo
3408 4520 3558 4590 lega-

274 4617 766 4690 ’ἐκπληρῶν,αύτοὶ
788 4621 963 4676 ταῦτα
999 4625 1058 4676 ὲν
1087 4623 1167 4694 τῷ
1191 4622 1407 4693 σώματι
1427 4622 1609 4676 αὑτῶν
1640 4622 1868 4685 εἰκότως

1984 4617 2123 4671 tione
2162 4614 2506 4686 funguntur;
2540 4615 2612 4667 ita
2636 4614 2798 4667 etiam
2829 4628 2914 4674 ea,
2942 4628 3064 4682 quae
3091 4613 3342 4668 Christus
3377 4615 3558 4668 adhuc

281 4713 815 4785 ἀνταναπληροῦσιν.
848 4716 958 4770 K’a‘.
987 4716 1098 4789 [ἐκ]
1129 4717 1334 4771 τούτων
1362 4717 1597 4786 μάλιστα
1627 4715 1860 4780 Παῦλος,

279 4804 338 4866 ὃς.
364 4805 586 4877 θαρρῶν
612 4810 725 4872 τοῖς
749 4808 931 4880 ἔργοις
957 4809 1103 4878 λέγει
1139 4811 1273 4883 (69),
1297 4828 1315 4860 ι
1343 4809 1566 4872 Οὐδενὸς
1590 4808 1698 4861 τῶν
1721 4807 1862 4876 ὑπὲρ

280 4896 405 4950 λίαν
435 4900 752 4954 ἀποστόλων
808 4901 1104 4973 ὑστέρησα.
1147 4920 1165 4954 ›
1212 4902 1323 4956 Καὶ
1374 4901 1601 4964 σκόπει,
1651 4901 1798 4963 ὅπως
1826 4902 1860 4972 ἡ

281 4992 381 5058 τῆς
440 4990 676 5060 θεωρίας
729 4992 936 5063 ταύτης
1004 4993 1230 5065 ἐπιϐολὴ
1290 4993 1442 5046 οὐδὲν
1487 4992 1864 5063 προῦπέσχετο

285 5080 519 5150 κομψόν.
545 5084 640 5136 ιΤό
663 5101 720 5136 τε
754 5086 863 5156 γὰρ
907 5085 1198 5155 ὑστέρημα
1244 5084 1345 5137 οὑκ
1388 5083 1722 5151 ἐκϐιάζεται,
1754 5083 1868 5137 ἀλλ’

1965 4723 2336 4781 ‘perpessurus
2376 4717 2536 4774 erat,
2585 4708 2630 4763 si
2667 4707 2973 4762 ministerio
3001 4707 3093 4760 illo
3133 4707 3368 4774 amplius
3410 4713 3558 4761 esset

1970 4805 2316 4876 perfunctus,
2348 4804 2451 4873 ipsi
2483 4814 2703 4872 quoque
2749 4801 2802 4853 in
2840 4815 3069 4869 corpore
3096 4814 3198 4853 suo
3223 4798 3558 4854 convenien-

1972 4907 2055 4954 ter
2087 4914 2187 4968 pro
2233 4898 2354 4967 ipso
2400 4896 2676 4950 sustinent
2706 4902 2760 4947 et
2791 4893 3056 4962 implent;
3109 4892 3252 4946 inter
3298 4907 3395 4947 eos
3424 4906 3556 4945 vero

1971 4990 2059 5045 vel
2093 4989 2334 5044 maxime
2368 4986 2590 5052 Paulus,
2627 4985 2720 5056 qui
2756 4984 2913 5039 factis
2944 4986 3060 5039 suis
3089 4983 3358 5048 conlisus,
3388 4983 3552 5038 dicit:

1977 5100 1995 5133 ‹
2027 5080 2185 5137 Nullo
2216 5094 2407 5136 eorum
2433 5121 2450 5149 ,
2499 5079 2595 5150 qui
2638 5077 2796 5132 valde
2825 5085 2954 5132 sunt
3000 5075 3274 5146 apostoli,
3325 5073 3554 5129 inferior

333 5289 380 5322 ’³
411 5285 454 5342 ιι
483 5287 608 5344 Cor.
631 5303 709 5354 χι,
752 5288 806 5342 5.
900 5287 950 5320 ⁹⁶
990 5285 1208 5345 ibid.’9.
1281 5290 1326 5321 "
1356 5287 1400 5342 ll
1429 5285 1558 5344 Cor.
1586 5303 1641 5355 ν,
1671 5288 1760 5343 18.
1834 5287 1880 5320 ’⁸
1911 5287 2043 5344 ibid.
2073 5288 2161 5345 20.

1869 5462 2078 5522 NOTzE
2091 5505 2104 5523 .

345 5587 463 5656 (δι)
493 5586 571 5641 Ita
601 5585 760 5642 Colb.
789 5602 892 5658 pro
916 5587 1136 5641 ἅπαντα
1165 5584 1466 5658 πληρώσει.

344 5652 467 5727 '(65)
525 5659 618 5712 Sic
664 5652 848 5714 scribo
899 5673 997 5728 pro
1031 5658 1140 5710 είτε
1194 5652 1447 5726 τιξῳιοιι
1483 5667 1565 5710 est
1596 5655 1651 5709 in
1691 5652 1861 5709 Coisl.

268 5727 672 5798 Conjecturam
706 5727 1034 5784 firmat'ttun
1067 5744 1285 5795 sensus,
1325 5737 1439 5782 tum
1476 5742 1599 5780 mox
1629 5741 1864 5795 sequens

271 5797 468 5943 z“('66)
491 5868 551 5926 In
573 5869 740 5927 Coisl.
770 5878 854 5926 est
879 5868 1171 5940 ἀνθρώπῳ.
1206 5866 1335 5937 Legi
1367 5869 1530 5925 etiam
1557 5876 1740 5939 posset
1767 5868 1864 5921 ἀν-

1971 5584 2000 5636 0
2007 5584 2248 5656 ρωπίνῳ.

2047 5656 2159 5725 (οἳ)
2186 5649 2355 5714 Coisl.
2386 5656 2528 5712 male
2551 5662 2604 5710 ct
2622 5653 2773 5708 nullo
2796 5668 2988 5725 sensu,
3015 5649 3319 5725 ἐκείρυσεν.

2042 5723 2154 5796 (68)
2178 5730 2260 5780 ἔτι
2290 5745 2357 5783 ex
2378 5728 2533 5783 Colb.
2570 5741 2753 5796 prore
2783 5725 2872 5788 τά,
2898 5723 3241 5778 Coisliniani.

2043 5793 2157 5868 (69)
2187 5800 2354 5858 Coisl.
2391 5801 2532 5854 male
2569 5793 2586 5852 Ξ
2614 5799 2641 5849 ὁ
2664 5795 2885 5866 θαρρὦ
2913 5799 3023 5858 τοῖς
3053 5796 3235 5863 ἔργοις
3272 5793 3474 5863 λέγειν.
