4072 6462
521 434 622 502 711

1683 437 1943 497 PIIOTII
1986 434 2492 497 ΡΑΤΒΙΑΒΟΙΙᾸΞ
2515 434 2625 495 CP.

3624 383 3645 389 ’
3723 425 3854 489 712

522 568 644 609 sum
671 553 737 606 ⁸³.
771 569 790 603 ι
826 548 962 605 Vide
1022 564 1151 602 vero
1196 556 1456 618 praetcrea
1510 548 1913 617 expositionem
1970 548 2111 603 hanc

2234 550 2295 613 είς
2341 550 2403 601 τὸ
2448 548 2571 611 ἔθος
2616 545 2787 616 ἀνῆκε
2831 542 3092 617 φέρεσθαι
3136 543 3238 615 τῆς
3296 542 3553 616 Γραφῆς,
3610 542 3715 595 καὶ
3772 544 3853 594 τὰ

525 648 597 699 ita
629 650 1001 712 comparatam
1030 655 1187 704 esse,
1234 649 1293 695 ut
1333 640 1472 694 nihil
1523 639 1757 695 allectati
1792 654 1977 694 secum
2022 638 2103 694 fc—

524 745 627 790 rat.
664 734 781 789 Vox
820 733 967 787 cnim
993 732 1283 803 ὑστέρημα
1324 731 1531 785 nullam
1581 731 1691 785 vim
1726 732 1971 800 patitur,
2011 729 2107 785 sed

523 840 589 877 cx
631 830 896 877 consueto
926 820 1225 890 Scriptura;
1257 835 1357 873 usu
1385 819 1712 888 explicatur.
1746 818 1952 872 Paulus
1980 832 2106 873 vero

523 917 616 971 illa
652 914 1015 985 ὑστερήματα
1052 912 1309 983 supplet,
1356 927 1464 966 non
1515 926 1638 981 quae
1677 910 2001 981 simpliciter
2026 926 2108 966 re-

524 1009 673 1077 liqua
704 1004 849 1061 facta
884 1004 1013 1071 sint,
1042 1012 1157 1070 aut,
1186 1003 1331 1073 quod
1372 1002 1640 1058 Salvatori
1679 1002 1979 1074 quidquam
2010 1002 2108 1058 de-

524 1097 714 1158 fuerit,
749 1096 894 1166 quod
936 1095 1235 1150 absurdum
1266 1095 1412 1150 dictu
1450 1093 1593 1149 foret
1624 1112 1639 1161 ;
1677 1096 1769 1149 sed
1821 1095 1933 1160 illa,
1960 1111 2104 1166 quae,

526 1190 574 1244 si
618 1188 987 1244 ministerium
1015 1187 1122 1242 hoc
1180 1185 1352 1241 Paulo
1401 1187 1631 1257 aliisque
1671 1188 1955 1257 discipulis
1990 1188 2107 1243 suis

526 1297 635 1335 non
667 1280 1056 1346 commisisset,
1081 1293 1442 1350 perpessurus
1469 1289 1607 1346 erat,
1631 1288 1686 1335 et
1708 1281 2108 1348 exantlaturus,

531 1371 997 1442 quemadmodum
1044 1379 1205 1426 antea
1246 1370 1523 1441 praeconio
1585 1373 1701 1442 ipse
1750 1370 2008 1441 fungens,
2059 1379 2115 1427 et

2214 641 2567 711 ὑστερήματα
2609 641 2637 693 ὁ
2671 637 2885 701 Παῦλος
2935 638 3283 709 ἀναπληροῖ,
3321 639 3421 707 οὐχ
3473 639 3582 690 ὅσα
3631 634 3851 697 ἁπλῶς

2213 732 2535 802 ὑστέρησεν,
2565 730 2675 783 οὐδ’
2706 732 2789 784 ὅτι
2822 729 3127 799 ὑστέρησέν
3152 746 3205 781 τι
3246 730 3275 782 ό
3316 728 3536 799 Σωτὴρ,
3563 728 3723 797 ὅπερ
3770 721 3850 797 ἦ)

2214 823 2471 895 φορτικόν
2496 840 2509 854 ·
2534 822 2650 878 ἀλλ’
2680 824 2779 876 ὅσα
2814 822 2889 893 μὴ
2935 821 3319 893 παραθέμενος
3365 822 3467 891 τὴν
3530 821 3849 875 διακονίαν

2214 915 2414 986 Παύλῳ
2462 916 2557 969 καὶ
2613 918 2724 979 τοῖς
2772 915 2952 977 ἄλλοις
2983 912 3295 984 ὁμιληταῖς,
3352 912 3560 966 ἔπαθεν
3617 912 3692 966 ἂν
3740 915 3849 965 καὶ

2215 1008 2450 1078 ὑπέστη,
2479 1007 2602 1062 καθ’
2650 1008 2707 1061 ὃν
2737 1006 2938 1079 τρόπον
2964 1006 3060 1059 καὶ
3111 1005 3243 1076 πρὶν
3272 1005 3575 1075 κηρύσσων
3605 1005 3713 1057 καὶ
3748 1004 3850 1056 εὗ-

2214 1098 2643 1169 αγγελιζόμενος
2694 1097 2799 1169 τὴν
2853 1096 3138 1167 βασιλείαν
3182 1096 3293 1148 τῶν
3347 1096 3627 1167 οὐρανῶν.
3684 1094 3847 1148 Ἀλλ’

2214 1190 2340 1261 ἐμοὶ
2389 1189 2489 1261 μὲν
2523 1190 2646 1242 ὅσον
2696 1185 3114 1258 ἀφοσιώσασθαί
3163 1203 3256 1239 σου
3304 1188 3402 1257 τὴν
3436 1186 3620 1257 καλὴν
3664 1186 3845 1255 φιλο-

2220 1281 2415 1337 πονίαν
2467 1280 2710 1353 εἰρήσθω
2760 1281 2955 1335 ταῦτα.
3009 1280 3073 1333 EI
3119 1278 3177 1333 δέ
3231 1296 3318 1344 τις
3383 1280 3480 1333 καὶ
3536 1279 3846 1349 ὀψιγόνων

2226 1372 2451 1444 ἄμεινόν
2477 1390 2531 1426 τι
2560 1373 2829 1443 θεωροίη,
2856 1372 2983 1442 ἐμοὶ
3010 1371 3067 1425 δὲ
3098 1371 3210 1441 ἄρα
3236 1373 3331 1425 καὶ
3362 1370 3526 1425 τοῦτο
3555 1371 3762 1440 φίλον.

500 1482 759 1539 regnum
822 1467 1086 1522 caelorum
1167 1467 1541 1532 annuntians,
1616 1466 2045 1537 perpetiebatur.
2115 1466 2222 1523 Sed
2296 1470 2413 1525 haec
2459 1468 2681 1541 quidem
2746 1449 2947 1529 studio
2996 1477 3093 1523 tuo
3138 1468 3404 1538 praclaro
3445 1466 3842 1524 velim-antem

530 1558 741 1614 dixisse
764 1599 781 1625 ,
811 1556 1103 1611 sutl‘ecerit.
1133 1555 1192 1612 Si
1231 1556 1356 1626 quis
1387 1567 1733 1626 posterorum
1775 1558 2007 1613 rectiora
2036 1558 2398 1628 perspexerit,
2438 1572 2541 1615 nec
2580 1557 2674 1613 illa
2704 1557 2837 1612 mihi
2872 1557 3261 1630 displicebunt.

532 1694 860 1764 ρυΑεδΤιο
893 1694 1080 1749 CXXII
1129 1693 1321 1767 [CoisL
1361 1691 1594 1761 CXLIV,
1639 1692 1805 1747 Taur.
1853 1667 2131 1765 CXLIII].

536 1788 696 1842 «Non
726 1797 802 1843 est
828 1788 978 1841 nobis
1013 1786 1161 1840 lucta
1188 1786 1438 1841 adversus
1460 1801 1674 1839 carnem
1708 1793 1757 1838 et
1784 1785 2118 1855 sanguinem,

603 1858 695 1913 sed
742 1859 992 1912 adversus
1032 1858 1383 1927 principatus
1415 1864 1465 1912 et
1500 1864 1785 1927 potestates
1808 1855 2119 1927 ,__adverstts

602 1929 789 1982 mundi
817 1928 974 1996 hujus
1006 1925 1270 1995 rectores,
1316 1925 1567 1982 adversus
1594 1925 1905 1995 spiritantia
1940 1926 2123 1995 nequi-

607 2000 697 2054 tia:
726 2000 783 2053 in
819 1997 1110 2053 caelestibus
1134 1998 1175 2052 ⁸.
1204 2015 1226 2051 ι

2741 1695 3082 1750 ΕΡΩΤΗΣΙΣ
3117 1692 3292 1748 ΡΚΒ’.

2229 1804 2249 1839 t
2281 1786 2405 1840 Οὐκ
2433 1787 2619 1857 ἐστιν
2650 1785 2799 1857 ἡμῖν
2846 1786 3014 1853 πάλη
3062 1788 3214 1857 πρὸς
3259 1782 3406 1857 αἷμα
3430 1786 3553 1857 καὶ,
3591 1785 3836 1855 σάρκα,

2512 1857 2663 1943 πρὸς
2703 1856 2811 1922 τὰς
2860 1857 3071 1943 ἀρχὰς,
3108 1856 3277 1939 πρὸς
3320 1856 3440 1943 ίτᾲς
3498 1856 3839 1943 ἐξουσίας,

2294 1926 2446 1997 πρὸς
2474 1926 2617 1993 τοὺς
2646 1927 3139 1995 κοσμοκράτορας
3163 1929 3271 1982 τοῦ
3307 1930 3543 1997 κόσμου
3571 1930 3838 1997 τούτου,

2294 1996 2447 2064 πρὸς
2490 1999 2580 2068 τάκ
2615 1998 2993 2064 πνευματικὰ
3053 1998 3163 2065 τῆς
3220 1996 3518 2068 πονηρίας
3567 1998 3647 2052 ἐν
3695 1996 3841 2063 τοῖς

2148 2082 2191 2139 Β
2290 2067 2692 2137 ἐπουρανίοις.
2737 2084 2756 2118 ι

1128 2199 1380 2253 Editarum
1423 2214 1453 2251 a
1492 2200 1669 2251 Wolﬁo
1693 2200 1900 2265 septima
1936 2201 1993 2263 (ι.
2020 2212 2085 2261 c.,
2112 2214 2163 2265 p.
2201 2201 2432 2256 796-752.
2469 2204 2692 2257 Galland.
2726 2221 2775 2271 p.
2801 2206 3031 2268 721-722,
3055 2218 3105 2254 η.
3140 2204 3243 2267 23).

607 2309 957 2380 Principatns
994 2321 1048 2364 et
1099 2318 1402 2379 potestates
1430 2318 1592 2365 vocat
1637 2309 1864 2381 spiritus
1912 2308 1968 2363 in
1997 2323 2125 2363 aere

532 2414 823 2460 versantes
868 2411 922 2457 et
966 2402 1166 2467 malos,
1203 2418 1316 2458 non
1358 2402 1520 2473 quasi
1569 2402 1645 2458 illi
1696 2410 2021 2473 potestatem
2067 2400 2123 2455 in

534 2512 639 2552 nos
666 2496 748 2550 vel
777 2510 881 2551 suo
906 2494 1151 2565 quodam
1187 2496 1313 2565 jure
1343 2534 1359 2561 ,
1391 2495 1479 2550 vel
1524 2494 1787 2551 divinitus
1835 2494 2122 2560 haberent,

535 2588 633 2644 sed
666 2588 816 2655 quod
846 2602 949 2643 nos
980 2586 1080 2656 ipsi
1106 2588 1347 2657 peccatis
1384 2602 1487 2641 nos
1518 2588 1799 2643 reddimus
1829 2586 2121 2650 obnoxios,

536 2690 779 2745 quorum
838 2682 1053 2728 salores
1104 2681 1159 2728 et
1201 2681 1440 2728 statores
1471 2682 1602 2729 sunt
1649 2671 1975 2737 daemones;
2026 2671 2121 2740 qui

536 2766 769 2835 proinde
802 2764 1107 2819 dominium
1157 2772 1213 2818 et
1259 2772 1587 2834 potestatem
1628 2779 1725 2834 per
1771 2778 1870 2827 ea,
1924 2762 2126 2832 quibus

540 2857 675 2928 ipsis
730 2857 1172 2928 morigeramur,
1213 2855 1268 2911 in
1317 2870 1422 2910 nos
1456 2864 1731 2910 exercent.
1785 2854 1934 2910 Idem
1976 2852 2125 2910 enim

537 2951 624 3005 vir
663 2958 890 3007 sanctus
928 2949 1004 3004 ait
1033 2966 1048 3002 :
1085 2966 1103 3000 ι
1124 2950 1172 3003 Α
1201 2962 1312 3018 quo
1343 2948 1488 3003 enim
1526 2947 1762 3002 vincitur
1793 2945 1991 3016 aliquis
2012 2985 2029 3012 ,
2063 2943 2128 2998 il—

538 3044 648 3098 lius
680 3057 902 3113 quoque
932 3056 1123 3097 servus
1158 3038 1336 3095 factus
1364 3042 1513 3095 est’.
1537 3059 1555 3093 ι
1589 3038 1826 3106 Quando
1862 3038 2030 3109 igitur
2057 3037 2128 3092 ab

540 3133 757 3188 illorum
792 3132 1162 3188 incitamentis
1191 3138 1248 3186 et
1294 3130 1543 3185 consiliis
1575 3145 1936 3199 superamur,
1974 3138 2030 3184 et
2070 3129 2125 3182 in

524 3234 786 3296 peccata,
815 3238 938 3293 quze
962 3223 1177 3288 volunt,
1202 3221 1567 3293 perpetranda
1600 3221 1839 3287 ruimus,
1872 3218 1989 3275 ﬁeri
2016 3234 2128 3274 non

538 3325 750 3387 potest,
794 3315 928 3386 quin
974 3315 1194 3370 eosdem
1223 3314 1479 3369 dominos
1521 3321 1575 3367 et
1620 3322 1880 3383 tyrannos
1912 3325 2125 3376 eorum,

538 3412 631 3480 qui
668 3410 793 3464 inde
826 3410 879 3463 in
912 3410 1071 3464 nobis
1107 3409 1443 3471 excitantur,
1495 3406 1788 3462 all‘ectuum
1821 3404 2127 3459 constitua-

2314 2313 2514 2383 Ἀρχὰς
2541 2316 2637 2368 καὶ
2659 2314 2911 2381 ἐξουσίας
2946 2312 3209 2367 ἐκάλεσεν
3246 2311 3318 2366 τὰ
3339 2312 3566 2383 ἐναέρια
3599 2313 3703 2367 καὶ
3728 2331 3839 2367 πο-

2224 2404 2366 2476 νηρὰ
2395 2406 2703 2476 πνεύματα,
2730 2407 2829 2478 οὐχ
2848 2405 2924 2470 ὡς
2955 2406 3129 2477 ἀρχὴν
3157 2405 3311 2475 ἡμῶν
3345 2404 3378 2474 ἢ
3413 2405 3670 2471 ἐξουσίαν
3701 2407 3839 2460 τινὰ

2223 2495 2488 2568 οἴκοθενῆ
2517 2497 2725 2551 ἄνωθεν
2756 2498 3093 2568 ἐσχηκότων,
3122 2495 3239 2551 ἀλλ’
3261 2495 3339 2560 ὡς
3362 2498 3483 2560 ταῖς
3514 2496 3839 2567 ἁμαρτίαις

2226 2588 2457 2652 ἑαυτοὺς
2509 2588 2668 2659 ἡμῶν
2712 2587 3113 2654 ἐκδεδωκότων,
3150 2580 3226 2642 ὧν
3276 2588 3416 2642 εἰσιν
3472 2589 3523 2641 ul
3565 2588 3839 2659 δαίμονες

2226 2680 2558 2752 ὐποσπορεῖς
2584 2698 2643 2734 τε
2679 2679 2793 2751 (70)
2824 2680 2919 2734 καὶ
2967 2679 3269 2750 ὑποφῆται,
3302 2681 3535 2733 ἐκείνων
3565 2680 3686 2752 (71)
3726 2681 3839 2749 τὴν

2226 2771 2403 2843 ἀρχὴν
2434 2773 2531 2827 καὶ
2567 2773 2669 2845 τὴν
2694 2772 2971 2840 ἐξουσίαν,
2999 2772 3068 2826 δι’
3102 2764 3179 2825 ὧν
3207 2771 3523 2843 πράττομεν
3541 2772 3613 2826 τὰ
3642 2773 3837 2827 αὐτῶν

2227 2863 2527 2935 θελήματα,
2554 2864 3010 2935 παρεσχημένων.
3059 2863 3172 2917 Kal
3212 2863 3322 2935 γάρ
3360 2880 3529 2933 φησιν
3574 2866 3606 2917 ό
3660 2864 3836 2929 αὐτὸς

2227 2955 2371 3027 ἱερὸς
2408 2955 2718 3026 ἄνθρωπος·
2776 2974 2795 3008 ι
2831 2949 2902 3027 Ὦ
2951 2956 3061 3029 γάρ
3096 2973 3182 3019 τις
3216 2956 3473 3027 ἥττηται,
3520 2956 3700 3027 τούτῳ
3734 2958 3836 3010 κα).

2225 3047 2564 3103 δεδούλωται.
2605 3067 2625 3103 ι
2676 3048 3010 3121 Ἠττώμενοι
3058 3047 3191 3119 γοῦν
3224 3050 3338 3113 τοῖς
3381 3047 3612 3103 ἐκείνων
3643 3049 3835 3120 ἐρεθι-

2229 3144 2388 3213 σμοῖς
2427 3144 2522 3196 καὶ
2550 3142 3044 3227 ὑποθήκαιςηκαὶ,
3087 3142 3227 3214 πρὸς
3276 3140 3313 3196 ἃ
3374 3140 3666 3212 βούλονται
3727 3142 3835 3210 τῆς

2225 3233 2505 3305 ἁμαρτίας
2549 3234 2711 3304 ἔργα,
2749 3234 3065 3306 φερόμενοι,
3112 3233 3339 3297 εἰκότως
3361 3232 3426 3287 ἂν
3456 3233 3583 3296 τοὺς
3623 3233 3832 3303 ἄρχονο

2225 3340 2326 3389 τας
2352 3324 2449 3379 καὶ
2479 3324 2835 3392 ὲξουσιαστὰς
2864 3325 2976 3379 τῶν
3006 3326 3068 3379 ἐν
3094 3327 3230 3397 ἡμῖν
3272 3324 3486 3378 ἐκεῖθεν
3528 3326 3828 3396 φυομένων

2228 3415 2417 3470 παθῶν
2447 3417 2818 3487 καθιστῶμεν,
2848 3417 2944 3470 ἆτε
2987 3415 3053 3487 δὴ
3080 3418 3180 3487 τῆς
3220 3416 3320 3486 μὲν
3368 3414 3687 3485 ἐλευθερίας
3731 3415 3835 3468 τοῦ

543 3518 688 3556 ntus.
731 3501 1082 3556 Sanctissimi
1104 3500 1250 3556 enim
1281 3499 1518 3569 Spiritus
1550 3498 1803 3553 libertate
1831 3495 1937 3550 hoc
1965 3495 2125 3549 modo

2234 3506 2502 3574 παναγίου
2553 3507 2895 3577 Πνεύματος,
2925 3508 3022 3561 καὶ
3074 3506 3138 3558 τὸ
3194 3507 3295 3575 τῆς
3334 3505 3833 3577 αὐτεξουσιότητος

538 3596 773 3668 privati,
838 3604 1160 3665 nostroque,
1212 3610 1321 3665 quo
1378 3591 1534 3648 liberi
1591 3590 1948 3655 frnebamur,
2010 3590 2125 3661 jure

2236 3576 2806 3669 ἁφῃρημένοικύριον,
2839 3599 2919 3662 εἰς
2944 3595 3164 3660 δούλους
3184 3596 3241 3650 δὲ
3270 3597 3497 3660 ἑαυτοὺς
3528 3597 3624 3651 καὶ
3660 3576 3837 3652 ὑπευ·

540 3689 790 3759 spoliati,
844 3704 947 3743 nos
1004 3688 1155 3758 ipsos
1196 3686 1253 3742 in
1314 3699 1599 3741 servorum
1640 3685 1987 3755 peccatisque
2034 3684 2135 3741 ob-

543 3784 834 3838 noxiorum
886 3781 1139 3836 ordinem
1177 3779 1617 3836 trauscribimus.
1660 3777 1960 3848 Propterea
2010 3778 2135 3833 illos

544 3874 803 3945 nequitiae
852 3874 1082 3942 spiritus
1130 3888 1240 3928 non
1300 3871 1622 3942 simpliciter
1684 3870 2031 3942 principatus
2081 3877 2138 3925 et

544 3973 872 4034 potestates,
915 3965 1010 4019 sed
1052 3965 1240 4020 mundi
1303 3973 1545 4021 rectores
1590 3974 1646 4022 et
1692 3963 1913 4035 quidem
1943 3963 2136 4019 mundi

549 4055 712 4126 hujus
728 4056 983 4126 appellat.
1001 4055 1259 4110 Mundum
1277 4070 1407 4110 vero
1423 4055 1511 4111 hic
1528 4053 1824 4126 non,,quod
1838 4053 1975 4110 alias
1989 4053 2137 4109 Scri-

544 4156 597 4218 pt
610 4163 719 4201 urte
736 4157 1011 4218 receptum
1032 4155 1352 4211 cst,structu
1362 4163 1475 4203 ram
1495 4163 1560 4203 ex
1577 4146 1739 4212 coelo,
1758 4146 2134 4217 terra,iisque,

546 4254 668 4307 qua:
687 4241 864 4294 media
895 4240 1263 4307 intercedunt,
1282 4249 1652 4306 constantem,
1673 4238 1909 4312 appellat
1931 4254 1947 4293 :
1968 4238 2133 4303 absit,

547 4338 609 4385 ut
666 4331 739 4384 ita
791 4340 1144 4396 statuamus;
1179 4330 1271 4385 sed
1328 4331 1599 4386 mundum
1648 4340 1809 4387 vocat
1859 4328 2134 4393 homines,

547 4422 855 4477 mundanas
910 4432 965 4477 et
1029 4423 1282 4477 carnales
1342 4422 1671 4491 cupiditates
1730 4429 2136 4487 consectantes,

548 4522 711 4583 atque
748 4528 812 4568 ea
838 4553 854 4579 ,
895 4528 1015 4583 qua:
1059 4513 1315 4569 sensibus
1354 4514 1713 4569 blandiuntur
1740 4553 1755 4578 ,
1788 4522 2139 4584 mentemque

534 4605 914 4664 .cli‘etninatam
964 4605 1223 4670 reddunt,
1250 4606 1639 4675 depereuntes.
1676 4603 1795 4661 Hoc
1823 4620 1987 4661 sensu
2019 4602 2139 4659 Sal-

547 4704 704 4750 vator
730 4696 798 4750 de
823 4696 1106 4765 discipulis
1150 4696 1268 4753 suis
1296 4697 1547 4763 dicebat,
1609 4714 1629 4749 ‹
1680 4695 1827 4768 quod
1867 4709 1978 4751 non
2029 4694 2141 4751 sint

537 4789 616 4859 vde
646 4789 905 4843 mundo‘.
927 4807 945 4840 ι
979 4787 1326 4845 Manifestum
1358 4790 1502 4845 enim
1534 4798 1655 4857 est,
1694 4788 1843 4860 quod
1882 4797 1937 4844 et
1964 4788 2043 4843 illi
2070 4787 2139 4843 ad

2237 3688 2430 3753 θύνους
2459 3689 2562 3760 τῆς
2621 3688 2899 3760 ἁμαρτίας
2947 3688 3316 3761 γραψάμενοι.
3359 3687 3461 3741 Διὰ
3517 3686 3683 3741 τοῦτο
3730 3689 3834 3759 οὐχ

2235 3780 2426 3843 ἁπλῶς
2450 3780 2519 3834 τὰ
2572 3780 2674 3851 τῆς
2708 3780 2979 3852 πονηρίας
3014 3779 3307 3850 πνεύματα
3357 3779 3458 3844 τὰς
3513 3780 3696 3850 ἀρχὰς
3734 3782 3836 3833 καὶ

2237 3871 2489 3937 ἐξουσίας
2525 3872 2705 3939 καλεῖ,
2747 3872 2884 3927 ἀλλά
2933 3871 3060 3935 τοὺς
3113 3870 3571 3941 κοσμοκράτορας
3600 3871 3699 3922 καὶ
3734 3869 3835 3922 τοῦ

2236 3964 2446 4035 κόσμου
2478 3964 2613 4035 (Ἰὲ).
2650 3965 2871 4035 Κόσμον
2917 3961 3181 4028 ἐνταῦθα,
3219 3961 3296 4025 ὡς
3327 3961 3450 4025 ἔθος
3481 3963 3547 4033 τῆ
3598 3962 3834 4031 Γραφῇ,

2235 4056 2299 4110 οὑ
2317 4057 2377 4110 τὸ
2398 4056 2794 4127 δημιούργημα
2815 4056 2877 4109 τὸ
2894 4054 2954 4120 ἐξ
2970 4053 3225 4126 οὐρανοῦ,
3250 4053 3345 4107 καὶ
3367 4053 3493 4125 γῆς,
3517 4052 3742 4122 καὶιτῶν
3776 4056 3834 4107 ἐν

2241 4147 2394 4220 μέσῳ
2436 4146 2733 4218 προαχθὲν,
2781 4147 2967 4217 ἄπαγε
2999 4162 3017 4179 ο
3056 4145 3203 4199 ἀλλὰ
3234 4147 3439 4216 κόσμον
3472 4146 3599 4210 τοὺς
3637 4147 3707 4199 τὰ
3738 4162 3834 4198 κο-

2241 4238 2419 4313 σμικὰ
2445 4240 2775 4313 φρονήματα
2805 4239 2901 4294 καὶ
2944 4238 3185 4311 σαρκικὰ
3223 4239 3705 4312 ἐπανῃρημένους,
3735 4239 3834 4292 καὶ

2237 4332 2377 4404 πρὸς
2431 4330 2503 4385 τὰ
2530 4331 2626 4395 τὰς
2682 4330 2967 4401 αἰσθήσεις
3016 4329 3283 4399 θέλγοντά
3339 4346 3402 4383 τε
3457 4331 3553 4384 καὶ
3592 4329 3831 4400 ἐκθηλύο

2240 4442 2401 4479 νοντα
2426 4424 2538 4496 (75)
2562 4423 2958 4496 ἐπτοημένους,
3005 4422 3127 4477 καθ’
3169 4422 3197 4475 ὃ
3236 4421 3642 4493 σημαινόμενον
3681 4422 3779 4475 καὶ
3804 4422 3833 4474 ὁ

2240 4514 2433 4585 Σωτὴρ
2456 4513 2667 4582 ἔλεγεν,
2700 4512 2833 4584 περὶ
2886 4515 2997 4565 τῶν
3030 4511 3314 4583 μαθητῶν,
3372 4530 3392 4563 ι
3442 4513 3524 4565 ὃτι
3557 4512 3659 4564 οὐκ
3691 4512 3831 4565 εἰσὶν

2240 4607 2307 4660 ἐκ
2340 4605 2433 4660 τοῦ
2460 4606 2691 4677 κόσμου.
2722 4624 2740 4657 ι
2769 4603 3009 4676 Εὔδηλον
3033 4604 3134 4676 μὲν
3152 4604 3283 4675 γὰρ,
3310 4603 3510 4657 ὃτιοκαὶ
3538 4594 3688 4654 οὗτοι
3716 4601 3831 4673 (74)

2241 4700 2308 4753 ἐκ
2335 4699 2429 4752 τοῦ
2463 4698 2952 4770 δημιουργήματος
2986 4692 3150 4769 ἦσαν,
3184 4695 3376 4766 ὥσπερ
3410 4694 3524 4767 (75)
3557 4694 3655 4748 καὶ
3694 4694 3836 4764 σύμ-

2243 4805 2352 4842 παν
2383 4789 2444 4841 τὸ
2466 4786 2808 4859 ἀνθρώπινον
2852 4787 3030 4857 γένος.
3069 4805 3089 4841 t
3138 4785 3281 4839 Ἀλλ’
3307 4787 3409 4839 οὐκ
3445 4780 3609 4856 ἦσαν,
3643 4786 3831 4853 φησιν,

547 4882 847 4947 mttndutn,
882 4890 1140 4949 tanquam
1175 4882 1454 4952 opificium
1488 4883 1584 4938 Dei
1612 4921 1627 4948 ,
1655 4883 1797 4939 sicut
1831 4892 2007 4940 totum
2040 4884 2125 4939 ho-

2242 4882 2308 4935 ἐκ
2337 4881 2432 4935 τοῦ
2463 4881 2723 4952 κόσμου,›
2757 4880 3057 4945 τουτέστιν,
3088 4878 3189 4933 οὐκ
3224 4874 3364 4950 ἦσαν
3393 4879 3461 4931 ἐκ
3489 4877 3599 4932 τῶν
3628 4878 3835 4948 ἐπτοη-

539 4975 757 5033 Jninum
794 4989 988 5043 genus,
1014 4973 1380 5042 pertinebant.
1417 4972 1684 5031 «Eosdem
1722 4989 1855 5030 vero
1881 4988 1945 5029 ex
1973 4988 2134 5028 mun-

540 5067 621 5121 cdo
660 5083 767 5121 non
798 5083 919 5122 esse
956 5086 975 5119 ›
1006 5069 1100 5131 ait,
1145 5068 1248 5121 hoc
1277 5075 1382 5132 est,
1419 5084 1525 5123 non
1568 5077 1726 5121 erant
1749 5084 1814 5123 ex
1858 5064 1966 5122 illis
1992 5106 2007 5129 ,
2041 5065 2136 5136 qui

552 5160 717 5216 ﬂuxis
742 5171 797 5216 et
827 5162 1078 5215 inanibus
1111 5162 1400 5216 mundanae
1424 5161 1680 5216 vanitatis
1710 5169 1764 5214 et
1798 5160 2011 5214 fraudis
2038 5159 2138 5212 de-

552 5251 850 5307 linimentis
890 5261 1236 5321 caperentur.
1288 5250 1463 5306 Voces
1505 5266 1670 5320 porro
1710 5251 1866 5313 illas,
1923 5251 1980 5303 ὲν
2025 5248 2141 5310 τοῖς

2245 4972 2423 5041 μένων
2445 4970 2582 5040 πρὸς
2601 4970 2671 5023 τὰ
2686 4969 2900 5041 φθαρτὰ
2940 4968 3033 5023 καὶ
3057 4967 3300 5039 ἐπίκηρα
3324 4967 3422 5037 τῆς
3439 4966 3713 5036 κοσμικῆς
3742 4983 3837 5037 μα-

2244 5065 2533 5135 ταιότητος
2557 5065 2653 5117 καὶ
2684 5064 2925 5133 ἀπάτης.
2962 5061 3037 5116 Τὸ
3060 5061 3139 5129 δέ,
3166 5080 3185 5113 ι
3214 5063 3273 5114 ὲν
3291 5061 3403 5124 τοῖς
3427 5062 3560 5113 ἐπου
3571 5059 3831 5131 ρανίοις,›

2246 5155 2390 5217 τινὲς
2425 5155 2526 5225 μὲν
2564 5155 2624 5207 τὸ
2670 5154 2966 5225 πρόχειρον
3008 5152 3121 5225 τοῦν
3157 5148 3544 5223 φιλανθρώπου
3571 5151 3840 5221 προτιμή-

2251 5262 2469 5311 σαντες,
2504 5245 2975 5317 μεταπλάττοντες
3000 5246 3101 5316 τὴν
3129 5244 3226 5315 τῆς
3263 5242 3465 5308 λέξεως
3493 5240 3690 5315 ἀρχὴν,
3715 5241 3837 5309 οὐκ,

641 5437 687 5467 ⁹⁹
720 5433 761 5489 Il
786 5434 913 5489 Cor.
951 5450 1051 5497 xu,
1076 5434 1163 5487 ll.
1240 5433 1257 5463 ί
1288 5431 1491 5503 prcs.
1521 5446 1599 5495 vr,
1640 5428 1729 5482 12.
1794 5430 1815 5460 ³
1848 5426 1891 5481 II
1922 5426 2069 5483 Pctr.
2102 5442 2167 5493 ιι,
2198 5426 2288 5482 I9.
2351 5426 2372 5458 ³
2397 5424 2556 5480 Joan.
2585 5441 2677 5492 xv,
2710 5426 2797 5480 l9.

2043 5544 2275 5601 NOT/E.
2346 5556 2353 5561 “

650 5643 739 5713 70)
770 5641 925 5713 Colb.
948 5656 1047 5711 pro
1079 5639 1531 5713 ὑποσπορεῖσθαι.

652 5710 740 5781 7i)
766 5710 990 5765 ἐκείνων
1018 5710 1215 5781 scripsi
1240 5728 1337 5781 pro
1360 5712 1567 5781 ἐκεῖνα.

630 5777 745 5853 (72)
779 5781 1063 5838 Excidisse
1088 5777 1219 5853 puto
1240 5777 1456 5835 τούτου.
1488 5779 1580 5836 Sic
1608 5777 1758 5837 enim
1805 5778 1973 5835 habet
2002 5794 2141 5836 con-

559 5856 763 5915 textus.

2455 5633 2634 5708 Coile
2673 5633 3059 5705 ὲνθηλύνοντα.

2323 5699 2436 5777 (74)
2460 5705 2554 5757 καὶ
2578 5699 2749 5771 οὗτοι,
2776 5699 2965 5777 addidi
3006 5723 3072 5761 ex
3107 5702 3267 5759 Colb.

2316 5776 2427 5847 (⁵15)
2461 5777 2602 5831 idem
2633 5790 2732 5846 pro
2756 5776 2852 5842 ὡς.
