4072 6444
304 371 413 438 ’113

1230 372 1332 434 AD
1372 370 1964 435 AMPHILOCHIUM
2000 371 2346 443 QUEESTIO
2373 373 2642 434 CXXIII:

3477 364 3585 437 7M

317 478 663 551 ἐπουρανίοις
686 477 823 549 (76),
846 477 985 547 ἀλλ’,
1003 478 1376 551 ὐπουρανίοις,
1398 482 1769 548 ἐξακούουσιν,
1791 484 1893 554 οὐχ

2019 483 2339 552 ηπουρανίοιξ
2374 484 2645 549 nonnulli,
2675 482 2752 548 id,
2775 482 2920 554 quod
2953 483 3191 554 primum
3220 482 3440 539 obvium
3473 495 3577 548 est,

310 574 487 635 οὕτως
515 572 616 641 τῆς
648 572 801 644 ἱερᾶς
824 573 983 643 ήμῶν
1006 573 1229 643 Γραφῆς
1252 575 1506 647 ἐχούσης,
1545 578 1638 631 καί
1668 596 1800 648 φασι
1828 580 1897 633 τὰ

310 667 567 737 δαιμόνια
592 667 878 721 καλεῖσθαι
913 669 1241 739 ὐπουράνια,
1279 670 1525 724 τουτέστι
1552 669 1622 723 τὰ
1648 688 1897 740 πνευμα-

313 758 444 812 τικὰ
468 760 565 830 τῆς
589 761 878 830 πονηρίας.
903 758 1014 812 Καὶ
1040 760 1150 827 γὰρ
1174 760 1277 814 κᾶν
1296 778 1354 814 τε
1376 763 1506 833 περὶ
1526 762 1689 833 ἀέρα,
1719 763 1820 818 κᾶν
1838 781 1897 819 τε

317 850 447 919 περὶ
478 849 585 921 γῆν
615 851 793 904 αὐτῶν
828 852 859 920 ἡ
896 849 1174 921 διατριϐὴ,
1198 852 1351 906 οὐδὲν
1371 847 1535 923 ἦττον
1566 856 1634 908 ἃν
1661 844 1900 928 ὑπουρὰ-

316 957 407 994 νια
437 939 650 1012 ῥηθείη.
692 938 855 993 Ἀλλὰ
904 941 1113 994 τούτων
1176 942 1274 1011 μὲν
1303 943 1407 996 κᾶν
1454 944 1487 1014 ἡ
1542 944 1752 999 διάνοια
1797 947 1901 1000 οὐκ

317 1032 544 1101 ἀσεϐὴς,
599 1033 751 1100 ὅμως
779 1033 810 1087 ὁ
858 1034 1257 1104 μεταπλασμὸς
1295 1035 1395 1089 οὐκ
1429 1036 1679 1108 εὐσεϐής.
1713 1039 1787 1092 υύ
1820 1040 1902 1092 δεῖ

317 1124 424 1193 γὰρ
454 1124 566 1177 οὐδ’
594 1124 754 1191 ὅλως,
783 1126 893 1179 οὐδ’
928 1126 1015 1194 ἐφ’
1049 1127 1131 1181 ἐνὶ
1175 1128 1486 1199 γράμματι,
1541 1133 1902 1203 παραχαράτ-

314 1230 430 1265 τειν
468 1214 569 1275 τὰς
598 1213 772 1280 λέξεις
800 1213 901 1278 τὰς
935 1217 1109 1285 ἱερὰς,
1165 1217 1405 1286 μάλιστά
1429 1235 1491 1286 γε
1519 1219 1630 1289 (77)
1682 1222 1764 1274 ὅτι
1805 1221 1903 1275 καὶ

315 1304 415 1373 τῆς
442 1305 915 1376 ἀπαραχαράκτου
943 1308 1144 1375 λέξεως
1167 1309 1420 1379 ἐχούσης,
1443 1310 1517 1374 ὡς
1545 1311 1704 1382 ἔφην,
1735 1314 1905 1383 ἀνεμ-

315 1394 590 1459 ποδίστως
642 1397 809 1468 ἡτοῦ
870 1399 1035 1469 ῥητοῦ
1086 1400 1305 1470 πρόεισι
1351 1402 1579 1455 διάνοια.
1642 1404 1750 1458 Καὶ
1794 1405 1904 1476 γὰρ

316 1488 621 1559 ἐπουράνια
650 1490 745 1545 καὶ
779 1491 849 1543 τὰ
879 1491 1030 1555 ἐντὸς
1065 1491 1162 1544 τοῦ
1214 1492 1444 1563 οὐρανοῦ
1493 1493 1683 1549 εἴωθεν
1718 1498 1907 1551 καλεῖ-ε

320 1581 469 1646 σθαι,
505 1576 617 1635 οἷον
640 1584 668 1635 ὁ
697 1583 806 1653 ἀήρ
828 1599 843 1614 α
881 1584 976 1637 καὶ
1008 1585 1161 1637 οὐδὲν
1184 1585 1405 1653 κωλύει,
1438 1586 1507 1639 τὰ
1530 1591 1587 1641 ἐν
1610 1587 1760 1661 αὐτῷ
1791 1590 1907 1644 δια-

317 1670 576 1739 τρίϐοντα
610 1672 743 1743 (78),
770 1674 1019 1728 τουτέστι
1055 1675 1124 1729 τὰ
1146 1676 1494 1746 πνευματικὰ
1513 1679 1612 1748 τῆς
1637 1681 1908 1752 πονηρίας

318 1765 603 1833 δαιμόνια,
638 1765 749 1821 ἀπὸ
777 1767 876 1838 τῆς
903 1769 963 1822 ἐν
1009 1767 1159 1838 αὐτῷ
1178 1768 1463 1841 διατριϐῆς
1488 1769 1664 1836 οὕτως
1707 1773 1907 1844 ὀνομά-

317 1855 532 1922 ζεσθαι.

395 2157 755 2226 Πνευματικὰ
783 2155 843 2210 δὲ
873 2154 1111 2228 εἴρηται,
1158 2156 1240 2210 ὅτι
1283 2155 1491 2227 σαρκὸς
1537 2156 1634 2211 καὶ
1678 2158 1911 2228 αἵματος

312 2251 378 2303 οὐ
413 2250 652 2319 μετέχει,
682 2248 818 2302 ἀλλὰ
850 2249 1014 2303 ἄῦλόν
1044 2267 1167 2303 τινα
1190 2250 1283 2302 καὶ
1314 2249 1561 2320 ἅσαρκον
1598 2248 1696 2321 τὴν
1719 2250 1911 2303 οὐσίαν

317 2343 415 2396 ἀπ’
443 2341 621 2412 ἀρχῆς
664 2339 1069 2411 ἐκληρώσαντο.
1109 2340 1559 2412 Ἀκολουθότερον
1595 2344 1641 2396 δ’
1696 2343 1761 2396 ἄν
1823 2359 1910 2406 τις

317 2434 416 2487 καὶ
444 2432 538 2485 τοῦ
590 2430 962 2502 προκειμένου
1001 2432 1160 2504 φαίη,
1197 2433 1275 2495 ὡς
1327 2434 1630 2504 ἐπουράνια
1677 2433 1911 2488 ἐνταῦθα

315 2526 419 2594 τὴν
466 2523 750 2577 εὐσέϐειάν
793 2539 854 2577 τε
884 2523 982 2577 καὶ
1035 2524 1136 2588 τὰς
1165 2524 1372 2596 ἀρετὰς
1404 2526 1754 2596 ἐπωνόμασε.
1802 2527 1913 2582 Καὶ

318 2618 431 2688 γὰρ
458 2618 547 2671 διὰ
574 2616 749 2671 ταῦτα.
781 2617 879 2687 τὴν
903 2616 1014 2671 τῶν
1033 2616 1283 2688 οὐρανῶν
1309 2618 1787 2689 κληροδοτούμεθα
1813 2620 1906 2690 βα-

322 2711 552 2775 σιλείαν,
581 2711 675 2762 καὶ
700 2709 817 2762 ἐστι
853 2711 987 2780 ἡμῖν
1013 2711 1047 2780 ἡ
1073 2710 1220 2781 πάλη
1248 2726 1268 2761 ι
1307 2708 1446 2779 πρὸς
1464 2711 1534 2764 τὰ
1562 2711 1914 2781 πνευματικὰ

316 2804 423 2871 τῆς
450 2803 715 2873 πονηρίας
746 2820 763 2852 ι
798 2802 857 2854 ἐν
878 2802 997 2864 ταῖς
1014 2802 1237 2871 ἀρεταῖς
1260 2816 1321 2853 τε
1347 2803 1441 2855 καὶ
1464 2802 1523 2855 ἐν
1545 2804 1612 2875 τῇ
1635 2802 1909 2874 εὐσεϐείᾳ,

320 2894 483 2966 ἡμῶν
514 2893 614 2964 μὲν
642 2892 943 2962 κατορθοῦν
966 2892 1143 2947 ταῦτα
1192 2892 1627 2960 σπουδαζόντων,
1683 2897 1911 2951 ἐκείνων

320 2990 380 3045 δὲ
429 2989 520 3042 τὸν
573 2988 799 3041 δυνατὸν
847 2987 1036 3051 αὐτοῖς
1091 2987 1296 3057 τρόπον
1353 2989 1762 3057 ἀντιτιθέντων,
1816 2992 1913 3044 καὶ

324 3081 504 3134 πάντα
541 3079 779 3150 πόλεμον
812 3079 924 3151 (79)
951 3079 1382 3151 ἀναδεχομένων.
1416 3083 1507 3135 Διὸ
1534 3084 1713 3153 σοφῶς
1741 3082 1855 3154 (80)
1885 3087 1913 3137 ὁ

2007 572 2123 638 illi,
2159 574 2303 643 quod
2332 575 2627 631 humanius
2670 586 2785 642 εει,
2824 574 3174 646 prml‘erentes
3198 616 3211 639 ,
3245 584 3456 631 mutato
3486 590 3583 632 vo-

2006 667 2087 723 cis
2114 667 2266 722 initio
2294 684 2402 722 non
2436 668 2785 738 ἐπουρανίοις
2806 709 2821 732 ,
2852 670 2948 724 εει1
2985 669 3335 742 ὑπουρανίιοις
3398 670 3588 740 legunt

2007 760 2281 829 (quamvis
2309 760 2382 813 ita
2405 760 2623 829 quidem
2643 760 2860 815 codices
2886 760 3031 815 sacri
3049 776 3160 814 non
3187 760 3471 829 habeant),
3498 760 3585 813 di-

2006 863 2250 923 cuntque
2291 852 2561 908 daemonia
2608 853 2949 923 ὑπουράνια,
3016 854 3118 907 hoc
3151 863 3234 908 est
3280 852 3586 920 spiritantia

2008 947 2276 1017 nequitiw,
2310 944 2591 1014 appellari.
2610 943 2873 1009 Quamvis
2896 942 3038 997 enim
3069 944 3183 999 sive
3207 943 3355 998 circa
3379 957 3585 1002 aerem,

2008 1040 2124 1094 sive
2173 1038 2321 1092 circa
2370 1046 2568 1091 terram
2621 1035 2708 1089 illa
2757 1042 3081 1099 versentur,
3121 1034 3377 1102 utrinque
3416 1032 3588 1085 ὑπου-

2012 1132 2172 1205 ρανία
2204 1128 2391 1186 vucari
2432 1124 2612 1198 poSse.
2646 1126 2752 1181 Sed
2786 1142 3097 1195 quanquam
3131 1126 3244 1179 haec
3273 1140 3463 1179 eorum
3497 1140 3591 1179 co-

2010 1229 2179 1301 gitata
2222 1240 2331 1279 non
2378 1223 2543 1292 impia
2586 1224 2717 1283 sint,
2752 1220 2982 1274 mutatio
3019 1229 3198 1272 tamen
3232 1217 3323 1271 illa
3370 1232 3476 1270 non
3508 1227 3593 1270 est.

2012 1323 2125 1393 pia.
2186 1318 2350 1372 Nullo
2402 1315 2546 1368 enim
2609 1312 2816 1377 modo,
2870 1327 2942 1366 ne
3000 1311 3070 1365 ad
3146 1326 3311 1363 unam
3371 1310 3593 1379 quidem

2010 1416 2249 1471 litteram
2298 1408 2568 1465 dictiones
2598 1420 2787 1461 sacras
2820 1412 3034 1458 mutare
3066 1403 3145 1457 ras
3172 1410 3278 1465 est,
3315 1402 3591 1470 inprimis,

2012 1524 2137 1564 cum
2166 1523 2231 1563 ex
2260 1504 2493 1559 lectione
2519 1540 2535 1565 ,
2575 1514 2740 1567 quam
2781 1496 2893 1550 dixi
2920 1539 2935 1562 ,
2968 1496 3119 1550 salva
3169 1503 3224 1550 et
3266 1495 3593 1548 intemerata

2015 1595 2340 1654 commodus
2392 1592 2496 1647 loci
2537 1604 2733 1645 sensus
2784 1589 3028 1657 prodeat.
3073 1585 3410 1656 Ἐπουράνια
3446 1585 3593 1639 enim

2015 1692 2176 1747 etiam
2230 1688 2321 1742 illa
2374 1683 2555 1740 vocari
2594 1682 2805 1744 solent,
2857 1696 2979 1748 qua:
3024 1678 3166 1733 coelo
3215 1677 3592 1739 continentur,

2016 1782 2165 1838 verbi
2200 1794 2367 1836 causa
2402 1792 2495 1831 aer
2528 1794 2540 1828 :
2578 1774 2824 1842 nihilque
2848 1775 3030 1826 obstat
3121 1770 3443 1841 quominus,
3476 1784 3597 1838 quas

2012 1874 2069 1928 in
2109 1870 2249 1926 caelo
2296 1874 2628 1929 versantur,
2690 1866 2795 1916 hoc
2840 1870 2923 1916 est
2963 1859 3274 1929 spiritualia
3333 1858 3597 1929 nequitia:

2010 1964 2300 2030 daemonia,
2354 1978 2385 2017 a
2417 1975 2513 2015 sua
2567 1959 2620 2013 in
2670 1957 2765 2011 illo
2808 1954 3239 2011 commoratione
3285 1952 3359 2007 ita
3413 1952 3599 2021 appel;

2011 2059 2212 2113 lentur.

2086 2146 2401 2219 Spiritualia
2431 2158 2561 2198 vero
2602 2149 2890 2205 vocantur,
2930 2138 3076 2209 quod
3124 2154 3344 2193 carnem
3385 2147 3440 2192 et
3469 2151 3602 2192 sau-

2013 2242 2233 2313 guinem
2279 2254 2387 2293 non
2424 2236 2645 2299 habent,
2695 2233 2788 2288 sed
2827 2233 2897 2286 ab
2940 2232 3096 2286 initio
3137 2232 3435 2286 essentiam
3479 2246 3600 2283 ma-

2014 2333 2161 2389 teriae
2180 2340 2233 2385 ct
2262 2330 2448 2385 carnis
2484 2337 2762 2397 expertem
2792 2335 2952 2381 nacta
2994 2332 3142 2379 sunt.
3178 2322 3248 2377 At
3278 2331 3602 2391 argumento

2013 2423 2426 2483 convenientius
2455 2422 2680 2484 dixeris,
2714 2418 3019 2489 ἐπουράνια
3049 2418 3151 2471 hoc
3189 2418 3310 2470 loco
3345 2416 3599 2485 pietatem

2012 2528 2065 2574 et
2089 2519 2316 2573 virtutes
2366 2514 2648 2586 appellari.
2706 2511 2937 2581 Propter
3006 2510 3099 2564 illa
3165 2509 3311 2564 enim
3371 2524 3600 2579 regnum

2015 2613 2279 2669 ctelorum
2332 2608 2732 2679 adipiscimur,
2798 2607 3057 2675 luctaque
3110 2604 3247 2659 adeo
3308 2604 3469 2658 nobis
3521 2611 3605 2656 est

2020 2726 2039 2758 ι
2070 2705 2334 2760 adversus
2382 2700 2689 2771 spiritualia
2728 2699 2987 2769 nequitia:
3020 2717 3038 2750 ι
3090 2698 3145 2752 in
3176 2697 3442 2750 virtutum
3488 2695 3604 2764 pie-

2013 2799 2256 2867 tatisque
2304 2794 2507 2858 studio,
2542 2791 2765 2861 quando
2812 2806 2914 2845 nos
2961 2789 3182 2859 quidem
3236 2786 3345 2843 illis
3381 2801 3604 2857 operam

2014 2893 2232 2954 damus,
2295 2888 2387 2942 illa
2446 2900 2603 2948 vero,
2651 2882 2834 2953 quoad
2875 2887 3131 2952 possunt,
3182 2894 3242 2935 se
3300 2887 3606 2948 opponunt,

2015 2995 2069 3040 et
2098 2983 2298 3038 bellum
2349 2978 2716 3047 undequaque
2750 2982 2989 3027 movent.
3022 2970 3320 3041 Propterea
3358 2983 3606 3023 commu-

2016 3076 2103 3131 nis
2144 3074 2294 3129 orbis
2339 3072 2534 3126 doctor
2579 3067 2855 3136 sapienter
2900 3073 2956 3118 et
3000 3065 3393 3117 convenienter
3425 3058 3604 3114 dixit:

324 3171 430 3240 τῆς
477 3171 805 3240 οἰκουμένης
864 3155 1189 3234 διδάσκαλος
1218 3172 1343 3225 λκαὶ
1369 3172 1643 3243 ἁρμοδίως
1679 3174 1804 3245 ἔφη,
1838 3153 1914 3241 (ὡς

2032 3188 2049 3219 ι
2081 3167 2201 3222 Non
2245 3173 2330 3219 est
2364 3161 2524 3218 nobis
2555 3159 2700 3214 lucta
2743 3157 3011 3212 adversus
3044 3153 3367 3224 sanguinem
3406 3160 3460 3205 et
3485 3165 3609 3205 car-

330 3279 351 3312 ι
389 3262 503 3315 Οὐκ
523 3260 668 3314 ἔστιν
685 3263 816 3332 ἡμῖν
848 3262 883 3333 ἡ
911 3262 1058 3332 πάλη
1091 3262 1228 3333 πρὸς
1256 3257 1396 3333 αἷμα
1426 3264 1521 3317 καὶ
1541 3265 1740 3336 σάρκα,
1778 3267 1917 3321 ἀλλὰ

2024 3275 2172 3325 nem,
2217 3255 2313 3312 sed
2347 3254 2616 3309 adversus
2663 3248 2973 3320 spiritualia
3008 3246 3291 3315 nequitiae,
3327 3263 3345 3294 »
3378 3243 3484 3297 hoc
3528 3252 3613 3296 est

323 3354 466 3423 πρὸς
499 3358 569 3407 τὰ
610 3355 959 3423 πνευματικὰ
992 3355 1093 3426 τῆς
1123 3355 1412 3426 πονηρίας,
1452 3374 1472 3408 ι
1526 3334 1795 3425 τουτέστι,
1849 3362 1914 3414 τὰ

2021 3352 2287 3406 adversus
2314 3345 2607 3409 daemonia,
2639 3357 2742 3398 nec
2776 3340 2930 3396 carni
2975 3353 3077 3394 nec
3114 3334 3367 3407 sanguini
3394 3336 3608 3405 juncta.

328 3447 469 3514 μήτε
495 3445 660 3516 σαρκὶ
692 3447 834 3517 μήτε
872 3423 1069 3517 αἵματι
1100 3423 1464 3516 συνδεδεμένα
1503 3423 1789 3520 δαιμόνια..
1809 3452 1914 3506 Καὶ

2021 3443 2233 3499 Bellum
2272 3453 2403 3495 vero
2441 3437 2575 3492 illud
2617 3435 2671 3489 in
2705 3433 2908 3504 quibus
2948 3440 3003 3486 et
3044 3430 3114 3486 de
3152 3428 3354 3498 quibus
3394 3427 3563 3497 agitur
3589 3423 3615 3475 ?

323 3537 447 3590 τότε
478 3537 535 3590 ἐν
562 3540 675 3592 τίσι
706 3538 803 3593 καὶ
842 3539 973 3609 περὶ
998 3539 1163 3592 τίνων
1211 3541 1239 3593 ὀ
1280 3540 1558 3611 πόλεμος;
1600 3519 1631 3592 ι
1682 3542 1771 3595 Ἐν
1804 3548 1914 3608 τοῖς

2028 3556 2048 3589 ι
2083 3537 2137 3590 In
2168 3532 2505 3597 ccelestibus,
2532 3548 2551 3581 ι
2583 3527 2787 3598 inquit,
2814 3526 2919 3580 hoc
2948 3532 3031 3580 est
3054 3522 3111 3576 in
3141 3521 3251 3575 illis
3280 3519 3468 3579 rebus,
3489 3534 3613 3586 qua:

324 3630 696 3701 ἐπουρανίοις,
745 3651 764 3684 ι
825 3631 1014 3701 φησὶν,
1064 3631 1348 3686 τουτέστιν
1377 3634 1436 3687 ἐν
1476 3636 1589 3697 τοῖς
1631 3636 1921 3704 προξένοις

324 3721 423 3776 τοῦ
452 3724 706 3793 οὐρανίου
742 3722 1126 3794 σκηνώματος,
1183 3725 1321 3796 ὅπερ
1379 3725 1551 3792 ἐστὶν,
1582 3728 1659 3791 ὡς
1683 3728 1920 3800 εἴρηται,

325 3817 365 3885 ἡ
395 3815 669 3883 εὐσέϐεια,
692 3817 786 3869 καὶ
812 3816 919 3870 τῶν
950 3817 1163 3889 ἀρετῶν
1192 3820 1220 3872 ὁ
1251 3819 1432 3889 χορός.
1460 3821 1525 3874 Εἰ
1550 3820 1609 3873 δέ
1640 3838 1726 3886 τις
1777 3822 1918 3895 (81),

335 3927 357 3961 ι
402 3910 460 3962 ἐν
490 3911 603 3973 τοῖς
636 3909 985 3979 ἐπουρανίοις
1023 3927 1043 3962 ›
1081 3914 1506 3983 προχειρότερον
1541 3914 1796 3969 ἐκλαϐεῖν
1829 3915 1920 3970 θέ-

330 4005 415 4057 λοι
448 4003 617 4075 αὐτὴν
642 4004 745 4076 τὴν
775 4004 1099 4074 ἐπουράνιον
1128 4007 1436 4071 κατοικίαν,
1463 4008 1559 4061 καὶ
1587 4008 1730 4062 οὕτω
1761 4008 1873 4079 (82)
1896 4010 1926 4062 ὁ

326 4093 433 4163 τῆς
467 4093 748 4159 εὐσεϐείας
795 4096 921 4161 νοῦς
964 4096 1260 4153 εὐοδοῦται.
1296 4099 1406 4152 Καὶ
1442 4098 1548 4169 γὰρ
1578 4101 1612 4171 ἡ
1652 4100 1791 4169 πρὸς
1820 4100 1925 4154 αὐ-

329 4183 461 4248 τούς
490 4186 608 4238 ἐστι
643 4186 812 4258 πάλη,
842 4189 875 4259 ἡ
886 4188 1002 4259 μῶν
1034 4189 1133 4259 μὲν
1159 4189 1581 4259 ἀγωνιζομένων
1610 4193 1796 4261 τυχεῖν
1826 4191 1927 4263 τῆς

328 4275 585 4346 οὐρανίου
615 4276 991 4349 κληροδοσίας,
1021 4280 1245 4335 ἐκείνων
1266 4281 1322 4334 δὲ
1356 4283 1452 4334 τοῦ
1497 4282 1765 4353 στερῆσαι
1792 4281 1930 4337 ταύ-

327 4382 437 4437 της
462 4367 556 4420 καὶ
586 4367 753 4438 ἡμᾶς,
784 4367 845 4434 ἐξ
869 4363 935 4440 ἧς
966 4370 1118 4422 αὐτοὶ
1149 4366 1676 4423 καταπεπτὼκασιν.

888 4459 1223 4513 ΕΡΩΤΗΣΙΣ
1264 4458 1392 4512 Kl".

331 4550 442 4606 Διὰ
466 4549 525 4603 τί
555 4550 809 4619 Πράξεις
867 4550 988 4605 τῶν
1031 4552 1394 4605 ἀποστόλων
1443 4548 1831 4618 ἐπιγράφεται
1862 4548 1931 4604 τὸ

403 4622 674 4685 βιϐλίον.
725 4622 989 4689 καίτοιγε
1029 4624 1101 4676 οὺ
1130 4620 1250 4673 τῶν
1278 4620 1508 4673 δώδεκα
1534 4620 1783 4687 πράξεις
1816 4635 1923 4689 πε-

403 4693 615 4760 ριέχει,
647 4692 807 4746 ἀλλὰ
830 4688 959 4745 κατ’
983 4692 1177 4761 ἀρχὰς
1198 4692 1315 4760 μὲν
1343 4692 1613 4761 θαύματα
1636 4690 1736 4743 καὶ
1767 4688 1926 4761 διδα-

409 4758 682 4833 σξώλίαν
715 4763 932 4833 ὀλίγην
961 4758 1093 4833 (85)
1117 4758 1267 4833 ubi:
1285 4758 1669 4827 ἀποστόλων,
1701 4758 1926 4833 ἐφεξῆς

410 4832 482 4885 δὲ
502 4837 589 4898 εὶς
627 4831 876 4887 Παῦλον
896 4831 1147 4886 κινεῖται
1184 4831 1355 4889 πᾶσα
1380 4833 1418 4900 ἡ
1450 4831 1819 4901 πραγματεία
1836 4846 1855 4894 ;

2025 3628 2249 3685 caeleste
2294 3620 2668 3678 habitaculum
2716 3617 2878 3672 nobis
2913 3612 3231 3671 conciliant.
3279 3609 3442 3665 Tales
3481 3624 3614 3661 vero

2026 3728 2174 3783 sunt,
2216 3726 2275 3773 ut
2309 3714 2582 3770 monitum
2630 3718 2735 3777 est,
2784 3710 2961 3780 pietas
3000 3716 3056 3762 et
3089 3705 3357 3759 virtutum
3386 3704 3611 3758 chorus.

2026 3810 2085 3865 Si
2129 3809 2253 3878 quis
2297 3818 2426 3861 vero
2470 3800 2719 3874 phrasin,
2775 3816 2795 3852 ι
2825 3800 2881 3854 in
2934 3796 3277 3862 ccelestibus,
3312 3810 3333 3846 ι
3383 3792 3617 3864 prepius

2026 3898 2280 3968 accipere
2329 3894 2487 3949 malit
2514 3892 2584 3948 de
2630 3889 2842 3947 caelesti
2882 3887 3242 3954 habitatione,
3285 3894 3341 3941 et
3371 3884 3450 3939 sic
3475 3897 3618 3953 quo-

2026 4005 2134 4061 que
2164 3994 2355 4044 sancta
2372 3984 2530 4040 Pauli
2561 3997 2716 4037 mens
2746 3979 3124 4051 perspicietur.
3152 3977 3325 4032 Lucta
3354 3976 3501 4029 enim
3522 3973 3620 4027 ad-

2025 4094 2225 4137 versus
2245 4078 2527 4132 daamonas
2559 4071 2880 4142 suscipitur,
2913 4070 3072 4124 nobis
3098 4068 3323 4138 quidem
3354 4066 3419 4121 ad
3453 4065 3621 4120 easie-

2028 4181 2170 4229 stem
2198 4167 2573 4224 haereditatem
2598 4159 3080 4223 contendentibus,
3108 4157 3219 4213 illis
3243 4170 3375 4211 vero
3401 4154 3620 4222 eadem,

2030 4279 2141 4337 qua
2174 4262 2279 4334 ipsi
2307 4258 2657 4321 exciderunt,
2686 4254 2853 4311 etiam
2885 4267 2991 4309 nos
3018 4252 3242 4323 privare
3271 4246 3621 4304 conantibus.

2033 4439 2363 4514 QUIESTIO
2401 4435 2611 4495 cxxm
2650 4433 2839 4506 [CoisL
2888 4429 3098 4495 chv,
3146 4428 3312 4485 Taur.
3363 4424 3619 4499 CXLIV}.

2038 4540 2216 4608 Quare
2262 4535 2394 4589 liber
2421 4531 2655 4608 Ac‘tuum
2685 4525 3118 4608 .apostolicorum
3167 4523 3249 4575 ita
3292 4520 3625 4582 inscribitur,

2106 4625 2227 4664 cum
2270 4616 2444 4659 tamen
2474 4600 2749 4654 duodecim
2788 4596 3169 4665 apostolorum
3205 4602 3326 4646 acta
3370 4606 3473 4665 non
3501 4606 3627 4665 con—

2106 4662 2292 4737 tineat,
2345 4674 2434 4727 sed
2487 4671 2641 4724 initio
2681 4662 2895 4739 quidem
2945 4664 3207 4719 miracula
3252 4672 3301 4716 et
3354 4662 3627 4739 doctrinas

2105 4730 2304 4820 paucas
2340 4730 2952 4820 apostoloruninpostea
2982 4752 3102 4791 vero
3138 4742 3251 4788 tota
3283 4734 3535 4788 tractatio
3572 4730 3630 4783 in

2110 4810 2344 4877 Paulum
2377 4810 2764 4868 convertatur?

482 4944 740 4994 Editarum
765 4961 793 4993 ει
828 4944 1006 4993 Wolﬁo
1026 4949 1194 4993 octava
1220 4942 1275 5005 (Ι.
1302 4954 1367 5003 ε.,
1390 4955 1439 5003 p.
1461 4941 1690 4991 750-752.
1714 4938 1939 4989 Galland.
1961 4951 2013 5001 p.
2050 4934 2164 4991 722,
2186 4929 2296 4988 725,
2316 4940 2369 4976 n.
2393 4922 2497 5000 Ἡ).
2519 4948 2582 4957 -
2603 4920 2679 5005 De
2703 4916 2852 4968 titulo
2872 4919 3091 5005 Aetnam
3116 4915 3475 5005 apostolorum.

414 5028 541 5082 ’Ὁτι
563 5027 822 5100 Πράξεις,
854 5027 1020 5097 φησὶν
1046 5026 1182 5097 (84),
1208 5026 1317 5081 τῶν
1354 5024 1671 5079 ἀποστόλων
1698 5025 1825 5090 ἐπιγ
1837 5022 1926 5092 ρά-

338 5120 586 5192 φεταιτὺ
616 5120 846 5191 βιϐλίον,
877 5118 1124 5188 καίτοιγε
1168 5117 1230 5171 οὐ
1273 5117 1383 5172 τῶν
1434 5115 1647 5170 δώδεκα
1695 5113 1930 5187 πράξεις

2109 5016 2348 5070 Actuum
2402 5004 2860 5078 apostolieorum,
2916 5000 3116 5070 inquit,
3171 4999 3309 5053 liber
3368 5003 3619 5057 vocatur,

2036 5106 2291 5181 quamvis
2332 5100 2622 5158 duodecim
2654 5096 3031 5168 apostolorum
3064 5101 3187 5149 acta
3232 5106 3343 5147 non
3381 5093 3627 5161 comple-

1864 5202 2102 5261 NOTAE.

410 5307 524 5376 (76)
545 5308 597 5362 ld
627 5306 854 5377 quidem
880 5308 934 5361 in
954 5303 1522 5377 nullocodiceiadhue
1538 5302 1819 5357 inventum
1838 5310 1941 5357 cst.

340 5375 709 5449 Guudlingius
757 5388 941 5433 tamen
979 5380 1052 5432 ita
1112 5375 1499 5449 legi_volebat_,
1544 5383 1736 5449 contra
1780 5387 1944 5449 quem

339 5449 490 5510 vule,
525 5442 648 5517 qua:
682 5450 738 5503 in
760 5450 927 5502 Curis
962 5449 1097 5502 meis
1119 5442 1192 5500 ad
1229 5445 1432 5515 Ephes.
1474 5444 1512 5497 l.
1550 5457 1600 5499 c.
1640 5442 1942 5513 disputavi.

443 5521 531 5587 77)
553 5519 711 5574 Colb.
739 5532 889 5573 recte
936 5535 1035 5589 pro
1068 5517 1336 5589 κάλλιστά
1357 5532 1461 5589 γε.-
1782 5562 1789 5565 .

448 5582 534 5657 78)
571 5582 1014 5659 διατρίϐονταέν
1036 5587 1208 5657 αὐτῷ,
1244 5603 1311 5642 ex
1346 5582 1503 5640 Colb.
1526 5582 1729 5639 addidi.

423 5659 537 5731 (79)
572 5662 716 5731 Idem
742 5676 842 5729 pro
867 5659 1153 5731 πολέμιον.

2116 5294 2229 5367 (82)
2254 5293 2398 5367 οὔτω
2427 5289 2634 5367 scribo,
2668 5303 2771 5361 pro
2800 5279 2978 5367 οὗτος.

2269 5365 2461 5449 ὀλίγην
2494 5348 3342 5449 habet‘apographétmumenm:

2042 5426 2271 5495 Coislin.
2300 5426 2487 5491 codice
2512 5426 2745 5501 petitum
2778 5426 2932 5501 puto.
2960 5426 3343 5501 E_x__eo‘ta_men
3365 5428 3637 5501 praestan-

2043 5490 2826 5564 tissimusMontéfalconius,
2868 5514 2923 5569 p.
2982 5497 3085 5569 537
3138 5497 3337 5569 όλίγων
3370 5490 3634 5569 exhibet.

2044 5579 2225 5634 Malim
2258 5576 2490 5631 alterum
2530 5572 2685 5625 illttd.
2729 5566 3031 5625 Mox—cnim
3070 5566 3332 5621 inlimiue
3361 5566 3637 5634 tractatio-

2053 5632 2175 5705 ms.
2199 5648 2388 5701 itidem
2415 5641 2861 5714 ίιεείιιιι-ᾼόλλίγην,
2918 5648 2973 5694 et
2999 5638 3162 5714 paulo
3217 5632 3638 5714 ρθδιβιήγησις

573 5706 1256 5798 ἕέι·”ίιῷὲὶὶᾶὗίἧ”ντο
1315 5726 1499 5798 σοφός,
1560 5723 1708 5798 quod
1760 5733 1847 5783 cst
1889 5722 1914 5779 i1

2052 5721 2152 5789 τῆς
2185 5706 2534 5776 διδασκαλίας
2560 5712 2649 5803 ἐπ’
2675 5706 2855 5803 ὀλίγον
2897 5706 3324 5803 παραῖείνεσθιαιι
3345 5706 3565 5803 dicituil'.

2135 5788 2239 5803 ‘n"
2278 5787 2315 5803 ,Ἴ
2389 5786 2401 5803 Ι
2432 5799 2449 5803 Α
2470 5799 2487 5803 Α
2513 5798 2604 5803 --Αμ
2631 5798 2675 5803 -.ι
2738 5792 2941 5803 -_a-_....
2986 5794 3043 5803 ,Α
3091 5790 3204 5803 gn“-
3333 5784 3501 5803 ,ιι-...ιι
3547 5789 3557 5803 ι

349 5804 584 5859 Coislin.

428 5874 541 5955 (8t)
575 5890 655 5936 τις
681 5871 838 5928 Colb.
861 5880 1009 5928 recte
1049 5883 1149 5941 pro
1176 5868 1308 5931 τοῖς.

2130 5772 2248 5859 (84),
2277 5787 2352 5841 Ex
2389 5786 2492 5839 hoc
2513 5772 2680 5838 verbo
2708 5772 2945 5859 fortasse
2979 5772 3207 5851 eolligas
3247 5776 3503 5833 Photiutu
3528 5772 3643 5826 hanc

2060 5854 2280 5917 aliunde
2302 5865 2492 5915 mutua
2526 5854 2853 5926 sumpsisse.
