4072 6490
465 348 569 413 715

1629 358 1893 421 ΡΗΟΤΙΙ
1921 361 2426 424 ΡᾹΤΒΙᾹΗΕΗΞΕ
2466 364 2572 424 CP.

3648 354 3782 424 716

464 472 670 531 ctatur,
721 462 815 520 sed
851 463 1087 535 primum
1130 466 1349 535 quidem
1391 466 1659 525 miracula
1697 480 1752 525 et
1789 470 2045 541 exiguam

2173 472 2433 543 περιέχει·
2472 470 2612 527 ἀλλά
2665 470 2792 528 κατ’
2814 471 2988 541 ἀρχάς
3016 469 3119 542 μὲν
3162 469 3425 541 θαύματα
3466 467 3568 524 καὶ
3603 469 3790 524 διδα-

465 567 677 630 partem
737 543 1003 615 doctrinae
1049 561 1451 631 apostolorum,
1508 572 1700 633 postea
1749 578 1881 619 vero
1936 572 2051 619 tota

468 652 721 708 tractatio
767 651 822 707 in
858 652 1087 708 Paulum
1128 652 1518 710 transferatur.
1566 654 1865 711 Enimvero
1912 655 2053 712 liber

467 755 753 817 propterea
806 747 1043 801 Actuum
1099 746 1530 815 apostolicorum
1585 747 1804 803 titulum
1855 746 2049 811 refert,

465 839 615 906 quia.
648 846 787 894 teste
819 837 1012 905 Paulo,
1048 857 1067 890 ‹
1100 838 1348 894 Membro
1377 855 1489 896 uno
1528 839 1837 909 glorificato
1868 841 2054 896 omnia

470 929 713 983 membra
766 930 928 986 simul
971 931 1354 1002 glorificantur
1379 931 1419 987 ⁵.
1452 950 1471 983 ι
1522 930 1791 988 Similiter
1836 947 2057 1003 quoque

468 1021 557 1075 hic
588 1022 850 1091 scriptor,
884 1020 1031 1078 Petri
1057 1034 1111 1079 et
1139 1020 1293 1077 Pauli
1324 1032 1447 1079 aeta
1480 1025 1793 1079 communia
1825 1023 2054 1091 faciens,

468 1112 671 1165 librum
698 1112 851 1166 hunc
897 1111 1275 1181 apostolorum
1308 1112 1443 1168 Acta
1486 1112 1790 1183 inscripsit.
1827 1112 1984 1180 Quod
2007 1112 2057 1169 si

467 1217 636 1272 porro
687 1202 790 1258 sub
842 1202 1025 1273 capite
1073 1212 1245 1258 totum
1297 1218 1500 1273 corpus
1548 1204 2057 1274 comprehenditur,

467 1294 861 1349 convenienter
906 1305 1030 1350 acta
1084 1294 1485 1365 praecipuorum
1542 1295 1714 1352 Actus
1776 1297 2058 1367 apostolo-

469 1401 592 1441 rum
614 1395 906 1452 vocantur,
940 1387 1401 1457 quemadmodum
1425 1397 1479 1443 et
1495 1388 1771 1457 doctrina,
1793 1398 2057 1461 tanquam

469 1478 736 1549 apostolis
791 1481 1149 1543 communis.
1213 1480 1268 1535 in
1324 1481 1435 1537 illis
1470 1482 1739 1548 traditur,
1804 1483 2061 1553 quamvis

470 1571 752 1626 enarratio
782 1572 903 1642 ejus
940 1572 1223 1627 succincte
1256 1582 1312 1627 et
1338 1573 1529 1642 paucis
1560 1572 1675 1639 fiat,
1714 1574 2060 1629 commodam

473 1674 656 1718 tamen
696 1664 860 1737 hujus
904 1665 1281 1735 inscriptionis
1324 1665 1674 1721 occasionem
1727 1667 2060 1738 suppeditat.

477 1756 815 1828 Scriptorem
852 1774 984 1813 vero
1011 1758 1246 1815 Actuum
1287 1758 1381 1813 alii
1409 1756 1731 1816 Clementem
1759 1759 2060 1820 Romanam

2154 564 2385 619 σκαλίαν
2409 564 2598 635 ὀλίγην
2630 562 2738 617 τῶν
2764 564 3107 628 ἀποστόλων,
3156 562 3359 633 ἐφεξῆς
3388 562 3447 616 δὲ
3480 564 3566 627 εἰς
3591 561 3782 617 Παῦ-

2152 655 2243 710 λον
2276 658 2508 709 κινεῖται
2545 656 2696 709 πᾶσα
2734 656 2769 726 ή
2812 655 3189 726 πραγματεία.
3249 653 3401 727 Πλὴν
3454 654 3549 707 διά
3594 654 3787 708 τοῦτο

2154 747 2389 819 Πράξειης
2432 746 2543 800 τῶν
2590 746 2906 800 ἀποστόλων
2940 745 3336 815 ἐπιγράφεται,
3386 745 3550 808 διότι,
3606 748 3791 799 κατὰ.

2153 840 2246 893 τὸν
2278 837 2511 901 Παῦλον,
2548 854 2568 889 ι
2606 836 2976 908 Δοξαξομένου
3008 836 3134 899 ἐνὸς
3171 835 3370 906 μέλους
3418 836 3781 900 συνδοξὰμζε-

2154 950 2246 987 ται
2277 931 2391 1001 (85)
2424 930 2605 985 πάντα
2626 930 2697 986 τά
2731 929 2889 1001 μέλη.
2926 948 2945 982 ι
2982 928 3141 983 Οὕτω
3166 930 3224 982 δέ
3262 929 3359 981 καὶ
3398 928 3500 992 τὰς
3535 928 3785 997 Πέτρου

2155 1026 2252 1079 καὶ
2268 1023 2481 1078 Παύλου
2525 1020 2754 1094 πράξεις
2795 1020 3273 1092 κοινοποιούμενος
3302 1020 3333 1072 ὀ
3366 1018 3789 1090 συγγραφεὺς,

2156 1117 2268 1172 τῶν
2295 1116 2611 1172 ἀποστόλων
2636 1117 2696 1168 τδ
2730 1113 2935 1185 βιὸλίον
2960 1111 3275 1184 ἐπέγραψε,
3314 1111 3577 1182 Πράξεις.
3602 1111 3682 1164 Εἰ
3722 1110 3791 1163 ἃ

2158 1209 2255 1264 καὶ⁵
2294 1211 2362 1280 τῇ
2404 1209 2619 1281 κορυφῇ
2664 1205 3252 1278 συμπεριλαμϐάνεται
3300 1204 3361 1258 τὸ
3409 1204 3534 1258 ὦ.ον
3575 1202 3787 1272 σῶμα,

2159 1301 2397 1370 εὐλόγως
2428 1300 2496 1355 ἂν
2549 1300 2649 1363 τὰς
2700 1297 3019 1370 κορυφαίων
3066 1296 3307 1368 Πράξεις
3333 1296 3613 1350 ἐκάλεσαν
3654 1296 3799 1349 τῶν-

2160 1394 2499 1457 ἀποστόλων,
2554 1392 2696 1463 πλήν
2736 1408 2804 1460 γε
2859 1391 2955 1444 καὶ
2992 1390 3027 1461 ή
3084 1390 3241 1460 κοινὴ
3284 1389 3395 1443 τῶν
3437 1388 3788 1443 ἀποστόλων

2160 1483 2602 1556 ἐμπεριεχομένη
2624 1482 2854 1546 ταύταις
2876 1480 3219 1547 διδασκαλία,
3253 1480 3357 1535 κάν
3375 1481 3464 1533 ἐπ’
3491 1480 3695 1548 ὀλίγον
3741 1482 3782 1551 ἡ

2160 1576 2368 1645 ταύτης
2408 1574 2663 1645 διήγησις
2716 1572 3108 1645 παρατείνεται
3132 1611 3147 1637 ,
3187 1573 3305 1627 ἀλλ’
3357 1573 3625 1645 ἀφορμὴν
3666 1574 3787 1641 τῆς

2164 1667 2481 1736 ἐπιγραφῆς
2530 1665 2827 1737 παρέχεται
2868 1663 3115 1735 εὔλογον.
3165 1665 3271 1719 Τὸν
3323 1665 3382 1719 δέ
3434 1667 3788 1735 συγγραφέα

2162 1759 2270 1823 τῶν
2299 1759 2562 1830 Πράξεων
2583 1758 2753 1829 οἱμὲν
2780 1757 3103 1829 Κλήμεντα
3123 1757 3344 1827 λέγουσι
3371 1759 3467 1813 τὸν
3503 1758 3782 1828 Ῥώμης,

474 1850 775 1921 appellant,
810 1850 1121 1906 Barnabam
1162 1850 1275 1914 alii,
1319 1850 1412 1913 alii
1445 1866 1575 1905 vero
1616 1850 1811 1905 Lucam
1839 1868 2062 1922 euange-

2173 1852 2315 1908 Ξλλοι
2336 1852 2394 1907 δὲ
2424 1852 2766 1920 Βαρνάϐαν,
2806 1852 2902 1905 καὶ
2922 1851 3077 1905 ἄλλοι
3104 1849 3351 1908 Λουκᾶν
3376 1850 3485 1905 τὸν
3509 1853 3785 1921 εὐαγγε-

475 1941 681 1997 ιὶειαηι.
716 1942 834 2012 Ipse
873 1956 1003 1997 vero
1036 1941 1214 2001 Lucas
1264 1956 1383 1996 rem
1426 1941 1644 2009 definit,
1685 1943 1910 2013 quando
1944 1943 2063 2013 pri-

476 2050 628 2091 mum
654 2035 877 2106 quidem
903 2035 958 2090 in
991 2034 1182 2089 limine
1205 2035 1331 2090 libri
1366 2044 1690 2105 praemonet,
1712 2035 1860 2103 quod
1896 2035 2063 2090 aliam

476 2125 995 2182 commentationem
1023 2163 1040 2188 ,
1098 2124 1312 2180 Domini
1355 2132 1509 2194 gesta
1562 2122 2016 2192 complectentem
2046 2161 2062 2190 ,

476 2218 801 2288 scripserit;
833 2218 1032 2273 deinde
1060 2231 1197 2273 vero
1226 2232 1257 2271 a
1285 2216 1498 2271 caeteris
1524 2213 1877 2284 evangelistis
1912 2213 1966 2267 in
2000 2226 2067 2268 eo

475 2310 661 2367 diﬂert
689 2351 705 2377 ,
782 2310 931 2382 quod
990 2324 1154 2365 nemo
1210 2323 1400 2365 eorum
1462 2305 1852 2363 tractationem
1907 2317 2067 2359 suam

477 2419 652 2475 usque
693 2404 762 2460 ad
798 2403 1181 2461 ascensionem
1212 2401 1423 2458 Christi
1465 2399 1744 2473 producit,
1776 2398 1895 2470 ipse
1934 2411 2068 2453 vero

476 2499 634 2555 solus
690 2506 743 2554 et
792 2497 1175 2553 ascensionem
1211 2496 1363 2551 illam
1400 2500 1657 2549 accurate
1693 2491 1972 2562 exposuit,
2015 2499 2073 2547 et

476 2595 550 2649 ab
592 2592 784 2649 eadem
828 2590 1067 2646 Actuum
1112 2588 1326 2644 initium
1366 2585 1520 2642 fecit.
1550 2583 1801 2639 Matthaei
1843 2582 2071 2654 quidem

480 2686 846 2758 Evangelium
902 2685 956 2739 in
1012 2698 1080 2739 eo
1120 2681 1346 2747 desinit,
1400 2688 1463 2736 ut
1506 2678 1762 2749 discipuli
1815 2675 2071 2733 undecim

480 2778 716 2852 profecti
766 2777 1045 2842 dicantur,
1092 2774 1333 2844 finisque
1368 2771 1491 2843 ejus
1540 2779 1671 2826 est:
1715 2788 1735 2823 ι
1770 2768 1959 2839 Usque
2003 2766 2072 2823 ad

484 2868 1023 2925 consummationem
1083 2864 1279 2921 mundi
1334 2882 1350 2920 :
1403 2862 1577 2919 Amen
1601 2861 1644 2917 '.
1684 2879 1704 2916 ι
1759 2860 1949 2932 Itaque
2007 2860 2077 2916 de

485 2963 811 3023 ascensione
845 2961 979 3023 nihil
1009 2959 1179 3021 addit.
1214 2957 1434 3013 Marcus
1462 2970 1591 3012 vero
1630 2968 1739 3010 non
1774 2962 1881 3009 tam
1909 2967 2076 3009 enar-

488 3064 577 3112 rat
603 3068 751 3117 eam,
779 3067 945 3124 quam
977 3051 1156 3117 obiter
1178 3048 1341 3120 quasi
1379 3052 1800 3112 commemorat,
1829 3043 2024 3100 dicens
2058 3058 2073 3095 :

2163 1944 2409 2014 λιστήν.
2440 1942 2613 2007 Αὐτὸς
2646 1942 2706 1997 δὲ
2758 1941 3001 2009 Λουκᾶς
3046 1942 3345 2013 ἐπικρίνει,
3386 1943 3615 2014 πρῶτον
3668 1943 3786 2013 μὲν

2165 2037 2226 2104 ἐξ
2246 2029 2323 2091 ὧν
2344 2033 2789 2107 προοιμιάζεται,
2812 2034 2887 2099 ὡς
2905 2034 3002 2089 καὶ
3016 2034 3183 2107 ἐτέρα
3204 2033 3357 2106 αύτῷ
3374 2036 3781 2107 πραγματεία,

2165 2130 2265 2194 τὰς
2297 2129 2638 2193 Δεσποτικάς
2669 2128 3003 2201 περιέχουσα
3050 2128 3282 2201 πράξεις
3317 2130 3780 2202 καταϐέϐληται.

2168 2222 2433 2294 Δεύτερον
2460 2221 2539 2287 δὲ,
2559 2220 2623 2287 ἐξ
2645 2214 2722 2275 ὧν
2739 2220 2835 2275 καὶ
2861 2219 2972 2276 τῶν
2998 2220 3179 2280 ἀλλων,
3203 2222 3617 2291 εὐαγγελιστῶν
3647 2222 3784 2276 δια-

2172 2312 2475 2381 στέλλεται,
2494 2314 2579 2367 δτι
2610 2312 2777 2385 μέχρι
2792 2312 2895 2385 τῆς
2927 2312 3255 2385 ἀναλήψεως
3286 2312 3467 2376 οὐδεὶς
3487 2313 3683 2366 αὐτῶν
3712 2312 3785 2366 τὺ

2173 2406 2471 2477 σύνταγμα
2512 2404 2801 2477 προελθεῖν
2853 2405 3175 2475 ἐποιήσατο,
3237 2404 3356 2458 ἀλλ’
3386 2397 3545 2468 οὗτος
3604 2404 3785 2476 μόνος

2172 2499 2269 2553 καὶ⁵
2298 2498 2399 2570 τὴν
2426 2496 2698 2568 ἀνάληψιν
2726 2496 2975 2573 ἀκριϐῶς
3000 2496 3329 2568 ἐξηγήσατο,
3352 2499 3449 2550 καὶ
3478 2497 3646 2550 πάλιν
3674 2498 3785 2567 τὴν

2172 2590 2282 2646 τῶν
2350 2589 2611 2661 Πράξεων
2662 2589 2922 2659 ἀπαρχὴν
2974 2588 3084 2643 ἀπὸ
3126 2588 3334 2660 ταύτης
3394 2589 3781 2658 ὑπεστήσατο.

2174 2683 2481 2739 Ματθαίου
2522 2682 2623 2753 μὲν
2665 2680 2778 2753 γὰρ
2820 2681 2976 2746 τέλος
3039 2680 3155 2751 ἔχει
3198 2680 3261 2735 τὸ
3298 2679 3661 2749 Εὐαγγέλιοψ
3716 2680 3787 2733 Οῑ

2176 2777 2371 2833 ἕνδεκα
2402 2776 2643 2849 μαθηταὶ
2674 2774 3074 2847 ἐπορεύθησαν
3104 2773 3310 2838 τέλος,«
3339 2774 3487 2837 Ἕως
3512 2773 3619 2843 τῆς
3652 2789 3789 2826 συν-

2176 2866 2390 2932 τελείας
2413 2866 2507 2921 τοῦ
2540 2865 2758 2930 αἰῶνος.
2792 2865 2988 2936 Ἀμήν.
3028 2882 3049 2916 ι
3082 2864 3193 2917 Καὶ
3221 2863 3353 2935 περὶ
3380 2863 3483 2933 μὲν
3512 2864 3616 2933 τῆς
3636 2863 3787 2916 ἀνα-

2178 2961 2397 3033 λήψεως
2423 2960 2577 3014 ούδέν
2608 2956 2963 3031 προστίθησι.
2986 2957 3231 3026 Μάρκος
3263 2957 3322 3011 δέ
3346 2957 3397 3010 εἰ
3424 2956 3519 3009 καὶ
3555 2972 3670 3026 μνη
3679 2972 3787 3026 μορ

2179 3053 2347 3121 νεύει,
2375 3052 2495 3106 ἀλλ’
2520 3051 2597 3116 ὡς
2615 3053 2673 3105 ἐν
2703 3049 2997 3122 ἐπιδρομῇ,
3026 3048 3206 3119 λέγων
3226 3063 3241 3078 ·
3288 3048 3349 3103 '0
3382 3048 3484 3120 μὲν
3527 3044 3626 3102 οὖν
3657 3047 3787 3102 Κύφ-

493 3167 515 3200 .
555 3145 820 3206 Dominus
891 3144 1121 3215 itaque,
1168 3151 1462 3223 postquam
1516 3153 1641 3195 cum
1698 3136 1808 3192 illis
1854 3134 2074 3192 locutus

592 3246 601 3249 Α
881 3246 888 3249 .
1097 3242 1108 3249 ι
1159 3234 1170 3246 ο
1288 3232 1376 3249 κηι
1403 3246 1471 3249 κη-
1586 3238 1631 3249 -.
1701 3225 1945 3249 -----..ιει
2010 3223 2074 3249 ..Δ

2187 3164 2303 3220 ριος
2335 3144 2473 3217 μετά
2502 3144 2563 3199 τὸ
2581 3143 2816 3215 λαλῆσαι
2851 3144 3035 3207 αὐτοῖς
3066 3141 3346 3213 ἀνελήφθη
3372 3143 3454 3205 εἱς
3483 3140 3579 3194 τὸν
3606 3139 3787 3210 ούρα-

486 3246 648 3307 erat,
710 3246 965 3309 receptus
1029 3242 1117 3292 est
1158 3234 1213 3290 in
1276 3232 1520 3297 malum,
1580 3238 1634 3285 et
1694 3225 1949 3285 consedit
2009 3223 2081 3281 ad

488 3331 739 3386 dextram
782 3310 876 3383 Dei
902 3328 944 3381 ⁸.
983 3344 1002 3377 ι
1046 3327 1239 3395 Itaque
1293 3337 1398 3379 nec
1441 3320 1690 3384 modum,
1739 3331 1841 3374 nec
1868 3317 2077 3383 locum,

491 3435 597 3477 nec
624 3420 755 3486 alia,
790 3434 915 3490 quae
966 3432 1092 3474 cum
1141 3414 1361 3483 actione
1402 3413 1506 3478 hac
1545 3410 1847 3481 conjuncta
1895 3414 2077 3473 erant,

491 3513 871 3586 persequitur.
922 3510 1151 3579 Joannis
1206 3509 1444 3579 denique
1494 3504 1852 3578 Evangelium
1899 3503 2082 3559 histo-

493 3609 633 3665 riam
674 3604 1019 3663 ascensionis
1058 3604 1116 3659 in
1173 3602 1282 3659 fine
1333 3615 1451 3665 non.
1492 3598 1741 3663 tradidit,
1794 3594 2083 3653 subinnuit

496 3716 651 3766 vero,
685 3698 858 3754 multa
904 3697 1011 3752 alia
1054 3694 1250 3752 fecisse
1287 3691 1515 3757 Jesum,
1558 3690 1762 3761 quibus
1806 3688 1864 3744 in
1915 3700 2084 3742 unum

499 3792 743 3857 collatis,
776 3805 886 3857 non
916 3787 1141 3851 credere
1170 3801 1250 3853 se,
1286 3785 1469 3857 ipsum
1503 3782 1771 3849 mundum
1813 3780 1989 3837 libros
2018 3777 2087 3834 de

501 3886 570 3941 iis
619 3884 856 3954 scriptos
914 3895 1112 3953 capere
1158 3878 1384 3951 posse".
1441 3875 1629 3946 Itaque
1684 3888 1831 3931 unus
1876 3870 2087 3936 Lucas,

501 3975 648 4048 quod
682 3973 819 4040 dixi,
860 3981 916 4029 et
946 3970 1327 4031 ascensionem
1368 3967 1425 4023 in
1458 3966 1565 4023 fine
1604 3963 1883 4034 Evangelii
1925 3962 2090 4025 latius

503 4067 885 4140 persequitur,
901 4078 962 4135 et
987 4065 1056 4134 ab
1086 4064 1280 4129 eadem
1311 4062 1551 4132 Actuutn
1584 4059 1716 4126 facit
1744 4058 1986 4116 initium.

503 4226 838 4298 QUASSTIO
868 4224 1085 4283 CXXIV
1125 4224 1317 4299 [CoisL
1353 4219 1589 4289 CXLVI,
1643 4221 1810 4277 Taur.
1851 4217 2090 4290 CXLV].

2187 3237 2280 3292 νδν
2306 3234 2403 3290 καὶ
2432 3234 2688 3291 ἐκάθισεν
2716 3235 2775 3289 ἐν
2806 3232 2959 3306 δεξιᾷ
2979 3231 3074 3287 τοῦ
3109 3232 3270 3287 Θεοῦ.
3317 3251 3337 3285 ι
3363 3231 3504 3286 Ούτε
3535 3230 3659 3302 γὰρ.
3690 3229 3790 3283 τὸν

2186 3325 2416 3399 τρόπον,
2454 3324 2563 3378 οὐδ’
2590 3323 2721 3378 ἀλλο
2751 3340 2805 3376 τι
2835 3322 2946 3377 τῶν
2986 3320 3329 3376 ωνεκτικῶν
3358 3319 3683 3391 κεφαλαίων
3712 3320 3785 3389 τῇ

2186 3417 2492 3491 τηλικαύτῃ
2516 3415 2716 3489 πράξει
2734 3414 3104 3472 συνδιέλαὸεν.
3138 3411 3416 3469 Ἰωάννου
3443 3414 3502 3467 δέ
3517 3415 3582 3467 τό
3604 3416 3792 3483 Εὐαγ-

2188 3506 2456 3580 γέλιον[ἐν
2471 3504 2572 3578 τῷ]
2589 3505 2734 3560 τέλει
2749 3504 3073 3574 ἀναλήψεως
3097 3503 3198 3575 μὲν
3213 3504 3276 3557 ού
3292 3504 3613 3575 παρέδωκεν
3635 3506 3793 3559 ἱστο-

2194 3597 2342 3668 ρίαν,
2364 3595 2769 3668 ἐπεσημαίνετο
2794 3593 2872 3659 δὲ,
2898 3594 3022 3662 ὅτι(
3047 3592 3228 3647 Πολλά
3245 3592 3342 3648 καὶ
3368 3594 3504 3648 ἄλλα
3524 3596 3794 3664 ἐποίησεν

2185 3686 2216 3739 ὀ
2230 3686 2462 3759 Ἰησοῦς,
2478 3685 2640 3742 ἅτινα
2659 3686 2755 3741 ἐὰν
2772 3685 3054 3758 γράφηται
3068 3684 3193 3739 καθ’
3211 3684 3292 3751 ἓν,
3310 3686 3430 3740 οὐδὲ
3442 3687 3610 3740 αὐτὸν
3630 3685 3793 3759 οἶμαι

2186 3780 2281 3834 τὸν
2295 3779 2503 3851 κόσμον
2519 3779 2852 3851 χωρῆσαιτά
2876 3777 3202 3850 γραφόμενα
3223 3778 3427 3848 βιϐλία.
3456 3798 3477 3833 ι
3507 3780 3689 3845 Μόνος
3708 3783 3790 3846 δὲ,

2185 3872 2263 3939 ὡς
2300 3871 2538 3944 εἴρηται,
2560 3870 2801 3939 Λουκᾶς
2827 3873 2922 3927 καὶ
2954 3872 3057 3945 τὴν
3105 3872 3374 3944 ἀνάληψιν
3405 3874 3466 3926 ἐν
3508 3872 3591 3943 τῷ
3639 3876 3791 3929 τέλει

2187 3965 2285 4022 τοῦ
2310 3966 2643 4035 Εὐαγγελίου
2667 3965 3005 4038 πλατύτερον
3024 3964 3323 4036 διεξῆλθεν,
3357 3964 3458 4020 καὶ
3481 3968 3583 4037 τὴν
3610 3968 3797 4041 ἀρχὴν

2188 4059 2299 4115 τῶν
2336 4057 2598 4132 Πράξεων
2622 4058 2731 4113 ἀπὸ
2768 4056 2978 4129 ταύτης
3005 4060 3265 4129 προάγει.

2761 4214 3095 4267 ΕΡΩΤΗΣΙΣ
3121 4213 3291 4270 PKA'.

581 4324 804 4390 Quoties
862 4322 1109 4376 Christus
1160 4317 1432 4390 apostolis
1475 4323 1595 4385 post
1652 4312 2074 4390 resurrectionen

2202 4309 2473 4389 Ποσάκις
2494 4310 2528 4363 ό
2546 4307 2814 4390 ,Χριστὸς
2846 4307 2973 4390 τοῖς
2994 4307 3374 4390 ρποστόλοες
3402 4310 3553 4390 μετὰ
3582 4311 3701 4390 τῂν
3722 4310 3790 4365 ἐκ

778 4408 933 4447 suam
970 4384 1242 4460 apparuit,
1267 4399 1318 4444 et
1344 4386 1456 4455 ubi,
1489 4395 1538 4441 et
1569 4384 1824 4457 quando?

2275 4379 2508 4449 νεκρῶν
2525 4378 2869 4435 ἀνάστασιν
2891 4378 3082 4447 ὤφθη,
3112 4382 3210 4433 καὶ
3235 4380 3377 4447 ποῦ,
3408 4378 3511 4435 καὶ
3540 4382 3727 4446 πότε;

572 4531 826 4587 Editarum
847 4544 875 4581 a
901 4531 1081 4583 Wolﬁo
1101 4544 1232 4582 nona
1252 4528 1317 4593 (l.
1334 4540 1475 4593 c.,.p.
1500 4525 1746 4593 752,735.
1772 4521 2074 4635 Gallaqgg

2173 4519 2371 4633 {$111213},
2392 4532 2442 4568 ιι.
2468 4517 2553 4579 25)
2609 4542 2673 4555 -
2694 4516 2770 4567 De
2793 4529 3000 4567 numero
3022 4516 3387 4581 apparitionum
3408 4517 3591 4570 Christi
3623 4522 3739 4579 post

581 4707 727 4763 intra
753 4703 1123 4777 quadraginta
1148 4703 1267 4759 dies
1295 4700 1547 4757 Salvator
1574 4714 1606 4754 a
1637 4696 1924 4768 discipulis
1960 4710 2095 4751 con-
2127 4694 2174 4750 D

510 4809 735 4872 Spectus
761 4808 866 4865 est,
901 4796 1161 4852 undecies
1194 4808 1325 4850 vero
1377 4800 1592 4854 tantum
1632 4806 1692 4851 se
1733 4790 1843 4846 illis
1882 4786 2104 4858 conspi-

2274 4692 2399 4747 Ὅτι
2445 4694 2504 4748 ἐν
2541 4691 2955 4763 τεσσαράκοντα
3007 4688 3247 4762 ήμέραις
3299 4691 3415 4754 τοῖς
3463 4689 3739 4761 μαθηταῖς
3771 4691 3799 4744 ὀ

2210 4783 2400 4855 Σωτὴρ
2452 4782 2771 4849 ὠπτάνετο,
2829 4782 3114 4845 ἐνδεκάκις
3157 4780 3217 4834 δέ
3265 4781 3431 4852 μόνον
3484 4783 3672 4845 αὐτοῖς
3719 4784 3797 4844 εἰς

508 4890 769 4945 ciendum
824 4885 1098 4958 praebuit;
1157 4898 1260 4949 nec
1308 4883 1430 4944 sine
1484 4881 1719 4938 ratione.
1773 4880 1913 4937 Cum
1953 4878 2074 4947 enin

2209 4878 2481 4932 ὀπτασίαν
2507 4878 2769 4947 κατέστη.
2807 4876 2919 4930 Καὶ
2961 4875 3190 4939 εἰκότως
3211 4890 3227 4905 ο
3259 4874 3455 4928 ’ἐνδεκα
3484 4875 3597 4945 γὰρ
3628 4874 3797 4927 ὄντων

512 4981 770 5036 undecim
808 4985 998 5035 essent
1037 4975 1319 5046 discipuli,
1361 4973 1621 5030 undecies
1652 4986 1873 5049 quoque
1904 4970 2074 5027 iisden

2207 4968 2318 5033 τῶν
2368 4967 2649 5039 μαθητῶν,
2696 4965 2991 5036 ἑνδεκάτην
3037 4965 3134 5018 καὶ
3183 4964 3347 5027 αὐτὸς
3391 4964 3490 5035 τὴν
3532 4965 3799 5019 ὀπτασίαν

515 5072 794 5144 apparuit.
840 5068 1000 5125 Unde
1037 5082 1171 5123 vero
1195 5065 1418 5137 probari
1461 5073 1641 5143 potest
1675 5062 1933 5117 undecies
1980 5072 2103 5130 tan-

2191 5061 2531 5141 ἐποιήσατο.
2564 5060 2734 5123 Πόθεν
2771 5060 2829 5112 δέ
2872 5061 2906 5130 ή
2941 5059 3237 5125 ἀπόδειξις,
3283 5059 3357 5120 ὡς
3392 5057 3590 5110 ἕνδεκα
3641 5056 3797 5126 μόνον

516 5174 634 5219 tum
680 5176 808 5218 eum
858 5160 928 5215 ab
978 5159 1089 5215 illis
1128 5159 1205 5213 ita
1257 5168 1614 5227 conspectum
1644 5152 1851 5209 fuisse?
1885 5151 2074 5213 Scilice

2211 5154 2367 5224 ὤφθη
2394 5152 2683 5219 ἐντεῦθεν;
2718 5152 2831 5206 Καὶ
2854 5152 2964 5222 γάρ
2993 5152 3213 5223 πρῶτον
3246 5151 3348 5222 μέν
3383 5149 3544 5220 ὤφθη
3568 5151 3637 5221 τῇ
3672 5150 3794 5203 Μα-

516 5257 758 5327 primum
795 5251 1050 5324 apparuit
1076 5249 1259 5305 Mariae
1285 5248 1443 5320 juxta
1481 5245 1819 5317 sepulcrum.
1859 5258 1960 5299 nec
2002 5243 2109 5297 mi-

520 5364 628 5405 nus
665 5346 889 5404 feminis
916 5344 1043 5401 aliis
1062 5344 1108 5399 ⁸.
1146 5341 1204 5398 ld
1230 5341 1379 5413 quod
1402 5349 1458 5397 et
1491 5339 1672 5395 Isaias
1696 5336 2108 5408 praenuntiavit,

2218 5246 2311 5317 ρίᾳ
2341 5248 2401 5299 ἐν
2420 5245 2499 5317 τῷ
2529 5246 2794 5327 μνήματι,
2828 5244 2923 5298 καὶ
2944 5246 3065 5309 ταῖς
3086 5244 3275 5308 ἀλλαις
3294 5244 3561 5313 γυναιξίν.
3590 5244 3797 5313 Ὠσπερ

2216 5337 2315 5391 καὶ
2350 5338 2602 5402 Ἡσαΐας
2629 5338 3031 5409 προαναφωνεῖ,
3064 5336 3245 5389 καλῶν
3270 5336 3370 5401 τάς
3395 5337 3681 5405 γυναῖκας,
3705 5334 3797 5389 καὶ

523 5443 783 5499 mulieres
816 5439 1121 5511 appellans,
1156 5445 1211 5493 et
1234 5436 1426 5491 dicens
1458 5451 1471 5487 :
1504 5452 1524 5484 ι
1556 5431 1812 5487 Mulieres
1834 5445 1865 5484 a
1897 5429 2074 5484 vision

2216 5428 2422 5499 λέγων’
2452 5448 2470 5479 ι
2507 5428 2768 5491 Γυναῖκες
2797 5428 3094 5500 ἐρχόμεναι
3113 5426 3223 5481 ἀπὸ
3251 5427 3401 5492 θέας,
3422 5426 3602 5493 δεῦτε,
3634 5428 3791 5497 ἀναγω

596 5581 657 5636 ⁸1
682 5581 811 5639 Cor.
851 5595 951 5649 xu,
976 5577 1071 5635 26.
1145 5575 1379 5632 “Matth.
1415 5590 1605 5638 xxvm,
1635 5571 1727 5625 ‘20.
1810 5569 2017 5625 °lllarc.
2053 5585 2162 5632 xw,
2198 5568 2286 5623 19.
2365 5570 2384 5599 ⁷
2407 5568 2568 5625 Joan.
2605 5585 2717 5635 ut,
2750 5568 2841 5625 25.
2922 5569 2943 5601 ⁸
2969 5567 3131 5631 Joan.
3163 5584 3253 5637 xx,
3290 5568 3376 5623 Η.

2065 5688 2303 5747 ΝΟΤΔΕ.

610 5817 720 5891 (85)
758 5817 780 5874 ι
811 5816 944 5876 Cor.
980 5830 1084 5889 xu,
1117 5816 1211 5889 26,
1240 5816 1339 5884 ubi.
1361 5825 1546 5874 tamen
1577 5828 1678 5888 pro
1710 5810 2068 5879 συνδοξὰζετα

2173 5812 2305 5885 gitur
2347 5808 2655 5884 συγχαίρει,
