4072 6462
346 377 453 443 717

1336 383 1439 443 ΑΒ
1471 382 2066 443 AMPHILOCHIUM
2103 381 2459 455 QUIESTIO
2473 381 2693 443 CXXV.

3523 375 3629 442 ’ἵιό

345 486 565 556 γείλατε
601 486 734 557 ἡμῖν
767 485 959 559 (85⁸).)
997 487 1230 543 Ἔπειτα
1256 487 1413 560 ὤφθη
1438 491 1654 562 Πέτρῳ,
1680 486 1798 544 εἷτα
1824 493 1935 553 τοῖς

2051 496 2403 553 revertentes,
2432 489 2632 552 venite,
2675 487 2995 543 annuntiate
3030 483 3208 542 nobis.
3241 502 3261 537 ι
3298 484 3495 541 Postea
3534 500 3631 555 ap-

348 578 480 649 περὶ
520 576 796 642 Κλεόπαν.
828 580 908 643 εἵς
935 596 995 633 τε
1024 579 1125 651 τὴν
1177 579 1295 634 ὁδὸν
1340 580 1591 638 ἐπιοῦσιν
1639 582 1823 646 αὐτοῖς
1855 584 1936 647 εἰς

361 667 677 737 Ἐμμαοὺμ,
704 668 810 721 κᾶν
862 667 1015 723 οὔπω
1047 670 1316 741 συνῄεσαν
1367 674 1587 741 ἐκεῖνοι,
1646 675 1743 728 καὶ
1776 675 1836 726 ἐν
1870 677 1936 745 τῇ

349 759 543 813 κλάσει
584 758 678 812 τοῦ
722 758 911 830 ἄρτου,
945 760 1036 814 ὅτε
1085 762 1435 833 ἐφανέρωσεν
1485 765 1673 829 αὐτοῖς
1722 764 1936 818 ἑαυτόν.

353 847 488 905 Εἶτα
519 853 633 915 τοῖς
650 851 805 917 δέκα,
849 849 925 922 μὴ
956 851 1226 922 παρόντος
1253 852 1445 923 Θωμᾶ,
1477 854 1646 924 οὔσης
1683 855 1843 925 ὀψίας
1870 858 1938 927 τῇ

349 946 538 1015 ἡμέρα
567 943 771 1017 ἐκείνῃ.
808 939 946 999 Εἶτα
978 943 1116 1017 ὁμοῦ
1148 946 1338 1000 ἐπάνω
1364 948 1747 1012 πεντακοσίοις
1781 949 1940 1002 ἀδελ-

351 1036 496 1100 φοῖς,
537 1034 776 1102 ἐφάπαξ,
831 1033 908 1098 ὡς
955 1035 1385 1106 ἐπισημαίνεται
1417 1026 1660 1103 Παῦλος,
1717 1039 1801 1093 ὅτι
1846 1040 1941 1093 καὶ

349 1124 534 1177 αὐτῶν
549 1127 598 1178 οἱ
619 1125 845 1191 πλείους
872 1125 1127 1197 μένουσιν
1146 1128 1252 1192 ἕως
1268 1129 1417 1201 ἄρτι.
1442 1131 1641 1184 Ἔτιδέ
1675 1131 1937 1203 Ἰακώϐῳο

350 1220 446 1272 καὶ
478 1217 637 1273 τοῦτο
686 1221 905 1284 Παῦλος
935 1221 1179 1275 διδάσκει
1220 1222 1343 1291 οὐχὶ
1374 1223 1536 1291 μόνον
1564 1227 1675 1288 τοῖς
1705 1224 1938 1285 δώδεκα.

350 1311 464 1365 Καὶ
494 1311 605 1383 γὰρ
639 1312 929 1382 προλαϐὼν
952 1309 1108 1367 εἶπεν
1127 1330 1142 1346 ο
1185 1333 1204 1366 ι
1242 1315 1422 1385 Ὠφθη
1450 1317 1619 1387 Κηφᾷ
1641 1332 1652 1345 ⁵
1686 1312 1807 1371 εἶτα
1830 1320 1943 1382 τοῖς

348 1402 545 1456 ἕνδεκα
571 1402 716 1475 (86);
761 1422 781 1456 ι
810 1405 907 1459 καὶ
939 1404 1115 1468 οὕτως
1142 1404 1427 1474 ἐπήγαγεν
1452 1409 1568 1469 τοῖς
1597 1407 1939 1472 ἀποστόλοις.

352 1490 491 1548 Εἶτα
521 1498 636 1559 τοῖς
666 1496 809 1550 ἑπτά
834 1496 932 1549 ἐπὶ
984 1497 1084 1568 τῆς
1121 1497 1401 1569 θαλάσσης
1452 1498 1554 1569 τῆς
1598 1497 1939 1570 Τιϐεριάδος,

350 1586 632 1639 τουτέστιν
669 1587 861 1659 Πέτρῳ
886 1587 979 1641 καὶ
1014 1588 1186 1659 Θωμᾷ
1214 1588 1309 1643 καὶ
1337 1589 1656 1660 Ναθαναήλ,
1702 1590 1944 1661 Ἰακώϐῳ

354 1678 450 1730 καὶ
493 1678 733 1750 Ἰωάννῃ,
787 1678 884 1733 καὶ
928 1679 1111 1742 ἄλλοις
1143 1679 1239 1734 δύο
1283 1681 1397 1734 τῶν
1436 1681 1700 1752 μαθητῶν
1749 1681 1943 1736 αὐτοῦ.

353 1766 491 1824 Εἶτα
519 1773 631 1835 τοῖς
652 1772 976 1835 ἀποστόλοις
1039 1773 1234 1836 πᾶσιν,
1266 1773 1519 1827 τουτέστι
1551 1776 1668 1837 τοῖς
1705 1773 1943 1845 ἐϐδομή-

2044 580 2226 653 paruit
2273 579 2492 646 Petro’,
2547 578 2743 632 deinde
2794 579 3113 647 CleOphae'o
3158 577 3389 648 ejusque
3436 576 3629 641 sociis.

2046 688 2169 727 cum
2208 673 2313 727 iter
2351 671 2677 725 Emauntem
2714 670 2976 734 iacerent,
3019 687 3133 727 rem
3161 671 3334 742 ipsam
3385 669 3629 724 nondum

2045 764 2248 829 edocti,
2301 773 2354 819 et
2409 779 2536 818 cum
2588 763 2641 817 in
2718 762 2984 819 fractione
3026 764 3183 834 panis
3225 765 3466 833 seipsum
3520 763 3633 818 illis

2048 856 2452 913 manifestaret.
2487 855 2661 910 Porro
2688 856 2876 910 decem
2910 856 3197 926 discipulis
3219 856 3285 921 “,
3324 872 3450 912 cum
3491 855 3633 909 Tho-

2048 967 2162 1004 mas
2196 966 2304 1005 non
2340 949 2557 1004 adesset
2575 949 2643 1013 ¹²,
2689 954 2747 1003 et
2792 948 3015 1018 quidem
3064 949 3170 1003 sub
3193 964 3477 1018 vesperam
3508 947 3633 1017 ipso

2048 1041 2473 1098 resurrectionis
2506 1041 2615 1096 die.
2655 1040 2793 1096 Inde
2838 1040 3127 1109 discipulis
3170 1040 3446 1107 undecim,
3489 1055 3636 1109 prae-

2049 1140 2207 1189 sente
2242 1133 2407 1188 etiam
2433 1140 2487 1188 et
2522 1140 2885 1188 annumerato
2908 1132 3017 1188 illis
3042 1132 3272 1189 Thoma.
3299 1133 3493 1189 Postea
3519 1132 3633 1186 fra-

2050 1224 2227 1280 tribus
2266 1224 2584 1295 quingentis
2625 1234 2681 1279 et
2735 1225 2969 1295 amplius
3016 1224 3202 1290 simul,
3245 1240 3480 1294 quorum
3521 1224 3637 1293 ple-

2050 1333 2252 1388 rosque
2272 1317 2452 1371 adhuc
2478 1332 2767 1386 superesse
2796 1318 2997 1372 Paulus
3022 1327 3253 1372 testatur
3277 1318 3342 1372 ¹³.
3364 1314 3637 1371 Praeterea

2049 1407 2337 1476 Jacobo“;
2369 1408 2515 1479 quod
2533 1410 2677 1464 idem
2698 1408 2903 1465 Paulus
2918 1410 3096 1474 docet,
3125 1423 3232 1463 non
3262 1409 3481 1477 quidem
3514 1418 3639 1462 tan-

2052 1507 2168 1555 tum
2239 1501 2382 1556 inter
2431 1500 2719 1555 duodecim
2782 1500 2925 1555 illos.
2977 1499 3122 1554 Ante
3168 1499 3313 1553 enim
3371 1498 3637 1554 dixerat:

2057 1611 2076 1645 ι
2099 1591 2367 1663 Apparuit
2387 1592 2585 1662 Cepha:
2612 1612 2624 1647 :
2653 1602 2840 1662 postea
2866 1591 3158 1647 duodecim
3186 1591 3295 1646 illis
3322 1590 3366 1622 ¹³
3389 1608 3404 1658 ;
3432 1608 3450 1641 ι
3477 1590 3643 1645 adeo-

2052 1701 2161 1757 que
2204 1687 2472 1757 apostolis
2523 1686 2678 1742 illum
2735 1687 3134 1753 superaddidit.
3174 1684 3380 1740 Deinde
3431 1694 3640 1751 septo-ni

2054 1778 2185 1843 illis,
2230 1777 2296 1832 ad
2328 1793 2478 1833 mare
2508 1776 2819 1833 Tiberiadis
2861 1777 3232 1847 congregatis,
3275 1775 3381 1831 hoc
3417 1785 3501 1829 est
3536 1774 3641 1828 Pe-

353 1880 542 1917 κοντα.
580 1859 714 1917 Εῐτα
770 1865 851 1928 είς
881 1864 941 1918 τὸ
973 1864 1103 1935 ὅρος
1155 1865 1256 1935 τῆς
1288 1864 1583 1930 Γαλιλαίας
1615 1858 1677 1919 οὗ
1719 1867 1943 1937 ἐτάξατο

2052 1878 2159 1935 tro,
2202 1868 2449 1934 Thomas,
2499 1869 2851 1932 Nathanaeli,
2880 1868 3110 1935 Jacobo,
3149 1866 3369 1933 Joanni,
3419 1875 3475 1920 et
3519 1867 3644 1921 aliis

350 1954 581 2017 αὒτοῖςδ
606 1954 835 2026 Ἰησοῦς,
869 1956 964 2010 καὶ
987 1957 1066 2020 είς
1080 1956 1141 2011 τὸ
1156 1956 1283 2028 ὅρος
1305 1957 1415 2012 τῶν
1449 1957 1697 2025 Ἐλαιῶν,
1725 1959 1943 2032 δτελετ)

351 2047 449 2101 καὶ
475 2048 506 2117 ή
539 2048 826 2119 ἀνάληψις.

2051 1963 2270 2018 duobus
2321 1964 2605 2034 discipulis
2659 1967 2779 2019 suis
2809 1966 2874 2019 ‘5.
2925 1963 3099 2019 Porro
3148 1962 3413 2033 apostolis
3453 1962 3641 2015 omni-

2052 2058 2157 2114 bus
2184 2060 2249 2125 ¹⁷,
2300 2058 2405 2113 hoc
2451 2070 2535 2114 est
2589 2056 2936 2129 septuaginta
2990 2057 3296 2126 discipulis.
3338 2055 3542 2109 Deinde
3587 2056 3645 2110 in

354 2147 541 2193 monte
570 2138 806 2196 Galilaeae
829 2142 892 2207 ³⁸,
918 2157 1028 2213 quo
1047 2143 1344 2201 convenire
1365 2158 1461 2201 eos
1475 2143 1640 2203 Iesus
1662 2143 1926 2217 iusserat,
1956 2159 2011 2206 et
2040 2152 2093 2206 in
2126 2163 2311 2210 monte
2338 2151 2559 2220 ()liveti,
2594 2152 2738 2207 unde
2776 2162 2830 2206 et
2856 2150 3119 2205 Ascensio
3149 2147 3291 2204 facta
3321 2156 3406 2203 est
3428 2148 3495 2201 ι’.

855 2257 1196 2312 ΕΡΩἹῊΣῘΣ
1251 2260 1429 2318 PKE‘.

352 2347 459 2420 Διὰ
492 2349 548 2401 τί
576 2349 977 2417 παρήγγειλεν
1006 2353 1039 2404 ὀ
1082 2351 1337 2418 Χριστὸς
1397 2351 1523 2418 τοῖς
1570 2352 1944 2420 ἀποστόλοις

425 2419 542 2489 ἀπὸ
605 2420 1035 2488 Ἰεροσολύμων
1070 2422 1157 2489 μὴ
1219 2421 1596 2489 χωρίζεσθαι,
1646 2424 1748 2479 καὶ
1798 2419 1944 2479 πότε

426 2488 540 2557 τὴν
567 2489 937 2559 ἐπαγγελίαν
963 2488 1079 2545 τοῦ
1100 2488 1333 2560 Πατρός
1362 2492 1643 2562 ἤκουσαν
1658 2511 1680 2561 ;

2046 2267 2378 2334 ΟΟᾹΕΞἸΊΟ
2422 2266 2612 2324 CXXV
2651 2265 2839 2339 [σείει.
2882 2263 3139 2331 CXLVII,
3180 2263 3345 2318 Taur.
3381 2259 3640 2334 CXLVI].

2047 2357 2227 2425 Quare
2271 2356 2517 2413 Christus
2551 2349 2799 2427 prwcepit
2846 2356 3131 2425 apostolis,
3178 2374 3196 2407 ι
3228 2371 3291 2408 ne
3330 2353 3638 2427 Hierosoly-

2120 2430 2218 2481 mis
2253 2422 2605 2493 discedereiit,
2646 2422 2962 2499 et,'quaado
3000 2426 3408 2497 promissionem
3452 2422 3640 2477 Patris

2118 2500 2437 2553 audiverunt
2459 2499 2540 2552 '°?
2575 2519 2594 2553 ι

616 2605 873 2656 Editarum
898 2621 925 2656 a
960 2608 1141 2658 Wolfio
1163 2607 1354 2660 decima
1376 2611 1433 2674 (1.
1470 2624 1538 2672 ε.,
1560 2624 1612 2674 p.
1641 2611 1752 2673 754,
1775 2611 1884 2661 755.
1911 2611 1945 2664 G

2051 2616 2132 2665 nd.
2156 2629 2205 2678 p.
2234 2616 2343 2677 723,
2378 2615 2490 2679 γει,
2508 2629 2560 2664 n.
2585 2614 2691 2679 26).
2717 2638 2779 2650 -
2796 2612 2856 2662 In
2887 2612 3013 2663 Acta
3034 2617 3194 2675 apost.
3229 2623 3266 2671 ι,
3294 2610 3342 2660 4.

426 2717 805 2787 Παρήγγειλεν
836 2718 1023 2781 αὐτοῖς
1062 2718 1172 2774 ἀπὸ
1223 2717 1616 2792 Ἰεροσολύμων
1662 2720 1739 2794 μὴ
1773 2722 1945 2795 χωρί-

353 2809 569 2877 ζεσθαι,
602 2810 737 2862 ἀλλά
762 2810 1081 2881 περιμένειν
1099 2810 1198 2882 τὴν
1219 2812 1554 2881 ἐπαγγελίαν
1576 2813 1670 2866 τοῦ
1703 2814 1942 2885 Πατρὸς,

354 2903 421 2972 ῆν
439 2902 715 2972 ἠκούσατέ
742 2919 867 2973 μου.
912 2903 1053 2957 Ἀλλ’
1082 2904 1167 2957 ὅτι
1204 2903 1304 2974 μὲν
1327 2906 1355 2958 ὀ
1395 2905 1585 2976 Σωτὴρ
1626 2905 1756 2977 ἔφη,
1785 2906 1947 2961 τοῦτο

351 2994 533 3065 δῆλον.
584 2990 746 3048 Εῐπεν
783 2996 914 3066 γὰρ,
950 2996 1033 3054 ἆτι
1101 3015 1121 3048 ι
1165 2995 1471 3051 Ἀναϐαίνω
1502 2997 1639 3069 πρὸς
1685 2998 1777 3051 τὸν
1826 2999 1943 3051 Πα-

354 3085 489 3157 τέρα
519 3103 645 3155 μου.
684 3088 779 3141 καὶ
816 3087 1123 3157 παρακαλῶ
1170 3088 1356 3156 αὑτὸν,
1406 3088 1505 3143 καὶ
1549 3090 1761 3161 πέμπει
1815 3090 1947 3161 ὑμῖν

355 3176 447 3231 τὸν
476 3177 854 3250 Παράκλητον.
894 3198 914 3231 ι
955 3180 1013 3234 ’0
1049 3180 1108 3234 δέ
1150 3180 1343 3251 Πατὴρ
1374 3181 1480 3234 ποῦ
1530 3182 1943 3253 ἐπηγγείλατο;

356 3270 422 3323 ἐκ
449 3272 548 3340 μὲν
570 3271 679 3341 γὰρ
706 3272 800 3326 τοῦ
835 3272 1176 3343 Εὑαγγελίου
1220 3276 1255 3346 ή
1284 3273 1384 3328 τοῦ
1434 3276 1656 3347 Πατρὺς
1704 3279 1949 3345 ἐπαγγε-

2124 2725 2392 2796 Praecepit
2452 2725 2562 2781 illis
2607 2740 2673 2779 ne
2718 2722 3115 2794 Hierosolymis
3145 2721 3512 2785 discederent,
3544 2718 3640 2774 sed

2053 2826 2442 2888 exspectarent
2468 2816 2896 2887 promissionem
2926 2813 3125 2877 Patris,
3154 2828 3321 2882 quam
3357 2827 3422 2865 ex
3454 2825 3513 2865 se
3544 2824 3645 2863 au-

2054 2910 2312 2966 diverint.
2370 2909 2528 2977 Quod
2578 2906 2840 2963 Servator
2893 2905 2947 2962 id
2999 2905 3241 2969 dixerit,
3291 2900 3648 2957 manifestum

2056 3004 2249 3073 utique
2300 3011 2404 3058 est.
2450 3001 2672 3056 Dixerat
2721 2998 2867 3055 enim
2901 3017 2914 3054 :
2951 3017 2971 3051 ι
3002 2996 3257 3053 Asccndo
3314 2997 3382 3049 ad
3428 2995 3649 3049 Patrem

2050 3113 2262 3164 meum,
2290 3105 2346 3153 et
2386 3095 2653 3166 precabor
2684 3093 2860 3156 illum,
2905 3100 2962 3147 et
2998 3090 3182 3145 mittet
3215 3088 3372 3143 vobis
3408 3084 3650 3140 Paracli-

2049 3193 2171 3241 tum
2193 3187 2263 3240 ἰ.
2295 3204 2314 3237 ι
2363 3185 2467 3241 Ubi
2495 3200 2627 3239 vero
2656 3176 2832 3237 Pater
2852 3181 2986 3236 illud
3020 3178 3309 3251 promisit?
3342 3175 3467 3231 Haec
3500 3176 3647 3230 enim

2053 3274 2234 3331 Patris
2265 3273 2565 3345 promissio
2598 3288 2663 3328 ex
2692 3269 2990 3341 Evangelio
3020 3284 3130 3323 non
3181 3274 3421 3321 constat.
3455 3262 3650 3316 Nonne

356 3361 448 3415 λία
472 3363 569 3433 οὐχ
598 3364 933 3435 εὑρίσκεται.
968 3367 1039 3421 Ἢ
1070 3366 1253 3438 δῆλον,
1282 3367 1360 3432 ὡς
1393 3368 1453 3421 ἐν
1496 3369 1613 3432 τοῖς
1643 3370 1945 3440 προφήταις

2057 3367 2225 3439 igitur
2269 3365 2651 3436 consequitur,
2689 3362 2747 3418 in
2783 3359 3072 3434 prophetis
3123 3373 3244 3414 eam
3276 3355 3557 3412 inveniri?
3592 3354 3652 3408 Id

354 3454 673 3527 εὑρίσκεται
699 3473 714 3523 ;
745 3457 821 3521 ὡς
853 3461 1125 3530 μαρτυρεῖ
1157 3460 1252 3513 καὶ
1276 3459 1489 3523 Παῦλος
1526 3460 1724 3529 λέγων·
1759 3481 1778 3513 ι
1803 3460 1949 3514 Παῦε.-

359 3548 489 3617 λος,
546 3551 735 3616 δοῦλος
801 3554 976 3624 Ἰησοῦ
1035 3555 1297 3626 Χριστοῦ,
1356 3555 1553 3627 κλητὸς
1619 3556 1944 3622 ἀπόστολος,

355 3643 747 3716 ἀφωρισμένος
777 3646 858 3709 εἰς
908 3646 1242 3715 Εὐαγγέλιον
1294 3646 1456 3713 Θεοῦ,
1493 3646 1522 3701 ὂ
1575 3648 1949 3718 προεπηγγεί-

355 3732 486 3787 λατο
512 3734 602 3789 διὰ
648 3734 759 3789 τῶν
809 3737 1109 3809 προφητῶν
1140 3738 1306 3792 αὑτοῦ
1358 3741 1415 3794 ἐν
1476 3739 1726 3813 Γραφαῖς
1762 3739 1952 3809 ἁγίαις

358 3828 491 3899 περὶ
523 3826 618 3881 τοῦ
654 3827 787 3882 Υἱοῦ
812 3831 1001 3885 αὐτοῦ.
1042 3850 1060 3883 ι
1119 3833 1714 3905 Προεπαγγειλάμενος
1765 3833 1950 3889 τοίνυν

358 3919 719 3989 Εὑαγγέλιον,
748 3922 1117 3993 ἐπηγγείλατο
1149 3925 1245 3978 καὶ
1266 3923 1494 3996 Πνεῦμα
1524 3924 1681 3994 ἅγιον
1717 3926 1946 3982 διδόναι.

356 4010 524 4081 Λέγει
560 4010 619 4065 δὲ
649 4013 747 4067 καὶ
788 4013 878 4067 διὰ
907 4012 1002 4067 τοῦ
1060 4015 1344 4086 προφήτου
1385 4017 1415 4071 ὁ
1443 4016 1578 4080 Θεός
1606 4031 1620 4047 ⁸
1646 4035 1669 4071 ι
1688 4017 1778 4070 Ἐν
1831 4018 1951 4081 ταῖς

356 4108 619 4181 ἐσχάταις
640 4111 903 4183 ἡμέραις,
931 4110 1080 4181 λέγει
1100 4111 1306 4183 Κύριος
1320 4112 1742 4184 παντοκράτωρ,
1774 4112 1953 4182 ἐκχεῶ

358 4202 471 4256 ἀπὸ
499 4202 596 4255 τοῦ
635 4202 953 4275 Πνεύματός
987 4221 1089 4274 μου
1119 4204 1215 4258 ἐπὶ
1238 4205 1421 4259 πᾶσαν
1461 4205 1663 4276 σάρκα,
1694 4203 1789 4259 καὶ
1814 4219 1953 4275 προ-

358 4295 724 4365 φητεύσουσιν
752 4297 802 4350 οί
837 4298 943 4350 υἱοὶ
974 4296 1132 4366 ὑμῶν
1160 4297 1258 4350 καὶ
1288 4298 1345 4350 al
1377 4296 1679 4368 θυγατέρες
1711 4297 1887 4367 ὑμῶν.
1924 4315 1943 4350 ι

371 4385 506 4442 Ἰδοὺ
529 4388 561 4459 ή
584 4386 889 4456 ἐπαγγελία
914 4388 926 4441 l
962 4387 1099 4441 Ἡδὲ
1129 4386 1376 4451 ἔκϐασις,
1397 4387 1478 4441 ὅτι
1498 4386 1610 4458 (88)
1640 4385 1703 4440 τὸ
1727 4386 1956 4456 Πνεῦμα

358 4480 423 4536 τὸ
468 4480 625 4549 ἆγιον
674 4480 733 4533 ἐν
782 4479 911 4533 εῖδει
967 4479 1228 4549 γλωσσῶν
1276 4478 1364 4550 ἐφ’
1424 4479 1521 4533 ἕνα
1563 4478 1796 4533 ἕκαστον
1844 4478 1953 4532 τῶν

363 4571 627 4643 μαθητῶν
670 4572 913 4638 ἐκάθισε,
967 4571 1064 4627 καὶ
1116 4571 1343 4633 ἐλάλουν
1398 4571 1469 4626 τὰ
1528 4570 1796 4641 μεγαλεῖα
1853 4568 1951 4624 τοῦ

360 4663 519 4719 Θεοῦ.
553 4664 678 4719 ’Ότι
733 4664 791 4718 δὲ
830 4665 860 4718 ὁ
904 4663 1097 4736 Πατὴρ
1145 4662 1321 4718 ταῦτα
1360 4662 1531 4733 λέγει,
1573 4663 1675 4734 οὐχ
1725 4663 1755 4717 ό
1798 4663 1949 4727 Υἱὸς,

360 4758 429 4810 ἐκ
452 4756 554 4827 τῆς
580 4756 878 4828 ἐπαγωγῆς
899 4756 1080 4827 δῆλον.
1114 4773 1134 4807 ι
1164 4758 1276 4811 Καὶ
1298 4754 1613 4827 δὼσωγὰρη
1649 4757 1805 4827 φησὶ,
1849 4772 1948 4827 ση-

364 4852 497 4921 μεῖα
522 4850 580 4903 ἐν
600 4850 679 4922 τῷ
702 4848 914 4921 οὐρανῷ
938 4848 1073 4917 άνω,
1111 4851 1207 4903 καὶ
1230 4850 1288 4902 ἐν
1316 4851 1383 4919 τῇ
1414 4850 1486 4921 γῇ
1513 4850 1686 4905 κάτω.
1730 4868 1751 4902 ι
1801 4842 1955 4919 Αἷμα

2049 3460 2198 3516 enim
2252 3458 2456 3515 Paulus
2506 3471 2729 3527 quoque
2785 3462 3051 3520 testatur,
3098 3451 3332 3508 dicens:
3366 3468 3385 3501 ι
3417 3447 3650 3510 Paulus,

2053 3565 2247 3607 servus
2278 3548 2413 3604 Iesu
2441 3547 2671 3611 Christi,
2711 3553 2942 3601 vocatus
2988 3543 3302 3615 apostolus,
3357 3547 3651 3610 separatus

2052 3643 2119 3697 ad
2149 3641 2515 3711 Evangelium
2548 3639 2668 3706 Dei,
2702 3638 2853 3709 quod
2902 3644 3062 3691 antea
3096 3634 3355 3707 promisit
3384 3648 3482 3703 per
3512 3646 3647 3701 pro—

2049 3737 2246 3806 phetas
2289 3749 2423 3791 suos
2473 3734 2528 3789 in
2560 3730 2863 3801 Seripturis
2905 3729 3082 3786 sacris
3120 3729 3189 3784 de
3220 3726 3361 3781 Filio
3401 3726 3588 3781 suo“.
3626 3741 3646 3775 ι

2058 3832 2290 3899 Quando
2312 3831 2501 3902 itaque
2541 3827 2904 3900 Evangelium
2936 3836 3066 3883 ante
3088 3823 3370 3897 promisit,
3400 3821 3656 3893 promisit

2055 3927 2220 3982 etiam
2265 3941 2325 3982 se
2370 3924 2641 3996 Spiritum
2686 3933 2941 3980 sanctum
2990 3922 3248 3977 daturum
3316 3932 3461 3973 esse.
3509 3914 3656 3969 Deus

2051 4032 2182 4073 vero
2217 4017 2381 4072 etiam
2414 4032 2507 4087 per
2538 4017 2863 4086 praplietam
2896 4014 2973 4069 ait
3000 4032 3013 4068 :
3054 4031 3073 4065 ι
3105 4013 3163 4067 In
3200 4009 3411 4065 ultimis
3434 4008 3655 4072 diebus,

2052 4111 2186 4166 dicit
2215 4110 2360 4166 Deus
2389 4110 2761 4181 omnipotens,
2791 4108 2859 4163 de
2890 4104 3100 4177 Spiritu
3132 4118 3253 4158 meo
3278 4101 3563 4157 ell'undam
3596 4099 3652 4153 in

2052 4216 2272 4258 omnem
2295 4217 2539 4271 carnem,
2571 4208 2627 4257 et
2653 4199 3064 4271 prophetabunt
3096 4197 3193 4252 lilii
3228 4195 3422 4259 vestri,
3453 4203 3507 4247 et
3528 4192 3657 4246 [ilhc

2052 4303 2247 4350 vestrae
2268 4294 2333 4348 ³³.
2364 4312 2384 4347 ι
2434 4292 2515 4348 Εη
2565 4291 3026 4364 promissioncml
3092 4289 3321 4360 lmpleta
3379 4300 3511 4342 vero
3556 4285 3651 4340 illa

2052 4393 2159 4451 est,
2183 4386 2404 4457 quando
2444 4385 2681 4456 Spiritus
2712 4392 2940 4441 sanctus
2967 4383 3071 4439 sub
3098 4383 3283 4453 Specie
3324 4380 3645 4450 linguarum

2054 4479 2111 4533 in
2165 4492 2501 4549 unoquoque
2543 4477 2941 4547 discipulorum
3006 4476 3262 4531 consedit
3285 4475 3371 4539 ἰ,
3428 4472 3651 4542 ipsique

2056 4588 2264 4644 magna.
2300 4571 2396 4627 Dei
2443 4587 2621 4641 opera.
2650 4571 3029 4641 exponebant.
3068 4571 3286 4625 Patrem
3340 4582 3471 4621 vero
3514 4566 3653 4629 haec,

2056 4681 2165 4720 non
2193 4664 2417 4729 Filium,
2451 4664 2624 4735 loqui,
2646 4678 2715 4718 ex
2739 4663 3101 4734 sequentibus
3132 4668 3361 4731 apparet
3388 4676 3401 4713 :
3443 4676 3462 4710 ι
3497 4658 3647 4712 Dabo

2054 4758 2225 4823 enim,
2262 4757 2462 4828 inquit,
2497 4756 2657 4827 signa
2697 4755 2754 4810 in
2792 4755 2936 4811 coelo
2984 4766 3173 4824 supra,
3207 4760 3262 4807 et
3294 4751 3349 4807 in
3384 4759 3530 4804 terra
3563 4749 3649 4803 in-

2053 4851 2158 4906 l‘ra.
2193 4870 2212 4903 ι
2248 4851 2485 4921 Sanguis
2514 4850 2683 4913 enim,
2730 4849 2825 4920 qui
2866 4848 3011 4921 signi
3064 4844 3334 4902 mirabilis
3368 4844 3642 4898 rationem

367 4944 466 5014 μὲν
495 4943 629 5016 γὰρ,
653 4943 682 4997 ὃ
712 4942 1016 5015 παραδόξου
1074 4941 1301 5013 σημείου
1344 4940 1504 5011 λόγον
1544 4941 1755 5012 ἐπέχει,
1791 4939 1853 4993 τὸ
1890 4940 1945 4992 ἐκ

2056 4944 2249 5010 habet,
2278 4944 2371 4999 ille
2414 4953 2519 5011 est,
2562 4943 2667 5014 qui
2698 4959 2766 4999 ex
2798 4942 3015 4998 Domini
3060 4942 3231 4995 latere
3274 4947 3397 5008 post
3429 4936 3644 4991 obitum

364 5037 465 5107 τῆς
501 5037 841 5108 Δεσποτικῆς
870 5035 1014 5107 μετὰ
1050 5035 1281 5091 θάνατον
1309 5034 1514 5107 ρεῦσαν
1538 5034 1803 5105 πλευρᾱὶς⁸
1846 5032 1945 5102 πῦε

2069 5036 2256 5102 ﬂuxit;
2293 5036 2435 5108 ignis
2457 5052 2588 5092 vero
2626 5036 2737 5104 ille,
2760 5034 2877 5106 qui,
2910 5042 2967 5087 ut
2998 5033 3207 5088 dictum
3232 5038 3340 5094 est,
3371 5027 3646 5096 apostolis

368 5125 447 5191 δὲ,
474 5126 535 5179 τὸ
560 5129 672 5191 τοῖς
711 5126 1063 5194 ἀποστόλοις,
1122 5125 1201 5192 ὡς
1254 5126 1607 5199 προείρηται,
1651 5126 1956 5199 διαιρεθὲν.

2067 5138 2150 5184 cst
2189 5127 2539 5184 distributus.
2570 5147 2590 5180 ι
2627 5126 2735 5184 Sed
2790 5136 2845 5183 ct
2882 5126 2986 5193 sol,
3037 5126 3236 5196 inquit,
3281 5125 3340 5179 in
3392 5123 3653 5179 tenebras

441 5282 501 5336 Ἰ
534 5284 658 5340 Cor.
694 5286 851 5350 xv,5.
896 5285 939 5318 ¹⁰
964 5284 1100 5340 Luc.
1132 5301 1285 5348 xxnv.
1322 5283 1405 5338 l6.
1448 5283 1487 5317 “
1513 5282 1673 5339 Joan.
1706 5284 1905 5347 xx,19.
1948 5284 1991 5314 ¹²
2018 5282 2264 5339 ibid.26.
2309 5282 2539 5339 "lCor.
2578 5298 2667 5349 xv,
2699 5283 2753 5337 6.
2797 5281 2993 5336 "ibid.
3021 5282 3073 5335 7.
3114 5278 3306 5334 "ibid.
3340 5279 3393 5333 5.
3435 5278 3479 5307 ¹⁶
3497 5273 3657 5329 Joau.

371 5370 485 5421 xxI,
510 5356 563 5409 2.
641 5357 681 5387 ⁸⁷
706 5357 725 5410 l
748 5358 877 5411 Cor.
912 5373 1002 5425 xv,
1032 5357 1087 5414 7.
1166 5357 1210 5389 ¹⁸
1232 5355 1421 5410 Matth.
1452 5370 1648 5425 xxvm,
1678 5355 1730 5407 7.
1806 5355 1849 5387 ¹⁹
1877 5356 1995 5408 Act.
2030 5369 2072 5420 t,
2105 5356 2193 5409 12.

2266 5354 2465 5408 "ibid.
2510 5369 2549 5413 ι,
2581 5354 2636 5407 4.
2738 5356 2779 5385 ²¹
2802 5352 2964 5407 Joan.
3003 5367 3119 5418 xlv,
3151 5351 3243 5417 16,
3279 5350 3438 5421 cujus
3468 5358 3655 5403 tamen

369 5437 616 5481 nontam
641 5428 830 5493 verba,
867 5422 1032 5499 quam
1067 5442 1294 5485 sensum
1322 5427 1517 5482 recitat
1540 5424 1791 5481 Photius.
1862 5426 1907 5457 ²¹
1932 5426 2094 5481 llom.
2132 5443 2170 5491 ι,
2206 5424 2261 5478 2.
2302 5424 2479 5479 “Joel
2531 5440 2614 5492 ιιι,
2654 5425 2676 5479 l
2716 5440 2840 5495 sqq.
2876 5424 2923 5455 “
2955 5424 3077 5480 Act.
3111 5439 3175 5489 II,
3201 5422 3257 5478 5.

1900 5568 2128 5627 NOT/E.

437 5701 692 5827 385°)lsa.
721 5723 892 5773 xxv",
916 5707 1005 5771 ll,
1030 5708 1121 5764 ubi
1147 5720 1327 5764 tamen
1350 5706 1545 5764 ultima
1574 5707 1756 5764 verba:
1791 5705 1959 5776 ἀναγ-

437 5797 438 5801 ‘
466 5776 592 5827 λατε
619 5780 774 5827 ἡμῖν-
807 5778 1009 5827 frustra
1043 5781 1383 5827 titinisiveris.

371 5778 592 5845 γείλατε
619 5780 774 5847 ἡμῖν,
807 5778 1010 5834 frustra
1043 5781 1383 5848 quatsiveris.

445 5846 595 5919 (86H
627 5850 753 5907 Cor.
785 5865 877 5919 xv,
915 5850 968 5920 5,
1010 5852 1143 5923 legis
1172 5854 1286 5916 τοῖς
1315 5848 1550 5909 δώδεκα.

2145 5705 2258 5775 (87)
2295 5704 2497 5773 Legerc
2522 5704 2707 5757 malim
2735 5704 2884 5760 ὅθεν.

2138 5778 2252 5849 (88)
2279 5775 2499 5847 Legem
2511 5777 2719 5844 malim,
2756 5776 2869 5831 ὅτε.
