4072 6496
426 356 535 422 719
1586 358 1851 419 ΡΗΟΤΙΙ
1882 359 2039 419 ΡΑΤ]

2144 358 2390 419 LRCII.‘E
2422 359 2531 419 (ΖΡ.
3604 353 3746 417 720

427 472 805 534 cenvertetur,
846 474 899 521 et
937 466 1065 520 luna
1104 466 1158 520 in
1204 466 1557 538 sanguinem,
1587 477 1879 539 antequam
1912 484 2005 524 vc-
2036 521 2039 530 λ

2193 469 2354 524 Ἀλλὰ
2402 469 2496 523 καὶ
2534 468 2563 520 ό
2609 465 2781 539 ἥλιος,
2829 467 3021 539 φησὶν,
3061 467 3595 540 μεταστραφήσεται
3638 470 3744 530 εἰς

427 559 543 615 niat
596 560 715 614 dies
752 558 969 612 Domini
1020 574 1218 628 magna
1271 569 1327 614 et
1383 560 1637 624 illustris,
1671 579 1690 611 ι
1748 561 1853 614 hoc
1900 570 2007 626 est,

2144 561 2329 626 τκότος,
2386 560 2482 614 καὶ
2534 562 2568 631 ἡ
2620 559 2818 631 σελήνη
2862 562 2943 623 είς
3000 554 3160 629 αἷμα,
3201 560 3334 630 πρὶν
3386 557 3571 613 ἐλθεῖν
3612 558 3744 627 τὴν

432 649 579 705 Filii.
628 649 753 705 llaec
791 657 975 703 autem
1030 664 1059 702 a
1107 649 1293 717 Patre,
1335 665 1443 704 non
1481 666 1509 703 a
1561 651 1850 720 propheta.
1880 650 2011 716 dici,

2144 652 2330 722 ιμέραν
2362 650 2571 721 Κυρίου
2592 648 2693 721 τὴν
2719 648 2965 720 μεγάλην
3006 649 3104 703 καὶ
3132 650 3401 719 ἐπιφανῆ,
3433 650 3738 714 τουτέστι,

431 743 648 797 initium
682 742 891 798 oraculi
922 742 1090 812 hujus
1124 752 1375 799 testatur.
1405 743 1462 797 Id
1508 744 1653 798 enim
1692 745 1764 798 ita
1807 743 2009 799 habet:

2144 737 2215 792 τοῦ
2246 736 2397 791 Υίοῧ.
2431 755 2452 789 ι
2488 737 2612 791 Ὀτι
2640 736 2698 790 δὲ
2724 737 2834 790 ἀπὸ
2876 736 2972 791 τοῦ
3006 738 3222 809 Πατρδς
3263 736 3484 809 εἴρηται
3511 739 3740 802 ταῦτα,

435 854 453 884 ο
485 835 543 889 1η
584 835 800 891 ultimis
831 835 1048 899 diebus,
1090 835 1269 905 inquit
1302 834 1589 901 Dominus,
1632 835 1906 891 eﬁ‘undam
1946 835 2016 892 de

2144 829 2216 885 ιαὶ
2237 829 2338 881 οὐκ
2366 829 2475 883 άπὸ
2500 829 2595 883 τοῦ
2627 830 2932 901 προφήτου,
2982 830 3016 899 ή
3048 828 3195 901 ἀρχὴ
3232 828 3330 883 τοῦ
3361 830 3533 901 ῥητοῦ
3576 848 3744 899 μαρ-

432 928 637 997 Spiritu
666 944 787 983 meo
833 944 998 999 super
1026 944 1249 982 omnem
1282 942 1525 996 carnem,
1557 946 1578 981 ι
1631 937 1739 983 etc.
1780 926 2011 983 Manife-

2144 923 2289 993 ὐρεῖ.
2328 921 2483 993 Ἔχει
2515 922 2643 993 γάρ·
2676 941 2695 974 ‹
2719 920 2809 975 Ἐν
2837 924 2960 986 ταῖς
2984 922 3245 993 ἐσχάταις
3268 924 3530 995 ἡμέραις,
3562 922 3745 989 λέγει

432 1032 577 1075 stum
625 1022 752 1078 hinc
794 1030 880 1078 est
913 1038 1008 1092 per
1037 1021 1356 1086 Dominum,
1401 1037 1511 1077 non
1542 1022 1884 1093 prophetam,
1916 1021 2010 1092 qui

2144 1014 2345 1086 ἱύριος,
2401 1014 2579 1087 ἐκχεῶ
2620 1015 2729 1069 ἀπὸ
2756 1016 2851 1069 τοῦ
2886 1015 3205 1086 Πνεύματός
3253 1033 3356 1087 μου
3389 1018 3485 1069 ἐπὶ
3532 1019 3746 1070 πᾶσαν

431 1130 739 1169 conservus
789 1123 976 1169 noster
1011 1124 1117 1181 εει,
1159 1114 1257 1171 sed
1308 1112 1478 1169 Deum
1528 1125 1583 1171 et
1620 1116 1859 1181 Patrem,
1918 1114 2015 1186 qui

2144 1108 2324 1179 ιάρκα,
2358 1122 2378 1161 ι
2410 1113 2511 1162 καὶ
2542 1105 2692 1177 ἑξῆς.
2724 1107 2929 1179 Κύριος
2959 1108 3017 1162 δὲ
3038 1107 3222 1178 δῆλον,
3253 1109 3337 1162 ὅτι
3370 1109 3471 1179 οὐχ
3509 1108 3545 1160 ὁ
3586 1123 3748 1176 προ-

432 1217 559 1259 eum
589 1203 824 1268 miserit,
854 1203 1109 1258 indicari.

2144 1200 2323 1271 ρήτης,
2351 1200 2641 1271 ὀμόδουλος
2662 1200 2740 1255 ὢν
2761 1202 2916 1272 ἡμῖν,
2939 1200 3054 1256 ἀλλ’
3083 1202 3113 1255 ὁ
3134 1198 3325 1255 τοῦτον
3351 1198 3745 1261 ἀπεσταλκὼς

2123 1294 2256 1358 Θεὸς
2292 1294 2388 1348 καὶ
2412 1294 2627 1366 Πατήρ.

2648 1405 2985 1458 sparum
3013 1404 3213 1472 qu'.

2132 1494 2283 1549 Πότε
2354 1494 2812 1565 ἐϐαπτίσθησαν
2861 1496 2936 1617 ἰοί
2987 1494 3324 1548 ἀπόστολοι
3393 1490 3494 1547 καὶ
3560 1490 3745 1559 παρὰ

2825 1581 2859 1617 τ
2884 1580 3027 1617 roc:

2825 1580 2991 1631 τινος
3004 1580 3027 1631 ;

608 1675 866 1727 Editarum
892 1692 921 1727 a
955 1677 1135 1729 Wolﬁo
1156 1680 1418 1731 undecima
1442 1680 1513 1744 (p.
1546 1680 1775 1731 735-737.
1809 1680 2031 1733 Galland.
2053 1695 2104 1745 p.
2128 1682 2242 1744 72l,
2266 1694 2315 1731 n.
2339 1682 2445 1745 27).
2466 1703 2532 1719 —
2562 1680 2640 1734 De
2662 1680 2908 1744 baptismo
2940 1678 3182 1743 apostolis
3201 1676 3384 1730 Christi
3408 1677 3543 1727 dato.

513 1790 771 1846 Videmus
802 1790 1080 1862 apostolos
1109 1800 1238 1846 ante
1262 1792 1576 1861 passionem
1608 1792 1817 1849 Christi
1848 1793 2028 1864 bapti-

2204 1793 2549 1867 Εὑρίσκομεν
2575 1794 2707 1859 τοὺς
2748 1792 3081 1856 ἀποστόλους
3125 1791 3393 1853 λαϐόντας
3435 1789 3739 1860 βάπτισμα

435 1398 767 1468 ρυΑῑδΤιο
796 1399 1011 1456 CXXVI
1051 1400 1533 1475 [CoisLCXLVlIL
1555 1402 2022 1476 Taur.CXL\’ll].

581 1493 808 1560 Quando
840 1496 1100 1564 baptizati
1119 1506 1240 1551 sunt
1275 1498 1526 1566 apostoli,
1564 1507 1615 1553 et
1654 1515 1686 1552 a
1733 1500 1881 1568 quo?

437 1897 615 1937 smnm
645 1879 879 1936 Joannis
898 1881 1194 1952 accepisse.
1220 1879 1409 1953 Neque
1438 1882 1587 1937 enim
1616 1882 1869 1940 Salvator
1900 1894 2029 1940 ante

438 1975 750 2044 passionem
798 1974 969 2029 alium
1030 1972 1365 2045 baptismum
1429 1974 1679 2042 contulit,
1716 1992 1786 2033 ne
1819 1977 2031 2033 scilicet

438 2065 771 2135 prmeonium
833 2063 1064 2121 Joannis
1118 2065 1338 2121 irritum
1394 2066 1668 2134 redderet,
1700 2078 1792 2122 aut
1827 2066 2030 2124 Judaeis

438 2156 856 2213 adversantibus
885 2156 1234 2213 occasionem
1282 2157 1551 2228 praeberet
1579 2159 1818 2225 dicendi,
1879 2161 2030 2231 quod

439 2252 493 2305 in
523 2252 879 2322 opprobrium
920 2249 1150 2306 Joannis
1202 2250 1540 2321 baptismum
1578 2253 1871 2323 quemdam
1900 2269 2030 2323 pro-

436 2343 622 2415 prium
681 2343 965 2399 invexerit.
1004 2341 1163 2409 Quod
1206 2358 1338 2399 vero
1368 2342 1445 2399 illi
1474 2343 1687 2409 deerat,
1717 2346 2031 2416 supplebat,

436 2452 547 2491 non
606 2449 749 2505 aqua
799 2434 1113 2504 baptizans,
1164 2434 1260 2492 sed
1318 2434 1546 2506 Spiritu.
1600 2436 1692 2492 Sic
1733 2438 1879 2492 enim
1913 2437 2033 2508 ipse

434 2527 511 2581 ait
544 2544 557 2581 :
602 2546 625 2580 ι
663 2525 772 2581 Vos
802 2542 933 2581 vero
966 2525 1387 2597 baptizabimini
1429 2524 1637 2597 Spiritu
1670 2536 1884 2595 sancto,
1918 2543 2037 2584 non

438 2627 565 2688 post
598 2618 801 2675 multos
829 2619 948 2675 dies
970 2619 1017 2651 "
1043 2658 1059 2683 ,
1102 2636 1121 2670 ι
1152 2633 1349 2685 nempe
1378 2618 1588 2674 decem.
1648 2618 1842 2676 Decem
1901 2636 2035 2676 vero

436 2711 557 2767 dies
596 2710 727 2766 huic
784 2711 936 2780 operi
996 2709 1358 2776 deﬁniuntur,
1395 2719 1454 2765 ut
1481 2709 1619 2767 ﬁdes
1650 2713 2035 2783 apostolorum

438 2802 782 2873 probaretur.
807 2802 994 2858 Gratia
1019 2802 1166 2857 enim
1188 2800 1526 2873 quiescente,
1544 2804 1802 2875 nulloque
1817 2821 2033 2873 eorum,

439 2909 564 2960 quae
623 2894 897 2963 promisaa
958 2900 1140 2961 erant,
1203 2902 1579 2963 comparente,
1648 2894 1784 2951 ﬁdes
1840 2911 2036 2953 eorum

440 2987 824 3053 exercebatur,
859 3000 984 3057 spes
1012 3001 1142 3043 vero
1189 2986 1539 3042 occasionem
1586 2989 2035 3055 nanciscebatur,

444 3084 605 3139 ﬁdem
631 3098 741 3138 non
769 3082 993 3141 dubiam
1028 3082 1303 3153 pariendi.
1364 3083 1575 3154 Spiritu
1623 3084 1808 3152 itaque
1842 3092 2039 3140 sancto

442 3174 733 3245 baptizari,
765 3174 907 3229 idem
958 3184 1063 3242 est,
1114 3174 1263 3246 quod
1307 3174 1573 3246 Spiritum
1610 3186 1859 3231 sanetum
1887 3174 2034 3231 acci-

418 3264 590 3332 ‘pere.
647 3261 855 3333 Spiritu
916 3262 1087 3334 igitur
1137 3271 1194 3320 et
1252 3278 1396 3335 aqua
1450 3274 1578 3320 ante
1628 3265 2038 3337 perpessionem

447 3353 658 3410 Christi
692 3354 953 3425 baptizati
988 3364 1146 3412 erant
1174 3356 1431 3427 apostoli,
1468 3358 1858 3428 lavacrumque
1905 3356 2040 3412 illud

445 3444 643 3502 iisdem
706 3446 761 3501 in
827 3446 1214 3504 remissionem
1273 3457 1648 3519 peccatorum,
1689 3463 1798 3503 non
1850 3457 2041 3503 autem

448 3536 684 3605 Spiritus
709 3538 884 3593 sancti
917 3536 1294 3605 collationem,
1320 3538 1575 3596 cedebat.
1612 3538 1880 3595 Joannem
1912 3552 2042 3593 vero

447 3630 727 3701 apostolos
766 3630 1097 3703 baptizasse,
1162 3630 1431 3687 Dominus
1496 3639 1686 3686 noster
1740 3630 1919 3695 docet,
1976 3629 2044 3685 ad

449 3724 691 3786 Petrum,
734 3737 862 3777 cum
896 3722 1163 3777 lavandus
1188 3731 1358 3787 esset,
1414 3722 1751 3778 abnuentem
1804 3720 1995 3777 dicens
2027 3736 2042 3774 :

457 3836 477 3866 σ
513 3814 617 3881 Qui
655 3817 799 3871 lotus
820 3823 924 3879 est,
957 3828 1182 3871 necesse
1205 3829 1313 3871 non
1344 3814 1506 3870 habet
1536 3814 1730 3881 lavari,
1762 3812 1867 3868 nisi
1898 3811 2046 3883 quod

449 3908 519 3963 ad
554 3908 719 3979 pedes
743 3909 809 3961 ".
849 3927 868 3961 ι
911 3907 1027 3964 Hac
1048 3908 1196 3965 enim
1228 3923 1365 3965 voce
1393 3907 1657 3972 ostendit,
1684 3921 1792 3963 non
1823 3905 2043 3962 Petrum

452 4002 653 4065 solum,
690 4000 785 4056 sed
817 4002 982 4056 etiam
1043 4010 1295 4064 caeteros.
1349 4015 1590 4073 quorum
1649 3999 1838 4055 itidem
1879 3996 2047 4068 pedes

453 4103 665 4148 tantum
718 4094 958 4159 lavabat,
1016 4093 1247 4150 Joannis
1312 4092 1588 4164 baptismo
1644 4106 1765 4148 esse
1805 4090 2045 4145 ablutos.

456 4185 706 4241 Salvator
733 4185 899 4257 igitur
919 4186 1251 4257 baptismum
1271 4183 1631 4256 poenitentia,
1654 4183 1749 4253 qtti
1779 4197 1810 4237 a
1836 4180 2048 4237 Joanne

456 4280 511 4333 in
542 4279 925 4336 remissionem
975 4290 1328 4350 peccatorum
1368 4278 1879 4343 administrabatur,
1912 4274 2049 4330 adeo

456 4388 566 4427 non
591 4372 896 4443 abrogavit,
932 4383 993 4429 ut
1018 4373 1207 4430 addito
1237 4373 1481 4445 Spiritus
1529 4371 1711 4429 sancti
1739 4370 1887 4427 dono
1920 4383 2047 4425 eum

456 4464 769 4535 perfecerit.

579 4578 924 4647 QUIESTIO
945 4579 1183 4638 CXXVII
1226 4581 1416 4654 [ϐοἱεί.
1462 4578 1697 4643 CXLIX,
1738 4577 1902 4633 Taur.

1094 4672 1404 4747 CXLvnn.

459 4766 760 4837 Quomodo,
813 4769 904 4840 qui
934 4768 992 4823 in
1023 4767 1295 4891 Chrfséum
1354 4766 1722 4891 byaptizantur.
1781 4764 2053 4821 Christum

1118 4855 1173 4891 ιη
1217 4848 1345 4891 uunt

1118 4848 1345 4893 induunt

2131 1888 2242 1961 πρὸ
2259 1887 2355 1943 τοῦ
2386 1887 2594 1951 πάθους
2627 1884 2866 1958 Χριστοῦ
2913 1885 2972 1939 τὸ
3013 1883 3287 1938 Ἰωάννου.
3332 1882 3394 1935 'O
3425 1881 3484 1935 δέ
3525 1882 3737 1952 Σωτὴρ

2131 1981 2241 2053 πρὸ
2269 1979 2366 2034 τοῦ
2414 1977 2624 2042 πάθους
2658 1978 2720 2031 οὺ
2752 1978 2936 2031 δίδωσι
2964 1976 3247 2047 βάπτισμα
3273 1975 3484 2045 ἕτερον,
3521 1974 3613 2027 ἵνα
3646 1974 3735 2043 μὴ

2131 2073 2270 2145 λύσῃ
2301 2071 2363 2125 τὸ
2415 2070 2666 2126 Ἰωάννου
2706 2070 2992 2141 κήρυγμα,
3033 2068 3128 2121 καὶ
3180 2066 3255 2137 δῷ
3300 2065 3558 2137 ἀφορμὴν
3608 2067 3737 2127 τοῖς

2132 2165 2505 2234 ἀντιλέγουσιν
2551 2162 2849 2228 Ἰουδαίοις,
2878 2162 2961 2215 ὅτι
2999 2160 3139 2232 πρὸς
3168 2160 3327 2231 ὓϐριν
3360 2159 3455 2212 τοῦ
3509 2159 3735 2211 Βαπτι-

2135 2257 2265 2310 στοῦ
2296 2256 2427 2311 ίδιον
2451 2256 2826 2326 ἐπεισήγαγεν
2858 2254 3165 2324 βάπτισμα.
3211 2251 3551 2324 Ἀναπληροῖ
3570 2251 3627 2303 δὲ
3664 2249 3741 2303 τὸ

2133 2348 2343 2416 λεῖπον,
2377 2348 2480 2402 οὐκ
2518 2348 2577 2401 ἐν
2626 2345 2781 2401 ὕδατι
2831 2344 3131 2416 βαπτίζων,
3157 2344 3274 2399 ἀλλ’
3323 2345 3382 2397 ἐν
3416 2343 3735 2412 Πνεύματι.

2136 2440 2336 2506 Καθὼς
2366 2440 2462 2495 καὶ
2515 2440 2677 2503 αὐτός
2735 2455 2925 2509 φησιν,
2960 2456 2979 2491 ι
3030 2437 3221 2508 Ὑμεῖς
3267 2436 3326 2489 δέ
3358 2434 3739 2507 βαπτισθήσε-

2137 2535 2233 2590 σθε
2260 2536 2322 2589 ἐν
2363 2533 2646 2605 Πνεύματι
2670 2532 2812 2601 ἁγίῳ
2839 2532 2901 2586 οὐ
2934 2529 3075 2602 μετά
3102 2529 3304 2592 πολλάς
3335 2528 3541 2591 ταύτας
3584 2526 3737 2598 ἡμέ-

2142 2648 2262 2702 ρας,
2304 2648 2325 2681 ι
2368 2627 2609 2697 δηλονότι
2642 2626 2794 2681 δέκα.
2829 2625 3078 2678 Δίδονται
3114 2623 3172 2677 δὲ
3220 2620 3551 2693 προθεσμίαι
3591 2619 3739 2671 δέκα

2137 2723 2344 2795 ἡμέραι
2368 2721 2457 2775 διὰ
2489 2718 2800 2789 γυμνασίαν
2828 2718 2929 2788 τῆς
2957 2716 3068 2769 τῶν
3094 2713 3414 2769 ἀποστόλων
3449 2712 3724 2772 πίστεως.

2150 2814 2561 2886 Ἦσυχαζούσης
2590 2812 2693 2883 τῆς
2726 2810 2973 2883 χάριτος,
3007 2810 3103 2864 καὶ⁵
3132 2808 3362 2880 μηδενὸς
3412 2806 3523 2859 τῶν
3551 2808 3740 2875 ἐπηγ-

2138 2907 2424 2978 γελμένων
2451 2904 2813 2977 φαινομένων,
2862 2901 3203 2973 ἐγυμνάζετο
3233 2899 3419 2952 αὐτῶν
3447 2899 3481 2969 ἡ
3520 2897 3738 2960 πίστις,

2140 2999 2235 3054 καὶ
2269 3000 2303 3071 ἡ
2333 2997 2489 3061 ἐλπὶς
2515 2997 2578 3050 τὸ
2608 2996 2936 3051 άδίστακτον
2969 2992 3082 3063 (89)
3115 2991 3492 3061 καρποφορεῖν
3533 2987 3739 3058 καιρὸν

2142 3090 2469 3163 ἐλάμϐανεν.
2503 3088 2595 3159 Τῷ
2620 3087 2750 3158 γοῦν
2788 3085 3153 3159 βαπτισθῆναι
3181 3084 3241 3138 ἐν
3269 3081 3551 3151 Πνεύματι
3584 3080 3735 3149 ἁγίῳ

2142 3185 2259 3240 ίσον
2288 3181 2406 3236 ἐστὶ
2434 3180 2494 3235 τὸ
2521 3180 2707 3235 λαϐεῖν
2734 3176 2961 3248 Πνεῦμα
2994 3176 3169 3245 άγιον.
3202 3170 3383 3228 Ἦσαν
3414 3172 3511 3227 οὖν
3551 3171 3737 3225 Ilvati-

2145 3294 2278 3349 ματι
2306 3275 2404 3330 καὶ
2431 3273 2586 3328 ὕδατι
2605 3271 2713 3344 πρὸ
2740 3269 2836 3325 τοῦ
2862 3267 3071 3331 πάθους
3102 3265 3493 3339 βαπτισθέντες
3523 3265 3573 3316 οἱ
3596 3263 3742 3316 ἀπό-

2144 3368 2345 3424 στολοι.
2394 3367 2508 3423 Καὶ
2531 3361 2600 3438 ἦν
2657 3366 2721 3420 τὸ
2765 3363 2989 3434 λουτρὸν
3042 3362 3222 3415 ἐκεῖνο
3273 3359 3356 3422 είς
3386 3357 3585 3428 ἄφεσιν
3631 3355 3740 3425 μὲν

2144 3459 2451 3531 ἁμαρτιῶν,
2478 3457 2578 3511 οὐκ
2608 3457 2689 3521 είς
2710 3456 2946 3527 μετοχὴν
2972 3453 3030 3507 δὲ
3052 3450 3370 3521 Πνεύματος
3399 3447 3580 3517 ἁγίου.
3609 3446 3739 3499 Ὅτι

2146 3547 2204 3601 δέ
2233 3548 2359 3610 τοὺς
2394 3544 2730 3608 ἀποστόλους
2756 3546 2785 3598 ὁ
2836 3543 3092 3614 Ἰωάννης
3119 3541 3406 3603 ἐϐάπτισε,
3432 3536 3669 3607 φανερὸν
3706 3536 3744 3588 ὁ

2147 3639 2427 3710 Δεσπότης
2457 3640 2623 3709 ποιεῖ,
2660 3638 2719 3693 ἐν
2742 3636 2819 3708 τῷ
2839 3635 3021 3706 λέγειν
3044 3634 3181 3704 πρὸς
3210 3632 3303 3687 τὸν
3333 3631 3562 3701 Πέτρον,
3591 3628 3743 3683 κατὰ

2145 3732 2238 3786 τὸν
2282 3732 2475 3803 καιρὸν
2503 3714 2597 3784 τοῦ
2626 3729 2888 3801 νιπτῆρπ
2943 3725 3273 3782 ἀνανεύοντα
3309 3722 3456 3794 (90)·
3503 3740 3524 3774 ι
3551 3721 3611 3774 Ὁ
3645 3720 3742 3774 λε-

2147 3824 2409 3896 λουμένος
2441 3821 2541 3876 οὐκ
2574 3821 2688 3892 ἔχει
2720 3820 2912 3892 χρείαν
2943 3818 3224 3889 νίψασθαι,
3270 3817 3321 3870 εί
3355 3815 3433 3886 μὴ
3467 3814 3595 3877 τοὺς
3632 3812 3737 3865 πό-

2148 3918 2265 3982 δας.
2307 3935 2326 3970 )
2370 3914 2583 3980 Ἔδειξε
2608 3913 2717 3984 γὰρ
2741 3913 2830 3967 διὰ
2865 3912 2967 3984 τῆς
2989 3911 3175 3981 φωνῆς
3205 3910 3268 3963 οὗ
3307 3908 3471 3979 μόνον
3507 3906 3599 3960 τὸν
3627 3904 3739 3958 Πέ-

2148 4028 2279 4083 τρον
2305 4007 2648 4078 λελουμένον,
2688 4004 2826 4062 ἀλλὰ
2846 4003 2945 4059 καὶ
2970 4003 3098 4067 τοὺς
3121 4002 3315 4064 ἄλλους
3343 4002 3399 4053 ἐν
3424 3997 3501 4068 τῷ
3522 3997 3740 4049 νίπτειν

2149 4103 2331 4158 αὐτῶν
2381 4101 2510 4164 τοὺς
2541 4099 2710 4163 πόδας
2759 4098 2941 4169 μόνον,
2990 4095 3070 4166 τῷ
3112 4094 3207 4148 τοῦ
3248 4092 3499 4147 Ἰωάννου
3534 4089 3741 4161 βαπτί-

2153 4211 2346 4266 σματι.
2394 4192 2456 4249 Ὀ
2500 4190 2695 4263 Σωτὴρ
2730 4189 2825 4244 οὖν
2852 4188 2915 4244 τὺ
2951 4188 3050 4259 μὲν
3092 4187 3377 4259 βάπτισμα
3416 4183 3518 4253 τῆς
3565 4198 3742 4249 μετα-

2152 4285 2302 4348 νοίας
2331 4284 2427 4339 καὶ
2453 4285 2535 4347 είς
2556 4284 2751 4353 άφεσιν
2790 4280 3081 4353 ἁμαρτιῶν
3108 4278 3437 4349 τελούμενον
3463 4274 3617 4345 παρὰ
3642 4270 3745 4325 τοῦ

2164 4379 2416 4433 Ἰωάννου
2447 4377 2548 4431 οὐκ
2572 4376 2863 4446 ἠθέτησεν,
2889 4372 3028 4429 ἀλλὰ
3051 4371 3151 4427 καὶ
3166 4370 3453 4427 ἐτελείωσε
3477 4365 3743 4440 προσθεὶς

2083 4496 2127 4555 ι)
2156 4474 2223 4543 τῇ
2254 4470 2347 4525 τοῦ
2376 4467 2644 4537 παναιτίου
2670 4465 2991 4537 Πνεΰματος
3016 4465 3220 4535 δωρεᾷ.

2689 4580 3029 4636 ΕΡΩΤΗΣΙΣ
3056 4580 3232 4632 ΡΚΖ’.

2163 4760 2297 4827 Πῶς
2344 4762 2399 4814 οι
2445 4762 2535 4825 είς
2579 4752 3301 4881 Χοιστὸνδραπτιζόμενοι
3348 4748 3607 4821 Χριστὸν
3645 4746 3745 4802 ἐν·

2868 4841 3116 4881 vortat:

2868 4841 3074 4881 υονται
3097 4842 3116 4889 ;

1149 4980 1402 5032 Editarum
1423 4993 1451 5029 a
1476 4979 1656 5029 Wolﬁo
1673 4976 1965 5029 duodecima
1988 4975 2039 5038 (p

2144 4973 2199 5033 .7,
2224 4972 2332 5021 758.
2359 4969 2581 5023 Galland.
2615 4968 2726 5029 724,
2754 4966 2865 5028 725,
2889 4978 2938 5014 ιι.
2962 4964 3068 5028 28).

535 5096 591 5153 Si
621 5096 860 5167 Spiritus
892 5112 1001 5153 non
1039 5108 1125 5154 est
1150 5096 1321 5160 Deus,
1356 5096 1401 5152 si
1439 5111 1549 5150 non
1592 5103 1676 5150 est
1706 5094 1907 5149 divinte
1929 5107 2054 5164 gra-

462 5196 553 5248 tite
588 5190 733 5257 fons,
787 5190 1068 5262 quomodo
1116 5190 1193 5245 illi
1235 5189 1329 5260 qui
1366 5188 1647 5245 Christum
1687 5189 1938 5245 divinum
1970 5187 2055 5241 in-

2236 5088 2300 5141 Εί
2338 5086 2414 5158 μὴ
2446 5084 2580 5148 Θεὸς
2616 5082 2678 5137 τὸ
2702 5080 2953 5151 Πνεῦμα,
2985 5080 3035 5133 εἰ
3069 5077 3145 5149 μὴ
3164 5074 3354 5146 θεῖκῆς
3381 5071 3606 5144 χάριτος
3640 5085 3746 5138 πη-

2165 5182 2259 5251 γὴ,
2294 5180 2411 5242 πῶς
2439 5179 2489 5232 oi
2522 5177 2704 5231 οεῖκὸν
2735 5174 2940 5245 ἔνδυμα
2978 5173 3073 5226 τὸν
3119 5166 3356 5240 Χριστὸν
3398 5162 3747 5233 ἐνδυσάμενοι

464 5286 786 5339 dumentum
815 5285 1137 5349 induerunt,
1171 5283 1398 5353 vulgare
1437 5281 1573 5338 illud
1616 5281 1852 5354 Spiritus
1880 5292 2034 5335 sanet

2166 5272 2435 5330 ἰδιωτικὸν
2484 5270 2547 5325 τὸ
2587 5268 2681 5324 τοῦ
2728 5267 3051 5337 Πνεύματος
3103 5261 3497 5325 ἐπενδύονται;
3531 5254 3745 5354 ίΞὶγὰρ,

465 5377 747 5433 induunt?
777 5376 837 5433 Si
874 5377 1049 5443 enim,
1084 5385 1359 5447 quotquot
1390 5374 1444 5429 in
1478 5374 1760 5429 Christum
1785 5372 2053 5445 .baptjzati

540 5558 587 5590 ³⁸
616 5558 737 5613 Act.
774 5572 814 5622 ι,
854 5556 907 5609 5.
1045 5556 1090 5588 “
1119 5554 1280 5610 Joan.
1312 5570 1429 5622 xm,
1488 5553 1573 5607 10.

2164 5369 2280 5422 ὅσοι
2320 5368 2399 5431 είς
2416 5364 2654 5437 Χριστὸν
2684 5360 3121 5431 ἐϐαπτίσθησαν,
3144 5354 3381 5427 Χριστὸν
3403 5350 3744 5411 ἐνεδύσανττ.

1991 5640 2226 5697 NOTAE.

688 5739 778 5820 _Sic
807 5739 1108 5820 _scribo_pro
1136 5738 1517 5820 datdomxr'ov.
1553 5734 1747 5791 Nostra
1780 5736 2027 5791 illavocc

2149 5732 2293 5788 otius
2318 5730 2485 5797 infra,
2524 5744 2667 5799 resp.
2701 5725 2823 5795 154,
2854 5732 2908 5781 et
2938 5722 3098 5789 alias,
3121 5720 3320 5776 utitur.

549 5808 659 5880 (90)
692 5810 770 5868 ita
806 5810 1093 5879 legendum
1128 5825 1225 5883 pro
1253 5808 1628 5870 ἀνανεύοντος.
