4072 6488
254 421 353 487 7:21
1073 423 1175 484 AD
1212 421 1814 483 AMPHILOCHIUM
1844 416 2194 491 ΟΠίΕΒἸῚΟ
2222 416 2741 478 CXXVI-CXXIX:
3448 416 3558 481 722

258 543 409 611 λέγει
431 541 488 597 δὲ
527 543 557 595 6
604 539 821 612 Σωτὴρ,
856 557 875 591 ι
914 538 1152 593 Μείνατε
1195 540 1253 592 ὲν
1278 538 1651 611 -Ὶερουσαλὴμ
1688 537 1853 591 έπελ-
1884 542 1926 598 Α

1901 542 2104 597 tsuut,
2157 534 2441 589 Christum
2499 533 2841 599 induerunt;
2878 533 3145 589 Dominus
3208 548 3338 589 vero
3369 548 3559 590 noster

261 636 449 699 θόντος
498 632 594 688 τοῦ
642 632 805 702 ἀγίου
846 630 1165 701 Πνεύματος
1207 629 1297 699 ἐφ’
1332 631 1518 700 ὑμᾶς,
1560 649 1578 681 ι
1631 630 1751 691 πῶς
1792 632 1850 683 ὲν

1952 629 2135 683 dixit:
2185 645 2204 678 ι
2242 625 2454 681 Manete
2506 624 2937 697 Hierosolymis,
2996 628 3175 682 denec
3245 643 3414 697 super
3460 644 3559 683 vos

260 725 342 796 τῷ
371 723 551 796 καιρῷ
575 722 671 775 τοῦ
701 720 1037 774 Δεσποτικοῦ
1066 718 1368 790 ἐνδύματος
1404 719 1650 773 δουλικὸν
1672 719 1854 773 ἐνδυό-

1954 720 2138 775 veniat
2169 718 2411 790 Spiritus
2437 728 2664 773 sanctus
2687 720 2731 750 "
2764 734 2777 770 :
2819 739 2839 771 ι
2878 722 3161 789 quomodo
3192 736 3257 776 eo
3289 731 3557 791 tempore,

270 816 445 886 μεθα;
495 813 660 867 Ἀλλὰ
693 813 855 883 δῆλον
883 813 994 884 ἄρα
1013 812 1278 881 ἑκάτερον
1309 810 1516 880 ἔνδυμα
1563 814 1852 885 ὁμότιμον,

1955 829 2066 882 quo
2126 811 2418 866 Dominum
2476 809 2653 865 instar
2700 811 2874 866 vestis
2938 813 3243 879 induimus,
3304 816 3559 868 servilem

266 906 364 959 καὶ
398 905 530 976 μίαν
561 904 658 957 καὶ
685 903 786 973 τὴν
813 902 987 974 αὐτὴν
1013 902 1115 971 τῆς
1144 900 1472 970 εὐεργεσίας
1503 903 1597 954 καὶ
1628 902 1855 973 χάριτος

1956 904 2197 973 aliquam
2224 901 2470 970 recipere
2498 914 2797 970 possumus
2818 901 2847 954 ?v
2871 900 2950 955 Ex
3001 904 3085 958 his
3112 903 3302 972 itaque
3333 915 3563 974 apparet

268 996 607 1066 παρίστησιν
640 992 983 1047 αὑθεντείαν.
1040 994 1291 1064 Ἔνδυμα
1346 993 1405 1047 δὲ
1428 995 1490 1046 τὸ
1533 991 1761 1063 Πνεῦμα
1797 993 1858 1046 τὸ

1960 1002 2259 1063 utrumque
2308 992 2703 1048 vestimentum
2752 991 2999 1061 ejusdem
3036 994 3196 1061 pretii
3237 1009 3380 1057 esse,
3419 1011 3563 1047 eam-

268 1087 427 1155 ᾆγιον
447 1087 669 1153 λέγεται
698 1084 808 1138 τῶν
837 1084 1071 1150 πιστῶν,
1101 1086 1200 1157 οὐχ
1243 1087 1318 1151 ὡς
1353 1086 1591 1158 ἱμάτιον,
1638 1084 1755 1138 ἀλλ’
1783 1085 1859 1149 ὡς

1962 1089 2197 1157 demque
2218 1094 2274 1140 et
2302 1084 2683 1139 beneficentiae
2704 1096 2755 1138 et
2780 1084 2968 1151 gratiae
2994 1085 3314 1155 dignitatem
3337 1088 3560 1142 aﬂ‘erre.

268 1180 514 1235 ἐνδύεται
544 1177 770 1249 σίδηρος
792 1177 854 1231 τὸ
884 1176 998 1249 πῦρ
1022 1192 1038 1208 ⁸
1074 1178 1177 1233 οὐκ
1222 1178 1424 1243 ἔξωθεν
1457 1194 1523 1230 πε
1534 1176 1860 1248 ριϐαλλόμε-

1969 1180 2210 1251 Spiritus
2238 1194 2368 1233 vero
2404 1186 2631 1233 sanctus
2670 1176 3048 1231 indumentum
3091 1178 3437 1232 credentium
3469 1196 3565 1247 ap-

266 1289 381 1337 νος,
410 1271 526 1324 ἀλλ’
561 1270 682 1333 ὅλος
704 1270 774 1323 δι’
807 1271 953 1325 ὅλου.
983 1269 1143 1325 Οὕτω
1186 1270 1296 1343 γὰρ
1354 1271 1450 1325 καὶ
1487 1270 1581 1324 τὸν
1624 1269 1859 1341 Χριστὸν

1964 1273 2222 1343 pellatur,
2279 1285 2412 1334 non,
2475 1270 2626 1336 quod
2682 1269 2856 1325 instar
2913 1271 3083 1326 vestis
3112 1271 3203 1335 sit,
3246 1274 3340 1327 sed
3383 1274 3477 1331 ita.
3510 1285 3569 1328 ut

266 1364 330 1419 τὺ
358 1363 628 1433 πανάγιον
650 1360 877 1434 Πνεῦμα
900 1363 1000 1432 οὐχ
1015 1363 1091 1426 ὡς
1115 1363 1361 1433 ἱμάτιον,
1388 1362 1589 1429 ἔξωθεν
1613 1360 1859 1432 περικεί-

1967 1364 2174 1419 ferrum
2217 1363 2397 1433 ignem
2449 1362 2671 1427 induit;
2721 1378 2851 1430 non,
2901 1366 3043 1435 quod
3094 1366 3438 1421 extrinsecus
3464 1368 3572 1420 cir-

274 1472 460 1532 μενον,
492 1454 959 1526 περιϐαλλόμεθα,
991 1455 1108 1509 ἀλλ’
1129 1455 1207 1519 ὡς
1227 1456 1327 1526 τὴν
1355 1453 1585 1525 καρδίαν
1608 1452 1707 1505 καὶ
1734 1453 1866 1515 τοὺς

1967 1456 2338 1527 cumjiciatur,
2372 1457 2466 1511 sed
2511 1458 2659 1524 quod
2715 1467 2865 1513 totus
2938 1466 3109 1512 totum
3161 1460 3444 1528 pervadat.
3489 1458 3568 1513 lta

271 1549 571 1619 λογισμοὺς
602 1546 975 1617 πληρούμενοί
1003 1564 1065 1601 τε
1101 1547 1297 1617 ἶφωτὸς
1327 1548 1423 1600 καὶ
1466 1545 1529 1598 τὸ
1570 1547 1869 1617 πρόσωπον

1968 1547 2116 1603 enim
2161 1556 2215 1602 et
2271 1546 2575 1614 Christum,
2614 1547 3031 1603 sanctissimum
3072 1548 3227 1602 illum
3278 1548 3568 1617 Spiritum,

275 1640 521 1712 χάριτος.
552 1639 645 1694 Διὸ
679 1641 774 1694 καὶ
800 1637 1143 1704 ἀτενίζοντες
1192 1640 1275 1703 εἰς
1314 1638 1376 1692 τὸ
1422 1640 1716 1710 πρόσωπον
1739 1638 1871 1690 Στερ

1968 1656 2081 1696 non
2118 1641 2297 1695 instar
2324 1641 2514 1707 vestis,
2570 1642 2917 1697 extrinsecus
2966 1640 3202 1711 lnjeetre,
3260 1641 3567 1707 induimus,

278 1734 452 1804 φάνου
483 1734 535 1786 οἱ
558 1733 992 1803 ἐπανιστάμενοι
1016 1726 1158 1785 εἶδον
1186 1730 1247 1785 τὸ
1270 1730 1565 1802 πρόσωπον
1594 1729 1755 1784 αὐτοῦ
1792 1729 1872 1795 ὡς

1972 1730 2068 1786 sed
2135 1739 2195 1785 ut
2248 1731 2408 1797 tales,
2470 1732 2563 1802 qui
2622 1731 2771 1801 quod
2829 1747 2894 1787 ac
2927 1746 3026 1787 cor
3070 1741 3125 1787 et
3152 1733 3399 1788 animum
3430 1733 3570 1797 luce,

280 1826 577 1897 πρόσωπον
608 1824 868 1896 ἀγγέλου.

1972 1822 2118 1893 quod
2144 1822 2213 1877 ad
2240 1823 2453 1878 vultum
2484 1838 2614 1879 vero
2637 1824 2815 1895 gratia
2870 1824 3225 1895 impleantur.
3278 1825 3575 1895 Propterea

1901 1902 1947 1959 Β
1975 1925 2029 1970 et
2057 1915 2357 1971 adversarii
2389 1916 2491 1979 illi,
2524 1915 2620 1986 qui
2656 1916 2919 1986 Stephani
2942 1918 3154 1971 vultum
3189 1918 3566 1980 intuebantur,

1979 2005 2173 2062 [aciem
2203 2007 2323 2074 ejus
2354 2016 2414 2062 ut
2445 2007 2640 2063 faciem
2673 2008 2854 2079 angeli
2885 2009 3306 2078 conspiciebant
3326 2010 3396 2064 ’⁸.

795 2092 1135 2147 ΕΡΩΤΗΣΙΣ
1186 2090 1371 2149 PKH'.

2051 2096 2387 2165 QUASSTIO
2416 2098 2687 2155 CXXVIII
2733 2100 2926 2173 [CoisL
2975 2100 3084 2166 CL,
3121 2100 3286 2155 Taur.
3316 2099 3575 2174 CXLIX].

286 2191 353 2259 τί
383 2187 685 2245 καλοῦσιν
715 2187 771 2241 οι
799 2184 1475 2327 ἄγὲῗῇἐυῖιῶῖῦλρίους
1523 2182 1668 2251 τοὺς
1720 2183 1875 2238 ἀπο-

2165 2188 2347 2257 Quare
2372 2191 2547 2260 angeli
2582 2190 2853 2259 apostolos
2880 2188 3137 2245 Galilwos
3171 2192 3403 2245 vocant?

1010 2274 1121 2319 ους
1157 2273 1308 2322 en);

678 2375 934 2426 Editarum
958 2388 986 2424 a
1005 2373 1185 2424 Wolﬁo
1206 2373 1398 2423 decima
1424 2372 1571 2424 tertia
1595 2374 1666 2436 (p.
1688 2373 1803 2434 738,
1825 2373 1934 2425 759.
1958 2376 2207 2439 Galland.,
2231 2391 2280 2440 p.
2303 2375 2414 2439 725,
2438 2389 2486 2425 ιι.
2510 2376 2613 2439 29).
2642 2402 2699 2414 -
2718 2374 2778 2426 In
2798 2375 2922 2426 Acta
2943 2391 2978 2438 ι,
3001 2375 3083 2438 10,
3109 2376 3188 2428 ll.

364 2505 384 2539 ι
406 2485 519 2541 Kai.
542 2479 882 2544 ἀτενίζοντες
908 2474 1053 2546 ἦσαν
1081 2478 1161 2539 είς
1176 2478 1269 2530 τὸν
1291 2478 1522 2548 οὐρανὸν
1559 2478 1867 2548 πορευομέ-

2052 2500 2072 2533 ι
2103 2480 2171 2534 Ει
2232 2480 2507 2537 intuentes
2548 2489 2708 2535 erant
2754 2480 2811 2536 in
2872 2480 3099 2545 coelum,
3158 2495 3224 2535 eo
3254 2480 3513 2535 abeunte.
3557 2499 3583 2533 ι.

283 2596 383 2635 νου
411 2572 600 2629 αὐτοῦ.
635 2591 655 2623 ι
680 2571 793 2625 Οὐκ
805 2569 909 2634 έτι,
938 2567 1877 2641 φησὶν,ζάναλαμϐανομένου,λέγει,

1976 2571 2095 2628 Νοιι
2152 2572 2291 2644 jam,
2351 2574 2548 2645 inquit,
2603 2573 2816 2628 sublato
2874 2590 2956 2637 eo,
3007 2573 3164 2640 dicit,
3197 2575 3293 2629 sed
3324 2575 3576 2629 abeunte.

285 2670 454 2731 emt,
484 2665 884 2738 πορευομένου.
923 2664 1037 2718 Καὶ
1060 2664 1169 2735 γὰρ
1210 2665 1274 2735 τῇ
1310 2663 1479 2735 σαρκὶ
1512 2664 1611 2733 μὲν
1644 2664 1755 2731 (92)
1784 2664 1885 2716 ἀνα-ν

1978 2666 2115 2721 Nam
2150 2666 2298 2736 quod
2337 2666 2403 2721 ad
2434 2682 2637 2735 corpus
2660 2683 2875 2721 sursum
2909 2667 3216 2732 tollebatur,
3237 2684 3302 2722 ex
3328 2685 3429 2722 sua
3457 2685 3587 2722 vero

286 2764 522 2836 ελήφθη,
546 2765 612 2832 τῇ
648 2760 939 2831 αὐθεντείᾳ
994 2757 1052 2811 δὲ
1102 2756 1418 2826 ἐπορεύετο.
1458 2755 1781 2819 Γαλιλαίους
1822 2754 1880 2808 δὲ

1980 2766 2254 2828 potestate
2283 2756 2488 2811 abibat.
2520 2756 2776 2813 Galilaeos
2808 2773 2937 2812 vero
2966 2759 3145 2829 angeli
3172 2760 3451 2829 apostolus
3484 2761 3590 2814 ho-

287 2856 521 2914 καλοῦσι
572 2855 703 2919 τοὺς
742 2851 992 2925 μαθητὰς
1033 2850 1084 2905 οί
1124 2849 1351 2919 ἄγγελοι
1392 2848 1751 2919 σεμνύνοντες
1786 2848 1884 2900 αὑ-

1990 2849 2143 2904 noris
2167 2864 2334 2904 causa
2369 2848 2665 2919 appellant.
2701 2848 2818 2903 Vox
2853 2850 3001 2903 enim
3066 2849 3287 2904 Galilari
3340 2852 3599 2907 homines.

288 2947 754 3014 τούς·Γαλιλαῖοι
798 2944 907 3015 γὰρ
930 2940 1579 3011 οίάποκεκαλυμμένοι
1629 2938 1743 3010 (95)
1789 2956 1886 3010 ση-

1988 2938 2322 2994 revelatione
2376 2938 2672 2994 instructos
2722 2942 2967 2995 denotat.
3030 2938 3165 2995 Nam
3239 2951 3293 2996 et
3351 2943 3592 3011 primum

295 3041 503 3112 μαίνει.
541 3038 652 3093 Καὶ
686 3036 796 3107 γὰρ
829 3034 926 3089 καὶ
964 3033 1186 3107 πρῶτον
1240 3035 1468 3103 σημεῖον
1502 3032 1562 3083 ὲν
1593 3031 1754 3102 Κανᾷ
1785 3031 1886 3100 τῆς

1988 3030 2317 3086 miraculum
2343 3028 2612 3085 Dominus
2644 3031 2811 3086 Canae
2846 3032 2899 3085 in
2935 3030 3157 3087 Galilara
3180 3033 3371 3097 edidit,
3407 3033 3597 3104 ibique

293 3131 593 3194 Γαλιλαίας
620 3129 880 3201 ἐποίησεν
904 3128 933 3180 6
959 3125 1218 3198 Χριστὸς,
1273 3124 1369 3179 καὶ
1405 3125 1526 3177 ἐκεῖ
1568 3123 1885 3194 ὲφανέρωσε
1922 3192 1938 3201 Δ

1922 3192 1954 3201 _
1988 3121 2219 3192 gloriam
2251 3136 2407 3177 suam
2441 3121 2812 3177 manifestavit
2834 3131 2889 3177 et
2933 3124 3195 3177 revelavit
3217 3126 3284 3179 ’9.
3315 3124 3580 3194 Propter-

297 3224 401 3278 καὶ
428 3192 747 3290 ἀπεκάλυψε
769 3192 876 3290 ’τὴν
917 3192 1079 3285 δόξαν
1108 3214 1298 3271 αὐτοῦ.
1328 3214 1522 3269 Ἔνθεν
1564 3214 1661 3269 καὶ
1692 3216 1721 3268 6
1741 3192 1886 3286 προ·
1913 3192 1938 3250 (

1913 3192 1956 3250 C
1990 3230 2057 3270 ea
2111 3216 2283 3271 etiam
2328 3215 2506 3271 Isaias
2536 3216 2805 3286 pr0pheta
2844 3216 2978 3269 olim
3016 3217 3276 3272 clamavit
3310 3235 3323 3272 :
3369 3235 3387 3269 ι
3434 3217 3598 3271 Luxit

298 3315 478 3386 φήτης
495 3314 719 3375 Ἡσαΐας
740 3310 1103 3385 προανακράζ
1108 3327 1157 3363 ει
1176 3326 1191 3340 ο
1221 3328 1240 3361 ι
1263 3308 1595 3378 Ἐπένθησεν
1611 3309 1645 3379 ἡ
1675 3307 1770 3376 γῆ,
1789 3309 1888 3377 ᾐσ-

1992 3316 2139 3362 terra
2180 3324 2195 3361 :
2258 3305 2586 3377 pudefactus
2638 3316 2723 3361 est
2782 3305 3031 3361 Libanus
3066 3325 3079 3362 :
3113 3309 3391 3365 desertum
3424 3312 3605 3374 evasit

302 3406 511 3479 σχύνθη
541 3409 569 3461 6
592 3405 826 3469 Λίϐανος
846 3421 860 3436 ο
893 3404 992 3476 ἕλη
1019 3404 1237 3473 ἐγένετο
1262 3404 1292 3457 6
1334 3401 1640 3474 Ἀσσαρών.
1669 3401 1891 3471 Φανερά

1996 3398 2216 3453 Saron:
2264 3397 2496 3453 illustris
2541 3398 2648 3453 erit
2700 3396 2921 3452 Galilzea
2971 3409 3026 3454 et
3077 3401 3387 3459 Carmelus.
3431 3424 3450 3455 ι
3487 3404 3604 3459 Hoc

300 3497 462 3551 ἔσται
491 3496 525 3567 ἡ
559 3494 828 3549 Γαλιλαία
852 3494 951 3549 καὶ
1002 3494 1030 3547 6
1060 3491 1361 3562 Κάρμηλος
1385 3491 1520 3562 (94).
1565 3508 1584 3542 ι
1624 3488 1894 3545 Ἐνταῦθα

1994 3493 2117 3547 loco
2169 3505 2334 3562 porro
2394 3490 2592 3560 subjici
2624 3490 2790 3546 debet
2823 3491 2957 3545 illud
2994 3511 3007 3547 :
3048 3512 3067 3545 ι
3104 3493 3250 3560 Quid
3283 3497 3441 3552 etatis
3479 3514 3603 3566 spe-

299 3592 389 3647 δεῖ
419 3588 784 3657 ὑποταγῆναι,
820 3604 839 3638 ι
866 3586 932 3638 Τί
970 3583 1245 3654 ἑστήκατε
1283 3581 1688 3652 ὲμϐλέποντες;
1725 3599 1744 3631 ι
1781 3581 1896 3635 Καὶ

1997 3582 2245 3638 ctantes?
2283 3600 2303 3635 ι
2365 3580 2515 3636 Elias
2567 3582 2832 3651 quidem,
2892 3590 2951 3637 ut
3002 3598 3217 3651 servus,
3286 3586 3343 3641 in
3414 3604 3609 3648 aerem.

303 3686 334 3737 6
367 3683 466 3753 μὲν
512 3681 701 3743 Ἠλίας
742 3679 819 3743 ὡς
864 3677 1054 3741 δοῦλος
1105 3678 1186 3740 εἰς
1212 3674 1348 3745 ὕψος
1372 3676 1559 3748 ἀέριον
1588 3673 1894 3745 ἀνελήφθη,

2000 3678 2172 3732 altum
2208 3674 2523 3738 tollebatur,
2566 3690 2674 3728 non
2713 3675 2769 3729 in
2809 3675 3034 3740 malum,
3072 3677 3165 3731 sed
3198 3679 3355 3749 quasi
3392 3680 3446 3734 in
3479 3696 3605 3736 (ξω-

306 3774 413 3826 οὐκ
441 3773 521 3836 εἰς
546 3771 641 3825 τὸν
670 3769 903 3842 οὐρανόν
928 3766 1077 3840 (95)·
1107 3767 1137 3819 6
1161 3765 1217 3820 δὲ
1265 3765 1545 3835 Δεσπότης
1582 3763 1659 3828 ὡς
1690 3763 1899 3835 Κύριος

2002 3766 2444 3836 lum;Dominus
2493 3781 2622 3822 vero
2658 3774 2867 3833 noster,
2913 3779 2974 3822 ut
3024 3767 3292 3825 Dominus
3329 3772 3602 3838 omnium,

310 3866 554 3931 πάντων,
582 3863 679 3934 οὐχ
707 3863 789 3930 ὡς
816 3863 897 3925 είς
923 3860 1016 3914 τὸν
1038 3858 1270 3930 οὐρανόν
1289 3858 1427 3931 [ἀλλ’
1448 3859 1529 3922 είς
1551 3858 1644 3912 τὸν
1672 3855 1901 3928 οὐρανὸν

2006 3879 2115 3919 ιιοιι
2158 3863 2457 3919 tollebatur
2478 3862 2633 3932 quasi
2660 3863 2716 3916 in
2739 3862 2963 3931 coelum,
2992 3864 3087 3919 sed
3119 3864 3173 3918 in
3206 3866 3410 3920 coelum
3452 3882 3604 3919 vere.

309 3952 578 4025 ἀληθῶς.]
618 3952 730 4006 Καὶ
768 3952 957 4025 τρίτον
993 3950 1052 4005 δὲ
1090 3947 1517 4020 ἐπισημαίνεται
1555 3946 1618 4001 τὸ
1668 3945 1903 4018 πορεύε-

1901 3976 1903 3985 ν
2005 3956 2210 4013 Tribus
2241 3971 2406 4027 porro
2431 3955 2646 4010 vicibus
2674 3970 2769 4024 per
2797 3955 3031 4025 triplicis
3060 3957 3212 4011 verbi
3254 3972 3415 4012 usum
3454 3946 3603 4010 inziié

316 4049 465 4112 σθαι,
486 4049 518 4120 ἢ
542 4044 1030 4118 ἀναλαμϐάνεσθαι
1048 4044 1143 4098 τὸν
1164 4042 1446 4111 Δεσπότην
1473 4042 1553 4103 είς
1569 4039 1660 4092 τὸν
1676 4036 1905 4109 οὐρανὸν

1901 4054 1905 4083 ’
2008 4061 2183 4115 catur,
2221 4050 2517 4105 Dominum
2551 4047 2604 4100 in
2635 4048 2835 4103 caalum
2869 4047 3176 4116 profectum
3208 4050 3292 4103 vel
3325 4050 3611 4107 sublatum

314 4144 386 4212 τῇ
404 4140 607 4212 τριπλῇ
626 4139 724 4193 τοῦ
744 4140 993 4211 ῥήματος
1016 4128 1255 4205 ἐπιφορᾷ
1271 4131 1333 4186 τὸ
1351 4130 1567 4202 βέϐαιόν
1583 4147 1643 4184 τε
1661 4130 1754 4184 καὶ
1776 4130 1910 4200 ἀλη-

1901 4157 1910 4171 ’
2009 4156 2154 4209 essc,
2204 4150 2265 4196 ut
2309 4142 2389 4198 sic
2426 4140 2780 4209 intelligatur,
2836 4151 2985 4194 certe
3044 4150 3100 4194 et
3148 4156 3279 4195 vero
3314 4142 3365 4195 id
3398 4140 3607 4196 factum

318 4233 413 4295 θὲς
454 4231 549 4285 καὶ
603 4230 1041 4300 ἀφαντασίαστον
1068 4225 1374 4299 παριστῶν.
1416 4224 1639 4293 ’ἰδίωμα
1672 4222 1782 4295 γάρ
1814 4222 1911 4277 καὶ

1901 4240 1911 4275 '-
2011 4246 2155 4295 esse,
2180 4246 2281 4285 nec
2309 4229 2363 4284 id
2391 4231 2649 4299 opinione
2686 4230 2922 4298 quadam
2968 4228 3197 4284 absolvi.
3229 4229 3396 4284 Sacra
3452 4248 3598 4284 ϐιιιιιι

320 4321 670 4395 βεϐαιώσεως
693 4340 752 4375 τε
784 4322 877 4375 καὶ
903 4320 1205 4390 ἀσφαλείας
1229 4318 1289 4372 τὸ
1317 4316 1562 4371 τοιοῦτον
1594 4314 1783 4387 σχῆμα
1815 4313 1911 4367 τοῦ

1901 4313 1911 4366 ἱ
2017 4320 2298 4390 Scriptura
2332 4322 2436 4375 hac
2464 4320 2722 4389 loquendi
2751 4321 2965 4374 ratione
3006 4320 3073 4375 ad
3108 4320 3269 4374 ﬁdem
3298 4322 3374 4374 rei
3408 4320 3615 4375 facieti-

318 4416 484 4486 λόγου
529 4416 565 4488 ἡ
592 4414 716 4487 ίερά
737 4413 896 4485 ἡμῶν
927 4410 1067 4467 οἶδεν
1095 4412 1312 4483 Γραφή.

2016 4416 2143 4471 dam
2183 4415 2261 4470 uti
2289 4416 2593 4469 consuevit.

838 4529 1175 4584 ΕΡΩΤΗΣΙΣ
1209 4526 1387 4582 PKG'.

1947 4537 1996 4594 ι)
2150 4528 2481 4597 QUIESTIO
2512 4525 2749 4583 CXXIX.
2782 4526 2969 4599 [CoisL
3002 4524 3134 4592 CLI,
3165 4526 3327 4581 Taur.
3361 4527 3497 4597 ('ZL.]

335 4629 514 4697 Τίνος
542 4628 579 4696 ἠ
614 4626 837 4699 fecerim
901 4625 1199 4761 Tgc'go'tw
1219 4618 1399 4689 οὗτος
1420 4623 1454 4676 ὁ
1471 4619 1778 4688 ,ϐασιλεὺς
1798 4619 1911 4690 τῆς

981 4717 1012 4751 ο
1056 4714 1128 4761 ης
1148 4710 1170 4760 ἱ
1216 4712 1236 4746 ³

1901 4639 1911 4681 τ
2019 4623 2319 4693 Cujusnam
2346 4621 2459 4675 hwc
2488 4635 2588 4674 vox
2630 4635 2649 4673 :
2707 4636 2726 4671 ι
2778 4619 2909 4685 Quis
2936 4627 3015 4672 est
3052 4619 3151 4673 iste
3182 4634 3272 4671 rex
3313 4618 3548 4689 gloriaz?
3593 4636 3611 4669 ι

981 4699 1170 4764 (hinc;
1216 4712 1236 4746 ι

825 4810 968 4863 Edita
993 4825 1021 4862 a
1051 4810 1178 4861 Maio
1200 4812 1349 4873 (Nov.
1372 4808 1487 4860 coll.
1512 4812 1550 4857 ι.
1584 4807 1668 4869 ΙΧ,
1694 4822 1743 4870 p.
1762 4804 1993 4864 99).—In
2020 4803 2202 4855 Psalm.
2229 4818 2365 4863 xxul,
2391 4804 2421 4852 8
2454 4803 2561 4867 (Gr.
2592 4808 2646 4852 et
2668 4801 2819 4852 Hebr.
2862 4803 2942 4851 Ps.
2968 4802 3126 4865 xxxv),

401 4900 616 4970 ’Ὥσπερ
646 4900 680 4969 ἡ
711 4896 786 4968 γῆ
819 4895 1136 4967 θεασαμένη
1176 4894 1269 4948 τὸν
1301 4893 1508 4963 Κύριον
1562 4891 1660 4946 καὶ
1690 4891 1922 4961 Σωτῆρα

1901 4907 1922 4943 ιι
2100 4889 2577 4956 Quemadmodum
2615 4897 2782 4952 terra,
2818 4886 2935 4940 viso
2970 4886 3202 4938 Domino
3247 4892 3300 4937 et
3330 4882 3619 4937 Salvatnre

328 4995 563 5065 δύναμιν
600 4992 793 5066 ἔχοντα
826 4990 1012 5061 θεῖκὴν
1042 4989 1137 5044 καὶ
1165 4987 1529 5041 ἐπιτάσσοντα
1558 4987 1672 5047 τοῖς
1699 4985 1925 5054 ἀνέμοις

1901 5000 1925 5047 ς
2032 4985 2216 5040 divina
2248 4982 2517 5053 gaudente
2551 4981 2819 5051 potentia,
2855 4979 3221 5049 ventibusque
3255 4988 3308 5031 et
3343 4978 3480 5030 mari
3518 4978 3624 5029 im.

335 5088 432 5142 καὶ⁸
458 5089 525 5158 τῇ
559 5084 830 5157 θαλάσσῃ,
866 5081 1183 5154 ξενιζομένη
1206 5080 1382 5150 ἔλεγε*
1422 5079 1546 5143 (Τίς
1582 5080 1732 5133 ἐστιν
1769 5068 1928 5140 οὗτος

1901 5091 1928 5140 ς
2036 5077 2276 5151 peranti,
2308 5076 2539 5132 attonita
2569 5075 2823 5131 dicebat:
2862 5072 3027 5140 «Quis
3065 5081 3147 5127 est
3174 5070 3285 5134 hic,
3315 5070 3444 5139 quia
3477 5081 3625 5123 venti

435 5202 481 5234 ³⁷
537 5202 659 5257 Act.
692 5216 733 5267 ι,
764 5201 820 5256 4.
895 5199 943 5233 ³⁸
970 5199 1095 5255 Act.
1129 5214 1206 5265 vr,
1237 5195 1323 5251 15.
1401 5196 1446 5227 ⁸³
1470 5192 1633 5249 Joau.
1662 5207 1724 5259 ll,
1770 5191 1860 5244 ll.

1888 5281 2123 5340 NOTAE.

417 5387 530 5460 (9|)
564 5387 680 5460 Act.
716 5405 755 5454 ι,
792 5385 958 5460 ῌΛη
990 5385 1146 5460 Colb:
1181 5386 1299 5439 haec
1331 5382 1563 5460 quaestio
1607 5379 1682 5433 ita
1726 5392 1929 5460 prope:
2032 5396 2207 5460 nuper
2246 5381 2539 5460 admodum
2567 5374 2995 5460 JoLAlbe‘rt‘ius,
3030 5374 3111 5427 vir
3154 5366 3631 5460 doctissimus,in

342 5440 534 5514 nitur]:
798 5440 955 5523 εἷπε,
974 5440 1285 5528 πορεύομαι
1350 5440 1477 5528 (leg.
1507 5440 1929 5528 πορευομένου)

1901 5449 1929 5520 ι)
2037 5440 2215 5528 lucem
2256 5440 2502 5528 protulit,
2546 5451 2719 5528 p_._54.
2745 5446 3008 5502 Γαλιλαία
3032 5460 3127 5515 per
3143 5440 3493 5510 ἀποκάλυψιν
3527 5455 3629 5495 ex—

342 5529 535 5594 αὑτοῦ,
569 5530 662 5583 καὶ
690 5530 813 5594 οὐκ,
841 5521 1363 5597 ἀναλαμϐανομένου
1392 5521 1647 5597 ;De_inde_
1682 5521 1735 5597 in
1783 5536 1934 5574 mar-

1907 5548 1934 5560 -
2035 5521 2289 5597 plicatur.
2315 5522 2519 5579 Confer
2554 5523 2902 5597 ibikno‘tas.”
3123 5588 3153 5597 η
3279 5594 3287 5597 _
3332 5584 3345 5597 ,
3424 5583 3454 5597 Α,

343 5584 473 5670 gine
505 5584 829 5657 scribuntur
890 5584 1101 5668 reliq'ua
1147 5617 1161 5655 :
1197 5584 1308 5651 Καὶ
1335 5584 1428 5648 δια
1456 5595 1508 5647 τί
1559 5592 1844 5658 καλοῦσιν,
1877 5608 1932 5646 κ.

1901 5608 1932 5646 ιο
2035 5584 2051 5595 ’
2113 5596 2226 5670 (Eli)
2252 5596 2357 5649 lsa.
2393 5609 2593 5659 sunt,
2622 5594 2674 5648 9.
2709 5590 2937 5645 Notabis
2970 5588 3041 5643 ibi
3086 5588 3295 5657 aliquot
3332 5584 3634 5640 lectionum

342 5667 396 5725 τ.
424 5671 474 5725 λ.
1012 5667 1026 5668 ί

2050 5667 2365 5722 varietates.

413 5721 526 5810 (δε)
562 5740 655 5796 Sic
685 5740 868 5795 scribo
896 5756 995 5810 pro
1022 5741 1117 5811 μή.
1359 5810 1367 5811 ί
1442 5809 1449 5811 λ
1779 5788 1789 5811 ,

2125 5739 2238 5811 (95)
2271 5737 2384 5811 an?
2420 5738 2502 5811 κὼς
2546 5766 2616 5811 _——
2636 5735 2729 5811 τὸν
2753 5732 3022 5811 δεσπότην
3050 5731 3133 5811 εἰς
3161 5729 3269 5811 τόν.
3296 5724 3539 5811 ὀὐρανόν
3577 5721 3634 5779 in

418 5801 532 5882 {95.)
574 5812 651 5867 Ita
687 5801 1313 5882 scilicet-vox'l‘a).t).aipt
1341 5809 1617 5864 derivatur
1648 5822 1712 5861 cx
1740 5801 1841 5868 rh;
1867 5822 1938 5882 re:

1901 5822 1940 5882 ες
2049 5801 2275 5868 Coislin.
2312 5824 2343 5864 ει
2375 5809 2601 5866 librario
2624 5807 2849 5865 omissa.
2872 5802 3121 5860 cx‘tlolb.
3149 5801 3353 5857 addidi.

349 5876 563 5953 triarii,
609 5882 1076 5956 quemadmodum
1123 5884 1180 5940 in
1236 5880 1507 5939 Ctossariu
1556 5894 1731 5945 sacro,
1790 5876 1938 5949 quod
