4072 6432
540 398 657 464 723
1715 389 1983 453 PHOTII
2004 387 2524 452 PATRIARCHAZ
2555 386 2662 450 C1".
3751 376 3857 445 724

544 514 600 558 ct
633 519 782 558 mare
812 500 1078 557 obediunt
1114 500 1209 557 ei?
1247 519 1265 553 ο
1294 498 1377 555 sic
1424 495 1503 555 et'
1531 497 1758 564 ccelum,
1792 499 2133 555 incarna‘tam

2246 498 2321 551 ὅτι
2357 497 2449 550 καὶ
2479 496 2511 566 ἡ
2543 495 2785 548 θάλασσα
2807 492 2966 547 καὶοὶ
2997 478 3191 564 ἄνεμοι
3219 488 3603 546 ὑπακούουσιν
3620 487 3785 557 αὐτῷ
3809 506 3854 552 ;ι

544 597 735 651 videns
760 594 1125 661 divinitatem,
1150 593 1446 655 attonitum
1471 591 1606 648 dicit
1637 609 1653 648 :
1690 610 1709 645 ι
1742 590 1880 658 Quis
1914 600 1999 648 est
2033 591 2134 647 iste

2248 589 2383 643 οὕτω
2413 589 2508 641 καὶ
2536 590 2564 642 6
2596 587 2825 658 οὐρανὸς
2848 588 2905 639 ἑν
2942 587 3110 657 σαρκὶ
3169 585 3386 653 βλέπων
3418 583 3520 655 τὴν
3592 580 3856 651 θεότητα,

546 707 640 745 rex
668 690 857 760 gloriae
881 689 904 743 ?
945 708 965 743 ι

2253 680 2583 750 Ξενιζόμενος
2626 681 2794 749 λέγει’
2831 697 2850 731 ι
2884 678 2981 742 Τίς
3010 679 3157 732 ἑστιν
3197 671 3355 741 οὗτος
3382 678 3411 731 6
3448 674 3724 746 βασιλεὺς
3762 674 3861 744 τῆς

2241 774 2401 827 δοεης
2436 790 2452 827 :
2491 791 2509 825 ι

629 870 965 939 ΟυᾹέὃἸΊΟ
996 868 1191 926 CXXX
1232 866 1445 941 [CoisL
1488 864 1645 933 CLII,
1695 863 1863 922 Taur.
1900 862 2059 936 CLI].

1695 863 1863 922 Taur.
1900 862 2059 936 CLI].
2241 772 2401 845 δοξης
2436 816 2452 842 ’
2491 791 2509 825 ’
2753 860 3091 916 sparum
3144 862 3270 915 PA'.

580 968 761 1033 Quare
784 965 979 1035 jejuuii
1010 972 1212 1027 tempus
1254 962 1432 1015 diebus
1462 959 1825 1031 quadraginta
1856 968 2083 1013 constet.

2253 952 2340 1007 ιιὰ
2366 953 2423 1007 τί
2443 954 2476 1008 ὀ
2496 953 2609 1023 τῆς
2620 951 2909 1019 νηστείας
2920 950 3146 1073 ἔὲόνος
3160 949 3230 1003 ἐν
3235 948 3294 1019 μ’
3311 946 3567 1018 ἡμέραις
3586 946 3861 1016 ἀριθμεῖ-

2999 1039 3017 1073 ι
3044 1036 3065 1086 ;

1224 1140 1369 1191 Edita
1390 1156 1418 1191 a
1451 1141 1580 1191 Maio
1606 1142 1663 1205 (1.
1698 1154 1744 1191 c.
1782 1154 1829 1204 p.
1854 1140 1934 1200 99,
1964 1140 2094 1201 100).
2129 1165 2193 1177 —
2222 1141 2300 1193 De
2325 1140 2520 1204 jejunio
2551 1138 2882 1202 quadraginta
2904 1136 3125 1186 dierum.

619 1246 885 1314 Quaerunt
933 1247 1148 1318 aliqui:
1196 1248 1379 1315 Quare
1426 1249 1624 1320 jejunii
1688 1258 1907 1321 tempus
1941 1249 2137 1305 diebus

2310 1246 2542 1318 Ζητοῦσί
2572 1262 2739 1310 τινες·
2790 1243 2856 1298 Τί
2907 1243 3110 1316 δήποτε
3136 1242 3165 1297 6
3195 1244 3296 1313 τῆς
3356 1240 3616 1314 νηστείας
3657 1240 3854 1311 χρόνος

545 1340 907 1409 quadraginta
994 1340 1155 1396 nobis
1232 1340 1743 1407 circumscribitur,
1811 1357 1913 1397 nec
1961 1355 2138 1412 usque

2250 1339 2299 1392 ίν
2344 1338 2588 1410 ἡμέραις
2640 1338 2775 1407 ἡμῖν
2830 1342 2883 1406 μ’
2943 1334 3374 1405 περιγράφεται⁶
3431 1332 3526 1385 καὶ
3576 1331 3714 1384 οὔτε
3778 1333 3858 1393 εἰς

546 1430 612 1481 ad
638 1430 1035 1500 quinquaginta
1068 1432 1151 1484 vel
1186 1446 1250 1486 ac
1294 1432 1574 1503 sexaginta
1618 1433 1967 1500 extenditur,
2031 1448 2133 1488 nec

2248 1432 2333 1485 τὸν
2391 1429 2764 1501 πεντηκοστὸν
2815 1428 2849 1498 ἢ
2910 1427 3206 1498 ἑξηκοστὸν
3253 1424 3671 1497 παρατείνεται,
3730 1425 3856 1477 οὐδὲ

546 1519 745 1575 iterum
796 1522 932 1576 citra
983 1522 1345 1593 quadraginta
1401 1524 1721 1579 clauditur?
1770 1523 1887 1579 Non
1951 1526 2129 1580 solum

2247 1523 2389 1587 ἐντὸς
2424 1523 2589 1576 πάλιν
2625 1521 2735 1575 τῶν
2770 1526 2822 1591 μ’
2854 1518 3262 1592 περικλείεται;
3294 1518 3388 1571 καὶ
3417 1518 3515 1586 οὐχ
3554 1517 3695 1587 ἡμῖν
3756 1516 3855 1585 μό-

546 1610 707 1665 nobis
733 1612 804 1667 ita
837 1614 1092 1668 traditum
1126 1624 1231 1678 est,
1282 1615 1378 1671 sed
1412 1623 1467 1670 et
1513 1616 1632 1686 ipse
1665 1616 1914 1671 omnium
1942 1616 2130 1671 Domi-

2244 1634 2330 1671 νον
2389 1615 2533 1669 οὕτω
2575 1614 2939 1686 παραδέδοται
2973 1652 2989 1679 ,
3048 1610 3187 1667 ἀλλὰ
3237 1611 3336 1665 καὶ
3364 1610 3530 1673 αὐτὸς
3579 1610 3612 1662 ό
3670 1609 3852 1672 κοινὸς

547 1718 653 1757 nus
681 1713 736 1759 et
765 1704 1015 1760 Salvator
1042 1717 1252 1772 noster,
1287 1708 1571 1778 legislator
1623 1723 1818 1763 eorum
1870 1708 1965 1779 qui
2000 1716 2131 1763 sunt

2242 1708 2515 1780 Δεσπότης
2565 1708 2663 1761 καὶ
2729 1705 2923 1777 Σωτὴρ
2995 1704 3153 1775 ἡμῶν
3186 1742 3203 1767 ,
3261 1704 3290 1757 6
3362 1702 3672 1773 νομοθέτης
3737 1702 3850 1752 τῶν

546 1793 603 1847 iu
634 1795 829 1864 gratia,
861 1797 1223 1868 quadraginta
1266 1798 1459 1853 diebus
1488 1798 1705 1853 videtur
1732 1798 2034 1869 jejunasse,
2071 1808 2131 1853 ut

2238 1800 2292 1855 ὲν
2320 1801 2387 1871 τῇ
2422 1798 2628 1869 χάριτι,
2668 1802 2722 1867 μ’
2751 1794 2965 1867 ἡμέρας
2994 1793 3247 1863 φαίνεται
3296 1789 3605 1861 νηστεύσας
3636 1830 3653 1854 ,
3707 1788 3846 1841 ὀπό-

544 1897 670 1937 cum
687 1883 761 1938 illi
780 1884 1131 1941 insidiaretur
1150 1888 1423 1952 diabolus,
1442 1887 1510 1943 ad
1528 1902 1766 1959 pugnam
1798 1899 2021 1959 paratus
2037 1889 2127 1944 in-

2243 1907 2287 1944 re
2342 1887 2493 1958 αύτῷ
2560 1886 2893 1957 προσϐαλεῖν
2942 1880 3217 1957 [ἔμελλεν]
3262 1880 3293 1934 6
3348 1879 3658 1952 πειράζων,
3710 1882 3851 1950 πρὶς

545 1974 845 2030 veniretur.
863 1974 929 2029 Et
947 1986 1075 2031 ante
1094 1976 1383 2032 Dominum
1404 1977 1579 2031 Eliam
1598 1977 1925 2047 prophetam
1941 1979 2133 2035 eodem

2245 1980 2433 2051 ἀγῶνα
2470 1978 2739 2035 άπεδύετο
2765 1995 2781 2011 ο
2810 1978 2907 2033 καὶ
2935 1976 3045 2050 πρό
3075 1992 3139 2045 γε
3164 1973 3261 2030 τοῦ
3282 1974 3555 2028 Δεσπότου
3583 1976 3615 2028 6
3641 1974 3853 2045 προφὴ·

546 2066 757 2123 diermn
788 2083 1019 2123 numero
1050 2068 1105 2123 in
1128 2069 1353 2140 jejuniis
1382 2080 1659 2127 moratum
1700 2072 1881 2127 fuisse
1908 2072 2133 2145 legitur,

2242 2092 2343 2148 της
2397 2074 2605 2139 Ἠλίας,
2638 2070 2911 2133 τοσαύτας
2934 2068 3152 2141 ἡμέρας
3170 2065 3420 2121 διανύσαι
3452 2066 3513 2120 ἑν
3549 2064 3850 2136 νηστείαις

546 2170 601 2213 et
630 2159 796 2213 etiam
828 2170 954 2215 ante
986 2162 1138 2215 illum
1172 2162 1422 2234 Moysen,
1476 2164 1531 2219 in
1564 2172 1751 2220 monte
1799 2164 1977 2233 Sinai,
2007 2181 2135 2222 eum

2244 2167 2654 2239 ἀναγέγραπται
2677 2180 2693 2197 ·
2722 2164 2819 2218 καὶ
2860 2162 2943 2217 ἑτι
2974 2162 3082 2232 πρὸ
3124 2159 3319 2214 τούτου
3371 2157 3620 2228 Μωῦσῆς
3680 2159 3744 2212 ἑν
3776 2158 3852 2227 τῷ

545 2252 612 2307 ad
649 2253 860 2309 tabulas
892 2256 1022 2325 legis
1048 2271 1078 2310 a
1110 2256 1218 2311 Deo
1242 2257 1583 2327 recipiendas
1614 2273 1742 2313 sese
1766 2268 2133 2328 compararet.

2246 2262 2445 2331 Σιναίῳ
2473 2260 2589 2332 ὄρει
2636 2259 2799 2331 ἡνίκα
2850 2257 2950 2322 τὰς
3006 2255 3224 2319 πλάκας
3272 2253 3458 2309 θεόθεν
3488 2252 3681 2307 λαϐεῖν
3700 2269 3854 2322 παρα

545 2344 790 2410 Quaestio
820 2361 951 2414 ergo
995 2363 1059 2402 ea
1090 2358 1193 2404 est.
1235 2349 1393 2405 Alius
1447 2348 1589 2405 forte
1639 2350 2051 2421 profundiorem
2083 2362 2138 2408 et

2248 2356 2573 2420 εσκευάζετο
2605 2368 2621 2384 ⁶
2659 2354 2695 2419 ἡ
2726 2352 2825 2423 μὲν
2860 2350 2955 2405 οὖν
3010 2350 3238 2421 ζήτησις
3288 2347 3453 2417 αὓτη.
3517 2346 3683 2401 Ἀλλὰ
3743 2345 3856 2415 γὰρ

546 2436 922 2495 sublimiorem
941 2479 955 2503 ,
986 2455 1088 2495 nec
1112 2456 1224 2496 non
1256 2452 1311 2497 et
1334 2441 1585 2497 altiorem
1607 2454 1661 2499 et
1686 2444 1861 2515 magis
1891 2445 2137 2500 divinam

2248 2448 2345 2522 τὴν
2383 2448 2481 2519 μὲν
2513 2445 2821 2517 βαθυτέραν
2853 2443 2952 2498 καὶ
2980 2440 3435 2513 ἁποῤῥητοτέραν
3490 2438 3677 2494 αίτίαν
3719 2440 3856 2501 ἴσως

544 2542 794 2592 causam,
853 2531 1029 2587 oculis
1065 2535 1132 2587 ad
1176 2534 1467 2604 praedictos
1497 2535 1647 2592 viros
1675 2537 1901 2593 attentis
1934 2545 1989 2593 et
2026 2537 2139 2593 ele-

2248 2543 2312 2599 ἄν
2339 2560 2424 2606 τις
2479 2541 2639 2605 ἄλλος
2671 2539 2815 2594 κατὰ
2844 2539 2975 2601 τοὺς
3008 2536 3447 2608 προειρημένους
3492 2533 3701 2605 ἄνδρας
3760 2534 3856 2585 ἀν-

544 2621 709 2686 vatis,
742 2624 919 2677 daret.
948 2623 1083 2689 Qua:
1119 2636 1300 2681 autem
1325 2627 1487 2682 nobis
1516 2628 1573 2684 in
1604 2638 1843 2685 mentem
1868 2638 2138 2687 venerunt

2252 2635 2492 2709 ηγμένος
2518 2652 2580 2689 τε
2630 2633 2730 2688 καὶ
2758 2632 3053 2704 μετάρσιος
3078 2629 3178 2700 τὴν
3207 2630 3471 2700 θεωρίαν,
3506 2627 3860 2699 ὑψηλοτέραν

544 2713 820 2769 dicemus.
847 2715 951 2771 Sex
981 2717 1173 2773 diebus
1209 2719 1354 2776 Deus
1385 2720 1530 2777 hunc
1559 2731 1884 2792 praesentem
1911 2731 1967 2779 et
2005 2724 2139 2779 visi-

2244 2748 2304 2784 τε
2336 2729 2435 2783 καὶ
2494 2726 2777 2799 θειοτέραν
2831 2723 3191 2780 άποδώσειεν⁸
3242 2722 3367 2777 ὃ.δὲ
3424 2724 3505 2785 είς
3556 2722 3850 2792 ἡμετέραν

546 2804 713 2859 bilem
745 2809 1009 2865 mnndum
1036 2812 1265 2876 creavit,
1296 2813 1530 2882 septima
1565 2823 1751 2869 autem
1789 2815 1879 2871 die
1913 2817 2136 2887 requie-

2253 2818 2347 2895 ἧκε
2381 2820 2641 2892 μάθησιν,
2676 2816 2933 2890 ἐροῦμεν.
2995 2814 3086 2869 Ἐν
3125 2814 3186 2880 ἓξ
3248 2814 3486 2885 ἡμέραις
3534 2818 3561 2866 ὁ
3591 2811 3733 2874 Θεὸς
3767 2811 3861 2864 τὸν

546 2894 627 2947 vit
653 2894 721 2948 ab
743 2897 892 2950 omui
931 2912 1117 2968 Opere,
1151 2910 1205 2954 et
1230 2900 1392 2955 filium
1420 2903 1750 2973 perpulchro
1774 2906 1922 2975 Operi
1949 2906 2135 2972 dedit;

2252 2894 2493 2984 παρόντα
2520 2911 2614 2964 καὶ
2635 2910 2914 2982 ὁρώμενον
2945 2905 3136 2962 τοῦτον
3186 2907 3396 2975 κόσμον
3419 2902 3860 2975 ἐδημιούργησε,

546 3000 979 3045 connumeratur
1007 3004 1189 3048 autem
1223 2994 1316 3050 illa
1356 3010 1484 3051 cum
1514 2996 1583 3051 iis
1635 3014 1759 3065 quae
1790 3007 1921 3053 sunt
1953 3007 2137 3065 antea,

2256 3007 2312 3076 τῇ
2375 3004 2433 3057 δὲ
2466 3002 2676 3076 ἑϐδόμῃ
2730 3001 3047 3055 κατέπαυσε
3084 2997 3184 3070 μὲν
3203 2998 3313 3053 ἀπὸ
3352 2996 3460 3051 τῶν
3504 2995 3689 3067 ἔργων
3765 2994 3864 3049 καὶ

548 3080 694 3135 sicut
720 3092 774 3135 et
800 3098 962 3138 omne
982 3087 1248 3156 temporis
1273 3088 1511 3160 alicujus
1540 3092 1875 3163 principium
1901 3103 1956 3149 et
1985 3094 2134 3163 finis,

2256 3097 2422 3163 πέρας
2476 3095 2644 3165 ἔθηκε
2701 3093 2782 3169 τῷ
2838 3093 3290 3164 φιλοτεχνὴματν
3343 3088 3777 3159 συναριθμεῖται
3807 3088 3864 3141 δὲ

548 3175 602 3228 in
633 3178 1013 3235 numeratione
1042 3180 1259 3237 illorum
1292 3200 1417 3254 quae
1442 3184 1741 3255 intersunt,
1772 3190 2135 3260 comprehen-

2256 3188 2345 3242 καὶ
2390 3185 2531 3256 αὓτη
2577 3188 2698 3251 ταῖς
2729 3185 2836 3255 πρὸ
2887 3184 3059 3256 αὐτῆς
3087 3222 3105 3248 ,
3145 3182 3335 3254 ὥσπερ
3373 3182 3469 3235 καὶ
3516 3182 3674 3234 πᾶσα
3712 3180 3864 3251 ἁρχὴ

546 3267 787 3337 duntur;
811 3280 864 3325 et
891 3286 1133 3341 praesms
1166 3278 1426 3331 saxulum
1480 3280 1743 3337 continua
1775 3280 2136 3339 hebdomadae

2257 3277 2443 3349 χρόνου
2475 3276 2620 3338 τινὸς
2645 3274 2742 3329 καὶ⁸
2770 3275 2946 3345 πέρας
2977 3276 3035 3328 ἑν
3072 3276 3141 3345 τῇ
3175 3271 3579 3346 συναριθμὴσει
3615 3271 3736 3323 τῶν
3765 3288 3865 3339 με·

548 3362 601 3419 in
629 3362 851 3419 modum
883 3364 1077 3419 circuli
1120 3367 1263 3424 serie
1290 3371 1661 3440 componitur.
1719 3372 1925 3429 Octava
1955 3384 2139 3431 autem

2258 3370 2383 3435 ταξὺ
2461 3367 3080 3439 συμπεριλαμϐάνεταιο
3137 3365 3235 3419 καὶ
3280 3368 3308 3419 6
3346 3362 3539 3437 παρὼν
3584 3362 3735 3417 αιὼν
3766 3364 3866 3433 τῆς

548 3453 795 3512 futurum
838 3458 1104 3512 saeculum
1158 3459 1429 3529 designat,
1492 3471 1548 3518 et
1571 3464 2042 3536 (translationem)
2072 3481 2142 3521 ex

2255 3460 2541 3530 ἑϐδομάδος
2608 3459 2852 3529 συνεχῶς
2902 3457 3387 3528 άνακυκλούμενος
3462 3456 3863 3528 ἀπαρτίζει-αι’

549 3545 656 3604 hoc
688 3556 957 3613 prasente
988 3549 1190 3605 smculo
1224 3550 1279 3604 in
1318 3552 1467 3608 aliud
1516 3555 1791 3624 quoddam
1828 3558 2004 3628 magis
2052 3558 2141 3612 di-

2262 3552 2283 3621 l)
2314 3551 2370 3604 δὲ
2398 3550 2590 3620 ὀγδοὰς
2629 3548 2722 3604 τὸν
2766 3548 3035 3621 μέλλοντα
3066 3548 3241 3603 αἰῶνα
3292 3548 3465 3619 δηλοῖ,
3502 3548 3602 3602 καὶ
3652 3548 3762 3603 τὸν
3802 3549 3870 3601 ἑκ

548 3637 739 3691 vinum
794 3640 968 3695 otium
1019 3651 1074 3697 et
1119 3644 1173 3698 in
1204 3645 1467 3714 quietem,
1515 3662 1639 3717 qua:
1685 3659 1875 3705 octava
1913 3662 2144 3707 vocatur

2263 3643 2344 3698 τοῦ
2382 3645 2653 3714 παρόντος
2705 3645 2787 3710 είς
2824 3643 2998 3713 ἄλλην
3051 3645 3175 3697 τινὰ
3225 3644 3505 3713 θειοτέραν
3556 3643 3726 3711 λῆξιν
3772 3644 3871 3697 καὶ

548 3738 600 3783 et
637 3730 811 3799 prima
874 3742 929 3786 et
972 3748 1104 3787 una.
1166 3733 1370 3790 Octava
1416 3737 1662 3808 quidem,
1717 3756 1839 3796 eum
1886 3742 1958 3797 sit
1995 3742 2143 3797 aliud

2259 3738 2613 3802 κατάστασιν,
2666 3737 2791 3807 ἥτις
2844 3737 2941 3790 καὶ
3000 3737 3194 3806 ὀγδοὰς
3217 3736 3465 3789 καλεῖται
3507 3737 3608 3790 καὶ
3652 3736 3867 3806 πρώτη

550 3823 826 3892 quoddam
848 3823 1200 3881 interstitium
1231 3843 1328 3898 per
1354 3837 1570 3900 tempus
1595 3841 1721 3887 ante
1738 3834 2142 3892 hebdomadam

2262 3830 2351 3883 καὶ
2391 3827 2511 3900 μία·
2562 3828 2756 3897 ὀγδοὰς
2811 3828 2910 3899 μὲν
2968 3827 3045 3891 ὡς
3098 3826 3228 3881 άλλο
3258 3844 3310 3881 τι
3342 3827 3628 3897 διάστημα
3704 3828 3870 3899 παρὰ

553 3928 1021 3983 consummatum,
1045 3921 1222 3989 prima
1253 3938 1405 3989 vero,
1444 3940 1569 3980 eum
1595 3927 1665 3981 sit
1689 3926 1907 3982 initium
1934 3931 2140 4000 requiei

2263 3924 2342 3977 τὸν
2405 3923 2901 3996 συμπληρούμενον
2975 3923 3168 3995 χρόνον
3221 3922 3329 3993 πρὸ
3385 3922 3485 3993 τῆς
3556 3922 3871 3993 ἑϐδομάδος

550 4019 607 4066 et
647 4008 768 4064 vitae
801 4013 970 4083 magis
1000 4013 1198 4069 divinze
1224 4024 1278 4070 et
1307 4017 1572 4083 melioris,
1607 4035 1714 4073 una
1761 4028 1969 4087 autem,
2011 4024 2144 4093 quia

2263 4016 2596 4087 ὒπὰρχουσα·
2641 4016 2833 4087 πρώτη
2857 4014 2914 4068 δὲ
2941 4014 3018 4079 ὡς
3044 4014 3189 4087 ἀρχὴ
3232 4012 3370 4069 οὖσα
3417 4014 3630 4085 λήξεως
3658 4016 3871 4087 ἑτέρας

554 4117 666 4155 non
714 4111 799 4158 est
854 4114 981 4173 post
1030 4121 1150 4161 eam
1195 4107 1302 4163 alia
1354 4112 1672 4181 temporalis
1724 4114 2008 4183 periodus,
2047 4116 2144 4172 sed

2263 4111 2347 4166 καὶ
2398 4109 2674 4173 πολιτείας
2701 4109 2983 4179 θειοτέρας
3036 4108 3132 4161 καὶ
3202 4108 3511 4177 ἀμείνονος·
3550 4106 3653 4177 μία
3680 4107 3749 4160 δὲ
3793 4108 3871 4172 ὡς

552 4196 669 4267 ipsa
704 4205 788 4252 est
828 4198 950 4254 sine
974 4198 1084 4255 line
1113 4216 1401 4257 mansura.

2263 4205 2355 4257 οὐκ
2396 4202 2596 4274 ἔχουσα
2646 4200 2778 4273 μετ’
2825 4199 3020 4272 αὐτὴν,
3049 4199 3244 4271 ἑτέραν
3283 4198 3542 4270 χρονικὴν
3581 4198 3871 4270 περίοδον,

2254 4294 2371 4349 ἀλλ’
2402 4294 2541 4366 αὐτὴ
2571 4293 2950 4365 άτελευτὴτως
3017 4292 3342 4363 ὑπάρχουσα
3370 4292 3467 4345 καὶ
3492 4291 3867 4361 διαμένουσα.

622 4376 748 4433 Istis
782 4392 913 4448 ergo
942 4380 1265 4449 praemissis,
1318 4382 1635 4454 quicunque
1658 4414 1665 4425 ι
1692 4384 1980 4454 septimam
2012 4386 2147 4442 heb-

2326 4384 2548 4440 Τούτων
2606 4385 2750 4439 οὕτω
2805 4383 3346 4456 προτεθεωρημένων
3376 4384 3534 4454 ἡμῖν,
3599 4384 3725 4438 ὅσοι
3766 4385 3873 4453 μὲν

552 4468 801 4525 domadae
841 4472 983 4527 diem
1004 4513 1019 4538 ,
1061 4491 1183 4543 qua:
1212 4482 1298 4530 est
1332 4484 1546 4545 tempus
1579 4476 1867 4547 fugitivum
1902 4488 1957 4534 et
1979 4480 2150 4537 cadu-

2265 4477 2494 4550 ἑϐδόμην
2511 4477 2655 4532 κατὰ
2700 4477 2801 4548 τὴν
2841 4476 3115 4549 ἑϐδομάδα
3142 4475 3418 4547 βούλοιντο
3472 4476 3567 4529 τὸν
3630 4476 3873 4546 ῥευστὸν

553 4576 701 4628 cum,
727 4572 782 4616 et
813 4578 936 4617 cum
970 4563 1215 4636 fugitivis
1261 4574 1319 4620 et.
1366 4564 1658 4637 fragilibus
1686 4571 2063 4638 pertransiens
2095 4582 2150 4630 et

2265 4570 2447 4625 τοῦτον
2490 4569 2683 4642 χρόνον
2719 4569 2815 4623 καὶ
2856 4569 3127 4640 ιπίκηρον
3172 4570 3270 4624 καὶ
3314 4571 3430 4633 τοῖς
3483 4570 3747 4639 ρευστοῖς
3773 4570 3873 4624 καὶ

553 4653 804 4722 eiiluens,
846 4672 1045 4712 sensus
1074 4672 1268 4713 omnes
1295 4656 1680 4727 iniquitatibus
1727 4669 1783 4715 et
1817 4667 2145 4731 passionum

2268 4636 2599 4733 pOapto‘t'vg‘cu
2608 4636 3179 4734 unapapecpou‘pevdv
3194 4677 3255 4714 τε
3276 4660 3371 4714 καὶ
3390 4636 3876 4734 συμπαραρῤέον-

556 4747 775 4804 turbine
852 4748 1224 4816 fascinabant;
1276 4750 1527 4806 auditum
1584 4753 1817 4822 quidem
1878 4758 2141 4814 cantibus

2265 4769 2344 4818 rat,
2363 4745 2511 4807 οὗτοι
2530 4754 2652 4816 ταῖς
2672 4752 2971 4825 ἁμαρτίαις
2990 4751 3216 4808 καὶτῶν
3239 4751 3432 4806 παθῶν
3460 4754 3527 4823 τῇ
3566 4752 3741 4823 ἀχλύῖ
3771 4754 3873 4817 τὰς

555 4840 886 4895 meretriciis
916 4849 971 4895 et
999 4841 1257 4897 omnibus
1302 4842 1465 4897 istius
1504 4842 1720 4912 generis
1752 4845 2141 4916 repleverant;

2268 4846 2536 4917 ιίσθὴσεις
2558 4846 2736 4910 πάσας
2763 4845 3228 4915 κατεκηλίδωσαν·
3248 4846 3342 4899 καὶ
3357 4845 3531 4916 ἀκοὴν
3558 4845 3668 4915 μὲν
3691 4846 3876 4917 ἔπληο

555 4933 710 4989 visus
743 4942 927 4988 autem
991 4933 1101 4990 illis
1153 4933 1476 4989 enervantia
1535 4936 1897 5004 spectacula;
1963 4948 2146 4995 tactus

2265 4953 2358 4989 σαν
2378 4936 2637 5007 ᾀσμάτων
2648 4935 2921 5009 πορνικῶν
2935 4936 3157 4991 καὶτῶν
3179 4937 3279 4990 ὅσα
3302 4936 3513 5001 τούτοις
3537 4937 3873 4990 συνέπεταιο

553 5027 719 5081 etiam
754 5036 810 5083 et
840 5038 1032 5098 gustus
1077 5036 1133 5083 et
1188 5026 1443 5094 olfactus,
1488 5043 1557 5084 ne
1614 5028 1685 5085 de
1727 5030 1946 5102 singulo
1978 5048 2150 5089 sensu

2268 5026 2354 5081 καὶ
2379 5024 2503 5095 ὄψις
2534 5025 2637 5097 μὲν
2666 5026 2851 5091 αὐτοῖς
2874 5025 2945 5080 τὰ
2978 5025 3299 5099 ψυχοφθόρα
3348 5024 3620 5096 θεάματα’
3651 5027 3779 5097 ἁφὴ
3813 5028 3876 5081 δὲ

557 5120 828 5189 lnqnendo
852 5134 1161 5175 sermonem
1187 5118 1403 5190 longius
1426 5120 1771 5190 protraham,
1803 5122 2008 5192 quibus
2036 5139 2145 5179 non

2268 5118 2353 5171 καὶ
2381 5116 2568 5186 γεῦσις
2627 5116 2723 5171 καὶ
2755 5117 3048 5189 ὄσφρησις,
3097 5116 3186 5171 ἵνα
3240 5116 3317 5188 μὴ
3366 5116 3726 5173 καθέκαστον
3783 5120 3876 5170 αῖ-

556 5212 681 5267 lieet
713 5212 1083 5283 applicantur,
1122 5211 1196 5267 ita
1226 5222 1287 5266 ut
1327 5211 1404 5267 illi
1436 5212 1939 5269 indiseriminatum
1979 5215 2048 5270 ad
2078 5230 2145 5271 ea

2272 5209 2546 5281 πθητὴριον
2591 5209 2764 5280 λέγων
2790 5211 2872 5275 είς
2922 5209 3099 5281 μῆκος
3123 5210 3394 5263 ἀποτείνω
3420 5208 3512 5263 τὸν
3561 5209 3756 5279 λόγον,
3792 5206 3880 5273 οἷς

559 5320 680 5374 quae
710 5314 905 5360 natura
964 5305 1071 5360 illis
1114 5302 1293 5369 aﬂert,
1333 5312 1390 5360 et
1427 5320 1550 5375 quae
1578 5321 1609 5361 a
1663 5306 1781 5378 lege
1810 5306 1995 5363 divina
2034 5323 2145 5363 non

2271 5304 2319 5357 >ὺ
2350 5302 2510 5374 θέμις
2560 5301 3008 5374 ἐνδιατρίϐουσιψ
3046 5301 3108 5368 ἑξ
3134 5295 3210 5357 ὧν
3241 5302 3429 5367 αὐτοῖς
3462 5303 3879 5377 ἁκατακρίτως

557 5398 941 5468 prohibentur,
1000 5411 1122 5455 sese
1190 5397 1394 5454 ferant.
1448 5397 1705 5469 Quinque
1758 5399 1919 5470 ergo'
1949 5415 2150 5458 sensus

2267 5397 2298 5455 ὃ
2330 5415 2390 5453 τε
2422 5399 2457 5468 ἡ
2506 5396 2668 5468 φύσις
2694 5397 3003 5470 παρέσχετο
3047 5396 3143 5451 καὶ
3168 5396 3205 5451 ἃ.
3236 5396 3311 5468 μὴ
3342 5396 3486 5461 θεῖος
3511 5396 3687 5469 νόμος
3721 5401 3875 5452 ἑκώ-

559 5504 682 5544 cum
709 5490 783 5544 ita
812 5490 1083 5560 inquinati
1113 5491 1224 5547 sint
1249 5500 1305 5547 et
1333 5491 1691 5547 contaminati
1722 5508 1750 5545 a
1780 5493 2141 5562 passionibns

2266 5498 2403 5560 ipse,
2436 5492 2567 5563 περὶ
2596 5491 2772 5546 ταῦτα
2819 5489 3291 5563 ἀναστρέφεσθαι.
3344 5489 3467 5544 Τῶν
3502 5485 3597 5543 οὖν
3624 5494 3690 5543 ἑν
3726 5494 3874 5561 ἡμῖν

561 5589 617 5635 et
665 5579 1115 5636 inclinationibus
1167 5598 1309 5653 quas
1364 5583 1418 5637 in
1467 5583 1574 5638 hoc
1622 5592 1871 5655 tempore
1924 5584 2154 5655 fugitivo

2264 5592 2294 5639 ι’
2348 5586 2657 5657 αἰσθήσεων
2697 5584 2874 5649 οὕτως
2934 5585 3348 5657 ἑρρυπωμένων
3372 5601 3431 5637 τε
3460 5584 3555 5637 καὶ
3607 5584 3872 5654 λελυμαο

567 5672 970 5740 contrahimus,
1011 5675 1259 5729 'illorum
1293 5676 1609 5745 purificatio
1654 5687 1709 5732 et
1741 5680 1808 5731 ad
1852 5680 2152 5748 pristinum

2268 5679 2471 5751 τμένων
2522 5678 2629 5732 ὑπὸ
2689 5679 2799 5732 τῶν
2848 5678 3039 5733 παθῶν
3063 5696 3123 5733 τε
3153 5678 3249 5732 καὶ
3281 5678 3379 5748 τῆς
3427 5676 3580 5747 ῥοῆς,
3614 5676 3651 5730 ἃ.
3687 5679 3749 5729 ἐν
3790 5678 3876 5747 τῷ

566 5763 841 5818 restitutio
891 5782 997 5821 non
1045 5768 1163 5825 fieri
1210 5779 1385 5840 potest
1445 5770 1746 5826 secundam
1796 5770 2031 5828 formam
2102 5784 2157 5830 et

2260 5772 2441 5843 ῥέοντι
2512 5772 3012 5844 προσλαμϐάνομεν
3065 5771 3264 5843 χρόνῳ,
3320 5770 3526 5823 τούτων
3567 5771 3603 5841 ἡ
3637 5770 3868 5825 κάθαρ-

564 5851 929 5915 imitationcm
955 5858 1170 5931 fugitivi
1222 5870 1276 5921 et
1329 5863 1577 5935 perversi
1622 5866 1908 5936 temporis,
1953 5866 2147 5937 potius

2265 5882 2342 5934 σις
2372 5866 2465 5923 καὶ
2514 5868 2547 5939 ἡ
2602 5868 2683 5933 είς
2731 5867 2793 5923 τὸ
2839 5867 3067 5939 ἀρχαῖον
3114 5864 3569 5945 ἀποκατάστασις
3627 5865 3739 5922 οὐκ
3796 5865 3873 5923 ἂν
