4072 6430
297 359 408 431 ’125

1044 390 1047 391 ν
1124 364 1226 426 AD
1267 365 1861 428 AMPHILOCHIUM
1895 366 2245 441 QUIESTIO
2281 371 2508 449 CXXX,
2566 374 2828 438 CXXXI.

3468 375 3577 442 7‘26

300 476 514 549 γένοιτο
566 476 709 534 κατὰ
757 476 850 532 τὸν
883 477 1052 536 τύπον
1107 482 1204 535 καὶ
1230 483 1331 554 τὴν
1361 483 1592 555 μίμησιν
1629 484 1724 539 τοῦ
1761 488 1887 557 ρευ-

1990 502 2121 542 vero
2148 491 2451 545 secundum
2477 493 2879 551 ordinationem
2914 505 2969 553 et
2997 495 3347 567 disciplinam
3375 503 3431 551 et
3457 496 3573 550 l'or-

303 568 434 623 στοῦ
481 569 579 623 καὶ
630 569 1113 641 φιλαμαρτήμονος
1163 572 1377 644 χρόνου·
1424 576 1563 630 κατά
1594 575 1696 647 τὴν
1725 577 1880 642 τάξιν

299 661 358 715 δὲ
414 661 619 731 μᾶλλον
684 662 780 714 καὶ
852 663 1231 733 παιδαγωγίαν
1278 667 1374 719 καὶ
1429 667 1735 740 ὲκμίμησιν
1788 669 1884 723 τοῦ

300 750 547 815 ἀπαθοῦς
598 768 655 805 τε
709 750 806 805 καὶ
862 751 1163 823 άρῤεύστου
1216 756 1311 808 καὶ
1366 755 1725 826 ἀτελευτήτου
1751 757 1886 829 χρό-

304 858 398 895 νου
448 858 462 871 ο
518 841 579 895 δν
627 842 658 895 ό
726 841 884 911 λόγος
970 842 1165 915 μικρὸν
1250 844 1460 903 ἄνωθεν
1547 848 1740 920 ὀγδόην
1826 866 1889 902 τε

303 931 400 983 καί⁸
470 929 697 1001 πρώτην
757 931 853 985 καὶ
909 932 1041 1003 μίαν
1098 933 1339 999 ἐδίδαξεν
1420 936 1883 1006 ἐπονομάζεσθαι.

317 1019 471 1074 Ἐπεὶ
519 1016 612 1075 οὖν
668 1022 725 1075 αἰ
757 1029 799 1076 ε’
859 1023 1145 1094 αἰσθήσεις
1186 1026 1349 1097 ἡμῶν
1404 1027 1499 1080 ἐπὶ
1554 1028 1653 1098 τὴν
1702 1023 1893 1097 ὀγδοά-

307 1110 369 1163 δα
396 1110 1003 1184 πολλαπλασιαζόμεναι
1026 1118 1119 1170 τὸν
1152 1123 1204 1187 μ’
1230 1117 1586 1177 ἀποτελοῦσιν
1632 1120 1887 1191 ἀριθμόν·

301 1200 389 1254 διά
418 1200 475 1253 δὲ
506 1201 617 1256 τῶν
650 1209 692 1257 ε’
719 1205 1025 1275 αἰσθήσεων
1082 1206 1268 1278 ζῶμέν
1298 1225 1357 1261 τε
1390 1209 1485 1263 καὶ
1528 1209 1628 1274 τὰς
1659 1211 1889 1282 πράξεις

301 1292 665 1365 ἐπιτελοῦμεν
725 1297 852 1350 ὅσαι
884 1315 944 1350 τε
1000 1298 1197 1367 φαῦλοι
1243 1302 1338 1355 καὶ
1383 1302 1507 1356 ὅσαι
1557 1305 1639 1368 εἰς
1679 1303 1892 1375 ἀρετῶν

303 1385 672 1455 ἀναφέρονται
700 1386 884 1455 λόγον,
907 1390 1136 1454 εἰκότως
1189 1391 1278 1446 διά
1333 1398 1387 1463 μ’
1425 1394 1650 1466 ἡμερῶν
1689 1395 1894 1460 ταύτας

305 1474 666 1545 καθαίρομεν,
704 1477 801 1531 καὶ
829 1479 1010 1533 πᾶσαν
1059 1480 1253 1543 αὐταῖς
1307 1482 1549 1553 ἰατρείαν
1595 1483 1895 1553 προσάγειν

305 1566 711 1639 παρελάϐομεν,
736 1566 880 1622 οὕτω
912 1571 1054 1624 κατὰ
1082 1571 1288 1635 ταύτας
1316 1574 1696 1629 πολιτεύεσθαι
1719 1576 1794 1640 ὡς
1827 1576 1895 1630 ἂν

302 1659 339 1729 ὴ
371 1658 588 1727 ὀγδοὰς,
630 1660 770 1715 ἀλλὰ
799 1662 875 1733 μὴ
923 1662 986 1715 τὺ
1031 1664 1258 1734 ρευστδν
1285 1666 1386 1737 τῆς
1429 1666 1727 1737 ἑϐδομάδος
1772 1670 1896 1722 ἐπι-

1982 595 2128 635 mam
2165 581 2520 651 impassibilis
2564 595 2620 640 et
2652 588 3006 646 immutabilis
3055 598 3110 645 et
3145 588 3339 643 aeterni
3364 596 3575 657 tempo-

1981 675 2082 740 ris,
2118 676 2266 745 quod
2325 677 2491 746 paulo
2532 681 2784 749 superius
2830 693 3076 739 octavam
3125 684 3473 753 primamque
3521 692 3578 740 ct

1983 783 2149 823 unam
2190 769 2371 823 vocari
2401 770 2715 827 didicimus.
2756 772 2893 828 Cum
2941 790 3071 844 ergo
3102 777 3343 845 quinque
3380 790 3580 831 sensus

1985 860 2161 916 nostri
2197 876 2291 930 per
2320 871 2570 918 octavam
2606 865 2947 934 multiplicati
2979 867 3338 939 quadraginta
3379 883 3575 921 nume-

1991 964 2111 1005 rum
2142 950 2397 1018 elilciant,
2456 969 2550 1023 per
2581 955 2825 1025 quinque
2852 968 3033 1012 autem
3080 971 3275 1013 sensus
3303 959 3576 1023 vivamus,

1990 1048 2045 1097 et
2066 1042 2310 1098 actiones
2341 1044 2458 1099 sive
2491 1054 2701 1116 turpes,
2749 1047 2866 1103 sive
2918 1049 3136 1103 virtutis
3187 1050 3450 1102 habentes
3485 1064 3577 1101 ra-

1991 1132 2195 1190 tionem
2223 1135 2543 1202 elIieiamus,
2568 1140 2763 1195 merito
2799 1140 2924 1197 illos
2946 1156 3046 1211 per
3073 1141 3433 1211 quadraginta
3459 1140 3580 1194 dies

1991 1215 2372 1295 puriﬁcamus,
2402 1238 2457 1283 et
2482 1229 2592 1286 illis
2634 1246 2851 1286 omnem
2905 1233 3246 1287 sanationem
3279 1245 3576 1299 procurare

1990 1321 2346 1391 suscipimus,
2374 1322 2448 1377 ita
2481 1323 2604 1379 illos
2628 1335 2877 1395 regentes
2906 1333 2967 1381 ut
2993 1334 3208 1389 octava,
3250 1332 3308 1377 at
3336 1338 3447 1376 non
3488 1322 3577 1374 l‘u-

1992 1411 2156 1480 gitiva
2188 1413 2530 1470 hebdomada
2563 1416 2762 1488 dirigat
2806 1426 2861 1473 et
2887 1418 3137 1487 imperet.
3204 1414 3345 1469 Huic
3391 1421 3580 1467 autem

1992 1504 2276 1560 sententia
2326 1516 2552 1563 sanctus
2623 1506 2862 1564 Joannes
2914 1504 3579 1575 Constantinopolitanus,

1994 1594 2050 1648 in
2096 1595 2277 1667 aliqua
2328 1613 2396 1653 ex
2456 1594 2572 1654 suis
2601 1600 2944 1655 orationibus
2982 1614 3104 1669 quae
3136 1597 3352 1652 titulum
3392 1594 3576 1659 habet,

1994 1688 2072 1745 De
2093 1690 2323 1761 jejunio,
2347 1695 2686 1751 concordare
2717 1706 2771 1752 et
2798 1697 3089 1751 testificare
3124 1695 3359 1749 videtur.

304 1769 476 1841 τάττῃ
518 1788 578 1825 τε
600 1773 695 1825 καὶ
724 1772 1131 1844 διακελεύηται·
1185 1774 1358 1849 ταύτῃ
1388 1776 1446 1829 δὲ
1473 1778 1632 1849 ἡμῶν
1658 1778 1728 1849 τῆ
1793 1778 2002 1851 θεωρία
2060 1783 2158 1835 καὶ
2201 1783 2231 1835 ό
2265 1783 2421 1852 ἆγιος
2462 1786 2719 1859 Ἰωάννης
2746 1789 2776 1842 ὁ
2807 1784 3438 1845 Κωνσταντινουπόλεως
3504 1778 3566 1834 ἐν

305 1878 411 1917 τινι
442 1862 551 1918 τῶν
582 1863 751 1918 αὐτοῦ
781 1865 956 1935 λόγων
980 1866 1041 1929 ὃς
1068 1867 1501 1939 ἐπιγέγραπται,
1531 1870 1669 1943 Περὶ
1689 1870 1966 1942 νηστείας,
2006 1871 2245 1943 συνᾴδων
2268 1891 2328 1926 τε
2359 1875 2455 1930 καὶ
2507 1876 3034 1948 προμαρτυρόμενος
3077 1874 3471 1928 ἐπιδείκνυται.

829 1985 1167 2040 ΕΡΩΤΗΣΙΣ
1203 1986 1338 2040 ΡΛΑ
1359 2025 1377 2043 .

751 2074 816 2129 Τί
858 2074 1096 2145 λέγεται
1131 2078 1451 2149 μαγνῆτις.

1917 1976 1969 2037 Β
2064 1986 2396 2054 QUESTIO
2428 1986 2645 2047 cxxxr
2676 1988 2868 2060 ισοεει.
2895 1988 3075 2055 cun,
3108 1988 3272 2044 Taur.
3302 1985 3484 2059 CLII].

2438 2136 2441 2139 λ
2527 2082 2671 2147 Quid
2702 2081 2771 2135 sit
2806 2097 3045 2151 magnes.

1358 2195 1504 2248 Edita
1523 2212 1551 2250 a
1583 2196 1708 2248 Maio
1737 2198 1889 2263 (Nov.
1914 2198 2040 2252 Coll.
2068 2205 2105 2251 t.
2127 2199 2167 2262 Ι,
2188 2213 2239 2263 p.
2269 2196 2524 2259 125-127).

372 2301 446 2351 a'.
482 2296 770 2368 Μαγνῆτις
806 2297 944 2369 ὅπερ
973 2299 1257 2373 ἐρώτησας
1287 2302 1536 2357 καλεῖται
1588 2304 1622 2375 ἡ
1664 2305 1756 2357 τὸν
1804 2304 1889 2358 σί-

301 2390 470 2462 δηρον
511 2390 745 2443 ἕλκουσα
794 2389 976 2455 λίθος·
1004 2391 1088 2446 ὅτι
1121 2393 1422 2463 Μάγνητας
1448 2394 1652 2463 ἄνδρας
1678 2394 1892 2464 λιθοφό-

306 2496 457 2549 ρους,
486 2478 767 2550 άρχηγούς
799 2496 935 2551 φησι
965 2480 1238 2553 εὑρέσεως
1268 2482 1438 2555 αὐτῆς
1475 2484 1753 2553 γενέσθαι,
1792 2485 1890 2539 καὶ

300 2569 405 2640 τῆς
438 2571 718 2640 ἐνεργείας
741 2572 823 2634 εἰς
848 2569 1054 2639 γνῶσιν
1078 2571 1252 2626 ἐλθεῖν
1271 2589 1287 2605 ·
1316 2573 1626 2644 λιθοφόροις
1652 2574 1786 2646 γάρ,
1812 2574 1889 2641 ὡς

302 2659 474 2725 ἔοικε,
506 2661 773 2730 κρηπῖσιν
797 2652 1183 2731 ὑποδεδεμένοι
1235 2656 1403 2731 οὗτοι,
1446 2664 1569 2716 ἐπεὶ
1611 2664 1753 2718 κατὰ
1787 2665 1892 2734 γῆς

305 2750 634 2821 σιδηρίτιδος
658 2750 843 2822 ἡρέμα
871 2750 1178 2823 βαδίζοντες
1209 2753 1473 2824 γένοιντο,
1512 2754 1714 2827 βάρους
1744 2754 1890 2820 τινὸς

303 2844 402 2898 καί
429 2843 786 2913 δυσκινησίαν
822 2845 1243 2916 προσεχομένων
1274 2847 1384 2905 τῶν
1422 2848 1620 2919 ψήφων
1648 2851 1764 2912 τοῖς
1810 2866 1893 2903 σι-

302 2936 514 3007 δηρίοις
545 2936 1053 3008 ἀντελαμϐάνοντο·
1083 2937 1271 3009 θαῦμα
1310 2939 1371 2992 δὲ
1413 2940 1758 3010 προσπίπτον
1795 2942 1894 2995 αὖ·

306 3027 446 3091 τοῖς,
471 3027 565 3079 καὶ
598 3026 736 3096 πρὸς
768 3025 1001 3098 ζήτησιν
1023 3027 1124 3097 τῆς
1150 3028 1329 3092 αἰτίας
1349 3029 1662 3095 άνακινοῦν,
1680 3030 1780 3102 τὴν
1802 3029 1894 3084 εὖ·

312 3132 469 3185 ρεσιν
499 3119 804 3188 παρασχεῖν
823 3117 924 3187 τῆς
950 3118 1009 3171 ἐν
1039 3120 1106 3189 τῇ
1129 3118 1262 3190 λίθῳ
1291 3118 1607 3190 δυνάμεως·
1636 3121 1698 3175 οὐ
1729 3120 1893 3192 μόνον

308 3205 371 3257 δὲ
410 3207 679 3277 μαγνῆτις
724 3207 863 3277 αὕτη
903 3209 1192 3276 καλεῖται,
1243 3209 1379 3264 ἀλλὰ
1419 3210 1515 3264 καὶ
1542 3211 1749 3277 Λυδία,
1797 3212 1895 3266 καὶ

320 3295 641 3368 Ἡράκλεια,
666 3298 760 3352 καί
790 3298 1072 3370 σιδηρῖτις·
1092 3299 1174 3352 δεῖ
1200 3298 1310 3371 γάρ
1340 3316 1422 3354 σοι
1449 3301 1895 3370 σπουδαιολογου-

311 3386 464 3456 μένῳ
511 3386 643 3458 περὶ
684 3387 880 3455 ταῦτα,
935 3388 1033 3442 καὶ.
1061 3390 1208 3460 ἡμᾶς
1255 3388 1890 3462 προσφιλοτιμήσασθαι·

308 3476 457 3534 ἀλλὰ
500 3477 611 3549 γάρ
643 3479 909 3550 σιδηρῖτις
940 3479 1042 3550 μὲν
1084 3481 1195 3535 άπὸ
1221 3484 1321 3552 τῆς
1356 3482 1641 3553 ἐνεργείας
1667 3479 1734 3556 ἧς
1762 3485 1894 3556 περὶ

2061 2304 2117 2359 1.
2152 2302 2377 2374 Magnes
2420 2302 2489 2357 de
2516 2314 2627 2371 quo
2657 2315 2743 2354 me
2780 2299 3082 2368 interrogas
3105 2336 3123 2362 ,
3182 2295 3383 2350 dicitur
3436 2294 3580 2364 lapis

1992 2394 2198 2450 ferrum
2230 2394 2452 2450 trahens
2487 2409 2502 2446 :
2558 2392 2688 2462 quia
2744 2389 3005 2460 Magnesii
3040 2387 3291 2442 homines
3323 2386 3467 2439 hunc
3492 2386 3577 2439 la-

1993 2486 2170 2555 pidem
2202 2484 2550 2555 gestitantes,
2602 2481 2680 2535 rei
2715 2480 3024 2534 inventores
3060 2477 3310 2531 feruntur
3345 2475 3580 2542 ejusque

1990 2577 2099 2630 vim
2128 2573 2289 2644 primi
2324 2572 2583 2628 sensisse.
2636 2568 2773 2623 Nam
2807 2566 3058 2637 lapideis,
3090 2575 3150 2618 ut
3183 2562 3444 2617 credibile
3469 2568 3578 2623 est,

1991 2665 2227 2735 crepidis
2258 2663 2456 2726 induti,
2510 2662 2640 2716 dum
2670 2660 2867 2715 tellure
2896 2656 3045 2713 ferro
3077 2655 3394 2710 abundante
3431 2652 3579 2705 lente

1992 2755 2331 2818 incederent,
2383 2751 2785 2823 ponderitatem
2840 2748 3029 2803 nescio
3089 2760 3253 2815 quam
3288 2751 3584 2809 motusque

1992 2845 2399 2910 diﬂicultatem,
2463 2842 2796 2899 haerentibus
2853 2839 3000 2894 l'erro
3065 2837 3307 2906 lapillis,
3369 2833 3581 2902 experti

1994 2947 2143 2995 sunt.
2176 2937 2277 2992 Rei
2330 2935 2597 2991 miraculo
2646 2933 2903 2990 commoti
2936 2940 3099 3000 atque
3144 2928 3211 2982 ad
3257 2941 3440 2981 causa:
3485 2939 3582 2977 vu—

1994 3029 2338 3099 stigationem
2371 3026 2746 3098 impulsi,vim
2776 3024 2938 3094 lapidi
2975 3023 3199 3077 insitam
3225 3033 3347 3075 esse
3376 3032 3581 3087 cogno—

1992 3125 2210 3172 verunt.
2237 3117 2424 3187 Neque
2453 3130 2678 3185 magnes
2707 3110 3089 3169 tantummodo
3118 3109 3206 3162 hic
3228 3107 3368 3176 lapis
3397 3104 3585 3173 appel-

1995 3210 2159 3278 latur,
2193 3223 2386 3264 verum
2414 3208 2581 3263 etiam
2614 3206 2791 3277 lydius
2823 3213 2879 3259 et
2919 3201 3190 3257 heraclius
3214 3212 3267 3253 et
3302 3198 3581 3252 sideritcs.

1993 3298 2131 3354 Nam
2196 3298 2297 3353 tibi
2343 3300 2411 3354 de
2462 3300 2567 3354 hoc
2612 3296 2885 3353 vocabulo
2946 3300 3205 3348 accurate
3260 3288 3581 3359 inquirenti,

1995 3406 2212 3462 aequum
2265 3400 2350 3447 est
2405 3405 2508 3445 nos
2560 3389 2675 3460 pari
2704 3386 3000 3445 sedulitate
3054 3382 3417 3453 respondere.
3452 3378 3578 3433 λειω

1996 3484 2239 3541 sideritze
2259 3498 2457 3539 nomen
2491 3499 2521 3537 a
2550 3483 2601 3537 vi
2622 3482 2743 3551 ejus
2770 3495 2937 3551 quam
2968 3493 3097 3547 erga
3136 3477 3342 3530 ferrum
3378 3487 3581 3541 expro—

303 3568 378 3623 τά
410 3569 632 3641 σιδήρια
670 3569 1042 3625 ἐνδείκνυται·
1076 3573 1127 3625 εἰ
1175 3572 1359 3643 βούλει
1390 3572 1448 3626 δὲ
1490 3574 1586 3627 καὶ
1636 3575 1745 3628 ἀπὸ
1790 3577 1890 3646 τῆς

1993 3576 2091 3631 mit
2137 3575 2243 3631 dici
2300 3582 2561 3631 constat:
2625 3572 2730 3638 vel,
2796 3572 2843 3627 si
2898 3570 3096 3633 mavis,
3151 3567 3320 3622 etiam
3356 3564 3425 3618 ab
3459 3565 3584 3631 ejus

304 3660 518 3730 σφεως·
572 3660 687 3732 ἔχει,
718 3662 825 3738 γάρ
856 3679 908 3716 τι
938 3664 1177 3735 ἐμφερὲς
1208 3666 1352 3723 κατὰ
1390 3664 1491 3737 τὴν
1537 3666 1706 3744 χρόαν
1735 3667 1892 3740 ἀργῷ

306 3752 405 3806 καὶ
432 3749 585 3805 οὔπω
612 3752 1037 3825 διακαθαρθέντι
1081 3755 1317 3827 σιδήρῳ·
1348 3758 1485 3813 ἀλλὰ
1525 3761 1620 3814 καὶ
1658 3760 1794 3815 διότι
1832 3761 1894 3828 ἐξ
1934 3748 1949 3757 ’

303 3842 485 3914 ἀρχῆς
518 3843 784 3923 εὑρῆσθαί
832 3862 965 3913 φασι
999 3845 1170 3918 αὐτὴν
1216 3850 1329 3913 τοῖς
1369 3849 1466 3903 τοῦ
1524 3852 1748 3923 σιδήρου
1790 3869 1891 3922 με·

307 3933 529 3998 τάλλοις
555 3936 1037 4008 ἀναμεμιγμένην·
1078 3939 1377 4007 Ἡράκλεια
1408 3940 1467 3994 δὲ
1502 3941 1578 4006 ὡς
1609 3944 1709 4013 μέν
1747 3959 1892 3997 τισιν

300 4023 456 4089 ἔδοξε
491 4025 581 4078 διὰ
607 4025 670 4079 τὸ
721 4026 943 4098 ἰσχυρὸν
968 4028 1067 4099 τῆς
1089 4028 1256 4107 ὁλκῆς
1285 4032 1380 4085 καὶ
1411 4033 1715 4103 κρατερόν·
1754 4037 1893 4104 μᾶλ-

302 4117 399 4170 λον
424 4116 470 4169 δ’
500 4116 568 4172 ἂν
599 4117 796 4189 ῥηθείη
827 4119 927 4189 τὴν
970 4121 1291 4192 ἐπωνυμίαν
1321 4122 1525 4189 ἕλκειν,
1575 4125 1713 4179 διότι
1759 4126 1894 4197 περὶ

317 4209 654 4281 Ἡράκλειαν
680 4210 742 4263 τὸ
768 4211 1097 4282 πρῶτον,ὥς
1113 4230 1299 4283 φασιν,
1330 4216 1505 4289 ἐφάνη
1527 4232 1540 4246 ο
1560 4200 1892 4290 Ἡράκλειαν

298 4298 369 4353 δὲ
414 4300 465 4353 οἰ
502 4300 602 4371 μὲν
643 4304 744 4372 τὴν
782 4304 840 4356 ὲν
892 4303 1080 4377 Πόντῳ
1132 4307 1486 4379 ἱστορήκασι·
1523 4311 1636 4373 τοῖς
1663 4309 1721 4363 δὲ
1759 4312 1793 4382 ὴ
1833 4312 1892 4364 ὲν

304 4391 644 4465 Σαμοθράκῃ
668 4393 848 4459 ἔδοξεν
867 4410 881 4425 ·
910 4397 1018 4450 εἰσὶ
1045 4397 1103 4451 δὲ
1135 4392 1217 4461 οἷς
1239 4399 1403 4471 ἑτέρα
1429 4399 1529 4471 τῆς
1557 4402 1889 4471 μαγνήτιδος

304 4482 345 4549 ὴ
381 4479 644 4551 σιδηρῖτις
694 4483 1011 4553 νομίζεται·
1068 4487 1136 4557 ἢν
1177 4488 1271 4540 καὶ
1308 4486 1570 4560 λαμπράν
1616 4491 1755 4554 ὅλως
1793 4491 1891 4545 καὶ

303 4570 510 4641 διαυγῆ
540 4590 705 4641 φασιν
737 4571 1015 4641 εἷναι,καί
1045 4583 1441 4651 μαρμαρυγαῖς
1465 4582 1892 4655 άργυριζούσαις

309 4664 732 4735 χαρασσομένην
762 4666 835 4719 διὶ
857 4667 981 4722 ὅλου
1007 4669 1102 4723 τοῦ
1133 4669 1384 4743 σώματος
1402 4688 1419 4705 ·
1449 4674 1537 4744 είη
1570 4674 1629 4728 δὲ
1660 4676 1754 4729 καὶ
1780 4677 1895 4729 Λυ-

310 4751 406 4804 δία
430 4752 529 4820 τὴν
566 4754 781 4823 κλῆσιν,
821 4757 953 4824 ἴσως
979 4759 1089 4813 άπὸ
1122 4762 1221 4833 τῆς
1270 4764 1460 4836 πόρρω
1492 4765 1752 4837 πατρίδος
1782 4766 1895 4821 τῶν

1992 3668 2172 3738 specie
2200 3682 2217 3723 :
2248 3676 2333 3723 est
2361 3668 2507 3723 enim
2534 3666 2777 3737 ejusdem
2818 3663 2970 3719 color
2999 3677 3165 3732 prope
3193 3661 3392 3715 similis
3423 3672 3589 3714 uatu-

1993 3761 2095 3816 rali
2150 3762 2508 3831 nondumque
2556 3758 2819 3814 defmcato
2866 3756 3051 3811 ferro:
3090 3763 3204 3809 tum
3254 3753 3418 3808 etiam
3453 3754 3585 3822 quia

1992 3852 2264 3923 principio
2316 3852 2599 3908 inventum
2660 3850 2834 3906 fuisse
2882 3847 3106 3903 tradunt
3155 3845 3288 3901 ferri
3354 3846 3583 3900 metallo

1991 3953 2329 4002 concretum.
2394 3943 2532 3997 Tum
2587 3942 2867 3997 heraclius
2893 3939 3175 3995 nonnullis
3198 3938 3306 3994 dici
3344 3939 3583 3999 videtur,

1993 4037 2063 4092 ob
2093 4035 2401 4092 attrahendi
2434 4035 2546 4089 vim
2574 4033 2811 4088 validam
2856 4040 2913 4086 et
2960 4032 3226 4101 vigorem.
3279 4029 3383 4084 Sed
3432 4028 3583 4083 enim

1992 4128 2207 4199 aquius
2236 4126 2652 4197 appellationem
2696 4123 2925 4180 sortitus
2971 4122 3224 4187 videtur,
3270 4121 3399 4191 quia
3432 4120 3581 4174 circa

1994 4219 2309 4276 Heracleam
2359 4218 2535 4289 primo
2580 4225 2910 4287 conspectus
2954 4214 3175 4269 dicitur.
3218 4212 3389 4267 Porro
3419 4211 3584 4266 Hera-

1992 4314 2165 4369 cleam
2194 4313 2285 4367 alii
2317 4311 2474 4366 Ponti
2510 4310 2757 4375 tradunt,
2819 4308 2913 4364 alii
2955 4306 3369 4363 Samothracia).
3425 4303 3581 4358 Non-

1994 4407 2129 4462 nulli
2151 4406 2468 4462 existimant
2489 4404 2766 4460 diversum
2790 4418 2913 4459 esse
2945 4417 2975 4457 a
3002 4410 3252 4472 magnete
3281 4399 3531 4455 sideritin
3560 4414 3580 4453 :

1993 4510 2157 4567 quem
2214 4502 2549 4564 postremum
2601 4492 2947 4562 splendidum
3025 4502 3081 4547 et
3165 4504 3585 4561 quaquaversus

1995 4589 2272 4644 lucentem
2322 4588 2498 4652 aiunt,
2547 4586 2936 4656 argenteisque
2984 4584 3157 4639 radiis
3209 4592 3325 4639 toto
3352 4597 3585 4652 corpore

1994 4681 2339 4751 insignitum.
2394 4677 2639 4748 Denique
2680 4685 2735 4732 et
2762 4691 2960 4732 nomen
2998 4676 3198 4747 lydius,
3262 4673 3349 4729 vel,
3396 4688 3427 4729 ει
3461 4672 3585 4726 lor.-

1998 4773 2197 4843 ginqua
2244 4771 2463 4826 illorum
2513 4772 2687 4839 patria
2750 4768 2983 4823 inditum
3034 4776 3139 4832 est,
3196 4766 3291 4834 qui
3326 4764 3580 4819 virtutem

313 4849 707 4920 ὲφευρηκότων
731 4853 901 4924 αὐτῆς
927 4854 1026 4927 τὴν
1065 4857 1346 4929 ἐνέργειαν
1364 4874 1381 4891 ⁸
1426 4860 1459 4931 ἢ
1490 4860 1618 4915 εἴτι
1650 4861 1779 4916 ἄλλο
1805 4879 1891 4927 τις

1994 4865 2112 4934 ejus
2145 4863 2654 4934 deprehenderunt;
2699 4862 2784 4917 vel
2840 4863 2907 4916 de
2958 4862 3062 4916 hac
3089 4876 3150 4915 re
3177 4860 3396 4930 quidvis
3431 4856 3582 4914 aliud

315 4940 429 4993 ἀπὸ
447 4941 542 4995 τοῦ
568 4943 838 5013 πελάγους
872 4948 970 5018 τῆς
996 4946 1270 5025 ἀρχαϊκῆς
1297 4951 1537 5025 ἰστορίας
1572 4954 1765 5025 καιρὸν
1790 4954 1889 5010 λά·

317 5031 403 5085 6οι
428 5033 794 5102 ἀναλέξασθαι
825 5039 963 5112 (96).

1995 4971 2065 5013 ex
2093 4956 2333 5027 antiqua:
2367 4954 2612 5011 historiae
2644 4953 2946 5013 vorticibus
2991 4952 3267 5024 expiscari
3302 4968 3402 5024 pro
3426 4951 3585 5007 libito

2006 5048 2148 5104 licet.

1838 5199 2069 5260 ΝΟΤίΕ.

388 5359 501 5432 (96)
540 5360 685 5418 Inter
712 5370 925 5418 veteres
962 5373 1218 5419 auctores
1264 5363 1400 5418 satis
1429 5361 1535 5417 erit
1575 5364 1759 5419 videre
1784 5362 1894 5417 Pli-

311 5432 466 5486 nium
501 5432 598 5488 lib.
626 5448 779 5497 xxvr,
810 5441 945 5502 sect.
975 5432 1067 5498 εδ,
1099 5433 1166 5487 de
1209 5443 1460 5502 magnete
1502 5449 1607 5487 non
1641 5436 1762 5489 sine
1795 5449 1895 5488 co-

310 5503 401 5572 pia
434 5503 825 5559 disserentem.
858 5500 993 5557 Nam
1034 5500 1369 5558 recetitiorirs
1397 5502 1735 5569 Kirkerium,
1770 5503 1894 5558 Sal-

308 5572 589 5638 masium,
633 5572 975 5628 Gasseudum
1003 5614 1017 5639 ,
1065 5574 1254 5641 reique
1282 5573 1551 5644 physicae
1598 5576 1895 5629 hodiernus

310 5644 612 5713 magistros
640 5659 1076 5698 commemorare
1106 5644 1239 5713 quid
1276 5642 1539 5698 inte—rest?
1569 5644 1685 5697 Vim
1715 5656 1892 5698 tamen

309 5712 481 5781 hujus
517 5714 714 5783 lapidis
760 5712 1158 5783 iguoraverunt
1208 5715 1539 5783 prmcipuam
1582 5716 1748 5783 prisci
1798 5730 1895 5768 au-

308 5791 522 5853 ctores,
567 5799 712 5856 quos
756 5784 901 5841 inter
933 5784 1186 5854 Photius,
1224 5784 1639 5845 demonstrandi
1689 5785 1899 5843 scilicet

1994 5363 2353 5421 meridianam
2406 5365 2629 5428 lineam,
2664 5363 2995 5435 ideoqueret
3043 5362 3308 5418 arcticum
3342 5363 3528 5435 polum
3565 5378 3579 5416 :

1995 5450 2061 5490 ex
2118 5450 2225 5505 qua
2268 5435 2459 5491 notitia
2510 5451 2599 5489 res
2648 5434 2866 5490 nautica
2916 5434 3266 5489 incredibiles
3320 5434 3585 5505 utilitates

1994 5504 2257 5574 peretipit.
2287 5508 2555 5560 Caeterum
2580 5505 2788 5560 Plinius
2814 5505 3152 5574 probabilius
3180 5505 3312 5559 dicit
3349 5504 3585 5557 ferratas

1994 5573 2277 5643 pastorum
2310 5577 2560 5645 crepidas
2600 5573 2901 5629 adluesiSse
2943 5576 3203 5644 magneti,
3236 5590 3399 5644 quam
3436 5573 3585 5626 l’lm-

1994 5649 2104 5773 t‘ius
2152 5649 2230 5727 ait
2280 5644 2616 5718 magucticas
2644 5648 2908 5717 {crepidas
2953 5646 3249 5702 colucsisse
3281 5660 3407 5700 cum
3464 5644 3585 5699 solo

2026 5731 2256 5773 errario.

2026 5731 2256 5773 Cl'l'ill‘lO.
