4072 6430
252 447 366 511 729

1185 444 1283 508 AD
1322 436 1915 506 AMI’IIILOCIIIUM
1963 434 2310 514 QUJESTIO
2340 430 2577 501 CXXII.

3430 432 3539 500 730

252 557 490 623 τούτοις,
520 556 569 609 οἱ
600 553 873 624 γενναίως
896 554 992 607 καὶ
1018 551 1285 623 ἀνδρείως
1330 553 1398 605 τὰ
1444 553 1593 623 πάθη
1630 552 1727 605 καὶ
1752 552 1845 605 τὸν

1970 550 2056 603 Iici
2087 552 2404 605 ostendunt.
2442 548 2649 604 Praeter
2678 551 2779 606 hos
2807 564 2938 606 vero
2962 566 3147 607 nonne
3190 561 3245 607 et
3271 552 3387 617 lsti,
3422 555 3542 623 qui.

256 648 455 720 ἐχθρὸν
490 645 1028 717 καταγωνισάμενοι,
1059 645 1154 698 καὶ
1177 644 1530 716 στρατιωτῶν
1557 647 1653 699 καὶ
1683 644 1849 715 ἀθλη-

253 741 367 793 τῶν
398 740 473 803 ὡς
514 737 735 809 άληθῶς
758 737 896 808 ἔργα
929 735 1394 806 διαπραξάμενοι,
1424 738 1592 789 πᾶσιν
1644 735 1724 806 (5)
1758 735 1846 789 ἐπ’

256 833 445 894 αὐτοῖς
469 832 582 893 τοῖς
622 828 809 900 ἔργοις
860 827 1122 897 νεανικήν
1159 843 1220 879 τε
1247 826 1343 879 καὶ
1366 827 1731 897 ἀκμάζουσαν
1754 826 1849 879 τὸν

257 926 411 977 τόνον
445 921 662 977 καὶτὸν
695 921 863 975 πόθον
898 919 1129 991 γνώμην
1165 919 1516 985 ἐπεδείξαντο
1536 959 1552 983 ,
1578 919 1701 989 οὐχ).
1754 920 1849 973 καὶ

261 1018 360 1085 τῆς
389 1016 636 1084 κλήσεως
658 1013 830 1083 αὐτῆς
871 1015 1314 1085 μετασχήσουσιν
1340 1027 1355 1078 ;
1386 1013 1572 1083 Ἔχεις
1616 1009 1733 1075 οὖν,
1772 1009 1851 1065 οἴ-

197 1121 209 1144 ¹
264 1127 388 1179 μαι,
423 1108 509 1161 διὰ
542 1106 655 1160 τῶν
685 1107 1000 1177 εἰρημένων
1034 1108 1223 1178 σαφῶς
1261 1105 1324 1161 τὸ
1355 1104 1580 1178 ζήτημά
1620 1123 1702 1159 σοι
1736 1106 1853 1160 διαο

259 1199 519 1269 λυόμενον
544 1214 558 1227 ο
597 1215 617 1248 ι
662 1197 865 1268 Γράφω
904 1197 1054 1267 ὑμῖν,
1087 1197 1297 1263 τεκνία,
1328 1198 1408 1251 ὃτι
1473 1197 1752 1267 ἀφέωνται
1796 1198 1851 1249 αἱ

258 1290 528 1363 ἁμαρτίαι
568 1289 659 1343 διὰ
699 1289 762 1342 τὸ
830 1289 1003 1361 ὄνομα
1041 1290 1235 1343 αὑτοῦ.
1289 1289 1496 1360 Γράφω
1537 1290 1704 1360 ὑμῖν,
1738 1306 1845 1342 πα-

255 1382 440 1454 τέρες,
476 1382 559 1434 ὅτι
607 1380 890 1449 ἐγνώκατε
938 1380 1035 1435 τὸν
1079 1380 1175 1434 ἀπ’
1206 1380 1411 1459 ἀρχῆς..
1448 1381 1653 1453 Γράφω
1699 1382 1849 1451 ὑμῖν,

256 1474 558 1538 νεανίσκοι,
619 1474 704 1526 ὅτι
754 1474 1079 1545 νενικήκατε
1133 1474 1227 1527 τὸν
1288 1473 1558 1545 Πονηρόν.
1597 1474 1853 1545 Ἔγραψα

257 1570 428 1638 ὑμῖν,
484 1566 700 1631 παιδία,
742 1566 826 1618 ὅτι
874 1565 1155 1635 ἐγνώκατε
1200 1566 1292 1620 τὸν
1324 1566 1565 1637 Πατέρα.
1598 1566 1855 1637 Ἔγραψα

259 1659 416 1727 ὑμῖν,
443 1658 703 1729 πατέρες,
738 1658 821 1710 ὃτι
853 1656 1133 1727 ἐγνώκατε
1158 1659 1251 1711 τὸν
1286 1658 1381 1711 ἀπ’
1411 1658 1607 1729 ἀρχῆς.
1642 1659 1855 1728 Ἔγρα-

256 1750 342 1819 ψα
378 1751 531 1821 ὑμῖν,
585 1752 883 1815 νεανίσκοι,
929 1751 1013 1804 ὃτι
1060 1751 1273 1822 ίσχυροί
1328 1752 1476 1815 ἐστε,
1512 1752 1608 1805 καὶ
1635 1753 1663 1804 ό
1693 1751 1851 1821 λόγος

257 1843 358 1896 τοῦ
402 1842 539 1896 Θεοῦ
593 1843 652 1896 ὲν
694 1843 825 1912 ὑμῖν
878 1842 1054 1913 μένει,
1078 1844 1175 1897 καὶ
1199 1845 1527 1913 νενικήκατε
1562 1843 1655 1897 τὸν
1680 1845 1857 1914 Πονη-

1949 648 2173 697 strenue
2202 648 2257 694 et
2282 640 2495 695 fortiter
2527 640 2658 694 vitia
2687 648 2741 694 et
2771 640 2985 696 hostem
3038 644 3399 708 debellantes,
3437 646 3545 699 mi-

1949 733 2217 803 litumque
2250 742 2303 787 et
2330 733 2658 788 athletarum
2689 732 2869 787 olIicio
2892 738 3107 805 egregie
3144 736 3341 803 functi,
3372 753 3542 807 opere

1950 826 2071 897 ipso
2113 826 2432 896 juvenilem,
2468 826 2729 896 viresque
2758 842 2951 883 omnes
3005 840 3058 882 et
3107 844 3304 885 nervos
3366 830 3547 884 inten-

1949 919 2167 974 dentetn
2198 920 2445 974 animum
2491 919 2967 983 demonstrarunt,
3009 920 3254 990 ejusdem
3304 923 3547 976 nominis

1950 1013 2245 1083 participes
2278 1012 2473 1067 merito
2498 1012 2853 1069 habeantur?
2896 1011 3017 1066 .lam
3084 1014 3329 1083 quidem,
3386 1023 3545 1083 puto,

1952 1106 2311 1175 quaestionem
2344 1108 2679 1177 propositam
2710 1106 2798 1162 his
2840 1102 2975 1175 ipsis
3004 1107 3233 1163 habebis
3287 1108 3546 1163 solutam.

1959 1214 1977 1248 ι
2020 1196 2214 1251 Scribo
2264 1198 2443 1264 vobis,
2496 1197 2670 1262 ﬁlioli,
2730 1199 2876 1266 quod
2946 1198 3175 1252 remissa
3230 1208 3357 1253 sunt
3389 1199 3549 1254 vobis

1951 1297 2174 1356 peccata
2207 1298 2428 1359 propter
2459 1304 2659 1343 nomen
2699 1288 2840 1359 ejus.
2873 1287 3071 1344 Scribe
3105 1289 3287 1352 vobis,
3340 1300 3549 1358 patres,

1954 1380 2102 1452 quod
2148 1383 2486 1451 cognovistis
2533 1398 2685 1447 cum,
2755 1383 2851 1452 qui
2900 1391 2984 1438 est
3022 1384 3091 1437 ab
3138 1382 3315 1438 initio.
3356 1381 3554 1438 Scribo

1955 1475 2130 1538 vobis,
2156 1475 2407 1545 juvenes,
2439 1474 2584 1545 quod
2614 1475 2826 1530 vicistis
2866 1476 3095 1529 malum.
3131 1474 3337 1543 Scripsi
3366 1475 3552 1541 vobis,

1955 1567 2132 1636 pueri,
2167 1566 2311 1636 qttod
2335 1567 2671 1637 cognovistis
2697 1564 2915 1621 Patrem
2956 1584 2969 1620 :
3001 1567 3197 1636 scripsi
3250 1567 3429 1633 vobis,
3459 1583 3557 1636 pa-

1958 1668 2091 1725 tres,
2143 1659 2289 1729 quod
2338 1658 2674 1729 cognovistis
2727 1673 2878 1723 eum,
2937 1659 3031 1728 qtti
3086 1668 3169 1714 est
3230 1658 3299 1713 ab
3351 1660 3551 1714 initio:

1958 1749 2154 1821 scripsi
2181 1750 2356 1817 vobis,
2379 1751 2635 1820 juvenes,
2666 1751 2811 1820 quod
2849 1750 3020 1805 fortes
3048 1751 3206 1816 estis,
3232 1758 3289 1805 et
3323 1751 3553 1806 verbum

1961 1842 2055 1897 Dei
2084 1844 2227 1913 apud
2262 1860 2358 1898 vos
2398 1852 2605 1907 manet,
2660 1852 2715 1899 et
2769 1842 2980 1899 vicistis
3038 1844 3266 1913 impium
3293 1844 3360 1897 ".
3400 1862 3421 1897 ι
3460 1843 3555 1897 Fi-

261 1937 385 2008 ρὸν.
426 1955 445 1987 ι
478 1936 683 1989 Τεκνία
717 1902 818 2006 μὲν
842 1902 953 2006 γάρ
986 1902 1081 1990 καὶ
1114 1935 1305 1989 παιδία
1332 1902 1479 1989 ποιεῖ
1511 1939 1544 2007 ἡ
1601 1936 1700 2007 τὴν
1745 1902 1855 2006 ἄφ-

1970 1935 2118 1990 liolos
2167 1937 2313 1990 enim
2371 1946 2427 1991 ct
2480 1952 2683 2006 pueros
2735 1937 3098 2007 regeneratio,
3167 1936 3557 1993 remissionem

258 2046 387 2081 εσιν
411 2028 523 2082 τῶν
551 2028 979 2101 ἁμαρτημάτων
996 2027 1336 2099 χαριζομένη
1362 2029 1744 2099 άναγέννησις,
1761 2030 1858 2082 καὶ

256 2119 328 2172 τὸ
361 2120 461 2188 τῆς
507 2119 783 2183 υἱοθεσίας
839 2121 1079 2191 ἀξίωμα,
1142 2119 1210 2173 δι’
1238 2113 1314 2174 ὧν
1333 2123 1445 2185 τοῖς
1499 2121 1682 2192 ἔργοις
1732 2124 1858 2175 ἐπι-

260 2210 559 2281 γινώσκειν
586 2212 809 2283 Πατέρα
832 2213 926 2266 τὸν
974 2212 1206 2283 θέμενον
1249 2210 1442 2284 ὥσπερ
1482 2213 1637 2283 ἰσχὺν
1686 2230 1859 2285 προσ-

263 2305 594 2375 ειλήφαμεν,
620 2303 766 2358 οὕτω
792 2305 887 2359 καὶ
936 2304 1099 2375 χρέος
1129 2303 1466 2376 ὑπήλθομεν.
1512 2304 1762 2376 Πατέρας
1795 2322 1860 2373 γε

266 2397 381 2469 μὴν
415 2397 649 2469 καθιστᾷ
677 2400 710 2468 ή
747 2397 847 2469 τῆς
901 2398 999 2451 ἀπ’
1029 2396 1211 2467 ἀρχῆς
1260 2395 1545 2459 εὐσεϐείας
1594 2397 1757 2455 πολιά
1799 2415 1861 2452 τε

262 2491 365 2543 καὶ
416 2492 475 2543 ἐν
514 2490 593 2559 τῷ
652 2488 862 2561 βεϐαίῳ
900 2488 1269 2560 στηριζομένη
1322 2488 1655 2557 ἐπίγνωσις⁶
1684 2490 1864 2544 νεανία

264 2600 441 2646 σκους
469 2584 527 2638 δὲ
558 2582 618 2636 τὸ
645 2581 790 2636 κατὰ
818 2581 915 2636 τοῦ
946 2581 1199 2653 Πονηροῦ
1230 2584 1326 2635 καὶ
1365 2582 1475 2635 τῶν
1508 2580 1696 2636 παθῶν
1726 2583 1864 2653 κρά-

259 2692 383 2739 τος.
434 2675 575 2729 Ἀλλ’
603 2675 743 2743 αὕτη
772 2675 870 2746 μὲν
901 2677 935 2746 ἡ
958 2675 1068 2729 τῶν
1103 2674 1485 2729 άποστολικῶν
1510 2674 1710 2742 λογίων
1742 2675 1864 2729 διά-

262 2785 409 2831 νοια,
446 2768 558 2838 ήδέ
587 2767 695 2819 τῶν
744 2768 1011 2839 ῥημάτων
1058 2766 1321 2837 ἐπιμονὴ,
1344 2770 1379 2837 ἡ
1412 2767 1512 2838 μὲν
1562 2768 1865 2839 ἀφηγημα-

264 2875 361 2921 τος
394 2858 580 2927 ἐπέχοι
602 2857 668 2911 ἂν
702 2857 939 2929 λόγον,ή
966 2858 1023 2911 δὲ
1066 2858 1528 2930 ἐπαναμνήσεως,
1567 2858 1707 2930 ὅπερ
1737 2859 1865 2912 εἴω-

266 2948 367 3003 θεν
422 2949 891 3019 προσεχεστέρους
937 2966 998 3004 τε
1038 2950 1166 3013 τοὺς
1194 2949 1475 3021 ἀκροατὰς
1505 2950 1866 3020 παρασκευά-

268 3043 413 3107 ζειν,
436 3042 532 3096 καὶ
558 3041 855 3114 βαθύτερον
876 3041 956 3114 τῷ
989 3042 1316 3114 μνημονικῷ
1349 3046 1451 3115 τῆς
1480 3042 1660 3116 ψυχῆς
1681 3044 1867 3099 αὐτῶν

271 3134 647 3204 ὲγχαράσσειν
671 3136 772 3206 τὴν
802 3136 912 3191 τῶν
963 3137 1275 3208 εἰρημένων
1312 3137 1578 3193 διάνοιαν.

1960 2038 2311 2097 peccatorum
2359 2030 2796 2099 dignitatemque
2844 2028 3158 2098 adoptionis
3208 2028 3557 2099 impertiens,

1959 2121 2141 2177 eﬁicit.
2170 2121 2271 2177 Per
2296 2130 2589 2191 utrumque
2607 2120 2754 2175 enim
2782 2118 3000 2175 Patrem
3021 2120 3371 2190 adoptantetu
3392 2135 3563 2191 agno-

1963 2213 2151 2268 scendi
2187 2229 2355 2284 opere
2391 2214 2511 2283 ipso
2543 2222 2600 2267 ut
2643 2213 2790 2267 vires
2839 2213 3155 2283 accepimus
3180 2252 3196 2277 ,
3261 2213 3332 2267 ita
3387 2227 3563 2283 agno—

1963 2321 2117 2362 scere
2148 2308 2345 2361 merito
2372 2306 2658 2360 debemus.
2692 2302 2883 2360 Patres
2916 2319 3082 2373 porro
3107 2305 3240 2359 facit
3268 2319 3564 2360 senescens

1964 2399 2056 2454 illa
2087 2409 2142 2454 et
2202 2400 2417 2453 ﬁrmata
2470 2399 2695 2468 pietatis
2744 2398 2957 2469 pridem
3017 2399 3228 2452 tradita:
3262 2396 3560 2467 cognitio:

1960 2493 2189 2564 juvenes
2215 2494 2457 2561 denique
2491 2493 2665 2547 robur
2712 2492 2871 2557 illud,-
2902 2490 3051 2562 quod
3108 2498 3300 2545 contra
3347 2489 3557 2544 malum

1964 2590 2267 2644 daemonem
2301 2596 2358 2643 et
2387 2587 2519 2640 vitia
2573 2588 2871 2641 exseritur.
2932 2587 3113 2656 Atque
3169 2586 3287 2640 hate
3340 2584 3565 2654 quidem

1965 2680 2174 2733 oraculi
2202 2678 2489 2749 apostolici
2532 2693 2689 2732 mens
2716 2686 2839 2731 est:
2902 2676 2989 2731 vis
3047 2690 3179 2729 vero
3226 2675 3346 2742 ejus
3396 2674 3453 2727 in
3500 2687 3570 2727 eo

1967 2771 2072 2826 sita
2099 2780 2201 2833 est,
2232 2777 2290 2823 ut
2325 2770 2452 2825 hinc
2480 2771 2766 2832 doctrina},
2819 2769 2948 2823 hinc
2992 2765 3567 2830 commonefactionis,

1966 2875 2092 2930 qua:
2123 2860 2406 2915 auditores
2433 2860 2762 2916 attentiores
2793 2858 2977 2925 eilicit,
3026 2858 3413 2927 dictorumque
3444 2873 3575 2912 δεη-

1969 2962 2093 3003 sum
2142 2949 2423 3005 memoria:
2484 2964 2675 3005 eorum
2740 2949 2910 3005 altius
2991 2946 3191 3018 inﬁgit,
3251 2946 3434 3001 locum
3498 2956 3575 3001 te-

1968 3046 2119 3093 neat.

372 3226 439 3279 Ὀ
470 3228 547 3296 (ιι)
572 3227 628 3280 δὲ
658 3229 734 3299 τῷ
762 3228 1045 3301 κορυφαίῳ
1074 3229 1266 3301 Πέτρῳ
1304 3230 1556 3300 εἴρηται,
1594 3230 1662 3285 ἂν
1691 3230 1866 3303 ὀρθῶς

2046 3222 2204 3290 Quod
2232 3236 2364 3277 vero
2419 3237 2448 3276 a
2506 3220 2691 3288 Petro,
2735 3219 3112 3290 apostolorum
3159 3218 3437 3289 principe,
3487 3219 3577 3274 di-

272 3319 680 3391 ὲπισκοπήσῃς,
717 3320 837 3373 οὐδὲ
865 3320 1251 3392 ἀπορούμενον
1302 3321 1582 3392 περιόψει.
1624 3322 1867 3386 Ἐκεῖνος

272 3410 389 3481 γὰρ
421 3411 613 3477 είπὼν,
653 3430 672 3463 ι
716 3414 822 3466 Καὶ
848 3412 1054 3485 ταύτην
1088 3413 1201 3485 ,τὴν
1240 3413 1426 3486 φωνὴν
1452 3415 1615 3486 ἡμεῖς
1633 3414 1875 3485 ηκουσα-ε

276 3518 407 3580 μεν,
431 3501 491 3567 ἐξ
512 3503 747 3574 οὐρανοῦ
764 3505 1081 3575 ἐνεχθεῖσαν
1104 3521 1121 3537 ο
1149 3524 1169 3558 ι
1211 3501 1334 3559 εϊτα
1360 3504 1658 3575 ἐπαγαγών
1678 3522 1692 3537 ο
1719 3523 1738 3559 ι
1766 3507 1878 3560 Καὶ

274 3592 480 3664 ἔχομεν
531 3593 881 3664 βεϐαιότερον
951 3596 1047 3649 τὸν
1103 3598 1448 3668 προφητικὸν
1483 3596 1665 3666 λόγον,
1706 3615 1727 3650 ι
1776 3597 1879 3667 οὐχ

274 3684 463 3758 ἑαυτῷ
487 3703 674 3756 φησιν,
708 3687 1078 3759 βεϐαιότερον,
1112 3690 1319 3758 ἄπαγε,
1378 3688 1619 3761 μάλιστά
1641 3706 1704 3758 γε
1735 3706 1875 3760 προσ

274 3777 609 3847 αναφωνῶν,
638 3778 715 3841 ὡς
752 3797 770 3829 ι
793 3778 1059 3834 Ἐπόπται
1085 3780 1407 3853 γενηθέντες
1429 3781 1530 3852 τῆς
1549 3781 1644 3835 τοῦ
1665 3780 1877 3854 Κυρίου

278 3868 444 3939 ἡμῶν
482 3868 659 3940 Ἰησοῦ
706 3871 948 3943 Χριστοῦ
1000 3873 1445 3945 μεγαλειότητος,
1499 3874 1880 3946 ἐγνωρίσαμεν

274 3961 413 4031 ὑμῖν
442 3962 542 4032 τὴν
566 3961 758 4016 τούτου
793 3964 1026 4036 δύναμιν
1046 3967 1143 4019 καὶ
1163 3966 1489 4038 παρουσίαν.
1523 3986 1543 4021 ι
1575 3966 1642 4020 Τί
1665 3967 1775 4039 γὰρ
1812 3967 1879 4021 ἂν

278 4048 372 4119 εἴη
408 4049 508 4119 τῆς
543 4050 805 4120 αὐτοψίας
841 4052 1375 4127 [βεϐαιότερον],καὶ
1400 4055 1495 4109 τοῦ
1536 4056 1710 4121 ἀκοὰς
1742 4057 1880 4121 ἰδίας

277 4141 628 4196 ἀναπετάσαι
666 4145 747 4209 είς
773 4145 1041 4218 ὑποδοχὴν
1063 4148 1163 4218 τῆς
1184 4148 1390 4204 ἄνωθεν
1423 4151 1627 4221 φωνῆς,
1658 4150 1754 4204 καὶ
1781 4151 1882 4221 τὴν

277 4237 563 4308 πατρικὴν
594 4239 997 4311 ἐναυγασθῆναι
1034 4243 1345 4315 μαρτυρίαν
1376 4245 1548 4314 (5-6);
1595 4245 1760 4299 Ἀλλὰ
1777 4246 1885 4311 βε-

279 4330 599 4398 ϐαιότερον
635 4333 869 4396 ἐκείνοις
925 4334 1114 4403 φησὶν,
1153 4332 1235 4397 οἷς
1269 4336 1345 4405 (7)
1376 4335 1650 4406 ἔγραφεν,
1681 4338 1885 4391 ὡσανεὶ

277 4421 464 4490 λέγων
486 4436 499 4451 ⁶
532 4422 684 4487 Είτις
712 4424 789 4495 (8)
834 4426 1309 4494 ἐπιδιστάξουσαν,
1340 4423 1421 4492 οἷς
1474 4430 1883 4502 μαρτυροῦμεν,

281 4515 406 4575 ἐγοι
460 4516 560 4588 τὴν
611 4517 874 4589 γνώμην,
911 4522 992 4585 είς
1027 4520 1123 4574 τὸν
1160 4522 1503 4593 προφητικὸν
1550 4523 1887 4576 άποσκοπεί-

1977 3326 2131 3370 etum
2162 3324 2266 3377 est,
2310 3316 2365 3369 in
2397 3330 2463 3369 eo
2492 3314 2736 3385 quidem,
2764 3314 2810 3368 si
2845 3314 3090 3367 animum
3120 3312 3397 3377 advertas,
3439 3312 3579 3367 niltii

1976 3408 2131 3463 dubii
2183 3407 2482 3461 inveneris.
2525 3405 2759 3471 Quando
2803 3405 2950 3459 enim
2988 3404 3080 3459 ille
3111 3405 3186 3460 ait
3224 3422 3236 3455 :
3276 3421 3297 3455 ι
3343 3405 3406 3457 Et
3435 3403 3581 3458 hanc

1978 3513 2171 3553 vocem
2202 3499 2268 3553 de
2293 3498 2434 3553 cmlo
2462 3498 2700 3552 delatam
2734 3497 3077 3561 audivimus;
3109 3514 3129 3548 ›
3163 3510 3229 3550 ac
3254 3496 3578 3565 subjuugit:

1988 3609 2008 3645 ι
2043 3590 2111 3645 Et
2136 3590 2400 3645 habemus
2422 3588 2721 3644 ﬁrmiorem
2744 3601 3059 3643 sermonem
3085 3587 3578 3656 propltetieunt”,r

1981 3697 2091 3737 non
2133 3682 2238 3738 sibi
2290 3682 2511 3752 quidem
2559 3681 2716 3736 illum
2765 3679 3065 3734 ﬁrmiorem
3114 3676 3389 3747 appellat;
3440 3676 3586 3731 absit

1983 3776 2111 3841 hoc,
2140 3777 2394 3845 inprimis
2426 3790 2551 3829 cum
2583 3782 2710 3829 ante
2736 3772 2940 3828 dixerit
2968 3789 2982 3826 :
3015 3788 3035 3822 ι
3074 3769 3426 3841 Spectatores
3456 3768 3527 3823 fat
3545 3771 3584 3823 ti

1982 3867 2087 3940 ipsi
2120 3867 2425 3938 majestatis
2463 3866 2682 3920 Domini
2720 3875 2894 3920 nostrt
2954 3862 3084 3921 Iesu
3134 3864 3379 3930 Christi,
3428 3864 3587 3920 vobis

1982 3958 2287 4031 potentiam
2337 3968 2392 4012 et
2442 3957 2739 4011 adventum
2790 3957 2914 4026 ejus
2955 3956 3431 4011 manifestavimus
3459 3955 3525 4009 ³³.
3561 3974 3583 4005 ι

1985 4048 2126 4116 Quid
2160 4049 2305 4102 enim
2334 4047 2547 4102 ﬁrmius
2574 4060 2641 4101 eo
2674 4060 2797 4100 esse
2832 4052 3034 4115 potest,
3065 4046 3288 4115 quando
3314 4047 3438 4115 quis
3470 4061 3586 4101 rem

1984 4143 2160 4215 ipsam
2192 4141 2362 4207 videt,
2409 4152 2685 4210 auresque
2710 4153 2841 4195 suas
2870 4139 2938 4193 ad
2988 4138 3359 4207 recipiendam
3394 4154 3587 4193 vocem

1986 4250 2227 4308 superne
2262 4234 2503 4290 delatam
2538 4233 2787 4304 aperire,
2839 4239 3003 4302 atque
3036 4230 3175 4285 adeo
3206 4229 3384 4285 Patris
3424 4231 3585 4285 testi-

1986 4332 2176 4387 monio
2206 4330 2424 4387 edoceri
2471 4328 2696 4401 potest?
2736 4328 2930 4397 itaque
2965 4325 3175 4395 ﬁrmius
3203 4324 3356 4389 dicit,
3399 4324 3588 4379 habito

1989 4426 2056 4479 ad
2086 4439 2207 4490 eos,
2240 4424 2447 4494 quibus
2474 4421 2772 4488 scribebat,
2804 4428 3097 4489 respectu;
3136 4418 3294 4488 quasi
3325 4417 3532 4471 diceret
3568 4435 3585 4471 :

1992 4516 2050 4571 Si
2085 4516 2212 4585 quis
2245 4515 2471 4570 dubiam
2505 4514 2573 4568 de
2597 4512 2707 4578 his,
2740 4526 2864 4582 quae
2888 4518 3178 4573 testamur,
3219 4516 3458 4564 mentem
3493 4509 3593 4561 ha-

279 4622 369 4659 τω
419 4607 576 4676 λόγον
618 4609 718 4680 (9),
776 4610 1127 4683 βεϐαιότερον
1174 4590 1305 4667 ὅντα
1338 4590 1409 4683 ⁷γε
1448 4613 1548 4684 τῆς
1592 4613 1703 4667 τῶν
1750 4614 1866 4667 πολ-

1992 4612 2140 4678 beat,
2177 4610 2226 4665 is
2257 4610 2477 4680 quidem
2526 4606 2592 4663 ad
2625 4604 3011 4676 propheticum
3056 4616 3368 4659 sermonem
3410 4601 3589 4671 respi-

281 4698 397 4751 λῶν
456 4701 586 4769 περὶ
634 4701 783 4771 ἡμᾶς
836 4702 1309 4775 ἀμφισϐητήσεως
1358 4704 1600 4771 πάντως.
1655 4705 1882 4759 Οὐκέτι

280 4790 398 4859 γὰρ
424 4792 519 4843 καὶ
544 4786 699 4856 οὗτος
728 4791 867 4863 (10),
902 4794 978 4857 ὡς
1016 4795 1082 4850 ἄν
1128 4811 1275 4858 τινες
1318 4795 1709 4867 εὐχερέστερον
1752 4798 1883 4868 περὶ

283 4883 467 4936 ἄλλων
509 4884 905 4956 ὑπολήψονται,
938 4887 1290 4959 ἀνθρωπίνης
1324 4888 1657 4959 προέρχεται
1700 4888 1880 4961 δόξης.

287 4976 417 5028 Ὀτι
445 4976 500 5029 δέ
530 4979 627 5048 οὐχ
660 4968 839 5050 ἐαυτῷ
862 4980 1256 5049 βεϐαιότερον
1280 4978 1482 5051 ἔφησεν
1501 5021 1517 5049 ,
1548 4983 1884 5052 σαφέστερον

289 5068 605 5124 ὕποκατιὼν
655 5071 983 5126 ἐκδιδάσκει.
1026 5073 1313 5144 Ἐπιφέρει
1358 5073 1466 5146 γάρ
1491 5089 1506 5105 ⁸
1544 5092 1563 5127 ι
1604 5068 1675 5146 ᾯ
1700 5074 1885 5136 καλῶς

291 5162 500 5213 ποιεῖτε
532 5163 895 5236 προσέχοντες
920 5184 939 5216 ι
964 5164 1169 5237 (ὑμεῖς,
1202 5164 1391 5236 φησὶν,
1420 5164 1523 5219 οὐκ
1564 5164 1722 5235 ἐγὼ),
1755 5183 1774 5219 ι
1809 5166 1885 5230 ὼς

377 5326 418 5356 ³¹
440 5324 597 5381 Joan.
641 5346 701 5394 ιι,
732 5330 799 5384 1‘2
828 5348 945 5402 seq.

1990 4705 2122 4772 ciat,
2154 4704 2251 4774 qui
2283 4702 2496 4758 ﬁrmior
2530 4700 2721 4770 utique
2779 4707 2865 4754 est
2891 4696 3252 4761 dubitatione,
3293 4710 3459 4763 quam
3490 4694 3591 4747 ad-

1989 4812 2186 4853 versus
2216 4810 2319 4851 nos
2347 4794 2504 4850 multi
2536 4792 2743 4848 fovent.
2774 4791 2869 4847 llle
2900 4791 3049 4846 enim
3098 4799 3266 4853 certe,
3305 4788 3451 4857 quod
3487 4787 3591 4840 ali-

1990 4889 2084 4959 qui
2112 4888 2180 4945 de
2209 4888 2334 4945 aliis
2365 4885 2637 4958 suspicari
2680 4882 2901 4939 facilius
2932 4882 3164 4953 possint,
3201 4897 3267 4936 ex
3304 4879 3595 4934 hominum

1991 4980 2253 5051 Opinione
2277 4994 2386 5035 non
2422 4988 2505 5035 est
2543 4976 2843 5049 profectus.
2896 4974 3055 5041 Quod
3082 4988 3215 5029 vero
3244 4987 3350 5027 non
3379 4973 3595 5027 ratione

1990 5073 2117 5139 sui,
2168 5074 2263 5129 sed
2320 5072 2583 5137 illorum,
2628 5070 2698 5125 ad
2747 5084 2889 5140 quos
2946 5066 3258 5133 scribebat,
3302 5064 3592 5135 ﬁrmiorem

1993 5166 2217 5236 dixerit,
2276 5166 2334 5225 id
2380 5165 2601 5237 quidem
2654 5163 2822 5236 paulo
2878 5170 3005 5235 post
3067 5160 3270 5217 clarius
3330 5156 3593 5215 ostendit.

1041 5331 1086 5363 “
1120 5329 1163 5385 Il
1212 5329 1364 5387 Petr.
1394 5344 1438 5399 ι,
1473 5329 1562 5397 18,
1600 5329 1689 5388 19.
1767 5330 1815 5363 ⁸³
1856 5331 1989 5389 ibid.
2024 5333 2114 5390 i7.

1827 5515 2061 5576 ΝΟΤᾸΞ.

370 5652 451 5723 ('5)
479 5655 536 5709 In
570 5672 677 5713 ms.
711 5657 896 5713 πόσιν.

377 5725 509 5799 (ἐι-ὅ
532 5728 687 5799 Colb.
721 5744 823 5799 pro
852 5728 933 5783 τό.

373 5794 887 5871 (5-6)_A_pparet,hic
904 5816 966 5854 ex
990 5799 1145 5854 libris
1162 5798 1437 5856 excidisse
1459 5814 1647 5857 vocem
1673 5798 1888 5871 βεϐαιό-

297 5881 485 5936 τερον,
513 5869 635 5926 ldeo
663 5869 813 5940 quod
846 5884 972 5925 mox
996 5872 1199 5929 iterum
1231 5872 1501 5941 sequitur.

2072 5661 2152 5731 (7)
2184 5661 2278 5716 Sic
2302 5659 2585 5730 Colb.'pru
2616 5658 2731 5723 οὓς.

2076 5670 2128 5731 (7
2184 5670 2278 5716 Sic
2302 5670 2459 5717 colu.
2484 5675 2585 5730 pro
2616 5670 2657 5713 oi

2076 5670 2153 5803 (8ί
2195 5732 2341 5786 Idem
2371 5746 2472 5801 pro
2510 5732 2657 5801 ἥτις.

2076 5800 2154 5873 (9)
2188 5800 2471 5873 idettrpro
2518 5800 2909 5873 ἐπισκοπείτω.

2072 5872 2186 5944 (ιο)
2220 5872 2309 5929 Sic
2328 5872 2481 5928 Coll).
2518 5889 2617 5944 pro
2653 5872 2846 5935 οὕτως.
