4072 6426
515 426 614 496 131

1683 418 1947 485 PHOTII
1972 414 2486 484 PATBIARCWE
2526 408 2633 478 ΟΡ.

512 540 811 611 Snbjungi‘t
834 537 981 594 enim
1008 552 1072 594 τι
1106 536 1207 593 Cui
1239 534 1286 594 si
1306 533 1680 600 'attenderitis,
1714 546 1863 591 recte
1889 534 2099 590 facitis»

2208 534 2387 604 λύχνῳ
2444 531 2689 601 φαίνοντι
2735 527 2795 580 ἑν
2846 522 3118 596 αὐχμηρῷ
3157 521 3331 595 τόπῳ,
3380 522 3491 585 ἕως
3525 510 3591 576 οῦ
3623 521 3828 591 ἡμέρα

506 639 646 699 (vos,
667 631 865 701 inquit,
890 645 997 684 non
1012 629 1135 701 ego)
1160 646 1171 682 :
1185 647 1203 679 ι
1226 635 1486 696 tanquam
1504 626 1766 693 candelae,
1788 628 1843 681 in
1857 627 2027 681 obscu
2041 642 2099 681 ro

2206 626 2514 697 διαυγάσῃ,
2580 623 2676 677 καὶ
2733 620 3022 690 φωσφόρος
3066 616 3325 690 ἀνατείλῃ
3372 616 3435 670 ὲν
3476 618 3601 679 ταῖς
3669 631 3826 685 καρ-

503 724 625 776 loco
654 723 881 788 lucenti,
932 722 1109 775 donec
1137 720 1253 775 dies
1286 720 1602 786 illucescat,
1652 729 1707 775 et
1752 718 2108 790 pbospborus

502 816 719 868 oriatur
750 814 803 867 in
834 813 1095 867 cordibus
1123 812 1322 867 vestris
1347 811 1411 866 “.
1452 830 1471 864 ι

541 903 876 972 ρυΑεδΤιο
918 902 1187 959 CXXXIII
1217 902 1406 976 lCoisl.
1430 902 1638 971 CLXV,
1663 902 1831 957 Taur.
1861 901 2071 977 CLIV].

737 995 881 1061 Quid
920 995 1206 1065 Apostolus
1239 1005 1388 1049 vocat
1424 1013 1442 1046 ι
1480 995 1775 1063 peripsema
1799 994 1824 1048 .’
1849 1012 1869 1047 ι

2208 719 2351 781 δίαις
2378 718 2407 771 ὑ
2416 717 2553 789 μῶν.
2596 733 2616 766 ι

2741 892 3085 948 ΕΡΩἸἩΣΙΣ
3112 888 3282 945 ΡΛΓ.

2407 990 2471 1047 Τί
2498 988 2665 1059 λέγει
2694 989 2727 1043 ὸ
2762 986 3129 1052 Ἀπόστολος
3164 1001 3184 1037 ι
3220 983 3565 1052 περίψημας
3592 995 3617 1033 ι

626 1111 885 1162 Editarum
917 1124 945 1160 a
966 1109 1149 1159 Wolﬁo
1171 1107 1364 1159 decima
1397 1110 1573 1171 quinta
1599 1110 1655 1173 (l.
1692 1124 1735 1160 c.
1764 1121 1815 1174 p.
1837 1108 2050 1160 ’μὶ-748
2072 1107 2295 1160 Galland.
2326 1104 2365 1155 ι.
2390 1117 2435 1156 c.
2455 1104 2567 1166 727-,
2591 1103 2686 1153 738
2718 1116 2769 1152 n.
2802 1101 2909 1165 51).
2930 1126 2994 1137 —
3011 1098 3069 1148 In
3097 1099 3250 1152 lCor.
3308 1110 3376 1158 tv,
3408 1096 3467 1145 13
3488 1109 3637 1158 seqq.

578 1212 695 1269 Vox
732 1214 1026 1286 περίψημα
1064 1223 1245 1285 potest
1273 1215 1497 1285 quidem
1535 1216 1863 1287 simpliciter
1893 1216 2107 1288 signiﬁ-

503 1322 633 1362 care
656 1308 751 1372 id,
792 1309 935 1377 quod
977 1316 1352 1377 contemptum
1400 1317 1526 1376 est,
1576 1312 1633 1365 et
1683 1311 1914 1380 pedibus
1949 1311 2109 1383 quasi

503 1400 838 1469 Subiectum.
877 1398 1108 1454 ﬂectitis
1150 1404 1287 1454 vero
1346 1416 1571 1456 sensum
1623 1403 1966 1472 expresseris
2013 1419 2110 1473 per

503 1490 972 1559 redemptionem,
1013 1499 1066 1543 et
1088 1489 1368 1545 victimam
1413 1505 1513 1561 pro
1566 1491 1691 1546 aliis
1749 1492 2108 1562 piacularem.

502 1581 656 1635 Illam
688 1580 835 1633 enim
880 1590 1090 1634 veteres
1128 1579 1473 1650 frequentius
1501 1582 1794 1654 περίψημα
1838 1584 2111 1654 appellare

501 1680 931 1737 consueverunt,
975 1670 1468 1742 appellationisque
1504 1674 1653 1728 illius
1698 1675 1841 1730 banc
1869 1675 2109 1730 reddunt

503 1766 796 1818 rationem.
822 1763 1290 1835 Quandocunque
1316 1772 1534 1822 veteres
1567 1766 1622 1821 in
1654 1768 1828 1821 divini
1856 1768 2109 1823 Numinis

2281 1212 2357 1267 Τὸ
2373 1229 2393 1263 ι
2422 1209 2711 1282 περίψημα
2728 1228 2747 1261 ι
2780 1196 3007 1263 δύναται
3042 1207 3142 1278 μὲν
3158 1206 3330 1270 οὕτως
3350 1204 3536 1267 ἁπλῶς
3552 1202 3681 1257 νυνὶ
3711 1218 3825 1273 an.

2212 1305 2429 1378 μαίνειν
2452 1303 2515 1357 τὸ
2533 1304 2591 1357 ὲν
2616 1300 2835 1373 ἀτιμίᾳ,
2863 1299 2960 1355 καὶ
2988 1297 3102 1353 οἷον
3126 1297 3239 1352 ὑπὸ
3271 1295 3482 1367 τὰῐχνη
3514 1296 3821 1364 κείμενον⁶

2209 1398 2509 1469 ἐγγύτερον
2544 1395 2589 1449 δ’
2630 1393 2699 1448 ἂν
2739 1394 2827 1463 εἴη
2873 1392 2977 1463 τῆς
3022 1388 3302 1462 σημασίας
3344 1391 3378 1459 ἡ
3417 1387 3825 1458 ἀπολύτρωσις

2210 1492 2309 1547 καὶ
2336 1490 2397 1545 τὸ
2419 1484 2532 1544 οἷον
2558 1486 2700 1558 ὑπέρ
2731 1503 2895 1540 τινων
2926 1486 3143 1555 ἱερεῖον.
3196 1481 3495 1553 Περὶψημα
3542 1478 3661 1551 7&9
3714 1495 3822 1533 ata-

2209 1585 2325 1639 λεῖν
2359 1584 2537 1637 έκεῖνο
2580 1579 2785 1651 μᾶλλον
2832 1580 2862 1632 δ
2905 1576 3138 1640 παλαιὸς
3178 1569 3287 1629 οῐδε
3325 1573 3504 1643 λόγος,
3551 1572 3655 1625 καὶ
3704 1569 3820 1639 τὴν

2209 1674 2393 1730 αἰτίαν
2418 1670 2679 1743 τοιαύτην
2712 1669 3019 1741 παρέχεται
3046 1667 3125 1740 τῷ
3156 1666 3404 1736 ὀνόματι.
3450 1665 3527 1718 Τὸ
3565 1663 3818 1717 παλαιὸν

2209 1765 2431 1819 ἐπειδάν
2467 1780 2631 1817 τινων
2655 1761 2866 1817 ἄνωθεν
2919 1760 3243 1832 μηνιμάτων
3272 1758 3355 1820 είς
3381 1758 3581 1827 πεῖραν
3616 1754 3817 1809 ὲνέπιο

504 1855 936 1926 indignationem
978 1857 1309 1923 iuciderant,
1348 1873 1625 1930 praveque
1666 1859 1942 1916 factorum
1987 1876 2099 1931 pm-

2209 1873 2368 1919 πτον,
2424 1855 2521 1907 καὶ
2564 1854 2759 1916 ποινὰς
2803 1850 3004 1915 αὐτοὺς
3035 1850 3146 1904 τῶν
3168 1846 3597 1919 τετολμημένων
3627 1847 3813 1900 άπαι-

502 1964 605 2002 nas
658 1963 689 2002 a
740 1964 800 2003 se
834 1949 1007 2018 repeti
1054 1950 1395 2016 sentiebant,
1448 1961 1564 2006 tum
1616 1951 1764 2007 οἰνος
1794 1967 1965 2006 unum
1994 1952 2101 2007 ali-

500 2055 666 2110 quem
696 2055 954 2105 suorum,
982 2041 1079 2110 qui
1105 2042 1191 2096 vel
1226 2050 1378 2097 sorte
1425 2042 1668 2099 delectus
1713 2053 1850 2107 erat,
1890 2043 1973 2099 vel
2001 2058 2104 2098 suo

502 2128 735 2183 arbitrio
764 2137 931 2199 atque
958 2130 1095 2185 adeo
1124 2138 1320 2201 spente
1354 2145 1413 2185 se
1441 2146 1539 2200 pro
1559 2130 1816 2185 omnibus
1848 2131 1903 2185 in
1940 2131 2102 2186 victi-

503 2236 649 2275 mam
690 2222 886 2277 sistere
915 2238 1119 2293 eosque
1143 2223 1371 2294 expiare
1399 2232 1667 2278 statuerat
1689 2264 1704 2290 ,
1741 2224 1961 2294 agmine
2016 2221 2102 2278 fa-

501 2323 611 2379 cto,
636 2314 920 2385 cingentcs
943 2314 1201 2370 manibus
1224 2330 1351 2371 enm
1384 2322 1628 2385 tangere,
1658 2315 1900 2386 palpare,
1932 2327 1988 2371 et
2006 2315 2103 2369 de-

502 2406 663 2461 linire
708 2407 867 2476 quasi
926 2407 1218 2475 solebant,
1273 2407 1569 2463 dicentes:
1637 2425 1659 2460 ι
1696 2406 1788 2463 Sis
1849 2415 2101 2463 nostrum

498 2496 827 2566 peripsema.
863 2514 883 2547 ι
956 2493 1085 2550 lude
1139 2496 1305 2566 igitur
1364 2495 1573 2551 factum
1626 2505 1832 2563 est,ut
1876 2496 2102 2561 Paulus,

497 2587 595 2656 qui
633 2587 804 2641 multa
827 2602 973 2658 saepe
996 2587 1274 2658 sapienter
1308 2588 1363 2642 in
1402 2589 1729 2659 obsequium
1774 2588 1978 2644 Christi
2010 2602 2102 2643 re-

497 2679 682 2749 degit»,
730 2680 874 2734 idem
939 2694 1049 2735 non
1102 2680 1290 2735 minus
1338 2680 1407 2735 de
1464 2681 1761 2751 pbrasibus
1817 2680 2101 2752 gentilium

501 2768 724 2832 faceret,
748 2784 854 2823 non
881 2769 934 2823 in
955 2778 1223 2840 quantum
1246 2780 1478 2841 comptae
1502 2770 1607 2825 illae
1624 2778 1808 2827 essent
1826 2782 1881 2826 et
1900 2770 2102 2840 jucun-

499 2861 584 2913 ιΙειι
623 2861 852 2924 auditu,
904 2861 999 2916 sed
1046 2861 1099 2916 in
1122 2872 1397 2932 quantum
1440 2862 1509 2917 ad
1546 2878 1661 2917 rem
1700 2871 1850 2918 recte
1888 2860 2103 2931 signiﬁ-

508 2952 741 3006 caudam
773 2962 829 3007 et
857 2954 1357 3023 repraesentandam
1401 2958 1609 3026 optime
1655 2963 1840 3011 essent
1881 2970 2103 3010 accom—

505 3044 764 3100 modatae.
798 3045 1002 3100 Vocem
1033 3046 1218 3117 itaque
1260 3045 1533 3115 ejusmodi
1584 3046 1642 3101 b.
1689 3046 1728 3101 l.
1762 3046 2009 3117 deligens
2033 3045 2103 3101 ad

498 3137 819 3194 Corinthios
850 3139 1047 3195 scribit
1076 3157 1091 3195 :
1134 3158 1154 3193 ι
1189 3138 1453 3196 Omnium
1484 3140 1666 3196 factus
1698 3155 1821 3195 sum
1855 3140 2103 3210 peripse-

2204 1948 2417 2003 τείσθαι
2450 1946 2802 2017 συνῄσθοντο,
2839 1942 3029 2013 ἀθρόοι
3057 1944 3417 2013 περιστάντες
3438 1942 3501 1993 τὸ
3522 1939 3815 2009 ὁμόφυλον

2205 2040 2287 2094 ἑνί
2322 2057 2429 2094 τινι
2455 2036 2657 2104 αὐτῶν,
2688 2037 2747 2101 ὃς
2780 2035 3004 2108 ἔμελλεν
3030 2036 3065 2105 ἢ
3096 2034 3287 2106 κλήρῳ
3311 2031 3653 2103 άφορισθεὶς,
3672 2032 3705 2100 ἢ
3724 2029 3815 2101 τῷ

2203 2128 2475 2201 προθύμῳ
2523 2128 2624 2198 τῆς
2664 2124 2894 2196 γνώμης
2931 2124 3046 2195 (II)
3095 2124 3343 2186 ἑκούσιος
3384 2121 3531 2193 ὑπὲρ
3575 2120 3813 2175 πάντων

2204 2218 2569 2291 προθύεσθαι,
2603 2217 2700 2272 καὶ
2722 2215 3023 2287 καθάρσιον
3066 2213 3247 2267 αὐτῶν
3294 2211 3573 2281 γίνεσθαι,
3604 2209 3812 2264 τοῦτον

2204 2313 2364 2383 χερσὶ
2438 2307 2783 2381 περιψῶντες
2841 2308 2935 2361 καὶ
2992 2303 3370 2377 ὲφαψὼμενοι,
3431 2323 3452 2357 ι
3494 2303 3813 2376 Περίψημα

2204 2404 2387 2476 ἡμῶν,
2408 2402 2616 2471 ἔλεγον,
2662 2399 2849 2471 γενοῦ.
2882 2418 2902 2453 ι
2940 2390 3187 2453 Ἐκεῖθεν
3209 2397 3355 2453 οῦνὸ
3383 2397 3557 2451 πολλὰ
3596 2396 3811 2453 πολλά-

2205 2515 2296 2562 κις
2357 2495 2541 2566 σοφῶς
2598 2492 3016 2566 αἰχμαλωτίσας
3050 2491 3265 2555 Παῦλος
3303 2493 3384 2556 είς
3407 2490 3509 2562 τὴν
3543 2480 3809 2561 ὑπακοὴν

2204 2588 2301 2645 τοῦ
2360 2586 2627 2660 Χριστοῦ,
2660 2586 2814 2641 οὐδὲν
2862 2586 2941 2640 δὲ’
2968 2580 3133 2657 ἦττον
3188 2583 3416 2638 καὶτῶν
3447 2584 3551 2651 ἔξω
3574 2582 3805 2653 φωνῶν,

2204 2682 2304 2753 οὐχ
2329 2681 2431 2751 ὅση
2460 2680 2579 2752 ’(12)
2612 2679 2799 2751 κομψὴ
2854 2678 2951 2732 καὶ
2999 2676 3217 2746 γλῶττα
3255 2677 3353 2731 καὶ
3399 2674 3618 2747 εὖηχος,
3676 2665 3805 2730 άλλ⁵

2204 2777 2307 2847 ὅση
2332 2774 2533 2846 γνησία
2556 2774 2801 2844 σημᾶναι
2829 2770 2927 2826 καὶ
2947 2771 3301 2843 παραστῆσαι
3325 2769 3386 2822 τὸ
3405 2770 3801 2841 προκείμενον.

2205 2867 2321 2921 Καὶ
2335 2866 2437 2940 τὴν
2459 2868 2643 2938 φωνην
2661 2865 2868 2935 ταύτην
2886 2861 3191 2929 συλλαδὼν,
3217 2862 3372 2933 φησι,
3394 2880 3413 2913 ι
3432 2862 3507 2914 Πε
3517 2860 3647 2931 ρίψη
3656 2877 3759 2930 μα,
3778 2878 3799 2910 ι

2206 2960 2346 3031 πρὸς
2383 2957 2707 3031 Κορινθίους
2736 2957 2989 3028 γράφων,
3028 2966 3048 3007 't
3084 2954 3304 3009 πάντων
3335 2952 3624 3023 ἐγενόμην.
3659 2969 3678 3003 ι
3700 2944 3804 3023 Τῷ

2203 3050 2319 3105 δντι
2350 3049 2462 3120 7&9
2500 3049 2581 3113 ὡς
2628 3050 2847 3104 πάντων
2902 3046 3198 3120 περίψημα
3238 3044 3385 3099 οὕτω
3438 3043 3527 3098 διὰ
3587 3044 3803 3108 παντὸς

2208 3142 2449 3213 ἔπασχεν
2503 3140 2601 3196 καὶ
2653 3141 3109 3207 ὲταλαιπωρεῖτο,
3150 3136 3249 3193 καὶ
3293 3138 3408 3200 τοῖς
3433 3136 3627 3200 δεινοῖς
3654 3152 3803 3189 κατ-

498 3246 586 3285 ma
606 3231 674 3288 ³⁸.
715 3250 735 3285 ι
782 3229 920 3289 Vere
973 3234 1153 3301 enim,
1195 3244 1456 3304 tanquam
1506 3234 1735 3290 victima
1801 3232 2099 3303 piacularis

2205 3234 2465 3289 ετείνετο.
2507 3232 2613 3288 Ἐὦ
2638 3232 2830 3289 τᾶλλα.
2856 3232 2968 3287 Καὶ
2989 3230 3099 3302 γὰρ
3125 3230 3367 3302 εὑρίσκω
3409 3228 3593 3299 φωνὴν
3624 3225 3801 3281 αὑτοῦ

496 3322 773 3388 omnium,
804 3326 990 3380 omnia
1029 3327 1404 3381 calamitatum
1450 3341 1650 3397 genera
1680 3326 2008 3390 sustinebat,
2044 3332 2100 3379 et

496 3415 829 3480 vexabatur,
905 3427 961 3472 et
1019 3417 1319 3474 durissima
1388 3433 1620 3489 quaeque
1669 3418 2094 3489 perpetiebatur.

495 3506 651 3563 Mitto
700 3511 832 3563 alia.
884 3509 1107 3564 Invenio
1141 3526 1271 3566 vero
1309 3520 1366 3566 et
1411 3512 1574 3566 aliam
1613 3511 1861 3580 ejusdem
1897 3511 2098 3565 dictio-

497 3612 656 3663 nem,
711 3615 837 3653 cum
885 3601 1101 3655 caeteris
1125 3601 1388 3657 omnibus
1417 3602 1851 3671 comparandam
1887 3616 1902 3654 :
1941 3619 1960 3653 ι
1996 3599 2101 3657 Per

498 3692 888 3760 gloriationem
917 3704 1165 3750 nostram
1212 3697 1265 3750 in
1299 3696 1418 3751 dies
1452 3697 1682 3750 morior.
1721 3714 1740 3748 ι
1789 3694 1951 3751 Vides
1987 3693 2101 3749 ιιιί-

499 3798 632 3852 que,
692 3785 973 3852 quomodo
988 3786 1239 3841 omnium
1267 3786 1432 3841 luerit
1465 3786 1741 3855 piaculum
1772 3796 1825 3842 et
1855 3786 2097 3851 victima,

499 3884 555 3929 et
582 3877 901 3946 peripsema.
926 3876 1118 3948 Neque
1147 3880 1294 3935 enim
1341 3894 1442 3950 pro
1468 3877 1673 3935 Judazis
1721 3879 1899 3935 solum
1951 3879 2097 3934 intra

502 3982 563 4021 se
598 3969 859 4023 urebatur
890 3977 945 4024 et
978 3968 1229 4038 ardebat,
1261 3970 1508 4042 forisque
1560 3970 1770 4027 inﬁnita
1805 3971 1943 4026 mala
1996 3985 2099 4040 pa-

504 4059 773 4126 tiebatur;
811 4077 986 4132 neque
1036 4077 1138 4133 pro
1169 4064 1420 4134 cognatis
1450 4072 1660 4119 tantum
1684 4102 1700 4128 ,
1747 4063 1843 4120 sed
1900 4073 1957 4119 et
1999 4076 2099 4133 pro

504 4149 716 4206 Graecis
742 4161 797 4205 et
820 4152 1094 4217 barbaris,
1115 4154 1486 4224 omnibusque
1508 4152 1734 4208 omnino
1757 4151 2096 4217 hominibus,

505 4258 635 4295 num
666 4259 830 4313 quem
886 4244 1142 4312 fortasse,
1191 4247 1337 4317 quod
1394 4248 1507 4316 ipse
1555 4247 1847 4310 clamabat,
1882 4245 2097 4300 salvare

503 4344 691 4403 posset
711 4334 776 4390 ³⁸.
802 4335 956 4403 Quod
985 4339 1150 4409 igitur
1181 4338 1428 4409 quotidie
1459 4338 1644 4404 ﬁebat,
1673 4338 1725 4393 id
1750 4337 1933 4393 verbis
1959 4352 2097 4407 quo-

503 4441 608 4495 que
636 4430 1071 4495 contestabatur,
1109 4448 1129 4484 ι
1171 4432 1416 4487 omnium
1450 4445 1510 4487 se
1542 4432 1847 4502 peripsema
1885 4429 2093 4485 factum

501 4533 645 4584 csse,
680 4538 698 4571 ι
734 4520 1035 4590 professus.

2202 3328 2418 3383 ἐκείνου
2451 3326 2563 3382 τῶν
2588 3326 2766 3381 ἄλλων
2809 3326 3070 3382 ἁπάντων
3116 3325 3448 3396 ἀντίρροπον
3469 3337 3483 3351 ’
3520 3339 3541 3372 ι
3576 3319 3663 3389 Νὴ
3690 3319 3801 3390 τὴν

2203 3420 2482 3493 ἡμετέραν
2530 3420 2801 3492 καύχησιν
2848 3418 2971 3474 καθ’
3006 3417 3245 3488 ἑκάστην
3292 3414 3509 3487 ἡμέραν
3550 3412 3801 3484 ἀποθνή-

2204 3529 2341 3567 σκω.
2356 3531 2376 3565 ι
2395 3514 2564 3585 Ὀρᾷς
2588 3512 2736 3576 ὅπως
2759 3508 2829 3584 ἦν
2868 3512 3086 3567 πάντων
3104 3507 3534 3582 καθάρσιον,κα¹ί
3567 3506 3797 3577 ἱερεῖον,

2201 3606 2299 3660 καὶ
2340 3624 2361 3657 ι
2390 3606 2704 3677 περίψημα.
2744 3624 2765 3658 ι
2799 3604 2935 3659 Οὐδὲ
2970 3605 3082 3675 γάρ
3106 3603 3249 3673 ὑπὲρ
3301 3599 3577 3654 Ἰουδαίων
3626 3598 3799 3668 μόνον

2201 3694 2567 3767 ὲπυρπολεῖτο
2594 3696 2665 3749 τὰ
2695 3695 2861 3760 ἔνδον,
2892 3696 2986 3749 καὶ
3029 3693 3321 3764 ἐφλέγετο,
3348 3689 3445 3744 καὶ
3488 3689 3559 3742 τὰ
3615 3688 3799 3759 μυρία.

2200 3787 2402 3853 ἔξωθεν
2434 3788 2695 3859 ἔπασχεν.
2718 3784 2844 3843 Οὐδ’
2877 3788 3019 3861 ὑπὲρ
3049 3786 3350 3856 συγγενῶν,
3373 3782 3511 3839 ἀλλὰ
3533 3782 3626 3836 καὶ
3646 3781 3798 3852 ὑπὲρ

2209 3880 2484 3953 Ἐλλήνων
2509 3883 2605 3937 καὶ
2632 3880 2949 3953 βαρόάρων,
2980 3879 3077 3935 καὶ
3103 3880 3324 3933 πάντων
3353 3875 3541 3930 ἁπλῶς
3571 3873 3796 3943 ἀνθρώδ

2199 3988 2342 4039 πων,
2385 3974 2440 4027 ετ
2460 3972 2578 4037 πώς
2606 3990 2749 4039 τινα,
2782 3973 2858 4037 ὡς
2885 3972 3047 4036 αὐτὸς
3084 3970 3235 4036 ὲὸόα,
3270 3966 3548 4023 διασώσει.
3584 3967 3650 4017 '0
3673 3963 3796 4016 τοί-

2202 4081 2296 4119 νυν
2320 4064 2537 4134 ὲγένετο
2565 4063 2691 4119 καθ’
2731 4063 2971 4134 ἑκάστην
3008 4061 3245 4135 ῄμέραν,
3277 4058 3439 4113 τοῦτο
3469 4056 3564 4110 καὶ
3584 4054 3676 4108 διὰ
3690 4052 3794 4106 τοῦ

2198 4158 2360 4226 λόγου
2386 4156 2763 4229 ἀπαγγέλλει,
2786 4158 3008 4215 πάντων
3068 4153 3362 4227 περίψημα
3403 4150 3579 4221 λέγων
3619 4157 3794 4218 γεγε·

2197 4251 2414 4324 νῆσθαι.

572 4606 727 4663 llunc
794 4627 925 4667 vero
985 4613 1349 4685 signiﬁcatum
1406 4614 1588 4670 ﬁrmat
1638 4614 1756 4685 ipsa
1817 4613 2090 4670 sermonis

2274 4613 2496 4669 Βεὸαιοῖ
2520 4611 2580 4669 δὲ
2616 4614 2679 4669 τδ
2701 4613 3069 4688 προκείμενον
3108 4604 3205 4668 τοῦ
3254 4612 3658 4685 σημαινομένου
3690 4610 3793 4667 καὶ

500 4697 692 4751 series.
720 4696 838 4753 Non
865 4700 1035 4766 enim,
1062 4701 1257 4770 inquit,
1290 4702 1645 4773 pndelaciens
1671 4718 1769 4759 vos
1798 4702 1913 4758 bare
1942 4702 2086 4767 dico,

500 4791 602 4845 hoc
648 4800 754 4857 est,
790 4792 907 4846 Non
937 4795 1208 4864 exprobro
1237 4797 1391 4852 vobis
1435 4795 1850 4851 beneﬁcentiam
1887 4810 2086 4863 meam,

497 4898 678 4952 neque
711 4884 973 4941 beneﬁcia
1005 4887 1162 4942 vobis
1206 4887 1475 4943 exhibita.
1507 4888 1651 4954 Quid
1689 4886 1895 4958 igitur?
1928 4895 1989 4940 ut
2020 4885 2087 4941 ﬁ—

496 4973 601 5031 lios
632 4976 858 5033 dilectos
891 4979 1077 5048 potius
1123 4980 1394 5036 admoneo
1412 4980 1478 5033 ³⁷.
1518 4979 1688 5036 Filios
1726 4982 1873 5036 enim
1903 4992 2088 5051 pater-

495 5081 581 5121 na:
613 5067 983 5126 beneﬁcentia:
1039 5073 1357 5129 meminisse
1399 5072 1573 5139 decet,
1622 5074 1916 5143 inprimis,
1960 5088 2090 5129 cum

496 5175 607 5215 non
634 5162 962 5231 simpliciter
996 5173 1127 5219 sunt
1155 5164 1273 5231 ﬁlii,
1322 5166 1416 5221 sed
1444 5165 1610 5221 etiam
1640 5167 1848 5222 dilecti.
1892 5166 2099 5225 Sensus

495 5251 680 5323 itaque
710 5263 840 5309 est:
880 5253 987 5310 Vos
1018 5254 1156 5311 adeo
1192 5256 1326 5311 mihi
1377 5256 1617 5321 vindico,
1669 5267 1836 5328 atque
1886 5258 1963 5315 ita
2006 5275 2100 5313 ve-

495 5341 594 5395 stri
622 5356 812 5397 amore
858 5343 1053 5409 ardeo,
1098 5352 1157 5397 ut
1203 5360 1313 5397 non
1363 5343 1607 5401 dubitem
1654 5348 1952 5417 peripsema
1996 5362 2098 5416 pro

494 5432 649 5488 vobis
678 5432 836 5501 ﬁeri,
886 5441 942 5489 et
984 5434 1040 5489 in
1080 5443 1326 5491 vestrum
1376 5437 1727 5493 commodum
1781 5456 1871 5496 me
1914 5440 2092 5510 ipsum

2198 4705 2233 4777 ή
2263 4705 2406 4760 κατὰ
2438 4707 2573 4760 πόδα
2604 4708 2857 4779 συνέχεια
2899 4707 2996 4761 τοῦ
3045 4705 3233 4779 ῥητοῦ.
3262 4708 3338 4760 Ού
3370 4706 3481 4777 γὰρ
3506 4706 3791 4777 ἐντρέπων

2198 4801 2363 4871 ὑμᾶς,
2401 4803 2557 4873 φησὶ,
2585 4802 2758 4857 ταῦτα
2781 4802 2956 4872 λέγωο
2990 4797 3123 4868 οἷον,
3148 4804 3262 4856 Ούκ
3287 4799 3533 4864 ὀνειδίζω
3564 4800 3664 4872 τὴν
3698 4801 3794 4854 εύ-

2196 4892 2477 4963 εργεσῖαν,
2500 4894 2623 4948 οὐδὲ
2644 4894 2744 4959 τὰς
2772 4895 3033 4966 χάριταςο
3074 4894 3215 4950 ἀλλὰ
3254 4894 3344 4959 τί;
3376 4893 3452 4957 ὼς
3468 4892 3636 4946 τέκνα
3680 4908 3791 4963 μου

2196 4985 2460 5055 ἀγαπητὰ
2488 4985 2749 5041 νουθετῶ.
2780 4988 2873 5039 Δεῖ
2892 4987 3002 5057 γάρ
3035 4986 3103 5040 τὰ
3131 4987 3296 5041 τέκνα
3324 4986 3597 5056 πατρικῆς
3629 4984 3792 5052 εὐερ-

2198 5075 2391 5142 γεσίας
2426 5078 2760 5149 μεμνῆσθαι,
2797 5077 2890 5132 καὶ
2918 5079 3016 5149 οὐχ
3054 5077 3244 5142 άπλῶς
3280 5077 3471 5143 τέκνα,
3500 5074 3637 5131 ἀλλὰ
3689 5075 3792 5130 καὶ

2199 5168 2463 5238 ἀγαπητά
2486 5186 2499 5199 ·
2524 5169 2831 5233 τουτέστιν,
2862 5169 3133 5224 Τοσοῦτον
3160 5167 3471 5237 οίκειοῦμαι
3494 5169 3660 5237 ὑμᾶς,
3690 5169 3790 5220 καὶ

2201 5258 2460 5313 τοσοῦτον
2492 5262 2592 5332 τῆς
2638 5262 2796 5335 ὑμῶν
2830 5264 3053 5335 ἀγάπης
3111 5263 3426 5335 ὲκκαίομαι,
3484 5260 3627 5315 ὥστε
3689 5259 3791 5313 καὶ

2194 5352 2509 5421 περίψημα
2564 5354 2720 5426 ὑμῶν
2768 5356 2829 5409 ού
2886 5356 3262 5428 παραιτοῦμαι
3324 5354 3597 5424 γίνεσθαι,
3634 5351 3785 5422 θῦμα

2195 5443 2290 5497 καί¹
2314 5444 2510 5516 ἱερεῖον
2535 5447 2631 5500 καὶ
2658 5447 2956 5519 καθάρσιον
3006 5446 3377 5522 προσάγεσθαι
3421 5447 3564 5522 ὑπὲρ
3604 5445 3785 5518 ὑμῶν.

558 5591 607 5627 ⁸⁸
645 5591 857 5649 lchtr.
889 5610 929 5660 ι,
976 5594 1063 5651 I9.
1141 5594 1186 5628 ³⁵
1241 5594 1260 5650 ι
1316 5595 1447 5652 Cor.
1495 5612 1586 5664 xv,
1620 5596 1712 5655 3i.
1792 5594 1889 5649 "I
1938 5596 2065 5654 Cor.

2227 5598 2318 5655 22.
2399 5601 2441 5632 ³⁷
2477 5602 2493 5657 l
2528 5602 2654 5660 Cor.
2686 5619 2758 5674 tv,
2802 5588 2888 5661 I4.

2009 5723 2237 5789 NOTIE.

564 5809 615 5931 §l
634 5808 682 5878 Ι)
709 5805 935 5894 γνώμης
962 5821 1027 5862 ex
1048 5806 1215 5892 -Colb.
1243 5823 1345 5878 pro
1361 5804 1653 5894 γνώσεως.

596 5880 681 5931 l2)
715 5880 792 5931 hx
814 5876 1005 5931 eodem
1037 5895 1178 5931 ωση.
1220 5894 1320 5931 nro
1340 5895 1422 5931 ως
1460 5879 1515 5931 ἡ.
1554 5885 1608 5931 et
1647 5894 1653 5931 l

574 5934 583 5945 ι

596 5876 681 5940 l2)
715 5876 792 5935 Ex
814 5876 1005 5934 eodem
1037 5877 1178 5950 ὤση,
1220 5876 1320 5950 pro
1340 5879 1422 5941 ὡς
1460 5879 1516 5949 ἡ,
1554 5885 1608 5932 et
1647 5891 1774 5935 mox
1812 5876 1928 5933 ἀλλ’
1957 5877 2081 5949 ὅση,

2204 5892 2227 5932 ί)
2248 5876 2485 5933 άλλόσει.

3702 400 3832 469 73?.

3824 4404 3839 4448 ί
