4072 6434
260 418 370 480 733

1199 414 1301 474 AD
1343 411 1937 473 AMPIIILOCHIUM
1962 411 2310 484 QUIESTIO
2333 412 2658 475 CXXXIII.

3452 424 3560 489 734

258 534 372 584 Kal
394 530 460 599 δὴ
493 529 588 582 καὶ
610 528 644 599 ἡ
671 523 905 598 ὀρθότης
926 522 1027 595 τῆς
1053 524 1111 578 ἐν
1139 522 1218 593 τῷ
1238 522 1383 595 λόγῳ
1411 523 1690 594 συνθήκης
1717 522 1840 593 πρὸς

1961 520 2136 576 instar
2162 520 2420 576 sacrificii
2471 531 2527 576 et
2557 521 2792 577 victimae
2838 521 3137 594 piacularis
3169 526 3389 586 oﬁ'erre.
3438 529 3559 602 Ipsa

252 619 416 674 τοῦτο
441 617 645 691 μᾶλλον
676 616 835 687 ρέπει
868 615 968 685 τῆς
996 613 1239 685 φωνῆςῆ
1265 614 1402 685 πρὸς
1445 614 1508 667 τὸ
1556 613 1722 684 ῥηθὲν
1757 612 1857 684 τὴν

255 714 458 786 ἀρχὴν,
487 713 613 766 ἐπεὶ
656 711 720 765 τὸ
769 709 869 781 μὲν
910 707 1264 780 ἠτιμωμένον
1322 709 1419 762 καὶ
1469 705 1857 762 κατάπτυστον

254 807 395 860 πᾶσι
461 805 662 877 μᾶλλον
728 801 1047 857 ἀποδίδοται
1112 801 1260 856 κατὰ
1301 800 1402 873 τὴν
1439 799 1714 864 σύνταξιν,
1740 796 1857 852 ἀλλ’

255 898 381 968 οὐχὶ
406 898 655 951 πάντων.
700 895 761 948 '0
793 894 850 948 δέ
876 893 1043 964 σοφὸς
1065 892 1165 947 καὶ
1191 893 1481 957 θεσπέσιος
1509 891 1729 956 Παῦλος
1764 891 1854 956 οὐ,

257 990 557 1059 Περίψημα
588 985 700 1058 (l3)
734 988 907 1041 πᾶσιν
947 984 1243 1058 ἐγενόμην,
1288 985 1478 1057 φησὶν,
1520 984 1680 1053 ἀλλὰ,
1703 982 1858 1038 πάν·-

256 1096 397 1134 των.
427 1079 503 1132 Of:
526 1077 656 1150 μὴν,
680 1075 820 1131 ἀλλὰ
836 1077 934 1133 καὶ
957 1077 1019 1131 τὸ
1057 1075 1473 1149 προηγούμενον
1517 1074 1718 1147 χωρίον
1754 1074 1855 1145 τῆς

255 1169 457 1235 λέξεως
492 1171 559 1241 τῇ
588 1167 806 1241 διανοίᾳ
831 1167 1008 1241 ταύτῃ
1037 1167 1476 1241 συμφθέγγεται.
1512 1166 1699 1221 Εἰπὼν
1720 1167 1851 1238 γάρ,

260 1281 280 1315 ι
308 1261 738 1333 Δοιδορούμενοι
771 1259 1136 1332 εὐλογοῦμεν,
1162 1260 1487 1332 διωκόμενοι
1521 1258 1853 1331 ἀνεχόμεθα,

253 1352 745 1424 βλασφημούμενοι
805 1350 1261 1424 παρακαλοῦμεν,
1298 1370 1318 1404 ι
1355 1352 1670 1421 ἐπήγαγενο
1710 1368 1730 1402 ι
1764 1350 1855 1412 Ὠς

251 1445 726 1517 περικαθάρματα
783 1444 881 1498 τοῦ
935 1444 1145 1516 κόσμου
1201 1443 1582 1514 ἐγενήθημεν,
1634 1441 1854 1495 πάντων

251 1538 550 1609 περίψημα
577 1537 688 1601 ἕως
713 1537 839 1609 ἄρτι
862 1553 874 1566 ·
909 1555 930 1589 ι
962 1536 1232 1601 τουτέστι,
1253 1536 1320 1589 Τί
1360 1534 1443 1588 δεῖ
1469 1533 1592 1588 καθ’
1621 1533 1852 1586 ἕκαστον

248 1629 383 1692 τοὺς
450 1628 648 1692 πόνους
692 1625 1155 1697 άπαριθμεῖσθαι,
1206 1624 1303 1679 καὶ
1342 1624 1445 1688 τὰς
1486 1622 1717 1693 θλίψεις,
1751 1619 1851 1675 καὶ

247 1721 381 1783 τοὺς
419 1719 664 1789 ἀγῶνας,
694 1718 789 1783 οὒς
817 1718 959 1791 ὑπὲρ
981 1719 1081 1789 τῆς
1127 1717 1402 1789 ὑμετέρας
1446 1716 1722 1785 σωτηρίας
1748 1714 1850 1783 ὑφ-

249 1809 530 1881 ίσταμαιά
552 1811 640 1863 Ἐν
673 1808 952 1878 κεφαλαίῳ
980 1809 1168 1879 φάναι,
1200 1828 1221 1862 ι
1262 1808 1351 1872 Ὠς
1382 1805 1846 1878 περικαθάρματα

1959 626 2127 682 porro
2158 627 2357 667 vocum
2386 622 2665 668 Structura
2696 613 2766 668 ad
2804 614 2952 672 hunc
2975 619 3163 688 potius
3189 620 3560 690 signiﬁcatum

1958 705 2296 768 tenendum,
2335 720 2502 775 quam
2537 706 2688 760 illum
2713 744 2729 771 ,
2760 707 2829 762 de
2860 723 2972 778 quo
3020 710 3199 779 primo
3250 713 3373 767 loco
3415 714 3562 769 dixi-

1958 811 2105 861 mus,
2139 796 2379 853 adducit.
2414 796 2471 851 Si
2504 798 2651 852 enim
2692 808 3067 871 contemptum
3099 803 3307 874 aliquid
3340 815 3396 861 et
3427 808 3562 862 abo-

1956 890 2282 945 minandum
2324 888 2647 958 inferretur,
2679 901 2961 948 structura
2994 910 3189 951 vocum
3233 899 3429 954 idonea
3462 916 3561 955 vo—

1956 997 2078 1039 cem
2108 985 2246 1037 πᾶσι
2279 982 2569 1056 (omnibus)
2604 986 2791 1051 potius
2822 1002 2991 1058 quam
3026 992 3245 1044 πάντων
3272 992 3556 1063 (omnium)

1955 1076 2285 1147 requireret.
2309 1074 2432 1131 Jam
2460 1093 2591 1133 vero
2631 1080 2852 1150 sapiens
2880 1088 2936 1135 et
2965 1081 3188 1139 divinus
3212 1083 3416 1140 Paulus
3445 1100 3556 1139 non

1955 1168 2075 1222 ait:
2108 1166 2427 1240 Peripsema
2477 1169 2721 1224 omnibus
2764 1170 2945 1228 factus
2975 1188 3134 1239 sum,
3165 1174 3260 1230 sed
3295 1178 3553 1231 omnium.

1957 1260 2077 1317 lmo
2105 1276 2238 1317 vero
2268 1272 2323 1318 et
2362 1276 2450 1329 ea,
2478 1277 2599 1333 quae
2639 1263 2784 1319 hanc
2812 1264 3042 1335 phrasin
3075 1269 3179 1323 hoc
3210 1267 3332 1322 loco
3367 1270 3558 1338 proxi-

1956 1369 2046 1411 me
2078 1356 2436 1424 antecedunt,
2473 1358 2663 1413 sensui
2700 1357 2827 1413 huic
2860 1358 3225 1414 veliﬁcantur.
3256 1359 3555 1430 Postquam

1953 1446 2103 1501 enim
2131 1445 2397 1501 dixerat:
2443 1464 2464 1499 ‹
2504 1446 2783 1504 Conviciis
2827 1448 3006 1503 atl‘ecti
3040 1448 3180 1503 bene
3227 1464 3553 1520 precamur,

1949 1541 2133 1596 vexati
2176 1541 2538 1605 sustinemus,
2591 1540 2841 1595 infamati
2889 1556 3207 1611 precamur,
3242 1560 3261 1593 ι
3315 1542 3553 1613 subjun-

1950 1636 2026 1706 git
2068 1652 2082 1688 :
2118 1653 2137 1687 ι
2176 1632 2332 1690 Facti
2376 1649 2569 1689 sumus
2602 1641 2662 1688 ut
2710 1643 3071 1705 purgamenta
3121 1634 3351 1700 mundi,
3401 1645 3456 1691 et
3493 1645 3557 1690 ut

1947 1725 2198 1782 omnium
2227 1726 2420 1783 sordes
2448 1741 2622 1795 usque
2652 1725 2843 1791 huc",
2884 1744 2903 1777 ι
2933 1726 3040 1781 hoc
3065 1736 3171 1790 est,
3197 1726 3336 1793 Quid
3389 1728 3558 1782 mole-

1947 1820 2083 1876 stias
2114 1833 2309 1874 omnes
2340 1817 2753 1886 etpalamitates
2782 1826 2837 1872 et
2865 1818 3064 1884 luctas,
3098 1834 3236 1887 quas
3266 1834 3367 1887 pro
3394 1820 3555 1875 vobis

246 1900 602 1972 ἐγενήθημεν
620 1901 715 1955 τοῦ
739 1902 969 1972 κόσμου,
992 1900 1214 1954 πάντων
1232 1900 1521 1973 περίψημα
1535 1901 1639 1962 ἓως
1650 1899 1795 1970 ἄρτι.
1822 1915 1840 1950 ι

1953 1910 2266 1978 exantlavi,
2304 1910 2581 1982 sigillatim
2627 1925 2891 1965 enarrare
2934 1910 3163 1990 attinet?
3220 1910 3551 1966 Summatim

247 1996 361 2048 Καὶ
378 1995 487 2064 γὰρ
512 1996 608 2047 καὶ
626 1995 686 2047 τὸ
710 1992 1233 2065 ιπερικαθάρματα»
1262 1990 1458 2064 ῥηθείη
1488 1989 1589 2061 μὲν
1603 1990 1671 2043 ἂν
1705 1987 1848 2043 κατὰ

246 2087 348 2141 τοῦ
377 2086 776 2156 ἐϐδελυγμένου
802 2088 899 2141 καὶ
940 2083 1181 2155 φευκτοῦ
1202 2126 1218 2152 ,
1261 2082 1463 2155 μᾶλλον
1494 2082 1539 2135 δ’
1583 2081 1847 2153 ἁρμόσειε

247 2180 373 2235 νυνὶ
409 2179 479 2232 τὰ
518 2178 795 2250 καθάρσια
829 2177 925 2232 καὶ
955 2177 1026 2232 τά
1056 2176 1347 2247 ίλαστήρια
1378 2174 1618 2245 θύματα,
1646 2172 1683 2227 ἃ
1704 2172 1846 2243 ὑπὲρ

246 2270 431 2324 ἄλλων
459 2269 647 2323 εἴωθεν
683 2268 935 2337 θύεσθαι,
989 2268 1290 2341 παριστᾷν.
1344 2260 1495 2337 Πλὴν
1557 2266 1681 2318 ἐπεὶ
1721 2261 1846 2335 μηδ’

244 2363 443 2434 ἕτερον
500 2361 596 2415 τοῦ
644 2359 1053 2432 σημαινομένου
1114 2362 1183 2432 τῇ
1234 2357 1467 2429 ἀληθείᾳ
1495 2355 1843 2427 λυμαίνεται,

243 2456 500 2519 ἕκαστος,
539 2447 583 2521 ᾧ
631 2453 835 2525 μᾶλλον
886 2451 1091 2523 χαίρει,
1136 2449 1298 2504 τοῦτο
1349 2448 1447 2503 καὶ
1478 2446 1749 2520 αἱρεῖσθαι
1780 2446 1842 2498 ού

250 2546 699 2600 κεκώλυται.¹Ἀν
730 2562 791 2597 τε
818 2543 927 2615 γὰρ
959 2543 1036 2607 ὡς
1063 2544 1260 2614 ἱερεῖον
1284 2543 1312 2596 ό
1335 2539 1547 2605 Παῦλος
1565 2538 1706 2611 ὑπὲρ
1735 2536 1845 2592 τῶν

245 2638 515 2709 μαθητῶν
549 2638 762 2703 ἐθύετο,
794 2637 887 2690 τὸν
907 2636 1190 2707 Δεσπότην
1238 2635 1495 2705 ἐμιμεῖτο
1545 2632 1643 2687 καὶ
1693 2631 1845 2685 διδά-

243 2732 469 2796 σκαλον,
500 2730 567 2785 άν
617 2749 678 2785 τε
733 2730 1006 2785 διδάσκων
1029 2728 1127 2783 καὶ
1152 2726 1469 2800 παραινῶν,
1529 2726 1625 2780 καὶΙ
1666 2729 1845 2780 πάντα

241 2829 391 2899 ὑπὲρ
418 2832 518 2901 τῆς
539 2828 721 2883 αὐτῶν
746 2825 1024 2899 σωτηρίας
1044 2822 1602 2899 πραγματευόμενος,
1627 2821 1704 2886 ὡς
1730 2821 1847 2875 άτι-

242 2940 351 2996 μος
383 2924 478 2977 καὶ
528 2918 923 2991 ἐϐδελυγμένος
983 2918 1304 2989 ἐνομίζετο,
1340 2915 1480 2987 πρὸς
1528 2915 1621 2969 τὸν
1677 2912 1843 2967 αὐτὸν

236 3018 469 3090 ἀφορῶν
490 3017 793 3086 Δεσπότην,
837 3015 1001 3070 πάλιν
1036 3012 1213 3069 ταῦτα
1257 3011 1552 3082 ἐπάσχετο,
1581 3009 1642 3073 ὃς
1669 3008 1842 3062 λοιδο-

246 3110 519 3183 ρούμενος
542 3110 638 3165 καὶ
669 3110 1053 3181 ὑϐριζόμενος,
1094 3108 1190 3163 καὶ
1218 3109 1329 3162 πᾶν
1372 3099 1516 3169 εἶδος
1548 3102 1841 3173 ὑπομένων

240 3201 452 3274 χλεύης
499 3203 601 3274 τῆς
648 3202 760 3257 τῶν
807 3200 1146 3273 ὑϐριζόντων
1177 3200 1273 3253 καὶ
1310 3196 1840 3270 προπηλακιζόντων

241 3296 525 3368 σωτηρίας
548 3297 646 3351 καὶ
672 3295 934 3366 προνοίας
954 3288 1056 3347 οὐκ
1087 3292 1379 3364 ἀφίστατο.

1949 2002 2159 2067 dicam,
2218 2020 2237 2054 ι
2277 2000 2346 2056 Ut
2385 2010 2747 2072 purgamenta
2791 2002 2983 2056 mundi
3027 2001 3153 2057 facti
3212 2018 3443 2070 sumus,
3492 2012 3555 2059 nt

1949 2095 2145 2151 sordes
2185 2094 2433 2150 omnium
2474 2110 2652 2165 usque
2691 2095 2822 2149 huc.
2876 2114 2894 2147 ι
2934 2092 3201 2161 Quamvis
3251 2096 3399 2150 enim
3443 2112 3551 2152 vox

1948 2181 2418 2254 περικαθάρματα
2477 2182 2643 2237 etiam
2691 2182 2762 2238 de
2809 2181 3032 2237 homine
3079 2181 3451 2238 abominanda
3495 2194 3554 2240 et

1948 2276 2211 2344 fugiendo
2235 2274 2485 2331 adhiberi
2509 2274 2707 2345 possit,
2736 2270 3050 2330 hoc'tamen
3067 2274 3189 2329 loco
3216 2276 3550 2331 convenien-

1948 2369 2059 2424 tins
2091 2367 2278 2431 fuerit,
2309 2383 2431 2423 eam
2480 2368 2549 2424 de
2595 2366 2834 2423 victimis
2867 2367 3265 2437 piacularibus,
3318 2383 3443 2438 qua:
3492 2368 3548 2423 in

1946 2460 2182 2515 aliorum
2212 2460 2445 2515 salutem
2485 2459 2673 2515 offerri
2706 2467 3130 2526 consueverant,
3173 2460 3547 2531 interpretari.

1947 2550 2219 2618 Quoniam
2262 2559 2445 2606 autem
2477 2558 2672 2607 neuter
2722 2551 3065 2622 signiﬁcatus
3114 2567 3244 2607 vero
3284 2552 3549 2607 adversa-

1946 2652 2059 2710 tur,
2085 2659 2208 2698 eum
2241 2644 2477 2713 quisque
2520 2643 2721 2715 eligere
2746 2645 2970 2714 poterit,
3007 2643 3103 2715 qui
3138 2646 3373 2698 maxime
3403 2645 3549 2699 arri-

1945 2733 2089 2789 deat.
2126 2731 2253 2788 Sive
2278 2734 2426 2789 enim
2459 2734 2631 2790 inStar
2660 2734 2896 2791 victima:
2928 2735 3224 2804 piacularis
3253 2750 3352 2805 pro
3383 2736 3550 2789 disci-

1944 2824 2090 2895 pulis
2126 2823 2460 2879 oﬁerebatur
2490 2823 2696 2881 Paulus
2719 2861 2735 2890 ,
2784 2824 3079 2881 Dominum
3131 2836 3186 2881 et
3220 2827 3547 2897 magistrum

1946 2916 2138 2986 utique
2175 2916 2537 2985 imitabatur;
2577 2917 2694 2973 sive
2722 2922 2930 2974 docens
2974 2917 3092 2989 ipse
3130 2926 3185 2973 et
3217 2918 3547 2983 admonens,

1942 3010 2238 3079 omniaque
2287 3026 2405 3081 pro
2438 3011 2617 3067 salute
2667 3026 2862 3067 eorum
2912 3011 3156 3081 faciens,
3186 3014 3545 3084 contemptim

1942 3102 2249 3158 habebatur
2287 3111 2343 3159 et
2393 3104 2607 3160 invisus
2646 3113 2793 3172 erat,
2836 3106 3000 3160 etiam
3047 3106 3155 3161 hoc
3178 3104 3258 3161 ad
3288 3106 3544 3161 eumdem

1944 3192 2239 3247 Dominum
2271 3193 2596 3263 respiciens,
2637 3193 3068 3264 perpetiebatur.
3105 3193 3199 3250 Ille
3227 3194 3375 3250 enim
3406 3210 3545 3249 con-

1861 3275 1906 3334 C
1937 3283 2099 3340 viciis
2132 3291 2188 3338 et
2230 3283 2449 3353 injuriis
2491 3294 2790 3350 oneratus,
2842 3300 3118 3356 omneque
3171 3286 3541 3341 ludibriorum

237 3403 421 3460 genus
448 3403 787 3460 perpessus"
820 3388 1111 3445 hominum
1172 3385 1508 3460 injuriorum
1566 3383 1898 3458 probrisque
1934 3377 2324 3437 insectantium
2387 3378 2553 3435 saluti
2625 3386 2682 3435 et
2714 3379 3019 3437 commodis
3065 3380 3383 3452 prospicere
3427 3394 3541 3440 non

234 3480 552 3539 desinebat.

327 3574 469 3628 Ἀλλ’
502 3575 582 3638 είς
610 3571 804 3645 καιρὸν
832 3571 945 3643 ἄρα
984 3571 1087 3642 τῆς
1126 3570 1348 3643 μνήμης
1398 3567 1671 3641 προῆλθεν
1710 3565 1831 3631 καὶ,

232 3669 267 3722 ὃ
298 3667 464 3722 πάλαι
491 3665 865 3737 διηρώτησας,
891 3663 945 3718 τί
965 3680 1101 3718 ποτε
1124 3662 1278 3732 δηλοῖ
1304 3662 1366 3716 τὸ
1391 3663 1449 3716 ἐν
1477 3660 1555 3732 τῷ
1579 3659 1833 3728 Εὐαγγέ-

232 3761 345 3831 λίῳ
376 3759 570 3831 ῥηθέν·
605 3778 623 3811 ι
652 3758 765 3812 Καὶ
792 3757 1126 3826 ἐκολάφισαν
1156 3756 1339 3811 αὐτόν.
1374 3774 1395 3808 ι
1427 3753 1603 3808 Τοῦτο
1625 3752 1685 3806 δέ
1714 3768 1801 3805 κοι

234 3855 463 3924 νότερον
492 3852 591 3923 μὲν
618 3851 704 3918 τὸ,
733 3849 1049 3915 ἐνέπαιξαν,
1078 3846 1355 3921 σημαίνει.
1374 3845 1606 3909 Παιδιᾶς
1619 3844 1678 3900 δὲ
1694 3838 1831 3912 εἶδός

233 3948 363 3998 ἐστι
401 3941 463 3995 τὸ
493 3939 835 4010 κολαφίζειν,
869 3936 1267 4010 μεταϐαλόντος
1297 3933 1393 3989 τοῦ
1435 3933 1615 3997 ἔθους,
1643 3929 1834 4001 ὥσπερ

232 4034 341 4091 καὶ
370 4035 457 4088 ἐπ’
489 4033 667 4088 ἄλλων
696 4030 937 4097 πολλῶν,
962 4029 1087 4095 τὸβ
1128 4029 1211 4092 είς
1239 4027 1300 4082 τὸ
1319 4044 1364 4097 φ
1389 4040 1404 4058 ⁸
1436 4027 1472 4099 ἡ
1504 4024 1614 4097 γάρ
1654 4024 1835 4077 ’Δττι-

230 4128 474 4193 κίζουσα
533 4124 759 4195 γλῶσσα
804 4122 895 4177 διὰ
929 4121 1024 4175 τοῦ
1061 4120 1110 4186 ,ϐ
1136 4118 1338 4192 μᾶλλον
1384 4116 1483 4190 τὴν
1522 4112 1669 4181 λέξιν
1700 4130 1834 4184 προ-

232 4221 426 4292 φέρει.
447 4218 640 4272 Τοίνυν
674 4214 958 4287 μιαιφόνον
975 4212 1073 4267 καὶ
1095 4211 1390 4282 ἀχάριστον
1414 4206 1525 4262 τῶν
1560 4204 1833 4259 Ἰουδαίων

230 4314 395 4376 ἔθνος
418 4311 511 4365 ἐπὶ
537 4310 793 4363 τοσοῦτον
823 4307 905 4371 είς
937 4305 1029 4360 τὸν
1053 4302 1355 4375 εὐεργέτην
1382 4303 1496 4366 τοῖς
1524 4299 1716 4371 θυμοῖς
1738 4298 1834 4352 άνι-

228 4407 520 4479 ηρέθιστο,
554 4404 631 4468 ὡς
656 4402 734 4474 μὴ
776 4403 940 4474 μόνον
968 4402 1160 4473 χεῖρας
1187 4396 1340 4469 αὐτῷ
1370 4394 1587 4467 σφαγῆς
1614 4391 1833 4448 ἀνατεί-

230 4516 378 4563 νειν,
408 4498 525 4552 ἀλλ’
557 4499 607 4551 εί
638 4497 732 4551 καί
754 4512 805 4549 τι
833 4495 972 4558 ὅλως
1000 4493 1201 4556 αὐτοὺς
1232 4490 1475 4545 διαλάθοι
1508 4487 1708 4559 χλεύης
1734 4484 1832 4540 καὶ

235 4586 635 4662 μυκτηρισμοῦ
668 4588 763 4642 καὶ
797 4583 1108 4655 ἀσελγείας,
1138 4582 1168 4637 δ
1206 4583 1282 4655 μὴ
1317 4580 1623 4654 ἐντρίψειεν
1655 4576 1829 4650 αύτῷ,

228 4682 392 4737 οὐδὲν
424 4680 658 4751 ἡγοῦντο
673 4676 1024 4749 κατορθῶσαι
1045 4674 1211 4747 μέγα.
1241 4672 1400 4729 Οὕτω
1424 4673 1520 4727 καὶ
1536 4672 1628 4725 τὸν
1657 4671 1831 4725 ἀκάν-

228 4774 384 4826 θινον
443 4769 731 4838 στέφανον,
776 4768 872 4821 καὶ
907 4766 999 4821 τὸν
1038 4765 1310 4836 κάλαμον,
1349 4763 1449 4817 καὶ¹
1479 4764 1573 4816 τὸν
1602 4760 1830 4833 βασιλέα

2006 3560 2373 3618 Commodum
2404 3561 2495 3618 hic
2517 3560 2574 3616 in
2607 3571 2847 3617 mentem
2875 3562 3028 3618 venit
3062 3563 3341 3621 recordari
3366 3566 3539 3636 illius,

1935 3655 2082 3727 quod
2115 3654 2245 3711 olim
2274 3670 2343 3710 ex
2379 3669 2469 3709 me
2496 3655 2822 3725 quaesivisti,
2855 3655 2990 3726 quid
3037 3672 3234 3727 nempe
3269 3658 3375 3714 sibi
3412 3660 3543 3714 velit

1936 3746 2091 3812 illud,
2126 3745 2273 3817 quod
2311 3745 2367 3801 in
2394 3744 2694 3817 Evangelio
2716 3746 2963 3802 dicitur:
3006 3763 3027 3799 ι
3061 3746 3129 3803 Et
3164 3748 3425 3819 colaphos
3458 3750 3541 3806 illi

1935 3838 2369 3912 impegerunt”.
2409 3858 2428 3892 ι
2463 3838 2612 3903 Idem
2646 3839 2861 3895 scilicet
2903 3848 3011 3907 est,
3047 3840 3192 3911 quod
3228 3845 3541 3899 communi-

1938 3938 2024 3984 ter
2049 3945 2148 4000 per
2175 3927 2468 3996 ἐνέπαιξαν
2496 3928 2828 4000 exprimitur
2858 3946 2875 3985 :
2911 3930 3132 3986 ludibrii
3184 3933 3330 3988 enim
3364 3950 3541 4006 genus

1936 4027 2021 4075 est
2051 4018 2388 4087 κολαφίζειν,
2422 4026 2636 4073 mutato
2681 4018 2892 4073 scilicet
2923 4033 3018 4087 per
3055 4020 3536 4087 consuetudinem,

1936 4108 2085 4181 quod
2129 4116 2186 4164 et
2245 4106 2497 4178 plurimis
2542 4106 2769 4162 vocibus
2810 4106 2936 4162 aliis
2991 4123 3095 4163 usu
3146 4110 3327 4174 venit,
3368 4111 3448 4183 τῷ
3503 4113 3538 4182 β

1935 4201 1991 4257 in
2049 4217 2109 4270 φ.
2175 4198 2354 4256 Attica
2415 4198 2564 4255 enim
2623 4198 2892 4256 dialectus
2959 4199 3185 4256 verbum
3243 4202 3376 4258 illud
3436 4220 3536 4275 per

1936 4293 1968 4364 β
1998 4292 2308 4364 exprimere
2337 4300 2508 4348 amat.
2541 4289 2977 4363 Sanguinolenta
3028 4291 3215 4364 itaque
3242 4302 3296 4349 et
3346 4294 3535 4367 ingra-

1936 4383 2488 4441 tissimaJudaeorum
2519 4398 2652 4454 gens
2676 4381 2730 4437 in
2759 4381 3167 4439 benefactorem
3200 4399 3361 4440 suum
3393 4386 3533 4441 adeo

1933 4477 2268 4549 impotenter
2291 4475 2591 4544 ferebatur,
2614 4484 2673 4532 ut
2702 4490 2814 4531 non
2838 4476 3017 4532 solum
3050 4478 3392 4536 truculentas
3414 4496 3527 4535 ma-

1933 4586 2041 4627 nus
2083 4569 2161 4625 illi
2208 4568 2491 4637 injiceret,
2539 4566 2637 4625 sed
2670 4568 2715 4624 si
2762 4567 2894 4639 quid
2924 4568 3178 4637 ludibrii,
3220 4570 3531 4627 subsanna-

1933 4664 2103 4721 tionis
2128 4671 2185 4719 et
2213 4662 2568 4734 procacitatis
2591 4662 2869 4733 reliquum
2899 4663 3163 4720 adversus
3190 4663 3341 4719 illum
3366 4663 3529 4721 fecis-

1932 4768 2036 4823 sct,
2071 4754 2232 4823 nihil,
2256 4754 2404 4826 quod
2431 4754 2615 4827 magni
2645 4765 2794 4811 esset
2830 4756 3120 4822 momenti,
3147 4755 3440 4826 perfecisse
3469 4774 3532 4812 sc

230 4863 332 4919 καὶ
355 4862 425 4916 τά
453 4860 687 4916 τοιαῦτα
714 4856 1012 4921 ἐνέπαιζον
1039 4855 1211 4928 αύτῷ.
1244 4856 1357 4910 Καὶ
1397 4854 1493 4909 νῦν
1515 4852 1574 4908 δέ
1604 4871 1771 4924 φησιν
1794 4855 1825 4907 ό

1942 4849 2271 4920 opinaretur.
2324 4846 2401 4903 Ita
2440 4856 2496 4903 et
2541 4862 2744 4903 corona
2790 4849 2981 4918 spinea
3026 4858 3082 4903 ct
3129 4849 3399 4905 arundine
3437 4865 3529 4904 rc-

234 4956 340 5025 μέν
373 4954 578 5023 ὑψηλὸς
602 4953 697 5008 καὶ
727 4951 906 5021 μέγας
939 4950 1197 5021 Ἰωάννης
1220 4990 1236 5016 ,
1273 4948 1464 5020 ὥσπερ
1519 4947 1826 5019 ἐπιτρέχων

228 5046 335 5117 τὴν
355 5045 532 5115 ὓϐριν,
562 5042 942 5114 Καζέδίδουν
960 5040 1123 5108 αὐτῷ
1153 5040 1531 5111 ῥαπίσματα.
1568 5040 1627 5094 '0
1650 5038 1707 5093 δὲ
1736 5038 1826 5094 θε-

234 5137 460 5200 σπέσιος
499 5137 726 5205 Μάρκος
778 5136 873 5190 καὶ¹
926 5135 1208 5199 Ματθαῖος
1246 5134 1447 5207 (μικρά
1495 5134 1605 5207 γὰρ
1650 5135 1685 5205 ἠ
1714 5132 1826 5187 τῶν

233 5226 503 5299 ῥημάτων
536 5226 887 5297 παραλλαγὴ)
920 5226 1022 5280 καὶ
1061 5225 1123 5279 τὸ
1152 5226 1325 5297 ὄνομα
1356 5225 1457 5296 τῆς
1482 5223 1695 5296 ὕϐρεως
1728 5223 1822 5277 λέ-

227 5334 447 5389 γουσιν,
475 5315 571 5369 καὶ
597 5316 693 5388 τὴν
720 5316 819 5389 τῆς
850 5315 1067 5388 ὕϐρεως
1113 5315 1338 5387 πρᾶξιντ
1382 5334 1402 5368 ι
1453 5314 1819 5384 Ἐκολάφισαν

226 5413 342 5484 γάρ
392 5408 577 5477 αὑτὸν,
637 5411 734 5465 καὶ
765 5407 1005 5481 ἤρξαντο
1059 5407 1493 5480 περικαλύπτειν
1551 5407 1720 5462 αὑτοῦ
1756 5407 1820 5462 τὸ

1932 4945 2126 5016 gisque
2152 4942 2516 5015 appellatione
2553 4951 2607 4998 et
2642 4942 2917 4999 similibus
2943 4942 2991 4999 ei
3030 4941 3351 4998 illudebant.
3403 4941 3529 4998 Jam

1930 5050 2062 5092 vero
2094 5034 2347 5091 sublimis
2393 5041 2448 5088 et
2496 5047 2729 5104 magnus
2758 5030 3084 5101 Joannes“,
3129 5034 3326 5088 factam
3377 5034 3527 5104 inju-

1928 5128 2069 5183 riam
2102 5126 2423 5183 summatim
2456 5125 2849 5197 complexurus
2871 5165 2887 5190 ,
2921 5124 3058 5181 dixit
3091 5143 3106 5181 :
3150 5125 3218 5178 Et
3265 5126 3526 5180 dederant

1928 5220 2014 5275 illi
2048 5220 2276 5290 alapas;
2326 5216 2440 5273 divi
2494 5226 2678 5274 autem
2714 5217 2994 5274 MarcusM
3050 5227 3103 5274 et
3150 5216 3436 5273 Mattlneus
3455 5217 3523 5284 δ’,

1928 5313 2147 5385 (exigua
2168 5312 2316 5367 enim
2341 5321 2427 5368 est
2448 5326 2667 5377 vocum,
2693 5311 2896 5382 quibus
2919 5322 3169 5377 utuntur,
3195 5312 3525 5383 differentia)

1927 5412 1983 5462 ct
2007 5404 2291 5477 proprium
2324 5404 2544 5476 injuriae
2567 5404 2733 5475 hujus
2759 5418 2981 5471 nomen,
3012 5416 3067 5460 et
3100 5404 3277 5476 ipsum
3307 5405 3526 5475 injuriae

300 5591 348 5627 ⁸⁸
395 5589 417 5647 ι
458 5592 589 5652 Cor.
625 5597 715 5661 iv,
767 5591 857 5650 12.
935 5592 980 5626 "
1024 5590 1216 5649 Matth.
1263 5608 1413 5659 xxvi.
1447 5592 1537 5649 67.
1614 5592 1660 5625 ⁸ο
1688 5590 1840 5648 Joan.

1942 5607 1998 5658 ι,
2034 5591 2090 5645 3.
2164 5590 2210 5622 “
2253 5588 2423 5649 Marc.
2463 5605 2576 5658 ειν,
2617 5588 2709 5646 65.
2786 5588 2832 5621 δ’
2880 5586 3074 5644 Matth.
3106 5602 3253 5655 xxvi,
3286 5586 3376 5642 67.

1772 5772 2004 5831 ΝυΤΑΞΣ.

304 5865 424 5939 (15)
454 5866 547 5924 Sic
583 5866 745 5927 Coll).
782 5882 885 5942 pro
922 5867 1330 5941 περιψήμαοιν.
