4072 6430
522 416 639 488 735

1704 400 1979 472 ῬΠΟΤΙῙ
2002 400 2524 471 PATRIARCH/E
2550 400 2665 471 ΕΡ.

3740 400 3853 472 Ἶῖῖίῖ

537 534 860 593 exercitium
894 533 1215 603 exprimunt
1245 545 1259 582 :
1306 546 1323 579 ι
1352 518 1621 597 Colaphis
1649 526 1797 579 enim
1833 525 2152 581 ceciderunt

2265 528 2548 599 πρόσωπον
2575 525 2672 580 καὶ
2699 521 3019 595 κολαφίζειν
3069 524 3252 580 αὐτόν.
3288 518 3448 592 Εἶτα,
3479 543 3499 577 ι
3524 524 3643 580 Καὶ
3691 527 3858 599 appa-

531 630 721 694 illum,
785 637 840 682 ct
899 626 1227 695 inceperunt
1260 620 1456 675 facient
1505 620 1625 688 ejus
1669 618 1947 688 obtegere,
1995 618 2144 673 cola-

533 722 788 792 phosque
824 718 900 772 illi
937 716 1261 787 impingere.
1302 734 1320 765 ι
1381 712 1578 765 Postea
1611 727 1626 764 :
1681 728 1701 760 ι
1732 708 1801 764 Et
1851 724 2145 780 percusse-

535 824 669 868 runt
702 812 879 877 illam,
915 819 971 865 et
997 808 1211 863 bacillis
1232 821 1357 861 eum
1382 801 1724 869 ceciderunt,
1756 808 1811 857 et
1838 802 2097 857 dixerunt
2129 818 2143 856 :

530 904 857 976 Prophetiza
901 902 1083 966 nobis,
1112 900 1351 966 Christe,
1377 898 1502 968 quis
1540 904 1625 951 est
1654 895 1747 967 qui
1778 903 1831 949 te
1860 894 2090 951 cecidit?
2123 913 2142 947 ι

536 999 704 1052 Divus
755 996 977 1067 quidem
1030 997 1208 1047 Lucas
1274 997 1499 1045 verbum
1550 986 1870 1057 κολαφίζειν
1921 985 2144 1050 omisit,

540 1090 760 1145 abunde
795 1099 975 1143 tamen
1024 1087 1271 1156 ejusdem
1320 1084 1470 1138 verbi
1516 1097 1737 1138 sensum
1768 1094 1866 1150 per
1903 1094 1987 1144 ea,
2019 1078 2147 1149 qui-

534 1184 639 1237 bus
672 1182 867 1248 utitur,
896 1179 1119 1249 exponit
1148 1197 1161 1234 :
1200 1197 1218 1229 ‹
1252 1175 1370 1230 Viri
1398 1176 1569 1240 enim,
1604 1174 1805 1245 inquit,
1839 1174 1931 1244 qui
1958 1171 2145 1227 Jesum

537 1273 824 1336 tenebant,
859 1271 1163 1326 illudebant
1213 1268 1676 1333 illi,‘caedentes,
1723 1276 1778 1321 et
1832 1266 2150 1321 obvelantes

542 1367 742 1421 illum:
796 1364 1008 1418 vultum
1056 1348 1181 1432 ejus
1201 1359 1601 1431 percutiebant,
1638 1367 1692 1414 et
1738 1357 2152 1428 interrogabant

539 1472 688 1521 eum,
718 1455 966 1509 dicentes
1002 1470 1016 1507 :
1052 1452 1370 1506 Vaticinare
1402 1450 1596 1517 nobis,
1650 1451 1776 1520 quis
1810 1450 1915 1516 sit,
1961 1449 2054 1519 qui
2099 1456 2153 1504 te

530 1546 960 1619 percusserit“.
1027 1563 1045 1596 ι
1110 1545 1182 1597 lla
1234 1544 1446 1597 scilicet
1490 1541 1766 1596 illusionis
1824 1541 1931 1594 hoc
1979 1554 2152 1609 genus

539 1640 798 1695 habebat.
834 1638 939 1690 Alii
975 1637 1120 1691 enim
1169 1635 1361 1690 oculos
1405 1633 1667 1689 manibus
1698 1632 1985 1701 obtegunt,
2029 1630 2149 1693 alii,

539 1745 707 1800 genus
747 1727 944 1799 pugnis
975 1725 1271 1791 caedentes,
1309 1724 1509 1794 jubent
1554 1723 1805 1779 indicare
1856 1722 2007 1776 illum
2056 1719 2150 1791 qui

2250 636 2417 673 πισαν
2448 620 2543 672 καὶ
2578 619 2927 690 ῥαπίσμασιν
2952 617 3118 671 αὐτὸν
3170 617 3419 683 ἔϐαλλον,
3467 620 3567 673 καὶ
3614 619 3813 688 ἔλεγον
3838 634 3854 649 ·

2248 716 2638 785 Προφήτευσον
2674 714 2829 784 ἡμῖν,
2864 712 3089 784 Χριστὲ,
3120 714 3204 777 τίς
3222 714 3371 767 ἐστιν
3393 714 3423 766 ὁ
3448 713 3665 777 παίσας
3709 729 3796 769 σε.
3829 731 3852 765 ι

2260 806 2319 860 Ὀ
2351 806 2545 876 μέντοι
2583 821 2649 874 γε
2669 804 2969 869 θεσπέσιος
3019 805 3237 871 Λουκᾶς
3273 804 3374 876 τὴν
3421 805 3521 874 μὲν
3562 804 3663 858 τοῦ
3691 805 3859 858 κολα-

2250 897 2430 969 φίζειν
2465 898 2709 969 παρῆκε,
2752 898 2982 966 ἐξαπλοῖ
3017 898 3075 952 δὲ
3107 897 3317 967 σαφῶς,
3356 898 3426 951 δι’
3458 892 3537 953 ὧν
3567 898 3722 968 λέγει
3750 898 3859 967 τῆς

2250 990 2439 1062 φωνῆς
2473 990 2534 1044 τὸ
2566 989 2921 1062 δηλούμενον.
2964 1008 2984 1041 ι
3020 989 3133 1044 Καὶ
3182 990 3232 1044 οί
3262 988 3458 1060 ἄνδρες
3486 990 3621 1060 γὰρ,
3655 989 3855 1060 φησὶν,

2249 1086 2300 1138 ol
2338 1082 2659 1155 συνέχοντες
2689 1083 2781 1137 τὸν
2814 1083 3048 1155 Ἰησοῦν,
3074 1082 3363 1146 ἐνέπαιζον
3379 1082 3532 1153 αύτῷ
3551 1123 3566 1148 ,
3594 1082 3861 1153 δέροντες

2251 1180 2347 1233 καὶ
2382 1177 2863 1251 περικαλύψαντες
2897 1176 3082 1244 αὐτὸν,
3107 1175 3341 1231 ἔτυπτον
3373 1175 3538 1229 αὑτοῦ
3582 1176 3645 1229 τὸ
3680 1177 3858 1246 πρόσ-

2250 1289 2422 1339 ωπον,
2449 1271 2546 1325 καὶ
2576 1270 2882 1343 ἐπηρώτων
2904 1268 3091 1335 αὐτὸν,
3138 1268 3396 1337 λέγοντες
3415 1286 3431 1300 ο
3455 1269 3859 1339 Προφήτευσον

2250 1369 2407 1439 ἡμῖν,
2445 1365 2531 1428 τίς
2561 1366 2711 1418 ἐστιν
2741 1363 2769 1415 ὁ
2794 1360 2999 1425 παίσας
3025 1377 3107 1416 σε.
3150 1378 3169 1412 ι
3200 1360 3313 1415 Καὶ
3332 1360 3444 1432 γὰρ
3466 1359 3710 1414 τοιοῦτόν
3735 1361 3858 1414 ἐστι

2252 1461 2315 1515 τὸ
2340 1456 2480 1524 εἶδος
2499 1458 2599 1530 τῆς
2626 1457 2870 1519 παιδιᾶς.
2904 1454 2971 1508 Ol
3024 1455 3125 1527 μὲν
3164 1454 3293 1518 τοὺς
3331 1453 3646 1525 ὀφθαλμοὺς
3691 1455 3858 1524 χερσὶ

2254 1551 2783 1624 περικαλύπτουσιν,
2807 1550 2859 1602 οί
2888 1547 2947 1603 δέ
2995 1547 3105 1614 πὺξ
3149 1547 3294 1602 κατὰ
3339 1546 3547 1617 κόρρης
3591 1545 3855 1608 παίοντες

2250 1645 2611 1717 ἐπερωτῶσιν
2643 1644 2883 1716 μηνῦσαι
2922 1643 3016 1697 τὸν
3048 1641 3343 1696 παίσαντα.
3385 1639 3507 1693 Κᾶν
3559 1639 3663 1710 μὲν
3710 1638 3854 1711 τύχῃ

2253 1737 2347 1793 τοῦ
2376 1738 2778 1809 τυπτήσαντος,
2815 1736 3068 1807 ἀφίεταιο
3103 1735 3170 1791 ἂν
3225 1735 3283 1788 δὲ
3338 1733 3451 1806 μὴ,
3493 1734 3855 1802 ἐπιμένουσιν

537 1821 841 1885 ceciderit;
877 1818 1023 1889 quod
1066 1818 1111 1871 si
1150 1815 1290 1870 forte
1323 1815 1640 1885 conjectura
1693 1820 2021 1882 asseqnalur
2046 1826 2153 1865 ca:-

2265 1832 2409 1904 αύτῷ
2434 1832 2534 1896 τὰς
2567 1830 2784 1901 πληγὰς
2811 1830 3159 1891 ἐντείνοντες.
3200 1826 3373 1881 Τοῦτο
3412 1827 3504 1880 οὖν
3538 1826 3729 1895 δηλοῖ,
3756 1826 3856 1878 καὶ

539 1917 781 1977 dentem,
834 1908 1095 1964 immunis
1139 1915 1225 1961 est
1268 1921 1297 1959 a
1360 1905 1563 1974 plagis;
1613 1903 1698 1958 sin
1730 1902 1936 1965 minus,
1967 1900 2153 1971 plagas

2265 1900 2421 1979 τοῦτο
2478 1900 2811 1994 παρίστησιν
2864 1923 2898 1992 ἡ
2949 1920 3268 1992 κυριολεξία
3326 1919 3411 1983 τὸ,
3440 1918 3855 1987 ἐκολάφισαν.

542 2007 618 2060 illi
656 2004 963 2074 impingere
997 2008 1259 2071 pergunt.
1294 1996 1411 2053 Hoc
1446 1998 1628 2067 ipsum
1658 1995 1795 2057 vult,
1832 1994 1935 2049 hoc
1969 1993 2150 2061 ipsum

542 2099 816 2169 signilicat
842 2095 1127 2166 proprium
1162 2091 1297 2147 illud
1321 2092 1591 2156 verbum,‘
1611 2088 1966 2157 ἐκολάφισαν.
1993 2083 2153 2152 Quod

541 2190 856 2244 Judteorum
914 2201 1048 2255 gens
1090 2199 1192 2239 nec
1226 2183 1444 2253 injuriis
1500 2196 1602 2237 nec
1631 2179 1965 2251 procacitate
1991 2190 2154 2232 exsa-

541 2284 667 2337 tiari
721 2279 997 2350 potuerit,
1042 2277 1221 2333 Lucas
1298 2275 1597 2345 inprimis,
1655 2285 1916 2343 tanquam
1966 2280 2154 2338 stupe-

542 2374 724 2428 faCtus
779 2370 1007 2426 indicat.
1058 2371 1357 2439 Postquam
1411 2369 1560 2422 enim
1614 2366 1663 2421 is
1710 2366 1952 2428 dixerat,
2006 2360 2154 2431 quod

542 2463 922 2535 percusserint
979 2461 1173 2516 faciem
1224 2460 1377 2530 ejus,
1413 2458 1779 2526 eamdemque
1822 2453 2153 2517 obtexerint,

543 2554 871 2623 subjungit:
924 2570 942 2602 ε
984 2550 1051 2605 Et
1093 2551 1263 2604 multa
1310 2549 1416 2603 alia
1461 2546 1841 2602 conviciantes
1890 2543 2155 2597 adversus

530 2660 669 2697 cum
704 2638 1042 2696 dixerunt“.
1082 2656 1101 2689 ι
1138 2637 1214 2692 Ita
1238 2638 1398 2701 satis,
1429 2646 1584 2705 puto,
1616 2632 1801 2704 quoad
1830 2646 1931 2702 per
1954 2630 2157 2700 episto-

536 2738 655 2789 lam
692 2734 914 2803 quidem
969 2731 1087 2786 fieri
1131 2739 1341 2800 potest,
1387 2737 1737 2798 perspectum
1781 2724 1985 2788 habes,
2025 2720 2157 2792 quid

547 2829 655 2885 s:bi
683 2828 814 2882 velit
854 2824 1223 2893 ἐκολάφισαν,
1260 2822 1393 2893 quid
1439 2820 1764 2893 περίψημα,
1814 2817 1947 2888 quid
2002 2832 2157 2886 περι-

547 2920 834 2990 κάθαρμα.
882 2915 965 2971 Tu
1011 2931 1178 2981 vero,
1230 2914 1440 2970 Christi
1495 2923 1549 2968 ct
1577 2912 1733 2968 Pauli
1802 2908 2157 2974 afflictioncs,

548 3009 751 3079 probra
781 3016 836 3062 et
863 3006 1196 3061 tentationcs
1229 3006 1415 3058 animo
1469 2999 1869 3057 circumferens
1890 3037 1907 3065 ,
1940 2996 2160 3051 fortiter

547 3117 704 3170 agas,
745 3098 826 3153 vel
858 3098 1043 3168 potius
1073 3095 1348 3166 gaudeas,
1394 3093 1741 3162 recogitans,
1776 3090 1831 3144 in
1870 3102 2037 3158 quem
2067 3101 2159 3140 or-

548 3194 733 3248 dinem
762 3191 840 3246 sis
865 3189 1094 3251 ascitus.
1119 3201 1391 3258 quemque
1415 3186 1618 3240 habeas
1643 3182 1861 3249 ducem,
1893 3180 2160 3235 adversus

547 3298 771 3341 omnem
816 3281 1185 3338 calamitatem
1234 3278 1532 3341 insultum,
1585 3276 1702 3330 sive
1741 3271 2041 3328 adversarii
2075 3278 2155 3333 tui

548 3377 679 3432 ntali
728 3376 1005 3430 daemones
1037 3374 1183 3437 sint,
1220 3373 1337 3427 sive
1365 3370 1649 3425 daemonas
1696 3367 1939 3421 humana
1974 3362 2154 3417 forma

548 3470 813 3535 referant,
847 3467 1156 3521 imitentur.

552 3577 882 3650 QUA‘ISTIO
931 3573 1197 3633 CXXXIV
1249 3573 1462 3647 [CoisL
1517 3568 1701 3633 CLVI,
1738 3568 1901 3623 Taur.
1941 3564 2152 3637 CLV].

558 3679 697 3742 Quot
751 3674 879 3728 anni
937 3672 1099 3725 initia
1139 3667 1397 3722 arbitrari
1458 3680 1553 3720 nos
1612 3670 1852 3733 oporteat
1904 3668 1957 3714 et
2009 3673 2148 3729 qum.

2260 2013 2384 2066 ’Ὁτι
2419 2011 2475 2065 δὲ
2538 2012 2703 2083 κόρον
2731 2011 2927 2065 οὐδένα
2965 2009 3091 2064 οῦτε
3136 2009 3348 2087 ὕβρεως
3385 2008 3511 2062 οὔτε
3554 2008 3859 2077 ἀσελγείας

2257 2105 2321 2159 τὸ
2368 2104 2645 2159 Ἰουδαίων
2678 2104 2833 2168 ἔθνος
2868 2103 3199 2174 ἐλάμϐανεν,
3232 2102 3676 2173 ἐκπληττόμενος
3700 2104 3731 2155 ὁ
3764 2119 3860 2154 σο-

2257 2196 2359 2265 φὸς
2391 2195 2820 2268 ἐπισημαίνεται
2859 2194 3098 2266 μάλιστα
3158 2194 3395 2256 Λουκᾶς.
3446 2192 3604 2247 Μετὰ
3645 2193 3764 2263 γάρ
3799 2192 3861 2245 τὸ

2256 2291 2454 2355 είπεῖν,
2501 2291 2583 2343 ὃτι
2631 2289 2865 2344 ἔτυπτον
2914 2286 3081 2341 αὐτοῦ
3122 2286 3185 2340 τὸ
3223 2285 3540 2356 πρόσωπον,
3564 2284 3664 2337 καὶ
3694 2302 3862 2354 περι-

2257 2382 2590 2446 εκάλυπτον,
2614 2380 2838 2450 ἐπάγει’
2854 2379 2994 2434 «Καὶ
3010 2379 3099 2433 ἐτε
3110 2394 3179 2449 ρα
3200 2376 3369 2430 πολλὰ
3393 2374 3861 2445 βλασφημοῦντες

2258 2475 2469 2544 ἔλεγον.
2500 2493 2520 2527 ι
2541 2473 2706 2527 Ἀλλὰ
2734 2473 2844 2543 γὰρ
2871 2472 2999 2544 περὶ
3035 2470 3134 2541 μὲν
3159 2469 3254 2523 τοῦ
3283 2488 3301 2521 ι
3333 2456 3730 2537 ἐκολάφισαν,›
3762 2468 3863 2519 καὶ

2264 2568 2590 2640 (περίψημα
2617 2584 2637 2619 ι
2664 2567 2759 2621 καὶ
2783 2586 2801 2618 ‹
2827 2564 3247 2638 περικάοαρμα,
3283 2583 3301 2615 ι
3330 2564 3497 2634 ἔχεις,
3522 2557 3704 2632 οἶμαι,
3733 2562 3861 2614 κατ’

2258 2657 2556 2730 ἐπιστολὴν
2578 2659 2678 2712 ούκ
2722 2658 2941 2721 ἐνδεῶς.
2968 2658 3042 2710 Σὺ
3074 2656 3132 2709 δέ
3165 2673 3256 2727 μοι
3278 2655 3350 2709 τὰ
3372 2654 3465 2709 τοῦ
3492 2653 3741 2725 Χριστοῦ
3766 2652 3867 2707 καὶ

2262 2749 2478 2803 Παύλου
2523 2750 2665 2805 κατὰ
2701 2750 2944 2803 διάνοιαν
2978 2747 3161 2818 φέρων
3208 2747 3379 2817 πάθη,
3417 2746 3512 2801 καὶ
3552 2745 3625 2800 τὰ
3654 2742 3863 2815 ὀνείδη,

2261 2845 2357 2898 καὶ
2405 2843 2535 2907 τοὺς
2592 2842 2942 2913 πειρασμοὺς
2981 2841 3174 2894 ἵστασο
3234 2840 3533 2910 γενναίως,
3570 2838 3867 2910 μᾶλλονδὲ

2262 2932 2492 3005 χαίρων,
2529 2932 2907 3004 ἐννοούμενος,
2935 2932 3042 2985 τίνι
3078 2930 3352 3004 συντάττῃ
3381 2930 3553 3001 χορῷ,
3601 2930 3701 2983 καὶ
3742 2930 3869 2983 τίνα

2260 3026 2565 3096 κορυφαῖον
2597 3023 2745 3096 ἐχεις
2769 3066 2785 3092 ,
2817 3024 2956 3096 πρὸς
3006 3025 3189 3078 πᾶσαν
3238 3022 3512 3095 ἐπιφορὰν
3551 3022 3863 3093 δυσχερῶν,

2262 3119 2329 3174 ἄν
2346 3137 2407 3173 τε
2436 3118 2693 3190 δαίμονες
2714 3113 2840 3185 ὦσι,
2866 3121 2933 3174 ἄν
2946 3136 3007 3172 τε
3038 3120 3274 3188 μορφαῖς
3297 3116 3613 3189 ἀνθρώπων
3625 3118 3866 3188 ὑποκρι-

2184 3246 2229 3307 c
2262 3212 2481 3284 νόμενοι
2510 3210 2775 3284 δαίμονας
2799 3213 2849 3265 oi
2885 3209 3280 3282 ἐπιτιθέμενοι.

2778 3564 3115 3622 ΕΡΩἹῊΣΙΣ
3143 3568 3309 3623 ΡΛΔ¹.

2255 3643 2465 3710 Πόσας
2494 3640 2688 3713 ἀρχὰς
2729 3639 2825 3694 δεῖ
2846 3638 3015 3694 νοεῖν
3057 3637 3217 3713 ᾐμᾶς
3261 3638 3370 3695 τοῦ
3419 3639 3712 3698 ἐνιαυτοῦ
3765 3642 3872 3698 καὶ

2961 3710 3135 3775 ποίας
3159 3728 3179 3777 ;
3202 3782 3203 3785 η

1610 3820 1759 3871 Edita
1783 3832 1811 3868 a
1833 3815 1959 3867 Maio
1995 3816 2148 3877 (Nov.
2185 3811 2309 3862 Coll.
2336 3815 2375 3858 ι.
2404 3808 2521 3871 I,.p.
2549 3805 2659 3867 137,
2688 3802 2823 3868 128).

635 3925 687 3980 1.
725 3922 860 3989 Quae
890 3919 958 3974 ad
1004 3925 1286 3973 extremos
1319 3927 1496 3982 usque
1522 3909 1712 3966 mundi
1777 3906 1915 3963 ﬁnes
1969 3904 2157 3974 spicu-

564 4021 673 4074 lntn
713 4031 876 4071 suum
931 4012 1102 4066 Roma
1145 4005 1449 4079 protendit,
1507 4002 1851 4074 proprimque
1904 3996 2160 4069 potentia:

564 4109 859 4165 terminum
892 4104 1043 4158 orbis
1072 4112 1348 4156 terrarum
1394 4096 1621 4151 limitem
1651 4094 1797 4158 fecit,
1832 4091 1994 4148 sicuti
2057 4088 2160 4143 tri-

565 4203 666 4257 bus
694 4197 1012 4254 nominibus
1037 4191 1262 4265 gloriari
1290 4188 1452 4253 solet,
1492 4190 1574 4244 sic
1604 4188 1770 4243 etiam
1802 4184 1906 4239 tria
1949 4180 2156 4253 princi-

567 4297 652 4365 pia
684 4290 860 4361 spatio
889 4301 1076 4342 annuo
1114 4281 1388 4339 attribuit.
1419 4279 1486 4335 Et
1539 4278 1728 4333 Romae
1778 4274 1999 4346 quidem
2055 4286 2157 4324 n0-

566 4363 709 4440 inina
735 4390 863 4437 sunt
892 4378 1209 4450 mysticum,
1246 4389 1491 4439 sacrum,
1532 4370 1837 4440 politicum.
1869 4363 2158 4434 Mysticum

567 4491 767 4534 nomen
800 4483 882 4528 est
902 4472 1123 4543 Ἀμωρ,
1155 4482 1353 4537 nempe
1388 4476 1581 4519 amor:
1618 4475 1838 4517 sacrum
1874 4455 2033 4511 Flora
2051 4461 2156 4515 est,

566 4574 710 4645 quod
742 4572 1027 4625 ﬂorentem
1070 4566 1346 4636 significat
1388 4580 1402 4615 :
1446 4559 1735 4631 politicum
1768 4555 1966 4615 Roma,
2005 4545 2152 4619 quod

567 4664 851 4723 conversis
886 4661 1086 4715 litteris
1137 4660 1192 4714 in
1234 4655 1530 4727 mysticum
1590 4665 1791 4706 nomen
1829 4645 2041 4702 recidit.
2094 4640 2161 4695 Et

569 4772 789 4814 sacrum
841 4752 1062 4824 quidem
1131 4749 1333 4804 licebat
1365 4746 1433 4800 ad
1483 4742 1634 4813 vulgi
1682 4742 1849 4797 etiam
1912 4735 2162 4792 notitiam

564 4851 756 4907 elferre
782 4866 796 4902 :
824 4858 1019 4901 verum
1034 4843 1079 4897 si
1103 4842 1228 4912 quis
1249 4838 1505 4893 sacerdos
1519 4832 1809 4905 mysticum
1838 4825 2171 4895 divulgavis-

2332 3904 2405 3954 α’.
2450 3896 2519 3951 Ἥ
2557 3897 2659 3950 ὅσα
2698 3894 2796 3948 καὶ
2842 3892 2971 3962 ὅρια
3014 3889 3120 3961 γῆς
3175 3889 3237 3942 τὸ
3287 3889 3416 3961 δόρυ
3472 3892 3871 3961 παρατείνασα

2272 3994 2491 4065 Ῥώμη,
2539 3989 2637 4044 καὶ
2664 3989 2724 4042 τὸ
2755 3986 2959 4057 κράτος
2994 3984 3219 4048 δείξασα
3251 3983 3353 4052 τῆς
3386 3984 3729 4057 οἰκουμένης
3764 3989 3872 4055 μέ..

2260 4102 2413 4157 τρον,
2446 4082 2638 4152 ῶσπερ
2663 4080 2806 4134 τισὶν
2850 4078 3113 4148 ὀνόμασιν
3141 4074 3477 4144 ἀγάλλεσθαι
3511 4076 3626 4145 (14)
3650 4077 3872 4147 χαίρει,

2263 4179 2409 4234 οὕτω
2424 4178 2521 4232 καὶ
2542 4176 2693 4248 τρεῖς
2715 4176 2744 4227 ὰ
2755 4172 2891 4245 ρχὰς
2910 4172 2988 4244 τῷ
3014 4169 3332 4241 ἐνιαυσιαίῳ
3346 4170 3526 4243 χρόνῳ
3543 4172 3873 4242 χαρίζεται.

2274 4268 2547 4340 Ὀνόματα
2574 4266 2673 4338 μὲν
2701 4265 2795 4319 οῦν
2820 4268 2969 4318 ἐστιν
2997 4263 3135 4333 αὐτῇ
3164 4262 3473 4316 τελεστικόν
3499 4280 3559 4317 τε
3581 4266 3679 4317 καὶ
3706 4266 3876 4337 ἱερα-

2261 4360 2414 4415 τικόν
2434 4375 2449 4390 °
2480 4356 2792 4411 τελεστικδν
2812 4355 3137 4425 μένἋμωρ,
3169 4354 3199 4407 ὃ
3231 4353 3687 4424 σημαίνειὲρωςθ
3710 4356 3878 4425 ἱερα-

2268 4451 2421 4506 τικὸν
2440 4449 2497 4503 δὲ
2526 4448 2745 4519 Φλῶρα,
2765 4446 3050 4502 ἀνθοῦοα
3075 4446 3133 4498 δὲ
3158 4444 3316 4499 τοῦτο
3337 4444 3644 4517 παραδηλοῖ
3660 4462 3675 4475 ·
3706 4447 3877 4500 πολι-

2272 4544 2430 4599 τικὸν
2457 4543 2515 4596 δέ
2560 4541 2775 4613 Ῥῶμα,
2801 4540 2940 4610 ὅπερ
2971 4538 3487 4610 ἁντιστρεφόμενον,
3522 4539 3604 4601 είς
3646 4538 3755 4609 τὴν
3780 4557 3881 4591 τεσ-

2264 4637 2524 4707 λεστικὴν
2556 4633 2955 4707 σχηματίζεται
2987 4631 3134 4699 λέξιν
3167 4631 3300 4703 (15).
3341 4631 3501 4701 Ἐξῆν
3533 4631 3636 4701 μὲν
3675 4629 3780 4686 οὖν
3808 4635 3881 4685 τὸ

2273 4730 2550 4801 ἱερατικὸν
2578 4728 2673 4783 καὶ
2716 4726 2796 4798 τῷ
2843 4725 3040 4797 πλήθει
3075 4723 3421 4779 κοινοῦσθαι·
3449 4724 3511 4778 τὸ
3535 4724 3593 4778 δὲ
3619 4725 3881 4780 τελεστι-

2278 4824 2375 4877 κὸν
2420 4824 2450 4875 ὁ
2503 4818 2772 4881 κοινώσας
2817 4816 2925 4870 τῶν
2981 4816 3173 4887 ἱερέων
3203 4816 3442 4886 ἐσχάτην
3501 4817 3700 4887 ποινὴν
3755 4818 3883 4870 elc-

568 4896 1145 5008 si-‘tv,”p'(ettae_capitali
1179 4930 1343 4985 fiebat
1382 4896 1679 4982 obnoxi-us.
1719 4920 1921 4975 Tribus
1977 4918 2155 4987 igitur,

2272 4914 2511 4984 έπραττε
2532 4911 2669 4985 (16).
2685 4909 2881 4981 Τρισὶν
2903 4908 2996 4963 οῦν
3015 4908 3300 4977 ὀνόμασιν,
3315 4906 3505 4978 ῶσπερ
3522 4907 3766 4978 ἔφημεν,
3789 4928 3887 4964 τι·

566 5044 629 5086 ut
662 5034 926 5095 diximus,
977 5033 1169 5081 ornata
1206 5020 1521 5076 nominibus
1552 5017 1751 5079 Roma,
1795 5012 1899 5068 tria
1946 5022 2168 5081 quoque

568 5128 726 5183 initia
762 5119 996 5192 tempori
1028 5131 1214 5174 annuo
1236 5130 1296 5170 se
1326 5113 1507 5168 facere
1538 5109 1897 5181 gloriabatur,
1929 5116 2167 5176 quorum

644 5243 691 5275 “
744 5240 878 5297 Luc.
918 5253 1057 5305 χχιι,
1085 5234 1155 5290 65
1189 5249 1305 5303 seq.
1384 5230 1429 5264 “
1468 5229 1601 5285 ibid.
1634 5226 1723 5282 65.

2276 5003 2507 5075 μωμένη
2532 5003 2626 5055 καὶ
2652 5000 2833 5073 τρισὶν
2857 5000 3056 5072 ἀρχαῖς
3082 4998 3173 5053 τὸν
3196 4998 3468 5053 ἐνιαύσιον
3502 4998 3889 5069 σεμνολογου-

2280 5100 2420 5168 μένη
2452 5093 2667 5167 χρόνον,
2716 5092 2815 5165 τὴν
2844 5092 2943 5164 μὲν
2982 5091 3161 5147 αὐτῶν
3216 5092 3499 5162 ἱερατικὴν
3529 5092 3748 5161 ἐκάλει,
3776 5094 3889 5165 τὴν

2096 5308 2330 5368 NOTE.

637 5429 751 5498 (14)
784 5420 1391 5498 νει-ὺιιιηλάγάλλεσθαι
1434 5414 1827 5489 superadditur
1875 5410 2021 5465 haud
2052 5411 2166 5465 scio

573 5496 749 5571 quam,
763 5496 1096 5571 necessario.

672 5550 1121 5638 l5)77Erythra:us
1160 5563 1304 5638 apud
1343 5560 1628 5638 _0rteliutn
1683 5556 1735 5611 in
1804 5550 1997 5638 (ἐροίη.
2054 5552 2167 5638 ait:

588 5658 605 5691 ι
643 5625 1019 5707 Τνίᾖὶοκίιῐὺί
1057 5625 1245 5688 Ιὶοιηῖε
1279 5633 1466 5707 fuisse
1494 5643 1693 5685 nomen
1723 5625 2001 5707 proditum
2042 5634 2121 5675 est
2154 5640 2169 5707 ξ

576 5695 875 5764 unum-hoc
900 5722 1010 5776 quo
1049 5708 1255 5760 utimur
1282 5703 1659 5776 pervulgatum
1695 5698 1971 5765 ;alterum
2024 5695 2170 5761 quod

583 5793 847 5833 arcanum
877 5774 1000 5839 fuit,
1021 5779 1165 5830 unde
1194 5774 1529 5844 Amaryllida
1558 5785 1739 5833 suam,
1767 5778 2167 5844 qttteamorem

584 5849 804 5917 proprie
828 5834 1119 5916 significat,
1171 5846 1225 5899 in
1274 5834 1591 5917 Vllucolicon
1630 5834 1853 5917 carmen
1908 5834 2169 5903 Virgilius

582 5907 852 5986 detorsit;
879 5907 1114 5973 tertium
1145 5914 1435 5972 sacrificiis
1469 5912 1738 5979 debitum,
1760 5907 1828 5963 de
1861 5921 1970 5978 quo
1998 5919 2165 5960 voca-

2273 5403 2464 5460 bulum
2487 5401 2771 5457 floralibus
2804 5402 3156 5470 impositmu;
3183 5396 3327 5466 quod
3353 5394 3665 5470 Antbusam
3683 5395 3896 5470 (ξι-προσ

2273 5474 2672 5542 Philadelphus
2711 5466 3134 5541 interpretatur,
3190 5483 3218 5542 a
3255 5482 3366 5542 quo
3403 5467 3520 5542 haec
3574 5466 3889 5542 discimus.

2274 5546 2329 5600 ld
2364 5557 2420 5599 tu
2451 5535 2645 5597 Latine
2689 5544 2774 5596 vel
2805 5535 3104 5611 ﬂorentem,
3136 5540 3217 5611 vel
3258 5535 3439 5611 aptius
3468 5535 3714 5611 fortasse
3739 5536 3892 5590 Flo-

2275 5630 2393 5669 ram
2416 5623 2511 5668 aut
2540 5606 2881 5667 Florentium
2932 5620 3131 5665 verles.
3190 5609 3307 5661 Sub
3357 5606 3719 5677 Amaryllidis
3769 5626 3891 5662 nu-

2278 5686 2426 5741 mine
2456 5700 2575 5738 eam
2614 5683 2903 5753 Virgilium
2934 5680 3251 5753 describere
3275 5679 3556 5753 adnotavit
3582 5677 3845 5753 Servius.
3866 5698 3888 5730 ι

2351 5753 2566 5826 (t6)_l)e
2592 5746 2800 5826 arca'ngo
2824 5754 3033 5826 rlloma:
3088 5751 3329 5826 nomine
3344 5751 3645 5826 loquuntur
3679 5746 3895 5826 Verius

2276 5817 2421 5952 329d
2448 5817 2708 5892 Festum;
2742 5824 2988 5889 Solinus,
3032 5837 3156 5894 cap.
3187 5822 3249 5888 l;
3296 5817 3523 5879 Servius
3558 5820 3627 5874 ad
3658 5817 3797 5874 IEn.
3840 5836 3889 5882 ι,

2323 5915 2341 5949 Ι
2390 5933 2405 5950 ο

2323 5915 2405 5950 Ilo
