4072 6436
276 323 382 388 731
1107 306 1206 379 AD
1236 294 1834 378 AMPHILOCHIUM
1859 309 2206 385 QUIESTIO
2227 309 2533 377 CXXXIV.
3439 307 3546 372 738

279 438 447 508 ἄλλην
490 428 546 490 δὲ
586 435 841 506 πάτριον,
883 432 977 486 καὶ
1006 430 1105 502 τὴν
1126 430 1320 501 λοιπήν
1348 446 1410 482 τε
1439 428 1535 482 καὶ
1556 426 1824 494 κυκλικήν
1845 440 1860 455 ·
1890 474 1893 485 ,

1996 440 2087 498 psa
2123 419 2357 494 primum
2378 433 2653 482 sacratum
2673 423 2998 494 appellabat,
3024 423 3251 479 alterum
3285 423 3544 492 patrium.

281 531 567 604 ἱερατικὴν
601 529 700 598 μὲν
730 525 824 580 οὖν
855 525 1018 596 ἡνίκα
1046 525 1138 576 τὸν
1168 523 1483 593 Αῐγὸκερων
1505 523 1533 574 ὁ
1555 520 1705 591 ἥλιος
1731 534 1872 587 παρ-

1997 519 2203 572 ertium’
2235 519 2516 588 politicum
2548 527 2603 572 et
2637 517 2928 588 cyclicum.
2988 517 3218 572 Sacrum
3270 525 3374 580 est,
3423 529 3546 568 cum

284 625 401 690 ιὼν,
445 626 526 689 εἰς
569 618 799 690 αῠξησιν
858 620 984 687 ἄγει
1017 617 1117 686 τὴν
1153 615 1392 686 ἡμέραν.
1443 611 1594 682 Αὕτη
1631 611 1688 662 δὲ
1732 627 1871 678 συμ-

1996 609 2308 679 Iapricorno
2334 609 2414 665 sol
2446 608 2734 679 egrediens
2762 609 2866 662 diei
2901 609 3241 662 incrementa
3267 607 3413 661 facit.
3437 605 3548 661 Hoc

283 716 478 772 πίπτει
533 713 671 784 πρὸς
728 708 1015 781 ἀκρίϐειαν
1066 706 1165 776 μὲν
1191 705 1334 758 κατά
1393 704 1488 756 τὸν
1531 699 1872 769 καλούμενον

1996 711 2156 756 ιιιιεηι
2183 701 2517 756 adamussim
2554 699 2745 754 incidit
2781 699 2834 754 in
2873 698 3227 754 Decembrem
3265 709 3548 754 mensem'

281 800 622 877 Δεκέμϐριον
647 801 820 873 μῆνα·
847 799 982 870 πρὸς
1009 797 1262 867 αἴσθησιν
1281 795 1336 848 δὲ
1359 794 1455 848 καὶ
1480 793 1717 865 μάλιστα
1744 792 1877 843 Ῥω-

1996 793 2068 848 ιεά
2103 803 2284 848 tamen
2313 793 2390 857 id,
2421 789 2686 847 Romanis
2717 791 3010 862 praecipue,
3046 790 3262 845 nonnisi
3286 787 3550 844 Januario

288 901 495 972 μαίοις,
529 899 608 960 εἰς
661 895 752 948 τὸν
794 886 1126 961 Ἰανουάριον
1175 889 1464 944 διαϐαίνει.
1500 887 1612 957 Τὴν
1665 885 1723 938 δέ
1770 885 1876 936 πά-

1996 901 2168 941 nense
2203 886 2456 942 sentitur.
2511 884 2728 939 Initium
2763 897 2892 938 vero
2949 883 3182 952 patrium
3221 883 3554 953 appellatum

286 992 493 1064 τριονὸ
541 989 650 1042 τῶν
709 985 896 1057 μηνῶν
953 983 1290 1054 καλούμενος
1337 982 1582 1052 Μάρτιος
1633 976 1878 1046 ἀπεκλη-

2002 993 2034 1030 η
2063 987 2309 1060 mensem
2335 975 2589 1030 Martium
2628 973 2967 1037 incurrebat,
2999 989 3108 1042 quo
3133 985 3372 1043 tempore
3403 987 3556 1028 arma

293 1088 486 1159 ροῦτοο
536 1084 626 1137 ὅτε
683 1083 780 1136 καὶ
820 1079 1002 1134 ὃπλων
1050 1076 1267 1148 κίνησίς
1312 1091 1373 1126 τε
1417 1073 1514 1126 καὶ
1554 1069 1880 1142 παρασκευὴ

289 1175 636 1230 ἐπεδείκνυτο
676 1170 992 1244 Ῥωμαίοις.
1033 1168 1137 1222 Τὸν
1158 1167 1214 1220 δέ
1234 1184 1298 1235 γε
1333 1163 1710 1234 Σεπτέμῦριον
1737 1163 1882 1232 μῆνα

289 1275 321 1342 ἡ
347 1269 584 1339 κυκλική
615 1284 674 1321 τε
698 1266 796 1320 καὶ
822 1264 1074 1334 πολιτικὴ
1103 1263 1306 1332 ψῆφος,
1331 1260 1360 1313 ὃ
1390 1259 1452 1312 τὸ
1482 1258 1574 1312 σὺν
1594 1255 1882 1325 φιλόπονον

295 1361 663 1431 ἐπεζήτησεν,
719 1355 898 1427 ἀρχὴν
953 1354 1202 1421 ἀπέφηνε
1234 1350 1326 1403 τοῦ
1373 1345 1621 1402 ἐνιαυτοῦ
1652 1343 1783 1416 (i7).
1816 1343 1883 1395 Ὃ

289 1453 386 1505 καὶ
411 1450 638 1519 γλῶσσα
669 1445 1170 1520 ’μὲνἜλληνίζουσα
1194 1441 1381 1495 καλεῖν
1409 1437 1733 1508 ἐπινέμησιν
1749 1429 1883 1497 οἶδε,

303 1542 576 1614 Ῥωμαῖοι
604 1542 661 1596 δέ
690 1539 998 1595 ἰνδικτιῶνα
1021 1554 1033 1567 ·
1067 1537 1162 1590 καὶ
1190 1534 1394 1602 ταύτην
1416 1531 1478 1584 τὸ
1509 1531 1606 1600 μὲν
1631 1526 1883 1588 παλαιὸν,

290 1633 718 1706 πενταετηρίδος
759 1629 950 1702 χρόνος
1008 1624 1328 1686 ἁνεκύκλου,
1375 1620 1434 1674 ὃν
1483 1619 1578 1671 καὶ
1625 1615 1888 1685 λοῦστρον

291 1703 814 1798 πατρίωςέκάλουν.
849 1721 1081 1773 Ἔπειτα
1102 1718 1156 1770 δὲ
1179 1714 1448 1784 τιμῶντες
1481 1710 1624 1779 Ἀρη
1661 1706 1772 1769 τὸν,
1809 1703 1885 1767 ὥς

297 1836 455 1888 φασι,
486 1818 718 1887 πάτριον
746 1815 932 1875 αὐτοῖς
951 1828 966 1843 ·
1001 1810 1125 1863 ἐπεὶ
1155 1807 1264 1861 τῶν
1293 1803 1539 1873 ἀστέρων
1569 1793 1726 1861 οὗτος
1751 1814 1882 1850 πεν-

295 1908 710 1978 τεκαιδεκαετίᾳ
742 1905 1023 1974 ἐλάχιστον
1038 1900 1238 1970 δρόμον
1264 1895 1442 1948 ἀνύων
1485 1893 1576 1946 τὸν
1605 1892 1736 1944 ἴδιον
1786 1905 1886 1941 πε-

299 2003 552 2077 ραιοῦται
589 1997 1092 2066 κύκλον,ίσόχρονον
1116 1992 1296 2045 έθεντο
1325 1989 1420 2041 καὶ
1437 1987 1534 2056 τὴν
1562 1983 1886 2053 ἐπινέμησιν

297 2073 420 2170 ἦτοι
452 2094 552 2166 τὴν
581 2090 892 2147 ίνδικτιῶνα
938 2087 1218 2154 θέσπισμα
1246 2079 1519 2136 τελεῖσθαι
1540 2093 1554 2108 ·
1589 2074 1727 2130 ἀλλὰ
1754 2073 1887 2126 ταύ-

299 2167 401 2253 την
459 2184 560 2255 μὲν
606 2182 705 2252 τὴν
767 2177 969 2242 αἰτίαν,
1023 2176 1098 2238 ὡς
1128 2172 1195 2228 ἂν
1240 2173 1275 2242 ὴ
1317 2170 1544 2224 ἐκείνων
1591 2167 1888 2236 ἀρχαιότης

303 2278 464 2348 φαίη,
509 2277 536 2328 ὁ
587 2271 894 2340 θεολογικὸς
931 2267 1113 2323 αὐτῶν
1150 2264 1246 2318 καὶ
1291 2261 1525 2333 κρύφιος
1578 2256 1887 2328 ὑπογράφει

301 2373 533 2443 τρόπος.
565 2369 640 2424 Ού
674 2367 866 2440 πόρρω
894 2363 950 2417 δὲ
982 2359 1187 2430 ταύτης
1213 2357 1310 2411 καὶ
1344 2358 1377 2426 ἡ
1399 2355 1653 2421 λέγουσα,
1679 2351 1761 2404 ὅτι
1789 2347 1888 2419 τὴν

305 2441 635 2534 ἰσημερινήν
665 2457 818 2528 ῶραν
865 2451 1265 2508 πεντεκαίδεκα
1295 2448 1506 2520 μορίοις
1555 2445 1667 2499 τισὶ
1701 2441 1888 2514 μαθὼν

298 2533 492 2626 ἐγγὺς
542 2547 1029 2623 περιγραφομένην
1089 2545 1118 2597 ὁ
1169 2539 1522 2610 αύταρχήσας
1580 2533 1888 2602 Αὔγουστος

315 2647 637 2718 Ῥωμαίων,
669 2644 765 2698 καὶ
809 2641 907 2712 τὴν
940 2636 1312 2706 ἀνακύκλησιν
1351 2631 1444 2685 τοῦ
1503 2626 1754 2682 ἐνιαυτοῦ
1811 2627 1890 2689 εἰς

299 2742 396 2797 τὸν
431 2717 599 2793 αὑτὸν
647 2733 880 2807 ἀριθμὸν
929 2729 1217 2785 ἐδικαίωσε
1265 2723 1622 2795 περιορίζειν.
1672 2717 1890 2772 Πολιτια

301 2835 544 2903 κώτερον
576 2830 622 2884 δ’
653 2827 718 2882 ἂν
764 2826 974 2894 λέγοιεν
1019 2821 1116 2876 καὶ
1154 2820 1205 2874 oi.
1227 2819 1360 2872 διότι
1391 2815 1668 2876 τοσούτοις
1714 2811 1890 2863 ἔτεσιν

316 2924 591 2993 ’Δντωνίῳ
637 2915 1077 2974 συνυπατευκότι
1121 2912 1222 2982 τήν
1251 2926 1310 2962 τε
1344 2907 1451 2962 τῶν
1478 2905 1678 2960 κοινῶν
1713 2917 1891 2973 πραγ-

309 3020 498 3090 μάτων
542 3012 914 3085 μεταχείρισιν
945 3007 1102 3078 ἔσχεν
1121 3019 1137 3035 °
1163 2999 1282 3056 εἶτα
1312 3001 1408 3054 καὶ
1441 2998 1625 3070 μάχην
1661 2993 1887 3064 συνῆψε,

1979 1083 2200 1123 movere
2231 1054 2410 1122 solent
2454 1065 2687 1120 Romani
2717 1076 2769 1120 et
2825 1067 2892 1120 ad
2920 1065 3120 1120 bellum
3181 1065 3400 1119 instrui.
3457 1063 3554 1119 Se-

1979 1161 2210 1231 ptembri
2250 1173 2437 1214 mense
2464 1159 2699 1228 denique
2745 1159 2950 1228 cyclico
2980 1157 3310 1227 politicoque
3363 1156 3546 1212 sumas

1981 1252 2071 1319 gio
2105 1252 2172 1304 de
2201 1265 2308 1320 quo
2340 1258 2394 1303 tu
2426 1250 2669 1304 studiose
2702 1248 3117 1317 rogas,initium
3148 1247 3274 1302 anni
3294 1255 3558 1303 statutum

1984 1345 2108 1399 fuit.
2141 1345 2206 1398 Et
2231 1359 2396 1414 quam
2430 1344 2649 1413 quidem
2680 1340 2867 1396 Graeca
2901 1354 3124 1411 quoque
3155 1341 3339 1409 lingua
3383 1338 3548 1392 ἐπινέ-

1989 1453 2157 1506 μησιν
2185 1435 2458 1506 appellare
2491 1435 2661 1499 novit,
2690 1433 2922 1488 Romani
2953 1445 3134 1489 autem
3182 1433 3562 1499 indictionem,

1988 1527 2127 1582 hanc
2171 1528 2301 1581 olim
2335 1526 2760 1596 quinquennalis
2790 1524 2978 1596 cyclus
3008 1525 3300 1578 reducebat
3329 1541 3342 1577 :
3400 1523 3562 1591 idque

1985 1619 2148 1672 etiam
2173 1618 2404 1672 lustrum
2438 1618 2662 1687 proprio
2681 1616 2946 1670 vocabulo
2975 1615 3338 1686 appellabant.
3365 1613 3562 1670 Deinde

1990 1710 2120 1781 quia
2149 1709 2375 1765 Martem
2405 1708 2678 1776 colebant,
2704 1724 2866 1778 quem
2899 1707 2982 1763 sui
3017 1707 3234 1776 generis
3281 1716 3562 1762 auctorem

1989 1803 2184 1867 aiunt;
2209 1811 2265 1855 et
2295 1800 2422 1870 quia
2462 1799 2563 1854 hoc
2591 1801 2742 1854 sidus
2774 1799 3083 1869 quindecim
3116 1799 3277 1854 annis
3307 1797 3558 1852 brevissi-

1990 1910 2139 1948 mum
2179 1908 2404 1948 cursum
2432 1891 2746 1957 absolvens,
2767 1906 2927 1946 suum
2957 1890 3168 1962 cyclum
3190 1891 3418 1961 perlicit,
3450 1890 3566 1960 pari

1990 1985 2277 2042 intervallo
2312 1985 2637 2054 ἐπινέμησιν
2668 1983 2782 2038 sive
2811 1983 3166 2038 indictionem
3225 1983 3340 2036 ﬁeri
3376 1983 3566 2038 dcere;

1988 2087 2207 2134 verunt.
2246 2076 2627 2133 Verumtamen
2661 2077 2801 2132 hanc
2851 2090 3101 2142 causam,
3155 2086 3216 2131 ut
3265 2075 3322 2131 in
3375 2090 3570 2132 eorum

1989 2170 2414 2242 antiquitatibus
2443 2168 2637 2234 fertur,
2683 2168 2991 2238 theologica
3040 2166 3362 2223 eorumdem
3406 2177 3572 2238 atque

1990 2279 2190 2320 arcana
2221 2262 2360 2318 ratio
2389 2260 2666 2316 describit.
2698 2257 2886 2330 Neque
2920 2258 2989 2314 ab
3015 2257 3118 2312 hac
3171 2257 3328 2313 valde
3361 2256 3572 2312 abludit

1991 2358 2259 2414 sententia
2304 2354 2394 2410 illa
2429 2368 2552 2424 quae
2579 2353 2654 2407 ait
2707 2353 3014 2422 Augustum
3059 2351 3429 2406 Romanorum
3466 2351 3574 2404 imi

1990 2457 2321 2519 peratorem,
2353 2461 2476 2500 cum
2532 2443 2845 2500 rescivisset
2876 2441 3307 2512 aequinoctialem
3357 2448 3570 2511 tempee

1991 2548 2185 2595 statem
2225 2551 2256 2592 ε
2312 2535 2658 2591 n'onnullisin
2689 2534 2998 2605 quindecim
3023 2543 3201 2603 partes
3230 2532 3417 2598 dividi,
3443 2533 3573 2586 anni

1993 2646 2211 2701 quoque
2235 2628 2516 2699 periodum
2552 2626 2742 2682 eodem
2779 2639 3008 2679 numero
3033 2624 3394 2680 deliniendam
3430 2640 3562 2678 cen-

1993 2723 2192 2778 suisse.
2227 2721 2331 2776 Sed
2364 2719 2577 2776 civilior
2595 2728 2682 2774 cst
2725 2717 2996 2774 sententia
3053 2731 3165 2770 rem
3211 2715 3574 2786 repetentium

1993 2815 2063 2868 ab
2119 2813 2369 2882 Augusto
2402 2812 2497 2881 qui
2524 2811 2748 2865 totidem
2778 2809 2938 2864 annis
2975 2807 3340 2879 principatum
3379 2806 3434 2860 in
3476 2820 3577 2876 pa-

1996 2906 2098 2959 tria
2125 2920 2250 2960 cum
2274 2901 2514 2958 Antonio
2543 2901 2792 2972 gesserit,
2844 2913 2970 2954 cum
3028 2912 3203 2967 eoque
3259 2895 3577 2966 reipublicae

1994 2999 2212 3053 clavum
2266 2997 2519 3061 tenuerit,
2562 3001 2678 3047 tum
2737 2993 3001 3048 adversus
3043 3005 3168 3045 eum
3218 2988 3577 3044 decertaverit

308 3114 407 3167 καὶ
426 3113 488 3165 τὸ
516 3108 635 3164 κατ’
653 3105 820 3162 αὐτοῦ
849 3105 1108 3176 τρόπαιον
1131 3093 1294 3161 εἶλεν,
1319 3098 1407 3149 ὅτε
1439 3093 1533 3147 καὶ
1551 3090 1714 3162 μηνὸς
1743 3091 1892 3142 ἱστα-

2001 3089 2448 3160 triumphumque
2506 3085 2772 3151 retulerit,
2832 3094 2996 3156 atque
3043 3078 3335 3155 Egyptum
3391 3096 3580 3137 mense

315 3206 484 3276 μένου
541 3199 915 3272 Σεπτεμϐρίου
969 3198 1003 3267 ἡ
1043 3195 1317 3261 Αἴγυπτος
1362 3187 1511 3258 αὐτῷ
1555 3183 1892 3256 δορυάλωτος

312 3271 556 3365 κατέστη
591 3271 730 3364 (18).
763 3290 1008 3344 Ἐτέλουν
1045 3287 1140 3357 μὲν
1177 3283 1270 3337 οὖν
1298 3280 1420 3336 καθ’
1455 3279 1691 3345 ἑκάστην
1720 3271 1896 3344 ἀρχὴν

311 3388 567 3444 ἐνιαυτοῦ
601 3383 907 3448 ἰδιαζούσας
936 3398 998 3433 τε
1022 3377 1213 3438 θυσίας
1235 3375 1333 3429 καὶ
1352 3371 1596 3437 τελετὰς,
1623 3367 1897 3439 τιμῶντες

310 3486 412 3540 καὶ
443 3480 792 3550 ἱλασκόμενοι
818 3475 913 3539 οὒς
939 3470 1186 3544 ἐνόμιζον
1239 3467 1395 3523 αὐτοὶ
1426 3464 1580 3525 θεούς
1604 3475 1619 3489 '
1661 3461 1895 3530 μάλιστα

307 3578 374 3632 δέ
401 3573 545 3630 κατὰ
570 3574 664 3627 τὸν
698 3567 1070 3639 Σεπτέμὸριον
1110 3564 1256 3634 μῆνα
1285 3557 1666 3630 λαμπρότερον
1711 3553 1896 3612 αὐτοῖς

310 3667 411 3721 καὶ
437 3663 847 3736 φιλοτιμότερον
897 3657 1196 3730 ἐπράττετο
1229 3650 1435 3704 ταῦτα.

388 3734 461 3832 β’·ν
503 3756 662 3811 Ἐπεὶ
691 3753 782 3808 οὖν
809 3753 908 3821 τῆς
937 3749 1174 3810 παλαιᾶς
1209 3745 1428 3814 Ῥώμης
1456 3744 1489 3811 ή
1521 3739 1617 3793 νέα
1643 3735 1734 3790 τὸν
1767 3734 1898 3804 κλῆ-

313 3870 414 3926 ρον
454 3849 662 3919 ύπῆλθε
718 3846 812 3901 καὶ
861 3843 1042 3898 κοινὸν
1087 3840 1360 3909 ἐκτήσατο
1388 3835 1449 3888 τὸ
1505 3833 1729 3903 κράτος,
1772 3845 1897 3897 μετ-

311 3918 512 4013 έστησε
540 3918 598 3995 δέ
623 3937 718 3994 τοῦ
751 3936 1094 4005 σεϐάσματος
1126 3932 1188 3985 τὸ
1218 3929 1420 3982 πλάνον
1451 3928 1528 3988 είς
1564 3923 1661 3994 τὴν
1698 3918 1896 3986 εὐσεϐῆ

310 4052 377 4090 τε
407 4009 502 4088 καὶ
529 4031 649 4102 Θεῷ
685 4029 1005 4099 πρέπουσαν
1039 4021 1317 4094 λατρείαν,
1332 4015 1756 4088 -συμμεθίστησι
1804 4009 1900 4062 καὶ

311 4126 417 4189 τὰς
438 4121 752 4194 δαιμονίους
791 4118 1018 4180 τελετὰς
1046 4103 1143 4170 κώ
1168 4111 1358 4172 θυσίας
1379 4109 1458 4171 είς
1481 4102 1811 4163 εὐσεϐούσας
1839 4115 1898 4151 τε

314 4222 413 4275 καὶ
442 4218 764 4289 θεοπρεπεῖς
794 4210 1099 4280 ἁγιστείας.
1133 4208 1246 4262 Καὶ
1289 4203 1380 4259 διὰ
1404 4202 1562 4256 τοῦτο
1596 4193 1696 4269 τὴν
1745 4194 1898 4264 πρώ-

311 4330 418 4382 την
449 4311 544 4364 τοῦ
566 4287 938 4377 ’Σεπτεμϐρίου
966 4302 1134 4376 μηνὸς
1163 4293 1465 4358 λιτανείαις
1485 4311 1548 4346 τε
1571 4287 1898 4361 δημοτελέσι

314 4381 415 4461 καὶ
443 4405 562 4465 ταῖς
607 4400 794 4461 ἄλλαις
827 4394 1165 4465 ἱλαστηρίοις
1206 4389 1394 4460 εὐχαῖς
1434 4386 1600 4455 νόμον
1629 4381 1780 4436 ἔθετο
1809 4381 1900 4432 τόν

314 4498 453 4553 Θεὸν
476 4492 834 4562 ὲξιλεοῦσθαι,
869 4483 1124 4558 παρεῖναί
1158 4500 1217 4536 τε
1244 4481 1336 4534 τὸν
1372 4475 1637 4549 ἀρχιερέα
1675 4473 1789 4534 τοῖς
1815 4485 1902 4522 τε-

315 4589 630 4659 λουμένοις,
652 4584 763 4639 τῶν
795 4579 1126 4651 ίλαστηρίων
1175 4575 1270 4629 καὶ
1307 4569 1596 4640 σωτηρίων
1624 4561 1902 4636 προηγού-

321 4697 485 4754 μενον
518 4676 810 4751 ἱρουργιῶν
833 4692 894 4728 τε
933 4673 1030 4728 καὶ
1070 4667 1348 4738 θυμάτων.
1402 4662 1468 4716 Ἢ
1505 4659 1560 4714 δέ
1605 4676 1669 4724 γε
1699 4660 1906 4711 ἐπωνυο

320 4775 424 4848 μία
453 4773 549 4828 τοῦ
582 4768 856 4824 ἐνιαυσίου
891 4764 1093 4820 κύκλου
1123 4764 1158 4830 ἡ
1192 4759 1292 4830 μὲν
1339 4754 1724 4824 Ῥωμαῒζουσα
1754 4745 1906 4818 φωνὴ

314 4840 382 4922 τὸ
408 4866 639 4937 μήνυμα
677 4861 936 4932 σημαίνει
958 4874 972 4888 ο
1009 4852 1205 4927 μηνύει
1233 4851 1340 4920 γὰρ
1374 4849 1408 4918 ἡ
1437 4847 1580 4917 ἀρχὴ
1613 4843 1710 4914 τὴν
1739 4840 1899 4910 περί-

315 4929 438 5014 οδον
458 4929 483 4990 ο·
510 4929 607 5010 καὶ
631 4929 790 5006 τοῦτο
811 4951 994 5011 αὐτοῖς
1017 4950 1165 5000 ἐστιν
1198 4940 1485 4996 ινδικτιών.
1535 4938 1598 4989 Ἦ
1619 4935 1677 4989 δέ
1716 4929 1902 4993 Ἑλλὰς

325 5047 669 5121 φερωνύμως
698 5044 861 5115 ἔθηκε
910 5042 1010 5108 τὴν
1055 5035 1400 5104 ἐπινέμησιν.
1435 5030 1508 5082 Ού
1547 5028 1655 5096 γὰρ
1707 5026 1786 5087 είς
1841 5023 1902 5074 ἁ·

323 5117 646 5210 παῂρὰϐατον
675 5137 769 5192 καὶ
797 5131 1104 5206 ὡρισμένον
1134 5127 1299 5197 βάρος
1330 5125 1392 5176 τὸ
1420 5119 1648 5175 παλαιὸν
1668 5118 1719 5171 οἱ
1743 5117 1900 5186 φόροι

319 5207 438 5294 τοῖς
465 5228 725 5297 ὑπηκόοις
751 5226 1039 5280 ἐτάττοντο
1057 5218 1194 5285 ,ἀλλ’
1224 5219 1258 5286 ή
1290 5214 1399 5269 τῶν
1429 5210 1657 5284 καρπῶν
1682 5207 1900 5276 γένεσις

321 5322 427 5392 τὴν
462 5319 714 5384 σύνταξιν
749 5316 932 5376 αὐτοῖς
981 5303 1521 5380 ἐφιλανθρωπεύετο·
1565 5295 1903 5363 σπανίζουσα

324 5388 429 5488 μέν
468 5414 578 5484 γὰρ
601 5413 935 5482 ὴλάφρυνεν,
955 5400 1258 5471 εύθηνοῦσα
1284 5399 1340 5452 δὲ
1373 5398 1475 5450 ούκ
1501 5393 1736 5462 ἐϐάρυνε
1759 5407 1772 5421 ·
1807 5388 1904 5442 καὶ

1997 3180 2302 3252 Septembri
2329 3181 2550 3234 ineunte
2577 3178 2746 3232 armis
2775 3175 3088 3230 obtinuerit.
3124 3172 3366 3242 Singulis
3394 3180 3576 3226 autem

1998 3274 2123 3328 anni
2150 3273 2324 3328 initiis
2357 3271 2657 3343 peculiaria
2717 3268 2985 3325 sacrilicia
3044 3266 3295 3337 ritusque
3347 3277 3577 3335 peraget

1999 3369 2151 3432 bant,
2207 3366 2434 3423 honoris
2468 3378 2598 3434 ergo
2621 3370 2676 3416 et
2706 3360 3025 3432 placationis
3053 3372 3246 3414 eorum
3300 3373 3440 3427 quos
3472 3356 3576 3427 ipsi

1997 3459 2264 3530 putabant
2295 3453 2800 3526 deoszprmsertint
2851 3465 2985 3507 vero
3037 3463 3227 3505 mense
3273 3447 3580 3518 Septembri

2004 3548 2376 3620 splendidiora
2414 3547 2528 3600 iure
2558 3559 2717 3600 sacra
2749 3553 2802 3597 et
2850 3541 3196 3596 accuratiora
3248 3539 3355 3593 diis
3407 3538 3575 3594 facie-

2001 3641 2153 3695 bant.

2074 3731 2128 3783 2.
2159 3729 2280 3784 .lam
2313 3728 2405 3783 ubi
2439 3725 2634 3781 veteris
2662 3723 2852 3778 Romae
2878 3733 3018 3774 nova
3047 3725 3249 3774 sortem
3272 3714 3580 3786 occupavit,

2005 3834 2466 3890 communemque
2539 3815 2840 3887 potentiam
2886 3811 3101 3881 adepta,
3175 3806 3585 3878 superstitionis

2006 3930 2246 3970 errorem
2278 3913 2334 3967 in
2374 3912 2520 3981 piam
2551 3907 2772 3977 Deoque
2816 3903 3034 3974 dignam
3069 3900 3383 3972 religionem
3447 3911 3586 3952 con-

2005 4005 2166 4061 vertit
2199 4023 2214 4072 ;
2249 4012 2384 4057 tunc
2414 3999 2682 4056 diabolica
2736 4009 2957 4066 quoque
2987 3991 3245 4064 mysteria
3281 4004 3344 4043 ac
3367 3987 3580 4044 sacrili-s

2005 4097 2090 4154 cia
2139 4094 2348 4152 sanctis
2379 4092 2600 4159 Deoque
2625 4089 2807 4159 dignis
2837 4082 3177 4140 caeremoniis
3208 4079 3587 4136 commutavit.

2007 4187 2220 4242 Idcirco
2277 4183 2448 4253 prima
2485 4176 2823 4248 Septembris
2851 4174 2940 4229 die
2969 4170 3175 4226 litaniis
3203 4168 3438 4239 publicis
3463 4182 3589 4238 prce

2015 4278 2282 4346 cibusque
2327 4269 2703 4343 piacularibus
2756 4264 2926 4319 Deum
2975 4262 3274 4334 propitiare
3307 4258 3589 4314 decrevit:

2017 4370 2435 4442 pontilicemque
2470 4363 2664 4419 adesse
2689 4359 2767 4416 rei
2791 4371 2984 4421 sacrm,
3018 4364 3183 4426 atque
3223 4368 3350 4408 eum
3400 4353 3594 4423 praeire

1931 4441 1979 4499 Β
2029 4465 2114 4536 pia
2144 4473 2198 4519 et
2231 4460 2490 4518 salutaria
2525 4469 2753 4510 munera
2784 4467 2848 4508 ac
2894 4448 3187 4506 sacriﬁcia.
3225 4446 3396 4501 l’orro
3423 4444 3593 4498 annui

2009 4560 2145 4632 cycli
2170 4555 2458 4628 appellatio
2475 4551 2725 4606 Romano
2738 4542 3004 4600 vocabulo
3025 4538 3295 4613 signiﬁcat
3307 4535 3591 4592 indicium.

2011 4627 2261 4720 Namque
2292 4646 2506 4702 initium
2543 4641 2723 4696 innuit
2747 4635 3033 4708 periodum
3070 4651 3084 4688 :
3117 4642 3281 4700 atque
3340 4627 3458 4682 haec
3508 4634 3595 4680 est

2011 4745 2120 4800 illis
2167 4719 2419 4795 indictio.
2458 4731 2670 4789 Graecia
2699 4741 2920 4800 quoque
2974 4723 3197 4779 nomine
3240 4719 3316 4773 rei
3349 4732 3594 4787 congruo

2015 4833 2154 4888 dixit
2186 4829 2514 4898 ἐπινέμησιν
2542 4814 3054 4892 (distributionem).
3104 4812 3219 4866 Non
3249 4808 3395 4865 enim
3450 4805 3594 4875 apud

2013 4933 2227 4978 veteres
2256 4897 2476 4975 tributis
2496 4923 2614 4970 erat
2638 4910 2938 4982 praeﬁnitus
2962 4913 3145 4960 certus
3173 4911 3339 4970 atque
3395 4897 3596 4952 immo:

2013 5017 2141 5072 bilis
2177 5014 2373 5077 limes;
2401 5009 2496 5064 sed
2522 5020 2623 5077 pro
2678 5003 2954 5057 fructuum
3001 5004 3264 5066 proventu
3327 4989 3596 5060 stipendia

2020 5106 2132 5161 illis
2166 5103 2466 5158 clementer
2521 5092 2980 5165 imperabantur:
3019 5088 3094 5141 ita
3159 5095 3215 5138 ut
3264 5083 3316 5136 in
3366 5095 3598 5136 annona:

2009 5196 2274 5251 cliaritate
2308 5193 2712 5249 minuerentur,
2739 5185 2792 5237 in
2818 5185 3065 5236 ubertate
3096 5193 3202 5232 non
3229 5181 3594 5245 augerent-ur:

2010 5302 2182 5360 quare
2215 5286 2335 5341 sine
2381 5279 2599 5337 tristitia
2651 5273 3017 5348 quaestoribus
3071 5273 3278 5342 justum
3332 5265 3594 5322 tributum

2014 5358 2424 5453 persolvebatur
2463 5392 2477 5428 :
2512 5371 2812 5440 etquidem
2851 5367 2941 5422 ubi
3001 5379 3141 5436 opus
3197 5371 3341 5417 esset
3374 5378 3389 5415 ι
3447 5358 3597 5413 nulla

1835 5523 2077 5586 ΝΟΤᾸΞ.

395 5645 507 5716 (i7)
535 5643 670 5698 Vide
700 5638 1087 5716 Kalendarium
1139 5626 1810 5716 Constantinopolitanum
1841 5625 1906 5676 ad

319 5695 472 5773 diem
754 5695 1128 5785 Septembris,
1153 5713 1208 5757 et
1231 5717 1352 5772 qua:
1384 5699 1454 5755 ibi
1481 5695 1638 5753 docte
1661 5695 1908 5764 disputat

319 5780 638 5856 Stephanus
657 5780 988 5837 Morcellius.

686 5881 956 5941 PATROL.
1003 5875 1116 5934 Gn.
1154 5871 1257 5933 Cl.

2087 5615 2197 5684 (18)
2235 5611 2306 5666 De
2343 5611 2444 5684 li_a_c
2475 5606 2815 5684 universale
2868 5598 3056 5653 confer
3091 5594 3370 5651 Pctavium
3403 5589 3596 5646 Doctr.

2020 5671 2191 5756 temp;
2209 5694 2340 5738 tom.
2373 5680 2437 5746 Il,
2464 5692 2520 5746 ι).
2551 5671 2811 5730 566-568.

3205 5829 3283 5887 95
