4072 6436
538 315 646 379 739

1702 296 1967 361 PHOTII
2008 283 2518 354 PATRIARCHIE
2539 284 2645 344 ΕΡ.

3714 270 3834 335 746

536 422 680 476 enim
710 418 951 473 instante
1008 411 1361 477 necessitate,
1413 410 1679 465 tributum
1738 421 1967 478 prorsus
2012 416 2167 462 nonl

2264 396 2503 462 ιένειμεν
2521 392 2744 453 ἀλύπως
2772 390 2886 451 τοῖς
2911 383 3402 458 φορολογουμένοις
3426 380 3489 435 τδ
3516 379 3797 450 ἀνάλογον
3821 396 3841 412 ·

537 513 894 583 exigebatur;
919 509 1011 563 sed
1042 508 1132 562 uni
1164 506 1523 575 sibiquisque
1542 502 1785 573 agricola
1817 498 2123 556 laborabat.

538 604 728 673 Itaque
755 602 823 656 ab
852 600 1175 671 imperando
1200 597 1480 669 sigillatim
1507 596 1741 653 subditis
1769 595 1972 650 tributo
2030 605 2128 645 na-

2227 491 2323 543 καὶ
2352 487 2474 541 τότε
2508 487 2599 538 ὅτε
2643 482 2803 554 χρεία
2860 479 3066 545 ἐκάλει,
3121 476 3353 547 μηδενὸς
3405 475 3463 528 δέ
3513 474 3669 536 ὄντος
3737 473 3841 527 τοῦ

2232 576 2578 650 βιαζομένου,
2609 572 2719 627 οὐδ’
2749 572 2886 631 ὅλως
2907 572 2937 625 ὁ
2966 570 3131 639 φόρος
3179 566 3510 638 ἐπράττετο,
3557 565 3679 619 ἀλλ’
3719 565 3846 633 ἐγί-

540 653 726 673 -’“-“ι-ν
758 653 815 656 ~~—
1036 653 1039 654 ν
1211 653 1217 654 κ
1253 653 1279 669 υ

538 702 626 749 cta
650 701 733 747 est
765 706 962 746 nomen
989 690 1321 760 ἐπινέμησις
1352 686 1480 741 anni
1506 685 1784 757 periodus.
1839 682 1945 749 Qui
2000 694 2131 735 vero

2256 688 2353 725 νετο
2381 668 2570 739 κέρδος
2597 668 2626 719 ὁ
2658 666 2819 727 πόνος
2841 663 2962 725 ὅλος
2995 662 3107 725 τοῖς
3134 660 3548 728 γεωργήσασιν.
3606 658 3705 725 Ἐξ
3734 653 3837 710 oili:

537 800 569 839 a
594 783 817 839 victoria
844 783 909 837 ad
948 783 1167 837 Actium
1196 778 1552 834 indictionem
1578 776 1917 847 conﬁngunt,
1936 773 2129 827 duram

2256 764 2326 818 τοῦ
2360 759 2715 832 διανέμεσθαι
2770 760 2883 819 τοῖς
2931 754 3195 825 ὑπηκόοις
3253 752 3354 823 τὴν
3408 750 3697 817 σύνταξιν,
3734 749 3839 819 τὴν

538 878 728 933 auditu
761 886 816 931 et
846 875 953 930 llde
986 875 1222 929 alienam
1254 870 1509 927 vocabuli
1529 869 1795 941 originem
1835 868 1887 922 vi
1931 880 2130 936 procu-

539 972 697 1026 dunt.
731 969 835 1025 Sed
868 979 1048 1023 tamen
1076 966 1215 1031 haec,
1244 972 1410 1035 prout
1450 961 1715 1017 memoria
1750 958 1881 1014 mihi
1931 971 2133 1027 suppe-

538 1063 735 1118 ditavit
768 1062 835 1115 ad
868 1069 1018 1114 tuam
1053 1054 1543 1127 interrogationem
1598 1052 1743 1107 dicta
1791 1050 1921 1104 siut.
1974 1045 2131 1113 Quod

541 1155 666 1209 situ
712 1167 778 1206 ex
816 1161 911 1205 tuo
959 1148 1174 1202 diutino
1204 1145 1452 1200 historiae
1478 1142 1662 1198 studio
1723 1139 1979 1194 haustum
2030 1137 2132 1191 ali-

542 1245 670 1316 quid
707 1243 842 1297 mihi
878 1240 1194 1312 protuleris,
1226 1238 1496 1306 dictisque
1527 1234 1668 1288 meis
1718 1229 2017 1294 addideris,
2076 1228 2129 1282 id

542 1336 679 1393 mihi
709 1332 1178 1407 jucundissimum
1215 1328 1333 1383 lore
1362 1328 1519 1382 scito.

2235 855 2555 926 ἐπωνυμίαν
2594 851 2753 921 ἔσχεν
2795 852 2829 921 ἡ
2856 847 2951 901 τοῦ
2982 844 3233 901 ἐνιαυτοῦ
3278 844 3526 916 περίοδος
3570 844 3850 911 ἐπινέμηο

2236 966 2342 1013 σις.
2372 948 2437 1001 Οἱ
2463 946 2508 999 δ’
2537 945 2646 999 ἀπὸ
2660 943 2760 1013 τῆς
2780 942 2909 1011 περὶ¹
2933 940 3155 992 ¹Ἄκτιον
3182 937 3340 1005 νίκης
3374 938 3477 1007 τὴν
3507 934 3843 988 ίνδικτιῶνα

2237 1040 2701 1112 συμπλάττοντες,
2731 1034 2813 1099 είς
2839 1033 2901 1085 τὸ
2932 1030 3317 1104 λυπηρότατόν
3346 1046 3409 1082 τε
3452 1031 3524 1100 τῇ
3554 1030 3709 1098 ἀκοῇ
3748 1028 3851 1080 καὶ

2235 1132 2457 1195 πειθοῦς
2489 1130 2729 1199 ἀπέσχον
2751 1124 2975 1181 δοκοῦσί
3006 1142 3097 1195 μοι
3133 1122 3231 1188 τὴν
3252 1122 3398 1187 λέξιν
3445 1118 3847 1183 ἐκϐιάζεσθὲιι.

2250 1224 2413 1279 Ἀλλά
2442 1223 2553 1294 γάρ
2586 1220 2761 1276 ταῦτα
2809 1220 2910 1289 μὲν
2963 1217 3111 1271 κατά
3144 1214 3206 1269 τὸ
3240 1215 3535 1284 πρόχειρον
3569 1213 3673 1283 τῆς
3711 1212 3841 1281 μνή-

2241 1335 2349 1388 μης
2399 1316 2529 1386 περὶ
2557 1308 2633 1368 ὧν
2662 1313 2963 1386 ἠρώτησας
3017 1307 3257 1378 ἀπεδόθη
3278 1324 3291 1337 ·
3325 1308 3375 1358 εί
3400 1305 3458 1358 δέ
3502 1323 3557 1358 τι
3609 1305 3715 1358 καὶ
3750 1304 3855 1371 τῆς

518 1430 673 1501 ’περὶ
691 1396 789 1496 τὴν
817 1422 1058 1495 ἱστορίαν
1088 1417 1312 1491 βαθείας
1330 1417 1526 1487 σχολῆς
1588 1413 2033 1485 άνελκυσάμενος
2084 1408 2397 1474 ἐπιδείξεις,
2428 1408 2525 1462 κα)⁸
2582 1408 2695 1469 τοῖς
2753 1405 3069 1479 εἰρημένοις
3125 1397 3447 1471 προσθείης,
3516 1396 3618 1451 καὶ
3686 1396 3855 1449 τοῦτο

521 1528 678 1599 ιὴμῖν
706 1523 1065 1595 χαριέστατον
1089 1517 1267 1570 ἔσται.

526 1637 876 1709 (QUASSTIO
899 1633 1166 1693 CXXXV.
1225 1631 1420 1705 [CoisL
1462 1626 1666 1683 CLVII.
1723 1624 1885 1679 Taur.
1934 1618 2141 1690 CLVI]

527 1720 738 1789 {Nonne
788 1732 898 1786 lucc
960 1727 1328 1781 contradicunt
1361 1721 1462 1777 sibi
1518 1718 1737 1774 invicem
1770 1732 1789 1769 :
1823 1713 2068 1789 quis
2097 1721 2145 1789 te

615 1783 932 1873 percusserit
965 1803 1019 1852 in
1051 1796 1331 1873 magillam
1358 1792 1627 1873 deagtram,
1681 1796 1820 1873 verte
1853 1787 1933 1838 illi
2062 1783 2148 1873 (ἐί-

621 1854 884 1935 iam.
921 1879 976 1925 et
1006 1888 1019 1923 :
1067 1886 1085 1919 ι
1123 1867 1183 1921 Si
1217 1874 1392 1919 autem
1441 1862 1590 1925 bene,
1622 1857 1748 1929 quid
1780 1872 1860 1910 me
1881 1855 2041 1910 ca’dis
2068 1854 2092 1907 ε)
2121 1870 2139 1904 ι

2781 1610 3113 1665 ΕΡΩΤΠΣῘΣ
3143 1612 3313 1666 ΡΛΕ⁸.

2252 1706 2385 1773 Πῶς
2414 1707 2528 1761 οὐκ
2557 1704 2729 1759 ἐστιν
2754 1704 3038 1773 ἐναντίον
3071 1703 3135 1755 τὸ
3163 1704 3385 1772 λέγειν·
3420 1722 3439 1756 ι
3478 1705 3630 1757 ‘Ear
3648 1706 3751 1771 τίς
3776 1720 3854 1757 σε

2314 1772 2552 1845 primum
2576 1775 2675 1828 ἐπὶ
2703 1774 2817 1841 τὴν
2852 1772 3063 1836 δεξιὰν
3092 1775 3370 1840 σιαγόνα,
3418 1775 3701 1845 στρέψον
3738 1778 3851 1829 αὑ-

2325 1848 2407 1911 τῷ
2435 1846 2535 1900 καὶ
2568 1845 2683 1914 τὴν
2720 1846 2942 1913 ἄλλην.
2985 1860 3003 1895 ι
3038 1872 3104 1882 —
3138 1861 3156 1895 ι
3196 1847 3262 1897 Ei
3308 1845 3378 1897 δὲ
3402 1844 3625 1911 καλῶς,
3681 1848 3748 1899 τί
3774 1862 3854 1917 με

2175 1925 2220 1985 Β
2317 1918 2547 1986 δέρεις;
2587 1936 2605 1967 ι

549 2094 807 2147 Editarnm
836 2105 862 2141 a
899 2089 1078 2140 Wollio
1096 2088 1283 2137 decima
1305 2088 1446 2134 sexta
1471 2081 1621 2151 (Qur.
1654 2077 1903 2151 P_hi_lot.gt.
1926 2075 1987 2151 ll,
2354 2073 2605 2151 _§all_and.
2643 2070 2938 2151 Bibliotlt.‘at_.
2966 2073 3102 2135 XIII,
3134 2087 3182 2137 p.
3214 2074 3446 2134 729-732,
3471 2087 3524 2122 ιι.
3555 2074 3641 2137 52)
3678 2102 3749 2112 -
3781 2076 3855 2125 De

1414 2136 1656 2205 an‘tilogia
1685 2140 1821 2191 inter
1847 2136 2040 2189 textum
2069 2137 2239 2186 Matth.
2268 2150 2314 2197 ι’,
2353 2136 2414 2185 39
2449 2145 2501 2185 et
2527 2138 2670 2185 Joan.
2715 2150 2854 2196 xvtn,
2877 2138 2956 2186 ‘25.

626 2290 788 2347 Levis
847 2293 1168 2358 pacataeque
1231 2278 1673 2337 conversationis
1723 2276 2141 2331 fundamentum

547 2384 771 2455 iaciens
822 2378 1095 2443 Salvator,
1132 2373 1387 2446 praaccpti
1438 2372 1616 2426 instar
1668 2367 1950 2423 inculcat:
2019 2383 2038 2417 ι
2079 2361 2144 2418 Si

551 2453 679 2548 quis
706 2484 757 2528 te
782 2470 1118 2543 percusserit
1152 2466 1208 2520 in
1230 2463 1514 2520 maxillam
1547 2460 1854 2523 dexteram,
1885 2464 2035 2512 verte
2060 2453 2142 2509 illi

551 2546 609 2624 et
659 2567 886 2622 alteram
916 2562 985 2594 δι’
1015 2578 1029 2627 ;
1068 2578 1089 2613 ι
1125 2559 1243 2628 ipse
1269 2571 1423 2623 vero,
1455 2554 1525 2609 ab
1577 2550 1893 2609 hominibus
1951 2546 2147 2602 maxil-

555 2655 664 2709 lam
701 2652 931 2706 alteram
987 2661 1308 2719 percussus,
1365 2657 1466 2713 pro
1498 2657 1566 2698 eo
1617 2640 1764 2712 quod
1805 2639 2029 2694 alteram
2070 2636 2149 2691 illi

554 2752 813 2811 verteret,
838 2740 1161 2810 respondit:
1200 2756 1219 2791 ι
1251 2737 1391 2804 Quid
1416 2750 1504 2791 me
1532 2735 1696 2791 cadis
1728 2733 1814 2787 “?
1855 2751 1874 2784 ι
1909 2731 1984 2786 Ita
2019 2743 2149 2785 vero

556 2837 692 2907 egit,
738 2850 845 2889 non
894 2848 1048 2899 sane,
1084 2831 1247 2902 quasi
1280 2828 1689 2884 inconsiderate
1738 2836 1794 2883 et
1833 2826 2011 2881 obiter
2073 2825 2146 2878 ita

550 2928 691 2981 olim
741 2926 1060 2995 cogitasset,
1119 2930 1175 2976 et
1234 2934 1382 2974 nunc
1433 2933 1601 2989 opere
1664 2917 1785 2987 ipso
1834 2927 2148 2970 sermonem

554 3034 721 3075 suum
762 3023 1050 3073 everteret.
1102 3012 1217 3067 lmo
1249 3026 1379 3066 vero
1418 3013 1523 3067 hoc
1568 3011 1685 3081 ipso
1733 3008 1881 3063 facto
1922 3007 2149 3062 verbum

560 3109 693 3164 illud
720 3122 881 3162 suum
914 3104 1103 3175 potius
1133 3102 1393 3157 astruxit.
1427 3099 1563 3155 Nam
1597 3098 1671 3153 ibi
1734 3096 1954 3167 quidem
2013 3110 2152 3165 prae-

558 3212 776 3272 ceptum
804 3201 922 3271 ejus
948 3206 1171 3254 mutuas
1230 3196 1465 3265 injurias
1522 3192 1799 3265 prohibet,
1863 3205 1960 3261 per
2009 3205 2151 3259 quas

557 3296 839 3353 contentio
867 3295 921 3349 in
950 3294 1225 3348 inﬁnitum
1246 3288 1571 3361 producitur
1603 3305 1617 3341 :
1649 3286 1885 3354 ideoque
1911 3297 1942 3337 a
1972 3284 2150 3352 prima

2321 2270 2609 2334 Πολιτείας
2661 2272 2871 2343 ἡμέρου
2930 2269 3024 2323 καὶ
3065 2268 3433 2322 ἀστασιάστου
3462 2267 3719 2338 κρηπῖδα
3744 2285 3855 2336 πη-

2248 2365 2380 2433 γνὺς
2414 2364 2443 2416 ὁ
2468 2363 2683 2433 Σωτὴρ,
2721 2380 2739 2413 ι
2790 2362 2917 2416 Ἐάν
2952 2362 3038 2425 τίς
3060 2378 3122 2414 σε
3158 2360 3367 2432 ραπίσῃ
3406 2360 3502 2413 ἐπὶ
3531 2359 3639 2431 τὴν
3662 2359 3857 2425 δεξιάν

2252 2456 2504 2525 σιαγόνα,
2538 2453 2773 2524 στρέψον
2808 2452 2958 2523 αὐτῷ
2979 2454 3073 2506 καὶ
3093 2454 3192 2524 τὴν
3216 2452 3412 2523 ἀλλην,
3444 2470 3463 2503 ι
3490 2451 3593 2521 τὴν
3621 2452 3855 2521 ἐντολὴν

2248 2545 2453 2616 ταύτην
2510 2544 2914 2609 ὑποϐάλλεται,
2942 2544 3111 2606 αὑτὰς
3140 2542 3197 2595 δὲ
3239 2542 3490 2612 πληγάς,
3527 2541 3633 2603 τάς
3666 2540 3734 2604 ἐξ
3762 2541 3855 2593 άν-

2251 2637 2511 2709 θρώπων,
2543 2638 2638 2690 ἐπὶ
2688 2637 2894 2709 κόρρης
2940 2634 3124 2689 λαϐὼν
3150 2633 3276 2688 ἀντὶ
3301 2633 3393 2687 τοῦ
3420 2632 3680 2702 στρέψαι,
3725 2652 3746 2685 ι
3790 2634 3856 2685 Τί

2253 2749 2322 2803 με
2348 2732 2526 2803 δέρεις
2556 2748 2570 2798 ;
2599 2750 2619 2785 ι
2653 2730 2952 2801 ἠμείψατο.
2984 2728 3286 2800 Οὐδαμῶς,
3320 2727 3396 2791 ὡς
3447 2726 3515 2781 ἂν
3541 2728 3626 2791 εἱς
3650 2726 3720 2779 τὸ
3747 2727 3855 2780 ἀπ-

2250 2825 2580 2894 ερίσκεπτον
2619 2822 2732 2895 (19)
2769 2820 3137 2895 περιτραπείη
3175 2820 3238 2873 τὸ
3280 2819 3582 2890 περίεργον
3615 2818 3739 2872 τῶν
3768 2818 3857 2870 λο-

2250 2918 2491 2989 γισμῶν,
2514 2920 2628 2981 τοῖς
2649 2916 2832 2989 ἔργοις
2858 2916 2949 2969 τὸν
2978 2916 3135 2984 λόγον
3157 2913 3271 2985 (20)
3292 2912 3853 2982 καταστρεψάμενος,

2250 3012 2455 3080 τρόπον
2506 3009 2564 3062 δέ
2626 3027 2749 3064 τινα
2801 3009 3002 3080 μᾶλλον
3050 3010 3157 3062 κάν
3195 3010 3261 3079 τῇ
3300 3006 3525 3079 τοιαύτῃ
3558 3005 3770 3077 πράξει
3792 3004 3857 3057 τὸ

2255 3103 2407 3172 ρἧα
2438 3100 2901 3172 βεϐαιωσάμενος.
2935 3102 3112 3155 Κάκεῖ
3141 3099 3241 3169 μὲν
3268 3099 3376 3170 γὰρ
3422 3101 3454 3168 ή
3516 3097 3855 3166 παραίνεσις

2249 3193 2351 3262 τὴν
2385 3192 2682 3261 ἀμοιϐαίαν
2720 3193 2997 3264 τιμωρίαν
3040 3192 3431 3263 περιέκοπτεν,
3472 3190 3541 3243 δι’
3573 3185 3641 3260 ἦς
3681 3191 3771 3251 εἰς
3790 3189 3855 3241 τὺ

2252 3284 2479 3355 ἄπειρον
2500 3286 2534 3353 ὴ
2563 3284 2751 3349 στάσις
2782 3285 3134 3355 προέρχεται.
3168 3283 3263 3335 Διὸ
3302 3282 3403 3351 τῆς
3457 3280 3693 3351 πρώτης
3724 3282 3857 3333 ἀντ-

560 3404 799 3460 qnoque,
829 3402 951 3458 qua:
988 3386 1104 3441 ﬁeri
1140 3391 1378 3453 poterat,
1408 3379 1827 3436 retributionem
1876 3374 2154 3429 abstinere

2256 3375 2651 3444 επιχειρήσεως
2699 3373 3015 3440 ἐξίστασθαι
3063 3369 3363 3436 διετάξατο.
3401 3372 3513 3424 Καὶ
3553 3368 3654 3422 νῦν
3691 3369 3753 3421 δέ
3790 3369 3855 3420 τδ

552 3484 733 3552 jubet.
786 3479 934 3535 Idem
964 3491 1098 3533 vero
1126 3475 1291 3530 etiam
1330 3487 1475 3527 nunc
1498 3469 1756 3525 faciebat.
1790 3463 1982 3535 Neque
2003 3464 2151 3519 enim

2256 3462 2386 3517 αὐτὸ
2413 3463 2763 3535 διεπράξατο.
2787 3464 2864 3518 Οὐ
2891 3464 3000 3535 γὰρ
3031 3463 3250 3534 ἀμύνης
3294 3462 3439 3533 χειρὶ
3471 3461 3573 3531 τὴν
3609 3462 3857 3530 ῥαπίσα-

564 3576 757 3629 ultrice
792 3586 957 3627 manu
1019 3568 1261 3640 injuriae,
1315 3581 1347 3620 a
1403 3562 1767 3635 percutientis
1834 3559 1926 3613 illa
1971 3556 2148 3623 factaa,

2261 3571 2360 3608 σαν
2385 3554 2486 3624 τῆς
2512 3554 2725 3627 ὕϐρεως
2765 3554 2924 3626 δίκην
2966 3554 3355 3625 εἰσεπράξατο,
3412 3552 3769 3624 δικαιολογία
3798 3552 3858 3604 δέ

561 3680 756 3740 poenas
781 3662 1017 3733 repetiit,
1067 3661 1163 3716 sed
1199 3660 1255 3713 in
1291 3656 1371 3712 rei
1398 3655 1799 3725 indignitatem,
1823 3663 2006 3707 causa:
2033 3661 2151 3703 sua:

561 3760 964 3833 patrocinatus,
1004 3754 1187 3810 verbis
1218 3761 1429 3807 tantum
1459 3746 1865 3803 animadvertit.

551 3887 553 3890 ι
636 3850 875 3921 Propius
927 3862 1058 3903 vero
1089 3846 1203 3911 illa,
1255 3859 1378 3915 qua:
1434 3842 1538 3898 sibi
1580 3841 1813 3897 invicem
1846 3852 2154 3912 repugnare

564 3952 849 4017 putantur,
890 3940 963 3996 ita
999 3937 1461 3993 conclliabuntur.
1522 3934 1601 3989 lbi
1635 3932 1844 3987 scilicet
1873 3930 1983 3986 illis
2006 3938 2155 3984 vetat

566 4036 847 4097 resistere,
905 4031 1001 4103 qui
1059 4031 1114 4085 in
1157 4042 1361 4098 corpus
1392 4035 1447 4082 et
1489 4040 1576 4091 ea,
1608 4038 1733 4096 quae
1777 4022 1922 4079 circa
1946 4035 2152 4091 corpus

564 4135 716 4192 sunt,
752 4124 989 4196 injurios
1018 4137 1077 4178 se
1116 4129 1398 4192 praestant.
1457 4116 1560 4174 Hic
1587 4130 1719 4172 vero
1754 4114 1861 4170 nisi
1886 4113 2153 4169 erimina~

564 4222 799 4279 tionem,
856 4216 1017 4288 quasi
1084 4222 1421 4285 perverteret
1470 4219 1526 4267 et
1557 4209 1840 4266 seduceret
1875 4207 2152 4269 homines,

564 4325 705 4381 quos
743 4310 861 4379 ipse
903 4307 1049 4361 male
1094 4305 1314 4360 habitus
1341 4313 1490 4358 recte
1529 4301 1763 4357 ducebat
1786 4310 1841 4356 ct
1877 4299 2151 4362 servabat,

566 4402 651 4456 vel
691 4399 874 4454 verbis
908 4397 1121 4453 amoliri
1150 4396 1502 4460 instituisset,
1538 4392 1759 4464 quando
1785 4391 2153 4447 calumniato-

565 4506 660 4546 res
685 4490 762 4545 illi
794 4504 893 4545 sua
925 4488 1173 4559 colaphis
1202 4488 1421 4542 lirmare
1446 4486 1757 4552 audebant;
1787 4483 1897 4540 illis
1932 4484 2150 4553 quidem

570 4583 801 4640 liberam
868 4579 1200 4638 criminandi
1264 4586 1586 4649 potestatem
1660 4575 1903 4643 fecisset,
1962 4583 2039 4640 et,
2096 4582 2154 4629 ut

568 4676 760 4747 pejora
814 4674 1102 4739 auderent,
1163 4681 1358 4727 auctor
1403 4669 1616 4734 fuisset,
1667 4682 1729 4724 se
1760 4667 1941 4737 ipsum
1969 4680 2154 4723 veroa

569 4765 846 4821 calumnia
896 4763 987 4817 illa
1038 4772 1094 4817 et
1136 4760 1457 4826 mendaciis,
1521 4772 1645 4829 quae
1677 4757 1843 4827 impie
1884 4756 1938 4810 in
1971 4756 2152 4827 ipsum

570 4858 920 4923 evomebant,
990 4869 1100 4909 non
1141 4853 1447 4909 liberasset.
1508 4848 1613 4905 Ubi
1658 4850 1825 4920 igitur
1866 4848 2008 4904 inter
2038 4848 2154 4904 haec

2256 3646 2395 3721 μόνῃ
2423 3647 2685 3717 ῥημάτων
2707 3646 2804 3719 τὴν
2837 3646 3052 3701 ἀδικίαν
3075 3647 3375 3720 διήλεγξεν.

2296 3884 2297 3887 η
2334 3826 2554 3900 Ἀχθείη
2583 3828 2627 3881 δ’
2672 3828 2739 3883 ἂν
2769 3828 3100 3902 οἰκειότερον
3131 3829 3212 3893 είς
3258 3830 3583 3900 συμφωνίαν
3637 3829 3859 3901 μᾶλλον

2254 3920 2314 3974 τὸ
2339 3920 2597 3991 νομισθὲν
2637 3921 3129 3992 ἀντιφθέγγεσθαι,
3183 3924 3267 3977 ὅτι
3297 3922 3418 3976 ἐκεῖ
3442 3922 3545 3993 μὲν
3592 3926 3711 3986 τοῖς
3737 3926 3859 3979 ἀδι-

2255 4012 2443 4066 κοῦσιν
2458 4014 2539 4078 είς
2562 4006 2624 4066 τδ
2646 4014 2807 4085 σῶμα
2831 4016 2927 4069 καὶ
2955 4017 3090 4087 περὶ
3120 4014 3283 4086 σῶμα
3307 4015 3383 4087 μὴ
3400 4014 3509 4068 δεῖν
3535 4016 3859 4087 ἀπείρηκεν

2256 4104 2706 4162 άντανίστασθαι.
2779 4107 3047 4160 Ἐνταῦθα
3086 4107 3145 4161 δέ
3201 4108 3413 4179 πλάνης
3464 4108 3716 4179 γραφὴν,
3756 4112 3861 4162 καὶ

2257 4196 2463 4270 βλάϐης
2495 4197 2822 4269 ἀνθρώπων,
2855 4198 2947 4263 οὓς
2969 4200 3173 4273 ὡδήγει
3215 4217 3274 4254 τε
3307 4202 3402 4253 καὶ
3435 4199 3693 4264 διέσωζε,
3728 4201 3861 4254 5.19-

2255 4292 2509 4363 κόμενος,
2580 4293 2631 4344 εί
2669 4291 2808 4363 μηδέ
2833 4293 3044 4364 ῥήμασι
3067 4294 3325 4365 διανέστη
3354 4294 3645 4361 λύσασθαι,
3678 4294 3717 4348 ἃ
3744 4313 3850 4348 κα-

2254 4384 2616 4449 τασκευάζειν
2672 4386 2788 4448 τοῖς
2857 4386 3206 4456 ῥαπίσμασιν
3267 4388 3316 4440 οἱ
3373 4386 3857 4457 συκοφαντοῦντες

2256 4477 2698 4549 ἐμηχανήσαντο,
2728 4478 2979 4543 ἐκείνους
3024 4478 3126 4549 μὲν
3148 4480 3230 4542 εἰς
3255 4479 3450 4548 ἄφεσιν
3481 4477 3727 4534 ἀπέλυεν
3756 4478 3857 4531 τοῦ

2257 4570 2630 4641 ἐγκλήματος,
2668 4572 2762 4623 καὶ
2795 4571 2932 4642 πρὸς
2960 4572 3165 4641 θράσος
3197 4570 3399 4642 μᾶλλον
3429 4570 3728 4643 ἐπέτριϐεν
3748 4572 3859 4642 τῆς

2256 4664 2627 4734 ἀνοσιότητος,
2658 4662 2821 4719 αὐτὸν
2849 4664 2906 4717 δὲ
2931 4664 3030 4735 τῆς
3063 4663 3432 4734 συκοφαντίας
3463 4667 3560 4719 καὶ
3588 4665 3688 4720 τοῦ
3719 4665 3860 4735 ψεύ-

2254 4754 2401 4819 δους,
2438 4754 2585 4823 άπερ
2614 4754 2780 4809 αὐτοῦ
2829 4755 3109 4820 δυσσεϐῶς
3169 4756 3454 4828 κατέχεον,
3509 4758 3612 4812 οὐκ
3646 4758 3719 4813 ἂν
3754 4760 3859 4821 τὰς

2258 4847 2435 4911 αἰτίας
2472 4846 2763 4902 ἀπελύετο.
2805 4847 2913 4901 [Ιοῦ
2957 4849 3249 4921 τοιγαροῦν
3298 4853 3521 4905 ἐναντία
3576 4852 3778 4920 ταῦτα,
3823 4852 3859 4923 ἢ

574 4962 756 5018 pugna
785 4957 890 5013 est,
924 4955 979 5001 et
1006 4944 1282 5015 quomodo
1311 4942 1414 4999 sibi
1451 4942 1836 4998 contradicunt
1884 4956 1900 4995 :
1940 4939 2155 4995 caeden-

2264 4939 2570 5009 μαχόμενα,
2588 4937 2695 4992 Τὸν
2727 4939 3042 5009 ραπίσαντα
3085 4941 3161 5013 μὴ
3194 4942 3631 5016 ἀντιρραπίσῃς,
3679 4943 3775 4996 τὸν
3800 4943 3864 4995 δὲ

574 5051 681 5097 tem
723 5048 777 5095 te
827 5055 896 5095 ne
929 5038 1171 5094 vicissim
1208 5038 1414 5103 caedas;
1472 5044 1548 5102 et,
1606 5035 1652 5091 si
1684 5034 1808 5104 quis
1842 5034 2020 5090 dicam
2058 5031 2155 5088 tibi

575 5133 910 5217 seductioqis
972 5140 1069 5185 aut
1122 5127 1867 5199 improbitatislscripserit,
1920 5134 2016 5183 aut
2075 5134 2150 5194 te,

682 5315 752 5349 “‘
781 5316 975 5373 Matth.
1011 5333 1063 5383 v,
1097 5318 1164 5373 39
1189 5336 1204 5384 ;
1232 5316 1362 5372 Luc.
1403 5333 1479 5382 vi,
1508 5316 1597 5372 29.

1710 5316 1754 5348 ’⁸⁸
1781 5313 1938 5369 Joan.
1969 5330 2125 5382 xvut,
2157 5315 2248 5369 25.

2264 5031 2613 5102 γραφόμενον
2646 5047 2705 5083 σε
2733 5030 2942 5103 πλάνης
2970 5034 3004 5103 ἢ
3033 5031 3350 5095 δυσσεϐείας
3374 5034 3408 5104 ἢ
3438 5034 3541 5105 τὴν
3571 5036 3862 5106 σωτηρίαν

2260 5125 2641 5197 κηρύττοντά,
2702 5126 2780 5191 ὡς
2835 5127 3136 5199 εἰσηγητὴν
3175 5127 3478 5195 ἀπωλείας,
3526 5127 3725 5183 τοῦτον
3780 5130 3863 5201 μὴ

2099 5515 2330 5574 NOT/E.

653 5681 769 5751 (l9)
796 5680 1007 5751 Sequor
1039 5680 1293 5751 Uolbert.
1318 5682 1410 5751 qui
1443 5681 1516 5734 ita
1568 5679 1743 5751 habet
1762 5693 1862 5749 pro
1882 5678 2348 5751 εὐπερίσκεπτον.

652 5749 767 5821 (20)
803 5750 876 5805 Ita
905 5751 1210 5821 scribopro
1234 5750 1339 5806 τῶν
1365 5749 1560 5819 λόγων,
1610 5750 1857 5820 quodest
1880 5750 1936 5804 in
1963 5749 2144 5806 libris.
