4072 6480
310 262 415 331 781

1259 260 1357 323 ΑΒ
1394 258 1989 325 AMPHILOCHIUM
2014 258 2361 334 QUIESTIO
2388 259 2654 325 CXXXV.

3470 261 3577 335 742

312 367 822 447 ἐπιτρέψῃςταῦτά
851 390 935 428 σοι
961 371 1285 446 περιάπτειν
1308 415 1322 437 ,
1361 373 1486 443 μηδ’
1519 372 1889 426 ὑποκατακλι-

2002 371 2186 426 salutis
2209 386 2541 441 praeconem,
2588 368 2847 443 perniciei
2887 369 3165 425 doctorem
3210 373 3579 441 pronuntiarit

313 469 430 534 θεὶς
470 467 607 539 (21),
663 468 738 538 μὴ
769 467 946 537 φωνῇ,
999 464 1076 535 μὴ
1104 463 1343 516 διαθέσει
1381 463 1590 535 σιγώσῃ
1627 464 1740 535 (‘22)
1776 464 1899 534 μηδ’

312 560 473 615 ἄλλον
501 555 643 613 εἶναι
671 557 875 628 τρόπον
899 557 1187 620 ὑπαίτιοςς
1225 554 1387 608 Ἀλλά
1410 554 1486 624 τῷ
1515 555 1614 625 μὲν
1633 555 1734 622 τῆς
1762 554 1901 625 ἀλη-

311 652 468 714 θείας
523 649 877 719 φιλοθεάμονι
922 647 1045 700 esse
1080 646 1354 718 πρόφασιν
1392 645 1472 698 ἔτι
1515 646 1585 698 τὰ
1632 647 1900 716 εἰρημένα

311 742 780 812 ἀμφισὸητήσεως
809 738 1115 792 ὑπολείπει.
1147 738 1223 791 Τὸ
1254 738 1334 801 δὲ,
1374 754 1393 790 ι
1428 737 1520 807 Μὴ
1539 738 1743 790 ποιεῖτε
1783 737 1895 809 (9.5)

310 834 412 909 τὴν
441 833 817 907 ἐλεημοσύνην
846 831 1002 901 ὑμῶν
1029 830 1339 902 ἔμπροσθεν
1367 831 1477 889 τῶν
1505 829 1831 902 ἀνθρώπων·
1872 849 1892 884 ι

313 926 431 988 καὶ,
473 942 492 976 ι
536 925 601 976 Ὃ
626 923 773 975 ποιεῖ
807 923 841 989 ἡ
878 921 1027 987 δεξιά
1073 937 1192 987 σου,
1232 921 1308 992 μὴ
1329 921 1526 989 γνώτω
1570 922 1604 992 ὴ
1630 919 1899 992 ἀριστερά

314 1030 410 1068 σου
430 1029 444 1044 ·
483 1035 505 1067 ι
537 1012 652 1077 καὶ,
684 1030 704 1064 ι
736 1012 908 1065 Ὅταν
930 1010 1224 1083 νηστεύῃς,
1256 1012 1333 1083 μὴ
1362 1011 1631 1083 σαλπίσῃς
1655 1012 1899 1082 Ep.an-

311 1105 407 1159 θέν
436 1120 553 1167 σου,
591 1102 782 1174 ὥσπερ
830 1105 878 1157 οἱ
926 1102 1245 1173 ὑποκριταὶ,
1310 1122 1330 1156 ι
1377 1103 1516 1175 πρὸς
1563 1105 1645 1169 τδ,
1682 1122 1700 1156 ι
1740 1103 1897 1157 Οὕτω

309 1194 585 1264 λαμψάτω
615 1193 678 1247 τὸ
719 1193 837 1260 φῶς
871 1192 1029 1263 ὑμῶν
1079 1192 1391 1265 ἔμπροσθεν
1426 1195 1536 1249 τῶν
1597 1194 1893 1266 ἀθρώπωῦ,

307 1286 458 1349 ὅπως
484 1285 640 1339 ῐδωσι
672 1282 743 1340 τὰ
794 1283 937 1336 καλὰ
960 1282 1117 1352 ὑμῶν
1147 1282 1315 1354 ἔργα,
1340 1283 1436 1336 καὶ
1487 1283 1758 1350 δοξάσωσι
1803 1284 1895 1338 τὸν

310 1376 536 1447 Πατέρα
570 1374 727 1446 ὑμῶν
754 1373 848 1427 τὸν
875 1374 935 1427 ὲν
964 1378 1077 1438 τὸῐς
1128 1374 1404 1443 οὐρανοῖς,
1456 1392 1477 1427 ι
1513 1374 1768 1428 τοσοῦτον
1793 1376 1896 1428 ιῖιπ⁸

313 1471 429 1543 ἑχει
457 1469 580 1524 Δτοὶἷ
620 1467 889 1545 μάχεσθαι
936 1467 1073 1537 (24),
1117 1463 1259 1519 ὥστε
1287 1466 1383 1519 καὶ
1416 1464 1514 1535 την
1541 1466 1623 1518 ὅτι
1657 1466 1893 1537 μάλιστα

316 1561 645 1634 συμφωνίαν
675 1559 857 1634 κρίσει
877 1561 945 1633 τῇ
975 1560 1082 1629 ἐμῇ
1114 1557 1541 1621 κατασκευάζει.
1579 1558 1763 1611 Κακία
1796 1558 1894 1628 μὲν

314 1656 426 1727 γάρ
460 1655 495 1722 ἡ
519 1652 784 1716 ἐπίδειξις
808 1651 903 1705 καὶ
939 1650 1001 1704 τὸ
1032 1649 1270 1721 θηράσαι
1315 1648 1430 1719 (25)
1461 1648 1646 1715 δόξαν,
1676 1647 1894 1718 νέμεσίν

2002 462 2155 517 illum
2197 462 2300 516 ista
2330 461 2430 517 tibi
2460 463 2760 534 impingere
2790 477 2859 517 ne
2891 463 3137 533 patiaris,
3189 479 3389 535 neque,
3448 467 3578 522 sub-

2000 553 2222 609 mittens
2281 563 2356 617 te,
2415 555 2498 609 vel
2532 568 2682 619 voce,
2735 554 2818 609 vel
2849 554 3061 610 silentis
3089 554 3299 622 habitu,
3351 556 3434 611 vel
3468 558 3577 619 ulla

2000 646 2104 703 alia
2145 645 2360 701 ratione
2410 660 2539 702 reus
2587 647 2763 716 culpze
2809 647 3063 705 videaris.
3126 648 3312 720 Itaque
3350 651 3579 710 cordato

1998 736 2197 807 cuique
2245 736 2491 792 veritatis
2554 740 2847 793 scrutatori
2885 755 2982 795 nec
3022 741 3245 795 minima
3283 742 3571 802 dubitandi

2000 843 2165 884 causa
2214 842 2282 884 ex
2315 828 2479 885 dictis
2511 829 2618 886 illis
2639 832 3022 886 subnascetur.
3081 832 3175 888 Illa
3200 849 3330 889 vero
3361 835 3576 897 Domini

1997 919 2142 974 dicta
2196 935 2211 973 :
2277 938 2296 970 ι
2328 917 2406 972 Ne
2450 917 2667 975 faciatis
2717 920 3092 992 elecmosynas
3131 932 3343 979 vestras
3389 940 3577 980 coram

2000 1009 2314 1065 hominibus
2338 1010 2421 1077 “;
2454 1028 2474 1063 ι
2533 1020 2587 1065 et
2645 1028 2660 1065 :
2726 1027 2745 1061 ι
2775 1009 2909 1078 Quae
2946 1012 3078 1067 facit
3116 1014 3335 1070 dextera
3362 1025 3476 1080 tua,
3513 1031 3579 1075 ea

1999 1113 2105 1152 non
2153 1098 2301 1153 norit
2351 1098 2575 1154 sinistra
2599 1105 2689 1153 tua
2715 1100 2803 1164 ";
2837 1118 2858 1153 ι
2896 1109 2957 1156 et
3005 1120 3020 1158 :
3081 1121 3100 1154 ι
3133 1102 3190 1157 Si
3217 1104 3576 1174 jejunaveris,

1998 1204 2066 1244 ne
2114 1189 2374 1245 buccines
2422 1197 2549 1245 ante
2604 1199 2678 1255 te,
2735 1200 2795 1246 ut
2850 1193 3147 1264 hypocrita:
3168 1195 3252 1261 ‘3;
3286 1213 3305 1248 ι
3367 1204 3578 1254 tantum

1996 1281 2168 1346 abest,
2218 1289 2278 1335 ut
2313 1296 2438 1336 cum
2486 1281 2596 1337 illis
2639 1300 2654 1337 :
2713 1301 2732 1335 ι
2758 1282 2834 1338 Ita
2868 1284 3043 1340 luceat
3065 1285 3160 1340 lux
3189 1296 3366 1340 vestra
3390 1302 3575 1341 coram

1996 1370 2345 1437 hominibus,
2425 1378 2488 1425 ut
2535 1371 2678 1427 bona
2744 1383 2923 1429 vestra
2986 1389 3151 1444 opera
3211 1376 3471 1442 videant,
3525 1384 3584 1439 εἰ

1998 1460 2214 1517 Patrem
2251 1471 2492 1517 vestrum
2525 1463 2578 1518 in
2605 1464 2758 1520 caelis
2789 1466 3013 1520 laudent
3035 1466 3080 1498 ⁸⁸
3100 1506 3114 1529 ,
3151 1484 3170 1519 ι
3219 1478 3485 1537 pugnent,
3516 1479 3580 1525 ut

1998 1566 2125 1608 meo
2178 1555 2397 1624 quidem
2447 1554 2659 1623 judicio
2709 1572 2898 1613 secum
2934 1558 3162 1614 invicem
3205 1561 3420 1631 egregie
3440 1576 3578 1616 con-

1998 1644 2232 1715 spirent.
2283 1644 2483 1701 Vitium
2506 1649 2653 1703 enim
2677 1658 2763 1703 est
2796 1652 3091 1707 ostentatio
3124 1652 3322 1717 omnis,
3377 1662 3461 1720 et,
3495 1653 3582 1709 af-

314 1766 376 1801 τε
409 1747 508 1800 σὺν
527 1746 652 1819 δίκῃ
682 1745 776 1798 καὶ
794 1742 986 1813 ψόγον,
1007 1742 1072 1796 οὐ
1099 1742 1448 1812 γραφόμενον
1473 1740 1582 1793 ἀπὸ
1601 1739 1711 1792 τῶν
1738 1757 1904 1793 σπου-

2010 1734 2269 1791 l'ectatum
2324 1736 2514 1807 gloriae
2565 1738 2832 1807 studium,
2888 1740 3291 1812 vindictamque
3316 1753 3371 1797 et
3396 1758 3583 1814 repre-

321 1836 512 1903 δαίων,
545 1832 794 1888 κινοῦσα.
837 1832 903 1885 Ἦ
931 1831 989 1884 δὲ
1013 1830 1160 1900 φυγὴ
1188 1829 1288 1898 τῆς
1315 1826 1623 1892 κενοδοξίας
1643 1829 1814 1899 ἀρετή
1842 1826 1905 1879 τέ

316 1931 469 1984 ἐστιν
501 1927 598 1982 καὶ
638 1924 840 1995 σεμνοῦ
867 1922 1035 1994 ἡθους
1066 1921 1163 1975 καὶ¹
1186 1920 1296 1974 τῶν
1334 1921 1570 1974 συνετῶν
1599 1918 1906 1990 ἀνθρώπων

314 2020 638 2074 ἁποτίκτειν
665 2011 813 2070 οἶδεν
838 2016 918 2078 εἰς
943 2014 1078 2067 Θεὸν
1106 2012 1206 2084 τὴν
1244 2012 1596 2083 εὐχαριστίαν
1616 2053 1631 2076 ,
1656 2012 1743 2064 ὃτι
1780 2010 1905 2080 βλέ-

314 2127 482 2166 πουσι
510 2110 611 2181 μὲν
654 2105 982 2171 δοξοκοπίαν
1013 2103 1453 2175 ἀτιμαζομὲνην,
1499 2100 1701 2172 ἀρετὴν
1730 2100 1790 2154 δὲ
1820 2118 1904 2154 τι-

319 2204 605 2275 μωμένην.
629 2200 758 2264 Πῶς
778 2198 872 2253 οὖν
907 2198 958 2252 οἱ
992 2196 1396 2266 ἐνδεικνύμενοι
1420 2197 1578 2263 δόξαν
1608 2194 1669 2260 ἐξ
1696 2193 1906 2265 ἀνθρὼ-

318 2312 439 2347 πων
477 2291 777 2363 θηρῶνται,
806 2288 868 2353 ἐξ
913 2279 977 2341 οὗ
1024 2286 1228 2358 μᾶλλον
1263 2286 1450 2349 αὐτοῖς
1476 2286 1673 2338 ἕπεται
1700 2283 1902 2355 ψόγοςς

317 2384 432 2443 Καὶ
473 2382 589 2447 πῶς
621 2382 883 2453 ἀπέχουσι
925 2378 1017 2433 τὸν
1051 2378 1245 2449 μισθὸν
1288 2379 1503 2444 αὐτῶν;
1551 2378 1653 2431 οὐκ
1703 2377 1812 2432 ἀπό
1841 2394 1904 2446 γε

314 2477 428 2531 τῶν
466 2474 730 2543 θεοφιλῶν
760 2473 856 2527 καὶ
896 2469 1200 2524 σπουδαίων
1222 2510 1237 2535 ,
1277 2471 1404 2533 τοὺς
1435 2469 1494 2523 δὲ
1529 2469 1758 2533 πολλοὺς
1802 2470 1898 2523 καὶ

313 2568 606 2637 ἀγελαίους
630 2565 743 2636 (26)
772 2562 1206 2626 διαπλανῶντες,
1232 2562 1327 2639 καὶ
1364 2561 1535 2632 μηδὲν
1564 2562 1728 2615 πλέον
1758 2560 1902 2632 ἔχον-

313 2672 420 2717 τας
443 2651 847 2722 διασκέψασθαι
875 2649 973 2704 τοῦ
1003 2650 1358 2719 φαινομένου.
1398 2650 1463 2704 Εἰ
1506 2651 1687 2702 τοίνυν
1715 2649 1776 2702 τὸ
1814 2666 1907 2702 κε-

314 2746 529 2811 νόδοξον
556 2743 796 2813 φαύλους
825 2743 997 2808 ποιεῖ,
1024 2739 1123 2794 καὶ
1151 2740 1251 2810 τὴν
1274 2738 1334 2804 ἐξ
1353 2738 1660 2810 ἀνθρώπων
1682 2741 1904 2811 νέμεσιν

316 2835 549 2905 ἐγείρει,
590 2834 624 2904 ἡ
657 2831 717 2885 δὲ
765 2828 958 2885 τούτου
1006 2827 1158 2900 φυγὴ
1187 2828 1451 2883 τάναντία
1504 2828 1755 2898 πράττει,
1809 2830 1906 2883 καὶ

314 2926 446 2991 τοὺς
466 2923 910 2993 ἐπιεικεστέρους
931 2922 1011 2984 εἰς
1023 2919 1336 2989 δοξολογίαν
1358 2920 1493 2973 Θεοῦ
1514 2921 1904 2991 παραπέμπει,

319 3020 441 3081 πῶς
470 3018 593 3088 οὐχὶ
629 3015 959 3071 συστατικὸν
985 3014 1307 3086 εὑρίσκεται
1341 3011 1543 3083 μᾶλλον
1561 3012 1658 3065 τοῦ
1686 3012 1799 3082 (27)
1829 3011 1906 3083 μὴ

2006 1826 2357 1895 hensionem,
2415 1843 2537 1897 qua:
2564 1829 2808 1901 alioquin
2841 1847 2905 1887 ex
2959 1832 3124 1889 rebus
3153 1835 3436 1905 praeclaris
3470 1851 3581 1896 non

2004 1920 2271 1987 nascitur,
2321 1921 2526 1976 excitat
2557 1939 2571 1976 :
2603 1937 2757 1978 vanae
2786 1938 2914 1978 vero
2944 1924 3132 1996 gloria:
3172 1924 3301 1995 fuga
3327 1938 3381 1982 et
3410 1927 3584 1983 virtus

2003 2021 2107 2077 est,
2161 2020 2217 2066 et
2271 2012 2535 2068 honestos
2580 2014 2758 2079 decet,
2816 2015 3183 2086 cordatosque
3234 2016 3485 2072 homines
3514 2018 3581 2072 ad

2004 2104 2207 2173 gratias
2234 2103 2342 2159 Deo
2367 2105 2605 2174 agendas
2644 2116 2944 2174 permovet,
2978 2106 3199 2177 quando
3224 2108 3583 2166 ambitionem

2005 2196 2305 2262 contemni,
2352 2198 2613 2251 virtutem
2652 2211 2785 2253 vero
2833 2198 2889 2252 in
2934 2200 3109 2268 pretio
3153 2198 3343 2254 haberi
3377 2199 3581 2255 vident.

2006 2287 2291 2354 Quomodo
2324 2288 2507 2358 itaque
2525 2295 2865 2345 ostentantes
2892 2305 2951 2345 se
2974 2290 3203 2362 gloriam
3231 2291 3301 2345 ab
3340 2290 3550 2345 homini
3568 2320 3583 2333 -

2005 2377 2111 2434 bus
2176 2388 2557 2449 aucupantur,
2621 2380 2768 2435 unde
2826 2381 3160 2435 contumelia
3220 2382 3405 2451 potius
3475 2380 3584 2438 illis

2005 2471 2292 2528 nascitur?
2352 2469 2424 2527 Et
2454 2471 2731 2541 quomodo
2757 2470 3006 2527 referunt
3038 2472 3341 2528 mercedem
3385 2469 3584 2528 suam?

2005 2576 2115 2617 non
2147 2575 2280 2617 sane
2306 2562 2376 2616 ab
2410 2561 2749 2628 hominibus,
2784 2561 2896 2616 Deo
2925 2561 3110 2617 charis
3136 2570 3191 2617 et
3220 2561 3444 2617 virtutis
3469 2559 3585 2617 cul-

2005 2653 2240 2717 toribus,
2291 2653 2386 2708 sed
2412 2667 2445 2707 a
2477 2653 2641 2725 vulgo
2664 2663 2719 2708 et
2752 2653 3017 2725 gregariis
3047 2653 3385 2719 hominibus,
3420 2668 3584 2723 quos,

2008 2752 2269 2815 tanquam
2301 2754 2525 2800 externa
2567 2753 2780 2800 tantum
2822 2745 3072 2817 judicare
3120 2746 3387 2811 valentes,
3434 2746 3587 2802 deciv

2007 2838 2191 2906 piunt.
2261 2836 2419 2902 Quod
2477 2835 2526 2892 si
2587 2839 2770 2907 itaque
2810 2851 2965 2892 vanae
2997 2836 3186 2907 gloriae
3214 2838 3459 2893 studium
3483 2837 3586 2892 ho.

2008 2926 2186 2982 mines
2219 2927 2394 2982 malos
2425 2926 2606 2992 elﬁcit,
2644 2926 3041 2999 hominumque
3078 2928 3340 2983 invidiam
3387 2928 3587 2994 irritat,

2006 3017 2251 3085 ejusdem
2277 3032 2407 3075 vero
2432 3017 2560 3090 fuga
2599 3020 2785 3074 omnia
2814 3019 2921 3075 alia
2948 3020 3228 3083 conciliat.
3258 3028 3313 3074 et
3351 3020 3588 3091 optimos

320 3109 750 3172 ἐπιδείκνυσθαι,
771 3106 906 3178 μηδὲ
926 3103 1227 3169 κενοδοξεῖν
1248 3104 1310 3156 τό
1330 3119 1344 3134 ⁸
1372 3122 1391 3155 ι
1427 3102 1614 3167 Οὕτως
1634 3102 1904 3173 λαμψάτω

2008 3122 2257 3179 quosque
2288 3109 2355 3165 ad
2406 3111 2578 3164 divini
2616 3109 2870 3165 Numinis
2900 3111 3110 3166 laudem
3140 3112 3351 3177 incitat,
3406 3128 3589 3169 nonne

317 3202 385 3256 τὸ
415 3201 531 3271 φῶς
551 3201 705 3270 ὑμῶν
734 3197 1046 3270 ἔμπροσθεν
1071 3196 1181 3251 τῶν
1209 3194 1517 3267 ἀνθρώπων
1541 3211 1556 3260 ;
1596 3213 1617 3248 ι

322 3296 725 3363 hominibus”
788 3291 1176 3351 commendare
1216 3290 1321 3346 hoc
1404 3291 1459 3346 in
1510 3290 1704 3361 primis
1780 3290 2209 3362 existimabitur,
2274 3312 2345 3352 ne
2415 3298 2541 3367 quis

319 3398 626 3459 aucupetur
638 3386 664 3440 ἲ

403 3490 564 3546 Ἀλλά
589 3489 706 3553 πῶς
737 3488 942 3559 λάμψει
972 3488 1036 3541 τὸ
1065 3487 1181 3555 φῶς
1214 3482 1531 3556 ἔμπροσθεν
1552 3480 1663 3535 τῶν
1685 3478 1897 3550 ἀνθρώ.

316 3601 460 3649 πων,
493 3583 659 3654 μηδὲν
696 3581 805 3635 τῶν
834 3582 891 3634 ἐν
913 3582 1096 3650 κρυφῇ
1130 3575 1526 3649 πραττομένων
1567 3573 1896 3638 συνιέντωνς

315 3678 555 3748 Εἴρηται
589 3676 688 3746 μὲν
716 3675 840 3745 ήδη.
867 3673 1015 3744 Πλὴν
1038 3670 1184 3725 οὓτω
1214 3668 1436 3740 μᾶλλον.
1468 3666 1528 3720 '0
1551 3666 1660 3736 γὰρ
1688 3664 1899 3735 βλέπων

319 3767 384 3820 ἐν
409 3765 490 3836 τῷ
515 3763 745 3839 κρυπτῷ
793 3760 1005 3832 Πατὴρ,
1060 3758 1224 3821 αὐτὸς
1268 3758 1369 3827 τῆς
1408 3755 1557 3810 ἔνδον
1606 3751 1899 3825 ἀστραπῆς

317 3860 423 3933 τὴν
462 3855 659 3925 αἴγλην
726 3852 950 3915 δυνατός
979 3854 1129 3906 ἐστιν
1166 3850 1248 3910 εἱς
1279 3849 1342 3901 τὸ
1387 3845 1620 3916 φανερὸν
1648 3842 1900 3933 ηὲναυγά-

307 3932 436 3999 σαι.
487 3942 696 4005 Ἄλλως
724 3958 785 3995 τε
818 3939 975 4001 δυσὶν
1014 3938 1046 3991 ό
1096 3936 1386 4000 σπουδαῖος
1434 3932 1901 4006 χαρακτηρίζεται

318 4033 578 4106 τρόποις,
634 4032 730 4086 καὶ
801 4030 924 4086 δυσὶ
988 4030 1229 4102 μάλιστα
1288 4026 1563 4100 γράφεται
1618 4022 1899 4094 χρώμασι,

318 4130 390 4198 τῇ
416 4125 528 4198 (ἳ8)
559 4124 684 4180 καθ’
718 4118 979 4195 ὁμοίωσιν
1024 4117 1121 4176 τοῦ
1151 4120 1398 4176 Πλάστου
1444 4117 1660 4187 ἀρετῶν
1688 4114 1902 4187 αἱρέσει

319 4218 423 4272 καὶ
448 4218 649 4282 κακίας
680 4219 850 4289 φυγῇ.
886 4216 951 4270 Ἠ
986 4215 1087 4286 μὲν
1123 4209 1219 4267 οὖν
1247 4211 1348 4281 τῆς
1371 4209 1572 4271 κακίας
1606 4205 1755 4278 φυγὴ
1783 4202 1898 4278 (29)

319 4304 533 4375 λάμπει
562 4306 779 4368 πάντως
818 4303 1132 4375 ἔμπροσθεν
1163 4301 1273 4354 τῶν
1319 4298 1647 4369 ἀνθρώπων,
1671 4296 1776 4350 κᾶν
1792 4294 1903 4348 ἔσω

319 4412 407 4459 τις
441 4394 579 4466 (50),
610 4396 712 4465 ὅση
750 4395 1015 4465 δύναμις,
1057 4392 1270 4464 κατέχῃ
1314 4390 1416 4461 τὴν
1445 4387 1797 4460 λαμπηδόνα.
1826 4386 1903 4441 Τὸ

318 4484 436 4555 γὰρ
470 4485 547 4556 μὴ
576 4488 737 4556 χεῖρα
776 4485 947 4539 κακὸν
970 4480 1135 4547 εἶναι,
1173 4482 1250 4554 μὴ
1283 4483 1416 4553 περὶ
1439 4479 1627 4551 ὓϐριν,
1661 4478 1739 4551 μὴ
1772 4478 1902 4549 περὶ

2010 3199 2215 3253 dictum
2262 3200 2395 3255 illud
2450 3219 2465 3255 :
2527 3200 2653 3256 alta
2687 3201 2966 3271 splendeat
3024 3203 3115 3257 lux
3165 3213 3349 3258 vestra
3399 3218 3587 3259 coram

2619 3312 2679 3353 se
2733 3306 2971 3353 ostentet
3021 3308 3077 3353 et
3118 3314 3314 3354 vanam
3357 3300 3586 3371 gloriam

2079 3476 2372 3543 Quomodo
2427 3491 2559 3532 vero
2610 3477 2813 3533 lucebit
2860 3478 2953 3532 lux
3008 3493 3193 3533 coram
3246 3479 3584 3547 hominibus,

2008 3569 2101 3640 qui
2144 3567 2281 3623 nihil
2308 3582 2524 3633 eorum,
2583 3584 2705 3637 quae
2734 3568 2791 3624 in
2831 3569 3067 3625 obscuro
3096 3581 3354 3640 aguntur,
3373 3571 3586 3642 perspi.

2003 3663 2196 3718 ciunt?
2257 3660 2315 3716 ω
2370 3661 2592 3732 quidem
2649 3661 2758 3732 jam
2790 3660 3103 3732 expositum
3128 3671 3232 3728 est,
3274 3662 3370 3717 sed
3405 3677 3473 3717 ex
3503 3677 3587 3718 sev

2004 3753 2300 3825 quentibus
2337 3753 2575 3822 amplius
2602 3753 2958 3824 intelligetur.
3020 3752 3183 3809 Pater
3226 3753 3456 3817 scilicet.
3488 3754 3587 3826 qui

2003 3845 2238 3901 obscura
2296 3844 2582 3916 perspicit,
2657 3844 3004 3915 splendorem
3054 3846 3203 3901 intus
3240 3845 3498 3902 latentem
3527 3846 3582 3901 in

2003 3932 2252 4004 apricum
2336 3932 2585 4003 proferre
2629 3942 2829 4003 potest.
2898 3931 3167 3988 Praeterea
3221 3948 3352 3990 vero
3408 3935 3588 3992 bonus

2003 4024 2239 4093 quisque
2289 4037 2358 4078 ex
2395 4023 2604 4079 duabus
2636 4024 2802 4079 rebus
2840 4025 3205 4094 cognoscitur,
3266 4036 3322 4081 et
3373 4027 3588 4083 duabus

2005 4115 2354 4185 potissimum
2417 4115 2560 4169 notis
2600 4114 2977 4184 diStinguitur,
3042 4117 3171 4171 hinc
3213 4132 3281 4170 ex
3320 4118 3583 4173 virtutum

2004 4205 2209 4269 studio,
2265 4218 2377 4275 quo
2434 4204 2708 4260 conditori
2766 4208 2824 4259 lit
2878 4206 3099 4273 similis,
3150 4207 3281 4262 hinc
3332 4222 3398 4264 ex
3455 4207 3583 4279 fuga

2002 4295 2285 4351 vitiorum.
2342 4293 2463 4350 Jam
2488 4309 2618 4351 vero
2654 4296 2916 4351 vitiorum
2939 4296 3063 4367 fuga
3102 4313 3317 4369 semper
3336 4299 3588 4370 splendet

2005 4401 2193 4442 coram
2257 4386 2598 4452 hominibus,
2665 4387 2881 4444 etiamsi
2933 4389 3080 4460 quis,
3141 4390 3323 4461 quoad
3383 4401 3583 4462 potest,

2006 4483 2312 4554 lampadem
2346 4483 2487 4538 intra
2511 4498 2572 4539 se
2609 4485 2909 4539 contineat.
2972 4484 3031 4544 Si
3079 4486 3205 4554 quis
3227 4486 3376 4541 enim
3415 4501 3586 4550 manu

320 4577 605 4647 χρήματα,
638 4578 764 4648 μηδ’
782 4577 995 4651 ἀκρατῆ
1021 4575 1277 4644 γλῶσσαν
1300 4574 1429 4645 περὶ
1456 4571 1736 4642 διαϐολὴν,
1768 4571 1898 4642 περὶ

2002 4591 2108 4633 non
2145 4576 2391 4632 abutitur
2436 4574 2583 4631 circa
2637 4577 2870 4648 injurias
2910 4586 2966 4633 et
3020 4578 3166 4633 circa
3192 4578 3586 4648 pecuniamgsi

319 4667 541 4737 ὅρκους,
582 4669 710 4737 περὶ
735 4668 917 4738 ὅμοια,
953 4666 1046 4719 καὶ
1073 4662 1264 4727 ἁπλῶς
1299 4665 1359 4715 ἐν
1393 4663 1533 4719 πᾶσι
1560 4662 1672 4733 (51)
1703 4661 1896 4734 μηδενὶ

2004 4667 2204 4741 linguae
2264 4676 2534 4738 temperat
2596 4668 2745 4724 circa
2794 4668 3122 4735 calumnias,
3170 4668 3582 4741 jusjurandum,

395 4807 443 4841 “
470 4807 661 4867 Matth.
692 4825 766 4875 γι,
806 4808 859 4862 l.
893 4807 939 4854 δ’
970 4804 1103 4865 ibid.
1138 4804 1194 4859 5.
1228 4803 1273 4837 ⁴⁸
1308 4803 1441 4863 ibid.
1475 4804 1563 4859 16.
1596 4804 1641 4836 δ’
1676 4802 1868 4862 Matth.
1897 4822 1953 4872 ν,
1982 4805 2067 4862 16.

1842 4978 2078 5038 NOTAE.

417 5103 510 5169 21)
536 5102 634 5158 Ms.
667 5100 1162 5173 ὑποκατακληθείς.

418 5168 509 5242 2‘2)
536 5172 611 5227 lta
644 5181 791 5228 recte
817 5172 970 5227 Colb.
998 5168 1098 5243 pro
1127 5168 1392 5241 στιγιῖηῃ.

397 5243 510 5309 (25)
544 5243 723 5298 Codex
751 5244 889 5297 alter
916 5245 1176 5297 ποιεῖται.

321 5306 507 5443 σθθι)
569 5313 777 5384 ’Δνέχει
831 5312 925 5367 τοῦ
985 5312 1292 5384 μάχεσθαι,
1337 5307 1493 5366 Colb.
1551 5323 1653 5381 pro
1707 5306 1903 5379 ἀπίχε-

393 5402 469 5437 αι.

393 5402 469 5437 αι.

416 5453 507 5525 25)
534 5454 682 5511 Idem
706 5469 809 5525 pro
840 5453 1017 5525 θήρης
1044 5452 1161 5509 καί.

391 5460 507 5596 ίθὶϐ)
534 5526 627 5596 Sic
654 5525 835 5596 scribo
856 5540 954 5595 pro
984 5526 1199 5595 ἔχοντες
1221 5538 1235 5553 ο
1271 5521 1507 5578 refertur
1532 5520 1676 5577 enim
1706 5518 1772 5573 ad
1798 5531 1896 5571 vo-

314 5594 439 5659 eam
469 5594 781 5663 ἀγελαίους.

392 5656 619 5736 (Ἣ)τοῦ
648 5656 841 5741 scripsi
864 5678 967 5741 pro
995 5664 1075 5733 τό,
1136 5673 1191 5720 et
1240 5678 1363 5719 mox
1420 5662 1502 5731 τό,
1549 5675 1646 5732 pro
1675 5659 1789 5718 τοῦ.
1825 5656 1896 5718 Ita

1991 5095 2137 5155 enim
2172 5107 2370 5152 sensus
2390 5092 2563 5161 jubet.

2067 5164 2184 5234 (‘28)
2214 5165 2291 5218 Ita
2315 5165 2675 5234 scribendum
2704 5176 2807 5234 pro
2839 5161 2918 5214 1:6.

2070 5230 2187 5306 (‘29)
2210 5236 2245 5305 ὴ
2269 5231 2372 5306 μὲν
2404 5230 2498 5287 οὖν
2518 5233 2629 5306 *τῆς
2658 5230 2855 5306 κακίας
2877 5233 3027 5306 φυγή
3047 5234 3218 5288 debeo
3241 5231 3579 5306 Colbertino,

2002 5303 2126 5375 quin
2168 5303 2339 5360 verba
2380 5318 2449 5358 ex
2484 5303 2845 5375 altero‘male
2875 5303 3197 5363 exciderant
3235 5304 3306 5358 ob
3334 5306 3582 5373 proxima

2004 5371 2334 5445 antecedens
2363 5390 2377 5427 :
2418 5375 2532 5445 gul.
2558 5371 2760 5436 κακίας
2792 5375 2962 5445 φυγῇ.

2080 5445 2199 5517 (50)
2222 5443 2369 5517 idem
2404 5442 2561 5517 Golb.
2584 5459 2691 5517 pro
2717 5440 2881 5496 ὲσώό.

2005 5587 2036 5645 λ
2075 5512 2189 5645 ἓόἒ)
2219 5513 2313 5569 Sic
2343 5515 2693 5572 scribendum
2728 5528 2827 5590 pro
2853 5512 3023 5595 πάσῃ.
3045 5520 3101 5569 et
3132 5527 3256 5573 mox
3286 5515 3458 5593 λαβήν
3481 5532 3583 5593 βω

2040 5605 2071 5641 α
2112 5604 2135 5645 ε
2163 5606 2210 5645 ν.
3097 5606 3101 5609 -

2040 5604 2210 5647 αοεινο
3097 5606 3101 5609 ’

3673 5158 3726 5217 ,ἐξ
