4072 6444
528 297 636 360 743

1687 301 1950 362 PHOTII
1991 298 2493 361 PATRIARCIL‘E
2519 301 2626 362 (ΖΡ.

3692 293 3810 360 ’ίίὲ

526 417 581 463 et
630 407 793 478 hujus
837 408 1053 477 generis
1080 410 1226 474 alia;
1288 411 1335 465 si
1360 411 1595 481 denique
1620 412 1825 467 nullam
1852 414 2105 484 cuiquam

2218 413 2491 484 μηδεμίαν
2518 413 2690 482 λαϐὴν
2720 414 3057 485 ἐμπαρέχειν
3078 429 3090 441 ·
3122 410 3297 465 ταῦτα
3318 413 3418 464 καὶ
3452 408 3522 464 τὰ
3551 410 3808 462 τοιαῖιτας

526 497 989 555 animadvertendi
1053 503 1107 555 in
1162 519 1219 557 se
1277 507 1623 560 occasionem
1679 509 1910 576 praebet;
1970 509 2105 573 hate,

528 592 775 661 inquam,
826 602 881 649 et
935 595 1045 663 hic,
1073 598 1295 664 similia,
1359 599 1545 655 invitis
1578 602 1741 655 etiam
1781 603 2109 667 nobis,illu-

526 691 694 737 strem
728 691 783 738 et
806 685 1172 742 clarissimam
1203 687 1381 743 lucem
1412 689 1696 745 hominum
1722 694 1897 748 oculis
1926 694 2107 749 oﬂ‘un-

524 773 680 827 dunt.
735 774 883 829 Idem
911 778 1017 833 hoc
1046 778 1208 833 divus
1243 779 1465 845 Paulus,
1498 782 1785 837 Timotheo
1817 785 2106 839 sacerdotii

526 866 669 936 leges
694 867 997 934 inculcatis,
1034 869 1109 924 ait
1170 886 1185 925 :
1252 890 1270 923 ι
1302 869 1527 941 Oportet
1556 890 1685 929 vero
1705 875 1866 930 illum
1902 877 2105 931 bonum

524 959 899 1013 testimonium
917 962 1084 1015 etiam
1108 961 1176 1015 ab
1202 964 1443 1018 externis
1469 966 1748 1022 habere”.
1778 986 1797 1018 ι
1838 968 2105 1024 Vitiorum

523 1064 689 1118 porro
721 1050 847 1120 fuga
874 1053 1057 1118 efIicit,
1119 1063 1179 1108 ut
1205 1054 1408 1109 ludatis
1439 1066 1490 1110 et
1528 1058 1852 1125 gentilibus,
1906 1071 1963 1115 et
2010 1063 2107 1116 toti

522 1139 781 1198 Ecclesia:
819 1144 1027 1200 Christi
1076 1162 1184 1201 non
1213 1148 1321 1202 sint
1351 1148 1676 1205 ofl‘endiculo
1704 1151 1773 1206 ⁵¹.
1827 1151 2107 1223 Jejunium

520 1251 673 1301 vero,
728 1246 783 1291 et
833 1254 1133 1307 pauperum
1166 1241 1469 1306 miseratio,
1522 1244 1883 1315 lacrymteque
1913 1248 2107 1303 oculo-

523 1342 644 1380 rum
675 1336 731 1382 et
761 1328 973 1383 intenta
1020 1334 1261 1400 precatio
1308 1334 1447 1387 ciant
1480 1335 1594 1390 fieri
1646 1348 1866 1403 amant;
1915 1342 2105 1395 eadem

521 1433 654 1473 vero
684 1420 868 1475 itidem
900 1422 1082 1491 fugam
1122 1425 1380 1480 vitiorum
1407 1427 1491 1481 sui
1516 1428 1721 1482 habent
1752 1431 2106 1501 interpretem

489 1532 495 1567 ς
521 1511 691 1566 altum
725 1512 1074 1581 clamantem,
1102 1526 1157 1570 et
1194 1534 1497 1587 praeconem
1529 1521 1820 1587 illustrem,
1852 1527 2106 1594 quando-

491 1601 743 1670 tquidem
774 1603 866 1657 illa
909 1605 1195 1661 hominum
1244 1610 1436 1665 oculos
1468 1611 1705 1679 primunt
1733 1616 2108 1687 perstringens

519 1693 750 1749 occultae
790 1696 955 1750 etiam
997 1697 1215 1754 virtutis
1283 1702 1630 1770 Splendorem
1701 1722 1888 1761 secum
1938 1707 2104 1771 ferre,

519 1795 571 1840 et
593 1788 767 1843 oculis
789 1788 1039 1859 ingerere
1067 1793 1372 1847 consuevit.

592 1878 736 1933 Sunt
769 1894 898 1935 vero
937 1881 1126 1947 etiam,
1189 1894 1318 1937 sunt
1371 1885 1596 1941 virtutes
1634 1890 1927 1955 nonnullae,
1962 1906 2101 1961 quas

518 1970 576 2025 in
602 1970 845 2026 medium
879 1972 1151 2041 proferre,
1186 1974 1425 2031 maxime
1464 1993 1595 2032 vero
1649 1978 1791 2042 illos,
1849 1982 1943 2050 qui
1980 1983 2102 2037 aliis

520 2063 760 2134 praefecti
788 2074 938 2132 sunt,
975 2077 1209 2137 oportet.
1242 2067 1523 2124 Justitiam
1554 2080 1707 2140 puto,
1738 2081 1792 2127 et
1818 2074 2098 2142 pietatem.

518 2172 823 2228 earumque
883 2160 1179 2224 vindicem,
1238 2160 1639 2230 fortitudinem,
1708 2165 1959 2235 aliasque
1992 2166 2102 2221 illis

518 2250 730 2307 afﬁnes.
779 2250 1073 2322 Propterea
1129 2269 1229 2309 nec
1274 2255 1394 2310 illas
1444 2255 1705 2312 Servator
1756 2258 1811 2312 in
1864 2260 2103 2314 obscuro

518 2342 713 2397 haberi
764 2342 943 2411 jubet,
986 2345 1079 2398 sed
1105 2344 1372 2415 jejunium
1412 2350 1615 2415 potius,
1672 2348 2099 2420 cleemosynam,

516 2434 715 2504 hisque
752 2434 980 2491 similes.
1032 2436 1089 2490 ln
1138 2437 1399 2492 omnibus
1435 2448 1616 2493 tamen
1660 2441 1813 2508 illud,
1849 2443 1993 2510 quod
2032 2445 2102 2498 ad

514 2528 944 2585 ostentationem
1002 2540 1056 2583 et
1110 2546 1265 2585 vana:
1336 2532 1522 2601 gloriae
1572 2533 1812 2589 studium
1869 2547 2100 2606 spectat,

515 2621 705 2690 procul
748 2637 871 2677 esse
914 2623 1048 2685 vult,
1106 2634 1269 2694 atque
1330 2624 1381 2678 id
1426 2626 1647 2694 quidem
1685 2642 1780 2696 per
1833 2628 2103 2683 occultant

516 2710 673 2777 illud,
698 2720 752 2765 et
792 2722 1125 2781 praeceptum
1192 2733 1206 2768 :
1243 2733 1289 2784 ιι
1314 2712 1391 2769 Ne
1448 2717 1585 2771 sciat
1629 2718 1853 2773 dextera
1883 2730 1975 2773 tua
2016 2735 2101 2783 ea,

516 2814 640 2869 qua:
670 2809 800 2854 sunt
854 2801 1120 2869 sinistrae,
1151 2822 1169 2855 ι
1235 2804 1457 2860 indicat.
1525 2806 1632 2872 Qui
1694 2823 1819 2864 vero
1863 2818 2102 2863 tuentem

513 2906 712 2961 puram
756 2900 810 2947 et
851 2892 1046 2949 affectu
1080 2896 1420 2965 superiorem
1471 2894 1655 2966 habet,
1704 2901 1821 2957 sive
1853 2900 1899 2954 is
1931 2901 2102 2968 domi,

517 2984 637 3040 sive
666 2985 721 3039 in
741 2986 994 3050 ecclesia,
1050 2986 1167 3043 sive
1216 2988 1271 3043 in
1307 2990 1483 3046 media
1524 2992 1659 3047 urbe
1686 2993 1886 3048 bonum
1915 2994 2101 3057 faciat,

518 3089 850 3151 praeceptum
888 3080 1106 3136 Domini
1138 3084 1488 3141 curatissime
1509 3086 1787 3141 observat.
1836 3086 1929 3143 llle
1956 3089 2101 3141 enim
2135 3124 2179 3185 Ο

519 3186 629 3227 non
670 3173 736 3227 ad
774 3175 1219 3241 ostentationem,
1286 3192 1463 3247 neque
1504 3194 1600 3247 per
1621 3195 1776 3235 vanm
1801 3183 2108 3251 gloriaeau-

517 3266 740 3335 cupium
778 3281 876 3321 sua
914 3268 1047 3336 agit,
1081 3268 1179 3323 sed
1217 3282 1384 3337 opere
1411 3286 1513 3325 suo
1536 3281 1846 3340 spectantes
1877 3277 2108 3345 quosvis

519 3359 587 3412 ad
642 3359 857 3414 laudem
886 3359 1068 3416 Patris
1117 3363 1408 3416 convertit.
1466 3362 1736 3429 Quoniam
1811 3383 1942 3422 vero
1998 3384 2107 3422 non

520 3451 724 3508 multos
756 3453 894 3506 tales
915 3453 1162 3506 videmus
1212 3454 1482 3523 \praaclari
1512 3456 1657 3509 enim
1676 3456 1859 3526 operis
1876 3458 2111 3513 altitudo

518 3549 757 3596 mentem
793 3557 980 3596 secum
1034 3542 1235 3606 evehit,
1290 3560 1603 3613 vanumque
1635 3547 1822 3618 gloria:
1861 3549 2106 3604 studium

519 3646 686 3702 grave
748 3633 917 3687 telum
1000 3633 1271 3698 demittit,
1346 3646 1647 3707 pectusque
1703 3639 1871 3695 etiam
1938 3642 2110 3711 probe

520 3722 794 3777 munitum
830 3721 1023 3776 laedere
1049 3732 1101 3776 et
1122 3724 1188 3776 ad
1221 3723 1478 3778 inferiora
1504 3725 1846 3795 praecipitare
1882 3733 2106 3798 potest),

520 3812 697 3867 multo
750 3812 923 3867 tutius
969 3822 1073 3878 est,
1105 3814 1152 3869 si
1209 3814 1347 3867 bona
1406 3825 1569 3885 atque
1608 3832 1672 3873 ea
1705 3818 1760 3871 in
1792 3820 2005 3888 primis,
2041 3821 2109 3876 de

520 3905 722 3973 quibus
778 3905 1041 3972 diximus,
1091 3906 1147 3961 in
1186 3908 1403 3962 occulto
1434 3919 1777 3979 praestentur.
1834 3911 1939 3977 Qui
1971 3928 2107 3968 vero

519 4008 678 4053 extra
706 4014 926 4055 omnem
974 4000 1064 4054 teli
1100 4000 1262 4071 hujus
1317 4002 1525 4071 jactum
1570 4005 1734 4074 positi
1785 4016 1948 4074 sunt,
1997 4008 2107 4063 illis

517 4093 781 4147 virtutem
811 4092 974 4147 etiam
1009 4093 1063 4146 in
1102 4098 1289 4162 aprico
1334 4104 1388 4149 et
1419 4095 1596 4165 palam
1620 4100 1924 4154 consectari
1958 4101 2102 4154 licet.

520 4185 601 4239 lla
634 4183 889 4238 Salvator
922 4199 1143 4254 quoque
1189 4192 1374 4238 noster
1407 4200 1805 4256 nonnunquam
1838 4189 2105 4245 miracula

517 4293 617 4332 sua
643 4277 788 4333 inter
817 4277 1025 4332 medios
1058 4278 1310 4332 homines
1333 4288 1385 4333 et
1410 4278 1463 4331 in
1491 4280 1782 4349 synagogis
1812 4282 2063 4350 patrabat
2087 4300 2102 4348 ;

520 4385 921 4440 nonnunquam
974 4386 1106 4425 vero
1151 4370 1242 4424 illa
1289 4370 1562 4439 publicari
1608 4387 1719 4426 non
1765 4374 2103 4441 patiebatur.

2212 502 2307 556 καὶ
2346 501 2615 572 μηδαμῶς
2651 500 2994 571 βουλομένων
3042 500 3201 571 ἡμῶν
3239 498 3497 570 λαμπρὸν
3526 497 3811 567 ἀναστρά-

2212 611 2335 645 πτει
2366 595 2463 646 καὶ
2486 594 2633 664 μέγα
2656 593 2772 663 φῶς
2786 597 2901 657 τοῖς
2922 593 3253 663 ἀνθρώποις.
3279 590 3457 645 Τοῦτο
3484 590 3582 642 καλ⁵
3614 591 3643 641 ό
3662 588 3813 649 θεῖος

2212 684 2448 748 Παῦλος,
2486 684 2725 754 θεσμοὺς
2754 684 2854 753 τῆς
2904 683 3207 753 ἱερωσύνης
3256 685 3601 753 ὑπογράφων
3635 681 3815 749 Τιμο-

2211 777 2336 846 (λέῳ,
2379 778 2559 844 λέγει·
2598 796 2616 828 ι
2671 780 2763 829 Δεῖ
2792 777 2849 829 δὲ
2896 776 3061 829 αὑτὸν
3112 776 3207 829 καὶ
3255 776 3573 847 μαρτυρίαν
3630 772 3814 842 καλὴν

2210 871 2355 939 ἔχειν
2380 871 2444 925 ἐκ
2473 870 2582 923 τῶν
2622 870 2846 934 ἔξωθεν.
2896 889 2914 921 ι
2970 869 3133 923 Ἀλλὰ
3156 872 3253 924 καὶ
3294 871 3358 923 τὸ
3410 868 3817 940 ἀπροσκόπους

2210 961 2464 1028 γενέσθαι
2509 961 2785 1023 Ἰουδαίοις
2817 977 2877 1013 τε
2908 960 3003 1013 καὶ
3047 962 3298 1031 Ἕλλησι,
3329 962 3424 1014 καὶ
3452 964 3521 1031 τῇ
3560 958 3817 1027 Ἐκκλη-

2212 1057 2304 1124 σία
2338 1056 2487 1125 πάσῃ
2514 1054 2610 1107 τοῦ
2652 1054 2915 1126 Χριστοῦ,
2963 1055 2995 1124 ἡ
3026 1054 3127 1123 τῆς
3157 1054 3357 1115 κακίας
3384 1052 3679 1120 συνίστησι
3718 1051 3821 1101 καὶ

2212 1144 2612 1210 κατασκευάζει
2634 1147 2806 1217 φυγή.
2828 1146 3074 1217 Νηστεία
3102 1146 3181 1203 δέ.
3206 1146 3299 1197 καὶ
3327 1146 3581 1213 πενήτων
3598 1138 3818 1205 οἶκτος,

2212 1239 2306 1291 καὶ
2337 1239 2577 1308 δάκρυον
2612 1238 2673 1303 ἐξ
2711 1239 2999 1309 ὀμμάτων,
3034 1239 3129 1291 καὶ
3154 1239 3471 1308 προσευχῆς
3486 1237 3644 1299 τόνος
3664 1235 3822 1304 φιλεῖ

2212 1330 2311 1399 μὲν
2340 1333 2438 1402 τῆς
2470 1331 2740 1402 ἐργασίας
2781 1332 2842 1383 τὸ
2873 1331 3128 1403 κρύφιον,
3152 1330 3305 1383 οὐδὲν
3336 1327 3395 1382 δὲ
3422 1324 3595 1401 ἦττον
3641 1346 3822 1398 μηνυ-

2210 1421 2311 1491 τὴν
2366 1423 2756 1491 μεγαλόφωνον
2803 1423 2897 1475 καὶ
2941 1424 3164 1493 κήρυκα
3195 1421 3520 1491 διαπρύσιον
3573 1420 3681 1492 τὴν
3715 1421 3821 1489 τῆς

2211 1517 2407 1577 κακίας
2442 1515 2557 1585 ἔχει
2589 1516 2769 1585 φυγὴν
2790 1556 2803 1580 ,
2835 1516 2957 1585 ἦτις
2989 1518 3105 1577 τοῖς
3138 1510 3449 1585 ἀνθρώποις
3480 1513 3819 1586 προεκλάμ-

2208 1608 2361 1677 ψασα
2394 1608 2827 1675 συνεφέλκεσθαι
2865 1625 2981 1670 πως
3011 1608 3105 1660 καὶ
3150 1605 3593 1675 συνδιαλάμπειν
3633 1606 3814 1676 φιλεῖ,

2142 1765 2184 1821 Β
2212 1698 2302 1751 καὶ
2336 1699 2435 1768 τῆς
2457 1697 2695 1767 κρυφίου
2730 1699 2933 1768 ἀρετῆς
2961 1698 3061 1768 τὴν
3091 1698 3489 1769 μαρμαρυγήν.

2282 1880 2404 1934 Εἰσὶ
2438 1882 2482 1933 δ’
2517 1880 2633 1946 οὖν,
2665 1881 2771 1934 είσί
2815 1898 2963 1945 τινες
3015 1883 3233 1952 ἀρεταὶ,
3276 1882 3343 1946 ἃς
3382 1883 3466 1946 είς
3518 1881 3585 1935 τὸ
3641 1882 3818 1951 μέσον

2210 1973 2357 2036 εἰκὸς
2412 1973 2677 2043 πράττειν
2728 1974 2825 2027 καὶ
2876 1974 3115 2043 μάλιστα
3169 1974 3300 2038 τοὺς
3362 1974 3816 2045 προεστηκότας,

2209 2064 2705 2135 δικαιοσύνη,φημὶ
2720 2068 2838 2133 ,καὶ
2871 2066 3147 2128 εὐσέϐεια,
3180 2066 3326 2137 καὶὴ
3354 2066 3566 2135 ταύτης
3588 2069 3821 2135 πρόμα-

2210 2172 2305 2226 χος
2333 2156 2579 2227 ἀνδρεία,
2599 2157 2694 2210 καὶ
2720 2158 2843 2212 ὅσαι
2880 2158 3179 2228 συνέριθοι.
3212 2158 3411 2228 Διόπερ
3440 2157 3565 2210 οὐδὲ
3600 2156 3820 2219 ταύτας

2209 2250 2237 2299 ό
2287 2247 2477 2319 Σωτὴρ
2528 2248 2609 2318 τῷ
2670 2248 2989 2304 λανθάνοντι
3046 2249 3491 2320 περιγράφεσθαι
3562 2247 3817 2309 κελεύει,

2210 2339 2466 2405 νηστείαν
2495 2339 2553 2392 δὲ
2574 2340 2667 2392 καὶ
2699 2338 3095 2411 ἐλεημοσύνην,
3126 2340 3222 2393 καὶ
3261 2341 3313 2393 εί
3340 2358 3394 2393 τι
3416 2340 3627 2410 ὅμοιον.
3661 2340 3819 2408 Πλὴν

2212 2431 2307 2483 ἐπ)⁸
2339 2431 2531 2484 πασῶν
2566 2448 2628 2499 γε
2658 2432 2719 2484 τὸ
2759 2432 2896 2502 πρὸς
2918 2432 3177 2497 ἐπίδειξίν
3210 2449 3271 2485 τε
3307 2431 3402 2487 καὶ
3424 2432 3488 2485 τὸ
3517 2430 3820 2496 κενόδοξον

2213 2521 2467 2594 ἐξορίζει,
2502 2523 2781 2577 καὶτοῦτο
2807 2522 2960 2594 αύτῷ
2992 2524 3052 2576 τὸ
3072 2526 3331 2593 κρύφιον
3362 2524 3474 2596 (52)
3521 2524 3818 2594 βούλεται,

2211 2617 2305 2669 καὶ
2338 2614 2396 2669 τὸ
2434 2614 2509 2685 μὴ
2530 2613 2735 2682 γνῶναι
2770 2615 2870 2685 τὴν
2913 2615 3097 2680 δεξιάν
3132 2615 3204 2669 τὰ
3246 2616 3350 2687 τῆς
3386 2617 3719 2689 ἀριστερᾶς.
3758 2620 3820 2669 '0

2210 2711 2267 2765 δὲ
2293 2710 2710 2780 καθαρεύουσαν
2726 2710 2827 2780 τὴν
2853 2709 3082 2781 γνώμην
3108 2709 3248 2781 ἔχων
3276 2712 3371 2765 καὶ
3399 2711 3577 2766 ἀνωτέ
3588 2728 3695 2780 ραν
3718 2712 3819 2762 τοῦ

2212 2802 2438 2867 πάθους,
2471 2801 2536 2856 ἄν
2562 2819 2621 2854 τε
2660 2803 2717 2855 ἐν
2740 2802 2909 2871 οἰκία,
2938 2801 3003 2855 ἄν
3024 2819 3084 2855 τε
3111 2803 3170 2854 ἐν
3204 2802 3473 2872 ἐκκλησίᾳ
3492 2843 3505 2865 ,
3542 2802 3611 2855 ἄν
3638 2819 3708 2853 τε
3760 2805 3820 2854 ἐν

2211 2898 2347 2967 αὐτῇ
2376 2902 2518 2968 μέσῃ
2547 2894 2701 2947 πόλει
2750 2895 2967 2966 πράττῃ
2990 2894 3049 2947 τὸ
3080 2894 3268 2958 καλὸν,
3298 2894 3413 2963 τῆς
3461 2893 3823 2961 Δεσποτικῆς

2212 2992 2358 3043 ἐστιν
2390 2989 2612 3059 ἐντολῆς
2660 2988 3060 3059 ἀκριόἐστατος
3106 2986 3303 3056 φύλαξ.
3364 2986 3540 3051 Ᾱύτός
3592 3004 3659 3040 τε
3706 2988 3823 3057 γὰρ

2212 3084 2273 3136 οὐ
2303 3083 2440 3154 πρὸς
2486 3082 2748 3148 ἐπίδειξιν
2780 3081 2901 3135 οὐδὲ
2940 3082 3105 3149 κενῆς
3153 3079 3313 3148 δόξης
3359 3080 3642 3150 προϐολὴν
3720 3080 3823 3149 τὴν

2214 3175 2414 3246 πρᾶξιν
2445 3178 2702 3239 ποιεῖται,
2736 3172 2933 3243 καὶτῷ
2964 3172 3109 3244 ἔργῳ
3147 3172 3276 3235 τοὺς
3310 3171 3557 3241 ὁρῶντας
3596 3172 3688 3234 είς
3720 3171 3823 3241 τὴν

2208 3267 2305 3321 τοῦ
2372 3267 2586 3337 Πατρὸς
2639 3265 2798 3331 δόξαν
2858 3265 3201 3337 ἐπιστρέφει.
3254 3263 3401 3334 Πλὴν
3446 3263 3697 3335 ἐπείπερ
3757 3263 3824 3314 οὗ

2212 3361 2440 3423 πολλοὺς
2483 3361 2701 3432 ὁρῶμεν
2753 3359 2858 3429 (ὃτι
2900 3358 3198 3427 συνανυψοῖ
3223 3357 3401 3426 ἐαυτῷ
3429 3356 3491 3409 τὸ
3530 3356 3678 3425 ὕψος
3723 3355 3821 3408 τοῦ

2211 3451 2635 3522 κατορθώματος
2658 3466 2671 3480 '
2711 3450 2939 3521 σφοδρὸν
2967 3451 3074 3520 γὰρ
3101 3451 3298 3520 ἀφίησι
3326 3447 3577 3503 κάτωθεν
3607 3450 3647 3519 ἡ

2210 3543 2335 3607 δόξα
2360 3543 2422 3595 τὸ
2452 3541 2631 3611 βέλος,
2666 3542 2761 3595 καὶ
2782 3541 2986 3609 δυνατὴ
3006 3540 3117 3609 (55)
3144 3538 3405 3601 πολλάκις
3433 3539 3527 3591 καὶ
3573 3538 3821 3609 στερρὸν

2208 3631 2340 3706 ἦθος
2362 3634 2630 3698 διελάσαι,
2658 3632 2754 3686 καὶ
2777 3633 2909 3704 πρὸς
2933 3632 3003 3684 τὰ
3032 3630 3184 3685 κάτω
3208 3628 3586 3701 περιτρέψαι),
3620 3629 3820 3695 ἀσφα-

2210 3728 2442 3799 λεστέρα
2472 3726 2711 3796 πολλῷή
2751 3727 2809 3780 ἐν
2852 3724 2930 3795 τῷ
2964 3723 3219 3795 κρυπτῷ,
3271 3722 3364 3775 καὶ
3412 3722 3659 3791 μάλιστα
3704 3720 3823 3773 τιῖν

2210 3821 2585 3890 εἰσαγομένων
2619 3819 2938 3891 εὑρίσκεται
2985 3818 3245 3890 ἐργασία.
3280 3815 3406 3880 Τοῖς
3446 3816 3490 3869 δ’
3530 3816 3641 3883 ἔξω
3675 3834 3823 3870 παν-

2209 3912 2401 3975 τελοῦς
2440 3913 2633 3983 βέλους
2663 3914 2948 3981 γεγονόσιν
2982 3910 3322 3981 ἀκώλυτοςή
3355 3911 3414 3963 ἐν
3441 3908 3673 3979 φανερῷ
3716 3912 3823 3962 καὶ

2208 4005 2446 4077 δημοσίᾳ
2493 4006 2869 4076 πραττομένη.
2916 4005 3069 4057 Ἐπεὶ
3095 4004 3191 4057 καὶ
3221 4006 3248 4057 ό
3293 4002 3484 4075 Σωτὴρ
3521 4002 3658 4056 ποτὲ
3713 4004 3822 4073 μὲν

2209 4100 2291 4161 είς
2344 4098 2547 4169 μέσους
2602 4098 2696 4150 καί⁵
2744 4099 2801 4149 ἐν
2849 4099 2969 4160 ταῖς
3018 4097 3365 4165 συναγωγαῖς
3418 4095 3486 4148 τὰ
3543 4094 3819 4165 θαύματα

2210 4188 2483 4250 ἐπετέλει,
2518 4187 2632 4241 ἔσθ’
2662 4188 2751 4239 ὅτε
2797 4188 2853 4241 δὲ
2884 4189 2985 4241 οὐκ
3019 4189 3106 4241 εἴα
3144 4187 3572 4259 δημοσιεύεσθαι
3603 4187 3818 4241 ταῦτα.

2209 4281 2283 4332 Τὸ
2321 4280 2439 4350 μὲν,
2472 4281 2556 4332 ὅτι
2583 4280 2838 4350 καθάπερ
2861 4280 2957 4334 καὶ
2979 4282 3090 4343 τοῖς
3117 4279 3299 4343 ἄλλοις
3328 4280 3562 4335 πάθεσιν
3587 4282 3819 4352 ἀπροσ-

2210 4376 2480 4439 πέλαστος
2508 4374 2645 4438 ὅλως
2689 4370 2779 4446 ἦν,
2814 4375 2957 4428 οὕτω
2988 4375 3082 4429 καὶ
3122 4375 3218 4446 τὴν
3244 4374 3555 4439 κενοδοξίαν
3584 4378 3817 4446 ἀπρόσο

516 4463 763 4517 Alterum
786 4461 1006 4532 quidem
1038 4478 1227 4517 eorum
1253 4462 1506 4527 faciebat,
1538 4464 1709 4534 qttod,
1730 4466 1878 4521 sicut
1896 4466 2104 4522 affecti-

2211 4483 2321 4519 ιτον
2351 4468 2603 4536 κατεῖχεν
2636 4482 2653 4497 ⁸
2687 4467 2747 4518 τὸ
2774 4466 2852 4531 δὲ,
2879 4467 3081 4519 κανόνα
3116 4467 3211 4520 καὶ
3250 4466 3507 4537 γνώμονα
3541 4466 3817 4537 παρέχων

518 4556 621 4610 bus
673 4555 797 4610 aliis
842 4556 1097 4610 omnibus
1130 4570 1358 4624 prorsus
1389 4570 1497 4609 non
1530 4564 1651 4610 erat
1686 4557 1984 4624 obnoxius,
2026 4558 2101 4613 ita

516 4664 619 4705 nec
644 4649 994 4706 ostentationi
1035 4647 1276 4718 patebat.
1309 4648 1559 4703 Alterum
1590 4664 1741 4715 vero,
1767 4660 1826 4704 ut
1856 4650 2100 4721 regulam

514 4750 572 4796 et
596 4741 910 4810 exemplum
941 4741 1101 4795 nobis
1124 4738 1416 4809 praeberet,
1460 4740 1527 4795 ad
1564 4739 1882 4810 fugiendam
1912 4752 2101 4798 osten-

515 4834 811 4899 tationem,
874 4842 927 4888 et
974 4831 1320 4888 errabundas
1370 4832 1519 4901 vulgi
1582 4832 1808 4901 plausus
1868 4835 2099 4891 sollicite

514 4926 789 4981 vitandos.
817 4925 1321 4996 Perfectiusitaque
1335 4932 1394 4979 et
1419 4923 1788 4992 perfectorum
1813 4927 2098 4983 hominum

508 5027 617 5081 est,
661 5019 809 5087 quod
863 5018 1125 5082 diximus,
1180 5016 1462 5085 publicum
1492 5015 1713 5073 virtutis
1760 5019 2005 5074 studium
2045 5028 2101 5074 et

509 5110 854 5173 exercitium,
899 5112 1071 5164 tutius
1104 5124 1233 5164 vero
1265 5108 1568 5163 occultum.
1620 5107 1697 5165 lbi
1746 5113 1895 5166 enim
1920 5112 2097 5167 latens

576 5313 626 5346 '°
657 5311 676 5368 Ι
704 5311 846 5368 Tim.
876 5329 962 5379 ιιι,
993 5312 1044 5367 7.
1082 5314 1125 5346 ⁸¹
1154 5312 1174 5366 l
1200 5312 1324 5368 Cor.
1357 5330 1411 5380 κ,
1433 5312 1524 5367 52.

2208 4562 2364 4630 ἡμῖν,
2395 4559 2622 4629 φεύγειν
2658 4577 2715 4611 τε
2742 4560 2840 4622 τὰς
2876 4559 3186 4624 ἐπιδείξεις,
3235 4560 3330 4613 καὶ
3358 4560 3486 4622 τοὺς
3516 4561 3811 4631 πεπλανη-

2212 4653 2408 4721 μένους
2436 4650 2545 4706 τῶν
2576 4650 2789 4705 πολλῶν
2828 4651 3216 4721 διακρούεσθαι
3261 4651 3544 4715 ἐπαίνους.
3577 4653 3818 4707 Τελειοο

2207 4745 2341 4815 τέρα
2369 4744 2468 4815 μέν
2497 4743 2591 4797 οὖν
2622 4745 2717 4797 καὶ
2740 4744 2989 4809 τελείων,
3044 4744 3235 4815 ὥσπερ
3271 4744 3505 4815 ἔφαμεν,
3547 4748 3579 4816 ή
3631 4747 3695 4800 ἐν
3727 4748 3818 4817 τῷ

2210 4836 2361 4906 μέσῳ
2389 4835 2608 4907 πρᾶξις,
2642 4835 3027 4907 ἀσφαλεστέρα
3074 4835 3131 4888 δὲ
3182 4835 3605 4907 ήλανθάνουσα.
3658 4840 3820 4893 Ἑκεῖ

2208 4928 2309 4997 μὲν
2337 4928 2444 4998 γὰρ
2487 4928 2751 4991 πολλάκις
2783 4926 3021 4981 λαθοῦσα
3057 4930 3431 4982 συνεισδύεται
3462 4933 3529 5001 τῇ
3560 4932 3739 5003 ἀρετῇ
3778 4936 3816 5004 ἡ

2205 5020 2397 5085 κακία,
2432 5020 2668 5073 ἐνταῦθα
2697 5020 2754 5074 δὲ
2792 5023 2917 5090 τόγε
2950 5021 3039 5073 ἐπ’
3072 5023 3209 5093 αὐτῇ
3239 5026 3303 5095 τῇ
3345 5024 3567 5094 κρυφίῳ
3601 5027 3818 5096 πράξει

2205 5113 2655 5184 ἀποτετείχισται
2710 5114 2990 5178 παντελῶς
3031 5115 3168 5185 αὐτῇ
3222 5116 3337 5187 (54)
3397 5118 3433 5188 η
3475 5116 3814 5183 διείσδυσις.

2102 5474 2336 5535 ΝΟΤᾸΕ.

575 5674 688 5745 (52)
720 5677 778 5747 ἐν
801 5676 877 5746 τῷ
910 5678 1161 5747 κρυπτῷ,
1198 5678 1387 5734 Matth.
1410 5694 1484 5747 Vt,
1518 5682 1572 5735 4.

574 5747 688 5816 (35)
712 5745 1024 5803 CumColb.
1051 5745 1151 5818 pro
1180 5750 1268 5804 διὰ
1298 5750 1372 5803 τί.

2192 5757 2220 5810 δ
2268 5687 2380 5772 ςόῤ)
2415 5689 2602 5744 Malim
2664 5691 2858 5764 αὐτῆς,
2899 5693 3111 5749 scilicet
3164 5690 3385 5759 κακίας,
3434 5695 3525 5753 vel
3581 5700 3725 5769 αὕτη
3775 5702 3814 5762 ἠ

2224 5774 2499 5810 ιεισουσιε.

2224 5774 2499 5823 ιεισουσις.
