4072 6434
232 476 339 543 τ’ίὸ

1156 477 1257 535 AD
1291 473 1891 536 AMPHILOCHIUM
1915 474 2263 545 QUIESTIO
2295 476 2569 536 CXXXV.

3382 472 3491 539 7.46

230 586 417 649 Οὕτως
462 583 716 654 οὐδαμῶς
745 583 845 637 οὐκ
882 579 1033 636 ἔστιν
1071 584 1289 637 ἐναντία
1314 583 1423 638 τῶν
1461 584 1806 638 Δεσποτικῶν

1914 583 2106 639 vitium
2141 599 2282 654 saepe
2312 585 2499 640 virtuti
2519 600 2579 641 se
2612 586 2834 654 miscet;
2883 587 2971 641 hic
2996 600 3147 653 vero,
3182 600 3281 656 per
3305 587 3490 641 occul-

234 679 497 750 ῥημάτων
518 679 553 748 ἡ
584 675 898 747 νομοθεσία.

190 981 195 1005 ι
306 941 463 1003 Ἰδοις
492 939 537 993 δ’
591 938 659 993 ἂν
710 938 808 992 καὶ⁹
864 938 1039 1003 ἄλλως
1089 940 1243 994 οὐδὲν
1299 935 1463 1012 ἦττον
1510 941 1572 994 τὸ
1618 944 1807 1015 ῥηθέν.

246 1038 510 1106 Ἐλέγχων
541 1033 652 1103 γὰρ
681 1035 809 1098 τοὺς
850 1035 1181 1104 Φαρισαίους
1212 1037 1240 1089 ὁ
1268 1037 1480 1108 Σωτὴρ,
1514 1039 1609 1092 καὶ
1641 1057 1810 1108 μετα-

237 1128 515 1198 ρυθμίζων
538 1126 722 1180 αὐτῶν
743 1129 805 1180 τὸ
831 1130 1416 1200 κατεσχηματισμένον
1447 1133 1542 1185 καὶ
1576 1132 1810 1189 ὕπουλον

229 1222 307 1283 είς
325 1219 385 1272 τὸ
414 1218 645 1289 κόσμιόν
677 1236 737 1271 τε
764 1221 860 1272 καὶ
899 1220 991 1273 τὸν
1031 1222 1270 1292 χρηστὸν
1314 1224 1535 1294 τρόπον.
1578 1226 1811 1280 ἀπεῖπεν

229 1311 330 1379 μὲν
361 1311 545 1375 αὐτοῖς
581 1312 807 1380 φεύγειν
831 1312 893 1365 τὸ
925 1312 1061 1382 πρὸς
1081 1311 1403 1383 ἀνθρώπους
1434 1314 1555 1385 ζῇ),
1592 1316 1809 1371 διώκειν

228 1404 306 1470 δὲ,
345 1405 445 1457 ὅσα
491 1403 786 1474 θεραπεύει
832 1403 985 1457 Θεόν.
1040 1404 1179 1468 Τοὺς
1227 1405 1321 1458 οὖν
1366 1407 1464 1476 τὴν
1503 1407 1811 1473 κενοδοξίαν

227 1495 517 1559 νοσοῦντας
567 1495 935 1553 ἀπαλλάσσων
982 1496 1083 1567 τῆς
1142 1498 1323 1563 νόσου,
1379 1498 1518 1570 πρὸς
1566 1500 1811 1563 ἐκείνους

226 1589 391 1659 φησίν
408 1607 422 1621 ·
463 1608 481 1641 ι
506 1590 596 1659 Μὴ
624 1590 829 1642 ποιεῖτε
853 1591 952 1658 τὴν
976 1589 1352 1661 ἐλεημοσύνην
1378 1591 1533 1660 ὑμῶν
1563 1591 1811 1662 ἔμπροσ-

226 1680 319 1733 θεν
346 1679 457 1733 τῶν
482 1679 805 1750 ἀνθρώπων·
849 1699 868 1729 ι
890 1681 1005 1741 καὶ,
1032 1698 1050 1730 ι
1070 1681 1134 1732 '0
1160 1684 1304 1733 ποιεῖ
1333 1684 1365 1751 ὴ
1402 1681 1553 1745 δεξιά
1583 1700 1697 1747 σου,
1737 1681 1812 1753 μὴ

223 1771 421 1838 γνώτω
450 1773 483 1842 ἡ
514 1771 778 1843 ἀριστερά
803 1790 919 1835 σου,
960 1790 977 1822 ι
1014 1774 1107 1826 καὶ
1136 1774 1235 1826 ὅσα
1255 1774 1436 1842 ὅμοια.
1467 1775 1604 1836 Τοὺς
1629 1775 1810 1843 ἐμπα-

226 1863 342 1926 θεῖς
412 1864 831 1935 περικαθαίρων
880 1864 977 1918 τοῦ
1028 1864 1256 1931 πάθους,
1314 1868 1443 1930 τοὺς
1505 1868 1810 1939 ὑποκριτὰς

1913 687 2027 730 tum
2091 692 2284 747 nempe
2330 678 2549 734 virtutis
2610 680 2968 743 exercitium,
3034 678 3150 733 vitii
3213 678 3494 748 subreptin

1913 768 2130 839 penitus
2154 778 2395 826 cavetur.
2466 768 2560 822 Illa
2602 770 2784 838 itaque
2824 768 3041 823 Domini
3090 778 3358 839 praecepta
3386 768 3491 824 sibi

1914 864 2229 933 neutiquam
2257 865 2638 918 adversantur.

1984 955 2131 1019 Haec,
2201 972 2324 1026 quae
2358 956 2505 1010 dicta
2536 962 2685 1021 sunt,
2750 956 2853 1009 alia
2882 970 3103 1025 quoque
3129 956 3340 1011 ratione
3367 956 3493 1011 illu-

1912 1056 2085 1101 strare
2104 1056 2156 1101 et
2180 1046 2487 1116 perspicere
2506 1046 2650 1100 licet.
2688 1043 2995 1100 Phariswos
3020 1046 3166 1099 enim
3189 1047 3490 1117 castigans,

1912 1151 2203 1207 moresque
2255 1152 2445 1192 eorum
2495 1134 2784 1191 simulatos
2823 1145 2877 1190 et
2903 1135 3177 1191 sublestos
3207 1137 3273 1191 ad
3306 1152 3491 1191 veram

1913 1227 2254 1281 honestatem
2300 1236 2353 1280 et
2405 1225 2733 1294 probitatem
2766 1224 3195 1294 compositurus,
3223 1226 3391 1280 vetuit
3423 1242 3494 1279 ne

1913 1318 1977 1371 ad
2034 1316 2313 1372 hominum
2369 1316 2638 1386 judicium
2700 1317 2865 1371 vitam
2922 1331 3079 1372 suam
3115 1326 3358 1386 agerent,
3396 1317 3491 1371 sed

1912 1422 1975 1461 ea
2026 1408 2211 1477 potius
2275 1416 2769 1473 consectarentur,
2820 1422 2941 1477 quae
2998 1404 3109 1461 Deo
3165 1409 3490 1476 probantur.

1914 1497 2024 1553 llos
2059 1499 2242 1567 itaque
2280 1512 2309 1551 a
2372 1512 2525 1553 vanae
2577 1497 2766 1567 gloria:
2818 1498 3001 1553 studio
3032 1507 3385 1563 avocaturus,
3420 1498 3499 1553 ita

1912 1606 2007 1646 eos
2033 1591 2331 1661 alloquitur
2368 1608 2381 1643 :
2423 1588 2530 1645 «Ne
2562 1590 2779 1648 faciatis
2805 1592 3205 1662 eleemosynam
3254 1600 3494 1647 vestram

1912 1698 2099 1738 coram
2132 1681 2479 1748 hominibus;
2506 1700 2523 1732 ι
2560 1692 2615 1735 et
2665 1700 2679 1736 :
2727 1702 2745 1734 ι
2778 1682 2933 1747 Quod
2962 1681 3089 1738 facit
3118 1683 3347 1738 dextera
3376 1693 3492 1748 tua,

1913 1776 2045 1830 illud
2078 1775 2286 1829 nesciat
2320 1774 2571 1842 sinistra;
2600 1795 2617 1827 ι
2668 1775 2884 1845 aliaque
2914 1776 3001 1831 his
3032 1777 3250 1833 similia.
3305 1776 3494 1832 Homi-

1915 1884 2011 1923 nes
2034 1868 2241 1939 itaque,
2274 1868 2560 1924 affectibus
2592 1868 2960 1939 indulgentes,
2993 1886 3022 1924 a
3053 1871 3199 1925 malo
3228 1871 3331 1926 hoc
3363 1886 3493 1940 pur-

224 1955 468 2008 ἐλαύνων
526 1955 628 2025 τῆς
682 1956 909 2027 σκηνῆς,
965 1957 1094 2020 τοὺς
1148 1958 1253 2010 ὑπὸ
1298 1958 1447 2029 ζόφῳ
1482 1962 1575 2012 καὶ
1626 1960 1804 2032 πλάνῃ

1914 1971 2019 2030 gat,
2076 1960 2392 2030 hypocritas
2437 1975 2505 2014 ex
2565 1963 2778 2015 theatro
2834 1963 3139 2032 propulsat,
3215 1964 3490 2028 homines,

222 2045 705 2115 πολιτευομένους,
759 2047 840 2109 είς
881 2048 973 2100 τὸν
1022 2048 1240 2119 ἀπλανῆ
1294 2051 1388 2103 καὶ
1424 2051 1666 2123 καθαρὸν
1706 2054 1804 2122 τῆς

221 2137 433 2209 ἀρετῆς
466 2138 579 2208 βίον
612 2139 955 2208 μετακαλῶν,
994 2141 1053 2206 ἐξ
1096 2137 1155 2195 οὗ
1183 2141 1467 2208 διαυγάζει
1499 2145 1532 2212 ἡ
1563 2144 1804 2197 ἀπάθεια

224 2232 325 2286 καί
374 2233 406 2302 ἡ
463 2230 669 2302 ἀληθὴς
718 2232 868 2298 δόξα,
906 2233 1000 2287 καὶ
1046 2236 1078 2304 ἡ
1130 2232 1454 2304 λαμπρότης
1498 2236 1530 2304 ἠ
1576 2235 1801 2308 ψυχική.

224 2324 418 2386 υῦτως
443 2325 543 2377 οὐκ
585 2324 733 2377 ἔστιν
765 2324 1018 2395 ἀλλήλοις
1050 2326 1269 2379 ἐναντία
1298 2326 1364 2380 τὰ
1398 2328 1514 2379 θεῖα
1554 2330 1649 2381 καὶ
1686 2329 1806 2399 ἱερὰ

225 2418 573 2486 Λόγια,ὥστε
604 2417 918 2471 τούναντίον
949 2410 1060 2471 οὐδ’
1088 2419 1153 2472 ἄν
1182 2436 1234 2471 τι
1267 2419 1475 2485 γένοιτο
1500 2417 1607 2471 τῶν
1628 2419 1803 2491 ἔργων

218 2510 586 2580 ἀπαστράψαι
613 2509 712 2578 τὴν
754 2509 1100 2579 λαμπηδόνα,
1134 2511 1181 2562 εί
1233 2514 1307 2579 μὴ
1354 2512 1452 2580 τῆς
1500 2511 1806 2576 κενοδοξίας

216 2600 312 2654 τὸν
378 2602 541 2669 ζόφον
582 2600 848 2672 πρότερον
898 2600 1250 2670 διασκεδάσῃ,
1307 2600 1403 2653 καὶ
1461 2602 1697 2671 περιέλοι
1749 2604 1808 2666 ἐξ

214 2712 408 2751 αυτου.

293 2874 505 2940 Ἄλλως
536 2893 595 2929 τε
624 2876 682 2930 δὲ
707 2917 722 2944 ,
758 2876 808 2929 εί
836 2875 894 2928 τὸ
923 2877 997 2947 μὴ
1042 2876 1421 2939 σκανδαλίζειν
1457 2876 1548 2929 τὸν
1579 2875 1805 2945 πλησίον

215 2968 519 3039 σύνδρομόν
558 2970 697 3033 ἐστι,
743 2968 943 3038 μᾶλλον
982 2968 1038 3022 δὲ
1075 2970 1492 3039 προηγούμενον
1517 2966 1611 3021 τοῦ
1647 2984 1804 3037 περι-

216 3061 435 3131 λάμψαι
468 3063 579 3123 τοῖς
607 3059 792 3132 ἔργοις
815 3062 943 3123 τοὺς
972 3060 1317 3133 ἀνθρώπους.
1339 3060 1400 3114 τὸ
1420 3060 1500 3125 δὲ,
1534 3059 1608 3131 μὴ
1634 3060 1806 3112 ποιεῖν

218 3154 364 3223 πρὸς
394 3154 675 3219 ἐπίδειξιν,
708 3155 763 3207 ἐν
796 3152 875 3223 τῷ
907 3154 983 3224 μὴ
1030 3154 1411 3218 σκανδαλίζειν
1448 3152 1522 3215 ὡς
1558 3155 1615 3205 ἐν
1651 3152 1807 3223 μέρει

214 3243 387 3312 νόμος
416 3244 731 3314 περιέχεται
762 3243 841 3313 τῷ
882 3243 1008 3314 ὅλῳ.
1056 3244 1167 3297 Καὶ
1216 3244 1276 3296 τὸ
1317 3244 1541 3313 φεύγειν
1574 3243 1683 3313 ἄρα
1709 3242 1806 3313 τὴν

1913 2052 2054 2105 inter
2085 2052 2312 2106 nebulas
2372 2059 2426 2106 et
2470 2067 2687 2107 errores
2712 2053 2878 2107 vitam
2916 2062 3157 2124 agentes,
3216 2057 3282 2109 ad
3322 2054 3490 2109 vitam

1914 2144 2247 2215 inculpatam
2268 2154 2323 2200 et
2354 2160 2492 2214 puro
2520 2145 2739 2199 virtutis
2757 2145 2940 2200 studio
2960 2160 3268 2211 coruscam,
3289 2162 3354 2201 ex
3384 2163 3493 2217 qua

1916 2236 2179 2292 immunis
2228 2237 2296 2293 ab
2352 2235 2636 2291 affectibus
2664 2237 2901 2300 animus,
2939 2250 3175 2307 veraque
3206 2239 3398 2309 gloria,
3440 2248 3495 2293 et

1915 2327 2112 2381 mentis
2138 2326 2396 2397 splendor
2426 2327 2645 2391 emicat,
2675 2325 2946 2396 perducit.
2979 2324 3271 2397 Propterea
3307 2327 3492 2381 divina

1913 2424 1966 2469 et
1993 2430 2150 2471 sacra
2194 2416 2283 2471 illa
2330 2416 2551 2471 oracula
2592 2416 2729 2470 adeo
2758 2416 2860 2471 sibi
2887 2417 3119 2472 invicem
3152 2432 3262 2471 non
3298 2418 3494 2472 adver—

1913 2520 2124 2577 santur,
2196 2518 2258 2564 ut
2309 2510 2491 2577 potius
2550 2510 2761 2578 lampas
2792 2509 3059 2563 bonorum
3092 2524 3319 2580 operum
3348 2510 3491 2577 apud

1914 2601 2189 2657 neminem
2242 2601 2426 2657 lucere
2479 2602 2670 2672 possit,
2714 2600 2817 2654 nisi
2854 2601 2949 2670 qui
2994 2602 3144 2671 prius
3178 2615 3330 2655 vanae
3370 2616 3490 2655 am—

1912 2693 2143 2748 bitionis
2208 2693 2496 2762 caliginem
2566 2692 2875 2762 dispulerit,
2944 2707 3113 2762 seque
3171 2692 3241 2748 ab
3298 2694 3388 2747 illa
3432 2694 3493 2747 li-

1915 2786 2136 2840 berarit.

1987 2879 2133 2933 Idem
2166 2878 2269 2934 hoc
2320 2880 2487 2934 etiam
2544 2880 2654 2936 alia
2688 2879 2901 2935 ratione
2937 2877 3217 2948 probatur.
3261 2875 3419 2943 Quod
3447 2874 3498 2932 si

1915 2971 2301 3027 oii'endiculum
2323 2986 2432 3025 non
2464 2987 2667 3043 ponere
2701 2972 2954 3042 proximo
3007 2970 3362 3041 conjunetum
3388 2978 3491 3035 est,

1914 3062 1997 3114 vel
2026 3061 2287 3129 praavium
2319 3062 2501 3131 potius
2530 3062 2627 3126 illi,
2673 3072 2732 3115 ut
2789 3070 2936 3115 recte
2968 3058 3113 3115 facta
3148 3061 3215 3113 ab
3252 3060 3494 3113 homini-

1915 3151 2018 3219 bus
2051 3150 2493 3221 conspiciantur;
2544 3152 2680 3206 nihil
2723 3163 2903 3205 autem
2950 3149 3017 3204 ad
3069 3150 3493 3204 ostentationem

1916 3242 2115 3308 facere,
2162 3252 2420 3312 tanquam
2470 3258 2597 3313 pars
2633 3251 2881 3311 respectu
2946 3243 3133 3305 totius,
3166 3242 3489 3311 requiritur,

213 3334 537 3402 κενοδοξίαν
591 3335 1031 3405 προπαρασκευὴ
1082 3336 1294 3403 γίνεται
1342 3335 1437 3388 τοῦ
1497 3333 1806 3406 ἔμπροσθεν

1914 3341 1970 3386 ιιι
2008 3331 2295 3387 offensioni
2328 3347 2435 3386 non
2467 3333 2673 3397 simus;
2708 3331 3061 3400 consequitur
3127 3328 3313 3400 fugam
3336 3345 3495 3383 vana:

209 3425 334 3481 τῶν
352 3424 681 3508 κάνθρώπων
721 3426 809 3480 διὰ
856 3425 966 3479 τῶν
1009 3424 1191 3497 ἔργων
1240 3425 1579 3497 ἀναλάμψαι.
1645 3425 1805 3479 Ἀλλὰ

206 3518 331 3588 γάρ
354 3518 423 3572 τὰ
454 3518 553 3589 μὲν
588 3518 846 3589 Κυριακά
873 3518 1029 3585 λόγια
1061 3518 1158 3589 σὴν
1184 3518 1295 3587 (55)
1343 3518 1718 3588 συνεξαίτησίν
1746 3536 1805 3571 τε

210 3614 320 3666 καὶ
359 3612 521 3683 χάριν
572 3612 853 3682 διαφόροις
897 3609 1180 3674 ἐπιϐολαῖς
1227 3612 1350 3665 ἀντὶ
1377 3611 1473 3664 τοῦ
1518 3613 1807 3681 διαφωνεῖν

206 3702 512 3773 ἐπεδείχθη
554 3703 756 3773 μᾶλλον
776 3701 1136 3772 ἀσπαζόμενα
1155 3702 1256 3772 τὴν
1288 3702 1629 3773 συμφωνίαν.

292 3989 457 4041 Ἐστι
486 3988 544 4041 δὲ
576 3988 670 4042 καὶ
697 3988 1042 4041 Δεσποτικῶν
1070 3989 1102 4058 ἡ
1132 3989 1366 4059 μίμησις
1396 3989 1596 4058 νόμων,
1622 3988 1809 4041 κάκεῖ-

201 4083 316 4137 θεν
374 4079 488 4151 ἔχει
544 4080 644 4151 τὴν
704 4081 952 4151 πρόοδον,
1002 4081 1064 4134 τὸ
1123 4080 1363 4133 πλείοσιν
1418 4083 1808 4152 ἐπιχειρήμασι

201 4173 541 4248 μεθοδεύειν
590 4152 658 4226 {dt
708 4174 1023 4237 στασιάζειν
1062 4173 1312 4245 ἀλλήλοις
1371 4174 1633 4226 δοκοῦντα
1700 4173 1810 4225 τῶν

200 4265 655 4339 προϐλημάτων.
690 4265 803 4319 Καὶ
833 4265 940 4335 γάρ
981 4265 1142 4327 αύτδς
1163 4267 1190 4318 ό
1222 4266 1404 4326 κοινὸς
1440 4264 1533 4318 καὶ
1557 4264 1811 4333 Πλάστης

200 4364 322 4421 καί
355 4358 709 4425 Διδάσκαλος,
749 4358 845 4411 καὶ
894 4358 1087 4426 Σωτὴρ
1146 4356 1443 4429 εἰσηγητὴς
1491 4356 1684 4426 ὁρᾶται
1717 4354 1810 4407 τοῦ

200 4450 477 4513 κανόνος,
502 4443 583 4511 οἷς
621 4450 901 4518 ἐποίησεν.
938 4448 1053 4503 Οὐκ
1082 4446 1249 4519 ἀχαρι
1296 4446 1342 4499 δ’
1388 4447 1518 4510 ἴσως
1544 4447 1603 4497 ἐν
1626 4442 1812 4513 ταυτῷ

202 4562 308 4599 σοι
342 4541 808 4607 συνδιεξαπλῶσαι
847 4540 943 4595 καὶ
972 4540 1072 4611 τὴν
1101 4539 1339 4611 θεωρίαν
1364 4538 1460 4592 τοῦ
1493 4538 1679 4608 τρίτου
1711 4537 1812 4609 ζη-

1911 3423 2229 3479 ambitionis
2278 3438 2587 3492 praeparare
2636 3422 2935 3487 hominem,
2969 3430 3032 3475 ut
3079 3420 3338 3491 operibus
3378 3422 3496 3475 suis

1912 3533 2096 3572 coram
2144 3516 2461 3573 hominibus
2506 3517 2690 3570 lucere
2734 3514 2930 3584 possit.
2991 3512 3179 3583 Itaque
3223 3514 3289 3567 ad
3347 3515 3492 3585 peti-

1898 3610 2115 3664 tionem
2148 3619 2297 3663 tuam
2332 3618 2533 3681 tuaque
2564 3623 2734 3663 causa
2764 3608 2930 3663 variis
2980 3606 3157 3662 modis
3208 3615 3496 3662 ostensum

1912 3720 1943 3758 a
1967 3718 2053 3758 me
2081 3712 2184 3769 est,
2219 3702 2434 3757 Domini
2492 3702 2668 3758 nostri
2709 3702 2852 3757 dicta
2885 3701 3023 3755 adeo
3097 3699 3202 3755 sibi
3254 3700 3493 3754 invicem

1913 3810 2024 3848 non
2084 3795 2388 3859 adversari,
2463 3803 2523 3848 ut
2608 3792 2901 3847 consensio
2957 3790 3143 3860 potius
3205 3787 3499 3843 manifeste

1913 3898 2196 3957 appareat.

1984 3977 2173 4033 lmitor
2200 3992 2332 4033 vero
2357 3976 2449 4032 hic
2498 3975 2717 4031 Domini
2765 3974 2940 4031 nostri
2978 3972 3312 4043 exemplum,
3348 3973 3495 4043 quod

1913 4071 2062 4136 facit,
2093 4080 2153 4125 ut
2180 4045 2434 4140 pluribus
2465 4068 2643 4122 modis
2688 4076 2742 4123 et
2772 4066 3109 4138 argumentis
3158 4065 3214 4119 in
3266 4079 3498 4119 concor-

1912 4163 2056 4218 diam
2089 4163 2179 4217 illa
2212 4161 2550 4230 redigantur,
2580 4173 2702 4226 quae
2750 4173 2937 4213 secum
2989 4156 3223 4212 invicem
3252 4172 3497 4226 pugnare

1912 4254 2188 4309 videntur.
2212 4251 2335 4323 Ipse
2353 4253 2503 4307 enim
2521 4249 2830 4306 communis
2854 4258 3104 4304 nostrum
3139 4258 3194 4304 et
3215 4249 3495 4311 conditor,

1912 4357 1969 4404 et
1998 4348 2209 4412 doctor,
2235 4354 2287 4401 et
2316 4344 2597 4409 Servator,
2628 4358 2695 4398 ex
2738 4342 2827 4408 iis,
2864 4357 2986 4411 qua:
3015 4342 3131 4413 ipse
3173 4341 3323 4407 fecit,
3355 4342 3499 4397 hanc

1917 4437 2161 4508 regulam
2196 4435 2459 4490 docuisse
2504 4432 2855 4503 intelligitur.
2894 4432 3031 4487 Dum
3087 4431 3142 4485 iu
3197 4432 3304 4487 hoc
3346 4446 3496 4495 sum,

1913 4546 2023 4585 non
2052 4527 2413 4599 injucundum
2462 4525 2559 4581 tibi
2605 4524 2842 4581 fortasse
2868 4524 3054 4593 fuerit,
3114 4523 3276 4579 etiam
3326 4523 3499 4578 tertia:

196 4640 493 4709 πήματος.
528 4636 658 4687 Ὅτε
710 4633 820 4703 γὰρ
852 4633 913 4685 τὸ
969 4633 1264 4703 ἀχάριστον
1308 4631 1403 4685 καὶ
1457 4630 1809 4700 ἀναίσχυντον

1918 4620 2240 4692 quaestionis
2268 4633 2499 4674 examen
2544 4617 2848 4689 suscipere.
2880 4617 3019 4673 Cum
3067 4615 3215 4671 enim
3246 4614 3501 4685 improba

199 4732 380 4791 ἔθνος
409 4727 516 4781 τῶν
556 4726 833 4780 Ἰουδαίων
862 4726 960 4796 τῆς
985 4728 1043 4778 ἐν
1070 4723 1335 4793 Σαϐϐάτῳ
1356 4722 1661 4790 σιτολογίας
1686 4720 1813 4785 τοὺς

202 4821 481 4897 μαθητάς
510 4818 690 4881 αίτίας
727 4817 1113 4887 εἰσέπραττεν,
1146 4815 1245 4885 οὐχ
1284 4814 1365 4867 ἐνί
1415 4831 1477 4883 γε
1516 4812 1703 4883 τρόπῳ
1750 4812 1812 4865 τὸ

1917 4724 1965 4768 et
2003 4711 2295 4782 impudens
2343 4708 2657 4765 Judaaorum
2696 4709 2847 4763 natio
2902 4707 3202 4777 discipulos
3228 4706 3500 4759 rationem

1914 4802 2388 4874 redderejubebat
2410 4801 2481 4868 “,
2517 4816 2618 4857 cur
2646 4802 2700 4856 in
2759 4800 2998 4857 Sabbato
3031 4809 3331 4855 sementem
3349 4813 3503 4853 com-

201 4893 629 4984 ἐπηρεαστικδν
653 4909 835 4963 αὐτῶν
865 4908 1247 4974 ἐπεστόμισεν.
1286 4904 1447 4957 Ἀλλά
1476 4903 1688 4975 πρῶτον
1712 4902 1809 4972 μὲν

1914 4898 2174 4962 odissent,
2208 4911 2316 4950 non
2368 4908 2479 4949 uno
2509 4894 2671 4949 modo
2700 4893 2933 4963 injurios
2978 4907 3169 4947 eorum
3220 4905 3503 4945 sermones

200 5008 329 5078 τὴν
356 5004 605 5073 ἀνάγκην
640 5002 827 5065 αὐτοῖς
861 4999 1289 5069 ἀντεπέστησεν.
1344 4994 1516 5049 Τοῦτο
1565 4994 1675 5065 γὰρ
1716 4994 1812 5047 καὶ

205 5093 706 5157 κατασκευάζεται
754 5094 822 5162 τῇ
857 5089 999 5143 κατά
1031 5089 1122 5143 τὸν
1170 5088 1337 5142 Δαϐὶδ
1372 5087 1569 5157 πράξει
1603 5087 1698 5139 καὶ
1730 5085 1808 5155 τῷ

207 5185 661 5255 παραδείγματι,
689 5183 749 5247 ὃς
777 5183 906 5246 τοὺς
940 5182 1141 5254 ἄρτους
1191 5178 1384 5250 φαγὼν
1413 5180 1514 5233 οὐκ
1540 5178 1660 5243 ἐξὸν
1709 5178 1810 5247 τῆς

206 5274 573 5346 προθέσεως,
597 5274 777 5337 αίτίας
810 5272 1054 5342 ἀφίεται.
1094 5272 1360 5340 Δεύτερον
1388 5270 1445 5323 δὲ
1472 5269 1579 5322 ἀπὸ
1600 5268 1695 5321 τοῦ
1720 5268 1813 5321 τό-

202 5385 362 5429 που,
397 5365 516 5437 ἦτοι
566 5366 717 5435 παρά
760 5365 823 5419 τὸ
873 5366 932 5419 ἐν
976 5363 1055 5434 τῷ
1103 5364 1255 5433 τόπῳ
1284 5361 1603 5431 προνόμιον.
1636 5361 1815 5431 Παρα-

194 5458 589 5529 δειγματικδν
626 5459 725 5528 μὲν
757 5457 851 5513 καὶ
886 5455 1071 5519 τοῦτο,
1104 5453 1245 5525 πλὴν
1280 5452 1376 5508 τοῦ
1408 5454 1680 5523 προτέρου
1714 5453 1813 5522 βα-

194 5552 700 5621 θύτερον.Ὦσπερ
720 5549 827 5620 γὰρ
851 5549 1037 5625 quae;
1058 5546 1255 5618 πρᾶξις
1280 5545 1386 5612 ἔξω
1421 5545 1521 5615 μὲν
1542 5545 1635 5599 τοῦ
1678 5542 1826 5614 ίεροῦ

294 5668 350 5701 ⁸⁸
373 5667 562 5725 Matth.
597 5668 751 5733 xn,i
788 5680 949 5737 seqq.

1914 4988 2318 5055 compeseebat.
2349 4985 2537 5040 Primo
2562 4986 2783 5055 quidem
2821 4985 2938 5039 loca
2974 4984 3355 5039 necessitatem
3387 4981 3497 5036 illis

1915 5080 2251 5135 obvertebat.
2288 5078 2346 5134 ld
2374 5078 2582 5134 scilicet
2611 5077 2731 5147 ipso
2751 5077 2968 5132 Davidis
3001 5076 3144 5131 facto
3174 5084 3229 5131 et
3250 5074 3502 5145 exemplo

1917 5172 2261 5237 ﬁrmabatur,
2292 5170 2409 5240 qui,
2440 5186 2567 5225 cum
2625 5185 2796 5239 panes
2846 5167 3257 5238 propositionis,
3300 5165 3505 5237 quibus

1917 5264 2065 5320 vesci
2115 5278 2223 5318 non
2274 5263 2497 5330 licebat,
2550 5262 2905 5327 comedisset,
2953 5276 2984 5315 a
3021 5261 3180 5331 culpa
3239 5257 3505 5313 immunis

1922 5357 2246 5412 habebatur.
2286 5356 2537 5411 Alterum
2566 5363 2954 5426 argumentum
2984 5354 3118 5422 petit
3145 5366 3177 5406 a
3203 5351 3347 5415 loco,
3386 5348 3506 5405 sive

1923 5449 2104 5519 potius
2135 5463 2167 5502 a
2196 5449 2553 5519 praerogativa
2612 5447 2877 5518 quadam,
2930 5445 3055 5500 loco
3101 5442 3345 5515 propria.
3396 5442 3504 5497 Aro

1936 5549 2257 5610 gementum
2316 5540 2422 5595 hoc
2470 5539 2658 5594 itidem
2694 5538 2763 5594 ab
2801 5536 3050 5607 exemplo
3122 5535 3363 5602 ducitur,
3408 5530 3505 5590 sed

1769 5749 1993 5807 NOTZE.

300 5875 425 5948 (35)
449 5876 549 5948 σὴν
574 5876 743 5932 habes
766 5892 833 5933 ex
862 5875 1106 5948 Colbert.
1148 5872 1352 5948 Vocula
1374 5873 1511 5948 _h;_ee
1559 5872 1614 5924 in
1644 5870 1816 5926 altero
1851 5867 2177 5940 obsequens
2252 5867 2629 5937 συνεξαίτησιν
2690 5862 2898 5922 omissa
2928 5866 3072 5923 erat,
3097 5856 3189 5914 ubi
3220 5866 3401 5913 tamen
3428 5865 3496 5911 at-

186 5942 344 6027 que
367 5942 589 6004 adeo'et
622 5947 711 6003 hic
744 5946 947 6003 rectius
973 5945 1181 6017 legetur
1210 5943 1308 6016 σὴν
1339 5942 1637 6011 ὲξαίτησιν.
