4072 6448
506 18 525 25 ι
534 24 551 25 η
560 18 569 19 ί
596 18 625 25 ι...
632 18 653 27 ..εν
674 18 683 23 ιγ
690 16 1305 27 ν-κ-τΜπ--π--ι--ῌῨ

539 506 649 582 ’147

1699 507 1963 581 ΡΗΟΤΙΙ
2001 510 2506 583 ΡΛΤΒΙΑΒΟΙΙ.²Ε
2544 516 2645 583 CP;

2324 408 2344 443 \

3716 500 3827 574 τις]

538 633 712 703 priori
752 630 845 687 illo
883 634 969 688 est
997 630 1240 702 gravius.
1276 624 1431 686 Sicut
1484 629 1634 685 enim
1665 630 1858 687 eadem
1882 630 2048 696 actio,
2070 629 2118 685 si

2247 633 2485 701 ἰνομένη
2535 630 2675 699 πρὸς
2718 628 2877 697 δίκην
2910 619 3135 694 ὖπάγει,
3180 625 3241 677 ὲν
3282 620 3437 693 αύτῷ
3467 612 3532 675 δὲ
3562 620 3641 691 τῷ
3690 615 3830 690 ίερῷ

538 714 759 795 quidem
816 733 972 780 extra
1045 724 1227 779 locum
1262 732 1512 779 sanctum
1574 724 1687 789 ﬁat,
1723 724 1942 779 crimini
1992 721 2124 777 facit

539 818 862 882 obnoxium,
894 832 1016 888 qua:
1063 817 1119 872 in
1153 828 1344 872 sancto
1381 816 1503 871 loco
1534 823 1769 887 patrata,
1812 831 1965 870 reum
2010 830 2121 870 non

541 910 720 964 reddit
750 926 764 974 ;
818 909 916 975 ita,
946 909 991 964 si
1030 908 1123 979 qui
1155 908 1248 962 alii
1274 908 1597 977 simpliciter
1640 907 1695 961 in
1732 906 1973 961 Sabbato
2007 905 2124 960 fru-

540 1008 728 1075 mento
774 1008 1067 1054 vescantur
1124 998 1351 1068 (largiar
1385 997 1489 1052 hoc
1541 995 1747 1066 vobis,)
1792 996 1965 1066 culpat
1995 1004 2126 1050 sunt

540 1092 785 1147 obnoxii.
838 1092 909 1146 At
940 1106 1071 1147 vero
1101 1091 1201 1156 illi,
1238 1090 1334 1161 qui
1391 1089 1679 1145 hominum
1732 1098 1863 1143 sunt
1919 1098 2119 1143 serva-

542 1188 715 1250 tores,
746 1190 803 1238 et
830 1182 1105 1247 doctores,
1135 1181 1339 1250 quique
1368 1194 1493 1235 cum
1535 1181 1655 1250 ipso
1684 1179 1979 1235 Sacerdotii
2016 1178 2126 1233 Do-

542 1273 699 1329 mino
727 1282 784 1329 et
830 1272 1149 1343 legislatore
1198 1280 1510 1336 versantur,
1564 1272 1650 1326 vel
1706 1272 1999 1340 propterea
2055 1270 2125 1325 ab

545 1365 696 1420 omni
750 1365 984 1421 crimine
1016 1364 1291 1419 immunes
1344 1363 1637 1418 habentur.
1695 1362 1829 1429 Quae
1860 1362 2006 1418 enim
2035 1362 2126 1417 hic

547 1466 701 1523 sunt,
741 1465 934 1512 sancto
959 1456 1051 1511 illo
1083 1456 1207 1512 loco
1231 1465 1358 1511 sunt
1390 1455 1621 1524 majora.
1652 1455 1828 1509 Porro
1860 1466 1991 1509 vero
2023 1453 2125 1507 Ini-

546 1546 863 1603 sericordiaa
901 1561 1120 1617 quoque
1150 1547 1375 1601 nomine
1408 1546 1709 1599 amentiam
1740 1554 1935 1599 eorum
1961 1542 2129 1599 casti-

552 1645 664 1708 gat.
720 1636 781 1692 Si
824 1637 971 1693 enim
1018 1637 1376 1702 sacriﬁcium,
1416 1637 1621 1706 inquit,
1650 1645 1878 1708 praestat
1928 1635 2124 1692 obser-

549 1729 769 1785 vatione
817 1728 1065 1797 Sabbati,
1124 1729 1212 1785 lex
1264 1743 1393 1785 vero
1451 1738 1635 1785 vestra
1692 1727 2129 1784 misericordiam

549 1821 826 1878 sacriﬁcio
880 1820 1142 1893 praefert:
1202 1838 1222 1873 ι
1251 1819 1687 1877 Misericordiam
1716 1820 1887 1887 enim,
1926 1819 2128 1890 inquit,

550 1914 698 1981 volo,
733 1930 841 1969 non
876 1927 1009 1969 vero
1058 1913 1391 1969 sacriﬁcium
1427 1913 1475 1945 ”
1508 1930 1525 1979 ;
1556 1929 1576 1968 ι
1631 1912 1712 1967 illi
1770 1913 1981 1983 utique,
2030 1911 2127 1982 qui

550 1980 780 2075 proco,
828 2006 974 2076 quod
1028 2004 1098 2060 ad
1154 2004 1593 2061 misericordiam
1643 2005 1787 2060 ﬂecti
1835 1980 2126 2070 debebant,
2158 1980 2206 2041 Β

550 2092 1022 2163 praevaricationis
1049 2108 1238 2163 pinnas
1267 2103 1524 2164 poscunt,
1557 2092 1785 2164 majoris
1815 2096 2024 2164 peccati
2048 2093 2129 2149 rei

552 2184 754 2239 merito
776 2184 1066 2250 habentur,
1101 2187 1351 2242 umbram
1388 2186 1528 2256 legis
1580 2185 1948 2241 vindicantes.
1984 2184 2131 2241 Prte‘

551 2280 701 2331 terea
734 2283 933 2346 quarto
960 2276 1122 2332 etiam
1157 2288 1483 2347 argumento
1517 2276 1572 2332 in
1610 2278 1835 2332 eosdem
1876 2276 2131 2332 animad-

549 2367 738 2435 vertit,
786 2366 999 2434 dicens,
1055 2367 1337 2422 hominem
1384 2384 1495 2424 non
1547 2377 1774 2438 prapter
1828 2369 2131 2425 Sabbatum

550 2461 781 2527 factum,
813 2462 910 2517 sed
950 2461 1251 2517 Sabbatum
1282 2462 1464 2531 potius
1513 2463 1570 2519 in
1598 2462 1842 2520 hominis
1878 2477 2130 2518 commo-

548 2552 683 2608 dum
713 2554 995 2609 conditum
1018 2570 1139 2610 esse
1165 2555 1234 2610 “.
1272 2554 1514 2626 Denique
1528 2564 1584 2612 et
1602 2556 1895 2613 verborum
1920 2556 2133 2626 ﬂagello

550 2646 807 2700 amentia!
834 2660 1028 2702 eorum
1054 2648 1303 2717 quintam
1335 2646 1529 2718 inﬂigit
1558 2647 1798 2719 plagam,
1822 2663 1932 2718 qua
1967 2648 2133 2703 simul

552 2738 729 2792 instar
755 2735 971 2792 Domini
998 2752 1123 2793 cum
1169 2738 1382 2808 majore
1417 2740 1658 2809 quadam
1704 2740 2034 2796 auctoritate
2078 2749 2135 2796 et

552 2828 800 2884 eiiicacia
826 2828 1048 2885 eosdem
1090 2829 1341 2900 castigat.
1382 2847 1401 2882 ι
1432 2829 1699 2885 Dominus
1728 2830 1898 2893 enim,
1932 2832 2133 2901 inquit,

555 2920 781 2978 Satibati
813 2930 896 2976 est
923 2920 1093 2976 Filius
1126 2921 1367 2976 hominis
1386 2923 1455 2976 ”.
1484 2941 1502 2974 ι
1529 2919 1686 2987 Quod
1725 2922 1772 2977 si
1806 2937 1937 2978 vero
1960 2918 2136 2979 Filius

552 3024 641 3070 est
670 3012 974 3079 Dominus;
1002 3013 1261 3083 discipuli
1280 3022 1460 3069 autem
1493 3014 1575 3068 vel
1605 3013 1843 3070 maxime
1874 3014 1972 3069 filii
2004 3026 2137 3073 sunt

553 3112 611 3162 et
642 3104 886 3160 heredes
923 3103 1026 3174 (illi
1062 3105 1212 3159 enim
1240 3104 1402 3175 primi
1433 3120 1543 3159 non
1575 3120 1643 3159 ex
1689 3105 1983 3176 sanguine,
2030 3120 2136 3162 nec

2230 721 2527 775 ἀνεύθυνον
2552 719 2779 774 ἀπολύει
2808 735 2824 750 ο
2856 718 2999 771 οὕτω
3043 718 3139 770 καὶ
3183 715 3485 783 σιτολογεῖν
3518 713 3621 783 μέν
3667 729 3831 775 τινας

2224 813 2417 876 ἀπλῶς
2461 813 2521 867 ὲν
2553 811 2817 881 Σαϐϐάτῳ
2840 809 3092 883 (δεδόσθω
3147 808 3259 879 γάρ
3311 808 3444 876 ύμῖν
3470 804 3513 876 ,)
3567 806 3725 857 ποιεῖ
3770 807 3831 857 ὲν

2226 907 2516 969 εὐθύναις*
2555 906 2685 968 τοὺς
2740 904 2798 956 δὲ
2826 903 2937 955 τῶν
2966 898 3271 969 ἀνθρώπων
3301 897 3556 967 σωτῆρας
3600 897 3705 948 καὶ
3747 894 3830 946 δι-

2224 993 2549 1062 δασκάλους,
2583 992 2681 1049 καὶ
2728 987 2985 1063 αύτῷτῷ
3034 983 3137 1060 τῆς
3199 987 3507 1058 ἱερωσύνης
3556 987 3833 1049 συνόντας

2224 1086 2476 1159 Δεσπότῃ
2504 1087 2601 1139 καὶ
2635 1083 2903 1157 νομοθέτῃ
2931 1079 3135 1145 παντὸς
3171 1080 3497 1150 αἰτιάματος
3531 1077 3835 1131 ἀπαλλάτ-

2224 1196 2328 1234 τει.
2360 1178 2547 1249 Πολλῷ
2574 1178 2685 1249 γάρ
2711 1178 2885 1247 μείζω
2910 1176 3005 1229 τοῦ
3035 1173 3184 1244 ἱεροῦ
3209 1173 3279 1225 τά
3309 1164 3567 1224 ἐνταῦθα.
3611 1171 3745 1222 Ἔτι
3776 1169 3834 1222 δὲ

2228 1276 2325 1329 καὶ
2363 1270 2472 1328 ἀπὸ
2498 1266 2593 1327 τοῦ
2642 1272 2797 1325 ἐλέου
2818 1272 2921 1343 τὴν
2957 1270 3139 1323 αὐτῶν
3183 1268 3445 1323 ἀπόνοιαν
3484 1266 3833 1337 στηλιτεύει.

2230 1364 2295 1419 Ei
2322 1365 2433 1435 γάρ
2469 1363 2673 1435 μείζων
2701 1362 2803 1433 μὲν
2834 1365 2869 1432 ἡ
2906 1361 3071 1415 θυσία
3102 1361 3204 1429 τῆς
3250 1359 3711 1429 παρατηρήσεως
3737 1355 3838 1424 τῆς

2228 1459 2286 1509 ἐν
2315 1449 2603 1525 Σαϐϐάτῳ,
2656 1450 2956 1524 ἐπίπροσθέ
3005 1469 3064 1505 τε
3109 1452 3209 1521 τῆς
3241 1450 3434 1513 Θυσίας
3468 1449 3568 1502 καὶ
3600 1451 3630 1502 6
3666 1449 3839 1517 νόμος

2228 1548 2382 1619 ὑμῶν
2409 1543 2501 1601 τὸν
2558 1546 2707 1600 ἔλεον
2744 1542 2890 1614 ἀγει-
2934 1563 2953 1596 ι
3012 1540 3202 1598 Ἔλεον
3244 1544 3378 1613 γὰρ,
3432 1542 3627 1612 φησιν,
3664 1540 3837 1602 θέλω,

2230 1640 2328 1693 καὶ
2361 1639 2423 1692 ού
2476 1638 2708 1692 Θυσίαν·
2750 1656 2771 1691 ι
2818 1634 2869 1690 oi
2916 1638 3046 1702 τοὺς
3082 1636 3331 1706 μαθητὰς
3391 1635 3636 1705 ὁρῶντες
3690 1632 3840 1701 λιμῷ

2230 1731 2324 1784 καὶ
2356 1731 2542 1800 ἀσιτία
2575 1727 2959 1799 πιεζομένους,
2991 1724 3112 1781 εἶτα
3138 1730 3259 1783 ἀντὶ
3280 1726 3376 1780 τοῦ
3405 1728 3493 1779 ἔπ’
3519 1726 3684 1779 ἔλεον
3723 1728 3841 1793 (56)

2230 1820 2509 1891 τραπῆναι
2538 1816 2698 1889 δίκην
2748 1819 3207 1891 εἰσπραττόμενοι
3254 1818 3632 1889 παρανομίας,
3690 1815 3841 1871 οὗτοι

2233 1910 2417 1981 πολλῷ
2447 1910 2811 1981 χαλεπωτέρᾳ
2843 1909 3159 1980 τωραδάσει
3196 1903 3297 1979 τὴν
3331 1906 3492 1961 σκιάν
3522 1908 3628 1962 τοῦ
3667 1909 3842 1978 νόμον

2233 2007 2523 2061 διεκδικείν
2546 2009 2686 2060 εἰσιν
2714 2000 3041 2070 ἑαλωκότες.
3072 2005 3147 2058 Οὐ
3173 2006 3281 2075 μὴν
3307 1999 3444 2057 ἀλλά
3462 2008 3561 2056 καὶ
3583 2005 3847 2074 τετάρτῳ

2231 2098 2453 2163 τούτους
2488 2095 2861 2171 ἀπορῤαπίζει
2891 2096 3035 2167 λόγῳ
3062 2136 3079 2162 ,
3111 2096 3174 2150 οῦ
3216 2094 3308 2148 διά
3334 2096 3395 2148 τὸ
3427 2096 3726 2149 Σάὃϐατον
3757 2097 3849 2149 τὸν

2233 2190 2523 2263 ἄνθρωπον
2545 2189 2835 2259 γεγονέναι
2855 2189 3053 2257 λέγων,
3083 2188 3200 2242 ἀλλ’
3231 2188 3503 2245 ἀνάπαλιν
3533 2187 3848 2258 ἀνθρώπου

2233 2286 2393 2356 χρείᾳ
2425 2277 2488 2336 τὸ
2542 2281 2823 2337 Σάδδατον
2876 2276 3202 2349 ὑφεστάναι.
3242 2275 3353 2334 Ναὶ
3398 2272 3467 2348 δὴ
3523 2280 3629 2331 καὶ
3685 2279 3853 2348 μέχρι

2236 2377 2500 2446 πέμπτης
2531 2374 2751 2445 πληγῆς
2783 2365 2887 2444 τῆς
2916 2372 3103 2436 ἀνοίας
3131 2372 3312 2428 αὐτῶν
3349 2370 3419 2443 τῇ
3468 2366 3717 2441 μάστιγι
3746 2371 3855 2421 τῶν

2236 2467 2413 2535 λόγων
2440 2451 2807 2531 καθικνεῖται,
2864 2458 3335 2536 δεσποτικώτερον
3362 2463 3564 2517 λοιπὸν
3597 2464 3705 2516 καὶ
3740 2457 3856 2532 μετ’

2234 2563 2485 2626 ἐξουσίας
2504 2558 2702 2626 αὐτοὺς
2733 2556 3100 2631 ἐπιπλήττων.
3129 2578 3148 2611 ι
3180 2553 3386 2629 Κύριος
3407 2560 3520 2629 γάρ
3555 2558 3711 2619 ἐστι,
3748 2574 3854 2626 φη-

2236 2659 2344 2722 σὶν,
2379 2659 2408 2711 6
2435 2648 2566 2718 Υἱὸς
2595 2654 2691 2709 τοῦ
2719 2652 3011 2724 ἀνθρώπου
3045 2652 3141 2706 καὶ
3161 2651 3257 2704 τοῦ
3284 2648 3607 2706 Σαϐϐἀτου.
3646 2667 3667 2700 ›
3706 2650 3771 2702 Εἰ
3802 2642 3857 2700 δὲ

2236 2749 2439 2819 Κύριος
2466 2749 2495 2801 6
2523 2746 2673 2813 Υἱὸς,
2711 2746 2819 2799 υίοὶ⁵
2856 2744 2915 2798 δὲ
2956 2744 3053 2797 καὶ
3102 2742 3433 2814 κληρονόμοι
3481 2741 3738 2811 μάλιστα
3801 2742 3847 2790 οἱ

2241 2841 2485 2914 μαθηταὶ
2514 2832 2705 2911 (οῦτοι
2758 2837 2869 2908 γάρ
2918 2836 3013 2890 καὶ
3054 2835 3268 2907 πρῶτοι
3316 2835 3419 2888 οὐκ
3447 2833 3511 2899 ἐξ
3558 2834 3855 2902 αἱμάτων,

2236 2927 2359 2987 οὐδὲ
2428 2936 2493 2987 ὲκ
2547 2926 2856 3002 θελήματος
2921 2929 3158 3001 σαρκὸς,
3217 2928 3339 2982 οὐδὲ
3410 2928 3475 2981 ὲκ
3533 2926 3857 2994 θελήματος

2247 3020 2469 3094 ἀνδρὸς,
2504 3021 2624 3077 ἀλλ’
2652 3023 2717 3074 ὲκ
2745 3016 2883 3073 Θεοῦ
2905 3014 3296 3089 ἐγεννήθησαν,
3327 3012 3425 3069 καὶ
3471 3010 3573 3084 τῆς
3640 3012 3858 3067 ἀνωθεν

2240 3110 2515 3179 υἱοθεσίας
2559 3111 2898 3185 ἠξιώθησαν)
2942 3128 2955 3141 ·
2987 3111 3088 3164 οὐκ
3137 3108 3219 3162 ἔτι
3251 3105 3670 3173 δουλεύσουσιν,
3720 3104 3859 3159 ἀλλά

552 3212 624 3253 ex
648 3195 930 3252 voluntate
968 3196 1153 3252 carnis
1197 3210 1300 3252 nec
1336 3212 1404 3251 ex
1438 3197 1718 3254 voluntate
1765 3199 1888 3265 viri,
1919 3199 2019 3255 sed
2063 3210 2128 3256 ex

2247 3202 2593 3279 κυριεύσουσι
2624 3203 2717 3258 τοῦ
2745 3201 3049 3257 Σαὸὅάτου.
3093 3199 3184 3268 Ἐξ
3227 3196 3321 3254 οὖν
3349 3200 3451 3270 τῆς
3500 3198 3860 3265 Δεσποτικῆς

557 3282 671 3345 Deo
723 3288 892 3359 geniti
933 3298 1085 3353 sunt,
1144 3297 1199 3344 et
1236 3302 1269 3344 a
1310 3287 1423 3343 Deo
1474 3289 1527 3343 in
1569 3291 1712 3345 lilios
1754 3291 2137 3363 adoptati“);

2252 3298 2521 3371 ἐργασίας
2546 3296 2777 3367 ταύτης,
2812 3295 2904 3348 xa‘t
2931 3290 3032 3365 ὅση
3068 3291 3455 3363 παραπλησία,
3492 3288 3859 3378 δυναμωθέν-

558 3381 724 3437 iidem
742 3396 876 3436 sane
893 3395 1001 3436 non
1016 3381 1280 3445 servient.
1299 3380 1396 3436 sed
1421 3381 1853 3437 dominabuntur
1879 3382 2140 3442 Sabbato.

2251 3406 2346 3452 τες
2373 3405 2433 3441 τε
2482 3386 2577 3442 καὶ
2632 3384 3107 3456 στοιχειωθέντες,
3139 3378 3327 3451 ὥσπερ
3374 3379 3609 3451 ᾔτησας,
3674 3377 3861 3444 λόγοις

558 3470 677 3530 Hoc
722 3473 888 3544 igitur
939 3471 1161 3529 Domini
1204 3487 1391 3543 opere,
1442 3473 1678 3544 aliisque
1722 3474 1802 3531 illi
1846 3475 2141 3543 similibus,

2247 3478 2527 3549 διαφόροις
2556 3478 2655 3547 τὴν
2680 3477 2790 3530 τῶν
2810 3474 3023 3529 σεπτῶν
3048 3472 3258 3542 Λογίων
3269 3468 3537 3525 δοκοῦσαν
3552 3469 3864 3539 διαφωνίαν

559 3566 761 3624 muniti
817 3575 872 3622 et
923 3565 1128 3633 edocti,
1160 3566 1332 3632 illam,
1372 3573 1434 3621 ut
1486 3567 1733 3630 volebas.
1788 3568 2141 3623 oraculorum

2250 3565 2331 3637 εἰς
2355 3570 2717 3625 ἀστασίαστον
2742 3569 3126 3638 συνηγάγομεν
3150 3564 3466 3634 συμφωνίαν
3494 3563 3641 3631 (37).
3694 3560 3865 3615 ’Δλλά

560 3657 961 3713 venerabilium
1037 3666 1395 3729 apparentem
1464 3656 1889 3723 dissensionem,
1980 3660 2141 3716 variis

2252 3665 2362 3736 γὰρ
2399 3665 2467 3718 τά
2513 3658 2645 3733 παρ’
2689 3655 2847 3733 ἡμῶν
2891 3678 2973 3713 σοι
3022 3654 3116 3712 ἐπὶ
3145 3652 3422 3711 τοσοῦτον.
3456 3651 3520 3710 Et
3565 3656 3627 3709 δὲ
3673 3655 3739 3709 τὸ
3774 3654 3868 3707 σὺν

563 3748 748 3804 modis
780 3747 837 3802 in
878 3748 1302 3804 consensionem
1359 3747 1711 3803 manifestam
1777 3750 2149 3808 traduximus.

563 3841 745 3910 Atque
770 3840 863 3895 illa
887 3839 1106 3909 quidem
1138 3848 1324 3895 nostra
1356 3839 1431 3894 ita
1461 3839 1653 3895 habes.
1686 3838 1744 3894 Si
1776 3855 1907 3895 vero
1939 3839 2148 3911 ingenii

565 3933 647 3987 tui
683 3931 940 3996 felicitas,
973 3940 1029 3987 et
1052 3931 1245 4002 judicii
1279 3946 1532 3997 acumen,
1563 3946 1846 4001 sameque
1889 3931 2158 3988 doctrinae

566 4026 726 4096 copia
772 4033 828 4081 et
860 4024 1079 4080 dicendi
1117 4022 1694 4093 ubertasjucundiora
1727 4029 1782 4079 et
1833 4025 2157 4086 sublimiora

567 4118 842 4175 invenerit
895 4116 1164 4186 (inveniet
1217 4130 1349 4171 vero
1400 4115 1651 4182 omnino,
1701 4116 1867 4173 modo
1897 4117 2153 4183 voluerit,

567 4210 843 4283 siquidem
874 4225 977 4279 ego
1007 4218 1080 4274 te,
1103 4208 1347 4263 amicum
1377 4221 1586 4275 meum,
1620 4215 1769 4263 recte
1800 4208 1951 4277 novi)
1985 4227 2002 4277 ;
2028 4225 2152 4263 mu-

570 4313 721 4357 tuam
757 4302 900 4357 hanc
925 4299 1363 4357 benevolentiam
1392 4297 1571 4356 instar
1601 4299 1931 4370 amplissimi
1948 4299 2158 4370 praemii

570 4404 863 4460 accepero.

570 4497 903 4572 QUESTIO
928 4494 1195 4557 cxxxw
1237 4494 1426 4574 [CoisL
1468 4496 1700 4560 CLVIII.
1732 4502 1898 4558 Taur.
1932 4496 2179 4570 CLVlilJ.

646 4598 829 4662 Quare
851 4591 1058 4648 Paulus
1083 4595 1354 4661 apostolus
1385 4596 1440 4648 in
1482 4594 1719 4663 epistolis
1736 4596 1849 4651 suis
1880 4612 2069 4652 nomen

1069 4674 1225 4717 suum
1260 4667 1535 4734 prtemittit
1557 4667 1583 4718 ?

2254 3758 2357 3828 τῆς
2395 3756 2639 3819 διανοίας
2662 3754 2846 3824 τάχος,
2881 3754 2975 3806 καὶ
3020 3750 3081 3805 τὺ
3115 3752 3173 3805 ὲν
3225 3750 3541 3822 φρονήματι
3604 3748 3868 3810 συνετὸν,

2258 3847 2494 3904 καὶτῶν
2540 3845 2703 3917 ἱερῶν
2748 3845 3124 3916 θεωρημάτων
3176 3838 3482 3905 ὀπλοῦτος,
3517 3841 3617 3893 καὶ
3671 3840 3869 3909 ῥήτωρ

2256 3942 2424 4013 τέχνη
2460 3938 2772 4011 γλυκύτερά
2795 3954 2856 3991 τε
2888 3938 2984 3990 καὶ
3006 3935 3321 4007 ὑψηλότερα
3346 3932 3869 4004 προσεπιθεωροξη,

2264 4032 2815 4105 προσεπιθεωρήσειε
2839 4028 2886 4083 δ’
2914 4022 2981 4083 ἂν
3009 4028 3171 4098 μόνον
3206 4022 3522 4097 βουληθείη,
3551 4022 3723 4095 εἴπερ
3756 4020 3872 4091 ἐγὼ

2260 4124 2354 4180 τὸν
2387 4124 2523 4196 ἐμὸν
2555 4125 2657 4178 οὐκ
2687 4122 2870 4193 ἀγνοῶ
2908 4118 3086 4191 φίλον,
3126 4121 3208 4184 είς
3258 4119 3323 4173 τὸ
3362 4118 3763 4189 πληρέστατον
3802 4114 3869 4171 ἂν

2264 4217 2388 4290 είην
2414 4217 2528 4289 (58)
2558 4216 2659 4286 τὴν
2692 4211 2988 4286 ἀμοιὸαίαν
3026 4209 3345 4281 ἀπειληφὼς
3383 4208 3567 4282 χάριν.

2771 4495 3111 4556 raporum:
3156 4500 3343 4567 PAq'.

2266 4589 2371 4651 Διὰ
2396 4593 2455 4651 τί
2483 4597 2553 4649 ἐν
2588 4594 2717 4661 ταῖς
2732 4594 3116 4659 Ἐπιστολαῖς
3156 4592 3341 4646 αὐτοῦ
3376 4590 3624 4661 Παῦλος
3652 4594 3687 4645 o'
3719 4592 3875 4645 ἀπύω

2455 4655 3011 4733 στολοςίττροτάττει
3028 4655 3266 4717 τὸἸδιον
3288 4661 3475 4731 ὄνομα
3490 4655 3584 4733 (39
3640 4679 3656 4728 ;

576 4771 834 4831 Editarum
856 4793 884 4828 a
908 4778 1090 4829 Wolﬁo
1121 4776 1177 4840 (1.
1204 4792 1251 4829 c.
1284 4794 1333 4843 p.
1357 4774 1574 4830 750-770
1603 4775 1825 4829 Gallaud.
1850 4771 1887 4830 ι.
1909 4791 1953 4830 ο.
1975 4794 2025 4843 p.
2051 4779 2297 4904 $211333,
2334 4794 2384 4829 ιι.
2411 4780 2514 4843 55).
2538 4783 2677 4834 —-De
2699 4776 2855 4831 Paulo
2874 4781 2979 4829 suis
2999 4779 3228 4842 epismlis
3252 4775 3507 4839 proprium
3535 4788 3722 4824 nomen
3752 4789 3869 4838 pm

648 4922 879 4980 Divinos
907 4924 1109 4979 Paulus
1134 4922 1397 4993 Epistolis
1424 4924 1542 4977 suis
1587 4938 1785 4978 nomen
1814 4939 1977 4980 suum
2009 4939 2151 4995 pra:-

574 5011 715 5087 ligit,
758 5016 902 5079 ideo,
957 5014 1107 5086 quod
1161 5030 1226 5069 os
1253 5030 1416 5070 suum
1448 5014 1568 5069 sine
1592 5024 2022 5070 commemorata
2048 5015 2156 5069 Do-

576 5109 713 5164 mini
745 5108 1103 5163 benelicentia
1161 5108 1375 5176 aperire
1424 5107 1620 5162 noluit.
1670 5107 1857 5163 Gratia
1898 5109 2045 5162 enim
2081 5107 2163 5162 illi

577 5214 775 5256 nomen
802 5216 1025 5271 quoque
1066 5215 1271 5254 novum
1319 5199 1601 5269 imposuit,
1652 5215 1777 5269 qua:
1817 5199 2048 5254 Saulum
2110 5198 2166 5254 in

576 5284 808 5347 Paulum
842 5308 949 5345 non
982 5291 1163 5346 solum
1221 5292 1402 5360 quoad
1433 5307 1636 5357 mores,
1680 5290 1777 5346 sed
1821 5292 1986 5346 etiam
2018 5291 2165 5361 quod

576 5383 649 5437 ad
679 5383 1102 5454 appellationem
1137 5392 1507 5438 converterat.
1556 5381 1855 5452 Propterea
1910 5390 2073 5437 vocat
2104 5396 2165 5437 se

578 5464 840 5543 Paulum,
876 5485 1139 5545 tanquam
1166 5477 1263 5547 qui
1309 5476 1487 5547 ipsum
1537 5490 1741 5531 nomen
1770 5473 1988 5529 Domini
2023 5474 2078 5529 in
2103 5490 2165 5532 sc

2329 4925 2632 4994 Προτάττει
2662 4926 2773 4979 τῶν
2808 4922 3143 4978 Ἐπιστολῶν
3193 4920 3364 4977 αὑτοῦ
3398 4920 3619 4984 Παῦλος
3652 4923 3682 4974 6
3727 4923 3879 4982 θεῖος

2269 5016 2334 5070 τὺ
2362 5016 2556 5087 ὄνομα,
2598 5017 2735 5087 μηδὲ
2755 5016 2940 5086 διᾶραι
2986 5015 3161 5086 στόμα
3198 5014 3369 5086 χωρὶς
3404 5012 3499 5066 τοῦ
3548 5012 3880 5083 μεμνῆσθαι

2268 5109 2369 5180 τῆς
2402 5110 2742 5178 Δεσποτικῆς
2792 5108 3120 5179 εὐεργεσίας
3179 5106 3529 5177 βουλόμενος.
3590 5105 3704 5158 Καὶ
3770 5107 3882 5175 γὰρ

2273 5199 2550 5269 αὑτῷικαὶ
2577 5200 2676 5270 τὴν
2700 5199 2893 5268 κλῆσιν
2921 5200 2955 5267 ἡ
2998 5199 3161 5270 χάρις
3191 5197 3490 5261 ὲκαίνισεν,
3534 5197 3619 5257 είς
3657 5195 3882 5248 Παῦλον

2276 5289 2371 5343 τὸν
2398 5289 2630 5353 Σαῦλον,
2680 5289 2874 5359 ὥσπερ
2900 5288 3030 5351 τοὺς
3080 5288 3339 5359 τρόπους,
3394 5284 3537 5338 οὕτω
3566 5287 3882 5355 διαμειψα-

2274 5383 2414 5453 μὲνη
2445 5381 2541 5435 καὶ
2575 5381 2644 5434 τὰ
2669 5382 2916 5453 ῥήματα.
2958 5380 3049 5433 Διό
3085 5394 3222 5449 φησι
3247 5376 3483 5443 Παῦλος,
3518 5378 3547 5429 6
3568 5378 3671 5430 καὶ
3702 5376 3881 5446 αὐτὴν

2271 5475 2439 5530 οἱονεὶ
2464 5474 2566 5547 τὴν
2605 5475 2800 5547 κλῆσιν
2829 5476 2894 5529 ὲκ
2924 5472 3263 5544 Δεσποτικῆς
3291 5468 3609 5541 φιλοτιμίας
3660 5470 3883 5538 φέρων,

653 5626 701 5669 ³³
721 5628 863 5691 Osee
885 5650 961 5702 γι,
986 5633 1055 5703 6;
1081 5628 1272 5690 Matth.
1303 5644 1401 5703 xit,
1443 5628 1496 5691 7.
1571 5626 1617 5666 ⁸⁵
1649 5634 1816 5689 Marc.
1849 5651 1907 5701 II,
1932 5627 2023 5690 27.
2100 5635 2141 5667 ⁸⁸

2248 5634 2322 5689 id.
2354 5634 2442 5690 9.8.
2526 5635 2572 5667 ³⁵
2595 5632 2759 5689 Jozm.
2799 5632 2946 5695 ι,13.

2104 5726 2340 5785 NOTAE.

651 5818 767 5889 (56)
790 5811 870 5873 lla
900 5818 1058 5873 Colb.
1092 5830 1195 5889 pro
1222 5814 1393 5875 altero
1421 5818 1667 5875 ἔλαττον,

657 5892 778 5960 (ὄλ)
800 5891 887 5960 είς
926 5888 1105 5942 adeo.
1128 5890 1517 5960 συνηγάγομεν
1549 5888 1897 5960 συμφωνίαν,
1923 5905 1989 5946 ex
2008 5888 2167 5949 Golb.

799 5950 948 6014 Idem
970 5972 1073 6028 pro
1107 5957 1246 6027 εἴης.

2351 5822 2464 5891 (59)
2492 5820 2712 5876 initium
2745 5821 2908 5890 hujus
2936 5820 3185 5891 responsi
3212 5828 3392 5891 exstat
3429 5820 3569 5886 apud
3593 5819 3880 5878 meum

2279 5890 2566 5950 niuursub
2585 5890 2764 5949 Photii
2803 5890 3047 5959 nomine,
3072 5908 3124 5963 ι).
3156 5890 3260 5947 202
3283 5890 3663 5946 Commentar.
