4072 6430
253 424 360 494 ⁸149

1146 432 1246 493 AD
1281 432 1876 493 AMPHILOCHIUM
1915 434 2261 505 QUA‘SI‘IO
2307 434 2623 499 CXXXVI.

3422 438 3530 506 750

255 544 285 596 ό
309 544 490 598 πάντα
516 541 827 616 πλουτήσας
862 545 975 600 ἀπὸ
1002 544 1097 600 τοῦ
1121 545 1385 617 Χριστοῦ,
1416 547 1478 601 τὸ
1513 547 1710 619 ὄνομα,
1739 548 1839 619 τὴν

1966 550 2117 605 umori
2156 550 2401 618 deberet,
2454 551 2661 621 quique
2702 566 2733 606 a
2781 552 3006 609 Christo
3052 552 3263 619 omnia,
3327 570 3526 610 nomen

258 635 467 702 πίστιν,
494 635 588 689 τον
614 636 801 703 πόθον,
846 638 939 691 τὸν
984 637 1206 708 δρόμον,
1255 637 1355 709 τὴν
1413 639 1741 711 ἀποστολὴν,
1774 639 1845 693 τὰ

259 725 656 797 πολιτεύματα,
689 728 919 790 εἰκότως
948 727 1240 799 τοιγαροῦν
1274 727 1368 780 καὶ
1416 746 1435 780 ι
1480 726 1668 791 δοῦλος
1710 729 1845 799 Χρι-

264 818 416 874 στοῦ.
452 838 471 873 ι
517 818 576 875 ’0
603 819 715 890 γὰρ
761 822 967 890 προῖκα
1000 817 1243 874 τοσαῦτα
1290 819 1493 886 λαϐὼν,
1541 819 1639 874 καὶ
1679 821 1847 892 μηδὲν

264 909 767 981 προκαταθέμενος,
820 908 939 971 πῶς
969 910 1093 980 οὐχὶ
1135 910 1321 976 δοῦλος
1374 910 1511 982 (40),
1556 911 1653 965 καὶ
1697 912 1751 965 εἰ
1793 931 1846 966 τι

264 1001 513 1069 ἄλλο,τοῦ
538 1000 629 1055 διὰ
656 1001 933 1055 τοσούτων
976 1003 1341 1074 τιμήσαντοςς
1375 1004 1564 1058 Δοῦλοι
1613 1003 1712 1075 μὲν
1740 1005 1849 1077 γὰρ

266 1098 360 1148 καὶ
397 1095 623 1158 ἄκοντες
669 1094 931 1161 ἅπαντες,
975 1095 1136 1160 ὅσους
1182 1098 1212 1150 ό
1255 1096 1648 1168 δημιουργικὸς
1678 1098 1850 1167 Λόγος

265 1190 330 1240 ἐκ
358 1187 433 1259 μὴ
454 1187 625 1268 ὅντων
651 1188 731 1251 εἰς
754 1187 992 1259 ὓπαρξιν
1025 1189 1274 1257 θέμενος,
1295 1190 1433 1261 πρὸς
1461 1190 1552 1244 τὸν
1573 1192 1851 1263 Δεσπότην

263 1275 398 1345 όρᾷν
448 1276 780 1345 ἀναγκάζει,
829 1278 925 1331 καὶ
974 1277 1070 1331 τοῦ
1104 1278 1355 1335 Πλάστου
1406 1280 1469 1334 τὸ
1500 1281 1703 1352 κράτος
1730 1282 1852 1336 επί-

267 1364 519 1421 στασθαι.
551 1367 661 1420 Καὶ
709 1367 821 1436 γὰρ
870 1368 1089 1441 ἀνάγκη
1140 1370 1202 1424 τὸ
1236 1370 1633 1444 δημιούργημα
1667 1371 1852 1427 δοῦλον

265 1453 407 1511 εἶναι
435 1459 528 1512 καὶ
558 1458 881 1524 ὕπεξούσιον
915 1462 1018 1531 τῆς
1055 1461 1151 1516 τοῦ
1192 1462 1724 1538 δεδημιουργηκότος
1753 1484 1854 1519 κυ-

269 1552 541 1621 ριότητος.
570 1552 767 1608 Δοῦλον
794 1553 854 1608 δὲ
880 1554 975 1607 καὶ
1003 1555 1127 1608 ὅσον
1150 1556 1250 1627 τῆς
1272 1554 1367 1609 τοῦ
1391 1556 1698 1627 κρείττονος
1720 1559 1855 1611 ἀπο-

267 1642 425 1696 λαύει
458 1645 739 1715 προνοίας,
769 1647 865 1700 καὶ
902 1646 1005 1716 τῆς
1041 1647 1192 1717 ζωῆς
1234 1647 1426 1719 ὥσπερ
1480 1649 1691 1703 ἐκεῖθεν
1740 1650 1854 1720 ἔχει

269 1736 372 1803 τὴν
396 1733 658 1809 ὕπαρξιν,
689 1737 834 1793 οὕτω
862 1740 959 1793 καὶ
988 1742 1087 1812 τῆς
1114 1740 1379 1812 διαμονῆς
1406 1741 1506 1808 τὴν
1544 1741 1850 1813 συνέχειαν.

270 1824 395 1882 Εἶεν
414 1829 460 1882 δ’
478 1830 546 1885 ἂν
566 1832 1039 1903 εὐγνωμονοῦντες
1067 1833 1272 1900 δοῦλοι,
1308 1834 1407 1888 καὶ
1430 1836 1626 1899 οἵτινες
1656 1853 1854 1906 τυραν-

266 1922 415 1986 νίδος
452 1925 664 1996 πικρᾶς
702 1925 799 1979 καὶ
862 1926 1110 1996 χαλεπῆς
1154 1926 1537 1997 αἰχμαλωσίας
1596 1928 1856 1998 μεγάλοις

266 2014 735 2088 ἐλευθερωθέντες
752 2018 994 2089 λύτροις,
1021 2018 1115 2072 τὸν
1137 2018 1418 2090 λυτρωτὴν
1450 2022 1856 2093 ἐπιγράφεσθαι

265 2107 555 2178 Δεσπότην
594 2106 925 2176 ἐγνώκασιν.
988 2109 1129 2166 Ἀλλ’
1182 2111 1211 2163 ὅ
1243 2127 1308 2179 γε
1360 2111 1507 2175 θεῖος
1538 2112 1749 2176 Παῦλος
1792 2114 1855 2167 ού

266 2195 485 2261 τούτοις
515 2197 705 2253 ἑαυτὸν
728 2201 842 2263 τοῖς
870 2199 1096 2271 τρόποις
1149 2200 1417 2266 ὑποτάξαι
1460 2202 1682 2274 Χριστῷ
1713 2204 1857 2272 μέγα

268 2290 537 2346 ἐποιεῖτο.
573 2291 746 2346 Κοινᾶ
768 2310 828 2346 τε
868 2292 979 2365 γὰρ
1022 2292 1218 2360 ταῦτα,
1256 2295 1353 2348 καὶ
1385 2295 1538 2349 οὐδὲν
1577 2295 1858 2366 ἐξαίρετον

268 2380 398 2436 ούδὶ
422 2381 739 2453 θαυμαστὸν
783 2384 1195 2456 ἐνδεικνύμενα.
1248 2387 1494 2459 Ἐτέροις
1544 2388 1603 2440 δὲ
1655 2388 1859 2458 μᾶλλον

268 2471 472 2528 ἑαυτὸν
501 2473 812 2545 διακοσμεῖ,
851 2476 948 2530 καὶ
979 2475 1298 2531 διαπλάττει
1327 2477 1515 2532 δοῦλον
1556 2479 1765 2532 πλείοσί
1797 2498 1858 2533 τε

264 2566 370 2621 καὶ
409 2565 646 2638 μείζοσι,
675 2565 773 2620 καὶ
790 2567 854 2620 τὸ
882 2568 985 2637 τῆς
1008 2568 1253 2633 δουλείας
1283 2570 1547 2641 καθαρὸν,
1574 2572 1667 2625 καὶ
1691 2572 1859 2637 ὄντως

266 2655 564 2728 ἐλεύθερον
604 2658 877 2729 λαμπρῶς
905 2659 1302 2715 ἐπιδείκνυται.
1339 2662 1450 2714 Καὶ
1486 2662 1704 2732 πρῶτον
1736 2664 1857 2734 μὲν,

265 2743 360 2813 οἷς
396 2748 555 2820 ἔσχεν
594 2750 742 2811 ἰδίως
784 2751 1190 2822 φιλοτιμεῖσθαι
1223 2754 1338 2815 τοῖς
1366 2752 1675 2824 δεδομένοις
1708 2755 1859 2824 αύτῷ

267 2840 430 2910 παρὰ
455 2840 551 2895 τοῦ
579 2841 825 2895 Πλάστου
867 2842 1191 2914 χαρίσμασι.
1230 2844 1514 2916 Δεύτερον,
1543 2846 1622 2916 τῷ
1659 2848 1861 2919 ἐξῃρη-

275 2931 429 3003 μένῳ
474 2931 584 2986 τῶν
631 2932 808 2988 ἄλλων
838 2932 1147 3004 ἀνθρώπων
1190 2938 1286 2989 καὶ
1330 2936 1584 3007 διαπύρῳ
1622 2937 1723 3007 τῆς
1780 2939 1861 3000 εἰς

273 3022 443 3078 αὑτὸν
470 3025 825 3095 ἀγαπήσεως.
862 3026 972 3081 Καὶ
1022 3027 1208 3097 τρίτον
1239 3030 1304 3099 τῇ
1333 3027 1733 3099 ἁπροφασίστῳ
1761 3031 1861 3099 τῆς

278 3115 584 3186 ἀποστολῆς
628 3117 925 3189 ὑπηρεσία,
971 3118 1064 3172 καὶ
1116 3119 1194 3190 τῷ
1241 3121 1621 3192 ἁπαραϐλήτῳ
1674 3120 1863 3193 δρόμῳ

279 3208 385 3275 τῆς
411 3206 677 3304 δουλείας,
726 3209 994 3282 ἐλευθέρῳ
1040 3214 1351 3282 φρονήματι
1382 3212 1480 3284 τὴν
1519 3213 1595 3277 ὡς
1643 3213 1860 3284 ἀληθῶς
1889 3244 1936 3304 c

278 3298 572 3367 ἐμφανίζει
615 3300 917 3368 εὐγένειαν.
962 3302 1075 3358 Καὶ
1108 3304 1247 3376 πρός
1295 3321 1359 3373 γε
1392 3308 1507 3369 τοῖς
1550 3306 1864 3377 εἰρημένοις

275 3392 348 3460 τῇ
382 3391 638 3465 ἀκριϐείᾳ
682 3394 776 3446 καὶ
820 3394 1155 3466 καθαρότητι
1203 3397 1298 3450 τοῦ
1331 3398 1754 3469 πολιτεύματος,
1796 3398 1866 3452 δι’

276 3473 360 3534 ὧν
387 3482 583 3538 ἑαυτὸν
602 3484 789 3537 δοῦλον
810 3485 906 3539 καὶ
929 3486 1089 3557 σῶμα
1106 3487 1201 3541 καὶ
1220 3487 1398 3560 ψυχὴν
1424 3489 1519 3544 καὶ
1546 3489 1865 3560 λογισμοὺς,

274 3572 380 3625 καὶ
407 3573 588 3629 πάντα
634 3575 701 3627 τὰ
754 3575 835 3646 τῷ
879 3577 1104 3648 Χριστῷ
1161 3579 1546 3649 παρεστήσατο
1584 3593 1598 3609 °
1630 3579 1869 3650 οὐδαμοῦ

274 3662 385 3730 τὴν
410 3664 643 3736 ἐκλογὴν
670 3665 958 3738 αἰσχύνας,
984 3668 1108 3724 οὐδὲ
1144 3669 1243 3740 τὴν
1276 3670 1485 3725 ἄνωθεν
1522 3671 1702 3743 ψῆφον
1732 3690 1871 3741 φαυ-

276 3753 465 3821 λίσας,
500 3758 781 3829 πανταχοῦ
812 3759 867 3813 δὲ
903 3760 1107 3831 μᾶλλον
1131 3760 1282 3816 θείαν
1306 3762 1382 3826 ὡς
1411 3762 1628 3833 ἀληθῶς
1654 3764 1871 3836 ἀποφή-

276 3863 407 3911 νας,
447 3848 543 3903 καὶ
569 3852 684 3914 τοῖς
712 3851 896 3923 ἔργοις
919 3852 1020 3924 τὴν
1060 3852 1242 3922 κρίσιν
1279 3853 1748 3926 βεϐαιωσάμενος,
1778 3858 1873 3911 καὶ

282 3940 461 4011 μηδὲν
486 3939 685 4008 λιπὼν,
722 3942 776 3996 τί
810 3944 891 3997 δεῖ
912 3944 1091 4014 λέγειν
1122 3944 1232 3998 τῶν
1275 3945 1506 4000 ἐντολῶν
1554 3948 1874 4017 ἀκατόρθω-

274 4049 405 4101 τον,
426 4034 561 4089 ὅπου
583 4034 951 4105 λαϐεῑνέστιν,
979 4036 1045 4102 ἃς
1062 4039 1155 4092 καὶ
1186 4038 1587 4109 ὑπερεϐάλλετο
1615 4057 1629 4106 ;
1651 4039 1873 4094 Δείκνυ-

273 4141 385 4179 ται
433 4125 728 4197 τοιγαροῦν
761 4127 789 4179 ό
833 4127 1137 4198 θαυμάσιος
1189 4127 1425 4195 Παῦλος,
1471 4129 1595 4182 καθ’
1632 4129 1732 4185 ἕνα
1776 4131 1874 4201 μὲν

277 4215 495 4286 τρόπον
516 4216 723 4283 δοῦλος,
743 4216 821 4282 ὡς
864 4219 963 4290 τῆς
999 4219 1402 4291 δημιουργικῆς
1431 4220 1692 4293 παλάμης
1724 4223 1876 4292 φιλοο

278 4304 563 4376 τέχνημα.
597 4306 735 4359 Καθ’
767 4306 955 4379 ἕτερον
980 4306 1059 4373 δὲ,
1094 4308 1172 4372 ὡς
1196 4311 1262 4380 τῇ
1291 4309 1501 4365 ἐκεῖθεν
1527 4310 1756 4384 προνοίᾳ
1775 4312 1876 4383 τὴν

284 4396 535 4469 ὕπαρξιν
556 4399 937 4470 συνεχόμενος,
965 4394 1085 4454 εἷτα
1103 4399 1178 4464 ὡς
1199 4402 1575 4472 ὴγορασμένος
1586 4402 1665 4474 τῷ
1680 4406 1877 4458 Δεσπο-

279 4492 433 4566 τικῷ
481 4495 698 4566 αἵματι,
743 4496 929 4551 λοιπὸν
972 4496 1225 4552 ἐντεῦθεν
1280 4498 1349 4552 τὰ
1407 4499 1716 4564 ἰδιάζοντα·
1755 4501 1876 4555 οὐδὲ

1945 646 2096 708 puta,
2152 638 2340 704 ﬁdem,
2399 640 2763 707 desiderium,
2817 658 3066 706 cursum,
3133 645 3528 714 apostolalnm,

1945 730 2319 802 reliquamque
2373 732 2499 787 vita:
2520 732 2895 788 conditionem
2954 742 3155 791 nactus
3215 747 3530 802 esset;nee

1948 824 2129 881 minus
2157 826 2548 881 convenienter
2582 843 2602 877 ι
2632 841 2850 881 servum
2874 827 3164 884 Christi".
3193 849 3211 882 ι
3248 829 3352 897 Qui
3376 832 3525 887 enim

1947 914 2116 987 gratis
2140 917 2325 971 omnia
2376 926 2681 986 acceperat,
2716 918 2961 987 nihilque
2993 930 3118 974 ante
3155 923 3511 990 praestiterat,

1948 1007 2226 1078 quomodo
2255 1007 2303 1063 is
2341 1022 2449 1062 non
2479 1008 2640 1062 etiam
2676 1022 2889 1074 servus,
2915 1019 2991 1073 et,
3030 1011 3075 1063 si
3107 1012 3239 1080 quid
3281 1013 3426 1067 aliud
3448 1025 3533 1069 est

1950 1098 2204 1163 inferius,
2241 1100 2410 1165 illius,
2438 1100 2532 1170 qui
2567 1101 2733 1157 tantis
2760 1116 2886 1155 eum
2918 1102 3200 1159 beneﬁciis
3217 1116 3541 1171 ornaverat,

1951 1192 2272 1261 appelletur.
2308 1190 2516 1247 Omnes
2563 1192 2736 1255 enim,
2768 1192 2934 1245 etiam
2983 1192 3160 1257 inviti,
3197 1196 3340 1249 servi
3382 1206 3535 1259 sunt,

1951 1290 2226 1354 quotquot
2248 1283 2493 1337 Verbum
2534 1280 2690 1347 illud,
2722 1284 2870 1353 quod
2917 1285 3103 1340 omnia
3159 1286 3425 1349 condidit,
3468 1302 3538 1340 ex

1954 1376 2127 1430 nihilo
2157 1374 2485 1445 producens,
2542 1373 2608 1427 ad
2644 1372 2936 1429 Dominum
2985 1377 3281 1446 respicere,
3327 1376 3536 1431 Condi-

1955 1467 2201 1536 torisque
2255 1466 2335 1521 sui
2378 1465 2676 1536 potentiam
2713 1481 3014 1536 agnoscere
3073 1467 3240 1538 cogit.
3298 1466 3537 1525 Necesse

1954 1560 2101 1613 enim
2140 1566 2226 1614 est
2258 1566 2505 1613 creatum
2555 1556 2815 1627 quodque
2853 1572 3073 1613 servum
3123 1574 3268 1624 esse,
3326 1558 3535 1615 Condi-

1959 1650 2203 1719 torisque
2251 1649 2335 1704 sui
2375 1648 2632 1718 potestati
2694 1649 3021 1704 obnoxium.
3076 1649 3280 1705 Servus
3308 1666 3438 1705 vero
3486 1666 3537 1707 et

1958 1741 2047 1796 ille
2078 1750 2182 1807 est,
2222 1740 2319 1811 qui
2347 1741 2573 1810 majoris
2627 1755 2774 1795 curae
2828 1739 3065 1796 fructum
3119 1743 3285 1811 capit,
3332 1742 3542 1813 quique

1957 1833 2137 1889 eidem
2171 1849 2282 1889 non
2337 1833 2513 1889 solum
2567 1832 2621 1887 id
2667 1830 2852 1899 debet,
2904 1833 3051 1903 quod
3098 1833 3193 1896 sit,
3242 1832 3338 1889 sed
3390 1832 3541 1903 quod

1960 1925 2124 1981 etiam
2158 1940 2283 1981 esse
2327 1931 2660 1995 perseveret.
2723 1922 2876 1979 Servi
2910 1940 3073 1994 porro
3099 1925 3267 1979 etiam
3306 1925 3386 1979 illi
3409 1926 3537 1994 jure

1962 2017 2159 2074 merito
2202 2017 2527 2084 habeantur,
2556 2016 2872 2088 quicunque
2899 2016 2968 2071 ab
3024 2016 3219 2071 acerba
3259 2016 3544 2088 tyrannide

1960 2114 2015 2163 et
2029 2107 2323 2163 durissima
2346 2107 2657 2177 captivitate
2681 2121 2879 2178 magno
2898 2106 3071 2176 pretio
3102 2107 3368 2177 redempti
3409 2108 3546 2163 libe-

1964 2211 2199 2255 ratorem
2229 2199 2520 2253 Dominum
2554 2214 2774 2269 quoque
2808 2215 2972 2254 suum
3000 2198 3395 2269 appellandum
3422 2213 3545 2254 esse

1963 2290 2297 2361 intelligunt.
2341 2289 2571 2345 Divinus
2644 2306 2769 2345 tero
2830 2289 3037 2347 Paulus
3086 2290 3222 2346 tanti
3268 2291 3385 2346 haec
3434 2305 3543 2344 non

1966 2382 2116 2449 fecit,
2155 2393 2213 2437 ut
2239 2384 2307 2439 iis
2341 2391 2550 2437 tantum
2578 2382 2895 2439 nominibus
2922 2398 2982 2438 se
3025 2381 3350 2452 subjiceret;
3388 2396 3541 2436 com-

1963 2476 2149 2528 munia
2202 2472 2349 2529 enim
2408 2474 2524 2527 haec
2587 2472 2822 2527 habebat
2858 2487 2985 2527 cum
3025 2471 3173 2538 aliis,
3235 2487 3359 2537 qua:
3403 2470 3544 2525 nihil

1962 2566 2222 2637 praecipui
2261 2574 2357 2620 aut
2416 2565 2784 2620 admiratione
2820 2565 2975 2634 digni
3034 2579 3221 2619 secum
3276 2565 3544 2622 ferebant.

1962 2659 2081 2713 Alia
2120 2673 2247 2714 vero
2278 2667 2458 2722 erant,
2511 2674 2687 2728 eaque
2723 2658 2877 2727 plura
2925 2665 2982 2712 et
3034 2657 3267 2727 majora,
3319 2667 3577 2735 propter,

1964 2767 2089 2820 quae
2125 2751 2269 2807 servi
2318 2765 2378 2806 se
2409 2751 2631 2804 nomine
2671 2750 2996 2804 cohonestat
3042 2758 3099 2804 et
3155 2760 3340 2811 ornat,
3374 2752 3547 2805 servi-

1965 2844 2205 2913 tutisque
2221 2841 2542 2911 dignitatem
2576 2847 2629 2895 et
2651 2841 2960 2895 libertatem
2987 2854 3115 2895 vere
3143 2839 3307 2893 talem
3334 2840 3546 2909 magni-

1964 2936 2066 2991 ﬁce
2134 2942 2396 2990 ostentat.
2462 2932 2609 2988 Inter
2660 2933 2775 2987 haec
2822 2931 3062 3002 primum
3125 2930 3304 2987 locum
3366 2940 3579 2997 tenent,

1964 3026 2195 3099 egregiae
2227 3027 2332 3081 illae
2382 3025 2561 3090 dotes,
2598 3024 2800 3094 quibus
2845 3038 2876 3077 a
2911 3022 3212 3078 Conditore
3257 3022 3363 3078 sibi
3410 3036 3547 3077 cou-

1966 3121 2137 3177 eessis
2168 3119 2394 3190 gloriari
2421 3134 2534 3190 prae
2565 3118 2689 3172 aliis
2734 3125 2962 3188 poterat.
3006 3116 3249 3171 Alterum
3279 3125 3365 3171 est
3394 3130 3551 3171 amor

1967 3210 2370 3274 ellicacissime,
2407 3217 2462 3262 et
2511 3209 2708 3277 magis,
2757 3220 2922 3275 quam
2973 3205 3030 3259 in
3084 3204 3337 3263 homines
3386 3201 3550 3267 alios,

1967 3302 2235 3359 adversus
2261 3316 2321 3356 se
2352 3300 2639 3370 probatus.
2678 3297 2929 3353 Tertium
2961 3296 3175 3352 functio
3202 3295 3551 3365 apostolatus

1968 3395 2089 3449 sine
2111 3391 2559 3463 tergiversatione
2586 3398 2864 3459 suscepta,
2895 3404 2996 3445 nec
3022 3388 3376 3443 intermissus
3407 3401 3549 3456 pra:-

1969 3484 2119 3540 couii
2146 3482 2446 3553 evangelici
2473 3496 2691 3541 cursus.
2726 3480 2806 3537 Ex
2824 3481 2911 3536 his
2930 3479 3307 3551 praerogativis
3337 3478 3551 3549 magni-

1971 3578 2071 3633 ﬁce
2101 3585 2158 3632 et
2175 3575 2413 3647 ingenue
2445 3574 2513 3629 de
2541 3574 2805 3629 servitute
2829 3587 2928 3628 sua
2962 3572 3210 3627 sentiens
3235 3586 3418 3624 veram
3451 3585 3548 3623 no-

1972 3670 2239 3735 bilitatem
2284 3668 2648 3724 demonstrat.
2702 3666 2785 3720 Ad
2837 3666 2951 3721 hmc
3008 3665 3195 3721 omnia
3257 3663 3557 3718 accedebat

1974 3769 2231 3817 curataet
2251 3760 2485 3830 ingenua
2511 3774 2598 3814 res
2623 3773 2753 3816 suas
2782 3757 2975 3829 agendi
3001 3758 3159 3823 ratio,
3180 3771 3452 3827 perquam
3471 3770 3558 3811 se-

1973 3852 2147 3921 ipsum
2176 3865 2397 3906 servum
2417 3850 2565 3920 quod
2593 3849 2660 3905 ad
2686 3863 2908 3920 corpus,
2932 3850 3169 3903 animam
3212 3858 3558 3919 mentemque

1972 3952 2027 3998 et
2047 3951 2246 3998 caetera
2272 3940 2513 4011 denique
2545 3940 2730 3995 omnia
2775 3940 2999 3995 Christo
3028 3941 3295 4005 sistebat;
3328 3939 3557 3994 electio-

1974 4048 2098 4087 nem
2147 4032 2234 4087 sui
2264 4032 2403 4087 adeo
2438 4046 2548 4085 non
2601 4032 2923 4100 deturpans,
2978 4040 3073 4085 aut
3124 4032 3350 4086 caeleste
3384 4030 3450 4085 de
3498 4045 3559 4085 se

1970 4124 2241 4198 judicium
2289 4122 2446 4194 parvi
2483 4122 2710 4187 faciens,
2750 4132 2809 4177 ut
2839 4122 3020 4192 potius
3064 4137 3165 4193 pro
3204 4121 3393 4177 divino
3428 4137 3557 4176 mu-

1974 4232 2184 4279 nerea
2211 4232 2271 4273 se
2322 4215 2516 4272 haberi
2576 4224 2832 4270 testatum
2903 4214 3128 4279 faceret,
3183 4214 3349 4283 idque
3393 4229 3561 4284 opere

1976 4309 2097 4379 ipso
2144 4306 2409 4371 (innaret,
2444 4318 2547 4360 nec
2614 4304 2915 4375 quidquam
2999 4313 3392 4375 praeceptorum
3438 4305 3560 4374 ejus

1976 4398 2294 4471 negligeret,
2327 4404 2386 4453 ut
2427 4396 2618 4453 eadem
2672 4396 2725 4450 in
2761 4395 3038 4452 nonnullis
3091 4396 3257 4451 etiam
3294 4410 3563 4466 superare

1980 4494 2333 4565 intelligatur.
2385 4492 2761 4548 Admirandus
2820 4491 3007 4564 itaque
3079 4491 3285 4546 Paulus
3331 4506 3398 4544 ex
3454 4506 3561 4544 una

286 4586 434 4657 γὰρ,
473 4587 594 4641 οὐδὲ
631 4588 793 4659 μέχρι
822 4588 1031 4643 τούτων
1060 4589 1295 4653 ἵσταται,
1321 4590 1442 4645 οὐδὲ
1461 4592 1572 4663 (41)
1603 4596 1716 4657 τοῖς
1760 4610 1865 4647 κοι-

1984 4597 2135 4657 parte
2189 4602 2409 4644 servum
2458 4603 2519 4645 se
2556 4588 2733 4656 sistit,
2759 4598 3023 4658 tanquam
3064 4603 3262 4643 manus
3307 4586 3563 4656 omnipo-

282 4679 409 4741 νοίς
431 4677 532 4751 τὴν
557 4680 723 4733 αὑτοῦ
770 4681 1018 4735 δουλείαν
1051 4683 1407 4754 περιγράφει,
1456 4683 1593 4737 ἀλλὰ
1640 4685 1738 4739 καὶ
1778 4703 1879 4755 χα-

288 4770 583 4841 ρισμάτων
629 4770 860 4827 πλοῦτον
892 4773 1352 4844 περιϐαλλόμενος
1372 4814 1388 4839 ,
1440 4775 1607 4844 ἄλλης
1635 4774 1879 4840 δουλείας

288 4864 449 4933 ζυγῷ
493 4865 589 4918 καὶ
640 4864 828 4937 τρόπῳ
884 4866 1076 4921 ἑαυτὸν
1144 4866 1541 4936 ὑποζεύγνυσιν
1574 4906 1589 4932 ,
1668 4869 1883 4923 ἀντιδε-

289 4952 550 5018 ξιοῦσθαι
611 4954 934 5022 φιλονεικῶν
966 4956 1067 5010 οὐκ
1122 4956 1339 5009 εἰωθόσι
1393 4956 1737 5028 θεραπείαις,
1790 4957 1881 5010 τὸν

296 5044 647 5114 καινοτέραις
679 5044 845 5099 αὑτὸν
889 5045 1388 5117 φιλοτιμησάμενον
1417 5046 1627 5119 χάρισι.
1677 5048 1787 5101 Ναὶ
1815 5048 1881 5119 δὴ

298 5133 399 5187 καὶ
420 5134 543 5187 ἀντὶ
564 5136 781 5190 πάντων
802 5134 950 5206 φιλεῖ
965 5135 1058 5190 τὸν
1070 5137 1371 5208 Δεσπότην,
1399 5136 1622 5207 φίλτρου
1646 5138 1883 5211 ὑπερϐο-

299 5225 406 5295 λὴν
434 5226 493 5279 ού
524 5227 723 5283 λείπων
759 5228 897 5301 (42),
947 5232 1044 5284 καὶ
1081 5229 1266 5301 μεῖζον
1298 5231 1347 5284 εἰ
1397 5233 1544 5284 κατὰ
1591 5231 1749 5299 λόγον
1788 5231 1882 5286 τοῦ

302 5317 702 5388 θαυμάζεσθαι.
782 5322 897 5376 Καὶ
944 5322 1123 5377 πάντα
1181 5321 1427 5377 σκύϐαλα
1477 5324 1735 5392 ἡγεῖται,
1796 5323 1883 5377 ἵνα

298 5410 541 5485 Χριστὸν
576 5414 669 5468 τὸν
720 5414 1056 5487 ποθούμενον
1086 5415 1345 5487 κερδήσῃ.
1396 5415 1556 5470 Ἀλλὰ
1609 5416 1702 5469 καὶ
1746 5417 1883 5470 ἁπο-

412 5529 456 5561 ⁶⁷
490 5527 650 5585 Rom.
671 5545 708 5594 ι,
746 5529 795 5585 Ι.

1981 4682 2147 4737 tentis
2179 4695 2358 4753 opus:
2398 4695 2466 4737 ex
2498 4680 2667 4739 altera
2696 4694 2826 4735 vero
2854 4679 3042 4745 talem,
3066 4680 3159 4750 qui
3195 4694 3290 4749 per
3320 4678 3563 4733 divinam

1980 4773 2383 4844 providentiam
2406 4788 2532 4829 esse
2574 4781 2911 4844 perseveret,
2949 4773 3155 4843 quique
3191 4768 3411 4825 Domini
3440 4784 3567 4825 san-

1980 4864 2145 4934 guine
2170 4863 2243 4920 sit
2285 4864 2621 4934 redemptus.
2658 4862 2754 4918 llis
2784 4878 2913 4918 vero
2946 4878 3030 4926 ea,
3061 4877 3183 4931 quae
3213 4860 3433 4931 propria
3460 4859 3566 4917 sibi

1983 4958 2166 5022 habet,
2195 4956 2398 5027 jungit,
2435 4972 2611 5030 neque
2636 4957 2689 5011 in
2731 4957 2897 5012 dictis
2936 4954 3259 5025 acquiescit,
3300 4962 3569 5007 autcum-

1987 5049 2247 5105 munibus
2306 5050 2415 5105 illis
2452 5049 2733 5106 beneﬁciis
2760 5049 3079 5105 servitutem
3132 5062 3290 5102 suam
3328 5046 3568 5100 circum-

1986 5141 2197 5197 scribit.
2248 5140 2433 5198 Multis
2488 5141 2633 5197 enim
2674 5140 2859 5211 gratia:
2906 5140 3067 5195 donis
3107 5155 3168 5196 se
3216 5138 3569 5197 cumulatum,

1988 5248 2315 5303 agnoscens,
2343 5233 2486 5288 alius
2525 5233 2807 5289 servitutis
2854 5232 2985 5303 jugo
3014 5241 3067 5285 et
3111 5229 3297 5300 generi
3334 5244 3394 5289 se
3437 5228 3569 5282 sub-

1984 5324 2125 5396 jicit,
2159 5340 2383 5396 operam
2410 5326 2569 5389 dans,
2602 5334 2663 5380 ut
2712 5340 2819 5380 non
2850 5324 3061 5394 vulgari
3089 5332 3143 5377 ct
3171 5330 3436 5377 consueto
3466 5322 3568 5378 oh-

1984 5418 2180 5488 sequio
2226 5434 2375 5484 eum,
2411 5420 2502 5488 qui
2562 5434 2623 5476 se
2673 5417 2828 5474 nox-is
2881 5426 2936 5470 ct
2996 5416 3229 5471 insolitis
3294 5416 3569 5470 Leueliciis

1854 5627 2093 5686 NOTA‘J.

292 5782 315 5794 _
376 5717 491 5789 (40)
517 5722 546 5773 ό
579 5721 688 5790 γὰρ
721 5722 926 5791 προῖκα
948 5752 1017 5763 -
1056 5723 1179 5794 οὐχὶ
1232 5722 1415 5787 δοῦλος
1442 5723 1627 5793 accepi
1662 5737 1727 5779 ex
1764 5722 1887 5781 Col-

292 5792 447 5844 bert.

375 5858 494 5929 (ιι)
532 5860 688 5917 Colb.
720 5861 826 5915 οὐδ’
856 5864 935 5917 ἐν.

1998 5797 2014 5851 ι
2071 5723 2308 5866 (κί2)ἓὶε
2361 5723 2543 5781 scribo
2595 5735 2693 5790 pro
2744 5721 2948 5773 Λείπον.
2992 5716 3112 5774 Mox
3169 5730 3266 5787 pro
3297 5717 3346 5768 εἰ
3386 5712 3571 5772 malim

2018 5810 2176 5866 egere
2256 5835 2269 5849 .

2018 5810 2176 5869 egere
2210 5810 2269 5866 η.
