4072 6430
590 365 689 431 751

1744 380 2007 443 PIiOTII
2046 384 2181 444 PAT

2287 388 2324 445 Α
2334 388 2555 446 ΗΟΙΙΕ
2589 388 2701 447 CP-
3725 389 3805 453 752

588 485 947 546 mactaverat,
1002 481 1247 535 vicissim
1281 483 1580 553 exciperet.
1634 484 1931 557 Propterea
1998 491 2165 544 etiam

2287 493 2555 549 πάλλεται
2612 493 2812 564 κῆρυξ,
2864 493 2958 545 καί
3003 490 3336 559 οἰκουμένην
3392 490 3590 560 πληροῖ
3625 491 3690 560 τῷ
3728 512 3799 551 κη.

589 568 880 623 Dominum
908 585 1018 640 prae
1049 573 1174 629 aliis
1214 576 1477 631 omnibus
1512 588 1681 641 amat,
1719 580 1785 633 de
1827 582 2033 636 amoris
2056 583 2165 647 sui,

588 660 704 729 ipsa
766 662 1151 732 admiratione,
1206 676 1267 723 ut
1326 670 1664 725 conveniens
1715 683 1852 739 erat,
1921 674 2169 744 majoris,

587 753 964 821 magnitudine
994 757 1133 819 nihil
1166 761 1472 815 remittens.
1522 760 1719 818 Omnia
1752 780 1919 834 porro
1951 783 2049 836 pro
2086 782 2171 821 re-

585 841 773 912 jiculis
796 846 983 915 habet,
1026 860 1087 905 ut
1117 852 1423 917 Christum,
1465 855 1571 910 sibi
1613 856 2170 925 desideratissimum,

590 934 853 992 lucretur.
888 938 1122 997 Mittitur
1146 957 1281 997 vero
1329 946 1492 999 etiam
1524 956 1585 1000 ut
1622 962 1825 1014 praeco,
1877 957 2173 1019 totumque

588 1026 777 1083 orbem
837 1033 1116 1102 praeconio
1170 1050 1273 1090 suo
1317 1036 1528 1106 implet,
1580 1037 1999 1111 Hierosolymis,
2051 1054 2176 1096 tan-

590 1144 756 1197 quam
792 1143 821 1182 a
852 1129 1190 1195 carceribus,
1227 1147 1401 1201 usque
1433 1133 1502 1186 ad
1530 1148 1724 1189 omnes
1751 1142 2020 1188 terrarum
2044 1134 2178 1189 lines

588 1235 913 1287 excurrens,
952 1222 1368 1293 ctevangelium
1404 1240 1579 1294 usque
1619 1226 1686 1280 ad
1714 1224 1919 1281 Oceani
1952 1226 2179 1284 ﬂumina

588 1312 957 1367 ebuccinzcns.
992 1312 1274 1383 Ejusmodi
1328 1315 1651 1371 servitutem
1701 1319 1910 1374 servire
1958 1319 2180 1376 Christo

594 1399 796 1455 Paulus
828 1401 1114 1459 didicerat.
1165 1401 1262 1459 His
1296 1420 1427 1462 vero
1463 1416 1518 1460 et
1559 1408 1847 1477 septimum
1881 1410 2182 1479 servitutis,

592 1508 765 1559 genus
794 1493 1038 1560 accedit,
1072 1496 1292 1564 quando
1343 1496 1491 1566 leges
1534 1508 1584 1550 et
1643 1498 1895 1554 instituta
1937 1501 2082 1566 vitae,
2126 1501 2181 1555 in

590 1583 815 1640 Christo
851 1594 1004 1651 actm,
1058 1595 1165 1641 tam
1224 1597 1416 1643 sancte
1493 1590 1856 1661 solliciteque,
1922 1603 1983 1647 ut
2026 1610 2186 1649 nemo

592 1677 737 1733 alius
778 1692 990 1741 eorum,
1030 1679 1123 1751 qui
1156 1680 1239 1735 vel
1272 1689 1403 1736 tunc
1449 1682 1532 1735 vel
1561 1693 1748 1751 postea
1776 1685 2053 1751 vivebant,
2089 1688 2187 1744 ob-

594 1770 830 1825 servavit
851 1780 905 1827 et
920 1772 1201 1839 custodiit,
1220 1788 1422 1841 corpus
1443 1789 1607 1828 suum
1626 1777 1902 1847 castigans
1923 1789 1977 1831 et
1994 1780 2047 1832 in
2072 1795 2188 1835 ser-

2279 585 2541 657 ρύγματι,
2580 586 2688 640 ἀπὸ
2730 584 3090 656 Ἰερουσαλὴμ
3120 584 3179 647 ἐξ
3220 582 3524 653 ἀφετηρίου
3552 584 3683 646 τινος
3706 589 3807 656 πρὸς

2275 678 2345 731 τὰ
2372 677 2477 744 γῆς
2530 676 2710 730 πάντα
2763 673 2990 744 δραμὼν
3043 674 3277 744 πέρατα,
3305 672 3404 727 καί⁵
3456 672 3639 741 μέχρις
3675 674 3808 729 αὐτῶν

2279 768 2388 821 τῶν
2427 766 2685 821 Ὠκεανοῦ
2736 766 3026 836 ῥευμάτων
3082 764 3349 825 σαλπίσας
3403 762 3468 815 τδ
3499 760 3808 827 Εὑαγγέλιον.

2282 860 2554 929 Τοιαύτην
2569 858 2816 913 δουλείαν
2840 859 2868 910 ό
2890 856 3101 919 Παῦλος
3117 856 3408 925 ἠπίστατο,
3431 854 3516 921 ἐφ’
3537 849 3614 917 οἷς
3630 853 3809 923 ἕϐδομος

2281 952 2530 1013 δουλείας
2595 949 2879 1017 ἐξανύεται
2924 953 3148 1019 τρόπος,
3184 947 3251 999 δι’
3285 940 3344 999 οὗ
3378 946 3483 1015 τῆς
3537 946 3595 997 ἐν
3641 947 3813 1015 Χριστῷ

2285 1043 2563 1105 πολιτείας
2594 1045 2720 1104 τοὺς
2749 1043 2988 1111 θεσμοὺς
3019 1041 3113 1094 καὶ
3147 1039 3216 1092 τά
3264 1038 3478 1107 νόμιμα
3522 1038 3750 1106 καθαρῶς
3772 1056 3813 1091 τε

2285 1135 2379 1188 καὶ
2417 1132 2743 1199 σπουδαίως,
2777 1134 2873 1186 κα)⁸
2902 1133 2979 1197 ὡς
2999 1134 3101 1185 ούκ
3137 1132 3203 1185 ἄν
3231 1146 3318 1192 τις
3364 1131 3579 1198 ἔτερος,
3618 1129 3674 1181 οὐ
3706 1131 3813 1195 τότε,

2288 1224 2400 1295 (45)
2452 1224 2549 1293 οὐχ
2580 1223 2829 1291 ὕστερον,
2863 1220 3233 1291 κατώρθωσέν
3266 1238 3324 1274 τε
3384 1219 3485 1273 καὶ
3531 1218 3813 1285 διεφύλαξεν,

2290 1314 2630 1379 ύπωπιάζων
2661 1314 2774 1386 (44)
2824 1315 2886 1367 τὸ
2912 1314 3073 1383 σῶμα
3108 1314 3199 1366 καὶ
3226 1311 3613 1379 ὼυλαγωγῶν,
3641 1312 3705 1380 μή
3734 1328 3816 1372 πως

2289 1412 2472 1475 ἄλλοις
2502 1410 2750 1481 κηρύξας
2794 1408 2958 1469 αὐτὸς
2988 1406 3248 1477 ἀδόκιμος
3283 1406 3535 1473 γένηται.
3569 1397 3718 1455 Αῦται
3747 1402 3815 1471 τῆς

2291 1506 2536 1569 δουλείας
2565 1507 2620 1558 αἰ
2650 1504 2952 1573 θαυμάσιαι
2990 1502 3083 1555 καὶ
3108 1500 3391 1571 κρείττους
3416 1499 3631 1567 ἁπάσης
3657 1497 3815 1549 ἐλευθε-

2297 1600 2417 1670 ρίας
2439 1598 2574 1651 ἰδέαι
2591 1595 2826 1668 (4541)·
2852 1595 3077 1655 ταύταις
3096 1590 3581 1655 ἀνέπνει,ταύταις
3598 1588 3688 1639 οὐκ
3702 1587 3815 1655 ἔληγε

2294 1689 2600 1755 δουλεύων,
2650 1686 2883 1748 ταύταις
2943 1683 3184 1738 ἐναθλῶν
3231 1679 3584 1751 ἐσεμνύνετο.
3638 1678 3715 1730 Διὸ
3753 1678 3817 1730 καὶ

2298 1782 2527 1853 γράφων
2549 1779 2736 1833 δοῦλον
2768 1777 2963 1833 ἑαυτὸν
3000 1775 3177 1846 Ἰησοῦ
3205 1772 3450 1845 Χριστοῦ
3475 1771 3814 1838 ἀπογραφεῖσι.

595 1859 823 1915 vitutem
851 1860 1129 1932 redigens,
1180 1877 1248 1917 ne
1277 1862 1401 1917 aliis
1422 1863 1730 1933 prazdicans
1761 1867 1876 1935 ipse
1912 1870 2066 1921 ﬁeret
2100 1885 2181 1923 re-

2287 1874 2460 1929 Τοῦτό
2496 1890 2620 1943 μου,
2677 1874 2831 1942 φησί,
2877 1871 2937 1924 τὸ
2965 1869 3205 1937 ἀξίωμα.
3257 1865 3435 1919 Τοῦτο
3487 1864 3587 1932 τῆς
3638 1860 3815 1932 ἀρχικῆς

595 1951 825 2022 probus.
867 1952 993 2009 Haec
1024 1960 1157 2007 sunt
1179 1953 1503 2009 admiranda
1533 1954 1624 2009 illa
1651 1959 1911 2027 omnique
1934 1960 2185 2015 libertate

597 2045 825 2099 meliora
851 2045 1133 2101 servitutis
1149 2060 1370 2116 genera,
1393 2062 1515 2116 qua:
1540 2046 1745 2104 Paulus
1764 2050 2031 2120 spirabat,
2062 2069 2187 2122 qua:

596 2139 873 2196 sustinere
888 2156 997 2196 non
1018 2141 1322 2207 desinebat,
1342 2142 1545 2212 quibus
1562 2153 1800 2203 onustus
1820 2145 2184 2216 gloriabatur.

596 2231 893 2304 Propterea
924 2233 1134 2291 litteras
1175 2236 1421 2295 scribens
1457 2254 1677 2294 servum
1723 2254 1782 2294 se
1820 2238 1950 2295 Jesu
1981 2238 2184 2297 Christi

594 2328 923 2399 appellabat.
951 2329 1099 2395 Hac,
1124 2330 1360 2396 dicebat,
1389 2347 1511 2386 mea
1530 2339 1616 2387 est
1647 2332 1884 2401 dignitas
1912 2335 1925 2387 l
1958 2334 2184 2389 hocim-

593 2420 886 2491 peratoriaa
912 2422 1203 2491 potestatis
1245 2422 1457 2493 insigne
1484 2424 1498 2477 ι
1528 2424 1631 2477 hoc
1674 2424 1898 2479 nomine
1926 2426 2186 2480 omnibus

594 2511 759 2568 velim
778 2513 1124 2571 innotescere
1152 2516 1164 2569 ί
1211 2514 1315 2581 Qui
1345 2516 1401 2577 in
1435 2516 1643 2575 mundo
1674 2531 1763 2571 res
1801 2532 1931 2571 suas
1958 2516 2180 2583 habent,

596 2601 680 2659 illi
709 2602 930 2672 quidem
962 2620 992 2659 a
1025 2605 1216 2660 mundi
1239 2606 1596 2675 dignitatibus
1629 2608 1896 2663 celebrari
1930 2609 2179 2679 cupiunt,

596 2709 748 2757 nunc
784 2695 1100 2763 consulum,
1138 2712 1287 2753 nunc
1344 2697 1754 2767 praefectorum,
1794 2714 1940 2755 nunc
2002 2700 2178 2754 tribu-

596 2802 821 2854 norum,
868 2802 1015 2843 nunc
1046 2788 1170 2842 aliis
1206 2788 1382 2842 titulis
1421 2798 1664 2844 utentes.
1710 2790 1884 2845 Paulo
1931 2805 2061 2845 vero
2108 2792 2176 2847 ad

598 2879 814 2955 gloriae,
846 2879 1063 2949 imperii
1101 2888 1155 2935 et
1186 2881 1472 2951 dignitatis
1505 2882 1923 2953 amplitudinem
1959 2884 2181 2946 sumsit,

2287 1965 2535 2031 ἐξουσίας
2566 1964 2627 2017 τὺ
2665 1967 2965 2032 ἐπίσημον.
3012 1959 3147 2014 Ἀπὸ
3177 1959 3373 2012 τούτου
3433 1956 3683 2027 βούλομαι
3723 1956 3818 2005 πᾶσι

2290 2053 2681 2126 γνωρίζεσθαι.
2720 2053 2784 2106 Ol
2822 2052 2923 2120 μὲν
2955 2053 3014 2104 ἐν
3040 2050 3235 2120 κόσμῳ
3264 2046 3719 2118 ἀναστρεφόμενοι
3742 2046 3817 2096 ἀπὸ

2290 2146 2400 2199 τῶν
2458 2147 2516 2198 ἐν
2555 2143 2746 2214 κόσμῳ
2812 2140 3143 2212 ἀξιωμάτων
3213 2137 3517 2210 δηλοῦσθαι
3579 2136 3817 2206 βούλονται,

2292 2238 2535 2299 ὑπάτους
2562 2235 2811 2297 ἑαυτοὺς,
2860 2234 2955 2286 καὶ
3003 2230 3348 2303 στρατηγοὺς
3399 2228 3497 2282 καὶ
3545 2227 3818 2297 δημάρχους,

2294 2330 2391 2382 καὶ
2418 2329 2486 2382 τά
2517 2326 2745 2381 τοιαῦτα
2777 2325 3210 2395 ὑπογράφοντες.
3254 2322 3459 2392 Παύλῳ
3508 2321 3563 2372 δὲ
3592 2321 3730 2389 ἀρκεί
3765 2318 3819 2377 εἰς

2296 2422 2528 2491 μέγεθος
2552 2420 2647 2473 καὶ
2693 2419 2853 2488 δόξης
2917 2418 3012 2471 καὶ
3062 2416 3237 2487 ἀρχῆς
3284 2416 3378 2469 καὶ
3430 2414 3738 2483 ἀξιώματος,
3778 2412 3818 2463 τὸ

2290 2514 2477 2567 δοῦλον
2513 2508 2653 2566 εἶναι
2683 2510 2951 2583 Χριστοῦ,
3000 2508 3256 2563 κάκεῖθεν
3294 2507 3504 2577 μᾶλλον
3532 2506 3564 2576 ἢ
3599 2504 3693 2557 ἀπό
3715 2519 3818 2564 τινος

2288 2607 2450 2661 ἄλλου
2473 2604 2865 2675 γινώσκεσθαι.
2901 2602 3043 2657 Ἀλλ’
3067 2600 3212 2654 οῦτω
3238 2601 3430 2667 μέντοι
3454 2594 3815 2667 τεθεωρήσθωὴ

2286 2698 2439 2751 αἰτία
2467 2695 2563 2748 τοῦ
2586 2711 2647 2747 τε
2671 2691 3080 2766 προτάττεσθαι
3100 2692 3199 2762 τὴν
3232 2689 3432 2759 κλῆσιν
3468 2689 3579 2742 τῶν
3619 2687 3817 2738 Ἐπιστο·

2286 2791 2393 2844 λῶν
2418 2788 2657 2852 Παῦλον,
2687 2786 2902 2841 καὶτοῦ
2935 2787 3023 2840 διὰ
3056 2786 3259 2848 παντὸς
3292 2784 3485 2837 δοῦλον
3525 2781 3700 2836 ἐαυτὸν
3724 2779 3818 2833 ἁνα-

2291 2884 2528 2954 γράφειν
2558 2880 2821 2953 Χριστοῦ.

554 3020 561 3027 ,
595 2972 798 3031 Christi
828 2988 949 3029 esse
972 2988 1212 3039 servum,
1232 2984 1395 3045 atque
1412 2975 1516 3032 hoc
1532 2978 1732 3047 potius,
1753 2993 1919 3048 quam
1950 2979 2058 3032 alio
2081 2978 2280 3048 quovis
2312 2977 2555 3040 nomine,
2580 2976 2967 3031 inclarescere.
2994 2974 3173 3044 Atque
3188 2973 3306 3030 haec
3338 2973 3566 3044 quidem
3584 2984 3729 3029 causa
3752 2967 3819 3020 libi

593 3068 956 3126 existimanda
996 3066 1179 3133 fuerit,
1204 3083 1303 3122 cur
1331 3067 1534 3124 Paulus
1568 3084 1767 3124 nomen
1786 3086 1945 3125 suum
1971 3069 2228 3139 Epistolis
2258 3069 2601 3139 praemiserit,
2622 3082 2946 3138 semperque
2971 3082 3030 3121 se
3066 3065 3270 3119 Christi
3310 3081 3536 3122 servum
3567 3062 3817 3134 appellarit.

668 3161 827 3229 Quod
856 3178 985 3217 vero
1016 3161 1236 3217 additur
1275 3181 1289 3217 :
1328 3180 1347 3215 ι
1374 3163 1477 3231 Qui
1518 3164 1825 3220 declaratus
1872 3164 1973 3220 fuit
2002 3164 2174 3219 Filius

2351 3164 2423 3216 Τό
2451 3163 2562 3233 (42)
2603 3163 2659 3216 δέ
2685 3179 2697 3192 ⁸
2732 3182 2749 3213 ι
2777 3160 3116 3230 Ὀρισθέντος
3143 3158 3275 3211 Υἰοῦ
3327 3159 3385 3211 ἐν
3433 3159 3714 3227 δυνάμει,ι
3754 3151 3821 3206 καὶ

595 3253 693 3309 Dei
735 3253 791 3308 in
818 3252 1169 3324 potentia",i
1198 3262 1329 3318 etc.,
1364 3255 1453 3308 illa
1477 3254 1611 3309 mihi
1643 3256 1862 3325 quidem
1889 3258 2030 3311 hanc
2056 3272 2181 3311 sen-

598 3349 823 3405 tentiam
854 3346 1059 3405 inferre
1082 3347 1347 3401 videntur.
1380 3348 1721 3404 Declaratum
1767 3351 2025 3419 appellat,
2060 3361 2181 3404 tan-

600 3454 793 3511 quam,
825 3439 915 3509 qui
946 3448 1005 3492 ut
1028 3438 1153 3493 talis
1181 3439 1435 3509 c0gnitus
1463 3440 1554 3502 sit,
1590 3448 1643 3494 et
1672 3439 1740 3493 ad
1786 3440 2043 3493 notitiam
2086 3439 2182 3492 ho—

598 3532 814 3593 minum
853 3530 1172 3602 perductus.
1206 3528 1312 3593 lies
1362 3530 1509 3585 enim
1552 3531 1634 3586 vel
1688 3546 1750 3585 ex
1807 3532 2029 3587 nomine
2083 3547 2183 3587 suo

597 3635 968 3691 cognoscere,
1002 3620 1090 3674 vel
1117 3618 1453 3675 deﬁnitionis
1500 3619 1739 3689 alicujus
1762 3636 1865 3690 ope
1902 3622 2185 3691 percipere

600 3715 864 3777 solemus.
908 3711 1197 3781 Deﬁnitum
1242 3711 1427 3781 itaque
1461 3711 1732 3782 appellat,
1785 3728 1895 3767 non
1948 3714 2107 3784 quasi
2152 3716 2187 3769 a'

599 3818 878 3875 quoquam
907 3803 960 3858 in
990 3803 1163 3857 ﬁlium
1210 3802 1281 3858 sit
1300 3804 1589 3873 adoptatus
1612 3818 1627 3869 ;
1650 3804 1794 3859 absit
1826 3804 1961 3860 hoc!
1985 3821 2181 3875 neque,

600 3897 750 3969 quod
791 3910 992 3951 nomen
1023 3893 1149 3950 Filii
1184 3893 1278 3950 Dei
1308 3912 1403 3965 per
1447 3895 1854 3965 impositionem
1886 3898 2182 3971 quamdam

602 3998 799 4053 nactus
832 3989 942 4055 sit;
974 3988 1070 4043 sed
1120 3988 1400 4057 deﬁnitum
1454 3997 1648 4055 vocat,
1692 4000 1951 4060 tanquam
1994 3990 2085 4060 qui
2116 4006 2181 4045 ex

604 4082 1032 4157 proprietatibus
1062 4081 1179 4137 suis
1204 4081 1362 4137 nobis
1390 4081 1716 4151 innotuerit,
1749 4091 1805 4137 et
1838 4083 1889 4137 in
1915 4082 2185 4152 cognitio-

604 4190 728 4235 nem
758 4170 1036 4240 nostram,‘
1074 4173 1256 4243 quoad
1287 4174 1377 4227 illa
1410 4172 1463 4227 in
1506 4174 1761 4230 homines
1796 4174 1963 4238 cadit,
1991 4189 2183 4242 perve-

604 4266 767 4320 nerit.
798 4264 951 4320 Unde
992 4264 1155 4334 igitur
1184 4302 1200 4331 ,
1238 4274 1294 4319 et
1326 4278 1393 4319 ex
1436 4264 1642 4335 quibus
1688 4266 1985 4320 momentis
2014 4263 2187 4327 Filius

608 4359 701 4413 Dei
727 4357 1147 4423 determinatur,
1193 4364 1249 4419 et
1291 4356 1491 4427 quibus
1532 4356 1961 4427 proprietatibus
1988 4358 2185 4415 distin-

604 4460 726 4506 ctus
754 4465 784 4503 a
824 4450 988 4506 nobis
1023 4450 1423 4519 cognoscitur?
1466 4452 1538 4505 Ex
1583 4452 1915 4522 propheticis
1940 4490 1955 4514 ,
1984 4452 2184 4521 inquit,

2282 3256 2429 3327 ἑξῆς,
2464 3254 2719 3324 τοιαύτην
2760 3253 2885 3306 τινά
2935 3269 3024 3321 μοι
3072 3252 3219 3302 δοκεῖ
3267 3250 3367 3318 τὴν
3420 3249 3651 3319 θεωρίαν
3695 3246 3818 3314 ἔχειν·

2295 3344 2884 3417 Ὀρισθέντος,φησίν,
2903 3344 3064 3397 οἰονεί
3082 3341 3550 3411 ὲπιγνωσθέντος,
3570 3342 3645 3404 εἰς
3666 3338 3820 3407 γνῶσιν

2284 3439 2594 3511 ἀνθρώποις
2630 3438 2950 3508 ἐληλυθότος
2976 3436 3113 3505 (45).
3134 3434 3421 3505 Εἱώθαμεν
3451 3434 3562 3504 γὰρ
3588 3433 3618 3503 ἢ
3647 3426 3821 3499 ὀνόματί

2282 3552 2387 3587 τινι
2441 3530 2880 3601 καταλαμϐάνειν
2905 3528 2974 3581 τὰ
3020 3527 3342 3597 πράγματα,
3368 3525 3402 3594 ἢ
3445 3526 3537 3578 διά
3559 3540 3707 3576 τινων
3731 3522 3816 3589 ὁρι-

2286 3626 2397 3679 κῶν
2430 3626 2606 3692 λόγων
2629 3625 2708 3686 είς
2733 3622 2829 3693 τὴν
2856 3619 3035 3683 αὐτῶν
3060 3618 3404 3688 ἀφικνεῖσθαι
3433 3618 3726 3683 ἐπίγνωσιν.
3742 3611 3823 3664 Νῦν

2285 3714 2938 3785 οὗ·κ,όρισθέντος,φησὶν
2961 3714 3080 3783 οὐχὶ
3098 3713 3159 3765 τὸ
3176 3713 3328 3783 παρά
3350 3728 3498 3773 τινος
3515 3712 3590 3771 εἰς
3607 3703 3825 3761 υἱοθεσίαν

2285 3806 2630 3877 ἀνειλῆφθαι,
2677 3804 2881 3873 ἄπαγε,
2926 3803 3035 3856 οὐδ’
3069 3804 3152 3856 ὅτι
3196 3802 3296 3872 τὴν
3326 3800 3420 3854 τοῦ
3457 3798 3587 3853 Υἱοῦ
3616 3797 3699 3850 τοῦ
3723 3791 3823 3846 Θεοῦ

2287 3899 2657 3973 προσηγορίαν
2688 3897 2796 3950 ἀπό
2843 3912 2989 3959 τινος
3030 3897 3261 3964 ἐπέσχεν
3303 3892 3549 3956 θέσεως,
3597 3888 3826 3954 ἀλλ’,ὁρι-

2286 3990 2754 4061 σθέντος,φησί.ν,
2792 3982 2905 4041 οἷον
2952 3987 3047 4039 τοῦ
3081 3987 3173 4040 διά
3218 3986 3329 4039 τῶν
3378 3987 3510 4056 περὶ
3540 3984 3691 4036 αὐτὸν
3719 3980 3826 4031 ἱδιω·

2291 4085 2478 4154 μάτων
2516 4085 2649 4152 ἡμῖν
2680 4079 3132 4152 ἐμφανισθέντος,
3160 4079 3254 4134 καὶ
3282 4078 3363 4141 είς
3417 4078 3621 4145 γνῶσιν
3650 4074 3733 4128 καὶ
3754 4086 3826 4125 κα·

2286 4177 2539 4247 τάληψιν,
2564 4175 2637 4236 ὡς
2667 4169 2779 4227 οἷόν
2805 4172 2865 4227 τέ
2897 4174 3044 4226 ἐστιν
3079 4171 3395 4241 ἀνθρωπίνῃ
3424 4169 3587 4239 φύσει
3611 4210 3625 4234 ,
3652 4162 3823 4235 uapul-

2290 4268 2494 4329 θόντος.
2544 4266 2714 4320 Πόθεν
2754 4264 2847 4319 οῦν
2892 4265 2986 4317 καὶ
3033 4265 3099 4316 ἐκ
3156 4263 3373 4316 τίνωνὸ
3414 4261 3512 4315 τοῦ
3562 4260 3687 4313 Θεοῦ
3734 4255 3825 4313 Υἱὸς

2288 4355 2631 4438 ἀφορίζεται,
2667 4357 2761 4408 καὶ
2790 4356 2930 4408 τίσιν
2960 4354 3187 4423 ἰδιότησι
3222 4350 3746 4423 χαρακτηριζόμενος
3762 4347 3821 4404 εἰς

2291 4452 2490 4520 γνῶσιν
2526 4453 2656 4521 ἡμῖν
2701 4449 2959 4520 ἔρχεταις
3002 4446 3096 4500 Ἐκ
3129 4444 3518 4517 προφητικῶν,
3553 4442 3698 4513 φησὶ,
3721 4452 3825 4508 χρηο

603 4540 866 4596 oraculis.
920 4540 973 4595 Id
1019 4541 1165 4596 enim
1216 4540 1525 4611 signiﬁcat,
1555 4543 1745 4598 dicens
1782 4563 1795 4597 :
1836 4543 2017 4609 «Quod
2048 4559 2181 4613 prae-

2295 4543 2471 4614 σμῶν.
2514 4543 2683 4595 Τοῦτο
2708 4542 2817 4609 γὰρ
2840 4539 3137 4611 παρίστησι
3160 4538 3247 4592 διὰ
3272 4537 3363 4590 τοῦ
3387 4539 3584 4590 εἰπεῖν’
3616 4555 3631 4586 ι
3648 4534 3705 4585 '0
3722 4544 3826 4597 προ-

606 4633 877 4687 numiavit
907 4648 1003 4703 per
1046 4633 1341 4703 prophetas
1370 4649 1500 4688 suos
1543 4634 1597 4687 in
1642 4636 1815 4690 sacris
1848 4634 2185 4689 Litteris-“ti

606 4722 812 4778 Deinde
839 4738 972 4778 vero
1004 4738 1070 4779 ex
1101 4725 1418 4788 miraculis,
1451 4741 1575 4796 quae
1601 4742 1768 4795 supra
1802 4736 2009 4781 naturae
2048 4728 2189 4782 vires

604 4813 795 4870 edidit.
842 4813 983 4870 Dicit
1011 4816 1197 4869 enim:
1234 4835 1251 4867 ι
1288 4817 1392 4883 Qui
1426 4818 1738 4873 declaratus
1781 4827 1867 4873 est
1894 4818 2065 4875 Filius
2095 4818 2188 4873 Dei

607 4907 662 4961 in
694 4906 935 4975 potentia
951 4906 1051 4961 ⁸⁸.»
1094 4906 1266 4961 Porro
1305 4924 1372 4974 ως
1406 4908 1613 4978 Spiritu
1647 4918 1862 4973 sancto,
1892 4926 2056 4978 quem
2088 4910 2187 4964 ho-

607 4996 850 5053 minibus
882 4995 937 5051 in
971 5011 1029 5051 se
1066 4997 1419 5053 credentibus
1459 4999 1720 5053 donabat.
1776 4998 2021 5070 Denique
2059 5017 2186 5056 vero

606 5105 671 5146 ex
704 5104 793 5155 eo,
836 5088 1005 5157 quod,
1034 5090 1129 5160 qui
1162 5104 1227 5144 ex
1263 5088 1483 5146 Davidis
1506 5091 1715 5155 semine
1754 5102 1919 5147 natus
1947 5103 2087 5157 erat,
2118 5110 2185 5148 ex

608 5178 837 5243 mortuis
866 5181 1182 5234 resurrexit.
1220 5177 1427 5235 [lorum
1461 5182 1609 5236 enim
1631 5181 1877 5238 omnium
1901 5184 2183 5254 congeries

677 5296 723 5329 "
756 5296 914 5351 liom.
948 5311 984 5359 t,
1014 5296 1067 5350 4.
1142 5296 1187 5330 ⁸⁸³
1217 5296 1347 5352 ibid.
1377 5298 1431 5353 2.
1510 5300 1551 5331 ⁸⁸
1582 5297 1713 5354 ibid.
1737 5298 1811 5366 ὄλ

2295 4632 2659 4704 επηγγείλατο
2705 4631 2793 4683 διὰ
2821 4630 2931 4684 τῶν
2969 4629 3266 4701 προφητῶν
3316 4627 3482 4681 αὑτοῦ
3529 4629 3585 4679 ἐν
3626 4618 3845 4709 Γραφαῖς.

2296 4726 2503 4794 ἁγίαις·
2548 4742 2567 4774 ›
2613 4721 2867 4791 δεύτερον
2900 4723 2965 4773 ἐκ
3012 4720 3123 4772 τῶν
3153 4719 3461 4787 δυνάμεων,
3492 4717 3557 4781 ἃς
3581 4709 3825 4782 ὑπερφυῶς

2292 4816 2485 4870 ἐτέλει.
2519 4834 2536 4866 ι
2585 4812 2694 4867 Τοῦ
2726 4811 3037 4884 ὁρισθέντος
3086 4810 3214 4880 γὰρ,
3248 4809 3437 4879 φησὶν,
3467 4808 3596 4863 Υίοῦ
3625 4803 3745 4859 Θεοῦ
3784 4801 3827 4850 ἐν

2291 4908 2540 4978 δυνάμει.
2585 4925 2604 4957 ι
2635 4901 2769 4959 Εἶτα
2799 4906 2864 4957 ἐκ
2890 4904 2984 4958 τοῦ
3019 4904 3337 4974 ΙΙνεύματος
3364 4902 3460 4955 τοῦ
3492 4901 3664 4971 ἁγίου,
3690 4898 3715 4950 ὅ
3741 4894 3826 4952 τοῖς

2296 5006 2377 5067 εἰς
2428 5002 2592 5055 αὐτὸν
2621 5000 3013 5056 πεπιστευκόσι
3048 5001 3323 5073 ἐχορήγει.
3366 4998 3528 5055 ’Λλλὰ
3562 4996 3651 5049 καὶ
3677 4996 3732 5046 ἐκ
3756 4986 3826 5045 τοῦ

2292 5094 2595 5163 ἀναστῆναι
2622 5093 2730 5161 (νίά
2755 5092 2772 5163 )
2810 5092 2971 5145 αὐτὸν
3002 5093 3065 5144 ἐκ
3108 5092 3421 5161 σπέρματος
3461 5090 3553 5145 τοῦ
3582 5083 3730 5141 Δασίδ
3759 5096 3827 5147 γε·

2291 5188 2640 5257 γεννημένον.
2694 5184 2803 5238 Καὶ
2858 5185 2965 5254 γὰρ
3000 5184 3206 5237 τούτων
3230 5183 3490 5237 ἁπάντων
3534 5182 3568 5252 ἡ
3598 5171 3827 5244 συνδρομὴ

2158 5389 2393 5450 NOTAE.

681 5488 795 5555 (45)
836 5486 915 5541 Ex
941 5488 1095 5543 Colb.
1129 5488 1251 5543 loco
1274 5482 1429 5551 οὗτός
1459 5506 1538 5544 τε.

682 5558 801 5627 (44)
824 5557 967 5611 Idem
999 5573 1098 5627 pro
1132 5558 1433 5623 κοπιάξων.

707 5626 894 5697 45-41)
929 5626 1068 5680 ἰδέαι
1094 5630 1276 5683 scribo
1306 5644 1407 5697 pro
1457 5628 1604 5683 ἰδίαι.

708 5698 797 5765 4‘2)
825 5697 918 5749 τοῦ
957 5713 1054 5767 pra
1091 5700 1175 5762 τὸ,
1206 5714 1269 5752 ex
1290 5697 1447 5753 Colb.

711 5767 800 5839 διδ)
839 5768 1089 5839 Respicit
1109 5772 1215 5821 huc
1244 5767 1616 5839 OEcumenius
1644 5770 1679 5822 l.
1712 5786 1786 5834 c.,
1820 5786 1873 5839 p;
1922 5771 2046 5826 905.
2102 5769 2187 5825 his

624 5837 801 5893 Verbis
834 5855 845 5891 :
880 5837 971 5891 Διὸ
999 5838 1196 5900 καίτις
1220 5838 1312 5892 τοῦ
1343 5839 1673 5908 ὁρισθέντος,
1709 5841 1798 5893 τοῦ
1823 5837 2184 5909 ἐπιγνωσθέν-

2292 5507 2383 5552 τος
2417 5491 2573 5561 φησὶν
2605 5491 2700 5544 καὶ
2723 5491 2802 5552 είς
2837 5489 3037 5561 γνῶσιν
3067 5488 3379 5561 ἀνθρώποις
3411 5486 3669 5561 ἐλθόντος.
3691 5470 3821 5561 Fid):

2293 5562 2358 5612 θλ
2369 5546 2466 5629 μέν
2480 5546 2601 5629 ’γὰρ
2616 5562 2683 5614 δι’
2706 5564 2731 5613 ό
2742 5546 2950 5631 ρίσμῷν
2966 5546 3556 5631 τινωνέπιγινῶσκειν,
3573 5554 3609 5609 ἃ
3630 5546 3821 5623 βεῦαίως

2290 5635 2384 5684 καὶ
2416 5634 2515 5683 οὐκ
2546 5634 2604 5683 ἐν
2634 5630 2915 5699 δισταγμῷ
2954 5630 3353 5701 ἐπιστάμεθακ
3450 5698 3461 5701 -
3621 5690 3699 5701 ·’“·

2363 5702 2472 5770 (44)
2506 5701 2658 5757 Colb.
2690 5689 3171 5769 ρι·υ’ἇνὰστάντο;.’
3233 5701 3293 5754 S.
3334 5698 3535 5755 Paulus
3565 5714 3576 5750 :
3621 5690 3700 5755 Ἐξ
3721 5689 3818 5741 ,ἱνα-

2290 5777 2531 5835 στάσεως
2556 5772 2787 5844 νεκρῶν.
