4072 6460
342 437 446 498 753

1266 438 1366 496 AD
1385 435 1979 506 AMPHILOCHIUM
2000 434 2348 506 QUIESTIO
2379 439 2687 500 CXXXVI.

3507 431 3618 498 ’154

340 547 564 612 διορίζει
590 546 686 601 καὶ
710 546 1085 617 άποδιίστησιν
1112 546 1277 600 αὐτὸν
1302 547 1414 600 τῶν
1450 547 1626 601 ἄλλων
1648 547 1928 608 ἁπάντων,

2040 564 2160 600 enin
2192 554 2260 602 ab
2293 549 2418 604 aliis
2438 551 2702 608 omnibus
2728 547 3019 617 distinguit
3045 555 3101 602 et
3125 555 3342 615 separat
3369 585 3383 609 ,
3423 545 3622 612 quibus

341 641 486 704 ὅσοις
512 639 654 694 κατὰ
691 639 850 709 χάριν
881 639 1106 706 γέγονεν
1136 639 1288 702 υἱοὺς
1331 639 1790 709 ἐπονομασθῆναι.
1824 640 1934 692 Καὶ

343 731 589 785 δείκνυσι
619 733 713 783 καὶ
739 729 982 783 διδάσκει
1021 729 1248 794 πάντας,
1279 729 1442 782 αὐτὸν
1478 723 1620 783 εἶναι
1677 729 1767 782 τὸν
1797 730 1932 798 άλη-

343 825 455 888 θῶς
487 825 582 878 καὶ
610 823 768 893 φύσει
800 823 927 875 Υἱὸν
955 821 1052 876 τοῦ
1077 822 1213 875 Θεοῦ
1245 822 1341 876 καὶ⁸
1382 821 1535 874 Θεόν.
1567 821 1733 874 Ὅθεν
1764 821 1926 874 δυνα-

343 915 436 969 τὸν
470 916 537 969 ἂν
559 915 645 984 εἴη
672 913 778 981 (45
800 917 840 982 ),
866 914 960 965 καὶ
989 913 1111 982 οὐχὶ
1145 912 1480 983 πλαγιασμῷ
1513 911 1623 965 τῶν
1670 911 1933 982 ῥημάτων

347 1007 533 1076 μόνον,
565 1004 703 1058 ἀλλὰ
738 1003 862 1058 κατ’
891 1005 1106 1057 εὐθεῖαν
1141 1005 1282 1058 αὐτὰ
1305 1003 1651 1074 συνείροντας
1681 1003 1742 1056 τὸ
1777 1003 1930 1068 ἐξαί-

345 1110 500 1163 ρετον
556 1093 656 1162 τῆς
709 1093 957 1162 υίότητος
1011 1093 1106 1146 τοῦ
1155 1094 1391 1164 Χριστοῦ
1451 1096 1546 1146 καὶ
1591 1092 1727 1146 Θεοῦ
1773 1093 1934 1164 ήμῶν

341 1186 603 1256 ἀφορίσαι
627 1203 688 1238 τε
723 1187 816 1238 καὶ
872 1188 1246 1260 παραστῆσαι,
1296 1187 1392 1240 καὶ
1422 1187 1521 1257 τὴν
1584 1187 1714 1256 περὶ
1763 1184 1930 1238 αὐτοῦ

339 1276 543 1344 γνῶσίν
575 1292 636 1328 τε
669 1275 764 1330 καὶ
794 1276 999 1345 εἴδησιν
1060 1276 1208 1345 σαφῆ
1235 1276 1331 1329 καὶ
1379 1275 1628 1346 καθαράν
1673 1278 1788 1339 τοῖς
1841 1293 1932 1328 m-

342 1373 490 1434 στοῐς
526 1371 934 1441 παρασχέσθαι.
954 1366 1078 1424 Οἶον
1097 1370 1252 1435 εἴτις
1270 1369 1518 1442 ἐρωτῴη,
1537 1371 1603 1423 Τί
1625 1371 1772 1423 ἐστιν
1799 1370 1933 1439 Χρι-

346 1460 472 1522 στός
503 1479 518 1524 ;
545 1462 676 1530 ῥᾷον
708 1462 804 1515 καὶ
829 1461 981 1515 οὐδὲν
1011 1463 1248 1532 ἐργῶδες
1279 1465 1474 1516 εἰπεῖν’
1509 1463 1744 1534 Χριστός
1779 1465 1930 1516 ἐστιν

341 1555 372 1606 6
404 1553 492 1606 διὰ
525 1553 634 1607 τῶν
663 1553 961 1625 προφητῶν
997 1554 1097 1624 μὲν
1124 1554 1532 1625 προκηρυχθεὶς
1578 1555 1671 1608 καὶ
1703 1554 1933 1625 γενόμε-

343 1659 435 1706 νος
479 1643 621 1697 κατὰ
674 1645 852 1716 σάρκα
898 1645 964 1697 ἐκ
1016 1646 1333 1716 σπέρματος
1389 1645 1574 1710 Δαόὶδ,
1627 1646 1930 1717 ὑπερφυέσι

341 1737 604 1806 δυνάμεσι
636 1738 732 1792 καὶ
770 1737 1086 1808 Πνεύματος
1118 1739 1275 1806 ἁγίου
1319 1737 1534 1807 δαψιλεῖ
1577 1756 1637 1790 τε
1683 1740 1772 1792 καῖ
1829 1741 1936 1808 ἀφ-

343 1829 484 1899 θόνῳ
519 1830 756 1900 χορηγία
808 1830 870 1882 τὸ
899 1831 1007 1884 τῶν
1045 1829 1347 1903 ἀνθρώπων
1400 1830 1556 1900 γένος
1601 1830 1930 1900 εὐεργετῶν,

2035 639 2178 693 ﬁlios
2207 639 2298 694 Dei
2340 640 2600 709 appellari
2633 657 2696 696 ex
2729 642 2901 710 gratia
2935 639 3183 709 contigit.
3224 638 3348 692 Haec
3386 637 3628 692 ostendit

2037 741 2092 785 et
2121 731 2281 786 docet
2318 747 2511 787 omnes
2535 771 2551 796 ,
2597 748 2732 786 eum-
2767 749 2894 787 vere
2945 741 3002 786 et
3051 744 3245 786 natura
3293 746 3392 786 sua
3425 729 3624 783 Filium

2040 823 2133 878 Dei
2163 835 2216 878 et
2249 824 2416 878 Deum
2457 840 2598 879 esse.
2648 823 2786 878 l-linc
2821 824 3066 888 scilicet,
3110 834 3274 893 atque
3343 823 3482 877 adeo
3514 837 3625 876 non

2038 930 2106 969 ex
2139 916 2284 970 nuda
2315 917 2551 985 quadam
2587 918 2881 970 verborum
2934 915 3260 984 obliquitate
3288 954 3304 978 ,
3347 914 3444 968 sed
3475 922 3624 967 recta

2041 1009 2224 1076 potius
2254 1007 2336 1060 via
2359 1047 2374 1071 ,
2411 1008 2457 1062 si
2484 1007 2701 1079 singula
2748 1007 2853 1062 sibi
2882 1006 3118 1060 invicem
3150 1007 3456 1076 jnngantnr
3480 1041 3498 1069 ,
3528 1004 3624 1059 de-

2040 1098 2197 1152 linire
2235 1109 2288 1152 ct
2322 1098 2705 1153 demonstrare
2734 1097 2890 1160 licet,
2931 1112 3097 1164 quam
3139 1096 3415 1150 eminente
3454 1109 3624 1150 sensu

2045 1185 2304 1240 Christus
2334 1195 2390 1239 et
2421 1183 2566 1240 Deus
2602 1192 2790 1239 noster
2815 1181 2985 1239 Filius
3019 1185 3090 1239 sit
3137 1183 3271 1248 Dei,
3323 1183 3626 1253 eademque

2038 1293 2204 1347 opera
2235 1292 2429 1346 puram
2475 1285 2529 1331 et
2579 1276 2892 1330 distinctam
2944 1275 3065 1344 ejus
3096 1274 3469 1343 cognitionem
3507 1287 3628 1327 cre-

2039 1366 2298 1421 dentibus
2331 1366 2708 1435 suppeditare.
2757 1364 2813 1420 Si
2846 1366 2973 1434 quis
3000 1365 3151 1419 verbi
3185 1379 3354 1419 causa
3387 1364 3626 1417 interro-

2039 1467 2196 1525 getur
2226 1475 2240 1510 :
2268 1456 2410 1522 Quid
2451 1466 2537 1512 est
2559 1455 2853 1512 Christus?
2888 1455 3049 1510 facile
3079 1454 3156 1508 illi
3191 1465 3244 1508 et
3287 1453 3343 1507 in
3372 1459 3626 1522 promptu

2039 1548 2206 1604 fuerit
2238 1550 2575 1619 respondere
2621 1568 2634 1603 :
2681 1548 2939 1604 Christus
2969 1555 3057 1602 cst
3082 1588 3098 1613 ,
3145 1545 3240 1617 qui
3271 1561 3312 1600 at
3343 1545 3629 1616 prophetis

2038 1643 2261 1712 quidem
2285 1641 2711 1713 praenuntiatus,
2743 1650 2797 1696 ct
2829 1642 3132 1696 secundum
3168 1655 3392 1693 carnem
3435 1653 3500 1692 ex
3533 1653 3626 1693 se-

2040 1734 2188 1789 mine
2214 1733 2438 1790 Davidis
2480 1735 2701 1804 genitus
2728 1774 2744 1798 ,
2789 1731 3033 1803 potentia
3066 1745 3165 1785 sua
3193 1729 3624 1800 supernaturali,

2040 1823 2325 1893 sanctique
2353 1821 2594 1892 Spiritus
2629 1822 2796 1891 largis
2823 1830 2880 1876 et
2927 1820 3160 1875 intinitis
3189 1820 3348 1873 donis
3388 1820 3630 1873 humano

344 1923 441 1974 καὶ
481 1921 570 1976 διὰ
625 1923 729 1992 τῆς
779 1923 984 1986 οἰκείας
1019 1923 1373 1987 ἀναστάσεως
1400 1923 1491 1977 τὸν
1541 1924 1772 1978 θάνατον
1831 1923 1932 1994 μὲν

2040 1916 2222 1989 generi
2259 1914 2548 1979 benefecit,
2583 1924 2638 1968 et
2664 1913 3069 1968 resurrectione
3101 1927 3199 1967 sua
3234 1919 3467 1964 mortem
3500 1910 3628 1980 qui-

342 2012 646 2084 νεκρὼσας,
679 2014 771 2066 καὶ
802 2013 893 2067 τὸν
923 2014 1058 2085 ᾅδην
1092 2014 1416 2078 σκυλεύσας,
1446 2015 1573 2078 τοὺς
1598 2017 1692 2068 ἀπ’
1721 2014 1934 2068 αἰώνων

343 2107 401 2160 δὲ
434 2108 847 2176 συναναστήσας
876 2107 1052 2176 ἑαυτῷ
1087 2107 1336 2178 νεκρούς.
1364 2099 1533 2169 Οὗτός
1563 2110 1713 2160 ἐστιν
1737 2109 1765 2160 ὁ
1796 2108 1934 2175 Χριο

345 2199 494 2264 στὺς,
547 2191 700 2262 οὗτος
728 2201 755 2252 6
805 2198 899 2251 τοῦ
947 2197 1083 2251 Θεοῦ
1124 2198 1248 2261 Υἱὸς
1275 2198 1546 2260 καὶΘεός.
1597 2199 1690 2260 Εἰς
1739 2197 1929 2251 τούτου

346 2289 408 2342 τὸ
438 2290 769 2358 Εὐαγγέλιον
819 2290 1031 2352 Παῦλος
1076 2290 1458 2362 ἀφωρισμένος
1505 2291 1741 2357 ὲγένετο’
1776 2291 1935 2344 τοῦτο

346 2383 678 2453 παρίστησιν
714 2385 747 2454 ἡ
784 2382 876 2435 τοῦ
921 2383 1230 2454 ὁρισθέντος
1258 2381 1388 2435 Υίοῦ
1423 2382 1560 2436 Θεοῦ
1587 2390 1735 2452 φωνη
1760 2383 1863 2445 (4-6
1887 2386 1924 2446 ).

345 2475 618 2545 Πρόσθες,
676 2477 724 2528 εί
767 2475 968 2546 βούλει,
1005 2474 1145 2546 πρὸς
1195 2473 1503 2539 ὲξάπλωσιν
1551 2475 1646 2527 καὶ
1701 2475 1936 2544 δήλωσιν

345 2568 707 2638 σαφεστέραν·
743 2568 824 2621 δι’
850 2561 911 2622 οῦ
940 2569 1033 2622 καὶ
1062 2567 1273 2630 Παῦλος
1305 2566 1464 2621 ἔλαϐε
1491 2567 1653 2638 χάριν
1713 2568 1937 2621 ἀποστο-

342 2660 443 2730 λῆς
479 2659 607 2729 ἔθνη
668 2659 925 2729 βάρϐαρα
974 2660 1184 2724 πεῖσαι,
1225 2658 1323 2711 καὶ
1376 2657 1800 2728 παρασκευάσαι
1829 2659 1934 2711 ὐπ-

342 2749 574 2804 ακοῦσαι
614 2751 681 2821 τῇ
710 2750 890 2802 πίστει
923 2747 1018 2802 τοῦ
1052 2746 1314 2820 Χριστοῦ⁶
1346 2748 1627 2801 τουτέστιν
1666 2750 1746 2811 εἰς
1776 2748 1938 2801 αὐτὸν

345 2843 636 2900 πιστεῦσαι
655 2842 768 2912 (47)
787 2842 882 2895 καὶ
903 2840 1189 2912 λατρεύειν
1217 2840 1384 2912 μόνῳ,
1415 2841 1490 2904 ὼς
1518 2841 1759 2911 ἀληθινῷ
1795 2839 1934 2912 Θεῷ,
1964 2862 1970 2868 ·

345 2935 445 2990 καὶ
477 2934 590 3006 Υίῷ
625 2934 795 2998 θεοῦῖ
823 2933 1076 3004 ἀφείμενα
1118 2933 1229 2988 τῶν
1283 2932 1554 3004 πατρῴων
1606 2932 1782 2996 ἐθῶν,
1843 2935 1939 2987 καὶ

344 3032 446 3102 τῆς
484 3030 724 3094 παλαιᾶς
750 3028 932 3084 αὐτῶν
959 3030 1052 3084 καὶ
1079 3029 1485 3099 δεισιδαίμονος,
1506 3028 1734 3100 πλάνης.

423 3206 497 3260 Τὸ
515 3206 592 3271 δὲ,
623 3225 640 3257 ι
663 3204 1016 3275 Καυχάσθωὸ
1040 3202 1266 3271 ἀδελφὸς
1292 3205 1320 3256 6
1337 3203 1593 3267 ταπεινὸς
1622 3205 1680 3257 ὲν
1702 3203 1779 3274 τῷ
1811 3203 1936 3273 ὕψει
1960 3247 2006 3310 C

347 3297 537 3364 αὐτοῦ,
585 3297 614 3349 6
637 3296 693 3349 δὲ
729 3296 985 3358 πλούσιος
1024 3297 1082 3348 ὲν
1111 3297 1176 3365 τῇ
1214 3294 1541 3348 ταπεινώσει
1573 3295 1760 3359 αὐτοῦ,
1794 3314 1814 3347 ι
1856 3295 1937 3365 τῷ

346 3389 480 3459 ἱερῷ
511 3387 674 3460 ῥηθὲν
716 3384 982 3455 Ἰακώὸῳ,
1030 3385 1092 3438 οὐ
1117 3383 1276 3437 τοῦτο
1303 3383 1474 3452 δηλοῖ,
1542 3384 1619 3448 ὡς
1663 3387 1948 3457 Μεγαλοῤ-

346 3481 676 3555 ρημονείτω,
707 3477 1134 3544 ἁλαζονευέσθω,
1175 3477 1608 3550 μεγαλαυχείτω.
1638 3478 1802 3531 Οὐδὲν
1826 3479 1946 3530 τού⁶

343 3573 712 3629 των.’1“ίθεται
741 3573 842 3642 μὲν
877 3571 1009 3641 γὰρ,
1052 3571 1126 3635 ὡς
1155 3570 1381 3638 ἔθος,τὰ
1411 3571 1636 3641 ῥήματα
1656 3571 1830 3624 ταῦτα
1852 3573 1947 3626 ἐπὶ

343 3666 444 3736 τῆς
467 3664 727 3735 τοιαύτης
749 3663 1008 3727 διανοίας,
1023 3663 1119 3716 καὶ
1134 3662 1194 3715 τὸ
1214 3663 1506 3733 πρόχειρον
1530 3665 1628 3734 τῆς
1645 3661 1842 3727 λέξεως
1867 3665 1947 3727 είς

344 3757 506 3811 τοῦτο
527 3758 704 3829 φέρει.
730 3756 872 3808 Ἀλλ’
900 3749 991 3809 οὖν
1006 3754 1122 3808 νυνί
1148 3772 1212 3823 γε
1229 3750 1292 3807 τὸ
1306 3754 1617 3824 καυχᾶσθαί
1636 3771 1801 3825 φησιν
1827 3755 1947 3808 ἀντὶ

345 3853 464 3917 τοῦ,
492 3849 1110 3920 θαρῤείτω,ὲλπιζέτω.
1133 3849 1285 3917 Μηδὲ
1309 3847 1420 3918 (48)
1439 3849 1546 3919 γὰρ
1569 3851 1648 3902 ὅτι
1670 3848 1945 3914 ταπεινὸς,

2036 2011 2157 2066 dem
2192 2007 2445 2078 peremit,
2481 2004 2810 2075 infernaque
2856 2005 3091 2075 spoliato
3111 2044 3126 2068 ,
3160 2019 3290 2071 eos,
3319 2005 3414 2073 qui
3443 2004 3572 2060 inde
3596 2018 3630 2058 a

2034 2101 2230 2172 primis
2255 2099 2474 2155 smculis
2509 2098 2709 2153 mortui
2741 2105 2930 2161 erant,
2967 2114 3076 2152 una
3109 2113 3297 2151 secum
3332 2096 3629 2152 resuscita-

2036 2193 2133 2246 vit.
2190 2190 2288 2245 llic
2309 2199 2394 2246 est
2438 2189 2696 2244 Christus
2725 2227 2741 2251 ,
2791 2189 2878 2244 hic
2915 2197 3000 2244 est
3035 2189 3125 2243 Dei
3159 2187 3332 2243 Filius
3375 2199 3428 2242 et
3462 2189 3626 2243 Deus.

2035 2284 2115 2338 Ad
2147 2283 2314 2351 hujus
2341 2281 2698 2351 Evangelium
2732 2280 3140 2351 praadit-andum
3170 2279 3376 2336 Paulus
3407 2295 3629 2350 separa-

2037 2387 2127 2432 tus
2151 2386 2256 2430 est.
2295 2375 2407 2429 lloc
2447 2373 2655 2428 indicat
2699 2387 2802 2426 vox
2851 2372 3000 2427 illius
3026 2412 3041 2435 ,
3075 2372 3167 2440 qui
3198 2371 3367 2425 Filius
3399 2370 3493 2426 Dei
3531 2372 3629 2424 de-

2038 2468 2282 2521 claratus
2307 2476 2414 2520 est.
2447 2465 2602 2519 Adde
2635 2463 2828 2528 etiam,
2859 2465 2905 2519 si
2946 2464 3120 2533 placet
3151 2461 3219 2517 ad
3247 2462 3509 2532 majorem
3547 2461 3628 2515 rei

2038 2559 2466 2614 declarationem
2505 2567 2561 2612 et
2588 2557 3001 2626 intelligentiam
3046 2573 3060 2610 :
3112 2571 3207 2622 per
3233 2570 3395 2624 quem
3427 2551 3629 2607 Paulus

2037 2653 2201 2706 etiam
2237 2651 2449 2721 accepit
2475 2650 2818 2722 apostolatus
2843 2649 3075 2716 gratiam
3102 2649 3171 2713 ⁶²,
3201 2658 3262 2701 ιιι
3291 2655 3481 2717 gentes
3507 2648 3630 2700 bar-

2040 2748 2204 2802 baras
2237 2745 2622 2816 persuadendo
2654 2745 2930 2806 vinceret,
2977 2757 3178 2810 easque
3206 2743 3272 2794 ad
3304 2740 3628 2808 obsequium

2040 2840 2161 2895 lidei
2198 2839 2250 2893 in
2279 2838 2562 2894 Christum
2591 2837 2962 2906 praestandum
2994 2846 3352 2905 mzepararet,
3395 2832 3500 2887 hoc
3523 2839 3626 2893 est,

2038 2932 2294 2994 efficeret,
2327 2941 2385 2986 ut
2417 2932 2469 2984 in
2493 2929 2650 2984 illum
2683 2932 2990 2990 crederent,
3024 2928 3188 2996 eique
3211 2925 3328 2992 uni,
3367 2933 3628 2992 tanquam

2043 3043 2169 3079 vero
2205 3025 2332 3086 Deo.
2367 3035 2422 3077 et
2462 3023 2556 3078 Dei
2589 3022 2728 3078 Filio
2749 3023 3046 3083 servirent,
3071 3037 3098 3075 a
3139 3021 3331 3089 patriis
3359 3019 3628 3081 moribus,

2039 3129 2328 3186 vetereque
2360 3132 2461 3172 sua
2489 3159 2504 3182 ,
2555 3125 2610 3170 et
2656 3130 2888 3170 errones
2926 3113 3320 3183 superstitione
3363 3111 3627 3165 liberata}.

2107 3208 2378 3263 Caaterum
2405 3207 2550 3278 quod
2595 3207 2660 3262 ad
2696 3208 2833 3262 illud
2871 3207 3046 3263 sancti
3082 3204 3271 3260 Jacobi
3299 3203 3508 3258 dictum
3543 3211 3629 3256 at-

2050 3303 2224 3359 tinet:
2259 3301 2566 3356 iGlorictur
2589 3299 2756 3355 frater
2786 3299 3012 3354 humilis
3045 3298 3099 3352 in
3131 3297 3468 3352 sublimitate
3506 3311 3628 3361 sua,

2047 3397 2202 3453 dives
2232 3405 2412 3451 autem
2454 3395 2508 3449 in
2555 3393 2862 3448 humilitate
2908 3408 3004 3446 sua
3030 3391 3096 3455 ⁸³,
3136 3411 3155 3442 ι
3203 3405 3312 3444 non
3366 3389 3484 3443 haec
3525 3388 3630 3442 sibi

2049 3488 2184 3552 vult,
2227 3503 2294 3543 ac
2327 3486 2372 3542 si
2404 3487 2609 3540 diceret
2637 3505 2651 3540 :
2685 3484 2969 3554 Magnilice
3009 3485 3268 3553 loquatur
3289 3521 3306 3546 ,
3345 3480 3516 3550 jactet
3548 3495 3630 3544 se,

2047 3581 2334 3652 glorietur.
2365 3578 2515 3634 Nihil
2571 3579 2768 3634 horum
2810 3578 2992 3632 locum
3039 3576 3224 3629 habet.
3274 3573 3466 3629 Solent
3501 3572 3629 3643 qui-

2042 3675 2171 3730 dem
2214 3673 2306 3728 illa
2338 3673 2506 3728 verba
2548 3673 2652 3727 hoc
2693 3686 2854 3726 sensu
2898 3668 3170 3732 adhiberi,
3195 3667 3460 3735 vocisque
3489 3680 3631 3736 pra).-

2047 3765 2220 3822 sentis
2253 3765 2594 3836 significatus
2623 3764 2861 3834 primum
2889 3762 3086 3816 obvius
3110 3759 3252 3814 idem
3284 3757 3467 3813 infert.
3513 3757 3633 3813 Hoc

2049 3876 2178 3914 vero
2202 3860 2322 3914 loco
2339 3858 2566 3914 verbum
2595 3853 2893 3924 καυχάσθω
2920 3853 3060 3907 idem
3079 3863 3163 3908 est
3181 3851 3348 3922 quod,
3371 3849 3627 3918 conﬁdat,

345 3947 533 4014 φησὶν,
588 3942 890 4013 ἁθυμείτω,
944 3941 1020 4005 ὡς
1093 3944 1152 3994 ὲν
1203 3940 1366 4011 πενίᾳ
1414 3941 1771 4010 τρυχόμενος,
1805 3942 1838 4010 ἢ
1877 3943 1937 4011 τῇ

2041 3960 2240 4020 speret.
2283 3947 2458 4004 Nemo
2485 3949 2656 4010 enim,
2683 3946 2882 4016 inquit,
2911 3944 3057 4009 ideo,
3094 3944 3240 4014 quod
3270 3943 3497 3997 humilis
3523 3949 3630 4004 est,

346 4035 502 4108 παρὰ
530 4034 639 4090 τῶν
694 4032 1001 4104 ἀνθρώπων
1052 4032 1238 4104 ἀδοξίᾳ
1269 4031 1644 4102 ὑϐριζόμενος.
1704 4034 1812 4085 Καὶ
1837 4036 1937 4102 γὰρ

2047 4045 2289 4096 animum
2321 4040 2698 4109 despondeat,
2734 4038 2864 4107 quia
2904 4044 3224 4106 paupertate
3254 4044 3337 4089 est
3362 4043 3630 4089 extenua-

344 4131 440 4200 καὶ
466 4130 496 4181 6
523 4128 730 4198 Κύριος
759 4126 916 4198 ἡμῶν
943 4125 1067 4188 τοὺς
1096 4125 1388 4188 ταπεινοὺς
1427 4124 1524 4178 καὶ
1560 4124 1798 4188 εὐτελεῖς
1853 4126 1937 4179 καὶ

2041 4144 2174 4198 tus,
2223 4142 2319 4186 aut
2372 4132 2657 4185 hominum
2709 4127 2930 4199 probris
2979 4127 3281 4196 subjectus.
3327 4124 3463 4180 Nam
3515 4126 3634 4195 ipse

345 4215 588 4286 πένητας
667 4213 763 4267 καὶ
799 4213 1050 4283 πτωχοὺς
1102 4212 1409 4276 ἐξελέξατο,
1437 4215 1566 4276 τοὺς
1626 4213 1937 4279 πλουσίους,

2050 4227 2314 4281 Dominus
2360 4233 2549 4279 noster
2581 4223 2818 4277 humiles
2849 4230 2905 4277 et
2935 4219 3178 4290 abiectos
3199 4258 3214 4284 ,
3262 4228 3318 4274 et
3364 4232 3630 4288 pauperes

343 4307 440 4363 καὶ
465 4306 590 4377 δόξῃ
622 4307 718 4360 καὶ
777 4306 926 4376 γένει
968 4306 1530 4374 μεγαλοφρονοῦντας,
1562 4308 1937 4378 φρυάττεσθαι

2046 4328 2102 4373 et
2132 4316 2412 4372 mendicos
2441 4316 2642 4384 elegit,
2673 4313 2872 4368 divites
2918 4327 3052 4367 vero
3072 4352 3088 4377 ,
3124 4311 3409 4380 gloriaque
3445 4317 3502 4362 et
3532 4323 3628 4378 ge—

343 4399 542 4454 λιπών.
596 4397 810 4453 Οὔκουν
857 4398 1066 4467 ὀφείλει
1127 4415 1214 4461 τις
1253 4389 1505 4468 ἀθυμεῖν,
1533 4400 1620 4452 ὅτι
1662 4401 1937 4464 ταπεινὸς,

2047 4427 2176 4466 nere
2205 4411 2493 4480 magniﬁce
2518 4408 2816 4480 gloriantes
2847 4407 3080 4461 fremere
3099 4404 3290 4475 jussit.
3315 4403 3502 4472 itaque
3529 4417 3632 4456 ne-

342 4491 685 4562 εὐφροσύνης
718 4491 775 4544 δὲ
816 4489 1017 4561 μᾶλλον
1064 4489 1414 4562 πληρούσθω,
1457 4493 1715 4548 κοινωνὸν
1746 4494 1937 4548 ἑαυτὸν

2045 4503 2246 4558 minem
2269 4501 2391 4557 ideo
2419 4501 2663 4555 animum
2696 4499 3039 4568 despondere
3070 4506 3312 4567 oportet,
3345 4494 3494 4566 quod
3527 4494 3630 4548 hu-

343 4587 444 4645 καὶ
493 4583 716 4655 μέτοχον
756 4582 852 4638 τοῦ
881 4583 1241 4637 ἀποστολικοῦ
1299 4584 1462 4654 χοροῦ
1509 4585 1601 4638 διὰ
1649 4585 1750 4656 τῆς
1779 4586 1933 4640 εὐτε-

2048 4596 2194 4652 milis
2213 4603 2336 4661 est;
2372 4594 2484 4647 imo
2513 4607 2644 4648 vero
2674 4591 2758 4646 fas
2789 4601 2876 4646 est
2925 4605 3054 4646 eum
3085 4588 3278 4654 laetari,
3319 4587 3466 4659 quod
3507 4600 3632 4657 par-

341 4676 498 4740 λείας
529 4676 624 4729 καὶ
667 4676 1056 4745 ταπεινότητος
1100 4674 1319 4730 ἐννοῶν.
1363 4675 1503 4727 Ἀλλ’
1542 4675 1673 4740 ἴσως
1730 4675 1797 4730 ἄν
1845 4694 1930 4742 τις

343 4768 638 4840 ὑποφέρων
673 4769 811 4839 ἐρεῖ,
867 4767 944 4830 ὡς
983 4767 1244 4837 ἁρμόσειε
1298 4766 1359 4819 τὸ
1388 4768 1481 4820 νῦν
1513 4767 1806 4840 εἰρημένον
1865 4769 1928 4822 οὐ

344 4861 483 4932 πρὸς
509 4861 638 4924 τοὺς
691 4860 1029 4932 ἀρχομένους
1059 4859 1181 4913 τότε
1229 4858 1529 4925 πιστεύειν,
1559 4860 1694 4915 ἀλλὰ
1726 4862 1930 4931 μᾶλλον
1970 4907 1972 4910 τ

345 4954 486 5026 πρὸς
515 4955 640 5019 τοὺς
666 4954 760 5008 νῦν
795 4953 1045 5018 πιστούς.
1076 4952 1244 5006 Οὐπω
1279 4953 1388 5023 γάρ
1427 4954 1652 5016 ἐκείνοις
1680 4954 1932 5027 λαμπρὸν

339 5047 492 5102 οὕτω
525 5046 622 5101 καὶ
679 5046 1114 5117 άξιοθαύμαστον
1165 5046 1227 5100 τὸ
1273 5045 1385 5100 τῶν
1449 5047 1765 5101 ἀποστόλων
1829 5050 1926 5102 ὑπ-

347 5140 521 5210 ῆρχεν
573 5139 816 5210 ἀξίωμα,
854 5140 931 5202 ὡς
978 5140 1087 5193 ἀπὸ
1128 5139 1226 5192 τοῦ
1254 5139 1378 5192 κατ’
1415 5138 1616 5202 αὐτοὺς
1668 5139 1930 5208 παραδεί-

351 5249 560 5303 γματος
610 5236 689 5297 είς
723 5233 956 5304 μίμησιν
981 5231 1185 5303 ἀρετῆς
1229 5232 1327 5286 καὶ
1369 5232 1529 5304 ζῆλον
1579 5232 1707 5294 τοὺς
1737 5232 1931 5297 ἄλλους

350 5323 766 5394 προκαλεῖσθαι.
835 5324 1006 5379 Οὐδὲν
1053 5325 1112 5378 δὲ
1170 5325 1280 5396 ἄρα
1334 5323 1491 5377 τοῦτο
1547 5323 1764 5378 κωλύει.
1820 5325 1932 5380 Καὶ

349 5418 462 5490 γὰρ
498 5418 591 5471 καὶ
615 5418 740 5471 τότε
796 5416 976 5471 αὐτῶν
1007 5417 1070 5470 τὺ
1120 5416 1220 5486 τῆς
1259 5415 1462 5488 ἀρετῆς
1513 5415 1742 5484 μέγεθος
1807 5432 1932 5486 σχε-

343 5509 439 5562 δὸν
488 5511 682 5566 οὐδένα
725 5510 1053 5577 ἐλάνθανεν,
1093 5510 1297 5578 ὄπουγε
1349 5509 1446 5564 καὶ
1497 5509 1711 5572 θυσίαις
1739 5509 1937 5572 αὐτοὺς

415 5595 646 5663 "Rom.
684 5623 721 5668 I.
763 5607 820 5661 5.
888 5606 934 5640 ⁸³
965 5605 1082 5662 Jac.
1116 5621 1154 5672 ι,
1195 5605 1249 5660 9.

2041 4691 2259 4760 ticipem
2293 4703 2356 4743 se
2383 4697 2436 4742 et
2465 4697 2780 4742 consortem
2825 4683 3116 4756 apostolici
3179 4682 3332 4737 chori
3377 4681 3496 4751 ipsa
3539 4679 3630 4734 illa

2039 4783 2249 4852 abjecta
2283 4781 2586 4850 humilique
2631 4787 2779 4834 sorte
2803 4794 2904 4833 sua
2937 4777 3142 4833 factum
3189 4789 3311 4830 esse
3354 4772 3626 4844 intelligit.

2041 4869 2300 4928 Fortasse
2350 4887 2478 4925 vero
2525 4870 2724 4940 aliquis
2775 4879 2964 4924 contra
3020 4865 3136 4920 haec
3187 4865 3504 4934 exceperit,
3537 4878 3628 4928 ea,

2039 4980 2162 5035 qua:
2198 4964 2472 5030 diximus,
2517 4979 2627 5018 non
2659 4965 2710 5017 in
2755 4977 2854 5018 eos
2877 5001 2894 5027 ,
2927 4962 3021 5031 qui
3053 4962 3276 5016 credere
3303 4957 3628 5028 inceperim,

2040 5055 2135 5110 sed
2173 5055 2227 5109 in
2268 5055 2392 5109 illos
2445 5057 2663 5123 potius,
2719 5055 2814 5124 qui
2858 5055 2970 5124 jam
3012 5051 3285 5114 credunt,
3334 5049 3628 5120 quadrare.

2041 5143 2197 5198 'l‘unc
2222 5143 2367 5197 enim
2395 5143 2681 5212 apostolici
2715 5142 2962 5198 muneris
2985 5141 3222 5210 dignitas
3255 5149 3367 5194 tam
3395 5137 3628 5192 illustris

2041 5247 2137 5291 aut
2173 5235 2499 5290 admiranda
2526 5237 2643 5291 visa
2673 5249 2778 5290 non
2809 5244 2895 5291 est
2922 5279 2935 5300 ,
2971 5245 3030 5290 ut
3058 5273 3073 5299 ,
3112 5234 3362 5303 exemplo
3406 5232 3476 5286 ab
3522 5231 3630 5284 illis

2043 5330 2230 5396 ducto,
2261 5329 2356 5384 alii
2398 5330 2468 5384 ad
2509 5330 2873 5384 imitationem
2905 5327 3124 5384 virtutis
3151 5339 3342 5383 eorum
3373 5334 3426 5378 et
3459 5337 3631 5377 aemuc

2047 5421 2304 5477 lationem
2355 5424 2585 5478 excitari
2630 5431 2874 5494 possent.
2906 5420 3022 5476 Hoc
3066 5435 3198 5475 vero
3244 5417 3383 5474 nihil
3424 5416 3627 5474 obstat.

2044 5511 2179 5568 Nam
2227 5521 2284 5569 et
2325 5522 2458 5572 tunc
2503 5516 2722 5573 virtutis
2757 5528 2950 5572 eorum
3000 5511 3322 5584 praestantia
3353 5510 3627 5570 neminem

1927 5700 2158 5762 ΝΟΤίΕ.

430 5797 544 5864 (45)
571 5796 728 5867 Colb.
755 5813 856 5867 pro
887 5794 1048 5853 εἶναι.

351 5869 548 5991 0'(gti)
585 5865 706 5924 Act.
735 5865 808 5938 lx,
845 5870 913 5926 15
950 5869 1072 5924 εὸτι
1113 5869 1304 5946 σκεῦος
1377 5869 1608 5942 ἐκλογῆς
1643 5887 1736 5948 μοι
1783 5867 1939 5925 ’ἐστὶν

377 5953 450 6002 υτ
485 5954 532 6004 ς.

2122 5803 2234 5872 (47)
2267 5802 2342 5857 Ex
2365 5803 2520 5858 Colb.
2546 5817 2644 5874 pro
2673 5801 2992 5874 πιστεύσας.

2117 5878 2228 5946 (48)
2267 5874 2512 5946 chcrim
2553 5873 2760 5946 μηδείς.
