4072 6480
500 441 610 509 755
1661 442 1929 508 ΡΗΟΤΙῙ
1968 438 2128 505 PAT]

2231 442 2476 508 [ΒΟΗῶ
2493 444 2604 508 CP.
3658 438 3759 502 756

513 551 737 618 latebat,
762 550 1201 625 quandoquidem
1230 552 1354 610 illos
1385 552 1656 622 nonnulli,
1688 554 1972 626 gentilium
2002 568 2090 607 sa-
2126 597 2128 610 .

2231 572 2349 621 νιοι,
2402 556 2579 612 καίτοι
2603 553 2672 609 τὰ
2722 552 2993 625 Ἐλλήνων
3018 549 3100 606 ἐτι
3126 549 3457 615 θειάζοντες,
3496 546 3762 620 γεραίρειν

501 645 613 701 cris
656 644 837 701 adhuc
872 645 1094 712 addicti,
1147 646 1433 703 sacriﬁciis
1487 647 1751 718 prosequi
1799 654 1855 700 et
1901 645 2085 700 colere

2231 649 2283 701 αἰ
2320 650 2487 719 τιμᾷν
2517 647 2875 719 ἐμελέτησαν.
2906 643 3019 700 Καὶ
3041 643 3204 707 αὐτὸς
3225 642 3284 695 δέ
3310 640 3528 703 Παῦλος
3558 641 3618 694 ἐν
3637 641 3763 709 παρο

506 734 864 792 instituebant
884 735 952 791 ⁸⁸.
1021 735 1140 808 Ipse
1203 750 1423 806 quoque
1474 732 1673 791 Paulus
1726 743 1913 807 aperte
1963 733 2084 788 ait:

2231 739 2353 812 ησίᾳ
2385 740 2569 810 φησίν·
2609 758 2629 793 ι
2657 738 2911 809 Μιμηταί
2956 753 3058 808 μου
3115 734 3332 802 γίνεσθε
3388 730 3579 795 καθὼς
3627 730 3765 798 κάγὼ

511 845 529 878 t
545 826 851 882 lmitatores
873 826 977 881 mei
1000 836 1197 891 estote,
1226 824 1690 898 quemadmodum
1718 834 1773 881 et
1797 841 1899 897 ego
1922 825 2087 880 Chri-

2242 832 2447 905 ριστοῦ.
2474 849 2494 885 ι
2529 832 2705 902 ’Υψος
2724 830 2817 885 οὖν
2836 829 2931 884 τοῦ
2960 824 3518 897 ταπεινοφρονοῦντος
3540 822 3768 892 ἀνδρδςή

509 917 576 971 sti
604 931 726 972 sum
751 917 818 970 ⁸⁸.
848 934 868 969 ι
926 913 1250 972 Sublimitas
1294 917 1461 988 igitur
1490 917 1755 980 hominis,
1800 915 2087 970 humiliter

2231 922 2683 996 ιπεινοφροσύνη,
2704 925 2763 978 ἐν
2784 917 3004 996 ᾗοῦτως
3030 917 3430 991 θεραπεύεσθαι
3454 916 3559 980 δεῖ,
3585 915 3678 969 καὶ
3692 916 3767 968 sti—

508 1007 577 1061 de
601 1022 661 1063 se
688 1006 995 1073 sentientis,
1020 1016 1105 1064 est
1136 1008 1440 1072 humilitas,
1474 1024 1586 1078 qua
1618 1007 1844 1078 quidem
1878 1007 1951 1061 ita
1983 1006 2090 1061 sibi

2231 1019 2405 1088 υμεῖν,
2434 1018 2532 1071 καί⁵
2555 1019 2732 1089 χαρᾶς
2761 1014 3104 1087 πληροῦσθαι
3132 1012 3232 1082 τὴν
3265 1009 3465 1081 ψυχὴν,
3516 1009 3595 1072 ὡς
3624 1009 3675 1062 εί
3693 1024 3769 1071 τις

509 1097 759 1167 placere,
806 1096 1063 1167 bonoque
1116 1099 1302 1155 animo
1358 1114 1483 1154 esse
1536 1106 1592 1153 et
1642 1096 1809 1152 laztari
1852 1106 2086 1167 oportet,

2231 1110 2353 1173 λλος
2389 1109 2481 1164 τὸν
2535 1109 2827 1179 σύμπαντα
2873 1105 3105 1161 πλοῦτον
3149 1104 3243 1158 καί
3298 1102 3399 1174 τὴν
3428 1099 3768 1173 ἀνθρωπίνην

512 1204 679 1259 quam
719 1190 936 1245 laetatur
960 1191 1119 1259 alias,
1156 1191 1250 1260 qui
1288 1192 1507 1247 divitias
1537 1206 1730 1246 omnes
1772 1190 2091 1244 hominum-

2231 1202 2349 1268 ὀξαν
2390 1203 2475 1275 είη
2520 1202 3005 1274 περιϐεϐλημένος,
3056 1198 3153 1253 καὶ
3204 1197 3450 1268 κατέχων
3506 1195 3673 1266 χειρί.
3715 1195 3766 1247 '0

512 1297 621 1354 que
646 1282 878 1353 gloriam
904 1292 1095 1340 nactus
1132 1285 1234 1351 sit,
1280 1293 1334 1339 et
1358 1285 1411 1338 in
1444 1297 1699 1355 promptu
1742 1282 1954 1337 habeat.
1987 1280 2093 1348 Qui

2231 1292 2301 1347 ,ἐν
2327 1294 2435 1365 γὰρ
2504 1291 2646 1347 οὕτω
2693 1294 2788 1347 καί
2838 1294 2898 1346 ἐν
2954 1290 3168 1353 τούτοις
3215 1287 3479 1347 ταπεινὸς
3539 1286 3631 1340 τὸν
3650 1285 3768 1338 Θεδν

516 1372 665 1425 enim
697 1371 771 1426 ita
814 1372 948 1426 etin
1002 1373 1087 1430 his
1132 1374 1358 1444 quidem
1414 1375 1580 1430 rebus
1629 1374 1855 1429 humilis
1893 1383 1999 1439 est,
2049 1374 2095 1429 is

2231 1384 2435 1454 ψοῦντα
2465 1382 2599 1455 ἔχει,
2647 1383 2743 1437 καὶ
2779 1382 2891 1436 ἄνω
2921 1380 3159 1435 τιθέντα.
3190 1397 3209 1432 ι
3263 1378 3323 1431 ὐ
3351 1378 3463 1449 γὰρ
3520 1375 3772 1429 ταπεινῶν

518 1461 692 1519 Deum
748 1465 933 1530 habet,
991 1481 1051 1520 se
1106 1466 1434 1521 uallantem
1486 1476 1541 1523 et
1580 1466 1944 1520 evehentem:
1990 1464 2099 1530 Qui

2231 1477 2411 1540 αυτὸν,
2442 1477 2627 1547 φησὶν,
2660 1472 3026 1545 ὑψωθήσεται,
3066 1491 3085 1524 ι
3122 1471 3152 1524 ὁ
3181 1471 3227 1525 δ’
3257 1468 3596 1530 ἀπεναντίας
3624 1466 3771 1536 ύψού-

519 1553 661 1605 enim
690 1568 745 1606 se
795 1552 1082 1618 Immilt'at,
1130 1552 1387 1623 inquit“,
1440 1553 1792 1622 excitabitur,
1828 1550 1923 1623 qui
1968 1565 2100 1606 vero

2231 1588 2367 1634 ιενος
2399 1570 2593 1625 τούτου
2619 1569 2710 1623 τὸν
2739 1567 2872 1622 Θεὸν
2918 1564 3375 1636 ἀντιτασσόμενον
3422 1562 3672 1632 εὑρήσει,
3696 1562 3773 1613 καὶ

523 1655 715 1699 contra
750 1660 809 1700 se
837 1645 1074 1711 exaltat,
1122 1646 1211 1701 ille
1266 1645 1437 1700 Deum
1473 1646 1577 1701 sibi
1622 1645 2000 1700 adversantem
2047 1654 2104 1701 et

2237 1659 2564 1715 απεινοῦντα
2586 1700 2600 1725 ,
2651 1660 2746 1714 καί
2780 1659 2862 1722 εἰς
2894 1657 2999 1727 γῆν
3023 1655 3149 1727 (49)
3180 1655 3329 1724 αύτῷ
3375 1654 3662 1722 φυσήματι
3696 1650 3771 1704 καί

526 1735 930 1803 humiliantem,
964 1747 1019 1791 et
1046 1738 1166 1808 ipso
1207 1738 1310 1793 hoc
1343 1738 1675 1808 armgautize
1696 1737 1827 1791 ﬂatu
1854 1750 2105 1806 vanaque

2231 1752 2426 1823 ιαταίῳ
2459 1752 2660 1822 κόμπῳ
2709 1749 3140 1805 καταϐάλλοντα.
3171 1744 3327 1811 Εἶδες
3368 1744 3507 1816 ὕψος
3561 1744 3771 1813 ἐσχάτης

518 1823 779 1893 jactantia
829 1825 882 1879 in
927 1836 1131 1881 terram
1177 1827 1526 1896 dejicicntem
1569 1829 1904 1898 experietur.
1939 1827 2103 1882 Vides

2231 1847 2379 1900 ιῖτιον
2403 1843 2807 1909 ταπεινώσεως,
2843 1836 2983 1904 εἵδες
3038 1838 3370 1895 ταπείνωσιν
3430 1838 3517 1899 εἰς
3570 1833 3773 1905 ούρανίν

525 1917 710 1987 itaque
752 1917 1142 1973 sublimitatem
1192 1893 1453 1975 extrema:
1490 1893 1813 1975 ltutttilitatis
1851 1934 2101 1983 causam,

2231 1937 2610 2007 ιναφέρουσαν,
2642 1893 2908 1998 πῶςηούκ
2940 1893 3006 1986 ἐν
3033 1948 3118 1995 τις
3148 1928 3384 1999 εὔθυμος
3423 1927 3513 1995 εἴη
3544 1893 3773 1979 καίκαυ-

525 2009 677 2066 vides
694 2010 1059 2067 humilitatem
1082 2012 1137 2066 in
1159 2012 1357 2067 caalum
1383 2014 1685 2079 tollentem;
1704 2014 1981 2084 quomodo
2004 2013 2110 2068 ita-

2231 2028 2473 2097 [ἠσαιτ’(
2496 2025 2695 2092 50)ἂν
2737 2024 3004 2086 εἰκότως,
3059 2018 3331 2081 τουτέστι,
3384 2015 3648 2089 τερφθείη
3700 2014 3773 2067 καί

526 2116 634 2169 que
660 2101 806 2156 bono
822 2101 1007 2157 animo
1029 2118 1138 2157 non
1169 2103 1322 2169 sit",
1344 2114 1399 2158 et
1414 2104 1683 2176 glorietur
1702 2106 1835 2170 ,hoc
1847 2104 2112 2169 est,la3te—

2231 2122 2480 2192 ἰαρῤἡσει
2507 2119 2599 2173 ἐπὶ
2621 2118 2699 2190 τῷ
2727 2116 2853 2189 ὕψει
2899 2113 3069 2169 αὑτοῦ
3096 2116 3196 2185 τῆς
3224 2108 3611 2173 ταπεινώσεως
3639 2126 3655 2175 ;

529 2204 621 2247 tur
643 2203 700 2251 et
724 2194 967 2251 conﬁdat
1010 2195 1064 2250 in
1108 2196 1199 2251 illa
1232 2197 1566 2252 humilitatis
1592 2214 1705 2253 sua:
1730 2197 2111 2254 sublimitate?

600 2285 741 2342 Num
770 2288 954 2358 itaque
984 2288 1183 2346 divites
1206 2289 1301 2344 illa
1330 2290 1614 2346 evectione
1667 2301 1721 2345 et
1782 2288 2114 2346 exaltatione

528 2380 775 2435 destituti
801 2380 972 2437 sunt?
1003 2380 1118 2438 Hoc
1150 2381 1370 2452 quidem
1421 2397 1532 2437 non
1573 2381 1828 2449 dixerim,
1881 2383 2013 2453 quia
2060 2390 2115 2437 et

532 2472 801 2530 Dominus
837 2484 1022 2529 noster
1046 2489 1156 2529 non
1203 2475 1398 2531 divites
1453 2491 1523 2531 ex
1549 2492 1720 2546 regno
1746 2490 1851 2531 suo
1897 2474 2116 2546 propel-

531 2566 613 2630 lit,
647 2566 744 2622 sed
779 2580 874 2619 eos
900 2576 1137 2631 tantum,
1158 2568 1253 2636 qui
1283 2567 1503 2624 divitias
1532 2584 1661 2622 suas
1691 2578 1913 2638 augent,
1939 2568 2117 2623 curis—

528 2673 638 2726 que
693 2660 812 2714 suis
844 2659 945 2713 toti
979 2659 1137 2714 avide
1171 2660 1279 2716 illis
1314 2660 1552 2724 inhiant,
1593 2661 1799 2731 quique
1842 2662 2119 2717 sollicitu-

529 2748 713 2805 dinem
752 2764 910 2804 suam
941 2764 1161 2805 omnem
1220 2750 1495 2806 thesauris
1555 2753 1838 2822 alligantes
1871 2753 2119 2806 animum

534 2842 588 2895 in
621 2850 766 2897 terra
830 2858 1097 2912 auroque,
1155 2852 1420 2915 tanquam
1470 2844 1525 2899 in
1576 2860 1801 2900 carcere
1857 2844 2119 2915 quodam,

532 2935 813 2992 defossum
844 2945 899 2993 et
924 2937 1169 2991 vinctum
1216 2938 1636 2995 circumferunt.
1690 2941 1901 2996 Horum
1938 2939 2120 2994 homi-

2291 2297 2358 2350 Τί
2389 2290 2483 2350 οὖν
2512 2296 2562 2349 οἰ
2598 2294 2844 2349 πλούσιοι
2866 2291 3072 2363 ταύτης
3112 2290 3437 2363 ἐστέρηνται
3466 2289 3569 2360 τῆς
3593 2290 3772 2357 ἀναγω-

2214 2389 2324 2460 γῆς
2351 2389 2447 2444 καὶ
2474 2386 2738 2458 ὑψώσεως
2765 2404 2782 2453 ;
2811 2386 2888 2439 Ού
2918 2383 3077 2438 τοῦτό
3105 2400 3272 2454 φημι,
3298 2382 3423 2436 ἐπεὶ
3452 2382 3549 2434 καὶ
3569 2382 3597 2434 ὁ
3625 2379 3779 2443 κοινὸς

2214 2480 2494 2550 Δεσπότης
2521 2479 2581 2532 ού
2615 2479 2742 2541 τοὺς
2772 2475 3064 2540 πλουσίους
3095 2474 3346 2529 ἐκϐάλλει
3371 2474 3477 2543 τῆς
3500 2472 3770 2541 βασιλείας,

2213 2576 2343 2639 τοὺς
2372 2574 2429 2628 δέ
2459 2570 2903 2645 προστετηκότας
2932 2569 3011 2640 τῷ
3038 2568 3256 2639 πλούτῳ
3286 2567 3380 2621 καὶ
3406 2569 3533 2628 ταῖς
3586 2562 3777 2635 φροντίς

2218 2684 2303 2721 σιν
2345 2665 2483 2729 ὅλως
2547 2663 2686 2735 πρὸς
2738 2661 2899 2716 αὐτὸν
2940 2660 3194 2722 νεύοντας
3219 2659 3310 2712 καὶ
3336 2656 3715 2726 ἐπτοημένους,
3737 2652 3776 2704 οἰ

2217 2757 2318 2827 τὴν
2378 2756 2651 2827 μέριμναν
2704 2754 2885 2808 πᾶσαν
2944 2754 3058 2814 τοῖς
3115 2750 3408 2821 θησαυροῖς
3442 2748 3775 2817 ἐνδησάμενοι

2221 2848 2441 2919 ἔχουσιν
2500 2845 2576 2910 ὼς
2611 2847 2671 2899 ὲν
2726 2843 3089 2915 δεσμωτηρίῳ
3138 2844 3203 2913 τῇ
3234 2843 3305 2912 γῇ
3340 2840 3439 2894 καὶ
3496 2839 3575 2908 τῷ
3624 2834 3780 2908 χρυσῷ

2220 2940 2720 3012 κατορωρυγμένας
2773 2940 2867 2993 καὶ
2901 2936 3283 3005 πεπεδημὲνας
3338 2932 3541 2987 αὐτῶν
3578 2931 3671 2994 τὰς
3694 2930 3781 2999 ψυ-

538 3043 670 3082 num
698 3029 994 3083 amentiam
1033 3029 1315 3101 castigans
1349 3033 1600 3089 Salvator
1634 3034 1710 3088 ait
1740 3052 1755 3089 :
1794 3053 1813 3087 ι
1846 3033 1949 3089 Ubi
2005 3036 2124 3091 tlte-

536 3137 739 3177 saurus
765 3129 950 3177 vester
976 3131 1081 3189 est,
1114 3122 1187 3178 ibi
1208 3132 1379 3181 etcor
1401 3135 1484 3180 est
1508 3126 1573 3179 ⁸⁸.
1605 3144 1623 3178 ι
1668 3124 1952 3196 Ejusmodi
1982 3126 2123 3182 divi-

2219 3036 2341 3106 χάς.
2371 3028 2472 3088 Ὧν
2519 3034 2614 3087 καὶ
2664 3032 2763 3119 τὴν
2827 3032 3013 3086 ἄνοιαν
3051 3028 3382 3098 στηλιτεύων
3404 3029 3434 3079 ὁ
3472 3025 3660 3095 Σωτὴρ
3689 3024 3781 3119 ἕλευ

2220 3146 2338 3199 γενο
2375 3147 2395 3182 ι
2441 3129 2613 3182 Ὅπου
2659 3129 2687 3181 ὁ
2718 3115 2991 3198 θησαυρὸς
3034 3121 3210 3193 ὑμῶν,
3255 3123 3375 3176 ἐκεῖ
3429 3120 3527 3175 καὶ
3555 3121 3586 3189 ἡ
3615 3115 3784 3186 καρδία

535 3216 684 3271 tibus
714 3215 934 3271 cteleste
957 3216 1298 3273 domicilium
1332 3219 1673 3275 inaccessum
1718 3227 1805 3275 est
1839 3238 1853 3274 :
1908 3240 1928 3273 ι
1963 3220 2120 3275 Faci-

2231 3222 2398 3293 ύμῶν.
2439 3240 2460 3276 ι
2490 3220 2718 3284 Τούτοις
2764 3222 2879 3282 τοῖς
2930 3218 3210 3280 πλουσίοις
3241 3216 3441 3277 ἄϐατος
3470 3215 3504 3284 ἡ
3567 3211 3783 3282 οὐράνιος

536 3304 754 3377 littsque
780 3316 884 3372 est,
921 3317 981 3363 ut
1010 3309 1259 3365 camelus
1289 3325 1387 3381 per
1414 3310 1660 3367 foramen
1692 3327 1828 3368 acus
1879 3320 2124 3367 transeat

2231 3313 2490 3379 πολιτεία,
2522 3312 2618 3367 καὶ
2650 3331 2667 3364 ι
2706 3310 3094 3381 Εύκοπώτερόν
3125 3311 3244 3362 ἐστι
3273 3306 3525 3377 κάμηλον
3570 3301 3655 3356 διὰ
3677 3317 3784 3370 τριι⁸

535 3414 703 3467 quam
756 3407 814 3454 ut
856 3399 931 3455 illi
986 3416 1213 3473 regnum
1261 3401 1526 3457 ccelorum
1575 3402 1957 3473 ingrediantur
1995 3402 2063 3458 ".
2098 3421 2117 3456 ι

539 3491 826 3557 Quomodo
851 3493 1039 3563 itaque
1066 3494 1266 3549 divites
1303 3495 1705 3565 ingredientur,
1743 3507 1797 3552 et
1845 3496 2125 3567 quomodo

538 3582 783 3639 caelestis
811 3584 1006 3639 civitas
1026 3585 1112 3641 eis
1140 3585 1430 3656 obtinget?
1457 3585 1515 3641 Si
1574 3587 1951 3651 Abrahamum
2007 3586 2129 3641 imi-

546 3682 749 3738 tentur,
795 3674 844 3730 si
872 3673 1095 3740 Jobum,
1138 3676 1187 3731 si
1215 3677 1343 3731 boni
1376 3678 1511 3733 liant
1550 3678 1867 3734 divitiarum
1901 3695 2129 3735 (econo-

544 3765 640 3829 mi,
670 3779 779 3820 non
805 3776 991 3821 autem
1042 3767 1198 3836 parvi
1249 3768 1478 3839 quidam
1537 3771 1778 3840 tyranni,
1822 3787 2129 3842 pauperum

545 3856 801 3911 solatium
828 3871 953 3911 cum
991 3873 1100 3913 non
1140 3859 1342 3915 minori
1376 3876 1510 3926 suae,
1548 3862 1765 3932 sibique
1807 3871 2003 3919 natura
2052 3864 2132 3920 si-

548 3945 785 4014 milium,
811 3947 1010 4003 salutis
1035 3948 1321 4020 dispendio
1349 3951 1595 4009 clavibus
1618 3962 1674 4009 et
1699 3954 1971 4027 repagulis
1994 3940 2134 4011 mul-

2228 3406 2424 3477 μαλιᾶς
2453 3404 2675 3477 ῥαφίδος
2704 3401 2953 3464 διελθεῖν,
2978 3402 3011 3474 ἢ
3038 3404 3261 3463 τούτους
3290 3399 3370 3462 εἰς
3395 3397 3498 3467 τὴν
3526 3395 3633 3450 τῶν
3652 3392 3785 3459 ούραο

2226 3496 2332 3551 νῶν
2364 3495 2693 3568 βασιλείαν.)
2727 3493 2851 3557 liii);
2898 3489 2993 3547 οὖν
3022 3490 3428 3545 εἰσελεύσονται
3455 3489 3506 3541 οἰ
3552 3484 3785 3543 πλούσιοι,

2230 3589 2326 3641 καὶ
2353 3589 2555 3658 κλῆρος
2609 3586 2798 3648 αὐτοῖς
2828 3585 2983 3637 ἔσται
3016 3583 3088 3637 τά
3139 3582 3368 3653 οὐράνια
3397 3576 3786 3644 πολιτεύματα;

2235 3682 2331 3735 Ἂν
2364 3680 2642 3751 μιμῶνται
2665 3677 2759 3731 τὸν
2807 3674 3075 3748 Ἀϐραὰμ,
3112 3674 3180 3728 ἂν
3204 3672 3298 3727 τὸν
3344 3670 3488 3735 Ἰὼϐ,
3522 3669 3589 3725 ἂν
3617 3664 3769 3721 οἰκονό

2234 3790 2323 3845 μοι
2355 3771 2509 3826 καλοί
2544 3767 2640 3823 τοῦ
2685 3767 2945 3832 πλούτου,
3000 3765 3138 3820 ἀλλά
3175 3764 3251 3836 μὴ
3302 3762 3492 3834 μικροὶ
3526 3760 3788 3815 καθίσταν-

2232 3881 2323 3920 ται
2366 3862 2642 3934 τύραννοι,
2662 3860 2815 3914 οὐδὲν
2847 3858 3067 3913 ἔλαττόν
3086 3875 3147 3911 τε
3176 3854 3451 3927 ὁμοφυΟὗς
3478 3854 3515 3924 ἢ
3569 3852 3662 3946 τῆς
3692 3849 3792 3946 ἐαρ-

2232 3956 2342 4009 τῶν
2376 3953 2651 4024 σωτηρίας
2676 3951 2893 4014 πολλοῖς
2920 3950 3196 4019 κλείθροις
3227 3948 3323 4000 καὶ
3352 3946 3573 4016 μοχλοῖς
3594 3942 3683 4010 τὴν
3706 3942 3791 3990 τῶν

547 4040 620 4094 tis
649 4050 988 4099 coercentes.
1028 4042 1317 4109 Quomodo
1360 4061 1492 4102 vero
1545 4048 1697 4104 dives
1746 4065 1812 4105 co
1862 4049 2128 4107 ducetur!

2236 4045 2485 4116 πενήτων
2558 4041 2913 4113 παραμυθίαν
2967 4037 3434 4100 ἐναποκλείοντες.
3472 4034 3641 4089 Πόθεν
3685 4031 3734 4084 δὲ
3771 4029 3793 4079 ὀ

545 4137 602 4184 ct
622 4130 752 4201 quid
780 4130 1000 4195 eﬂicict,
1041 4143 1102 4188 ut
1140 4142 1249 4188 tam
1283 4135 1541 4203 prteclare
1595 4137 1757 4207 agat?
1800 4136 2006 4203 Animi,
2050 4138 2128 4192 in-

2238 4136 2493 4197 πλούσιος
2527 4135 2607 4199 εἰς
2645 4131 2850 4203 ταύτην
2889 4132 2987 4201 τὴν
3030 4130 3233 4200 πρᾶξιν
3264 4128 3557 4198 ἀφίξεται;
3606 4124 3691 4177 καὶ
3726 4120 3792 4182 τίς

546 4223 693 4291 quit,
724 4222 1005 4280 demissio.
1039 4223 1096 4280 Si
1148 4226 1294 4279 enim
1328 4228 1572 4298 seipsum
1617 4236 1897 4293 extenuet,
1930 4244 2028 4285 nec
2056 4228 2128 4282 in-

2240 4228 2390 4285 αἰτία
2436 4228 2531 4281 καί
2573 4225 2675 4280 τοῦ
2705 4224 3134 4296 κατορθώματος
3166 4240 3183 4289 ;
3220 4222 3285 4274 Ἦ
3309 4220 3406 4288 (51
3430 4221 3449 4289 )
3473 4217 3791 4274 ταπείνωσις,

547 4315 673 4372 nari
699 4330 761 4372 se
790 4318 1057 4388 patiatur,
1090 4333 1269 4389 neque
1295 4334 1431 4375 auro
1456 4328 1513 4375 et
1543 4319 1752 4376 divitiis
1808 4320 2053 4391 glorians
2084 4331 2128 4376 et

2241 4320 2428 4391 φησίν.
2470 4318 2596 4373 Ἐὰν
2636 4319 2746 4389 γὰρ
2789 4315 3107 4387 ταπεινώσῃ
3150 4314 3342 4370 ἐαυτὸν
3371 4356 3387 4378 ,
3425 4312 3523 4367 καὶ
3576 4312 3634 4365 ού
3680 4305 3791 4405 πρὸξ

550 4408 822 4465 distentus
850 4408 904 4462 in
942 4410 1238 4465 amentiam
1281 4426 1524 4481 praeceps
1551 4421 1697 4475 ruat,
1753 4411 1900 4466 novit
1951 4411 2128 4481 utique

2244 4410 2511 4480 φυσίωσιν
2562 4409 2799 4481 ἐπαρθῇ,
2854 4408 2966 4462 οὐδ’
3015 4409 3097 4471 εἰς
3146 4407 3408 4461 ἀπόνοιαν
3459 4403 3689 4473 ἐμπέσῃ.
3734 4403 3795 4463 τῷ

551 4498 692 4555 nihil
730 4498 926 4555 borum
949 4516 1111 4556 suum
1143 4517 1289 4568 esse,
1316 4504 1526 4558 nudum
1571 4517 1632 4559 se
1660 4517 1728 4558 ex
1778 4512 1968 4559 ventre
2045 4519 2128 4559 ma

2245 4498 2431 4572 χρυσῷ
2464 4499 2560 4553 καὶ
2604 4496 2818 4567 πλούτῳ
2869 4494 3246 4565 γαυρούμενός
3274 4512 3333 4547 τε
3383 4493 3478 4547 καὶ
3506 4487 3795 4589 διογκούμε-

556 4592 655 4648 tris
684 4607 801 4649 suae
828 4592 1054 4656 exiisse.
1084 4593 1268 4649 omnia
1298 4593 1392 4651 Dei
1417 4609 1564 4662 esse,
1604 4594 1793 4666 illique
1818 4593 1977 4652 facile
2004 4610 2126 4652 esse

2255 4608 2368 4656 νος,
2408 4585 2571 4657 οἶδεν,
2601 4590 2684 4644 ὅτι
2738 4587 2945 4643 τούτων
2964 4588 3118 4641 οὐδέν
3167 4589 3317 4641 ἐστιν
3348 4585 3482 4638 ἴδιον
3532 4582 3797 4642 αύτού,ὅτι

553 4683 819 4739 utomnia
860 4682 952 4738 illa
995 4682 1100 4740 sibi
1145 4683 1363 4756 eripiat,
1417 4695 1473 4740 et
1523 4685 1578 4741 in
1629 4685 1768 4743 alios
1815 4686 2128 4756 transferat,

2240 4683 2422 4739 πάντα
2443 4681 2559 4736 ἐστί
2572 4680 2844 4747 τοῦιθεοῦ,
2869 4680 2952 4734 ὅτι
2976 4679 3105 4751 ῥᾷόν
3125 4679 3271 4731 ἐστιν
3291 4675 3588 4746 ἀφελέσθαι
3615 4672 3704 4744 μὲν
3725 4672 3800 4720 αύ-

556 4774 785 4846 darique
832 4774 965 4843 haec,
1038 4792 1146 4833 non
1187 4785 1245 4832 ut
1294 4777 1529 4848 proximi
1574 4778 1739 4836 rebus
1807 4781 2128 4838 necessariis

2251 4776 2345 4830 τοῦ
2375 4774 2574 4839 ταῦτα,
2632 4774 2712 4836 εἰς
2737 4772 2961 4841 ἐτέρους
2985 4770 3041 4824 δὲ
3066 4769 3439 4841 μετενεγκεῖν,
3462 4768 3546 4822 ὅτι
3573 4769 3730 4818 ταῦτα
3746 4756 3800 4811 δί-

555 4869 859 4939 priventur,
889 4870 982 4926 sed
1021 4879 1083 4925 ut
1123 4887 1311 4926 eorum
1341 4888 1467 4942 quae
1495 4871 1609 4942 ipse
1636 4872 1866 4944 accepit,
1902 4873 2136 4929 reddan-

558 4968 646 5013 tur
673 4960 987 5030 participes.
1024 4958 1204 5017 Taceo
1232 4964 1336 5017 alia
1366 4961 1668 5031 complura.
1706 4962 1911 5018 Horum
1936 4979 2136 5033 gnarus

558 5048 672 5114 ille,
704 5048 822 5103 hmo
852 5049 1036 5104 animo
1065 5049 1372 5118 revolvens,
1391 5050 1569 5106 datori
1601 5051 1806 5121 gratias
1834 5055 1963 5123 agit.
2026 5053 2140 5109 No-

558 5141 638 5194 vit
665 5153 725 5196 se
744 5155 865 5196 esse
892 5140 1219 5207 debitorem,
1250 5142 1536 5212 praeceptis
1562 5141 1706 5213 ejus,
1725 5144 1819 5213 qui
1845 5159 1905 5200 se
1927 5153 1982 5200 et
2014 5160 2142 5201 cen-

555 5232 699 5288 didit
736 5240 793 5288 et
826 5234 1039 5300 ditavit,
1100 5234 1329 5292 audiens
1383 5244 1485 5303 est,
1537 5237 1847 5308 opibusque
1888 5237 2022 5306 suis,
2080 5248 2143 5296 ut

560 5324 763 5380 alienis
829 5327 1024 5392 utitur,
1059 5341 1267 5396 easque
1311 5326 1679 5392 administrat,
1708 5327 1793 5383 vel
1843 5328 1917 5384 ita
1960 5331 2144 5402 potius

560 5418 933 5486 administrat,
968 5427 1029 5475 ut
1086 5420 1327 5477 maxime
1370 5434 1485 5476 suae
1535 5421 1667 5487 sint,
1735 5435 1833 5477 sua
1873 5421 1963 5478 illa
2021 5439 2144 5481 esse

564 5508 917 5577 existimans,
962 5517 1019 5567 et
1082 5509 1315 5577 iaciens,
1368 5526 1489 5581 quae
1556 5511 1613 5567 in
1647 5510 1895 5580 ejusdem
1945 5521 1999 5568 et
2049 5529 2145 5569 na-

2243 4863 2460 4936 δονταιί,
2482 4865 2581 4936 οὐχ
2603 4864 2690 4918 ἵνα
2716 4861 3016 4934 στέρωνται
3038 4862 3148 4914 τῶν
3172 4859 3491 4929 ἀναγκαίων
3513 4858 3565 4911 οἰ
3585 4849 3797 4924 πλησίον,

2249 4956 2362 5013 ἀλλ’
2394 4956 2480 5009 ἵνα
2507 4954 2682 5025 ἔχοιεν
2717 4954 2782 5006 ἐκ
2803 4950 2899 5006 τοῦ
2922 4950 3179 5014 λαϐόντος
3210 4946 3663 5020 μεταλαμϐάνειν.
3687 4940 3789 4993 ὀτι

2248 5050 2418 5123 μυρία
2441 5047 2597 5103 ἀλλα.
2618 5046 2730 5099 Καὶ
2746 5043 2920 5099 ταῦτα
2948 5042 3127 5108 εἰδὼς,
3155 5042 3382 5104 καὶτοῖς
3411 5041 3593 5109 λόγοις
3617 5029 3799 5091 ἀνελίσ-

2248 5159 2357 5197 σων
2398 5138 2714 5211 εὐχαριστεῖ
2747 5135 2826 5207 τῷ
2874 5135 3085 5206 δοτῆρι.
3126 5130 3282 5188 υῐδεν
3314 5131 3507 5186 ἐαυτὸν
3535 5125 3798 5202 χρεώστην.

2248 5232 2497 5287 πείθεται
2526 5231 2638 5293 τοῖς
2658 5228 2753 5283 τοῦ
2780 5226 3085 5290 πλάσαντος
3101 5226 3289 5289 αὑτὸν,
3314 5225 3409 5278 καὶ
3435 5220 3800 5277 πλουτίσαντοςν

2249 5327 2459 5398 νόμοις,
2510 5323 2588 5387 ὡς
2642 5320 2943 5391 ἀλλοτρίων
2976 5319 3087 5372 τῶν
3150 5318 3300 5372 ἰδίων
3352 5316 3664 5388 προΐσταται
3691 5300 3801 5398 ,διαὶ

2247 5396 2422 5475 ταύτα
2453 5417 2748 5484 οἰκονομεῖ,
2783 5413 2984 5485 μᾶλλον
3020 5412 3078 5465 δὲ
3103 5412 3179 5475 tia;
3226 5410 3461 5483 μάλιστα
3490 5408 3632 5461 ἰδίων
3660 5416 3673 5431 ⁸
3717 5396 3801 5448 ἴδια

2252 5515 2345 5569 καὶ
2369 5508 2737 5580 λογιζόμενος,
2780 5507 2875 5560 καὶ
2905 5504 3251 5576 ποιούμενος,
3279 5505 3380 5558 ὅσα
3403 5498 3676 5573 (52)τοὺς
3699 5492 3798 5558 ὁμο·

622 5629 671 5659 ⁸⁸
714 5627 834 5684 Act.
866 5645 979 5694 xw,
1023 5629 1110 5685 l5.
1172 5629 1215 5662 "
1252 5628 1271 5683 Ι
1323 5629 1451 5684 Cor.
1486 5644 1563 5697 XI,
1601 5629 1649 5683 l.
1705 5630 1749 5661 ⁸⁵
1788 5628 1921 5685 Luc.
1961 5645 2114 5697 xvttt,
2156 5633 2239 5688 ll.
2303 5631 2347 5663 ⁸⁷
2369 5627 2486 5684 Jac.
2524 5639 2598 5693 tv,
2634 5622 2689 5677 θ.
2768 5621 2813 5652 ⁸⁸
2837 5619 3031 5674 Matth.
3077 5634 3150 5685 vr,
3175 5619 3265 5673 9.1.
3318 5617 3359 5648 ⁸³⁸
3381 5614 3569 5670 Matth.
3602 5622 3700 5671 xxx,
3728 5595 3796 5653 ‘2‘-

2096 5748 2327 5808 NOTIE.

650 5841 768 5911 (49)
794 5842 875 5912 εἰς
912 5841 1019 5910 γῆν
1053 5840 1209 5895 Colb.
1243 5856 1345 5912 pro
1379 5840 1569 5912 ὀργήν.

654 5911 775 5980 (50)
806 5911 886 5967 Id.
911 5925 1011 5980 pro
1031 5911 1253 5981 καυχῆτ⁹
1278 5911 1302 5964 3

2346 5837 2457 5909 (5|)
2498 5836 2694 5909 ῄιεεοο
2720 5846 2819 5909 Pr?
2854 5831 2907 5900 ῆι

2340 5900 2459 5981 (52)
2486 5900 2643 5964 Coll].
2663 5900 2766 5974 pro
2788 5900 2912 5969 ἔσφ.
