4072 6484
391 462 490 525 157

1315 468 1417 529 ΑΙ)
1451 460 2050 531 AMPHILOCHIUM
2087 460 2439 542 QU/ESTIO
2468 461 2780 536 CXXXVI.

3562 471 3668 536 758

281 574 293 578 ﬁ
384 582 618 646 πεστους
644 582 743 637 καὶ
771 578 1037 654 ὁμοφυεῖς
1063 581 1218 653 ίσχὺν
1246 581 1435 651 εἴληφε
1464 580 1811 653 θεραπεύειν,
1836 579 1978 635 οὕτω

2084 590 2222 637 ειη-αι
2242 591 2297 638 et
2324 583 2445 638 ﬂdei
2500 595 2786 643 consortes
2824 585 3140 644 conferendi
3205 586 3418 658 copiam
3471 590 3664 644 nanci-

384 672 582 747 πράως
609 680 724 738 τοῖς
755 674 1031 743 δεομένοις
1069 674 1350 747 ἐπαρκῶν,
1381 675 1526 728 οὕτω
1554 675 1974 745 φιλανθρώπως,

385 765 567 832 οὕτως
597 766 959 838 οἰκονομικῶς
979 808 994 830 ,
1026 766 1103 830 ὡς
1126 768 1237 820 τῶν
1270 765 1468 820 κοινῶν
1502 765 1678 835 φύλαξ
1712 767 1809 820 καὶ
1835 769 1979 820 obto-

387 858 553 929 νόμος
576 858 796 928 ταχθεὶς
824 858 891 910 ὲκ
916 855 1073 910 θεοῦ.
1126 855 1313 927 Ὁρᾷς,
1348 855 1495 918 ὅπως
1539 854 1635 907 καὶ
1687 853 1779 907 τὸν
1811 852 1978 906 πλοΰ-

390 962 506 1004 σιον
528 951 562 1021 ὴ
591 948 923 1012 ταπείνωσις
958 947 1211 1019 λαμπρὸν
1274 950 1368 1001 καὶ
1397 946 1601 1016 ὑψηλὸν
1629 946 1725 999 καὶ
1749 947 1849 1016 τῆς
1883 944 1978 1015 βαι

390 1042 592 1104 σιλείας
624 1041 773 1105 ἄξιον
815 1036 1109 1108 ἀποφαίνει
1134 1052 1150 1108 ;
1178 1039 1279 1094 Διὰ
1329 1039 1488 1093 τοῦτό
1536 1054 1719 1109 φησιν,
1758 1057 1777 1090 ι
1823 1036 1881 1091 Ὀ
1920 1038 1977 1091 δὲ

389 1131 643 1194 πλούσιος
700 1132 998 1202 καυχάσθω
1026 1135 1083 1185 ὲν
1108 1134 1174 1203 τῇ
1223 1128 1549 1185 ταπεινώσει
1599 1128 1790 1183 αὐτοῦ.
1824 1148 1843 1181 ι
1890 1128 1978 1181 Ἐν

390 1223 580 1295 ταύτῃ,
599 1224 785 1294 φησιν,
817 1223 1087 1289 ἐλπιζέτω
1110 1226 1177 1294 τῇ
1204 1220 1552 1277 ταπεινώσει’
1577 1222 1636 1276 ὲν
1656 1220 1829 1292 ταύτῃ
1847 1219 1979 1292 θαρ-

388 1314 572 1387 ρείτω,
622 1317 712 1371 διὰ
765 1316 972 1386 ταύτης
1005 1316 1376 1387 ὑψωθήσεται.
1438 1314 1500 1368 Ei
1529 1313 1640 1384 γὰρ
1682 1313 1758 1385 μὴ
1790 1312 1975 1377 τοῦτο,

386 1409 573 1480 φησιν,
619 1409 728 1462 ἀπὸ
760 1408 856 1463 τοῦ
890 1409 1136 1463 Πλείστου
1168 1409 1506 1479 κερδήσειεν,
1534 1407 1590 1461 τί
1638 1407 1769 1461 ἄλλο
1825 1404 1977 1477 αὐτῷ

387 1499 448 1564 ἐξ
482 1498 649 1553 αὑτοῦ
683 1498 859 1566 ἔσται,
916 1501 1026 1554 ἀπὸ
1053 1501 1178 1569 γῆς,
1204 1501 1311 1553 ἀπὸ
1337 1498 1532 1569 πηλοῦ,
1564 1498 1673 1553 ἀπὸ
1700 1498 1975 1568 ψηφιδίων

387 1587 529 1642 οὕτω
561 1586 774 1661 μικρῶν
800 1605 815 1655 ;
851 1590 1052 1658 μᾶλλον
1084 1589 1164 1651 δὲ,
1192 1589 1268 1649 ὡς
1313 1589 1456 1660 ἱερὸς
1496 1587 1753 1650 Ἰάκωϐος
1782 1588 1972 1656 φάναι,

390 1668 693 1747 μηδὲνζάπὺ
735 1677 931 1741 ἄνθους
961 1678 1157 1749 χόρτου
1193 1680 1568 1749 διαφέροντος,
1602 1679 1631 1733 ὃ
1660 1679 1799 1750 πρὸς
1823 1678 1976 1750 ὥραν

395 1769 498 1840 μὲν
522 1769 699 1833 ἀνθεῖ,
732 1771 826 1824 καὶ¹
869 1771 1068 1840 τέρπει
1102 1771 1364 1835 πολλάκις
1392 1770 1671 1841 αἴσθησιν,
1702 1771 1978 1826 ἐπικαίον-

385 1876 478 1922 τος
505 1860 564 1914 δὲ
590 1860 685 1914 τοῦ
713 1861 869 1932 ἡλίου
904 1860 1218 1933 ξηραίνεται
1246 1878 1304 1915 τε
1338 1861 1434 1917 καὶ
1473 1862 1813 1930 ἀφανίζεται,
1842 1862 1979 1933 μηδὲ

2082 670 2257 728 scitur
2287 689 2302 727 :
2335 681 2447 728 tam
2479 684 2769 731 mansuete
2798 678 2985 747 egenis
3017 678 3362 747 impertiens,
3396 685 3509 731 tam
3558 678 3665 732 Ιιιια

2081 765 2338 830 maniter,
2365 770 2477 819 tam
2501 762 2807 836 frugaliter,
2830 782 2998 837 quam
3051 769 3435 823 communium
3495 768 3667 823 bonu-

2080 868 2202 909 rum
2233 856 2519 911 custodem
2547 865 2600 911 et
2626 858 3063 928 dispensatorem
3129 875 3189 915 se
3249 861 3320 914 ah
3380 860 3500 929 ipso
3552 859 3665 914 Deo

2082 947 2234 1002 novit
2262 962 2385 1004 esse
2406 949 2787 1005 constitutum.
2823 949 3084 1014 Videsne,
3114 953 3393 1021 quomodo
3443 952 3666 1006 humili-

2079 1049 2166 1096 tas
2214 1042 2380 1097 etiam
2411 1043 2633 1098 divitem
2662 1043 2934 1100 illustrem
2968 1055 3023 1099 et
3077 1045 3368 1100 sublimem
3398 1054 3453 1101 et
3496 1060 3666 1116 regno

2079 1132 2289 1188 caelesti
2317 1134 2542 1202 dignum
2573 1134 2754 1191 facere
2779 1135 3003 1205 possit?
3032 1135 3326 1205 Propterea
3360 1135 3475 1190 ait:
3523 1155 3543 1189 ι
3573 1135 3669 1189 Βί-

2080 1240 2175 1280 ves
2214 1239 2345 1279 vero
2375 1226 2637 1294 glorietur
2666 1227 2721 1280 in
2749 1226 3058 1281 humilitate
3107 1242 3207 1282 sua
3232 1224 3301 1281 ".
3344 1244 3362 1278 ι
3422 1225 3482 1280 ιιι
3539 1227 3665 1290 hac,

2081 1319 2278 1390 inquit,
2311 1319 2618 1373 humilitate
2649 1320 2794 1374 bene
2829 1326 3050 1388 speret;
3106 1318 3210 1373 hac
3252 1318 3525 1381 conﬁdat;
3571 1330 3670 1386 per

2081 1410 2224 1464 hanc
2255 1408 2604 1463 exaltabitur.
2640 1406 2755 1463 Nisi
2781 1408 2928 1462 enim
2959 1408 3085 1473 hoc,
3145 1408 3341 1477 inquit,
3371 1423 3402 1462 a
3466 1405 3668 1462 Condi-

2080 1512 2201 1556 tore
2226 1501 2493 1566 lucretur,
2516 1498 2646 1569 quid
2676 1499 2820 1554 aliud
2847 1500 2916 1553 ab
2945 1500 3036 1553 illo
3067 1498 3363 1568 acceperit,
3404 1513 3470 1553 ex
3497 1508 3662 1562 terra,

2078 1608 2146 1648 ex
2169 1593 2307 1656 luto,
2352 1607 2418 1647 ex
2451 1591 2652 1661 lapillis
2679 1590 2817 1645 adeo
2846 1591 3056 1661 parvis,
3115 1591 3229 1645 imo
3264 1590 3465 1661 pctius,
3519 1588 3667 1658 quod

2079 1696 2305 1740 sanctus
2348 1683 2585 1740 Jacobus
2633 1684 2709 1739 ait
2733 1684 2799 1750 ⁷⁸,
2834 1684 2903 1739 ab
2933 1684 3043 1739 illis
3074 1684 3265 1749 rebus,
3292 1698 3414 1754 qua:
3463 1699 3495 1739 a
3533 1684 3668 1740 ﬂore

2077 1774 2345 1847 graminis
2387 1774 2525 1829 nihil
2578 1774 2855 1839 diﬂ‘erunt,
2896 1774 3045 1845 quod
3109 1774 3165 1828 in
3212 1774 3405 1829 horam
3443 1772 3663 1842 quidem

2079 1868 2255 1934 ﬂoret,
2302 1882 2608 1937 sensusque
2639 1866 3037 1936 aliquantisper
3068 1866 3321 1932 delectat,
3378 1864 3495 1921 sole
3534 1878 3666 1919 vero

386 1951 641 2021 λείψανον
670 1952 773 2022 τῆς
810 1954 1084 2024 προτέρας
1137 1953 1475 2023 εὐπρεπείας
1523 1954 1975 2025 ὑπολειπόμενον.

2082 1968 2297 2025 urente,
2339 1958 2635 2014 marcescit
2663 1966 2718 2013 et
2742 1957 3075 2021 deﬂorescit,
3124 1957 3264 2011 nihil
3302 1955 3522 2027 pristini
3566 1954 3666 2010 de.-

388 2044 604 2115 Ὃσπερ
647 2044 744 2100 οὖν
790 2044 852 2099 τὸ
895 2045 1058 2108 ἄνθος
1105 2044 1203 2099 τοῦ
1243 2046 1461 2118 χόρτου,
1510 2042 1640 2116 ὲνῷ
1666 2046 1729 2100 τὸ
1774 2046 1977 2119 ὡραῖον

388 2130 704 2207 πρὸϐἀλλει,
752 2136 1035 2206 φθείρεται
1084 2136 1180 2190 καὶ
1233 2135 1555 2203 ἀπόλλυται,
1630 2136 1775 2191 οὕτω
1828 2138 1921 2191 καὶ
1948 2139 1977 2192 ὁ

389 2230 646 2294 πλούσιος
684 2232 742 2284 ὲν
784 2229 935 2301 αὐτῷ
986 2230 1087 2301 τῆς
1148 2213 1769 2302 πολυτελείαςμίῖἢτῷ
1824 2230 1978 2286 ἄνθει

391 2321 717 2394 μαραίνεται
749 2321 843 2376 καὶ
866 2320 1159 2379 διόλλυται.
1208 2322 1428 2377 Μᾶλλον
1460 2322 1517 2377 δὲ
1558 2322 1656 2376 καὶ
1678 2320 1773 2376 τοῦ
1820 2322 1880 2375 ὲν
1898 2321 1979 2393 τῷ

387 2413 567 2486 χόρτῳ
601 2415 855 2487 εὑρήσεις
885 2415 1050 2470 αὑτὸν
1096 2415 1486 2486 ἀσθενέστερόν
1514 2432 1574 2468 τε
1617 2415 1715 2468 καὶ
1757 2414 1980 2486 ἀδρανε-

388 2519 602 2574 στερον.
638 2504 712 2559 Τὸ
741 2506 841 2575 μὲν
869 2506 979 2576 γὰρ
1009 2505 1124 2577 ἰδίῳ
1151 2505 1331 2577 καιρῷ
1361 2505 1533 2572 ἀνθεῖ,
1577 2504 1673 2558 καὶ
1707 2504 1823 2576 ἰδίῳ
1869 2523 1979 2576 μα-

388 2596 654 2669 ραίνεται*
711 2599 740 2651 ὁ
768 2596 825 2650 δὲ
879 2597 1135 2662 πλούσιος
1159 2598 1218 2653 ὲν
1250 2599 1386 2669 αὐτῇ
1419 2597 1655 2669 μάλιστα
1682 2599 1749 2669 τῇ
1798 2599 1977 2671 ἀκμῇ,

384 2693 475 2745 ὅτε
506 2693 844 2763 πανταχόθεν
890 2693 1041 2764 αὐτῷ
1071 2694 1360 2765 βλαστάνει
1397 2696 1492 2747 καὶ
1520 2693 1675 2747 ἀνθεῖ
1702 2692 1773 2748 τὰ
1822 2693 1978 2764 ἡδέα,

387 2785 484 2838 καὶ
519 2782 784 2837 δοκοῦντα
822 2778 961 2837 εἶναι
1024 2783 1255 2856 λαμπρὰ
1298 2785 1393 2838 καὶ
1454 2784 1670 2854 ζηλωτὰ
1694 2822 1711 2848 ,
1747 2783 1845 2836 καὶ
1902 2783 1980 2854 τῷ

384 2876 539 2946 ὄγκῳ
593 2876 692 2929 καὶ
740 2876 821 2947 τῷ
873 2876 1157 2945 φυσήματι
1199 2874 1547 2945 φλεγμαίνων
1605 2877 1718 2939 τοῖς
1764 2875 1982 2938 πολλοῖς

387 2969 505 3021 εστι
534 2966 783 3039 φοϐερὸς,
810 2967 932 3020 τότε
964 2967 1052 3038 δὴ,
1077 2968 1199 3020 τότε
1217 2967 1412 3038 ἁθρόον
1441 2966 1756 3037 πολλάκιςῆ
1809 2966 1979 3021 θανά-

388 3077 484 3114 του
518 3060 667 3132 νόμῳ
694 3059 807 3133 (54)
834 3060 1185 3131 συλληφθεὶς.
1215 3060 1276 3126 ἐξ
1301 3059 1606 3131 ἀνθρώπων
1634 3060 1980 3130 ἀφανίζεται,

391 3152 428 3222 ἦ
457 3153 712 3222 ναυάγιον
757 3153 921 3207 αὐτὸν
975 3156 1122 3206 ποιεῖ
1172 3153 1529 3223 ὑποϐρυχιον.
1564 3153 1673 3205 Καὶ
1704 3151 1764 3203 τὸ
1792 3152 1980 3205 καινὸν

393 3244 491 3297 καὶ
548 3245 869 3317 παράδοξον,
896 3246 1005 3300 οὐδ’
1033 3246 1201 3301 αὐτὸν
1233 3245 1347 3299 ἔσθ’
1402 3246 1489 3297 ὅτε
1555 3242 1776 3314 βυθίζον
1808 3243 1979 3314 (55),

2079 2050 2228 2107 coris
2261 2050 2593 2120 relinquens.
2628 2048 3106 2115 Quemadmodum
3138 2048 3307 2118 igitur
3331 2046 3429 2103 ﬂos
3456 2045 3664 2117 grami-

2082 2141 2191 2209 nis,
2233 2141 2287 2195 in
2319 2156 2431 2212 quo
2464 2141 2633 2196 decor
2659 2140 2781 2210 ejus
2803 2141 3027 2204 emicat,
3089 2140 3231 2209 perit
3262 2147 3316 2194 et
3378 2138 3662 2203 aboletur;

2081 2236 2156 2290 ita
2182 2235 2333 2290 dives
2361 2249 2601 2305 quoque,
2634 2233 2688 2288 in
2717 2232 2897 2288 media
2918 2231 3177 2287 felicitate
3229 2230 3588 2295 constitutus,
3613 2236 3668 2284 et

2083 2327 2139 2380 in
2174 2325 2294 2395 ipso
2328 2323 2750 2393 magniﬁcentiae
2778 2322 2914 2377 ﬂore
2946 2322 3237 2376 marcescit
3275 2328 3332 2376 et
3382 2317 3666 2373 consumi-

2083 2428 2191 2472 tur.
2222 2418 2335 2472 lmo
2365 2431 2494 2472 vero
2548 2416 2801 2471 eumdem
2837 2415 2957 2485 ipso
2986 2414 3081 2469 illo
3106 2413 3373 2485 graminis
3405 2410 3666 2466 ﬂoreim-

2083 2510 2422 2565 becilliorem
2455 2517 2511 2563 et
2564 2509 2814 2564 viliorem
2865 2507 3161 2563 inveneris.
3220 2505 3313 2560 Ille
3361 2502 3508 2558 enim
3563 2516 3667 2555 suo

2081 2611 2327 2673 tempore
2355 2603 2530 2669 ﬂoret,
2562 2616 2663 2657 suo
2715 2615 2845 2655 vero
2889 2600 3056 2654 etiam
3114 2597 3406 2653 marcescit
3454 2612 3470 2650 :
3514 2594 3669 2650 dives

2083 2705 2264 2750 autem
2313 2695 2369 2750 in
2439 2710 2656 2749 summo
2707 2694 2893 2763 vigore
2935 2707 3077 2757 suo,
3143 2690 3363 2761 quando
3423 2686 3667 2759 jucunda

2084 2802 2316 2857 quaeque
2340 2795 2396 2841 et
2420 2784 2655 2840 illustria
2683 2785 3034 2854 maximeque
3058 2781 3424 2837 consectanda
3475 2780 3670 2833 viden-

2087 2890 2193 2946 tur,
2244 2878 2325 2933 illi
2359 2885 2662 2933 nascnntur
2687 2886 2742 2931 et
2769 2875 2984 2940 ﬂorent,
3046 2875 3164 2945 ipse
3210 2889 3362 2937 vero,
3419 2871 3562 2925 fastu
3616 2878 3672 2923 σε

2085 2969 2397 3041 arrogantia
2433 2967 2672 3028 inﬂatus,
2708 2965 2897 3020 multis
2946 2973 3212 3019 terrorem
3271 2963 3488 3025 incutit,
3540 2969 3672 3014 tunc

2086 3061 2337 3125 omnino,
2373 3068 2504 3115 tunc
2529 3058 2845 3128 frequenter
2879 3058 2965 3111 vel
2994 3055 3343 3110 mortalitatis
3387 3058 3503 3123 lege
3546 3068 3672 3108 cor-

2086 3163 2276 3223 reptus
2308 3167 2374 3208 ex
2418 3151 2736 3206 hominibus
2789 3151 3054 3219 disparet,
3094 3156 3189 3202 aut
3215 3146 3503 3215 naufragio
3538 3144 3669 3200 subs

2089 3243 2370 3313 mergitur.
2395 3242 2579 3313 Neque
2607 3257 2737 3297 vero
2758 3258 2975 3311 semper
3002 3256 3204 3296 novum
3244 3239 3452 3309 aliquid
3482 3247 3537 3294 et
3578 3238 3662 3292 in-

390 3337 529 3392 ἀλλά
563 3340 656 3392 τὸν
678 3339 897 3410 χρυσὸν,
933 3341 1032 3412 τὴν
1075 3339 1239 3395 αὐτοῦ
1296 3339 1473 3411 ψυχὴν
1520 3342 1616 3393 καὶ
1660 3339 1828 3410 ζωὴν,
1884 3340 1978 3393 καὶ

2084 3334 2304 3390 solitum
2328 3334 2480 3388 illum
2518 3332 2838 3402 submergit,
2871 3333 2965 3388 sed
2998 3346 3195 3384 manus
3230 3330 3433 3400 potius,
3465 3327 3673 3397 majore

388 3430 653 3503 τύραννος
684 3433 742 3487 δὲ
772 3433 993 3502 μᾶλλον,
1028 3434 1063 3506 ἢ
1094 3434 1215 3487 κατ’
1245 3434 1477 3498 ἐκεῖνον,
1505 3433 1628 3503 χεὶρ
1675 3432 1771 3487 τὸν
1816 3431 1981 3487 πλοῦ-

387 3542 484 3579 τον
514 3526 834 3597 ἁρπάσασα,
893 3526 1099 3599 ἔρημον
1148 3527 1313 3584 αυτὸν
1345 3528 1439 3581 καὶ
1490 3526 1594 3597 τῆς
1650 3526 1855 3597 ὀφρύος
1887 3527 1985 3579 καὶ

393 3620 490 3688 τῆς
509 3619 653 3688 ζωῆς
683 3620 1029 3685 ἐναπέλιπεν,
1064 3619 1411 3691 θεραπόντων
1443 3618 1750 3684 ἐπιϐουλαὶ,
1772 3618 1986 3690 λῃστῶν

388 3708 603 3781 ινέδρα,
627 3710 679 3764 τί
708 3710 776 3766 ἄν
796 3729 899 3775 τις,
918 3709 1000 3775 οἷς
1024 3714 1232 3774 ἐκεῖνος
1258 3712 1538 3767 ἁλίσκεται
1570 3712 1665 3765 καὶ
1692 3710 1984 3777 διόλλυται,

390 3805 577 3877 φέρων
637 3805 857 3877 ἀριθμῷ
910 3805 1026 3877 δοίη
1059 3822 1075 3872 ;
1108 3806 1252 3860 οὕτω
1308 3806 1403 3859 καὶ
1458 3805 1653 3868 ἄνθους
1712 3803 1905 3859 παθεῖν
1953 3803 1982 3856 ὁ

388 3896 635 3961 τοιοῦτος
691 3897 1023 3969 φαυλότερός
1078 3913 1143 3951 τε
1219 3897 1316 3951 καὶ
1374 3896 1741 3967 ἑτοιμότερος.
1818 3893 1984 3949 Ἀλλὰ

389 3987 566 4044 ταῦτα
593 3989 716 4060 μὲν,
746 3990 877 4060 περὶ
903 3983 979 4043 ὧν
1014 3988 1329 4061 ἠρώτησας,
1361 3991 1395 4058 ἡ
1427 3988 1685 4057 ἐπιστολή
1733 4003 1818 4039 σοι
1863 3985 1981 4039 δια-

390 4081 741 4150 λέγεται.οῶ
797 4082 854 4135 δὲ
911 4079 1153 4153 Χριστοῦ
1189 4079 1284 4135 τοῦ
1314 4079 1572 4152 ἀληθινοῦ
1601 4078 1737 4133 Θεοῦ
1793 4078 1977 4150 ἡμῶν,

390 4174 577 4245 ἔργοις
606 4174 701 4228 καὶ
715 4175 949 4245 δόγμασι
977 4173 1165 4229 δοῦλον
1191 4173 1416 4227 σεαυτὸν
1442 4171 1745 4243 παριστῶν,
1777 4168 1982 4223 καὶτὸν

2087 3439 2253 3494 quam
2314 3438 2423 3493 qua
2470 3423 2586 3492 ipse
2619 3436 2754 3476 usus
2801 3430 2909 3487 est,
2943 3422 3228 3491 tyrannide
3276 3434 3496 3484 aurum,
3520 3418 3670 3486 quod

2087 3519 2325 3571 animam
2351 3514 2472 3585 ejus
2504 3523 2560 3570 et
2582 3514 2749 3567 vitam
2770 3512 3073 3579 constituit,
3096 3512 3426 3583 subripiens,
3451 3520 3502 3565 et
3527 3510 3672 3565 fastu

2090 3617 2147 3664 et
2177 3608 2289 3663 vita
2314 3608 2589 3677 privatum
2608 3605 2890 3674 relinquit.
2921 3603 3066 3659 Idem
3103 3604 3313 3659 faciunt
3338 3603 3671 3657 l‘aruulorum

2099 3698 2534 3755 machinationes
2562 3704 2616 3750 et
2639 3695 2916 3749 latronum
2956 3694 3190 3748 insidia.
3218 3692 3422 3762 thuis
3454 3694 3675 3746 tandem

2083 3804 2409 3850 enumerare
2435 3787 2610 3858 possit
2631 3787 2839 3854 omnia,
2866 3785 3070 3856 quibus
3090 3797 3255 3841 uomo
3277 3782 3549 3854 ejusmodi
3575 3798 3675 3837 ca-

2082 3885 2228 3957 pitur
2243 3891 2298 3937 et
2311 3882 2451 3952 perit
2476 3880 2499 3934 ‘2
2521 3880 2657 3935 adeo
2685 3878 2776 3933 ille
2790 3878 2913 3933 vilis
2941 3885 3028 3933 est
3061 3876 3393 3932 conditionis
3420 3885 3475 3930 et
3496 3875 3675 3945 magis

2080 3976 2318 4048 aplus‘ad
2335 3990 2421 4037 ea,
2438 3988 2560 4044 quae
2580 3972 2698 4027 ﬂori
2717 3971 2992 4037 accidunt,
3014 3969 3544 4042 experienda.Atque
3562 3967 3680 4022 haec

2080 4069 2298 4140 quidem
2327 4066 2556 4136 epistola
2604 4080 2747 4129 mea,
2801 4064 2869 4119 de
2912 4064 3043 4129 illis,
3112 4062 3390 4133 quaescire
3434 4060 3677 4126 voluisti,

2079 4161 2325 4232 cvponit.
2356 4158 2438 4213 Tu
2471 4174 2623 4226 vero,
2643 4157 3000 4224 Christi,veri
3028 4156 3122 4211 Dei
3149 4155 3344 4221 nostri,
3373 4169 3592 4209 servum
3622 4161 3679 4206 et

392 4264 623 4318 πλοῦτον
666 4264 849 4328 καλῶς
888 4264 1189 4336 οἰκονομῶν
1222 4265 1280 4317 ἐν
1306 4265 1375 4335 τῇ
1424 4262 1650 4335 τοιαύτῃ
1697 4256 1977 4321 πεποιθὼς

2088 4268 2254 4324 opere
2273 4260 2328 4307 et
2352 4251 2605 4307 doctrina
2634 4260 2685 4305 te
2702 4258 2987 4319 praestans,
3007 4262 3251 4317 opesque
3268 4256 3388 4302 tuas
3410 4256 3558 4300 recte
3581 4245 3679 4298 ad-

394 4356 508 4421 ισο,
554 4356 653 4411 καὶ
682 4356 929 4427 εὺθῦμει.
974 4335 1340 4423 Ταπεινὼσει,
1368 4355 1464 4410 καὶ
1511 4350 1685 4409 τᾶλλα
1736 4353 1803 4424 τῇ
1832 4350 1978 4422 ψυχῇ

2090 4343 2437 4408 ministrans,
2469 4342 2528 4396 in
2543 4341 2645 4397 ista
2664 4337 3474 4405 humilitateconlide,bonoque
3494 4335 3681 4389 animo

395 4451 492 4505 καὶ
516 4450 595 4521 τῷ
630 4426 841 4521 σώματι
872 4450 1105 4524 ἔρρωσο.

2091 4447 2234 4506 esto,
2262 4450 2363 4493 nec
2383 4434 2566 4490 minus
2594 4440 2793 4491 caetera
2822 4431 3010 4487 animo
3022 4439 3079 4487 et
3099 4443 3332 4502 corpore
3346 4436 3492 4485 recte
3521 4426 3676 4483 valet

462 4541 515 4574 ”
536 4539 654 4597 Jac.
695 4556 737 4608 ι,
764 4539 852 4597 10.
926 4542 972 4574 ⁷⁸
1004 4540 1139 4597 ibld.

1076 4789 1237 4856 JOS.
1270 4788 2013 4863 HERGENROETHER,
2058 4787 2123 4850 S.
2179 4786 2478 4853 THEOL.
2514 4782 3087 4862 PROFESSORIS,

1656 4965 2359 5061 ADMONITIO

427 5168 495 5231 1N
532 5173 836 5233 UNDECIM
877 5172 1293 5242 SEOUENTES
1327 5169 1796 5241 QUIESTIONES
1836 5168 1966 5226 SEU
1994 5165 2543 5227 COMMENTARIOS
2580 5164 2650 5224 IN
2689 5160 3159 5223 ARISTOTELIS
3179 5158 3647 5219 CATEGORIAS.

472 5482 606 5555 Quae
634 5492 950 5556 sequuntur
976 5481 1232 5540 undecim
1262 5479 1680 5539 dissertationes
1711 5486 2006 5537 tractatum
2038 5476 2321 5549 proprium
2356 5475 2697 5532 constituunt
2729 5473 2797 5530 de
2824 5472 3136 5531 Aristotelis
3163 5468 3505 5544 .Categoriis,
3539 5482 3679 5541 quas

403 5578 635 5640 P‘hotius
660 5584 775 5655 jam
798 5592 926 5638 ante
950 5581 1238 5652 discipulis
1270 5580 1387 5639 suis
1412 5579 1589 5637 fusius
1612 5578 1997 5651 explicavcrat.
2024 5574 2243 5631 Eaedem
2270 5575 2326 5629 in
2356 5572 2623 5629 Vaticano
2652 5570 2842 5627 codice
2866 5587 2920 5642 q.
2950 5586 3008 5641 q.
3040 5570 3145 5626 157
3177 5586 3352 5641 usque
3374 5570 3441 5625 ad
3472 5586 3528 5641 q.
3564 5566 3687 5635 MV.

401 5678 429 5735 ί
457 5679 742 5737 “7-154
772 5679 1038 5752 implent;
1075 5678 1129 5735 in
1167 5677 1515 5735 Coisliniano
1559 5677 1776 5742 codice,
1827 5690 1992 5747 quem
2046 5671 2342 5742 descripsit
2380 5666 2853 5732 Montel'alconius,
2884 5666 3223 5737 qumstiones
3272 5674 3401 5721 sunt
3455 5678 3684 5719 numero

1933 5769 2174 5829 NOTAE.

483 5869 592 5939 {55)
623 5865 1154 5939 (Ξοάεπολιτελείας.
1186 5867 1444 5939 Fortasse
1483 5868 1845 5939 scribendum
1867 5877 1978 5923 erat

2300 5858 2731 5939 θανατουλνόμερ,
2754 5857 2909 5916 Colb.
2929 5872 3028 5930 pro
3047 5854 3458 5928 θανατουμένῳ.

409 5926 707 6006 πολιτείας.
742 5938 922 5998 Malim
956 5926 1137 5998 tamen
1164 5938 1391 5996 alterum
1420 5949 1671 5998 nostrum
1717 5932 1871 5998 illud.

2161 5926 2277 6003 (εδ)
2304 5927 2486 5989 Malim
2529 5926 2760 6001 βυθίζοι.
