4072 6512
427 438 535 502 759
1589 434 1855 496 PIIOTII
1889 434 2032 497 PAT

2114 437 2403 499 ῙΑΗΕΗᾹΞ
2434 438 2544 497 CP.
3600 426 3722 491 760

424 547 616 605 decem
655 550 746 617 (q.
791 547 1089 615 163-182),
1138 561 1268 601 cum
1321 561 1384 601 ea
1424 562 1548 616 qua:
1584 548 1639 601 in
1684 547 1856 603 Vatic.
1908 560 1993 604 est
2030 564 2085 618 q.
2154 548 2279 612 H2,
2314 551 2382 603 de
2441 564 2535 603 sex
2578 546 2806 615 reliquis
2836 542 3453 613 Catcgoriisinscripta,
3488 536 3567 594 ibi
3596 552 3718 592 non

426 648 763 695 numeretur.
824 637 883 692 In
921 638 1250 693 Taurinensi
1301 638 1490 692 codice
1531 639 1613 692 ha:
1642 640 1963 707 questiones
1991 638 2215 692 omnino
2261 638 2667 693 desiderantur.
2708 635 3037 689 Iamdudum
3081 650 3179 689 ceu
3215 631 3522 703 singularis
3550 631 3712 684 liber

425 722 601 785 I’hotii
654 732 724 786 de
767 731 1076 785 Aristotelis
1125 728 1431 799 Categoriis
1481 729 1928 783 Commentarius
1965 746 1995 782 a
2043 730 2293 799 pluribus
2352 732 2584 785 seorsim
2623 729 2857 785 describi
2886 730 3169 783 consuevit
3196 727 3357 795 (Vide
3386 724 3706 789 Oudinum,

430 823 503 875 De
531 821 893 889 Scriptoribus
922 821 1108 875 eccles.
1144 830 1182 875 t.
1214 819 1279 885 ll,
1321 836 1374 889 p.
1403 820 1531 884 207,
1568 820 1694 885 2H,
1739 819 1826 874 ed.
1860 819 2012 889 Lips.
2050 821 2241 885 1722);
2276 821 2407 875 hinc
2442 821 2625 889 plures
2658 821 2856 875 vetusti
2889 820 3189 888 scriptores
3219 819 3272 871 in
3310 816 3720 886 Amphilochia

423 930 519 970 eas
551 914 886 985 quaestiones
916 922 977 966 ut
1002 911 1115 981 jam
1149 910 1285 965 alias
1319 910 1567 982 vulgatas
1587 911 1842 965 omisisse
1870 911 2142 965 videntur.
2174 911 2320 966 Sane
2358 912 2516 981 plura
2550 912 2712 980 hujus
2737 911 2814 965 rei
2850 911 3080 980 vestigia
3107 911 3347 964 inveniri
3380 920 3618 978 possunt
3655 910 3717 963 in

425 1008 815 1077 manuscriptis
844 1005 1215 1070 codicibus,ut
1248 1002 1668 1061 Vendobunensi
1700 1008 1901 1073 philus.
1933 1008 2003 1060 29
2034 1006 2073 1061 l'.
2100 1008 2228 1069 103,
2259 1006 2388 1070 276,
2417 1007 2562 1076 apud
2594 1006 2854 1061 Lambec.
2890 1004 3003 1073 VII,
3037 1005 3126 1072 65,
3165 1004 3344 1069 Paris,
3375 1006 3477 1060 517
3508 1006 3716 1076 (catal.

424 1116 478 1156 a.
508 1098 679 1164 1655,
708 1098 762 1163 4,
792 1113 847 1167 p.
881 1113 956 1161 Iv,
988 1113 1043 1166 p.
1079 1097 1227 1167 114),
1258 1095 1439 1161 Paris,
1470 1097 1591 1152 cod.
1625 1098 1783 1161 1845,
1813 1098 1997 1167 (eatal.
2028 1099 2116 1152 ed.
2146 1097 2323 1163 Paris,
2368 1098 2528 1162 174-0,
2568 1108 2609 1152 t.
2652 1096 2696 1150 ll
2746 1113 2803 1167 p.
2828 1096 2956 1165 .109)
2987 1097 3241 1166 aliisque,
3281 1097 3480 1165 quibus
3504 1106 3563 1150 et
3592 1095 3719 1149 fra-

423 1200 707 1258 gmentum
738 1188 948 1241 Φωτίου
974 1204 1103 1257 περι
1132 1187 1303 1240 ποσοῦ
1332 1187 1384 1240 in
1414 1188 1539 1242 cod.
1574 1187 1840 1244 Escorial.
1870 1190 1933 1253 Φ,
1963 1188 2031 1242 111

2117 1189 2171 1245 0.
2208 1191 2289 1257 (ιι.
2320 1188 2449 1257 226)
2477 1203 2611 1243 saec.
2642 1204 2761 1255 xm,
2796 1187 2835 1242 I'.
2865 1188 2936 1242 49
2965 1188 3112 1257 (vide
3149 1190 3474 1258 Catalogum
3510 1204 3714 1258 opera,

426 1281 488 1335 Ε.
524 1280 733 1348 Miller;
788 1282 1039 1344 Parisiis,
1089 1297 1140 1335 a.
1198 1280 1338 1336 18.18
1392 1280 1621 1349 editum,
1682 1298 1735 1352 p.
1775 1284 1926 1351 ιη),
1980 1285 2262 1340 accenseri
2311 1300 2474 1353 posse
2524 1285 2885 1339 arbitramur.
2918 1283 3085 1339 Plura
3114 1285 3359 1355 ejusdem
3390 1284 3714 1353 argumenti

425 1371 735 1441 fragmenta
783 1371 963 1427 Ph0tii
1020 1374 1245 1428 nomine
1298 1373 1557 1444 insignita
1604 1374 1939 1430 scholiorum
1985 1378 2234 1431 adinstar
2286 1386 2507 1432 exstant
2556 1378 2609 1430 in
2643 1377 2986 1431 nobilissimo
3016 1375 3338 1430 Monaecnsi
3368 1374 3713 1429 codicem

427 1462 779 1531 bombycino,
823 1462 997 1526 ιιι-«1ο,
1034 1462 1128 1532 qui
1161 1463 1363 1518 saeculo
1401 1480 1522 1529 xm,
1561 1463 1617 1517 in
1650 1466 1842 1521 charta
1873 1468 2049 1522 solida
2108 1477 2163 1522 et
2198 1466 2448 1536 lzevigata
2480 1467 2751 1534 scriptura
2800 1466 3170 1522 minutissima
3228 1475 3282 1522 et
3317 1466 3474 1521 valde
3503 1466 3715 1519 abbre-

427 1552 571 1606 viata
625 1562 886 1609 exaratus
918 1566 1002 1609 est
1052 1564 1105 1607 et
1132 1554 1420 1625 Porphyrii
1454 1555 1718 1626 Isagogen
1750 1572 1874 1611 eum
1904 1558 2133 1613 scholiis
2163 1558 2443 1611 Ammonii
2496 1565 2552 1611 et
2583 1557 2788 1620 Photii,
2821 1556 3019 1611 deinde
3046 1555 3364 1625 Catcgorias
3389 1554 3716 1611 Aristotelis

425 1653 551 1696 Cum
600 1643 871 1714 Anonymi
910 1652 961 1697 et
1004 1644 1184 1699 Photii
1240 1642 1668 1699 Cetnmentariis
1718 1648 1985 1701 continet.
2035 1644 2239 1700 Photio
2286 1647 2607 1700 tribuuntur
2660 1645 2921 1701 tredecim
2980 1644 3311 1715 fragmenta,
3340 1660 3581 1714 quorum
3612 1646 3714 1701 hic

428 1736 616 1791 titulos
649 1736 937 1792 adnectere
952 1737 1111 1808 juvat
1143 1756 1156 1790 :
1196 1735 1236 1790 I.
1271 1739 1345 1789 De
1379 1753 1596 1805 genere;
1627 1738 1693 1793 II.
1730 1738 1805 1792 De
1834 1740 2003 1808 specie
2026 1756 2045 1803 ;
2068 1738 2158 1793 111.
2186 1738 2258 1793 De
2283 1739 2591 1808 differentia
2620 1757 2639 1803 ;
2679 1738 2771 1794 IV.
2804 1738 2881 1793 De
2905 1739 3159 1807 proprio;
3203 1736 3264 1792 V.
3287 1737 3364 1792 De
3382 1739 3663 1792 accidente
3689 1754 3712 1802 ;

431 1829 516 1886 \‘l.
573 1831 651 1886 De
704 1833 1001 1897 communi;
1052 1831 1166 1885 VII.
1217 1832 1294 1885 De
1324 1833 1389 1887 iis
1440 1850 1558 1903 qua:
1604 1844 1727 1888 sunt
1774 1836 2077 1888 communia
2126 1836 2303 1904 generi
2352 1852 2473 1888 cum
2513 1834 2840 1902 differentia,
2872 1842 2923 1886 et
2954 1839 3018 1886 de
3047 1834 3115 1886 iis
3141 1848 3260 1901 qua:
3286 1841 3411 1885 sunt
3440 1832 3709 1898 diversa;

433 1922 565 1978 VIII.
595 1923 672 1978 De
698 1926 1035 1994 quantitate;
1082 1925 1155 1980 IX
1195 1925 1274 1980 De
1315 1926 1609 1992 relatione;
1666 1926 1733 1980 Χ.
1778 1926 1852 1981 De
1903 1928 2199 1997 qualitate;
2258 1926 2349 1983 ΧΙ.
2383 1927 2457 1980 De
2497 1927 2675 1981 decem
2709 1926 3030 1996 categoriis;
3085 1923 3201 1980 XII.
3254 1924 3329 1977 De
3359 1923 3711 1986 substantia;

427 2014 566 2071 XIII.
595 2014 673 2070 De
709 2018 915 2071 actione
971 2027 1021 2071 et
1044 2018 1313 2087 passione.
1370 2017 1517 2074 Ordo
1556 2019 1611 2074 in
1667 2018 1813 2076 loliis
1864 2022 2114 2075 turbatus
2153 2019 2260 2075 Iuit
2295 2030 2351 2075 et
2388 2020 2567 2091 reipsa
2600 2034 2650 2074 e.
2686 2016 2880 2072 Vlll-X
2949 2028 3073 2087 post
3106 2032 3155 2071 e.
3210 2015 3282 2069 XI
3304 2028 3361 2070 et
3388 2014 3480 2069 XII
3528 2016 3713 2070 collo-

425 2111 600 2164 cauda
626 2120 802 2166 erant.
859 2111 1029 2166 Porro
1064 2128 1131 2167 ex
1160 2114 1246 2170 his
1286 2112 1613 2183 fragmentis
1645 2130 1739 2171 sex
1774 2117 2077 2185 posteriora
2108 2131 2237 2172 cum
2268 2123 2584 2171 nostrarum
2631 2113 3000 2183 quaestionum
3035 2120 3184 2165 textu
3218 2110 3418 2165 collata
3454 2107 3710 2172 fuerunt,

424 2215 589 2270 quem
618 2202 907 2273 multiplici
942 2214 1103 2274 pacto
1134 2206 1431 2261 illustrant.
1465 2205 1743 2273 Quantum
1773 2210 2049 2279 conjicere
2084 2225 2309 2280 possum
2334 2248 2351 2275 ,
2383 2225 2448 2264 ea
2515 2208 2821 2277 fragmenta
2889 2213 3149 2273 excerpta
3176 2212 3308 2258 sunt
3340 2218 3451 2257 non
3476 2202 3711 2272 quidem

424 2308 490 2348 ex
520 2297 725 2350 nostris
754 2296 1007 2351 undecim
1035 2298 1456 2366 quaestionibus,
1511 2314 1703 2354 verum
1731 2315 1763 2354 θ
1794 2301 1961 2369 priori
1993 2302 2339 2371 compendio,
2386 2300 2533 2370 quod
2581 2299 2814 2354 Photius
2842 2295 3132 2366 discipulis
3178 2294 3293 2349 suis
3339 2294 3716 2365 philoSOphias

426 2390 603 2457 prima
626 2390 894 2446 elementa
928 2393 1230 2461 explanans
1262 2393 1552 2465 legendum
1608 2404 1663 2449 et
1714 2394 2136 2451 describendum
2185 2394 2485 2451 tradiderat
2512 2434 2528 2460 ,
2560 2390 3020 2463 quemadmodum
3061 2404 3172 2443 non
3200 2402 3310 2443 uno
3341 2387 3399 2442 in
3429 2387 3555 2443 loco
3584 2387 3713 2456 ipse

426 2479 584 2533 nobis
613 2479 794 2535 innuit
824 2482 843 2550 (
874 2481 963 2536 Cf.
999 2493 1197 2552 quaest.
1224 2483 1315 2549 77,
1361 2493 1416 2539 et
1444 2492 1641 2553 quaest.
1674 2484 1787 2553 78).

496 2568 762 2635 Quamvis
790 2571 930 2625 nihil
964 2573 1300 2643 novi-quoad
1332 2573 1618 2630 historiam
1652 2576 1959 2631 studiorum
1994 2577 2499 2647 philosophicorum
2558 2592 2626 2630 ex
2661 2573 2809 2630 hisce
2836 2572 3013 2627 Photii
3045 2570 3521 2627 lucubrationibus
3581 2575 3715 2628 emi

425 2676 592 2732 posse
622 2661 869 2716 videatur
902 2681 917 2717 :
954 2664 1190 2720 utilitate
1218 2673 1402 2722 tamen
1431 2678 1486 2722 et
1501 2666 1843 2736 iucunditate
1875 2683 1985 2725 non
2009 2680 2219 2736 carent,
2253 2669 2560 2739 praesertim
2586 2666 2879 2737 theologis,
2909 2665 3111 2736 quibus
3140 2671 3326 2718 arctus
3371 2662 3464 2716 ille
3526 2677 3708 2717 nexus

427 2756 590 2826 plane
619 2766 939 2828 perspectus
973 2766 1079 2825 est,
1138 2760 1235 2831 qui
1263 2761 1407 2817 inter
1437 2762 1758 2819 dialecticas
1784 2765 2154 2834 peripatetica:
2184 2765 2389 2820 schola:
2415 2765 2696 2819 doctrinas
2753 2771 2809 2817 et
2860 2763 3177 2830 dogmatum
3210 2758 3455 2829 ipsorum
3483 2756 3711 2827 exposi-

428 2850 634 2906 tionem
672 2863 727 2907 et
757 2853 1127 2909 evolutionem
1184 2855 1326 2925 apud
1380 2856 1597 2925 priscos
1644 2854 1838 2913 Patres
1866 2858 2354 2927 ecclesiaticusque
2402 2857 2703 2927 scriptores
2757 2856 3121 2924 undequaque
3174 2861 3423 2921 apparet.
3476 2850 3560 2904 Ah
3614 2849 3712 2903 his

427 2959 649 3014 quoque
692 2945 997 3001 dialecticis
1043 2946 1355 3002 notionibus
1411 2956 1640 3004 sanctus
1696 2948 1935 3009 Joannes
1988 2949 2357 3006 Damascenus
2386 2950 2442 3003 in
2470 2948 2745 3019 tripartito
2774 2963 2877 3001 suo
2901 2961 3064 3015 opere
3101 2944 3430 3008 theologiam
3472 2942 3712 2995 institu-

429 3038 636 3093 tionem
671 3049 757 3094 est
793 3055 1067 3107 exorsus;
1123 3042 1224 3095 has
1254 3055 1362 3096 non
1403 3041 1581 3096 Graeci
1615 3052 1848 3108 tantum,
1900 3044 1996 3098 sed
2030 3054 2084 3099 et
2113 3043 2294 3099 Latini
2331 3044 2588 3098 doctores
2621 3042 2811 3097 eadem
2838 3042 2954 3095 fere
2978 3039 3194 3094 ratione
3232 3046 3362 3093 sunt
3390 3036 3702 3107 prosecuti,

431 3140 492 3185 ut
520 3148 631 3187 non
662 3133 822 3205 longe
848 3151 879 3190 a
908 3135 1087 3189 Photii
1118 3136 1459 3205 temporibus
1492 3134 1704 3191 distans
1740 3137 2035 3194 Alcuinus.

884 3226 1219 3293 QUAESTIO
1253 3227 1578 3285 cxxxvn.
2040 3242 2087 3298 Α

1569 3271 1578 3285 .
2040 3242 2087 3298 Α
2646 3225 2983 3281 ΕΡΩΤιιΣιΣ
3009 3222 3177 3280 PAZ’.

430 3315 614 3373 Eidem
644 3320 1003 3389 Amphilochio
1040 3323 1237 3388 petenti
1267 3322 1599 3390 perspicuam
1640 3323 1817 3377 decem
1846 3322 2005 3379 Cate-

2118 3320 2204 3388 Τῷ
2223 3318 2383 3387 αὐτῷ
2432 3320 2798 3393 Ἀμεριλοχίῳ
2837 3315 3177 3393 ᾃζητήσανζι
3212 3314 3483 3393 adgestu»
3530 3307 3712 3380 σοιρῆ

941 3384 1217 3459 goriarum
1239 3384 1508 3462 synopsin,
2172 3384 2184 3388 “
2352 3384 2363 3387 ’
2504 3384 2549 3443 τι

2172 3384 2184 3388 ⁷
2352 3384 2363 3387 ’
2504 3384 2625 3443 τῶν
2648 3384 2793 3442 δέκα
2828 3384 3209 3456 Κατηγοριῶν
3243 3384 3378 3455 (56).

1138 3502 1283 3555 Nunc
1310 3504 1524 3567 primum
1544 3507 1674 3556 edita
1702 3521 1730 3556 a
1751 3506 1814 3556 D.
1836 3505 2271 3569 Hergenroether.
2296 3501 2374 3555 De
2399 3499 2667 3564 eategorlis
2692 3497 2984 3548 universim.

502 3590 556 3644 1.
586 3589 785 3645 Rerum
802 3591 1107 3648 secundum
1126 3606 1246 3646 eam
1266 3609 1429 3661 quam
1456 3594 1654 3649 habent
1672 3595 1813 3649 inter
1825 3610 1886 3650 se
1914 3594 2014 3648 ha-

2192 3598 2262 3646 α’.
2289 3591 2411 3643 Τῶν
2437 3590 2606 3642 ὄντων
2640 3586 2785 3640 κατά
2808 3603 2926 3638 τινα
2956 3584 3140 3653 σχέσιν
3170 3583 3263 3636 καὶ
3282 3581 3571 3635 κοινωνίαν

429 3682 729 3740 bitudinem
747 3692 801 3736 et
824 3683 1271 3738 communionem
1300 3686 1549 3753 quaedam
1572 3688 2011 3756 suntwquivocw,

2120 3684 2259 3755 πρὸς
2311 3682 2518 3752 ἄλληλα
2535 3680 2648 3751 (57)
2703 3679 2773 3731 τὰ
2824 3677 2923 3747 μέν
2969 3677 3117 3728 ἐστιν
3168 3673 3473 3744 ὁμώνυμα,
3529 3672 3600 3724 τὰ
3650 3672 3715 3724 δὲ

431 3776 554 3829 alia:
576 3775 830 3838 univocw,
853 3774 976 3830 alia:
999 3775 1429 3841 denominativte,
1448 3777 1647 3833 deinde
1674 3794 1862 3833 earum
1894 3779 2013 3832 alia!

2120 3775 2470 3844 συνώνυμα,
2499 3771 2567 3826 τὰ
2586 3771 2642 3825 δὲ
2686 3768 3037 3839 παρώνυμα,
3080 3765 3437 3837 προσέτι(58)
3487 3764 3549 3818 δὲ
3578 3765 3713 3816 τού-

431 3872 564 3918 sunt
618 3862 912 3917 muttivocw
972 3862 1451 3936 (multinomines),
1496 3867 1615 3921 alite
1680 3867 2013 3923 diversivocaz

2118 3888 2231 3934 τοις
2265 3869 2401 3924 ἄλλα
2438 3865 2582 3931 τινὰ,
2635 3857 2711 3919 ὧν
2753 3863 2821 3915 τὰ
2873 3862 2974 3930 μὲν
3008 3860 3254 3913 καλεῖται
3312 3856 3711 3924 πολυώνυμα,

443 3954 979 4026 (‹Ιίνθι’σίιιοιηίιιθε);
1008 3963 1065 4011 et
1094 3956 1333 4027 quodam
1353 3959 1515 4014 modo
1544 3960 1648 4015 sibi
1681 3971 2033 4031 opponuntur

2128 3962 2277 4017 τὰδὲ
2312 3960 2684 4028 ἐτερώνυμαο
2731 3956 2827 4009 καὶ
2873 3952 3076 4023 τρόπον
3113 3951 3233 4003 τινὰ
3276 3948 3611 4002 ἁντίκεινται
3640 3949 3716 4002 τὰ

434 4048 565 4101 hinc
614 4046 838 4118 quidem
872 4048 1182 4104 multivocae
1230 4050 1554 4120 zequivocis,
1609 4051 1760 4108 illinc
1787 4052 2026 4111 diversi-

2129 4055 2231 4126 μὲν
2265 4050 2594 4120 πολυώνυμα
2640 4049 2753 4110 τοῖς
2787 4044 3127 4117 ὁμωνύμοις,
3174 4042 3244 4094 τὰ
3272 4042 3330 4094 δὲ
3380 4038 3714 4111 ὲτερώνυμα

433 4154 586 4194 Voca;
614 4140 881 4197 univocis.

2122 4147 2237 4209 τοῖς
2266 4141 2628 4212 συνωνύμοις.

504 4233 560 4287 2.
592 4230 911 4303 Equivocae
938 4233 1105 4304 igitur
1131 4245 1261 4289 sunt
1287 4251 1397 4302 res,
1430 4252 1659 4306 quarum
1697 4238 2012 4293 communio

2191 4238 2258 4308 β’.
2299 4234 2600 4306 Ὀμώνυμα
2632 4230 2731 4302 μὲν
2759 4224 2852 4285 οὖν
2885 4231 3003 4282 ἐστι
3046 4227 3370 4298 πράγματα,
3403 4216 3480 4279 ὧν
3505 4226 3539 4293 ἡ
3584 4242 3709 4277 κοι-

431 4322 737 4378 secundum
788 4338 1013 4389 nomen,
1043 4323 1354 4380 differentia
1385 4340 1514 4380 vero
1546 4327 1602 4379 in
1635 4327 1864 4394 ratione,
1894 4330 2013 4383 sive

2119 4328 2285 4385 νωνία
2328 4325 2471 4380 κατὰ
2506 4325 2566 4377 τὸ
2613 4323 2805 4391 ὄνομα.
2848 4322 2882 4391 ἡ
2936 4318 3169 4390 διαφορὰ
3199 4318 3254 4370 δὲ
3290 4318 3347 4369 ὲν
3408 4315 3489 4384 τῷ
3537 4315 3708 4385 λόγῳ,

433 4414 713 4469 deﬁnitiva
752 4414 827 4469 sit
865 4415 1006 4471 ratio
1034 4415 1153 4470 sive
1186 4415 1545 4487 descriptiva;
1578 4433 1631 4471 ν.
1679 4434 1763 4489 gr.
1806 4420 2012 4474 animal

2118 4421 2229 4473 εἴτε
2258 4418 2443 4488 opino;
2485 4417 2571 4485 εἴη
2623 4416 2733 4466 εἴτε
2780 4411 3163 4483 ὑπογραφικὸς
3210 4412 3239 4462 ὁ
3294 4406 3708 4476 ἀποδιδόμενος·

435 4506 639 4563 dicitur
686 4513 802 4561 tum
846 4507 1011 4562 homo
1045 4514 1160 4561 tum
1197 4508 1377 4578 imago
1415 4509 1673 4566 hominis.
1710 4509 1873 4576 Ecce,
1908 4512 2011 4566 ista

2118 4506 2251 4575 οἷον,
2283 4510 2504 4576 λέγεται
2547 4507 2703 4572 ζῶονι
2725 4505 2753 4557 ὄ
2784 4520 2842 4557 τε
2871 4502 3159 4574 ἄνθρωπος
3193 4499 3289 4553 καὶ
3315 4501 3350 4569 ἠ
3371 4499 3465 4552 τοῦ
3495 4496 3711 4569 ἀνθρώ-

434 4597 715 4667 aequivoca
753 4597 1148 4669 (homonyma).
1179 4596 1395 4653 Etenim
1454 4600 1756 4655 secundum
1817 4616 2017 4656 nomen

2120 4621 2223 4657 που
2248 4575 2410 4654 εἰκών
2436 4598 2548 4669 (59)
2574 4615 2585 4626 ·
2630 4597 2740 4650 ἰδοὺ
2779 4595 2956 4648 ταῦτα.
2989 4592 3256 4663 ὁμώνυμα
3284 4607 3299 4623 ο
3330 4590 3469 4644 κατὰ
3504 4589 3613 4660 γὰρ
3644 4589 3713 4642 τδ

436 4691 613 4745 solum
657 4706 724 4746 ac
769 4705 957 4747 vocem
991 4692 1347 4757 conveniunt,
1387 4692 1596 4749 scilicet
1625 4693 1827 4747 animal
1854 4694 2015 4763 (nihil

2120 4693 2291 4761 ὄνομα
2322 4691 2482 4759 μόνον
2517 4685 2836 4740 κοινωνοῦσι
2862 4684 2997 4753 (60),
3033 4682 3283 4736 τουτέστι
3332 4679 3395 4734 τὸ
3428 4680 3567 4744 ζῶον
3593 4680 3711 4751 (οὐ-

434 4784 581 4843 enim
620 4780 844 4852 impedit
870 4782 1167 4853 quominus
1183 4793 1237 4838 et
1269 4784 1451 4854 imago
1469 4784 1770 4854 appelletur
1789 4786 2012 4851 animal,

2119 4784 2207 4838 δὲν
2238 4782 2346 4851 γὰρ
2377 4780 2575 4834 κωλύει
2599 4778 2691 4831 καὶ
2717 4777 2818 4846 τὴν
2848 4776 3030 4828 εἰκόνα
3058 4773 3197 4838 ζῶον
3220 4770 3426 4833 καλεῖν,
3456 4772 3580 4824 ἐπεὶ
3611 4771 3709 4822 καὶ

433 4890 560 4929 cum
610 4882 666 4930 et
705 4889 800 4930 eos
852 4876 947 4945 qui
995 4875 1113 4929 haec
1146 4875 1379 4945 pingunt
1417 4875 1656 4945 pictores
1693 4876 2013 4931 animalium

2122 4875 2246 4935 τοὺς
2278 4870 2455 4925 ταῦτα
2481 4868 2793 4938 γράφοντας
2824 4863 3154 4936 ζωγράφους
3201 4860 3533 4931 καλοῦμενΥ
3564 4860 3708 4912 κατὰ

434 4965 842 5035 appellemus);
870 4966 1173 5022 secundum
1240 4966 1509 5021 rationem
1554 4982 1686 5021 vero
1732 4966 2011 5036 dill‘erunt;

2120 4966 2180 5021 δὲ
2215 4965 2305 5018 τὸν
2331 4965 2486 5032 λόγον
2505 4959 2859 5029 διαφέρουσιν
2889 4973 2902 4988 ·
2942 4956 3101 5011 ἄλλον
3124 4955 3232 5025 γὰρ
3264 4954 3361 5008 καὶ
3402 4952 3561 5007 ἄλλον
3586 4954 3705 5022 ὁρι-

434 5074 560 5114 nam
592 5061 756 5114 etiam
794 5069 957 5131 atque
990 5060 1152 5115 aliam
1192 5059 1563 5115 deﬁnitionem
1599 5060 1712 5115 sive
1741 5061 2009 5116 rationem

2123 5058 2259 5129 σμὸν
2286 5057 2406 5126 ἦτοι
2455 5054 2614 5122 λόγον
2648 5050 2961 5119 ἐπιδέχεται
3021 5046 3283 5115 ἑκάτερον
3338 5043 3523 5098 αὐτῶν
3550 5042 3702 5114 (61)·

434 5152 665 5221 suscipit
690 5166 882 5207 eorum
909 5162 1225 5221 utrumque.
1262 5150 1440 5207 Homo
1466 5152 1613 5207 enim
1640 5160 1726 5208 est
1754 5152 2013 5208 substan-

2121 5147 2275 5217 ὁμὲν
2331 5146 2436 5216 γάρ
2496 5144 2647 5196 ἐστιν
2696 5139 2858 5193 οὐσία
2905 5137 3152 5207 ἔμψυχος
3208 5132 3549 5204 αἰσθητικδς,
3582 5134 3616 5198 ἡ
3644 5132 3704 5184 δὲ

437 5247 510 5307 tia
549 5246 787 5302 animata
821 5255 875 5301 et
912 5246 1191 5312 sentiens,
1226 5246 1405 5313 imago
1437 5259 1568 5298 vero
1602 5242 1887 5299 manifeste
1912 5258 2009 5298 ne-

2120 5240 2364 5312 δηλονότι
2424 5236 2549 5289 οὔτε
2602 5232 2847 5304 ἔμψυχος
2903 5228 3030 5283 οὔτε
3064 5226 3408 5296 αἰσθητικὸς,
3446 5224 3612 5296 τέχνῃ
3642 5222 3703 5278 δὲ

1946 5353 2181 5409 ΝΟΤΕ.

509 5454 621 5524 (56)
652 5452 789 5509 Cod.
817 5450 962 5524 Moti.
995 5451 1106 5507 222
1137 5450 1175 5506 Γ.
1210 5450 1280 5507 58
1316 5450 1348 5505 1)
1381 5467 1394 5503 :
1424 5449 1632 5503 Φωτίου
1668 5446 1888 5516 σύνοψις
1901 5351 2414 5524 τένΟΤξωνοῦντᾳ,
2447 5441 2672 5524 {acies
2698 5440 2788 5494 τὸν
2814 5435 3153 5524 Atinam-1x3)!
3638 5444 3701 5524 ξε

437 5502 968 5593 atii'iuﬁk'ogiai
1213 5502 1276 5507 Π
1316 5502 1340 5505 ἡ
1384 5502 1389 5503 ί
1564 5589 1571 5593 _
1735 5588 1746 5593 _
1944 5587 1959 5593 _
2120 5502 2433 5593 ὑςπογραφῆ,
2458 5511 2785 5582 διαφέροντα
2815 5525 2828 5540 ·
2862 5504 2975 5562 οἷον
3003 5502 3297 5574 ἄνθρωπος
3319 5503 3413 5555 καὶ
3435 5503 3468 5571 ἡ
3495 5502 3590 5554 τοῦ
3640 5502 3698 5555 ἀ.

513 5595 628 5663 (57)
659 5587 944 5648 Μὸιι.’22⁶2
973 5609 987 5647 :
1015 5591 1137 5647 Τῶν
1161 5592 1331 5646 ὄντων
1357 5591 1495 5645 κα.τά
1524 5589 1621 5660 τὴν
1656 5588 1791 5659 πρὸς
1810 5587 2011 5657 ἄλληλα
2119 5611 2121 5637 λ

1766 5587 2011 5657 ςᾶλληΜ
2119 5590 2296 5663 εἶκε-Δ
2338 5654 2387 5663 --
2696 5652 2738 5663 __
2890 5622 2893 5623 ⁷
2942 5646 2968 5659 ι.
3090 5638 3155 5663 ,τῃ
3188 5662 3193 5663 ,
3230 5642 3278 5663 ωι
3313 5642 3374 5663 γ’·

444 5638 629 5735 ᾳχέσιύ
667 5663 735 5735 ea
771 5662 1054 5735 μὲνεῑσίν.
1202 5731 1260 5735 υ
1339 5730 1385 5735 __
1472 5733 1479 5735 Α
1578 5638 1645 5735 ⁸,,
1693 5638 1723 5735 ,Γ
1931 5638 1986 5735 ι-.

2122 5638 2139 5640 ν
2157 5638 2531 5735 (60)·Μοιιοο
2553 5692 2568 5707 .
2594 5693 2622 5735 _.
2650 5667 2667 5709 :
2696 5646 3051 5735 Κοινωνοῦσι,
3084 5638 3196 5701 οἷον
3226 5642 3285 5698 τὺ
3308 5642 3471 5709 ζῶον.
3492 5642 3698 5698 Desunt

516 5719 809 5804 (58)_M0n.
864 5734 1152 5804 [lpéasacn
1192 5731 1276 5804 Cf.
1326 5730 1543 5804 Alcuin.
1581 5729 1803 5804 Dialect.
1841 5746 1891 5784 c.
1948 5727 2007 5781 ν.
2122 5745 2124 5754 ι

1333 5730 1543 5804 Alcuin.
1581 5729 1803 5804 Dialect.
1841 5746 1891 5784 c.
1948 5727 2007 5781 ν.
2122 5719 2711 5804 νειςιριιςίῃ-ροτθηιῂοεί
2740 5719 2941 5804 posita.

2194 5780 2309 5866 (61)
2344 5780 2493 5866 Ilion.
2518 5812 2531 5847 :
2576 5780 2835 5866 ’ρρισμὸν
2862 5785 3258 5866 ἁποδιξχονταιῌ
3283 5783 3401 5866 ἦτοι
3449 5781 3609 5850 λόγον
3630 5796 3646 5811 ’
3668 5780 3698 5835 6

447 5801 770 5873 (Λιιιζιέςει.
803 5817 860 5867 ιι,
889 5801 929 5869 ι,
960 5818 1013 5873 ιι.
1046 5802 1178 5856 4591
1214 5802 1295 5857 cd.
1332 5801 1624 5873 Basnage).
1645 5868 1656 5873 Δ
1706 5868 1727 5873 Δ
2194 5801 2309 5873 (GI)
2344 5801 2531 5873 IllonL:
2576 5801 2835 5873 ’ρρισμον
2862 5801 3214 5873 ἀποδέχονται

914 5843 929 5869 ,
1000 5841 1013 5855 .
1046 5818 1178 5856 ιουι
1214 5818 1295 5857 Ct].
1332 5818 1624 5871 basnawe).
2194 5818 2309 5866 (υι)
2344 5818 2488 5848 mou.

906 5890 919 5927 :
952 5818 1262 5943 Βράγματα
1300 5872 1441 5926 κατὰ
1475 5842 1573 5942 μὲν
1610 5868 1670 5922 τὸ
1703 5868 1873 5941 ὄνομα
1906 5887 2017 5922 κοι-
2127 5886 2187 5939 μ.
2220 5870 2327 5945 γὰρ
2358 5864 2514 5923 αὑτῶ

2194 5818 2531 5866 (Dl)1“0|l.:
2593 5818 2634 5846 υ
2680 5818 2835 5861 totum
2862 5818 3219 5865 ιιιιυυιλυνυυιτ
3289 5818 3401 5853 ιμυι
3450 5827 3452 5833 ι

1844 5887 1873 5922 a
1906 5887 2017 5922 κοι-
2127 5886 2187 5939 μ.
2220 5870 2327 5945 γὰρ
2358 5864 2569 5923 αὐτῶνο
2609 5818 2745 5917 δίδη.
2776 5858 3077 5936 apograplt.
3107 5864 3282 5912 omttt.
3321 5853 3452 5927 γάρ.

522 5872 632 5952 (59)
657 5870 871 5932 Monac.
906 5890 919 5927 :
952 5870 1262 5943 Ῑιράγματα
1300 5872 1441 5926 κατὰ
1475 5890 1511 5942 μ
