4072 6428
223 1846 260 1925 ’ἑ

233 1938 250 1987 ξ

219 1991 243 2021 -Ι

295 307 400 376 761

1237 319 1334 380 AD
1367 318 1965 382 AMPHILOCHIUM
1993 323 2343 394 QUIESTIO
2384 329 2725 391 CXXXVII.

3478 323 3585 400 762

290 432 381 485 διὰ
426 432 738 521 μιμήσεως
784 432 1225 521 Δἀποτελεσθεῖσα
1276 436 1309 506 ἢ
1350 437 1551 507 τέχνης
1603 438 1765 508 ἔργον
1801 439 1883 492 διὰ

1991 456 2097 510 que
2125 442 2368 497 animata
2403 453 2488 498 est
2521 460 2695 515 neque
2728 446 2985 513 sentiens,
3016 459 3135 506 arte
3170 466 3297 505 vero
3332 467 3429 521 per
3458 453 3585 511 1mi-

296 520 592 591 μιμήσεως
618 521 700 582 είς
735 518 952 587 γένεσιν
988 522 1335 593 προηγμένον
1351 525 1485 595 (62).
1530 526 1886 597 Ὑπογράφε-

290 629 383 667 ται
406 611 521 685 (65)
552 612 609 665 δὲ
641 613 711 665 τὰ
747 612 1017 684 ὁμώνυμα
1053 614 1261 678 οὕτως’
1303 615 1574 688 ὁμώνυμᾶ
1601 619 1707 669 εἰσι
1743 617 1885 688 πρά-

294 721 504 776 γματα,
557 698 633 757 ὧν
686 703 1036 774 πραγμάτων
1084 705 1256 774 ὄνομα
1306 706 1469 776 μόνον
1509 708 1707 773 κοινὸν,
1754 709 1783 759 6
1828 707 1885 760 δὲ

294 800 442 851 κατὰ
466 796 528 849 τὸ
549 796 722 867 ὄνομα
748 794 907 865 λόγος
926 795 1040 865 (61)
1077 797 1177 867 τῆς
1210 798 1402 861 οὐσίας
1431 798 1619 871 ἕτερος
1647 818 1658 829 ·
1696 800 1886 868 ὄνομα

293 890 351 944 δὲ
381 888 620 944 ἐνταῦθα
646 888 836 952 ἁπλῶς
868 889 966 962 τὴν
1018 890 1291 961 τυχοῦσαν
1324 890 1469 958 λέξιν
1516 890 1738 945 ἀκούειν
1781 892 1882 955 δεῖ,

297 987 392 1039 καὶ
423 986 640 1040 οὐσίαν
694 985 882 1049 ἁπλῶς
936 986 1036 1055 τὴν
1088 985 1323 1040 ἑκάστου
1349 984 1461 1054 (65)
1515 984 1885 1054 ὐποστατικὴν

297 1077 533 1149 ὓπαρξιν
557 1078 661 1133 κάν
692 1096 752 1131 τε
792 1078 949 1132 οὐσία
985 1079 1069 1149 εἴη
1103 1077 1329 1149 κυρίως,
1374 1079 1477 1131 κᾶν
1503 1094 1563 1130 τε
1606 1075 1885 1148 συμϐεϐη-

295 1172 391 1234 κός
414 1171 548 1241 (66).
598 1172 742 1225 Ἀλλ’
773 1166 931 1234 οὗτος
988 1173 1087 1241 μὲν
1146 1173 1175 1224 6
1222 1172 1382 1239 λόγος
1415 1169 1523 1223 τῶν
1570 1169 1883 1240 ὁμωνύμων

294 1265 648 1336 πραγμάτων
687 1265 925 1337 ὑπάρχει
947 1282 961 1295 ο
996 1263 1155 1335 αὐτῇ)
1187 1263 1373 1335 μέντοι
1406 1280 1469 1331 γε
1505 1265 1572 1334 τῇ
1600 1262 1880 1334 ὁμωνύμῳ

291 1361 445 1429 φωνῇ
474 1358 574 1412 οὐκ
592 1359 658 1413 ἂν
689 1359 1013 1429 άρμόσειεν,
1044 1356 1162 1411 ἀλλ’
1185 1357 1270 1428 εἴη
1302 1356 1369 1410 ἂν
1391 1357 1563 1426 αὐτῆς
1590 1357 1622 1427 ἡ
1645 1357 1886 1428 ὑπογρα-

290 1451 369 1520 φὴ
428 1451 684 1522 τοιαύτη·
730 1450 1022 1521 ὁμώνυμός
1078 1452 1196 1502 ἐστι
1240 1449 1394 1519 φωνὴ
1436 1451 1469 1519 ή
1504 1449 1729 1502 πλείονα
1790 1450 1884 1501 καὶ

290 1543 627 1615 διαφέροντα
667 1543 974 1615 πράγματα
1005 1542 1149 1596 κατὰ
1196 1542 1492 1613 διαφόρους
1541 1542 1883 1612 σημαίνουσα

288 1633 527 1698 ἑννοίας.
557 1635 670 1689 Καὶ
691 1635 762 1689 τὰ
819 1635 929 1705 (67)
963 1634 1062 1704 μὲν
1096 1632 1367 1705 ὁμώνυμα
1393 1632 1488 1687 ἐπὶ
1515 1633 1789 1688 τοσοῦτον.

1992 534 2255 589 tationem
2288 535 2540 592 confecta
2593 539 2709 593 sive
2754 543 2890 596 artis
2927 557 3068 612 opus
3090 558 3187 613 per
3218 543 3583 601 imitationem

1992 625 2045 678 in
2080 632 2261 679 ortum
2295 628 2647 696 productum.
2698 629 3096 688 Describuntur
3130 650 3261 690 vero
3302 636 3584 707 mquivoca

1991 717 2073 772 sic
2111 735 2124 771 :
2158 716 2467 788 [Equivoca
2529 728 2659 775 sunt
2703 737 2813 787 res,
2853 739 3085 792 quarum
3146 742 3331 781 rerum
3384 742 3585 783 nomen

1991 809 2171 862 solum
2223 825 2519 865 commune
2546 820 2651 875 cst,
2677 812 2815 865 ratio
2849 829 2976 867 vero
3006 816 3325 871 substantiae
3359 832 3456 888 per
3484 833 3584 872 uo-

1990 916 2113 955 men
2146 902 2436 972 importata
2472 903 2709 959 diversa.
2744 903 2951 959 Nomen
2981 921 3108 961 vero
3146 908 3233 962 hic
3262 909 3584 979 simpliciter

1987 994 2213 1049 denotat
2269 995 2555 1065 quodlibet
2602 1016 2615 1051 :
2664 998 3028 1062 vocabulum,
3090 1001 3393 1053 substantia
3450 1016 3585 1056 vero

1989 1085 2317 1156 simpliciter
2380 1088 2776 1157 hypostaticam
2835 1089 3131 1158 cujuslibet
3176 1092 3580 1158 exsistentiam,

1988 1178 2103 1230 sive
2159 1178 2472 1234 substantia
2526 1181 2747 1249 proprie
2803 1181 2875 1236 sit
2922 1182 3035 1235 sive
3064 1181 3340 1237 accidens.
3378 1181 3581 1236 Verum

1987 1268 2104 1322 lucc
2152 1268 2292 1324 ratio
2344 1270 2497 1324 rebus
2552 1270 3181 1340 mquivocismonvenit;
3239 1287 3349 1327 non
3396 1283 3581 1328 autem

1996 1359 2211 1414 vocibus
2247 1360 2548 1432 aequivocis
2595 1372 2720 1431 apta
2780 1368 2905 1418 esSe
2966 1363 3218 1430 videtur;
3248 1364 3341 1419 sed
3385 1364 3581 1419 harum

1984 1451 2283 1521 descriptio
2315 1453 2431 1508 ham
2460 1454 2567 1508 erit
2596 1471 2609 1509 :
2645 1469 2746 1509 vox
2805 1455 3088 1526 aequivoca
3159 1466 3265 1523 est,
3301 1473 3425 1528 qua:
3456 1458 3579 1528 plu-

1986 1557 2074 1597 res
2124 1553 2291 1614 atque
2333 1544 2650 1602 differentes
2679 1562 2783 1614 lres
2837 1549 3139 1603 secundum
3189 1548 3440 1605 diversas
3478 1566 3582 1605 no-

1985 1634 2165 1690 tiones
2211 1636 2509 1706 signilicat.
2543 1638 2723 1709 Atque
2768 1639 2885 1695 haec
2913 1640 2981 1697 de
3014 1641 3314 1710 mquivocis
3365 1640 3582 1709 (hamo-

1987 1726 2187 1797 nymis)
2221 1726 2365 1781 dicta
2394 1737 2582 1783 sunto.

363 1840 435 1903 γ’.
466 1831 766 1902 Συνώνυμα
795 1834 851 1887 δέ
882 1834 986 1885 εἰσι
1026 1834 1093 1885 τὰ
1135 1832 1326 1902 ἔχοντα
1357 1822 1451 1887 διαὶ
1500 1835 1559 1886 τὸ
1592 1834 1723 1887 αὐτὸ
1763 1835 1881 1887 ὅνο-

2059 1820 2111 1873 3.
2151 1818 2395 1875 ilnivoca
2446 1838 2542 1876 seu
2598 1838 2900 1894 synonyma
2967 1836 3137 1891 sunt,
3171 1841 3294 1896 qua!
3332 1836 3388 1882 et
3434 1827 3579 1881 idem

292 1946 373 1999 μα
405 1931 502 1983 καὶ
530 1929 621 1981 τὸν
642 1930 804 1981 αὐτὸν
854 1924 965 1993 (68)
1009 1928 1168 1995 λόγον
1197 1943 1210 1956 ⁸
1241 1922 1352 1981 οἷον
1380 1928 1518 1993 ζῶον
1540 1931 1566 1982 ὃ
1594 1946 1654 1982 τε
1677 1930 1885 2000 ἄνἸρω-

244 2020 247 2025 ’
292 2039 395 2085 πος
421 2020 535 2092 (69)
570 2021 664 2074 καὶ
688 2022 716 2072 6
779 2021 946 2083 ἵππος
969 2036 983 2050 °
1025 2021 1135 2074 ἰδοὺ
1182 2022 1360 2074 ταῦτα
1428 2019 1720 2091 συνώνυμα
1743 2038 1756 2052 ·
1791 2024 1886 2075 καὶ

290 2114 402 2183 γὰρ
448 2113 543 2167 καὶ
590 2112 650 2166 τὸ
690 2113 861 2183 ὄνομα
899 2113 1008 2185 (70)
1042 2113 1222 2166 αὐτῶν
1275 2112 1334 2169 ἓν
1372 2114 1520 2168 ἐστιν
1547 2115 1658 2182 (7i)
1690 2108 1802 2167 οἷον
1825 2114 1886 2167 τὸ

290 2203 456 2270 ζῶον,
506 2207 601 2259 καὶ
638 2206 667 2257 6
726 2206 884 2274 λόγος
921 2206 1101 2259 αὐτῶν
1130 2206 1157 2257 6
1203 2206 1344 2261 κατά
1385 2207 1447 2258 τὸ
1478 2206 1617 2270 ζῶον
1649 2210 1677 2260 6
1721 2207 1885 2269 αὐτός

289 2297 462 2352 ἐστιν.
482 2296 887 2367 ’Υπογράφεται
901 2297 1036 2351 δὲτὰ
1057 2297 1347 2369 συνώνυμα
1368 2296 1566 2360 οὕτως’
1594 2297 1801 2351 συνώνυ
1810 2299 1886 2365 μά

289 2391 401 2444 ttat
456 2390 776 2460 πράγματα,
803 2383 877 2445 ὧν
910 2391 1255 2461 πραγμάτων
1290 2391 1351 2445 τό
1388 2408 1447 2443 τε
1485 2391 1656 2463 ὄνομα
1707 2392 1885 2445 κοινὸν

290 2484 447 2535 καὶὸ
488 2484 631 2537 κατὰ
679 2485 741 2536 τὸ
786 2483 960 2554 ὄνομα
993 2483 1151 2553 λόγος
1200 2486 1300 2554 τῆς
1347 2483 1534 2548 οὐσίας
1566 2485 1736 2553 ἤγουν
1787 2485 1885 2554 τῆς

291 2575 670 2646 ὐποστατικῆς
736 2576 1028 2643 ὑπάρξεως
1074 2577 1103 2629 6
1173 2575 1335 2639 αὐτός
1366 2575 1502 2645 (72).
1560 2577 1773 2645 Ὥσπερ
1826 2576 1883 2628 δὲ

288 2666 455 2722 ἄλλον
499 2667 599 2737 μὲν
646 2666 807 2736 λόγον
865 2666 1081 2737 ἐδέχετο
1111 2667 1179 2721 τὰ
1234 2667 1524 2739 ὁμώνυμα,
1555 2668 1715 2723 ἄλλον
1744 2668 1799 2721 δὲ
1850 2670 1882 2739 ἠ

288 2756 580 2828 ὁμώνυμος
608 2759 784 2829 φωνὴ,
814 2758 991 2822 οὕτως
1022 2758 1121 2812 καὶ
1166 2759 1259 2811 ἐπὶ
1292 2758 1404 2814 τῶν
1432 2758 1766 2829 συνωνύμων
1796 2775 1808 2787 ·
1857 2761 1885 2812 ὁ

290 2849 403 2919 γάρ
442 2852 735 2920 εἰρημένος
786 2850 943 2918 λόγος
984 2850 1084 2903 οὐκ
1115 2850 1182 2904 ἂν
1210 2849 1472 2922 ἁρμόσειε
1519 2852 1616 2905 καὶ
1642 2854 1711 2922 τῇ
1748 2868 1879 2904 συν-

289 2940 498 3012 ωνύμῳ
522 2943 709 3012 φωνῇ’
739 2940 854 2996 ἀλλ’
888 2942 971 3011 εἴη
1032 2941 1097 2995 ἂν
1126 2942 1297 3013 αὐτῆς
1325 2943 1524 3006 οἰκεῖος
1550 2945 1577 2995 6
1606 2942 1845 3005 τοιοῦτος
1865 2958 1880 2972 °

298 3027 617 3100 συνώνυμός
638 3032 754 3083 ἐστι
782 3031 933 3099 φωνὴ
958 3033 990 3101 ή
1014 3031 1236 3084 πλείονα
1261 3032 1355 3085 καὶ
1384 3032 1711 3102 διαφέροντα
1734 3032 1904 3105 πρά-θ

1988 1928 2186 1966 nomen
2220 1912 2423 1967 habent
2457 1922 2511 1967 ct
2543 1918 2791 1969 eamdem
2832 1918 3120 1982 rationem,
3150 1918 3317 1972 veluti
3372 1918 3581 1973 animal

1986 2014 2071 2060 est
2095 2014 2208 2059 tum
2244 2006 2411 2059 homo
2436 2015 2548 2060 tum
2574 2022 2778 2077 equus;
2808 2023 2932 2063 ecce
2958 2008 3062 2062 ista
3086 2010 3339 2065 univoca.
3364 2006 3577 2064 Etenim

1988 2106 2102 2152 tum
2163 2113 2359 2152 nomen
2420 2098 2666 2168 ipsorqu
2738 2116 2909 2154 unum
2969 2109 3089 2166 est,
3131 2100 3297 2154 veluti
3348 2102 3578 2166 animal,

1988 2202 2107 2249 tum
2136 2195 2275 2248 ratio
2306 2194 2549 2264 ipsorum
2578 2196 2882 2248 secundum
2915 2197 3059 2265 quod
3095 2206 3326 2265 uterque
3350 2196 3581 2264 εει,εηὶ-

1997 2288 2132 2353 mal,
2168 2290 2384 2342 eadem.
2418 2285 2817 2342 Describuntur
2851 2303 2984 2341 vero
3012 2289 3246 2342 univoca
3280 2287 3353 2341 ita
3388 2306 3403 2341 :
3443 2286 3580 2342 Uni-

1987 2393 2122 2434 voca
2156 2387 2285 2433 sunt
2315 2394 2423 2443 res,
2456 2394 2690 2448 quarum
2730 2394 2913 2433 rerum
2945 2395 3141 2432 nomen
3176 2392 3470 2434 commune
3495 2387 3579 2435 est

1987 2475 2041 2523 et
2069 2467 2210 2522 ratio
2238 2469 2559 2523 substantia:
2584 2469 2697 2523 sive
2723 2469 3077 2539 hypostaticac
3122 2470 3457 2524 exsistentizn
3480 2485 3578 2540 per

1987 2574 2188 2615 nomen
2257 2560 2548 2628 importata
2636 2560 2845 2615 eadem.
2916 2558 3391 2625 Quemadmodum
3448 2574 3578 2615 vero

1989 2650 2153 2705 aliam
2238 2650 2616 2704 deﬁnitionem
2704 2661 3041 2718 acceperunt
3120 2665 3211 2703 res
3258 2648 3577 2718 aequivocae.

1988 2743 2152 2796 aliam
2206 2757 2335 2796 vero
2368 2742 2647 2813 aequivoca
2678 2758 2802 2807 vox,
2836 2743 2909 2797 ita
2947 2750 3001 2796 et
3035 2744 3089 2797 in
3121 2742 3368 2797 univocis
3398 2757 3487 2797 res
3520 2757 3582 2798 se

1988 2834 2169 2898 habet,
2220 2833 2490 2888 Praedicta
2534 2833 2681 2887 enim
2714 2834 2853 2888 ratio
2903 2834 3047 2888 haud
3102 2843 3369 2905 congruet
3411 2833 3577 2887 etiam

1988 2927 2236 2981 univocae
2270 2927 2412 2988 voci,
2445 2942 2635 2981 verum
2679 2926 2800 2995 ejus
2839 2926 3058 2996 propria
3106 2926 3208 2981 ista
3237 2926 3365 2981 erit.
3403 2925 3581 2997 Syno-

1987 3033 2148 3089 nyma
2182 3034 2290 3073 vox
2324 3034 2387 3073 ea
2414 3027 2519 3084 cst,
2549 3035 2672 3089 quae
2705 3020 2892 3088 plures
2919 3026 2975 3073 et
3004 3017 3320 3073 dill‘ereutes
3358 3032 3447 3073 res
3488 3033 3582 3073 se-

294 3136 485 3189 γματα
539 3120 685 3173 κατὰ
726 3121 855 3191 μίαν
900 3123 995 3174 καὶ
1038 3122 1137 3193 τὴν
1180 3122 1350 3192 αὐτὴν
1382 3122 1589 3176 ἔννοιαν
1622 3124 1878 3195 δηλοῦσα.

1987 3110 2225 3166 cundum
2279 3128 2446 3167 unam
2490 3113 2854 3182 eamdemque
2905 3111 3189 3165 notionem
3238 3109 3577 3167 manifestat.

299 3211 513 3283 Ὠσπερ
537 3214 593 3267 δὲ
625 3215 716 3267 ἐπὶ
745 3214 851 3267 τῶν
877 3214 1213 3286 συνωνύμων
1245 3217 1340 3270 καὶ
1365 3215 1673 3287 ὁμωνύμων
1702 3217 1882 3286 ἕτεροι

297 3308 401 3376 μὲν
430 3306 753 3376 ἐδείχθησαν
784 3308 962 3361 αὐτῶν
987 3310 1037 3361 οἱ
1064 3308 1239 3376 λόγοι,
1262 3308 1444 3381 ἕτεροι
1471 3311 1528 3362 δὲ
1559 3311 1742 3364 αὐτῶν
1776 3312 1885 3364 τῶν

294 3396 493 3464 φωνῶν
524 3397 619 3449 καὶ
660 3397 768 3450 τῶν
812 3399 1119 3469 ὀνομάτων,
1151 3398 1325 3462 οὕτως
1351 3401 1444 3452 καὶ
1475 3401 1565 3453 ἐπὶ
1593 3400 1703 3453 τῶν
1738 3417 1883 3471 παρ-

290 3485 403 3539 ωνύ
413 3506 530 3556 μων
564 3487 659 3540 καὶ
710 3488 957 3541 πολυωνύ
967 3508 1084 3559 μων
1115 3491 1209 3543 καὶ
1238 3491 1599 3562 ὲτερωνύμων
1625 3492 1741 3544 ἔστι
1766 3492 1883 3545 δια-

293 3579 602 3647 σκέψασθαι
630 3595 643 3607 ·
674 3581 769 3633 καὶ
799 3580 961 3651 ῥᾳδία
1004 3580 1067 3649 γέ
1108 3583 1254 3633 ἐστιν
1286 3584 1351 3635 ὲκ
1382 3582 1489 3635 τῶν
1542 3584 1878 3653 προειρημέ-

294 3687 401 3723 νων
433 3672 528 3722 καὶ
557 3671 591 3741 ὴ
623 3672 753 3742 περὶ
808 3672 1033 3725 ἐκείνων
1072 3673 1348 3745 διάκρισίς
1377 3692 1438 3727 τε
1467 3674 1562 3727 καὶ
1614 3677 1880 3746 κατανόη-

294 3778 382 3825 σις
407 3776 419 3789 ’
456 3762 517 3813 τὸ
547 3765 656 3832 γάρ
694 3763 822 3833 περὶ
869 3763 1100 3817 ἑκάστου
1137 3764 1318 3817 αὐτῶν
1353 3762 1496 3817 οὕτω
1521 3763 1879 3830 λεπτολογίαν

291 3855 471 3908 εἰπεῖν
515 3853 592 3927 μὴ
620 3853 739 3908 λίαν
771 3851 805 3930 ᾗ
844 3856 1098 3910 ταπεινὸν
1128 3857 1222 3910 καὶ
1264 3856 1462 3924 ἀφελὲς
1508 3858 1601 3909 καὶ
1635 3856 1745 3909 οὐδ’
1779 3857 1880 3909 αὐ-

292 3949 408 4010 τοῖς
433 3950 548 4009 τοῖς
595 3948 971 4018 εἰσαγομένοις
1024 3948 1315 4019 ἀπέριττον
1350 3947 1463 4019 (75)
1489 3963 1503 3978 °
1548 3948 1627 4000 διὸ
1674 3948 1881 4019 ταύτην

291 4037 496 4100 ἐῶντες
526 4040 625 4107 τὴν
653 4039 927 4107 διάκρισιν
953 4042 1017 4092 ὲκ
1062 4038 1169 4091 τῶν
1198 4039 1504 4109 εἰρημένων
1533 4039 1717 4104 αὐτοῖς
1749 4056 1877 4092 συν-

290 4130 428 4201 ορᾷν
452 4129 523 4184 τὰ
547 4129 683 4184 ἄλλα
722 4130 974 4201 λέγομεν.

366 4221 432 4275 δ’.
466 4222 785 4293 Παρώνυμα
819 4222 877 4275 δέ
922 4226 1031 4277 εἰσι
1069 4222 1137 4277 τὰ
1178 4226 1320 4280 κατά
1355 4242 1408 4279 τι
1447 4222 1741 4295 μέρος(74)
1766 4239 1881 4276 κοι-

290 4313 574 4367 νωνοῦντα
627 4317 720 4367 καὶ
744 4315 888 4369 κατά
914 4332 968 4366 τι
999 4314 1327 4386 διαφέροντα
1361 4314 1418 4369 ἓν
1456 4332 1517 4367 τε
1547 4314 1628 4384 τῷ
1654 4313 1881 4383 ὀνόματι

293 4407 396 4460 καὶ
424 4406 503 4477 τῷ
556 4406 873 4478 πράγματι·
946 4401 1056 4460 οἷον
1102 4408 1176 4469 ώς
1218 4409 1251 4477 ἡ
1312 4404 1677 4476 γραμματικὴ
1722 4406 1816 4459 καὶ
1852 4404 1880 4456 6

1985 3204 2461 3270 Quemadmodum
2509 3220 2638 3260 vero
2668 3206 2721 3260 iu
2752 3206 3078 3276 synonymis
3117 3214 3174 3258 et
3223 3204 3578 3273 homonymis

1984 3296 2104 3350 aliae
2137 3295 2428 3351 declarata:
2484 3305 2609 3351 sunt
2660 3296 2903 3366 ipsarum
2942 3311 3124 3350 rerum
3158 3294 3424 3360 rationes,
3456 3290 3578 3348 alia:

1982 3400 2113 3439 vero
2172 3400 2371 3439 vocum
2424 3396 2589 3456 atque
2620 3387 2910 3440 nominum
2972 3386 3218 3454 ipsorum
3257 3400 3270 3438 :
3303 3383 3378 3437 ita
3422 3390 3479 3437 et
3520 3382 3577 3436 in

1982 3477 2356 3548 polyonymis,
2387 3477 2729 3549 parionymis
2770 3488 2825 3531 et
2862 3475 3235 3547 heteronymis
3268 3474 3410 3529 idem
3443 3488 3576 3529 con-

1986 3573 2232 3629 siderare
2276 3573 2427 3639 licet,
2471 3582 2524 3628 et
2558 3571 2739 3627 facilis
2765 3582 2940 3628 estex
2975 3572 3040 3625 iis
3070 3586 3191 3641 qua:
3224 3570 3487 3633 diximus,
3522 3578 3578 3623 et

1988 3662 2188 3717 horum
2230 3663 2516 3718 distinctio
2547 3679 2611 3718 ac
2637 3663 3079 3733 comprehensio.
3112 3659 3246 3715 Nam
3289 3659 3356 3715 de
3389 3659 3577 3729 singu-

1987 3755 2055 3809 lis
2086 3770 2277 3809 eorum
2313 3755 2387 3811 ita
2414 3756 2665 3810 minutim
2695 3757 2989 3820 disserere,
3014 3753 3172 3809 valde
3196 3754 3336 3808 foret
3368 3752 3578 3805 humile

1989 3863 2053 3904 ac
2086 3848 2294 3919 puerile
2328 3858 2382 3904 et
2426 3850 2561 3919 ipsis
2594 3849 2865 3904 tironibus
2898 3848 3093 3903 inutile
3119 3862 3184 3901 ac
3214 3842 3574 3916 superﬂuum.

1988 3936 2197 3994 Idcirco
2225 3942 2386 3994 istam
2419 3940 2827 3995 distinctionem
2861 3938 3338 4009 praetermittentes
3367 3950 3433 3990 ex
3460 3932 3574 4005 jam

1987 4031 2145 4088 dictis
2181 4047 2277 4088 eos
2304 4032 2516 4103 reliqua
2551 4033 2807 4102 colligere
2830 4032 3109 4101 jubemus.

2059 4216 2113 4270 4.
2168 4213 2585 4269 Denominativa
2635 4213 2747 4266 sive
2792 4212 3019 4282 analoga
3050 4220 3179 4266 sunt
3210 4224 3334 4280 quae
3376 4222 3572 4262 secun-

1988 4304 2118 4361 dum
2182 4314 2394 4376 partem
2449 4304 2743 4375 quamdam
2794 4302 3133 4358 conveniunt
3164 4309 3220 4353 et
3265 4299 3569 4355 secundum

1989 4399 2151 4453 aliam
2189 4405 2397 4467 partem
2424 4398 2686 4451 dillerunt
2718 4405 2832 4450 tum
2859 4394 3082 4449 nomine
3109 4404 3223 4448 tum
3253 4393 3369 4464 ipsa
3397 4407 3483 4457 re,
3517 4406 3569 4444 v.

293 4497 690 4567 γραμματικός
711 4512 726 4528 ο
758 4500 787 4550 6
820 4496 928 4569 γὰρ
967 4496 1360 4569 γραμματικὸς
1405 4495 1649 4565 δηλονότι
1687 4511 1880 4547 κοινω-

1989 4506 2071 4563 gr.
2101 4492 2463 4562 grammatica
2499 4499 2551 4545 et
2575 4489 2985 4558 grammaticus.
3016 4484 3151 4540 Nam
3180 4485 3571 4556 grammaticus

1812 4671 2054 4735 NOTIE.

373 4845 486 4921 (69.)
526 4845 934 4921 Monaimmed.
973 4861 1095 4919 post
1134 4853 1227 4904 cit.
1264 4851 1425 4921 verba
1460 4847 1540 4921 [n.
1569 4848 1651 4921 5.]
1685 4867 1698 4909 ;
1733 4851 1883 4904 Ζῶον

294 4918 521 4991 λογικὸν
548 4918 763 4991 Θνητὸν,
798 4921 888 4972 νοῦ
916 4918 1009 4973 καὶ
1031 4923 1345 4991 ἐπιστήμης
1377 4918 1651 4991 δεκτικὸν,
1716 4922 1764 4991 -ή
1824 4922 1881 4974 δὲ

295 4991 457 5073 δῆλον
488 4988 725 5068 ὅτι-οὐτε
750 4991 949 5073 ⁸λογιξιλιί)
980 4993 1127 5073 ἐστιν
1148 4988 1272 5073 οὐτέ
1297 4988 1428 5045 ἄλλο
1454 5006 1507 5043 τι
1537 4989 1645 5042 τῶν
1704 4988 1882 5059 ἁρμο-

300 5059 611 5133 ζόντων-τῷ
641 5059 762 5111 κατ’
784 5059 1059 5133 ᾲάλήθειαν
1091 5061 1384 5133 άνθρώπῳ.

374 5131 488 5201 (65)
521 5127 735 5201 _M_unac.
772 5127 1211 5201 ὐπογράφεσθαιζ

509 5197 736 5287 “Monac.
786 5199 865 5256 Ὁ.
893 5197 1090 5287 ⁷Ὲστὶν
1116 5203 1359 5287 ύνόματα
1390 5201 1501 5287 τῷν
1531 5201 1879 5287 πραγμάτων

298 5260 392 5324 ὤν’
408 5260 578 5338 ὄνομα
636 5270 797 5339 μόνον
850 5273 1051 5334 κοινὸν,
1115 5274 1146 5325 ὁ
1189 5260 1248 5327 δὲ
1304 5273 1447 5326 κατὰ
1496 5260 1737 5340 τοῦνομα
1795 5271 1883 5323 λό-

298 5340 762 5413 yocsicﬁristot.
794 5357 845 5413 ς).
880 5344 932 5408 1,
968 5342 1069 5413 ξι.

374 5410 489 5481 (65)
520 5409 631 5480 Τὴν
656 5412 925 5481 τυχοῦσαν
950 5409 1206 5466 ἐόιάστου.
1235 5412 1453 5468 Monac.

373 5481 484 5552 (66)
518 5480 651 5552 Quae
682 5480 1017 5550 sequuntur,
1057 5485 1255 5538 desunt
1286 5487 1338 5537 in
1376 5484 1517 5538 Mon.

369 5548 483 5625 (67)
524 5548 711 5625 Venet.
741 5548 913 5625 Apog.
949 5556 1226 5617 mendose,
1257 5556 1549 5625 xa‘cd‘pév.

368 5621 485 5692 (68)
530 5621 707 5675 Αὐτὸν
763 5621 919 5679 deest
984 5625 1039 5678 in
1090 5627 1330 5695 Amphil.
1387 5621 1552 5691 van;
1596 5624 1795 5695 legitur
1829 5623 1881 5677 in

348 5707 510 5748 0020.

348 5707 510 5748 onac.

288 5704 343 5760 Μ
366 5762 482 5834 (69)
517 5762 667 5819 Μοη.
705 5756 831 5819 Οἷον
865 5764 940 5829 ὡς
971 5766 998 5817 6
1023 5766 1309 5837 ἄνθρωπος
1337 5784 1389 5820 κ.
1422 5766 1449 5818 6
1507 5764 1670 5826 ἵππος
1693 5779 1705 5793 ’
1743 5761 1872 5816 ταῦ·

1985 4866 2053 4901 τα
2086 4864 2202 4902 συν.

2057 4921 2169 4987 (70)
2206 4917 2349 4988 lllon.
2380 4915 2454 4970 Τὸ
2476 4919 2585 4988 γὰρ
2615 4917 2805 4985 ὄνομα.

2058 4981 2176 5060 (71)Δ
2208 4987 2355 5042 Μοη.
2392 4981 2498 5041 ’Ἑν
2523 4981 2671 5060 ἐστιν
2692 4981 3002 5060 (ἑκάτερον
3036 4985 3154 5060 γὰρ.
3192 4981 3373 5060 αὐτῷν
3401 4981 3571 5060 .ςῶον

1984 5052 2313 5130 ὀνομάζεται
2340 5073 2361 5130 f
2386 5060 2521 5130 ἀλλὰ
2551 5059 2647 5111 καὶ
2676 5061 2704 5130 6
2734 5057 2891 5130 λόγος
2910 5052 3161 5130 ἀύτῷνήὁ
3195 5055 3337 5130 πιατςὶ⁵
3365 5052 3563 5130 166:9-

1988 5124 2214 5215 μα”ζιτοι
2242 5129 2306 5215 τὸ
2332 5128 2470 5215 (iam:
2504 5131 2532 5182 6
2563 5129 2727 5208 αὐτός
2756 5129 2903 5215 ὲρτξν
2933 5143 2947 5155 ·
2972 5126 3233 5215 έκάτερον
3253 5124 3363 5215 γὰρ
3386 5124 3571 5215 αὐτῶν

1984 5193 2074 5253 τὸν
2107 5193 2263 5280 λόγον
2291 5199 2600 5269 ἐπιδέχεται
2626 5199 2727 5269 τῆς
2748 5197 2938 5260 οὐσίας
2966 5193 3215 5267 ἐμψύχου
3246 5193 3343 5247 κα.)⁹
3365 5194 3565 5263 αἰσθη-

1984 5287 2158 5322 τικου.

1982 5288 2158 5323 τικου.

2058 5341 2173 5411 (72)
2201 5338 2416 5411 Monac.
2444 5332 2545 5391 Ὧν
2576 5338 2945 5411 πραγμάτων.
2962 5336 3025 5388 τό
3060 5352 3123 5411 τε
3172 5332 3345 5411 ὄνομα
3388 5331 3569 5411 tow-6v

1984 5401 2078 5464 xui
2112 5401 2321 5477 ὁλόγος
2347 5410 2445 5479 τῆς
2472 5401 2661 5479 οὐσίας
2699 5401 2908 5469 δἀὐτὸς
2922 5408 3038 5477 ἦτοι
3064 5405 3164 5479 τῆς
3195 5401 3568 5479 ὐποστατικῆξ

1985 5470 2274 5551 ὑπάρξεως
2302 5470 2548 5551 ὁ-αὐτός.
2577 5478 2786 5533 Caetera
2821 5470 2994 5546 usque
3034 5475 3100 5529 ad
3124 5470 3297 5529 linem
3340 5473 3505 5543 hujus
3537 5470 3573 5543 ᾖ

1984 5549 2181 5606 desunt
2212 5551 2265 5602 in
2306 5549 2452 5603 Men.

2058 5622 2167 5690 (75)
2203 5620 2295 5675 Sic
2327 5616 2444 5675 Vat.
2481 5618 2616 5673 Ven.
2650 5620 2855 5690 Apogr.
2892 5616 3168 5688 περιττόν.

2010 5740 2013 5743 .
2059 5692 2172 5764 (74)
2204 5691 2410 5762 Apogr.
2448 5692 2581 5746 Ven.
2615 5690 2756 5743 κατὰ
2790 5689 2978 5760 μέρος.
