4072 6432
268 271 374 338 765

1095 277 1198 339 AD
1246 278 1839 342 AMPHILOCHIUM
1880 277 2228 345 OU/ESTIO
2266 285 2606 351 CXXXVII.

3447 298 3552 365 766

266 389 377 440 οὐκ
420 385 489 441 ἐν
524 386 942 457 ὑποκειμένῳο
991 388 1248 441 οὐδέποτε
1300 390 1409 462 γὰρ
1443 391 1478 460 ἡ
1519 390 1680 443 οὐσία
1714 390 1852 460 εὑρι-

1970 391 2290 451 Substantia
2332 410 2515 453 autem
2568 409 2800 456 vocatur
2843 418 2948 457 non
2987 404 3043 458 in
3086 403 3360 475 subjecto;
3404 423 3548 465 nuu-

268 493 458 532 σκεται
478 479 537 530 ἐν
561 478 709 549 ἄλλῳ
732 479 846 534 τινὶ
876 479 1014 550 πρὸς
1042 479 1280 551 ὓπαρξιν
1298 480 1469 551 αὐτῆς
1494 481 1862 534 συντελοῦντιο

341 679 408 734 θ’.
450 677 528 732 Τὸ
577 678 636 732 δὲ
686 678 918 733 καθόλου
978 680 1199 749 λέγεται
1253 681 1383 736 καθ’
1411 683 1811 753 ὑποκειμένου
1842 701 1857 717 ·

269 774 357 827 ἀεὶ
385 776 495 843 γὰρ
527 772 587 826 τὸ
622 772 853 827 καθόλου
910 774 1056 828 κατά
1110 791 1257 839 τινος
1307 776 1673 847 ὑποκειμένου
1711 777 1862 849 αὑτῷ

270 865 691 934 κατηγορεῖται·
716 863 785 916 τὰ
843 862 901 916 δὲ
943 864 1148 934 μερικὰ
1189 865 1408 935 λέγεται
1448 868 1521 922 οὐ
1550 868 1680 922 καθ’
1708 870 1861 924 ὑπο-

270 956 547 1024 κειμένου
592 956 700 1009 ’ἀεὶ
725 956 835 1025 γὰρ
859 955 931 1010 τὰ
965 956 1170 1029 μερικέι
1218 958 1389 1029 ἤγουν
1416 959 1487 1012 τὰ
1525 960 1706 1030 ἄτομα
1736 960 1857 1013 κατ’

269 1049 483 1112 οὐδενὸς
564 1048 931 1113 ὑποκειμένου
1000 1049 1247 1121 λέγεται.
1300 1052 1414 1105 Καὶ
1482 1052 1606 1105 ἐπεὶ
1673 1052 1707 1121 ἠ
1758 1052 1857 1122 μὲν

267 1140 425 1193 οὐσία
464 1138 714 1193 καλεῖται
744 1142 855 1193 οὑκ
888 1140 959 1193 ἐν
989 1142 1386 1210 ὑποκειμένῳ,
1414 1141 1477 1195 τὸ
1516 1142 1573 1196 δὲ
1625 1143 1854 1197 καθόλου

265 1233 395 1285 καθ’
424 1231 849 1301 ὑποκειμένου,
883 1232 1021 1303 ὁμοῦ
1056 1234 1116 1287 τό
1146 1251 1205 1286 τε
1237 1236 1347 1289 οὐκ
1371 1233 1443 1288 ἐν
1478 1237 1857 1305 ὑποκειμένῳ

263 1325 359 1378 καὶ
388 1324 450 1377 τὸ
477 1325 610 1378 καθ’
642 1326 1043 1394 ὑποκειμένου
1063 1325 1513 1396 λαμϐανόμενον·
1554 1326 1668 1394 τὴν
1711 1331 1853 1381 καθ-

262 1418 413 1472 όλου
469 1418 691 1471 οὐσίαν
780 1419 1001 1480 πάντως
1040 1417 1332 1490 δηλώσειεν
1361 1434 1375 1448 °
1431 1413 1542 1473 οἷον
1584 1419 1662 1483 ὡς
1689 1420 1854 1492 ’τύπῳ

261 1511 439 1563 εἰπεῖν
460 1510 555 1563 τὸν
583 1510 813 1564 καθόλου
837 1510 1127 1583 ἄνθρωπον
1150 1529 1166 1544 ο
1195 1514 1224 1565 ὁ
1252 1511 1360 1583 γὰρ
1387 1513 1617 1567 καθόλου
1641 1514 1854 1584 avom»-

261 1619 366 1667 πος
399 1603 523 1657 καθ’
575 1603 936 1665 ὑποκειμένου
979 1603 1078 1672 μὲν
1103 1604 1215 1677 (93)
1272 1604 1492 1673 λέγεται
1547 1605 1644 1659 τοῦ
1704 1625 1853 1672 τινος

258 1696 574 1767 ἀνθρώπου,
620 1687 732 1749 ὁῗον
779 1696 1069 1761 Πλάτωνος
1132 1698 1165 1767 ἢ
1218 1697 1381 1752 ἄλλου
1429 1698 1574 1763 τινὸς
1601 1698 1736 1769 (99),
1794 1702 1853 1754 ἐν

1965 499 2132 554 quam
2162 488 2309 541 enim
2342 490 2653 547 substantia
2688 495 2964 550 invenitur
3003 496 3056 550 in
3106 497 3220 553 alio
3264 500 3548 572 quopiam,

1964 580 2108 649 quod
2137 580 2204 635 ad
2230 582 2647 640 subsistentiam
2673 588 2796 657 ejus
2824 590 3099 645 conferat.

2031 672 2086 727 9.
2127 673 2458 732 Universale
2488 678 2689 734 dicitur
2728 682 2794 736 de
2834 684 3101 750 subjecto;
3139 700 3359 755 semper
3397 688 3546 742 enim

1962 766 2275 822 universale
2334 768 2402 823 de
2459 770 2647 840 aliquo
2720 772 2823 842 ipsi
2885 777 3133 844 subjecto
3196 780 3547 848 praedicatur.

1961 858 2319 916 Particularia
2348 861 2610 918 dicuntur
2634 881 2735 918 non
2767 866 2832 920 de
2860 869 3128 936 subjecto;
3159 886 3375 943 semper
3398 873 3545 927 enim

1958 952 2307 1021 particularia
2340 955 2457 1010 sive
2492 956 2775 1012 imlividua
2804 959 2871 1013 de
2899 960 3048 1014 nullo
3079 962 3328 1031 subjecto
3353 964 3543 1019 dicun-

1957 1049 2067 1096 tur.
2102 1043 2169 1097 Et
2210 1044 2339 1113 quia
2396 1046 2705 1102 substantia
2745 1059 2979 1105 vocatur
3034 1068 3135 1105 non
3187 1054 3243 1107 in
3285 1056 3540 1125 subjecto,

1957 1133 2269 1189 universale
2298 1151 2430 1190 vero
2459 1138 2525 1192 de
2542 1139 2804 1209 subjecto,
2834 1143 2949 1196 haec
2977 1142 3106 1211 duo,
3142 1161 3243 1199 non
3271 1147 3326 1199 in
3364 1148 3541 1216 subje-

1956 1234 2040 1279 cto
2069 1236 2123 1281 et
2146 1227 2213 1281 de
2244 1229 2503 1297 subjecto,
2555 1233 2723 1286 simul
2769 1245 2988 1305 sumpta
3030 1238 3386 1294 uniuersalem
3417 1244 3547 1295 sub-

1955 1319 2238 1386 stantiam,
2263 1320 2666 1392 designabunt;
2708 1327 2858 1381 verbi
2890 1329 3063 1397 gratia
3104 1330 3387 1386 hominem
3425 1333 3548 1388 uui-

1954 1408 2241 1463 vcrsalitcr
2301 1422 2622 1481 sumptum;
2678 1414 2842 1469 homo
2904 1416 3050 1471 enim
3114 1420 3417 1476 universim
3476 1422 3545 1476 de

1954 1497 2203 1566 subjecto
2236 1502 2457 1570 quidem
2501 1503 2725 1571 dicitur,
2782 1507 2998 1563 scilicet
3037 1510 3105 1565 de
3144 1510 3367 1567 homine
3402 1527 3545 1581 quo-

1953 1591 2100 1659 dam,
2150 1601 2211 1647 ut
2254 1594 2321 1649 de
2358 1594 2585 1650 Platone
2608 1599 2694 1652 vel
2739 1600 2807 1654 de
2855 1601 2984 1668 alio,
3020 1602 3073 1655 in
3129 1602 3376 1671 subjecto
3410 1620 3543 1659 vero

1958 1698 2067 1738 non
2116 1694 2243 1752 cst;
2292 1702 2415 1757 qua:
2456 1690 2601 1745 enim
2656 1691 2709 1745 in
2763 1692 3010 1762 subjecto
3056 1706 3187 1749 sunt
3235 1697 3541 1752 accidentia

260 1789 609 1859 ὑποκειμένῳ
642 1789 698 1842 δὲ
757 1790 858 1842 οὑκ
920 1789 1037 1843 ἔστι
1064 1805 1080 1821 ⁸
1125 1790 1194 1845 τὰ
1235 1790 1345 1863 γὰρ
1392 1792 1453 1846 ἐν
1509 1792 1852 1865 ὑποκειμένῳ

1959 1785 2086 1831 ante
2108 1778 2252 1833 dicta
2286 1789 2438 1835 sunt.
2470 1780 2712 1837 Rursum
2737 1786 2997 1854 quoniam
3034 1786 3293 1843 accidens
3322 1787 3544 1843 diceba-

259 1881 651 1952 συμϐεϐηκότα
680 1881 921 1949 ἐλέγετο.
962 1882 1135 1937 Πάλιν
1166 1884 1292 1937 ἐπεὶ¹
1333 1885 1394 1938 τὸ
1430 1886 1530 1955 μὲν
1570 1887 1851 1959 συμϐεϐηο

256 1978 354 2039 κὸς
387 1976 634 2029 ἐκαλεῖτο
682 1975 751 2028 ἐν
797 1978 1197 2044 ὑποκειμένῳ,
1250 1977 1311 2030 τὸ
1358 1977 1415 2031 δὲ
1454 1978 1688 2032 καθόλου
1720 1982 1851 2035 καθ’

253 2068 683 2138 ὑποκειμένου,
732 2067 871 2138 ὁμοῦ
917 2067 978 2121 τό
1016 2086 1075 2121 τε
1123 2069 1195 2121 ἐν
1251 2069 1627 2139 ὑποκειμένῳ
1671 2070 1856 2125 καὶτὸ

255 2164 391 2217 καθ’
450 2161 853 2231 ὑποκειμένου
912 2160 1416 2235 ).αμϐανόμενον(1)
1473 2165 1540 2218 τὸ
1588 2166 1853 2221 καθόλου

254 2251 640 2322 συμϐεϐηκὸς
699 2251 917 2315 πάντως
964 2252 1259 2322 δηλώσειεν
1288 2269 1303 2285 ο
1384 2252 1496 2308 οἷον
1562 2256 1640 2318 ὡς
1695 2256 1853 2327 τύπῳ

254 2347 319 2400 τὸ
350 2344 583 2400 καθόλου
615 2344 814 2416 χρῶμα
845 2360 858 2374 ·
892 2345 954 2398 τὸ
992 2345 1101 2415 γὰρ
1128 2347 1362 2401 καθόλου
1388 2348 1594 2420 χρῶμα
1610 2348 1687 2421 (Ξ)
1727 2350 1851 2404 καθ’

255 2438 621 2509 ὑποκειμένου
653 2438 752 2507 μὲν
777 2439 854 2508 (5)
912 2438 1134 2507 λέγεται
1185 2440 1279 2493 τοῦ
1334 2458 1483 2502 τινος
1537 2441 1849 2513 χρώματος,

249 2525 366 2582 οἷον
389 2527 543 2581 τοῦδε
576 2527 672 2581 τοῦ
703 2528 923 2591 λευκοῦ,
957 2528 1095 2583 ἀλλὰ
1124 2530 1216 2583 καὶ
1245 2531 1305 2584 ἐν
1332 2531 1679 2603 ὑποκειμένῳ
1704 2534 1853 2587 ἐστὶν

249 2621 328 2684 ὡς
367 2622 427 2674 ἐν
460 2620 697 2691 σώματι,
754 2618 867 2674 οἷον
909 2622 969 2674 ἐν
1008 2621 1146 2692 χιόνι
1171 2622 1249 2693 (4)
1286 2622 1319 2694 ἢ
1367 2623 1514 2695 ἄλλῳ
1561 2625 1692 2679 τινί.
1727 2626 1851 2681 Ἔτι

246 2716 305 2770 δὲ
334 2717 464 2772 ἐπεὶ
502 2718 563 2771 τὸ
591 2718 819 2789 μερικὸν
848 2717 1099 2772 ἐκαλεῖτο
1154 2720 1227 2773 οὐ
1256 2719 1385 2774 καθ’
1422 2721 1848 2792 ὑποκειμένου,

247 2810 283 2879 ή
320 2809 379 2863 δὲ
410 2810 569 2863 οὐσία
595 2812 709 2864 οὐκ
740 2810 812 2864 ἐν
846 2813 1222 2881 ὑποκειμένῳ
1245 2851 1261 2877 ,
1296 2811 1435 2883 ὁμοῦ
1461 2812 1523 2865 τό
1544 2830 1604 2867 τε
1630 2815 1743 2868 οὐκ
1780 2814 1851 2868 ἐν

247 2906 635 2972 ὑποκειμένῳ
664 2904 758 2959 καὶ
783 2905 845 2957 τὸ
876 2907 948 2961 οὐ
993 2905 1124 2961 καθ’
1168 2904 1575 2975 ὑποκειμένου
1606 2906 1723 2975 τὴν
1744 2924 1850 2977 με·

244 2996 439 3065 ρικὴν
477 2996 698 3050 οὐσίαν
730 2996 947 3060 πάντως
974 2995 1270 3065 δηλώσειεν
1299 3012 1315 3027 ο
1344 2989 1456 3049 οἷον
1484 2996 1561 3059 ὡς
1590 2996 1748 3067 τύπῳ
1769 2996 1845 3067 (5)

1958 1876 2048 1921 tur
2092 1870 2147 1922 in
2192 1869 2451 1939 subjecto,
2503 1872 2811 1929 universale
2856 1892 2977 1930 vero
3026 1881 3091 1931 de
3134 1878 3390 1947 subjecto,
3428 1881 3543 1935 ba‘c

1956 1958 2065 2013 duo
2092 1961 2259 2016 simul
2299 1971 2542 2032 sumpta,
2577 1964 2699 2019 scil.
2740 1968 2794 2019 in
2828 1968 3065 2036 subjecto
3096 1977 3153 2022 et
3190 1970 3253 2023 de
3280 1970 3539 2039 subjecto,

1955 2050 2179 2105 omnino
2248 2053 2492 2107 accidens
2555 2055 2855 2109 universale
2911 2056 3317 2127 indicaverint;
3375 2060 3531 2115 verbi

1955 2142 2130 2212 gratia
2160 2144 2527 2200 universalem
2568 2146 2833 2202 colorem.
2866 2147 3000 2203 Nam
3049 2150 3204 2205 color
3236 2151 3537 2206 universim

1954 2243 2208 2304 sumptus
2246 2236 2314 2292 de
2349 2237 2600 2307 subjecto
2629 2239 2833 2294 dicitur
2876 2239 3167 2311 cujusdam
3208 2243 3342 2297 certi
3383 2243 3539 2298 colo-

1953 2327 2054 2397 ris,
2089 2336 2217 2398 puta
2251 2328 2418 2399 hujus
2441 2330 2643 2385 coloris
2671 2332 2805 2398 albi,
2840 2332 2893 2387 in
2926 2333 3177 2402 subjecto
3211 2350 3342 2390 vero
3370 2336 3537 2393 etiam

1951 2429 2038 2475 est
2071 2428 2131 2474 ut
2156 2420 2210 2474 in
2246 2436 2498 2492 corpore,
2526 2423 2673 2478 velut
2706 2423 2760 2477 in
2795 2424 2919 2480 nive
2948 2426 3033 2480 vel
3067 2427 3124 2480 in
3171 2442 3230 2481 rc
3268 2428 3371 2482 alia
3401 2445 3539 2498 qna-

1952 2513 2121 2583 piam.
2157 2512 2427 2569 Praaterea
2465 2517 2725 2585 quoniam
2774 2517 3107 2586 particulare
3149 2518 3540 2574 nominabatur

1952 2622 2057 2661 non
2094 2606 2158 2660 de
2206 2607 2465 2676 subjecto,
2502 2608 2810 2663 substantia
2836 2624 2965 2663 vcro
3023 2626 3128 2664 non
3175 2612 3229 2663 in
3278 2611 3537 2680 subjecto,

1951 2701 2069 2755 haac
2111 2699 2223 2754 duo
2258 2702 2452 2767 simul,
2501 2718 2602 2756 non
2653 2702 2717 2755 de
2762 2702 2997 2771 subjecto
3053 2720 3147 2757 nec
3195 2703 3248 2756 in
3279 2703 3538 2773 subjecto,

1950 2793 2178 2850 omnino
2188 2794 2572 2861 particularem
2588 2796 2951 2849 substantiam
2974 2797 3299 2852 indicabunt
3316 2813 3332 2864 ;
3352 2813 3542 2853 exent-

1950 2887 2023 2957 pli
2055 2901 2223 2942 causa
2254 2887 2415 2941 talem
2450 2896 2504 2941 et
2534 2886 2697 2942 talem
2729 2886 3035 2951 hominem,
3076 2889 3241 2942 talem
3287 2896 3342 2943 et
3376 2888 3536 2942 talem

1949 2980 2167 3035 bovem.
2205 2979 2353 3035 Nihil
2384 2979 2531 3034 enim
2558 2980 2830 3049 ejusmodi
2864 2979 2917 3034 in
2953 2979 3201 3049 subjecto
3253 2988 3337 3034 est
3370 2978 3537 3049 (quod

249 3088 458 3149 εἰπεῖν,
484 3089 576 3143 τὸν
605 3089 754 3142 δεῖνα
799 3087 1087 3159 ἄνθρωπον
1116 3088 1149 3156 ἢ
1196 3087 1288 3141 τὸν
1324 3088 1473 3142 δεῖνα
1498 3086 1626 3158 βοῦν
1651 3105 1667 3120 ο
1699 3088 1852 3142 οὐδὲν

1955 3074 2102 3128 enim
2145 3073 2199 3129 in
2224 3072 2477 3142 subjecto
2510 3081 2613 3141 est,
2656 3072 2914 3127 accidens
2946 3086 3070 3127 esse
3103 3072 3539 3126 demonstratum

255 3179 373 3247 γὰρ
427 3178 538 3229 τῶν
589 3176 847 3230 τοιούτων
895 3178 1018 3230 οὒτε
1048 3177 1122 3247 (6)
1174 3179 1232 3230 ἐν
1287 3177 1635 3248 ὑποκειμένῳ
1701 3178 1849 3233 ἐστὶν

249 3268 441 3339 (τοῦτο
482 3269 591 3340 γὰρ
648 3266 996 3339 συμϐεϐηκὸς
1045 3267 1262 3338 ἐδείχθη
1292 3262 1523 3340 [εῖναι]ν,
1551 3266 1676 3321 οὔτε
1728 3268 1850 3323 καθ’

247 3361 625 3433 ὑποκειμένου
654 3361 834 3429 (τοῦτο
854 3361 963 3432 γὰρ
993 3359 1134 3432 [τοῦ]
1158 3360 1390 3415 καθόλου
1418 3361 1636 3431 ἐδείχθη
1660 3354 1846 3431 εἶναι).

247 3454 381 3507 Ἔτι
416 3452 475 3506 δέ
506 3451 631 3504 ἐπεὶ
648 3450 709 3504 τὸ
737 3450 963 3521 μερικὸν
992 3451 1240 3504 ἐκαλεῖτο
1264 3451 1337 3504 οὑ
1368 3450 1497 3504 καθ’
1533 3448 1851 3518 ὑποκειμέ-

239 3565 383 3613 νου,
417 3544 480 3598 τὸ
500 3543 559 3598 δὲ
584 3543 935 3615 συμϐεϐηκὸς
956 3544 1026 3597 ἐν
1045 3542 1443 3613 ὑποκειμένῳ,
1462 3543 1599 3613 ὁμοῦ
1628 3542 1689 3596 τό
1703 3559 1761 3595 τε
1780 3542 1852 3596 ἐν

236 3639 629 3710 ὑποκειμένῳ
647 3640 742 3692 καὶ
766 3639 826 3693 τὸ
846 3641 920 3692 οὑ
940 3639 1071 3693 καθ’
1086 3636 1493 3708 ὑποκειμένου
1520 3637 1588 3691 τὸ
1600 3636 1852 3707 μερικὸν

235 3728 637 3802 συμϐεϐηκὸς
677 3729 1001 3802 δηλώσειεν·
1032 3724 1146 3785 οἷον
1177 3731 1254 3794 ὡς
1283 3729 1439 3801 τύπῳ
1462 3731 1662 3793 εἰπεῖν,
1687 3729 1848 3785 τοῦτο

233 3826 301 3878 τὸ
320 3824 528 3878 λευκὸν
556 3825 589 3895 ἣ
616 3824 778 3878 τοῦτο
804 3823 864 3877 τὸ
900 3823 1068 3894 μέλαν
1094 3840 1108 3857 ο
1138 3822 1298 3877 τοῦτο
1328 3821 1437 3895 γὰρ
1466 3822 1529 3876 τδ
1555 3822 1751 3877 λευκὸν
1786 3824 1846 3876 ἐν

235 3916 473 3989 σώματι
506 3916 607 3988 μέν
660 3916 929 3981 ἐστιτινι,
969 3915 1071 3969 οὑκ
1104 3914 1220 3969 ἐστι
1251 3914 1307 3967 δὲ
1338 3914 1463 3969 καθ’
1481 3914 1846 3986 ὑποκειμένου

230 4010 392 4075 τινός
424 4026 445 4041 ⁶

1955 3164 2104 3238 fuit),
2137 3181 2313 3236 neque
2336 3165 2405 3219 de
2440 3165 2691 3234 subjecto
2710 3174 2793 3220 est
2824 3162 2991 3234 (quod
3019 3166 3166 3218 enim
3202 3162 3269 3218 de
3293 3161 3542 3231 subjecto

1954 3267 2060 3324 est,
2104 3256 2413 3313 universale
2446 3271 2571 3312 csse
2599 3254 3150 3325 demonstravimus).
3181 3254 3379 3310 Adhuc
3406 3269 3541 3310 vero

1954 3353 2217 3422 quoniam
2271 3349 2607 3421 particulare
2649 3348 2939 3404 dicebatur
2998 3364 3103 3402 non
3157 3348 3221 3402 de
3274 3348 3539 3417 subjecto,

1953 3445 2214 3502 accidens
2239 3460 2392 3507 vero,
2424 3444 2479 3497 in
2518 3441 2773 3510 subjecto,
2804 3441 2922 3496 haec
2957 3441 3088 3504 duo,
3124 3440 3180 3493 in
3221 3440 3458 3507 subjecto
3488 3448 3543 3493 et

1952 3554 2059 3593 non
2105 3538 2169 3591 de
2215 3536 2456 3605 subjecto
2501 3532 2746 3587 accidens
2798 3530 3131 3601 particulare
3162 3529 3539 3594 denotabunt;

1954 3632 2103 3688 verbi
2136 3631 2314 3703 gratia
2344 3630 2449 3683 hoc
2477 3628 2661 3682 album
2694 3625 2774 3681 vel
2806 3627 2910 3679 hoc
2946 3624 3200 3693 nigrum;
3252 3624 3359 3677 hoc
3392 3625 3541 3676 enim

1951 3725 2138 3780 albmn
2187 3723 2242 3777 in
2287 3735 2523 3792 corpore
2554 3720 2796 3790 quodam
2844 3726 2950 3780 est,
2996 3733 3101 3773 non
3158 3730 3289 3774 vero
3340 3724 3426 3771 est
3472 3715 3543 3770 de

1953 3817 2206 3887 subjecto
2246 3814 2517 3886 quodam;
2560 3827 2691 3866 nam
2725 3809 2874 3881 quod
2914 3809 2982 3864 de
3030 3808 3285 3879 subjecto
3314 3816 3397 3862 est
3422 3807 3544 3862 unio

1950 3909 2168 3967 versate
2190 3921 2315 3964 esse
2348 3916 2638 3961 ostensum
2666 3912 2770 3961 est.
2809 3902 2917 3958 Sed
2940 3904 3008 3957 de
3042 3902 3129 3957 his
3164 3902 3455 3957 hactenus.

494 4008 556 4064 τὸ
608 4009 727 4081 γὰρ
751 4006 876 4064 καθ’
923 4006 1288 4079 ὑποκειμένου
1341 4006 1576 4062 καθόλου
1630 4007 1847 4079 ἐδείχθη
1874 4005 2037 4063 εἶναι.
2077 4003 2222 4060 Ἀλλ’
2244 4000 2339 4057 ἐπὶ
2364 4000 2623 4055 τοσοῦτον
2658 3998 2759 4069 μὲν
2788 3996 2920 4070 περὶ
2964 3995 3170 4052 τούτων
3193 3995 3295 4067 (Ἰὶ.

1815 4136 2051 4195 NOTAE.

312 4259 441 4332 (98)
473 4259 593 4332 Μέν
623 4258 778 4332 deest
797 4256 1028 4332 inAMon.
1048 4253 1345 4332 _Cl'._1\_l"is_t.
1376 4272 1428 4312 c.
1457 4254 1511 4332 2.
1537 4254 1563 4327 §
1588 4254 1641 4309 2.

309 4322 434 4404 (99)
470 4330 620 4404 Mon.
646 4331 770 4404 add.
807 4349 820 4383 :
862 4329 972 4382 Καὶ
1001 4326 1110 4396 γὰρ
1135 4327 1163 4377 ὀ
1195 4326 1424 4380 Πλάτων
1477 4322 1842 4397 ὑποκείμενόν

230 4400 421 4468 toi-tv;
448 4404 506 4455 ἐν
540 4402 639 4454 ὑπ.
671 4400 729 4453 δέ
758 4410 819 4454 ιιι
846 4412 1034 4469 supra.

311 4466 862 4545 (1)“ᾼαμ6αν.-ι1εεει
893 4466 946 4524 in
979 4466 1127 4545 Non.

312 4536 400 4613 (2)
442 4536 590 4595 Mdu.
626 4560 641 4596 :
679 4540 921 4613 Χρῶμαο
957 4538 1053 4592 τοῦ
1080 4538 1161 4608 (το
1185 4538 1309 4595 καθ’
1332 4536 1523 4609 ὑποκ.)

309 4611 399 4684 (3)
429 4613 548 4684 Mév
571 4611 803 4684 deest'in
834 4611 983 4667 Mon.

309 4677 399 4754 (4)
431 4682 579 4738 Μοη.
606 4677 731 4737 Οἷον
752 4682 827 4748 ὡς
856 4685 916 4738 ἐν
946 4683 1159 4758 σώματι
1183 4681 1218 4754 ἢ
1241 4681 1301 4734 ἐν
1324 4681 1393 4752 τῇ
1430 4677 1589 4749 χιόνι.

1184 4846 1201 4859 ,
1243 4794 1368 4849 καθ’
1399 4792 1769 4866 ὑποκειμένου

1129 5183 1204 5237 Ill
1234 5182 1296 5236 τὸ
1327 5179 1490 5237 καθό-

1272 5253 1365 5307 λου

1146 5321 1494 5396 συμϐεϐηκὸς

1217 5716 1275 5769 ἐν
1306 5709 1655 5783 ὑποκειμένῳ

1624 4921 1708 5024 κθ,
2116 4916 2207 5001 ,ςέο

1704 5016 1805 5105 -ξ-φθ
2011 4992 2143 5099 έῷκ

1783 5090 1922 5246 “90%
1940 5091 2032 5179 ες)ἡ

1765 5254 1871 5356 οθῖἶῑο

1596 5345 1780 5508 «δὲ
2036 5349 2162 5479 0°36

2021 4253 2099 4326 (5)
2132 4252 2280 4326 Mon.
2313 4253 2404 4326 hic
2439 4260 2498 4326 ut
2526 4250 2745 4326 et__alias
2773 4251 2835 4326 ἐν
2858 4248 3037 4326 τύπῳ.

2017 4317 2095 4396 {6)
2130 4322 2268 4377 Οὔτε
2299 4324 2454 4396 deest
2484 4322 2538 4377 in
2572 4320 2839 4396 Yat.,_s_ed
2873 4317 3069 4396 legitur
3097 4318 3150 4373 in
3178 4317 3395 4396 Monac.

2019 4390 2098 4465 (7)
2130 4396 2257 4450 Haec
2286 4394 2479 4449 ultima
2503 4393 2673 4448 verba
2721 4390 2841 4445 ἀλλ’
2871 4390 2941 4465 τέ
2972 4390 3180 4465 τούτων
3230 4391 3446 4465 (ΙεεειιηιΔ
3480 4392 3537 4465 in

1944 4459 2096 4534 Mdu.
2121 4465 2461 4534 Explauatur
2483 4466 2585 4518 hoc
2613 4461 2977 4534 paragrapho.
3002 4461 3229 4534 Aristot.
3255 4475 3308 4515 c.
3326 4462 3383 4524 2,
3423 4459 3537 4534 573.

1943 4533 2001 4593 In
2035 4535 2180 4589 Mon.
2206 4532 2331 4591 cod.
2368 4536 2405 4587 Γ.
2434 4534 2524 4599 57,
2553 4532 2625 4596 ο.
2668 4534 2723 4588 in
2760 4532 3053 4588 'Ammonii
3105 4532 3537 4588 Commentariis

1952 4607 2059 4663 hoc
2082 4607 2358 4662 schemate
2381 4605 2684 4661 illustratur
2713 4603 2861 4675 quod
2890 4604 3093 4659 dictum
3127 4610 3213 4659 est
3236 4639 3254 4659 .

2127 4789 2190 4843 οὐ
2221 4787 2353 4843 καθ’
2376 4788 2745 4860 ὑποκειμένου

2326 5173 2393 5228 Iv
2427 5175 2459 5244 ὴ
2496 5173 2699 5246 μερικὴ

2431 5245 2611 5300 οὐσία.

2158 5705 2261 5762 οὐκ
2299 5706 2358 5759 ἐν
2393 5704 2741 5777 ὑποκειμένῳ
