4072 6428
625 310 725 373 767

691 418 778 475 10.
820 416 1051 485 Quando
1087 432 1219 473 vero
1248 416 1396 473 aliud
1426 417 1493 472 de
1534 414 1640 471 alio
1671 416 2000 486 prrcdicatur
2040 426 2098 469 ut
2126 416 2193 470 de
2225 423 2272 478 Α

618 513 868 583 subjecto
890 511 1007 566 sive
1038 511 1289 574 univocc,
1314 525 1657 580 qumcunque
1683 509 1751 563 de
1782 510 2073 578 prmdicato
2104 508 2202 563 illo

616 610 911 672 dicuntur,
981 604 1165 659 omnia
1231 604 1301 657 de
1360 602 1611 672 subjecto
1657 615 1877 670 quoque
1928 600 2198 654 dicentur.

623 698 778 752 Verbi
806 698 978 767 gratia
1005 698 1170 751 homo
1199 695 1533 764 praedicatur
1566 695 1633 748 de
1664 692 1768 748 hoc
1802 701 1955 747 certo
1983 692 2202 746 homine

618 790 836 859 (Petrus
862 799 947 843 est
981 790 1195 857 homo),
1225 786 1431 841 animal
1470 800 1602 840 vero
1633 785 1699 839 de
1728 785 1948 839 homine
1987 784 2203 853 simpli-

616 881 787 947 citer;
840 881 1136 935 manifeste
1197 894 1330 947 ergo
1384 886 1439 932 et
1497 879 1562 932 de
1618 885 1773 932 certo
1826 877 1930 929 hoc
1979 875 2202 930 homine

615 970 815 1025 animal
843 970 1249 1039 prwdicandum
1274 970 1375 1023 erit
1402 968 1625 1039 (Petrus
1663 975 1745 1020 cst
1777 965 2025 1018 animali.
2061 966 2199 1019 Nam

613 1071 800 1116 certus
821 1062 1055 1132 quilibet
1074 1062 1239 1115 homo
1264 1070 1319 1115 ct
1349 1062 1511 1114 homo
1539 1067 1589 1113 et
1621 1057 1824 1112 animal
1848 1067 1945 1111 est.
1968 1058 2200 1122 Quando

618 1168 746 1207 vero
795 1168 906 1207 non
968 1155 1199 1207 tmivoce
1240 1153 1369 1222 quid
1420 1152 1488 1205 de
1543 1151 1650 1206 alio
1706 1152 2052 1221 prmdicatur,
2103 1149 2199 1203 sed

614 1246 939 1313 aequivoce,
1000 1245 1223 1298 minime
1276 1260 1505 1298 necesse
1556 1252 1669 1307 est,
1730 1244 1910 1296 omnia
1966 1260 2089 1312 quae
2134 1243 2201 1297 de

615 1336 909 1405 praedican
933 1336 1212 1399 dicuntur,
1238 1335 1353 1389 haec
1386 1344 1438 1388 et
1467 1336 1533 1390 de
1564 1334 1813 1403 subjecto
1840 1334 1972 1389 dici.
2006 1334 2200 1388 Exem-

615 1426 690 1497 pli
747 1426 921 1496 gratia
958 1444 971 1479 :
1007 1426 1203 1479 Album
1259 1426 1587 1495 prmdicatur
1630 1428 1913 1497 a'quivoce
1964 1428 2030 1481 de
2074 1442 2199 1480 cor-

616 1534 787 1589 pore;
827 1519 1009 1573 album
1076 1520 1221 1573 enim
1275 1534 1475 1588 corpus
1529 1520 1763 1586 dicitur;
1826 1521 1967 1574 ratio
2016 1529 2197 1573 autem

616 1626 723 1681 qua
765 1610 1024 1667 delinitur
1050 1612 1258 1676 album,
1288 1612 1439 1666 nullo
1462 1612 1627 1667 modo
1657 1613 1871 1682 corpori
1906 1612 2195 1681 congruit;

615 1714 700 1761 est
732 1705 877 1759 enim
910 1704 1152 1759 definitio
1193 1704 1300 1757 albi
1349 1706 1503 1759 color
1536 1714 1590 1758 et
1636 1704 1741 1758 alia
1776 1705 2049 1774 quaedam,
2080 1718 2200 1758 cor-

617 1810 721 1865 pus
748 1811 879 1849 vero
910 1811 1015 1850 non
1049 1810 1172 1851 esse
1202 1796 1437 1849 colorem
1473 1795 1822 1850 manifestum
1849 1807 1949 1851 est.

682 1882 773 1936 11.
817 1881 1017 1937 Verum
1070 1894 1124 1937 et
1176 1884 1283 1937 hoe
1335 1885 1479 1939 scire
1526 1894 1763 1955 Oportet,
1814 1902 2030 1955 eorum,
2076 1903 2197 1959 qua:

616 1983 747 2031 sunt
777 1975 979 2030 diversi
1008 1978 1226 2047 generis
1280 1992 1380 2032 nec
1409 1978 1512 2031 sibi
1547 1978 1779 2032 invicem
1812 1980 2194 2045 subordinata,

614 2067 859 2123 diversas
889 2076 941 2122 et
972 2070 1153 2139 specie
1185 2085 1309 2125 esse
1340 2069 1701 2136 dill‘erentias,
1738 2071 1905 2125 veluti
1937 2073 2196 2127 animalis

614 2170 667 2215 ct
713 2161 989 2229 scientiae;
1047 2161 1302 2217 animalis
1353 2162 1497 2216 enim
1558 2162 1879 2218 dill‘erentia:
1938 2175 2198 2220 terrestre

614 2253 911 2322 (pedestre)
963 2262 1018 2308 et
1065 2254 1337 2324 aquatile;
1402 2254 1649 2310 scientia:
1699 2271 1828 2310 vero
1871 2256 2007 2310 nihil
2053 2258 2199 2326 ejus-

611 2342 799 2407 modi;
852 2358 1030 2413 neque
1080 2345 1226 2398 enim
1277 2344 1509 2398 scientia
1550 2359 1580 2399 a
1634 2344 1863 2400 scientia
1915 2345 2098 2402 diﬂ‘ert
2131 2360 2198 2402 eo

611 2436 757 2505 quod
797 2436 968 2490 altera
1004 2437 1075 2491 sit
1105 2437 1278 2505 bipes.

683 2526 774 2581 12.
812 2524 1085 2582 Prmterea
1129 2542 1321 2583 eorum
1348 2543 1470 2598 qua:
1514 2528 1725 2597 absque
1768 2529 2059 2599 complexu
2111 2530 2196 2584 di-

609 2604 829 2681 cuntur,
861 2616 1008 2671 aliud
1037 2627 1124 2672 est
1173 2620 1505 2685 substantia,
1543 2620 1688 2675 aliud
1716 2622 2017 2691 quantitas,
2047 2622 2196 2677 aliud

609 2704 874 2775 qualitas,
930 2706 1077 2760 aliud
1126 2708 1341 2770 relatio,
1391 2709 1535 2762 aliud
1587 2710 1702 2775 ubi,
1752 2711 1901 2764 aliud
1950 2712 2193 2781 quando,

609 2797 757 2852 aliud
792 2799 952 2863 situs,
998 2799 1142 2853 aliud
1190 2800 1410 2864 habere,
1466 2802 1612 2855 aliud
1647 2817 1827 2872 agere,
1882 2804 2028 2857 aliud
2062 2806 2193 2873 pati.

610 2889 679 2944 Et
706 2889 1015 2945 substantia
1044 2891 1265 2962 quidem
1294 2902 1378 2947 est
1399 2894 1548 2948 verbi
1578 2895 1752 2965 gratia
1776 2895 1961 2961 homo,
1986 2910 2192 2966 equus;

608 2982 891 3052 quantitas
923 2999 1052 3037 vero
1091 2984 1406 3049 bicnbitale,
1447 2988 1797 3057 tricubitale;
1834 2989 2073 3058 qualitas
2113 2996 2197 3042 est

607 3074 828 3140 album,
868 3077 1287 3146 grammaticum
1327 3092 1484 3143 esse,
1532 3080 1723 3135 relatio
1775 3096 1908 3136 vero
1966 3081 2191 3151 duplex,
2222 3114 2265 3173 ε

605 3166 939 3233 dimidium,
993 3168 1206 3238 majus;
1254 3170 1346 3223 ubi
1385 3170 1580 3243 (locus)
1626 3187 1678 3226 v.
1732 3189 1785 3243 g.
1834 3172 2097 3240 Athenis,
2136 3173 2194 3229 in

604 3258 928 3325 academia;
982 3260 1202 3330 quando
1248 3262 1509 3332 (tempus)
1550 3280 1562 3316 :
1612 3262 1729 3318 heri
1782 3280 1928 3318 anno
1972 3276 2195 3335 praeter-

604 3350 788 3419 lapso;
822 3349 1005 3405 situs:
1040 3366 1093 3405 v.
1142 3368 1225 3422 gr.
1266 3353 1439 3416 sedet,
1484 3355 1781 3420 consistit;
1829 3356 2049 3413 habitus
2086 3367 2191 3423 est,

604 3455 657 3493 v.
692 3455 775 3509 gr.
817 3440 1145 3504 calceatum,
1179 3444 1435 3497 vestitum
1469 3460 1631 3512 esse;
1674 3445 1852 3502 facere
1890 3464 1986 3503 seu
2032 3462 2194 3517 agere

602 3541 709 3597 est,
749 3547 803 3585 ν.
833 3548 887 3603 g.
930 3548 1141 3601 secare,
1186 3550 1381 3603 urere;
1425 3537 1534 3606 pati
1592 3553 1721 3590 vero
1759 3546 1865 3602 est,
1897 3539 2071 3593 secari
2110 3539 2193 3593 vel

604 3624 879 3678 comburi.
937 3624 1381 3697 Unumquodque
1423 3629 1591 3698 igitur
1627 3631 1823 3685 borum
1869 3632 2194 3701 simpliciter

603 3716 811 3770 dictum
862 3730 1039 3785 neque
1086 3718 1371 3774 veritatem
1423 3721 1700 3790 signiﬁcat
1738 3738 1915 3791 neque
1962 3726 2190 3779 menda-

607 3808 791 3877 cium;
824 3810 1111 3879 complexa
1138 3825 1269 3865 vero
1304 3814 1371 3866 ad
1404 3814 1639 3867 invicem
1675 3814 1958 3869 veritatem
1984 3816 2194 3886 signifi-

604 3908 731 3958 cant
754 3909 850 3957 aut
891 3903 1267 3969 mendacium;
1302 3904 1448 3959 verbi
1472 3906 1641 3974 gratia
1670 3923 1683 3958 :
1711 3905 1885 3962 llomo
1923 3908 2188 3975 ambulat,

604 3995 691 4047 vel
722 3994 871 4049 aliud
896 3994 1180 4065 quidpiam
1211 3997 1505 4065 ejusmodi.
1541 3996 1979 4069 Propositionem
2003 4001 2188 4056 enim:

604 4084 709 4141 Hic
736 4096 911 4141 certus
942 4088 1099 4142 homo
1128 4090 1368 4142 ambulat
1403 4100 1497 4146 aut
1524 4108 1709 4147 veram
1735 4103 1829 4148 aut
1850 4093 2041 4151 falsam
2063 4109 2186 4152 esse

600 4195 827 4237 necesse
853 4191 956 4235 est.

840 4271 1174 4339 QU/ESTIO
1211 4271 1546 4330 cxxxvm.
1590 4274 1923 4349 [cutqu

1175 4368 1251 4421 De
1281 4368 1602 4425 substantia.

1778 305 2036 365 PHOTlI
2077 306 2197 365 PA'l

2297 304 2580 364 [ARCHJ‘I
2594 300 2721 369 iCP.
3758 307 3839 371 738

2388 424 2442 469 ι’.
2485 419 2654 471 Ὅταν
2721 418 2766 471 δ’
2814 417 3001 488 ἕτερον
3028 418 3151 471 καθ’
3187 417 3373 488 ἐτέρου
3408 418 3760 489 κατηγορῆται
3785 425 3843 487 ὡς

2305 510 2426 563 καθ’
2454 510 2817 579 ὑποκειμένου
2863 510 3033 579 ἤγουν
3082 515 3437 579 συνωνύμως,
3482 512 3585 564 ὅσα
3627 512 3750 566 κατὰ
3772 515 3843 569 τοῦ

2303 605 2781 675 κατηγορουμένου
2814 604 3057 672 λέγεται,
3099 605 3276 657 πάντα
3306 606 3401 657 καὶ
3442 604 3589 658 κατὰ
3632 605 3719 657 τοῦ
3739 608 3844 658 ὐπο-

2302 697 2557 766 κειμένου
2582 696 2659 766 (8)
2702 696 3035 767 ῥηθήσεται·
3069 688 3183 747 οἷον
3239 694 3538 767 ἄνθρωπος
3567 701 3846 767 κατηγορεῖ.

2301 806 2393 841 ται
2432 788 2525 841 τοῦ
2542 804 2688 851 τινος
2715 787 3025 859 ἀνθρώπου,
3064 787 3125 839 τὸ
3144 786 3199 838 δὲ
3225 786 3359 849 ζῶον
3383 787 3537 838 κατὰ
3562 786 3651 837 τοῦ
3681 788 3847 857 ἀνθρὼ-

2303 891 2406 927 που
2436 875 2533 929 καὶ
2560 875 2719 945 δῆλον
2740 877 2821 929 ὅτι
2846 875 2922 945 (9)
2961 878 3057 927 καὶ
3099 876 3244 927 κατὰ
3277 874 3368 926 τοῦ
3424 890 3577 939 τινος
3603 876 3846 946 ἀνθρώπου

2301 967 2362 1019 τὸ
2396 967 2536 1030 ζῶον
2564 969 3074 1039 κατηγορηθήσεται
3100 984 3115 999 ⁸
3146 969 3175 1020 ό
3212 968 3321 1037 γάρ
3361 984 3453 1030 τις
3484 968 3759 1037 ἄνθρωπος
3778 975 3847 1023 καὶ

2301 1061 2587 1131 ἄνθρωπός
2619 1063 2735 1115 ἐστι
2788 1061 2884 1112 καὶ
2934 1061 3093 1123 ζῶον.
3149 1058 3319 1112 Ὅταν
3349 1059 3408 1110 δὲ
3445 1059 3526 1128 μὴ
3562 1060 3848 1130 συνωνύμως

2301 1153 2679 1224 κατηγορῆταί
2724 1169 2778 1203 τι
2834 1153 2976 1204 κατά
3023 1168 3171 1214 τινος
3195 1150 3329 1221 (10),
3387 1150 3513 1202 ἀλλ’
3564 1152 3845 1221 ὁμωνύμως,

2301 1244 2400 1295 οὐκ
2435 1245 2669 1311 ἀνάγκη,
2708 1244 2808 1295 ὅσα
2839 1242 2982 1295 κατὰ
3015 1243 3110 1295 τοῦ
3142 1241 3636 1312 κατηγορουμένου
3655 1242 3845 1310 λέγεται,

2301 1335 2538 1387 τοσαῦτα
2568 1335 2680 1405 (11)
2712 1335 2807 1387 καὶ
2849 1334 2991 1387 κατὰ
3034 1333 3130 1386 τοῦ
3175 1335 3549 1403 ὑποκειμένου
3597 1334 3843 1401 λέγεσθαι·

2301 1419 2413 1478 οἷον
2436 1424 2548 1495 (12)
2582 1425 2645 1477 τὸ
2669 1426 2863 1479 λευκὸν
2889 1426 3277 1495 κατηγορεῖται
3307 1424 3627 1494 ὁμωνύμως
3660 1426 3744 1478 τοῦ
3766 1427 3843 1479 σώ-

2304 1533 2470 1585 ματος
2497 1532 2511 1547 ⁸
2542 1515 2735 1569 λευκὸν
2764 1518 2873 1586 γὰρ
2904 1516 3064 1585 σῶμα
3094 1515 3314 1583 λέγεται
3340 1532 3354 1545 ·
3405 1517 3436 1569 ό
3460 1515 3521 1569 δὲ
3552 1517 3744 1584 λόγοςό
3776 1520 3842 1571 ἐπὶ

2300 1608 2394 1661 τοῦ
2426 1607 2621 1661 λευκοῦ
2654 1610 2767 1677 (15)
2795 1607 3053 1662 οὐδέποτε
3083 1608 3317 1679 ἁρμόσει
3346 1608 3445 1661 ἐπὶ
3471 1608 3569 1661 τοῦ
3606 1610 3839 1680 σώματος·

2301 1699 2421 1754 ἐστι
2456 1701 2566 1770 γὰρ
2588 1702 2617 1753 ό
2645 1699 2801 1768 λόγος
2826 1700 2992 1753 αὑτοῦ
3030 1700 3230 1771 χρῶμα
3274 1701 3367 1754 καὶ
3402 1700 3548 1754 ἄλλα
3569 1702 3704 1767 τινὰ,
3734 1705 3838 1757 τὸδὲ

2228 1778 2271 1835 Β
2302 1790 2461 1861 σῶμα
2490 1791 2725 1861 φανερὸν
2749 1793 2833 1843 ὅτι
2866 1791 2967 1843 οὐκ
2996 1790 3113 1845 ἐστι
3139 1789 3338 1862 χρῶμα
3388 1792 3535 1862 (14).

2372 1887 2461 1933 ια’.
2506 1883 2595 1933 Δεῖ
2634 1880 2690 1933 δὲ
2724 1881 2821 1933 κα)⁸
2862 1879 3021 1933 τοῦτο
3057 1881 3285 1947 εἰδέναι,
3310 1882 3394 1935 ὅτι
3420 1882 3537 1935 τῶν
3562 1884 3838 1954 ἑτερογενῶν

2299 1973 2394 2025 καὶ
2424 1972 2499 2044 μὴ
2532 1972 2621 2026 ὑπ’
2651 1972 2858 2043 ἄλληλα
2913 1974 3263 2043 τεταγμένων
3301 1974 3493 2044 ἕτεραι
3524 1975 3604 2045 τῷ
3629 1975 3744 2029 εῖδει
3771 1978 3839 2027 καὶ

2299 2065 2355 2117 αἱ
2385 2065 2680 2136 διαφοράίο
2726 2060 2838 2118 οἷον
2886 2064 3027 2129 ζώου
3074 2066 3170 2121 καὶ
3204 2068 3544 2139 ἐπιστήμης.
3594 2068 3731 2123 Ζώου
3766 2070 3837 2137 μὲν

2299 2158 2409 2227 γὰρ
2451 2158 2707 2229 διαφοραὶ
2744 2157 2806 2209 τὸ
2856 2156 3019 2221 πεζὸν
3055 2158 3152 2211 καὶ
3185 2157 3247 2210 τδ
3281 2158 3539 2230 ἔνυδρον,
3580 2161 3839 2230 ἐπιστήμης

2297 2250 2353 2301 δὲ
2385 2249 2610 2318 οὐδεμία
2640 2247 2881 2301 τούτων’
2914 2249 2976 2301 οὐ
3026 2249 3137 2319 γὰρ
3168 2249 3419 2321 διαφέρει
3452 2252 3727 2323 ἐπιστήμη
3748 2255 3837 2307 ἑπι-

2302 2341 2519 2411 στήμης
2544 2340 2623 2411 τῷ
2650 2341 2837 2405 δίπους
2867 2338 3008 2396 εἶναι
3035 2343 3170 2413 (15).

2372 2519 2461 2591 ιβ’.
2508 2522 2628 2574 Ἐτι
2669 2521 2852 2575 τοίνυν
2893 2523 3004 2577 τῶν
3058 2524 3230 2597 χωρὶς
3280 2525 3613 2597 συμπλοκῆς
3661 2526 3837 2597 λεγομέ-

2300 2632 2406 2667 νων
2437 2613 2546 2686 (16)
2586 2614 2646 2667 τὸ
2701 2614 2802 2685 μέν
2849 2616 2999 2669 ἐστιν
3049 2618 3231 2682 οὐσία,
3278 2618 3338 2671 τὸ
3387 2619 3446 2671 δὲ
3489 2620 3673 2685 ποσὸν,
3717 2619 3766 2671 τὸ
3796 2619 3836 2670 δὲ

2300 2706 2473 2768 ποιὸν,
2514 2706 2575 2757 τὸ
2620 2705 2677 2758 δὲ
2714 2708 2851 2775 πρός
2891 2724 2980 2771 τι,
3011 2708 3073 2761 τὸ
3114 2708 3171 2760 δὲ
3202 2707 3336 2771 ποῦ,
3369 2709 3433 2763 τὸ
3459 2710 3519 2763 δὲ
3552 2709 3705 2772 ποτὲ,
3726 2710 3775 2762 τὺ
3797 2710 3835 2760 δὲ

2300 2796 2547 2857 κεῖσθαι,
2593 2798 2654 2849 τὸ
2687 2798 2744 2850 δὲ
2792 2798 2959 2868 ἔχειν,
3005 2798 3067 2851 τὸ
3102 2800 3159 2853 δὲ
3208 2803 3407 2867 ποιεῖν,
3439 2802 3503 2855 τὸ
3545 2802 3601 2855 δὲ
3632 2802 3833 2871 πάσχειν.

2298 2888 2411 2940 Καὶ
2456 2888 2605 2940 ἐστιν
2659 2888 2817 2943 οὐσία
2866 2889 2965 2960 μὲν
3002 2885 3112 2944 οἷον
3148 2892 3474 2963 ἄνθρωπος,
3530 2894 3686 2956 ἵππος
3718 2895 3831 2964 (17)·

2300 2980 2466 3035 ποσὸν
2484 2979 2540 3033 δὲ
2572 2975 2685 3034 οἷον
2705 2982 2927 3052 δίπηχυ,
2956 2984 3193 3054 τρίπηχυ
3220 3002 3235 3017 ο
3262 2986 3416 3039 ποιὸν
3448 2981 3647 3053 δὲ,οἶον
3669 2988 3833 3049 λευκὸν,

2298 3076 2686 3143 γραμματικόν
2712 3076 2847 3145 (18)·
2877 3078 3011 3147 πρός
3043 3095 3094 3129 τι
3123 3074 3331 3141 δὲ,οἷον
3354 3080 3663 3147 διπλάσιον,
3682 3082 3835 3151 ἣμισυ,

2300 3165 2489 3235 μεῖζον
2512 3183 2527 3198 ·
2557 3166 2660 3220 ποῦ
2695 3165 2891 3232 δὲ,οίον
2925 3171 2983 3223 ἐν
3002 3168 3274 3240 Ἀθήναις,
3307 3173 3365 3224 ὲν
3397 3175 3712 3245 ἀκαδημίᾳο
3739 3173 3833 3227 ποτὲ

2295 3257 2376 3323 δὲ,
2398 3252 2511 3311 οἷον
2538 3259 2689 3329 χθὲς,
2723 3259 2944 3330 πέρυσι³
2969 3262 3179 3316 κεῖσθαι
3215 3260 3408 3331 δὲ,οἷον
3438 3266 3695 3336 κάθηται,
3723 3267 3825 3319 ῖστσ·

2294 3369 2385 3404 ται
2418 3366 2432 3383 ⁸
2463 3351 2609 3422 ἔχειν
2642 3352 2723 3420 δὲ,
2756 3350 2869 3407 οἷον
2926 3356 3281 3413 ὑπώεδέσθαι
3332 3359 3445 3429 (19)
3471 3400 3490 3424 ,
3538 3360 3830 3414 ὲνδεδῦσθσι·

2295 3446 2448 3496 ποεῖν
2478 3441 2675 3509 δὲ,οἷον
2703 3446 2943 3517 τέμνειν,
2972 3448 3179 3502 καίεινο
3220 3450 3451 3520 πάσχειν
3478 3446 3671 3514 δὲ,οἷον
3689 3452 3823 3521 τέμνε-

2299 3536 2459 3601 σθαι,
2502 3536 2751 3590 καίεσθαι
2799 3538 2934 3609 (20).
2967 3538 3238 3594 Ἕκαστον
3291 3536 3385 3594 οὖν
3421 3544 3539 3595 τῶν
3573 3541 3830 3613 είρημὲνων

2297 3626 2505 3679 ἁπλοῦν
2547 3628 2645 3697 μὲν
2680 3628 2795 3697 (21)
2842 3629 3133 3701 λεγόμενον
3175 3631 3285 3686 οὔτ’
3331 3632 3597 3699 ἀλήθειαν
3628 3634 3829 3705 σημαίνει

2293 3718 2418 3771 οὔτε
2450 3719 2678 3789 ψεῦδος·
2738 3722 3163 3793 συμπλεκόμενα
3192 3724 3252 3778 δὲ
3303 3725 3421 3796 μετ’
3462 3727 3703 3797 ἀλλήλων
3728 3725 3829 3795 (22),

2292 3813 2555 3883 ἀλήθειαν
2601 3815 2917 3887 σημαίνειῆ
2961 3816 3193 3885 ψευδος·
3243 3812 3356 3871 οἷον
3393 3818 3681 3890 ἄνθρωπος
3708 3834 3828 3886 περι-

2293 3907 2489 3972 πατεῖ,
2514 3908 2547 3973 ἢ
2579 3907 2709 3960 ἄλλο
2730 3926 2783 3961 τι
2807 3908 2918 3961 τῶν
2939 3908 3199 3961 τοιούτων
3219 3926 3232 3939 ’
3261 3910 3321 3962 τὸ
3342 3910 3451 3980 γὰρ
3476 3912 3566 3974 τὶς
3591 3910 3829 3978 ἄνθρωπος

2294 3998 2589 4066 περιπατεῖ
2618 3998 2832 4067 ἀνάγκη
2863 3999 2896 4069 ἢ
2924 3998 3038 4069 (25)
3071 3998 3269 4070 ἀληθὲς
3300 3995 3441 4053 εἶναι
3468 4000 3505 4072 ἢ
3534 3999 3735 4072 ψεῦδος.

2814 4281 3149 4335 ΕΡΩΤΗΣΙΣ
3186 4283 3360 4338 PAH'.

2871 4376 3011 4444 Περὶ
3046 4377 3282 4444 οὐσίας.

1668 4463 1811 4513 Nunc
1833 4465 2047 4528 primum
2071 4468 2201 4517 edita
2230 4482 2257 4518 a
2282 4470 2342 4520 D.
2372 4469 2799 4534 llergcuroetber.

674 4542 728 4598 1.
765 4543 953 4597 Primo
987 4544 1277 4600 dicendum
1303 4554 1389 4601 est
1420 4547 1487 4602 de
1509 4548 1838 4604 substantia.
1869 4550 2183 4607 Substantia

2366 4563 2435 4609 α’.
2480 4557 2702 4626 Πρῶτον
2726 4556 2782 4609 δὲ
2804 4555 2997 4629 ῥητέον
3020 4558 3147 4628 περὶ
3170 4558 3378 4624 οὐσίας.
3421 4560 3483 4613 Ἦ
3509 4562 3679 4615 τοίνυν
3702 4561 3821 4614 οὐσία

598 4634 764 4704 igitur
808 4650 917 4689 non
968 4636 1271 4691 secundum
1302 4653 1466 4692 unam
1516 4641 1874 4710 eamdemque
1902 4643 2179 4699 notionem

595 4728 801 4783 dicitur
827 4727 1159 4793 substantia,
1207 4730 1301 4785 sed
1329 4744 1434 4786 vox
1476 4743 1557 4789 est
1599 4747 1791 4788 earum
1830 4748 1895 4787 ex
1927 4750 2178 4801 numero,

2290 4648 2351 4699 οὐ
2379 4646 2518 4700 κατὰ
2551 4648 2681 4718 μίαν
2723 4649 2818 4701 καὶ
2844 4646 2944 4718 τὴν
2971 4648 3143 4719 αὐτὴν
3182 4649 3390 4702 ἔννοιαν
3433 4651 3645 4721 λέγεται
3672 4650 3819 4710 οὐσία,

2287 4735 2424 4790 ἀλλὰ
2447 4736 2557 4790 τῶν
2584 4735 2868 4808 πολλαχῶς
2894 4737 3205 4809 λεγομένων
3233 4739 3380 4794 ἐστὶν
3410 4742 3444 4811 ή
3476 4742 3656 4811 φωνὴ,
3686 4742 3730 4794 εἰ
3750 4735 3821 4793 καὶ

2116 4824 2351 4881 NOTAE.

668 4909 743 4993 (8)
774 4909 951 4993 ᾼυτοῦ
980 4910 1104 4993 add.
1136 4910 1355 4993 Monac;
1377 4911 1485 4975 bis,
1516 4912 1664 4993 quod
1682 4912 1841 4993 deest
1870 4915 1923 4993 in
1954 4911 2082 4993 για.
2118 4923 2173 4993 et

593 4994 682 5051 np.
707 4982 876 5036 Arist.
911 4996 1031 5051 cap.
1058 4982 1114 5044 5,
1148 4984 1293 5051 quod
1332 4981 1443 5038 fere
1470 4984 1798 5038 verbotenus
1828 4981 1919 5038 hic
1967 4984 2169 5040 inseri-

595 5060 743 5191 ωἱθ)
770 5119 882 5191 καί
905 5120 1058 5175 deest
1086 5121 1138 5175 in
1178 5122 1321 5175 Mon.

663 5189 777 5261 (10)
802 5190 875 5261 Τί
908 5193 1047 5244 κατά
1080 5208 1223 5255 τινος
1254 5193 1407 5247 deest
1436 5191 1489 5246 in
1520 5189 1650 5247 Vat.

663 5262 775 5331 (11)
800 5260 944 5331 ῌ-οιι.
976 5263 1181 5331 Πᾴντσ..

667 5328 776 5401 (12)
806 5329 953 5385 Mon.
987 5328 1111 5385 υἱον
1138 5332 1211 5395 ὡς
1242 5332 1302 5385 τὸ
1330 5330 1518 5387 λευκὸν
1544 5350 1668 5387 κατ.
1727 5334 1897 5405 ὁμων.
1954 5334 2031 5405 τῷ
2059 5336 2166 5388 σώ-

593 5414 774 5549 μαᾶῒῇ
800 5470 1107 5549 ᾼεγόμενος
1137 5471 1505 5549 add._Monag.

662 5540 775 5611 (14)
806 5540 960 5595 Μοιι.
993 5544 1113 5595 Ὀτι
1140 5543 1413 5611 οὐκίέστιν
1438 5542 1633 5607 οὕτως.

662 5611 775 5730 (wh)
811 5611 942 5664 Cod.
984 5612 1057 5691 Τὸ
1082 5610 1328 5698 δίη-εἶν.
1356 5611 1480 5667 Haec
1506 5614 1884 5694 paragraphus
1924 5616 2074 5668 deest
2110 5614 2165 5667 in

662 5681 710 5753 d_.
741 5678 886 5753 __lon.
916 5680 1083 5753 Aris}.
1116 5698 1166 5737 c.
1210 5702 1262 5747 ο,
1294 5683 1381 5753 (ΙΙ,
1411 5684 1547 5753 4,7p.
1574 5686 1609 5737 2
1652 5685 1738 5738 ed.
1765 5681 1942 5740 Paris.
1980 5685 2163 5745 1813).

588 5681 710 5732 eod.
740 5681 886 5731 Mon.
916 5681 1083 5735 Arist.
1116 5698 1166 5737 c.
1210 5684 1262 5747 5,
1294 5683 1381 5753 (ll,
1411 5684 1463 5745 4,
1493 5681 1547 5752 p.
1574 5686 1609 5737 2
1645 5681 1747 5738 ‘cu.
1765 5681 1942 5740 Paris.
1980 5685 2163 5745 1813).

660 5748 771 5806 (16)
801 5747 946 5803 Μοιι.
974 5750 1096 5804 Τῶν
1124 5754 1290 5819 χωρὶς
1314 5752 1633 5824 συμπλοκῆς
1660 5753 1971 5823 λεγομένων
1987 5770 2165 5824 πραγ-

2282 4915 2469 4985 μάτων
2497 4916 2559 4970 ab
2592 4934 2650 4987 μ.

2352 4989 2463 5054 (17)
2501 4986 2696 5051 Ἵππος
2721 4986 2876 5042 decst
2910 4987 2963 5042 in
2990 4987 3139 5044 Mon.

2353 5058 2466 5136 (18)
2499 5058 2797 5136 Τρίπηχυ,
2838 5062 3249 5136 γραμματικόν,
3289 5073 3343 5117 et
3379 5066 3586 5136 reliqua
3610 5056 3814 5127 (exempla

2278 5131 2612 5203 omittuntur
2642 5131 2703 5203 i_n_
2750 5129 2922 5194 Mon.,
2958 5132 3052 5185 ubi
3112 5148 3328 5203 semper
3364 5129 3532 5192 unum
3591 5137 3815 5203 duntaxat

2277 5199 2611 5267 exemplum,
2654 5200 2819 5271 idque
2849 5205 3087 5272 primum
3126 5218 3191 5258 ex
3235 5199 3415 5276 supra
3455 5206 3659 5277 positis,
3707 5201 3813 5256 sileo

2277 5282 2457 5336 gatur.
2880 5308 2881 5311 η

2349 5341 2461 5410 (19)
2500 5338 2644 5395 Mon.
2691 5342 3056 5400 ’Υποδέδεται.

2348 5412 2462 5481 (20)
2495 5413 2688 5464 Καίειν
2713 5423 2764 5467 et
2799 5415 3052 5466 καίεσθαι
3084 5416 3266 5470 omitt.
3298 5414 3443 5471 Mon.

2347 5484 2461 5549 (21)
2494 5482 2613 5534 Μέν
2644 5482 2797 5537 deest
2833 5484 2884 5535 in
2910 5482 3057 5538 Mon.

2498 5552 2646 5625 plan.
2685 5554 2878 5625 add._ﬂ
2914 5555 3072 5625 άλήθ.
3108 5558 3462 5625 σημαίσουσι.

2495 5622 2587 5697 ’ἩΔ
2603 5624 2787 5697 Otnitt.
2815 5619 3117 5697 Minui-line
3146 5619 3289 5696 apud
3324 5629 3492 5684 Arist.
3531 5629 3683 5697 leges.
3708 5619 3804 5681 c.4-

2275 5690 2325 5762 (ᾗ
2349 5693 2450 5748 6-8
2472 5708 2525 5763 ρ.
2560 5693 2618 5761 2,
2638 5696 2723 5749 ed.
2756 5693 2933 5760 Paris,
2964 5696 3145 5766 1848).
