4072 6426
254 326 362 399 ’769

1169 335 1270 395 AD
1296 330 1891 393 AMPIIILOCIIIUM
1923 332 2270 403 QUJES'I‘IO
2308 331 2683 394 CXXXVIII.

3424 330 3532 394 770

244 450 464 513 πολλοῖς
526 448 637 501 τῶν
689 438 823 520 περὶ
874 446 1066 506 οὐσίας
1126 446 1304 499 εἰπεῖν
1360 463 1413 499 τι
1468 444 1848 517 προελομένων

1955 459 2077 512 qua:
2111 444 2486 515 multipliciter
2512 444 2807 511 dicuntur;
2839 443 2941 500 etsi
2977 442 3135 499 multi
3166 442 3412 510 illorum,
3439 442 3535 514 qui

246 542 631 617 παρεώραται.
682 543 795 595 Καὶ
842 540 953 611 γὰρ
1004 540 1194 612 ἕτερον
1234 539 1335 609 μὲν
1379 538 1585 610 τρόπον
1639 537 1846 591 παντά-

252 654 425 690 πασιν
455 633 655 702 λέγοιτ’
685 631 753 687 ἂν
784 632 945 686 οὐσία
974 634 1009 701 ἡ
1044 630 1367 703 ὐπερούσιος
1401 631 1497 683 καὶ
1535 628 1844 700 προακτικὴ

247 726 360 780 τῶν
392 725 567 779 ὄντων
595 724 790 789 οὐσία,
824 722 957 795 περὶ
997 718 1067 795 ἦς
1104 724 1332 795 θεωρεῖν
1367 723 1428 776 οὐ
1456 721 1558 792 τῆς
1587 719 1705 789 νῦν,
1745 721 1846 791 τῆς

247 818 306 871 δὲ
342 817 567 889 πρώτης
606 816 724 870 ἐστὶ
759 814 1112 885 φιλοσοφίας·
1147 816 1334 888 ἕτερον
1358 814 1417 869 δὲ
1444 813 1647 886 τρόπον
1680 815 1716 885 ἡ
1742 812 1842 884 ῦλη

248 907 471 976 λέγεται
517 905 698 973 οὐσία,
750 906 846 960 καὶ
875 906 1041 961 ἀλλον
1070 905 1237 961 πάλιν
1264 907 1325 959 τὸ
1365 906 1713 978 μορφωτικδν
1751 907 1845 960 καὶ

251 998 516 1052 εἰδοποιὺν
549 997 651 1064 τῆς
689 996 825 1068 ὐλης
854 994 995 1062 είδος
1018 1012 1033 1027 ·
1063 997 1179 1052 ἀλλ’
1206 998 1467 1070 ἑκάτερον
1496 999 1599 1069 μὲν
1625 999 1733 1053 τῶν
1753 998 1847 1053 δύο

250 1090 501 1159 λέγεται,
554 1089 748 1155 οὐσία,
791 1090 1075 1163 οὐδέτερον
1129 1090 1187 1143 δὲ
1237 1090 1418 1144 αὐτῶν
1472 1092 1590 1145 ἐστι
1640 1091 1846 1164 κυρίως

250 1184 485 1252 πρᾶγμα
526 1181 955 1252 αὐθύπαρκτον·
1001 1185 1035 1253 ἡ
1078 1182 1177 1254 μὲν
1222 1183 1331 1255 γὰρ
1370 1182 1471 1254 ὐλη
1504 1184 1675 1237 δεῖται
1707 1184 1845 1256 πρὸς

253 1270 493 1342 ὕπαρξιν
523 1273 620 1325 καὶ
651 1272 966 1345 φανέρωσιν
986 1272 1086 1343 τῆς
1113 1271 1380 1327 είδοποιοῦ
1405 1272 1622 1337 οὐσίας·
1660 1276 1754 1328 καὶ
1785 1274 1848 1329 τὸ

251 1358 392 1426 εἶδος
425 1363 520 1429 δὲ,
562 1363 612 1416 εί
642 1364 738 1417 καὶ
787 1363 864 1433 μὴ
902 1362 1202 1429 ὡσαύτως,
1238 1362 1353 1417 ἀλλ’
1394 1359 1488 1419 οὖν
1517 1365 1690 1418 δεῖται
1751 1366 1847 1419 καὶ

252 1455 390 1508 αὐτὸ
436 1455 539 1525 τῆς
584 1455 777 1526 ὑλικῆς
802 1455 1027 1521 οὐσίας,
1068 1456 1155 1525 ἐφ’
1202 1451 1245 1523 ᾧ
1279 1455 1485 1528 ἵδρυμα
1532 1457 1718 1513 λαϐεῖν
1752 1458 1848 1513 καὶ

254 1545 419 1617 βασιν
440 1562 457 1578 ·
490 1548 761 1615 ἑκατέραν
788 1546 847 1600 δὲ
874 1545 1082 1600 τούτων
1108 1546 1203 1600 τοῦ
1228 1548 1459 1616 φυσικοῦ
1490 1550 1607 1603 ἐστι
1633 1549 1849 1604 διασκέ-

252 1638 490 1707 ψασθαι.
520 1640 641 1692 Ἔτι
668 1638 724 1693 δὲ
747 1639 906 1692 οὐσία
929 1639 1146 1708 λέγεται
1170 1640 1321 1711 καὶὴ
1348 1640 1595 1695 ὁπωσοῦν
1615 1642 1848 1697 ἑκάστου

253 1729 367 1783 τῶν
397 1729 570 1783 ὄντων
600 1728 837 1801 ῦπαρξίς
870 1747 931 1783 τε
957 1730 1051 1784 καὶ
1078 1731 1335 1795 οὐσίωσις
1355 1773 1370 1797 ,
1399 1732 1520 1802 ἥτις
1552 1732 1666 1803 ἔχει
1696 1734 1848 1787 ἀντι-

1946 535 2154 607 aliquid
2182 537 2250 592 de
2294 552 2359 592 ea
2402 537 2587 592 dicere
2631 536 3011 602 instituerunt,
3055 536 3110 592 id
3151 537 3533 608 neglexerunt.

1948 630 2167 686 Etenim
2208 630 2314 685 alio
2348 629 2579 685 omnino
2619 629 2783 685 modo
2825 628 3135 684 substantia
3174 639 3405 685 vocatur
3439 644 3537 684 su-

1948 722 2432 793 persubstantialis
2470 731 2635 793 atque
2676 724 3065 779 exsistentium
3101 739 3288 780 rerum
3330 722 3540 794 produ-

1946 818 2089 874 ctrix
2122 815 2474 884 substantia;
2528 817 2688 887 cujus
2731 817 3108 873 consideratio
3150 833 3259 873 non
3296 820 3363 874 ad
3394 835 3537 891 prte-

1947 917 2181 973 scntcm,
2226 924 2414 963 verum
2464 907 2531 962 ad
2576 908 2810 978 primam
2849 909 3085 978 pertinet
3124 910 3534 981 philosophiam

1948 1005 2053 1077 (se.
2117 1002 2556 1074 metaphysicam
2626 1015 2721 1054 seu
2780 1000 3111 1070 theologiam
3174 1003 3537 1073 naturalem).

1946 1096 2071 1150 Alio
2118 1109 2251 1150 vero
2311 1095 2476 1148 modo
2532 1092 2761 1147 materia
2815 1090 3017 1146 dicitur
3085 1092 3437 1160 substantia,
3486 1104 3542 1148 et

1949 1188 2059 1243 alio
2106 1202 2328 1242 rursum
2359 1194 2524 1256 pacto
2555 1182 2861 1239 intormans
2902 1192 2957 1238 et.
3007 1183 3333 1253 speciﬁcans
3376 1195 3544 1240 mate-

1949 1280 2088 1334 riam
2134 1278 2349 1346 forma;
2386 1294 2576 1333 verum
2620 1286 2918 1347 utrumque
2957 1276 3181 1346 quidem
3229 1278 3542 1335 substantia

1950 1372 2173 1437 dicitur,
2217 1383 2476 1425 neutrum
2508 1384 2637 1425 vero
2673 1369 2894 1439 proprie
2922 1381 3008 1425 est
3032 1386 3121 1426 res
3146 1386 3243 1441 per
3268 1386 3329 1426 se
3364 1371 3542 1427 subsi-

1952 1472 2125 1518 stens.
2164 1461 2299 1516 Nam
2338 1461 2565 1515 materia
2602 1460 2669 1514 ad
2694 1460 3075 1516 exsistentiam
3118 1469 3175 1515 et
3214 1462 3539 1519 manifesta-

1954 1556 2159 1611 tionetn
2213 1554 2420 1625 indiget
2468 1554 2776 1610 substantia
2823 1554 3174 1624 speciiicante
3212 1562 3266 1609 et
3311 1556 3540 1624 species,

1953 1649 2062 1703 etsi
2090 1663 2198 1702 non
2224 1647 2415 1702 eodem
2450 1647 2638 1711 modo,
2672 1656 2854 1701 tamen
2887 1656 2942 1701 et
2970 1648 3087 1716 ipsa
3127 1645 3335 1718 indiget
3367 1655 3541 1701 mate—

1954 1741 2077 1795 riali
2112 1740 2443 1803 substantia,
2486 1739 2541 1793 in
2594 1754 2702 1809 qua
2753 1739 3053 1794 collocetur
3086 1748 3142 1794 et
3166 1739 3540 1804 sustineatur;

255 1822 514 1892 κείμενον
547 1822 607 1874 τὸ
640 1822 716 1893 μὴ
746 1821 806 1874 ὃν
829 1838 843 1852 ·
881 1823 942 1876 οὐ
982 1822 1112 1894 μὴν,
1146 1823 1284 1878 ἀλλὰ
1314 1823 1533 1892 λέγεται
1575 1825 1737 1879 πάλιν
1760 1826 1850 1879 οὐο

1955 1832 2007 1886 iu
2054 1840 2347 1899 utramque
2398 1844 2527 1885 vero
2567 1828 2760 1883 barum
2803 1828 3107 1898 inquirere,
3156 1829 3223 1881 ad
3254 1827 3541 1898 physicum

256 1915 353 1969 σία
383 1917 502 1979 τοῖς
533 1915 837 1979 πολιτικοῖς
875 1917 909 1987 ἡ
936 1916 1172 1970 ἑκάστου
1197 1917 1308 1969 τῶν
1342 1917 1642 1988 κτημάτων
1670 1936 1731 1972 τε
1758 1920 1854 1972 καὶ

259 2008 560 2079 χρημάτων
606 2007 896 2078 περιουσία
940 2009 1037 2062 καὶ
1075 2008 1330 2081 ὐπαρξις.
1368 2009 1733 2081 Τοσαυταχῶς
1757 2008 1854 2064 οὖν

267 2098 408 2162 τέως
436 2097 537 2167 τῆς
568 2098 759 2162 οὐσίας
792 2099 1115 2170 λεγομένης,
1147 2101 1378 2173 οὐδεμία
1405 2102 1516 2157 τῶν
1546 2104 1855 2174 εἰρημένων

262 2186 531 2258 οὐμενοῦν
557 2188 616 2241 οὐ
639 2187 863 2242 δύναται
892 2189 1198 2261 κατηγορίαι
1230 2186 1372 2243 εἶναι
1396 2190 1430 2261 ἢ
1463 2190 1851 2260 ὀνομάζεσθαι·

260 2280 380 2334 ἀλλ’
426 2282 459 2352 ἡ
518 2281 618 2351 μὲν
665 2282 773 2335 τῶν
824 2281 995 2335 ὄντων
1038 2282 1333 2353 συνεκτικὴ
1381 2284 1475 2336 καὶ
1528 2282 1854 2355 ὐπερούσιος

259 2371 422 2425 οὐσία
449 2373 526 2436 ὡς
564 2372 747 2441 πολλῷ
783 2373 1048 2443 κρείττων
1081 2373 1192 2426 τῶν
1240 2372 1501 2427 τοιούτων
1530 2373 1728 2444 φωνῶν
1758 2372 1855 2427 καὶ

262 2462 619 2533 ἐννοημάτων
659 2463 1072 2535 καθισταμένη,
1111 2462 1315 2535 μᾶλλον
1365 2464 1423 2518 δὲ
1452 2463 1529 2528 ώς
1574 2465 1854 2537 ὑπερϐολῇ

259 2554 493 2627 ἀρρήτῳ
530 2554 848 2627 ἐξῃρημένη
878 2572 939 2609 τε
979 2554 1074 2610 καὶ
1115 2554 1559 2627 ὐπεριδρυμένη·
1588 2556 1622 2626 ἡ
1664 2556 1722 2609 δὲ
1755 2555 1855 2626 ὕλη

262 2648 446 2698 καὶτὸ
485 2639 626 2708 εἶδος
665 2644 740 2708 ώς
771 2644 847 2715 νῷ
880 2646 1027 2717 μόνῳ
1057 2645 1241 2719 ληπτά
1269 2646 1367 2700 καὶ
1411 2647 1470 2699 ὲν
1510 2648 1623 2709 τοῖς
1670 2644 1859 2699 συνθέ-

266 2755 383 2803 τοις
417 2737 710 2809 θεωρητά,
755 2738 1007 2811 ἐνεργείᾳ
1037 2739 1095 2793 δὲ
1134 2739 1230 2793 καὶ
1267 2738 1502 2811 ὐπάρξει
1554 2740 1676 2792 κατ’
1723 2740 1861 2795 ίδίαν

256 2834 362 2904 οὐχ
391 2833 682 2903 ὑφεστῶτα
701 2848 715 2862 ·
751 2832 861 2886 τῶν
888 2833 946 2887 δὲ
978 2833 1156 2889 ἄλλων
1187 2833 1382 2904 φωνῶν
1415 2834 1448 2904 ὴ
1480 2832 1581 2903 μὲν
1620 2833 1747 2895 ἴσως
1781 2832 1861 2897 ὡς

264 2924 596 2990 πολιτικοῖς,
632 2925 750 2980 ἀλλ’
791 2925 853 2977 οὐ
902 2924 1214 2994 φιλοσόφοις
1260 2924 1472 2990 οἰκεία,
1512 2924 1631 2995 ἡδὲ
1660 2924 1738 2988 ώς
1764 2925 1859 2977 οὐ·

264 3017 353 3070 δὲν
370 3015 710 3086 τεταγμένον
735 3016 830 3069 καὶ
848 3015 1183 3086 ὡρισμένον,
1210 3014 1327 3069 ἀλλ’
1350 3015 1658 3086 ὁμωνύμως
1681 3015 1860 3069 πάντα

263 3108 541 3181 δηλοῦσα·
590 3109 846 3180 διέστηκε
893 3108 952 3162 δὲ
993 3108 1177 3177 πολλῷ
1224 3108 1534 3180 κατηγορία
1579 3109 1677 3162 καὶ
1711 3108 1862 3178 ὁμω-

270 3218 333 3254 νυ
341 3200 461 3272 μία.

1956 1933 2194 1995 spectat.
2225 1925 2499 1979 Praaterea
2531 1921 2842 1978 substantia
2895 1921 3097 1976 dicitur
3132 1922 3297 1975 etiam
3345 1924 3543 1975 unius-

1956 2017 2224 2087 cujusque
2292 2016 2683 2072 exsistentium
2753 2015 3169 2085 quomodolibet
3220 2015 3545 2071 exsistentia

1955 2119 2006 2165 et
2047 2109 2306 2171 essentia,
2345 2124 2469 2178 quae
2498 2108 2812 2178 oppositum
2841 2108 3004 2163 habet
3037 2108 3088 2161 id
3120 2110 3267 2178 quod
3303 2123 3412 2162 non
3437 2117 3542 2163 est.

1958 2200 2154 2254 Adhuc
2190 2208 2372 2253 autem
2410 2198 2656 2268 politicis
2691 2214 2913 2254 rursum
2965 2198 3271 2254 substantia
3321 2199 3541 2265 dicitur,

1959 2288 2225 2358 quidquid
2267 2286 2598 2359 praediorum
2638 2289 2721 2343 vel
2766 2302 3121 2343 nummorum
3161 2288 3394 2357 quilibet
3420 2304 3550 2359 pose

1961 2380 2123 2437 sidet.
2179 2381 2317 2436 Cum
2366 2381 2536 2453 igitur
2581 2389 2661 2436 tot
2704 2381 2885 2436 modis
2933 2381 3242 2436 substantia
3289 2381 3545 2446 dicatur,

1960 2472 2109 2525 nulla
2161 2486 2227 2526 ex
2274 2472 2551 2542 praedictis
2600 2472 2713 2526 ullo
2756 2470 2922 2526 modo
2964 2471 3240 2541 categoria
3278 2485 3403 2525 esse
3457 2471 3548 2523 vel

1960 2565 2227 2634 appellari
2279 2572 2499 2635 potest;
2539 2562 2633 2618 scd
2682 2563 2993 2619 substantia
3036 2578 3220 2617 rerum
3262 2576 3550 2617 conserva-

1962 2659 2070 2711 trix
2100 2666 2155 2711 et
2186 2656 2737 2725 supersubstantialis
2773 2655 2947 2710 multo
2982 2654 3068 2708 his
3098 2653 3327 2708 vocibus
3352 2663 3408 2707 et
3446 2668 3551 2708 no-

1961 2746 2207 2801 tionibus
2258 2746 2552 2800 sublimior
2599 2745 2838 2807 exsistit,
2893 2743 3005 2796 imo
3051 2741 3267 2796 infinito
3316 2756 3547 2797 excessu

1962 2850 2059 2892 eas
2088 2848 2312 2907 superat
2340 2851 2616 2906 superque
2648 2850 2746 2891 eas
2778 2835 3024 2890 elevatur
3051 2849 3066 2901 ;
3091 2833 3318 2887 materia
3348 2846 3476 2886 vero
3498 2844 3553 2887 et

1962 2929 2171 2995 Species
2220 2936 2283 2981 ut
2326 2928 2445 2983 sola
2494 2939 2677 2982 mente
2713 2936 2969 2996 percepta
3022 2934 3077 2980 et
3116 2924 3171 2978 in
3228 2923 3552 2993 compositis

1964 3019 2266 3085 intellecta,
2312 3018 2629 3090 operatione
2676 3028 2731 3074 et
2775 3018 2998 3089 pr0pria
3040 3016 3401 3074 subsistentia
3440 3032 3551 3071 nou

1966 3110 2325 3167 subsistentia
2355 3114 2646 3184 categorias
2672 3128 2782 3169 non
2812 3120 2972 3178 sunt;
3008 3111 3344 3181 reliquarum
3369 3118 3550 3164 autem

1883 3196 1930 3259 C
1961 3217 2158 3258 vocum
2193 3204 2365 3259 altera
2403 3205 2640 3276 politicis
2690 3203 2947 3270 fortasse,
2987 3218 3095 3258 non
3141 3217 3270 3257 vero
3308 3201 3551 3272 philoso-

268 3292 395 3362 phis
444 3300 709 3348 consueta
761 3301 817 3349 et
850 3292 1075 3364 propria
1122 3300 1241 3358 est;
1293 3291 1465 3347 altera
1504 3300 1689 3347 autem
1764 3292 1902 3347 nihil
1939 3294 2361 3351 determinatum
2402 3304 2457 3353 et
2487 3296 2811 3361 deﬁnitum,
2868 3294 2962 3351 sed
3009 3293 3290 3365 aequivoce
3364 3290 3550 3347 omnia

268 3388 585 3458 signiﬁcat;
652 3386 886 3442 multum
944 3400 1076 3442 vero
1121 3384 1384 3441 diﬂ‘erunt
1437 3384 1754 3454 praedicatio
1806 3393 1863 3439 et
1897 3388 2281 3457 aquivocatio.

340 3480 408 3553 β’.
445 3477 607 3553 [Γαρά
657 3481 843 3552 μέντοι
873 3478 944 3535 τά
989 3480 1258 3552 εἰρημένα
1299 3479 1518 3547 λέγεται
1565 3480 1726 3533 οὐσία
1759 3481 1855 3535 καὶ

264 3578 379 3630 πᾶν
407 3577 547 3648 ὅπερ
592 3575 742 3631 ἐστὶν
771 3574 1173 3630 αὐτοσύστατον
1201 3574 1335 3645 (24),
1366 3566 1428 3627 οὐ
1461 3573 1667 3628 καὶτὸν
1699 3574 1856 3645 λόγον

267 3670 499 3734 εἰκότως
534 3669 601 3725 ἀν
640 3686 724 3733 τις
772 3668 1000 3739 ἀποδοίη
1045 3670 1281 3740 πρᾶγμα
1311 3662 1453 3723 εἶναι
1500 3666 1678 3737 λέγων
1721 3668 1855 3722 αὐο-

270 3768 553 3838 ύπαρκτον
579 3764 655 3839 μὴ
673 3765 928 3837 δεόμενον
951 3765 1140 3838 ἐτέρου
1162 3767 1299 3839 πρὸς
1325 3766 1439 3838 (‘25)
1462 3765 1719 3837 ὓπαρξιν,
1745 3760 1858 3818 οἷον

269 3859 581 3930 ἄνθρωπος,
618 3856 766 3928 βοῦς,
788 3856 923 3929 πῦρ,
965 3857 1061 3929 γῆ,
1093 3858 1187 3912 καὶ
1214 3858 1284 3913 τὰ
1309 3858 1492 3929 ὃμοια.
1532 3856 1599 3910 Ἢ
1632 3856 1857 3927 τοιαύτη

266 3952 329 4006 δὲ
357 3950 516 4004 οὐσία
538 3949 635 4004 καὶ
653 3950 751 4021 τὴν
776 3951 875 4020 τῆς
905 3949 1240 4021 κατηγορίας
1271 3948 1475 4003 δύναιτ’
1504 3948 1571 4003 ἂν
1600 3948 1860 4011 δέξασθαι

267 4044 591 4116 ὀνομασίαν,
628 4043 738 4097 τῶν
775 4041 833 4096 δὲ
871 4044 1290 4115 προειρημένων
1320 4042 1482 4112 δῆλον
1510 4041 1590 4106 ὡς
1636 4041 1697 4095 οὐ
1732 4040 1853 4111 μία.

270 4138 494 4208 Ταύτης
527 4137 585 4190 δὲ
634 4136 735 4206 τῆς
783 4133 879 4191 νῦν
912 4134 1316 4206 ἀποδεδομένης
1341 4133 1530 4197 οὐσίας
1580 4136 1614 4205 ή
1658 4133 1758 4205 μὲν
1800 4131 1862 4196 ἐξ

272 4230 409 4299 ὕλης
439 4230 533 4282 καὶ
571 4227 746 4290 εἴδους
778 4227 1131 4297 συνέστηκεν,
1162 4227 1199 4297 ἡ
1244 4225 1303 4279 δὲ
1339 4225 1473 4296 ὐλης
1518 4226 1617 4295 μὲν
1655 4226 1748 4279 καὶ
1780 4225 1859 4277 εἴ-

269 4321 395 4385 δους
417 4321 778 4393 ἠλλοτρίωται
804 4361 820 4387 ,
852 4318 914 4385 ἐξ
943 4318 1211 4388 ἀναλόγου
1245 4319 1302 4372 δὲ
1330 4317 1540 4381 τούτοις
1566 4318 1664 4387 τὴν
1696 4317 1862 4386 φύσιν

273 4414 389 4484 ἔχει
413 4412 526 4484 (26)
553 4411 1032 4484 συνηρμοσμένην
1062 4411 1158 4464 καὶ
1177 4409 1381 4479 ταύτης
1403 4410 1438 4481 ὴ
1468 4409 1569 4479 μὲν
1599 4410 1718 4463 κατ’
1742 4412 1863 4462 ἐπι-

274 4510 441 4581 ϐολὴν
475 4510 570 4564 καὶ
600 4509 798 4580 ἀθρόον
828 4508 1074 4579 ἐνεργεῖ,
1110 4505 1186 4570 ὡς
1219 4505 1469 4574 ἀγγέλων
1514 4504 1711 4575 φύσις,
1742 4500 1864 4559 εἶτα

276 4602 375 4654 καὶ
406 4600 560 4664 νοῦς·
600 4601 634 4671 ἡ
676 4600 734 4653 δὲ
778 4599 917 4670 μετά
947 4615 1093 4662 τινος
1136 4597 1405 4667 κινήσεως
1450 4596 1550 4660 τὰς
1584 4596 1863 4666 ἐνεργείας

2027 3485 2083 3541 2.
2120 3485 2320 3542 Practer
2361 3495 2541 3543 tamen
2589 3485 2737 3542 dicta
2782 3484 3085 3540 substantia
3143 3483 3346 3538 dicitur
3383 3485 3549 3539 etiam

1957 3598 2120 3637 omne
2152 3581 2295 3651 quod
2328 3590 2413 3636 est
2453 3597 2550 3652 per
2586 3594 2646 3635 se
2695 3578 3026 3633 subsistens.
3074 3574 3245 3645 Hujus
3279 3578 3550 3632 rationem

1960 3684 2106 3729 recte
2154 3673 2282 3744 quis
2324 3674 2688 3745 assignaverit
2733 3673 2963 3738 dicens,
3013 3689 3127 3727 rem
3172 3688 3293 3728 esse
3344 3686 3441 3743 per
3492 3688 3554 3727 se

1961 3769 2388 3834 subsistentem,
2437 3782 2548 3821 non
2592 3766 2924 3835 indigentem
2979 3763 3088 3818 alio
3133 3763 3201 3818 ad
3242 3764 3551 3819 subsisten-

1962 3861 2116 3924 tiam;
2144 3876 2197 3915 ν.
2230 3875 2311 3931 gr.
2340 3859 2531 3924 homo,
2550 3858 2671 3925 bos,
2701 3858 2866 3927 ignis,
2891 3865 3035 3912 terra
3055 3865 3107 3910 et
3135 3856 3356 3912 similia.
3390 3854 3553 3925 Ejus-

1962 3954 2110 4009 modi
2157 3952 2463 4009 substantia
2511 3951 2674 4006 etiam
2725 3950 3015 4020 categorim
3053 3947 3551 4003 denominatiutcm

1964 4044 2243 4113 suscipere
2265 4040 2484 4112 poterit,
2518 4040 2898 4110 praedictarum
2938 4051 3066 4092 vero
3093 4036 3267 4100 nulla,
3300 4048 3354 4090 ut
3383 4046 3549 4105 patet.

1964 4133 2299 4189 Substantia:
2338 4146 2502 4197 vero,
2538 4131 2605 4184 de
2640 4129 2841 4199 quibus
2881 4142 3027 4182 nunc
3060 4128 3278 4194 agitur,
3318 4125 3440 4179 aliae
3482 4141 3551 4179 ex

1966 4224 2194 4280 materia
2222 4232 2275 4277 et
2301 4222 2475 4276 forma
2508 4221 2839 4285 consistunt,
2870 4219 2992 4272 aliae
3021 4231 3149 4272 vero
3177 4232 3207 4270 a
3248 4215 3471 4269 materia
3496 4224 3551 4268 et

1965 4317 2142 4373 forma
2178 4318 2337 4385 longe
2366 4314 2601 4376 absunt,
2637 4328 2701 4366 ex
2739 4321 2938 4365 natura
2991 4319 3169 4364 tamen
3204 4308 3288 4363 his
3318 4321 3552 4377 respou-

1963 4412 2127 4466 dente
2180 4408 2519 4464 concinnatae
2550 4414 2697 4460 sunt.
2747 4406 2924 4472 Atque
2961 4417 3029 4457 ex
3072 4402 3159 4456 his
3191 4401 3297 4455 alia
3326 4400 3550 4470 quidem

1966 4499 2020 4553 in
2051 4497 2277 4553 instanti
2311 4506 2365 4551 et
2411 4511 2522 4549 uno
2559 4494 2761 4563 impetu
2808 4501 3092 4562 operatur,
3146 4501 3203 4544 ut
3232 4489 3550 4559 angelorum

1966 4600 2184 4657 natura,
2219 4590 2417 4645 deinde
2456 4602 2645 4653 mens;
2678 4586 2782 4640 alia
2818 4600 2947 4640 \ero
2977 4599 3102 4640 cum
3132 4582 3368 4652 quodam
3400 4591 3551 4635 motu

273 4693 392 4763 ἔχει
436 4691 825 4763 προαγομένας
845 4731 862 4758 ,
900 4690 976 4752 ώς
1017 4689 1164 4761 ψυχή
1185 4706 1200 4721 ·
1246 4682 1324 4743 ὧν
1349 4689 1398 4741 εί
1427 4688 1522 4742 καὶ
1544 4688 1797 4759 διάφορος
1829 4688 1853 4757 ἡ

1968 4682 2133 4737 habet
2175 4680 2528 4750 operationes
2577 4676 2707 4733 sua's
2762 4677 3206 4747 progredientes,
3255 4683 3314 4726 ut
3340 4671 3547 4726 anima.

280 4787 539 4858 ἐνέργεια
588 4786 680 4838 καὶ
709 4786 743 4855 ἠ
777 4783 1011 4855 ὐπαρξις
1059 4782 1175 4837 ἀλλ’
1208 4778 1302 4836 οὖν
1347 4780 1526 4834 κοινὸν
1574 4780 1758 4841 αὐτοῖς
1804 4779 1853 4832 τὲ

1970 4777 2215 4844 Quarum
2261 4774 2389 4829 licet
2425 4773 2641 4828 diversa
2687 4770 2758 4824 sit
2805 4769 3052 4840 operatio
3094 4777 3149 4822 et
3191 4764 3553 4828 exsistentia,

274 4873 417 4930 εἶναι
447 4892 507 4928 τε
548 4874 644 4928 καὶ
673 4874 958 4928 καλεῖσθαι
999 4872 1299 4941 ἀσώματα·
1331 4871 1431 4923 ὅσα
1460 4869 1569 4941 γὰρ
1594 4870 1692 4940 τῆς
1728 4867 1853 4939 ὕλης

1967 4879 2209 4924 attamen
2240 4880 2533 4921 commune
2562 4864 2695 4934 ipsis
2728 4872 2814 4919 est
2842 4876 2896 4918 et
2926 4878 3049 4917 esse
3075 4869 3131 4915 et
3158 4860 3263 4914 dici
3294 4858 3554 4928 incorpo-

276 4972 371 5024 atat
418 4968 516 5022 τοῦ
568 4968 756 5023 ένύλου
810 4968 987 5031 εἴδους
1039 4964 1485 5035 ἀνακεχώρηκεν,
1531 4965 1610 5025 είς
1639 4962 1730 5014 τὸν
1763 4960 1853 5014 τοῦ

1968 4975 2083 5014 rea.
2118 4956 2471 5025 Quaecunque
2518 4953 2665 5008 enim
2696 4960 2886 5007 carent
2921 4950 3149 5005 materia
3182 4955 3237 5002 et
3275 4947 3549 5001 materiali

276 5063 573 5133 ἀσωμάτου
602 5062 760 5131 λόγον
792 5059 1171 5134 μεταϐέϐηκε·
1204 5057 1309 5111 κᾶν
1342 5056 1449 5128 γὰρ
1495 5055 1631 5126 πρὸς
1669 5054 1730 5107 τὸ
1764 5070 1853 5107 κυ-

1969 5053 2169 5116 forma,
2200 5067 2263 5105 ea
2313 5052 2380 5104 ad
2416 5049 2869 5118 incorporeorum
2919 5044 3186 5099 rationem
3228 5049 3549 5106 transeunt;

278 5131 415 5225 ρίως
447 5156 543 5207 καὶ
574 5131 807 5226 πρώτως
852 5153 913 5209 ὃν
946 5152 1240 5224 ἀσώματόν
1280 5166 1340 5203 τε
1391 5150 1486 5203 καὶ
1536 5147 1853 5220 ὐπερούσιον

1966 5145 2096 5200 licet
2120 5144 2265 5199 enim
2296 5157 2420 5197 cum
2451 5158 2519 5197 eo
2546 5140 2691 5209 quod
2724 5137 2942 5210 proprie
2977 5145 3031 5191 et
3063 5134 3327 5205 primario
3358 5142 3443 5187 est
3468 5131 3555 5187 iu-

282 5247 537 5315 ἀγαπῶσι
563 5245 739 5301 ταῦτα
769 5245 931 5317 σῶμά
961 5262 1025 5315 γε
1063 5247 1152 5299 καί
1184 5239 1323 5297 εἶναι
1356 5243 1451 5296 καὶ
1477 5240 1853 5313 ὀνομάζεσθαι,

1971 5250 2296 5308 corporeum
2358 5243 2414 5289 et
2460 5230 2985 5303 supersubstantiale
3049 5233 3371 5297 comparata
3438 5224 3555 5279 haec

280 5338 400 5396 ἀλλ’
440 5339 533 5394 οὐν
561 5340 660 5413 τὴν
692 5339 877 5396 ένυλον
916 5341 1009 5393 καὶ
1050 5338 1371 5410 σωματικὴν
1399 5334 1731 5405 διαφυγόντα
1757 5351 1853 5386 πα-

1971 5343 2193 5399 quoque
2241 5340 2440 5394 corpus
2489 5322 2703 5379 censeri
2756 5336 2823 5376 ac
2872 5319 2979 5376 dici
3011 5318 3272 5384 debeant,
3307 5324 3552 5371 attamen

1792 5512 2027 5572 ΝΟΤιΕ.

346 5710 465 5783 (9.4)
501 5706 748 5783 Sicvat.
774 5704 1155 5783 Apogr1_Ven.
1190 5700 1651 5783 abilunéa;arov._
1690 5782 1695 5783 γ
1743 5776 1755 5783 _

1968 5691 2091 5748 cod.
2130 5690 2253 5743 Vat.

2046 5763 2152 5783 .got
2191 5762 2281 5783 υτ-
2311 5767 2455 5783 ..-..a-
2482 5756 2583 5783 l1...
2634 5756 2751 5783 1"-n:

348 5711 442 5783 (9.4
501 5710 595 5764 Sic
623 5710 748 5763 Vat.
774 5710 975 5777 Apogr.
1017 5710 1155 5759 Ven.
1190 5710 1617 5756 αὺουποστατον.
1802 5765 1813 5778 .
1968 5710 2091 5748 cou.
2116 5710 2253 5778 μοι,
2739 5758 2751 5770 ⁹

348 5710 468 5856 (25;
496 5780 641 5852 Πρός
673 5781 826 5834 deest
854 5781 907 5831 in
961 5774 1153 5831 Venet.
1191 5772 1529 5845 apographo,
1561 5769 1652 5827 sed
1678 5776 1763 5826 est
1799 5782 1858 5824 tn
2043 5763 2156 5833 12b)
2191 5763 2282 5818 hic
2310 5767 2457 5818 recte
2482 5756 2605 5816 Vat.
2634 5755 2800 5815 Catii.
2832 5755 2934 5831 Ap.
2961 5755 3123 5829 ἔχειν.

644 5897 921 5961 Parum“
960 5892 1080 5958 (in.
1164 5890 1259 5955 Cl.
3228 5871 3307 5935 95
