4072 6432
585 325 686 391 771
1748 314 2013 377 PHOTII
2054 314 2193 375 PAT

2202 309 2559 372 RIARCHIE
2589 309 2697 368 (ΣΡ.
3729 301 3810 364 ’ΠΞ

574 463 701 505 eum
762 442 1098 500 materialem
1151 454 1215 495 ae
1260 451 1582 510 corpoream
1646 435 1958 491 erassitiem
2036 432 2173 487 effu-

2204 435 2251 494 Α
2279 428 2487 500 χύτητα
2532 428 2598 496 τῇ
2639 422 2734 477 τοῦ
2780 421 2946 477 ἀΰλου
2978 419 3141 489 φύσει
3179 412 3577 471 συωικειοῦται
3621 415 3811 469 καὶτῶν

575 541 748 610 giant,
786 545 997 591 naturae
1033 548 1214 588 rerum
1251 529 1694 585 immaterialium
1725 536 1781 582 et
1815 528 2168 595 incorporeo-

2278 522 2621 592 ἀσωμάτων“
2654 516 2790 571 ἀλλά
2834 514 2997 569 τοῦτο
3044 512 3145 581 μὲν
3196 510 3385 581 ἑτέρου
3421 509 3518 562 καὶ
3561 507 3812 578 βαθυτέρω

576 647 698 685 rem
734 635 1136 689 accensentur;
1170 639 1359 679 verum
1394 623 1499 677 hoc
1557 620 1790 675 alterius
1844 634 1909 673 ac
1939 615 2169 687 profun-

2277 615 2458 683 λόγου.
2503 612 2616 680 Τῆς
2662 609 2720 663 δέ
2759 624 2824 677 γε
2878 606 2937 673 ὲξ
2972 604 3105 675 ὕλης
3150 603 3245 656 καὶ
3278 602 3460 664 εἴδους
3494 602 3812 669 συγκειμένης

574 718 747 773 dioris
811 713 1197 785 disputationis
1255 719 1360 765 est.
1423 708 1579 775 Quod
1643 721 1775 763 vero
1826 713 2036 776 spectat
2100 703 2168 758 ad

2278 705 2466 768 οὐσίας
2493 704 2527 773 ἡ
2563 702 2664 772 μέν
2686 702 2804 754 εστι
2835 696 3139 769 μονοειδὴς.
3172 696 3238 763 ἥν
3263 694 3356 749 καὶ
3385 692 3566 760 ἁπλῆν
3596 688 3815 757 εἰώθαμεν

576 804 941 862 substantiam
975 818 1042 857 ex
1078 799 1306 855 materia
1343 807 1395 852 et
1431 797 1608 851 forma
1640 794 2028 864 compositam,
2065 792 2171 845 alia

2280 798 2496 851 καλεῐψ
2529 796 2563 865 ἡ
2591 794 2647 847 δὲ
2680 790 2968 861 πολυειδὴς
2989 830 3004 853 ,
3045 790 3114 860 ἦν
3147 788 3241 841 καὶ
3281 783 3543 839 σύνθετον
3573 782 3706 845 ἰδίως
3740 800 3817 836 κα-

573 900 657 946 est
694 889 1020 953 uniformis,
1066 902 1232 959 quam
1282 896 1337 941 et
1370 885 1674 955 simplicem
1711 883 1983 953 appellare
2029 881 2172 936 sole—

2280 890 2502 961 λοῦμεν.
2544 886 2707 940 Ἀλλά
2732 886 2833 955 τῆς
2868 881 3049 952 ἁπλῆς
3080 880 3245 934 πάλιν
3274 877 3468 938 οὐσίας
3502 875 3538 944 ὴ
3588 873 3678 943 μέν
3706 875 3817 926 ἔστιν

574 1000 739 1047 mus,
786 983 891 1038 alia
921 996 1054 1037 vero
1105 978 1491 1044 multiformis,
1523 992 1686 1047 quam
1726 984 1779 1029 et
1813 973 2173 1043 compositam

2284 979 2599 1051 ἰθυφορικὴ,
2635 978 2669 1046 ἡ
2693 976 2751 1029 δὲ
2779 970 3175 1043 κυκλοφορικὴ,
3207 969 3302 1023 καί
3327 967 3429 1036 τῆς
3461 963 3818 1034 κυκλοφορικῆς

577 1075 798 1146 proprie
830 1088 1240 1144 nuncupamus.
1276 1072 1511 1125 Rursum
1547 1068 1823 1138 simplices
1854 1065 2175 1121 substantia:

2280 1074 2315 1142 ἡ
2356 1071 2452 1143 μὲν
2482 1068 2582 1139 τὴν
2615 1067 2709 1122 ἀπ’
2741 1064 3009 1133 ἀνατολῆς
3039 1062 3132 1115 ἐπὶ
3164 1059 3315 1113 δύσιν
3345 1057 3567 1127 κίνησιν
3592 1058 3818 1119 ποιεῖται,

577 1168 700 1221 alia:
731 1174 863 1221 sunt
895 1180 1016 1235 qua:
1048 1173 1196 1219 recte
1229 1160 1673 1233 progrediuntur,
1705 1158 1823 1212 aliae
1849 1173 1973 1227 quae
2003 1157 2056 1211 in
2084 1170 2175 1210 or-

2280 1163 2357 1225 ὼς
2390 1164 2423 1233 ἡ
2464 1160 2733 1231 λεγομένη
2770 1158 3040 1227 ἀναστρος
3076 1154 3313 1223 σφαῖρα,
3365 1150 3467 1202 καὶ
3507 1146 3643 1217 αὐτὴ
3676 1148 3706 1217 ἡ
3740 1148 3819 1201 τῶν

575 1260 701 1316 hem
746 1260 1111 1329 rediguntur;
1162 1272 1228 1310 ex
1280 1256 1365 1311 his
1394 1270 1522 1308 vero
1569 1251 1863 1324 postremis
1891 1250 2013 1304 alia:
2044 1263 2167 1304 mo-

2283 1252 2572 1307 ἀπλάνων·
2610 1251 2644 1321 ἡ
2684 1250 2745 1303 δὲ
2770 1249 2829 1302 τὸ
2868 1245 3139 1301 ἀνάπαλιν
3162 1242 3269 1297 ἀπὸ
3310 1240 3525 1302 δύσεως
3562 1237 3645 1290 ἐπ’
3669 1238 3820 1289 ἀνατο-

582 1362 699 1407 tum
730 1351 801 1406 ab
827 1352 1039 1405 oriente
1064 1348 1118 1403 in
1157 1348 1498 1402 occidentem
1526 1344 1841 1415 perficiunt,
1872 1349 1932 1395 ut
1964 1340 2175 1410 sphaera

2282 1346 2401 1418 λὴν,
2436 1344 2512 1408 ὼς
2556 1345 2611 1397 αἰ
2655 1341 2947 1411 λεγόμεναι
2970 1336 3080 1390 τῶν
3119 1334 3261 1388 έπτά
3292 1330 3662 1400 πλανωμένων
3697 1332 3818 1399 σφαί-

579 1460 705 1517 (ιιιαι
737 1444 940 1500 dicitur
969 1458 1078 1498 non
1125 1442 1337 1497 stellata
1367 1450 1421 1493 et
1454 1440 1689 1508 ipsamet
1725 1436 1954 1489 lixarum
1993 1433 2177 1489 stella-

2289 1456 2411 1510 ραι·
2464 1437 2565 1505 τῆς
2612 1434 2669 1488 δὲ
2716 1428 3095 1500 ἰθυφορικῆςή
3136 1427 3236 1496 μὲν
3274 1423 3385 1479 ἀπὸ
3416 1421 3516 1475 τοῦ
3560 1422 3709 1491 μέσου
3734 1422 3818 1487 ἢτοι

578 1554 704 1593 rum
760 1537 1016 1607 sphaera;
1084 1534 1202 1588 alia:
1261 1548 1291 1587 e
1346 1544 1614 1586 converso
1667 1528 1736 1582 ab
1785 1526 2071 1581 occidente
2122 1525 2176 1579 in

2284 1529 2379 1585 τοῦ
2414 1530 2565 1583 κάτω
2598 1527 2824 1598 φέρεται
2860 1523 2996 1594 πρὸς
3026 1522 3095 1575 τά
3127 1519 3261 1583 ἀνω,
3289 1519 3323 1587 ἡ
3365 1515 3424 1569 δὲ
3456 1511 3711 1566 ἀνάπαλιν
3743 1514 3817 1565 ἀπο

578 1633 847 1687 orientem
872 1630 1169 1684 motionem
1207 1625 1433 1685 faciunt,
1462 1633 1521 1676 ut
1544 1636 1666 1691 quae
1686 1619 1946 1674 dicuntur
1968 1628 2175 1689 septem

2285 1622 2395 1676 τῶν
2421 1621 2535 1676 ἀνω
2566 1618 2699 1687 πρὸς
2728 1616 2797 1670 τά
2838 1617 2989 1669 κάτω
3010 1628 3024 1641 ⁶
3072 1610 3319 1667 κάτωθεν
3360 1609 3465 1675 μὲν
3496 1604 3628 1676 πρὸς
3652 1604 3712 1655 τὰ
3742 1604 3817 1658 ἅνω

578 1720 926 1790 planetarum
960 1716 1188 1785 sphaerae
1214 1726 1230 1766 :
1253 1711 1683 1766 substantiarum
1714 1723 1866 1774 vero,
1884 1722 2004 1778 qua:
2032 1715 2178 1762 recte

2285 1716 2417 1785 ἀὴρ,
2449 1711 2583 1784 πῦρ,
2614 1705 2690 1765 ὧν
2730 1710 2789 1763 τὸ
2833 1708 2945 1777 πῦρ
2996 1704 3133 1775 πρὸς
3162 1703 3254 1755 τὸν
3296 1698 3440 1770 ἀέρα
3471 1696 3713 1790 ξηρότητι
3738 1695 3816 1749 δια-

579 1808 1042 1882 progrediuntur,
1094 1806 1219 1861 alia:
1255 1820 1285 1859 a
1323 1803 1502 1858 medio
1535 1802 1616 1855 vel
1658 1800 1729 1855 ah
1770 1802 1880 1855 imo
1927 1798 2181 1854 feruntur

2216 1800 2256 1855 Β
2286 1782 2566 1858 στέλλεται
2585 1818 2599 1831 ·
2634 1800 2839 1856 ἀνωθεν
2867 1798 2925 1852 δὲ
2972 1797 3123 1851 κάτω
3155 1795 3299 1865 ὕδωρ
3328 1793 3427 1845 καὶ
3465 1790 3563 1859 γῆ.
3592 1782 3662 1842 ὧν
3692 1788 3814 1858 ﬁeri.

582 1903 650 1957 ad
683 1915 945 1971 superna,
978 1898 1100 1953 alia:
1132 1913 1162 1952 e
1196 1910 1467 1951 converso
1506 1910 1535 1948 a
1572 1892 1829 1963 supernis
1856 1893 1922 1946 ad
1950 1890 2178 1946 inferio-

2282 1914 2367 1961 σις
2414 1894 2678 1967 ὑγρότητι
2705 1893 3002 1965 διενήνοχε.
3048 1892 3159 1945 Καὶ
3187 1888 3363 1943 ταῦτα
3402 1887 3504 1958 μὲν
3534 1884 3607 1947 ὡς
3628 1886 3679 1937 έν
3702 1883 3814 1951 τύπῳ

582 2010 677 2060 ra;
711 1994 779 2047 ab
806 1992 949 2046 infra
980 1991 1045 2044 ad
1079 2002 1317 2059 superna
1347 1988 1521 2041 fertur
1547 2000 1641 2039 aer
1666 1994 1721 2039 et
1751 1984 1913 2055 ignis,
1942 1997 2179 2053 quorum

2279 1988 2411 2059 περὶ
2448 1988 2548 2058 τῆς
2596 1983 2777 2055 ἁπλῆς
2814 1982 3118 2053 λεγομένης
3165 1979 3375 2043 οὐσίας.
3410 1978 3527 2048 Τῆς
3558 1976 3615 2028 δέ
3645 1990 3701 2041 γε
3730 1990 3815 2025 συν-

584 2099 778 2151 unum,
816 2081 983 2151 ignis,
1014 2080 1081 2135 ab
1125 2094 1251 2134 aere
1295 2078 1541 2133 siccitate
1564 2075 1787 2141 differt;
1815 2074 1883 2128 ab
1918 2074 2029 2127 alto
2053 2087 2180 2127 vero

2280 2078 2436 2133 θέτου
2463 2079 2497 2149 ἠ
2543 2076 2643 2149 μὲν
2670 2073 2994 2145 αἰσθητικὴ,
3025 2074 3059 2144 ἡ
3083 2072 3141 2126 δὲ
3164 2070 3503 2141 ἀναίσθητος
3523 2085 3536 2098 ·
3581 2065 3815 2136 αἰσθητικὴ

582 2176 652 2231 ad
678 2174 818 2230 infra
847 2174 1023 2229 fertur
1050 2188 1190 2243 aqua
1218 2181 1273 2227 et
1298 2180 1468 2235 terra,
1503 2186 1739 2241 quarum
1777 2179 1973 2224 natura
1999 2168 2181 2222 humi-

2284 2173 2406 2245 μὲν,
2436 2173 2471 2243 ἡ
2497 2170 2786 2239 αἰσθήσεσι
2821 2167 3100 2236 πεφυκυῖα
3142 2162 3385 2235 χρῆσθαι
3407 2203 3423 2228 ,
3460 2159 3759 2229 ἀναίσθητος
3778 2156 3816 2208 δὲ

584 2271 755 2326 ditate
787 2268 989 2323 differt.
1020 2265 1087 2320 Et
1116 2266 1252 2332 haec,
1287 2265 1524 2334 exempli
1553 2265 1726 2335 gratia
1747 2304 1762 2330 ,
1806 2262 1873 2316 de
1918 2262 2182 2317 substan-

2280 2270 2315 2338 ἡ
2349 2264 2517 2337 χωρίς
2542 2279 2687 2325 τινος
2715 2260 3025 2331 αἰσθήσεως
3056 2255 3407 2326 διοικουμένη
3429 2268 3444 2284 ·
3475 2246 3543 2325 ἧς
3568 2253 3599 2321 ἡ
3627 2250 3713 2321 μὲν
3731 2248 3816 2301 οὐδὲ

584 2367 681 2432 tia,
734 2379 854 2436 quae
900 2363 1130 2434 simplex
1168 2361 1401 2425 dicitur,
1438 2358 1585 2414 dicta
1619 2367 1806 2415 sunto.
1834 2356 2182 2427 Composita-

2282 2360 2382 2429 τὴν
2409 2354 2711 2430 Θρεπτικὴν
2749 2352 2980 2423 δύναμιν
3009 2350 3220 2404 ἔνδοθεν
3250 2348 3386 2419 ἔχει,
3424 2348 3504 2410 ὡς
3535 2345 3696 2408 λίθοι,
3723 2341 3818 2408 ξύλα

582 2474 705 2513 rum
760 2471 889 2512 vero
943 2452 1376 2510 substantiarum
1430 2450 1537 2504 alia
1595 2456 1680 2505 est
1729 2448 2033 2515 sensitiva,
2076 2446 2183 2502 alia

2284 2451 2381 2504 καὶ
2410 2451 2511 2503 ὅσα
2539 2446 2790 2511 τοιαῦτα,
2818 2448 2853 2516 ἡ
2880 2444 2937 2499 δὲ
2966 2444 3111 2497 κατὰ
3139 2441 3343 2512 ταύτην
3372 2438 3655 2495 διοικεῖταί
3681 2452 3730 2489 τε
3754 2436 3819 2487 καὶ

582 2550 947 2614 insensitiva;
983 2548 1246 2603 sensitiva
1296 2545 1517 2616 quidem
1557 2551 1644 2598 est
1668 2556 1731 2598 ea
1767 2556 1891 2612 quae
1929 2540 2185 2596 sensibus

2284 2542 2687 2612 διακρατεῖται,
2714 2534 2827 2591 οἷον
2856 2535 3022 2606 φυτά,
3055 2534 3271 2605 θάμνοι,
3305 2532 3438 2585 πόαι
3472 2531 3569 2583 καὶ
3597 2528 3660 2581 τὰ
3684 2528 3818 2596 ὅμοια.

584 2645 667 2700 uti
701 2652 826 2713 apta
851 2649 971 2707 est;
1004 2637 1327 2693 insensitiva
1359 2650 1509 2699 vero,
1546 2649 1667 2705 quae
1700 2634 1821 2689 sine
1857 2632 1969 2689 ulla
1994 2646 2187 2687 sensa-

2296 2635 2363 2687 Ἦ
2406 2632 2591 2704 μέντοι
2623 2632 2745 2695 ταῖς
2778 2629 3069 2700 αἰσθήσεσι
3111 2625 3274 2696 φύσιν
3323 2623 3530 2695 ἔχουσα
3577 2617 3821 2690 κεχρῆσθαι

586 2710 750 2785 tione
777 2737 923 2783 recta
974 2734 1091 2791 est;
1142 2724 1310 2795 hujus
1359 2722 1584 2792 quidem
1619 2722 1725 2776 alia
1756 2735 1934 2791 neque
1965 2719 2186 2773 nutriti-

2283 2724 2549 2797 διαφορὰς
2581 2725 2675 2778 καὶ
2707 2722 2845 2793 αὐτὴ
2889 2720 3233 2791 ἐπιδέχεται·
3268 2716 3303 2788 ἢ
3349 2716 3465 2786 γάρ
3509 2710 3821 2785 μεταϐατικὴν

589 2838 712 2877 vam
744 2819 1061 2875 facultatem
1092 2817 1240 2871 intus
1284 2815 1474 2879 habet,
1503 2822 1563 2868 ut
1591 2827 1747 2878 saxa,
1781 2812 1925 2881 ligna
1954 2818 2010 2865 et
2032 2824 2185 2880 qure-

2285 2818 2650 2893 προϐἀλλεται
2681 2815 2914 2886 δύναμιν
2940 2814 3035 2868 καὶ
3057 2812 3168 2864 τῶν
3193 2810 3349 2874 ζώων
3383 2807 3663 2876 συνίστησι
3684 2802 3820 2873 φύσιν,

589 2926 811 2982 cunque
855 2908 1206 2979 hujusmodi;
1258 2907 1364 2961 alia
1400 2920 1529 2959 vero
1573 2920 1668 2974 per
1722 2905 1863 2958 hanc
1894 2902 2098 2974 regitur
2132 2908 2189 2955 et

2285 2915 2319 2986 ἢ
2355 2912 2649 2985 ἐστέρηται
2680 2908 2886 2979 ταύτης
2916 2908 3011 2959 καὶ
3034 2905 3134 2977 τὴν
3156 2903 3267 2957 τῶν
3301 2901 3601 2971 ζωοφύτων
3624 2893 3820 2952 ἀποτελεῖ

590 3011 959 3067 sustentatur,
1015 2999 1161 3054 velut
1200 2998 1432 3067 plantze,
1462 2995 1723 3067 virgulta,
1750 2994 1998 3064 gramina
2024 3003 2079 3049 et
2112 2990 2187 3048 sic

2285 3007 2476 3062 οὐσίαν
2495 3023 2507 3037 ·
2535 3004 2762 3058 τοιαῦτα
2787 3002 2846 3055 δέ
2885 3002 3029 3053 ἐστιν
3058 2996 3261 3069 δστρεά
3294 3012 3354 3048 τε
3389 2993 3491 3049 καὶ
3521 2993 3728 3060 σπόγγοι
3759 2986 3822 3039 καὶ

591 3093 765 3149 milia.
790 3090 924 3158 Quae
956 3104 1085 3144 vero
1110 3097 1363 3143 naturam
1391 3086 1552 3141 talem
1579 3086 1805 3149 habent,
1837 3091 1898 3139 ut
1929 3082 2199 3139 sensibus:

2215 3108 2253 3167 ζ
2288 3099 2459 3154 πολλά
2485 3097 2621 3154 ἄλλα
2642 3113 2655 3126 ·
2677 3098 2711 3167 ὴ
2741 3096 2798 3149 δὲ
2824 3094 2962 3166 μετά
2985 3091 3081 3146 τοῦ
3114 3087 3421 3161 κεχρῆσθαι
3452 3088 3573 3150 ταῖς
3598 3082 3823 3151 αἰσθήσεσι

592 3186 673 3246 uti
695 3155 919 3261 queant,
955 3183 1324 3257 ipsazqnoque
1355 3179 1692 3239 differentias
1731 3179 2071 3250 suscipiunt;
2100 3173 2185 3230 vel

2213 3155 2254 3215 ο
2291 3191 2387 3244 καὶ
2415 3188 2514 3261 τὴν
2551 3155 2927 3260 μεταδατιδιὴν
2951 3155 3626 3253 δύναμιν-’προσειληφυῖα
3652 3172 3733 3225 καί
3764 3168 3821 3220 διὰ

590 3285 739 3342 enim
768 3284 879 3337 vim
922 3280 1326 3352 progressivam
1359 3277 1562 3332 habent
1590 3284 1644 3330 et
1670 3273 1992 3329 animalium
2026 3281 2187 3324 natu-

2290 3257 2580 3344 τοῦτο-εἰς
2626 3278 2769 3344 ζῶον
2812 3272 3216 3337 εἰδοποιηθείσα
3264 3269 3341 3340 τῷ
3386 3265 3594 3336 λογικῷ
3641 3263 3722 3316 καὶ
3771 3257 3823 3326 τῷ

591 3392 710 3431 ram
745 3372 1109 3435 constituunt,
1139 3370 1224 3424 vel
1263 3383 1328 3423 ea
1362 3369 1647 3439 privantur
1693 3372 1858 3434 atque
1889 3360 2189 3431 zoophyto-

2290 3373 2473 3443 ἀλόγῳ
2500 3370 2793 3441 διαιρεῖται
2833 3366 2928 3421 καὶ
2966 3364 3061 3418 δύο
3110 3362 3227 3432 εῐδη
3262 3355 3692 3430 παρηλλαγμένα
3724 3352 3823 3443 ἀπο-

595 3484 719 3524 rum
756 3466 1126 3522 substantiam
1167 3462 1443 3526 efﬁciunt,
1479 3459 1607 3514 talia
1643 3472 1772 3512 vero
1821 3462 1951 3510 sunt.
1985 3460 2187 3514 ostrea,

2293 3442 2495 3532 γεννᾷ,
2533 3459 2594 3512 τὸ
2625 3457 2846 3527 λογικὸν
2875 3454 3014 3519 ζῶόν
3048 3471 3226 3524 φημι,
3257 3451 3398 3523 ὅπερ
3428 3448 3579 3501 ἐστὶν
3610 3447 3638 3497 ὁ
3667 3442 3824 3532 ἀνθρω-

597 3559 844 3631 spongiae
875 3566 929 3612 et
969 3557 1077 3612 alia
1107 3554 1306 3609 multa.
1340 3550 1663 3606 Substantia
1695 3557 1905 3610 autem,
1935 3560 2057 3614 quae
2082 3556 2189 3597 una

2294 3530 2445 3619 ποςξ
2478 3553 2571 3606 καὶ
2617 3549 2679 3603 τὸ
2721 3549 2946 3618 ἄλογον.
2983 3547 3011 3600 ὃ
3050 3548 3145 3600 καὶ
3187 3544 3405 3607 πλείους
3434 3539 3731 3610 ἐπιδέχεται
3762 3530 3827 3590 τὰς

596 3666 723 3706 eum
757 3648 1016 3703 facultate
1042 3646 1296 3702 sensibus
1327 3642 1515 3698 utendi
1545 3642 1713 3695 etiam
1752 3639 1858 3692 vim
1889 3634 2192 3708 progressi-

2293 3643 2595 3715 διαφοράςο
2627 3640 2833 3695 τούτων
2869 3639 2983 3711 (27)
3034 3639 3143 3708 γὰρ
3193 3637 3253 3690 τὸ
3295 3634 3394 3705 μέν
3430 3636 3553 3687 ἐστι
3595 3629 3756 3693 πεζὸν,
3788 3622 3828 3674 τὸ

600 3758 721 3797 vam
753 3740 947 3796 sortita
968 3748 1019 3793 et
1042 3737 1184 3791 hanc
1204 3737 1274 3791 ob
1303 3749 1525 3789 causam
1556 3732 1610 3785 in
1659 3730 1981 3784 animalium
2014 3725 2194 3796 specie

2297 3738 2355 3792 δὲ
2384 3734 2582 3804 νηκτόν
2605 3749 2618 3764 ·
2650 3732 2747 3786 καὶ
2777 3730 2984 3784 τούτων
3027 3730 3261 3783 ἕκαστον
3285 3726 3665 3796 ὲπιδιαιρείται
3687 3719 3824 3771 πάλιν.

600 3832 901 3889 constituta
930 3838 1037 3895 est,
1086 3829 1140 3883 in
1172 3826 1440 3882 rationale
1478 3836 1532 3880 et
1575 3823 1803 3878 rationis
1832 3835 2029 3890 expers
2053 3817 2194 3872 dit-i-

2298 3829 2393 3882 καὶ
2420 3828 2514 3880 ἐπὶ
2548 3825 2713 3878 πλέον
2743 3823 2989 3895 πρόεισιν
3012 3823 3045 3891 ἡ
3089 3819 3254 3890 τομὴ,
3295 3818 3381 3871 ἵνα
3414 3815 3689 3884 συντόμως
3727 3808 3828 3860 εἴπω

601 3926 753 3980 ditur
775 3932 830 3979 et
858 3922 995 3977 duas
1033 3920 1247 3991 species
1274 3918 1524 3973 diversas
1553 3913 1736 3981 eliicit,
1769 3910 1973 3966 animal
2005 3908 2197 3964 videli-

2298 3923 2394 3976 καὶ
2424 3920 2500 3991 μὴ
2530 3921 2588 3973 ὲν
2622 3916 2984 3988 κατηγορίαις
3025 3915 3125 3984 τὴν
3160 3913 3289 3983 περὶ
3328 3909 3487 3975 ζώων
3513 3906 3733 3976 ἱστορίαν
3767 3901 3826 3951 αἱ·

603 4026 689 4073 cet
718 4013 1008 4080 rationale,
1046 4012 1193 4084 quod
1251 4018 1337 4067 est
1382 4010 1570 4075 homo,
1628 4016 1682 4062 et
1726 4004 1930 4061 animal
1986 4004 2198 4057 ratione

2298 4015 2420 4068 τίαν
2465 4012 2574 4082 ἔχω
2613 4009 2979 4078 ἀναγράφειν.
3022 4006 3134 4059 Καὶ
3169 4004 3307 4076 α’ύτη
3343 4002 3443 4073 μὲν
3482 4000 3620 4055 κατά
3646 4013 3701 4066 γε
3728 3992 3828 4063 ἐμὴν

606 4124 824 4174 carens,
868 4105 1016 4178 quod
1053 4106 1240 4178 plures
1294 4118 1512 4160 rursum
1560 4100 1896 4156 differentias
1945 4097 2190 4167 suscipit.

2301 4106 2564 4177 επιϐολὴν
2612 4107 2647 4177 ἦ
2680 4121 2742 4157 τε
2788 4104 2898 4157 τῶν
2936 4102 3035 4172 τῆς
3082 4100 3273 4163 οὐσίας
3318 4094 3721 4167 σημαινομένων
3745 4090 3828 4140 δια-

604 4203 813 4259 llorum
853 4201 999 4258 enim
1035 4199 1183 4256 aliud
1218 4208 1303 4254 est
1338 4205 1619 4260 terrestre,
1656 4194 1802 4249 aliud
1842 4192 2104 4256 natatile;
2145 4198 2200 4244 et

2303 4199 2466 4269 στολῆ
2504 4199 2599 4252 καὶ
2642 4198 2739 4268 τῆς
2766 4195 2842 4260 ὡς
2871 4194 3027 4264 γένος
3051 4195 3132 4257 εἰς
3164 4192 3279 4262 εἴδη
3317 4187 3654 4260 τεμνομένης
3676 4178 3828 4247 διαίρε-

608 4299 809 4353 horum
849 4294 1132 4366 quodlibet
1171 4294 1369 4349 iterum
1401 4290 1661 4345 dividitur
1710 4298 1874 4358 atque
1915 4286 2054 4339 ultra
2084 4284 2199 4338 haec

2304 4308 2389 4356 σις
2412 4305 2426 4320 ο
2460 4291 2609 4353 ὅπως
2632 4287 2690 4341 δὲ
2715 4286 2814 4348 τάς
2846 4284 3017 4347 λαϐὰς
3044 4285 3078 4352 ἠ
3117 4282 3343 4352 τοιαύτη
3371 4279 3578 4350 Θεωρία
3597 4271 3830 4336 διαπέφευ-

606 4391 804 4445 divisio
833 4387 1111 4457 procedit,
1151 4394 1210 4439 ut
1254 4383 1487 4438 breviter
1525 4382 1706 4435 dicam
1756 4394 1889 4433 neve
1932 4378 1988 4432 in
2022 4376 2197 4447 expli-

2301 4400 2419 4453 γεν,
2474 4377 2563 4443 αἷς
2605 4380 2655 4433 οἱ
2703 4375 3187 4447 ὲπικεχειρηκότες
3239 4374 3441 4443 ἑτέρως
3502 4369 3715 4438 διαιρεῖν
3761 4359 3829 4429 τὴν

612 4483 805 4540 caudis
831 4480 1125 4551 categoriis
1158 4478 1444 4533 historiam
1478 4474 1783 4529 naturalem
1832 4472 1898 4526 de
1946 4468 2198 4524 animali-

2226 4502 2273 4562 ο
2303 4475 2492 4530 οὐσίαν
2519 4472 2854 4534 ἁλίσκονται,
2883 4469 2976 4524 καὶ
3002 4468 3196 4538 ἐφόσον
3228 4467 3287 4520 τὸ
3310 4464 3569 4537 χρειῶδες
3596 4460 3718 4527 αὐτῇ
3742 4470 3830 4505 συν·

608 4579 712 4633 bus
742 4550 1080 4631 tractaturus
1103 4585 1227 4627 esse
1251 4569 1458 4624 videar.
1490 4566 1555 4621 Et
1578 4568 1695 4621 haec
1717 4582 1784 4620 ex
1815 4579 1950 4619 mem
1976 4563 2195 4634 quidem

2226 4550 2269 4562 ’⁷
2300 4568 2622 4639 εισφέρεται
2642 4606 2659 4633 ,
2705 4566 2739 4637 ἢ
2769 4565 2866 4618 καὶ
2894 4563 2989 4618 νῦν
3027 4562 3225 4615 αὐτίκα
3253 4559 3383 4624 ἴσως
3412 4558 3446 4628 ἢ
3477 4557 3573 4610 καὶ
3603 4550 3829 4623 προϊόντες

611 4670 813 4725 mentis
851 4666 1075 4723 notione
1109 4674 1194 4720 est
1231 4662 1513 4717 distinctio
1558 4661 1839 4714 variarum
1888 4657 2197 4712 substantia:

2301 4661 2362 4728 ἐξ
2408 4658 2623 4713 ἑαυτῶν
2667 4655 3060 4727 ἐπιγνώσεσθε.
3125 4652 3263 4708 ’Δλλ’
3319 4654 3354 4723 ἡ
3403 4650 3502 4722 μὲν
3546 4648 3642 4717 τῆς
3688 4639 3829 4696 οὐσίας

610 4760 1074 4833 significationum
1105 4756 1481 4825 ejusdemque,
1530 4767 1653 4822 qua:
1683 4759 1743 4806 ut
1772 4764 1944 4821 genus
1984 4749 2038 4803 in
2079 4762 2201 4818 spe-

2300 4752 2567 4824 διαίρεσις
2595 4751 2690 4805 καὶ
2714 4750 2744 4803 ὁ
2772 4748 3070 4821 προσήκων
3097 4747 3235 4817 αὐτῇ
3264 4745 3423 4813 λογος
3461 4742 3557 4796 καὶ
3581 4742 3613 4812 η
3641 4735 3735 4791 τῶν
3758 4746 3829 4799 ση-

613 4854 725 4905 cies
772 4850 1059 4915 dividitur,
1101 4846 1344 4918 partitio.
1394 4844 1516 4911 Quo
1564 4858 1693 4898 vero
1731 4851 1893 4913 pacto
1928 4839 2200 4910 ejusmodi

1672 4858 1693 4897 ο
1731 4851 1893 4913 pacto
1928 4839 2200 4910 ejusmodi
2305 4845 2654 4917 μαινομένων
2682 4841 2939 4913 διαστολὴ
2964 4842 3020 4893 ὲν
3051 4837 3280 4900 τούτοις.

612 4946 865 4999 doctrina
930 4942 1176 4999 defectus
1239 4941 1364 4996 illos
1425 4938 1705 5009 effugerit,
1756 4937 1957 5007 quibus
2005 4936 2228 4991 obnoxii
2269 4950 2398 4993 sunt
2433 4940 2526 5010 qni
2557 4938 2714 4992 aliter
2740 4934 3106 4991 substantiam
3142 4928 3376 5001 dispesci
3444 4921 3830 4982 eonabantur,el

613 5045 884 5107 quantum
930 5050 992 5089 ea
1025 5034 1279 5089 utilitatis
1314 5031 1503 5087 afferat
1535 5037 1592 5085 et
1632 5029 1932 5100 impertiat,
1966 5028 2045 5084 vel
2074 5045 2222 5085 nunc
2261 5033 2447 5087 statim
2477 5033 2562 5087 vel
2610 5030 2838 5085 ulterius
2864 5026 3139 5099 progressi
3170 5040 3267 5095 per
3325 5037 3420 5077 vos
3488 5020 3632 5090 ipsos
3669 5022 3830 5081 cogno-

615 5134 800 5191 scetis.
848 5131 1051 5189 Verum
1091 5132 1159 5187 de
1212 5130 1534 5187 substantiae
1563 5129 1835 5185 divisione
1878 5137 1933 5181 et
1970 5126 2038 5182 de
2087 5127 2411 5200 congruenti
2453 5129 2559 5201 ipsi
2607 5127 2930 5184 definitione
2998 5134 3164 5195 atque
3228 5124 3295 5179 de
3335 5120 3720 5195 signiﬁcatuum
3746 5108 3828 5164 dis-

616 5231 879 5287 tinctione
901 5230 1205 5300 hucusque.

695 5323 745 5379 5.
788 5322 894 5377 Sed
916 5282 1238 5377 Aristolteles
1256 5318 1500 5391 quidem,
1526 5315 1786 5387 quoniam
1817 5316 2197 5391 particularem

2391 5309 2449 5362 '0
2475 5306 2659 5378 μέντοι
2684 5322 2747 5373 γε
2793 5302 3171 5375 Ἀριστοτέλης
3205 5300 3342 5374 (28),
3372 5298 3493 5353 ἐπεὶ
3529 5296 3624 5366 τὴν
3650 5282 3830 5364 μερικὴν

2146 5388 2377 5480 nom.

693 5524 808 5595 (27)
835 5524 1036 5595 Apogr,
1069 5522 1262 5576 Τοῦτο,
1369 5590 1380 5595 _
1732 5588 1743 5595 _
1804 5586 1816 5595 _
2017 5582 2075 5595 Ν
2286 5476 2303 5478 —
2324 5476 2464 5595 viiii)?
2496 5504 2777 5595 οὗτοςμὲν
2802 5511 2828 5561 ὁ
2859 5507 3091 5595 ementis
3113 5507 3206 5595 θεαὶ
3334 5504 3560 5589 καθόλου
3589 5476 3831 5595 οὐσίὶ

835 5557 1064 5667 Titinio
1082 5557 1437 5667 :pvavriigraplio
1476 5602 1695 5667 rursm]:
1732 5586 1996 5667 habemus
2017 5582 2196 5667 Phntii

2308 5557 3088 5667 ᾤ”ιὶεξαξέῇζεῐξιλοξιέξέιξ
3118 5557 3205 5630 ’δέ’
3248 5557 3829 5667 ἰλιριστοεέληςίτξτῇει

625 5640 833 5718 terit—tim
1080 5640 1596 5729 fi
1614 5640 1692 5712 759
1716 5674 1767 5710 a.
1799 5676 1810 5711 :
1836 5657 2041 5729 Φωτίου
2073 5671 2136 5729 πε
2148 5654 2201 5723 pl.

2308 5640 2913 5729 riiv'péptfijv'_o'5éiav
2957 5648 3201 5721 ὁρίζεται
3266 5640 3435 5717 μόνην
3490 5646 3546 5699 ἐν
3584 5640 3701 5700 ’ταῖς
3734 5642 3828 5685 κατ-

625 5734 812 5795 οὐσίας
837 5749 850 5764 ο
887 5733 1058 5785 Οὐσία
1081 5722 1422 5801 ἐπὶνπρᾶγμᾶ.
1451 5730 1835 5801 αὐβύπαρκτον
1873 5727 1986 5801 μὴΔ
2006 5722 2201 5801 δεόμετ
2307 5722 2559 5793 ηγορίαις
2595 5722 2780 5792 φησίν.

629 5818 719 5857 νον
748 5803 931 5874 ἑτέρου
962 5802 1098 5873 πρὸς
1155 5794 1408 5872 ὓπαρξξν.
1469 5800 1626 5869 (Vide
1675 5794 1850 5867 'supt'a
1936 5794 2016 5863 ‘9,
2053 5794 2198 5863 init.)
