  <div class='ocr_page' id='page_1' title='image "/cluster/home/n/w/nwhite01/storage/ocr_20150623/101:no.1/coo.31924054870054/414.png"; bbox 0 0 4072 6428; ppageno 0'>
   <div class='ocr_carea' id='block_1_1' title="bbox 353 343 460 405">
    <p class='ocr_par' dir='ltr' id='par_1_1' title="bbox 353 343 460 405">
     <span class='ocr_line' id='line_1_1' title="bbox 353 343 460 405; baseline 0.009 -1"><span class='ocrx_word' id='word_1_1' title='bbox 353 343 460 405; x_wconf 77' lang='grc'><strong>773</strong></span> 
     </span>
    </p>
   </div>
   <div class='ocr_carea' id='block_1_2' title="bbox 1264 344 2781 421">
    <p class='ocr_par' dir='ltr' id='par_1_2' title="bbox 1264 344 2781 421">
     <span class='ocr_line' id='line_1_2' title="bbox 1264 344 2781 421; baseline 0.009 -17"><span class='ocrx_word' id='word_1_2' title='bbox 1264 344 1365 406; x_wconf 87' lang='grc' dir='ltr'><strong>ΑΙ)</strong></span> <span class='ocrx_word' id='word_1_3' title='bbox 1400 344 1996 407; x_wconf 83' lang='lat' dir='ltr'><strong>AMPHILOCHIUM</strong></span> <span class='ocrx_word' id='word_1_4' title='bbox 2028 348 2374 421; x_wconf 61' lang='lat' dir='ltr'><strong>QUfESTIO</strong></span> <span class='ocrx_word' id='word_1_5' title='bbox 2404 352 2781 418; x_wconf 80' lang='lat' dir='ltr'><strong>CXXXVIII.</strong></span> 
     </span>
    </p>
   </div>
   <div class='ocr_carea' id='block_1_3' title="bbox 3533 360 3639 423">
    <p class='ocr_par' dir='ltr' id='par_1_3' title="bbox 3533 360 3639 423">
     <span class='ocr_line' id='line_1_3' title="bbox 3533 360 3639 423; baseline 0.019 -2"><span class='ocrx_word' id='word_1_6' title='bbox 3533 360 3639 423; x_wconf 76' lang='grc'><strong>774</strong></span> 
     </span>
    </p>
   </div>
   <div class='ocr_carea' id='block_1_4' title="bbox 347 449 1928 545">
    <p class='ocr_par' dir='ltr' id='par_1_4' title="bbox 347 449 1917 529">
     <span class='ocr_line' id='line_1_4' title="bbox 347 449 1917 529; baseline 0.005 -25"><span class='ocrx_word' id='word_1_7' title='bbox 347 450 540 505; x_wconf 85' lang='grc' dir='ltr'>οὐσίαν</span> <span class='ocrx_word' id='word_1_8' title='bbox 580 449 908 524; x_wconf 79' lang='grc' dir='ltr'>προτίθησιν</span> <span class='ocrx_word' id='word_1_9' title='bbox 952 452 1012 507; x_wconf 78' lang='grc' dir='ltr'>ὲν</span> <span class='ocrx_word' id='word_1_10' title='bbox 1074 455 1469 525; x_wconf 79' lang='grc' dir='ltr'><strong>κατηγορίαις,</strong></span> <span class='ocrx_word' id='word_1_11' title='bbox 1523 454 1700 518; x_wconf 77' lang='grc' dir='ltr'>οὕτως</span> <span class='ocrx_word' id='word_1_12' title='bbox 1752 459 1917 529; x_wconf 82' lang='grc' dir='ltr'>φησίν</span> 
     </span>
    </p>
   </div>
   <div class='ocr_carea' id='block_1_5' title="bbox 2033 449 3640 545">
    <p class='ocr_par' dir='ltr' id='par_1_5' title="bbox 2057 463 3640 545">
     <span class='ocr_line' id='line_1_5' title="bbox 2057 463 3640 545; baseline 0.008 -28"><span class='ocrx_word' id='word_1_13' title='bbox 2057 463 2420 519; x_wconf 80' lang='lat' dir='ltr'><strong>subStantiam</strong></span> <span class='ocrx_word' id='word_1_14' title='bbox 2462 468 2731 537; x_wconf 66' lang='lat' dir='ltr'><strong>praaponit</strong></span> <span class='ocrx_word' id='word_1_15' title='bbox 2778 468 2833 524; x_wconf 91' lang='lat' dir='ltr'><strong>in</strong></span> <span class='ocrx_word' id='word_1_16' title='bbox 2876 469 3169 542; x_wconf 87' lang='lat' dir='ltr'><strong>categoriis</strong></span> <span class='ocrx_word' id='word_1_17' title='bbox 3219 470 3413 545; x_wconf 90' lang='lat' dir='ltr'><strong>(solam</strong></span> <span class='ocrx_word' id='word_1_18' title='bbox 3450 473 3640 530; x_wconf 82' lang='lat' dir='ltr'><strong>deﬁnit</strong></span> 
     </span>
    </p>
   </div>
   <div class='ocr_carea' id='block_1_6' title="bbox 350 542 1941 619">
    <p class='ocr_par' dir='ltr' id='par_1_6' title="bbox 350 542 1941 619">
     <span class='ocr_line' id='line_1_6' title="bbox 350 542 1941 619; baseline 0.004 -23"><span class='ocrx_word' id='word_1_19' title='bbox 350 543 547 597; x_wconf 83' lang='grc' dir='ltr'>Οὐσία</span> <span class='ocrx_word' id='word_1_20' title='bbox 573 542 746 597; x_wconf 77' lang='grc' dir='ltr'>ἐστὶν</span> <span class='ocrx_word' id='word_1_21' title='bbox 795 545 836 612; x_wconf 75' lang='grc' dir='ltr'>ἡ</span> <span class='ocrx_word' id='word_1_22' title='bbox 865 543 1194 612; x_wconf 69' lang='grc' dir='ltr'>κιφιώτατα</span> <span class='ocrx_word' id='word_1_23' title='bbox 1222 545 1324 599; x_wconf 78' lang='grc' dir='ltr'>καὶ</span> <span class='ocrx_word' id='word_1_24' title='bbox 1354 546 1594 615; x_wconf 79' lang='grc' dir='ltr'><strong>πρώτως</strong></span> <span class='ocrx_word' id='word_1_25' title='bbox 1632 548 1732 601; x_wconf 79' lang='grc' dir='ltr'><strong>καὶ</strong></span> <span class='ocrx_word' id='word_1_26' title='bbox 1759 547 1941 619; x_wconf 80' lang='grc' dir='ltr'>μάλι-</span> 
     </span>
    </p>
   </div>
   <div class='ocr_carea' id='block_1_7' title="bbox 344 635 1942 709">
    <p class='ocr_par' dir='ltr' id='par_1_7' title="bbox 344 635 1942 709">
     <span class='ocr_line' id='line_1_7' title="bbox 344 635 1942 709; baseline 0.006 -22"><span class='ocrx_word' id='word_1_27' title='bbox 344 651 468 689; x_wconf 84' lang='grc' dir='ltr'><strong>στα</strong></span> <span class='ocrx_word' id='word_1_28' title='bbox 510 635 845 706; x_wconf 76' lang='grc' dir='ltr'><strong>λεγομένη,</strong></span> <span class='ocrx_word' id='word_1_29' title='bbox 881 635 920 705; x_wconf 85' lang='grc' dir='ltr'><em>ἢ</em></span> <span class='ocrx_word' id='word_1_30' title='bbox 955 637 1107 707; x_wconf 79' lang='grc' dir='ltr'>μήτε</span> <span class='ocrx_word' id='word_1_31' title='bbox 1150 640 1278 693; x_wconf 79' lang='grc' dir='ltr'>καθ’</span> <span class='ocrx_word' id='word_1_32' title='bbox 1326 640 1729 709; x_wconf 78' lang='grc' dir='ltr'>ὑποκειμένου</span> <span class='ocrx_word' id='word_1_33' title='bbox 1773 641 1942 709; x_wconf 82' lang='grc' dir='ltr'>τινὸς</span> 
     </span>
    </p>
   </div>
   <div class='ocr_carea' id='block_1_8' title="bbox 344 726 1939 807">
    <p class='ocr_par' dir='ltr' id='par_1_8' title="bbox 344 726 1939 807">
     <span class='ocr_line' id='line_1_8' title="bbox 344 726 1939 807; baseline 0.004 -26"><span class='ocrx_word' id='word_1_34' title='bbox 344 727 625 798; x_wconf 75' lang='grc' dir='ltr'>λέγεται,</span> <span class='ocrx_word' id='word_1_35' title='bbox 672 726 820 797; x_wconf 76' lang='grc' dir='ltr'>μήτε</span> <span class='ocrx_word' id='word_1_36' title='bbox 868 728 939 782; x_wconf 81' lang='grc' dir='ltr'><strong>ἐν</strong></span> <span class='ocrx_word' id='word_1_37' title='bbox 987 730 1365 800; x_wconf 83' lang='grc' dir='ltr'><strong>ὑποκειμένῳ</strong></span> <span class='ocrx_word' id='word_1_38' title='bbox 1407 732 1526 785; x_wconf 82' lang='grc' dir='ltr'>τινί</span> <span class='ocrx_word' id='word_1_39' title='bbox 1579 732 1754 787; x_wconf 76' lang='grc' dir='ltr'><strong>ἐστιν</strong></span> <span class='ocrx_word' id='word_1_40' title='bbox 1803 734 1939 807; x_wconf 68' lang='grc'>(29),</span> 
     </span>
    </p>
   </div>
   <div class='ocr_carea' id='block_1_9' title="bbox 347 816 1941 898">
    <p class='ocr_par' dir='ltr' id='par_1_9' title="bbox 347 816 1941 898">
     <span class='ocr_line' id='line_1_9' title="bbox 347 816 1941 898; baseline 0.004 -23"><span class='ocrx_word' id='word_1_41' title='bbox 347 816 464 875; x_wconf 77' lang='grc' dir='ltr'>οἷον</span> <span class='ocrx_word' id='word_1_42' title='bbox 497 820 832 891; x_wconf 83' lang='grc' dir='ltr'><strong>Σωκράτης,</strong></span> <span class='ocrx_word' id='word_1_43' title='bbox 872 822 1100 876; x_wconf 81' lang='grc' dir='ltr'><strong>Πλάτων</strong></span> <span class='ocrx_word' id='word_1_44' title='bbox 1132 823 1228 876; x_wconf 73' lang='grc' dir='ltr'><strong>κα),</strong></span> <span class='ocrx_word' id='word_1_45' title='bbox 1254 822 1322 876; x_wconf 82' lang='grc' dir='ltr'>τὰ</span> <span class='ocrx_word' id='word_1_46' title='bbox 1351 826 1542 894; x_wconf 83' lang='grc' dir='ltr'>ὃμοια·</span> <span class='ocrx_word' id='word_1_47' title='bbox 1584 826 1685 898; x_wconf 81' lang='grc' dir='ltr'>τὴν</span> <span class='ocrx_word' id='word_1_48' title='bbox 1716 826 1771 880; x_wconf 81' lang='grc' dir='ltr'>δὲ</span> <span class='ocrx_word' id='word_1_49' title='bbox 1803 827 1941 882; x_wconf 86' lang='grc' dir='ltr'>καθ-</span> 
     </span>
    </p>
   </div>
   <div class='ocr_carea' id='block_1_10' title="bbox 348 911 1941 987">
    <p class='ocr_par' dir='ltr' id='par_1_10' title="bbox 348 911 1941 987">
     <span class='ocr_line' id='line_1_10' title="bbox 348 911 1941 987; baseline 0.007 -24"><span class='ocrx_word' id='word_1_50' title='bbox 348 911 472 965; x_wconf 90' lang='grc' dir='ltr'>όλου</span> <span class='ocrx_word' id='word_1_51' title='bbox 506 914 712 981; x_wconf 87' lang='grc' dir='ltr'>οὐσίαν,</span> <span class='ocrx_word' id='word_1_52' title='bbox 740 914 810 985; x_wconf 85' lang='grc' dir='ltr'>ἢν</span> <span class='ocrx_word' id='word_1_53' title='bbox 865 916 960 968; x_wconf 82' lang='grc' dir='ltr'><strong>καὶ</strong></span> <span class='ocrx_word' id='word_1_54' title='bbox 992 915 1253 987; x_wconf 80' lang='grc' dir='ltr'>δευτέραν</span> <span class='ocrx_word' id='word_1_55' title='bbox 1302 917 1491 970; x_wconf 88' lang='grc' dir='ltr'>οὐσίαν</span> <span class='ocrx_word' id='word_1_56' title='bbox 1532 918 1720 986; x_wconf 71' lang='grc' dir='ltr'>καλεῖ,</span> <span class='ocrx_word' id='word_1_57' title='bbox 1766 919 1941 984; x_wconf 79' lang='grc' dir='ltr'>οὕτως</span> 
     </span>
    </p>
   </div>
   <div class='ocr_carea' id='block_1_11' title="bbox 348 1004 1937 1078">
    <p class='ocr_par' dir='ltr' id='par_1_11' title="bbox 348 1004 1937 1078">
     <span class='ocr_line' id='line_1_11' title="bbox 348 1004 1937 1078; baseline 0.007 -23"><span class='ocrx_word' id='word_1_58' title='bbox 348 1004 642 1057; x_wconf 85' lang='grc' dir='ltr'>ἀποδίδωσι</span> <span class='ocrx_word' id='word_1_59' title='bbox 701 1005 851 1078; x_wconf 79' lang='grc'>(50)·</span> <span class='ocrx_word' id='word_1_60' title='bbox 914 1008 1193 1077; x_wconf 82' lang='grc' dir='ltr'>Δεύτεραι</span> <span class='ocrx_word' id='word_1_61' title='bbox 1242 1011 1449 1065; x_wconf 79' lang='grc' dir='ltr'>οὐσίαι</span> <span class='ocrx_word' id='word_1_62' title='bbox 1498 1011 1678 1076; x_wconf 75' lang='grc' dir='ltr'><strong>εἰσὶν,</strong></span> <span class='ocrx_word' id='word_1_63' title='bbox 1728 1012 1799 1065; x_wconf 84' lang='grc' dir='ltr'><strong>ἐν</strong></span> <span class='ocrx_word' id='word_1_64' title='bbox 1844 1010 1937 1078; x_wconf 80' lang='grc' dir='ltr'>οἷς</span> 
     </span>
    </p>
   </div>
   <div class='ocr_carea' id='block_1_12' title="bbox 346 1094 1942 1174">
    <p class='ocr_par' dir='ltr' id='par_1_12' title="bbox 346 1094 1942 1174">
     <span class='ocr_line' id='line_1_12' title="bbox 346 1094 1942 1174; baseline 0.009 -29"><span class='ocrx_word' id='word_1_65' title='bbox 346 1094 577 1148; x_wconf 79' lang='grc' dir='ltr'>εἷδεσιν</span> <span class='ocrx_word' id='word_1_66' title='bbox 617 1098 679 1150; x_wconf 79' lang='lat' dir='ltr'><strong>al</strong></span> <span class='ocrx_word' id='word_1_67' title='bbox 708 1098 950 1165; x_wconf 80' lang='grc' dir='ltr'><strong>πρώτως</strong></span> <span class='ocrx_word' id='word_1_68' title='bbox 999 1100 1322 1169; x_wconf 77' lang='grc' dir='ltr'><strong>λεγόμεναι</strong></span> <span class='ocrx_word' id='word_1_69' title='bbox 1354 1103 1558 1157; x_wconf 83' lang='grc' dir='ltr'>οὐσίαι</span> <span class='ocrx_word' id='word_1_70' title='bbox 1588 1104 1734 1174; x_wconf 79' lang='grc'>(51),</span> <span class='ocrx_word' id='word_1_71' title='bbox 1769 1121 1942 1158; x_wconf 84' lang='grc' dir='ltr'>τουτ-</span> 
     </span>
    </p>
   </div>
   <div class='ocr_carea' id='block_1_13' title="bbox 346 1186 1941 1262">
    <p class='ocr_par' dir='ltr' id='par_1_13' title="bbox 346 1186 1941 1262">
     <span class='ocr_line' id='line_1_13' title="bbox 346 1186 1941 1262; baseline 0.008 -25"><span class='ocrx_word' id='word_1_72' title='bbox 346 1188 519 1239; x_wconf 78' lang='grc' dir='ltr'>έστιν</span> <span class='ocrx_word' id='word_1_73' title='bbox 544 1189 604 1240; x_wconf 84' lang='grc' dir='ltr'><strong>αι</strong></span> <span class='ocrx_word' id='word_1_74' title='bbox 633 1186 841 1257; x_wconf 81' lang='grc' dir='ltr'><strong>ἄτομοι</strong></span> <span class='ocrx_word' id='word_1_75' title='bbox 872 1190 1076 1244; x_wconf 84' lang='grc' dir='ltr'>οὐσίαι</span> <span class='ocrx_word' id='word_1_76' title='bbox 1095 1233 1109 1256; x_wconf 93' lang='grc'><strong>,</strong></span> <span class='ocrx_word' id='word_1_77' title='bbox 1138 1192 1553 1262; x_wconf 72' lang='grc' dir='ltr'><strong>ὑπάρχουσιν-³</strong></span> <span class='ocrx_word' id='word_1_78' title='bbox 1586 1189 1698 1248; x_wconf 78' lang='grc' dir='ltr'>οἷον</span> <span class='ocrx_word' id='word_1_79' title='bbox 1743 1195 1772 1247; x_wconf 87' lang='grc' dir='ltr'>ὁ</span> <span class='ocrx_word' id='word_1_80' title='bbox 1806 1196 1941 1249; x_wconf 82' lang='grc' dir='ltr'>καθ-</span> 
     </span>
    </p>
   </div>
   <div class='ocr_carea' id='block_1_14' title="bbox 343 1276 1935 1359">
    <p class='ocr_par' dir='ltr' id='par_1_14' title="bbox 343 1276 1935 1359">
     <span class='ocr_line' id='line_1_14' title="bbox 343 1276 1935 1359; baseline 0.007 -30"><span class='ocrx_word' id='word_1_81' title='bbox 343 1276 466 1331; x_wconf 91' lang='grc' dir='ltr'>όλου</span> <span class='ocrx_word' id='word_1_82' title='bbox 497 1277 786 1349; x_wconf 76' lang='grc' dir='ltr'>ἄνθρωπος</span> <span class='ocrx_word' id='word_1_83' title='bbox 817 1282 914 1334; x_wconf 70' lang='grc' dir='ltr'><strong>καὶ</strong></span> <span class='ocrx_word' id='word_1_84' title='bbox 943 1281 1002 1335; x_wconf 84' lang='grc' dir='ltr'><strong>τὸ</strong></span> <span class='ocrx_word' id='word_1_85' title='bbox 1026 1282 1255 1336; x_wconf 76' lang='grc' dir='ltr'><strong>καθόλου</strong></span> <span class='ocrx_word' id='word_1_86' title='bbox 1295 1284 1435 1348; x_wconf 76' lang='grc' dir='ltr'>ζῶον</span> <span class='ocrx_word' id='word_1_87' title='bbox 1455 1301 1469 1317; x_wconf 77' lang='grc'><strong><em>⁸</em></strong></span> <span class='ocrx_word' id='word_1_88' title='bbox 1500 1288 1559 1339; x_wconf 81' lang='grc' dir='ltr'>ὲν</span> <span class='ocrx_word' id='word_1_89' title='bbox 1589 1287 1699 1359; x_wconf 76' lang='grc' dir='ltr'><strong>γὰρ</strong></span> <span class='ocrx_word' id='word_1_90' title='bbox 1722 1286 1935 1351; x_wconf 82' lang='grc' dir='ltr'><strong>τούτοις</strong></span> 
     </span>
    </p>
   </div>
   <div class='ocr_carea' id='block_1_15' title="bbox 342 1368 1928 1446">
    <p class='ocr_par' dir='ltr' id='par_1_15' title="bbox 342 1368 1928 1446">
     <span class='ocr_line' id='line_1_15' title="bbox 342 1368 1928 1446; baseline 0.006 -26"><span class='ocrx_word' id='word_1_91' title='bbox 342 1368 464 1422; x_wconf 78' lang='grc' dir='ltr'>ἐστὶ</span> <span class='ocrx_word' id='word_1_92' title='bbox 504 1370 948 1441; x_wconf 67' lang='grc' dir='ltr'><strong>περιειλημμένα</strong></span> <span class='ocrx_word' id='word_1_93' title='bbox 982 1371 1051 1425; x_wconf 84' lang='grc' dir='ltr'>τὰ</span> <span class='ocrx_word' id='word_1_94' title='bbox 1084 1372 1399 1428; x_wconf 83' lang='grc' dir='ltr'>καθέκαστα</span> <span class='ocrx_word' id='word_1_95' title='bbox 1441 1376 1579 1446; x_wconf 73' lang='lat'><strong>(32),</strong></span> <span class='ocrx_word' id='word_1_96' title='bbox 1628 1372 1742 1429; x_wconf 76' lang='grc' dir='ltr'>οἷον</span> <span class='ocrx_word' id='word_1_97' title='bbox 1782 1378 1928 1430; x_wconf 82' lang='grc' dir='ltr'><strong>Πλά-</strong></span> 
     </span>
    </p>
   </div>
   <div class='ocr_carea' id='block_1_16' title="bbox 340 1462 1940 1539">
    <p class='ocr_par' dir='ltr' id='par_1_16' title="bbox 340 1462 1940 1539">
     <span class='ocr_line' id='line_1_16' title="bbox 340 1462 1940 1539; baseline 0.006 -27"><span class='ocrx_word' id='word_1_98' title='bbox 340 1477 451 1514; x_wconf 86' lang='grc' dir='ltr'><strong>των</strong></span> <span class='ocrx_word' id='word_1_99' title='bbox 494 1463 588 1514; x_wconf 72' lang='grc' dir='ltr'>καὶ</span> <span class='ocrx_word' id='word_1_100' title='bbox 654 1462 1037 1535; x_wconf 76' lang='grc' dir='ltr'>Ἀλκιϐιάδης,</span> <span class='ocrx_word' id='word_1_101' title='bbox 1086 1465 1123 1520; x_wconf 79' lang='grc' dir='ltr'><strong>ἃ.</strong></span> <span class='ocrx_word' id='word_1_102' title='bbox 1171 1466 1330 1519; x_wconf 86' lang='grc' dir='ltr'>καλεῖ</span> <span class='ocrx_word' id='word_1_103' title='bbox 1375 1467 1538 1530; x_wconf 74' lang='grc' dir='ltr'>αὐτὸς</span> <span class='ocrx_word' id='word_1_104' title='bbox 1566 1468 1679 1539; x_wconf 79' lang='grc'>(55)</span> <span class='ocrx_word' id='word_1_105' title='bbox 1715 1466 1940 1536; x_wconf 81' lang='grc' dir='ltr'><strong>πρώτας</strong></span> 
     </span>
    </p>
   </div>
   <div class='ocr_carea' id='block_1_17' title="bbox 342 1554 1939 1632">
    <p class='ocr_par' dir='ltr' id='par_1_17' title="bbox 342 1554 1939 1632">
     <span class='ocr_line' id='line_1_17' title="bbox 342 1554 1939 1632; baseline 0.006 -26"><span class='ocrx_word' id='word_1_106' title='bbox 342 1554 566 1622; x_wconf 77' lang='grc' dir='ltr'><strong>οὐσίας,</strong></span> <span class='ocrx_word' id='word_1_107' title='bbox 596 1555 685 1610; x_wconf 76' lang='grc' dir='ltr'>διὰ</span> <span class='ocrx_word' id='word_1_108' title='bbox 727 1573 788 1609; x_wconf 90' lang='grc' dir='ltr'><strong>τε</strong></span> <span class='ocrx_word' id='word_1_109' title='bbox 832 1557 893 1609; x_wconf 76' lang='grc' dir='ltr'>τὸ</span> <span class='ocrx_word' id='word_1_110' title='bbox 923 1557 1036 1627; x_wconf 66' lang='grc'>(54)</span> <span class='ocrx_word' id='word_1_111' title='bbox 1078 1560 1212 1629; x_wconf 85' lang='grc' dir='ltr'>ἡμῖν</span> <span class='ocrx_word' id='word_1_112' title='bbox 1252 1561 1636 1632; x_wconf 86' lang='grc' dir='ltr'>γνωριμότερα</span> <span class='ocrx_word' id='word_1_113' title='bbox 1667 1557 1806 1614; x_wconf 81' lang='grc' dir='ltr'>εἶναι</span> <span class='ocrx_word' id='word_1_114' title='bbox 1844 1564 1939 1616; x_wconf 74' lang='grc' dir='ltr'>καὶ</span> 
     </span>
    </p>
   </div>
   <div class='ocr_carea' id='block_1_18' title="bbox 344 1645 1937 1716">
    <p class='ocr_par' dir='ltr' id='par_1_18' title="bbox 344 1645 1937 1716">
     <span class='ocr_line' id='line_1_18' title="bbox 344 1645 1937 1716; baseline 0.005 -20"><span class='ocrx_word' id='word_1_115' title='bbox 344 1645 658 1716; x_wconf 68' lang='grc' dir='ltr'>σαφέστερα</span> <span class='ocrx_word' id='word_1_116' title='bbox 686 1645 820 1715; x_wconf 74' lang='grc' dir='ltr'>(ὃὸ),</span> <span class='ocrx_word' id='word_1_117' title='bbox 865 1648 962 1700; x_wconf 76' lang='grc' dir='ltr'><strong>καὶ</strong></span> <span class='ocrx_word' id='word_1_118' title='bbox 1016 1647 1107 1700; x_wconf 83' lang='grc' dir='ltr'>διὰ</span> <span class='ocrx_word' id='word_1_119' title='bbox 1158 1648 1219 1701; x_wconf 84' lang='grc' dir='ltr'><strong>τὸ</strong></span> <span class='ocrx_word' id='word_1_120' title='bbox 1267 1649 1450 1704; x_wconf 81' lang='grc' dir='ltr'>πάντα</span> <span class='ocrx_word' id='word_1_121' title='bbox 1497 1651 1566 1703; x_wconf 74' lang='grc' dir='ltr'>τὰ</span> <span class='ocrx_word' id='word_1_122' title='bbox 1602 1650 1741 1704; x_wconf 83' lang='grc' dir='ltr'>ἄλλα</span> <span class='ocrx_word' id='word_1_123' title='bbox 1794 1651 1937 1705; x_wconf 82' lang='grc' dir='ltr'>κατὰ</span> 
     </span>
    </p>
   </div>
   <div class='ocr_carea' id='block_1_19' title="bbox 339 1738 1934 1814">
    <p class='ocr_par' dir='ltr' id='par_1_19' title="bbox 339 1738 1934 1814">
     <span class='ocr_line' id='line_1_19' title="bbox 339 1738 1934 1814; baseline 0.003 -24"><span class='ocrx_word' id='word_1_124' title='bbox 339 1738 549 1792; x_wconf 76' lang='grc' dir='ltr'>τούτοιν</span> <span class='ocrx_word' id='word_1_125' title='bbox 593 1742 1018 1812; x_wconf 80' lang='grc' dir='ltr'><strong>κατηγορεῖσθαι</strong></span> <span class='ocrx_word' id='word_1_126' title='bbox 1068 1742 1164 1796; x_wconf 77' lang='grc' dir='ltr'><strong>καὶ</strong></span> <span class='ocrx_word' id='word_1_127' title='bbox 1198 1743 1310 1812; x_wconf 69' lang='grc'>(56)</span> <span class='ocrx_word' id='word_1_128' title='bbox 1342 1743 1506 1796; x_wconf 90' lang='grc' dir='ltr'>οἱονεί</span> <span class='ocrx_word' id='word_1_129' title='bbox 1549 1762 1667 1807; x_wconf 88' lang='grc' dir='ltr'><strong>πως</strong></span> <span class='ocrx_word' id='word_1_130' title='bbox 1711 1743 1934 1814; x_wconf 79' lang='grc' dir='ltr'>έδράζε-</span> 
     </span>
    </p>
   </div>
   <div class='ocr_carea' id='block_1_20' title="bbox 2042 553 3638 637">
    <p class='ocr_par' dir='ltr' id='par_1_20' title="bbox 2042 553 3638 637">
     <span class='ocr_line' id='line_1_20' title="bbox 2042 553 3638 637; baseline 0.009 -30"><span class='ocrx_word' id='word_1_131' title='bbox 2042 553 2096 607; x_wconf 91' lang='lat' dir='ltr'><strong>in</strong></span> <span class='ocrx_word' id='word_1_132' title='bbox 2119 556 2453 626; x_wconf 84' lang='lat' dir='ltr'><strong>categoriis),</strong></span> <span class='ocrx_word' id='word_1_133' title='bbox 2486 558 2558 611; x_wconf 89' lang='lat' dir='ltr'><strong>ita</strong></span> <span class='ocrx_word' id='word_1_134' title='bbox 2587 558 2721 615; x_wconf 90' lang='lat' dir='ltr'><strong>dicit</strong></span> <span class='ocrx_word' id='word_1_135' title='bbox 2749 578 2763 614; x_wconf 92' lang='lat'><strong>:</strong></span> <span class='ocrx_word' id='word_1_136' title='bbox 2800 559 3112 618; x_wconf 82' lang='lat' dir='ltr'><strong>Substautia</strong></span> <span class='ocrx_word' id='word_1_137' title='bbox 3139 580 3259 635; x_wconf 70' lang='lat' dir='ltr'><strong>qua:</strong></span> <span class='ocrx_word' id='word_1_138' title='bbox 3290 566 3638 637; x_wconf 9' lang='lat' dir='ltr'><strong>principalis-</strong></span> 
     </span>
    </p>
   </div>
   <div class='ocr_carea' id='block_1_21' title="bbox 2039 646 3639 730">
    <p class='ocr_par' dir='ltr' id='par_1_21' title="bbox 2039 646 3639 730">
     <span class='ocr_line' id='line_1_21' title="bbox 2039 646 3639 730; baseline 0.009 -30"><span class='ocrx_word' id='word_1_139' title='bbox 2039 646 2172 700; x_wconf 84' lang='lat' dir='ltr'><strong>sime</strong></span> <span class='ocrx_word' id='word_1_140' title='bbox 2203 656 2252 701; x_wconf 86' lang='lat' dir='ltr'><strong>et</strong></span> <span class='ocrx_word' id='word_1_141' title='bbox 2278 649 2540 716; x_wconf 75' lang='lat' dir='ltr'><strong>primario</strong></span> <span class='ocrx_word' id='word_1_142' title='bbox 2575 667 2637 703; x_wconf 89' lang='lat' dir='ltr'><strong>ac</strong></span> <span class='ocrx_word' id='word_1_143' title='bbox 2674 654 2905 707; x_wconf 74' lang='lat' dir='ltr'><strong>maxime</strong></span> <span class='ocrx_word' id='word_1_144' title='bbox 2933 656 3009 709; x_wconf 81' lang='lat' dir='ltr'><strong>sic</strong></span> <span class='ocrx_word' id='word_1_145' title='bbox 3041 666 3283 723; x_wconf 85' lang='lat' dir='ltr'><strong>vocatur,</strong></span> <span class='ocrx_word' id='word_1_146' title='bbox 3312 673 3375 711; x_wconf 84' lang='lat' dir='ltr'><strong>ea</strong></span> <span class='ocrx_word' id='word_1_147' title='bbox 3396 670 3494 725; x_wconf 84' lang='lat' dir='ltr'><strong>est,</strong></span> <span class='ocrx_word' id='word_1_148' title='bbox 3518 677 3639 730; x_wconf 75' lang='lat' dir='ltr'><strong>qua:</strong></span> 
     </span>
    </p>
   </div>
   <div class='ocr_carea' id='block_1_22' title="bbox 2042 738 3637 821">
    <p class='ocr_par' dir='ltr' id='par_1_22' title="bbox 2042 738 3637 821">
     <span class='ocr_line' id='line_1_22' title="bbox 2042 738 3637 821; baseline 0.011 -31"><span class='ocrx_word' id='word_1_149' title='bbox 2042 754 2206 808; x_wconf 83' lang='lat' dir='ltr'><strong>neque</strong></span> <span class='ocrx_word' id='word_1_150' title='bbox 2238 738 2303 792; x_wconf 89' lang='lat' dir='ltr'><strong>de</strong></span> <span class='ocrx_word' id='word_1_151' title='bbox 2348 740 2583 811; x_wconf 83' lang='lat' dir='ltr'><strong>subjecto</strong></span> <span class='ocrx_word' id='word_1_152' title='bbox 2616 744 2867 812; x_wconf 86' lang='lat' dir='ltr'><strong>quopiam</strong></span> <span class='ocrx_word' id='word_1_153' title='bbox 2897 746 3095 801; x_wconf 82' lang='lat' dir='ltr'><strong>dicitur</strong></span> <span class='ocrx_word' id='word_1_154' title='bbox 3123 765 3284 820; x_wconf 78' lang='lat' dir='ltr'><strong>neque</strong></span> <span class='ocrx_word' id='word_1_155' title='bbox 3306 752 3361 805; x_wconf 83' lang='lat' dir='ltr'><strong>in</strong></span> <span class='ocrx_word' id='word_1_156' title='bbox 3387 755 3637 821; x_wconf 77' lang='lat' dir='ltr'><strong>quopiam</strong></span> 
     </span>
    </p>
   </div>
   <div class='ocr_carea' id='block_1_23' title="bbox 2040 828 3638 911">
    <p class='ocr_par' dir='ltr' id='par_1_23' title="bbox 2040 828 3638 911">
     <span class='ocr_line' id='line_1_23' title="bbox 2040 828 3638 911; baseline 0.01 -29"><span class='ocrx_word' id='word_1_157' title='bbox 2040 828 2275 898; x_wconf 86' lang='lat' dir='ltr'><strong>subjecto</strong></span> <span class='ocrx_word' id='word_1_158' title='bbox 2302 840 2419 895; x_wconf 77' lang='lat' dir='ltr'><strong>est,</strong></span> <span class='ocrx_word' id='word_1_159' title='bbox 2456 832 2621 888; x_wconf 69' lang='lat' dir='ltr'><strong>veluti</strong></span> <span class='ocrx_word' id='word_1_160' title='bbox 2652 833 2929 902; x_wconf 74' lang='lat' dir='ltr'><strong>Socrates,</strong></span> <span class='ocrx_word' id='word_1_161' title='bbox 2962 837 3117 893; x_wconf 87' lang='lat' dir='ltr'><strong>Plato</strong></span> <span class='ocrx_word' id='word_1_162' title='bbox 3158 849 3211 897; x_wconf 90' lang='lat' dir='ltr'><strong>ct</strong></span> <span class='ocrx_word' id='word_1_163' title='bbox 3237 842 3476 911; x_wconf 88' lang='lat' dir='ltr'><strong>similia;</strong></span> <span class='ocrx_word' id='word_1_164' title='bbox 3511 844 3638 898; x_wconf 89' lang='lat' dir='ltr'><strong>uni-</strong></span> 
     </span>
    </p>
   </div>
   <div class='ocr_carea' id='block_1_24' title="bbox 2042 918 3635 1001">
    <p class='ocr_par' dir='ltr' id='par_1_24' title="bbox 2042 918 3635 1001">
     <span class='ocr_line' id='line_1_24' title="bbox 2042 918 3635 1001; baseline 0.012 -27"><span class='ocrx_word' id='word_1_165' title='bbox 2042 922 2311 976; x_wconf 85' lang='lat' dir='ltr'><strong>vcrsalcm</strong></span> <span class='ocrx_word' id='word_1_166' title='bbox 2363 935 2548 978; x_wconf 88' lang='lat' dir='ltr'><strong>autem</strong></span> <span class='ocrx_word' id='word_1_167' title='bbox 2591 926 2978 994; x_wconf 84' lang='lat' dir='ltr'><strong>substantiam,</strong></span> <span class='ocrx_word' id='word_1_168' title='bbox 3022 918 3193 1001; x_wconf 83' lang='lat' dir='ltr'><strong>quam</strong></span> <span class='ocrx_word' id='word_1_169' title='bbox 3238 944 3293 990; x_wconf 84' lang='lat' dir='ltr'><strong>et.</strong></span> <span class='ocrx_word' id='word_1_170' title='bbox 3336 939 3635 993; x_wconf 87' lang='lat' dir='ltr'><strong>secundam</strong></span> 
     </span>
    </p>
   </div>
   <div class='ocr_carea' id='block_1_25' title="bbox 2041 1014 3634 1086">
    <p class='ocr_par' dir='ltr' id='par_1_25' title="bbox 2041 1014 3634 1086">
     <span class='ocr_line' id='line_1_25' title="bbox 2041 1014 3634 1086; baseline 0.011 -19"><span class='ocrx_word' id='word_1_171' title='bbox 2041 1014 2401 1068; x_wconf 76' lang='lat' dir='ltr'><strong>substantiam</strong></span> <span class='ocrx_word' id='word_1_172' title='bbox 2441 1018 2696 1086; x_wconf 83' lang='lat' dir='ltr'><strong>appellat,</strong></span> <span class='ocrx_word' id='word_1_173' title='bbox 2725 1020 2805 1074; x_wconf 84' lang='lat' dir='ltr'><strong>sie</strong></span> <span class='ocrx_word' id='word_1_174' title='bbox 2839 1021 3028 1077; x_wconf 80' lang='lat' dir='ltr'><strong>deﬁnit</strong></span> <span class='ocrx_word' id='word_1_175' title='bbox 3056 1040 3070 1077; x_wconf 92' lang='lat'><strong>:</strong></span> <span class='ocrx_word' id='word_1_176' title='bbox 3107 1023 3363 1082; x_wconf 64' lang='lat' dir='ltr'><strong>Secunda</strong></span> <span class='ocrx_word' id='word_1_177' title='bbox 3387 1030 3634 1085; x_wconf 86' lang='lat' dir='ltr'><strong>substan-</strong></span> 
     </span>
    </p>
   </div>
   <div class='ocr_carea' id='block_1_26' title="bbox 2043 1102 3636 1182">
    <p class='ocr_par' dir='ltr' id='par_1_26' title="bbox 2043 1102 3636 1182">
     <span class='ocr_line' id='line_1_26' title="bbox 2043 1102 3636 1182; baseline 0.013 -28"><span class='ocrx_word' id='word_1_178' title='bbox 2043 1102 2130 1155; x_wconf 78' lang='lat' dir='ltr'><strong>tiw</strong></span> <span class='ocrx_word' id='word_1_179' title='bbox 2153 1112 2296 1169; x_wconf 84' lang='lat' dir='ltr'><strong>sunt,</strong></span> <span class='ocrx_word' id='word_1_180' title='bbox 2331 1106 2389 1158; x_wconf 79' lang='lat' dir='ltr'><strong>in</strong></span> <span class='ocrx_word' id='word_1_181' title='bbox 2410 1106 2605 1175; x_wconf 80' lang='lat' dir='ltr'><strong>quibus</strong></span> <span class='ocrx_word' id='word_1_182' title='bbox 2633 1108 2901 1177; x_wconf 73' lang='lat' dir='ltr'><strong>speciebus</strong></span> <span class='ocrx_word' id='word_1_183' title='bbox 2940 1129 3058 1182; x_wconf 77' lang='lat' dir='ltr'><strong>qua:</strong></span> <span class='ocrx_word' id='word_1_184' title='bbox 3098 1116 3353 1179; x_wconf 81' lang='lat' dir='ltr'><strong>primario</strong></span> <span class='ocrx_word' id='word_1_185' title='bbox 3383 1118 3636 1175; x_wconf 82' lang='lat' dir='ltr'><strong>dicuntur</strong></span> 
     </span>
    </p>
   </div>
   <div class='ocr_carea' id='block_1_27' title="bbox 2041 1194 3630 1279">
    <p class='ocr_par' dir='ltr' id='par_1_27' title="bbox 2041 1194 3630 1279">
     <span class='ocr_line' id='line_1_27' title="bbox 2041 1194 3630 1279; baseline 0.013 -33"><span class='ocrx_word' id='word_1_186' title='bbox 2041 1194 2377 1263; x_wconf 73' lang='lat' dir='ltr'><strong>substantiw,</strong></span> <span class='ocrx_word' id='word_1_187' title='bbox 2408 1198 2505 1252; x_wconf 81' lang='lat' dir='ltr'><strong>hoc</strong></span> <span class='ocrx_word' id='word_1_188' title='bbox 2528 1210 2605 1253; x_wconf 83' lang='lat' dir='ltr'><strong>est</strong></span> <span class='ocrx_word' id='word_1_189' title='bbox 2639 1201 2927 1258; x_wconf 75' lang='lat' dir='ltr'><strong>individua:</strong></span> <span class='ocrx_word' id='word_1_190' title='bbox 2947 1205 3281 1274; x_wconf 62' lang='lat' dir='ltr'><strong>substantia,</strong></span> <span class='ocrx_word' id='word_1_191' title='bbox 3312 1210 3630 1279; x_wconf 82' lang='lat' dir='ltr'><strong>subsistunt,</strong></span> 
     </span>
    </p>
   </div>
   <div class='ocr_carea' id='block_1_28' title="bbox 2042 1285 3631 1359">
    <p class='ocr_par' dir='ltr' id='par_1_28' title="bbox 2042 1285 3631 1359">
     <span class='ocr_line' id='line_1_28' title="bbox 2042 1285 3631 1359; baseline 0.013 -21"><span class='ocrx_word' id='word_1_192' title='bbox 2042 1285 2210 1340; x_wconf 80' lang='lat' dir='ltr'><strong>veluti</strong></span> <span class='ocrx_word' id='word_1_193' title='bbox 2283 1287 2449 1343; x_wconf 86' lang='lat' dir='ltr'><strong>homo</strong></span> <span class='ocrx_word' id='word_1_194' title='bbox 2520 1291 2852 1350; x_wconf 81' lang='lat' dir='ltr'><strong>universalis</strong></span> <span class='ocrx_word' id='word_1_195' title='bbox 2915 1304 2971 1350; x_wconf 89' lang='lat' dir='ltr'><strong>et</strong></span> <span class='ocrx_word' id='word_1_196' title='bbox 3034 1297 3240 1353; x_wconf 88' lang='lat' dir='ltr'><strong>animal</strong></span> <span class='ocrx_word' id='word_1_197' title='bbox 3300 1300 3631 1359; x_wconf 77' lang='lat' dir='ltr'><strong>universale.</strong></span> 
     </span>
    </p>
   </div>
   <div class='ocr_carea' id='block_1_29' title="bbox 2037 1376 3625 1464">
    <p class='ocr_par' dir='ltr' id='par_1_29' title="bbox 2037 1376 3625 1464">
     <span class='ocr_line' id='line_1_29' title="bbox 2037 1376 3625 1464; baseline 0.013 -34"><span class='ocrx_word' id='word_1_198' title='bbox 2037 1376 2095 1431; x_wconf 88' lang='lat' dir='ltr'><strong>lu</strong></span> <span class='ocrx_word' id='word_1_199' title='bbox 2137 1378 2223 1434; x_wconf 89' lang='lat' dir='ltr'><strong>his</strong></span> <span class='ocrx_word' id='word_1_200' title='bbox 2254 1381 2399 1435; x_wconf 89' lang='lat' dir='ltr'><strong>enim</strong></span> <span class='ocrx_word' id='word_1_201' title='bbox 2430 1384 2824 1453; x_wconf 86' lang='lat' dir='ltr'><strong>comprehensa</strong></span> <span class='ocrx_word' id='word_1_202' title='bbox 2861 1400 2992 1443; x_wconf 87' lang='lat' dir='ltr'><strong>sunt</strong></span> <span class='ocrx_word' id='word_1_203' title='bbox 3021 1390 3348 1461; x_wconf 86' lang='lat' dir='ltr'><strong>singularia,</strong></span> <span class='ocrx_word' id='word_1_204' title='bbox 3382 1409 3473 1449; x_wconf 83' lang='lat' dir='ltr'><strong>ex.</strong></span> <span class='ocrx_word' id='word_1_205' title='bbox 3500 1412 3625 1464; x_wconf 82' lang='lat' dir='ltr'><strong>gra-</strong></span> 
     </span>
    </p>
   </div>
   <div class='ocr_carea' id='block_1_30' title="bbox 2040 1466 3633 1553">
    <p class='ocr_par' dir='ltr' id='par_1_30' title="bbox 2040 1466 3633 1553">
     <span class='ocr_line' id='line_1_30' title="bbox 2040 1466 3633 1553; baseline 0.014 -35"><span class='ocrx_word' id='word_1_206' title='bbox 2040 1466 2135 1529; x_wconf 91' lang='lat' dir='ltr'><strong>tia,</strong></span> <span class='ocrx_word' id='word_1_207' title='bbox 2173 1466 2429 1524; x_wconf 82' lang='lat' dir='ltr'><strong>Socrates</strong></span> <span class='ocrx_word' id='word_1_208' title='bbox 2462 1478 2516 1525; x_wconf 89' lang='lat' dir='ltr'><strong>et</strong></span> <span class='ocrx_word' id='word_1_209' title='bbox 2559 1470 2891 1539; x_wconf 85' lang='lat' dir='ltr'><strong>Alcibiades,</strong></span> <span class='ocrx_word' id='word_1_210' title='bbox 2927 1492 3050 1546; x_wconf 65' lang='lat' dir='ltr'><strong>qua:</strong></span> <span class='ocrx_word' id='word_1_211' title='bbox 3082 1488 3241 1535; x_wconf 82' lang='lat' dir='ltr'><strong>vocat</strong></span> <span class='ocrx_word' id='word_1_212' title='bbox 3279 1480 3395 1551; x_wconf 91' lang='lat' dir='ltr'><strong>ipse</strong></span> <span class='ocrx_word' id='word_1_213' title='bbox 3425 1483 3633 1553; x_wconf 87' lang='lat' dir='ltr'><strong>primas</strong></span> 
     </span>
    </p>
   </div>
   <div class='ocr_carea' id='block_1_31' title="bbox 2039 1558 3631 1633">
    <p class='ocr_par' dir='ltr' id='par_1_31' title="bbox 2039 1558 3631 1633">
     <span class='ocr_line' id='line_1_31' title="bbox 2039 1558 3631 1633; baseline 0.01 -20"><span class='ocrx_word' id='word_1_214' title='bbox 2039 1558 2410 1625; x_wconf 83' lang='lat' dir='ltr'><strong>substantias,</strong></span> <span class='ocrx_word' id='word_1_215' title='bbox 2455 1569 2568 1616; x_wconf 89' lang='lat' dir='ltr'><strong>tum</strong></span> <span class='ocrx_word' id='word_1_216' title='bbox 2620 1566 2749 1633; x_wconf 88' lang='lat' dir='ltr'><strong>quia</strong></span> <span class='ocrx_word' id='word_1_217' title='bbox 2801 1566 2960 1623; x_wconf 90' lang='lat' dir='ltr'><strong>nobis</strong></span> <span class='ocrx_word' id='word_1_218' title='bbox 3027 1573 3243 1625; x_wconf 86' lang='lat' dir='ltr'><strong>notiora</strong></span> <span class='ocrx_word' id='word_1_219' title='bbox 3292 1584 3347 1628; x_wconf 91' lang='lat' dir='ltr'><strong>et</strong></span> <span class='ocrx_word' id='word_1_220' title='bbox 3393 1574 3631 1629; x_wconf 87' lang='lat' dir='ltr'><strong>clariora</strong></span> 
     </span>
    </p>
   </div>
   <div class='ocr_carea' id='block_1_32' title="bbox 2039 1653 3634 1732">
    <p class='ocr_par' dir='ltr' id='par_1_32' title="bbox 2039 1653 3634 1732">
     <span class='ocr_line' id='line_1_32' title="bbox 2039 1653 3634 1732; baseline 0.011 -29"><span class='ocrx_word' id='word_1_221' title='bbox 2039 1658 2202 1716; x_wconf 84' lang='lat' dir='ltr'><strong>sunt,</strong></span> <span class='ocrx_word' id='word_1_222' title='bbox 2238 1663 2351 1705; x_wconf 92' lang='lat' dir='ltr'><strong>tum</strong></span> <span class='ocrx_word' id='word_1_223' title='bbox 2384 1653 2513 1722; x_wconf 89' lang='lat' dir='ltr'><strong>quia</strong></span> <span class='ocrx_word' id='word_1_224' title='bbox 2554 1657 2738 1709; x_wconf 87' lang='lat' dir='ltr'><strong>omnia</strong></span> <span class='ocrx_word' id='word_1_225' title='bbox 2788 1658 2896 1713; x_wconf 90' lang='lat' dir='ltr'><strong>alia</strong></span> <span class='ocrx_word' id='word_1_226' title='bbox 2946 1659 3013 1715; x_wconf 91' lang='lat' dir='ltr'><strong>de</strong></span> <span class='ocrx_word' id='word_1_227' title='bbox 3046 1660 3133 1717; x_wconf 85' lang='lat' dir='ltr'><strong>his</strong></span> <span class='ocrx_word' id='word_1_228' title='bbox 3175 1664 3547 1732; x_wconf 69' lang='lat' dir='ltr'><strong>prmdieantur</strong></span> <span class='ocrx_word' id='word_1_229' title='bbox 3578 1677 3634 1721; x_wconf 85' lang='lat' dir='ltr'><strong>et</strong></span> 
     </span>
    </p>
   </div>
   <div class='ocr_carea' id='block_1_33' title="bbox 2038 1743 3630 1816">
    <p class='ocr_par' dir='ltr' id='par_1_33' title="bbox 2038 1743 3630 1816">
     <span class='ocr_line' id='line_1_33' title="bbox 2038 1743 3630 1816; baseline 0.012 -20"><span class='ocrx_word' id='word_1_230' title='bbox 2038 1743 2196 1812; x_wconf 92' lang='lat' dir='ltr'><strong>quasi</strong></span> <span class='ocrx_word' id='word_1_231' title='bbox 2245 1753 2396 1800; x_wconf 87' lang='lat' dir='ltr'><strong>recto</strong></span> <span class='ocrx_word' id='word_1_232' title='bbox 2450 1748 2856 1816; x_wconf 87' lang='lat' dir='ltr'><strong>quodammodo</strong></span> <span class='ocrx_word' id='word_1_233' title='bbox 2903 1752 2958 1806; x_wconf 90' lang='lat' dir='ltr'><strong>in</strong></span> <span class='ocrx_word' id='word_1_234' title='bbox 3021 1753 3090 1808; x_wconf 92' lang='lat' dir='ltr'><strong>iis</strong></span> <span class='ocrx_word' id='word_1_235' title='bbox 3134 1756 3454 1815; x_wconf 82' lang='lat' dir='ltr'><strong>fundantur.</strong></span> <span class='ocrx_word' id='word_1_236' title='bbox 3511 1759 3630 1815; x_wconf 83' lang='lat' dir='ltr'><strong>Alia</strong></span> 
     </span>
    </p>
   </div>
   <div class='ocr_carea' id='block_1_34' title="bbox 342 1825 1928 1911">
    <p class='ocr_par' dir='ltr' id='par_1_34' title="bbox 342 1830 1928 1906">
     <span class='ocr_line' id='line_1_34' title="bbox 342 1830 1928 1906; baseline 0.003 -22"><span class='ocrx_word' id='word_1_237' title='bbox 342 1830 469 1884; x_wconf 87' lang='grc' dir='ltr'>σθαι</span> <span class='ocrx_word' id='word_1_238' title='bbox 497 1848 511 1862; x_wconf 88' lang='grc'><strong>·</strong></span> <span class='ocrx_word' id='word_1_239' title='bbox 564 1831 624 1884; x_wconf 87' lang='grc' dir='ltr'><strong>αἱ</strong></span> <span class='ocrx_word' id='word_1_240' title='bbox 669 1832 767 1903; x_wconf 84' lang='grc' dir='ltr'><strong>μὲν</strong></span> <span class='ocrx_word' id='word_1_241' title='bbox 810 1832 919 1903; x_wconf 81' lang='grc' dir='ltr'><strong>γὰρ</strong></span> <span class='ocrx_word' id='word_1_242' title='bbox 953 1832 1136 1886; x_wconf 84' lang='grc' dir='ltr'>αὐτῶν</span> <span class='ocrx_word' id='word_1_243' title='bbox 1178 1833 1510 1905; x_wconf 83' lang='grc' dir='ltr'><strong>συνωνύμως</strong></span> <span class='ocrx_word' id='word_1_244' title='bbox 1538 1837 1651 1906; x_wconf 82' lang='grc'>(57)</span> <span class='ocrx_word' id='word_1_245' title='bbox 1690 1852 1928 1906; x_wconf 79' lang='grc' dir='ltr'>κατηγοο</span> 
     </span>
    </p>
   </div>
   <div class='ocr_carea' id='block_1_35' title="bbox 2033 1825 3633 1911">
    <p class='ocr_par' dir='ltr' id='par_1_35' title="bbox 2036 1832 3633 1911">
     <span class='ocr_line' id='line_1_35' title="bbox 2036 1832 3633 1911; baseline 0.014 -28"><span class='ocrx_word' id='word_1_246' title='bbox 2036 1832 2183 1886; x_wconf 90' lang='lat' dir='ltr'><strong>enim</strong></span> <span class='ocrx_word' id='word_1_247' title='bbox 2212 1849 2279 1887; x_wconf 83' lang='lat' dir='ltr'><strong>ex</strong></span> <span class='ocrx_word' id='word_1_248' title='bbox 2313 1834 2447 1904; x_wconf 87' lang='lat' dir='ltr'><strong>ipsis</strong></span> <span class='ocrx_word' id='word_1_249' title='bbox 2490 1837 2724 1893; x_wconf 85' lang='lat' dir='ltr'><strong>univoce</strong></span> <span class='ocrx_word' id='word_1_250' title='bbox 2769 1841 3161 1911; x_wconf 60' lang='lat' dir='ltr'><strong>praedicantur,</strong></span> <span class='ocrx_word' id='word_1_251' title='bbox 3202 1846 3349 1903; x_wconf 79' lang='lat' dir='ltr'><strong>velut</strong></span> <span class='ocrx_word' id='word_1_252' title='bbox 3373 1851 3633 1905; x_wconf 84' lang='lat' dir='ltr'><strong>substan-</strong></span> 
     </span>
    </p>
   </div>
   <div class='ocr_carea' id='block_1_36' title="bbox 342 1924 1928 1999">
    <p class='ocr_par' dir='ltr' id='par_1_36' title="bbox 342 1924 1928 1999">
     <span class='ocr_line' id='line_1_36' title="bbox 342 1924 1928 1999; baseline 0.003 -22"><span class='ocrx_word' id='word_1_253' title='bbox 342 1924 599 1995; x_wconf 81' lang='grc' dir='ltr'>ροῦνται,</span> <span class='ocrx_word' id='word_1_254' title='bbox 645 1926 720 1990; x_wconf 83' lang='grc' dir='ltr'>ὼς</span> <span class='ocrx_word' id='word_1_255' title='bbox 751 1928 806 1979; x_wconf 84' lang='grc' dir='ltr'><strong>αἱ</strong></span> <span class='ocrx_word' id='word_1_256' title='bbox 855 1925 1086 1980; x_wconf 80' lang='grc' dir='ltr'><strong>καθόλου</strong></span> <span class='ocrx_word' id='word_1_257' title='bbox 1136 1926 1348 1993; x_wconf 91' lang='grc' dir='ltr'>οὐσίαι,</span> <span class='ocrx_word' id='word_1_258' title='bbox 1380 1928 1449 1982; x_wconf 78' lang='grc' dir='ltr'><strong>τὰ</strong></span> <span class='ocrx_word' id='word_1_259' title='bbox 1498 1928 1556 1982; x_wconf 72' lang='grc' dir='ltr'>δὲ</span> <span class='ocrx_word' id='word_1_260' title='bbox 1585 1928 1928 1999; x_wconf 79' lang='grc' dir='ltr'>ὁμωνύμως,</span> 
     </span>
    </p>
   </div>
   <div class='ocr_carea' id='block_1_37' title="bbox 336 2014 1927 2091">
    <p class='ocr_par' dir='ltr' id='par_1_37' title="bbox 336 2014 1927 2091">
     <span class='ocr_line' id='line_1_37' title="bbox 336 2014 1927 2091; baseline 0.003 -23"><span class='ocrx_word' id='word_1_261' title='bbox 336 2016 414 2080; x_wconf 81' lang='grc' dir='ltr'>ὡς</span> <span class='ocrx_word' id='word_1_262' title='bbox 436 2018 508 2069; x_wconf 82' lang='grc' dir='ltr'>τὰ</span> <span class='ocrx_word' id='word_1_263' title='bbox 547 2016 932 2089; x_wconf 75' lang='grc' dir='ltr'>συμϐεϐηκότα</span> <span class='ocrx_word' id='word_1_264' title='bbox 951 2033 965 2049; x_wconf 88' lang='grc'><strong>·</strong></span> <span class='ocrx_word' id='word_1_265' title='bbox 998 2016 1139 2070; x_wconf 83' lang='grc' dir='ltr'>ὥστε</span> <span class='ocrx_word' id='word_1_266' title='bbox 1164 2020 1212 2070; x_wconf 85' lang='grc' dir='ltr'><strong>εί</strong></span> <span class='ocrx_word' id='word_1_267' title='bbox 1246 2018 1322 2089; x_wconf 82' lang='grc' dir='ltr'>μὴ</span> <span class='ocrx_word' id='word_1_268' title='bbox 1348 2014 1418 2090; x_wconf 80' lang='grc' dir='ltr'>ἦν</span> <span class='ocrx_word' id='word_1_269' title='bbox 1443 2019 1477 2090; x_wconf 80' lang='grc' dir='ltr'>ἡ</span> <span class='ocrx_word' id='word_1_270' title='bbox 1510 2018 1713 2091; x_wconf 84' lang='grc' dir='ltr'>μερικὴ</span> <span class='ocrx_word' id='word_1_271' title='bbox 1746 2018 1927 2086; x_wconf 85' lang='grc' dir='ltr'>οὐσία,</span> 
     </span>
    </p>
   </div>
   <div class='ocr_carea' id='block_1_38' title="bbox 338 2108 1931 2182">
    <p class='ocr_par' dir='ltr' id='par_1_38' title="bbox 338 2108 1931 2182">
     <span class='ocr_line' id='line_1_38' title="bbox 338 2108 1931 2182; baseline 0.002 -22"><span class='ocrx_word' id='word_1_272' title='bbox 338 2111 541 2179; x_wconf 78' lang='grc' dir='ltr'>τρόπον</span> <span class='ocrx_word' id='word_1_273' title='bbox 578 2110 644 2178; x_wconf 84' lang='grc' dir='ltr'><strong>γέ</strong></span> <span class='ocrx_word' id='word_1_274' title='bbox 672 2127 826 2177; x_wconf 89' lang='grc' dir='ltr'>τινα,</span> <span class='ocrx_word' id='word_1_275' title='bbox 871 2108 996 2164; x_wconf 81' lang='grc' dir='ltr'>οὐτε</span> <span class='ocrx_word' id='word_1_276' title='bbox 1025 2111 1058 2182; x_wconf 82' lang='grc' dir='ltr'>ἡ</span> <span class='ocrx_word' id='word_1_277' title='bbox 1090 2109 1322 2165; x_wconf 79' lang='grc' dir='ltr'><strong>καθόλου</strong></span> <span class='ocrx_word' id='word_1_278' title='bbox 1350 2112 1509 2164; x_wconf 89' lang='grc' dir='ltr'>οὐσία</span> <span class='ocrx_word' id='word_1_279' title='bbox 1536 2109 1662 2164; x_wconf 81' lang='grc' dir='ltr'>οὐτε</span> <span class='ocrx_word' id='word_1_280' title='bbox 1692 2111 1760 2165; x_wconf 83' lang='grc' dir='ltr'>τὰ</span> <span class='ocrx_word' id='word_1_281' title='bbox 1790 2128 1931 2182; x_wconf 91' lang='grc' dir='ltr'>συμ-</span> 
     </span>
    </p>
   </div>
   <div class='ocr_carea' id='block_1_39' title="bbox 335 2200 1927 2274">
    <p class='ocr_par' dir='ltr' id='par_1_39' title="bbox 335 2200 1927 2274">
     <span class='ocr_line' id='line_1_39' title="bbox 335 2200 1927 2274; baseline 0.002 -22"><span class='ocrx_word' id='word_1_282' title='bbox 335 2200 617 2272; x_wconf 79' lang='grc' dir='ltr'>6ε6ηκὸτα</span> <span class='ocrx_word' id='word_1_283' title='bbox 654 2201 918 2270; x_wconf 74' lang='grc' dir='ltr'>ὑφίστατο</span> <span class='ocrx_word' id='word_1_284' title='bbox 951 2202 1046 2256; x_wconf 77' lang='grc' dir='ltr'><strong>ἄν·</strong></span> <span class='ocrx_word' id='word_1_285' title='bbox 1080 2202 1149 2255; x_wconf 81' lang='grc' dir='ltr'>δι’</span> <span class='ocrx_word' id='word_1_286' title='bbox 1194 2202 1230 2257; x_wconf 81' lang='grc' dir='ltr'>ἂ</span> <span class='ocrx_word' id='word_1_287' title='bbox 1264 2202 1376 2274; x_wconf 79' lang='grc'>(58)</span> <span class='ocrx_word' id='word_1_288' title='bbox 1407 2204 1608 2274; x_wconf 83' lang='grc' dir='ltr'>πρέποι</span> <span class='ocrx_word' id='word_1_289' title='bbox 1639 2202 1723 2266; x_wconf 87' lang='grc' dir='ltr'><strong>ἂν,</strong></span> <span class='ocrx_word' id='word_1_290' title='bbox 1756 2204 1927 2272; x_wconf 72' lang='grc' dir='ltr'>φησὶ,</span> 
     </span>
    </p>
   </div>
   <div class='ocr_carea' id='block_1_40' title="bbox 336 2292 1929 2367">
    <p class='ocr_par' dir='ltr' id='par_1_40' title="bbox 336 2292 1929 2367">
     <span class='ocr_line' id='line_1_40' title="bbox 336 2292 1929 2367; baseline 0.004 -24"><span class='ocrx_word' id='word_1_291' title='bbox 336 2292 568 2363; x_wconf 80' lang='grc' dir='ltr'>πρώτας</span> <span class='ocrx_word' id='word_1_292' title='bbox 596 2294 785 2357; x_wconf 79' lang='grc' dir='ltr'>οὐσίας</span> <span class='ocrx_word' id='word_1_293' title='bbox 813 2294 1095 2348; x_wconf 84' lang='grc' dir='ltr'>καλεῖσθαι</span> <span class='ocrx_word' id='word_1_294' title='bbox 1127 2295 1195 2349; x_wconf 83' lang='grc' dir='ltr'><strong>τὰ</strong></span> <span class='ocrx_word' id='word_1_295' title='bbox 1234 2295 1456 2367; x_wconf 85' lang='grc' dir='ltr'>μερικά.</span> <span class='ocrx_word' id='word_1_296' title='bbox 1485 2295 1578 2366; x_wconf 80' lang='grc' dir='ltr'><strong>Μὴ</strong></span> <span class='ocrx_word' id='word_1_297' title='bbox 1618 2295 1929 2349; x_wconf 82' lang='grc' dir='ltr'>λανθανέτω</span> 
     </span>
    </p>
   </div>
   <div class='ocr_carea' id='block_1_41' title="bbox 330 2385 1928 2457">
    <p class='ocr_par' dir='ltr' id='par_1_41' title="bbox 330 2385 1928 2457">
     <span class='ocr_line' id='line_1_41' title="bbox 330 2385 1928 2457; baseline 0.001 -20"><span class='ocrx_word' id='word_1_298' title='bbox 330 2385 393 2437; x_wconf 81' lang='grc' dir='ltr'>δὲ</span> <span class='ocrx_word' id='word_1_299' title='bbox 425 2385 567 2455; x_wconf 82' lang='grc' dir='ltr'>ὑμᾶς</span> <span class='ocrx_word' id='word_1_300' title='bbox 598 2386 734 2456; x_wconf 84' lang='grc' dir='ltr'>ὅπερ</span> <span class='ocrx_word' id='word_1_301' title='bbox 768 2386 955 2457; x_wconf 85' lang='grc' dir='ltr'>σχεδόν</span> <span class='ocrx_word' id='word_1_302' title='bbox 985 2404 1041 2440; x_wconf 87' lang='grc' dir='ltr'>τι</span> <span class='ocrx_word' id='word_1_303' title='bbox 1068 2387 1195 2452; x_wconf 78' lang='grc' dir='ltr'>τοὺς</span> <span class='ocrx_word' id='word_1_304' title='bbox 1233 2387 1522 2451; x_wconf 78' lang='grc' dir='ltr'>πλείστους</span> <span class='ocrx_word' id='word_1_305' title='bbox 1545 2388 1811 2454; x_wconf 80' lang='grc' dir='ltr'>διέλαθεν,</span> <span class='ocrx_word' id='word_1_306' title='bbox 1851 2387 1928 2452; x_wconf 83' lang='grc' dir='ltr'>ὡς</span> 
     </span>
    </p>
   </div>
   <div class='ocr_carea' id='block_1_42' title="bbox 327 2476 1925 2551">
    <p class='ocr_par' dir='ltr' id='par_1_42' title="bbox 327 2476 1925 2551">
     <span class='ocr_line' id='line_1_42' title="bbox 327 2476 1925 2551; baseline 0.002 -22"><span class='ocrx_word' id='word_1_307' title='bbox 327 2477 404 2530; x_wconf 80' lang='grc' dir='ltr'>τὰ</span> <span class='ocrx_word' id='word_1_308' title='bbox 432 2476 613 2547; x_wconf 74' lang='grc' dir='ltr'>ἄτομα</span> <span class='ocrx_word' id='word_1_309' title='bbox 666 2477 885 2547; x_wconf 84' lang='grc' dir='ltr'>πρῶται</span> <span class='ocrx_word' id='word_1_310' title='bbox 930 2479 1113 2532; x_wconf 91' lang='grc' dir='ltr'>οὐσίαι</span> <span class='ocrx_word' id='word_1_311' title='bbox 1138 2478 1433 2551; x_wconf 75' lang='grc' dir='ltr'>λεγόμεναι</span> <span class='ocrx_word' id='word_1_312' title='bbox 1474 2480 1568 2532; x_wconf 69' lang='grc' dir='ltr'>καὶ</span> <span class='ocrx_word' id='word_1_313' title='bbox 1598 2479 1667 2533; x_wconf 72' lang='grc' dir='ltr'>τὰ</span> <span class='ocrx_word' id='word_1_314' title='bbox 1695 2478 1925 2533; x_wconf 76' lang='grc' dir='ltr'>καθόλου</span> 
     </span>
    </p>
   </div>
   <div class='ocr_carea' id='block_1_43' title="bbox 322 2568 1928 2643">
    <p class='ocr_par' dir='ltr' id='par_1_43' title="bbox 322 2568 1928 2643">
     <span class='ocr_line' id='line_1_43' title="bbox 322 2568 1928 2643; baseline 0.002 -23"><span class='ocrx_word' id='word_1_315' title='bbox 322 2568 584 2641; x_wconf 86' lang='grc' dir='ltr'>δεύτεραι</span> <span class='ocrx_word' id='word_1_316' title='bbox 608 2570 785 2623; x_wconf 86' lang='grc' dir='ltr'>οὐσίαι</span> <span class='ocrx_word' id='word_1_317' title='bbox 810 2569 1101 2641; x_wconf 86' lang='grc' dir='ltr'>λεγόμεναι</span> <span class='ocrx_word' id='word_1_318' title='bbox 1126 2572 1249 2643; x_wconf 65' lang='grc' dir='ltr'>οὐχ).</span> <span class='ocrx_word' id='word_1_319' title='bbox 1276 2570 1610 2642; x_wconf 83' lang='grc' dir='ltr'>συνωνύμως</span> <span class='ocrx_word' id='word_1_320' title='bbox 1636 2570 1758 2625; x_wconf 82' lang='grc' dir='ltr'>οὐτε</span> <span class='ocrx_word' id='word_1_321' title='bbox 1790 2573 1928 2643; x_wconf 69' lang='grc' dir='ltr'>πρὸς</span> 
     </span>
    </p>
   </div>
   <div class='ocr_carea' id='block_1_44' title="bbox 324 2658 1925 2737">
    <p class='ocr_par' dir='ltr' id='par_1_44' title="bbox 324 2658 1925 2737">
     <span class='ocr_line' id='line_1_44' title="bbox 324 2658 1925 2737; baseline 0 -22"><span class='ocrx_word' id='word_1_322' title='bbox 324 2661 537 2725; x_wconf 76' lang='grc' dir='ltr'>ἑαυτὰς</span> <span class='ocrx_word' id='word_1_323' title='bbox 583 2659 707 2714; x_wconf 77' lang='grc' dir='ltr'>οὐτε</span> <span class='ocrx_word' id='word_1_324' title='bbox 755 2662 894 2733; x_wconf 80' lang='grc' dir='ltr'>πρὸς</span> <span class='ocrx_word' id='word_1_325' title='bbox 935 2662 1035 2734; x_wconf 78' lang='grc' dir='ltr'>τὴν</span> <span class='ocrx_word' id='word_1_326' title='bbox 1069 2662 1280 2730; x_wconf 85' lang='grc' dir='ltr'>οὐσίαν,</span> <span class='ocrx_word' id='word_1_327' title='bbox 1307 2658 1376 2737; x_wconf 82' lang='grc' dir='ltr'>ἧς</span> <span class='ocrx_word' id='word_1_328' title='bbox 1414 2665 1443 2718; x_wconf 86' lang='grc' dir='ltr'><strong>ὃ</strong></span> <span class='ocrx_word' id='word_1_329' title='bbox 1480 2681 1539 2716; x_wconf 87' lang='grc' dir='ltr'><strong>τε</strong></span> <span class='ocrx_word' id='word_1_330' title='bbox 1575 2663 1732 2733; x_wconf 86' lang='grc' dir='ltr'>λόγος</span> <span class='ocrx_word' id='word_1_331' title='bbox 1762 2665 1857 2716; x_wconf 60' lang='grc' dir='ltr'><strong>καὶ¹</strong></span> <span class='ocrx_word' id='word_1_332' title='bbox 1892 2666 1925 2733; x_wconf 81' lang='grc' dir='ltr'>ὴ</span> 
     </span>
    </p>
   </div>
   <div class='ocr_carea' id='block_1_45' title="bbox 321 2755 1925 2828">
    <p class='ocr_par' dir='ltr' id='par_1_45' title="bbox 321 2755 1925 2828">
     <span class='ocr_line' id='line_1_45' title="bbox 321 2755 1925 2828; baseline 0.002 -20"><span class='ocrx_word' id='word_1_333' title='bbox 321 2755 597 2826; x_wconf 84' lang='grc' dir='ltr'>διαίρεσις</span> <span class='ocrx_word' id='word_1_334' title='bbox 646 2755 999 2822; x_wconf 85' lang='grc' dir='ltr'>ἀποδέδοται,</span> <span class='ocrx_word' id='word_1_335' title='bbox 1044 2756 1107 2810; x_wconf 87' lang='grc' dir='ltr'><strong>τὸ</strong></span> <span class='ocrx_word' id='word_1_336' title='bbox 1162 2759 1264 2828; x_wconf 80' lang='grc' dir='ltr'>τῆς</span> <span class='ocrx_word' id='word_1_337' title='bbox 1306 2756 1495 2821; x_wconf 88' lang='grc' dir='ltr'>οὐσίας</span> <span class='ocrx_word' id='word_1_338' title='bbox 1528 2757 1704 2827; x_wconf 75' lang='grc' dir='ltr'>ὄνομα</span> <span class='ocrx_word' id='word_1_339' title='bbox 1746 2758 1925 2827; x_wconf 80' lang='grc' dir='ltr'>ἀπην-</span> 
     </span>
    </p>
   </div>
   <div class='ocr_carea' id='block_1_46' title="bbox 323 2845 1927 2920">
    <p class='ocr_par' dir='ltr' id='par_1_46' title="bbox 323 2845 1927 2920">
     <span class='ocr_line' id='line_1_46' title="bbox 323 2845 1927 2920; baseline 0.001 -21"><span class='ocrx_word' id='word_1_340' title='bbox 323 2848 567 2916; x_wconf 88' lang='grc' dir='ltr'>έγκαντο</span> <span class='ocrx_word' id='word_1_341' title='bbox 588 2863 601 2876; x_wconf 89' lang='grc'><strong>·</strong></span> <span class='ocrx_word' id='word_1_342' title='bbox 633 2845 713 2918; x_wconf 85' lang='grc' dir='ltr'>τῷ</span> <span class='ocrx_word' id='word_1_343' title='bbox 745 2847 928 2918; x_wconf 85' lang='grc' dir='ltr'>μέντοι</span> <span class='ocrx_word' id='word_1_344' title='bbox 973 2846 1138 2920; x_wconf 87' lang='grc' dir='ltr'>κοινῷ</span> <span class='ocrx_word' id='word_1_345' title='bbox 1166 2848 1311 2920; x_wconf 86' lang='grc' dir='ltr'>λόγῳ</span> <span class='ocrx_word' id='word_1_346' title='bbox 1340 2849 1441 2918; x_wconf 80' lang='grc' dir='ltr'><strong>τῆς</strong></span> <span class='ocrx_word' id='word_1_347' title='bbox 1470 2849 1695 2920; x_wconf 79' lang='grc' dir='ltr'>γενικῆς</span> <span class='ocrx_word' id='word_1_348' title='bbox 1736 2850 1927 2913; x_wconf 80' lang='grc' dir='ltr'>οὐσίας</span> 
     </span>
    </p>
   </div>
   <div class='ocr_carea' id='block_1_47' title="bbox 322 2938 1922 3012">
    <p class='ocr_par' dir='ltr' id='par_1_47' title="bbox 322 2938 1922 3012">
     <span class='ocr_line' id='line_1_47' title="bbox 322 2938 1922 3012; baseline 0 -19"><span class='ocrx_word' id='word_1_349' title='bbox 322 2940 512 2993; x_wconf 83' lang='grc' dir='ltr'>οὐσίαι</span> <span class='ocrx_word' id='word_1_350' title='bbox 558 2938 893 3012; x_wconf 89' lang='grc' dir='ltr'>καλούμεναι</span> <span class='ocrx_word' id='word_1_351' title='bbox 941 2940 1163 3004; x_wconf 78' lang='grc' dir='ltr'>ἑαυταῖς</span> <span class='ocrx_word' id='word_1_352' title='bbox 1211 2957 1270 2994; x_wconf 85' lang='grc' dir='ltr'><strong>τε</strong></span> <span class='ocrx_word' id='word_1_353' title='bbox 1316 2941 1546 3012; x_wconf 78' lang='grc' dir='ltr'>κάκείνῃ</span> <span class='ocrx_word' id='word_1_354' title='bbox 1595 2939 1922 3012; x_wconf 82' lang='grc' dir='ltr'>συνωνύμως</span> 
     </span>
    </p>
   </div>
   <div class='ocr_carea' id='block_1_48' title="bbox 324 3032 1923 3104">
    <p class='ocr_par' dir='ltr' id='par_1_48' title="bbox 324 3032 1923 3104">
     <span class='ocr_line' id='line_1_48' title="bbox 324 3032 1923 3104; baseline 0 -19"><span class='ocrx_word' id='word_1_355' title='bbox 324 3032 714 3102; x_wconf 69' lang='grc' dir='ltr'>ὀνομάζονται·</span> <span class='ocrx_word' id='word_1_356' title='bbox 732 3033 813 3086; x_wconf 84' lang='grc' dir='ltr'><strong>ὅτι</strong></span> <span class='ocrx_word' id='word_1_357' title='bbox 833 3032 890 3085; x_wconf 81' lang='grc' dir='ltr'>δὲ</span> <span class='ocrx_word' id='word_1_358' title='bbox 906 3032 1355 3104; x_wconf 84' lang='grc' dir='ltr'>δεύτεραιούσίαι</span> <span class='ocrx_word' id='word_1_359' title='bbox 1373 3033 1469 3086; x_wconf 73' lang='grc' dir='ltr'><strong>καὶ</strong></span> <span class='ocrx_word' id='word_1_360' title='bbox 1496 3033 1711 3104; x_wconf 84' lang='grc' dir='ltr'>πρῶται</span> <span class='ocrx_word' id='word_1_361' title='bbox 1743 3033 1923 3086; x_wconf 85' lang='grc' dir='ltr'>οὐσίαι</span> 
     </span>
    </p>
   </div>
   <div class='ocr_carea' id='block_1_49' title="bbox 325 3123 1921 3198">
    <p class='ocr_par' dir='ltr' id='par_1_49' title="bbox 325 3123 1921 3198">
     <span class='ocr_line' id='line_1_49' title="bbox 325 3123 1921 3198; baseline -0.001 -19"><span class='ocrx_word' id='word_1_362' title='bbox 325 3125 508 3180; x_wconf 80' lang='grc' dir='ltr'>ταῦτα</span> <span class='ocrx_word' id='word_1_363' title='bbox 532 3126 805 3196; x_wconf 87' lang='grc' dir='ltr'>λεγόμενα</span> <span class='ocrx_word' id='word_1_364' title='bbox 821 3126 943 3195; x_wconf 68' lang='grc' dir='ltr'>οὐχ).</span> <span class='ocrx_word' id='word_1_365' title='bbox 964 3125 1298 3198; x_wconf 84' lang='grc' dir='ltr'>συνωνύμως</span> <span class='ocrx_word' id='word_1_366' title='bbox 1324 3124 1447 3180; x_wconf 80' lang='grc' dir='ltr'>οὐτε</span> <span class='ocrx_word' id='word_1_367' title='bbox 1467 3126 1690 3189; x_wconf 80' lang='grc' dir='ltr'>ἑαυταῖς</span> <span class='ocrx_word' id='word_1_368' title='bbox 1712 3123 1838 3178; x_wconf 76' lang='grc' dir='ltr'>οὔτε</span> <span class='ocrx_word' id='word_1_369' title='bbox 1858 3128 1921 3197; x_wconf 77' lang='grc' dir='ltr'>τῇ</span> 
     </span>
    </p>
   </div>
   <div class='ocr_carea' id='block_1_50' title="bbox 326 3217 1928 3291">
    <p class='ocr_par' dir='ltr' id='par_1_50' title="bbox 326 3217 1928 3291">
     <span class='ocr_line' id='line_1_50' title="bbox 326 3217 1928 3291; baseline 0.001 -20"><span class='ocrx_word' id='word_1_370' title='bbox 326 3221 527 3289; x_wconf 78' lang='grc' dir='ltr'>γενικῇ</span> <span class='ocrx_word' id='word_1_371' title='bbox 553 3217 712 3291; x_wconf 79' lang='grc' dir='ltr'>οὐσίᾳ</span> <span class='ocrx_word' id='word_1_372' title='bbox 727 3217 999 3287; x_wconf 84' lang='grc' dir='ltr'>λέγονται,</span> <span class='ocrx_word' id='word_1_373' title='bbox 1021 3218 1192 3273; x_wconf 78' lang='grc' dir='ltr'>πολλὰ</span> <span class='ocrx_word' id='word_1_374' title='bbox 1206 3219 1388 3288; x_wconf 86' lang='grc' dir='ltr'>λέγειν</span> <span class='ocrx_word' id='word_1_375' title='bbox 1409 3217 1571 3290; x_wconf 78' lang='grc' dir='ltr'>ἔχων,</span> <span class='ocrx_word' id='word_1_376' title='bbox 1592 3219 1769 3272; x_wconf 83' lang='grc' dir='ltr'>έκεῖνο</span> <span class='ocrx_word' id='word_1_377' title='bbox 1789 3218 1928 3281; x_wconf 87' lang='grc' dir='ltr'>τέως</span> 
     </span>
    </p>
   </div>
   <div class='ocr_carea' id='block_1_51' title="bbox 324 3309 1926 3385">
    <p class='ocr_par' dir='ltr' id='par_1_51' title="bbox 324 3309 1926 3385">
     <span class='ocr_line' id='line_1_51' title="bbox 324 3309 1926 3385; baseline 0.002 -23"><span class='ocrx_word' id='word_1_378' title='bbox 324 3310 423 3363; x_wconf 84' lang='grc' dir='ltr'><strong>διὰ</strong></span> <span class='ocrx_word' id='word_1_379' title='bbox 474 3310 537 3363; x_wconf 89' lang='grc' dir='ltr'><strong>τὸ</strong></span> <span class='ocrx_word' id='word_1_380' title='bbox 568 3309 961 3382; x_wconf 82' lang='grc' dir='ltr'>φιλοσύντομον</span> <span class='ocrx_word' id='word_1_381' title='bbox 991 3312 1103 3383; x_wconf 77' lang='grc' dir='ltr'><strong>ἐρῶ</strong></span> <span class='ocrx_word' id='word_1_382' title='bbox 1130 3329 1145 3343; x_wconf 74' lang='grc' dir='ltr'><strong>ο</strong></span> <span class='ocrx_word' id='word_1_383' title='bbox 1173 3311 1251 3375; x_wconf 87' lang='grc' dir='ltr'>ὡς</span> <span class='ocrx_word' id='word_1_384' title='bbox 1278 3312 1410 3366; x_wconf 79' lang='grc' dir='ltr'>αὐτὸ</span> <span class='ocrx_word' id='word_1_385' title='bbox 1439 3312 1504 3383; x_wconf 81' lang='grc' dir='ltr'>δὴ</span> <span class='ocrx_word' id='word_1_386' title='bbox 1553 3310 1713 3366; x_wconf 81' lang='grc' dir='ltr'>τοῦτο</span> <span class='ocrx_word' id='word_1_387' title='bbox 1757 3312 1818 3366; x_wconf 83' lang='grc' dir='ltr'><strong>τὸ</strong></span> <span class='ocrx_word' id='word_1_388' title='bbox 1849 3312 1926 3385; x_wconf 78' lang='grc' dir='ltr'>μὴ</span> 
     </span>
    </p>
   </div>
   <div class='ocr_carea' id='block_1_52' title="bbox 323 3401 1927 3477">
    <p class='ocr_par' dir='ltr' id='par_1_52' title="bbox 323 3401 1927 3477">
     <span class='ocr_line' id='line_1_52' title="bbox 323 3401 1927 3477; baseline 0.001 -19"><span class='ocrx_word' id='word_1_389' title='bbox 323 3402 521 3467; x_wconf 80' lang='grc' dir='ltr'>ἁπλῶς</span> <span class='ocrx_word' id='word_1_390' title='bbox 541 3401 714 3467; x_wconf 84' lang='grc' dir='ltr'>αὐτὰς</span> <span class='ocrx_word' id='word_1_391' title='bbox 729 3403 1017 3459; x_wconf 89' lang='grc' dir='ltr'>καλεῖσθαι</span> <span class='ocrx_word' id='word_1_392' title='bbox 1040 3403 1232 3468; x_wconf 84' lang='grc' dir='ltr'>οὐσίας</span> <span class='ocrx_word' id='word_1_393' title='bbox 1250 3444 1266 3470; x_wconf 91' lang='grc'><strong>,</strong></span> <span class='ocrx_word' id='word_1_394' title='bbox 1292 3404 1429 3459; x_wconf 81' lang='grc' dir='ltr'>ἀλλὰ</span> <span class='ocrx_word' id='word_1_395' title='bbox 1448 3406 1586 3477; x_wconf 83' lang='grc' dir='ltr'><strong>μετὰ</strong></span> <span class='ocrx_word' id='word_1_396' title='bbox 1601 3404 1927 3477; x_wconf 83' lang='grc' dir='ltr'>προσθήκης</span> 
     </span>
    </p>
   </div>
   <div class='ocr_carea' id='block_1_53' title="bbox 320 3493 1929 3569">
    <p class='ocr_par' dir='ltr' id='par_1_53' title="bbox 320 3493 1929 3569">
     <span class='ocr_line' id='line_1_53' title="bbox 320 3493 1929 3569; baseline 0 -21"><span class='ocrx_word' id='word_1_397' title='bbox 320 3496 430 3566; x_wconf 81' lang='grc' dir='ltr'><strong>τὴν</strong></span> <span class='ocrx_word' id='word_1_398' title='bbox 472 3495 573 3567; x_wconf 80' lang='grc' dir='ltr'><strong>μὲν</strong></span> <span class='ocrx_word' id='word_1_399' title='bbox 618 3493 866 3568; x_wconf 85' lang='grc' dir='ltr'>πρώτην,</span> <span class='ocrx_word' id='word_1_400' title='bbox 895 3496 994 3568; x_wconf 79' lang='grc' dir='ltr'>τὴν</span> <span class='ocrx_word' id='word_1_401' title='bbox 1028 3496 1086 3551; x_wconf 85' lang='grc' dir='ltr'>δὲ</span> <span class='ocrx_word' id='word_1_402' title='bbox 1116 3495 1378 3569; x_wconf 84' lang='grc' dir='ltr'>δευτέραν</span> <span class='ocrx_word' id='word_1_403' title='bbox 1397 3540 1411 3565; x_wconf 92' lang='grc'><strong>,</strong></span> <span class='ocrx_word' id='word_1_404' title='bbox 1444 3496 1623 3569; x_wconf 81' lang='grc' dir='ltr'>σαφὴς</span> <span class='ocrx_word' id='word_1_405' title='bbox 1650 3497 1929 3565; x_wconf 81' lang='grc' dir='ltr'>ἀπόδειξίς</span> 
     </span>
    </p>
   </div>
   <div class='ocr_carea' id='block_1_54' title="bbox 326 3587 1927 3663">
    <p class='ocr_par' dir='ltr' id='par_1_54' title="bbox 326 3587 1927 3663">
     <span class='ocr_line' id='line_1_54' title="bbox 326 3587 1927 3663; baseline 0.002 -23"><span class='ocrx_word' id='word_1_406' title='bbox 326 3590 502 3655; x_wconf 76' lang='grc' dir='ltr'>ἐστιν,</span> <span class='ocrx_word' id='word_1_407' title='bbox 544 3588 630 3641; x_wconf 81' lang='grc' dir='ltr'>ὅτι</span> <span class='ocrx_word' id='word_1_408' title='bbox 664 3587 740 3660; x_wconf 83' lang='grc' dir='ltr'>μὴ</span> <span class='ocrx_word' id='word_1_409' title='bbox 770 3588 917 3643; x_wconf 85' lang='grc' dir='ltr'>κατὰ</span> <span class='ocrx_word' id='word_1_410' title='bbox 941 3589 1041 3661; x_wconf 81' lang='grc' dir='ltr'>τὴν</span> <span class='ocrx_word' id='word_1_411' title='bbox 1083 3589 1255 3661; x_wconf 85' lang='grc' dir='ltr'>αὐτὴν</span> <span class='ocrx_word' id='word_1_412' title='bbox 1287 3590 1499 3644; x_wconf 83' lang='grc' dir='ltr'>έννοιαν</span> <span class='ocrx_word' id='word_1_413' title='bbox 1530 3591 1770 3663; x_wconf 79' lang='grc' dir='ltr'>ἑκατέρα</span> <span class='ocrx_word' id='word_1_414' title='bbox 1801 3589 1927 3643; x_wconf 81' lang='grc' dir='ltr'>τού-</span> 
     </span>
    </p>
   </div>
   <div class='ocr_carea' id='block_1_55' title="bbox 326 3680 1925 3757">
    <p class='ocr_par' dir='ltr' id='par_1_55' title="bbox 326 3680 1925 3757">
     <span class='ocr_line' id='line_1_55' title="bbox 326 3680 1925 3757; baseline 0.003 -22"><span class='ocrx_word' id='word_1_415' title='bbox 326 3699 441 3735; x_wconf 88' lang='grc' dir='ltr'><strong>των</strong></span> <span class='ocrx_word' id='word_1_416' title='bbox 469 3680 737 3753; x_wconf 80' lang='grc' dir='ltr'>κέκληται</span> <span class='ocrx_word' id='word_1_417' title='bbox 763 3681 946 3752; x_wconf 90' lang='grc' dir='ltr'>οὐσία,</span> <span class='ocrx_word' id='word_1_418' title='bbox 977 3682 1072 3737; x_wconf 81' lang='grc' dir='ltr'><strong>καὶ</strong></span> <span class='ocrx_word' id='word_1_419' title='bbox 1095 3682 1279 3757; x_wconf 87' lang='grc' dir='ltr'>πολλῷ</span> <span class='ocrx_word' id='word_1_420' title='bbox 1306 3683 1469 3739; x_wconf 82' lang='grc' dir='ltr'>πλέον</span> <span class='ocrx_word' id='word_1_421' title='bbox 1493 3684 1548 3739; x_wconf 91' lang='grc' dir='ltr'><strong>τί</strong></span> <span class='ocrx_word' id='word_1_422' title='bbox 1580 3684 1703 3740; x_wconf 87' lang='grc' dir='ltr'>καθ’</span> <span class='ocrx_word' id='word_1_423' title='bbox 1729 3684 1925 3756; x_wconf 78' lang='grc' dir='ltr'>ἑτέραν</span> 
     </span>
    </p>
   </div>
   <div class='ocr_carea' id='block_1_56' title="bbox 327 3773 850 3847">
    <p class='ocr_par' dir='ltr' id='par_1_56' title="bbox 327 3773 850 3847">
     <span class='ocr_line' id='line_1_56' title="bbox 327 3773 850 3847; baseline 0 -19"><span class='ocrx_word' id='word_1_424' title='bbox 327 3773 496 3828; x_wconf 81' lang='grc' dir='ltr'>πάλιν</span> <span class='ocrx_word' id='word_1_425' title='bbox 522 3773 850 3847; x_wconf 72' lang='grc' dir='ltr'>ἡγεμονικὴ.</span> 
     </span>
    </p>
   </div>
   <div class='ocr_carea' id='block_1_57' title="bbox 404 4045 1923 4121">
    <p class='ocr_par' dir='ltr' id='par_1_57' title="bbox 404 4045 1923 4121">
     <span class='ocr_line' id='line_1_57' title="bbox 404 4045 1923 4121; baseline 0.002 -23"><span class='ocrx_word' id='word_1_426' title='bbox 404 4045 467 4100; x_wconf 84' lang='grc' dir='ltr'><strong>δ’.</strong></span> <span class='ocrx_word' id='word_1_427' title='bbox 495 4046 556 4099; x_wconf 79' lang='lat' dir='ltr'><strong>Et</strong></span> <span class='ocrx_word' id='word_1_428' title='bbox 585 4045 644 4099; x_wconf 86' lang='grc' dir='ltr'>δὲ</span> <span class='ocrx_word' id='word_1_429' title='bbox 668 4045 849 4111; x_wconf 85' lang='grc' dir='ltr'>καλῶς</span> <span class='ocrx_word' id='word_1_430' title='bbox 878 4046 908 4100; x_wconf 83' lang='grc' dir='ltr'>ὁ</span> <span class='ocrx_word' id='word_1_431' title='bbox 947 4046 1326 4119; x_wconf 83' lang='grc' dir='ltr'>Ἀριστοτέλης</span> <span class='ocrx_word' id='word_1_432' title='bbox 1355 4047 1388 4121; x_wconf 82' lang='grc' dir='ltr'><strong>ἢ</strong></span> <span class='ocrx_word' id='word_1_433' title='bbox 1421 4047 1497 4120; x_wconf 83' lang='grc' dir='ltr'>μὴ</span> <span class='ocrx_word' id='word_1_434' title='bbox 1519 4052 1618 4121; x_wconf 80' lang='grc' dir='ltr'>τὴν</span> <span class='ocrx_word' id='word_1_435' title='bbox 1650 4048 1751 4121; x_wconf 83' lang='grc' dir='ltr'><strong>μὲν</strong></span> <span class='ocrx_word' id='word_1_436' title='bbox 1775 4047 1923 4120; x_wconf 86' lang='grc' dir='ltr'>πρώ-</span> 
     </span>
    </p>
   </div>
   <div class='ocr_carea' id='block_1_58' title="bbox 325 4138 1924 4212">
    <p class='ocr_par' dir='ltr' id='par_1_58' title="bbox 325 4138 1924 4212">
     <span class='ocr_line' id='line_1_58' title="bbox 325 4138 1924 4212; baseline 0.002 -20"><span class='ocrx_word' id='word_1_437' title='bbox 325 4155 431 4210; x_wconf 84' lang='grc' dir='ltr'><strong>την</strong></span> <span class='ocrx_word' id='word_1_438' title='bbox 466 4138 692 4205; x_wconf 87' lang='grc' dir='ltr'>οὐσίαν,</span> <span class='ocrx_word' id='word_1_439' title='bbox 737 4140 840 4211; x_wconf 80' lang='grc' dir='ltr'>τὴν</span> <span class='ocrx_word' id='word_1_440' title='bbox 877 4140 937 4194; x_wconf 85' lang='grc' dir='ltr'>δὲ</span> <span class='ocrx_word' id='word_1_441' title='bbox 980 4141 1243 4212; x_wconf 82' lang='grc' dir='ltr'>δευτέραν</span> <span class='ocrx_word' id='word_1_442' title='bbox 1290 4141 1583 4210; x_wconf 75' lang='grc' dir='ltr'>ἐκάλεσεν,</span> <span class='ocrx_word' id='word_1_443' title='bbox 1634 4144 1694 4197; x_wconf 81' lang='grc' dir='ltr'>ὲν</span> <span class='ocrx_word' id='word_1_444' title='bbox 1738 4142 1924 4206; x_wconf 79' lang='grc' dir='ltr'>ἄλλοις</span> 
     </span>
    </p>
   </div>
   <div class='ocr_carea' id='block_1_59' title="bbox 326 4231 1922 4306">
    <p class='ocr_par' dir='ltr' id='par_1_59' title="bbox 326 4231 1922 4306">
     <span class='ocr_line' id='line_1_59' title="bbox 326 4231 1922 4306; baseline 0.004 -23"><span class='ocrx_word' id='word_1_445' title='bbox 326 4232 467 4302; x_wconf 77' lang='grc' dir='ltr'>ἡμῖν</span> <span class='ocrx_word' id='word_1_446' title='bbox 503 4231 565 4284; x_wconf 90' lang='grc' dir='ltr'>οὐ</span> <span class='ocrx_word' id='word_1_447' title='bbox 605 4231 904 4302; x_wconf 88' lang='grc' dir='ltr'>παρέργως</span> <span class='ocrx_word' id='word_1_448' title='bbox 929 4233 1165 4304; x_wconf 74' lang='grc' dir='ltr'>εἴρηται.</span> <span class='ocrx_word' id='word_1_449' title='bbox 1208 4233 1418 4287; x_wconf 82' lang='grc' dir='ltr'>Ἐκεῖνο</span> <span class='ocrx_word' id='word_1_450' title='bbox 1454 4234 1510 4288; x_wconf 85' lang='grc' dir='ltr'>δὲ</span> <span class='ocrx_word' id='word_1_451' title='bbox 1537 4235 1737 4288; x_wconf 78' lang='grc' dir='ltr'>ειδέναι</span> <span class='ocrx_word' id='word_1_452' title='bbox 1774 4236 1881 4306; x_wconf 82' lang='grc' dir='ltr'>χρὴ</span> <span class='ocrx_word' id='word_1_453' title='bbox 1905 4276 1922 4303; x_wconf 89' lang='grc'><strong>,</strong></span> 
     </span>
    </p>
   </div>
   <div class='ocr_carea' id='block_1_60' title="bbox 327 4321 1921 4398">
    <p class='ocr_par' dir='ltr' id='par_1_60' title="bbox 327 4321 1921 4398">
     <span class='ocr_line' id='line_1_60' title="bbox 327 4321 1921 4398; baseline 0.004 -24"><span class='ocrx_word' id='word_1_454' title='bbox 327 4322 358 4374; x_wconf 83' lang='grc' dir='ltr'><strong>ὃ</strong></span> <span class='ocrx_word' id='word_1_455' title='bbox 392 4321 595 4393; x_wconf 82' lang='grc' dir='ltr'>μικροῦ</span> <span class='ocrx_word' id='word_1_456' title='bbox 627 4321 984 4394; x_wconf 87' lang='grc' dir='ltr'>παρέδραμεν</span> <span class='ocrx_word' id='word_1_457' title='bbox 1005 4325 1179 4395; x_wconf 80' lang='grc' dir='ltr'>ἡμᾶς,</span> <span class='ocrx_word' id='word_1_458' title='bbox 1200 4324 1276 4387; x_wconf 81' lang='grc' dir='ltr'><strong>ὡς</strong></span> <span class='ocrx_word' id='word_1_459' title='bbox 1296 4324 1446 4379; x_wconf 75' lang='grc' dir='ltr'>ἔστιν</span> <span class='ocrx_word' id='word_1_460' title='bbox 1475 4324 1664 4397; x_wconf 71' lang='grc' dir='ltr'>ἕτερόν</span> <span class='ocrx_word' id='word_1_461' title='bbox 1683 4342 1739 4379; x_wconf 93' lang='grc' dir='ltr'>τι</span> <span class='ocrx_word' id='word_1_462' title='bbox 1767 4326 1921 4398; x_wconf 81' lang='grc' dir='ltr'>παρὰ</span> 
     </span>
    </p>
   </div>
   <div class='ocr_carea' id='block_1_61' title="bbox 324 4416 1921 4491">
    <p class='ocr_par' dir='ltr' id='par_1_61' title="bbox 324 4416 1921 4491">
     <span class='ocr_line' id='line_1_61' title="bbox 324 4416 1921 4491; baseline 0.004 -23"><span class='ocrx_word' id='word_1_463' title='bbox 324 4416 400 4469; x_wconf 84' lang='grc' dir='ltr'>τὰ</span> <span class='ocrx_word' id='word_1_464' title='bbox 446 4416 912 4487; x_wconf 84' lang='grc' dir='ltr'>κατηριθμημένα</span> <span class='ocrx_word' id='word_1_465' title='bbox 960 4419 1340 4490; x_wconf 88' lang='grc' dir='ltr'>σημαινόμενα</span> <span class='ocrx_word' id='word_1_466' title='bbox 1389 4418 1579 4482; x_wconf 85' lang='grc' dir='ltr'>οὐσίας</span> <span class='ocrx_word' id='word_1_467' title='bbox 1629 4419 1921 4491; x_wconf 88' lang='grc' dir='ltr'>πρόχειρον</span> 
     </span>
    </p>
   </div>
   <div class='ocr_carea' id='block_1_62' title="bbox 324 4508 1920 4583">
    <p class='ocr_par' dir='ltr' id='par_1_62' title="bbox 324 4508 1920 4583">
     <span class='ocr_line' id='line_1_62' title="bbox 324 4508 1920 4583; baseline 0.001 -21"><span class='ocrx_word' id='word_1_468' title='bbox 324 4510 390 4563; x_wconf 75' lang='grc' dir='ltr'><strong>έν</strong></span> <span class='ocrx_word' id='word_1_469' title='bbox 414 4512 481 4579; x_wconf 77' lang='grc' dir='ltr'>τῇ</span> <span class='ocrx_word' id='word_1_470' title='bbox 513 4509 711 4580; x_wconf 83' lang='grc' dir='ltr'>χρήσει</span> <span class='ocrx_word' id='word_1_471' title='bbox 732 4524 747 4539; x_wconf 71' lang='grc' dir='ltr'><strong>θ</strong></span> <span class='ocrx_word' id='word_1_472' title='bbox 784 4508 943 4564; x_wconf 85' lang='grc' dir='ltr'>τοῦτο</span> <span class='ocrx_word' id='word_1_473' title='bbox 996 4512 1054 4566; x_wconf 88' lang='grc' dir='ltr'><strong>δέ</strong></span> <span class='ocrx_word' id='word_1_474' title='bbox 1100 4513 1218 4566; x_wconf 74' lang='grc' dir='ltr'>ἐστι</span> <span class='ocrx_word' id='word_1_475' title='bbox 1242 4512 1303 4565; x_wconf 86' lang='grc' dir='ltr'><strong>τὸ</strong></span> <span class='ocrx_word' id='word_1_476' title='bbox 1340 4512 1777 4583; x_wconf 84' lang='grc' dir='ltr'>προσεχέστατον</span> <span class='ocrx_word' id='word_1_477' title='bbox 1806 4515 1920 4577; x_wconf 87' lang='grc' dir='ltr'>τοῖς</span> 
     </span>
    </p>
   </div>
   <div class='ocr_carea' id='block_1_63' title="bbox 323 4597 1919 4677">
    <p class='ocr_par' dir='ltr' id='par_1_63' title="bbox 323 4597 1919 4677">
     <span class='ocr_line' id='line_1_63' title="bbox 323 4597 1919 4677; baseline 0.001 -20"><span class='ocrx_word' id='word_1_478' title='bbox 323 4601 559 4672; x_wconf 82' lang='grc' dir='ltr'>ἀτόμοις</span> <span class='ocrx_word' id='word_1_479' title='bbox 603 4597 743 4666; x_wconf 75' lang='grc' dir='ltr'>εἶδος</span> <span class='ocrx_word' id='word_1_480' title='bbox 765 4618 781 4636; x_wconf 88' lang='grc'><strong>·</strong></span> <span class='ocrx_word' id='word_1_481' title='bbox 830 4602 968 4657; x_wconf 80' lang='grc' dir='ltr'>καθὸ</span> <span class='ocrx_word' id='word_1_482' title='bbox 1021 4605 1115 4658; x_wconf 78' lang='grc' dir='ltr'>καὶ</span> <span class='ocrx_word' id='word_1_483' title='bbox 1158 4604 1311 4660; x_wconf 86' lang='grc' dir='ltr'>τόνδε</span> <span class='ocrx_word' id='word_1_484' title='bbox 1360 4604 1452 4659; x_wconf 80' lang='grc' dir='ltr'><strong>τὸν</strong></span> <span class='ocrx_word' id='word_1_485' title='bbox 1497 4605 1785 4677; x_wconf 80' lang='grc' dir='ltr'>ἄνθρωπον</span> <span class='ocrx_word' id='word_1_486' title='bbox 1822 4606 1919 4660; x_wconf 69' lang='grc' dir='ltr'><strong>καὶ¹</strong></span> 
     </span>
    </p>
   </div>
   <div class='ocr_carea' id='block_1_64' title="bbox 325 4694 1919 4770">
    <p class='ocr_par' dir='ltr' id='par_1_64' title="bbox 325 4694 1919 4770">
     <span class='ocr_line' id='line_1_64' title="bbox 325 4694 1919 4770; baseline 0.002 -22"><span class='ocrx_word' id='word_1_487' title='bbox 325 4694 485 4751; x_wconf 85' lang='grc' dir='ltr'>τόνδε</span> <span class='ocrx_word' id='word_1_488' title='bbox 536 4695 629 4750; x_wconf 78' lang='grc' dir='ltr'><strong>τὸν</strong></span> <span class='ocrx_word' id='word_1_489' title='bbox 679 4696 844 4752; x_wconf 81' lang='grc' dir='ltr'>ἵππον</span> <span class='ocrx_word' id='word_1_490' title='bbox 896 4696 1218 4770; x_wconf 86' lang='grc' dir='ltr'>ὀμοουσίους</span> <span class='ocrx_word' id='word_1_491' title='bbox 1261 4696 1423 4762; x_wconf 77' lang='grc' dir='ltr'>ὄντας</span> <span class='ocrx_word' id='word_1_492' title='bbox 1476 4697 1556 4770; x_wconf 84' lang='grc' dir='ltr'>τῷ</span> <span class='ocrx_word' id='word_1_493' title='bbox 1600 4698 1768 4769; x_wconf 87' lang='grc' dir='ltr'>κοινῷ</span> <span class='ocrx_word' id='word_1_494' title='bbox 1820 4698 1919 4769; x_wconf 82' lang='grc' dir='ltr'>τῆς</span> 
     </span>
    </p>
   </div>
   <div class='ocr_carea' id='block_1_65' title="bbox 324 4789 1918 4862">
    <p class='ocr_par' dir='ltr' id='par_1_65' title="bbox 324 4789 1918 4862">
     <span class='ocr_line' id='line_1_65' title="bbox 324 4789 1918 4862; baseline 0.001 -18"><span class='ocrx_word' id='word_1_495' title='bbox 324 4790 520 4854; x_wconf 87' lang='grc' dir='ltr'>οὐσίας</span> <span class='ocrx_word' id='word_1_496' title='bbox 552 4789 698 4861; x_wconf 85' lang='grc' dir='ltr'>λόγῳ</span> <span class='ocrx_word' id='word_1_497' title='bbox 730 4790 881 4862; x_wconf 84' lang='grc' dir='ltr'>ὅμως</span> <span class='ocrx_word' id='word_1_498' title='bbox 910 4792 990 4854; x_wconf 87' lang='grc' dir='ltr'><strong>είς</strong></span> <span class='ocrx_word' id='word_1_499' title='bbox 1024 4792 1201 4845; x_wconf 78' lang='grc' dir='ltr'>έκεῖνο</span> <span class='ocrx_word' id='word_1_500' title='bbox 1230 4791 1596 4862; x_wconf 82' lang='grc' dir='ltr'>ἀναφέροντες</span> <span class='ocrx_word' id='word_1_501' title='bbox 1622 4791 1684 4845; x_wconf 72' lang='grc' dir='ltr'>τὸ</span> <span class='ocrx_word' id='word_1_502' title='bbox 1716 4808 1918 4862; x_wconf 78' lang='grc' dir='ltr'>σημαι-</span> 
     </span>
    </p>
   </div>
   <div class='ocr_carea' id='block_1_66' title="bbox 320 4886 1923 4961">
    <p class='ocr_par' dir='ltr' id='par_1_66' title="bbox 320 4886 1923 4961">
     <span class='ocr_line' id='line_1_66' title="bbox 320 4886 1923 4961; baseline -0.002 -18"><span class='ocrx_word' id='word_1_503' title='bbox 320 4888 559 4958; x_wconf 79' lang='grc' dir='ltr'>νόμενον</span> <span class='ocrx_word' id='word_1_504' title='bbox 592 4887 942 4961; x_wconf 82' lang='grc' dir='ltr'>ὲτερουσίους</span> <span class='ocrx_word' id='word_1_505' title='bbox 979 4886 1139 4960; x_wconf 83' lang='grc' dir='ltr'>ῐσμεν</span> <span class='ocrx_word' id='word_1_506' title='bbox 1157 4904 1216 4941; x_wconf 84' lang='grc' dir='ltr'><strong>τε</strong></span> <span class='ocrx_word' id='word_1_507' title='bbox 1238 4886 1334 4941; x_wconf 75' lang='grc' dir='ltr'>καὶ</span> <span class='ocrx_word' id='word_1_508' title='bbox 1364 4886 1706 4959; x_wconf 79' lang='grc' dir='ltr'>ὀνομάζομεν</span> <span class='ocrx_word' id='word_1_509' title='bbox 1726 4903 1739 4916; x_wconf 81' lang='lat'><strong><em>°</em></strong></span> <span class='ocrx_word' id='word_1_510' title='bbox 1764 4888 1923 4941; x_wconf 82' lang='grc' dir='ltr'>τοῦτο</span> 
     </span>
    </p>
   </div>
   <div class='ocr_carea' id='block_1_67' title="bbox 317 4980 1922 5055">
    <p class='ocr_par' dir='ltr' id='par_1_67' title="bbox 317 4980 1922 5055">
     <span class='ocr_line' id='line_1_67' title="bbox 317 4980 1922 5055; baseline -0.001 -16"><span class='ocrx_word' id='word_1_511' title='bbox 317 4982 388 5039; x_wconf 78' lang='grc' dir='ltr'>δὲ</span> <span class='ocrx_word' id='word_1_512' title='bbox 420 4984 551 5035; x_wconf 72' lang='grc' dir='ltr'>αὐτὸ</span> <span class='ocrx_word' id='word_1_513' title='bbox 585 4985 675 5037; x_wconf 74' lang='grc' dir='ltr'><strong>καὶ</strong></span> <span class='ocrx_word' id='word_1_514' title='bbox 717 4981 881 5053; x_wconf 81' lang='grc' dir='ltr'>φύσιν</span> <span class='ocrx_word' id='word_1_515' title='bbox 909 4980 1198 5054; x_wconf 72' lang='grc' dir='ltr'>εἰθίσμεθα</span> <span class='ocrx_word' id='word_1_516' title='bbox 1222 4980 1431 5051; x_wconf 82' lang='grc' dir='ltr'>λέγειν,</span> <span class='ocrx_word' id='word_1_517' title='bbox 1461 4981 1585 5036; x_wconf 87' lang='grc' dir='ltr'>καθ’</span> <span class='ocrx_word' id='word_1_518' title='bbox 1617 4983 1683 5055; x_wconf 78' lang='grc' dir='ltr'>ἢν</span> <span class='ocrx_word' id='word_1_519' title='bbox 1714 4980 1922 5038; x_wconf 79' lang='grc' dir='ltr'>ἔννοιαν</span> 
     </span>
    </p>
   </div>
   <div class='ocr_carea' id='block_1_68' title="bbox 1956 3194 1997 3253">
    <p class='ocr_par' dir='ltr' id='par_1_68' title="bbox 1956 3194 1997 3253">
     <span class='ocr_line' id='line_1_68' title="bbox 1956 3194 1997 3253; baseline 0 0"><span class='ocrx_word' id='word_1_520' title='bbox 1956 3194 1997 3253; x_wconf 92' lang='lat' dir='ltr'><strong>C</strong></span> 
     </span>
    </p>
   </div>
   <div class='ocr_carea' id='block_1_69' title="bbox 1952 4561 1994 4617">
    <p class='ocr_par' dir='ltr' id='par_1_69' title="bbox 1952 4561 1994 4617">
     <span class='ocr_line' id='line_1_69' title="bbox 1952 4561 1994 4617; baseline 0 0"><span class='ocrx_word' id='word_1_521' title='bbox 1952 4561 1994 4617; x_wconf 91' lang='lat' dir='ltr'><strong>D</strong></span> 
     </span>
    </p>
   </div>
   <div class='ocr_carea' id='block_1_70' title="bbox 2040 1923 3634 2007">
    <p class='ocr_par' dir='ltr' id='par_1_70' title="bbox 2040 1923 3634 2007">
     <span class='ocr_line' id='line_1_70' title="bbox 2040 1923 3634 2007; baseline 0.014 -31"><span class='ocrx_word' id='word_1_522' title='bbox 2040 1923 2126 1977; x_wconf 68' lang='lat' dir='ltr'><strong>tia:</strong></span> <span class='ocrx_word' id='word_1_523' title='bbox 2152 1926 2512 1992; x_wconf 81' lang='lat' dir='ltr'><strong>universales,</strong></span> <span class='ocrx_word' id='word_1_524' title='bbox 2548 1929 2656 1983; x_wconf 91' lang='lat' dir='ltr'><strong>alia</strong></span> <span class='ocrx_word' id='word_1_525' title='bbox 2683 1931 2981 2001; x_wconf 75' lang='lat' dir='ltr'><strong>:equivocc,</strong></span> <span class='ocrx_word' id='word_1_526' title='bbox 3011 1946 3070 1989; x_wconf 91' lang='lat' dir='ltr'><strong>ttt</strong></span> <span class='ocrx_word' id='word_1_527' title='bbox 3099 1938 3438 2007; x_wconf 81' lang='lat' dir='ltr'><strong>accidentia;</strong></span> <span class='ocrx_word' id='word_1_528' title='bbox 3468 1943 3540 1996; x_wconf 88' lang='lat' dir='ltr'><strong>ita</strong></span> <span class='ocrx_word' id='word_1_529' title='bbox 3572 1950 3634 1999; x_wconf 83' lang='lat' dir='ltr'><strong>ut</strong></span> 
     </span>
    </p>
   </div>
   <div class='ocr_carea' id='block_1_71' title="bbox 2036 2018 3630 2102">
    <p class='ocr_par' dir='ltr' id='par_1_71' title="bbox 2036 2018 3630 2102">
     <span class='ocr_line' id='line_1_71' title="bbox 2036 2018 3630 2102; baseline 0.013 -31"><span class='ocrx_word' id='word_1_530' title='bbox 2036 2018 2083 2072; x_wconf 91' lang='lat' dir='ltr'><strong>si</strong></span> <span class='ocrx_word' id='word_1_531' title='bbox 2116 2033 2225 2073; x_wconf 91' lang='lat' dir='ltr'><strong>non</strong></span> <span class='ocrx_word' id='word_1_532' title='bbox 2265 2030 2413 2075; x_wconf 88' lang='lat' dir='ltr'><strong>esset</strong></span> <span class='ocrx_word' id='word_1_533' title='bbox 2443 2025 2749 2081; x_wconf 89' lang='lat' dir='ltr'><strong>substantia</strong></span> <span class='ocrx_word' id='word_1_534' title='bbox 2797 2028 3181 2097; x_wconf 88' lang='lat' dir='ltr'><strong>particularis,</strong></span> <span class='ocrx_word' id='word_1_535' title='bbox 3218 2034 3630 2102; x_wconf 85' lang='lat' dir='ltr'><strong>quodammodo</strong></span> 
     </span>
    </p>
   </div>
   <div class='ocr_carea' id='block_1_72' title="bbox 2038 2115 3626 2193">
    <p class='ocr_par' dir='ltr' id='par_1_72' title="bbox 2038 2115 3626 2193">
     <span class='ocr_line' id='line_1_72' title="bbox 2038 2115 3626 2193; baseline 0.013 -29"><span class='ocrx_word' id='word_1_536' title='bbox 2038 2126 2217 2181; x_wconf 88' lang='lat' dir='ltr'><strong>neque</strong></span> <span class='ocrx_word' id='word_1_537' title='bbox 2289 2115 2627 2172; x_wconf 83' lang='lat' dir='ltr'><strong>universalis</strong></span> <span class='ocrx_word' id='word_1_538' title='bbox 2704 2120 3013 2177; x_wconf 87' lang='lat' dir='ltr'><strong>substantia</strong></span> <span class='ocrx_word' id='word_1_539' title='bbox 3086 2139 3264 2193; x_wconf 81' lang='lat' dir='ltr'><strong>neque</strong></span> <span class='ocrx_word' id='word_1_540' title='bbox 3324 2126 3626 2184; x_wconf 85' lang='lat' dir='ltr'><strong>aecideutia</strong></span> 
     </span>
    </p>
   </div>
   <div class='ocr_carea' id='block_1_73' title="bbox 2036 2202 3630 2283">
    <p class='ocr_par' dir='ltr' id='par_1_73' title="bbox 2036 2202 3630 2283">
     <span class='ocr_line' id='line_1_73' title="bbox 2036 2202 3630 2283; baseline 0.013 -29"><span class='ocrx_word' id='word_1_541' title='bbox 2036 2202 2437 2273; x_wconf 88' lang='lat' dir='ltr'><strong>subsisterent;</strong></span> <span class='ocrx_word' id='word_1_542' title='bbox 2516 2218 2801 2278; x_wconf 84' lang='lat' dir='ltr'><strong>propterea</strong></span> <span class='ocrx_word' id='word_1_543' title='bbox 2877 2225 3183 2283; x_wconf 81' lang='lat' dir='ltr'><strong>congruere</strong></span> <span class='ocrx_word' id='word_1_544' title='bbox 3241 2216 3488 2283; x_wconf 83' lang='lat' dir='ltr'><strong>videtur,</strong></span> <span class='ocrx_word' id='word_1_545' title='bbox 3550 2220 3630 2275; x_wconf 85' lang='lat' dir='ltr'><strong>ait</strong></span> 
     </span>
    </p>
   </div>
   <div class='ocr_carea' id='block_1_74' title="bbox 2037 2292 3622 2385">
    <p class='ocr_par' dir='ltr' id='par_1_74' title="bbox 2037 2292 3622 2385">
     <span class='ocr_line' id='line_1_74' title="bbox 2037 2292 3622 2385; baseline 0.015 -39"><span class='ocrx_word' id='word_1_546' title='bbox 2037 2292 2403 2365; x_wconf 83' lang='lat' dir='ltr'><strong>(Aristoteles)</strong></span> <span class='ocrx_word' id='word_1_547' title='bbox 2453 2310 2512 2353; x_wconf 89' lang='lat' dir='ltr'><strong>ut</strong></span> <span class='ocrx_word' id='word_1_548' title='bbox 2543 2301 2900 2369; x_wconf 89' lang='lat' dir='ltr'><strong>particularia</strong></span> <span class='ocrx_word' id='word_1_549' title='bbox 2947 2306 3138 2376; x_wconf 73' lang='lat' dir='ltr'><strong>primae</strong></span> <span class='ocrx_word' id='word_1_550' title='bbox 3164 2309 3488 2368; x_wconf 71' lang='lat' dir='ltr'><strong>substantia:</strong></span> <span class='ocrx_word' id='word_1_551' title='bbox 3526 2330 3622 2385; x_wconf 82' lang='lat' dir='ltr'><strong>ap-</strong></span> 
     </span>
    </p>
   </div>
   <div class='ocr_carea' id='block_1_75' title="bbox 2036 2385 3629 2472">
    <p class='ocr_par' dir='ltr' id='par_1_75' title="bbox 2036 2385 3629 2472">
     <span class='ocr_line' id='line_1_75' title="bbox 2036 2385 3629 2472; baseline 0.015 -34"><span class='ocrx_word' id='word_1_552' title='bbox 2036 2385 2327 2455; x_wconf 85' lang='lat' dir='ltr'><strong>pellentttr.</strong></span> <span class='ocrx_word' id='word_1_553' title='bbox 2380 2387 2498 2445; x_wconf 88' lang='lat' dir='ltr'><strong>Non</strong></span> <span class='ocrx_word' id='word_1_554' title='bbox 2549 2407 2681 2449; x_wconf 87' lang='lat' dir='ltr'><strong>vero</strong></span> <span class='ocrx_word' id='word_1_555' title='bbox 2727 2408 2829 2450; x_wconf 81' lang='lat' dir='ltr'><strong>vos</strong></span> <span class='ocrx_word' id='word_1_556' title='bbox 2880 2407 3190 2466; x_wconf 61' lang='lat' dir='ltr'><strong>praetereat,</strong></span> <span class='ocrx_word' id='word_1_557' title='bbox 3246 2404 3393 2472; x_wconf 89' lang='lat' dir='ltr'><strong>quod</strong></span> <span class='ocrx_word' id='word_1_558' title='bbox 3453 2404 3629 2462; x_wconf 76' lang='lat' dir='ltr'><strong>ferme</strong></span> 
     </span>
    </p>
   </div>
   <div class='ocr_carea' id='block_1_76' title="bbox 2035 2477 3629 2562">
    <p class='ocr_par' dir='ltr' id='par_1_76' title="bbox 2035 2477 3629 2562">
     <span class='ocr_line' id='line_1_76' title="bbox 2035 2477 3629 2562; baseline 0.018 -33"><span class='ocrx_word' id='word_1_559' title='bbox 2035 2477 2302 2545; x_wconf 88' lang='lat' dir='ltr'><strong>plurimos</strong></span> <span class='ocrx_word' id='word_1_560' title='bbox 2325 2480 2531 2552; x_wconf 70' lang='lat' dir='ltr'><strong>ell‘ugit,</strong></span> <span class='ocrx_word' id='word_1_561' title='bbox 2559 2484 2811 2541; x_wconf 86' lang='lat' dir='ltr'><strong>videlicet</strong></span> <span class='ocrx_word' id='word_1_562' title='bbox 2836 2488 3113 2545; x_wconf 84' lang='lat' dir='ltr'><strong>individua</strong></span> <span class='ocrx_word' id='word_1_563' title='bbox 3141 2494 3347 2562; x_wconf 87' lang='lat' dir='ltr'><strong>primas</strong></span> <span class='ocrx_word' id='word_1_564' title='bbox 3371 2498 3629 2556; x_wconf 75' lang='lat' dir='ltr'><strong>substan-</strong></span> 
     </span>
    </p>
   </div>
   <div class='ocr_carea' id='block_1_77' title="bbox 2035 2571 3628 2655">
    <p class='ocr_par' dir='ltr' id='par_1_77' title="bbox 2035 2571 3628 2655">
     <span class='ocr_line' id='line_1_77' title="bbox 2035 2571 3628 2655; baseline 0.017 -32"><span class='ocrx_word' id='word_1_565' title='bbox 2035 2571 2139 2627; x_wconf 88' lang='lat' dir='ltr'><strong>tias</strong></span> <span class='ocrx_word' id='word_1_566' title='bbox 2177 2583 2401 2630; x_wconf 85' lang='lat' dir='ltr'><strong>vocatas</strong></span> <span class='ocrx_word' id='word_1_567' title='bbox 2439 2588 2493 2630; x_wconf 90' lang='lat' dir='ltr'><strong>et</strong></span> <span class='ocrx_word' id='word_1_568' title='bbox 2528 2578 2884 2649; x_wconf 83' lang='lat' dir='ltr'><strong>universalia,</strong></span> <span class='ocrx_word' id='word_1_569' title='bbox 2919 2599 3043 2655; x_wconf 70' lang='lat' dir='ltr'><strong>qua:</strong></span> <span class='ocrx_word' id='word_1_570' title='bbox 3072 2591 3329 2646; x_wconf 69' lang='lat' dir='ltr'><strong>secundae</strong></span> <span class='ocrx_word' id='word_1_571' title='bbox 3363 2594 3628 2650; x_wconf 88' lang='lat' dir='ltr'><strong>substan-</strong></span> 
     </span>
    </p>
   </div>
   <div class='ocr_carea' id='block_1_78' title="bbox 2036 2662 3631 2758">
    <p class='ocr_par' dir='ltr' id='par_1_78' title="bbox 2036 2662 3631 2758">
     <span class='ocr_line' id='line_1_78' title="bbox 2036 2662 3631 2758; baseline 0.018 -44"><span class='ocrx_word' id='word_1_572' title='bbox 2036 2662 2123 2717; x_wconf 69' lang='lat' dir='ltr'><strong>tia:</strong></span> <span class='ocrx_word' id='word_1_573' title='bbox 2159 2663 2442 2732; x_wconf 89' lang='lat' dir='ltr'><strong>dicuntur,</strong></span> <span class='ocrx_word' id='word_1_574' title='bbox 2494 2683 2602 2723; x_wconf 91' lang='lat' dir='ltr'><strong>non</strong></span> <span class='ocrx_word' id='word_1_575' title='bbox 2653 2672 2887 2728; x_wconf 82' lang='lat' dir='ltr'><strong>univoce</strong></span> <span class='ocrx_word' id='word_1_576' title='bbox 2919 2689 3097 2745; x_wconf 89' lang='lat' dir='ltr'><strong>neque</strong></span> <span class='ocrx_word' id='word_1_577' title='bbox 3129 2679 3198 2733; x_wconf 87' lang='lat' dir='ltr'><strong>ad</strong></span> <span class='ocrx_word' id='word_1_578' title='bbox 3231 2680 3412 2751; x_wconf 85' lang='lat' dir='ltr'><strong>seipsa</strong></span> <span class='ocrx_word' id='word_1_579' title='bbox 3454 2701 3631 2758; x_wconf 87' lang='lat' dir='ltr'><strong>neque</strong></span> 
     </span>
    </p>
   </div>
   <div class='ocr_carea' id='block_1_79' title="bbox 2032 2752 3624 2834">
    <p class='ocr_par' dir='ltr' id='par_1_79' title="bbox 2032 2752 3624 2834">
     <span class='ocr_line' id='line_1_79' title="bbox 2032 2752 3624 2834; baseline 0.019 -29"><span class='ocrx_word' id='word_1_580' title='bbox 2032 2752 2099 2806; x_wconf 75' lang='lat' dir='ltr'><strong>ad</strong></span> <span class='ocrx_word' id='word_1_581' title='bbox 2128 2756 2515 2824; x_wconf 85' lang='lat' dir='ltr'><strong>substantiam,</strong></span> <span class='ocrx_word' id='word_1_582' title='bbox 2568 2759 2725 2831; x_wconf 84' lang='lat' dir='ltr'><strong>cujus</strong></span> <span class='ocrx_word' id='word_1_583' title='bbox 2756 2764 2923 2820; x_wconf 90' lang='lat' dir='ltr'><strong>modo</strong></span> <span class='ocrx_word' id='word_1_584' title='bbox 2960 2766 3208 2825; x_wconf 87' lang='lat' dir='ltr'><strong>deﬁnitio</strong></span> <span class='ocrx_word' id='word_1_585' title='bbox 3236 2780 3292 2826; x_wconf 92' lang='lat' dir='ltr'><strong>et</strong></span> <span class='ocrx_word' id='word_1_586' title='bbox 3322 2774 3521 2832; x_wconf 79' lang='lat' dir='ltr'><strong>divisio</strong></span> <span class='ocrx_word' id='word_1_587' title='bbox 3540 2752 3624 2834; x_wconf 70' lang='lat' dir='ltr'><strong>al-</strong></span> 
     </span>
    </p>
   </div>
   <div class='ocr_carea' id='block_1_80' title="bbox 2034 2844 3630 2932">
    <p class='ocr_par' dir='ltr' id='par_1_80' title="bbox 2034 2844 3630 2932">
     <span class='ocr_line' id='line_1_80' title="bbox 2034 2844 3630 2932; baseline 0.018 -34"><span class='ocrx_word' id='word_1_588' title='bbox 2034 2844 2140 2899; x_wconf 88' lang='lat' dir='ltr'><strong>lata</strong></span> <span class='ocrx_word' id='word_1_589' title='bbox 2184 2846 2308 2915; x_wconf 77' lang='lat' dir='ltr'><strong>fuit,</strong></span> <span class='ocrx_word' id='word_1_590' title='bbox 2356 2850 2680 2909; x_wconf 68' lang='lat' dir='ltr'><strong>substantiae</strong></span> <span class='ocrx_word' id='word_1_591' title='bbox 2708 2870 2911 2912; x_wconf 89' lang='lat' dir='ltr'><strong>nomen</strong></span> <span class='ocrx_word' id='word_1_592' title='bbox 2953 2862 3149 2917; x_wconf 89' lang='lat' dir='ltr'><strong>sortita</strong></span> <span class='ocrx_word' id='word_1_593' title='bbox 3173 2878 3316 2932; x_wconf 88' lang='lat' dir='ltr'><strong>esse,</strong></span> <span class='ocrx_word' id='word_1_594' title='bbox 3347 2872 3630 2929; x_wconf 89' lang='lat' dir='ltr'><strong>communi</strong></span> 
     </span>
    </p>
   </div>
   <div class='ocr_carea' id='block_1_81' title="bbox 2032 2941 3630 3025">
    <p class='ocr_par' dir='ltr' id='par_1_81' title="bbox 2032 2941 3630 3025">
     <span class='ocr_line' id='line_1_81' title="bbox 2032 2941 3630 3025; baseline 0.019 -37"><span class='ocrx_word' id='word_1_595' title='bbox 2032 2952 2164 2992; x_wconf 84' lang='lat' dir='ltr'><strong>vero</strong></span> <span class='ocrx_word' id='word_1_596' title='bbox 2187 2941 2397 2995; x_wconf 79' lang='lat' dir='ltr'><strong>ratione</strong></span> <span class='ocrx_word' id='word_1_597' title='bbox 2418 2944 2685 3013; x_wconf 67' lang='lat' dir='ltr'><strong>generieaa</strong></span> <span class='ocrx_word' id='word_1_598' title='bbox 2704 2948 3033 3008; x_wconf 65' lang='lat' dir='ltr'><strong>substantiae</strong></span> <span class='ocrx_word' id='word_1_599' title='bbox 3053 2954 3352 3025; x_wconf 86' lang='lat' dir='ltr'><strong>appellatas</strong></span> <span class='ocrx_word' id='word_1_600' title='bbox 3374 2961 3630 3018; x_wconf 84' lang='lat' dir='ltr'><strong>substan-</strong></span> 
     </span>
    </p>
   </div>
   <div class='ocr_carea' id='block_1_82' title="bbox 2034 3030 3628 3123">
    <p class='ocr_par' dir='ltr' id='par_1_82' title="bbox 2034 3030 3628 3123">
     <span class='ocr_line' id='line_1_82' title="bbox 2034 3030 3628 3123; baseline 0.016 -40"><span class='ocrx_word' id='word_1_601' title='bbox 2034 3030 2138 3085; x_wconf 90' lang='lat' dir='ltr'><strong>tias</strong></span> <span class='ocrx_word' id='word_1_602' title='bbox 2168 3042 2283 3086; x_wconf 89' lang='lat' dir='ltr'><strong>tum</strong></span> <span class='ocrx_word' id='word_1_603' title='bbox 2334 3034 2551 3092; x_wconf 86' lang='lat' dir='ltr'><strong>sibimet</strong></span> <span class='ocrx_word' id='word_1_604' title='bbox 2602 3037 2734 3107; x_wconf 90' lang='lat' dir='ltr'><strong>ipsis</strong></span> <span class='ocrx_word' id='word_1_605' title='bbox 2789 3047 2907 3095; x_wconf 90' lang='lat' dir='ltr'><strong>tum</strong></span> <span class='ocrx_word' id='word_1_606' title='bbox 2938 3043 3015 3098; x_wconf 88' lang='lat' dir='ltr'><strong>illi</strong></span> <span class='ocrx_word' id='word_1_607' title='bbox 3065 3048 3299 3104; x_wconf 86' lang='lat' dir='ltr'><strong>univoce</strong></span> <span class='ocrx_word' id='word_1_608' title='bbox 3327 3054 3628 3123; x_wconf 79' lang='lat' dir='ltr'><strong>appellari;</strong></span> 
     </span>
    </p>
   </div>
   <div class='ocr_carea' id='block_1_83' title="bbox 2033 3125 3631 3206">
    <p class='ocr_par' dir='ltr' id='par_1_83' title="bbox 2033 3125 3631 3206">
     <span class='ocr_line' id='line_1_83' title="bbox 2033 3125 3631 3206; baseline 0.016 -30"><span class='ocrx_word' id='word_1_609' title='bbox 2033 3125 2177 3194; x_wconf 86' lang='lat' dir='ltr'><strong>quod</strong></span> <span class='ocrx_word' id='word_1_610' title='bbox 2210 3142 2335 3182; x_wconf 70' lang='lat' dir='ltr'><strong>vero</strong></span> <span class='ocrx_word' id='word_1_611' title='bbox 2375 3127 2488 3185; x_wconf 63' lang='lat' dir='ltr'><strong>hanc</strong></span> <span class='ocrx_word' id='word_1_612' title='bbox 2521 3134 2767 3188; x_wconf 75' lang='lat' dir='ltr'><strong>secunda:</strong></span> <span class='ocrx_word' id='word_1_613' title='bbox 2808 3142 2859 3189; x_wconf 86' lang='lat' dir='ltr'><strong>et</strong></span> <span class='ocrx_word' id='word_1_614' title='bbox 2890 3137 3081 3206; x_wconf 73' lang='lat' dir='ltr'><strong>prima:</strong></span> <span class='ocrx_word' id='word_1_615' title='bbox 3122 3142 3440 3199; x_wconf 72' lang='lat' dir='ltr'><strong>substantia:</strong></span> <span class='ocrx_word' id='word_1_616' title='bbox 3480 3147 3631 3203; x_wconf 80' lang='lat' dir='ltr'><strong>dirta</strong></span> 
     </span>
    </p>
   </div>
   <div class='ocr_carea' id='block_1_84' title="bbox 2032 3219 3627 3308">
    <p class='ocr_par' dir='ltr' id='par_1_84' title="bbox 2032 3219 3627 3308">
     <span class='ocr_line' id='line_1_84' title="bbox 2032 3219 3627 3308; baseline 0.015 -38"><span class='ocrx_word' id='word_1_617' title='bbox 2032 3232 2143 3271; x_wconf 90' lang='lat' dir='ltr'><strong>non</strong></span> <span class='ocrx_word' id='word_1_618' title='bbox 2177 3219 2410 3274; x_wconf 86' lang='lat' dir='ltr'><strong>univuce</strong></span> <span class='ocrx_word' id='word_1_619' title='bbox 2458 3236 2638 3293; x_wconf 85' lang='lat' dir='ltr'><strong>neque</strong></span> <span class='ocrx_word' id='word_1_620' title='bbox 2670 3238 2797 3279; x_wconf 91' lang='lat' dir='ltr'><strong>cum</strong></span> <span class='ocrx_word' id='word_1_621' title='bbox 2846 3227 3046 3299; x_wconf 86' lang='lat' dir='ltr'><strong>seipsis</strong></span> <span class='ocrx_word' id='word_1_622' title='bbox 3075 3246 3255 3303; x_wconf 87' lang='lat' dir='ltr'><strong>neque</strong></span> <span class='ocrx_word' id='word_1_623' title='bbox 3301 3250 3428 3291; x_wconf 90' lang='lat' dir='ltr'><strong>cum</strong></span> <span class='ocrx_word' id='word_1_624' title='bbox 3462 3254 3627 3308; x_wconf 85' lang='lat' dir='ltr'><strong>gene-</strong></span> 
     </span>
    </p>
   </div>
   <div class='ocr_carea' id='block_1_85' title="bbox 2033 3305 3629 3397">
    <p class='ocr_par' dir='ltr' id='par_1_85' title="bbox 2033 3305 3629 3397">
     <span class='ocr_line' id='line_1_85' title="bbox 2033 3305 3629 3397; baseline 0.015 -38"><span class='ocrx_word' id='word_1_625' title='bbox 2033 3305 2151 3359; x_wconf 87' lang='lat' dir='ltr'><strong>rica</strong></span> <span class='ocrx_word' id='word_1_626' title='bbox 2180 3306 2491 3364; x_wconf 87' lang='lat' dir='ltr'><strong>substantia</strong></span> <span class='ocrx_word' id='word_1_627' title='bbox 2539 3310 2819 3379; x_wconf 88' lang='lat' dir='ltr'><strong>dicuntur,</strong></span> <span class='ocrx_word' id='word_1_628' title='bbox 2855 3315 2983 3372; x_wconf 89' lang='lat' dir='ltr'><strong>licet</strong></span> <span class='ocrx_word' id='word_1_629' title='bbox 3018 3320 3191 3376; x_wconf 90' lang='lat' dir='ltr'><strong>multa</strong></span> <span class='ocrx_word' id='word_1_630' title='bbox 3218 3305 3485 3390; x_wconf 52' lang='lat' dir='ltr'><strong>habeam;</strong></span> <span class='ocrx_word' id='word_1_631' title='bbox 3507 3342 3629 3397; x_wconf 64' lang='lat' dir='ltr'><strong>qua:</strong></span> 
     </span>
    </p>
   </div>
   <div class='ocr_carea' id='block_1_86' title="bbox 2032 3398 3628 3491">
    <p class='ocr_par' dir='ltr' id='par_1_86' title="bbox 2032 3398 3628 3491">
     <span class='ocr_line' id='line_1_86' title="bbox 2032 3398 3628 3491; baseline 0.015 -39"><span class='ocrx_word' id='word_1_632' title='bbox 2032 3398 2240 3467; x_wconf 89' lang='lat' dir='ltr'><strong>dicam,</strong></span> <span class='ocrx_word' id='word_1_633' title='bbox 2283 3401 2419 3457; x_wconf 91' lang='lat' dir='ltr'><strong>illud</strong></span> <span class='ocrx_word' id='word_1_634' title='bbox 2454 3412 2635 3460; x_wconf 89' lang='lat' dir='ltr'><strong>tamen</strong></span> <span class='ocrx_word' id='word_1_635' title='bbox 2671 3405 2958 3467; x_wconf 82' lang='lat' dir='ltr'><strong>brevitatis</strong></span> <span class='ocrx_word' id='word_1_636' title='bbox 2996 3427 3166 3469; x_wconf 91' lang='lat' dir='ltr'><strong>causa</strong></span> <span class='ocrx_word' id='word_1_637' title='bbox 3198 3415 3468 3473; x_wconf 79' lang='lat' dir='ltr'><strong>duntaxat</strong></span> <span class='ocrx_word' id='word_1_638' title='bbox 3495 3436 3628 3491; x_wconf 86' lang='lat' dir='ltr'><strong>pro-</strong></span> 
     </span>
    </p>
   </div>
   <div class='ocr_carea' id='block_1_87' title="bbox 2032 3494 3629 3577">
    <p class='ocr_par' dir='ltr' id='par_1_87' title="bbox 2032 3494 3629 3577">
     <span class='ocr_line' id='line_1_87' title="bbox 2032 3494 3629 3577; baseline 0.014 -30"><span class='ocrx_word' id='word_1_639' title='bbox 2032 3508 2237 3564; x_wconf 90' lang='lat' dir='ltr'><strong>ponam</strong></span> <span class='ocrx_word' id='word_1_640' title='bbox 2277 3511 2292 3549; x_wconf 86' lang='lat'><strong>:</strong></span> <span class='ocrx_word' id='word_1_641' title='bbox 2325 3494 2431 3552; x_wconf 88' lang='lat' dir='ltr'><strong>hoc</strong></span> <span class='ocrx_word' id='word_1_642' title='bbox 2462 3496 2664 3567; x_wconf 88' lang='lat' dir='ltr'><strong>ipsum,</strong></span> <span class='ocrx_word' id='word_1_643' title='bbox 2697 3502 2842 3571; x_wconf 88' lang='lat' dir='ltr'><strong>quod</strong></span> <span class='ocrx_word' id='word_1_644' title='bbox 2873 3519 2983 3559; x_wconf 89' lang='lat' dir='ltr'><strong>non</strong></span> <span class='ocrx_word' id='word_1_645' title='bbox 3010 3507 3338 3577; x_wconf 85' lang='lat' dir='ltr'><strong>simpliciter</strong></span> <span class='ocrx_word' id='word_1_646' title='bbox 3364 3512 3629 3571; x_wconf 89' lang='lat' dir='ltr'><strong>dicuntur</strong></span> 
     </span>
    </p>
   </div>
   <div class='ocr_carea' id='block_1_88' title="bbox 2034 3585 3624 3676">
    <p class='ocr_par' dir='ltr' id='par_1_88' title="bbox 2034 3585 3624 3676">
     <span class='ocr_line' id='line_1_88' title="bbox 2034 3585 3624 3676; baseline 0.014 -35"><span class='ocrx_word' id='word_1_647' title='bbox 2034 3585 2378 3654; x_wconf 61' lang='lat' dir='ltr'><strong>substantiae,</strong></span> <span class='ocrx_word' id='word_1_648' title='bbox 2405 3589 2500 3644; x_wconf 91' lang='lat' dir='ltr'><strong>sed</strong></span> <span class='ocrx_word' id='word_1_649' title='bbox 2533 3604 2660 3646; x_wconf 91' lang='lat' dir='ltr'><strong>cum</strong></span> <span class='ocrx_word' id='word_1_650' title='bbox 2688 3592 2991 3661; x_wconf 86' lang='lat' dir='ltr'><strong>additione,</strong></span> <span class='ocrx_word' id='word_1_651' title='bbox 3025 3598 3143 3654; x_wconf 78' lang='lat' dir='ltr'><strong>haec</strong></span> <span class='ocrx_word' id='word_1_652' title='bbox 3169 3601 3393 3671; x_wconf 86' lang='lat' dir='ltr'><strong>quidem</strong></span> <span class='ocrx_word' id='word_1_653' title='bbox 3425 3608 3624 3676; x_wconf 88' lang='lat' dir='ltr'><strong>prima,</strong></span> 
     </span>
    </p>
   </div>
   <div class='ocr_carea' id='block_1_89' title="bbox 2033 3677 3625 3765">
    <p class='ocr_par' dir='ltr' id='par_1_89' title="bbox 2033 3677 3625 3765">
     <span class='ocr_line' id='line_1_89' title="bbox 2033 3677 3625 3765; baseline 0.015 -34"><span class='ocrx_word' id='word_1_654' title='bbox 2033 3677 2127 3733; x_wconf 89' lang='lat' dir='ltr'><strong>illa</strong></span> <span class='ocrx_word' id='word_1_655' title='bbox 2178 3680 2452 3747; x_wconf 85' lang='lat' dir='ltr'><strong>secunda,</strong></span> <span class='ocrx_word' id='word_1_656' title='bbox 2498 3684 2845 3754; x_wconf 84' lang='lat' dir='ltr'><strong>perspicuam</strong></span> <span class='ocrx_word' id='word_1_657' title='bbox 2896 3704 3020 3745; x_wconf 89' lang='lat' dir='ltr'><strong>esse</strong></span> <span class='ocrx_word' id='word_1_658' title='bbox 3072 3689 3625 3765; x_wconf 78' lang='lat' dir='ltr'><strong>demonstrationem.</strong></span> 
     </span>
    </p>
   </div>
   <div class='ocr_carea' id='block_1_90' title="bbox 2032 3770 3625 3847">
    <p class='ocr_par' dir='ltr' id='par_1_90' title="bbox 2032 3770 3625 3847">
     <span class='ocr_line' id='line_1_90' title="bbox 2032 3770 3625 3847; baseline 0.013 -21"><span class='ocrx_word' id='word_1_659' title='bbox 2032 3770 2229 3828; x_wconf 89' lang='lat' dir='ltr'><strong>harum</strong></span> <span class='ocrx_word' id='word_1_660' title='bbox 2261 3782 2555 3847; x_wconf 83' lang='lat' dir='ltr'><strong>utramque</strong></span> <span class='ocrx_word' id='word_1_661' title='bbox 2583 3792 2695 3833; x_wconf 89' lang='lat' dir='ltr'><strong>non</strong></span> <span class='ocrx_word' id='word_1_662' title='bbox 2727 3782 3035 3838; x_wconf 88' lang='lat' dir='ltr'><strong>secundum</strong></span> <span class='ocrx_word' id='word_1_663' title='bbox 3067 3786 3315 3843; x_wconf 87' lang='lat' dir='ltr'><strong>eamdem</strong></span> <span class='ocrx_word' id='word_1_664' title='bbox 3343 3791 3625 3847; x_wconf 88' lang='lat' dir='ltr'><strong>notionem</strong></span> 
     </span>
    </p>
   </div>
   <div class='ocr_carea' id='block_1_91' title="bbox 2032 3868 3625 3955">
    <p class='ocr_par' dir='ltr' id='par_1_91' title="bbox 2032 3868 3625 3955">
     <span class='ocr_line' id='line_1_91' title="bbox 2032 3868 3625 3955; baseline 0.016 -36"><span class='ocrx_word' id='word_1_665' title='bbox 2032 3868 2371 3924; x_wconf 89' lang='lat' dir='ltr'><strong>nominatam</strong></span> <span class='ocrx_word' id='word_1_666' title='bbox 2412 3884 2537 3927; x_wconf 85' lang='lat' dir='ltr'><strong>esse</strong></span> <span class='ocrx_word' id='word_1_667' title='bbox 2569 3872 2957 3941; x_wconf 88' lang='lat' dir='ltr'><strong>substantiam,</strong></span> <span class='ocrx_word' id='word_1_668' title='bbox 2995 3886 3049 3934; x_wconf 91' lang='lat' dir='ltr'><strong>et</strong></span> <span class='ocrx_word' id='word_1_669' title='bbox 3086 3879 3263 3937; x_wconf 86' lang='lat' dir='ltr'><strong>multo</strong></span> <span class='ocrx_word' id='word_1_670' title='bbox 3311 3886 3487 3955; x_wconf 88' lang='lat' dir='ltr'><strong>magis</strong></span> <span class='ocrx_word' id='word_1_671' title='bbox 3532 3900 3625 3943; x_wconf 84' lang='lat' dir='ltr'><strong>se-</strong></span> 
     </span>
    </p>
   </div>
   <div class='ocr_carea' id='block_1_92' title="bbox 2029 3961 3444 4045">
    <p class='ocr_par' dir='ltr' id='par_1_92' title="bbox 2029 3961 3444 4045">
     <span class='ocr_line' id='line_1_92' title="bbox 2029 3961 3444 4045; baseline 0.012 -29"><span class='ocrx_word' id='word_1_672' title='bbox 2029 3961 2269 4016; x_wconf 86' lang='lat' dir='ltr'><strong>cundum</strong></span> <span class='ocrx_word' id='word_1_673' title='bbox 2303 3962 2467 4018; x_wconf 91' lang='lat' dir='ltr'><strong>aliam</strong></span> <span class='ocrx_word' id='word_1_674' title='bbox 2499 3979 2723 4022; x_wconf 89' lang='lat' dir='ltr'><strong>rursum</strong></span> <span class='ocrx_word' id='word_1_675' title='bbox 2756 3968 3035 4025; x_wconf 88' lang='lat' dir='ltr'><strong>notionem</strong></span> <span class='ocrx_word' id='word_1_676' title='bbox 3065 3972 3444 4045; x_wconf 88' lang='lat' dir='ltr'><strong>principalem.</strong></span> 
     </span>
    </p>
   </div>
   <div class='ocr_carea' id='block_1_93' title="bbox 2098 4054 3621 4140">
    <p class='ocr_par' dir='ltr' id='par_1_93' title="bbox 2098 4054 3621 4140">
     <span class='ocr_line' id='line_1_93' title="bbox 2098 4054 3621 4140; baseline 0.012 -32"><span class='ocrx_word' id='word_1_677' title='bbox 2098 4055 2157 4110; x_wconf 70' lang='lat'><strong>4.</strong></span> <span class='ocrx_word' id='word_1_678' title='bbox 2204 4054 2395 4112; x_wconf 89' lang='lat' dir='ltr'><strong>Utrum</strong></span> <span class='ocrx_word' id='word_1_679' title='bbox 2441 4072 2573 4114; x_wconf 81' lang='lat' dir='ltr'><strong>vero</strong></span> <span class='ocrx_word' id='word_1_680' title='bbox 2612 4069 2760 4117; x_wconf 87' lang='lat' dir='ltr'><strong>recte</strong></span> <span class='ocrx_word' id='word_1_681' title='bbox 2803 4062 3126 4122; x_wconf 87' lang='lat' dir='ltr'><strong>Aristoteles</strong></span> <span class='ocrx_word' id='word_1_682' title='bbox 3176 4066 3319 4123; x_wconf 89' lang='lat' dir='ltr'><strong>hanc</strong></span> <span class='ocrx_word' id='word_1_683' title='bbox 3361 4071 3621 4140; x_wconf 82' lang='lat' dir='ltr'><strong>primam,</strong></span> 
     </span>
    </p>
   </div>
   <div class='ocr_carea' id='block_1_94' title="bbox 2027 4146 3618 4226">
    <p class='ocr_par' dir='ltr' id='par_1_94' title="bbox 2027 4146 3618 4226">
     <span class='ocr_line' id='line_1_94' title="bbox 2027 4146 3618 4226; baseline 0.011 -26"><span class='ocrx_word' id='word_1_684' title='bbox 2027 4146 2172 4201; x_wconf 89' lang='lat' dir='ltr'><strong>illam</strong></span> <span class='ocrx_word' id='word_1_685' title='bbox 2202 4149 2500 4205; x_wconf 90' lang='lat' dir='ltr'><strong>secundam</strong></span> <span class='ocrx_word' id='word_1_686' title='bbox 2536 4150 2907 4209; x_wconf 88' lang='lat' dir='ltr'><strong>substantiam</strong></span> <span class='ocrx_word' id='word_1_687' title='bbox 2943 4158 3313 4215; x_wconf 84' lang='lat' dir='ltr'><strong>nominaverit</strong></span> <span class='ocrx_word' id='word_1_688' title='bbox 3366 4177 3468 4217; x_wconf 87' lang='lat' dir='ltr'><strong>nec</strong></span> <span class='ocrx_word' id='word_1_689' title='bbox 3526 4180 3618 4226; x_wconf 86' lang='lat' dir='ltr'><strong>ne.</strong></span> 
     </span>
    </p>
   </div>
   <div class='ocr_carea' id='block_1_95' title="bbox 2026 4238 3621 4310">
    <p class='ocr_par' dir='ltr' id='par_1_95' title="bbox 2026 4238 3621 4310">
     <span class='ocr_line' id='line_1_95' title="bbox 2026 4238 3621 4310; baseline 0.011 -18"><span class='ocrx_word' id='word_1_690' title='bbox 2026 4238 2155 4292; x_wconf 91' lang='lat' dir='ltr'><strong>alibi</strong></span> <span class='ocrx_word' id='word_1_691' title='bbox 2195 4238 2309 4308; x_wconf 91' lang='lat' dir='ltr'><strong>jam</strong></span> <span class='ocrx_word' id='word_1_692' title='bbox 2364 4238 2511 4295; x_wconf 89' lang='lat' dir='ltr'><strong>haud</strong></span> <span class='ocrx_word' id='word_1_693' title='bbox 2550 4241 2730 4297; x_wconf 85' lang='lat' dir='ltr'><strong>obiter</strong></span> <span class='ocrx_word' id='word_1_694' title='bbox 2774 4242 3032 4301; x_wconf 81' lang='lat' dir='ltr'><strong>diximus.</strong></span> <span class='ocrx_word' id='word_1_695' title='bbox 3095 4246 3230 4303; x_wconf 89' lang='lat' dir='ltr'><strong>Illud</strong></span> <span class='ocrx_word' id='word_1_696' title='bbox 3294 4266 3422 4306; x_wconf 77' lang='lat' dir='ltr'><strong>vero</strong></span> <span class='ocrx_word' id='word_1_697' title='bbox 3476 4253 3621 4310; x_wconf 88' lang='lat' dir='ltr'><strong>scirc</strong></span> 
     </span>
    </p>
   </div>
   <div class='ocr_carea' id='block_1_96' title="bbox 2028 4332 3620 4414">
    <p class='ocr_par' dir='ltr' id='par_1_96' title="bbox 2028 4332 3620 4414">
     <span class='ocr_line' id='line_1_96' title="bbox 2028 4332 3620 4414; baseline 0.01 -30"><span class='ocrx_word' id='word_1_698' title='bbox 2028 4339 2267 4398; x_wconf 85' lang='lat' dir='ltr'><strong>oportet,</strong></span> <span class='ocrx_word' id='word_1_699' title='bbox 2289 4332 2433 4400; x_wconf 89' lang='lat' dir='ltr'><strong>quod</strong></span> <span class='ocrx_word' id='word_1_700' title='bbox 2467 4332 2580 4388; x_wconf 80' lang='lat' dir='ltr'><strong>fere</strong></span> <span class='ocrx_word' id='word_1_701' title='bbox 2601 4335 3105 4404; x_wconf 72' lang='lat' dir='ltr'><strong>prtetermisissem,</strong></span> <span class='ocrx_word' id='word_1_702' title='bbox 3141 4340 3306 4396; x_wconf 87' lang='lat' dir='ltr'><strong>aliam</strong></span> <span class='ocrx_word' id='word_1_703' title='bbox 3329 4357 3452 4398; x_wconf 89' lang='lat' dir='ltr'><strong>esse</strong></span> <span class='ocrx_word' id='word_1_704' title='bbox 3477 4360 3620 4414; x_wconf 68' lang='lat' dir='ltr'><strong>prae-</strong></span> 
     </span>
    </p>
   </div>
   <div class='ocr_carea' id='block_1_97' title="bbox 2028 4427 3615 4499">
    <p class='ocr_par' dir='ltr' id='par_1_97' title="bbox 2028 4427 3615 4499">
     <span class='ocr_line' id='line_1_97' title="bbox 2028 4427 3615 4499; baseline 0.013 -24"><span class='ocrx_word' id='word_1_705' title='bbox 2028 4430 2110 4476; x_wconf 84' lang='lat' dir='ltr'><strong>ter</strong></span> <span class='ocrx_word' id='word_1_706' title='bbox 2136 4432 2485 4479; x_wconf 89' lang='lat' dir='ltr'><strong>enumeratas</strong></span> <span class='ocrx_word' id='word_1_707' title='bbox 2515 4427 2835 4482; x_wconf 63' lang='lat' dir='ltr'><strong>substantiae</strong></span> <span class='ocrx_word' id='word_1_708' title='bbox 2870 4429 3300 4499; x_wconf 87' lang='lat' dir='ltr'><strong>signiﬁcationes</strong></span> <span class='ocrx_word' id='word_1_709' title='bbox 3356 4453 3459 4492; x_wconf 91' lang='lat' dir='ltr'><strong>usu</strong></span> <span class='ocrx_word' id='word_1_710' title='bbox 3525 4455 3615 4496; x_wconf 85' lang='lat' dir='ltr'><strong>re-</strong></span> 
     </span>
    </p>
   </div>
   <div class='ocr_carea' id='block_1_98' title="bbox 2027 4518 3616 4596">
    <p class='ocr_par' dir='ltr' id='par_1_98' title="bbox 2027 4518 3616 4596">
     <span class='ocr_line' id='line_1_98' title="bbox 2027 4518 3616 4596; baseline 0.01 -24"><span class='ocrx_word' id='word_1_711' title='bbox 2027 4524 2277 4588; x_wconf 90' lang='lat' dir='ltr'><strong>ceptam;</strong></span> <span class='ocrx_word' id='word_1_712' title='bbox 2311 4518 2673 4586; x_wconf 80' lang='lat' dir='ltr'><strong>videlicetea,</strong></span> <span class='ocrx_word' id='word_1_713' title='bbox 2705 4536 2828 4590; x_wconf 72' lang='lat' dir='ltr'><strong>quae</strong></span> <span class='ocrx_word' id='word_1_714' title='bbox 2849 4522 3121 4592; x_wconf 87' lang='lat' dir='ltr'><strong>signiﬁcat</strong></span> <span class='ocrx_word' id='word_1_715' title='bbox 3146 4527 3383 4596; x_wconf 81' lang='lat' dir='ltr'><strong>speciem</strong></span> <span class='ocrx_word' id='word_1_716' title='bbox 3417 4531 3616 4587; x_wconf 88' lang='lat' dir='ltr'><strong>indivi-</strong></span> 
     </span>
    </p>
   </div>
   <div class='ocr_carea' id='block_1_99' title="bbox 2026 4610 3615 4687">
    <p class='ocr_par' dir='ltr' id='par_1_99' title="bbox 2026 4610 3615 4687">
     <span class='ocr_line' id='line_1_99' title="bbox 2026 4610 3615 4687; baseline 0.011 -21"><span class='ocrx_word' id='word_1_717' title='bbox 2026 4610 2150 4666; x_wconf 87' lang='lat' dir='ltr'><strong>duis</strong></span> <span class='ocrx_word' id='word_1_718' title='bbox 2180 4612 2513 4682; x_wconf 77' lang='lat' dir='ltr'><strong>proximam,</strong></span> <span class='ocrx_word' id='word_1_719' title='bbox 2545 4615 2846 4670; x_wconf 89' lang='lat' dir='ltr'><strong>seeundum</strong></span> <span class='ocrx_word' id='word_1_720' title='bbox 2882 4632 3048 4687; x_wconf 88' lang='lat' dir='ltr'><strong>quam</strong></span> <span class='ocrx_word' id='word_1_721' title='bbox 3077 4627 3133 4674; x_wconf 90' lang='lat' dir='ltr'><strong>et</strong></span> <span class='ocrx_word' id='word_1_722' title='bbox 3157 4620 3307 4677; x_wconf 87' lang='lat' dir='ltr'><strong>hunc</strong></span> <span class='ocrx_word' id='word_1_723' title='bbox 3335 4624 3615 4683; x_wconf 82' lang='lat' dir='ltr'><strong>hominem</strong></span> 
     </span>
    </p>
   </div>
   <div class='ocr_carea' id='block_1_100' title="bbox 2026 4703 3615 4789">
    <p class='ocr_par' dir='ltr' id='par_1_100' title="bbox 2026 4703 3615 4789">
     <span class='ocr_line' id='line_1_100' title="bbox 2026 4703 3615 4789; baseline 0.01 -30"><span class='ocrx_word' id='word_1_724' title='bbox 2026 4712 2082 4759; x_wconf 91' lang='lat' dir='ltr'><strong>et</strong></span> <span class='ocrx_word' id='word_1_725' title='bbox 2109 4703 2257 4759; x_wconf 87' lang='lat' dir='ltr'><strong>hunc</strong></span> <span class='ocrx_word' id='word_1_726' title='bbox 2288 4720 2514 4776; x_wconf 89' lang='lat' dir='ltr'><strong>equum,</strong></span> <span class='ocrx_word' id='word_1_727' title='bbox 2553 4706 2649 4777; x_wconf 88' lang='lat' dir='ltr'><strong>qui</strong></span> <span class='ocrx_word' id='word_1_728' title='bbox 2681 4707 2926 4778; x_wconf 89' lang='lat' dir='ltr'><strong>ejusdem</strong></span> <span class='ocrx_word' id='word_1_729' title='bbox 2957 4721 3087 4767; x_wconf 88' lang='lat' dir='ltr'><strong>sunt</strong></span> <span class='ocrx_word' id='word_1_730' title='bbox 3112 4714 3437 4773; x_wconf 71' lang='lat' dir='ltr'><strong>substantia:</strong></span> <span class='ocrx_word' id='word_1_731' title='bbox 3456 4718 3615 4789; x_wconf 77' lang='lat' dir='ltr'><strong>juxta</strong></span> 
     </span>
    </p>
   </div>
   <div class='ocr_carea' id='block_1_101' title="bbox 2026 4798 3615 4875">
    <p class='ocr_par' dir='ltr' id='par_1_101' title="bbox 2026 4798 3615 4875">
     <span class='ocr_line' id='line_1_101' title="bbox 2026 4798 3615 4875; baseline 0.011 -26"><span class='ocrx_word' id='word_1_732' title='bbox 2026 4811 2375 4852; x_wconf 88' lang='lat' dir='ltr'><strong>communem</strong></span> <span class='ocrx_word' id='word_1_733' title='bbox 2414 4798 2736 4854; x_wconf 56' lang='lat' dir='ltr'><strong>substantias</strong></span> <span class='ocrx_word' id='word_1_734' title='bbox 2779 4801 3047 4858; x_wconf 89' lang='lat' dir='ltr'><strong>rationem</strong></span> <span class='ocrx_word' id='word_1_735' title='bbox 3073 4844 3089 4871; x_wconf 91' lang='lat'><strong>,</strong></span> <span class='ocrx_word' id='word_1_736' title='bbox 3119 4812 3301 4862; x_wconf 87' lang='lat' dir='ltr'><strong>tamen</strong></span> <span class='ocrx_word' id='word_1_737' title='bbox 3320 4849 3335 4875; x_wconf 92' lang='lat'><strong>,</strong></span> <span class='ocrx_word' id='word_1_738' title='bbox 3363 4809 3490 4864; x_wconf 91' lang='lat' dir='ltr'><strong>dum</strong></span> <span class='ocrx_word' id='word_1_739' title='bbox 3517 4826 3615 4867; x_wconf 86' lang='lat' dir='ltr'><strong>eos</strong></span> 
     </span>
    </p>
   </div>
   <div class='ocr_carea' id='block_1_102' title="bbox 2025 4890 3615 4964">
    <p class='ocr_par' dir='ltr' id='par_1_102' title="bbox 2025 4890 3615 4964">
     <span class='ocr_line' id='line_1_102' title="bbox 2025 4890 3615 4964; baseline 0.011 -21"><span class='ocrx_word' id='word_1_740' title='bbox 2025 4890 2079 4944; x_wconf 92' lang='lat' dir='ltr'><strong>in</strong></span> <span class='ocrx_word' id='word_1_741' title='bbox 2111 4890 2257 4946; x_wconf 91' lang='lat' dir='ltr'><strong>hunc</strong></span> <span class='ocrx_word' id='word_1_742' title='bbox 2276 4891 2649 4964; x_wconf 86' lang='lat' dir='ltr'><strong>signiﬁcatum</strong></span> <span class='ocrx_word' id='word_1_743' title='bbox 2680 4892 2992 4963; x_wconf 80' lang='lat' dir='ltr'><strong>referimus,</strong></span> <span class='ocrx_word' id='word_1_744' title='bbox 3023 4897 3256 4955; x_wconf 70' lang='lat' dir='ltr'><strong>diversae</strong></span> <span class='ocrx_word' id='word_1_745' title='bbox 3289 4901 3615 4959; x_wconf 73' lang='lat' dir='ltr'><strong>substantiae</strong></span> 
     </span>
    </p>
   </div>
   <div class='ocr_carea' id='block_1_103' title="bbox 2025 4983 3615 5066">
    <p class='ocr_par' dir='ltr' id='par_1_103' title="bbox 2025 4983 3615 5066">
     <span class='ocr_line' id='line_1_103' title="bbox 2025 4983 3615 5066; baseline 0.009 -29"><span class='ocrx_word' id='word_1_746' title='bbox 2025 4997 2150 5039; x_wconf 88' lang='lat' dir='ltr'><strong>esse</strong></span> <span class='ocrx_word' id='word_1_747' title='bbox 2182 4983 2441 5040; x_wconf 78' lang='lat' dir='ltr'><strong>novimus</strong></span> <span class='ocrx_word' id='word_1_748' title='bbox 2478 4993 2534 5041; x_wconf 88' lang='lat' dir='ltr'><strong>et</strong></span> <span class='ocrx_word' id='word_1_749' title='bbox 2572 4984 2647 5040; x_wconf 90' lang='lat' dir='ltr'><strong>ita</strong></span> <span class='ocrx_word' id='word_1_750' title='bbox 2690 4985 3047 5057; x_wconf 87' lang='lat' dir='ltr'><strong>appellamus.</strong></span> <span class='ocrx_word' id='word_1_751' title='bbox 3086 4988 3242 5047; x_wconf 82' lang='lat' dir='ltr'><strong>Hauc</strong></span> <span class='ocrx_word' id='word_1_752' title='bbox 3281 4993 3457 5065; x_wconf 87' lang='lat' dir='ltr'><strong>ipsam</strong></span> <span class='ocrx_word' id='word_1_753' title='bbox 3488 5008 3615 5066; x_wconf 86' lang='lat' dir='ltr'><strong>spc-</strong></span> 
     </span>
    </p>
   </div>
   <div class='ocr_carea' id='block_1_104' title="bbox 1846 5157 2076 5217">
    <p class='ocr_par' dir='ltr' id='par_1_104' title="bbox 1846 5157 2076 5217">
     <span class='ocr_line' id='line_1_104' title="bbox 1846 5157 2076 5217; baseline 0.017 -4"><span class='ocrx_word' id='word_1_754' title='bbox 1846 5157 2076 5217; x_wconf 73' lang='grc' dir='ltr'><strong>ΝΟΤᾸΞ.</strong></span> 
     </span>
    </p>
   </div>
   <div class='ocr_carea' id='block_1_105' title="bbox 424 5258 1310 5331">
    <p class='ocr_par' dir='ltr' id='par_1_105' title="bbox 424 5258 1310 5331">
     <span class='ocr_line' id='line_1_105' title="bbox 424 5258 1310 5331; baseline 0 -18"><span class='ocrx_word' id='word_1_755' title='bbox 424 5258 514 5331; x_wconf 72' lang='lat'><strong>29)</strong></span> <span class='ocrx_word' id='word_1_756' title='bbox 544 5259 769 5331; x_wconf 57' lang='lat' dir='ltr'><strong>Aristot.</strong></span> <span class='ocrx_word' id='word_1_757' title='bbox 805 5258 991 5331; x_wconf 86' lang='lat' dir='ltr'><strong>Categ.</strong></span> <span class='ocrx_word' id='word_1_758' title='bbox 1027 5274 1080 5316; x_wconf 92' lang='lat' dir='ltr'><strong>c.</strong></span> <span class='ocrx_word' id='word_1_759' title='bbox 1112 5258 1217 5331; x_wconf 84' lang='lat'><strong>5,§</strong></span> <span class='ocrx_word' id='word_1_760' title='bbox 1258 5259 1310 5314; x_wconf 76' lang='lat' dir='ltr'><strong>I.</strong></span> 
     </span>
    </p>
   </div>
   <div class='ocr_carea' id='block_1_106' title="bbox 427 5328 1403 5411">
    <p class='ocr_par' dir='ltr' id='par_1_106' title="bbox 427 5328 1403 5411">
     <span class='ocr_line' id='line_1_106' title="bbox 427 5328 1403 5411; baseline 0 0"><span class='ocrx_word' id='word_1_761' title='bbox 427 5328 693 5411; x_wconf 59' lang='grc' dir='ltr'><strong>Ξθὶέἲοη·</strong></span> <span class='ocrx_word' id='word_1_762' title='bbox 741 5328 1043 5411; x_wconf 59' lang='grc' dir='ltr'><strong>ξθρίξεέαι·</strong></span> <span class='ocrx_word' id='word_1_763' title='bbox 1103 5401 1117 5411; x_wconf 93' lang='grc'><strong>.</strong></span> <span class='ocrx_word' id='word_1_764' title='bbox 1174 5328 1212 5411; x_wconf 67' lang='grc'><strong>.’</strong></span> <span class='ocrx_word' id='word_1_765' title='bbox 1324 5401 1338 5411; x_wconf 90' lang='grc'><strong>.</strong></span> <span class='ocrx_word' id='word_1_766' title='bbox 1391 5400 1403 5411; x_wconf 96' lang='grc'><strong>.</strong></span> 
     </span>
    </p>
   </div>
   <div class='ocr_carea' id='block_1_107' title="bbox 425 5399 1807 5483">
    <p class='ocr_par' dir='ltr' id='par_1_107' title="bbox 425 5399 1807 5483">
     <span class='ocr_line' id='line_1_107' title="bbox 425 5399 1807 5483; baseline 0.001 -28"><span class='ocrx_word' id='word_1_767' title='bbox 545 5399 700 5483; x_wconf 54' lang='lat' dir='ltr'><strong>Men.</strong></span> <span class='ocrx_word' id='word_1_768' title='bbox 728 5399 1266 5483; x_wconf 55' lang='grc' dir='ltr'>ἑῖπρῷταιούσίαι.</span> <span class='ocrx_word' id='word_1_769' title='bbox 1310 5400 1479 5483; x_wconf 72' lang='lat' dir='ltr'><strong>Arist.</strong></span> <span class='ocrx_word' id='word_1_770' title='bbox 1518 5409 1577 5483; x_wconf 73' lang='lat' dir='ltr'><strong>ut</strong></span> <span class='ocrx_word' id='word_1_771' title='bbox 1619 5414 1807 5483; x_wconf 58' lang='lat' dir='ltr'><strong>supra:</strong></span> 
     </span>
    </p>
   </div>
   <div class='ocr_carea' id='block_1_108' title="bbox 424 5469 1913 5541">
    <p class='ocr_par' dir='ltr' id='par_1_108' title="bbox 424 5469 1913 5541">
     <span class='ocr_line' id='line_1_108' title="bbox 424 5469 1913 5541; baseline 0 -16"><span class='ocrx_word' id='word_1_772' title='bbox 424 5469 512 5541; x_wconf 70' lang='lat'><strong>52)</strong></span> <span class='ocrx_word' id='word_1_773' title='bbox 544 5470 692 5526; x_wconf 86' lang='lat' dir='ltr'><strong>Mon.</strong></span> <span class='ocrx_word' id='word_1_774' title='bbox 728 5469 957 5527; x_wconf 44' lang='lat' dir='ltr'><strong>Elatia:</strong></span> <span class='ocrx_word' id='word_1_775' title='bbox 988 5471 1338 5526; x_wconf 87' lang='grc' dir='ltr'>καθέκαστα·</span> <span class='ocrx_word' id='word_1_776' title='bbox 1386 5470 1459 5526; x_wconf 88' lang='grc' dir='ltr'>τά</span> <span class='ocrx_word' id='word_1_777' title='bbox 1502 5472 1656 5529; x_wconf 84' lang='lat' dir='ltr'><strong>deest</strong></span> <span class='ocrx_word' id='word_1_778' title='bbox 1691 5469 1745 5527; x_wconf 78' lang='lat' dir='ltr'><strong>itt</strong></span> <span class='ocrx_word' id='word_1_779' title='bbox 1792 5469 1913 5526; x_wconf 85' lang='lat' dir='ltr'><strong>Vat.</strong></span> 
     </span>
    </p>
   </div>
   <div class='ocr_carea' id='block_1_109' title="bbox 399 5541 1160 5613">
    <p class='ocr_par' dir='ltr' id='par_1_109' title="bbox 399 5541 1160 5613">
     <span class='ocr_line' id='line_1_109' title="bbox 399 5541 1160 5613; baseline 0.003 -18"><span class='ocrx_word' id='word_1_780' title='bbox 399 5541 515 5613; x_wconf 79' lang='lat'><strong>(35)</strong></span> <span class='ocrx_word' id='word_1_781' title='bbox 543 5542 716 5613; x_wconf 42' lang='lat'><strong>4016.;</strong></span> <span class='ocrx_word' id='word_1_782' title='bbox 738 5543 895 5613; x_wconf 84' lang='lat' dir='ltr'><strong>deest</strong></span> <span class='ocrx_word' id='word_1_783' title='bbox 918 5542 985 5613; x_wconf 88' lang='lat' dir='ltr'><strong>in</strong></span> <span class='ocrx_word' id='word_1_784' title='bbox 1011 5541 1160 5598; x_wconf 81' lang='lat' dir='ltr'><strong>Men.</strong></span> 
     </span>
    </p>
   </div>
   <div class='ocr_carea' id='block_1_110' title="bbox 397 5611 949 5684">
    <p class='ocr_par' dir='ltr' id='par_1_110' title="bbox 397 5611 949 5684">
     <span class='ocr_line' id='line_1_110' title="bbox 397 5611 949 5684; baseline -0.004 -18"><span class='ocrx_word' id='word_1_785' title='bbox 397 5611 516 5684; x_wconf 71' lang='grc' dir='ltr'>(ει)</span> <span class='ocrx_word' id='word_1_786' title='bbox 548 5611 699 5684; x_wconf 81' lang='lat' dir='ltr'><strong>Men.</strong></span> <span class='ocrx_word' id='word_1_787' title='bbox 730 5612 823 5684; x_wconf 10' lang='lat' dir='ltr'><strong>sta,</strong></span> <span class='ocrx_word' id='word_1_788' title='bbox 858 5612 949 5684; x_wconf 53' lang='lat' dir='ltr'><strong>ea,</strong></span> 
     </span>
    </p>
   </div>
   <div class='ocr_carea' id='block_1_111' title="bbox 399 5682 1075 5752">
    <p class='ocr_par' dir='ltr' id='par_1_111' title="bbox 399 5682 1075 5752">
     <span class='ocr_line' id='line_1_111' title="bbox 399 5682 1075 5752; baseline -0.001 -14"><span class='ocrx_word' id='word_1_789' title='bbox 399 5682 517 5752; x_wconf 80' lang='grc'>(55)</span> <span class='ocrx_word' id='word_1_790' title='bbox 545 5682 733 5735; x_wconf 80' lang='grc' dir='ltr'>Ταῦτα</span> <span class='ocrx_word' id='word_1_791' title='bbox 763 5683 891 5737; x_wconf 83' lang='lat' dir='ltr'><strong>add.</strong></span> <span class='ocrx_word' id='word_1_792' title='bbox 929 5682 1075 5739; x_wconf 85' lang='lat' dir='ltr'><strong>Mon.</strong></span> 
     </span>
    </p>
   </div>
   <div class='ocr_carea' id='block_1_112' title="bbox 400 5751 1403 5825">
    <p class='ocr_par' dir='ltr' id='par_1_112' title="bbox 400 5751 1403 5825">
     <span class='ocr_line' id='line_1_112' title="bbox 400 5751 1403 5825; baseline 0.007 -21"><span class='ocrx_word' id='word_1_793' title='bbox 400 5753 511 5825; x_wconf 55' lang='grc' dir='ltr'>(ξιξ)</span> <span class='ocrx_word' id='word_1_794' title='bbox 540 5753 653 5825; x_wconf 77' lang='grc' dir='ltr'><strong>Καὶ</strong></span> <span class='ocrx_word' id='word_1_795' title='bbox 682 5783 755 5825; x_wconf 64' lang='grc' dir='ltr'><strong>τ-</strong></span> <span class='ocrx_word' id='word_1_796' title='bbox 776 5751 1152 5825; x_wconf 40' lang='grc' dir='ltr'>έδρὰζτ-όοεει</span> <span class='ocrx_word' id='word_1_797' title='bbox 1181 5755 1236 5812; x_wconf 88' lang='lat' dir='ltr'><strong>itt</strong></span> <span class='ocrx_word' id='word_1_798' title='bbox 1259 5754 1403 5813; x_wconf 87' lang='lat' dir='ltr'><strong>Mon.</strong></span> 
     </span>
    </p>
   </div>
   <div class='ocr_carea' id='block_1_113' title="bbox 402 5822 1085 5895">
    <p class='ocr_par' dir='ltr' id='par_1_113' title="bbox 402 5822 1085 5895">
     <span class='ocr_line' id='line_1_113' title="bbox 402 5822 1085 5895; baseline 0.001 -18"><span class='ocrx_word' id='word_1_799' title='bbox 402 5822 517 5895; x_wconf 77' lang='grc'>(37)</span> <span class='ocrx_word' id='word_1_800' title='bbox 553 5824 745 5884; x_wconf 78' lang='grc' dir='ltr'>Αὐτῶν</span> <span class='ocrx_word' id='word_1_801' title='bbox 783 5822 909 5880; x_wconf 86' lang='lat' dir='ltr'><strong>add.</strong></span> <span class='ocrx_word' id='word_1_802' title='bbox 941 5822 1085 5882; x_wconf 77' lang='lat' dir='ltr'><strong>Men.</strong></span> 
     </span>
    </p>
   </div>
   <div class='ocr_carea' id='block_1_114' title="bbox 2099 5262 3612 5339">
    <p class='ocr_par' dir='ltr' id='par_1_114' title="bbox 2099 5262 3612 5339">
     <span class='ocr_line' id='line_1_114' title="bbox 2099 5262 3612 5339; baseline 0.008 -22"><span class='ocrx_word' id='word_1_803' title='bbox 2099 5262 2385 5339; x_wconf 69' lang='lat' dir='ltr'><strong>(3§)_Mon.</strong></span> <span class='ocrx_word' id='word_1_804' title='bbox 2427 5262 3002 5339; x_wconf 66' lang='lat' dir='ltr'><strong>post_aup.6s611x61a_</strong></span> <span class='ocrx_word' id='word_1_805' title='bbox 3055 5266 3279 5339; x_wconf 77' lang='lat' dir='ltr'><strong>omissis</strong></span> <span class='ocrx_word' id='word_1_806' title='bbox 3317 5268 3612 5339; x_wconf 85' lang='lat' dir='ltr'><strong>pluribus:</strong></span> 
     </span>
    </p>
   </div>
   <div class='ocr_carea' id='block_1_115' title="bbox 2026 5333 3613 5406">
    <p class='ocr_par' dir='ltr' id='par_1_115' title="bbox 2026 5333 3613 5406">
     <span class='ocr_line' id='line_1_115' title="bbox 2026 5333 3613 5406; baseline 0.007 -20"><span class='ocrx_word' id='word_1_807' title='bbox 2026 5333 2250 5406; x_wconf 32' lang='grc' dir='ltr'>Καὶ-διὰ</span> <span class='ocrx_word' id='word_1_808' title='bbox 2279 5333 2441 5406; x_wconf 79' lang='grc' dir='ltr'>τοῦτο</span> <span class='ocrx_word' id='word_1_809' title='bbox 2472 5333 2681 5406; x_wconf 74' lang='grc' dir='ltr'>πρέποι</span> <span class='ocrx_word' id='word_1_810' title='bbox 2705 5333 3016 5406; x_wconf 15' lang='grc' dir='ltr'>τὰνμερικὰ</span> <span class='ocrx_word' id='word_1_811' title='bbox 3050 5334 3276 5406; x_wconf 86' lang='grc' dir='ltr'>πρώτας</span> <span class='ocrx_word' id='word_1_812' title='bbox 3299 5333 3490 5402; x_wconf 76' lang='grc' dir='ltr'>οὐσίας</span> <span class='ocrx_word' id='word_1_813' title='bbox 3516 5361 3613 5397; x_wconf 84' lang='grc' dir='ltr'><strong>κα-</strong></span> 
     </span>
    </p>
   </div>
   <div class='ocr_carea' id='block_1_116' title="bbox 2025 5402 3610 5484">
    <p class='ocr_par' dir='ltr' id='par_1_116' title="bbox 2025 5402 3610 5484">
     <span class='ocr_line' id='line_1_116' title="bbox 2025 5402 3610 5484; baseline 0.006 -26"><span class='ocrx_word' id='word_1_814' title='bbox 2025 5403 2258 5484; x_wconf 65' lang='grc' dir='ltr'>λεῖσθαι.</span> <span class='ocrx_word' id='word_1_815' title='bbox 2290 5402 2761 5484; x_wconf 66' lang='lat' dir='ltr'><strong>ltttmediatepost</strong></span> <span class='ocrx_word' id='word_1_816' title='bbox 2786 5402 2902 5460; x_wconf 76' lang='lat' dir='ltr'><strong>haec</strong></span> <span class='ocrx_word' id='word_1_817' title='bbox 2931 5402 3130 5484; x_wconf 58' lang='lat' dir='ltr'><strong>legitur</strong></span> <span class='ocrx_word' id='word_1_818' title='bbox 3156 5424 3171 5460; x_wconf 90' lang='lat'><strong>:</strong></span> <span class='ocrx_word' id='word_1_819' title='bbox 3207 5409 3363 5484; x_wconf 84' lang='grc' dir='ltr'>Ἔχει</span> <span class='ocrx_word' id='word_1_820' title='bbox 3383 5412 3440 5465; x_wconf 87' lang='grc' dir='ltr'>δὲ</span> <span class='ocrx_word' id='word_1_821' title='bbox 3462 5414 3495 5484; x_wconf 79' lang='grc' dir='ltr'>ἡ</span> <span class='ocrx_word' id='word_1_822' title='bbox 3518 5416 3610 5468; x_wconf 66' lang='grc' dir='ltr'><strong>οὺς</strong></span> 
     </span>
    </p>
   </div>
   <div class='ocr_carea' id='block_1_117' title="bbox 2027 5472 3610 5553">
    <p class='ocr_par' dir='ltr' id='par_1_117' title="bbox 2027 5472 3610 5553">
     <span class='ocr_line' id='line_1_117' title="bbox 2027 5472 3610 5553; baseline 0.004 -24"><span class='ocrx_word' id='word_1_823' title='bbox 2027 5476 2120 5553; x_wconf 76' lang='grc' dir='ltr'><strong>σία</strong></span> <span class='ocrx_word' id='word_1_824' title='bbox 2170 5475 2286 5546; x_wconf 87' lang='grc' dir='ltr'>είδη</span> <span class='ocrx_word' id='word_1_825' title='bbox 2321 5475 2453 5553; x_wconf 69' lang='grc' dir='ltr'>τρία</span> <span class='ocrx_word' id='word_1_826' title='bbox 2479 5490 2492 5503; x_wconf 89' lang='grc'><strong>·</strong></span> <span class='ocrx_word' id='word_1_827' title='bbox 2527 5472 2829 5553; x_wconf 59' lang='grc' dir='ltr'>ᾲσώματον</span> <span class='ocrx_word' id='word_1_828' title='bbox 2876 5472 3183 5553; x_wconf 35' lang='lat' dir='ltr'><strong>statutum</strong></span> <span class='ocrx_word' id='word_1_829' title='bbox 3228 5472 3325 5535; x_wconf 61' lang='grc' dir='ltr'>καί).</span> <span class='ocrx_word' id='word_1_830' title='bbox 3374 5472 3610 5553; x_wconf 74' lang='grc' dir='ltr'>μικτόνο</span> 
     </span>
    </p>
   </div>
   <div class='ocr_carea' id='block_1_118' title="bbox 2024 5540 3610 5623">
    <p class='ocr_par' dir='ltr' id='par_1_118' title="bbox 2024 5540 3610 5623">
     <span class='ocr_line' id='line_1_118' title="bbox 2024 5540 3610 5623; baseline 0.008 -25"><span class='ocrx_word' id='word_1_831' title='bbox 2024 5540 2446 5623; x_wconf 58' lang='grc' dir='ltr'>ανάγκη</span> <span class='ocrx_word' id='word_1_832' title='bbox 2484 5540 2663 5623; x_wconf 51' lang='lat' dir='ltr'><strong>aliud</strong></span> <span class='ocrx_word' id='word_1_833' title='bbox 2688 5540 2831 5623; x_wconf 68' lang='grc' dir='ltr'>εῖναι</span> <span class='ocrx_word' id='word_1_834' title='bbox 2873 5540 3247 5623; x_wconf 45' lang='grc' dir='ltr'>ἢ-ἀσώματον</span> <span class='ocrx_word' id='word_1_835' title='bbox 3300 5553 3334 5622; x_wconf 77' lang='grc' dir='ltr'>ἢ</span> <span class='ocrx_word' id='word_1_836' title='bbox 3374 5540 3610 5623; x_wconf 78' lang='grc' dir='ltr'>’μικτόν.</span> 
     </span>
    </p>
   </div>
   <div class='ocr_carea' id='block_1_119' title="bbox 2025 5616 3609 5695">
    <p class='ocr_par' dir='ltr' id='par_1_119' title="bbox 2025 5616 3609 5695">
     <span class='ocr_line' id='line_1_119' title="bbox 2025 5616 3609 5695; baseline 0.008 -26"><span class='ocrx_word' id='word_1_837' title='bbox 2025 5616 2161 5695; x_wconf 73' lang='lat' dir='ltr'><strong>Quae</strong></span> <span class='ocrx_word' id='word_1_838' title='bbox 2187 5616 2502 5695; x_wconf 36' lang='lat' dir='ltr'><strong>habe‘t&#39;_Vat.</strong></span> <span class='ocrx_word' id='word_1_839' title='bbox 2542 5616 2787 5695; x_wconf 82' lang='lat' dir='ltr'><strong>Amphil.</strong></span> <span class='ocrx_word' id='word_1_840' title='bbox 2819 5616 3009 5695; x_wconf 72' lang='lat' dir='ltr'><strong>codex</strong></span> <span class='ocrx_word' id='word_1_841' title='bbox 3054 5616 3278 5695; x_wconf 64' lang='lat' dir='ltr'><strong>desunt</strong></span> <span class='ocrx_word' id='word_1_842' title='bbox 3307 5616 3486 5695; x_wconf 79' lang='lat' dir='ltr'><strong>usque</strong></span> <span class='ocrx_word' id='word_1_843' title='bbox 3540 5628 3609 5682; x_wconf 88' lang='lat' dir='ltr'><strong>ad</strong></span> 
     </span>
    </p>
   </div>
   <div class='ocr_carea' id='block_1_120' title="bbox 2026 5685 3611 5790">
    <p class='ocr_par' dir='ltr' id='par_1_120' title="bbox 2026 5685 3611 5790">
     <span class='ocr_line' id='line_1_120' title="bbox 2026 5685 3611 5790; baseline 0.006 -47"><span class='ocrx_word' id='word_1_844' title='bbox 2026 5688 2229 5751; x_wconf 90' lang='lat' dir='ltr'><strong>locum,</strong></span> <span class='ocrx_word' id='word_1_845' title='bbox 2284 5685 2377 5741; x_wconf 86' lang='lat' dir='ltr'><strong>ubi</strong></span> <span class='ocrx_word' id='word_1_846' title='bbox 2433 5687 2501 5741; x_wconf 89' lang='lat' dir='ltr'><strong>de</strong></span> <span class='ocrx_word' id='word_1_847' title='bbox 2557 5687 2885 5744; x_wconf 77' lang='lat' dir='ltr'><strong>substantiae</strong></span> <span class='ocrx_word' id='word_1_848' title='bbox 2941 5685 3611 5790; x_wconf 66' lang='lat' dir='ltr'><strong>proprietatibus&#39;agitur</strong></span> 
     </span>
     <span class='ocr_line' id='line_1_121' title="bbox 2029 5756 3607 5790; baseline 0 0"><span class='ocrx_word' id='word_1_849' title='bbox 2029 5758 2076 5790; x_wconf 61' lang='grc' dir='ltr'><strong>[Β</strong></span> <span class='ocrx_word' id='word_1_850' title='bbox 2106 5758 2157 5790; x_wconf 46' lang='lat' dir='ltr'><strong>FH</strong></span> <span class='ocrx_word' id='word_1_851' title='bbox 2213 5757 2283 5790; x_wconf 68' lang='lat' dir='ltr'><strong>l‘l&#39;</strong></span> <span class='ocrx_word' id='word_1_852' title='bbox 2340 5756 2540 5790; x_wconf 62' lang='grc' dir='ltr'><strong>Διιῖριηθ</strong></span> <span class='ocrx_word' id='word_1_853' title='bbox 2589 5772 2619 5790; x_wconf 80' lang='lat' dir='ltr'><strong><em>n</em></strong></span> <span class='ocrx_word' id='word_1_854' title='bbox 2694 5757 2726 5790; x_wconf 65' lang='grc' dir='ltr'>κ</span> <span class='ocrx_word' id='word_1_855' title='bbox 2756 5758 2807 5790; x_wconf 77' lang='lat' dir='ltr'>In</span> <span class='ocrx_word' id='word_1_856' title='bbox 2855 5760 2888 5790; x_wconf 71' lang='grc' dir='ltr'><strong>π</strong></span> <span class='ocrx_word' id='word_1_857' title='bbox 2945 5760 2971 5790; x_wconf 72' lang='lat' dir='ltr'><strong><em>R</em></strong></span> <span class='ocrx_word' id='word_1_858' title='bbox 3040 5782 3052 5790; x_wconf 70' lang='grc' dir='ltr'>ι</span> <span class='ocrx_word' id='word_1_859' title='bbox 3096 5776 3128 5790; x_wconf 76' lang='grc' dir='ltr'><strong>ιιι</strong></span> <span class='ocrx_word' id='word_1_860' title='bbox 3180 5761 3212 5790; x_wconf 70' lang='grc' dir='ltr'><em>’Χ</em></span> <span class='ocrx_word' id='word_1_861' title='bbox 3257 5765 3341 5790; x_wconf 71' lang='grc' dir='ltr'><strong>θΑιΙ</strong></span> <span class='ocrx_word' id='word_1_862' title='bbox 3409 5764 3557 5790; x_wconf 56' lang='grc' dir='ltr'><strong>ῐὶ...ξΔ</strong></span> <span class='ocrx_word' id='word_1_863' title='bbox 3593 5772 3607 5790; x_wconf 75' lang='grc' dir='ltr'><strong>ι</strong></span> 
     </span>
    </p>
   </div>
   <div class='ocr_carea' id='block_1_121' title="bbox 2028 5756 3610 5840">
    <p class='ocr_par' dir='ltr' id='par_1_121' title="bbox 2028 5756 3610 5840">
     <span class='ocr_line' id='line_1_122' title="bbox 2028 5756 3610 5840; baseline 0.008 -30"><span class='ocrx_word' id='word_1_864' title='bbox 2028 5758 2179 5830; x_wconf 76' lang='lat'><strong>(§5).</strong></span> <span class='ocrx_word' id='word_1_865' title='bbox 2213 5757 2295 5816; x_wconf 85' lang='lat' dir='ltr'><strong>Cf.</strong></span> <span class='ocrx_word' id='word_1_866' title='bbox 2333 5756 2638 5815; x_wconf 85' lang='lat' dir='ltr'><strong>Aristot.c.</strong></span> <span class='ocrx_word' id='word_1_867' title='bbox 2693 5757 2727 5815; x_wconf 81' lang='lat'><strong>5</strong></span> <span class='ocrx_word' id='word_1_868' title='bbox 2756 5756 2973 5831; x_wconf 75' lang='lat' dir='ltr'><strong>(c.3,§</strong></span> <span class='ocrx_word' id='word_1_869' title='bbox 3021 5756 3150 5834; x_wconf 59' lang='grc' dir='ltr'><strong>εἴη).</strong></span> <span class='ocrx_word' id='word_1_870' title='bbox 3180 5761 3364 5833; x_wconf 76' lang='lat' dir='ltr'><strong>5,‘ed.</strong></span> <span class='ocrx_word' id='word_1_871' title='bbox 3406 5756 3610 5840; x_wconf 60' lang='lat' dir='ltr'><strong>Pal-is.)</strong></span> 
     </span>
    </p>
   </div>
  </div>
