4072 6426
1250 414 1353 473 AD
1375 414 1970 477 AMPHILOCHIUM
1997 416 2341 485 QUIESTIO
2379 417 2752 483 CXXXVIII.

329 532 486 572 νεται
516 516 703 589 ψυχρά
734 516 830 572 καὶ
857 517 1057 592 θερμὴ,
1088 519 1122 591 ἢ
1154 519 1341 575 δικαία
1373 522 1469 577 καὶ
1502 522 1706 590 άδικος,
1746 523 1781 595 ἢ
1818 523 1926 577 σώ-

2040 535 2129 582 ast.
2161 524 2274 583 Hoc
2304 528 2434 582 Vel'o
2466 537 2519 582 et
2552 529 2771 599 proprie
2800 529 2974 602 ipsius
3000 532 3309 604 proprietas
3334 542 3443 599 est,
3478 536 3610 606 quia

332 628 488 684 φρων
512 612 610 666 καὶ
626 613 946 681 ἀκόλαστος,
971 615 1005 686 ἢ
1032 616 1313 689 φρενήρης
1334 619 1427 673 καὶ
1447 620 1788 690 ἁςρραίνουσα
1813 619 1924 693 (46)

334 706 369 775 ἦ
400 722 456 759 τι
494 704 607 777 (47)
633 704 745 761 τῶν
779 706 1182 780 παραπλησίων
1202 724 1219 741 ο
1248 710 1297 763 εἰ
1327 709 1385 764 δέ
1414 728 1465 765 τι
1492 712 1588 765 καὶ
1623 715 1690 784 τῇ
1717 714 1793 776 ὡς
1821 712 1923 785 ὐλῃ

334 797 497 868 οὐσίᾳ
534 796 779 852 τοιοῦτον
802 798 1156 872 συμϐέϐηκεν
1176 841 1192 867 ,
1218 802 1320 857 οὐκ
1349 801 1468 857 ἐστι
1493 803 1703 876 διαιτᾷν
1730 805 1925 878 καιροῦ

333 886 431 942 τοῦ
464 888 755 957 παρόντος.
790 890 854 943 Οί
887 890 945 945 δὲ
982 891 1266 962 λέγοντες,
1289 892 1368 959 ὡς
1398 896 1495 949 καὶ
1533 896 1612 966 τῷ
1642 894 1787 968 λόγῳ
1832 897 1924 952 καὶ

334 982 401 1050 τῇ
434 979 562 1054 δόξῃ
586 980 744 1036 τοῦτο
767 981 966 1038 ἕπεται
993 984 1056 1038 τὸ
1079 983 1210 1039 ἴδιον
1232 985 1368 1057 (48),
1394 986 1716 1061 εὐφώρατον
1743 990 1925 1060 ἔχουσι

335 1070 399 1124 τδ
432 1070 627 1141 ψεῦδος
646 1090 662 1106 ·
696 1075 832 1144 φασὶ
865 1076 965 1147 μὲν
994 1076 1124 1150 γὰρ,
1153 1077 1229 1143 ὡς
1254 1081 1283 1133 6
1311 1079 1487 1149 λέγων
1514 1081 1606 1135 τὸν
1627 1082 1927 1154 Σωκράτην

334 1164 613 1234 καθῆσθαι
659 1164 841 1236 λόγος,
872 1168 902 1221 ό
946 1168 1109 1233 αὐτὸς
1154 1170 1367 1241 μένων,
1411 1171 1548 1226 καθό
1584 1189 1649 1242 γε
1677 1173 1738 1227 τδ
1787 1170 1928 1229 εἶναι

334 1254 494 1325 λόγος
523 1255 671 1328 ἔσχε,
702 1258 798 1312 τοῦ
839 1259 941 1331 μὲν
977 1259 1306 1332 Σωκράτους
1329 1264 1643 1335 καθημένου
1671 1265 1930 1338 ἀληθείας

332 1340 406 1417 ἦν
433 1349 793 1419 σημαντικός,
823 1352 1160 1418 ἀναστάντος
1186 1354 1245 1409 δὲ
1266 1355 1360 1409 τοῦ
1383 1356 1711 1429 Σωκράτους
1730 1357 1928 1429 ψεῦδος

337 1438 660 1512 εὑρίσκεται
698 1442 1022 1514 δεδεγμένος
1045 1461 1058 1476 °
1090 1445 1234 1501 ὥστε
1267 1447 1364 1501 καὶ
1389 1450 1419 1502 ό
1452 1447 1611 1518 λόγος
1634 1449 1745 1505 τῶν
1769 1453 1928 1507 ἐναν-

338 1531 474 1588 τίων
518 1533 669 1588 ἐστὶν
701 1535 983 1601 δεκτικόςο
1021 1537 1283 1603 ὡσαύτως
1318 1539 1377 1593 δὲ
1419 1541 1513 1595 καὶ
1542 1541 1723 1613 ήὸόξα
1746 1558 1759 1572 ⁸
1795 1544 1930 1598 καθ-

339 1622 550 1692 ημένου
597 1626 696 1696 μὲν
740 1626 851 1700 γὰρ
889 1627 1054 1682 αὐτοῦ
1097 1629 1309 1701 ἀληθὴς
1354 1627 1423 1702 ἦν
1466 1632 1623 1703 ἠτοῦ
1650 1634 1924 1705 καθῆσθαι

338 1712 502 1781 δόξα,
552 1718 884 1784 ἀναστάντος
910 1721 968 1775 δὲ
1004 1724 1037 1793 ἡ
1087 1723 1228 1795 αὐτὴ
1259 1723 1388 1789 δόξα
1429 1711 1663 1795 ψεύδους
1708 1726 1930 1797 ἐγένετο

337 1804 588 1878 δεκτική.
639 1809 781 1863 Ἀλλ’
818 1811 867 1864 οί
916 1811 1015 1883 μὲν
1064 1812 1455 1886 διαποροῦντες
1501 1815 1676 1880 οὕτως
1724 1818 1925 1887 φασίν·

2025 616 2385 672 convertitur.
2426 616 2747 674 Substantia
2778 619 2924 675 enim
2965 621 3145 677 omnis
3166 631 3221 677 et
3245 621 3361 677 sola
3394 637 3611 691 perma-

2026 723 2164 763 nens
2193 708 2519 783 substantia,
2553 719 2758 765 mutata
2811 720 2992 768 tamen
3051 715 3228 785 quoad
3278 716 3609 785 qualitates,

2025 800 2087 855 fit
2117 800 2312 871 frigida
2350 810 2403 855 et
2433 801 2630 868 calida,
2661 803 2744 859 vel
2774 804 2922 872 justa
2962 816 3017 861 et
3049 806 3271 877 injusta,
3316 809 3403 862 vel
3432 808 3612 864 conti-

2027 908 2165 947 nens
2195 901 2249 946 et
2268 892 2554 961 effrenata,
2582 893 2667 949 vel
2693 895 2938 965 prudens
2962 907 3017 952 et
3040 898 3341 954 insaniens.
3369 903 3451 954 vel
3478 898 3613 969 quid

2028 985 2317 1041 similium.
2348 985 2431 1039 An
2466 1000 2596 1041 vero
2624 994 2679 1042 et
2706 986 3017 1043 substantia
3040 1028 3056 1053 ,
3088 1006 3212 1060 quae
3238 991 3403 1047 veluti
3435 1002 3613 1047 mate-

2028 1078 2110 1131 ria
2145 1087 2253 1141 est,
2308 1076 2582 1146 ejusmodi
2637 1078 2769 1149 quid
2828 1080 3132 1148 acciderit,
3189 1096 3298 1136 non
3333 1093 3419 1138 est
3449 1083 3612 1154 hujus

2028 1169 2292 1238 temporis
2331 1168 2658 1239 dijudicare.
2702 1169 2809 1237 Qui
2860 1186 3000 1227 vero
3038 1171 3226 1227 dicunt
3273 1174 3438 1228 etiam
3494 1190 3615 1230 ser-

2029 1260 2177 1314 moui
2207 1268 2260 1314 et
2287 1259 2530 1329 opinioni
2570 1260 2710 1316 hanc
2741 1262 3037 1317 convenire
3068 1261 3492 1332 proprietatem,
3528 1261 3613 1316 fa-

2030 1348 2230 1405 cillime
2291 1349 2561 1405 mendacii
2609 1352 3039 1407 convincuntur.
3115 1351 3330 1407 Etenim
3400 1354 3613 1416 dicunt.

2030 1456 2345 1499 sermonem
2382 1458 2533 1510 cum,
2581 1442 2677 1512 qui
2715 1443 2849 1498 dicit
2885 1444 3167 1500 Socratem
3200 1444 3421 1509 dicere,
3455 1460 3615 1499 cum-

2029 1538 2151 1592 dem
2199 1546 2542 1601 manentem,
2602 1528 2657 1592 in
2708 1546 2978 1608 quantum
3032 1538 3303 1604 habebat,
3356 1539 3502 1609 quod
3546 1539 3620 1594 sit

2030 1630 2499 1695 sermo,verilatis
2518 1628 2689 1686 fuisse
2718 1630 3165 1701 signiticativum,
3197 1630 3329 1685 dum
3360 1631 3619 1686 Socrates

2031 1721 2278 1787 sederet;
2304 1737 2429 1778 cum
2454 1737 2583 1778 vero
2608 1723 2863 1779 Socrates
2884 1728 3232 1782 surrexisset.
3267 1724 3617 1778 mendacium

2035 1817 2405 1872 continentem
2446 1815 2710 1885 reperiri;
2742 1816 2885 1871 unde
2910 1815 3049 1871 efﬁci
3080 1825 3277 1886 putant
3304 1816 3471 1870 etiam
3504 1830 3621 1869 ser-

339 1875 586 1953 ῐστωσαν
614 1900 689 1966 δὲ,
724 1902 807 1956 ὅτι
839 1875 1076 1960 enim
1110 1906 1211 1979 τὴν
1230 1875 1389 1962 ’ίδίαν
1426 1875 1749 1982 μεταϐολὴν.
1776 1911 1805 1963 6
1837 1910 1928 1964 λό-

2040 1921 2255 1963 monem
2288 1906 2562 1962 contraria
2590 1922 2753 1977 posse
2777 1906 3080 1977 suscipere.
3111 1906 3379 1961 Similiter
3398 1922 3623 1976 quoque

338 2005 440 2057 γος
482 1991 675 2060 γέγονε
713 1993 943 2065 ψεύδους
972 1998 1068 2052 καὶ
1096 1997 1356 2071 ἀληθείας
1385 1999 1635 2066 δεκτικὸς
1655 2043 1671 2068 ,
1706 2004 1768 2057 οὐ
1822 2004 1932 2075 μὴν

338 2082 468 2139 οὐδὲ
502 2087 536 2157 ή
562 2086 689 2155 δόξα
709 2126 724 2152 ,
762 2089 900 2145 ἀλλὰ
939 2092 1140 2163 μᾶλλον
1167 2093 1308 2149 κατὰ
1344 2095 1445 2167 τὴν
1477 2096 1572 2150 τοῦ
1603 2098 1933 2169 πράγματος

341 2176 681 2252 ἐναλλαγὴν,
719 2182 857 2256 ὅπερ
892 2186 924 2257 η
967 2186 1069 2257 μὲν
1098 2187 1370 2255 ἐδόξασεν,
1404 2190 1432 2243 ό
1458 2189 1515 2243 δὲ
1549 2191 1930 2262 ἀπήγγειλεν·

344 2272 398 2325 εί
427 2272 535 2344 γὰρ
569 2276 644 2346 μὴ
676 2276 972 2346 μετέϐαλεν
1001 2281 1030 2334 6
1051 2280 1352 2354 Σωκράτης
1385 2283 1451 2338 ὲκ
1478 2284 1572 2338 τοῦ
1604 2285 1933 2351 καθέζεσθαι

342 2364 621 2433 ἀναστάς,
659 2367 761 2422 οὐκ
813 2368 879 2423 ἄν
917 2387 1053 2424 ποτε
1099 2373 1128 2425 ό
1166 2373 1258 2426 τὸν
1307 2374 1605 2448 Σωκράτην
1660 2376 1934 2449 καθῆσθαι

343 2454 521 2524 λέγων
563 2457 783 2526 ἐγένετο
808 2460 967 2531 λόγος
993 2462 1225 2535 ψευδὴς,
1254 2464 1370 2518 ἀλλ’
1405 2466 1513 2519 οὐδ’
1553 2468 1587 2539 ἡ
1622 2467 1751 2532 δόξα
1781 2469 1894 2538 (49)
1917 2485 1931 2498 ·

340 2544 488 2600 ὥστε
511 2549 606 2603 καὶ
636 2550 701 2603 ὲκ
722 2551 914 2605 τούτου
938 2554 1094 2626 δῆλον
1114 2595 1130 2620 ,
1162 2555 1237 2621 ώς
1264 2556 1500 2628 μάλιστα
1530 2557 1663 2612 ἴδιόν
1690 2560 1807 2613 ἐστι
1835 2560 1936 2630 τῆς

339 2639 536 2705 οὐσίας
577 2642 638 2695 τὸ
671 2643 1062 2716 ἅποδεδόμενον
1117 2647 1287 2702 ἴδιον·
1334 2649 1396 2703 οὐ
1440 2648 1599 2721 μόνον
1645 2652 1757 2722 γάρ
1794 2651 1935 2724 αὐτὴ

344 2732 562 2801 πέφυκε
592 2734 848 2805 δέχεσθαι
895 2740 1158 2795 τάναντία
1188 2742 1330 2795 κατὰ
1374 2742 1473 2813 τὴν
1512 2742 1717 2813 ἑαυτῆς
1767 2761 1936 2813 μετα-

342 2824 531 2897 6ολὴν,
563 2827 701 2883 ἀλλά
727 2831 820 2883 καὶ
853 2832 1063 2904 ἑτέροις
1106 2835 1552 2907 μεταϐαλλομένη
1589 2836 1703 2909 (50)
1728 2837 1937 2905 γίνεται

344 2919 500 2974 αἰτία
551 2920 645 2974 τοῦ
694 2922 871 2978 δοκεῖν
918 2925 1061 2981 αὐτὰ
1114 2927 1363 2995 γίνεσθαι
1396 2928 1505 2982 τῶν
1552 2930 1815 2984 ἐναντίων
1849 2928 1938 2983 δε-

346 3013 515 3067 κτικά
532 3029 547 3045 ·
576 3015 605 3067 ό
631 3015 763 3085 γοῦν
791 3016 950 3086 λόγος
976 3019 1069 3072 καὶ
1102 3020 1136 3091 ἡ
1162 3018 1310 3085 δόξα,
1338 3022 1387 3073 εί
1405 3022 1501 3075 καὶ
1527 3022 1938 3093 συγχωρηθεῖεν

2032 2000 2101 2056 de
2132 2001 2391 2071 opinione
2417 2008 2689 2055 statuunt.
2723 1998 2962 2054 Sedente
3012 2000 3159 2055 enim
3209 1998 3441 2054 Socrate
3490 2014 3621 2055 vera

2036 2092 2136 2148 fuit
2167 2093 2390 2164 opinio,
2434 2109 2557 2163 qua:
2604 2107 2731 2148 eum
2778 2093 2970 2149 sedere
3012 2092 3309 2159 censebat;
3362 2099 3624 2162 surgente

2037 2202 2165 2242 vero
2208 2187 2301 2242 illo
2335 2187 2525 2242 eadem
2564 2187 2752 2257 opinio
2786 2186 3020 2241 mendax
3063 2185 3260 2242 evasit.
3304 2185 3397 2240 Sic
3437 2186 3624 2254 itaque

2035 2280 2224 2336 dicunt
2257 2280 2351 2351 qui
2384 2279 2452 2335 de
2480 2280 2581 2335 hac
2611 2296 2667 2335 re
2697 2280 2966 2335 dubitant.
3007 2276 3210 2333 Verum
3248 2279 3449 2343 sciant,
3504 2293 3615 2331 non

2035 2371 2342 2428 secundum
2374 2372 2457 2426 sui
2510 2371 2684 2441 ipsius
2721 2371 3077 2426 mutationem
3121 2385 3430 2426 sermonem
3464 2369 3621 2424 illum

2038 2460 2333 2517 falsitatem
2361 2471 2416 2516 et
2444 2461 2729 2515 veritatem
2753 2460 3085 2530 suscepisse,
3106 2475 3283 2530 neque
3308 2460 3474 2514 etiam
3504 2458 3626 2527 opi-

2036 2552 2279 2615 nionem,
2313 2552 2406 2607 sed
2450 2550 2631 2621 potius
2675 2551 2976 2605 secundum
3028 2550 3106 2604 rei
3160 2550 3624 2615 immutationem,

2037 2644 2182 2714 quod
2220 2644 2406 2713 opinio
2443 2628 2771 2711 Opinabatur
2819 2652 2876 2697 et
2918 2642 3065 2712 quod
3107 2656 3291 2698 sermo
3324 2642 3622 2697 nuntiavit.

2038 2735 2153 2793 Nisi
2182 2737 2327 2792 enim
2356 2746 2598 2791 mutatus
2626 2734 2819 2791 fuisset
2852 2732 3132 2799 Socrates,
3162 2734 3255 2804 qui
3281 2774 3297 2799 ,
3331 2744 3624 2805 postquam

2040 2830 2223 2895 sedit,
2270 2830 2549 2895 surrexit,
2582 2844 2863 2899 nunquam
2895 2843 3079 2885 sermo
3112 2827 3397 2884 Socratem
3434 2829 3630 2884 sedere

2040 2923 2317 2979 alIirmaus
2347 2924 2583 2978 mendax
2628 2921 2933 2986 evasisset,
2980 2936 3159 2991 neque
3190 2922 3355 2976 etiam
3414 2921 3629 2991 Opinio.

2040 3016 2412 3085 Quamobrem
2452 3026 2508 3072 et
2554 3032 2621 3071 ex
2659 3017 2763 3072 hoc
2802 3025 2949 3083 patet
2990 3017 3193 3071 dictam
3219 3017 3627 3087 proprietatem

353 3096 495 3156 εἶναι
546 3104 656 3160 τῶν
713 3107 972 3163 ἐναντίων
1004 3110 1265 3177 δεκτικά,
1315 3111 1431 3166 ἀλλ’
1458 3112 1561 3167 οὐκ
1589 3112 1656 3168 ἂν
1699 3112 1935 3185 λεχθεῖεν

2043 3109 2283 3164 maxime
2307 3107 2631 3163 substantiae
2656 3122 2781 3163 esse
2798 3108 3097 3177 propriam.
3123 3106 3243 3163 Non
3273 3108 3451 3164 solum
3482 3111 3627 3164 enim

353 3192 494 3258 ὅλως
523 3196 665 3251 κατὰ
712 3200 812 3271 τὴν
854 3202 1065 3256 ἑαυτῶν
1103 3203 1410 3276 μεταϐολὴν
1443 3204 1694 3277 ὥσπερὴ
1740 3204 1899 3259 οὐσία
1920 3245 1935 3271 ,

2042 3201 2161 3272 ipsa
2184 3210 2308 3271 apta
2338 3199 2552 3254 exsistit
2579 3199 2645 3253 ad
2682 3199 2994 3270 recipienda
3019 3199 3294 3255 contraria
3322 3200 3629 3256 secundum

354 3281 495 3338 ἀλλὰ
538 3286 739 3357 μᾶλλον
777 3290 919 3344 κατὰ
963 3292 1064 3363 τὴν
1108 3290 1210 3363 τῆς
1246 3293 1441 3358 οὐσίας
1493 3294 1799 3367 μεταϐολὴν
1837 3296 1935 3350 καὶ

2040 3309 2199 3351 suam
2231 3292 2407 3364 ipsius
2427 3292 2815 3355 mutationem,
2850 3307 3040 3347 verum
3072 3291 3240 3348 etiam
3273 3292 3396 3347 aliis
3428 3292 3482 3346 in
3529 3308 3630 3347 sua

348 3374 440 3428 διὰ
468 3376 530 3431 τὸ
567 3379 785 3452 ἐκείνην
817 3382 1069 3454 δέχεσθαι
1109 3388 1392 3455 τάναντία,
1429 3389 1738 3443 δείκνυνται
1790 3406 1935 3461 παρ-

2042 3386 2347 3443 mutatione
2375 3400 2545 3442 causa
2578 3388 2658 3449 lit,
2688 3385 2836 3456 quod
2877 3385 2995 3455 ipsa
3033 3386 3313 3441 contraria
3349 3400 3545 3455 capere
3573 3394 3632 3440 et

345 3467 694 3525 απολαύοντα
727 3477 820 3527 καὶ
847 3476 1020 3531 ταῦτα
1049 3477 1144 3532 τοῦ
1166 3479 1344 3535 δοκεῖν
1369 3477 1511 3536 εἶναι
1540 3480 1651 3536 τῶν
1679 3483 1935 3538 ἐναντίων

2045 3478 2323 3549 suscipere
2356 3477 2668 3532 videantur.
2704 3476 2900 3532 Sermo
2950 3476 3121 3547 igitur
3163 3489 3218 3531 et
3251 3477 3437 3546 ορίιιὶο
3460 3517 3476 3541 ,
3524 3477 3631 3531 etsi

346 3557 598 3617 δεκτικά.

2049 3569 2383 3627 concedatur
2412 3582 2509 3623 eos
2553 3582 2715 3637 posse
2749 3566 3023 3622 contraria
3068 3568 3395 3633 admittere,
3447 3575 3631 3622 tamen

348 3654 582 3711 omnino
615 3672 723 3713 non
758 3663 1062 3719 secundum
1088 3680 1247 3722 suam
1274 3667 1523 3739 ipsorum
1556 3669 1940 3733 mutationem,
1980 3665 2127 3722 sicut
2192 3661 2545 3728 substantiae,
2577 3661 2673 3716 sed
2716 3662 2901 3731 petitis
2944 3661 3247 3717 secundum
3312 3661 3635 3716 substantize

353 3750 720 3806 mutationem
753 3754 895 3810 hanc
918 3756 1361 3826 prmdicationem
1382 3759 1705 3827 sortientur,
1729 3770 1785 3816 et
1813 3758 1943 3832 quia
1982 3756 2290 3814 substantia
2329 3753 2605 3808 contraria
2670 3752 2929 3819 admittit,
2994 3752 3118 3807 ideo
3176 3760 3233 3808 et
3285 3751 3403 3822 ipsa
3473 3766 3635 3811 mou-

351 3849 606 3897 strantur
646 3859 709 3899 ea
740 3844 846 3901 frui
875 3848 1285 3918 praedicatione,
1330 3859 1390 3906 ut
1420 3860 1476 3908 et
1510 3851 1627 3922 ipsa
1660 3850 1937 3907 contraria
1976 3847 2264 3904 admittere
2288 3845 2600 3900 videantur.

430 3943 505 4004 ς’.
555 3937 615 3994 '0
647 3940 831 4012 μέντοι
858 3960 923 4012 γε
965 3943 1347 4018 Ἀριστοτέλης
1378 3945 1822 4018 προχειρότερον,
1853 3943 1943 3997 ἴνα

354 4028 437 4098 μὴ
490 4028 638 4098 λέγω
693 4032 1088 4105 ῥᾳθυμότερον,
1120 4035 1250 4105 περὶ
1293 4036 1483 4098 οὐσίας
1527 4033 1801 4089 διαλαὸὼν
1848 4034 1945 4087 καὶ

350 4119 523 4192 ἔτερα
569 4122 664 4175 δύο
700 4123 807 4178 ἴδια
846 4126 1063 4195 τίθησιν
1110 4126 1333 4191 οὐσίας·
1383 4126 1442 4179 ἓν
1495 4126 1595 4198 μὲν
1631 4126 1693 4180 τὸ
1735 4125 1855 4179 τόδε
1887 4142 1943 4178 τι

357 4211 673 4280 σημαίνειν,
709 4213 848 4284 ὅπερ
891 4216 976 4287 εἴη
1016 4215 1082 4270 ἂν
1117 4214 1248 4269 ίδιον
1289 4215 1351 4269 οὐ
1383 4216 1483 4287 τῆς
1515 4215 1704 4279 ἁπλῶς
1731 4214 1942 4279 οὐσίας,

350 4306 461 4374 τῆς
507 4304 564 4357 δὲ
606 4306 737 4376 παρ’
772 4307 939 4361 αὐτοῦ
968 4306 1270 4379 κληθείσης
1315 4306 1542 4379 πρώτης
1579 4307 1805 4370 οὐσίας’
1848 4305 1946 4360 καὶ

352 4396 549 4466 ἓτερον
595 4398 757 4453 πάλιν
811 4399 873 4452 τὸ
923 4398 1258 4470 συνωνύμως
1308 4398 1742 4471 κατηγορεῖσθαι
1786 4399 1898 4469 (51)
1926 4415 1940 4430 ·

350 4488 450 4559 εἰη
495 4490 540 4543 δ’
568 4489 637 4544 ἂν
665 4492 761 4546 καὶ
797 4490 957 4546 τοῦτο
985 4493 1116 4547 ἴδιον
1144 4495 1245 4564 τῆς
1283 4493 1415 4565 παρ’
1455 4492 1623 4547 αὐτοῦ
1654 4491 1944 4563 κληθείσης

349 4585 620 4656 δευτέρας
660 4585 880 4650 οὐσίας·
909 4585 1047 4641 ἀλλὰ
1073 4585 1135 4641 τὸ
1171 4586 1273 4657 μὲν
1306 4586 1427 4640 τόδε
1452 4604 1504 4640 τι
1529 4585 1817 4657 σημαίνειν
1854 4585 1945 4655 μό-

348 4695 457 4749 νης
496 4678 617 4731 ἐστὶ
661 4677 762 4748 τῆς
799 4677 1024 4750 πρώτης
1068 4678 1292 4742 οὐσίας’
1332 4679 1473 4751 μόνη
1519 4679 1629 4750 γὰρ
1675 4679 1709 4749 ἡ
1742 4678 1943 4750 μερικὴ

348 4769 507 4843 χειρὶ
543 4769 873 4840 δεικνυμένη
900 4770 935 4838 ἢ
969 4770 1142 4841 ἑτέρῳ
1167 4769 1278 4823 τινὶ
1305 4770 1531 4841 τοιούτῳ
1556 4769 1675 4823 τόδε
1706 4787 1759 4822 τι
1788 4767 1945 4838 λέγε-

2111 3940 2165 3994 6.
2200 3938 2457 3994 Attamen
2487 3936 2809 3992 Aristoteles
2861 3936 3044 3992 minus
3102 3937 3413 4009 diligenter,
3445 3955 3515 3995 ne
3552 3940 3638 3995 di-

2041 4047 2162 4088 cam
2195 4030 2531 4101 negligenter
2551 4029 2618 4083 de
2633 4028 2943 4083 substantia
2968 4028 3251 4084 disserens
3304 4030 3444 4086 duas
3497 4032 3636 4088 alias

2043 4122 2197 4195 ponit
2226 4122 2549 4177 substantiae
2573 4120 2934 4189 preprietates
2959 4134 2974 4175 :
3011 4132 3175 4173 unam
3202 4121 3448 4191 quidem,
3484 4125 3635 4193 quod

2042 4219 2148 4272 hoc
2178 4214 2386 4285 aliquid
2417 4212 2722 4283 signiticet;
2782 4212 2888 4268 hoc
2943 4226 3076 4266 vero
3134 4226 3247 4267 non
3309 4214 3637 4270 substantiae

2041 4305 2371 4376 simpliciter
2398 4302 2679 4373 proprium
2714 4299 2903 4367 fuerit,
2933 4300 3028 4355 sed
3058 4298 3200 4371 ejus,
3251 4316 3375 4372 quze
3404 4303 3473 4357 ab
3514 4303 3636 4373 ipso

2050 4404 2275 4451 vocatur
2298 4395 2512 4465 prima;
2540 4392 2769 4447 alteram
2802 4408 2935 4447 vero
2963 4393 3111 4463 quod
3161 4392 3394 4447 univoce
3443 4395 3638 4464 praedi-

2052 4498 2241 4557 cetur;
2274 4487 2368 4543 sed
2406 4487 2511 4541 hoc
2539 4499 2759 4556 quoque
2781 4483 3065 4555 proprium
3092 4482 3257 4538 fuerit
3288 4483 3636 4551 substantize,

2050 4597 2216 4652 quam
2254 4582 2373 4651 ipse
2402 4580 2703 4635 secundam
2728 4578 2985 4647 appellat.
3014 4576 3086 4632 At
3116 4592 3248 4632 vero
3271 4577 3445 4647 prius,
3488 4583 3637 4649 quod

2051 4670 2359 4728 substantia
2417 4669 2521 4725 hoc
2580 4668 2787 4739 aliquid
2835 4668 3125 4737 signiticet,
3178 4668 3353 4723 solius
3442 4670 3638 4739 prima:

2050 4764 2370 4822 substantia:
2407 4772 2526 4830 est;
2556 4762 2673 4817 bare
2697 4761 2866 4827 enim,
2909 4760 3215 4815 substantia
3251 4760 3631 4829 particularis,

344 4841 450 4919 ται
477 4857 620 4917 εἶναι
661 4861 774 4935 (52)
794 4878 810 4896 ο
836 4862 900 4917 τὸ
924 4863 981 4917 δὲ
1012 4861 1348 4934 συνωνύμως
1382 4860 1814 4934 κατηγορεῖσθαι
1840 4862 1935 4915 οὐκ

2045 4860 2161 4916 sola
2190 4858 2362 4930 digito
2390 4866 2613 4914 ostensa
2657 4853 2745 4910 vel
2790 4853 2899 4910 alio
2944 4851 3218 4923 ejusmodi
3269 4852 3375 4907 hoc
3426 4853 3634 4924 aliquid

1881 4993 2119 5051 ΝΟΤᾸΕ.

430 5095 559 5169 (46)-
579 5093 876 5169 Perperam
900 5091 1179 5169 Catiforus
1209 5091 1513 5169 legendum.
1524 5090 1788 5169 censebat
1827 5107 1929 5143 σω·
2043 5089 2137 5169 sed
2169 5096 2474 5169 contextus
2482 5084 2816 5157 suffragatur
2847 5079 3071 5139 lectioni
3123 5078 3301 5134 Vatic.
3353 5090 3519 5147 quam
3580 5086 3636 5134 et

354 5157 637 5244 φρονρύσα
666 5157 721 5220 ἐι
756 5165 1043 5244 lectionem
1071 5157 1428 5244 appaiv'oucat.
1440 5163 1760 5244 tollendam.
1830 5232 1853 5244 η

2040 5167 2196 5244 ιθιῑεε
2215 5174 2411 5244 91398:,-
2434 5157 2498 5244 9-

436 5216 557 5308 (ᾗ)
576 5216 1052 5308 fs'iéie'éié‘fﬁiié;
1078 5216 1277 5308 iap‘ogr.
1312 5216 1486 5308 Catii.
1501 5216 1763 5308 mendose
1789 5249 1802 5286 :
1826 5232 1861 5308 ᾗ
1887 5248 1942 5284 τι
2116 5228 2229 5300 (51)
2256 5216 2485 5308 Yat.
2511 5224 2760 5308 ordinem
2776 5224 3150 5308 membrorum
3181 5216 3636 5308 dedimusgnYen.

582 5289 753 5434 ἓἒήἱέ
772 5289 1138 5431 οὲὶεειὶοηειιί
1164 5289 1283 5375 ipse
1310 5289 1416 5361 sibi
1439 5303 1571 5359 facit
1592 5289 1942 5367 Aristoteles,
2044 5289 2237 5433 2335';
2274 5299 2333 5355 in
2367 5299 2455 5355 his
2483 5296 2767 5369 paululum
2799 5293 2977 5349 diﬂ‘ert
3012 5302 3138 5363 post
3201 5305 3365 5345 voces
3417 5289 3637 5360 τίθησιν

756 5419 770 5434 .
805 5390 862 5431 li.
2044 5390 2258 5433 ουσιας.

357 5397 416 5439 c.
449 5380 503 5439 5.
530 5378 556 5449 ᾗ
584 5380 673 5443 2‘2,
715 5393 770 5448 p.
805 5378 862 5431 6.
2044 5378 2237 5433 οὐσίας

437 5451 548 5523 (49)
576 5450 814 5523 Aristot.
834 5449 872 5501 I.
906 5460 955 5502 c.
989 5445 1111 5523 :_'0
1141 5446 1199 5500 δὲ
1212 5446 1385 5523 Δλόγος
1429 5444 1526 5499 καὶ
1555 5444 1589 5515 ἡ
1616 5443 1771 5523 δόξα,
1805 5442 1947 5523 αὐτά
2052 5510 2086 5523 __
2124 5440 2237 5523 (5?)

357 5514 466 5599 μὲν
491 5514 727 5599 ἀκίνητα
744 5519 923 5599 πάντη
960 5517 1184 5599 πάντως
1206 5514 1453 5599 διαμένει
1480 5532 1508 5599 ἰ
1548 5514 1659 5599 τοῦ.
1677 5514 1947 5599 δὲαπράγ-

356 5584 537 5668 ξιατος
573 5584 1041 5668 κινηθέντοςίρτὲ
1072 5589 1172 5668 μὲν
1199 5584 1405 5668 άληθὴς
1430 5585 1520 5668 ότὲ
1542 5584 1605 5668 δὲ
1632 5584 1834 5668 ψευδὴς

355 5653 532 5734 γεται
640 5700 657 5717 .
687 5653 717 5715 6
750 5661 819 5729 γὰ
830 5677 860 5730 ρ
891 5658 1048 5734 λόγος
1072 5653 1232 5734 ’καὶὴ
1261 5653 1472 5734 δόξαού
1499 5655 1578 5727 τῷ
1634 5653 1949 5734 αὐτᾲζδεδὲς

354 5722 491 5807 ibat
522 5733 630 5807 τῶν
658 5722 918 5807 εναντίῳν
943 5722 1081 5807 εἶναι
1109 5722 1345 5807 δεκτικά
1364 5722 1624 5807 Δλέγεται,
1682 5725 1820 5779 ἀλλὰ
1870 5722 1949 5795 τῷ

356 5798 497 5873 περὶ
523 5803 713 5873 ἕτερόν
730 5818 798 5873 ,τι
824 5802 883 5855 τὸ
911 5801 1084 5864 πάθος
1120 5798 1474 5873 γεγενῆσθαι.

441 5865 553 5944 (50)
619 5865 897 5929 Catiforus
960 5865 1144 5941 legere
1200 5865 1372 5925 voluit
1432 5865 1946 5939 μετασαλλομένοις.

2124 5430 2237 5511 (52)
2265 5439 2325 5495 In
2348 5438 2484 5511 cod.
2516 5435 2672 5511 Men.
2696 5437 2921 5511 haegest
2953 5433 3261 5511 proprietas
3295 5430 3479 5511 tertia,
3511 5446 3638 5500 quae

2052 5502 2142 5565 ita‘
2161 5502 2492 5567 describitur
2521 5508 2775 5579 ενΤρίτονΑ
2795 5506 2927 5560 ίδιον
2953 5502 3281 5579 τῆςόὐσίεις
3311 5502 3433 5579 τόδε
3456 5519 3508 5554 τι
3537 5517 3641 5579 ση-

2055 5581 2270 5651 μαίνειν
2293 5594 2308 5611 ³
2344 5579 2518 5651 τοῦτο,
2540 5578 2598 5632 δὲ
2619 5571 2686 5651 τὸ
2735 5577 2868 5651 ίξδιον
2899 5578 2981 5651 Δτῇ
3014 5571 3232 5651 ’μεριμκῇ
3257 5574 3443 5651 ,οὐσίᾳ
3499 5571 3639 5651 μόνῃ

2334 5630 2652 5723 ονύγὶνδὲήκαὶ
2668 5650 2791 5711 ταῖς
2820 5630 3181 5723 adﬁce-"1:6
3369 5630 3640 5723 δξικὺύερ

2050 5710 2143 5776 δίᾶ
2159 5710 2259 5793 τῆς
2281 5710 2464 5793 inps;
2479 5718 2515 5792 ἢ
2549 5719 2711 5793 άλλου
2737 5710 2883 5780 τινὸς
2935 5715 3179 5793 τοιούτου
3204 5710 3304 5776 τὰς
3322 5784 3333 5793 ι
3364 5712 3464 5793 μὲν
3496 5710 3630 5793 καθ-

2051 5793 2176 5846 όλου
2203 5779 2393 5854 ὀύσῖας
2416 5779 2517 5843 οὐκ
2564 5779 2870 5857 ἐνδέχεται,
2902 5788 3002 5857 τὰς
3056 5786 3111 5839 δὲ
3143 5779 3377 5857 μερικὰς
3432 5779 3639 5852 ἐνδέχε-

2053 5880 2144 5917 ται
2179 5861 2287 5936 (Cf.
2324 5862 2494 5918 Arist.
2527 5875 2575 5917 c.
2616 5856 2731 5931 κδ
2765 5859 2850 5924 Ib,
2875 5872 2925 5928 p.
2954 5856 3031 5929 5).
