4110 6422
440 362 546 426 7'79

1597 371 1862 434 PHOTII
1892 374 2399 440 PATRIARCH/E
2440 380 2550 443 CP-

3604 387 3719 457 780

437 473 642 528 dicitur
675 484 830 539 esse;
880 473 1154 543 posterius
1181 490 1313 531 vero
1348 477 1493 548 quod
1548 480 1778 536 univoce
1824 482 2021 553 praedi-

2130 484 2245 541 ἐστι
2301 489 2471 559 μόνης
2514 490 2613 560 τῆς
2654 490 2915 564 δευτέρας
2942 492 3165 562 οὐσίας,
3214 496 3352 552 ἀλλὰ
3382 497 3474 553 καὶ
3514 499 3720 572 ἑτέρων

435 571 614 629 cetur,
644 579 751 647 non
782 563 957 620 solius
986 575 1071 621 est
1123 569 1377 624 secundae
1443 570 1785 636 substantiae,
1833 590 2022 629 verum

436 665 490 712 et
520 658 754 713 aliarum
782 657 1080 716 multarum
1120 676 1302 716 rerum
1329 663 1651 719 essentiales
1677 666 1823 720 enim
1864 666 2025 721 ditl‘e-

438 751 631 806 rentiae
663 752 897 808 univoee
930 753 1330 823 praedicantur;
1380 756 1645 812 rationale
1683 773 1738 811 ν.
1778 774 1859 828 gr.
1904 758 2027 813 uni-

437 856 569 897 t'oee
620 843 685 897 de
717 841 943 902 Platone
996 854 1051 900 et
1099 845 1325 902 Socrate
1384 848 1750 915 praedicatur;
1817 849 2025 906 dicitur

436 936 583 990 enim
618 933 871 993 Socrates
922 947 977 993 et
1015 947 1337 993 casterorum
1363 938 1597 1006 quilibet
1652 940 1925 995 rationale
1974 950 2029 998 et

435 1042 622 1085 revera
651 1030 758 1085 tale
786 1038 890 1085 est.
925 1028 990 1086 Et
1017 1030 1070 1084 in
1098 1032 1407 1100 quantitate
1432 1046 1655 1102 quoque
1678 1032 1809 1087 etin
1840 1033 2023 1103 quali-

2130 577 2341 634 πολλῶν
2365 596 2379 610 ⁸
2421 580 2483 633 αῖ
2520 597 2581 633 τε
2616 584 2724 654 γὰρ
2759 581 3042 649 οὐσιώδεις
3077 586 3335 658 διαφοραὶ
3386 590 3720 661 συνωνύμως

2129 670 2599 743 κατηγοροῦνται·
2639 674 2702 727 τὸ
2739 674 2849 746 γάρ
2898 675 3117 745 λογικὸν
3153 679 3440 744 Πλάτωνος
3472 683 3567 735 καὶ
3605 684 3720 736 Σω-

2129 762 2368 832 κράτους
2407 764 2739 835 συνωνύμως
2787 770 3212 839 κατηγορεῖται·
3267 771 3486 842 λέγεται
3533 773 3643 845 γὰρ
3690 777 3721 828 6

2131 852 2431 923 Σωκράτης
2466 854 2562 908 καὶ
2597 854 2705 909 τῶν
2733 855 2909 911 ἄλλων
2938 858 3169 923 ἕκαστος
3198 859 3417 929 λογικὸν
3448 862 3542 916 καὶ
3568 863 3718 917 ἐστιν

2131 943 2208 1009 ώς
2239 944 2458 1013 άληθῶς
2497 944 2715 1013 λογικόν
2739 963 2753 977 ’
2794 948 2887 1002 καὶ
2917 951 2974 1002 έν
3018 950 3170 1020 ποσῷ
3216 951 3274 1004 δὲ
3320 951 3416 1005 καὶ
3453 953 3593 1025 ποιῷ
3624 956 3720 1009 καὶ

2129 1037 2252 1097 ταῖς
2276 1035 2465 1099 ἄλλαις
2496 1037 2855 1108 κατηγορίαις
2882 1039 3032 1094 ἔστιν
3057 1040 3184 1095 ἰδεῖν
3210 1042 3474 1112 προϊόντα
3504 1043 3714 1113 σαφῶς,

437 1126 546 1172 tate
566 1118 712 1175 sicut
745 1118 875 1174 etin
910 1119 1033 1173 aliis
1065 1120 1358 1188 categoriis
1400 1122 1690 1194 perspicue
1718 1123 2021 1193 proceden-

2125 1125 2201 1191 ὡς
2232 1125 2369 1198 γένη
2402 1126 2513 1180 τῶν
2544 1127 2638 1181 ὐπ’
2671 1129 2812 1184 αὐτὰ
2841 1130 2998 1185 εἰδῶν
3038 1132 3135 1186 καὶ
3163 1133 3281 1204 εἴδη
3311 1132 3420 1189 τῶν
3449 1134 3541 1189 ὐπ’
3577 1134 3717 1190 αὐτὰ

434 1208 507 1265 do
531 1210 714 1265 videre
745 1211 888 1273 licet,
918 1227 1116 1282 genera
1146 1212 1213 1267 de
1235 1214 1523 1283 speciebus
1578 1214 1713 1286 ipsis
1765 1214 2025 1271 subordi-

436 1304 581 1357 natis
613 1312 667 1358 et
696 1306 905 1374 species
957 1303 1026 1359 de
1083 1303 1380 1363 individuis
1436 1305 1491 1360 in
1562 1306 1696 1376 ipsis
1746 1307 2024 1365 contentis

434 1393 669 1450 univoce
692 1394 1003 1463 praedicari.

508 1486 561 1541 7.
598 1487 830 1541 Possunt
861 1502 990 1542 vero
1018 1500 1084 1542 ex
1116 1486 1185 1541 iis
1216 1501 1338 1556 qure
1388 1487 1505 1558 ipse
1549 1486 1869 1548 Aristoteles
1909 1490 2027 1546 edi-

434 1575 531 1641 cit,
561 1577 680 1630 aliae
710 1591 927 1647 quoque
971 1577 1353 1647 praedictarum
1402 1579 1839 1636 substantiarum
1898 1598 2028 1653 pro-

437 1668 694 1732 prietates
724 1668 955 1734 adduci;
988 1684 1052 1724 ac
1099 1669 1447 1739 particularis
1484 1671 1705 1740 quidem
1767 1674 2026 1730 substan-

436 1758 525 1815 tiae
553 1759 856 1830 proprietas
889 1768 993 1825 est,
1028 1763 1174 1832 quod
1215 1763 1389 1833 magis
1440 1762 1657 1818 dicatur
1691 1765 2021 1833 substantia,

432 1865 597 1917 quam
664 1851 1026 1917 universalis;
1083 1852 1408 1908 substantia:
1471 1867 1605 1908 vero
1659 1853 2014 1924 universalis,

432 1942 579 2010 quod
631 1943 814 1999 minus
852 1940 1160 2000 substantia
1184 1944 1398 2000 dicatur
1427 1961 1594 2016 quam
1643 1948 2020 2016 particularis,

432 2042 484 2086 et
517 2047 621 2085 non
652 2034 828 2087 solum
865 2035 1046 2090 minus
1064 2050 1228 2105 quam
1265 2036 1401 2101 haec,
1436 2037 1532 2092 sed
1550 2037 1720 2091 etiam
1752 2036 1870 2108 ipsa
1914 2054 2026 2109 pra:

431 2137 492 2179 se
527 2124 678 2193 ipsa;
708 2124 812 2179 hoc
836 2137 921 2181 est
951 2144 965 2181 :
996 2141 1105 2181 non
1147 2127 1324 2182 solum
1362 2128 1691 2185 universalia
1728 2145 1839 2200 pra:
1885 2131 2026 2186 indi-

430 2214 647 2282 viduis,
676 2231 863 2270 verum
901 2218 1065 2273 etiam
1110 2233 1312 2289 genera
1365 2234 1477 2289 pm
1523 2221 1812 2291 speciebus
1842 2222 2025 2279 minus

432 2307 755 2363 substantiae
773 2317 922 2363 sunt.
940 2310 1156 2366 Animal
1174 2311 1338 2382 igitur
1364 2313 1548 2370 minus
1572 2322 1655 2369 est
1683 2315 2019 2379 substantia.

428 2415 595 2470 quam
647 2398 927 2467 Socrates,
960 2402 1074 2458 into
1136 2403 1303 2459 etiam
1355 2404 1541 2460 minus
1598 2421 1763 2476 quam
1821 2405 2023 2472 homo;

430 2495 577 2548 unde
609 2495 862 2550 secundae
888 2496 1213 2551 substantia:
1266 2497 1450 2553 minus
1504 2508 1635 2553 sunt
1677 2499 2021 2564 substantite,

428 2606 595 2660 quam
628 2592 1005 2659 particulares.
1042 2592 1282 2664 Utraque
1309 2610 1439 2649 vero
1468 2594 1775 2664 proprietas
1805 2596 2024 2665 utrique

429 2683 752 2739 substantiae
776 2684 1239 2753 principalissime
1267 2701 1332 2741 ac
1356 2687 1594 2741 maxime
1652 2688 1877 2758 prapria
1912 2686 2026 2743 fue-

427 2776 540 2842 rit;
574 2776 707 2831 nihil
744 2777 891 2832 enim
934 2776 988 2830 in
1007 2777 1271 2834 omnibus
1301 2779 1468 2833 rebus
1509 2777 1685 2849 magis
1714 2779 2023 2834 substantia

429 2883 595 2937 quam
632 2867 960 2923 universalis
1012 2868 1218 2923 dicitur
1272 2880 1505 2939 excepta
1564 2868 1913 2939 particulari,
1971 2879 2026 2925 et

430 2956 570 3013 nihil
622 2972 818 3012 rursus
850 2958 1081 3026 cOgitari
1134 2967 1312 3029 potest
1360 2958 1504 3030 quod
1562 2961 1635 3017 sit
1670 2961 1856 3016 minus
1898 2963 2025 3017 sub-

427 3049 629 3108 stantia
658 3066 820 3120 quam
853 3052 1208 3120 particularis
1264 3061 1490 3123 excepta
1518 3054 1840 3110 universali.
1870 3054 2019 3109 Con-

2129 1216 2350 1289 ἀτόμων
2381 1216 2714 1289 συνωνύμως
2738 1220 3173 1293 κατηγοροῦνται
3204 1222 3342 1295 (55).

2203 1485 2273 1551 ζ’.
2331 1489 2490 1543 Ἐστι
2533 1488 2591 1544 δὲ
2636 1488 2747 1543 τῶν
2793 1490 3106 1562 εἰρημένων
3146 1491 3353 1546 τούτων
3385 1493 3587 1547 οὐσιῶν
3619 1494 3718 1559 καὶ

2128 1580 2294 1651 ἕτερα
2323 1580 2429 1635 ίδια
2464 1580 2639 1633 εἰπεῖν
2660 1619 2674 1644 ,
2716 1579 2775 1647 ἐξ
2818 1573 2894 1634 ὧν
2932 1580 3096 1645 αὐτὸς
3146 1582 3526 1653 Ἀριστοτέλης
3558 1577 3679 1635 εἷπε
3700 1624 3716 1647 ,

2131 1672 2367 1727 λαϐόντα
2388 1689 2401 1703 ο
2426 1672 2525 1744 τῆς
2560 1672 2658 1743 μὲν
2684 1672 2918 1745 μερικῆς
2932 1673 2994 1727 τὸ
3024 1674 3224 1744 μᾶλλον
3244 1674 3502 1744 λέγεσθαι
3529 1676 3718 1728 οὐσίαν

2130 1764 2275 1835 ἤπερ
2320 1765 2421 1835 τὴν
2448 1763 2703 1830 καθόλου,
2745 1764 2847 1836 τῆς
2875 1765 2933 1819 δὲ
2978 1765 3206 1821 καθόλω
3247 1766 3308 1820 τὸ
3340 1762 3505 1837 ἦττον
3545 1768 3718 1837 αὐτὴν

2051 1836 2100 1896 Β
2128 1854 2384 1923 λέγεσθαι
2414 1855 2604 1909 οὐσίαν
2631 1855 2733 1926 τῆς
2765 1856 3002 1928 μερικῆς
3027 1896 3040 1921 ,
3076 1859 3169 1911 καὶ
3188 1858 3311 1929 οὐχὶ
3338 1836 3441 1929 τῆς
3475 1836 3711 1930 μερικῆς

2130 1946 2310 2016 μόνον,
2335 1947 2471 2001 ἀλλὰ
2496 1948 2590 2001 καὶ
2614 1947 2787 2017 αὐτὴν
2818 1948 3016 2019 ἑαυτῆς
3036 1965 3051 1982 ο
3080 1949 3362 2004 τουτέστιν
3392 1951 3453 2005 οὐ
3479 1951 3549 2005 τά
3573 1953 3709 2007 καθ·

2127 2037 2251 2092 όλου
2309 2038 2470 2110 μόνον
2522 2038 2631 2093 τῶν
2675 2040 2927 2112 ἀτόμων,
2976 2042 3112 2097 ἀλλὰ
3166 2043 3263 2097 καὶ
3299 2044 3369 2099 τά
3426 2046 3563 2118 γένη
3606 2047 3718 2101 τῶν

2127 2131 2284 2186 εἰδῶν
2318 2124 2481 2203 ἧττόν
2522 2132 2660 2185 εἰσιν
2700 2133 2918 2187 οὐσίαι·
2962 2133 3022 2187 τὺ
3061 2134 3189 2204 γοῦν
3221 2135 3363 2200 ζῶον
3410 2133 3575 2210 ἦττον
3616 2139 3715 2210 μὲν

2126 2220 2286 2275 οὐσία
2322 2220 2416 2274 τοῦ
2445 2221 2792 2291 Σωκράτους,
2829 2221 2924 2275 καὶ
2954 2222 3014 2275 οὐ
3046 2222 3139 2276 τοῦ
3166 2224 3490 2294 Σωκράτους
3530 2224 3712 2295 μόνον,

2125 2311 2264 2367 ἀλλὰ
2313 2311 2410 2366 καὶ
2451 2310 2548 2365 τοῦ
2591 2311 2882 2383 ἀνθρώπου
2908 2331 2922 2346 ·
2966 2313 3107 2368 ὥστε
3145 2317 3200 2368 ai
3237 2315 3489 2388 δεύτεραι
3537 2317 3715 2372 οὐσίαι

2124 2397 2288 2476 ἧττόν
2316 2405 2454 2457 εἰσιν
2485 2403 2662 2458 οὐσίαι
2700 2404 2811 2460 τῶν
2852 2405 3095 2476 μερικῶν
3121 2422 3134 2436 °
3169 2408 3264 2462 καὶ
3292 2408 3377 2479 εἴη
3414 2408 3481 2462 ἂν
3519 2409 3715 2463 ἑκάτε-

2130 2514 2222 2568 ρον
2250 2496 2360 2550 τῶν
2408 2496 2555 2550 ἰδίων
2596 2497 2805 2551 τούτων
2836 2499 3102 2570 ἑκατέρας
3131 2500 3241 2553 τῶν
3271 2500 3472 2554 οὐσιῶν
3504 2501 3713 2571 κυριώ-

2125 2606 2262 2642 τατα
2312 2590 2407 2642 καὶ
2441 2588 2675 2659 μάλιστα
2706 2590 2840 2643 ῐδιον
2862 2608 2876 2622 ·
2917 2590 3071 2645 οὐδὲν
3100 2590 3209 2664 γὰρ
3236 2592 3372 2657 ὅλως
3402 2592 3511 2645 τῶν
3546 2592 3716 2647 ὄντων

2125 2677 2223 2749 τῆς
2252 2676 2483 2731 καθόλου
2531 2678 2721 2737 οὐσίας
2763 2679 2982 2750 λεχθείη
3020 2680 3221 2750 μᾶλλον
3263 2681 3458 2746 οὐσία,
3499 2681 3640 2753 πλὴν
3679 2684 3713 2753 ή

2130 2767 2332 2840 μερικὴ
2354 2809 2368 2834 ,
2410 2769 2506 2822 καὶ
2537 2768 2690 2823 οὐδὲν
2719 2770 2883 2825 πάλιν
2913 2771 3026 2824 οὐδ’
3061 2770 3342 2841 ἐννοηθείη
3380 2772 3447 2826 ἂν
3483 2771 3585 2841 τῆς
3617 2788 3717 2841 με-

2128 2867 2290 2938 ρικῆς
2324 2865 2513 2930 οὐσίας
2539 2859 2699 2937 ἦττον
2740 2868 2898 2920 οὐσία
2930 2866 3070 2939 πλὴν
3107 2869 3140 2939 ἡ
3169 2868 3420 2921 καθόλου.
3453 2868 3565 2921 Καὶ
3588 2882 3714 2920 σκο-

2127 2960 2251 3012 πεῖν
2299 2957 2415 3011 ἔστι
2446 2957 2633 3028 σαφῶς
2670 2958 2965 3013 κάντεῦθεν
2985 2975 2999 2988 ·
3038 2961 3122 3014 ’ὅτι
3152 2959 3222 3013 τά
3251 2959 3484 3013 καθόλου
3514 2958 3611 3012 καὶ
3645 2957 3715 3012 τά

2127 3053 2306 3122 ἄτομα
2344 3051 2403 3103 ὲν
2436 3050 2515 3121 τῷ
2551 3048 2812 3119 λέγεσθαι
2860 3051 3076 3124 πρῶται
3110 3052 3205 3106 καὶ
3233 3051 3486 3123 δεύτεραι
3533 3050 3714 3105 οὐσίαι

429 3136 657 3199 siderari
686 3139 976 3209 perspicue
1005 3148 1059 3195 et
1105 3139 1235 3196 inde
1263 3156 1351 3197 res
1381 3149 1584 3212 potest,
1625 3144 1771 3215 quod
1802 3145 2021 3199 univer-

2130 3142 2252 3196 οὐτε
2292 3145 2511 3208 ἑαυταῖς
2546 3142 2880 3213 συνωνύμως
2918 3144 3168 3213 λέγονται
3211 3143 3427 3210 οὐσίαι,
3475 3144 3602 3197 οὐτε
3644 3145 3713 3215 τῇ

429 3226 566 3288 salia
635 3236 690 3283 et
758 3228 1064 3294 individua,

429 3320 753 3380 substantia:
776 3321 1058 3389 dicuntur,
1096 3338 1273 3394 neque
1315 3326 1537 3382 sibimet
1596 3326 1730 3397 ipsis
1786 3328 2027 3383 univoce

420 3408 690 3468 dicuntur
718 3411 1064 3479 substantiae,
1126 3428 1306 3484 neque
1373 3416 1697 3472 substantiae
1758 3417 2025 3487 simplici—

429 3510 532 3564 ter.
563 3499 809 3567 Quorum
844 3503 991 3557 enim
1022 3505 1385 3577 pr0prietates
1419 3508 1723 3562 secundum
1779 3507 1831 3563 id
1871 3509 2020 3578 quod

430 3592 646 3648 videtur
669 3609 793 3650 esse
822 3595 1058 3651 maxime
1087 3610 1381 3652 commune
1442 3614 1667 3661 nomen,
1700 3608 1830 3654 sunt
1870 3615 2025 3669 pror-

430 3699 527 3744 sus
549 3692 750 3740 exterae
785 3695 951 3756 atque
974 3688 1187 3751 alienae,
1220 3688 1494 3758 quomodo
1556 3690 1750 3745 horum
1792 3692 2025 3745 univoca

430 3776 723 3846 appellatio
748 3776 915 3833 fuerit
966 3790 1133 3850 atque
1186 3796 1297 3835 una
1337 3782 1643 3852 eademque
1700 3782 2023 3838 substantia:

430 3866 839 3929 ratio?Censet
885 3880 1069 3925 autem
1128 3872 1451 3931 Aristoteles
1494 3889 1615 3931 eam
1669 3875 1743 3930 ob
1796 3890 2020 3931 causam

432 3959 815 4028 particularetn
850 3964 1218 4020 substantiam
1258 3967 1436 4037 magis
1474 3968 1846 4024 substantiam
1887 3984 2018 4025 esse

431 4070 595 4123 quam
659 4058 1047 4124 universalem,
1104 4061 1233 4132 quia
1274 4064 1534 4129 maxime,
1586 4066 1786 4135 inquit,
1826 4066 2024 4122 indivi-

430 4150 537 4206 dua
568 4150 874 4205 substantia
907 4152 1258 4210 manifestius
1285 4155 1465 4211 reddit
1491 4156 1542 4210 id
1568 4158 1711 4225 quod
1738 4160 2020 4228 quaeritur,

430 4257 598 4310 quam
629 4243 938 4299 substantia
968 4246 1316 4303 universalis.
1351 4248 1453 4316 Qui
1486 4249 1631 4304 enim
1660 4250 1799 4305 dicit
1825 4249 2023 4307 Socra-

433 4344 543 4391 tem
596 4336 866 4390 notiorem
938 4338 1068 4393 facit
1122 4338 1510 4397 Atheniensem
1576 4341 1730 4396 illu'n
1780 4343 2023 4412 philoso-

432 4428 625 4499 phum,
668 4444 833 4498 quam
865 4430 961 4499 qui
994 4429 1128 4485 dicit
1156 4446 1283 4487 cum
1312 4433 1592 4490 hominem
1642 4450 1764 4490 esse
1786 4435 1871 4490 vel
1904 4435 2022 4490 ani-

1158 3230 1290 3289 dum
1378 3233 1572 3301 prima:
1644 3243 1700 3289 et
1770 3234 2021 3290 secunda:

2132 3231 2317 3295 ἁπλῶς
2346 3232 2534 3306 οὐσίᾳ·
2570 3226 2647 3288 ὧν
2679 3233 2787 3306 γὰρ
2820 3233 2891 3289 τά
2924 3234 3031 3290 ἴδια
3060 3233 3205 3289 κατὰ
3250 3234 3313 3288 τὸ
3344 3232 3539 3289 δοκοῦν
3573 3231 3715 3289 εἶναι

2131 3327 2368 3398 μάλιστα
2402 3308 2580 3380 κοινὸν
2608 3326 2783 3399 ὄνομα
2821 3326 3103 3391 παντελῶς
3135 3328 3251 3380 ἐστι
3283 3326 3410 3392 ξένα
3438 3326 3534 3381 καὶ
3563 3326 3717 3396 ηλλο-

2126 3419 2408 3488 τριωμένα
2429 3459 2446 3483 ,
2486 3418 2696 3473 τούτων
2736 3417 2855 3483 πῶς
2886 3418 2953 3472 ἂν
2981 3418 3067 3488 είη
3102 3416 3415 3486 συνώνυμος
3454 3418 3489 3486 ἡ
3516 3416 3715 3487 ὀνομα-

2129 3510 2220 3564 σία
2247 3509 2280 3580 ﬁ
2312 3503 2392 3572 εἷς
2416 3510 2511 3563 καὶ
2548 3510 2710 3573 αὐτὸς
2740 3510 2771 3562 6
2801 3510 2900 3578 τῆς
2939 3508 3129 3571 οὐσίας
3159 3508 3351 3575 λόγος;
3396 3507 3563 3573 Ἀξιοί
3602 3508 3661 3562 δὲ
3683 3511 3713 3562 6

2140 3601 2517 3672 Ἀριστοτέλης
2551 3601 2637 3655 διὰ
2670 3600 2829 3654 τοῦτο
2862 3601 2962 3671 τὴν
2993 3599 3226 3673 μερικὴν
3248 3600 3438 3654 οὐσίαν
3456 3599 3556 3671 τῆς
3577 3601 3712 3679 καθ-

2125 3694 2248 3748 όλου
2273 3694 2473 3764 μᾶλλον
2503 3690 2643 3748 εἶναι
2682 3692 2903 3756 οὐσίαν,
2952 3693 3087 3747 διότι
3121 3693 3389 3764 μάλιστα,
3428 3694 3598 3763 φησὶν
3622 3734 3637 3758 ,
3677 3696 3711 3764 ἡ

2126 3787 2328 3857 ἄτομος
2378 3786 2537 3840 οὐσία
2602 3785 2984 3858 φανερώτερον
3034 3790 3180 3840 ποιεί
3236 3787 3299 3839 τὸ
3340 3786 3709 3857 ζητούμενον,

2126 3882 2270 3953 ἥπερ
2294 3883 2328 3951 ὴ
2353 3880 2583 3935 καθόλου
2608 3880 2768 3935 οὐσία
2800 3880 2935 3951 (54)’
2968 3883 2996 3934 6
3029 3881 3137 3949 γὰρ
3168 3878 3339 3934 εἰπὼν
3372 3881 3671 3950 Σωκράτην
3691 3918 3709 3945 ,

2125 3973 2379 4045 ἐπίδηλον
2424 3973 2625 4044 μᾶλλον
2672 3973 2896 4045 ἐποίησε
2933 3973 3025 4026 τὸν
3060 3976 3118 4027 ὲν
3171 3973 3424 4044 Ἀθήναις
3463 3974 3512 4026 εἰ
3554 3973 3710 4043 τύχοι

2125 4064 2417 4135 φιλόσοφον
2442 4063 2595 4135 παρὰ
2621 4064 2713 4117 τὸν
2749 4063 2974 4118 εἰπόντα
2994 4105 3008 4127 ,
3041 4064 3123 4116 ὅτι
3153 4063 3439 4133 ἄνθρωπος
3468 4063 3501 4133 ἢ
3533 4063 3672 4127 ζῶον
3690 4079 3706 4093 ο

2125 4156 2219 4209 καὶ
2268 4157 2298 4208 6
2344 4153 2513 4207 εἰπὼν
2551 4152 2644 4208 τὸν
2692 4152 3037 4223 Βουκέφαλον
3083 4152 3285 4222 μᾶλλον
3327 4152 3566 4223 ἐδήλωσε
3615 4151 3711 4205 τὸν

2138 4244 2489 4315 Ἀλεξάνδρου
2545 4246 2714 4299 ἵππον
2767 4245 2801 4316 ἣ
2849 4246 2879 4298 6
2919 4244 3092 4297 εἰπὼν
3133 4244 3216 4297 ὅτι
3248 4244 3415 4306 ῐππος
3449 4243 3483 4315 ἢ
3530 4243 3668 4308 ζῶον
3691 4260 3707 4275 ο

2123 4336 2387 4400 ὡσαύτως
2414 4336 2472 4390 δὲ
2502 4335 2599 4390 καὶ
2625 4337 2726 4406 τῆς
2751 4335 2981 4389 καθόλου
3016 4335 3207 4399 οὐσίας
3238 4337 3438 4406 μᾶλλον
3462 4336 3620 4389 οὐσία
3647 4334 3711 4388 τὸ

2125 4426 2264 4490 εἶδος
2299 4428 2396 4482 τοῦ
2442 4429 2655 4495 γένους,
2692 4428 2751 4481 ἓν
2801 4427 2900 4497 μὲν
2939 4427 3075 4481 διότι
3110 4428 3411 4497 ἐγγύτερόν
3454 4429 3569 4481 ἐστι
3609 4428 3709 4496 τῆς

436 4518 569 4587 mal,
625 4529 680 4575 et
733 4520 828 4583 oui
874 4520 1007 4585 dicit
1058 4520 1455 4594 Bucephalum,
1520 4526 1693 4596 magis
1739 4526 2019 4581 denotavit

2128 4523 2365 4593 μάλιστα
2403 4521 2593 4584 οὐσίας
2641 4520 2761 4593 ἦτοι
2801 4520 2902 4592 τῆς
2935 4520 3142 4592 ἀτόμου
3193 4520 3256 4574 τὸ
3284 4515 3423 4584 εἶδος
3456 4519 3611 4591 παρὰ
3642 4519 3705 4573 τὸ

1955 4668 2188 4726 ΝΟΤιΕ.

507 4781 694 4856 (55)ln
712 4781 882 4843 Mon.;
910 4782 1220 4856 proprietas
1245 4783 1505 4839 secunda.
1530 4784 1793 4856 Δεύτερον
1806 4786 1863 4839 δὲ
1890 4785 2021 4839 ἴδιον

433 4852 536 4924 τῆς
560 4852 1664 4943 οὐσίας.τδησυνωνύμωξὶκατηγρρείσθρι
1702 4852 1881 4943 ἀὐτὴν
1914 4856 2022 4943 τῶν

439 4924 685 4996 μερικῶν
712 4924 913 4977 οὐσιῶν
939 4941 953 4956 ο
995 4924 1152 4977 τοῦτο
1177 4925 1235 4978 δὲ
1288 4925 1350 4978 τὸ
1385 4924 1517 4979 ἴδιον
1564 4926 1689 4979 οὐτε
1747 4924 1894 5001 πάσῃ
1953 4929 2020 4998 τῇ

439 4994 596 5067 οὐσίᾳ
620 4993 874 5067 ἁρμόζει,
909 4991 1043 5067 οὔτε⁸
1073 4995 1211 5067 μόνῃ
1234 5011 1247 5025 ·
1285 4997 1380 5049 καὶ
1402 4994 1566 5067 ,πάσῃ
1594 4996 1694 5065 μὲν
1749 5000 1814 5067 τῇ
1866 4996 2024 5065 οὐσίᾳ

435 4993 596 5066 δδάίᾳ
620 4993 874 5064 ἁρμόζειν
909 4993 1035 5047 οὔτε
1073 4995 1247 5069 μόνῃ·
1285 4997 1380 5049 καὶ
1414 4994 1569 5117 πάστξ
1594 4996 1694 5065 μὲν
1749 5000 1814 5067 τῇ
1866 4993 2024 5065 δύσίᾷ

404 5110 407 5111 ,
437 5065 540 5144 οὐχ
571 5064 828 5144 ἁρμόζει,
861 5063 1063 5144 ἐπειδὴ
1095 5066 1153 5144 αἰ
1196 5066 1423 5144 μερικαὶ
1448 5066 1629 5144 efﬁat
1662 5067 2026 5144 οξῃκατηγο-

445 5135 665 5206 ροῦνται
698 5135 819 5189 κατ’
852 5135 1014 5206 ἄλλου
1045 5135 1210 5201 τινὸς,
1234 5135 1415 5206 πολλῷ
1441 5136 1641 5206 μᾶλλον
1671 5137 1793 5190 οὐδὲ
1853 5135 2024 5189 συνω-

441 5199 628 5273 νύμως
670 5199 1213 5316 κατηγορηθήσονται
1237 5219 1253 5236 ⁸
1277 5199 1399 5259 εἶτα
1434 5199 1553 5259 οὐδὲ
1588 5207 1725 5277 μόνῃ
1748 5210 1813 5277 τῇ
1842 5208 2020 5278 οὐσίᾳ,

442 5274 632 5316 ἒπσῑδδιι
672 5276 780 5316 (Enn
820 5276 901 5316 Γιτι
931 5278 1051 5316 enfa-
1079 5275 1361 5316 ηθισηῖιδσιτι
1392 5276 1695 5316 διητηῆηηῖρ·
1718 5278 1770 5316 ai
1805 5278 1912 5316 νᾶη
1936 5280 2025 5316 ἢεί..

441 5274 633 5345 ἐπειδὴ
672 5274 902 5347 ἁρμόζει
931 5274 1051 5339 ταῖς
1079 5275 1363 5330 οὐσιώδεσι
1392 5274 1912 5349 διαφοραῖςίαίγάρ
1936 5274 2022 5330 ού-

442 5343 657 5408 σιώδεις
716 5347 970 5416 διαφοραὶ
1026 5345 1355 5416 συνωνύμως
1411 5346 1846 5416 κατηγοροῦνται
1908 5347 2022 5399 τῶν

442 5415 686 5485 μερικῶν
714 5410 915 5486 οὐσιῶν
943 5433 956 5445 ο
998 5410 1111 5469 οἷον
1152 5417 1212 5469 τὸ
1242 5410 1481 5484 ’λογικὸν
1533 5410 1865 5486 συνωνύμως
1891 5434 2023 5475 κατ-

439 5488 724 5608 ηῐορεῖται
776 5485 868 5540 τοῦ
902 5486 1189 5549 Πλάτωνος
1220 5487 1254 5557 ἢ
1287 5488 1383 5540 τοῦ
1415 5488 1737 5556 Σωκράτους
1755 5485 1775 5517 ⁷ο
1802 5488 2019 5555 λέγεται

441 5569 478 5608 γ
521 5570 552 5608 ο
580 5558 673 5608 καὶ⁴
699 5555 847 5608 ἔστιν
875 5557 903 5608 ὃ
927 5573 987 5608 τε
1010 5557 1307 5608 Σωκράτης
1335 5558 1431 5608 καὶ
1460 5560 1487 5608 ὁ
1514 5557 1738 5608 Πλάτων
1768 5559 1984 5608 λογικός
2002 5575 2016 5589 ο

441 5555 556 5625 γὰρ
580 5558 673 5609 καὶ⁴
699 5555 847 5609 ἔστιν
875 5557 903 5609 ὃ
927 5573 987 5609 τε
1010 5555 1307 5627 Σωκράτης
1335 5558 1431 5611 καὶ
1460 5560 1487 5609 6
1514 5557 1738 5610 Πλάτων
1768 5559 1984 5627 λογικός

442 5624 645 5699 ὁμοίως
672 5626 754 5699 ,δὲ
782 5628 875 5699 καὶ
899 5626 989 5699 ἐπ).
1019 5627 1126 5679 τῶν
1148 5627 1343 5699 ἄλλων.
1380 5628 1544 5682 Arist.
1585 5627 1612 5699 §
1654 5629 1743 5693 15,
1774 5644 1830 5697 p.
1859 5628 1914 5685 4.
1950 5676 1967 5691 .

442 5625 645 5690 ὁμοίως
696 5626 754 5678 δὲ
782 5628 875 5679 καὶ
899 5626 989 5678 ἐπὶ
1019 5625 1343 5682 τῶνᾶλλων.
1380 5628 1544 5682 Arist.
1585 5627 1612 5699 §
1654 5629 1743 5693 15,
1774 5625 1914 5697 βλ.
1950 5676 1967 5691 .

472 5760 492 5767 Α
520 5694 634 5767 (54)
672 5694 725 5749 In
753 5698 895 5767 cod.
927 5697 1149 5767 Monac.
1178 5697 1217 5751 ί.
1266 5698 1334 5751 59
1361 5699 1416 5752 b.
1473 5710 1592 5765 post
1632 5700 1792 5753 verba
1856 5714 2019 5767 supra

446 5760 497 5838 (ﬁ
521 5763 576 5838 5,
602 5760 717 5838 nol.
750 5766 806 5837 ι)
835 5766 1068 5838 adducta
1113 5786 1126 5820 :
1162 5767 1231 5838 ,Ὀ
1277 5760 1564 5838 ἄνθρωπος
1623 5768 1825 5838 μᾶλλόν
1872 5760 2021 5820 ἐστιν

446 5834 605 5897 οὐσία
631 5836 719 5892 διά
748 5834 806 5889 τε
844 5834 907 5888 το
927 5837 1091 5907 ἐγγὺς
1123 5837 1351 5912 (ἔγγιον)
1380 5834 1523 5893 εἶναι
1546 5834 1645 5911 τῆς
1684 5837 1906 5912 πρώτης
1929 5840 1989 5897 οὐ

2123 4788 2244 4847 σίας
2270 4784 2365 4837 καὶ
2403 4781 2491 4835 διὰ
2520 4781 2580 4834 τὸ
2613 4781 2991 4853 φανερώτερον
3014 4784 3187 4836 ποιεῖν
3238 4782 3301 4836 τὸ
3334 4780 3666 4853 ζητούμενον
3689 4795 3703 4810 ⁶

2120 4854 2353 4933 ἐάν-γὰρ
2379 4854 2559 4933 ἐρωτᾷ
2595 4869 2688 4933 τις
2715 4852 3334 4933 ἄγνοῶνκπροκειμένου
3389 4853 3705 4933 άνθρώᾼπου,

2121 4925 2187 4977 Τί
2214 4921 2334 4978 ἐστι’
2349 4921 2507 4993 τοῦτο
2527 4921 2543 4989 ;
2564 4924 2708 4975 εἴποι
2730 4924 2787 4975 δέ
2815 4940 2900 4985 τις
2926 4921 3086 4988 ζῶον,
3108 4921 3264 4986 ἄλλος
3289 4924 3367 4983 δὲ.
3390 4924 3470 4976 ὅτι
3497 4921 3709 4993 ἄνθρω-

2124 5012 2227 5065 πος
2253 5033 2268 5057 ,
2324 4991 2539 5065 δείπὼν
2583 4994 2666 5045 ὅτι
2702 4993 3011 5065 ἄνθρωπος,
3049 4994 3430 5065 φανερώτερον
3466 4991 3705 5065 ,ἐποίησε

2124 5012 2227 5057 πος
2253 5033 2268 5057 ,
2324 5011 2539 5046 οειπων
2583 5011 2666 5045 οτι
2702 5011 2798 5047 ανυ
2842 5011 3011 5057 ωπος,
3049 5011 3430 5065 φανερωτερον
3480 5011 3704 5063 εποιησε

2124 5066 2184 5119 τὸ
2214 5064 2551 5135 ζητούμενον
2591 5011 2866 5135 παρὰτςν
2918 5065 3163 5127 εἰπόντα,
3216 5066 3298 5117 ὅτι
3344 5064 3704 5135 Ᾱζῶόνηέστι.

2130 5134 2242 5189 Καὶ
2286 5134 2449 5205 πάλιν
2475 5133 2570 5186 ἐὰν
2601 5133 2874 5205 προκῇται
2897 5135 3071 5205 καρέα
3122 5135 3181 5205 (l.
3215 5133 3417 5204 καρύα)
3450 5134 3481 5204 ἢ
3507 5133 3632 5187 ἄλλο
3655 5152 3707 5188 τι

2131 5205 2227 5258 καὶ
2274 5204 2583 5274 ὲρωτᾷτις,
2613 5204 2694 5258 ὅτι
2724 5204 2790 5256 Τί
2822 5208 2939 5259 ἐστι
2972 5204 3163 5269 motito;
3191 5205 3333 5258 είποι
3366 5206 3422 5258 δέ
3463 5222 3566 5269 τιτ,
3625 5206 3706 5258 ὅτι

2128 5273 2364 5345 δένδρον,
2398 5273 2555 5335 ἄλλος
2595 5274 2671 5357 δέ,
2711 5274 2792 5328 ὄτι
2844 5274 3025 5342 καρύα
3083 5276 3230 5328 ἐστὶν
3256 5314 3272 5337 ,
3327 5274 3708 5397 φανερώτεὲον

2132 5347 2355 5397 ἐποίησε
2402 5343 2463 5396 τὸ
2489 5343 2823 5397 ζητούμενον
2847 5361 2861 5373 ·
2897 5344 3013 5396 ἐστι
3048 5344 3105 5396 δὲ
3141 5347 3172 5397 ἡ
3207 5345 3303 5397 μὲν
3348 5362 3529 5397 καουα
3564 5341 3612 5396 εί
3647 5363 3705 5397 ος

2132 5341 2355 5416 εποίησε
2398 5343 2463 5416 ,τὸ
2489 5343 2861 5416 ζητούμενον·
2897 5341 3013 5416 ἐστι
3045 5344 3105 5416 δὲ
3133 5347 3173 5416 ,ἡ
3206 5345 3303 5413 μὲν
3341 5341 3529 5415 ’καρύα
3564 5341 3705 5407 εἶδος

2127 5416 2236 5470 τῶν
2279 5414 2420 5485 κατᾷ
2448 5414 2623 5485 μέρος
2653 5414 2900 5485 καρυῶν,
2943 5414 3005 5471 τὸ
3032 5415 3093 5485 δὲ
3125 5415 3337 5485 δένδρον
3370 5417 3527 5483 γένος
3550 5416 3667 5468 ἐστί
3688 5431 3703 5446 ⁸

2128 5485 2381 5557 φανερὸν.
2393 5483 2506 5557 [οῦν
2533 5483 2621 5557 θὸτι
2664 5485 2697 5553 ή
2741 5483 2896 5557 οὐσία
2923 5483 3057 5557 οὐκ]
3083 5483 3393 5556 ἐπιδέχεται
3413 5486 3474 5557 τὸ
3507 5485 3706 5557 μᾶλλον

2126 5551 2219 5609 καὶ
2258 5551 2320 5609 τὸ
2346 5551 2533 5627 ἦττον,
2568 5554 2663 5627 sap;
2687 5551 2781 5626 psi;
2813 5556 2881 5607 τὰ
2913 5551 3319 5627 καθολικώτερα
3355 5556 3488 5627 πρὸς
3509 5551 3588 5608 τὰ
3612 5574 3709 5626 με-

2126 5624 2398 5696 ρικώτερα
2432 5624 2749 5695 συγκρίνῃς,
2770 5624 3061 5679 ’τουτέστιν
3089 5627 3155 5680 ἂν
3187 5624 3263 5698 μῆ
3296 5628 3355 5679 τὸ
3387 5624 3542 5695 γένος
3573 5624 3708 5696 πρὸς

2123 5698 2183 5750 τὸ
2210 5693 2370 5760 εἰδος,
2399 5697 2432 5767 ἥ
2464 5696 2525 5749 τὸ
2557 5693 2699 5768 εἶδος
2724 5696 2862 5763 πρὸς
2891 5696 2959 5748 τὰ.
2992 5697 3189 5767 ἄτομα.
3223 5699 3390 5753 Arist.
3441 5713 3492 5751 c.
3528 5696 3580 5761 5,
3616 5698 3642 5768 ᾗ
3672 5700 3705 5749 6

2125 5783 2241 5836 seq.
2278 5737 2524 5835 p.”3.'—u-
2558 5764 2614 5819 In
2652 5737 2800 5822 Μοιί
2831 5737 3141 5837 sequuntur
3166 5772 3329 5827 verba
3377 5784 3538 5838 supra
3568 5737 3701 5839 ’ἓδὲῃ

2128 5850 2245 5895 not.
2287 5839 2319 5893 5
2348 5838 2602 5897 adducta.
