4072 6466
326 429 430 497 731

1266 437 1370 497 AD
1393 434 1993 500 AMPHILOCHIUM
2029 439 2377 513 QUIESTIO
2416 440 2732 504 CXXXIX.

3525 433 3631 496 752

324 553 505 618 γένος,
554 548 811 623 δεύτερον
841 552 900 607 δὲ
931 530 1019 607 ὅτι
1048 551 1145 607 καὶ
1181 554 1209 609 6
1234 555 1409 610 εἰπὼν
1440 556 1501 609 :6
1528 551 1670 620 εἶδος
1719 557 1921 628 μᾶλλον

2029 558 2323 614 Alexandri
2354 574 2581 629 equum,
2616 574 2783 631 quam
2818 558 2913 631 qui
2943 556 3096 625 dicit,
3115 569 3242 613 eum
3267 566 3471 625 equum
3505 566 3630 608 esse

320 645 477 718 δηλοί
523 644 619 698 τὸν
661 645 963 716 Σωκράτην
1018 645 1052 717 ἢ
1101 647 1129 699 6
1179 646 1353 701 εἰπὼν
1395 648 1457 702 :6
1496 649 1688 719 γένος·
1738 652 1766 704 6
1813 651 1924 723 γὰρ

324 735 499 791 εἰπὼν
522 734 811 807 ἄνθρωπον
860 737 1061 807 μᾶλλον
1102 737 1372 811 ἐδήλωσεν
1399 740 1546 811 ἢπερ
1580 743 1608 795 6
1636 740 1808 796 εἰπὼν
1840 744 1922 798 ὅτι

325 829 495 896 ζῶον·
531 828 672 882 ὥστε
719 828 780 897 ἐξ
820 822 898 884 ὧν
952 830 1340 903 Ἀριστοτέλης
1390 833 1662 905 ἐπιχειρεῖ
1704 835 1922 890 δίδωσιν

325 925 460 995 ἡμῖν
490 923 817 995 συμϐαλεῖν,
852 925 929 989 ὡς
960 925 1162 997 μᾶλλον
1190 926 1381 982 οὐσίαν
1403 928 1565 983 καλεί
1587 929 1688 1001 τὴν
1715 931 1920 1001 μᾶλλον

324 1014 496 1070 οὖσαν
529 1015 930 1090 ὲξαγγελτικὴν
980 1018 1077 1073 καὶ
1114 1020 1522 1094 ἑρμηνευτικὴν
1564 1022 1659 1076 τοῦ
1695 1040 1921 1093 προκει-

326 1106 492 1175 μένου
533 1107 689 1177 παρά
726 1107 827 1179 τὴν
870 1108 1068 1172 ἐνδεῶς
1110 1110 1463 1181 πράττουσαν
1493 1111 1684 1166 τοῦτο’
1713 1112 1833 1177 πῶς
1856 1112 1923 1180 ,δὲ

320 1196 385 1251 :6
429 1196 633 1267 μᾶλλον
669 1199 1073 1271 ἑρμηνευτικὸν
1102 1201 1199 1255 καὶ
1243 1201 1632 1272 ὲξαγγελτικδν
1660 1201 1756 1256 τοῦ
1787 1221 1923 1274 προσ

324 1290 584 1357 κειμένου
615 1290 649 1362 ἢ
675 1291 814 1354 ὅλως
843 1292 1004 1346 οὐσία
1039 1292 1266 1347 δύναται
1297 1295 1621 1367 ἐννοηθῆναι
1649 1294 1683 1367 ἢ
1717 1295 1923 1367 μᾶλλον

321 1381 513 1450 οὐσία,
549 1382 611 1436 οὐ
666 1384 763 1437 τοῦ
806 1385 1082 1456 παρόντος
1140 1388 1349 1441 σκοποῦ
1379 1386 1699 1459 διελέγχειν.
1763 1388 1927 1443 Ἀλλὰ

325 1470 460 1543 περὶ
493 1470 594 1543 μὲν
623 1474 815 1537 οὐσίας
845 1475 983 1540 τέως
1011 1474 1107 1530 νῦν
1139 1477 1234 1531 ἐπὶ
1258 1477 1534 1533 τοσοῦτον.

2023 654 2108 709 vel
2143 654 2365 708 animal.
2404 653 2668 709 Similiter
2698 668 2940 725 quoque,
2968 650 3120 723 quod
3162 650 3231 705 ad
3265 646 3630 704 substantiam

2022 754 2233 817 spectat
2265 745 2656 811 univcrsalem,
2690 746 2867 820 magis
2920 743 3235 800 substantia
3279 750 3364 796 est
3417 737 3633 811 species

2017 854 2184 910 quam
2234 853 2429 910 genus,
2485 850 2599 893 tum
2659 839 2790 909 quia
2850 836 3070 906 propior
3120 845 3205 891 est
3242 833 3454 905 species
3492 830 3635 887 sub-

2023 931 2238 986 stantiae
2273 929 2753 1001 principalissima:
2784 927 2900 983 sive
2942 926 3256 991 individuze,
3314 939 3477 995 quam
3538 938 3633 993 ge-

2030 1040 2153 1091 nus,
2185 1032 2301 1079 tum
2334 1024 2461 1095 quia
2515 1023 2611 1093 qui
2674 1020 2912 1092 speciem
2963 1019 3098 1074 dicit
3148 1019 3322 1089 magis
3379 1018 3632 1089 designat

2031 1116 2337 1182 Socratem,
2365 1132 2531 1187 quam
2554 1114 2649 1187 qui
2670 1112 2801 1169 dicit
2824 1127 3017 1183 genus.
3046 1110 3153 1178 Qui
3177 1111 3326 1165 enim
3345 1108 3625 1164 hominem

2032 1208 2169 1264 dicit
2201 1210 2377 1280 magis
2398 1208 2671 1279 designat,
2706 1221 2873 1279 quam
2902 1204 2998 1276 qui
3031 1203 3168 1260 dicit
3197 1202 3421 1259 animal.
3474 1201 3629 1257 Unde

2026 1314 2093 1355 ex
2124 1299 2194 1356 iis
2225 1315 2348 1371 quae
2389 1307 2805 1371 argumentatur
2862 1296 3190 1353 Aristoteles
3252 1294 3626 1365 colligendum

2026 1390 2189 1447 nobis
2227 1391 2449 1461 praebet,
2482 1390 2631 1461 quod
2672 1390 2848 1461 magis
2875 1388 3245 1446 substantiam
3291 1386 3426 1442 dicit
3484 1400 3629 1449 eam,

2028 1495 2153 1550 qua:
2186 1481 2361 1551 magis
2386 1482 2638 1536 enuntiat
2671 1489 2725 1537 et
2771 1481 3013 1552 explicat
3042 1479 3096 1535 id
3124 1480 3193 1535 de
3250 1492 3363 1549 quo
3423 1476 3627 1562 agitur.

324 1582 493 1637 quam
518 1568 649 1634 alia,
683 1584 807 1641 quae
838 1571 893 1627 id
920 1572 1106 1628 minus
1134 1572 1293 1643 plene
1321 1582 1570 1645 praestat.
1622 1573 1916 1641 Quomodo
1989 1590 2122 1631 vero
2186 1575 2335 1647 quod
2386 1577 2563 1649 magis
2614 1576 2853 1647 explicat
2906 1584 2962 1631 et
2989 1574 3243 1631 enuntiat
3272 1573 3327 1629 id
3393 1571 3460 1629 de
3520 1588 3633 1642 quo

323 1664 613 1733 quazritur,
636 1666 721 1720 vel
758 1668 988 1722 omnino
1040 1669 1348 1726 substantia
1410 1670 1497 1725 vel
1548 1670 1721 1742 magis
1784 1670 2098 1727 substantia
2120 1672 2349 1742 cogitari
2374 1681 2562 1744 queat,
2614 1687 2725 1727 non
2793 1671 2848 1726 in
2915 1668 3205 1741 prmsentia
3277 1672 3633 1740 perscrutan—

323 1756 455 1811 dum
500 1757 918 1826 proposuimus.
982 1757 1186 1815 Verum
1247 1760 1316 1817 de
1361 1761 1672 1819 substantia
1728 1761 2016 1819 hactenus.

847 1871 1185 1926 ΕΡΩΤΗΣΙΣ
1223 1871 1394 1928 ΡΔΘ’.

917 1965 1059 2033 Περὶ
1099 1965 1318 2021 ποσοῦ.

2346 1872 2679 1943 QUA‘ISTIO
2711 1872 2984 1931 CXXXIX
3008 1872 3269 1947 [CLXXV
3281 1872 3321 1945 .]

2600 1966 2679 2022 De
2736 1968 3059 2037 quantitate.

1386 2086 1536 2139 Nunc
1551 2089 1766 2150 primum
1792 2086 1928 2137 edita
1957 2095 1985 2131 a
2029 2083 2093 2135 D.
2118 2084 2551 2149 Hergenroether.

393 2199 466 2252 α’.
512 2192 688 2250 ῐΙοσόν
736 2193 891 2257 ἔστι,
942 2190 1067 2246 καθ’
1108 2191 1137 2246 ὃ
1170 2192 1284 2264 (55)
1332 2191 1444 2247 τῶν
1489 2192 1658 2247 δντων
1689 2193 1923 2247 ἕκαστον

2102 2190 2152 2246 1.
2195 2190 2475 2257 Quantum
2501 2197 2605 2255 est,
2638 2190 2945 2245 secundum
2975 2190 3123 2261 quod
3160 2204 3507 2261 unaquaeque
3539 2204 3628 2247 res

321 2287 673 2341 πεπόσωται·
719 2284 837 2357 εἴδη
870 2285 928 2338 δὲ
959 2285 1155 2340 τούτου
1187 2284 1561 2358 δύο,νσυνεχὲς
1598 2286 1695 2340 καὶ
1738 2284 1921 2356 διωρι-

325 2381 546 2451 σμένον.
605 2380 836 2451 Συνεχὲς
871 2380 969 2450 μὲν
1008 2374 1102 2434 οὖν
1133 2380 1251 2433 ἔστι
1305 2379 1507 2446 ποσὸν,
1540 2372 1603 2434 οὗ
1635 2379 1705 2433 τά
1754 2379 1922 2450 μόρια

321 2473 466 2543 πρός
505 2472 637 2527 τινα
676 2472 857 2526 κοινὸν
894 2472 1022 2542 ὅρον
1070 2472 1373 2538 συνάπτει,
1425 2472 1787 2543 διωρισμένον
1830 2472 1920 2537 δὲ,

319 2559 387 2618 οὗ
416 2563 487 2617 τὰ
516 2564 683 2635 μόρια
708 2564 849 2636 πρὸς
889 2562 1083 2617 οὐδένα
1114 2563 1291 2618 κοινὸν
1331 2564 1457 2636 ὅρον
1489 2565 1774 2617 συνάπτει.
1811 2563 1923 2617 Kal.

319 2656 614 2728 διαιρεῖται
648 2656 712 2709 τὸ
748 2656 847 2725 μὲν
881 2655 1243 2727 διωρισμένον
1272 2656 1353 2719 εἰς
1385 2654 1479 2709 δύο
1500 2693 1516 2720 ,
1563 2656 1643 2720 εἰς
1689 2654 1923 2726 ἀριθμὸν

318 2750 424 2803 καὶ
457 2750 537 2813 εἰς
568 2748 660 2802 τὸν
685 2749 1024 2820 προφορικὸν
1053 2747 1213 2817 λόγον
1246 2747 1397 2819 (56)·
1428 2746 1552 2801 οὐτε
1592 2747 1701 2819 γάρ
1731 2747 1760 2800 6
1794 2749 1923 2817 ἀρι-

318 2840 465 2912 θμός
505 2841 622 2894 ἔστι
672 2841 942 2911 συνεχήςο
991 2840 1130 2911 πρὸς
1181 2838 1376 2894 οὐδένα
1422 2838 1531 2909 γὰρ
1576 2838 1756 2892 κοινὸν
1798 2837 1923 2909 ὅρον

314 2936 597 2990 συνάπτει
620 2934 691 2988 τὰ
721 2934 888 3006 μόρια
913 2933 1081 2987 αὐτοῦ
1108 2933 1224 3004 (57)
1248 2949 1262 2964 ο
1304 2932 1381 2998 ὡς
1408 2936 1436 2987 6
1459 2933 1576 3002 (58)
1596 2933 1730 2986 δέκα
1754 2946 1768 2961 ο
1797 2930 1924 2986 οὐτε

320 3028 442 3099 γὰρ
480 3029 619 3101 πρὸς
662 3027 871 3100 ἄλληλα
897 3025 1010 3097 (59)
1051 3027 1123 3081 :6
1152 3027 1316 3082 πέντε
1354 3026 1452 3081 καὶ
1480 3030 1547 3081 τὰ
1590 3026 1750 3080 πέντε
1782 3026 1815 3099 ἢ
1854 3025 1926 3080 τά

324 3122 460 3194 τρία
492 3122 632 3194 πρὸς
662 3121 776 3193 (60)
839 3120 910 3175 τὰ
960 3119 1105 3175 ἑπτὰ
1157 3120 1420 3173 συνάπτει
1475 3120 1612 3189 (61),
1650 3119 1768 3173 ἀλλ’
1814 3117 1923 3173 οὐδ’

326 3214 497 3270 ἄλλον
534 3214 681 3278 τινὸς
736 3211 1007 3285 ἀριθμοῦο
1066 3211 1270 3284 ὁμοίως
1312 3211 1371 3265 δὲ
1420 3211 1517 3265 καὶ
1569 3211 1680 3284 (62)
1737 3210 1859 3264 οὐδὲ
1895 3210 1925 3265 6

324 3307 492 3377 λόγος
521 3308 638 3361 ἐστὶ
670 3307 903 3377 συνεχής
926 3321 941 3337 ο
989 3303 1511 3375 ωταμετρούμενος
1542 3303 1652 3373 γὰρ
1686 3301 1923 3373 συλλαϐῇ

325 3397 567 3469 βραχείᾳ
588 3397 682 3452 καὶ
705 3398 896 3468 μακρᾷ
921 3395 1067 3468 πρὸς
1094 3394 1286 3449 οὐδένα
1310 3394 1489 3448 κοινὸν
1514 3395 1641 3466 ὅρον
1663 3394 1732 3448 :6
1761 3394 1925 3465 μόρια

320 3488 500 3545 αὐτοῦ
543 3488 655 3560 (65)
699 3488 984 3543 συνάπτει.
1015 3486 1091 3540 T6
1119 3486 1176 3539 δὲ
1208 3486 1430 3557 συνεχὲς
1463 3487 1545 3549 εἰς
1587 3485 1751 3538 πέντε
1786 3485 1925 3538 διαι-

2024 2284 2388 2353 quantitatem
2431 2284 2617 2339 habet.
2651 2282 2785 2354 Ejus
2838 2300 2970 2340 vero
3008 2285 3223 2355 species
3270 2284 3396 2340 duae
3430 2303 3445 2339 :
3496 2300 3627 2340 con-

2024 2377 2239 2431 tinuum
2271 2386 2326 2429 et
2352 2375 2687 2443 discretum;
2718 2376 3044 2430 continuum
3088 2376 3259 2447 igitur
3303 2385 3389 2432 est
3448 2392 3626 2447 quan-

2024 2479 2163 2532 tum.
2213 2469 2373 2539 cujus
2403 2477 2586 2539 partes
2613 2469 2849 2525 termino
2888 2469 3054 2525 alicui
3083 2470 3367 2524 communi
3416 2484 3626 2525 conne-

2026 2572 2249 2618 ctuntur
2273 2578 2289 2629 ;
2314 2562 2617 2619 discretum
2653 2578 2810 2627 vero,
2843 2562 3006 2633 cujus
3058 2574 3248 2633 partes
3292 2563 3445 2617 nullo
3472 2578 3628 2618 com-

2025 2657 2181 2712 muni
2210 2657 2449 2713 termino
2492 2659 2795 2713 cohaerent.
2830 2657 2909 2713 Ac
2938 2658 3240 2712 discretum
3300 2657 3525 2728 quidem
3567 2658 3624 2712 in

2025 2751 2137 2807 duo
2167 2751 2452 2818 dividitur,
2498 2753 2553 2807 in
2604 2766 2898 2806 numerum
2923 2760 2979 2807 et
3029 2751 3085 2806 in
3114 2751 3361 2806 vocalem
3410 2766 3628 2807 sermo-

2027 2859 2173 2899 nem.
2206 2841 2398 2913 Neque
2445 2844 2593 2899 enim
2641 2858 2913 2899 numerus
2953 2854 3041 2899 est
3098 2843 3443 2910 continuus;
3500 2844 3622 2913 ejns

2025 2939 2172 2994 enim
2210 2946 2393 3009 partes
2432 2938 2569 2993 nulli
2602 2937 2884 2993 communi
2917 2938 3158 2993 termino
3186 2945 3623 3003 connectuntur;

2025 3048 2078 3089 v.
2116 3049 2200 3105 gr.
2246 3033 2433 3089 decem
2497 3031 2700 3104 (neque
2753 3030 2901 3086 enim
2930 3030 2999 3086 ad
3058 3030 3291 3087 invicem
3348 3031 3629 3087 cohaerent

2027 3126 2269 3195 quinque
2299 3132 2353 3179 et
2403 3123 2649 3194 quinque
2697 3122 2784 3177 vel
2818 3122 2922 3176 tria
2970 3122 3039 3176 ad
3071 3123 3347 3193 septem);
3383 3123 3463 3178 sic
3521 3136 3628 3177 nec

2027 3216 2254 3272 alterius
2287 3215 2456 3272 ullius
2481 3214 2697 3270 numeri
2725 3221 2933 3284 partes.
2962 3211 3228 3267 Similiter
3247 3228 3422 3283 neque
3441 3226 3626 3267 sermo

2026 3322 2110 3366 est
2153 3308 2489 3375 continuus;
2518 3306 2779 3362 metimur
2807 3307 2953 3362 enim
2981 3320 3108 3360 eum
3146 3305 3354 3377 syllaba
3388 3304 3535 3360 brevi
3571 3312 3628 3359 et

2026 3403 2190 3474 longa
2213 3410 2268 3457 et
2297 3400 2419 3471 ejus
2456 3410 2641 3470 partes
2676 3398 2827 3453 nullo
2855 3399 3135 3452 cohaerent
3169 3394 3451 3452 communi
3508 3404 3625 3451 ter-

2030 3496 2202 3550 mino.
2233 3493 2568 3549 Continuum
2610 3507 2744 3548 vero
2780 3493 2834 3548 in
2866 3492 3119 3562 quinque
3174 3490 3384 3561 species
3427 3487 3625 3543 dividi-

323 3585 510 3655 ρεῖται
548 3581 665 3654 εἴδη
707 3579 847 3654 (64),
878 3578 1150 3651 γραμμὴν
1182 3577 1319 3651 (65),
1357 3579 1704 3647 ἐπιφάνειαν,
1733 3577 1924 3649 χρόνον

2033 3596 2143 3652 tur,
2181 3586 2405 3651 lineam,
2439 3583 2809 3656 superﬁciem,
2863 3594 3080 3655 tempus
3133 3592 3189 3638 et
3234 3583 3416 3637 locum
3468 3590 3524 3637 et
3569 3581 3625 3635 in

320 3675 432 3730 καὶ
457 3676 625 3728 τόπον
648 3674 742 3727 καὶ
766 3673 850 3737 εἰς
877 3670 1263 3743 μαθηματικὸν
1300 3667 1464 3739 σῶμα
1492 3667 1627 3739 (66)°
1662 3669 1925 3741 μαθημα-

318 3766 485 3820 τικδν
509 3764 568 3818 δέ
596 3766 713 3819 ἐστι
743 3763 904 3834 σῶμα
939 3762 1076 3834 (67),
1099 3753 1145 3830 ᾧ
1175 3762 1351 3833 μῆκος
1380 3761 1479 3831 μὲν
1510 3760 1608 3814 καὶ
1643 3759 1809 3831 βάθος
1834 3761 1929 3815 καὶ

322 3858 537 3923 πλάτος
569 3857 741 3925 ἔστιν,
781 3857 842 3910 οὐ
881 3855 1063 3927 μέντοι
1099 3871 1164 3923 γε
1194 3855 1307 3925 ἁφῇ
1341 3853 1438 3907 καὶ
1476 3852 1576 3925 θέᾳ
1602 3853 1925 3921 ὑποπίπτει,

321 3951 473 4007 ἀλλὰ
520 3950 597 4022 νῷ
635 3950 785 4021 μόνῳ
838 3949 1052 4018 πέφυκε
1097 3946 1341 4018 ληπτόν⁶
1382 3945 1618 4000 ἕκαστον
1657 3947 1768 4019 γὰρ
1810 3947 1925 4018 (68)

318 4043 540 4099 τούτων
585 4042 769 4098 κοινὸν
814 4041 943 4112 ερον
986 4040 1138 4111 ἔχει,
1169 4038 1307 4111 πρὸς
1353 4037 1414 4092 δν
1460 4038 1527 4092 :6
1560 4038 1727 4110 μόρια
1760 4040 1926 4095 αὐτοῦ

324 4138 626 4192 συνάπτει*
662 4138 696 4209 ἡ
730 4136 829 4207 μὲν
854 4134 966 4207 γὰρ
998 4134 1236 4205 γραμμὴ
1272 4133 1335 4186 :6
1376 4136 1603 4205 σημεῖον
1640 4134 1775 4205 (69),
1810 4135 1928 4207 ἠδὲ

321 4230 627 4300 ἐπιφάνεια.
655 4228 756 4298 τὴν
785 4224 1077 4297 γραμμὴν,
1098 4223 1157 4278 τὸ
1177 4223 1236 4278 δὲ
1261 4222 1423 4295 σῶμα
1446 4224 1546 4295 τὴν
1577 4226 1925 4295 ἐπιφάνειαν,

320 4326 359 4378 ὁ
389 4323 446 4378 δὲ
469 4322 657 4394 χρόνος
688 4320 749 4374 :6
772 4319 902 4380 νῦν
938 4318 1000 4372 :6
1030 4318 1139 4389 γὰρ
1167 4316 1264 4372 νῦν
1296 4316 1564 4371 συνάπτει
1586 4317 1725 4389 πρός
1748 4335 1809 4370 τε
1834 4316 1927 4371 τὸν

323 4414 747 4485 παρεληλυθότα
774 4413 871 4467 καὶ
906 4409 997 4465 τὸν
1037 4408 1332 4481 μέλλοντα·
1369 4409 1398 4461 ό
1425 4406 1483 4461 δὲ
1515 4407 1683 4472 τόπος
1719 4409 1927 4479 ὁμοίως

326 4507 568 4577 συνεχὴς
617 4504 693 4559 ὢν
720 4503 820 4576 τὴν
858 4502 1128 4575 γραμμὴν
1157 4500 1272 4572 ἔχει
1302 4499 1483 4554 κοινὸν
1526 4502 1653 4572 ὅρον
1673 4517 1688 4533 ο
1740 4502 1928 4573 σχεδὸν

323 4600 445 4671 γάρ
476 4599 674 4653 ταυτόν
714 4600 832 4652 ἐστι
860 4597 889 4651 ὅ
918 4613 980 4649 τε
1022 4594 1190 4657 τόπος
1238 4594 1336 4648 καὶ
1366 4594 1401 4663 ἠ
1434 4593 1728 4661 ἐπιφάνεια
1750 4611 1766 4628 ·
1807 4594 1926 4648 δια-

325 4689 494 4762 φέρει
544 4689 602 4743 δὲ
631 4690 714 4743 ὅτι
739 4688 839 4758 τὴν
884 4686 985 4759 μὲν
1014 4684 1343 4754 ἐπιφάνειαν
1370 4682 1473 4737 οὐκ
1501 4684 1717 4757 ᾁνάγκη
1766 4686 1927 4759 σῶμα

2031 3693 2231 3748 corpus
2257 3678 2735 3733 mathematicum.
2768 3675 2865 3732 Est
2905 3683 3090 3731 autem
3142 3689 3346 3744 corpus
3412 3674 3626 3727 mathe-

2032 3770 2314 3837 maticum,
2340 3770 2486 3841 quod
2511 3769 2931 3843 longitudinem,
2962 3766 3394 3839 profunditatem
3428 3778 3480 3820 et
3505 3765 3628 3820 lati-

2032 3863 2277 3918 tudinem
2312 3862 2502 3925 habet,
2534 3878 2645 3917 non
2698 3858 3033 3917 verotactui
3062 3868 3118 3916 et
3147 3857 3287 3913 visui
3310 3856 3623 3925 subjicitur,

2029 3970 2221 4009 verum
2286 3953 2402 4010 sola
2458 3961 2641 4008 mente
2691 3952 2899 4023 percipi
2953 3958 3153 4021 potest.
3206 3947 3415 4003 Horum
3451 3962 3624 4001 unum

2030 4046 2288 4117 quodque
2320 4059 2674 4100 communem
2701 4043 2868 4098 habet
2920 4043 3240 4105 terminum,
3287 4054 3401 4109 quo
3439 4047 3624 4109 partes

2031 4138 2207 4209 ipsius
2232 4137 2557 4201 cohaerent;
2594 4135 2738 4191 linea
2787 4132 3046 4188 videlicet
3075 4140 3365 4202 punctum,
3396 4128 3627 4198 superﬁ-

2030 4229 2143 4284 cies
2172 4228 2397 4290 lineam,
2426 4241 2627 4296 corpus
2678 4223 3053 4295 superﬁciem,
3110 4231 3325 4291 tempus
3378 4233 3625 4290 praesens

2031 4327 2408 4385 momentum;
2460 4331 2702 4388 praesens
2757 4314 2906 4369 enim
2957 4323 3173 4384 tempus
3219 4311 3459 4366 cohaeret
3496 4324 3625 4364 cum

2029 4411 2307 4483 praeterito
2335 4419 2391 4466 et
2420 4409 2627 4464 futuro.
2666 4407 2844 4463 Locus
2870 4421 3026 4472 vero,
3076 4405 3171 4474 qui
3205 4402 3461 4459 similiter
3486 4417 3625 4457 con-

2031 4505 2219 4559 tinuus
2246 4511 2351 4568 est,
2408 4503 2607 4557 lineam
2664 4501 2826 4555 habet
2882 4514 3233 4555 communem
3290 4497 3620 4562 terminum;

2031 4595 2144 4650 fere
2170 4594 2319 4649 enim
2356 4594 2499 4649 idem
2546 4602 2676 4649 sunt
2729 4602 2845 4648 turn
2897 4592 3054 4647 locus
3095 4597 3212 4644 tum
3262 4590 3620 4659 Super-ﬁnies;

2029 4686 2293 4751 diﬁ‘erunt
2322 4695 2530 4749 autem,
2560 4686 2691 4755 quia
2738 4682 3089 4755 superﬁciem
3150 4680 3373 4752 quidem
3418 4695 3623 4750 corpus

324 4782 566 4857 φυσικὸν
592 4781 902 4855 περιέχειν,
925 4778 1017 4834 τὸν
1042 4777 1101 4833 δὲ
1126 4777 1292 4832 τόπον
1322 4776 1541 4848 ἀνάγκη
1572 4776 1686 4850 (70)
1713 4795 1726 4810 ·
1760 4780 1818 4848 ἐξ
1848 4799 1924 4837 ων

2032 4780 2317 4853 physicum
2337 4779 2481 4833 haud
2523 4793 2751 4834 necesse
2805 4786 2890 4833 est
2927 4775 3237 4839 continere,
3271 4773 3455 4829 locum
3490 4788 3623 4828 ver—0

1864 4896 2095 4957 ΝΟΤιΕ.

403 4997 519 5072 (55)
553 4996 933 5072 Cod._Mon._f.
957 4997 1042 5072 “27
1069 5013 1128 5072 ἓ.
1159 4991 1413 5072 adundat;
1454 4990 1585 5072 περὶ
1618 4995 1810 5051 ποσοῦ.
1846 4998 1915 5072 Π.

326 5071 396 5142 ὲζ
412 5061 765 5142 Κατηγορία,
801 5069 922 5142 καθξ
949 5068 1143 5142 ἤπυε
1188 5069 1277 5124 his
1306 5061 1419 5133 agit
1466 5061 1694 5122 Aristot.
1752 5083 1803 5124 c.
1863 5068 1917 5124 6.

333 5138 420 5194 (Ο.
450 5140 505 5203 4,
528 5137 662 5209 p16
679 5141 769 5197 ed.
800 5137 983 5195 Paris;
1010 5137 1130 5207 cit.)

410 5209 719 5287 (56)Aris_t_.
747 5212 1073 5287 simpliciter
1106 5209 1273 5287 habe}
1321 5215 1500 5287 λόγον,
1564 5226 1727 5287 quem
1786 5226 1921 5268 vero

328 5279 531 5359 deinde
554 5298 624 5359 ει
635 5283 797 5352 plicat
822 5282 918 5359 _:6_v
945 5284 1085 5353 μετὰ
1112 5282 1296 5359 φωνῆς
1342 5279 1649 5359 γινόμενόν.

407 5350 521 5425 (57)
553 5350 699 5425 Mori.
742 5353 836 5423 qui
872 5350 991 5411 haic
1033 5350 1375 5416 verbotenus
1406 5350 1627 5415 reddit:
1679 5352 1761 5408 Τὰ
1822 5354 1920 5425 μό-

326 5422 620 5495 ριαμαύτοῦ
654 5422 938 5482 συνάπτει.

402 5492 519 5564 (58)
550 5494 694 5550 Μοη.
722 5495 839 5550 τοῦ.

424 5565 718 5644 59)__Mon.
759 5566 900 5644 0§:e
925 5570 1033 5644 γὰρ
1073 5571 1143 5626 τὰ
1200 5571 1368 5644 μόρια
1418 5570 1601 5627 αὐτῶν
1657 5569 1922 5625 συνάπτει

319 5632 481 5709 οπρρςγ
497 5632 731 5709 ἄλληλα,
770 5632 882 5695 οἷον
908 5632 980 5696 :6
1004 5632 1087 5698 ’π.

397 5704 515 5846 (60)
548 5704 696 5763 Μόη.
720 5704 859 5765 Καί.

425 5778 514 5846 61)
539 5776 665 5832 Vat.
698 5780 859 5836 Συνάι

425 5778 514 5856 6l_)
539 5776 665 5832 Vat.
692 5780 1060 5856 ’Συνάπτεταμ
1097 5784 1381 5856 sequentia
1411 5784 1528 5840 ἀλλ’
1571 5783 1682 5841 οὐδ.
1757 5786 1811 5842 ἄ.
1863 5803 1912 5841 τ.

323 5850 422 5921 ἀρ.
457 5848 660 5921 desunt
692 5851 743 5904 in
771 5851 916 5911 Mon.

403 5920 517 5987 (6‘2)
555 5921 650 5975 καί
681 5921 832 5981 dccst
859 5926 911 5980 in
941 5925 1085 5983 Mon.

2100 4996 2216 5068 (65)
2245 4994 2413 5051 αὐτοῦ
2447 4996 2517 5068 :6
2551 4995 2719 5068 μόρια
2748 4994 2897 5068 Mor}1

2096 5060 2210 5139 (64)
2240 5068 2410 5139 διαιρ.
2439 5060 2589 5139 εῐδηί
2614 5060 2793 5123 ὁηιίιι.
2850 5064 3036 5131 Mon.;
3068 5060 3219 5118 addit
3253 5076 3383 5124 vero
3411 5066 3500 5131 εἰς
3526 5082 3616 5135 γρ.

2118 5137 2210 5207 65)
2250 5137 2396 5192 Mori.
2423 5137 2521 5191 καὶ
2544 5137 2627 5202 εἰς
2658 5140 2817 5206 ἐπιφέ

2118 5142 2210 5207 65)
2250 5142 2396 5192 Mon.
2423 5142 2521 5191 καὶ
2544 5142 2627 5202 εἰς
2658 5142 2817 5206 ὲπιφι

2424 5208 2520 5262 καὶ
2542 5210 2624 5273 εἰς
2660 5208 2823 5278 σῶμα
2862 5207 2994 5280 μαθ.
3031 5210 3126 5262 καὶ
3166 5210 3247 5274 εἰς
3282 5210 3476 5282 χρόνον
3522 5209 3620 5261 καὶ

2021 5297 2103 5334 εις
2130 5297 2317 5334 τοπον.

2076 5298 2388 5423 ςῶζῖῑῖἴδη.
2412 5349 2579 5423 σῶμά
2602 5350 2752 5404 ἐστιν
2784 5351 2848 5405 :6
2886 5350 3067 5423 μῆκος
3116 5350 3212 5423 καὶ
3271 5350 3497 5423 πλάτος,
3520 5351 3617 5404 καὶ

2026 5422 2189 5493 βάθος
2224 5421 2366 5491 ἔχον,
2403 5422 2479 5493 μὴ
2500 5421 2699 5493 μέντοι
2729 5424 2795 5493 τῇ
2830 5421 2967 5477 άξκ.
3016 5422 3068 5477 θ,
3110 5421 3444 5485 ὑποπίπτον,
3477 5422 3617 5477 ἀλλὰ

2023 5491 2101 5565 νῷ
2135 5493 2281 5617 μόνῖ
2314 5491 2669 5565 περιληπτόν.

2101 5564 2213 5617 (68)
2278 5562 2396 5617 1οη.
2427 5559 2539 5617 οὖν.

2101 5559 2213 5633 (63)
2248 5559 2402 5619 Μοηξ
2427 5559 2539 5619 οὖν.

2095 5633 2208 5707 (60)
2237 5633 2408 5707 A_rist.
2441 5638 2701 5707 στιγμήν.

2095 5704 2209 5777 (70)
2239 5704 2750 5777 [lucusqueeadem
2780 5705 2846 5762 ad
2891 5707 3116 5763 verbum
3150 5706 3313 5761 habet
3342 5706 3462 5777 cod.
3494 5705 3611 5759 Mo-

2024 5776 2200 5850 nac};
2220 5776 2478 5850 sequitur
2515 5778 2587 5833 ibi
2646 5778 2839 5836 deinde
2867 5796 2880 5833 :
2914 5780 3008 5842 καὶ
3039 5780 3067 5833 6
3095 5778 3329 5841 :61:o;...
3356 5776 3417 5850 [I'.
3447 5795 3615 5846 φανε-

2026 5847 2139 5921 ρδν]
2165 5847 2248 5901 ὅτι
2292 5847 2541 5918 συνεχής.
