4110 6456
438 383 547 447 783

1603 383 1868 445 ΡΗΟΤΙῐ
1895 386 2403 449 ΡΑΤΒΙΑΠΟΗΕ
2442 389 2551 449 CP.

3613 389 3729 454 784

441 497 572 551 illud
604 493 955 551 circumdare
987 506 1211 550 necesse
1251 501 1336 549 est
1365 510 1379 561 ;
1427 510 1495 549 ex
1527 508 1593 550 eo
1634 504 1845 563 autem,
1875 499 2025 569 quod

2156 502 2185 555 ιὲ
2217 500 2467 573 περιέχει
2498 498 2729 570 φυσικὸν
2768 498 2954 571 σῶμα,
2992 497 3153 571 δῆλον
3190 498 3272 553 ὅτι
3300 499 3532 571 συνεχής
3563 501 3681 553 ἐστι
3706 514 3724 532 ο

440 588 728 661 physicum
756 603 959 659 corpus
985 586 1231 643 continet
1294 602 1360 643 ac
1411 588 1742 656 circumdat,
1809 601 2039 663 apparet

441 680 768 735 continuum
813 695 938 735 eum
973 694 1121 736 esse.
1186 680 1245 736 Si
1271 680 1420 736 enim
1478 696 1681 752 corpus
1723 692 1809 739 est
1858 686 2039 740 conti-

442 788 636 835 nuum,
694 773 849 828 locus
890 787 1023 828 vero
1080 786 1282 843 corpus
1332 773 1641 829 circumdat
1680 783 1734 829 et
1779 777 1948 833 veluti
1987 777 2040 833 ei

443 873 590 919 totus
627 864 920 935 adaptatur
944 864 1067 930 toti,
1098 864 1285 919 locum
1313 879 1535 937 quoque
1560 867 1889 924 continuum
1914 884 2040 926 esse

440 955 728 1011 evidenter
765 956 1148 1027 consequitur.

509 1050 564 1105 2.
607 1048 815 1104 llorum
848 1064 1001 1115 vero,
1033 1065 1158 1121 qua:
1195 1050 1455 1120 praedicta
1484 1060 1633 1118 sunt,
1666 1052 1773 1108 alia
1803 1052 2037 1123 positio—

444 1160 569 1201 nem
609 1145 823 1218 (situm)
876 1144 1101 1212 habent,
1157 1145 1266 1201 alia
1300 1161 1411 1200 non
1433 1146 1654 1202 habent.
1678 1144 1799 1201 Non
1834 1147 2040 1203 habent

447 1251 563 1293 tum
588 1253 872 1302 numerus,
915 1244 1029 1292 tum
1069 1250 1275 1304 sermo,
1306 1245 1423 1293 tum
1462 1247 1699 1308 tempus.
1724 1236 1879 1305 Quod
1904 1238 2031 1310 qui-

446 1330 568 1386 dem
604 1338 813 1400 spectat
835 1330 901 1384 ad
931 1344 1245 1395 numerum,
1278 1329 1323 1385 is
1344 1336 1532 1400 utpote
1550 1331 1829 1398 augmenti
1864 1346 2039 1401 usque

451 1422 505 1475 in
536 1420 813 1475 inﬁnitum
843 1434 1043 1490 capax,
1077 1420 1243 1475 simul
1272 1421 1589 1479 subsistere
1619 1422 1844 1492 nequit;
1911 1439 2038 1478 cum

449 1528 581 1568 vero
625 1528 735 1568 non
795 1512 1065 1568 subsistat
1101 1513 1290 1580 simul,
1352 1529 1528 1584 neque
1597 1514 1763 1569 situm
1796 1514 2038 1584 aliquem

455 1605 654 1661 habere
706 1614 909 1676 potest.
969 1604 1212 1675 Tempus
1254 1613 1465 1671 autem,
1515 1620 1642 1661 cum
1678 1608 1730 1659 in
1795 1621 1864 1661 eo
1892 1608 2040 1678 quod

449 1715 595 1755 nunc
638 1699 731 1753 ﬁat
746 1698 1124 1754 exsistentiam
1159 1698 1359 1753 habeat
1385 1707 1570 1753 etnon
1600 1699 1842 1754 totaliter
1874 1700 2041 1756 simul

447 1793 733 1871 subsistat,
786 1791 1043 1848 similiter
1089 1791 1255 1848 situm
1302 1792 1539 1862 aliquem
1573 1791 1775 1849 habere
1824 1793 2035 1864 nequit.

2142 596 2192 649 ei
2220 594 2330 665 γάρ
2377 596 2493 647 ἐστι
2531 592 2593 647 τὺ
2622 591 2781 664 σῶμα
2817 591 3063 663 συνεχὲς,
3109 592 3139 644 6
3162 591 3222 646 δὲ
3267 592 3430 657 τόπος
3474 593 3537 646 τὸ
3567 594 3727 664 σῶμα

2139 688 2389 758 περιέχει
2417 686 2513 741 καὶ⁵
2552 680 2665 740 οἷον
2694 683 2844 757 αὑτῷ
2873 684 3110 739 καθόλου
3147 686 3285 751 ὅλως
3316 686 3690 759 ὲφαρμόζεται
3709 727 3728 754 ,

2141 779 2236 834 καὶ
2265 780 2429 845 τόπος
2455 778 2563 850 ἄρα
2597 778 2839 851 δηλονότι
2873 779 3109 850 συνεχής
3135 779 3276 835 ἐστι.

2217 1040 2283 1113 β’.
2309 1039 2533 1096 Τούτων
2556 1041 2613 1095 δὲ
2636 1043 2745 1096 τῶν
2772 1043 3080 1116 εἰρημένων
3106 1041 3176 1098 τὰ
3203 1044 3305 1115 μὲν
3326 1043 3478 1099 θέσιν
3498 1044 3634 1117 ἔχει,
3657 1046 3730 1101 τὰ

2139 1134 2184 1189 δ’
2214 1135 2315 1189 οὐκ
2350 1136 2466 1205 ἔχει
2497 1133 2645 1207 (71)·
2676 1135 2778 1189 οὑκ
2810 1135 2925 1207 ἔχει
2965 1136 3064 1206 μὲν
3097 1138 3127 1191 ὅ
3176 1154 3236 1191 τε
3281 1137 3518 1209 ἀριθμὸς
3563 1141 3658 1194 κα)⁸
3699 1141 3730 1193 6

2141 1225 2301 1296 λόγος
2328 1228 2423 1281 καὶ
2455 1228 2484 1280 6
2515 1226 2706 1298 χρόνος
2730 1227 2865 1298 (72)⁶
2888 1228 3003 1282 ἀλλ’
3033 1229 3063 1282 ό
3093 1229 3197 1302 μὲν
3230 1230 3489 1303 ἀριθμὸς,
3519 1231 3604 1285 ὅτι
3638 1232 3728 1285 ἐπ’

2142 1318 2371 1391 ἄπειρον
2407 1316 2546 1389 ἔχων
2567 1316 2666 1391 τὴν
2705 1315 2959 1391 αὔξησιν,
2991 1320 3111 1392 ἅμα
3149 1322 3451 1395 ὑποστῆναι
3479 1323 3541 1377 οὑ
3571 1324 3732 1381 66w—

2142 1427 2252 1465 ται·
2280 1412 2397 1483 ἅμα
2418 1411 2477 1466 δὲ
2500 1412 2576 1484 μὴ
2601 1412 2851 1483 ὑφεστὼς
2871 1412 2985 1486 (75)
3006 1414 3130 1468 οὐδὲ
3180 1414 3334 1470 θέσιν
3358 1417 3482 1473 τινὰ
3505 1416 3733 1471 δύναται

2142 1503 2307 1575 ἔχειν·
2339 1506 2368 1558 6
2398 1504 2592 1576 χρόνος
2615 1504 2673 1557 δὲ
2694 1507 2751 1558 ὲν
2782 1504 2859 1577 τῷ
2892 1506 3146 1575 γενέσθαι
3178 1506 3323 1581 [νῦν]
3356 1507 3470 1579 (74)
3498 1510 3562 1564 1:6
3591 1505 3736 1565 εἶναι

2142 1594 2284 1667 έχων
2312 1594 2408 1650 καὶ
2433 1594 2510 1667 μὴ
2533 1595 2670 1659 ὅλως
2702 1594 2816 1669 (75)
2842 1596 2959 1668 ἅμα
2982 1597 3235 1669 ὑφεστὼς
3257 1599 3524 1664 ὡσαύτως
3547 1601 3611 1654 οὑ
3642 1600 3737 1656 δύ-

2143 1703 2301 1742 ναται
2334 1685 2485 1739 θέσιν
2511 1688 2633 1743 τινὰ
2664 1684 2827 1759 ἔχειν·
2860 1687 3124 1754 ὡσαύτως
3151 1689 3263 1762 (76)
3299 1690 3356 1745 δὲ
3387 1691 3508 1746 οὐδὲ
3531 1694 3560 1747 6
3580 1693 3739 1762 λόγος

2144 1779 2368 1835 δύναται
2405 1779 2557 1833 θέσιν
2582 1780 2707 1835 τινὰ
2730 1779 2897 1852 ἔχειν’
2932 1781 3152 1855 εἴρηται
3179 1784 3290 1856 γὰρ
3317 1784 3413 1838 καὶ
3434 1786 3538 1840 οὑκ
3563 1785 3733 1843 ἐστιν.

451 1880 652 1937 Eodem
709 1880 875 1935 modo
927 1894 1029 1935 nec
1078 1880 1484 1936 sermo'situm
1551 1881 1792 1951 aliquem
1854 1890 2035 1952 potest

2156 1872 2217 1927 Ἠ
2238 1873 2296 1927 δὲ
2317 1872 2558 1944 γραμμὴ
2580 1877 2677 1926 καὶ
2698 1872 2730 1925 6
2751 1872 2919 1938 τόπος
2946 1874 3041 1928 καὶ
3062 1876 3099 1946 ἡ
3126 1876 3419 1946 ἐπιφάνεια
3443 1879 3592 1932 θέσιν
3615 1879 3743 1934 τινὰ

451 1973 682 2038 habere;
735 1972 917 2028 dictus
957 1972 1104 2027 enim
1153 1982 1238 2029 est
1278 1980 1335 2028 et
1384 1986 1494 2027 non
1525 1972 1764 2043 amplius
1790 1971 2035 2028 exsistit.

453 2067 561 2122 Sed
626 2066 769 2123 linea
831 2075 887 2122 et
930 2067 1088 2122 locus
1140 2074 1195 2122 et
1236 2064 1559 2136 superﬁcies
1598 2065 1765 2121 situm
1795 2064 2039 2136 aliquem

454 2162 691 2229 habent;
746 2162 943 2219 horum
995 2160 1143 2216 enim
1174 2160 1605 2231 unumquodque
1634 2168 1689 2216 et
1725 2159 2039 2217 subsisten-

2145 1966 2382 2038 ἔχουσιν·
2416 1964 2649 2019 ἕκαστον
2676 1963 2787 2035 γὰρ
2815 1964 3026 2020 τούτων
3056 1967 3168 2038 (77)
3202 1968 3299 2022 καὶ
3330 1969 3609 2040 ὑφέστηκε
3644 1972 3741 2026 καὶ

2147 2057 2328 2114 κεῖταί
2352 2073 2457 2112 που
2488 2056 2622 2129 (78"
2656 2056 2913 2128 κείμενον
2940 2058 2998 2112 δὲ
3018 2058 3264 2131 δηλονότι
3291 2061 3403 2135 (79)
3434 2062 3587 2118 θέσιν
3621 2065 3745 2119 τινὰ

2148 2155 2287 2231 ἔχει.

456 2258 587 2313 riam
622 2258 785 2314 habet
814 2265 869 2313 et
896 2256 1099 2313 alicubi
1137 2259 1303 2315 situm
1350 2267 1467 2326 est;
1520 2272 1649 2315 cum
1702 2273 1837 2315 vero
1889 2257 2092 2315 alicubi
2150 2257 2316 2315 situm
2367 2257 2469 2325 sit,
2527 2256 2811 2316 evrdenter
2863 2272 3089 2332 quoque
3138 2255 3463 2329 positionem
3499 2256 3745 2327 aliquam

460 2346 641 2405 habet.

523 2442 580 2498 5.
612 2441 815 2497 Verum
836 2442 952 2499 haec
984 2456 1109 2513 quae
1137 2442 1281 2499 dicta
1299 2455 1451 2511 sunt,
1483 2445 1735 2501 videlicet
1761 2462 2043 2511 numerus,

454 2552 657 2601 sermo,
684 2535 858 2603 lucus,
927 2538 1095 2603 linea,
1150 2539 1491 2609 superﬁcies,
1556 2555 1781 2611 corpus,
1824 2540 2047 2611 proprie

458 2637 589 2683 sunt
633 2637 856 2698 quanta.
924 2629 981 2684 Si
1039 2644 1170 2685 vero
1223 2639 1279 2685 et
1309 2631 1415 2686 alia
1443 2632 1695 2701 quaedam
1727 2642 1934 2703 quanta
1967 2632 2046 2687 di-

456 2729 683 2786 cantur,
757 2736 868 2777 non
935 2723 1156 2793 proprie
1212 2723 1498 2793 dicuntur,
1558 2740 1750 2780 verum
1821 2735 2047 2797 propter

459 2815 739 2883 praedicta.
811 2815 991 2871 Veluti
1074 2817 1308 2873 multum
1396 2819 1631 2874 dicimus
1691 2819 1879 2874 album
1967 2820 2049 2875 vel

462 2908 698 2979 nigrum,
749 2909 878 2979 quia
938 2910 1259 2979 superﬁcies
1301 2920 1394 2967 est
1429 2912 1642 2981 ampla;
1686 2922 1739 2967 et
1779 2913 2051 2967 actionem

461 3001 701 3071 longam,
762 3001 891 3071 quia
946 3009 1161 3071 tempus
1216 3002 1446 3074 longum
1494 3012 1601 3068 est,
1664 3004 1718 3058 in
1780 3020 1891 3074 quo
1932 3004 2051 3075 ipsa

461 3092 845 3161 peragebatur.
897 3091 965 3149 Et
1019 3094 1212 3149 eodem
1255 3095 1420 3150 modo
1458 3094 1529 3151 de
1580 3095 1811 3166 reliquis
1850 3105 1936 3151 est
1964 3096 2053 3151 di-

462 3184 721 3238 cendum.

532 3271 589 3328 4.
642 3271 817 3328 Habet
853 3283 1037 3329 autem
1072 3282 1340 3346 quantum
1374 3276 1738 3345 proprietates
1786 3285 2048 3346 quatuor.

462 3365 543 3420 Ac
599 3363 781 3433 primo
840 3366 1061 3436 quidem
1113 3368 1260 3437 quod
1319 3375 1695 3423 mensuratur.
1755 3366 1881 3423 llaec
1926 3384 2056 3440 pro-

469 3458 674 3528 prietas
728 3462 879 3515 omni
930 3472 984 3517 et
1043 3463 1148 3519 soli
1188 3470 1398 3533 quanto
1440 3464 1719 3518 convenit.
1772 3463 2051 3531 Secundo,

466 3551 615 3619 quod
647 3550 783 3606 nihil
812 3552 975 3609 habet
992 3555 1353 3610 contrarium.
1420 3552 1551 3610 Haec
1582 3571 1714 3610 vero
1742 3556 2055 3626 proprietas

467 3655 581 3695 non
610 3642 784 3697 solius
804 3653 889 3699 εει
910 3645 1136 3713 quanti;
1168 3645 1371 3700 dictum
1412 3645 1559 3701 enim
1590 3655 1677 3702 est
1708 3646 1784 3717 (q.
1821 3647 2055 3717 praeced.

472 3732 581 3803 55.
616 3732 719 3805 β),
774 3734 827 3789 id
873 3744 929 3791 et
965 3736 1292 3794 substantia:
1321 3740 1638 3795 convenire.
1693 3739 1753 3797 Si
1784 3740 1912 3810 quis
1944 3740 2060 3795 exi-

468 3823 652 3878 stimet
710 3840 834 3881 esse
888 3827 1021 3897 quid
1049 3831 1384 3885 contrarium
1417 3841 1647 3901 quanto,
1701 3847 1964 3901 magnum
2004 3840 2060 3887 et

470 3931 697 3985 parvum
750 3919 900 3975 velut
941 3922 1220 3978 contraria
1273 3938 1507 3994 ponens,
1571 3925 1732 3991 sciat,
1794 3926 1910 3981 haec
1945 3941 2058 3981 non

470 4025 593 4065 esse
628 4019 862 4080 quanta,
917 4012 1016 4068 sed
1053 4014 1223 4070 relata
1257 4016 1326 4071 ad
1364 4016 1595 4087 aliquid,
1637 4018 1702 4073 ad
1732 4017 1885 4073 aliud
1912 4018 2060 4073 enim

472 4102 754 4172 quidpiam
808 4106 1041 4162 relatum
1096 4124 1357 4181 magnum
1418 4110 1621 4165 dicitur
1678 4120 1733 4167 et
1794 4126 2059 4181 parvum;

470 4193 667 4248 deinde
713 4196 966 4262 quamvis
1022 4198 1427 4263 concedamus,
1492 4198 1608 4253 lucc
1666 4213 1791 4255 esse
1834 4208 2060 4268 quanta,

474 4300 651 4355 neque
679 4286 761 4342 sic
810 4286 991 4344 forent
1035 4292 1335 4346 contraria.
1392 4289 1448 4345 Si
1501 4292 1647 4346 enim
1686 4304 1950 4360 magnum
1979 4298 2062 4345 est

2225 2456 2274 2520 γ’
2280 2491 2296 2506 .
2328 2448 2490 2505 Ἀλλὰ
2509 2447 2682 2505 ταῦτα
2708 2449 2809 2521 μὲν
2832 2448 2948 2521 (80)
2971 2446 3041 2503 τὰ
3062 2445 3353 2519 εἰρημένα,
3381 2438 3494 2500 οἷον
3513 2443 3750 2516 ἀριθμὸς

2154 2543 2335 2611 λόγος,
2366 2541 2579 2614 χρόνος,
2605 2541 2792 2608 τόπος,
2817 2539 3077 2613 γραμμὴ,
3107 2538 3425 2608 ἐπιφάνεια,
3464 2536 3628 2607 σῶμα
3650 2554 3751 2590 κυ-

2158 2637 2289 2709 ρίως
2333 2638 2442 2691 εἰσὶ
2472 2635 2583 2708 (8|)
2613 2634 2801 2690 ποσά·
2833 2634 2884 2688 ει
2916 2633 2975 2687 δὲ
3011 2632 3106 2687 καὶ
3136 2631 3274 2687 ἄλλα
3310 2630 3434 2685 τινὰ
3467 2630 3611 2684 ποσὰ
3655 2628 3753 2682 λέ-

2154 2748 2356 2799 γοιντο,
2377 2731 2441 2784 οὑ
2470 2729 2675 2802 κυρίως
2704 2728 2773 2784 ἂν
2795 2729 2884 2799 εἴη
2910 2728 3050 2800 (8⁸2),
3069 2726 3207 2782 ἀλλὰ
3239 2726 3330 2780 διὰ
3351 2724 3528 2779 ταῦτα
3549 2722 3753 2792 λέγοιτ’

2155 2825 2220 2880 ἄν
2244 2841 2259 2855 ·
2291 2819 2403 2877 οἷον
2434 2823 2572 2877 πολὺ
2605 2822 2665 2876 τὸ
2696 2821 2890 2876 λευκὸν
2924 2820 2958 2893 ἦ
2990 2821 3050 2875 τὸ
3085 2819 3259 2891 μέλαν
3287 2818 3521 2888 λέγομεν
3566 2816 3657 2871 διὰ
3686 2815 3754 2869 τὸ

2153 2916 2252 2989 τὴν
2276 2916 2600 2985 ἐπιφάνειαν
2624 2909 2766 2970 εἶναι
2792 2914 3014 2986 πολλὴν,
3042 2915 3139 2969 καὶ
3171 2912 3271 2985 τὴν
3295 2911 3498 2983 πρᾶξιν
3522 2908 3747 2981 μακρὰν

2154 3011 2243 3065 διὰ
2272 3010 2332 3064 τὸ
2363 3009 2456 3065 τὸν
2483 3011 2698 3082 χρόνον,
2729 3011 2788 3063 ὲν
2810 3000 2985 3079 ᾦ(85)
3015 3007 3244 3077 γέγονεν
3275 3008 3308 3077 ἡ
3340 3004 3570 3078 πρᾶξις,
3607 2997 3756 3057 εἶναι

2155 3100 2326 3154 πολύν
2346 3118 2360 3133 ο
2395 3100 2601 3172 ὁμοίως
2637 3100 2696 3154 δὲ
2729 3099 2824 3154 καὶ
2850 3098 2946 3152 επὶ
2975 3096 3088 3152 τῶν
3125 3094 3329 3151 ἄλλων.

2226 3280 2289 3335 δ’.
2325 3281 2481 3351 Ἔχει
2509 3281 2567 3335 δὲ
2599 3280 2706 3334 ῐδια
2740 3279 3006 3350 τέσσαρα’
3040 3277 3262 3351 πρῶτον
3296 3276 3400 3348 μὲν
3426 3276 3489 3331 τὸ
3533 3275 3757 3347 μετρεῖ-

2159 3374 2313 3427 σθαι·
2355 3371 2516 3426 τοῦτο
2541 3372 2598 3426 δὲ
2622 3372 2684 3424 τὸ
2718 3372 2850 3425 ῐδιον
2884 3372 2977 3424 καὶ
3014 3371 3180 3425 παντὶ
3217 3369 3295 3440 τῷ
3333 3368 3488 3438 ποσῷ
3514 3367 3759 3421 ἐστικαὶ

2162 3467 2330 3537 μόνῳ*
2361 3464 2614 3537 δεύτερον
2643 3465 2701 3519 δὲ
2733 3463 2795 3518 1:6
2827 3463 2995 3535 μηδὲν
3036 3462 3182 3532 ἔχειν
3218 3458 3480 3514 ὲναντίοψ
3515 3457 3674 3512 τοῦτο
3698 3457 3760 3511 δὲ

2159 3558 2222 3612 τὸ
2247 3558 2378 3613 ἴδιον
2411 3557 2525 3628 (84)
2554 3558 2617 3611 οὑ
2646 3555 2797 3627 μόνῳ
2820 3556 2941 3608 ἐστὶ
2969 3552 3047 3625 τῷ
3074 3551 3227 3623 ποσῷ
3244 3568 3258 3582 ο
3287 3551 3506 3621 εἴρηται
3534 3548 3646 3620 γὰρ
3672 3549 3760 3602 ότι

2166 3651 2264 3705 καὶ
2294 3653 2361 3721 τῇ
2398 3649 2589 3720 οὐσίᾳο
2627 3648 2677 3701 εἰ
2724 3648 2837 3719 γάρ
2867 3662 2955 3710 τις
2984 3643 3200 3716 νομίζοι
3228 3643 3307 3713 τῷ
3340 3640 3495 3713 ποσῷ
3523 3636 3664 3695 εἶναι
3704 3658 3762 3694 τι

2166 3740 2413 3795 ἐναντίον
2462 3740 2597 3813 (85),
2632 3739 2694 3794 τὸ
2750 3738 2893 3811 μέγα
2940 3736 3034 3791 καὶ
3070 3736 3132 3790 τὸ
3172 3734 3371 3808 μικρὸν
3409 3733 3634 3788 ἐναντία
3679 3750 3764 3785 τιο

2168 3835 2282 3899 θεὶς
2314 3834 2450 3907 (86),
2475 3835 2629 3899 ἵστω,
2660 3834 2737 3897 ὡς
2774 3833 2877 3886 οὑκ
2906 3833 3015 3886 εἰσὶ
3052 3832 3227 3888 ταῦτα
3254 3828 3353 3883 τοῦ
3381 3830 3555 3883 ποσοῦ
3578 3868 3592 3894 ,
3625 3826 3764 3881 ἀλλὰ

2167 3927 2276 3981 τῶν
2302 3925 2439 3997 πρός
2464 3941 2539 3978 τι’
2569 3923 2708 3996 πρὸς
2738 3923 2850 3994 γὰρ
2886 3922 3002 3994 (87)
3051 3924 3243 3995 ἕτερον
3271 3921 3493 3989 λέγεται
3525 3918 3586 3972 τὸ
3620 3917 3767 3988 μέγα

2170 4020 2265 4073 καὶ
2293 4017 2353 4071 τὸ
2382 4016 2598 4088 μικρόν
2629 4015 2883 4088 δεύτερον
2905 4014 2962 4068 δὲ
2982 4016 3032 4067 εἰ
3056 4014 3153 4067 καὶ
3178 4012 3363 4081 δῶμεν
3380 4011 3521 4065 αὐτὰ
3542 4008 3639 4062 τοῦ
3666 4025 3765 4061 πο-

2174 4108 2270 4164 σοῦ
2297 4101 2460 4174 εἶναι,
2477 4107 2586 4161 οὐδ’
2609 4106 2783 4170 οὑτως
2802 4106 2939 4159 εἰσὶν
2966 4104 3186 4159 ἐναντία
3200 4104 3333 4174 (88)⁶
3365 4105 3414 4157 ει
3437 4103 3547 4173 γάρ
3570 4102 3687 4154 ἐστι
3705 4099 3768 4152 τὸ

2175 4199 2321 4268 μέγα
2342 4195 2436 4251 τοῦ
2462 4196 2660 4269 μικροῦ
2685 4195 2795 4268 (89)
2822 4195 3067 4250 ἐναντίον
3094 4237 3109 4260 ,
3145 4194 3206 4249 τὸ
3236 4195 3282 4248 δ’
3315 4193 3447 4247 αὐτὸ
3471 4192 3606 4260 πρὸς
3635 4190 3767 4246 ἄλλο

2173 4290 2267 4344 κα)⁸
2309 4289 2440 4343 ἄλλο
2466 4287 2663 4359 μικρὸν
2702 4288 2795 4341 καὶ
2829 4286 2974 4358 μέγα
3019 4288 3250 4355 ὁρᾶται,
3298 4284 3432 4339 αὑτὸ
3475 4284 3543 4338 ἂν
3577 4282 3763 4353 ἑαυτῷ

474 4391 648 4448 parvo
700 4382 1062 4451 contrarium,
1125 4382 1270 4440 idem
1332 4399 1464 4440 vero
1525 4384 1593 4439 ad
1646 4384 1795 4440 aliud
1832 4396 1886 4439 et
1918 4385 2049 4438 aliut

2174 4383 2517 4454 συμϐήσεται
2548 4379 2793 4435 ἐναντίον
2824 4375 2967 4434 εἶναι
3001 4378 3136 4450 (90),
3173 4378 3311 4450 ὅπερ
3341 4376 3608 4432 ἀδύνατον
3630 4392 3643 4405 ·
3668 4375 3771 4429 οὐκ

2005 4536 2236 4594 NOTAE.

546 4695 661 4768 (7i)
698 4696 866 4768 Arist.
891 4711 943 4768 c.
975 4696 1029 4763 6,
1062 4696 1089 4768 ς
1122 4699 1173 4762 1,
1204 4697 1237 4753 8
1273 4715 1285 4750 :
1313 4698 1382 4752 τὰ
1415 4698 1516 4768 μὲν
1545 4696 1611 4749 ὲκ
1641 4695 1792 4768 θέσιν
1824 4694 2060 4768 ὲχόντοξν

476 4766 620 4841 πρὸς
640 4767 850 4841 ᾄλληλα
879 4767 993 4841 σιῶν
1018 4764 1085 4841 έν
1106 4769 1293 4832 αὐτοῖς
1328 4764 1534 4841 μορίων
1566 4766 1893 4836 συνέστηκε,
1919 4764 1987 4819 τὰ
2008 4764 2066 4816 δὲ

476 4838 576 4889 οὐκ
606 4837 666 4901 ἐξ
703 4838 935 4901 ἐχόντων
972 4837 1145 4891 θέσιν.

547 4907 660 4978 (7?)
698 4906 912 4978 Monac.
945 4923 960 4960 :
998 4911 1106 4978 κηό
1126 4908 1321 4978 χρόνος
1338 4908 1436 4962 καὶ
1457 4909 1484 4960 ὁ
1511 4906 1693 4973 λόγος,

544 4977 659 5049 (75)
773 4979 849 5049 μὴ
879 4975 1137 5046 ὑφεστὼς
1150 4975 1213 5032 δὲ
1244 4979 1362 5049 ἅμα
1391 4978 1550 5048 δῆλον
1581 4978 1656 5041 ὡς
1672 4976 1814 5049 οὐδὲ,
1849 4993 1904 5029 κ.
1934 4994 1984 5049 τ.
2018 4975 2067 5030 λ.

508 5046 664 5131 ,(74)
697 5046 881 5103 Mum:
908 5052 936 5102 6
963 5049 1021 5103 δὲ
1044 5051 1237 5120 χρόνος
1266 5046 1323 5103 ἕν
1350 5046 1518 5119 τῷγ.
1548 5049 1665 5104 νῦν.
1689 5048 1744 5102 ln
1770 5046 1891 5101 Vat.
1920 5047 2073 5102 deest

475 5135 595 5174 νυν.

550 5189 663 5258 (75)
691 5189 816 5247 Vat.
845 5190 1001 5256 ὃλος;
1038 5189 1199 5245 Calif.
1234 5197 1287 5245 et
1317 5190 1461 5245 Mon.
1494 5200 1555 5245 ut
1591 5205 1776 5257 supra.

551 5260 664 5329 (76)
692 5259 1079 5330 Supplevimus
1135 5261 1251 5316 lure
1280 5278 1344 5315 ex
1391 5260 1569 5327 Mon.;
1600 5261 1799 5315 desunt
1822 5259 1968 5312 enim
2009 5258 2061 5312 in

476 5329 604 5386 Vat.
639 5329 943 5401 (unde’jam
969 5329 1132 5387 Catit‘.
1157 5332 1365 5398 aliquid
1403 5332 1593 5387 deesse
1629 5331 2060 5401 suspicabatur.)

477 5402 644 5457 verba
697 5402 961 5466 ὡσαύτως
988 5435 1059 5443 —
1082 5404 1184 5457 οὐκ
1241 5402 1407 5456 ἐστιν.
1449 5403 1521 5458 cf.
1556 5401 1725 5458 Arist.
1760 5403 1795 5456 Ι.
1826 5417 1876 5456 c.
1905 5400 2060 5472 εἴρη-

475 5472 567 5525 ται
604 5488 663 5523 τε
685 5478 781 5527 καὶ
800 5474 900 5527 οὑκ
931 5473 1078 5529 ἔστιν
1106 5474 1189 5526 έτι
1208 5476 1369 5526 τοῦτο
1400 5473 1603 5527 λαϐεῖν.

550 5542 666 5615 (77)
699 5542 842 5615 Mon.
868 5544 1060 5615 ἐπειδὴ
1089 5544 1197 5613 γὰρ
1221 5545 1429 5597 τούτων
1460 5544 1715 5601 ἕκαστον.

556 5613 671 5683 (ἶδ)
696 5613 844 5670 Μοηο
885 5631 1008 5677 πως
1040 5613 1058 5640 ⁸-
1086 5616 1204 5671 Vat.
1232 5623 1288 5670 et
1318 5615 1486 5672 Arist.
1518 5633 1641 5668 που.

555 5682 673 5751 (79)
698 5683 843 5741 Mon.
869 5683 1031 5751 δῆλον
1053 5686 1151 5748 ὡς.

487 5752 673 5877 7’(ἑόάίλ)
884 5755 1070 5810 Ταῦτα
1101 5756 1200 5827 μὲν
1232 5756 1343 5815 οὖν.
1386 5756 1457 5815 cf.
1506 5756 1672 5813 Arist.
1708 5758 1745 5812 l.
1782 5776 1832 5816 c.
1870 5755 1981 5829 ἐς),
2019 5772 2072 5829 p.

2242 4696 2357 4766 (8|)
2387 4694 2495 4749 εἰσί
2525 4694 2758 4766 deestin
2782 4693 2951 4766 Mon.,
2976 4693 3120 4766 sicut
3143 4708 3261 4766 seq.
3296 4694 3363 4749 ἂν
3392 4695 3498 4766 εἵη,

2243 4761 2356 4837 (8‘2)
2379 4768 2550 4822 Arist.
2580 4783 2630 4822 c.
2664 4764 2762 4837 6,§
2794 4765 2828 4820 9
2853 4781 2867 4818 :
2895 4765 3119 4837 Κὺρίῳς
3147 4764 3205 4818 δὲ
3227 4761 3377 4819 ποσὰ
3403 4761 3577 4837 ταῦτα
3633 4761 3773 4837 μόᾼνα

2170 4832 2392 4905 λέγεται
2414 4837 2484 4891 τὰ
2506 4832 2808 4908 εἰρημένα·
2839 4838 2912 4891 τὰ
2945 4832 3003 4890 δὲ
3027 4836 3162 4890 ἄλλα
3186 4837 3368 4890 πάντα
3398 4835 3544 4889 κατὰ
3568 4852 3631 4889 συ
3643 4832 3775 4905 μϐε-

2175 4908 2369 4970 ὅηκός.

2392 4979 2451 5050 έν
2474 4970 2520 5047 ᾧ
2553 4976 2826 5050 -μπολόν
2854 4977 3008 5050 deest
3041 4976 3095 5030 in
3123 4975 3270 5030 Mon.

2250 5046 2365 5122 (84)
2396 5047 2729 5122 Μοηετοῦτο
2753 5047 2813 5101 δὲ
2850 5048 2912 5101 τὸ
2968 5047 3100 5102 ἴδιον
3150 5048 3318 5101 παντὶ
3346 5047 3446 5118 μὲν
3472 5046 3553 5118 τῷ
3587 5046 3766 5119 ποσῷ,

2178 5122 2239 5175 οὑ
2263 5119 2411 5190 μόνῳ
2434 5119 2490 5172 δέ
2547 5121 2715 5173 ἐστιν.

2249 5187 2540 5262 (85)Mon.
2569 5191 2653 5245 ὅτι
2684 5190 2781 5245 καὶ
2827 5190 2887 5243 ὲν
2927 5191 2994 5261 τῇ
3049 5188 3211 5260 οὐσία
3253 5188 3352 5241 οὑκ
3402 5187 3581 5243 ἔνεστι
3621 5190 3777 5245 ἔναν-

2165 5266 2301 5320 τίον.

2243 5334 2360 5405 (86)
2390 5331 2539 5387 Mon.
2561 5333 2619 5405 re!
2644 5332 2703 5387 δέ
2729 5350 2883 5405 τις...
2919 5331 3461 5405 [Ῐρνιχσοφιζόμενμ
3487 5330 3776 5405 προφέρει]

2168 5400 2371 5473 λέγων,
2400 5405 2485 5458 ὅτι
2515 5402 2593 5475 τῷ
2615 5403 2769 5475 ποσῷ
2795 5400 3041 5457 ἐναντίον
3076 5404 3197 5457 ἐστὶ
3244 5400 3310 5456 τό
3362 5400 3479 5457 οἷον
3530 5400 3679 5474 μέγα
3700 5400 3778 5473 τῷ

2174 5476 2381 5548 μικρῷ,
2401 5474 2638 5548 ⁸πρῶτον
2672 5474 2772 5548 μὲν
2799 5475 3019 5548 εἴρηται
3037 5475 3145 5528 ὅτι.

2255 5530 2380 5619 (87)
2398 5530 2546 5619 Men.
2575 5530 2710 5619 πρός
2734 5562 2808 5619 Ῠτι
2840 5530 2957 5619 γὰρ
2978 5544 3059 5619 ἓττ

2257 5564 2369 5619 (δι)
2402 5564 2546 5601 mon.
2575 5564 2710 5669 προς
2756 5564 2808 5598 τι
2840 5564 2947 5613 γαρ
2980 5564 3059 5599 ετ.

2257 5618 2368 5686 (88)
2400 5617 2545 5671 Mon.
2580 5618 2615 5669 ἀ
2651 5616 2881 5687 λ’ίόμως
2907 5617 3009 5669 οὑκ
3034 5617 3185 5669 ἔστιν
3217 5616 3440 5670 ἐναντία
3473 5614 3669 5671 ταῦτα.

2260 5688 2374 5758 (89)
2402 5688 2479 5757 τῷ
2503 5687 2685 5758 μικρῷ
2711 5686 2857 5742 Μοιι.
3017 5692 3074 5758 δ’

2258 5752 2372 5829 (90)
2404 5752 2551 5813 Μοὶι.
2575 5752 2731 5813 οὑδὲν
2765 5758 2965 5829 κωλύει
2991 5752 3280 5812 εἷναιαύτὸ
3295 5758 3476 5828 ἑαυτῷ
3507 5756 3771 5829 ἐναντίον.

2188 5833 2359 5888 Arist.
2397 5831 2445 5884 εἰ
2473 5829 2625 5885 ἔσται
2657 5830 2719 5885 τὸ
2751 5828 2900 5902 μέγα
2926 5831 3019 5886 καὶ
3046 5829 3106 5884 1:6
3134 5829 3332 5903 μικρὸν
3362 5828 3609 5894 ἐναντία,
3643 5845 3776 5900 συμ-
