4110 6434
376 390 476 455 785

1343 398 1443 457 AD
1482 394 2077 457 AMPHILOCHIUM
2114 396 2463 467 ΟΗιἘΒΤΙΟ
2500 397 2669 457 CXL.

3544 390 3651 455 786

379 508 479 578 ἄρα
502 522 560 559 το
589 506 786 576 μικρὸν
820 505 914 560 καὶ
943 506 1004 560 τὸ
1030 506 1175 578 μέγα
1204 506 1351 560 ἐστὶν
1374 507 1616 561 ἐναντίον
1648 505 1783 577 (9|)°
1811 505 1952 559 ὥστε

2070 521 2315 575 magnum
2338 516 2393 562 et
2417 522 2647 577 parvum
2691 507 3054 578 conspicitur,
3126 505 3265 562 idem
3320 505 3647 574 sibimetipsi

378 599 424 651 εί
454 597 548 651 καὶ
590 598 667 667 μὴ
712 599 821 651 τῶν
858 600 997 670 πρός
1034 618 1125 667 τι,
1166 599 1304 654 ἀλλὰ
1333 598 1427 653 τοῦ
1480 598 1647 653 ποσοῦ
1687 597 1828 652 εἷναί
1875 616 1959 662 τις

379 689 512 745 αὐτὰ
572 688 729 759 θείη,
779 690 933 745 οὐδὲν
987 690 1194 763 ἄπορον
1249 692 1473 763 εὑρήσει
1524 691 1672 763 (92)’
1725 690 1959 760 φανερὸν

379 783 482 854 ἄρα
514 782 625 851 (9'5)
666 783 746 837 ὃτι
786 783 846 837 τὸ
882 783 957 855 μὴ
992 784 1341 855 ἐπιδέχεσθαι
1390 784 1633 837 ἐναντίον
1682 783 1845 836 παντὶ
1882 783 1960 851 τῷ

380 873 526 943 ποσῷ
551 872 804 945 ἁρμόζει.
841 876 1036 947 Τρίτον
1062 875 1123 930 τὸ
1171 877 1246 948 μὴ
1280 877 1625 947 ἐπιδέχεσθαι
1658 878 1721 929 τὸ
1756 876 1960 947 μᾶλλον

379 967 471 1020 καὶ
494 967 556 1020 τὸ
582 961 747 1039 ἦττον
769 984 784 1000 ·
814 966 937 1022 οὔτε
964 969 1073 1041 γὰρ
1100 970 1168 1023 τά
1196 970 1324 1041 τρία
1349 970 1460 1024 τῶν
1487 971 1597 1041 (94)
1628 970 1792 1024 πέντε
1821 970 1962 1040 μᾶλ-

378 1057 465 1110 λον
494 1058 623 1129 τρία
652 1058 903 1127 λέγεται,
934 1058 1055 1112 οὔτε
1088 1061 1116 1112 ὁ
1157 1061 1348 1130 χρόνος
1386 1059 1476 1114 τοῦ
1526 1060 1720 1132 χρόνου
1760 1060 1962 1129 μᾶλλον

377 1148 565 1218 χρόνος
603 1148 736 1219 (95)'
769 1148 868 1201 καὶ
896 1149 989 1201 ἐπὶ
1015 1150 1127 1202 τῶν
1168 1149 1343 1204 ἄλλων
1382 1149 1647 1213 ὡσαύτως
1668 1167 1682 1183 ο
1713 1151 1875 1204 τοῦτο
1903 1150 1961 1204 δὲ

375 1239 435 1291 τὸ
466 1240 597 1293 ἴδιον
631 1240 797 1295 παντὶ
826 1240 927 1312 μὲν
958 1241 1036 1312 τῷ
1065 1241 1217 1312 ποσῷ
1247 1243 1399 1295 ἐστιν
1428 1242 1574 1313 (96),
1604 1243 1665 1296 οὐ
1694 1244 1844 1314 μόνῳ
1870 1243 1957 1297 δέ·

377 1332 635 1401 πρόσεστι
668 1331 779 1402 (97)
809 1333 917 1403 γὰρ
950 1333 1044 1386 καὶ
1072 1336 1138 1403 τῇ
1173 1333 1354 1405 οὐσίᾳ.
1397 1335 1668 1408 Τέταρτον
1705 1334 1837 1391 ἴδιον
1864 1335 1961 1389 τοῦ

380 1422 549 1474 ποσοῦ
593 1422 705 1495 (98)
741 1425 802 1479 τὸ
838 1421 957 1479 ῐσόν
1015 1443 1075 1479 τε
1121 1427 1217 1479 καὶ
1262 1425 1447 1481 ἄνισον
1485 1425 1770 1495 λέγεσθαι·
1803 1427 1962 1480 τοῦτο

375 1513 429 1566 δὲ
480 1513 575 1566 καὶ
623 1514 736 1584 (99)
775 1516 983 1586 κυρίως
1028 1517 1160 1570 ἴδιον
1191 1515 1285 1569 τοῦ
1340 1516 1529 1571 ποσοῦ’
1572 1518 1859 1571 ἀκολου(ιεῖ
1906 1519 1962 1572 δὲ

373 1605 532 1660 τοῦτο
570 1606 649 1674 τῷ
692 1608 894 1681 πρώτῳ
928 1609 1075 1680 ἰδίῳ,
1108 1604 1221 1664 οἷον
1248 1608 1328 1682 τῷ
1358 1610 1706 1682 μετρεῖσθαιο
1745 1613 1815 1666 τά
1854 1612 1963 1684 γάρ

377 1700 726 1771 μετρούμενα
759 1701 839 1773 (Ι)
872 1703 977 1756 ὑπό
1009 1720 1151 1766 τινος
1182 1703 1301 1773 ἦτοι
1330 1703 1423 1758 ίσα
1453 1704 1561 1757 εἰσὶ
1591 1704 1729 1775 πρὸς
1757 1704 1964 1776 ἄλληλα

376 1792 802 1863 συγκρινόμενα,
826 1792 861 1863 ἢ
893 1794 1087 1858 ἄνισα,
1120 1794 1368 1848 τουτέστι
1398 1795 1432 1867 ἢ
1475 1796 1699 1865 μείζονα
1733 1798 1766 1870 ἢ
1804 1797 1964 1852 ἐλάτ-

371 1897 525 1935 τοναο
563 1881 723 1936 τοῦτο
751 1881 809 1935 δὲ
840 1883 902 1937 τὸ
933 1883 1065 1936 ἴδιον
1100 1884 1197 1936 καὶ
1232 1883 1400 1938 παντὶ
1428 1884 1508 1954 τῷ
1539 1884 1694 1958 ποσῷ
1729 1887 1961 1957 ἁρμόζει

374 1977 468 2029 καὶ
498 1976 665 2047 μόνῳ.
700 1977 762 2029 El
785 1975 843 2030 δέ
871 1993 958 2039 τις
987 1974 1144 2047 φαίη,
1176 1976 1272 2030 καὶ
1294 1977 1393 2048 τὴν
1426 1976 1667 2033 διάθεσιν
1696 1979 1962 2049 ποιότητα

370 2064 541 2119 οὖσαν
577 2066 701 2136 ῐσην
738 2065 834 2119 καὶ
876 2064 1061 2119 ἄνισον
1108 2063 1400 2133 λέγεσθαι,
1447 2066 1509 2120 οὑ
1559 2066 1741 2131 καλῶς
1770 2066 1959 2134 λέγοι·

374 2159 580 2229 μᾶλλον
600 2161 671 2229 γά
679 2176 711 2232 ρ
733 2158 926 2230 ὁμοίαν
950 2161 1046 2213 καὶ
1066 2160 1327 2231 ἀνομοίαν
1352 2160 1433 2213 δεῖ
1452 2159 1657 2231 ταύτην
1677 2160 1960 2229 λέγεσθαι,

372 2250 497 2321 οὐχὶ
520 2249 578 2303 δὲ
608 2250 732 2322 ῐσην
760 2250 856 2303 καὶ
886 2251 1090 2317 ἄνισον,
1114 2248 1256 2304 ὥστε
1288 2252 1454 2305 παντὶ
1481 2250 1577 2305 καὶ
1609 2251 1757 2323 μόνῳ
1789 2251 1963 2323 ἁρμό-

372 2341 455 2407 ζει
486 2343 565 2414 τῷ
601 2342 751 2414 ποσῷ
778 2342 938 2397 τοῦτο
967 2343 1027 2397 τὸ
1056 2344 1187 2398 ἴδιον
1216 2343 1317 2415 (2).

2062 601 2398 654 contrarium
2457 616 2580 657 esse
2631 600 2862 666 accidet,
2912 601 3058 671 quod
3090 600 3451 671 impossibile,
3478 615 3653 670 quare

2062 693 2281 747 etiamsi
2330 694 2458 764 quis
2516 710 2625 748 non
2692 694 2991 749 relatorum
3037 697 3104 749 ad
3146 694 3350 765 aliquid
3385 694 3501 747 haec
3528 708 3652 747 esse

2062 793 2251 853 ponat,
2297 784 2395 839 sed
2455 795 2812 856 quantorum,
2874 786 3081 840 nullam
3144 785 3376 855 reperiet
3413 784 3649 838 difficul-

2064 884 2250 930 tatem.
2293 876 2534 947 Apparet
2562 893 2714 948 ergo,
2766 878 2916 933 omni
2956 887 3161 947 quanto
3188 878 3505 939 convenire,
3540 892 3648 931 non

2064 969 2305 1037 recipere
2340 970 2700 1025 contrarium.
2749 970 2935 1025 Tertia
2975 972 3282 1040 proprietas
3322 968 3511 1038 quanti
3537 976 3647 1031 est,

2063 1060 2208 1130 quod
2274 1076 2383 1115 non
2447 1062 2641 1132 recipit
2701 1062 2877 1133 magis
2915 1072 2971 1117 et
3021 1063 3227 1116 minus.
3284 1061 3469 1129 Neque
3498 1061 3648 1114 enim

2065 1154 2168 1207 tria
2224 1154 2401 1223 magis
2461 1155 2726 1209 dicuntur
2796 1167 2920 1210 esse
3000 1154 3108 1209 tria
3174 1169 3339 1223 quam
3400 1154 3651 1223 quinque

2064 1244 2345 1315 (dicuntur
2373 1246 2661 1316 quinque),
2720 1253 2898 1318 neque
2941 1256 3157 1317 tempus
3192 1256 3437 1316 tempore
3476 1245 3651 1314 magis

2064 1344 2299 1406 tempus,
2331 1345 2495 1406 atque
2519 1336 2585 1393 de
2638 1338 2851 1393 czntcris
2881 1337 3153 1391 similiter.
3197 1335 3324 1391 Haec
3357 1351 3487 1389 vero
3524 1350 3655 1405 pro,

2065 1427 2269 1497 prietas
2323 1429 2473 1483 omni
2534 1429 2755 1498 quidem
2813 1439 3021 1499 quanto
3081 1428 3257 1495 adest,
3314 1442 3422 1481 non
3468 1436 3649 1480 autem

2065 1518 2202 1584 soli;
2256 1518 2398 1573 inest
2466 1520 2613 1573 enim
2662 1520 2828 1575 etiam
2881 1520 3224 1576 substantiae.
3280 1518 3487 1586 Quarta
3518 1533 3653 1589 pro-

2065 1608 2268 1678 prietas
2315 1611 2505 1679 quanti
2544 1621 2650 1675 est,
2726 1611 2935 1681 aequale
2990 1620 3046 1666 et
3092 1611 3360 1680 inaequale
3389 1611 3534 1676 diei;
3598 1611 3653 1665 id

2065 1716 2196 1757 vero
2222 1702 2443 1773 proprie
2468 1714 2552 1759 est
2588 1703 2781 1774 quanti
2815 1704 3156 1774 proprietas;
3195 1704 3446 1775 sequitur
3471 1713 3653 1758 autem

2066 1809 2132 1847 ex
2198 1795 2376 1864 prima
2431 1797 2788 1865 proprietate,
2841 1797 2986 1866 quod
3031 1796 3241 1851 scilicet
3282 1804 3654 1851 mensuratnr.

2065 1883 2196 1948 Quae
2222 1885 2366 1937 enim
2409 1892 2800 1938 mensurantur
2824 1884 2893 1938 ab
2928 1883 3138 1954 aliquo,
3176 1884 3306 1938 dum
3342 1883 3652 1937 adinrieem

2065 1985 2477 2044 comparantur,
2503 1986 2594 2031 aut
2635 1977 2869 2047 aequalia
2909 1986 3039 2033 sunt
3078 1984 3173 2031 aut
3205 1976 3519 2045 inaequalia,
3554 1974 3657 2030 hoc

2072 2077 2157 2123 est
2207 2077 2303 2122 aut
2338 2068 2546 2137 majora
2579 2078 2671 2123 aut
2718 2069 2951 2124 minora.
2993 2068 3119 2123 llaec
3163 2083 3293 2121 vero
3352 2066 3658 2137 proprietas

2064 2170 2119 2215 et
2146 2162 2297 2215 omni
2332 2172 2386 2217 et
2418 2162 2520 2217 soli
2548 2172 2755 2233 quanto
2776 2172 3011 2231 aptatur.
3063 2161 3119 2216 Si
3168 2160 3294 2231 quis
3346 2174 3476 2214 vero
3511 2158 3657 2212 dicat

2072 2253 2489 2324 dispositionem
2535 2270 2779 2325 quoque,
2826 2269 2949 2325 quae
2980 2255 3218 2323 qualitas
3253 2262 3358 2317 est,
3386 2250 3653 2321 aequalem

2082 2347 2189 2403 dici
2229 2356 2283 2403 et
2316 2349 2663 2418 inaequalem,
2698 2348 2843 2402 haud
2870 2356 3015 2402 recte
3031 2347 3213 2401 dicere
3250 2345 3501 2411 videtur;
3538 2343 3655 2399 haec

372 2434 521 2488 enim
588 2436 770 2506 potius
819 2435 1016 2491 similis
1047 2446 1101 2490 et
1126 2435 1414 2493 dissimilis
1436 2435 1665 2493 dicenda
1700 2445 1806 2507 est,
1836 2452 1948 2493 non
1987 2452 2118 2496 vero
2166 2441 2393 2511 aequalis
2446 2449 2501 2496 et
2542 2440 2850 2510 inaequalis.
2924 2439 3105 2505 Quare
3173 2435 3395 2493 etomni
3449 2444 3507 2491 et
3544 2430 3654 2491 soli

374 2536 588 2598 quanto
620 2531 877 2586 convenit
909 2530 1015 2587 ista
1043 2531 1375 2603 proprietas.

923 2648 1258 2705 ΕΡΩἸῊΣΙΣ
1288 2653 1425 2707 PM'.

911 2741 1053 2810 Περὶ
1088 2743 1432 2813 ποιότητος.

2352 2646 2680 2717 ΩΗΑΞΞΤΙΟ
2710 2645 2866 2702 CXL.
2903 2643 3096 2717 [CoisL
3120 2640 3381 2716 CLXXM

2674 2738 2753 2793 De
2787 2736 3068 2809 qualitate.

560 2914 563 2919 I
1460 2854 1601 2906 Nunc
1630 2855 1845 2918 primum
1868 2854 2002 2906 edita
2020 2868 2049 2905 a
2065 2854 2129 2906 D.
2154 2853 2583 2916 Hergenroetber.

450 2951 521 3001 α’,
550 2944 783 3015 Ποιότης
805 2944 925 2997 ἐστὶ
956 2942 1054 3013 (5),
1086 2944 1211 2999 καθ’
1236 2943 1308 3016 ἦν
1339 2945 1485 2999 ποιοί
1515 2961 1661 3011 τινες
1686 2945 1721 3018 ἢ
1754 2946 1850 2999 καὶ
1876 2944 1966 2999 ἄλ-

2148 2943 2201 2996 1.
2266 2941 2515 3007 Qualitas
2567 2946 2672 3007 est,
2736 2955 2847 3011 qua
2905 2938 3101 3010 quales
3154 2937 3375 3010 quidem
3422 2935 3506 2992 vel
3546 2935 3661 2993 alio
3758 3014 3763 3017 ν

375 3036 489 3100 λως
543 3053 661 3099 πως
700 3034 1007 3089 διακεῖσθαι
1053 3035 1329 3105 λέγονται.
1374 3036 1525 3107 Ἔχει
1562 3037 1622 3091 δὲ
1664 3038 1779 3109 εἴδη
1826 3035 1969 3090 κατὰ

377 3125 647 3195 συζυγίαν
670 3125 747 3197 (ὦ)
772 3126 1160 3197 προφερόμενα
1183 3125 1445 3196 τέσσαραο
1475 3127 1692 3198 πρῶτον
1725 3128 1822 3197 μὲν
1852 3128 1970 3192 ἕξιν

378 3217 479 3271 καὶ
520 3218 795 3283 διάθεσιν,
830 3217 1086 3288 δεύτερον
1125 3217 1182 3271 δὲ
1218 3216 1447 3288 δύναμιν
1503 3219 1600 3271 καὶ
1638 3218 1966 3287 ἀδυναμίαν,

376 3308 568 3380 τρίτον
622 3308 935 3381 παθητικὴν
989 3309 1251 3379 ποιότητα
1302 3310 1400 3363 καὶ
1446 3308 1654 3374 πάθος,
1707 3309 1968 3379 τέταρτον

380 3402 569 3471 σχῆμα
599 3402 695 3455 καὶ
724 3402 960 3473 μορφήν.
990 3402 1100 3455 Καὶ
1134 3402 1283 3455 ἔστιν
1312 3401 1425 3468 ἓξις
1462 3401 1560 3471 μὲν
1587 3400 1807 3470 ποιότης
1838 3401 1968 3453 δυσ-

383 3492 696 3563 απόὸλητος
750 3493 852 3562 (5),
897 3493 1302 3565 κακοποιητικὴ
1336 3492 1369 3563 ἢ
1418 3491 1740 3562 τελειωτικὴ
1772 3490 1869 3545 τοῦ
1912 3493 1971 3545 ἐν

379 3576 428 3652 ᾧ
455 3584 714 3657 ὑπάρχει.
738 3584 991 3648 Διάθεσις
1012 3585 1069 3637 δέ
1089 3586 1167 3656 (6)
1192 3586 1311 3638 ἐστι
1334 3585 1558 3655 ποιότης
1575 3584 1968 3654 εὐαπόϐλητος,

378 3677 631 3731 τουτέστι
665 3678 804 3748 πρὸς
832 3677 910 3749 (7)
939 3678 1131 3749 καιρὸν
1159 3679 1417 3750 γινομένη
1450 3679 1547 3734 καὶ
1574 3678 1968 3750 ἁπογινομένηο

379 3768 634 3839 διαφέρει
656 3769 713 3823 δὲ
734 3769 834 3839 τῆς
856 3770 1044 3836 ἕξεως,
1072 3772 1155 3825 ὅτι
1178 3772 1212 3841 ἡ
1244 3772 1342 3841 μὲν
1362 3770 1475 3835 ἕξις
1494 3770 1972 3841 πολυχρονιωτέρα

381 3862 502 3915 ἐστὶ
524 3862 620 3915 καὶ
652 3862 1028 3933 μονιμωτέρα,
1056 3861 1195 3932 αὕτη
1220 3862 1296 3931 (8)
1322 3861 1380 3914 δὲ
1408 3862 1692 3933 εὐκίνητος
1716 3864 1813 3915 καὶ
1833 3862 1971 3931 ταχὺ

381 3949 759 4020 ἀπογινομένη
784 3966 800 3982 ο
841 3948 1088 4002 τοιαῦται
1132 3949 1190 4003 δὲ
1236 3949 1298 4002 αἶ
1327 3965 1387 4002 τε
1434 3949 1740 4020 ἐπιστῆμαι
1785 3949 1880 4003 καὶ
1914 3949 1972 4002 αἱ

381 4044 584 4117 ἀρεταὶ
612 4043 707 4096 καὶ
738 4043 794 4096 αἱ
827 4042 1046 4097 κακίαν
1082 4041 1195 4108 ἕξιν
1226 4042 1325 4113 μὲν
1354 4041 1465 4114 γὰρ
1493 4040 1674 4094 αὐτῶν
1704 4040 1853 4111 ἔχειν
1878 4040 1973 4095 λέ-

381 4152 557 4208 γομεν
586 4136 663 4205 (9)
691 4134 782 4189 τὸν
819 4133 1120 4204 κατέχοντα
1144 4151 1197 4187 τι
1224 4133 1429 4187 τούτων
1462 4135 1521 4188 ἒν
1554 4131 1760 4186 πλείονι
1796 4133 1974 4205 χρόνῳ

381 4230 417 4302 ἢ
444 4227 543 4283 καὶ
562 4228 631 4281 δι’
658 4227 783 4281 ὅλου
803 4226 900 4281 τοῦ
925 4226 1065 4298 βίου’
1094 4221 1206 4280 οἷον
1228 4227 1319 4280 τὸν
1342 4225 1637 4297 δεξάμενον
1668 4226 1767 4296 τὴν
1790 4243 1975 4296 γραμ-

2069 3036 2327 3106 quopiam
2345 3034 2523 3089 allecti
2554 3033 2719 3088 modo
2739 3032 3019 3088 dicuntur.
3053 3029 3230 3085 Habet
3246 3039 3427 3085 autem
3448 3031 3661 3100 species

2070 3127 2372 3182 secundum
2432 3141 2621 3181 earum
2675 3124 3097 3197 conjugationes
3161 3124 3478 3178 enuntiatas
3518 3139 3661 3193 qua-

2070 3229 2223 3284 tuor;
2302 3219 2479 3287 primo
2533 3216 2757 3287 quidem
2812 3215 3062 3271 habitum
3107 3224 3163 3271 et
3208 3215 3656 3285 dispositionem,

2075 3312 2320 3367 secundo
2346 3311 2643 3380 potentiam
2671 3315 2727 3364 et
2769 3308 3171 3379 impotentiam,
3208 3309 3370 3363 tertio
3386 3310 3659 3379 passivam

2073 3400 2401 3472 (patibilem)
2428 3398 2750 3470 qualitatem
2778 3405 2834 3452 et
2855 3396 3195 3468 passionem,
3212 3404 3413 3467 quarto
3434 3399 3660 3468 tiguram

2076 3504 2127 3550 et
2176 3492 2432 3548 formam.
2520 3490 2753 3547 Habitus
2802 3491 3022 3561 quidem
3079 3498 3165 3546 est
3223 3491 3464 3561 qualitas
3519 3506 3663 3562 aegre

2072 3586 2395 3642 amissibilis
2428 3586 2673 3641 deterius
2716 3584 2927 3639 faciens
2965 3584 3049 3639 vel
3089 3583 3289 3639 melius
3339 3585 3576 3640 reddens
3606 3584 3661 3639 id

2073 3679 2131 3733 in
2179 3694 2290 3750 quo
2334 3679 2570 3735 exsistit.
2600 3677 2900 3748 Dispositio
2921 3687 3104 3733 autem
3132 3685 3216 3734 est
3244 3677 3481 3748 qualitas
3507 3677 3665 3733 facile

2073 3771 2413 3836 amissibilis,
2467 3770 2522 3824 id
2572 3780 2677 3836 est,
2722 3786 2846 3841 quae
2894 3769 2963 3823 ad
3015 3778 3229 3839 tempus
3281 3767 3583 3837 acquiritur
3610 3777 3667 3822 et

2074 3860 2379 3926 amittitur;
2408 3860 2591 3916 diﬂ‘ert
2613 3870 2796 3914 autem
2824 3859 2893 3913 ab
2926 3858 3139 3921 habitu,
3178 3857 3309 3927 quia
3336 3857 3425 3910 hic
3458 3856 3668 3908 ﬁrmior

2074 3960 2241 4007 estet
2278 3952 2610 4015 diuturnior,
2676 3952 2968 4022 dispositio
3002 3964 3131 4003 vero
3187 3948 3348 4003 facile
3378 3948 3579 4002 mutari
3612 3955 3668 4002 et

2075 4041 2276 4112 depoai
2308 4052 2512 4113 potest.
2574 4042 2861 4113 Ejusmodi
2905 4049 3037 4096 sunt
3078 4040 3321 4095 scientia:
3352 4050 3406 4093 et
3432 4040 3669 4093 virtutes

2075 4150 2141 4191 ac
2173 4136 2341 4203 vitia;
2389 4151 2515 4191 nam
2553 4135 2802 4190 habitum
2838 4133 3162 4189 eorumdem
3196 4131 3399 4186 habere
3428 4132 3669 4185 dicimus

2077 4244 2204 4284 eum
2236 4229 2331 4296 qui
2360 4227 2563 4297 aliquid
2583 4225 2852 4297 ejusmodi
2877 4222 3113 4295 longiori
3141 4233 3388 4292 tempore
3420 4223 3667 4291 possidet

386 4320 630 4392 ματικὴν
664 4319 761 4373 καὶ
790 4318 1093 4389 κατέχοντα
1120 4317 1325 4389 ταύτην
1353 4316 1467 4383 ἕξιν
1505 4317 1615 4389 (10)
1645 4317 1791 4388 ἔχειν
1818 4317 1966 4385 λέγο-

2082 4318 2165 4372 vel
2197 4317 2360 4371 etiam
2394 4332 2491 4387 per
2524 4325 2693 4370 totam
2732 4316 2934 4381 vitam;
2978 4312 3147 4367 veluti
3182 4328 3310 4367 eum
3336 4311 3431 4382 qui
3482 4324 3667 4381 gram-

386 4427 512 4482 μενο
541 4411 746 4482 ὁμοίως
772 4411 869 4463 καὶ
893 4410 1245 4481 δικαιοσύνην
1267 4410 1363 4462 καὶ
1391 4409 1488 4472 τάς
1514 4408 1701 4473 ἄλλαςο
1730 4408 1976 4462 διάθεσιν

381 4500 443 4554 δὲ
482 4500 716 4572 λέγομεν
749 4500 895 4571 ἔχειν
924 4500 1015 4554 τὸν
1046 4499 1339 4570 δεξάμενον
1380 4499 1480 4571 μέν
1512 4517 1566 4552 τι
1607 4498 1717 4552 τῶν
1746 4498 1977 4569 εἰρημέ-

384 4610 515 4658 νων,
550 4596 687 4664 ταχὺ
713 4595 772 4648 δὲ
802 4592 976 4647 ταῦτα
1008 4592 1119 4665 (il)
1146 4591 1610 4663 ἀποϐαλλόμενον,
1641 4586 1754 4645 οἷον
1779 4590 1854 4655 ὼς
1882 4590 1975 4645 τὸν

383 4685 479 4741 διὰ
504 4684 676 4759 θυμὸν
704 4684 1107 4759 ἐρυθριάσαντα
1136 4685 1169 4739 ὓ
1199 4685 1290 4740 διὰ
1323 4684 1488 4741 φόϐον
1518 4684 1892 4757 ὠχριάσαντα·
1924 4683 1975 4736 oi

2082 4408 2340 4462 maticatn
2376 4408 2432 4462 in
2459 4423 2519 4463 se
2543 4406 2790 4477 suscepit
2816 4421 2883 4461 ac
2914 4412 3097 4461 mente
3127 4413 3295 4468 tenet,
3340 4419 3461 4459 eam
3512 4401 3671 4456 babi-

2081 4514 2197 4560 tum
2234 4506 2436 4561 habere
2463 4504 2720 4559 dicimus.
2778 4503 2987 4559 Eodem
3040 4502 3205 4556 modo
3255 4516 3345 4555 res
3409 4512 3469 4554 se
3498 4498 3665 4552 habet

2080 4611 2207 4653 cum
2233 4596 2441 4667 justitia
2460 4611 2526 4652 ac
2561 4596 2811 4665 reliquis.
2847 4595 3277 4665 Dispositionem
3304 4607 3435 4646 vero
3467 4591 3671 4661 habere

2081 4687 2317 4744 dicimus
2345 4703 2494 4755 eum,
2544 4686 2637 4760 qui
2668 4686 3057 4758 praedictorum
3098 4686 3229 4755 quid
3260 4686 3316 4739 in
3342 4700 3401 4737 se
3438 4682 3667 4750 recepit,

1922 4864 2161 4924 NOTAE.

388 5026 621 5100 ϐήσεται
671 5024 747 5100 τδ
780 5022 915 5100 aer
972 5022 1090 5100 ᾂμα
1119 5021 1187 5100 τά
1215 5022 1440 5100 ἐναντία
1497 5020 1845 5100 ἐπιδέχεσθαι
1882 5020 1980 5075 καὶ

387 5091 531 5153 αὗτά
566 5099 779 5160 ἑαυτοῖς
803 5091 946 5149 εἶναι
984 5092 1225 5165 ἐναντία.
1256 5091 1283 5165 §
1322 5093 1409 5159 ιι,
1450 5109 1501 5162 p.
1527 5093 1581 5147 8.

482 5168 574 5236 91)
610 5167 758 5223 Mon.
787 5165 1010 5236 ἐναντία
1031 5163 1198 5236 ἐστίν.

483 5231 576 5306 92)
613 5239 759 5293 Mon.
785 5237 886 5289 οὐκ
911 5233 1070 5306 ἔσται
1095 5231 1615 5306 άλλήλωνᾼὲναντία.

461 5302 578 5379 (95)
609 5309 773 5379 Mon_._
788 5304 1022 5379 φανερὸν
1046 5304 1129 5379 δτι
1152 5304 1229 5379 τδ-
1246 5302 1490 5379 μῂᾼὲπιδ.
1524 5305 1592 5357 τὰ
1621 5303 1860 5359 ἐναντία.

462 5372 575 5450 (94)
608 5379 701 5450 διο
726 5372 955 5450 umet
987 5372 1358 5450 gt'ist._(latif.
1384 5373 1480 5426 τοῦ
1516 5391 1575 5429 π.

485 5440 576 5512 95)
611 5448 757 5504 Mon.
787 5445 934 5501 addit
965 5440 1105 5497 εἶναι
1128 5442 1366 5509 λέγεται.

485 5520 575 5589 96)
600 5517 1021 5589 Μοηκὺπάρχει
1053 5515 1152 5585 μὲν
1180 5530 1242 5568 π.
1272 5512 1351 5584 τῷ
1375 5512 1547 5585 ποσῷ.

486 5587 575 5659 97)
599 5591 717 5644 ἐστι
741 5587 952 5659 Monac.

462 5654 578 5732 (98)
610 5659 680 5732 ιδ.
710 5657 807 5711 τοῦ
844 5673 917 5732 π..
936 5655 1087 5732 deest
1114 5655 1166 5732 i_n
1194 5654 1341 5732 Men.

492 5724 583 5797 99)
609 5728 755 5783 Mon.
783 5744 836 5780 τ.
862 5726 921 5780 δέ
951 5725 1146 5797 ὲστιτὸ
1171 5726 1374 5797 κυρίως
1408 5724 1477 5779 ῖδ.

492 5734 583 5797 99)
609 5734 755 5783 Mon.
783 5744 836 5780 τ.
862 5734 921 5780 δέ
951 5734 1065 5779 εστι

466 5734 545 5871 (1)
573 5798 717 5855 Mon.
744 5814 903 5871 μετρ.
931 5796 1065 5869 γάρ.

2158 5020 2238 5091 (2)
2267 5020 2360 5077 Sic
2388 5028 2443 5077 et
2461 5019 2675 5076 Monac.
2707 5019 2778 5075 el‘.
2808 5019 2980 5077 Arist.
3012 5021 3107 5076 ﬁn.
3138 5033 3259 5089 cap.
3293 5018 3347 5075 6.

2145 5089 2224 5163 (3)
2247 5091 2406 5176 Μορ.
2437 5091 2477 5147 f.
2690 5117 2707 5144 ε
2739 5091 2944 5176 Φυιτίου
2968 5095 3110 5176 περ).ν
3127 5091 3431 5176 ποιότητος.
3462 5090 3527 5144 Π.

2072 5159 2401 5242 καῄἶθρίαν
2435 5161 2659 5242 καθἈἦΥ
2690 5161 2831 5241 inm-0i
2870 5179 3015 5242 ῖιχες
3047 5159 3197 5242 ξεῖν-ξι
3241 5159 3529 5242 ,λέγονται
3570 5160 3665 5214 Sic

2072 5244 2128 5289 et
2158 5230 2385 5286 Aristot.
2418 5247 2541 5299 cap.
2574 5230 2751 5286 8init.
2777 5238 2856 5299 (p.
2882 5232 2952 5299 15
3000 5232 3088 5287 ed.
3130 5230 3307 5285 Paris.
3347 5246 3398 5285 c.
3438 5231 3489 5283 (ἱ.

2146 5302 2223 5373 (4)
2254 5301 2398 5373 Μ-οη.
2434 5299 2549 5373 εἴδη
2582 5299 2903 5371 συνώνυμα.

2151 5371 2230 5441 (5)
2262 5371 2406 5425 Μοιι.
2438 5372 2471 5441 ἢ
2507 5388 2635 5425 κακ.

2154 5440 2231 5512 (6)
2264 5442 2322 5495 δέ
2344 5440 2498 5496 deeSt
2529 5441 2583 5495 in
2604 5440 2757 5497 Mon.

2155 5512 2233 5583 (7)
2262 5512 2408 5583 Mon.
2437 5513 2538 5583 εἰς.

2161 5581 2237 5653 (8)
2264 5581 2402 5653 αὕτη
2430 5612 2501 5653 ετ
2519 5582 2812 5653 ἀπογινομ.
2840 5582 3019 5637 omitt.
3044 5582 3098 5637 in
3130 5583 3273 5640 Mon.

2178 5651 2234 5719 9)
2266 5651 2410 5723 Rion.
2430 5652 2543 5716 ἕξιν
2570 5653 2678 5723 γὰρ
2696 5651 2845 5723 ἔχειν
2869 5654 3016 5723 iit-57.:
3050 5654 3206 5712 deest
3222 5655 3418 5711 deinde
3435 5653 3662 5709 τούτων.

2186 5725 2249 5777 10
2304 5721 2451 5777 Μοιι.
2486 5721 2656 5792 αὐτὴν
2676 5722 2749 5784 ὡς
2778 5723 2914 5787 ἕξιν.

2186 5725 2273 5869 tl)
2303 5792 2395 5850 Sic
2416 5792 2579 5849 Catil.
2605 5801 2787 5862 recte;
2830 5793 2914 5850 Val

2157 5792 2273 5865 (tl)
2303 5792 2395 5850 Sic
2416 5792 2579 5849 Catil.
2605 5801 2787 5862 recte;
2830 5793 2949 5851 Vat.
2971 5803 3028 5851 et
3050 5794 3196 5855 Mon.
3232 5796 3458 5854 ταύττπν.
