4072 6426
622 417 729 482 787

1790 429 2057 490 ΡΗΟΤΙΙ
2086 432 2208 491 ΡΛἸ

2307 434 2598 494 lAliCIIr’E
2626 438 2733 506 (ΣΡ.
3632 449 3706 512 788

622 553 752 594 mox
810 554 941 593 vero
997 540 1128 595 illud
1186 541 1391 613 abiecit
1422 550 1477 599 ct
1501 542 1791 615 deposuit;
1844 547 1995 602 verbi
2028 550 2202 619 gratia

2309 552 2426 623 γάρ,
2450 553 2683 609 τοιοῦτοι
2719 555 2831 626 (12)
2872 557 3142 624 διαθέσεις
3175 558 3309 632 ἔχειν
3338 560 3528 631 λέγονται·
3556 565 3707 638 διετέθη

622 643 770 693 eum,
807 627 900 697 qui
925 640 1147 698 prepter
1177 630 1519 686 iracundiam
1554 633 1775 688 erubuit
1806 635 1891 689 vel
1923 652 2033 704 pra:
2056 649 2201 691 metu

623 720 843 791 palluit;
900 722 1035 776 tales
1070 722 1219 777 enim
1239 723 1656 793 dispositionem
1684 726 1887 782 habere
1911 728 2201 797 dicuntur;

623 809 924 880 dispositus
956 827 1191 882 uanique
1222 812 1327 867 fuit
1356 829 1547 869 eorum
1567 815 1798 886 quilibet
1830 817 1896 872 ad
1927 818 2204 874 modicum

623 906 835 968 tempus
870 900 1171 955 secundum
1196 902 1452 957 ruborem
1484 904 1570 959 vel
1613 906 1913 975 pallorem;
1946 923 2054 962 non
2079 923 2208 964 vero

623 990 789 1043 ullius
839 990 1031 1044 harum
1064 992 1393 1062 qualitatum
1438 994 1685 1050 habitum
1734 997 2000 1068 suscepit.
2049 996 2208 1055 Patet

623 1092 802 1133 autem
833 1097 959 1135 eum
989 1084 1082 1152 qui
1108 1084 1355 1139 habitum
1384 1086 1566 1154 habet,
1605 1089 1758 1158 prius
1780 1091 2203 1161 dispositionem

623 1172 914 1237 habuisse;
954 1176 1108 1245 prius
1165 1178 1310 1232 enim
1340 1178 1464 1245 talis
1495 1181 1799 1237 secundum
1843 1183 1991 1238 illam
2024 1183 2208 1256 qua-li-

622 1273 787 1320 talem
850 1268 1153 1339 dispositus
1203 1281 1339 1337 erat,
1404 1272 1599 1329 deinde
1646 1275 1728 1330 sic
1782 1276 1904 1346 ejus
1959 1276 2204 1334 habitum

620 1359 883 1427 suscepit.
963 1362 1142 1433 Atque
1204 1363 1320 1420 haec
1376 1365 1599 1435 quidem
1645 1366 1713 1423 de
1779 1368 1959 1439 prima
2018 1369 2206 1440 specie

622 1450 930 1518 qualitatis.
1916 1532 1921 1535 Α

688 1540 743 1595 2.
786 1543 969 1597 Altera
1005 1560 1136 1601 vero
1166 1546 1449 1616 qualitatis
1476 1549 1689 1619 species
1723 1559 1808 1606 est
1874 1553 2120 1622 potentia
2151 1562 2207 1609 et

620 1629 965 1700 impotentia.
1006 1634 1133 1690 Haec
1161 1653 1293 1692 vero
1320 1654 1428 1693 non
1455 1649 1744 1707 suntaetu,
1775 1642 1869 1697 sed
1902 1659 1997 1712 per
2030 1645 2203 1698 solam

619 1720 958 1777 lialiilitatem
1001 1728 1404 1793 producuntur.
1439 1729 1534 1785 Est
1564 1746 1692 1786 vero
1723 1733 1966 1801 potentia
1999 1733 2203 1788 habili-

620 1814 752 1867 tatis
792 1829 1135 1884 progressus,
1174 1818 1495 1889 impotentia
1554 1831 1735 1877 autem
1777 1823 2070 1881 diﬂicullas
2121 1826 2205 1880 vel

2308 645 2410 715 μὲν
2433 645 2542 717 γάρ
2566 648 2798 714 ἕκαστος
2822 651 3027 705 τούτων
3058 654 3194 724 πρὸς
3216 654 3364 723 ὀλίγον
3379 657 3481 711 κατὰ
3496 656 3567 729 τὴν
3587 660 3711 730 ὠχρό-

2305 739 2498 809 τηταῆ
2535 741 2877 813 ἐρυθρότητα
2899 760 2914 775 ’
2950 745 3053 799 οὐκ
3084 746 3293 813 ἐγένετο
3323 746 3365 800 δέ
3392 749 3518 812 οὐδεὶς
3530 750 3715 821 οὐδεμιᾶς

2306 831 2525 897 ἐκτικὸς
2552 834 2759 889 τούτων
2782 837 2917 909 (15).
2942 838 3114 909 Δῆλον
3133 840 3177 893 δ’
3192 842 3306 895 aut
3322 841 3422 912 ἔχων
3442 842 3516 913 τὴν
3528 843 3610 909 ἕξιν
3623 845 3721 915 πρό-

2304 940 2464 996 τερον
2487 925 2614 997 ἔσχε
2643 930 2744 997 τὴν
2765 928 3006 983 διάθεσιν
3037 931 3170 1002 (11)⁸
3208 932 3385 1004 διετέθη
3410 930 3491 1004 γὰρ
3521 934 3681 1003 πρῶτον
3705 936 3726 988 ὁ

2305 1018 2547 1082 τοιοῦτος
2576 1020 2717 1075 κατὰ
2741 1020 2842 1092 τὴν
2873 1022 3159 1094 ποιότητα,
3200 1019 3295 1079 εἷθ’
3317 1024 3445 1090 οὕτως
3469 1025 3622 1097 ταύτης
3646 1027 3729 1093 (15)

2305 1110 2520 1174 ἐκτικδς
2548 1112 2789 1181 ἐγένετο.
2827 1113 2940 1169 Καὶ
2967 1114 3113 1170 οὕτω
3142 1115 3242 1189 μὲν
3267 1117 3370 1190 περὶ
3389 1117 3462 1173 τοῦ
3488 1117 3652 1191 πρῶτον
3675 1119 3735 1172 el-

2304 1204 2427 1271 δους
2448 1206 2548 1278 τῆς
2576 1206 2881 1280 ποιότητος.

2378 1545 2445 1617 β’.
2474 1545 2738 1617 Δεύτερον
2763 1547 2821 1601 δὲ
2861 1545 2999 1613 εἶδος
3030 1548 3310 1620 ποιότητος
3342 1547 3526 1621 δύναμις
3558 1550 3635 1605 καὶ
3662 1550 3740 1605 ἀδυ

2305 1639 2479 1708 ναμὶα
2497 1655 2513 1671 ο
2548 1639 2724 1694 ταῦτα
2754 1639 2810 1693 δέ
2839 1640 2940 1695 οὐκ
2973 1642 3083 1694 εἰσὶ
3112 1642 3257 1696 κατὰ
3283 1643 3368 1712 τὴν
3394 1644 3620 1715 ἐνέργειαν
3648 1645 3769 1716 (16).

2305 1732 2444 1787 ἀλλὰ
2493 1733 2616 1785 κατ’
2660 1732 3072 1805 ἐπιτηδειότητα
3133 1734 3297 1805 μόνην
3349 1735 3641 1808 προάγονται.
3685 1738 3776 1790 Καὶ

2306 1826 2422 1879 ἐστι
2460 1826 2571 1897 (17)
2596 1825 2827 1897 δύναμις
2865 1826 2967 1896 μὲν
2998 1827 3409 1896 ἐπιτηδειότητος
3431 1828 3656 1898 προκοπὴ,
3677 1828 3782 1881 ἀδυ-

618 1906 828 1960 excisio
861 1906 1188 1965 habilitatis.
1223 1910 1472 1981 Exempli
1518 1916 1693 1984 gratia
1751 1918 2067 1986 praestantis
2121 1918 2205 1973 in-

2307 1918 2481 1989 ναμία
2511 1918 2568 1972 δέ
2590 1917 2848 1972 δυσκολία
2875 1917 2909 1988 ἢ
2942 1918 3153 1990 ἐκκοπὴ
3180 1918 3576 1990 ἐπιτηδειότητος⁸
3596 1913 3689 1973 οἷον
3712 1919 3788 1973 τὸν

625 1998 766 2065 genii
810 2013 1036 2067 puerum
1075 2002 1373 2070 potentiam
1422 2004 1624 2060 habere
1675 2006 1934 2074 dicimus,
1972 2020 2030 2063 ut
2077 2024 2209 2080 geo-

622 2089 885 2145 metricus
911 2092 1024 2156 lial,
1068 2092 1371 2149 ltebetioris
1404 2111 1534 2151 vero
1570 2097 1776 2167 ingenii
1807 2115 2037 2169 puerum
2098 2101 2207 2156 im-

619 2180 944 2247 potentiam.
979 2181 1182 2238 Eodem
1219 2187 1384 2241 modo
1440 2188 1551 2257 apti
1610 2190 1677 2243 ad
1740 2205 1967 2245 cursum
2024 2199 2080 2247 et
2136 2191 2208 2248 ad

621 2274 926 2341 pugilatum
985 2276 1245 2332 dicuntur
1282 2295 1389 2334 non
1424 2283 1647 2350 quidem
1680 2293 1965 2339 currentes
1992 2294 2047 2339 et
2104 2300 2206 2354 pu-

619 2367 853 2435 gilantcs
892 2368 967 2438 (lli
1000 2371 1146 2424 enim
1186 2382 1449 2427 vocantur
1474 2389 1729 2430 cursores
1756 2375 2083 2447 etpugiles),
2112 2376 2207 2432 sed

622 2458 717 2526 qui
756 2460 1115 2527 apaiiudinem
1150 2463 1603 2536 habilitatemque
1649 2467 1855 2523 habent
1881 2470 1948 2523 ad
1980 2484 2206 2523 cursum

619 2553 707 2606 vel
749 2554 816 2607 ad
850 2556 1189 2625 pugilatum;
1254 2568 1309 2613 et
1337 2559 1588 2615 salubres
1642 2560 1903 2616 dicuntur
1960 2577 2070 2617 non
2118 2563 2212 2633 qui

621 2644 762 2700 bona
796 2646 1057 2703 fruuntur
1088 2650 1402 2707 valetudine
1433 2654 1510 2725 (lii
1545 2654 1691 2708 enim
1727 2663 1995 2710 vocantur
2040 2656 2210 2725 sani),

620 2739 716 2792 sed
750 2740 841 2808 qui
878 2743 1176 2811 potentiam
1210 2745 1414 2800 habent
1464 2746 1599 2800 nihil
1636 2746 1796 2802 facile
1849 2748 1917 2802 ab
1954 2748 2211 2803 acciden-

622 2829 770 2885 tibus
802 2832 1042 2899 patiendi
1091 2836 1345 2906 (morbidi
1390 2853 1517 2893 vero
1551 2839 1633 2893 vel
1673 2839 1864 2910 atgroti
1931 2839 2212 2905 dicuntur,

2307 2009 2482 2081 εὐερυῆ
2515 2009 2680 2063 -παίδα
2705 2008 2937 2079 δύναμιν
2971 2008 3116 2079 ἐχειν
3146 2009 3320 2079 φαμὲν
3341 2009 3420 2063 τοῦ
3445 2010 3659 2079 γενέσθαι
3679 2027 3797 2079 γεω-

2310 2100 2591 2173 μετρικὸν,
2627 2100 2720 2154 τὸν
2749 2099 2808 2153 δέ
2833 2098 2981 2169 ἀφυῆ
3016 2098 3331 2169 ἀδυναμίαν·
3354 2098 3432 2153 τδν
3454 2099 3594 2154 αὐτὸν
3617 2099 3667 2152 δέ
3690 2100 3800 2170 τρό-

2308 2208 2409 2246 πον
2436 2192 2531 2245 xui
2563 2190 2818 2263 δρομικοὶ
2844 2189 3096 2259 λέγονται
3115 2190 3211 2243 καὶ⁸
3237 2190 3465 2243 πυκτικοὶ
3481 2230 3494 2249 .
3519 2189 3607 2259 οὐχ
3629 2189 3673 2243 οἱ
3695 2187 3807 2260 τρέ-

2306 2304 2494 2360 χοντες
2517 2286 2549 2357 ἦ
2580 2285 2945 2349 πυκτεύοντες
2971 2279 3153 2352 (οὗτοι
3188 2283 3293 2354 γὰρ
3320 2282 3515 2354 δρομεϊς
3532 2283 3617 2336 καὶ
3635 2282 3818 2337 πύκται

2306 2378 2643 2449 καλοῦνται),
2672 2378 2788 2432 ἀλλ’
2814 2378 2862 2431 οἱ
2894 2375 3110 2446 ἔχοντες
3139 2374 3439 2445 ἐπιτηδείως
3466 2374 3587 2446 πρὸς
3610 2374 3691 2427 τὸν
3714 2373 3824 2445 δρό-

2309 2489 2411 2543 μον
2449 2472 2543 2524 καὶ
2585 2469 2698 2540 (18)
2732 2469 2833 2538 τὴν
2871 2468 3131 2539 πυγμήν·
3165 2467 3260 2521 καὶ
3290 2466 3495 2535 ὑγιεινοὶ
3527 2467 3617 2536 οὐχ
3657 2466 3702 2518 οἱ
3730 2465 3830 2535 (l9)

2308 2563 2651 2633 ὑγιαίνοντες
2701 2556 2884 2630 (οὗτοι
2933 2560 3043 2631 γάρ
3090 2559 3265 2630 ὑγιεῖς
3310 2558 3616 2628 λέγονται),
3647 2558 3753 2613 ἀλλ’
3795 2561 3841 2613 οἱ

2308 2656 2523 2727 ἔχοντες
2546 2655 2776 2722 δύναμιν
2799 2652 2896 2707 τοῦ
2923 2652 3089 2723 μηδὲν
3111 2652 3337 2722 πάσχειν
3352 2650 3451 2705 ὑπὸ
3469 2650 3571 2703 τῶν
3592 2650 3849 2720 τυχόντων

2308 2748 2547 2811 εὐκόλως
2576 2747 2714 2817 (20).
2739 2745 2928 2801 Ταῦτα
2955 2743 3021 2817 δὴ
3050 2743 3183 2816 περ)⁵
3208 2744 3307 2815 τῆς
3326 2744 3596 2815 δυνάμεως
3620 2743 3714 2798 καὶ
3738 2742 3859 2797 ἁδυ-

2307 2841 2531 2911 ναμίας.

618 2925 714 2993 qui
741 2926 1047 2981 naturalem
1100 2928 1305 2985 habent
1340 2930 1720 3002 impotentiam
1752 2932 1891 2988 nihil
1929 2931 2094 2990 facile
2122 2932 2367 3004 patiendi
2397 2933 2467 2990 ab
2493 2933 2923 3006 accidentibus).
2989 2936 3118 2994 Haec
3187 2935 3257 2993 de
3314 2933 3552 3008 potentia
3588 2942 3642 2989 et
3702 2931 3874 3001 impo-

617 3021 786 3077 tentia
813 3022 957 3079 dicta
986 3033 1174 3082 sunto.

691 3121 745 3175 '5.
783 3118 970 3176 Tertia
1019 3123 1304 3192 qualitatis
1362 3126 1576 3195 species
1622 3128 1840 3198 passiva
1904 3126 2276 3201 (patibilis)C

615 3212 856 3282 qualitas
883 3221 939 3267 et
966 3215 1172 3283 passio.
1208 3215 1305 3271 Est
1340 3228 1524 3273 autem
1556 3221 1779 3290 passiva
1809 3221 2049 3293 qualitas
2079 3238 2206 3293 pas-

614 3306 758 3360 sioni
800 3306 1020 3362 cuidam
1080 3307 1171 3362 diu
1214 3308 1531 3379 conjuncta,
1600 3313 1785 3381 passio
1812 3329 1941 3369 vero
1995 3314 2080 3368 via
2136 3314 2206 3370 ad

616 3396 937 3464 qualitatem
999 3400 1292 3468 passivam.
1351 3400 1667 3473 Tripliciter
1727 3406 1930 3461 dicitur
1985 3408 2206 3478 passiva

616 3489 859 3556 qualitas
892 3507 905 3544 :
934 3490 1017 3543 vel
1043 3490 1189 3546 enim
1223 3507 1251 3545 a
1291 3492 1553 3562 passione
1582 3505 1764 3550 ortum
1792 3497 2007 3563 habuit,
2041 3498 2206 3553 veluti

615 3580 689 3634 ab
715 3580 1001 3651 irregulari
1037 3598 1102 3638 ac
1137 3593 1349 3639 natura:
1388 3602 1497 3641 non
1539 3597 1913 3645 consentaneo
1947 3590 2094 3645 circa
2111 3606 2209 3645 cor

620 3673 837 3729 fervore
872 3674 1063 3741 febris,
1097 3686 1150 3731 et
1183 3679 1496 3745 passionem
1558 3682 1852 3750 quamdam
1919 3682 2064 3737 circa
2121 3692 2205 3737 ta-

615 3774 768 3820 ctum
806 3766 1003 3834 efﬁcit;
1036 3768 1283 3824 calefacit
1306 3770 1451 3825 enim
1486 3787 1615 3827 eum
1668 3774 1762 3844 qui
1804 3772 1937 3828 illud
1994 3774 2205 3845 tangit;

617 3858 704 3913 vel
735 3874 764 3913 a
792 3859 1049 3929 passione
1071 3862 1291 3931 quidem
1321 3872 1441 3918 orta
1472 3880 1579 3918 non
1604 3874 1710 3931 est,
1735 3866 2046 3936 passionem
2080 3880 2207 3921 vero

619 3951 805 4015 infert,
835 3961 894 4007 ut
935 3953 1077 4025 ignis
1105 3956 1290 4020 calor;
1324 3957 1474 4013 calor
1503 3957 1649 4013 enim
1696 3974 1727 4013 a
1793 3958 2063 4030 principio
2097 3958 2209 4031 igni

620 4042 765 4098 inest
795 4052 850 4097 et
881 4042 947 4098 ad
980 4045 1433 4102 constitutionem
1475 4048 1802 4103 substantiae
1851 4049 2026 4118 ipsius
2073 4066 2206 4105 con-

620 4132 764 4198 fert;
798 4133 1090 4191 manifeste
1112 4136 1278 4207 igitur
1307 4153 1335 4192 a
1368 4139 1626 4209 passione
1660 4148 1845 4196 ortum
1881 4156 1989 4196 non
2023 4141 2206 4210 habet,

620 4226 938 4296 passionem
969 4235 1151 4283 tamen
1194 4228 1391 4298 eliicit;
1449 4231 1707 4288 similiter
1762 4242 1817 4288 et
1857 4235 2037 4291 mellis
2086 4234 2209 4290 dul-

617 4316 756 4371 cedo
783 4333 812 4370 a
847 4319 1100 4386 passione
1144 4332 1261 4375 orta
1319 4338 1429 4377 non
1496 4334 1597 4390 est,
1654 4326 1966 4395 passionem
2025 4337 2205 4383 autem

2379 3126 2451 3199 γ’.
2472 3127 2670 3200 Τρίτον
2690 3127 2748 3181 δέ
2770 3122 2911 3190 εἶδος
2933 3124 3221 3195 ποιότητος
3246 3120 3528 3193 παθητικὴ
3556 3120 3779 3189 ποιότης
3802 3117 3896 3170 καὶ

2310 3220 2506 3285 πάθος.
2538 3219 2699 3275 Ἔστι
2723 3220 2768 3272 δ’
2790 3219 2825 3289 ἡ
2848 3217 2961 3288 (21)
2989 3216 3089 3287 μέν
3111 3212 3393 3284 παθητικὴ
3419 3213 3648 3283 ποιότης
3676 3212 3712 3280 ἡ
3739 3208 3906 3262 πάθει

2305 3314 2415 3369 τινὶ
2429 3313 2607 3385 χρόνῳ
2628 3311 2740 3384 (22)
2763 3308 3170 3379 συνεζευγμένη
3195 3307 3329 3379 (25),
3356 3306 3533 3367 πάθος
3554 3304 3614 3358 δέ
3637 3305 3673 3374 ἡ
3688 3304 3772 3366 εἰς
3797 3302 3910 3371 (21)

2307 3407 2409 3477 τὴν
2444 3405 2755 3475 παθητικὴν
2788 3402 3050 3471 ποιότητα
3086 3400 3226 3463 όδός.
3267 3398 3495 3470 Τριχῶς
3526 3396 3589 3450 δέ
3621 3395 3855 3464 λέγεται
3889 3398 3910 3455 i

2309 3496 2586 3568 παθητικὴ
2634 3495 2884 3565 ποιότης·
2918 3494 2952 3565 ἢ
2981 3493 3091 3565 γάρ
3133 3492 3243 3547 άπὸ
3277 3490 3496 3552 πάθους
3529 3486 3762 3557 ἐγένετο
3788 3486 3909 3555 (25)

2306 3584 2419 3644 οἷον
2449 3588 2523 3653 ὡς
2549 3586 2659 3643 ἀπὸ
2682 3587 2784 3658 τῆς
2813 3584 3103 3657 ἀνωμάλου
3135 3584 3231 3638 καὶ
3262 3581 3422 3653 παρὰ
3455 3580 3628 3649 φύσιν
3662 3578 3806 3649 περ).
3839 3574 3910 3645 τὴ

2308 3682 2538 3753 καρδίαν
2572 3680 2776 3746 ζέσεως
2806 3680 2835 3733 ό
2867 3678 3133 3750 πυρετὸς,
3180 3676 3274 3730 καὶ
3319 3674 3511 3737 πάθος
3560 3689 3618 3725 τι
3653 3670 3816 3723 κατὰ
3849 3668 3910 3722 τθι

2308 3774 2453 3845 άφὴν
2497 3775 2642 3827 ποιεί
2675 3771 2825 3844 (26)·
2859 3770 3147 3841 θερμαίνει
3196 3768 3308 3839 γὰρ
3356 3766 3460 3820 τὸν
3509 3763 3897 3833 ἁπτόμενονο

2308 3868 2417 3923 ἀπὸ
2450 3867 2659 3931 πάθους
2693 3865 2792 3937 μὲν
2828 3865 2928 3919 οὐκ
2958 3864 3181 3934 ἐγένετο
3201 3903 3215 3928 ,
3246 3862 3440 3927 πάθος
3474 3859 3541 3914 δὲ
3574 3857 3866 3929 ἐμποιεῖ,
3900 3872 3910 3905 ι

2305 3964 2340 4036 ἡ
2372 3963 2466 4017 τοῦ
2493 3963 2663 4034 πυρὸς
2685 3963 2979 4036 θερμότης
3010 3960 3149 4031 αὕτη
3174 3959 3287 4031 γὰρ
3322 3955 3598 4029 ἀρχῆθεν
3635 3953 3768 4024 (2⁸7)
3802 3953 3910 4005 ὐπέ

2306 4075 2479 4130 χουσα
2514 4057 2593 4129 τῷ
2622 4057 2759 4128 πυρὶ
2783 4055 2880 4109 καὶ
2915 4052 3241 4109 συντελοῦσα
3275 4050 3439 4122 πρὸς
3482 4046 3790 4101 σύστασιν
3816 4044 3909 4097 αὐσ

2307 4152 2407 4222 τῆς
2419 4149 2608 4212 οὐσίας
2631 4148 2743 4203 άπὸ
2761 4147 2971 4211 πάθους
2989 4146 3089 4217 μὲν
3110 4145 3270 4216 δῆλον
3304 4145 3403 4197 ὅτι
3433 4142 3557 4195 οὐκ
3584 4138 3875 4209 ἐγένετο,
3906 4162 3907 4169 η

2309 4240 2401 4303 θος
2429 4240 2485 4295 δὲ
2526 4242 2749 4311 ἐμποιεῖ
2777 4240 2926 4312 (28)·
2958 4238 3160 4309 ὁμοίως
3199 4237 3259 4291 δέ
3306 4234 3425 4290 καὶ
3463 4234 3504 4302 ἡ
3545 4231 3888 4302 γλυκύτης

2312 4332 2528 4403 μέλιτος
2559 4332 2667 4386 ἀπὺ
2697 4331 2902 4396 πάθους
2947 4330 3047 4403 μὲν
3087 4330 3200 4401 (29)
3230 4330 3348 4384 οὐκ
3385 4328 3687 4396 ἐγένετο,
3734 4323 3908 4379 πάθη

616 4409 767 4464 circa
796 4409 1036 4481 linguam
1074 4411 1242 4481 facit;
1272 4415 1354 4470 vel
1375 4430 1594 4471 rursum
1629 4432 1659 4472 a
1695 4419 1955 4487 passione
1982 4419 2206 4489 quidem

2312 4426 2444 4497 περὶ
2483 4425 2584 4498 τὴν
2626 4424 2876 4495 γλῶτταν
2908 4426 3084 4478 ποιεῖ’
3119 4423 3153 4494 ἢ
3203 4421 3389 4476 πάλιν
3431 4418 3572 4474 ἀπὸ
3618 4416 3886 4477 πάθους

617 4512 742 4557 orta
772 4511 876 4568 est,
908 4519 1016 4559 non
1047 4520 1179 4561 vero
1229 4508 1544 4576 passionem
1570 4508 1724 4574 facit,
1756 4510 1924 4566 veluti
1969 4513 2207 4582 qualita-

2315 4494 2556 4586 ἐγένετοξ
2602 4516 2775 4581 πάθος
2814 4516 2872 4570 δέ
2904 4515 2964 4568 οὐ
3000 4516 3179 4578 ποιεῖ,
3211 4512 3295 4575 ὡς
3328 4512 3399 4565 αἱ
3439 4508 3608 4577 περὶ
3671 4506 3804 4579 τὴν
3858 4504 3907 4575 ψ

616 4605 723 4663 tes,
760 4611 883 4665 quae
912 4596 1056 4653 circa
1078 4597 1316 4654 animam
1343 4600 1636 4667 exsistunt,
1656 4603 1803 4659 verbi
1822 4603 1993 4674 gratia
2022 4620 2211 4661 anien-

566 4720 569 4721 ν
618 4690 720 4754 tia,
762 4690 842 4744 ira
877 4700 933 4747 et
981 4691 1088 4746 alia
1140 4692 1193 4747 id
1251 4709 1462 4763 genus;
1523 4694 1641 4764 ipsa
1679 4696 1826 4750 enim
1886 4711 1916 4750 a
1947 4698 2205 4767 passione

616 4790 737 4838 orta
773 4791 877 4851 est,
909 4798 1019 4838 non
1055 4799 1186 4841 vero
1216 4783 1274 4839 in
1300 4784 1675 4857 conspiciente
1704 4786 1790 4843 vel
1833 4796 2087 4858 tangente
2119 4787 2203 4843 ef-

2315 4609 2681 4680 ὐφιστάμεναι
2720 4609 3028 4679 ποιότητες*
3065 4601 3178 4661 οἷον
3216 4605 3253 4676 ἦ
3303 4620 3383 4658 τε
3439 4600 3717 4673 μανικὴ
3765 4598 3905 4651 ἐκεῖ·

2309 4706 2407 4760 καὶ
2430 4706 2464 4776 ἠ
2494 4706 2635 4777 ὀργὴ
2666 4705 2763 4760 καὶ
2802 4705 2874 4760 τὰ
2899 4703 3123 4759 τοιαῦτα
3170 4702 3315 4775 (50)’
3358 4699 3553 4771 αὕτη
3600 4697 3740 4771 μὲν
3777 4696 3908 4767 τὰς

2309 4797 2515 4864 πάθους
2554 4798 2668 4872 (51)
2702 4798 2951 4868 ἐγένετο,
2996 4797 3170 4861 πάθος
3200 4795 3263 4850 δὲ
3301 4794 3438 4849 οὐκ
3482 4794 3792 4865 ἐμποιεῖ
3850 4792 3908 4845 el

2128 4880 2363 4945 NOTAE.

691 4965 804 5036 (12)
838 4965 985 5024 Mon.
1008 4970 1213 5034 πάντες
1245 4962 1392 5023 οὗτοι
1429 4968 1694 5023 διάθεσιν.

693 5036 806 5111 (15)
842 5036 989 5111 Mori.
1017 5040 1119 5094 οὐκ
1150 5040 1367 5109 ἐγένετο
1392 5040 1449 5093 δὲ
1478 5040 1736 5110 οὐδεμίαν
1766 5041 1881 5107 ἕξιν
1919 5039 2081 5111 ἔχων,
2117 5042 2209 5097 ἐκ·

614 5107 770 5171 τικδς
788 5108 1013 5165 τούτων.

839 5179 997 5253 _lijon.
1026 5181 1127 5253 τὴν
1142 5180 1291 5253 διάθ.
1324 5181 1473 5253 ἔσχε.

692 5249 807 5325 αξ)
837 5249 983 5325 Ilion.
1017 5249 1118 5306 εἷθ’
1140 5252 1315 5325 οὕτως
1348 5249 1554 5323 ταύτην
1576 5252 1689 5318 ἕξιν
1720 5251 1860 5325 ἔχων
1885 5254 2002 5308 ἐκτ.
2033 5254 2117 5325 ἐγ.

840 5320 991 5394 Men.
1030 5323 1152 5378 κατ’
1188 5323 1491 5394 ἐνέργειαν.

722 5390 806 5459 l7)
838 5391 983 5448 Mon.
1018 5393 1210 5449 ἔστιδὲ
1240 5390 1289 5447 δ.

720 5460 805 5537 18)
833 5462 973 5537 Μρη·
1009 5465 1214 5537 ﬁeri:
1242 5464 1522 5537 e-Jwvﬁv-

839 5531 1220 5609 alumentaqu
1244 5534 1340 5609 [οἴ]
1377 5531 1515 5589 εἰσιν
1544 5537 1634 5609 ὐγ.

715 5603 812 5679 20)
841 5604 1029 5679 Sttppl.
1057 5603 1123 5659 ex
1155 5603 1369 5679 Monac.
1424 5608 1679 5673 νοσώδεις
1719 5607 1776 5662 δὲ
1809 5608 1873 5661 οἱ
1899 5607 2206 5679 ἀδυναμίαν

624 5675 863 5792 «parum
894 5676 1111 5746 ἔχοντες
1138 5676 1231 5731 τοῦ
1264 5678 1501 5748 πάσχειν
1527 5679 1629 5731 ὐπὸ
1655 5679 1762 5733 τῶν
1818 5675 2090 5749 τυχόντων
2115 5682 2206 5734 εὐ-

624 5756 661 5792 κ
724 5761 819 5792 ως-

624 5756 819 5808 κοΑως.

697 5813 811 5889 (21)
840 5814 988 5889 plan.
1019 5815 1137 5870 ἐστι
1158 5816 1215 5889 δέ
1248 5818 1380 5873 παθ.
1415 5818 1513 5889 μὲν
1542 5834 1600 5874 π.

702 5884 817 5943 (22)
838 5884 984 5941 Men.
1016 5887 1267 5956 χρονίως.

2385 4980 2498 5052 (25)
2529 4978 2676 5052 Mon.
2715 4980 3046 5049 συνεζευγμ.
3075 4978 3348 5050 ὠχρότης
3384 4975 3436 5048 ἢ
3468 4975 3728 5040 νόσος.

2402 5051 2842 5131 ἓὲέἒίοη;-πρδς
2872 5068 3218 5131 τοτξτπο.
3372 5117 3449 5131 ,η
3631 5117 3653 5131 .
3793 5115 3811 5131 .

2402 5052 2493 5117 24)
2525 5052 2671 5108 Mon.
2705 5052 2842 5122 πρὸς
2872 5068 2924 5105 τ.
2968 5068 3029 5104 π.
3060 5069 3122 5105 π.

2378 5052 2583 5193 (25)Ιιι
2644 5121 2792 5193 Mon.
2852 5121 3104 5193 sequitur
3132 5120 3230 5174 xui.
3293 5117 3548 5193 πᾴθοςς
3629 5115 3890 5193 ὲπρίει

2304 5186 2438 5270 περὶ
2472 5186 2563 5270 τδν
2588 5192 2877 5270 ἄνθρωπον
2905 5186 3171 5270 ίινομένη
3196 5190 3393 5270 ’παρὰ
3446 5189 3693 5270 φύειν
3736 5186 3826 5270 θέε
3838 5204 3882 5255 ρ

2302 5258 2581 5388 (Euandrii)
2634 5258 2729 5317 καὶ
2778 5264 2887 5318 άπὸ
2918 5258 3481 5328 ’πάθουςέγένετο
3531 5258 3683 5328 τῆς
3766 5258 3882 5310 ἀνα

2302 5351 2427 5389 tell)
2470 5350 2552 5389 ee
2606 5350 2792 5389 supra.

2377 5350 2501 5389 inae
2523 5350 2577 5387 ιιι
2606 5350 2792 5390 supra.

2302 5350 2501 5390 uernae
2523 5350 2577 5387 et
2606 5350 2792 5405 supra.

2372 5404 2486 5483 (
2521 5404 2668 5483 Men.
2694 5407 2837 5483 ποιεί
2864 5404 3008 5483 κατὰ
3038 5402 3137 5475 τὴν
3158 5403 3348 5483 άιρήν.
3510 5469 3549 5483 ⁸

2376 5472 2490 5546 (2⁸7)
2520 5474 2667 5547 Men.
2699 5477 2826 5546 άρχ.
2871 5477 2971 5547 μὲν
2998 5472 3410 5547 προσεγένετο
3445 5472 3564 5542 τῷ
3597 5472 3831 5544 πυρὶ,

2301 5548 2360 5602 δὲ
2380 5563 2476 5614 πρ.
2512 5546 2670 5601 σύστ.
2727 5549 2827 5614 τῆς
2860 5545 3053 5600 τούτου
3084 5545 3303 5607 οὐσίας.

2387 5564 2421 5600 π
2464 5587 2476 5599 .
2512 5563 2670 5601 συστ.
2727 5563 2827 5614 της
2860 5564 2881 5599 τ

2387 5563 2503 5687 (2ρ8)
2541 5615 2881 5687 Μοη.ποιεϊ.

2408 5683 2501 5755 29)
2542 5686 2644 5755 μέν
2672 5686 2826 5742 deest
2849 5688 2903 5741 in
2934 5688 3109 5753 Mon.,
3139 5685 3287 5743 sicut
3324 5698 3677 5754 sequens
3717 5683 3820 5739 πά

2408 5691 2501 5755 29)
2542 5691 2644 5755 μέν
2672 5691 2826 5742 deest
2849 5691 2903 5741 in
2934 5691 2977 5743 Μ

2384 5691 2500 5826 (50)
2526 5756 2669 5827 Men.
2700 5757 2767 5811 τά
2796 5758 2977 5827 ὅμοια.

2388 5827 2503 5899 (⁸51)
2538 5826 2683 5886 Men.
2718 5826 2857 5900 αὐτη
2880 5831 2989 5901 γάρ
3020 5829 3128 5885 ἀπὸ
3146 5846 3206 5885 π.
3245 5826 3377 5900 μὲν
3401 5828 3525 5896 ἐγ.
