4072 6434
254 412 363 476 789

1277 418 1380 479 AD
1414 412 2012 477 AMPHILOCHIUM
2036 412 2385 486 QUJESTIO
2414 414 2579 474 CXL.

3445 410 3556 477 790

245 522 514 596 ὁρῶνταῆ
538 519 870 597 ἀπτόμενον.
892 526 1152 599 Διαφέρει
1172 526 1229 581 δὲ
1259 529 1291 598 ἡ
1316 525 1595 598 παθητικὴ
1618 524 1841 594 ποιότης

1971 523 2421 592 icitpassionem.
2481 522 2670 579 Diﬁ'ert
2726 531 2913 579 autem
2944 522 3187 593 patibilis
3242 522 3483 593 qualitas
3520 540 3550 581 ι

246 613 343 668 τοῦ
368 613 597 680 πάθους,
624 614 747 668 καθ’
764 614 825 668 ὃν
847 616 1051 687 τρόπον
1074 617 1186 689 (32)
1211 619 1243 688 ἡ
1268 617 1383 683 ἕξις
1403 618 1503 685 τῆς
1528 615 1842 678 διαθέσεως·

246 707 297 758 εἰ
323 704 422 776 μὲν
445 704 556 777 γάρ
580 707 639 759 ὲν
661 707 843 779 χρόνῳ
863 707 1070 762 πλείονι
1094 709 1405 781 παραμένει
1427 708 1538 780 (33)
1563 708 1623 762 τὸ
1645 706 1842 772 πάοος,

248 798 391 853 ὥστε
419 800 771 872 παρωνύμως
800 800 861 867 ἐξ
891 802 1059 856 αὐτοῦ
1088 802 1461 874 ὀνομασθῆναι
1490 802 1582 856 τὸν
1615 801 1847 869 δεξάμε-

248 907 340 943 νον
363 890 496 945 αύτὸ
520 891 656 962 (54),
684 892 964 964 παθητικὴ
985 894 1461 965 ποιότης,λέγεται·
1488 896 1536 947 εἰ
1562 894 1617 947 δὲ
1644 910 1849 964 παραυ-

250 984 379 1037 τίκα
411 984 772 1056 ἀπογένηται,
803 985 978 1053 πάθος
1010 987 1171 1059 μόνον
1204 987 1531 1058 ὀνομάζεται
1563 986 1677 1057 (35)

320 1077 383 1130 δ’.
416 1076 691 1150 Τέταρτον
736 1078 795 1133 δὲ
845 1078 956 1151 (56)
995 1076 1137 1145 εἶδος
1183 1080 1472 1151 ποιότητος
1519 1080 1708 1150 σχῆμα
1754 1079 1849 1133 καὶ

251 1166 460 1239 μορφή.
499 1168 762 1240 Διαφέρει
805 1168 863 1223 δὲ
913 1168 1119 1236 ταῦτα,
1152 1169 1236 1223 ὅτι
1274 1169 1335 1224 τὸ
1372 1170 1473 1240 μὲν
1523 1169 1711 1240 σχῆμα
1751 1188 1849 1223 κυ-

251 1258 387 1330 ρίως
417 1258 506 1311 ἐπ’
532 1258 759 1331 ἀψύχων
796 1260 991 1332 (57),ή
1020 1261 1076 1315 δὲ
1107 1262 1291 1333 μορφὴ
1308 1262 1403 1316 ἐπὶ
1427 1260 1691 1333 ἐμψύχων
1719 1262 1851 1317 τάτ-

245 1367 422 1405 τεται.
454 1351 598 1421 Πρὶς
627 1350 839 1417 τούτοις
866 1352 979 1407 εἰσ).
1007 1353 1120 1423 (58)
1152 1354 1247 1407 καὶ
1277 1352 1414 1407 ἀλλα
1446 1353 1585 1425 εἴδη,
1614 1347 1726 1408 οἷον
1754 1354 1849 1407 εύ-

247 1442 423 1513 Θύτης
467 1446 563 1498 κα)¹
602 1444 963 1516 καμπυλότης
1002 1445 1100 1499 κα).
1142 1446 1214 1500 τά
1258 1446 1471 1511 τούτοις
1509 1446 1673 1517 ὃμοια
1711 1446 1847 1519 (59),

246 1534 412 1590 ἅτινα
440 1538 535 1591 καὶ
567 1537 983 1609 ἀντιδιαιρεῖται
1010 1537 1088 1610 τῷ
1129 1538 1372 1610 σχήματι
1403 1539 1498 1592 κα).
1528 1540 1593 1611 τῇ
1629 1540 1847 1612 μορφῇ·

243 1628 371 1681 οὐδὲ
396 1628 507 1699 γὰρ
535 1628 713 1683 ταῦτα
736 1629 842 1684 ὑπὸ
866 1629 927 1684 τὸ
958 1632 1145 1701 σχῆμα
1174 1631 1469 1700 ἀνάγονται
1498 1630 1635 1699 (40),
1659 1629 1736 1695 ὣς
1762 1648 1850 1683 τι·

248 1737 339 1774 σιν
374 1722 586 1790 ἀλόγως
612 1722 725 1793 (41)
754 1722 954 1790 ἔδοξεν,
984 1721 1145 1795 εῐπερ
1175 1723 1365 1793 σχῆμά
1391 1724 1543 1777 ἐστιν
1572 1724 1605 1795 ἡ
1633 1722 1728 1777 τοῦ
1755 1741 1850 1777 τυ-

1951 615 2208 685 passione
2235 614 2427 669 eodem
2457 614 2643 680 modo,
2673 631 2782 685 quo
2814 615 2997 670 diﬁ‘ert
3028 616 3248 670 habitus
3304 630 3332 670 a
3364 615 3553 683 dispo-

1950 705 2173 761 sitione.
2209 703 2267 760 Si
2300 705 2446 760 enim
2477 706 2661 776 passio
2688 704 3023 762 diuturniori
3055 717 3299 775 tempore
3360 722 3551 776 perse-

1954 810 2128 865 verat,
2162 798 2236 852 ita
2264 805 2323 853 ut
2350 797 2703 870 paronymice
2735 814 2801 852 ex
2848 798 2967 868 ipsa
3030 799 3416 853 denominctur
3455 798 3551 868 qui

1957 905 2079 945 eam
2112 890 2375 959 suscepit,
2404 890 2618 961 passiva
2642 890 2884 961 qualitas
2917 892 3155 957 dicitur;
3188 891 3234 947 si
3280 908 3410 946 vero
3434 902 3548 947 sta-

1953 983 2050 1039 tim
2115 982 2404 1052 abjiciatur
2431 994 2485 1040 et
2510 984 2746 1053 desinat,
2769 983 2957 1055 passio
3009 985 3187 1040 solum
3219 986 3544 1056 appellatur.

2025 1076 2081 1130 4.
2113 1074 2320 1141 Quarta
2362 1076 2574 1146 species
2603 1076 2890 1148 qualitatis
2916 1084 3003 1131 est
3033 1076 3205 1145 ﬁgura
3266 1087 3319 1131 et
3345 1076 3545 1134 forma.

1958 1168 2226 1224 Diﬁ‘erunt
2279 1169 2415 1234 haec,
2447 1169 2575 1239 quia
2616 1170 2791 1239 ﬁgura
2823 1165 3045 1238 proprie
3105 1166 3175 1221 de
3204 1165 3547 1231 inanimatis,

1955 1262 2136 1318 forma
2164 1277 2295 1319 vero
2351 1263 2417 1318 de
2457 1262 2715 1318 animatis
2746 1261 2993 1333 ponitur.
3015 1258 3285 1315 Praeterea
3322 1267 3454 1315 sunt
3494 1268 3553 1317 et

1961 1357 2084 1413 aliae
2116 1356 2351 1427 species,
2387 1355 2554 1411 veluti
2583 1354 2859 1410 rectitude
2888 1362 2944 1409 et
2970 1352 3298 1425 obliquitas,
3328 1360 3382 1407 et
3429 1366 3551 1421 qua:

1954 1453 2042 1508 his
2074 1451 2275 1508 similia
2307 1460 2457 1518 sunt,
2513 1464 2749 1521 quaeque
2807 1465 2875 1504 ex
2914 1450 3151 1503 adverso
3208 1446 3553 1518 respondent

1953 1539 2143 1609 ﬁgura:
2173 1548 2230 1596 et
2257 1539 2466 1595 t'orma:.
2500 1537 2688 1609 Neque
2713 1538 2858 1593 enim
2892 1539 2996 1593 ista
3018 1538 3123 1592 sub
3175 1537 3409 1609 ﬁguram
3461 1552 3552 1591 re-

1957 1632 2255 1699 ducuntur,
2308 1640 2369 1687 ut
2398 1630 2730 1702 quibusdam
2781 1630 2990 1700 absque
3029 1639 3180 1685 recta
3214 1628 3423 1684 ratione
3468 1628 3553 1681 vi-

1953 1738 2076 1778 sum
2115 1730 2221 1789 est,
2261 1739 2386 1778 cum
2414 1724 2585 1793 ﬁgura
2615 1722 2683 1777 sit
2710 1720 2872 1777 molis
2906 1719 3177 1793 cujusque
3212 1719 3550 1785 terminatio,

243 1817 439 1887 χόντος
460 1816 625 1885 ὄγκου
657 1817 1117 1887 ἀποπεράτωσις,
1148 1817 1182 1888 ἢ
1211 1815 1287 1880 ὡς
1317 1814 1451 1869 ἔνιοι
1481 1815 1619 1886 (42),
1650 1815 1714 1869 τὸ
1746 1815 1851 1869 ὑπό

1971 1817 2065 1879 vel.
2104 1826 2161 1871 ut
2186 1816 2410 1883 quidam
2442 1816 2617 1881 aiunt,
2647 1815 2698 1869 id
2728 1813 2873 1885 quod
2906 1830 2938 1869 a
2970 1814 3206 1869 termino
3238 1815 3437 1883 aliquo-
3467 1814 3552 1867 vel

242 1875 394 1972 τινος
425 1910 460 1981 ἦ
489 1875 652 1963 τινων
680 1910 824 1980 ὅρων
847 1875 1266 1981 περιεχόμενον·
1292 1909 1493 1979 ὁμοίως
1522 1875 1710 1962 δὲόύδ⁹
1743 1909 1848 1963 61:6

1971 1908 2024 1963 Ib
2058 1907 2338 1977 aliquibus
2363 1907 2681 1962 continetur
2708 1915 2763 1960 et
2818 1906 3233 1972 circumdatur;
3299 1906 3553 1959 similiter

243 2002 350 2072 τὴν
383 2001 599 2075 μορφὴν
634 2003 747 2070 (43)
775 2042 791 2068 ,
824 2001 985 2075 εἴπερ
1012 2003 1195 2076 μορφή
1228 2003 1377 2055 ὲστιν
1410 2004 1444 2073 ἡ
1480 2001 1604 2056 ὅλου
1634 2002 1726 2056 τοῦ
1766 2002 1847 2056 εῖ-

244 2091 376 2156 δους
399 2092 847 2164 ἀποπεράτωσιςο
868 2093 985 2149 ἀλλ’
1008 2094 1116 2148 εἱσι
1143 2109 1207 2163 γε
1228 2093 1352 2147 καθ’
1375 2093 1515 2148 αὐτὰ
1534 2093 1711 2149 ταῦτα
1735 2094 1848 2167 (44)

247 2184 331 2249 ὡς
354 2185 470 2257 εἴδη
484 2185 608 2239 τινά
630 2185 736 2240 ὑπὸ
755 2186 856 2259 τὴν
874 2187 1141 2258 ποιότητα
1158 2186 1475 2258 ἀναγόμενα
1497 2186 1635 2259 (45)·
1658 2186 1851 2259 ὥσπερ

250 2276 353 2330 καὶ
384 2278 419 2347 ἡ
445 2278 731 2350 τραχύτης
760 2294 822 2330 τε
855 2279 948 2333 καὶ
978 2279 1013 2350 ἠ
1059 2277 1279 2350 λειότης
1298 2319 1315 2345 ,
1362 2280 1603 2352 μανότης
1648 2296 1710 2333 τε
1754 2280 1851 2335 καὶ

251 2371 554 2441 πυκνότης,
586 2375 682 2426 καὶ
710 2372 764 2427 εἴ
783 2389 837 2425 τι
864 2371 1271 2444 παραπλήσιον.

327 2470 391 2518 ε’.
419 2466 824 2536 Κατηγορεῖται
861 2466 918 2519 δὲ
941 2468 974 2538 ἡ
1002 2466 1228 2537 ποιότης
1252 2468 1558 2540 τετραχῶς·
1593 2466 1851 2539 παρωνύ-

249 2574 397 2627 μως,
422 2558 751 2629 ὁμωνύμως,
787 2559 1173 2630 ἐτερωνύμως,
1217 2561 1681 2633 ἁκατονομάστως
1710 2562 1847 2634 (46)’

247 2649 609 2720 παρωνύμως
645 2650 744 2721 μὲν
784 2650 861 2714 ὡς
892 2651 1000 2705 ἀπὸ
1028 2652 1133 2722 τῆς
1161 2654 1561 2724 γραμματικῆς
1601 2656 1631 2709 6
1667 2672 1851 2725 γραμ-

250 2742 527 2813 ματικός·
560 2744 872 2815 ὁμωνύμως
906 2745 963 2798 δὲ
1013 2744 1089 2809 ὡς
1136 2746 1245 2800 ἀπὸ
1300 2747 1403 2817 τῆς
1454 2749 1852 2820 γραμματικῆς

248 2836 573 2906 ἐπιστήμης
597 2838 631 2908 ἡ
672 2836 1041 2908 γραμματικὴ
1074 2839 1250 2910 γυνή·
1284 2839 1647 2911 ἑτερωνύμως
1684 2840 1743 2894 δὲ
1776 2840 1853 2904 ὡς

248 2928 368 2983 ἀπὸ
414 2930 513 3001 τῆς
540 2931 747 3002 ἀρετῆς
778 2932 807 2984 6
844 2932 1166 2996 σπουδαῖος·
1200 2934 1230 2988 6
1273 2933 1382 3004 γὰρ
1415 2933 1706 2997 σπουδαῖος
1744 2934 1853 2987 ἀπὸ

250 3021 360 3092 τῆς
404 3021 608 3094 ἀρετῆς
644 3021 897 3091 λέγεται,
946 3022 1065 3079 ἀλλ’
1095 3023 1156 3077 ού
1190 3023 1561 3095 παρωνύμως,
1593 3020 1714 3095 [ὡς]
1745 3023 1853 3077 ἀπὸ

252 3112 360 3184 τῆς
404 3112 644 3185 σπουδῆς
677 3113 822 3184 (47),
855 3113 1318 3181 ἀκατονομάστως
1363 3113 1422 3168 δὲ
1468 3113 1660 3185 ὥσπερ
1692 3114 1788 3167 καὶ
1825 3116 1854 3168 6

1951 2015 2082 2055 vero
2114 2014 2292 2070 neque
2340 1999 2408 2055 ad
2462 1998 2694 2061 formam
2767 1998 3129 2063 reducuntur,
3195 2013 3319 2053 cum
3374 1997 3551 2052 forma

1955 2094 2029 2150 sit
2062 2093 2231 2149 totius
2262 2092 2464 2164 speciei
2502 2092 2840 2149 terminatio.
2879 2091 3083 2147 Verum
3118 2100 3251 2147 sunt
3298 2092 3412 2145 haec
3455 2106 3553 2161 per

1955 2201 2015 2241 se
2054 2185 2171 2256 ipsa
2200 2195 2259 2240 ut
2284 2186 2497 2256 species
2527 2186 2777 2256 quaedam
2809 2186 2875 2240 ad
2912 2186 3236 2256 qualitatem
3268 2184 3552 2255 pertinen-

1956 2279 2054 2343 tia,
2086 2279 2548 2349 quemadmodum
2576 2289 2630 2334 et
2656 2281 2924 2349 asperitas
2953 2290 3006 2335 et
3036 2280 3268 2346 hevitas,
3303 2289 3416 2335 tum
3462 2295 3552 2334 ra-

1953 2369 2091 2424 ritas
2119 2378 2173 2422 et
2201 2367 2467 2433 densitas,
2512 2376 2567 2424 et
2597 2369 2641 2423 si
2677 2368 2807 2439 quid
2846 2368 2929 2423 his
2958 2378 3042 2423 est
3067 2370 3267 2425 simile.

2025 2462 2080 2517 5.
2113 2460 2445 2517 Praedicatur
2468 2461 2707 2532 qualitas
2756 2462 3099 2533 quadruplici
3138 2464 3302 2518 modo
3332 2479 3347 2517 :
3382 2461 3555 2516 deno-

1955 2554 2237 2620 minative,
2268 2553 2568 2625 aequivoec,
2618 2555 2988 2619 diversivoce,
3034 2564 3090 2610 et
3142 2556 3556 2611 innominabili-

1956 2654 2079 2712 ter;
2130 2644 2538 2699 denominative
2595 2645 2815 2715 quidem
2890 2648 3056 2701 veluti
3107 2663 3137 2701 a
3198 2648 3557 2718 grammatica

1955 2741 2380 2808 grammaticus;
2401 2738 2679 2807 a'quivoce
2697 2739 2861 2793 veluti
2881 2755 2909 2793 a
2938 2741 3289 2811 grammatica
3318 2740 3561 2797 scientia:

1956 2832 2313 2901 grammatica
2346 2831 2543 2886 mulier
2567 2848 2581 2897 ;
2622 2831 2984 2899 diversivoco,
3011 2834 3178 2888 veluti
3199 2850 3227 2889 a
3251 2835 3452 2889 virtute
3471 2835 3563 2887 ho-

1956 2934 2175 2990 nestus;
2204 2924 2467 2978 honestus
2490 2924 2681 2978 enima
2708 2925 2905 2978 virtute
2920 2925 3145 2991 dicitur,
3162 2925 3255 2979 sed
3274 2927 3563 2979 nondi-no-

1956 3016 2239 3079 minative,
2259 3016 2401 3071 sicut
2425 3015 2832 3071 denoniinative
2853 3018 2921 3071 ab
2947 3017 3256 3087 honestate)
3284 3035 3299 3083 ;
3326 3018 3564 3072 innomi—

1957 3110 2211 3164 nahiliter
2270 3126 2400 3166 vero
2431 3112 2598 3165 veluti
2627 3120 2788 3181 aptus
2813 3112 2878 3166 ad
2907 3127 3134 3167 cursum
3166 3120 3218 3165 et
3249 3113 3315 3166 ad
3347 3112 3563 3182 pugila-

254 3205 519 3277 δρομικός
548 3207 642 3259 καὶ
669 3207 698 3260 6
739 3205 1007 3270 πυκτικός
1055 3205 1206 3278 (48)·
1237 3206 1299 3260 ού
1337 3205 1445 3276 γάρ
1475 3207 1686 3260 κεῖνται
1731 3208 1854 3268 ταῖς

1971 3218 2108 3269 ιυιιις
2145 3217 2253 3258 non
2284 3203 2429 3257 enim
2459 3203 2633 3274 posita
2658 3213 2785 3260 sunt
2815 3204 3175 3274 qualitatibus
3211 3204 3459 3266 nomina,
3494 3220 3561 3259 ex

255 3298 545 3370 ποιότησιν
576 3296 818 3368 ὀνόματα
850 3296 987 3369 (49),
1024 3297 1085 3365 ἐξ
1118 3291 1194 3353 ὧν
1227 3298 1343 3365 (50)
1383 3292 1532 3352 οὗτοι
1576 3296 1851 3370 ὲποιὼθη-

252 3406 383 3445 σαν·
427 3394 461 3463 ή
504 3391 613 3464 γάρ
646 3391 886 3465 δρομικὴ
930 3390 1082 3465 φωνὴ
1117 3393 1219 3447 οὐκ
1268 3392 1387 3447 ἐστι
1415 3390 1519 3461 τῆς
1571 3391 1855 3462 δυνάμεως

247 3485 453 3557 ὄνομα,
484 3480 553 3557 ἧς
593 3489 839 3558 μετέχων
890 3489 919 3541 6
972 3486 1232 3558 δρομικός
1276 3487 1523 3541 καλεῖται
1558 3486 1855 3558 δρομικὸς,

245 3575 396 3630 ἀλλά
422 3576 522 3647 τῆς
547 3576 778 3647 τέχνης,
807 3576 865 3643 ἐξ
889 3570 957 3649 ἧς
991 3578 1092 3648 οὐχ
1127 3580 1156 3632 6
1195 3577 1482 3649 δρομικδς,
1517 3576 1633 3631 ἀλλ’
1664 3579 1693 3631 6
1735 3577 1860 3648 δρο-

250 3670 399 3742 μεὺς
439 3670 534 3724 καὶ
569 3669 1014 3742 παρονομάζεται
1048 3673 1145 3725 καὶ
1189 3672 1530 3743 προάγεται·
1572 3671 1861 3743 ὁμοίωςμδὲ

247 3767 357 3820 καὶ
384 3768 419 3836 ἡ
450 3766 695 3837 πυκτικὴ
722 3768 823 3820 οὐκ
852 3765 1001 3819 ἔστιν
1040 3764 1212 3836 ὄνομα
1251 3765 1352 3835 τῆς
1390 3764 1677 3835 δυνάμεως
1696 3806 1711 3831 ,
1738 3760 1808 3839 ἦς
1830 3766 1860 3817 6

248 3855 528 3920 ’πυκτικδς
566 3859 811 3928 μετέχων
837 3856 1087 3912 καλεῖται
1120 3857 1408 3923 πυκτικὸς,
1440 3856 1576 3911 ἀλλά
1618 3860 1721 3928 τῆς
1763 3857 1857 3911 τέ-

249 3964 431 4019 χνης,
461 3947 520 4014 ἐξ
551 3942 621 4018 ἧς
646 3948 745 4018 οὐχ
773 3949 801 4000 6
830 3947 1127 4014 πυκτικὸς,
1158 3947 1273 4000 ἀλλ’
1304 3947 1334 3999 6
1366 3947 1581 4020 πύκτης
1610 3948 1780 4019 ἦγουν
1832 3949 1860 4001 6

243 4038 363 4107 τῆς
391 4039 671 4110 πυκτικῆς
692 4041 1015 4112 ἐπιστήμων
1041 4039 1487 4113 παρονομάζεται
1510 4042 1605 4095 καὶ
1631 4043 1865 4112 προάγε-

250 4147 374 4185 ται·
407 4129 494 4184 ἐπ’
534 4130 837 4185 ἐλαττόνων
888 4132 948 4184 δὲ
991 4130 1054 4185 τὸ
1082 4130 1327 4186 τοιοῦτον
1372 4130 1727 4204 εὑρίσκεται,
1762 4131 1859 4185 ἐπὶ

254 4224 320 4279 δὲ
349 4222 461 4278 τῶν
482 4224 756 4279 πλείστων
778 4224 1132 4297 παρωνύμως
1156 4226 1545 4296 κατηγορεῖται
1572 4227 1606 4295 ἡ
1634 4225 1858 4294 ποιότης

254 4314 378 4369 τῶν
423 4315 763 4387 μετεχόντων
807 4317 979 4388 αύτῆς
1013 4316 1153 4387 (51)⁶
1189 4316 1381 4389 ὥσπερ
1435 4317 1495 4371 δὲ
1544 4318 1579 4389 ἠ
1632 4316 1863 4387 ποιότης

1961 3296 2167 3367 quibus
2195 3295 2285 3351 isti
2311 3298 2495 3367 quales
2527 3296 2707 3352 eﬁ‘ecti
2748 3309 2898 3354 sunt.
2926 3297 3060 3353 Nam
3096 3314 3222 3367 vox,
3265 3315 3389 3369 qua:
3419 3298 3559 3369 apti-

1965 3387 2207 3443 tudinem
2234 3388 2301 3442 ad
2344 3404 2567 3445 cursum
2595 3390 2867 3462 designat,
2893 3408 3000 3447 non
3031 3402 3115 3447 est
3148 3393 3411 3461 potentire
3459 3406 3566 3446 uo-

1968 3497 2116 3548 men,
2150 3483 2312 3553 eujns
2342 3484 2616 3555 particeps
2645 3485 2740 3556 qui
2775 3487 2840 3541 ad
2861 3502 3086 3542 cursum
3114 3496 3277 3557 aptus
3315 3494 3401 3541 est
3437 3486 3565 3542 talis

1969 3575 2194 3643 dicitur,
2230 3593 2419 3633 verum
2451 3578 2611 3643 artis,
2650 3594 2715 3634 ex
2753 3596 2863 3650 qua
2897 3595 3005 3635 non
3038 3590 3201 3650 aptus
3240 3579 3307 3634 ad
3332 3595 3570 3634 curren-

1969 3669 2124 3733 dum,
2171 3670 2266 3725 sed
2320 3684 2520 3725 cursor
2558 3680 2614 3727 et
2647 3672 3042 3728 denominatur
3094 3681 3149 3728 ct
3200 3673 3568 3743 producitur;

1968 3761 2221 3817 similiter
2254 3762 2422 3817 etiam
2464 3765 2715 3835 aptitudo
2745 3765 2812 3821 ad
2847 3766 3150 3837 pugilatum
3182 3782 3292 3820 non
3325 3774 3410 3820 est
3472 3781 3574 3821 no-

1970 3869 2093 3908 men
2134 3855 2407 3924 poteutize,
2451 3858 2611 3928 cujus
2647 3856 2923 3928 particeps
2970 3858 3037 3912 ad
3076 3857 3379 3929 pugilatqu
3412 3868 3574 3928 aptus

1970 3957 2201 4001 vocatur
2245 3949 2389 4014 talis,
2420 3965 2611 4004 verum
2642 3950 2797 4013 artis,
2826 3964 2891 4005 ex
2924 3965 3032 4020 qua
3072 3965 3181 4004 non
3228 3948 3298 4004 ad
3358 3950 3575 4020 pugila—

1975 4047 2089 4094 tum
2125 4050 2309 4111 aptus,
2344 4042 2437 4097 sed
2468 4043 2619 4115 pugil
2654 4044 2772 4098 sive
2802 4044 3081 4113 pugilatus
3125 4055 3336 4113 gnarus
3368 4054 3423 4097 et
3473 4044 3574 4098 de-

1964 4133 2284 4189 uominatur
2309 4144 2364 4189 et
2388 4135 2445 4190 ﬁt
2472 4137 2615 4192 talis.
2647 4136 2703 4190 In
2728 4136 3089 4206 paucioribus
3126 4144 3312 4189 autem
3343 4134 3395 4189 id
3422 4136 3578 4191 inve-

1964 4225 2154 4290 nitur;
2197 4226 2252 4280 in
2280 4226 2537 4297 plurimis
2563 4227 2974 4283 denominative
3030 4226 3365 4297 praedicatur
3398 4227 3577 4297 quali-

1966 4328 2051 4373 tas
2077 4318 2145 4375 de
2180 4319 2269 4382 iis,
2298 4320 2394 4391 qui
2421 4320 2543 4391 ejus
2575 4321 2872 4393 participes
2904 4329 3055 4376 sunt.
3094 4320 3577 4388 Quemadmodum

256 4406 378 4461 τῶν
424 4408 804 4478 μετασχόντων
836 4409 1014 4479 αὐτῆς
1051 4410 1152 4481 οὐχ
1189 4409 1392 4482 ὁμοίως
1431 4411 1853 4481 κατηγορεῖται,

1971 4426 2099 4467 vero
2128 4412 2367 4483 qualitas
2400 4428 2511 4468 non
2550 4413 2745 4470 eodem
2778 4413 2939 4470 modo
2969 4413 3039 4470 de
3090 4414 3159 4470 iis
3202 4413 3568 4485 praedicatur,

1834 4531 2067 4592 NOTIE.

339 4626 455 4701 (3;)
488 4627 736 4701 διαφέρει
764 4629 916 4686 addit
939 4628 1087 4686 lion.

338 4699 456 4773 (55)
482 4699 631 4773 Man.
658 4699 917 4773 διαμένῃ.

341 4771 457 4845 (54)
488 4770 726 4845 Μοιιητὸ
748 4770 938 4845 πάθᾷς.

365 4841 455 4911 55)
492 4841 819 4912 ὀνομάζεται
850 4843 1002 4899 deest
1032 4843 1085 4898 in
1118 4842 1264 4898 Mon.

366 4913 456 4984 56)
484 4912 542 4966 δέ
575 4915 755 4985 omitt.
793 4912 964 4979 Mum,
1019 4916 1113 4984 qui
1148 4930 1274 4969 cum
1312 4912 1482 4970 Arist.
1510 4928 1560 4968 c.
1598 4913 1662 4980 8,
1694 4912 1722 4985 §
1749 4914 1817 4968 14
1848 4931 1864 4970 :

269 4984 461 5066 εχῆμά
478 5000 548 5066 ’γε
579 4984 733 5066 καξή
766 4986 897 5066 περὶ
922 4986 1156 5041 ἕκαστον
1213 4984 1537 5057 ὑπάρχουσα
1567 4984 1755 5059 μορφή
1792 4986 1865 5056 (c.

272 5053 341 5119 ϐξ
358 5053 413 5125 p.
442 5054 509 5125 15
528 5055 623 5125 βό.
658 5053 838 5125 Paris.

346 5124 459 5194 (37)
498 5124 622 5179 Vat.
649 5124 687 5178 r.
714 5126 807 5179 tet
841 5124 895 5183 ι).
924 5126 1018 5179 ἐπὶ
1036 5126 1135 5194 ἀψ.

502 5194 649 5269 Mori.
695 5197 926 5269 Τούτοις
954 5197 1011 5250 δὲ
1043 5198 1173 5269 εἰσί.

347 5264 461 5333 (59)
500 5264 644 5321 Μοη.
667 5268 762 5320 καὶ
788 5269 859 5322 τὰ
879 5269 1063 5337 ὃμοια.
1097 5268 1392 5339 Sequentia
1412 5268 1574 5324 verba
1594 5267 1872 5326 destructa

273 5338 453 5412 plane,
478 5347 606 5412 sunt
647 5353 822 5412 usque
845 5340 912 5393 ad
940 5340 1019 5410 τῷ
1045 5338 1312 5412 σχήματι.

373 5408 463 5474 40)
495 5405 638 5464 Men.
690 5405 978 5478 ἀνάγεται.

488 5479 635 5553 hicn.
668 5480 766 5534 καὶ
794 5482 906 5551 γὰρ
932 5481 1043 5535 τισ⁹ι
1074 5482 1175 5551 μὲν
1198 5482 1345 5550 ἔδοξε
1368 5483 1545 5537 εἰπεῖν
1582 5499 1670 5553 σχ.

346 5549 461 5624 (4ᾓ)
497 5550 644 5624 Mori.
683 5552 817 5624 ἔνιοι
846 5549 924 5617 δὲ,
955 5549 1147 5624 σχῆμά
1174 5555 1292 5606 ἐστι
1318 5555 1379 5607 τὸ
1401 5554 1454 5608 ὑ.

344 5621 459 5694 (4)3?)
488 5621 651 5694 Man.
679 5622 804 5677 οὐδὲ
827 5624 933 5677 ὑπὸ
957 5621 1021 5678 τί
1037 5621 1095 5694 μ.
1116 5625 1403 5694 ἀνάγεται.

342 5692 460 5766 (44)
487 5692 638 5748 Mou.
668 5693 793 5748 καθ’
814 5694 955 5749 αύτά
986 5692 1046 5749 δέ
1089 5692 1267 5749 εἰσι..⁸
1322 5695 1499 5750 ταῦτα
1554 5696 1717 5765 ἀναγ.
1764 5693 1873 5750 ὑπὸ

268 5782 326 5819 τ.
357 5780 419 5818 π.

345 5835 469 5960 (45)
490 5830 637 5891 Loco
664 5836 1013 5905 sequentium
1033 5835 1147 5892 haec
1166 5836 1439 5891 habentur
1461 5837 1513 5891 in
1548 5835 1690 5890 Mon.
1722 5855 1734 5890 :
1761 5829 1874 5890 A6-

270 5921 369 5960 ται
400 5922 441 5960 υ.
474 5924 502 5960 ν
527 5902 624 5960 οὖν
650 5906 761 5960 εἱσι
794 5908 1080 5960 ποιότητες
1103 5926 1115 5937 ·
1152 5908 1219 5960 τὰ
1259 5908 1316 5960 δὲ
1347 5909 1440 5960 ὑπ’
1489 5908 1675 5960 αὐτῶν
1716 5907 1873 5960 λεγό-

270 5902 369 5961 ea:
399 5902 502 5978 μὲν
527 5902 624 5963 οὖν
650 5902 761 5963 εἱσι
794 5908 1080 5979 ποιότητες
1103 5926 1115 5937 ·
1152 5908 1219 5963 τὰ
1259 5908 1316 5962 δὲ
1347 5909 1440 5962 ὑπ’
1489 5908 1675 5962 αὐτῶν
1716 5907 1873 5977 λεγό-

2044 4651 2112 4689 να
2147 4635 2280 4691 ποιά
2308 4635 2469 4691 εἰσιν.
2504 4635 2566 4690 ού
2592 4634 2881 4706 ποιότητες
2904 4651 2921 4667 ·
2960 4633 3056 4689 καὶ
3079 4632 3191 4704 γὰρ
3238 4630 3303 4706 τδ
3338 4631 3441 4706 μὲν
3489 4630 3583 4683 εύ-

2008 4705 2181 4779 ὺῇἀπδ
2208 4710 2311 4779 τῆς
2330 4706 2663 4779 εὐθύτητος,
2690 4708 2751 4760 τὸ
2774 4703 3280 4779 ’δὲᾼκαμπύλονάπρ
3305 4703 3411 4779 ⁸τῆς
3437 4719 3582 4779 κ-αμ-

1972 4773 2275 4850 πυλότητος
2301 4773 2768 4850 [λεγόμεναμὼς
2795 4773 3049 4849 εἴρηται,
3081 4776 3185 4850 οὐκ
3219 4773 3327 4826 εἰσὶ
3355 4773 3581 4850 ποιότη-

1968 4863 2084 4911 τες,
2116 4842 2255 4903 ἀλλὰ
2301 4842 2520 4917 ’μᾶλλον
2553 4842 2686 4902 πόιά
2744 4842 3187 4912 ὄντα,’τουτέστι
3223 4842 3584 4912 πεποιωμένα

1973 4917 2080 4967 ὑπὸ
2113 4918 2177 4967 τὸ
2238 4920 2452 4967 κεῖσθαι
2504 4920 2927 4967 ἀνανθήσονται-
2965 4918 3161 4967 ὥσπερ
3197 4915 3382 4967 καὶτὸ
3416 4912 3584 4967 μανὸν

1973 4917 2080 4971 ὑπὸ
2113 4918 2177 4972 τὸ
2238 4920 2452 4974 κεῖσθαι
2504 4920 2928 4989 ἀναχθήσονται,
2965 4918 3161 4987 ὥσπερ
3197 4917 3293 4969 καὶ
3321 4917 3382 4967 τὸ
3415 4917 3585 4985 μανὸν

1979 4988 2171 5060 καὶτὸ
2207 4990 2415 5044 πυκνὸν
2454 4990 2636 5044 καὶτὸ
2661 4990 2835 5060 τραχὺ
2860 4990 2956 5043 καὶ
2994 4988 3057 5043 τὸ
3092 4987 3257 5041 λεῖον.

2058 5059 2173 5129 (46)
2202 5059 2349 5117 Mon.
2377 5059 2879 5131 ἀκατωνομάστως.

2030 5125 2169 5218 ’(47)
2197 5131 2344 5218 hicn.
2382 5134 2445 5186 οὐ
2470 5125 2823 5206 παρωνύμως
2842 5130 2951 5184 ἀπὸ
2999 5129 3099 5200 τῆς
3126 5127 3353 5201 ἀρετῆς,
3383 5125 3588 5199 ἐτερω-

1983 5219 2172 5349 νυῗέὲῗ
2196 5203 2357 5349 3.3.00-
2391 5275 2470 5349 ὡς
2497 5276 2538 5349 ὁ,
2568 5292 2654 5338 πον
2686 5273 2723 5349 ἢ
2737 5270 3175 5349 δρομοηλέγεῖαι·
3257 5339 3281 5349 -

2059 5339 2442 5429 (νυνι-,οὺ
2479 5346 2591 5429 γάρ
2638 5339 2816 5429 κεῖῑάι
2842 5339 2936 5415 υτῇ
2970 5339 3217 5429 amem
3254 5339 3425 5429 δγφμς
3454 5339 3587 5429 θεῖτε

1988 5410 2277 5494 (ξίὲξῆς)
2331 5410 2529 5494 οὕτως-
2560 5410 3212 5494 ἔπομιώθησανΪ-Βᾳιὶιιυει
3275 5410 3584 5494 desunth

1981 5481 2128 5558 Men.
2160 5481 2335 5558 usque
2362 5488 2428 5542 ad
2476 5488 2567 5543 illa
2622 5488 2713 5542 hic
2770 5481 3085 5541 immediate
3126 5481 3425 5551 sequentia
3454 5498 3467 5536 :
3492 5481 3584 5533 ἐπ’

1980 5557 2289 5612 ἐλαττόνων
2308 5560 2450 5631 (not.
2486 5559 2563 5629 6).

2054 5629 2170 5696 (50)
2201 5628 2325 5685 Vat.
2360 5640 2414 5685 et
2439 5630 2643 5699 Apogr.
2668 5626 2740 5699 6E
2768 5620 2857 5699 ἦς.

2049 5695 2163 5771 (51)
2202 5700 2315 5771 Ιειε
2374 5695 2539 5757 verba
2564 5695 2679 5753 Ἐπ’
2725 5695 3028 5771 ἐλαττόνων
3059 5697 3117 5751 δὲ
3142 5727 3217 5740 -
3248 5695 3587 5771 μετεχόντων

1982 5766 2153 5915 ἓὺἇῆξ
2271 5770 2419 5829 Men.
2451 5771 2732 5844 leguntur.
2770 5769 2977 5828 Caetera
3000 5784 3178 5841 usque
3196 5766 3266 5825 ad
3296 5766 3396 5827 ﬁn.
3422 5766 3592 5839 hujus

2089 5861 2116 5900 e
2154 5860 2222 5899 Ill
2252 5880 2270 5899 .

2089 5858 2270 5900 esum.
