4110 6446
486 398 594 468 791
1434 428 1437 431 λ
1652 405 1920 466 PHOTII
1947 403 2115 466 PATI

2226 402 2453 465 .RCIL‘E
2487 402 2595 464 (ΖΡ.
3655 399 3766 463 792

484 519 579 591 qui
615 519 737 587 ejus
770 528 901 575 sunt
922 519 1238 591 participes,
1274 520 1369 576 sed
1420 520 1488 576 de
1535 522 1658 579 aliis
1713 523 1935 593 quidem
1971 524 2069 577 de—
2103 545 2115 580 Α

2226 520 2313 575 ea:
2340 521 2451 574 τῶν
2497 520 2596 591 μὲν
2630 517 2979 592 παρωνύμως
3008 515 3123 585 (52)
3145 558 3160 583 ,
3196 514 3307 570 τῶν
3331 514 3389 569 δὲ
3420 514 3767 585 ὁμωνύμως,

481 610 845 678 nominative,
887 612 954 667 de
992 612 1116 668 aliis
1156 628 1287 669 vero
1315 614 1617 684 tequivoce,
1686 615 1756 671 de
1785 616 1909 670 aliis
1954 631 2078 669 rur-

2226 611 2289 666 Iw
2325 611 2383 665 δὲ
2419 609 2803 682 έτερωνύμως,
2839 607 2951 663 τῶν
2990 607 3049 662 δὲ
3087 606 3580 677 ἀκατονομάστως·
3623 604 3771 660 οὑτω

488 720 612 759 sum
649 704 1012 770 diversivoce,
1040 705 1108 761 de
1141 706 1267 762 aliis
1306 707 1661 764 incilabiliter
1696 709 1906 777 absque
1947 725 2077 779 pro--

2226 705 2274 777 ὴ,
2311 704 2454 758 οὑτω
2486 704 2580 759 καὶ
2610 703 2679 757 τὰ
2705 704 3044 775 μετασχόντα
3082 701 3255 772 αὑτῆς
3294 700 3393 773 οὑχ
3421 700 3625 772 ὁμοίως
3653 698 3771 752 ἐστι

488 796 611 865 prio
645 796 902 851 nomine:
931 797 1184 852 eumdem
1219 799 1273 853 in
1319 799 1544 855 modum
1602 808 1658 855 et
1703 815 1767 855 ea
1816 816 1935 870 quae
1985 800 2078 854 illa

2226 815 2238 850 ε
2267 798 2363 851 καὶ
2390 796 2612 866 λέγεται
2636 797 2791 859 ποιὰ,
2816 794 2934 849 ἀλλ’
2961 794 3063 849 ὅσα
3094 793 3193 861 μὲν
3218 794 3599 863 μετεσχηκότα
3629 790 3775 845 ποιό-

490 888 827 957 participant
860 889 1006 943 haud
1056 890 1245 945 eadem
1276 892 1488 947 ratione
1540 892 1725 963 qualia
1783 903 1897 947 tum
1950 901 2081 949 sunt

2226 909 2341 964 ητος
2372 892 2528 946 οὑδέν
2568 908 2621 945 τι
2652 890 2782 962 περ).
2813 890 2912 962 τὴν
2944 890 3053 943 τῶν
3083 890 3289 960 μορίων
3318 888 3467 942 θέσιν
3505 887 3773 957 ὑπέμεινε

489 988 603 1034 tum
627 979 921 1044 dicuntur;
951 995 1142 1034 verum
1185 996 1528 1051 quaecunque
1576 982 1860 1051 qualitatis
1888 982 2080 1039 eﬂ‘ecta

2226 985 2394 1049 αινὸν,
2426 984 2602 1039 ταῦτα
2639 982 2845 1055 κυρίως
2883 981 2999 1035 εστι
3026 999 3084 1035 τε
3117 981 3215 1035 καὶ
3257 980 3457 1049 λέγοιτ’
3502 979 3569 1034 ἂν
3597 977 3731 1032 ποιά
3752 990 3770 1008 ⁶

491 1069 777 1139 participia
824 1071 1030 1125 nullam
1061 1071 1206 1126 circa
1235 1073 1469 1141 partium
1530 1074 1858 1144 positionem
1923 1075 2083 1129 inno-

2226 1097 2283 1132 τα
2306 1078 2363 1133 δὲ
2394 1077 2494 1149 τὴν
2520 1076 2670 1132 θέσιν
2698 1075 2809 1130 τῶν
2838 1075 3042 1147 μορίων
3079 1073 3325 1145 ἠμείφθη
3347 1115 3361 1139 ,
3393 1073 3543 1126 θέσιν
3577 1071 3776 1142 ἔχοντα

493 1162 768 1215 vationem
798 1160 1108 1227 subierunt,
1140 1164 1253 1219 haec
1282 1166 1502 1235 pr0prie
1534 1167 1721 1236 qualia
1774 1179 1939 1221 erunt
1997 1169 2083 1224 di-

2232 1170 2391 1224 ἄλλον
2420 1169 2487 1224 ἂν
2516 1167 2733 1240 ῥηθείη,
2760 1166 2876 1221 ἀλλ’
2907 1168 2971 1221 οὑ
3006 1165 3158 1219 ποιά.
3196 1166 3258 1217 '0
3286 1162 3419 1233 γοῦν
3451 1179 3773 1234 γραμματι-

494 1262 797 1323 caniturque
823 1272 839 1321 ;
869 1270 1209 1326 quacunque
1268 1266 1452 1312 autem
1489 1258 1819 1327 positionem
1843 1260 2081 1328 partium

2226 1262 2282 1327 δς
2318 1260 2416 1317 καὶ
2448 1263 2477 1315 ὁ
2498 1261 2706 1324 δίκαιος
2728 1260 2825 1313 καὶ
2846 1261 2875 1313 ὁ
2896 1257 3155 1331 ἑρυθρίας
3174 1256 3270 1310 καὶ
3300 1255 3369 1309 τὰ
3397 1255 3561 1324 ὃμοια
3587 1255 3673 1324 εἴη
3706 1253 3776 1307 ἂν

500 1344 666 1399 aliam
697 1353 750 1399 et
780 1345 947 1400 aliam
990 1358 1377 1416 susceperunt,
1436 1350 1763 1419 positionem
1830 1351 2084 1407 habentia

2228 1356 2406 1425 Upim;
2435 1352 2583 1408 ποιά·
2628 1350 2995 1423 μετειληφότα
3024 1350 3134 1420 γὰρ
3158 1347 3263 1418 τῆς
3300 1346 3509 1409 οίκείας
3539 1344 3775 1399 ἕκαστον

498 1435 682 1504 potius
708 1450 875 1505 quam
902 1437 1084 1505 qualia
1119 1438 1348 1494 dicenda
1378 1455 1501 1495 esse
1551 1440 1827 1498 videntur.
1888 1441 2087 1498 Gram-

2226 1444 2477 1515 τοιότητος
2504 1442 2627 1497 κατ’
2646 1441 2776 1497 ἄλλο
2809 1440 2910 1511 μέν
2933 1457 2988 1494 τι
3014 1436 3319 1510 ἠλλοιώθη,
3344 1438 3444 1507 τῆς
3477 1434 3535 1488 δὲ
3571 1434 3777 1504 μορίων

500 1527 733 1582 maticus
755 1528 919 1597 igitur
946 1539 1000 1583 et
1052 1530 1237 1600 justus
1291 1540 1347 1586 et
1384 1532 1722 1590 rubicundus
1764 1543 1819 1590 et
1868 1535 1973 1591 alia
2034 1536 2088 1591 id

2230 1535 2358 1591 ὑτοῦ
2400 1533 2603 1597 θέσεως
2636 1531 2895 1602 οὐδεμίαν
2937 1529 3063 1600 ἔσχε
3108 1526 3448 1599 μεταϐολήν
3484 1524 3546 1578 τὸ
3593 1524 3778 1595 μέντοι

501 1634 673 1687 genus
705 1620 923 1690 proprie
956 1622 1140 1690 qualia
1181 1622 1423 1691 fuerint;
1455 1626 1885 1698 unumquodque
1935 1628 2084 1684 enim

2226 1629 2364 1682 ιανδν
2394 1626 2571 1681 καὶτὸ
2595 1625 2800 1679 πυκνὸν
2828 1623 2926 1678 καὶ
2948 1622 3010 1677 τὸ
3032 1621 3206 1693 τραχὺ
3232 1620 3327 1673 καὶ
3351 1619 3413 1672 τὸ
3439 1617 3604 1683 λεῖον,
3632 1633 3778 1686 καμο

501 1722 691 1763 cnrum
720 1710 953 1779 propriae
978 1711 1264 1780 qualitatis
1314 1710 1521 1767 factum
1564 1715 1838 1785 particeps
1894 1730 2093 1771 secun-

2226 1720 2364 1774 ξύλον
2402 1735 2461 1772 τε
2501 1718 2597 1770 καὶ
2635 1715 2696 1769 τὸ
2733 1715 2863 1769 εὐθὺ
2900 1713 2997 1768 καὶ
3040 1713 3094 1767 εί
3123 1729 3176 1766 τι
3203 1712 3424 1783 ὅμοιον,
3453 1708 3654 1765 αὐτίκα
3684 1705 3778 1760 τοῦ

500 1800 631 1854 dum
664 1801 813 1856 aliud
851 1802 1131 1873 quidpiam
1166 1804 1516 1860 immutatum
1549 1818 1653 1872 est,
1685 1808 1832 1861 circa
1857 1808 2088 1877 partium

2226 1813 2493 1882 ιετασχεῖν
2521 1809 2622 1879 τῆς
2648 1805 2989 1879 παρωνύμου
3034 1802 3324 1874 ποιότητος
3358 1801 3456 1857 καὶ
3494 1799 3595 1871 τὴν
3628 1798 3780 1853 θέσιν

505 1899 688 1946 autem
721 1891 1052 1961 positionem
1106 1895 1318 1949 nullam
1384 1896 1824 1951 immutationem
1857 1874 2088 1953 habuit.

2226 1874 2706 1973 teraGé‘quxevtév
2733 1874 2939 1970 μορίων
2962 1896 3056 1951 καὶ
3074 1896 3109 1967 ἠ
3134 1895 3233 1966 τῆς
3256 1892 3544 1962 ποιότητος
3576 1888 3783 1959 μετοχὴ

507 1982 713 2038 Rarum
761 1992 943 2040 autem
986 1994 1042 2039 et
1092 1986 1367 2055 densum,
1416 1999 1471 2043 et
1519 2002 1778 2058 asperum
1830 1998 1885 2044 et
1922 1989 2095 2057 laeve,

2226 1997 2291 2067 ὑχ
2326 1994 2516 2065 ἕτερόν
2543 2011 2598 2046 τι
2626 1993 2862 2062 πρώτως
2890 1987 3186 2061 ἠλλοίωσεν
3204 2002 3218 2018 ο
3252 1983 3391 2039 ἀλλὰ
3417 1982 3517 2054 τὴν
3545 1980 3657 2036 τῶν
3685 1997 3784 2051 μο-

505 2074 791 2146 obliquum
824 2083 883 2132 et
914 2088 1121 2133 rectum
1155 2090 1209 2135 et
1234 2080 1281 2135 si
1325 2080 1455 2151 quid
1514 2082 1807 2150 ejusmodi,
1841 2083 2096 2153 protinus

2232 2088 2326 2141 ίων
2361 2086 2513 2140 θέσιν
2543 2084 2800 2157 ῆμειψεν,
2830 2082 2973 2137 ὥστε
3001 2080 3065 2134 οὑ
3102 2080 3259 2133 ποιὸν
3289 2076 3496 2148 κυρίως
3528 2071 3665 2128 ἀλλὰ
3694 2071 3787 2126 θέ-

509 2182 620 2221 una
664 2181 790 2223 cum
844 2170 1267 2240 participatione
1334 2173 1760 2229 denominalivze
1808 2175 2094 2245 qualitatis

2226 2197 2281 2233 ιν
2307 2179 2431 2250 ἔχον
2461 2178 2523 2232 τὸ
2551 2176 2872 2247 δεδεγμένον
2901 2173 3074 2244 αὑτὴν
3103 2170 3505 2242 ἀπειργάσατω
3537 2165 3635 2219 καὶ
3673 2163 3787 2235 γὰρ

508 2257 676 2312 etiam
703 2259 1034 2329 positionem
1096 2264 1335 2333 partium
1389 2266 1671 2321 transtulit
1719 2276 1775 2322 et
1810 2267 2094 2338 qualitatis

2226 2272 2259 2343 ὴ
2288 2270 2490 2325 πυκνὸν
2519 2269 2620 2340 μὲν
2652 2269 2769 2322 ἔστι
2817 2284 2879 2321 τε
2907 2266 3002 2321 καὶ
3027 2264 3247 2334 λέγεται
3270 2261 3409 2332 (55),
3438 2250 3500 2312 οὑ
3524 2257 3593 2311 τὰ
3623 2254 3789 2327 μόρια

509 2350 856 2419 participatio
882 2352 1110 2409 minime
1141 2356 1290 2411 aliud
1324 2357 1456 2427 quid
1490 2358 1668 2427 primo
1691 2359 1950 2425 mutavit,
2002 2373 2098 2413 ve-

2229 2364 2367 2431 γγὺς
2411 2361 2659 2432 ἀλλήλων
2690 2361 2904 2413 κεῖται·
2950 2356 3116 2429 μανὸν
3162 2354 3221 2408 δὲ
3259 2346 3321 2407 οὑ
3357 2352 3428 2406 τὰ
3465 2350 3629 2422 μόρια
3672 2345 3787 2417 (54)

508 2456 631 2496 rum
668 2444 902 2511 partium
942 2448 1273 2516 positionem
1305 2451 1703 2518 commutavit;
1734 2451 2096 2521 quamobrem

2226 2452 2519 2525 ἱιεστήκασί
2552 2469 2670 2514 πως
2692 2454 2789 2505 καὶ
2819 2451 3110 2523 διῄρηνται
3142 2446 3412 2517 ἁλλήλων’
3450 2441 3613 2497 πάλιν
3646 2441 3790 2494 λεῖον

508 2548 616 2589 non
653 2538 872 2607 proprie
909 2539 1086 2610 quale,
1128 2542 1220 2598 sed
1285 2541 1469 2613 potius
1516 2544 1848 2613 positionem
1894 2544 2103 2601 habens

2226 2547 2309 2601 ιὲν
2346 2540 2409 2600 οὑ
2434 2547 2505 2600 τὰ
2548 2545 2716 2618 μόρια
2749 2544 2951 2615 ἐφεξῆς
2990 2542 3239 2612 ἀλλήλων
3267 2541 3446 2594 κεῖται
3478 2536 3613 2604 (55),
3651 2532 3791 2604 μήτε

510 2628 745 2685 reddidit
768 2631 823 2686 id
869 2634 1013 2703 quod
1049 2635 1195 2690 illam
1226 2637 1492 2706 suscepit.
1530 2636 1743 2691 Etenim
1794 2639 2026 2694 densum
2051 2646 2106 2694 et

2226 2657 2262 2692 ιν
2291 2639 2531 2710 ὑπεροχῇ
2560 2654 2668 2691 τινι
2698 2636 2834 2707 πρὸς
2863 2635 3033 2689 ἑαυτὰ
3066 2634 3188 2706 μήτ’
3216 2634 3274 2685 ὲν
3298 2628 3630 2684 ταπεινώσει
3649 2641 3794 2695 παρ-

513 2726 600 2773 est
650 2730 706 2776 et
749 2722 955 2779 dicitur
1010 2725 1142 2781 illud
1188 2727 1352 2794 cujus
1411 2738 1595 2799 partes
1661 2729 1913 2799 proxime
1959 2729 2101 2784 inter

2226 2731 2572 2785 ἀλάττοντα·
2602 2730 2778 2800 τραχὺ
2836 2728 2913 2791 δὲ,
2956 2721 3019 2781 οὑ
3068 2726 3138 2781 τὰ
3181 2724 3347 2795 μόρια
3381 2721 3494 2793 (56)
3532 2717 3794 2788 ὑπερέχει

513 2823 573 2862 se
589 2808 803 2879 junctae
837 2822 997 2882 sunt;
1050 2832 1241 2872 rarum
1265 2832 1398 2873 vero
1446 2818 1610 2888 cujus
1662 2828 1846 2889 partes
1895 2819 2104 2875 distant

2226 2823 2458 2894 ὶλλήλων
2484 2822 2518 2893 ἢ
2541 2821 2800 2875 manet-
2821 2818 3113 2875 καὶταῦτα
3137 2817 3236 2888 μὲν
3258 2815 3354 2869 ἐπὶ
3377 2811 3633 2867 τοσοῦτον
3656 2807 3791 2880 (57).

513 2901 919 2970 quodammodo
934 2907 1070 2963 etab
1098 2908 1329 2964 invicem
1348 2909 1662 2964 dividuntur
1688 2926 1947 2977 ;rursum
1974 2910 2107 2965 laeve

513 3007 619 3066 θεῖν
677 3002 839 3072 cujus
895 3014 1078 3074 partes
1132 3006 1368 3061 invicem
1425 3006 1621 3077 posita:
1680 3016 1814 3062 sunt
1867 3006 2191 3078 (secundum
2251 3004 2485 3073 rectam)
2511 3018 2619 3059 una
2686 3009 2811 3073 post
2870 2998 3057 3064 aliam,
3119 3011 3298 3067 neque
3369 3008 3437 3048 eo
3491 2990 3638 3062 quod
3688 3001 3797 3042 una

514 3114 680 3168 supra
704 3099 867 3155 aliam
892 3100 1137 3157 emineat
1188 3118 1367 3173 neque
1403 3117 1470 3157 eo
1518 3102 1665 3173 quod
1708 3116 1817 3158 una
1872 3100 2100 3157 inferior
2137 3101 2210 3157 sit
2241 3115 2305 3155 ac
2336 3099 2638 3172 subsident,
2700 3095 2769 3151 ad
2832 3096 3064 3151 invicem
3123 3092 3478 3155 differentes;
3542 3101 3789 3157 asperum

513 3208 647 3249 vero
677 3202 761 3250 est
784 3194 944 3263 cujus
983 3210 1112 3265 pars
1156 3195 1380 3265 quidem
1421 3198 1682 3263 emineat,
1736 3214 1865 3268 pars
1917 3206 2100 3253 autem
2133 3196 2435 3252 subsideat.
2466 3195 2539 3249 De
2578 3194 2666 3250 his
2695 3193 2987 3249 hactenus.

590 3286 644 3341 6.
676 3285 937 3353 Qualitati
968 3295 1097 3342 sunt
1142 3287 1509 3357 proprietates
1550 3298 1812 3359 quatuor.
1856 3289 2099 3357 Quarum

2280 3292 2357 3354 ς’.
2393 3287 2546 3358 Ἔχει
2581 3284 2639 3338 δὲ
2680 3284 2787 3338 ἴδια
2818 3281 2967 3355 τρία·
2994 3279 3055 3335 ἓν
3082 3279 3182 3352 μὲν
3212 3277 3348 3349 (58),
3381 3277 3442 3331 τὸ
3471 3274 3617 3347 ἔχειν
3646 3272 3802 3328 ἔναν-

516 3380 695 3450 prima
742 3380 795 3434 in
848 3396 917 3435 eo
944 3388 1030 3438 est
1058 3381 1206 3451 quod
1253 3382 1419 3436 habet
1464 3383 1835 3437 contrarium.
1882 3382 2109 3439 Justitia

2226 3380 2347 3434 πίον·
2378 3379 2412 3450 ἡ
2444 3378 2553 3448 γὰρ
2579 3373 2895 3445 δικαιοσύνη
2925 3376 2994 3446 τῇ
3029 3371 3217 3443 ἀδικίᾳ
3239 3369 3391 3425 ἐστὶν
3416 3365 3636 3423 ἐναντία
3663 3362 3801 3436 (59)°

518 3470 668 3524 enim
715 3468 1000 3539 injustitim
1030 3472 1312 3527 contraria
1335 3483 1440 3527 est.
1473 3470 1600 3526 llaec
1638 3488 1772 3526 vero
1802 3473 2112 3543 proprietas

522 3577 702 3629 neque
739 3562 840 3616 soli
871 3562 1120 3631 qualitati
1145 3563 1423 3627 convenit,
1451 3579 1631 3634 neque
1657 3565 1805 3619 omni
1829 3582 1844 3630 ;
1877 3581 1985 3619 non
2010 3564 2113 3619 soli

522 3653 745 3722 quidem
771 3694 788 3719 ,
820 3655 1080 3722 quoniam
1126 3656 1385 3710 convenit
1414 3672 1635 3727 quoque
1668 3658 1876 3712 actioni
1903 3666 1957 3712 et
1992 3673 2117 3728 pas-

523 3744 668 3799 sioni
693 3783 709 3808 ,
756 3754 814 3799 ut
852 3744 993 3799 infra
1045 3746 1303 3813 dicetur;
1341 3762 1449 3801 non
1481 3749 1632 3802 omni
1673 3764 1822 3815 vero,
1854 3751 2114 3819 quoniam

526 3837 745 3907 pallori,
778 3837 874 3906 qui
912 3846 967 3893 et
1004 3836 1120 3908 ipse
1156 3839 1398 3908 qualitas
1445 3853 1555 3907 est,
1597 3841 1735 3895 nihil
1774 3852 1859 3897 est
1894 3854 2118 3898 contra-

527 3929 696 3983 rium.
722 3929 904 3984 Altera
939 3929 1249 3999 proprietas
1281 3940 1385 3995 est,
1421 3932 1566 4001 quod
1594 3946 1701 3985 non
1741 3933 1973 4002 suscipit
1999 3949 2115 3987 ma-

527 4022 610 4091 gis
650 4031 704 4074 et
733 4021 938 4076 minus.
981 4019 1172 4091 Neque
1210 4022 1357 4077 enim
1405 4031 1490 4077 est
1539 4023 1898 4094 grammatica
1944 4026 2116 4096 magis

528 4112 885 4182 grammatica
919 4129 1086 4183 quam
1123 4114 1480 4183 grammatica
1501 4153 1517 4179 ,
1547 4130 1725 4184 neque
1750 4115 1964 4185 justitia
1994 4132 2115 4171 ma-

530 4207 613 4277 gis
635 4222 797 4277 quam
826 4207 1060 4278 justitia.
1084 4207 1342 4261 Attamen
1373 4205 1730 4278 justusjusto
1759 4218 1813 4264 et
1835 4224 2113 4279 gramma-

533 4299 677 4354 ticus
704 4299 1062 4369 grammatico
1103 4300 1277 4369 magis
1310 4299 1393 4353 vel
1444 4300 1630 4355 minus
1676 4301 1848 4371 (talis)
1892 4300 2119 4356 dicitur.

534 4390 663 4449 Haec
704 4410 835 4448 vero
869 4395 1178 4465 proprietas
1218 4410 1394 4465 neque
1436 4395 1587 4451 omni
1622 4396 1889 4465 qualitate
1921 4395 2119 4452 affecto

534 4484 793 4538 convenit
825 4499 999 4554 neque
1032 4484 1167 4551 soli;
1204 4499 1311 4538 non
1344 4484 1446 4539 soli
1471 4486 1692 4556 quidem
1716 4527 1732 4551 ,
1767 4486 1896 4556 quia
1926 4488 2119 4541 eadem

538 4577 823 4647 potiuntur
851 4588 906 4632 et
936 4592 1099 4649 agere
1145 4586 1199 4631 et
1236 4576 1392 4647 pati;
1436 4592 1546 4631 non
1592 4577 1742 4631 omni
1786 4592 1952 4642 vero,
1989 4578 2119 4647 quia

537 4668 975 4741 quadrangulum
1005 4677 1061 4724 et
1085 4668 1446 4740 triangulum,
1473 4684 1596 4739 qua:
1621 4668 1807 4738 qualia
1835 4678 1984 4734 sunt,
2012 4669 2049 4724 i.
2069 4685 2121 4724 ε.

2212 3470 2369 3526 τοῦτο
2394 3471 2451 3524 δὲ
2477 3470 2539 3524 τὸ
2569 3470 2699 3523 ίδιον
2738 3467 2854 3540 (60)
2891 3467 2987 3520 καὶ
3017 3465 3081 3519 οὑ
3129 3463 3269 3537 μόνῃ
3294 3464 3361 3533 τῇ
3393 3457 3644 3528 ποιότητι
3683 3457 3804 3511 ἐστι

2213 3565 2310 3618 καὶ
2337 3564 2398 3618 οὑ
2428 3565 2599 3635 πάσῃ*
2629 3563 2692 3615 οὑ
2741 3560 2878 3634 μόνῃ
2922 3560 3045 3632 μὲν,
3076 3555 3263 3626 ἐπειδὴ
3299 3556 3416 3609 ἐστι
3458 3552 3556 3607 καὶ
3579 3549 3659 3621 τῷ
3688 3548 3805 3618 (61)

2216 3658 2395 3710 ποιεῖν
2434 3655 2527 3709 καὶ
2565 3653 2643 3724 τῷ
2682 3652 2940 3722 πάσχειν,
2980 3649 3056 3713 ὡς
3083 3647 3311 3718 ὕστερον
3340 3643 3668 3715 λεχθήσεται
3691 3655 3706 3669 ο
3740 3638 3803 3690 οὑ

2218 3746 2370 3815 πάσῃ
2402 3744 2483 3808 δὲ,
2525 3742 2718 3813 ἐπειδὴ
2759 3743 2827 3812 τῇ
2871 3740 3145 3810 ὠχρότητι
3199 3736 3365 3790 πάλιν
3401 3732 3514 3803 (62)
3555 3728 3806 3799 ποιότητι

2217 3835 2356 3908 οὔσῃ
2403 3836 2557 3890 οὐδέν
2586 3837 2734 3888 ἐστιν
2770 3831 3014 3888 ἐναντίον
3034 3846 3049 3861 ·
3094 3830 3379 3900 δεύτερον,
3411 3824 3473 3880 τὸ
3504 3822 3582 3895 μὴ
3629 3820 3809 3877 ὲπιδέ-

2219 3930 2412 4003 χεσθαι
2440 3928 2555 4001 (65)
2593 3928 2655 3982 τὸ
2690 3926 2891 3999 μᾶλλον
2925 3925 3021 3980 καὶ
3066 3921 3172 3995 [τὸ]
3198 3915 3395 3993 ἥττον’
3421 3919 3482 3972 οὑ
3510 3916 3621 3986 γάρ
3652 3914 3809 4003 ἐστιν

2221 4000 2256 4095 ἦ
2292 4000 2659 4093 γραμματικὴ
2686 4021 2786 4088 τῆς
2829 4014 3232 4090 γραμματικῆς
3270 4010 3472 4084 μᾶλλον
3505 4008 3602 4062 καὶ
3646 4000 3810 4077 ἧττον

2220 4113 2610 4187 γραμματικὴ,
2641 4111 2747 4167 οὐδ’
2774 4113 2807 4182 ἡ
2848 4108 3165 4178 δικαιοσύνη
3189 4105 3292 4174 τῆς
3317 4098 3670 4167 δικαιοσύνης
3692 4112 3707 4128 ’
3734 4095 3813 4187 8t-

2222 4186 2381 4272 καιος
2415 4208 2601 4279 μέντοι
2630 4204 2841 4259 δικαίου
2871 4202 2969 4257 καὶ
2997 4194 3389 4271 γραμματικὸς
3419 4186 3812 4263 γραμματικοῦ

2228 4302 2431 4373 μᾶλλον
2460 4300 2554 4355 καὶ
2576 4294 2743 4371 ἦττον
2772 4296 3011 4365 λέγεται·
3046 4292 3206 4347 τοῦτο
3226 4290 3286 4342 δὲ
3310 4290 3372 4341 τὸ
3401 4286 3533 4339 ἴδιον
3558 4283 3618 4337 οὑ
3652 4279 3816 4335 παντὶ

2225 4394 2304 4465 τῷ
2344 4392 2711 4463 πεποιωμένῳ
2744 4389 2862 4444 ἐστὶ
2901 4387 2997 4441 καὶ
3034 4387 3097 4440 ού
3154 4382 3333 4454 μόνῳ·
3378 4379 3439 4433 οὑ
3492 4377 3642 4449 μόνῳ
3682 4373 3816 4465 μὲν,

2228 4464 2416 4556 ἐπειδὴ
2448 4485 2565 4536 ἐστι
2593 4482 2688 4536 καὶ
2718 4480 2798 4551 τῷ
2828 4480 3002 4532 ποιεῖν
3030 4475 3124 4530 καὶ
3153 4471 3231 4543 τῷ
3270 4472 3527 4541 πάσχειν,
3558 4467 3620 4521 οὑ
3652 4464 3818 4518 παντὶ

2230 4574 2310 4640 δὲ,
2342 4553 2531 4645 ἐπειδὴ
2562 4572 2624 4626 τὸ
2646 4570 2989 4642 τετράγωνον
3015 4566 3110 4620 καὶ
3149 4563 3209 4617 τὸ
3240 4562 3504 4633 τρίγωνον
3536 4557 3651 4627 (64)
3685 4553 3817 4608 ποιὰ

2228 4667 2358 4720 δντα
2382 4664 2517 4737 (65),
2548 4662 2798 4719 τουτέστι
2838 4657 3222 4730 πεποιωμένα,
3253 4654 3355 4709 οὑκ
3382 4652 3498 4706 έστι
3529 4649 3641 4722 (66)
3679 4647 3818 4719 μᾶλ-

2064 4777 2311 4834 NOTAE.

612 4875 726 4947 (ὅὲ)
760 4876 896 4933 Cod.
930 4873 1284 4943 συνωνύμως.

616 4938 730 5019 (55)
766 4947 912 5002 Mon.
931 4938 1256 5019 immediate
1270 4951 1393 5014 post
1412 4940 1826 5019 verbaadducm
1862 4938 1889 5011 §
1917 4939 1971 5019 5,
2001 4947 2120 5019 not.

2293 4869 2408 4939 (62)
2440 4867 2605 4939 πάλιν
2638 4867 2791 4939 deest
2822 4864 2882 4939 in
2918 4861 3069 4939 Mon.

2612 4918 2699 5010 τό-
2712 4918 3098 5010 ἐπιδέχεσθαι
3116 4928 3179 4984 τὸ
3200 4928 3412 5010 Δμᾶλλον
3429 4926 3612 5010 mea
3632 4918 3818 5010 ἧττον*

546 4997 633 5088 40‘
646 4997 1428 5088 2.315.555iisetiam.
1461 4997 1714 5069 similiter
1744 5028 1759 5063 ι
1789 4997 1994 5065 πυῑςνόν
2027 5012 2115 5083 μὲν

2226 4997 2473 5088 τοῧτᾶδὲ
2505 5009 2567 5062 τὸ
2598 5008 2732 5088 ςδιον
2761 5008 2834 5061 οὺ
2883 4997 3018 5088 ξαῖς
3072 4997 3703 5088 πριότησι,,ὰλξξ

546 5087 656 5158 γάρ
685 5084 854 5152 ἐστιν,
880 5084 1117 5158 οἴδηξῌιιι
1150 5102 1338 5158 supra.

623 5150 736 5230 (54)
791 5150 940 5216 Men.
999 5150 1060 5230 of.
1113 5161 1184 5215 τὰ
1216 5150 1279 5227 ρ.

549 5225 662 5300 ἔχει
686 5225 877 5285 σ’λεῖον
908 5230 965 5284 δὲ
991 5225 1146 5293 οὗ...,
1175 5225 1245 5300 ιιιΔ
1266 5240 1451 5300 s_up_ra_.

2224 5079 2867 5153 notwpév0t;__01tdtpx§t_'
2886 5068 3204 5153 δικαιοσύνη
3228 5071 3325 5140 μὲν
3345 5070 3469 5153 ..γὰρ
3488 5069 3587 5153 τῆς
3617 5068 3826 5153 Suram:

1330 5125 1609 5208 διάστασίν
1641 5168 1765 5208 τινα
1790 5151 1823 5219 ἢ
1860 5125 2127 5219 ὰρςέίωσιν
2227 5125 3087 5221 ὂῦῐίἇέῗῖἲὰλλόνξκαι
3124 5125 3295 5221 ᾖπξτόν
3341 5125 3680 5221 δικαιοσύνη..
3705 5135 3829 5221 οὑδὲ

2224 5207 2592 5295 γραμματικὴ
2641 5207 3043 5295 γραμματικῆς
3073 5207 3275 5282 μᾶλλον
3310 5210 3712 5292 γραμματική·
3742 5207 3830 5295 ,δι-ἶ

1398 5277 1584 5373 εὐθείᾳ
1625 5295 1763 5367 μήτε
1802 5298 1861 5351 έν
1886 5296 2130 5371 ὑπεροχῇ
2229 5277 2602 5373 καίτξῦμέντοὶ
2637 5277 2848 5373 δίκαιός
2869 5288 2967 5367 καὶ
2992 5277 3403 5373 γραμματικοί).

554 5365 775 5445 μήτεέν
806 5371 1040 5445 ἐλλείψει
1073 5371 1405 5445 φαινόμενα·
1429 5365 1602 5436 τρ.δέ.

625 5436 737 5513 (56)
770 5436 1096 5497 τούναντίον
1117 5436 1248 5513 add.
1278 5436 1425 5493 Mon.

651 5513 741 5568 57)
766 5512 913 5567 Mon.
934 5532 987 5567 τ.
1021 5532 1079 5582 μ.
1103 5511 1295 5582 οὕτως.

651 5518 741 5568 57)
767 5518 913 5567 Mon.
934 5532 987 5567 τ.
1021 5532 1079 5582 μ.
1103 5518 1295 5573 οὓτως.

626 5518 746 5725 Ξ58)
789 5582 931 5665 dion.
965 5584 1179 5655 πρῶτον
1204 5578 1368 5663 τδέχ.

654 5652 865 5725 59)_Stc
902 5654 1045 5725 Men.
1071 5664 1125 5709 et
1146 5651 1341 5725 Catii.

654 5652 865 5724 59)_Sic
902 5649 1125 5709 Mori.et
1165 5649 1344 5724 (ἔξω.
1392 5651 1614 5724 Εεζοηὶιι
1660 5649 1781 5707 Vat.
1832 5649 1936 5722 legi
1982 5650 2140 5703 ἐναν-

561 5720 699 5794 τίον.
726 5720 826 5794 Sic
853 5732 911 5794 et
937 5724 1106 5778 Arist.
1139 5724 1191 5779 Ι.
1219 5721 1251 5794 §_
1266 5720 1368 5794 λθ,
1400 5720 1467 5794 ι).
1490 5723 1577 5780 15.

637 5792 750 5851 (60)
792 5793 844 5844 τὸ
877 5792 945 5846 ίδ.
967 5795 1121 5847 deest
1151 5794 1206 5848 in
1225 5790 1386 5851 Men.

642 5793 728 5847 r60
792 5793 844 5844 τὸ
877 5792 945 5846 ίδ.
967 5795 1117 5847 deest

642 5792 751 5934 (61)
783 5860 930 5918 Mon.
955 5863 1038 5919 bis
1056 5863 1117 5916 τό

2277 5353 2435 5418 ἄλλον
2488 5360 2599 5434 και
2641 5353 3044 5434 ἥττον’-τοῦτο
3071 5353 3231 5409 δὲτὸ
3267 5354 3590 5434 ἴδωμι-,ιιι
3643 5363 3832 5419 supra,

2284 5434 2394 5489 ulla
2428 5446 2563 5502 ergo
2587 5431 2643 5486 in
2667 5429 2728 5502 re
2750 5429 3041 5502 utriusque
3067 5433 3251 5502 textus
3277 5429 3577 5502 oppositio.

2308 5504 2422 5573 (64)
2447 5495 2594 5556 Non.
2631 5501 2693 5573 τὸ
2710 5498 2978 5573 τρίγωνον
3009 5514 3064 5550 κ.
3088 5495 3150 5548 τὸ
3186 5495 3416 5566 τετράγ,

2311 5569 2427 5644 (65⁷)
2460 5575 2592 5644 ὄντα
2614 5569 2767 5644 deest
2801 5569 3029 5644 in_Mon_.

2466 5643 2611 5697 Mon.
2643 5641 2745 5716 οὐκ
2770 5639 2908 5693 εἰσιν
2933 5636 3376 5716 ἀλλήλων-μ.“κ.
3409 5628 3597 5708 ἦττον.
3626 5628 3836 5716 (Iaera

2251 5699 2373 5788 quae
2398 5699 2466 5843 (ίὲ
2495 5716 2597 5768 hac
2627 5712 2795 5769 altera
2826 5699 3158 5782 proprietate
3189 5699 3245 5763 in
3272 5705 3396 5763 Vat.
3426 5699 3755 5775 sequuntur,
3780 5699 3836 5753 in

2254 5789 2401 5844 Mon.
2461 5795 2640 5842 csunt.

2308 5806 2401 5844 on.
2424 5795 2640 5843 desunt.
