4110 6444
300 325 400 391 793

1289 324 1389 384 AD
1422 317 2019 381 AMPHILOCHIUM
2064 319 2414 393 QUIESTIO
2462 324 2663 385 CXLI.

3452 328 3560 391 794

299 442 385 497 λον
425 442 520 497 κα)⁵
559 434 747 514 ἥττον’
782 438 834 494 εί
880 438 981 511 μὲν
1024 436 1136 509 γὰρ
1169 435 1483 507 συγκρίνεις
1519 433 1581 487 τὸ
1610 432 1878 504 τρίγωνον

1988 434 2252 504 qualitate
2280 435 2493 501 all‘ecta,
2522 440 2632 491 non“
2654 445 2785 493 sunt
2806 437 2984 509 magis
3017 444 3072 493 et
3093 438 3298 495 minus.
3332 438 3388 493 Si
3412 443 3558 495 enim

298 536 430 607 πρὸς
454 536 515 589 τὸ
544 534 924 606 τετράγωνον,
952 531 1015 585 οὐ
1059 530 1277 600 λέγεται
1314 527 1513 599 μᾶλλον
1540 524 1639 579 καὶ
1669 519 1833 596 ἦττον
1854 540 1873 559 ο

298 626 401 681 οὐδ’
430 627 567 691 ὅλως
602 627 714 697 γὰρ
737 624 914 680 ταῦτα
949 622 1086 677 καθὸ
1114 621 1381 694 τρίγωνον
1412 617 1510 673 καὶ
1535 616 1877 689 τετράγωνόν

297 719 428 783 ἐστι,
448 718 821 791 συγκρίνεται·
843 714 938 770 τοῦ
958 714 1069 787 γὰρ
1092 712 1258 768 αὐτοῦ
1278 712 1359 765 δεῖ
1380 711 1448 765 τὰ
1473 710 1876 782 συγκρινόμενα

302 808 545 880 μετέχειν
588 807 884 879 ὀνόματος·
912 806 964 860 εἰ
997 805 1055 859 δὲ
1084 802 1398 873 συγκρίνεις
1440 801 1709 872 τρίγωνον
1738 800 1876 870 πρὸς

296 899 574 969 τρίγωνον,
596 898 631 969 ἢ
655 897 1001 969 τετράγωνον
1021 894 1160 966 πρὸς
1186 893 1553 964 τετράγωνον,
1571 893 1681 946 οὐδ’
1704 890 1877 956 οὕτως

298 990 520 1061 θάτερον
553 989 783 1061 θατέρου
818 988 1020 1059 μᾶλλον
1062 988 1097 1057 ἢ
1130 981 1296 1058 ἦττον
1337 983 1702 1055 λεχθήσεται·
1744 1000 1876 1052 συγ-

299 1081 538 1152 κρίνεται
569 1080 670 1151 μὲν
699 1081 810 1151 γὰρ
835 1078 1032 1143 ταῦτα,
1051 1078 1168 1132 ἀλλ’
1195 1077 1319 1131 ἐπεὶ
1340 1075 1624 1149 ὀμοτίμως
1645 1074 1738 1129 τοῦ
1764 1074 1880 1129 ὀνό-

302 1190 464 1244 ματος
485 1172 581 1225 καὶ
610 1171 704 1225 τοῦ
725 1170 958 1241 ὁρισμοῦ
981 1170 1163 1223 αὐτῶν
1186 1168 1259 1224 τά
1282 1186 1342 1223 τε
1365 1168 1683 1241 τετράγωνα
1711 1183 1879 1238 μετα-

296 1262 629 1334 λαμϐάνουσι
659 1262 757 1316 καὶ
783 1261 949 1316 πάλιν
978 1260 1046 1316 τά
1077 1260 1343 1332 τρίγωνα,
1375 1260 1465 1314 διὰ
1496 1258 1657 1313 τοῦτο
1687 1260 1746 1313 οὐ
1785 1257 1879 1312 δύ-

297 1370 449 1408 ναται
488 1352 749 1422 λέγεσθαι
791 1353 1139 1423 τετράγωνον
1171 1350 1518 1423 τετραγώνου
1552 1351 1755 1421 μᾶλλον
1789 1368 1879 1404 τε-

294 1446 575 1515 τράγωνον
620 1444 655 1515 ἢ
699 1440 883 1518 ἦττον,
938 1444 1054 1499 ἀλλ’
1098 1443 1223 1498 οὐδὲ
1271 1443 1559 1516 τριγώνου
1588 1445 1876 1515 τρίγωνον.

297 1538 490 1610 Τρίτον
527 1538 657 1591 ἴδιον
684 1538 784 1608 τῆς
816 1536 1126 1608 ποιότητος,
1163 1535 1225 1590 τὸ
1266 1537 1455 1608 ὅμοιον
1494 1536 1592 1589 κα)⁸
1622 1536 1879 1607 ἀνόμοιον

294 1630 579 1700 λέγεσθαιο
604 1627 767 1683 τοῦτο
781 1629 840 1683 δὲ
864 1629 962 1684 καὶ
989 1628 1099 1701 (67)
1148 1628 1351 1701 κυρίως
1391 1629 1523 1682 ἴδιον
1542 1645 1556 1660 ·
1600 1628 1723 1681 κατ’
1751 1627 1881 1683 ἄλλο

294 1722 399 1793 γὰρ
434 1722 591 1776 οὐδέν
634 1739 690 1775 τι
734 1721 846 1775 τῶν
900 1721 1212 1792 εἰρημένων
1270 1719 1385 1793 (68)
1425 1721 1612 1793 ὅμοιον
1638 1721 1879 1791 λέγεται,

294 1815 409 1871 ἀλλ’
434 1819 471 1887 ἢ
507 1815 652 1871 κατά
688 1815 787 1887 τὴν
809 1813 1099 1886 ποιότητα.

364 2074 433 2139 ζ’.
477 2077 572 2128 Δεῖ
611 2074 669 2129 δὲ
715 2074 952 2142 ειδέναι,
992 2076 1077 2129 ὅτι
1118 2077 1174 2129 αί
1210 2074 1556 2131 εἰδικώταται
1596 2076 1882 2147 ποιότητες

294 2167 463 2221 πᾶσαι
492 2165 600 2219 ὑπὸ
629 2164 729 2237 τὴν
763 2165 1031 2238 ποιότητα
1076 2166 1410 2235 ἀνάγονται,
1439 2166 1475 2237 ἦ
1522 2183 1581 2220 τε
1615 2182 1883 2237 γραμμα-

291 2256 435 2328 τικὴ,
462 2256 610 2328 φημὶ
632 2256 767 2326 (69),
798 2256 939 2327 καὶὴ
961 2255 1277 2327 δικαιοσύνη
1298 2257 1392 2310 καὶ
1419 2257 1475 2309 αἱ
1498 2256 1683 2311 λοιπαὶ
1700 2254 1882 2309 ὡσαύ-

290 2364 429 2412 τως⁹
465 2349 525 2402 al
574 2348 631 2401 δὲ
672 2347 1039 2420 γενικώτεραι
1071 2346 1185 2419 (70)
1220 2350 1317 2403 καὶ
1347 2348 1454 2402 ὑπὸ
1501 2350 1571 2402 τὰ
1616 2349 1753 2419 πρός
1801 2362 1878 2402 τιο

291 2440 326 2511 ἦ
347 2457 405 2493 τε
436 2441 547 2512 γὰρ
582 2441 863 2513 ἐπιστήμη
893 2439 1004 2494 τῶν
1035 2442 1174 2512 πρός
1202 2442 1256 2494 τί
1282 2442 1401 2495 ἐστι
1434 2442 1596 2514 (πρὸς
1622 2441 1731 2511 γὰρ
1756 2443 1882 2495 ὲπι-

295 2531 487 2603 στητὸν
517 2530 631 2604 (71)
655 2532 874 2602 λέγεται
899 2532 1096 2603 ὲπιστή
1104 2533 1238 2603 μη),
1268 2533 1365 2587 καὶ
1390 2535 1423 2606 ἡ
1445 2534 1559 2600 ἕξις
1588 2533 1748 2607 (πρὸς
1771 2532 1881 2605 γὰρ

293 2623 447 2679 ἑκτὸν
476 2624 696 2695 λέγεται
725 2624 839 2691 ἕξις
864 2622 1026 2698 [72]).
1049 2624 1239 2681 Ταῦτα
1269 2626 1369 2698 μὲν
1385 2621 1478 2681 οὖν
1506 2628 1638 2699 περὶ
1668 2627 1887 2698 ποιότη-

293 2730 380 2781 τος
418 2716 560 2789 (75).

804 2856 1144 2913 ΕΡΩΤΗΣῙΣ
1184 2856 1363 2912 ΡΜΑ’.

786 2948 929 3019 Περὶ
964 2948 1088 3004 τῶν
1119 2949 1272 3018 πρός
1306 2965 1385 3002 τι.

1979 526 2313 597 triangulum
2338 542 2463 582 cum
2486 528 2869 599 quadrangulo
2890 545 3205 601 comparas,
3228 545 3338 586 non
3365 532 3568 587 dicitur

1979 621 2154 691 magis
2194 628 2250 675 et
2300 621 2524 688 minus;
2562 621 2680 677 haec
2723 622 2869 677 enim
2916 623 3068 679 nullo
3116 639 3344 694 prorsus
3384 635 3565 694 pacto,

1979 722 2255 783 quatenus
2281 721 2413 769 sunt
2444 714 2780 784 triangulum
2810 725 2865 769 et
2886 717 3349 787 quadrangulum,
3384 719 3451 772 ad
3482 719 3567 772 in-

1977 805 2152 860 vicem
2198 805 2511 875 comparari
2557 815 2826 875 possunt;
2870 807 3119 876 ejusdem
3160 809 3304 863 enim
3339 824 3402 863 ea
3441 824 3567 879 qua:

1979 906 2371 968 comparantur
2428 896 2671 952 nominis
2728 898 3017 969 participia
3056 897 3166 953 sint
3217 908 3453 969 oportet.
3506 899 3563 953 Si

1979 1004 2111 1045 vero
2133 1004 2420 1059 comparas
2445 989 2781 1060 triangulum
2815 1005 2938 1044 cum
2974 990 3247 1059 triangulo
3271 1030 3287 1054 ,
3319 991 3402 1044 vel
3430 1006 3565 1059 qna-

1979 1083 2311 1155 drangulum
2361 1098 2484 1139 cum
2526 1082 2941 1153 quadrangulo,
2980 1097 3158 1150 neque
3211 1083 3291 1137 sic
3329 1084 3564 1137 alterum

1983 1172 2155 1228 altero
2186 1173 2361 1243 magis
2394 1173 2479 1226 vel
2508 1172 2690 1227 minus
2721 1172 2955 1226 dicetur.
2998 1172 3406 1240 Comparantur
3439 1172 3566 1242 qni-

1981 1266 2104 1322 dem
2136 1267 2263 1329 ista,
2307 1265 2399 1320 sed
2431 1264 2560 1333 quia
2597 1264 2715 1333 pari
2757 1262 2924 1318 modo
2953 1272 3067 1317 tum
3104 1264 3158 1317 in
3192 1264 3417 1318 nomine
3450 1272 3565 1318 tum

1983 1361 2037 1414 in
2064 1357 2385 1413 delinitione
2414 1372 2608 1411 eorum
2639 1355 2983 1410 consortium
3033 1356 3239 1409 habent
3286 1364 3401 1409 tum
3434 1371 3571 1424 qna-

1988 1448 2279 1521 drangula,
2315 1458 2429 1503 tum
2461 1463 2659 1503 rursus
2708 1447 3017 1516 triangula,
3063 1448 3272 1503 idcirco
3296 1448 3575 1518 quadrant-

1984 1544 2173 1614 gulum
2198 1541 2583 1612 quadrangulo
2611 1540 2786 1611 magis
2808 1541 2895 1596 vel
2917 1541 3103 1596 minus
3130 1541 3572 1611 quadrangulum

1983 1636 2091 1692 dici
2131 1634 2359 1704 nequit,
2400 1632 2497 1688 sed
2530 1648 2705 1703 neque
2733 1633 3073 1703 triangulum
3110 1633 3404 1702 lriangnlo.
3446 1634 3575 1686 Ter-

1986 1729 2061 1795 tia
2083 1728 2394 1799 proprietas
2414 1724 2697 1797 qualitatis
2719 1734 2823 1789 est,
2848 1724 3032 1780 simile
3062 1733 3116 1778 et
3147 1723 3418 1778 dissimile
3438 1722 3570 1777 dici.

1990 1819 2117 1875 Haec
2161 1832 2293 1873 vero
2332 1816 2553 1886 preprie
2584 1824 2671 1870 est
2714 1815 3068 1886 proprietas;
3096 1816 3399 1870 secundum
3425 1814 3574 1868 enim

1985 1910 2132 1966 aliud
2156 1949 2172 1975 ,
2201 1923 2369 1979 quam
2405 1906 2734 1976 qualitatem
2767 1906 2922 1976 inibit
2954 1905 3342 1976 praedictorum
3388 1904 3573 1960 simile

1984 2002 2211 2058 dicitur.

2055 2095 2113 2148 7.
2143 2092 2300 2149 Scire
2339 2102 2521 2147 autem
2556 2100 2771 2161 oportet
2819 2089 3246 2161 specialissimas
3278 2090 3574 2160 qualitates

1988 2200 2186 2243 omnes
2219 2186 2409 2241 reduci
2442 2184 2511 2240 ad
2546 2184 2894 2255 qualitatem,
2929 2184 3374 2254 grammaticam,
3401 2182 3573 2252 justi-

1991 2279 2162 2347 tiam,
2194 2279 2445 2349 aliasque
2498 2277 2788 2343 similiter;
2839 2276 3213 2347 generaliores
3267 2277 3578 2346 (universa-

1988 2371 2182 2442 liores)
2224 2385 2358 2426 vero
2387 2371 2553 2426 etiam
2598 2370 2664 2423 ad
2704 2370 2917 2435 relata;
2954 2369 3180 2424 scientia
3214 2369 3361 2423 enim
3398 2376 3577 2423 estex

1987 2464 2178 2521 relatis
2207 2465 2275 2519 ad
2304 2463 2514 2534 aliquid
2551 2461 2645 2533 (ad
2675 2462 2871 2518 scibile
2892 2462 3037 2516 enim
3065 2461 3266 2515 dicitur
3317 2460 3577 2530 scientia)

1992 2558 2074 2613 sic
2094 2566 2150 2612 et
2172 2557 2396 2612 habitus
2422 2555 2513 2617 (ad
2538 2555 2593 2610 id
2624 2555 2773 2625 quod
2810 2555 3046 2609 habetur
3068 2554 3273 2609 dicitur
3301 2553 3574 2623 habitus).

1990 2651 2172 2722 Atque
2206 2650 2324 2706 haec
2357 2648 2427 2705 de
2457 2648 2726 2719 qualitate
2755 2647 2902 2703 dicta
2935 2647 3049 2703 sint

2206 2848 2541 2917 QUIESTIO
2579 2848 2769 2905 CXLI.
2810 2848 3002 2921 [ϐοίδί.
3036 2846 3319 2903 CLXXVII
3349 2845 3368 2917 J

2461 2942 2538 2998 De
2572 2942 2760 2997 relatis
2797 2941 2867 2995 ad
2903 2941 3128 3011 aliquid.

1343 3059 1490 3110 Nune
1527 3059 1745 3123 primum
1774 3059 1910 3109 edita
1945 3073 1973 3109 a
2001 3060 2063 3110 D.
2086 3058 2521 3122 Hergenroether.

356 3172 432 3222 α’.
473 3164 623 3237 Πρός
651 3164 706 3217 τί
742 3164 893 3220 ἐστιν
928 3163 1084 3236 (74),
1125 3159 1207 3228 οἷς
1234 3164 1296 3217 τὸ
1339 3159 1481 3216 εἶναι
1530 3162 1728 3217 ταυτόν
1770 3162 1884 3215 ἐστι

2064 3162 2117 3216 1.
2148 3163 2406 3218 Relatum
2438 3162 2508 3218 ad
2543 3163 2752 3232 aliquid
2801 3170 2886 3217 est
2911 3202 2927 3229 ,
2962 3161 3120 3232 cujus
3164 3174 3288 3216 esse
3324 3160 3470 3215 idem
3498 3168 3586 3216 est

289 3258 369 3332 τῷ
400 3257 516 3330 (75)
560 3256 700 3329 πρός
734 3255 789 3310 τί
825 3274 942 3322 πως
983 3256 1149 3328 ἔχειν·
1183 3256 1463 3311 τουτέστιν
1484 3248 1561 3311 ὧν
1582 3258 1617 3327 ἡ
1653 3255 1888 3327 ὓπαρξις

293 3352 349 3403 ὲν
376 3351 447 3419 τῇ
482 3348 619 3419 πρὸς
647 3347 836 3419 ἕτερον
859 3346 1044 3419 σχέσει
1074 3348 1245 3401 ἐστίν·
1279 3343 1392 3400 οἷον
1422 3347 1496 3411 ὼς
1519 3347 1579 3400 τὸ
1602 3346 1888 3400 διπλάσιον

292 3441 384 3495 καὶ
420 3441 537 3512 (76)
570 3439 631 3492 τὸ
662 3439 860 3511 ἥμισυ·
894 3441 955 3493 τὸ
990 3439 1101 3511 γὰρ
1139 3439 1425 3493 διπλάσιον
1466 3439 1525 3491 ὲν
1550 3440 1619 3510 τῇ
1653 3437 1795 3509 πρὸς
1827 3436 1889 3489 τὺ

291 3534 464 3604 ἥμισυ
496 3531 681 3602 σχέσει
723 3531 787 3584 τὸ
820 3526 961 3586 εἶναι
997 3530 1112 3601 ἔχει
1147 3530 1284 3603 (77),
1320 3531 1413 3585 καὶ
1444 3530 1504 3583 τὸ
1528 3530 1703 3600 ἥμισυ
1734 3530 1792 3582 ὲν
1823 3531 1887 3599 τῇ

294 3624 429 3695 πρὸς
481 3624 546 3675 τὸ
585 3622 871 3677 διπλάσιον
902 3622 1039 3694 (78)⁶
1083 3622 1347 3687 ὡσαύτως
1388 3623 1445 3677 δὲ
1494 3623 1591 3677 καὶ
1641 3622 1735 3676 ἐπὶ
1779 3621 1891 3676 τῶν

293 3717 496 3771 ἄλλων.
552 3714 898 3786 Ὑποὸέϐηκε
942 3714 1000 3768 δὲ
1026 3716 1139 3779 τοῖς
1188 3716 1327 3786 πρός
1366 3714 1421 3768 τί
1464 3731 1588 3769 τινα
1621 3715 1759 3786 (79),
1813 3708 1890 3771 ὧν

293 3808 358 3863 τά
395 3808 517 3879 (80)
571 3806 672 3877 μὲν
720 3808 865 3860 κατὰ
908 3808 1217 3878 ταυτότητσ.
1253 3807 1509 3876 λέγεται,
1551 3806 1625 3861 τὰ
1669 3806 1727 3860 δὲ
1767 3806 1890 3860 κατ’

294 3901 624 3971 ἀνισότητα,
670 3898 742 3953 τὰ
787 3898 846 3952 δὲ
888 3898 1034 3951 κατὰ
1079 3898 1337 3969 γέννησιν
1366 3898 1514 3970 (81),
1560 3898 1630 3951 τά
1659 3897 1718 3951 δὲ
1748 3898 1892 3953 κατά

296 3992 538 4062 μέθεξιν,
568 3991 641 4045 τὰ
678 3991 738 4046 δὲ
778 3991 923 4045 κατά
946 3990 1161 4060 ὕφεσιν,
1210 3990 1281 4042 τά
1308 3989 1366 4042 δὲ
1401 3989 1549 4043 κατά
1580 3988 1788 4054 πάθος,
1820 3987 1892 4042 τά

293 4086 347 4140 δὲ
389 4085 539 4142 κατὰ
579 4084 789 4157 κρίσιν,
828 4083 895 4137 τὰ
924 4082 981 4137 δὲ
1010 4082 1153 4137 κατὰ
1181 4081 1354 4147 θέσιν,
1394 4080 1463 4134 τὰ
1500 4080 1559 4134 δὲ
1611 4080 1754 4133 κατὰ
1792 4077 1892 4151 τὴν

295 4177 428 4249 πρός
485 4176 549 4231 τὸ
589 4177 770 4246 ,γένος
812 4175 1115 4246 ἀναφοράν
1164 4171 1590 4245 παραδείγματα
1634 4170 1747 4244 (82)
1796 4169 1891 4225 τοῦ

300 4271 397 4340 μὲν
427 4268 574 4323 κατά
620 4266 964 4338 ταυτότητα,
1001 4260 1114 4319 οἷον
1154 4264 1267 4337 (85)
1308 4264 1463 4334 φίλος
1510 4263 1664 4333 φίλου
1701 4263 1889 4333 φίλος,

297 4366 390 4418 καὶ
435 4361 635 4435 ἐχθρὸς
680 4358 878 4431 ἐχθροῦ
927 4342 1142 4430 ἐχθρὸς,
1203 4358 1301 4410 καὶ
1349 4357 1412 4410 τὸ
1466 4357 1654 4427 ὅμοιον
1716 4354 1890 4427 ὁμοίῳ

298 4456 501 4527 ὅμοιον·
529 4453 625 4508 τοῦ
654 4454 710 4508 δὲ
737 4452 860 4507 κατ’
888 4451 1188 4522 ἀνισότητα
1212 4449 1289 4514 ὡς
1311 4450 1372 4504 τὸ
1399 4449 1585 4520 μεῖζον
1607 4448 1893 4513 ἐλάττονος

1992 3270 2057 3310 ac
2087 3263 2243 3310 certo
2275 3255 2519 3326 quodam
2557 3255 2723 3310 modo
2766 3254 2835 3308 ad
2863 3253 3072 3324 aliquid
3107 3268 3167 3308 se
3198 3252 3401 3307 habere
3423 3293 3439 3319 ,
3475 3252 3583 3307 hoc

1990 3358 2098 3414 est,
2138 3348 2299 3418 cujus
2326 3349 2648 3405 exsistentia
2681 3348 2735 3403 in
2762 3347 3079 3402 habitudine
3117 3348 3185 3401 ad
3215 3345 3362 3400 aliud
3396 3346 3584 3400 consi-

1991 3442 2130 3509 stit;
2166 3442 2333 3497 veluti
2376 3442 2603 3513 duplum
2636 3451 2690 3497 et
2719 3441 3009 3496 dimidium
3040 3457 3055 3508 ;
3095 3454 3219 3493 nam
3249 3438 3478 3507 duplum
3523 3437 3581 3492 in

1992 3534 2317 3590 habitudine
2350 3534 2418 3589 ad
2459 3534 2747 3590 dimidium
2791 3533 3176 3590 exsistentiam
3220 3532 3384 3586 habet
3418 3540 3471 3586 et
3499 3531 3586 3585 di-

1993 3631 2222 3686 midium
2261 3631 2315 3685 in
2351 3630 2674 3686 habitudine
2718 3630 2786 3685 ad
2831 3629 3102 3700 duplum;
3139 3628 3329 3697 sicque
3376 3626 3584 3695 pariter

1993 3731 2051 3777 et
2081 3724 2133 3777 in
2166 3723 2402 3778 caeteris.
2428 3721 2792 3779 “educuntur
2811 3730 2995 3777 autem
3020 3722 3087 3776 ad
3110 3721 3280 3777 relata
3305 3719 3583 3790 quaedam,

1992 3831 2228 3886 quorum
2262 3817 2370 3871 alia
2401 3816 2705 3872 secundum
2759 3815 3102 3871 identitatem
3143 3815 3401 3869 dicuntur
3429 3852 3444 3877 ,
3475 3812 3585 3866 alia

1994 3909 2301 3965 secundum
2351 3909 2777 3979 inaequalitatem
2801 3948 2816 3974 ,
2864 3909 2973 3963 alia
3010 3908 3316 3963 secundum
3349 3921 3582 3976 genera-

1994 4003 2222 4067 tionem,
2255 4001 2361 4057 alia
2388 4005 2695 4057 secundum
2724 4001 3225 4071 participationem,
3251 3998 3357 4051 alia
3386 4013 3586 4052 secun-

1994 4093 2126 4148 dum
2161 4093 2583 4164 subjectionem,
2612 4095 2721 4149 alia
2759 4093 3065 4148 secundum
3090 4089 3405 4159 passionem
3430 4126 3447 4152 ,
3477 4088 3586 4143 alia

1994 4183 2298 4239 Secundum
2318 4183 2740 4254 judicationem,
2761 4180 2867 4236 alia
2896 4180 3199 4236 secundum
3228 4177 3584 4248 positionem,

1999 4276 2106 4331 alia
2130 4274 2435 4331 secundum
2467 4274 2683 4345 generis
2704 4273 3050 4330 relationem.
3081 4270 3341 4341 Exempla
3363 4283 3583 4335 eorum,

1994 4382 2128 4440 qua:
2165 4364 2468 4422 secundum
2502 4365 2843 4420 identitatein
2869 4362 3150 4423 dicuntur,
3188 4358 3399 4414 amicus
3420 4357 3586 4411 amici

1996 4459 2214 4515 amicus
2245 4450 2586 4514 et'inimicus
2624 4455 2833 4511 inimici
2869 4453 3151 4518 inimicus,
3192 4459 3249 4507 et
3290 4448 3471 4507 simile
3511 4448 3589 4503 si-

302 4550 488 4618 μείζον
522 4548 619 4601 καὶ
643 4545 706 4599 τὸ
731 4543 1017 4598 διπλάσιον
1046 4542 1294 4614 ἡμίσεως
1327 4541 1633 4595 διπλάσιονσ
1674 4540 1730 4614 [ἢ
1765 4540 1884 4595 κατ’

1998 4548 2115 4603 mili
2138 4546 2320 4603 simile
2343 4564 2358 4614 ;
2387 4546 2509 4617 ejus
2526 4545 2675 4616 quod
2691 4553 2775 4600 est
2796 4542 3100 4599 secundum
3121 4538 3583 4610 inaequalitatem:

304 4641 531 4712 ίσότητα
557 4640 635 4701 ὡς
680 4637 744 4692 τὺ
772 4633 893 4691 ἶσόν
919 4653 1051 4701 τινι,
1098 4635 1262 4709 [amr]
1300 4634 1396 4688 τοῦ
1438 4635 1496 4689 δὲ
1526 4634 1670 4688 κατὰ
1701 4634 1891 4706 γέννη-

303 4749 387 4790 σιν
410 4735 528 4810 (86)
555 4733 632 4800 ὡς
658 4734 843 4807 πατὴρ
870 4730 989 4790 υίοῦ
1029 4736 1243 4805 πατήρο
1266 4734 1362 4787 τοῦ
1393 4732 1452 4787 δὲ
1472 4731 1613 4787 κατὰ
1645 4732 1890 4804 μέθεξιν,

1998 4637 2181 4709 majus
2220 4638 2426 4693 minori
2479 4637 2663 4707 majus
2696 4646 2751 4691 et
2799 4632 3029 4699 duplum
3096 4629 3312 4686 dimidii
3353 4629 3584 4696 duplum

2012 4729 2159 4805 [ejus
2184 4731 2329 4804 quod
2372 4730 2679 4789 secundum
2714 4728 3119 4801 aequalitatem,
3150 4732 3209 4779 ut
3248 4723 3456 4793 aequale
3482 4719 3588 4775 ali-

1847 4886 2078 4947 NOTAE.

375 5080 488 5152 (67)
515 5079 610 5152 καί
643 5078 801 5152 deest
830 5078 886 5133 in
918 5076 1064 5135 Mon.
1089 5077 1183 5149 qui
1233 5092 1263 5131 a
1313 5073 1496 5131 verbis
1537 5073 1667 5129 illis.
1698 5070 1893 5144 Τρίτον

306 5150 654 5227 [ﬁtey‘eadem
676 5150 898 5227 habet.“
914 5218 929 5227 _
1059 5217 1071 5227 _
1312 5214 1338 5227 ~

337 5220 486 5321 l(68)
520 5220 669 5276 Mon.
694 5218 815 5273 κατ’
846 5218 976 5275 ἄλλο
1007 5217 1116 5288 γάρ
1158 5232 1212 5270 τι
1269 5214 1380 5271 τῶν
1437 5213 1745 5287 εἰρημένων
1799 5215 1889 5269 οὐ·

337 5294 355 5321 ι

304 5293 488 5435 δωίξί9)
523 5363 671 5435 φημί
703 5359 1058 5435 omitt._Mon.
1086 5375 1263 5435 γραμἶ
1285 5357 1638 5435 καιδικαιοσ.

374 5429 489 5504 (70)
527 5429 674 5489 Man.
699 5432 916 5501 γενικαί
936 5449 948 5464 ·
981 5446 1139 5500 sequ.
1170 5429 1273 5504 καί⁸
1296 5429 1474 5504 οιιιὶιι.

398 5497 481 5557 71¹
513 5504 661 5560 Mon.
692 5497 785 5556 καὶ
804 5505 912 5573 γὰρ
933 5497 1229 5572 ἐπιστητοῦ
1259 5497 1311 5553 λ.
1402 5500 1490 5549 ἐπ.

399 5510 487 5645 72)
516 5576 663 5630 Mon.
700 5574 737 5644 ἡ
766 5574 901 5641 ἕξις.
931 5642 953 5645 _
1023 5642 1033 5645 Α
1183 5639 1193 5645 _

376 5574 487 5645 (72)
516 5576 663 5630 Mon.
700 5574 737 5644 ἡ
766 5574 901 5641 ἕξις.

376 5645 491 5711 (73)
518 5645 663 5700 Mon.
700 5645 765 5697 T.
801 5661 862 5713 μ.
895 5642 990 5696 οὖν
1019 5642 1077 5695 ὲν
1103 5639 1335 5703 τούτοις.

303 5797 333 5839 c
374 5701 487 5839 gul
522 5717 675 5773 Mon.
700 5713 738 5769 ί.
776 5701 847 5770 29
874 5729 927 5769 a.
969 5714 1087 5765 ἐστι
1118 5701 1444 5782 κατηγορία,
1475 5701 1556 5773 οἷς
1605 5706 1689 5763 ω.
1717 5707 1885 5762 Arist.

516 5576 663 5630 Mon.

2098 5069 2188 5139 75)
2223 5069 2367 5126 Mon.
2396 5071 2476 5125 τό.

2093 5141 2185 5212 76)
2210 5139 2355 5212 Bion.
2389 5142 2422 5212 ἢ
2452 5139 2512 5193 τὸ
2538 5139 2641 5210 ἧμ.

2076 5204 2189 5282 (77)
2218 5211 2364 5265 Mou.
2396 5204 2483 5281 σχ.
2519 5204 2633 5282 ἔχει
2656 5210 2715 5263 τὸ
2736 5204 2900 5274 εἶναι,
2930 5207 3133 5280 ὁμοίως
3161 5225 3218 5260 κ.

2073 5281 2186 5352 (78)
2216 5283 2401 5351 σχέσει
2425 5282 2550 5335 add.
2579 5281 2727 5352 Moti.

2070 5341 2183 5422 (79)
2218 5341 2341 5405 τῖ’νά
2366 5352 2520 5406 deest
2551 5354 2606 5405 in
2654 5350 2802 5406 Mon.
2832 5368 2847 5417 ;
2882 5348 3009 5422 Yat.
3040 5341 3118 5403 ὧν
3152 5347 3253 5419 μὲν
3297 5346 3367 5401 τά
3403 5346 3500 5419 μὲν
3530 5364 3587 5400 κ.

2072 5420 2185 5494 (80⁷)
2219 5422 2365 5494 Mori.
2396 5423 2484 5477 hic
2509 5433 2563 5476 et
2592 5423 2831 5494 inﬂsequ.
2855 5420 2936 5473 τό.

2073 5487 2185 5564 (81)
2235 5492 2387 5549 Men.
2437 5487 2771 5564 generalius'
2808 5489 3138 5546 vocabulum
3204 5487 3369 5545 habet
3435 5488 3589 5558 γένε-

1999 5582 2103 5618 σιν.

2068 5635 2181 5702 (82)
2202 5633 2349 5689 Mon.
2374 5633 2750 5705 παράδειγμα.

2076 5707 2185 5776 (35)
2222 5705 2365 5759 Mon.
2392 5704 2487 5769 ὡς.

2073 5772 2185 5848 (84)
2214 5776 2340 5832 Haec
2371 5775 2527 5832 uncis
2553 5773 2769 5832 inclusa
2799 5774 2951 5833 solus
2988 5773 3148 5831 habet
3180 5772 3328 5831 lion.
