4072 6448
559 312 666 376 795

1726 314 1991 376 ΡῐῙΟτΙΙ
2025 312 2538 375 ΡᾹΤΒῘΑΒΟΗᾸΞ
2570 313 2683 375 CP.

3781 310 3874 373 796

555 428 649 484 cui
687 425 959 499 aequale];
1006 426 1126 498 ejus
1166 426 1314 499 quod
1363 426 1669 485 secundum
1712 430 2138 500 generationem,

2251 427 2330 492 ὡς
2384 426 2447 481 τὸ
2484 426 2715 498 μετέχον
2754 426 3121 498 μετεχομένου
3166 432 3390 500 μετέχει
3415 442 3432 459 ο
3488 424 3600 479 τοῦ
3640 423 3703 478 δέ
3746 428 3874 478 κατὰ

558 528 624 575 ut
654 530 811 591 pater
840 520 934 576 lilii
979 530 1176 591 pater;
1221 522 1344 591 ejus
1389 522 1538 592 quod
1580 522 1885 579 secundum
1928 523 2151 591 partici-

556 612 836 683 pationem
873 630 888 667 :
927 613 1265 683 participans
1298 612 1421 682 ejus
1448 613 1597 683 quod
1640 613 2028 685 participatur,
2064 622 2151 669 est

555 708 870 778 particeps;
905 709 1023 777 ejus
1055 708 1201 778 quod
1233 706 1536 761 secundum
1567 705 1982 776 subjectionem,
2003 705 2152 760 velut

2254 518 2467 588 ὕφεσιν,
2499 518 2576 584 ὡς
2620 518 2888 589 δεσπότης
2924 518 3114 573 δούλου
3155 519 3454 591 δεσπότηςο
3486 516 3595 571 τοῦ
3641 517 3704 571 δέ
3746 521 3873 573 κατά

2252 612 2423 682 πῆσιν
2446 611 2559 682 (85)
2588 612 2760 683 ἢγουν
2782 610 2930 666 κατὰ
2954 612 3218 683 πάθησιν,
3247 612 3326 676 ὡς
3346 613 3379 665 ό
3408 612 3653 667 τύπτων
3685 612 3872 663 τυπτέ-

2258 718 2421 772 μενον
2461 701 2658 756 τύπτει
2688 702 2783 756 καὶ
2821 704 2851 757 ό
2890 702 3232 773 τυπτόμενος
3272 703 3382 757 ὑπὸ
3423 702 3752 765 τύπτοντας
3784 703 3873 756 τύ-

2256 811 2473 849 πτεται·
2501 794 2597 849 τοῦ
2624 796 2682 850 δὲ
2704 796 2847 851 κατὰ
2875 795 3059 868 κρίσιν
3086 796 3164 859 ὡς
3187 798 3219 866 ή
3245 797 3541 867 ἐπιστήμη
3568 795 3867 866 ἐπιστητοῦ

556 798 816 855 dominus
882 799 1024 855 servi
1092 799 1384 862 dominus;
1451 798 1573 868 ejus
1627 796 1773 867 quod
1841 795 2147 852 secundum

556 890 906 960 passionem,
941 891 1109 946 veluti
1163 889 1477 960 percutiens
1513 904 1640 944 eum
1686 888 1780 959 qui
1829 889 2147 959 percutitur

555 980 815 1049 percutit,
854 990 907 1035 et
938 996 1233 1050 percussus
1264 997 1292 1035 a
1323 981 1659 1048 percutiente
1704 995 2000 1050 percussus
2023 990 2147 1043 est;

553 1071 676 1142 ejus
703 1072 849 1143 quod
880 1075 1188 1129 secundum
1230 1074 1624 1144 judicationem
1656 1073 1888 1128 scientia
1930 1073 2146 1129 scibilis

553 1164 760 1220 dicitur
788 1166 1019 1221 scientia
1049 1184 1063 1231 ;
1104 1166 1228 1236 ejus
1258 1167 1402 1236 quod
1434 1165 1738 1221 secundum
1767 1166 2100 1235 positionem
2129 1184 2142 1219 :

555 1255 849 1311 dexterum
879 1256 1087 1311 sinistri
1116 1257 1402 1311 dexterum
1432 1273 1446 1322 ;
1475 1257 1594 1327 (‘jIIS
1619 1271 1749 1311 vero
1769 1255 1915 1326 quod
1942 1271 2143 1311 secun-

2254 887 2560 957 ἐπιστήμη·
2586 885 2679 940 τοῦ
2714 887 2771 940 δέ
2805 887 2948 941 κατὰ
2968 887 3143 953 θέσιν,
3172 888 3246 951 ὠς
3274 888 3335 941 τὺ
3360 888 3545 955 δεξιὸν
3571 888 3865 959 ἀριστεροῦ

2254 976 2448 1043 δεξιόν·
2472 977 2563 1031 τοῦ
2600 978 2657 1032 δέ
2692 979 2834 1032 κατὰ
2859 979 2960 1050 τὴν
2999 980 3139 1052 πρὸς
3170 980 3232 1033 τὸ
3257 980 3416 1049 γένος
3448 981 3776 1051 ἀναφορὰν,
3800 980 3867 1044 ὡς

2253 1071 2287 1141 ὴ
2340 1070 2707 1141 γραμματικὴ
2750 1072 2846 1125 κα).
2883 1073 2917 1142 ἡ
2972 1072 3211 1145 μουσικὴ
3258 1075 3351 1128 καὶ
3378 1075 3494 1145 (86)
3545 1075 3608 1128 αἱ
3654 1076 3862 1145 ὅμοιοι·

2251 1160 2462 1215 τούτων
2505 1161 2616 1231 γὰρ
2658 1162 2865 1233 ἐκάστη
2909 1163 3035 1216 καθ’
3066 1164 3266 1234 ἑαυτὴν
3308 1166 3411 1234 μὲν
3448 1167 3555 1219 οὐκ
3593 1167 3864 1233 ἀνάγεται

2254 1252 2361 1305 ὑπὸ
2383 1253 2452 1307 τὰ
2478 1253 2616 1324 πρός
2637 1270 2711 1306 τι’
2753 1254 2897 1308 κατὰ
2921 1254 2980 1307 δὲ
3004 1254 3104 1326 τὴν
3134 1256 3270 1327 πρὸς
3299 1256 3361 1310 τὸ
3388 1257 3553 1325 γένος
3578 1259 3863 1329 ἀναφορὰν

552 1348 685 1402 dum
715 1350 1035 1405 relationem
1069 1349 1133 1405 ad
1179 1366 1373 1421 genus,
1418 1358 1478 1404 ut
1505 1351 1896 1420 grammatica.
1934 1349 2138 1405 musica

2247 1344 2512 1416 ἀναχθείη
2560 1344 2692 1408 ῐσως
2733 1345 2801 1399 ἄν
2826 1362 2843 1377 ⁸
2899 1345 3058 1413 γένος
3096 1347 3199 1416 μὲν
3245 1347 3353 1416 γὰρ
3396 1348 3621 1401 τούτων
3661 1351 3697 1419 ή
3752 1353 3861 1403 ἐκι-

550 1441 783 1512 aliaeque
808 1441 859 1497 id
893 1458 1068 1513 genus
1102 1442 1447 1513 disciplinae;
1482 1442 1745 1511 quaelibet
1776 1442 1922 1497 enim
1952 1458 2138 1497 earum

2248 1439 2451 1507 στήμη’
2486 1438 2626 1508 αὓτη
2658 1454 2717 1490 τε
2749 1437 2856 1491 ὑπὸ
2883 1440 2953 1493 τὰ
2982 1440 3115 1511 πρός
3144 1456 3222 1493 τι·
3254 1440 3396 1494 ὥστε
3430 1441 3531 1494 καὶ
3564 1441 3753 1495 ταῦτα
3780 1442 3859 1494 διὰ

551 1530 855 1584 secundum
899 1532 1138 1601 seipsam
1180 1545 1289 1585 non
1328 1540 1621 1585 revocatur
1648 1530 1714 1585 ad
1742 1546 1827 1593 ea,
1863 1546 1986 1601 qua:
2015 1539 2138 1585 sunt

2247 1527 2304 1580 τὸ
2334 1528 2489 1595 γένος
2515 1529 2621 1583 ὑπὸ
2652 1529 2722 1584 τὰ
2750 1531 2887 1601 πρός
2913 1548 2989 1585 τι.
3045 1532 3207 1585 Ἀλλὰ
3232 1534 3360 1603 περὶ
3392 1533 3494 1604 μὲν
3525 1534 3742 1587 τούτου
3772 1534 3859 1588 τοῦ

550 1620 727 1676 relata
760 1620 827 1676 ad
871 1620 1120 1693 aliquid;
1148 1620 1458 1677 secundum
1502 1620 1883 1675 habitudinem
1914 1636 2045 1675 vero
2072 1621 2138 1675 ad

2247 1622 2604 1694 θεωρήματος
2637 1625 2696 1677 ἐν
2730 1624 2913 1689 ἄλλοις
2942 1623 3303 1697 πλατύτερον.

547 1730 723 1787 genus
758 1715 993 1771 fortasse
1021 1716 1087 1771 ad
1126 1716 1228 1771 ista
1254 1714 1563 1770 revocanda
1594 1722 1766 1776 sunt;
1796 1728 1968 1785 genus
2022 1714 2161 1768 enitr
2252 1716 2337 1772 his
2398 1726 2485 1773 cst
2519 1717 2751 1773 scientia
2780 1734 2794 1784 ;
2827 1718 2942 1773 haec
2969 1733 3101 1774 vero
3144 1728 3231 1774 est
3272 1719 3376 1773 sub
3419 1719 3620 1775 relatis
3659 1723 3733 1775 ad
3761 1721 3857 1776 alio

546 1810 721 1881 quid;
759 1825 929 1880 quare
971 1818 1196 1879 propter
1233 1822 1408 1878 genus
1453 1813 1509 1860 et
1541 1805 1648 1861 illa:
1674 1805 1741 1860 ad
1777 1805 1949 1860 relata
1982 1817 2331 1862 rcvm'antur.
2366 1805 2569 1863 Verum
2598 1807 2665 1863 de
2694 1808 2796 1863 hoc
2836 1808 3174 1864 theoremalc
3204 1806 3385 1864 fusius
3422 1810 3586 1865 alibi.

614 1904 671 1959 2.
710 1903 966 1960 Definitio
1011 1918 1041 1958 a
1092 1902 1367 1973 principio
1410 1903 1571 1958 allata
1599 1915 1790 1957 eorum
1849 1915 1973 1970 quae
2018 1908 2138 1954 sunt

2322 1899 2390 1971 β’.
2432 1899 2590 1955 Ἔστι
2642 1899 2699 1953 δὲ
2736 1902 2765 1955 ό
2814 1901 2874 1955 ἐν
2910 1901 3053 1975 ἀρχῇ
3090 1902 3203 1973 (87)
3234 1902 3531 1973 εἰρημένος
3574 1904 3696 1957 τῶν
3731 1906 3856 1975 πρός

542 2000 715 2053 rclata
749 1996 818 2053 ad
854 1996 1059 2069 aliquid
1085 2037 1099 2061 ,
1132 1994 1357 2067 proprie
1398 2004 1613 2050 natura)
1661 1992 1960 2048 relatorum
2004 2008 2138 2047 con-

2247 2010 2292 2046 τι
2341 1992 2500 2061 λόγος
2544 1992 2755 2063 κυρίως
2788 1992 2904 2065 (88)
2947 1995 3049 2065 τῆς
3094 1994 3315 2066 φύσεως
3356 1995 3471 2050 τῶν
3512 1998 3670 2068 πρός
3698 2015 3777 2053 τι·
3805 2000 3857 2053 δν

542 2092 730 2158 venit;
764 2107 930 2162 quam
973 2104 1104 2145 vero
1133 2104 1282 2144 nunc
1317 2089 1634 2155 aﬂcremus,
1674 2103 1739 2144 ea
1763 2087 1923 2159 quasi
1952 2085 2137 2142 corol-

2247 2085 2296 2140 Βέ
2339 2085 2434 2140 νῦν
2483 2086 2719 2158 ἐροῦμεν
2753 2086 2868 2157 (89)
2917 2087 2994 2152 ὡς
3034 2089 3515 2163 παρακολούθημά
3562 2110 3622 2146 τι
3657 2094 3856 2164 μᾶλλον

542 2187 740 2242 larium
765 2185 1043 2257 quoddam
1067 2184 1254 2257 potius
1279 2190 1527 2258 apparet.
1560 2180 1657 2237 Est
1677 2196 1805 2236 vero
1827 2179 2133 2251 ejusmodi:

2247 2179 2534 2249 φαίνεται·
2576 2179 2779 2233 ἔστιδὲ
2808 2175 2985 2245 οὗτος⁹
3028 2182 3170 2254 πρός
3210 2183 3266 2237 τί
3310 2185 3485 2249 ἐστιν,
3534 2187 3650 2240 ὅσα
3687 2189 3853 2253 αὐτὰ,

540 2278 733 2334 Relata
766 2287 915 2344 sunt,
953 2294 1077 2351 quae
1110 2278 1227 2350 ipsa
1259 2274 1525 2347 quidquid
1566 2283 1719 2338 sunt,
1746 2272 1980 2328 aliorum
2011 2287 2137 2328 esse

2247 2274 2388 2343 ἥπερ
2435 2272 2605 2339 ἐστὶν,
2653 2272 2859 2343 ἐτέρων
2903 2270 3045 2328 εἶναι
3105 2274 3327 2343 λέγεται
3378 2276 3411 2347 ἢ
3464 2278 3737 2332 ὁπωσοῦν
3768 2281 3855 2333 ἄλο

536 2369 799 2424 dicuntur
835 2368 948 2423 sive
995 2368 1105 2423 alio
1146 2381 1479 2438 quocunque
1516 2365 1680 2420 modo
1722 2366 1789 2419 ad
1829 2364 1980 2420 aliud
2047 2378 2131 2419 re-

2247 2364 2345 2427 λως
2372 2363 2511 2435 πρὸς
2538 2363 2725 2435 ἕτερον
2749 2363 2884 2435 (90)⁶
2904 2363 3043 2434 ἔφην
3066 2364 3124 2419 δὲ
3149 2366 3225 2438 μὴ
3249 2362 3391 2421 εἶναι
3414 2368 3736 2438 δηλωτικὸν
3764 2372 3856 2440 τῆς

536 2457 811 2514 feruntur.
853 2458 1112 2514 Dicebam
1136 2471 1292 2525 vero,
1334 2472 1449 2513 non
1475 2471 1597 2513 esse
1631 2454 1905 2526 ejusmodi
1938 2453 2135 2509 delini-

2247 2452 2455 2523 φύσεως
2491 2453 2603 2508 τῶν
2637 2454 2776 2525 πρός
2802 2472 2856 2508 τι
2895 2455 2988 2509 τὸν
3010 2456 3256 2513 τοιοῦτον
3283 2457 3464 2527 λόγον·
3515 2462 3723 2531 ἐπειδὴ
3760 2463 3853 2533 οὐχ

2232 2542 2335 2596 ὅσα
2388 2542 2593 2616 ἐτέρων
2632 2538 2773 2599 εἶναι
2814 2544 3034 2615 λέγεται
3071 2546 3209 2618 (91),
3256 2547 3433 2604 ταῦτα
3474 2552 3579 2605 καὶ
3629 2554 3776 2625 πρός
3805 2557 3853 2606 τί

2232 2634 2406 2689 ἐστιν·
2438 2637 2471 2704 ἡ
2498 2636 2608 2705 γὰρ
2630 2637 2755 2709 χεὶρ
2779 2679 2795 2704 ,
2827 2638 2976 2703 τινὸς
3005 2639 3107 2711 μὲν
3129 2639 3353 2710 λέγεται
3384 2644 3529 2714 χεὶρ,
3567 2646 3671 2698 καὶ
3696 2648 3733 2717 η
3770 2665 3854 2700 κε-

2232 2725 2378 2797 φαλὴ
2398 2765 2415 2792 ,
2454 2727 2601 2791 τινὸς
2634 2727 2856 2798 λέγεται
2884 2729 2998 2801 (92)
3031 2731 3243 2804 κεφαλὴ
3263 2774 3279 2800 ,
3304 2735 3400 2788 κα)⁵
3444 2736 3515 2789 τὰ
3544 2736 3697 2790 ἄλλα
3747 2738 3854 2791 τῶν

2233 2819 2422 2890 μερῶν
2450 2818 2673 2891 ὁμοίως
2705 2821 2822 2875 ἀλλ’
2852 2822 2954 2876 οὐκ
2985 2823 3092 2877 εισι
3117 2824 3291 2879 ταῦτα
3320 2826 3431 2881 τῶν
3462 2828 3609 2899 πρός
3632 2845 3692 2882 τι
3718 2846 3733 2861 ’
3762 2830 3850 2883 οὗ·

535 2916 785 2972 mcmbra
838 2915 1112 2971 similiter.
1164 2914 1319 2971 Scire
1368 2929 1503 2970 vero
1557 2923 1778 2986 oportet
1828 2914 2126 2969 relatorum

2247 2913 2348 2966 τίσι
2376 2912 2507 2985 γὰρ,
2537 2913 2771 2985 οὐδεμία
2800 2914 2858 2969 δὲ
2880 2916 3041 2971 οὐσία
3068 2916 3178 2970 τῶν
3206 2918 3343 2989 πρός
3366 2936 3419 2973 τι
3446 2919 3590 2991 (95).
3628 2922 3849 2976 Είδέναι

533 3010 603 3065 ad
647 3010 853 3079 aliquid
896 3010 1002 3064 alia
1038 3025 1136 3081 per
1167 3008 1467 3080 genitivum
1497 3008 1720 3076 eﬂ‘erri;
1767 3008 1975 3065 veluti:
2028 3009 2129 3063 do-

2247 3003 2418 3057 ιέντοι
2452 3005 2565 3074 (94)
2601 3005 2738 3079 χρὴ,
2769 3006 2988 3061 ὅτιτῶν
3023 3008 3161 3080 πρός
3195 3028 3247 3064 τι
3280 3010 3347 3066 τὰ
3380 3012 3481 3082 μέν
3512 3015 3667 3068 κατὰ
3705 3033 3850 3085 γενι-

534 3101 724 3157 minus
775 3101 919 3157 servi
973 3101 1269 3167 dominus;
1319 3099 1429 3155 alia
1482 3114 1577 3171 per
1627 3099 1910 3166 dativum;
1956 3097 2127 3154 veluti

2247 3096 2333 3164 ιὴν
2364 3096 2478 3167 (95)
2518 3098 2815 3170 ἐκφέρεται
2847 3098 2987 3173 (96),
3015 3094 3128 3155 οἷον
3170 3102 3247 3167 ὡς
3277 3104 3306 3156 ό
3339 3103 3622 3177 δεσπότης
3650 3106 3847 3163 δούλου

531 3189 723 3245 scibile
758 3190 1003 3246 scicntia:
1042 3191 1237 3247 scibile
1261 3230 1276 3253 ,
1314 3190 1421 3246 alia
1456 3204 1553 3261 per
1590 3188 1993 3255 accusativum,
2029 3203 2125 3242 ve-

2247 3188 2534 3261 ῑεσπότης,
2572 3190 2643 3245 τὰ
2683 3191 2742 3246 δὲ
2773 3195 2915 3249 κατὰ
2939 3194 3182 3262 δοτικὴν,
3226 3195 3303 3261 ὡς
3341 3196 3402 3251 τὸ
3434 3198 3751 3269 ὲπιστητδν
3783 3204 3847 3271 τῇ

530 3283 630 3340 luti
663 3285 977 3355 percutiens
1017 3300 1142 3340 eum
1174 3285 1271 3356 qul
1298 3283 1609 3355 percutitur
1639 3282 1895 3355 percutit.
1931 3281 2124 3338 Corol-

2247 3283 2517 3356 ιπιστήμῃ
2562 3284 2877 3353 ἐπιστητὸν,
2922 3286 2993 3341 τὰ
3038 3286 3094 3341 δὲ
3143 3290 3288 3343 κατὰ
3318 3290 3663 3361 αἰτιατικὴν,
3706 3292 3787 3355 ὡς
3820 3293 3847 3345 ό

528 3376 730 3432 larium
759 3378 948 3448 igitur,
974 3378 1048 3442 id,
1078 3381 1229 3450 quod
1260 3379 1470 3434 dictum
1492 3386 1597 3443 est,
1625 3376 1830 3432 idcirco
1856 3376 1925 3432 ad
1952 3376 2119 3433 verba

2247 3374 2449 3429 nim-cev
2478 3376 2827 3447 τυπτόμενον
2849 3377 3065 3433 etim-er
3101 3379 3163 3435 τὸ
3197 3380 3291 3435 οὖν
3322 3383 3837 3454 παρακολούθημα,

529 3470 623 3525 illa
650 3470 882 3524 aliorum
906 3487 1019 3526 esse
1058 3472 1313 3526 dicuntur
1340 3470 1552 3525 addidit
1585 3469 1692 3524 sive
1733 3470 1844 3524 alio
1878 3485 2120 3539 quocun-

2247 3468 2365 3538 ἱπερ
2390 3466 2641 3539 εἷρηται,
2676 3468 2767 3523 διὰ
2788 3468 2951 3523 τοῦτο
2990 3471 3103 3541 (97)
3138 3472 3277 3542 μετὰ
3301 3473 3396 3527 τοῦ
3422 3472 3655 3543 ἐτέρων
3688 3472 3847 3530 εἶναι

526 3575 629 3630 que
654 3561 848 3622 modo,
894 3570 955 3613 ut
1002 3574 1098 3629 per
1140 3559 1311 3615 verba
1355 3558 1587 3613 aliorum
1626 3576 1738 3615 esse
1773 3560 2030 3613 dicuntur
2055 3574 2121 3614 ea

2247 3558 2472 3631 ῑέγεται
2504 3559 2819 3632 προσέθηκε
2844 3562 2960 3633 (98)
2991 3563 3051 3617 τὸ
3078 3564 3115 3633 ἢ
3151 3565 3442 3620 ὁπωσοῦν
3463 3567 3685 3635 ἄλλως
3711 3569 3845 3639 (99),

530 3666 651 3719 qua:
676 3666 773 3720 per
806 3650 1109 3720 genitivum
1134 3649 1497 3719 proferuntur
1530 3649 1793 3716 declaret,
1826 3664 1925 3719 per
1954 3648 2120 3705 verba

2247 3656 2313 3707 να
2341 3653 2432 3708 διὰ
2460 3653 2563 3723 μὲν
2598 3655 2693 3709 τοῦ
2722 3654 2944 3724 ἐτέρων
2981 3652 3139 3711 εἶναι
3175 3658 3417 3728 λέγεται
3448 3659 3518 3713 τὰ
3564 3661 3714 3731 πρὸς
3754 3679 3847 3730 γε·

530 3746 713 3792 antem
752 3738 861 3791 sive
896 3738 1005 3791 alio
1041 3753 1354 3808 quocunque
1385 3736 1539 3792 modo
1569 3754 1633 3794 ea
1666 3754 1788 3809 qua:
1820 3738 2123 3795 efferuntur

529 3847 628 3903 per
658 3831 1036 3887 accusativum
1068 3839 1124 3885 et
1150 3830 1424 3888 dativum.

2247 3837 2429 3905 ίλλως
2457 3840 2527 3894 τά
2574 3857 2633 3894 τε
2661 3842 2797 3914 πρὸς
2834 3844 3147 3915 αἰτιατικὴν
3194 3843 3291 3899 καὶ
3324 3845 3576 3918 δοτικήν.

601 3924 658 3977 3.
686 3922 901 3979 [labent
932 3924 1106 3979 relata
1132 3925 1199 3980 ad
1230 3924 1441 3997 aliquid
1464 3925 1829 3997 proprietates
1862 3936 2121 3996 quatuor.

2292 3926 2365 4001 γ’.
2413 3932 2567 4003 Ἔχει
2594 3932 2654 3987 δέ
2684 3934 2753 3987 τὰ
2783 3935 2923 4005 πρός
2960 3952 3015 3988 τι
3050 3936 3157 3990 ῐδια
3190 3935 3457 4009 τέσσαρω
3507 3939 3744 4010 πρῶτον
3766 3938 3838 4011 (I)

528 4015 777 4083 Quarum
823 4017 999 4086 prima
1035 4027 1161 4084 est,
1195 4034 1318 4074 esse
1366 4019 1420 4073 in
1466 4018 1600 4090 ipsis
1638 4019 2121 4089 contrarietatem;

2247 4022 2280 4077 τὸ
2306 4021 2579 4095 ὑπάρχειν
2602 4023 2661 4077 ἐν
2693 4024 2878 4087 αὐτοῖς
2911 4024 3299 4095 ἐναντιότητα*
3331 4025 3428 4079 καὶ
3456 4027 3574 4099 γὰρ
3608 4032 3681 4101 τῇ
3719 4032 3843 4082 ἐπι-

527 4110 771 4166 scicntia:
802 4111 947 4165 enim
976 4112 1318 4166 contrarium
1340 4120 1445 4177 est,
1475 4112 1598 4170 scil.
1634 4112 1964 4183 ignorantia.
1994 4112 2123 4169 Haec

2247 4115 2408 4187 ττήμῃ
2444 4114 2597 4169 ἐστὶν
2630 4115 2874 4169 ἐναντίον
2910 4116 2989 4188 (2)
3021 4117 3055 4188 ἡ
3088 4116 3303 4184 ἄγνοια*
3333 4116 3493 4171 τοῦτο
3514 4118 3575 4173 δέ
3607 4121 3672 4174 τὸ
3709 4122 3841 4175 [διον

523 4218 656 4257 vero
693 4202 1002 4274 proprietas
1035 4218 1137 4258 nec
1160 4204 1424 4259 omnibus
1455 4219 1558 4259 nec
1584 4205 1717 4259 solis
1748 4205 2004 4260 convenit
2026 4218 2115 4259 re-

2247 4207 2317 4261 ία).
2358 4206 2420 4261 οὐ
2457 4207 2594 4261 πᾶσι
2643 4208 2758 4273 τοῖς
2802 4208 2943 4281 πρός
2985 4226 3040 4262 τι
3093 4210 3192 4263 καὶ
3223 4210 3286 4263 οὐ
3336 4210 3523 4281 μόνοις
3571 4213 3836 4283 ἁρμόζει·

524 4293 691 4362 latis;
745 4310 851 4349 non
898 4295 1153 4351 omnibus
1186 4295 1442 4366 quidem,
1489 4296 1620 4367 quia
1666 4297 1834 4368 duplo
1863 4298 2001 4352 nihil
2030 4305 2116 4353 est

2247 4299 2285 4351 ›ὐ
2318 4298 2396 4370 (5)
2450 4299 2589 4352 πᾶσι
2622 4298 2744 4369 μὲν.
2794 4298 2986 4371 ἐπειδὴ
3030 4298 3110 4370 τῷ
3152 4300 3428 4373 διπλασίῳ
3476 4302 3636 4357 οὐδέν
3684 4304 3837 4358 ἐστιν

525 4386 889 4455 contrarium,
938 4404 1046 4444 non
1092 4388 1227 4445 solis
1262 4403 1397 4447 vero
1421 4429 1438 4458 ,
1488 4389 1620 4461 quia
1656 4390 1824 4447 etiam
1863 4390 2115 4463 qualitati

2247 4392 2492 4460 ηναντίον,
2523 4392 2584 4446 οὑ
2617 4392 2803 4463 μόνοις
2851 4392 2944 4462 δέ,
2990 4393 3183 4466 ἐπειδὴ
3211 4396 3308 4449 καὶ
3343 4395 3421 4467 (4)
3468 4399 3540 4469 τῇ
3575 4397 3835 4470 ποιότητξ

535 2553 743 2608 tionem
774 2551 1174 2607 declarativam
1217 2561 1431 2606 natura:
1459 2564 1677 2613 eorum,
1717 2562 1843 2619 qute
1871 2555 2004 2603 sunt
2038 2559 2129 2601 re-

534 2644 671 2709 lata,
705 2644 836 2715 quia
890 2658 998 2697 non
1041 2655 1389 2713 quaecunque
1430 2640 1665 2695 aliorum
1690 2654 1814 2695 esse
1846 2638 2128 2703 dicuntur,

534 2737 729 2791 eadem
765 2750 989 2807 quoque
1018 2735 1191 2791 relata
1237 2744 1406 2798 sunt;
1439 2747 1638 2789 manus
1660 2732 1809 2788 enim
1842 2731 2128 2802 cujusdam

539 2827 745 2883 dicitur
770 2841 969 2880 manus
994 2832 1049 2880 et
1086 2834 1254 2896 caput
1288 2824 1575 2894 cujusdam
1606 2833 1792 2895 caput,
1821 2838 1887 2879 ac
1915 2823 2128 2893 reliqua

2223 3744 2381 3818 νικὴν
2427 3745 2690 3817 δηλώσειε
2730 3748 3026 3819 λεγόμενα,
3073 3750 3165 3804 διὰ
3208 3750 3268 3805 δὲ
3305 3751 3402 3805 τοῦ
3449 3752 3488 3822 ἦ
3534 3756 3842 3810 ὁπωσοῦν

2058 4588 2303 4649 NOTAE.

523 4726 712 4856 60:95)
754 4726 847 4783 Sic
867 4726 992 4783 Vat.
1022 4736 1078 4786 et
1103 4728 1313 4797 Catif.;
1350 4729 1503 4787 Mon.
1558 4730 1656 4786 τοῦ
1705 4732 1764 4788 δὲ
1809 4732 1955 4788 κατὰ
2005 4733 2112 4790 πά-

2257 4732 2512 4856 Ἆαέὢὶϐῐ.
2549 4733 2721 4790 Arist.
2763 4748 2815 4789 c.
2836 4733 2895 4802 7,
2929 4733 2959 4807 ς
2992 4736 3203 4807 penult.
3232 4735 3309 4808 (ο.
3345 4736 3399 4803 5,
3424 4752 3481 4809 p.
3508 4738 3602 4806 i2,
3638 4741 3715 4799 15
3748 4746 3835 4801 ed.

2247 4814 2253 4837 ⁵
2292 4825 2318 4856 r
2344 4824 2388 4856 ς-

555 4816 706 4966 Ὲξδ)
732 4870 985 4966 ἕξέίὶξιέο
1004 4879 1082 4966 3‘.
1107 4880 1314 4966 2³3⁸ίῖτῆ
1336 4887 1512 4966 ¹¹⁵⁶¹¹Ξθ
1533 4874 1603 4930 ad
1631 4875 1734 4966 ﬂ";
1768 4874 1795 4945 §
1833 4874 2033 4966 δθ⁸¹¹¹3ί
2056 4876 2111 4966 ἱη

2247 4807 2416 4878 'aris.)

2288 4877 2402 4966 £23?
2431 4880 2578 4966 Moe-
2608 4881 2834 4966 em.

521 4940 695 5008 Motu,
732 4940 964 5031 ubibzec
987 4940 1256 5031 duntaxat
1301 4940 1557 5031 li-guntur
1590 4962 1646 5000 κ.
1771 4940 1952 5031 ’μούι
1979 4947 2115 5031 ἀνᾴ-

2248 5021 2263 5031 _
2602 4940 2810 5031 πτῶἓώ
2840 4954 2987 5010 Μοιι.
3019 4955 3081 5009 τὸ
3107 4956 3325 5025 γενικόν
3346 4969 3363 4986 ·
3398 4955 3479 5011 sic
3503 4964 3563 5013 et
3617 4955 3679 5010 in
3713 4972 3835 5031 seq.

520 5028 709 5081 γεται’
742 5012 971 5085 καὶγὰρ
1004 5014 1102 5066 καὶ
1145 5012 1378 5068 τούτων’
1396 5016 1567 5071 ἐκάστ
1611 5034 1638 5080 ς
1701 5012 1981 5087 ἐπιστήμη
2008 5017 2106 5085 γέ·
2213 5012 2440 5088 abbot,
2472 5024 2535 5077 τὸ
2559 5025 2669 5077 αἰτ.
3118 5012 3131 5025 ’

520 5098 646 5141 νοςο
676 5080 849 5136 ταῦτα
883 5085 982 5141 μὲν
1010 5080 1104 5140 οὖν
1132 5085 1201 5138 τὰ
1232 5086 1339 5139 ὑπὸ
1386 5089 1457 5139 τὰ
1496 5035 1633 5141 1:02:
1666 5104 1718 5140 τι
1752 5086 1828 5141 ὼς
1858 5088 1977 5141 εῐδη
2011 5105 2103 5141 τευ
2285 5091 2399 5141 (96)
2432 5094 2577 5141 Man.
2612 5096 2951 5141 προφέρεται
2974 5112 2990 5129 ο
3024 5111 3181 5141 smn-
3219 5095 3249 5141 οἵ

520 5098 646 5164 νοςο
676 5085 849 5136 ταῦτα
883 5085 982 5155 μὲν
1010 5085 1104 5140 οὖν
1132 5085 1201 5138 τὰ
1232 5086 1339 5139 ὑπὸ
1386 5089 1457 5139 τὰ
1496 5085 1633 5159 πρός
1666 5104 1718 5140 τι
1752 5086 1828 5151 ὼς
1858 5085 1978 5158 εῐδη
2011 5105 2103 5142 τευ
2285 5091 2399 5163 (96)
2429 5085 2577 5147 Mon.
2612 5110 2720 5165 προ
2766 5096 2951 5166 ἐρεται
2974 5112 2990 5129 ’
3024 5111 3182 5167 sequ.
3219 5095 3294 5159 ὼς
3320 5097 3495 5151 dcesl.

520 5154 738 5209 λουντα.
1464 5221 1487 5223 _
2289 5163 2404 5223 (97)
2426 5166 2482 5219 In
2511 5163 2657 5219 Man.
2675 5112 2765 5219 6ιῖ
2790 5166 2951 5219 τοῦτο
2979 5168 3131 5222 deest
3155 5175 3211 5221 et
3244 5168 3515 5223 sequitur.
3552 5168 3710 5223 μετὰ
3735 5171 3831 5223 τοῦ

618 5170 891 5306 gladium
923 5225 982 5306 ἐν
1005 5225 1172 5306 ᾲρχῇ.
1188 5224 1275 5306 ,Ὁ
1300 5225 1403 5298 μὲν
1426 5221 1520 5281 οὗν
1550 5228 1860 5301 εἰρημένος.

2289 5167 2404 5233 (97)
2426 5167 2482 5219 In
2511 5167 2657 5219 Mon.
2675 5167 2765 5219 διὰ
2790 5167 2951 5219 τοῦτο
2979 5168 3131 5222 deest
3155 5175 3211 5221 et
3244 5168 3515 5238 sequitur.
3552 5168 3710 5238 μετὰ
3735 5171 3835 5224 τοῦ

2247 5234 2372 5306 ιύτίι
2400 5235 2553 5302 ἅπερ
2585 5235 2779 5298 ἐστὶν.
2810 5235 3049 5306 ἐτέρων,
3082 5255 3139 5291 κ.
3173 5254 3225 5292 τ.
3249 5236 3299 5292 λ.

620 5294 708 5374 βξ)
740 5294 887 5374 lim).-
911 5294 1222 5374 .asu-‘ears:
1303 5294 1315 5298 '
1606 5294 1619 5301 '
1659 5294 1693 5299 "
1823 5294 1829 5295 ί

2290 5305 2402 5374 (98)
2437 5294 2531 5359 καί
2557 5306 2684 5362 add.
2724 5294 2868 5362 M—on.

601 5364 709 5437 (89)
742 5366 803 5419 ὃν
831 5366 889 5419 δὲ
911 5364 1141 5436 λέξομεν
1178 5365 1325 5423 Mon.

2272 5379 2386 5446 (99)
2412 5376 2561 5453 M‘on.
2591 5376 2624 5444 ἢ
2644 5447 2655 5453 _
2680 5376 2932 5453 ὁπωσοῦν
2950 5394 2965 5408 ο
2999 5378 3114 5453 ἀλλ’
3148 5377 3225 5453 ὡς
3252 5376 3472 5453 (ἄλλως)
3496 5379 3576 5453 τά
3597 5396 3663 5433 τε
3686 5380 3837 5453 πρὸς

614 5436 856 5532 soliti)?
892 5438 1133 5532 ξρδςέτ.
1163 5440 1316 5495 deest
1336 5442 1390 5496 in
1410 5439 1556 5496 Mon.
1583 5438 1712 5496 Haec
1735 5440 1984 5499 deﬁnitio
2015 5452 2101 5500 est

2247 5436 2511 5532 ἱέιατικὸν
2570 5436 2667 5499 καὶ
2720 5448 2859 5519 πρὸς
2902 5448 3136 5504 δοτικόν.
3186 5436 3467 5520 Sequitur,
3495 5436 3835 5509 immedi'até

523 5521 589 5562 ex
617 5510 786 5562 Arist.
821 5522 871 5562 c.
902 5506 949 5559 7’
979 5510 1099 5564 init.

596 5578 678 5656 (91
692 5580 727 5656 )_
746 5577 891 5656 dion.
924 5580 1060 5656 ἀλλ’,
1086 5579 1163 5656 ὡς
1187 5580 1437 5656 εἴπομεν,
1460 5584 1564 5656 ὄτιδ
1584 5583 1684 5637 οὐκ
1733 5584 1848 5638 ἔστι
1880 5583 2111 5656 δηλωτι-

522 5644 666 5728 κὸρό
692 5644 870 5728 ’λόγος
917 5644 1072 5728 οὗτος
1102 5650 1201 5719 τῆς
1241 5644 1459 5721 φύσεως
1498 5654 1607 5710 τῶν
1642 5657 1778 5727 πρός
1834 5671 1907 5711 τι’
1998 5656 2110 5728 γὰρ

524 5718 667 5788 χεὶρ,
698 5720 845 5789 τινὸς
867 5721 989 5789 χεὶρ
1013 5718 1251 5788 λέγεται.

601 5790 713 5861 (92)
734 5788 1134 5857 λέγεταιίιιθεει
1159 5791 1217 5847 in
1252 5792 1424 5850 Μοιι..

2264 5534 2318 5571 ο.

2272 5588 2350 5655 (i)
2378 5586 2594 5655 πρῶτον
2625 5589 2782 5642 omit.
2812 5587 2957 5645 Mon.

2306 5658 2362 5727 ‘2)
2397 5658 2508 5715 οἷον
2538 5658 2663 5713 add.
2696 5659 2844 5714 Mon.

2308 5730 2361 5797 5)
2392 5729 2487 5782 καὶ
2512 5729 2574 5781 οὐ
2605 5746 2667 5786 π.
2702 5728 2850 5784 Μοη.
2972 5771 2980 5781 .

2285 5798 2363 5869 (4)
2396 5798 2487 5853 καί
2517 5800 2671 5858 deest
2699 5802 2753 5857 in
2784 5800 2929 5857 Mon.
