4110 6426
423 330 530 395 799

1612 314 1870 377 PHO’I‘II
1910 309 2413 374 PATRIARCHxE
2447 306 2556 367 (ΣΡ.

3611 293 3718 358 800

426 445 573 499 deus
604 447 692 495 est
720 436 949 493 minime
975 446 1345 491 concessuros
1371 472 1385 498 ,
1418 438 1665 502 tempore
1690 429 1919 485 omnino
1946 430 2029 481 vel

2154 426 2309 497 [ρόνῳ
2328 424 2464 486 ὅλως
2508 414 2916 491 προῦφεστάναι
2960 412 2995 486 ἢ
3039 411 3110 466 τὰ
3143 408 3384 480 στοιχεῖα
3412 406 3521 462 τῶν
3561 406 3721 472 ζώων

426 532 699 586 elementa
748 525 1085 581 animalibus
1124 523 1213 578 vel
1253 532 1403 576 astra
1443 520 1686 575 scientiae
1733 517 2017 589 praeexsti-

2119 519 2152 587 ἥ
2195 516 2266 569 τὰ
2310 517 2488 586 ἄστρα
2530 516 2629 583 τῆς
2674 509 2989 579 ἐπιστήμης
3020 504 3462 576 συγχωρήσουσι·
3489 499 3636 571 λόγῳ
3662 498 3722 552 δὲ

431 624 563 677 tisse
584 662 599 687 ,
632 620 727 675 sed
773 619 951 673 solum
996 618 1213 671 ratione
1238 622 1404 685 atque
1436 612 1718 667 intellectu
1749 609 2018 681 simplicia

2154 610 2273 681 ιόνῳ
2301 609 2396 663 καὶ
2421 606 2627 677 θεωρία
2661 603 2730 656 τά
2779 601 2929 655 ἁπλᾶ
2955 599 3066 653 τῶν
3109 596 3380 651 συνθέτων
3403 592 3725 666 προτιθέναι

430 710 755 781 compositis
787 707 1032 777 praaponi
1063 706 1452 761 arbitraturos.
1486 702 1854 769 Quamobrem
1888 715 2021 754 om-

2157 698 2537 753 ικαιώσουσιν·
2571 695 2715 752 ὥστε
2762 692 2899 745 πᾶσι
2959 691 3073 752 τοῖς
3116 686 3256 757 πρός
3292 703 3346 739 τι
3386 685 3626 755 ὑπάρχει
3661 682 3723 735 τὺ

432 803 597 855 nibus
630 774 819 853 relatis
843 774 919 852 ad
943 797 1151 867 aliquid
1176 796 1453 861 convenit,
1482 795 1647 850 simul
1673 808 1798 849 cum
1824 802 2022 848 natura

2154 809 2248 863 ιμα
2297 794 2367 862 τῇ
2401 789 2562 859 φύσει
2596 786 2887 856 ὑπάρχειν.
2949 779 3092 834 Ἀλλ’
3145 777 3461 852 ἀρκούντως
3508 774 3723 847 εἴρηται

429 897 716 950 exsistere.
755 890 861 945 Sed
885 891 998 961 jam
1031 890 1167 945 satis
1199 889 1407 944 dictum
1439 898 1523 943 est
1550 888 1619 942 de
1656 885 1865 941 relatis.

938 1001 1272 1069 Qumsrro
1299 1002 1509 1057 CXLII.

826 1097 901 1152 De
941 1112 1032 1150 sca:
1064 1096 1282 1166 reliquis
1318 1095 1620 1165 categoriis.

2128 884 2228 940 καὶ
2269 886 2401 956 περὶ
2440 881 2549 935 τῶν
2594 878 2728 951 πρός
2758 895 2832 931 τι.

2659 991 2995 1047 ΕΡΩἹἮΣΙΣ
3034 990 3207 1044 ΡΜΒ’.

2331 1086 2471 1154 Περὶ
2502 1083 2621 1138 τῶν
2668 1081 3025 1138 ὑπολοίπων
3044 1080 3113 1147 ἐξ
3141 1077 3532 1150 κατηγοριῶν.

1513 1207 1656 1258 Nunc
1691 1206 1904 1270 primum
1935 1203 2069 1256 edita
2087 1216 2115 1252 a
2136 1203 2197 1254 D.
2221 1199 2655 1264 Hergenroether.

510 1327 856 1388 Aristoteles,
896 1331 1089 1393 utpote
1118 1336 1227 1376 non
1253 1320 1461 1377 docens
1490 1319 1746 1384 fortasse,
1793 1319 1886 1375 sed
1936 1319 2036 1374 do-

439 1423 674 1472 ctrinam
732 1416 982 1470 indicans
1036 1412 1121 1466 vel
1170 1422 1456 1468 ostentans
1503 1411 1793 1481 (siquidem
1845 1425 2034 1465 verum

443 1518 549 1573 est,
576 1508 723 1578 quod
756 1508 824 1562 de
864 1506 1020 1561 libris
1053 1506 1172 1561 suis
1203 1505 1406 1561 dixerit
1441 1522 1454 1560 :
1509 1503 1658 1557 Editi
1692 1512 1816 1557 sunt
1849 1513 1897 1557 et
1933 1518 2038 1556 non

2222 1310 2281 1363 Ὀ
2316 1307 2416 1381 μὲν
2461 1303 2845 1377 Ἀριστοτέλης
2868 1302 3008 1376 (i6),
3040 1302 3135 1356 ἅτε
3174 1299 3251 1372 μὴ
3281 1297 3547 1353 διδάσκων
3574 1298 3728 1362 ῖσως,

2137 1404 2238 1476 τὴν
2284 1403 2342 1457 δὲ
2385 1398 2734 1456 διδασκαλίαν
2788 1395 3236 1465 ἐνδεικνύμενος,
3282 1394 3442 1465 εῖπερ
3490 1390 3566 1462 μὴ
3602 1407 3734 1444 κατ-

2141 1496 2398 1567 έψευσται
2416 1493 2584 1547 αὐτοῦ
2609 1492 2722 1564 (17)
2745 1490 2808 1545 τὸ
2823 1487 3132 1544 ἐκδέδοται
3150 1486 3248 1540 καὶ
3271 1487 3383 1540 οὐκ
3403 1483 3733 1549 ἐκδέδοται,

442 1577 618 1664 editi),
651 1605 769 1651 tum
800 1597 867 1651 de
892 1597 1038 1661 aliis,
1074 1604 1189 1650 tum
1215 1596 1283 1651 de
1311 1611 1405 1652 sex
1437 1594 1713 1666 (reliquis)
1737 1593 2034 1665 categoriis

2154 1590 2274 1663 περί
2310 1607 2369 1643 τε
2398 1588 2507 1643 τῶν
2538 1587 2720 1643 ἄλλων
2750 1586 2845 1640 καὶ
2876 1584 3007 1655 περὶ
3036 1583 3141 1636 τῶν
3176 1580 3237 1647 ἒξ
3270 1578 3617 1651 κατηγοριῶν
3655 1577 3735 1630 ἔτι

446 1688 620 1744 multo
655 1688 839 1741 adhuc
873 1685 1084 1741 arctius
1123 1684 1409 1740 disseruit.
1442 1682 1553 1739 Nos
1585 1697 1739 1750 vero,
1774 1682 1867 1753 qui
1898 1697 2035 1752 qua-

448 1792 576 1837 tuor
618 1780 1044 1851 prazdicamenta
1078 1778 1260 1833 fusius
1292 1788 1347 1833 et
1373 1778 1452 1833 uti
1486 1777 1567 1833 rei
1599 1786 2037 1833 consentaneum

448 1879 570 1927 erat
592 1872 1052 1942 pertractavimus
1077 1880 1132 1926 et
1160 1870 1444 1941 discipulis
1470 1871 1853 1941 exposuimus,
1880 1884 2040 1924 cum-

449 1965 574 2019 dem
614 1964 1002 2034 explicationis
1046 1965 1269 2020 modum
1300 1965 1468 2019 etiam
1500 1964 1683 2034 quoad
1714 1980 1807 2019 sex
1832 1963 2041 2033 reliqua

453 2059 789 2113 servandum
829 2057 989 2112 vobis
1015 2072 1138 2113 esse
1168 2057 1508 2113 censuimus.
1539 2056 1749 2112 Idcirco
1783 2056 2040 2121 dicimus,

453 2157 581 2200 ante
612 2147 799 2200 omnia
834 2145 969 2200 illud
997 2144 1138 2201 scitu
1169 2146 1547 2201 necessarium
1575 2161 1719 2212 esse,
1742 2145 2045 2215 quamlibet

451 2238 855 2309 categoriarum
882 2279 899 2303 ,
948 2238 1013 2292 de
1046 2238 1247 2308 quibus
1295 2253 1441 2291 nunc
1490 2253 1694 2304 sermo,
1740 2238 2043 2307 simplicem

452 2328 866 2398 quodammodo
897 2343 1041 2383 esse.
1091 2326 1360 2393 Quamvis
1394 2328 1541 2382 enim
1570 2343 1636 2381 ex
1680 2329 1898 2384 duobus
1923 2328 2045 2399 qui-

454 2418 703 2487 bnspiam
735 2417 1070 2473 combinatis
1112 2416 1379 2472 eﬂiciatur
1409 2417 1665 2488 qua-libet
1711 2418 1902 2473 barum
1948 2435 2043 2475 sex

452 2508 857 2578 categoriarum
882 2549 898 2574 ,
947 2518 1188 2563 attamen
1235 2519 1383 2580 patet
1434 2525 1543 2566 non
1580 2511 1695 2580 ipsa
1732 2512 2046 2567 combinata

455 2596 561 2651 ista
590 2612 692 2650 nos
722 2596 907 2651 dicere
940 2597 1299 2665 categoriam,
1332 2599 1405 2652 ita
1442 2607 1503 2651 ut
1526 2599 1646 2654 illas
1669 2599 1793 2654 inde
1813 2609 1868 2654 et
1891 2615 2046 2655 com—

460 2689 666 2759 positio
713 2701 1123 2760 couscquatur;
1174 2706 1353 2759 neque
1379 2692 1528 2745 enim
1574 2702 1634 2747 ut
1676 2703 1862 2763 partes
1902 2694 2049 2749 illius

461 2783 575 2836 haec
604 2782 920 2836 comliinata
952 2781 1330 2851 accipiuntur,
1363 2799 1538 2854 neque
1564 2795 1625 2839 ut
1648 2786 1875 2841 materia
1898 2802 2050 2857 quae-

456 2876 583 2931 dam
636 2875 883 2945 subjecta
909 2915 924 2941 ,
968 2890 1149 2945 neque
1205 2883 1264 2931 ut
1305 2877 1560 2946 quaedam
1613 2880 1909 2949 compositi
1939 2879 2051 2934 elc-

2148 1682 2349 1754 μᾶλλον
2394 1679 2804 1750 συντομώτερον
2836 1675 3189 1749 περιείληφεν
3210 1691 3224 1704 ⁸
3257 1675 3419 1744 ἡμεῖς
3448 1673 3505 1726 δὲ
3548 1673 3645 1735 τάς
3674 1688 3736 1724 τε

2140 1777 2253 1829 τῶν
2298 1771 2648 1844 κατηγοριῶν
2693 1769 2967 1841 τέσσαρας
3017 1769 3075 1821 ἐν
3106 1766 3300 1821 πλάτει
3334 1783 3392 1818 τε
3433 1764 3737 1834 συμμέτρῳ

2143 1868 2239 1923 καὶ
2278 1870 2345 1939 τῇ
2397 1863 2704 1935 διδασκάλῳ
2751 1861 3115 1927 διεξελθόντες
3164 1856 3435 1929 σαφηνείᾳ
3470 1857 3567 1911 καὶ
3608 1856 3740 1928 περὶ

2143 1961 2253 2016 τῶν
2294 1958 2604 2014 ὑπολοίπων
2645 1955 2705 2022 ἒξ
2745 1956 2836 2011 τὸν
2867 1954 3032 2009 αὐτὸν
3066 1954 3196 2024 ὑμῖν
3227 1951 3491 2005 διασῶσαι
3518 1950 3618 2020 τῆς
3658 1949 3737 2002 δι-

2144 2051 2444 2115 δασκαλίας
2479 2047 2884 2119 ὲδικαιώσαμεν
2928 2045 3117 2100 τύπον.
3165 2044 3257 2097 Διό
3292 2059 3494 2113 φαμεν,
3529 2042 3603 2105 ὡς
3637 2038 3743 2110 πρό

2153 2165 2218 2217 γε
2248 2148 2466 2202 πάντων
2496 2147 2677 2199 έκεῖνο
2700 2143 2899 2197 είδέναι
2926 2140 3069 2213 χρὴ,
3105 2140 3187 2193 ὅτι
3221 2140 3427 2209 ἑκάστη
3469 2137 3578 2191 τῶν
3612 2153 3744 2190 κατ-

2153 2238 2418 2311 ηγοριῶν,
2472 2237 2603 2307 περὶ
2644 2228 2720 2290 ὧν
2751 2237 2780 2289 ὁ
2821 2234 3002 2303 λόγος,
3036 2232 3182 2303 ἁπλῆ
3227 2231 3312 2294 τίς
3350 2232 3519 2284 ἐστιν·
3550 2230 3599 2282 εί
3633 2229 3744 2300 γὰρ

2145 2330 2242 2383 καὶ⁸
2286 2328 2380 2381 δύο
2424 2327 2588 2383 τινῶν
2637 2325 3089 2395 συνδυαζομένων
3137 2324 3486 2377 ἀποτελεῖται
3533 2321 3741 2391 ἑκάστη

2144 2420 2255 2474 τῶν
2299 2418 2359 2485 ἓξ
2401 2415 2773 2489 κατηγοριῶν,
2819 2414 2933 2469 ἀλλ’
2974 2412 3069 2467 οὖν
3114 2413 3296 2485 δῆλον,
3342 2412 3426 2466 ὅτι
3456 2412 3557 2465 οὐκ
3604 2410 3746 2464 αὐτὰ

2145 2515 2216 2567 τὰ
2250 2508 2656 2581 συνδυαζόμενα
2707 2524 2889 2579 φαμεν
2942 2501 3083 2559 εἶναι
3121 2504 3482 2576 κατηγορίαν,
3525 2502 3612 2556 ἵνα
3650 2500 3748 2556 καὶ

2147 2604 2209 2658 τὸ
2239 2603 2493 2657 σύνθετον
2518 2602 2710 2664 αὐταῖς
2734 2598 3173 2671 ὲπακολουθήσῃ·
3204 2596 3330 2650 οὔτε
3354 2596 3463 2668 γὰρ
3489 2596 3564 2660 ὼς
3599 2595 3741 2667 μέρη

2149 2696 2321 2766 αὐτῆς
2359 2695 2547 2749 ἐκεῖνα
2569 2690 3084 2765 παραλαμϐάνεται,
3117 2689 3241 2744 οὔτε
3272 2689 3349 2754 ὡς
3376 2688 3476 2759 ὕλη
3499 2705 3584 2753 τις
3612 2688 3746 2741 ὑπο-

2150 2789 2380 2855 κειμένη
2411 2828 2425 2847 ,
2462 2783 2579 2838 ἀλλ’
2612 2782 2722 2837 οὐδ’
2752 2782 2827 2844 ὥς
2858 2798 2983 2835 τινα
3013 2779 3269 2833 συνθέτου
3310 2781 3550 2849 στοιχεῖα
3569 2817 3585 2844 ,
3628 2773 3746 2831 ἀλλ’

2149 2877 2341 2950 ὥσπερ
2366 2880 2400 2950 ἡ
2433 2877 2586 2946 φιλία
2630 2875 2724 2930 δύο
2755 2874 2856 2945 μέν
2887 2874 3051 2928 τινών
3081 2875 3229 2927 ἐστιν
3266 2872 3496 2937 ἓνωσις,
3530 2871 3744 2924 οὐδέτε-

458 2977 687 3033 menta;
741 2981 930 3020 verum
988 2967 1454 3036 quemadmodum
1503 2969 1748 3025 amicitia
1810 2971 2046 3027 duorum

2154 2987 2247 3043 ρον
2279 2970 2394 3042 (I8)
2437 2970 2495 3023 δὲ
2545 2970 2656 3024 τῶν
2701 2967 3000 3039 φιλούντων
3047 2966 3219 3031 ἐστὶν,
3268 2966 3377 3019 οὐδ’
3428 2967 3494 3018 ὲκ
3541 2963 3751 3019 τούτων

460 3062 748 3116 hominum
797 3068 1076 3116 certorum
1110 3062 1427 3132 coniunctio
1464 3072 1584 3129 est,
1635 3075 1891 3119 neutrum
1923 3080 2050 3121 vero

459 3155 767 3209 amicorum
796 3162 902 3219 est,
946 3169 1125 3223 neque
1149 3168 1217 3208 ex
1250 3154 1337 3209 his
1366 3155 1783 3226 quomodolibet
1814 3157 2051 3215 conﬂata

458 3258 515 3301 et
539 3249 880 3317 composita.
919 3248 1149 3301 omnino
1182 3262 1314 3302 vero
1356 3248 1585 3319 simplex
1620 3261 1744 3317 est;
1772 3261 1825 3307 et
1858 3268 2053 3323 quem-

461 3339 758 3394 admodum
795 3339 1103 3394 dominatio
1138 3356 1205 3395 cx
1242 3342 1578 3398 combinatis
1606 3345 1939 3414 quibusdam
1967 3345 2053 3401 ef-

463 3432 644 3488 ﬁcitur
689 3440 744 3487 et
779 3431 1193 3496 manifestatur,
1230 3434 1460 3490 omnino
1504 3451 1635 3492 vero
1672 3449 1757 3493 est
1786 3439 2052 3509 simplex:

466 3524 721 3579 eumdem
750 3539 973 3593 quoque
1006 3524 1059 3577 in
1087 3522 1312 3578 modum
1342 3527 1600 3595 quaelibet
1632 3544 1725 3585 sex
1748 3532 2054 3602 categoria-

468 3630 588 3667 rmn
626 3615 847 3667 duobus
892 3612 1116 3682 quidem
1151 3614 1609 3672 convenientibus
1644 3618 1867 3687 prodit,
1920 3635 2056 3676 neu-

465 3712 615 3755 trum
651 3716 784 3755 vero
815 3700 1261 3757 convenientium
1303 3715 1411 3770 est,
1452 3721 1631 3776 neque
1685 3707 1796 3763 ullo
1829 3724 2057 3779 prorsus

466 3791 634 3843 modo
665 3804 733 3843 ex
779 3789 971 3843 iisdem
1021 3792 1399 3858 componitur.
1454 3793 1549 3849 Sic
1590 3811 1693 3866 ego
1728 3806 1783 3852 et
1827 3796 2053 3869 reliquae

468 3879 554 3933 liae
588 3886 784 3947 praeter
821 3884 1065 3945 quatuor
1098 3877 1219 3933 illas
1262 3882 1571 3952 categorias
1599 3883 1880 3955 simplices
1906 3896 2056 3955 sunt,

465 3969 935 4041 quemadmodum
993 3977 1049 4024 et
1091 3970 1215 4025 illae.
1252 3970 1430 4042 Atque
1456 3971 1780 4044 simplicitas
1806 3976 1908 4032 ista
1938 3993 2059 4033 om-

472 4061 637 4115 nibus
671 4061 966 4130 categoriis
1004 4064 1317 4119 communis
1342 4074 1427 4119 est
1454 4082 1469 4134 ;
1501 4067 1649 4136 quod
1674 4084 1803 4125 vero
1827 4086 1891 4125 ex
1923 4072 2060 4127 duo—

476 4150 580 4205 bus
608 4150 937 4220 quibusdam
979 4152 1305 4208 coeuntibus
1336 4153 1655 4210 elIiciuntur
1683 4167 1735 4211 et
1765 4159 2058 4227 prodeunt,

2156 3060 2405 3117 ὁπωσοῦν
2428 3060 2785 3132 συγκειμένη,
2807 3059 2989 3130 πάντη
3003 3058 3061 3112 δέ
3078 3060 3225 3111 ἐστιν
3247 3057 3414 3128 ἀπλῆ,
3439 3057 3534 3113 καὶ
3558 3056 3751 3126 ὥσπερ

2156 3154 2191 3224 ἡ
2234 3152 2523 3207 δεσποτεία
2568 3151 3021 3224 συνδυαζομένων
3065 3151 3165 3222 μέν
3208 3167 3370 3205 τινων
3403 3149 3751 3205 ἀποτελεῖται

2159 3245 2255 3299 καὶ
2292 3244 2672 3315 ἀναφαίνεται,
2727 3247 2905 3318 πάντη
2954 3244 3011 3299 δέ
3058 3247 3206 3299 ἐστιν
3248 3244 3429 3315 ἁπλῆ,
3472 3244 3615 3298 κατά
3658 3242 3753 3296 τὸν

2159 3340 2321 3393 αὑτὸν
2370 3339 2573 3410 τρόπον
2607 3339 2704 3393 καὶ
2746 3338 2954 3411 ἑκάστη
3006 3338 3117 3394 τῶν
3165 3336 3227 3403 ἓξ
3270 3339 3618 3409 κατηγοριῶν
3658 3337 3753 3390 δύο

2169 3431 2271 3502 μέν
2309 3448 2474 3485 τινων
2508 3431 2799 3487 συνιόντων
2834 3431 3213 3501 ἀναφαίνεται,
3249 3430 3533 3503 οὐδέτερον
3561 3428 3617 3483 δὲ
3647 3428 3755 3483 τῶν

2164 3522 2456 3576 συνιόντων
2493 3524 2664 3591 ἐστὶν,
2707 3523 2818 3577 οὐδ’
2858 3523 3113 3578 ὁπωσοῦν
3140 3523 3199 3588 ἐξ
3225 3522 3409 3578 αὐτῶν
3441 3526 3751 3590 σύγκειται·

2161 3614 2336 3684 ταύτῃ
2371 3616 2482 3684 (I9)
2503 3616 2611 3686 ἄρα
2638 3616 2735 3668 καὶ
2762 3614 2948 3685 ἕτεραι
2978 3614 3147 3670 ἔνεισι
3176 3616 3329 3687 παρὰ
3356 3613 3456 3677 τὰς
3480 3614 3757 3683 τέσσαρας

2165 3699 2359 3772 αὗται,
2389 3707 2561 3763 ἁπλαῖ
2588 3707 2646 3760 δὲ
2673 3707 2863 3779 ὥσπερ
2888 3709 3162 3762 κάκεῖναι·
3204 3712 3300 3761 καὶ⁹
3330 3709 3391 3760 τδ
3437 3706 3537 3776 μὲν
3576 3704 3756 3767 ἁπλᾶς

2165 3793 2307 3851 εἶναι
2333 3797 2512 3851 κοινὸν
2537 3798 2802 3861 ἀπάσαις,
2830 3797 2891 3853 τὸ
2920 3799 2978 3852 δὲ
3002 3799 3096 3853 δύο
3122 3798 3286 3854 τινῶν
3314 3795 3756 3868 συνεληλυθότων

2166 3886 2573 3956 ἀπογεννᾶσθαι
2618 3888 2713 3941 καὶ
2753 3889 3145 3958 ἀναφαίνεσθαι
3192 3888 3429 3959 μάλιστα
3476 3888 3607 3940 ἴδιον
3647 3884 3757 3939 τῶν

2166 3977 2247 4043 ἓξ.
2299 3977 2557 4041 Είπόντες
2616 3977 2710 4033 οὖν
2741 3980 2809 4033 τὰ
2853 3980 3050 4044 κοινῶς
3080 3980 3457 4051 ἐνυπάρχοντα
3498 3980 3618 4041 ταῖς
3654 3976 3755 4042 ἓξ,

2168 4070 2264 4123 καὶ
2292 4071 2422 4143 περ)⁹
2446 4072 2577 4143 μιᾶς
2605 4071 2845 4143 ἑκάστης
2874 4073 3051 4127 αὐτῶν
3077 4073 3185 4145 ίδίᾳ
3218 4073 3623 4145 θεωρήσαιμεν·
3660 4071 3755 4125 καὶ

2169 4162 2437 4235 πρότερόν
2465 4181 2531 4235 γε
2571 4166 2704 4238 περὶ
2731 4165 2825 4219 τοῦ
2849 4166 2963 4238 (20)
2990 4170 3185 4230 ποιεῖν,
3212 4168 3314 4238 τήν
3344 4183 3402 4219 τε
3431 4164 3757 4236 ὑπογραφὴν

474 4242 529 4296 id
566 4242 805 4296 maxime
840 4256 936 4296 sex
989 4241 1112 4297 istis
1154 4243 1460 4313 proprium.
1528 4245 1667 4301 Cum
1710 4247 1875 4318 igitur
1908 4249 2048 4305 dixe«

2171 4254 2337 4308 αὐτοῦ
2372 4257 2779 4323 ὑποτυποῦντες
2802 4260 2987 4314 καὶτὰ
3024 4260 3140 4332 εἴδη
3168 4260 3264 4314 καὶ
3304 4260 3374 4315 τὰ
3403 4257 3534 4313 ἴδια*
3577 4274 3758 4326 παρα·

469 4332 650 4387 rimus
690 4332 758 4388 de
807 4331 876 4387 iis
918 4348 1043 4401 quae
1088 4339 1463 4391 communiter
1515 4337 1706 4395 insunt
1757 4340 1878 4397 istis
1941 4357 2048 4411 sex,

2168 4346 2414 4418 πλησίως
2438 4348 2495 4402 δὲ
2518 4349 2616 4404 κα)⁸
2636 4350 2731 4404 ἐπὶ
2762 4352 2872 4406 τῶν
2896 4352 3093 4409 ἀλλων.

474 4425 640 4480 etiam
696 4425 764 4479 de
812 4425 1047 4520 singulis
1099 4441 1291 4482 earum
1347 4429 1579 4485 scorsim
1625 4431 2067 4502 disquisitionem
2146 4440 2438 4499 instituere
2503 4445 2797 4514 volumus;
2843 4463 2909 4503 ac
2945 4449 3124 4518 primo
3160 4448 3381 4520 quidem
3414 4449 3481 4505 de
3521 4446 3758 4503 actione,

482 4520 644 4592 cujus
688 4519 1140 4589 descriptionem,
1180 4524 1393 4593 species
1432 4540 1497 4580 ac
1532 4528 1895 4596 proprietates
1926 4533 2325 4593 delineabimus
2350 4554 2368 4601 ;
2397 4539 2653 4597 similiter
2683 4557 2813 4598 vero
2850 4544 3016 4599 etiam
3050 4546 3117 4600 de
3141 4519 3375 4601 caeteris.

777 4633 1112 4701 QUIESTIO
1136 4636 1343 4693 CXLIII
1375 4637 1756 4716 [CLXXVIIL]

1090 4728 1168 4784 De
1210 4732 1439 4786 actione.

2680 4654 3020 4713 ΕΡΩΤΗΣΙΣ
3054 4660 3234 4717 ΡΜΓ’.

2691 4751 2835 4820 Περὶ
2877 4750 2985 4807 τοῦ
3024 4752 3239 4809 ποιεῖν.

1550 4843 1695 4896 Nunc
1721 4846 1935 4909 primum
1962 4852 2097 4904 edita
2115 4867 2145 4904 a
2168 4853 2229 4905 D.
2255 4857 2671 4923 Hergenroether

548 4949 601 5004 i.
634 4949 810 5022 Agere
837 4961 921 5007 est
944 4953 1224 5022 quomodo
1254 4952 1389 5009 libet
1410 4958 1654 5027 operari.
1680 4957 1858 5015 Habet
1885 4971 2067 5019 autem

478 5043 688 5112 primas
744 5044 957 5113 species
1000 5044 1185 5103 duas:
1220 5046 1277 5101 in
1316 5047 1465 5104 aliud
1495 5051 1736 5120 operari,
1770 5060 1826 5107 et
1853 5067 1964 5108 non
2010 5054 2066 5109 in

479 5136 627 5192 aliud
690 5138 949 5209 operari;
990 5140 1304 5211 exemplum
1368 5142 1712 5214 operationis
1766 5145 1827 5201 in
1875 5147 2066 5205 aliud:

2254 4966 2323 5023 α’.
2366 4970 2550 5025 Ποιεῖν
2581 4973 2762 5028 τοίνυν
2793 4975 2941 5031 ἔστιν
2979 4991 3041 5032 το
3063 4978 3314 5034 οπωσοῦν
3346 4979 3592 5053 ἐνεργεῖν
3625 4980 3759 5053 (21).

2183 5058 2339 5130 Ἔχει
2362 5060 2420 5114 δὲ
2449 5062 2643 5133 πρῶτα
2661 5066 2778 5138 εἴδη
2802 5067 2915 5122 δύοο
2933 5070 2997 5124 τό
3022 5087 3083 5124 τε
3112 5072 3191 5136 είς
3213 5070 3343 5126 ἄλλο
3369 5073 3639 5144 ἐνεργεῖν,
3670 5074 3763 5128 καὶ

2179 5151 2241 5206 τὸ
2266 5152 2343 5225 μὴ
2363 5155 2443 5220 εἰς
2465 5154 2614 5212 ἄλλο·
2643 5161 3000 5237 παράδειγμα
3026 5164 3120 5219 τοῦ
3141 5165 3243 5236 μὲν
3264 5168 3343 5231 είς
3358 5165 3487 5222 ἄλλο
3516 5168 3762 5241 ἐνεργεῖν

1994 5348 2226 5409 NOTAE.

552 5484 601 5576 (_I
612 5493 667 5576 6)
695 5493 877 5576 Pauca
903 5497 1197 5576 admodum
1230 5499 1298 5576 de
1320 5514 1415 5576 sex
1437 5501 1663 5576 reliquis
1680 5506 2070 5576 praedicamen-

484 5561 1101 5651 tisliabet_Aristo‘teles
1157 5584 1208 5651 c.
1263 5571 1315 5625 9.
1375 5571 1436 5628 In
1470 5561 1616 5631 Moh.
1654 5561 1952 5651 c'od.,q—ua:
1980 5561 2069 5635 Ilio

479 5645 798 5701 occurrunt,
833 5637 977 5692 haud
1000 5638 1276 5701 leguntur.

545 5704 662 5774 (Π)
699 5704 791 5760 Sic
815 5706 1014 5771 Catif.;
1056 5704 1178 5762 Val.
1206 5711 1400 5769 αὐτοῦ.

545 5775 662 5843 (18)
698 5774 821 5832 Vat.
862 5777 1148 5850 οὐδετέρου
1174 5779 1338 5838 Catii.
1369 5784 1479 5839 οὐδ’
1523 5785 1712 5858 ἕτερον
1751 5786 1880 5847 Vide
1906 5805 2060 5863 sequ.

2396 5519 2505 5605 ista
2529 5520 2704 5605 ταιξτῃ
2741 5555 2808 5585 —,
2843 5526 3093 5581 κάκεῖναι
3119 5529 3319 5585 desunt
3359 5544 3450 5601 ap.
3484 5530 3578 5586 lat.
3614 5529 3697 5585 Cf.

2251 5589 2361 5659 (βυ)
2382 5590 2511 5659 _COI.
2537 5589 2752 5651 τούτου.

2236 5657 2353 5741 (21)
2381 5657 2437 5713 In
2468 5660 2701 5741 Coislin.
2737 5665 2955 5741 videtur
3008 5668 3154 5741 addi.
3210 5671 3273 5723 τὸ
3302 5670 3551 5740 τύπτειν,
3587 5670 3765 5727 ααίειν

2170 5738 2225 5786 et
2265 5730 2374 5787 alia
2411 5732 2683 5805 quaedam,
2716 5746 2776 5794 ut
2802 5752 2869 5795 ex
2897 5738 3319 5798 Montefalconio
3340 5751 3510 5813 patet.
