  <div class='ocr_page' id='page_1' title='image "/cluster/home/n/w/nwhite01/storage/ocr_20150623/101:no.1/coo.31924054870054/428.png"; bbox 0 0 4110 6460; ppageno 0'>
   <div class='ocr_carea' id='block_1_1' title="bbox 251 427 2485 504">
    <p class='ocr_par' dir='ltr' id='par_1_1' title="bbox 251 427 2485 504">
     <span class='ocr_line' id='line_1_1' title="bbox 251 427 2485 504; baseline -0.004 -2"><span class='ocrx_word' id='word_1_1' title='bbox 251 438 338 503; x_wconf 72' lang='lat'><strong>801</strong></span> <span class='ocrx_word' id='word_1_2' title='bbox 1094 435 1191 498; x_wconf 80' lang='lat' dir='ltr'><strong>AD</strong></span> <span class='ocrx_word' id='word_1_3' title='bbox 1215 427 1815 498; x_wconf 84' lang='lat' dir='ltr'><strong>AMPHILOCHIUM</strong></span> <span class='ocrx_word' id='word_1_4' title='bbox 1843 428 2191 504; x_wconf 79' lang='lat' dir='ltr'><strong>QU/ESTIO</strong></span> <span class='ocrx_word' id='word_1_5' title='bbox 2218 428 2485 493; x_wconf 76' lang='lat' dir='ltr'><strong>CXLIII.</strong></span> 
     </span>
    </p>
   </div>
   <div class='ocr_carea' id='block_1_2' title="bbox 3395 433 3501 505">
    <p class='ocr_par' dir='ltr' id='par_1_2' title="bbox 3395 433 3501 505">
     <span class='ocr_line' id='line_1_2' title="bbox 3395 433 3501 505; baseline -0.038 -1"><span class='ocrx_word' id='word_1_6' title='bbox 3395 433 3501 505; x_wconf 74' lang='grc' dir='ltr'>8θὲ</span> 
     </span>
    </p>
   </div>
   <div class='ocr_carea' id='block_1_3' title="bbox 251 544 1819 620">
    <p class='ocr_par' dir='ltr' id='par_1_3' title="bbox 251 548 1811 620">
     <span class='ocr_line' id='line_1_3' title="bbox 251 548 1811 620; baseline -0.002 -16"><span class='ocrx_word' id='word_1_7' title='bbox 251 553 305 606; x_wconf 84' lang='grc' dir='ltr'><strong>τὸ</strong></span> <span class='ocrx_word' id='word_1_8' title='bbox 341 550 576 616; x_wconf 81' lang='grc' dir='ltr'><strong>τύπτειν,</strong></span> <span class='ocrx_word' id='word_1_9' title='bbox 625 550 820 615; x_wconf 77' lang='grc' dir='ltr'><strong>καίειν,</strong></span> <span class='ocrx_word' id='word_1_10' title='bbox 855 549 1128 605; x_wconf 76' lang='grc' dir='ltr'><strong>διδάσκειν</strong></span> <span class='ocrx_word' id='word_1_11' title='bbox 1159 552 1255 603; x_wconf 74' lang='grc' dir='ltr'><strong>καὶ</strong></span> <span class='ocrx_word' id='word_1_12' title='bbox 1302 551 1370 603; x_wconf 86' lang='grc' dir='ltr'><strong>τά</strong></span> <span class='ocrx_word' id='word_1_13' title='bbox 1422 548 1811 620; x_wconf 83' lang='grc' dir='ltr'>παραπλήσια·</span> 
     </span>
    </p>
   </div>
   <div class='ocr_carea' id='block_1_4' title="bbox 1926 544 3504 620">
    <p class='ocr_par' dir='ltr' id='par_1_4' title="bbox 1926 544 3504 616">
     <span class='ocr_line' id='line_1_4' title="bbox 1926 544 3504 616; baseline 0.006 -19"><span class='ocrx_word' id='word_1_14' title='bbox 1926 552 2223 612; x_wconf 88' lang='lat' dir='ltr'><strong>percutere,</strong></span> <span class='ocrx_word' id='word_1_15' title='bbox 2252 544 2504 607; x_wconf 85' lang='lat' dir='ltr'><strong>adurere,</strong></span> <span class='ocrx_word' id='word_1_16' title='bbox 2536 544 2755 610; x_wconf 88' lang='lat' dir='ltr'><strong>docere,</strong></span> <span class='ocrx_word' id='word_1_17' title='bbox 2814 555 2868 600; x_wconf 90' lang='lat' dir='ltr'><strong>et</strong></span> <span class='ocrx_word' id='word_1_18' title='bbox 2892 545 3129 612; x_wconf 79' lang='lat' dir='ltr'><strong>similia;</strong></span> <span class='ocrx_word' id='word_1_19' title='bbox 3164 549 3504 616; x_wconf 76' lang='lat' dir='ltr'><strong>operationis</strong></span> 
     </span>
    </p>
   </div>
   <div class='ocr_carea' id='block_1_5' title="bbox 250 640 1814 712">
    <p class='ocr_par' dir='ltr' id='par_1_5' title="bbox 250 640 1814 712">
     <span class='ocr_line' id='line_1_5' title="bbox 250 640 1814 712; baseline -0.003 -16"><span class='ocrx_word' id='word_1_20' title='bbox 250 642 331 696; x_wconf 88' lang='grc' dir='ltr'><strong>τοῦ</strong></span> <span class='ocrx_word' id='word_1_21' title='bbox 356 642 408 695; x_wconf 85' lang='grc' dir='ltr'>δὲ</span> <span class='ocrx_word' id='word_1_22' title='bbox 432 643 675 712; x_wconf 76' lang='grc' dir='ltr'>ἐνεργεῖν</span> <span class='ocrx_word' id='word_1_23' title='bbox 696 642 796 711; x_wconf 81' lang='grc' dir='ltr'><strong>μὲν</strong></span> <span class='ocrx_word' id='word_1_24' title='bbox 824 640 899 712; x_wconf 79' lang='grc' dir='ltr'>μὴ</span> <span class='ocrx_word' id='word_1_25' title='bbox 926 643 1006 704; x_wconf 87' lang='grc' dir='ltr'>εἰς</span> <span class='ocrx_word' id='word_1_26' title='bbox 1055 641 1184 696; x_wconf 84' lang='grc' dir='ltr'>ἄλλο</span> <span class='ocrx_word' id='word_1_27' title='bbox 1216 642 1271 695; x_wconf 79' lang='grc' dir='ltr'><strong>δέ</strong></span> <span class='ocrx_word' id='word_1_28' title='bbox 1298 659 1351 695; x_wconf 90' lang='grc' dir='ltr'><strong>τι</strong></span> <span class='ocrx_word' id='word_1_29' title='bbox 1380 641 1456 705; x_wconf 88' lang='grc' dir='ltr'><strong>ὡς</strong></span> <span class='ocrx_word' id='word_1_30' title='bbox 1482 641 1544 694; x_wconf 89' lang='lat' dir='ltr'><strong>rb</strong></span> <span class='ocrx_word' id='word_1_31' title='bbox 1567 640 1814 710; x_wconf 83' lang='grc' dir='ltr'>θεωρεῖν,</span> 
     </span>
    </p>
   </div>
   <div class='ocr_carea' id='block_1_6' title="bbox 250 731 1817 805">
    <p class='ocr_par' dir='ltr' id='par_1_6' title="bbox 250 731 1817 805">
     <span class='ocr_line' id='line_1_6' title="bbox 250 731 1817 805; baseline -0.002 -20"><span class='ocrx_word' id='word_1_32' title='bbox 250 732 530 805; x_wconf 78' lang='grc' dir='ltr'><strong>κιθαρίζειν</strong></span> <span class='ocrx_word' id='word_1_33' title='bbox 578 735 673 786; x_wconf 79' lang='grc' dir='ltr'>καὶ</span> <span class='ocrx_word' id='word_1_34' title='bbox 713 732 785 785; x_wconf 69' lang='grc' dir='ltr'>τὰ</span> <span class='ocrx_word' id='word_1_35' title='bbox 832 734 996 802; x_wconf 88' lang='grc' dir='ltr'>ὅμοια</span> <span class='ocrx_word' id='word_1_36' title='bbox 1025 749 1038 763; x_wconf 98' lang='grc'><strong>·</strong></span> <span class='ocrx_word' id='word_1_37' title='bbox 1078 734 1343 803; x_wconf 82' lang='grc' dir='ltr'>ἑκάτερον</span> <span class='ocrx_word' id='word_1_38' title='bbox 1371 733 1427 785; x_wconf 78' lang='grc' dir='ltr'>δὲ</span> <span class='ocrx_word' id='word_1_39' title='bbox 1470 733 1674 786; x_wconf 88' lang='grc' dir='ltr'>τούτων</span> <span class='ocrx_word' id='word_1_40' title='bbox 1705 731 1817 800; x_wconf 79' lang='grc' dir='ltr'>ἔχει</span> 
     </span>
    </p>
   </div>
   <div class='ocr_carea' id='block_1_7' title="bbox 248 822 1818 896">
    <p class='ocr_par' dir='ltr' id='par_1_7' title="bbox 248 822 1818 896">
     <span class='ocr_line' id='line_1_7' title="bbox 248 822 1818 896; baseline -0.001 -18"><span class='ocrx_word' id='word_1_41' title='bbox 248 824 491 895; x_wconf 79' lang='grc' dir='ltr'>διαφορὰς</span> <span class='ocrx_word' id='word_1_42' title='bbox 532 824 826 895; x_wconf 80' lang='grc' dir='ltr'>τέσσαρας·</span> <span class='ocrx_word' id='word_1_43' title='bbox 859 825 892 896; x_wconf 83' lang='grc' dir='ltr'>ἢ</span> <span class='ocrx_word' id='word_1_44' title='bbox 944 825 1054 895; x_wconf 82' lang='grc' dir='ltr'><strong>γὰρ</strong></span> <span class='ocrx_word' id='word_1_45' title='bbox 1088 824 1248 894; x_wconf 85' lang='grc' dir='ltr'>φύσει</span> <span class='ocrx_word' id='word_1_46' title='bbox 1298 828 1475 892; x_wconf 85' lang='grc' dir='ltr'>ποιεῖ,</span> <span class='ocrx_word' id='word_1_47' title='bbox 1500 824 1576 886; x_wconf 90' lang='grc' dir='ltr'><strong>ὡς</strong></span> <span class='ocrx_word' id='word_1_48' title='bbox 1615 824 1675 877; x_wconf 90' lang='lat' dir='ltr'><strong>rb</strong></span> <span class='ocrx_word' id='word_1_49' title='bbox 1706 822 1818 893; x_wconf 92' lang='grc' dir='ltr'><strong>πῦρ</strong></span> 
     </span>
    </p>
   </div>
   <div class='ocr_carea' id='block_1_8' title="bbox 248 916 1816 988">
    <p class='ocr_par' dir='ltr' id='par_1_8' title="bbox 248 916 1816 988">
     <span class='ocr_line' id='line_1_8' title="bbox 248 916 1816 988; baseline -0.001 -18"><span class='ocrx_word' id='word_1_50' title='bbox 248 917 547 987; x_wconf 79' lang='grc' dir='ltr'>θερμαίνειν</span> <span class='ocrx_word' id='word_1_51' title='bbox 569 916 787 987; x_wconf 82' lang='grc' dir='ltr'>λέγεται</span> <span class='ocrx_word' id='word_1_52' title='bbox 813 919 905 971; x_wconf 79' lang='grc' dir='ltr'><strong>καὶ</strong></span> <span class='ocrx_word' id='word_1_53' title='bbox 927 919 987 971; x_wconf 86' lang='grc' dir='ltr'><strong>τὸ</strong></span> <span class='ocrx_word' id='word_1_54' title='bbox 1013 918 1152 982; x_wconf 84' lang='grc' dir='ltr'>ζῶον</span> <span class='ocrx_word' id='word_1_55' title='bbox 1171 920 1391 987; x_wconf 84' lang='grc' dir='ltr'>φωνεῖν·</span> <span class='ocrx_word' id='word_1_56' title='bbox 1415 917 1447 988; x_wconf 81' lang='grc' dir='ltr'>ἢ</span> <span class='ocrx_word' id='word_1_57' title='bbox 1476 916 1816 988; x_wconf 79' lang='grc' dir='ltr'>προαιρέσει,</span> 
     </span>
    </p>
   </div>
   <div class='ocr_carea' id='block_1_9' title="bbox 247 1008 1817 1081">
    <p class='ocr_par' dir='ltr' id='par_1_9' title="bbox 247 1008 1817 1081">
     <span class='ocr_line' id='line_1_9' title="bbox 247 1008 1817 1081; baseline -0.002 -18"><span class='ocrx_word' id='word_1_58' title='bbox 247 1010 314 1071; x_wconf 82' lang='grc' dir='ltr'><strong>ὡς</strong></span> <span class='ocrx_word' id='word_1_59' title='bbox 338 1008 393 1062; x_wconf 81' lang='grc' dir='ltr'><strong>τὸ</strong></span> <span class='ocrx_word' id='word_1_60' title='bbox 416 1009 747 1075; x_wconf 75' lang='grc' dir='ltr'>πλουτίζειν,</span> <span class='ocrx_word' id='word_1_61' title='bbox 776 1012 1024 1063; x_wconf 76' lang='grc' dir='ltr'>ἐπαινεῖν</span> <span class='ocrx_word' id='word_1_62' title='bbox 1054 1012 1147 1064; x_wconf 77' lang='grc' dir='ltr'><strong>καὶ</strong></span> <span class='ocrx_word' id='word_1_63' title='bbox 1166 1010 1411 1077; x_wconf 75' lang='grc' dir='ltr'>δοξάζειν</span> <span class='ocrx_word' id='word_1_64' title='bbox 1430 1015 1442 1037; x_wconf 70' lang='grc'><strong><em>⁵</em></strong></span> <span class='ocrx_word' id='word_1_65' title='bbox 1470 1009 1501 1079; x_wconf 78' lang='grc' dir='ltr'><strong>ἢ</strong></span> <span class='ocrx_word' id='word_1_66' title='bbox 1530 1009 1713 1081; x_wconf 82' lang='grc' dir='ltr'>τέχνῃ,</span> <span class='ocrx_word' id='word_1_67' title='bbox 1742 1008 1817 1072; x_wconf 89' lang='grc' dir='ltr'><strong>ὡς</strong></span> 
     </span>
    </p>
   </div>
   <div class='ocr_carea' id='block_1_10' title="bbox 244 1099 1818 1173">
    <p class='ocr_par' dir='ltr' id='par_1_10' title="bbox 244 1099 1818 1173">
     <span class='ocr_line' id='line_1_10' title="bbox 244 1099 1818 1173; baseline -0.002 -19"><span class='ocrx_word' id='word_1_68' title='bbox 244 1102 297 1154; x_wconf 89' lang='lat' dir='ltr'><strong>rb</strong></span> <span class='ocrx_word' id='word_1_69' title='bbox 322 1101 621 1171; x_wconf 78' lang='grc' dir='ltr'>οἰκοδομεῖν</span> <span class='ocrx_word' id='word_1_70' title='bbox 670 1102 848 1155; x_wconf 81' lang='grc' dir='ltr'>οἰκίαν</span> <span class='ocrx_word' id='word_1_71' title='bbox 887 1102 982 1154; x_wconf 77' lang='grc' dir='ltr'><strong>καὶ</strong></span> <span class='ocrx_word' id='word_1_72' title='bbox 1022 1102 1090 1155; x_wconf 82' lang='grc' dir='ltr'><strong>τά</strong></span> <span class='ocrx_word' id='word_1_73' title='bbox 1135 1103 1331 1172; x_wconf 81' lang='grc' dir='ltr'>ὃμοια·</span> <span class='ocrx_word' id='word_1_74' title='bbox 1365 1102 1398 1173; x_wconf 80' lang='grc' dir='ltr'>ἢ</span> <span class='ocrx_word' id='word_1_75' title='bbox 1431 1102 1591 1171; x_wconf 83' lang='grc' dir='ltr'>τύχῃ,</span> <span class='ocrx_word' id='word_1_76' title='bbox 1638 1100 1713 1163; x_wconf 88' lang='grc' dir='ltr'><strong>ὡς</strong></span> <span class='ocrx_word' id='word_1_77' title='bbox 1756 1099 1818 1152; x_wconf 89' lang='lat' dir='ltr'><strong>rb</strong></span> 
     </span>
    </p>
   </div>
   <div class='ocr_carea' id='block_1_11' title="bbox 243 1187 1815 1264">
    <p class='ocr_par' dir='ltr' id='par_1_11' title="bbox 243 1187 1815 1264">
     <span class='ocr_line' id='line_1_11' title="bbox 243 1187 1815 1264; baseline 0.002 -21"><span class='ocrx_word' id='word_1_78' title='bbox 243 1192 374 1245; x_wconf 88' lang='grc' dir='ltr'>λίθον</span> <span class='ocrx_word' id='word_1_79' title='bbox 404 1192 637 1246; x_wconf 85' lang='grc' dir='ltr'>πεσόντα</span> <span class='ocrx_word' id='word_1_80' title='bbox 664 1193 867 1264; x_wconf 81' lang='grc' dir='ltr'>πλῆξαί</span> <span class='ocrx_word' id='word_1_81' title='bbox 886 1210 1010 1248; x_wconf 86' lang='grc' dir='ltr'>τινα</span> <span class='ocrx_word' id='word_1_82' title='bbox 1045 1193 1077 1264; x_wconf 84' lang='grc' dir='ltr'>ἢ</span> <span class='ocrx_word' id='word_1_83' title='bbox 1107 1192 1345 1258; x_wconf 78' lang='grc' dir='ltr'>πατάξαι</span> <span class='ocrx_word' id='word_1_84' title='bbox 1374 1187 1407 1263; x_wconf 79' lang='grc' dir='ltr'>ἢ</span> <span class='ocrx_word' id='word_1_85' title='bbox 1434 1193 1651 1261; x_wconf 84' lang='grc' dir='ltr'>ἀφεῖναι</span> <span class='ocrx_word' id='word_1_86' title='bbox 1677 1189 1815 1262; x_wconf 84' lang='grc' dir='ltr'><strong>ὴχὼ.</strong></span> 
     </span>
    </p>
   </div>
   <div class='ocr_carea' id='block_1_12' title="bbox 245 1282 1819 1355">
    <p class='ocr_par' dir='ltr' id='par_1_12' title="bbox 245 1282 1819 1355">
     <span class='ocr_line' id='line_1_12' title="bbox 245 1282 1819 1355; baseline 0 -19"><span class='ocrx_word' id='word_1_87' title='bbox 245 1283 354 1336; x_wconf 81' lang='grc' dir='ltr'>Ἔτι</span> <span class='ocrx_word' id='word_1_88' title='bbox 377 1282 471 1335; x_wconf 89' lang='grc' dir='ltr'><strong>τοῦ</strong></span> <span class='ocrx_word' id='word_1_89' title='bbox 511 1286 686 1337; x_wconf 85' lang='grc' dir='ltr'>ποιεῖν</span> <span class='ocrx_word' id='word_1_90' title='bbox 729 1283 826 1337; x_wconf 88' lang='grc' dir='ltr'><strong>τοῦ</strong></span> <span class='ocrx_word' id='word_1_91' title='bbox 874 1284 973 1355; x_wconf 87' lang='grc' dir='ltr'><strong>μὲν</strong></span> <span class='ocrx_word' id='word_1_92' title='bbox 1023 1282 1378 1337; x_wconf 82' lang='grc' dir='ltr'>ὑπολείπεται</span> <span class='ocrx_word' id='word_1_93' title='bbox 1419 1282 1633 1353; x_wconf 89' lang='grc' dir='ltr'>ποίημα</span> <span class='ocrx_word' id='word_1_94' title='bbox 1681 1282 1819 1353; x_wconf 87' lang='grc' dir='ltr'><strong>μετά</strong></span> 
     </span>
    </p>
   </div>
   <div class='ocr_carea' id='block_1_13' title="bbox 239 1369 1814 1447">
    <p class='ocr_par' dir='ltr' id='par_1_13' title="bbox 239 1369 1814 1447">
     <span class='ocr_line' id='line_1_13' title="bbox 239 1369 1814 1447; baseline -0.001 -20"><span class='ocrx_word' id='word_1_95' title='bbox 239 1374 327 1444; x_wconf 83' lang='grc' dir='ltr'><strong>τὴν</strong></span> <span class='ocrx_word' id='word_1_96' title='bbox 356 1373 593 1444; x_wconf 77' lang='grc' dir='ltr'>ποίησιν,</span> <span class='ocrx_word' id='word_1_97' title='bbox 638 1369 773 1440; x_wconf 79' lang='grc' dir='ltr'>οἷον,</span> <span class='ocrx_word' id='word_1_98' title='bbox 824 1374 900 1439; x_wconf 90' lang='grc' dir='ltr'><strong>ὡς</strong></span> <span class='ocrx_word' id='word_1_99' title='bbox 936 1374 1081 1447; x_wconf 88' lang='grc' dir='ltr'>μετά</span> <span class='ocrx_word' id='word_1_100' title='bbox 1114 1372 1176 1427; x_wconf 90' lang='lat' dir='ltr'><strong>rb</strong></span> <span class='ocrx_word' id='word_1_101' title='bbox 1226 1374 1529 1443; x_wconf 73' lang='grc' dir='ltr'>οἰκοδομεῖν</span> <span class='ocrx_word' id='word_1_102' title='bbox 1560 1374 1594 1443; x_wconf 87' lang='grc' dir='ltr'>ή</span> <span class='ocrx_word' id='word_1_103' title='bbox 1635 1373 1814 1439; x_wconf 88' lang='grc' dir='ltr'>οἰκία,</span> 
     </span>
    </p>
   </div>
   <div class='ocr_carea' id='block_1_14' title="bbox 236 1465 1818 1540">
    <p class='ocr_par' dir='ltr' id='par_1_14' title="bbox 236 1465 1818 1540">
     <span class='ocr_line' id='line_1_14' title="bbox 236 1465 1818 1540; baseline -0.001 -21"><span class='ocrx_word' id='word_1_104' title='bbox 236 1467 320 1519; x_wconf 82' lang='grc' dir='ltr'><strong>τοῦ</strong></span> <span class='ocrx_word' id='word_1_105' title='bbox 342 1467 396 1520; x_wconf 83' lang='grc' dir='ltr'>δὲ</span> <span class='ocrx_word' id='word_1_106' title='bbox 432 1467 610 1520; x_wconf 78' lang='grc' dir='ltr'>οὐδέν·</span> <span class='ocrx_word' id='word_1_107' title='bbox 650 1468 789 1539; x_wconf 79' lang='grc' dir='ltr'>μετά</span> <span class='ocrx_word' id='word_1_108' title='bbox 813 1468 922 1539; x_wconf 81' lang='grc' dir='ltr'><strong>γάρ</strong></span> <span class='ocrx_word' id='word_1_109' title='bbox 963 1467 1024 1521; x_wconf 84' lang='grc' dir='ltr'><strong>τὸ</strong></span> <span class='ocrx_word' id='word_1_110' title='bbox 1064 1466 1374 1540; x_wconf 80' lang='grc' dir='ltr'>κιθαρίζειν</span> <span class='ocrx_word' id='word_1_111' title='bbox 1418 1465 1573 1519; x_wconf 77' lang='grc' dir='ltr'>οὐδὲν</span> <span class='ocrx_word' id='word_1_112' title='bbox 1601 1466 1818 1538; x_wconf 84' lang='grc' dir='ltr'>ποίημα</span> 
     </span>
    </p>
   </div>
   <div class='ocr_carea' id='block_1_15' title="bbox 236 1558 1817 1631">
    <p class='ocr_par' dir='ltr' id='par_1_15' title="bbox 236 1558 1817 1631">
     <span class='ocr_line' id='line_1_15' title="bbox 236 1558 1817 1631; baseline 0.001 -22"><span class='ocrx_word' id='word_1_113' title='bbox 236 1558 332 1610; x_wconf 75' lang='grc' dir='ltr'>ἀπὸ</span> <span class='ocrx_word' id='word_1_114' title='bbox 360 1558 451 1611; x_wconf 90' lang='grc' dir='ltr'><strong>τοῦ</strong></span> <span class='ocrx_word' id='word_1_115' title='bbox 482 1560 787 1631; x_wconf 82' lang='grc' dir='ltr'>κιθαρίζειν</span> <span class='ocrx_word' id='word_1_116' title='bbox 816 1560 1196 1615; x_wconf 81' lang='grc' dir='ltr'>ὑπολείπεται.</span> <span class='ocrx_word' id='word_1_117' title='bbox 1232 1561 1355 1613; x_wconf 86' lang='grc' dir='ltr'>Ἔτι</span> <span class='ocrx_word' id='word_1_118' title='bbox 1387 1560 1449 1613; x_wconf 89' lang='lat' dir='ltr'><strong>rb</strong></span> <span class='ocrx_word' id='word_1_119' title='bbox 1471 1560 1668 1623; x_wconf 85' lang='grc' dir='ltr'>ποιεῖν,</span> <span class='ocrx_word' id='word_1_120' title='bbox 1702 1558 1734 1629; x_wconf 82' lang='grc' dir='ltr'>ἢ</span> <span class='ocrx_word' id='word_1_121' title='bbox 1760 1558 1817 1610; x_wconf 81' lang='grc' dir='ltr'><strong>ὲν</strong></span> 
     </span>
    </p>
   </div>
   <div class='ocr_carea' id='block_1_16' title="bbox 237 1649 1819 1723">
    <p class='ocr_par' dir='ltr' id='par_1_16' title="bbox 237 1649 1819 1723">
     <span class='ocr_line' id='line_1_16' title="bbox 237 1649 1819 1723; baseline 0 -21"><span class='ocrx_word' id='word_1_122' title='bbox 237 1650 442 1720; x_wconf 81' lang='grc' dir='ltr'>σώματι</span> <span class='ocrx_word' id='word_1_123' title='bbox 464 1651 498 1721; x_wconf 81' lang='grc' dir='ltr'>ἢ</span> <span class='ocrx_word' id='word_1_124' title='bbox 532 1653 589 1704; x_wconf 80' lang='grc' dir='ltr'><strong>ὲν</strong></span> <span class='ocrx_word' id='word_1_125' title='bbox 624 1651 795 1723; x_wconf 80' lang='grc' dir='ltr'>ψυχῇ,</span> <span class='ocrx_word' id='word_1_126' title='bbox 828 1652 861 1723; x_wconf 78' lang='grc' dir='ltr'>ἢ</span> <span class='ocrx_word' id='word_1_127' title='bbox 896 1653 953 1705; x_wconf 82' lang='grc' dir='ltr'>ἐν</span> <span class='ocrx_word' id='word_1_128' title='bbox 979 1651 1057 1722; x_wconf 83' lang='grc' dir='ltr'>τῷ</span> <span class='ocrx_word' id='word_1_129' title='bbox 1090 1650 1546 1722; x_wconf 80' lang='grc' dir='ltr'>συναμφοτέρῳῆ</span> <span class='ocrx_word' id='word_1_130' title='bbox 1584 1651 1712 1719; x_wconf 73' lang='grc' dir='ltr'>περὶ</span> <span class='ocrx_word' id='word_1_131' title='bbox 1750 1649 1819 1702; x_wconf 75' lang='grc' dir='ltr'><strong>τά</strong></span> 
     </span>
    </p>
   </div>
   <div class='ocr_carea' id='block_1_17' title="bbox 233 1741 1818 1814">
    <p class='ocr_par' dir='ltr' id='par_1_17' title="bbox 233 1741 1818 1814">
     <span class='ocr_line' id='line_1_17' title="bbox 233 1741 1818 1814; baseline -0.002 -19"><span class='ocrx_word' id='word_1_132' title='bbox 233 1743 399 1806; x_wconf 76' lang='grc' dir='ltr'>ἐκτός·</span> <span class='ocrx_word' id='word_1_133' title='bbox 427 1745 487 1796; x_wconf 84' lang='grc' dir='ltr'>ὲν</span> <span class='ocrx_word' id='word_1_134' title='bbox 516 1742 665 1814; x_wconf 72' lang='grc' dir='ltr'>ψυχῇ</span> <span class='ocrx_word' id='word_1_135' title='bbox 698 1745 820 1814; x_wconf 85' lang='grc' dir='ltr'>μὲν,</span> <span class='ocrx_word' id='word_1_136' title='bbox 848 1743 921 1808; x_wconf 89' lang='grc' dir='ltr'><strong>ὡς</strong></span> <span class='ocrx_word' id='word_1_137' title='bbox 942 1744 1001 1797; x_wconf 89' lang='lat' dir='ltr'><strong>rb</strong></span> <span class='ocrx_word' id='word_1_138' title='bbox 1028 1742 1354 1814; x_wconf 86' lang='grc' dir='ltr'>διδάσκεινῆ</span> <span class='ocrx_word' id='word_1_139' title='bbox 1388 1743 1588 1807; x_wconf 80' lang='grc' dir='ltr'>ἐθίζειν</span> <span class='ocrx_word' id='word_1_140' title='bbox 1617 1741 1818 1811; x_wconf 79' lang='grc' dir='ltr'>ἀρετήν</span> 
     </span>
    </p>
   </div>
   <div class='ocr_carea' id='block_1_18' title="bbox 229 1833 1815 1908">
    <p class='ocr_par' dir='ltr' id='par_1_18' title="bbox 229 1833 1815 1908">
     <span class='ocr_line' id='line_1_18' title="bbox 229 1833 1815 1908; baseline -0.002 -22"><span class='ocrx_word' id='word_1_141' title='bbox 229 1850 342 1888; x_wconf 84' lang='grc' dir='ltr'>τινα</span> <span class='ocrx_word' id='word_1_142' title='bbox 385 1834 416 1904; x_wconf 86' lang='grc' dir='ltr'>ἢ</span> <span class='ocrx_word' id='word_1_143' title='bbox 451 1836 674 1888; x_wconf 83' lang='grc' dir='ltr'>κακίαν·</span> <span class='ocrx_word' id='word_1_144' title='bbox 706 1836 763 1888; x_wconf 75' lang='grc' dir='ltr'>ἐν</span> <span class='ocrx_word' id='word_1_145' title='bbox 791 1834 1006 1908; x_wconf 80' lang='grc' dir='ltr'>σώματι</span> <span class='ocrx_word' id='word_1_146' title='bbox 1048 1836 1128 1899; x_wconf 81' lang='grc' dir='ltr'><strong>δὲ,</strong></span> <span class='ocrx_word' id='word_1_147' title='bbox 1150 1836 1226 1899; x_wconf 85' lang='grc' dir='ltr'><strong>ὡς</strong></span> <span class='ocrx_word' id='word_1_148' title='bbox 1254 1834 1315 1888; x_wconf 87' lang='lat' dir='ltr'><strong>rb</strong></span> <span class='ocrx_word' id='word_1_149' title='bbox 1354 1834 1552 1899; x_wconf 88' lang='grc' dir='ltr'>καίειν,</span> <span class='ocrx_word' id='word_1_150' title='bbox 1576 1833 1815 1903; x_wconf 82' lang='grc' dir='ltr'>τέμνειν·</span> 
     </span>
    </p>
   </div>
   <div class='ocr_carea' id='block_1_19' title="bbox 229 1923 1816 1999">
    <p class='ocr_par' dir='ltr' id='par_1_19' title="bbox 229 1923 1816 1999">
     <span class='ocr_line' id='line_1_19' title="bbox 229 1923 1816 1999; baseline -0.002 -23"><span class='ocrx_word' id='word_1_151' title='bbox 229 1925 280 1977; x_wconf 85' lang='grc' dir='ltr'>ὲν</span> <span class='ocrx_word' id='word_1_152' title='bbox 303 1926 379 1995; x_wconf 84' lang='grc' dir='ltr'><strong>τῷ</strong></span> <span class='ocrx_word' id='word_1_153' title='bbox 403 1927 808 1999; x_wconf 81' lang='grc' dir='ltr'>συναμφοτέρῳ</span> <span class='ocrx_word' id='word_1_154' title='bbox 840 1928 919 1989; x_wconf 85' lang='grc' dir='ltr'>δὲ,</span> <span class='ocrx_word' id='word_1_155' title='bbox 942 1927 1019 1992; x_wconf 87' lang='grc' dir='ltr'><strong>ὡς</strong></span> <span class='ocrx_word' id='word_1_156' title='bbox 1042 1928 1103 1980; x_wconf 84' lang='grc' dir='ltr'><strong>τὸ</strong></span> <span class='ocrx_word' id='word_1_157' title='bbox 1133 1924 1400 1995; x_wconf 77' lang='grc' dir='ltr'>ὑγιάζειν·</span> <span class='ocrx_word' id='word_1_158' title='bbox 1428 1923 1523 1978; x_wconf 90' lang='grc' dir='ltr'><strong>τοῦ</strong></span> <span class='ocrx_word' id='word_1_159' title='bbox 1548 1923 1816 1992; x_wconf 80' lang='grc' dir='ltr'>συνάμφω</span> 
     </span>
    </p>
   </div>
   <div class='ocr_carea' id='block_1_20' title="bbox 230 2012 1811 2089">
    <p class='ocr_par' dir='ltr' id='par_1_20' title="bbox 230 2012 1811 2089">
     <span class='ocr_line' id='line_1_20' title="bbox 230 2012 1811 2089; baseline -0.016 0"><span class='ocrx_word' id='word_1_160' title='bbox 230 2016 329 2086; x_wconf 53' lang='grc' dir='ltr'><strong>τὰρ</strong></span> <span class='ocrx_word' id='word_1_161' title='bbox 357 2017 519 2071; x_wconf 67' lang='grc' dir='ltr'>τοῦτο</span> <span class='ocrx_word' id='word_1_162' title='bbox 547 2018 641 2071; x_wconf 65' lang='grc' dir='ltr'><strong>καὶ</strong></span> <span class='ocrx_word' id='word_1_163' title='bbox 667 2017 793 2071; x_wconf 75' lang='grc' dir='ltr'>οὗτε</span> <span class='ocrx_word' id='word_1_164' title='bbox 813 2017 911 2088; x_wconf 78' lang='grc' dir='ltr'><strong>τῆς</strong></span> <span class='ocrx_word' id='word_1_165' title='bbox 930 2018 1112 2089; x_wconf 79' lang='grc' dir='ltr'>ψυχῆς</span> <span class='ocrx_word' id='word_1_166' title='bbox 1135 2016 1260 2073; x_wconf 77' lang='grc' dir='ltr'>οὔτε</span> <span class='ocrx_word' id='word_1_167' title='bbox 1288 2016 1397 2087; x_wconf 81' lang='grc' dir='ltr'>ίδίᾳ</span> <span class='ocrx_word' id='word_1_168' title='bbox 1414 2014 1508 2069; x_wconf 87' lang='grc' dir='ltr'><strong>τοῦ</strong></span> <span class='ocrx_word' id='word_1_169' title='bbox 1537 2012 1811 2085; x_wconf 83' lang='grc' dir='ltr'>σώματος·</span> 
     </span>
    </p>
   </div>
   <div class='ocr_carea' id='block_1_21' title="bbox 229 2096 1811 2177">
    <p class='ocr_par' dir='ltr' id='par_1_21' title="bbox 229 2096 1811 2177">
     <span class='ocr_line' id='line_1_21' title="bbox 229 2096 1811 2177; baseline -0.002 -15"><span class='ocrx_word' id='word_1_170' title='bbox 229 2112 351 2177; x_wconf 81' lang='grc' dir='ltr'>περὶ</span> <span class='ocrx_word' id='word_1_171' title='bbox 379 2110 437 2164; x_wconf 86' lang='grc' dir='ltr'>δὲ</span> <span class='ocrx_word' id='word_1_172' title='bbox 483 2110 554 2164; x_wconf 82' lang='grc' dir='ltr'><strong>τά</strong></span> <span class='ocrx_word' id='word_1_173' title='bbox 598 2111 757 2175; x_wconf 78' lang='grc' dir='ltr'>ἐκτὸς</span> <span class='ocrx_word' id='word_1_174' title='bbox 781 2150 795 2175; x_wconf 95' lang='grc'><strong>,</strong></span> <span class='ocrx_word' id='word_1_175' title='bbox 838 2110 916 2174; x_wconf 89' lang='grc' dir='ltr'><strong>ὡς</strong></span> <span class='ocrx_word' id='word_1_176' title='bbox 962 2111 1022 2164; x_wconf 87' lang='lat' dir='ltr'><strong>rb</strong></span> <span class='ocrx_word' id='word_1_177' title='bbox 1050 2110 1359 2171; x_wconf 79' lang='grc' dir='ltr'>πλουτίζειν</span> <span class='ocrx_word' id='word_1_178' title='bbox 1393 2109 1485 2161; x_wconf 70' lang='grc' dir='ltr'>καὶ</span> <span class='ocrx_word' id='word_1_179' title='bbox 1515 2107 1585 2162; x_wconf 84' lang='grc' dir='ltr'><strong>τά</strong></span> <span class='ocrx_word' id='word_1_180' title='bbox 1628 2096 1811 2177; x_wconf 83' lang='grc' dir='ltr'>ὅμοια.</span> 
     </span>
    </p>
   </div>
   <div class='ocr_carea' id='block_1_22' title="bbox 230 2199 1814 2273">
    <p class='ocr_par' dir='ltr' id='par_1_22' title="bbox 230 2199 1814 2273">
     <span class='ocr_line' id='line_1_22' title="bbox 230 2199 1814 2273; baseline -0.002 -19"><span class='ocrx_word' id='word_1_181' title='bbox 230 2202 343 2254; x_wconf 87' lang='grc' dir='ltr'>Ἔτι</span> <span class='ocrx_word' id='word_1_182' title='bbox 375 2203 439 2256; x_wconf 84' lang='lat' dir='ltr'><strong>rb</strong></span> <span class='ocrx_word' id='word_1_183' title='bbox 474 2206 652 2257; x_wconf 83' lang='grc' dir='ltr'>ποιεῖν</span> <span class='ocrx_word' id='word_1_184' title='bbox 679 2204 713 2273; x_wconf 84' lang='grc' dir='ltr'>ἢ</span> <span class='ocrx_word' id='word_1_185' title='bbox 749 2203 1097 2257; x_wconf 85' lang='grc' dir='ltr'>τελειωτικὸν</span> <span class='ocrx_word' id='word_1_186' title='bbox 1127 2205 1276 2257; x_wconf 74' lang='grc' dir='ltr'>ἐστιν</span> <span class='ocrx_word' id='word_1_187' title='bbox 1312 2201 1345 2273; x_wconf 83' lang='grc' dir='ltr'>ἢ</span> <span class='ocrx_word' id='word_1_188' title='bbox 1373 2199 1696 2270; x_wconf 81' lang='grc' dir='ltr'>φθαρτικόν·</span> <span class='ocrx_word' id='word_1_189' title='bbox 1724 2215 1814 2251; x_wconf 91' lang='grc' dir='ltr'>τε-</span> 
     </span>
    </p>
   </div>
   <div class='ocr_carea' id='block_1_23' title="bbox 225 2287 1818 2365">
    <p class='ocr_par' dir='ltr' id='par_1_23' title="bbox 225 2287 1818 2365">
     <span class='ocr_line' id='line_1_23' title="bbox 225 2287 1818 2365; baseline -0.003 -22"><span class='ocrx_word' id='word_1_190' title='bbox 225 2290 511 2349; x_wconf 75' lang='grc' dir='ltr'>λειωτικὸν</span> <span class='ocrx_word' id='word_1_191' title='bbox 542 2294 661 2365; x_wconf 86' lang='grc' dir='ltr'>μὲν,</span> <span class='ocrx_word' id='word_1_192' title='bbox 694 2293 771 2357; x_wconf 87' lang='grc' dir='ltr'><strong>ὡς</strong></span> <span class='ocrx_word' id='word_1_193' title='bbox 800 2296 862 2347; x_wconf 92' lang='lat' dir='ltr'><strong>rb</strong></span> <span class='ocrx_word' id='word_1_194' title='bbox 898 2292 1147 2363; x_wconf 80' lang='grc' dir='ltr'>ὑγιάζειν</span> <span class='ocrx_word' id='word_1_195' title='bbox 1174 2308 1187 2323; x_wconf 86' lang='grc'><strong>·</strong></span> <span class='ocrx_word' id='word_1_196' title='bbox 1213 2291 1515 2361; x_wconf 80' lang='grc' dir='ltr'>φθαρτικὸν</span> <span class='ocrx_word' id='word_1_197' title='bbox 1549 2288 1628 2352; x_wconf 84' lang='grc' dir='ltr'>δὲ,</span> <span class='ocrx_word' id='word_1_198' title='bbox 1657 2287 1733 2351; x_wconf 85' lang='grc' dir='ltr'><strong>ὡς</strong></span> <span class='ocrx_word' id='word_1_199' title='bbox 1755 2287 1818 2340; x_wconf 86' lang='grc' dir='ltr'><strong>τὸ</strong></span> 
     </span>
    </p>
   </div>
   <div class='ocr_carea' id='block_1_24' title="bbox 225 2378 1815 2459">
    <p class='ocr_par' dir='ltr' id='par_1_24' title="bbox 225 2378 1815 2459">
     <span class='ocr_line' id='line_1_24' title="bbox 225 2378 1815 2459; baseline -0.004 -21"><span class='ocrx_word' id='word_1_200' title='bbox 225 2387 444 2458; x_wconf 79' lang='grc' dir='ltr'>νοσερὸν</span> <span class='ocrx_word' id='word_1_201' title='bbox 493 2387 943 2459; x_wconf 81' lang='grc' dir='ltr'>παρασκευάζειν</span> <span class='ocrx_word' id='word_1_202' title='bbox 984 2385 1047 2439; x_wconf 89' lang='lat' dir='ltr'><strong>rb</strong></span> <span class='ocrx_word' id='word_1_203' title='bbox 1089 2386 1269 2456; x_wconf 83' lang='grc' dir='ltr'>σῶμα.</span> <span class='ocrx_word' id='word_1_204' title='bbox 1305 2384 1425 2436; x_wconf 88' lang='grc' dir='ltr'>Ἔτι</span> <span class='ocrx_word' id='word_1_205' title='bbox 1467 2382 1528 2434; x_wconf 91' lang='lat' dir='ltr'><strong>rb</strong></span> <span class='ocrx_word' id='word_1_206' title='bbox 1566 2382 1739 2434; x_wconf 85' lang='grc' dir='ltr'>ποιεῖν</span> <span class='ocrx_word' id='word_1_207' title='bbox 1782 2378 1815 2450; x_wconf 83' lang='grc' dir='ltr'>ἢ</span> 
     </span>
    </p>
   </div>
   <div class='ocr_carea' id='block_1_25' title="bbox 223 2470 1818 2547">
    <p class='ocr_par' dir='ltr' id='par_1_25' title="bbox 223 2470 1818 2547">
     <span class='ocr_line' id='line_1_25' title="bbox 223 2470 1818 2547; baseline -0.005 -18"><span class='ocrx_word' id='word_1_208' title='bbox 223 2477 472 2532; x_wconf 84' lang='grc' dir='ltr'>τοιοῦτον</span> <span class='ocrx_word' id='word_1_209' title='bbox 503 2479 789 2542; x_wconf 90' lang='grc' dir='ltr'>ἀποτελεῖ,</span> <span class='ocrx_word' id='word_1_210' title='bbox 820 2475 1041 2547; x_wconf 74' lang='grc' dir='ltr'>οἷόνπερ</span> <span class='ocrx_word' id='word_1_211' title='bbox 1072 2479 1220 2529; x_wconf 85' lang='grc' dir='ltr'>ἐστιν</span> <span class='ocrx_word' id='word_1_212' title='bbox 1248 2476 1458 2540; x_wconf 82' lang='grc' dir='ltr'>ἐκεῖνο,</span> <span class='ocrx_word' id='word_1_213' title='bbox 1486 2472 1562 2536; x_wconf 89' lang='grc' dir='ltr'><strong>ὡς</strong></span> <span class='ocrx_word' id='word_1_214' title='bbox 1603 2471 1663 2524; x_wconf 90' lang='lat' dir='ltr'><strong>rb</strong></span> <span class='ocrx_word' id='word_1_215' title='bbox 1694 2470 1818 2541; x_wconf 81' lang='grc' dir='ltr'>θερο</span> 
     </span>
    </p>
   </div>
   <div class='ocr_carea' id='block_1_26' title="bbox 226 2563 1814 2640">
    <p class='ocr_par' dir='ltr' id='par_1_26' title="bbox 226 2563 1814 2640">
     <span class='ocr_line' id='line_1_26' title="bbox 226 2563 1814 2640; baseline -0.006 -18"><span class='ocrx_word' id='word_1_216' title='bbox 226 2571 415 2637; x_wconf 84' lang='grc' dir='ltr'>μαῖνον</span> <span class='ocrx_word' id='word_1_217' title='bbox 443 2569 650 2640; x_wconf 80' lang='grc' dir='ltr'>θερμὸν</span> <span class='ocrx_word' id='word_1_218' title='bbox 672 2569 705 2639; x_wconf 84' lang='grc' dir='ltr'>ἤ</span> <span class='ocrx_word' id='word_1_219' title='bbox 730 2570 793 2623; x_wconf 85' lang='grc' dir='ltr'><strong>οὑ</strong></span> <span class='ocrx_word' id='word_1_220' title='bbox 814 2568 1078 2632; x_wconf 87' lang='grc' dir='ltr'>τοιοῦτον,</span> <span class='ocrx_word' id='word_1_221' title='bbox 1106 2566 1298 2637; x_wconf 83' lang='grc' dir='ltr'>ὥσπερ</span> <span class='ocrx_word' id='word_1_222' title='bbox 1327 2565 1389 2618; x_wconf 93' lang='lat' dir='ltr'><strong>rb</strong></span> <span class='ocrx_word' id='word_1_223' title='bbox 1405 2564 1602 2634; x_wconf 81' lang='grc' dir='ltr'>τέμνον</span> <span class='ocrx_word' id='word_1_224' title='bbox 1622 2563 1814 2632; x_wconf 84' lang='grc' dir='ltr'>τομήν·</span> 
     </span>
    </p>
   </div>
   <div class='ocr_carea' id='block_1_27' title="bbox 225 2654 1815 2733">
    <p class='ocr_par' dir='ltr' id='par_1_27' title="bbox 225 2654 1815 2733">
     <span class='ocr_line' id='line_1_27' title="bbox 225 2654 1815 2733; baseline -0.004 -22"><span class='ocrx_word' id='word_1_225' title='bbox 225 2661 270 2711; x_wconf 89' lang='grc' dir='ltr'>εἰ</span> <span class='ocrx_word' id='word_1_226' title='bbox 295 2660 352 2713; x_wconf 79' lang='grc' dir='ltr'>δὲ</span> <span class='ocrx_word' id='word_1_227' title='bbox 379 2660 566 2722; x_wconf 87' lang='grc' dir='ltr'>τοῦτο.</span> <span class='ocrx_word' id='word_1_228' title='bbox 599 2662 882 2733; x_wconf 89' lang='grc' dir='ltr'>σύστοιχον</span> <span class='ocrx_word' id='word_1_229' title='bbox 910 2661 966 2714; x_wconf 81' lang='grc' dir='ltr'><strong>δέ</strong></span> <span class='ocrx_word' id='word_1_230' title='bbox 1000 2662 1117 2713; x_wconf 79' lang='grc' dir='ltr'>ἐστι</span> <span class='ocrx_word' id='word_1_231' title='bbox 1141 2660 1221 2730; x_wconf 82' lang='grc' dir='ltr'>τῷ</span> <span class='ocrx_word' id='word_1_232' title='bbox 1248 2657 1493 2711; x_wconf 80' lang='grc' dir='ltr'>ποιοῦντι</span> <span class='ocrx_word' id='word_1_233' title='bbox 1524 2654 1585 2709; x_wconf 85' lang='grc' dir='ltr'>τὸ</span> <span class='ocrx_word' id='word_1_234' title='bbox 1622 2657 1815 2719; x_wconf 88' lang='grc' dir='ltr'>ποιεῖν,</span> 
     </span>
    </p>
   </div>
   <div class='ocr_carea' id='block_1_28' title="bbox 227 2751 1501 2824">
    <p class='ocr_par' dir='ltr' id='par_1_28' title="bbox 227 2751 1501 2824">
     <span class='ocr_line' id='line_1_28' title="bbox 227 2751 1501 2824; baseline -0.002 -19"><span class='ocrx_word' id='word_1_235' title='bbox 227 2754 317 2806; x_wconf 74' lang='grc' dir='ltr'><strong>καὶ</strong></span> <span class='ocrx_word' id='word_1_236' title='bbox 340 2754 404 2807; x_wconf 93' lang='lat' dir='ltr'><strong>rb</strong></span> <span class='ocrx_word' id='word_1_237' title='bbox 445 2757 620 2809; x_wconf 87' lang='grc' dir='ltr'>ποιεῖν</span> <span class='ocrx_word' id='word_1_238' title='bbox 646 2753 754 2824; x_wconf 81' lang='grc' dir='ltr'>ἄρα</span> <span class='ocrx_word' id='word_1_239' title='bbox 782 2754 1042 2823; x_wconf 84' lang='grc' dir='ltr'>τοιαύτην</span> <span class='ocrx_word' id='word_1_240' title='bbox 1071 2752 1184 2820; x_wconf 78' lang='grc' dir='ltr'>ἕξει</span> <span class='ocrx_word' id='word_1_241' title='bbox 1212 2751 1501 2821; x_wconf 80' lang='grc' dir='ltr'>διαφοράν.</span> 
     </span>
    </p>
   </div>
   <div class='ocr_carea' id='block_1_29' title="bbox 1920 635 3507 708">
    <p class='ocr_par' dir='ltr' id='par_1_29' title="bbox 1920 635 3507 708">
     <span class='ocr_line' id='line_1_29' title="bbox 1920 635 3507 708; baseline 0.004 -18"><span class='ocrx_word' id='word_1_242' title='bbox 1920 651 2076 701; x_wconf 88' lang='lat' dir='ltr'><strong>vero,</strong></span> <span class='ocrx_word' id='word_1_243' title='bbox 2112 651 2234 704; x_wconf 69' lang='lat' dir='ltr'><strong>qua:</strong></span> <span class='ocrx_word' id='word_1_244' title='bbox 2277 652 2385 688; x_wconf 92' lang='lat' dir='ltr'><strong>non</strong></span> <span class='ocrx_word' id='word_1_245' title='bbox 2435 635 2494 690; x_wconf 86' lang='lat' dir='ltr'><strong>fit</strong></span> <span class='ocrx_word' id='word_1_246' title='bbox 2538 635 2591 689; x_wconf 90' lang='lat' dir='ltr'><strong>in</strong></span> <span class='ocrx_word' id='word_1_247' title='bbox 2625 635 2794 703; x_wconf 83' lang='lat' dir='ltr'><strong>aliud,</strong></span> <span class='ocrx_word' id='word_1_248' title='bbox 2846 639 3228 708; x_wconf 89' lang='lat' dir='ltr'><strong>contemplari,</strong></span> <span class='ocrx_word' id='word_1_249' title='bbox 3294 640 3507 696; x_wconf 85' lang='lat' dir='ltr'><strong>cithara</strong></span> 
     </span>
    </p>
   </div>
   <div class='ocr_carea' id='block_1_30' title="bbox 1921 727 3505 800">
    <p class='ocr_par' dir='ltr' id='par_1_30' title="bbox 1921 727 3505 800">
     <span class='ocr_line' id='line_1_30' title="bbox 1921 727 3505 800; baseline 0.003 -18"><span class='ocrx_word' id='word_1_250' title='bbox 1921 743 2148 792; x_wconf 84' lang='lat' dir='ltr'><strong>canere,</strong></span> <span class='ocrx_word' id='word_1_251' title='bbox 2170 737 2224 783; x_wconf 91' lang='lat' dir='ltr'><strong>et</strong></span> <span class='ocrx_word' id='word_1_252' title='bbox 2252 728 2358 782; x_wconf 87' lang='lat' dir='ltr'><strong>alia</strong></span> <span class='ocrx_word' id='word_1_253' title='bbox 2408 727 2749 797; x_wconf 87' lang='lat' dir='ltr'><strong>hujusmodi.</strong></span> <span class='ocrx_word' id='word_1_254' title='bbox 2801 729 3110 800; x_wconf 89' lang='lat' dir='ltr'><strong>Utrumque</strong></span> <span class='ocrx_word' id='word_1_255' title='bbox 3145 746 3276 786; x_wconf 89' lang='lat' dir='ltr'><strong>vero</strong></span> <span class='ocrx_word' id='word_1_256' title='bbox 3308 732 3505 787; x_wconf 92' lang='lat' dir='ltr'><strong>horum</strong></span> 
     </span>
    </p>
   </div>
   <div class='ocr_carea' id='block_1_31' title="bbox 1922 820 3507 896">
    <p class='ocr_par' dir='ltr' id='par_1_31' title="bbox 1922 820 3507 896">
     <span class='ocr_line' id='line_1_31' title="bbox 1922 820 3507 896; baseline 0.003 -22"><span class='ocrx_word' id='word_1_257' title='bbox 1922 821 2085 875; x_wconf 86' lang='lat' dir='ltr'><strong>habet</strong></span> <span class='ocrx_word' id='word_1_258' title='bbox 2106 820 2448 876; x_wconf 66' lang='lat' dir='ltr'><strong>differentias</strong></span> <span class='ocrx_word' id='word_1_259' title='bbox 2478 833 2714 891; x_wconf 82' lang='lat' dir='ltr'><strong>quatuor</strong></span> <span class='ocrx_word' id='word_1_260' title='bbox 2736 841 2751 891; x_wconf 90' lang='lat'><strong>;</strong></span> <span class='ocrx_word' id='word_1_261' title='bbox 2774 824 2858 879; x_wconf 97' lang='lat' dir='ltr'><strong>vel</strong></span> <span class='ocrx_word' id='word_1_262' title='bbox 2880 825 3025 878; x_wconf 91' lang='lat' dir='ltr'><strong>enim</strong></span> <span class='ocrx_word' id='word_1_263' title='bbox 3055 834 3250 880; x_wconf 89' lang='lat' dir='ltr'><strong>natura</strong></span> <span class='ocrx_word' id='word_1_264' title='bbox 3278 826 3411 896; x_wconf 75' lang='lat' dir='ltr'><strong>agit,</strong></span> <span class='ocrx_word' id='word_1_265' title='bbox 3447 834 3507 879; x_wconf 91' lang='lat' dir='ltr'><strong>ut</strong></span> 
     </span>
    </p>
   </div>
   <div class='ocr_carea' id='block_1_32' title="bbox 1921 912 3504 985">
    <p class='ocr_par' dir='ltr' id='par_1_32' title="bbox 1921 912 3504 985">
     <span class='ocr_line' id='line_1_32' title="bbox 1921 912 3504 985; baseline 0.005 -20"><span class='ocrx_word' id='word_1_266' title='bbox 1921 912 2063 983; x_wconf 81' lang='lat' dir='ltr'><strong>ignis</strong></span> <span class='ocrx_word' id='word_1_267' title='bbox 2086 913 2388 969; x_wconf 79' lang='lat' dir='ltr'><strong>calefacere</strong></span> <span class='ocrx_word' id='word_1_268' title='bbox 2420 915 2625 970; x_wconf 90' lang='lat' dir='ltr'><strong>dicitur</strong></span> <span class='ocrx_word' id='word_1_269' title='bbox 2657 925 2711 971; x_wconf 86' lang='lat' dir='ltr'><strong>et</strong></span> <span class='ocrx_word' id='word_1_270' title='bbox 2756 917 2959 971; x_wconf 81' lang='lat' dir='ltr'><strong>animal</strong></span> <span class='ocrx_word' id='word_1_271' title='bbox 2994 931 3191 972; x_wconf 92' lang='lat' dir='ltr'><strong>sonum</strong></span> <span class='ocrx_word' id='word_1_272' title='bbox 3230 918 3504 985; x_wconf 84' lang='lat' dir='ltr'><strong>emittere,</strong></span> 
     </span>
    </p>
   </div>
   <div class='ocr_carea' id='block_1_33' title="bbox 1920 1005 3502 1078">
    <p class='ocr_par' dir='ltr' id='par_1_33' title="bbox 1920 1005 3502 1078">
     <span class='ocr_line' id='line_1_33' title="bbox 1920 1005 3502 1078; baseline 0.004 -20"><span class='ocrx_word' id='word_1_273' title='bbox 1920 1005 2005 1060; x_wconf 85' lang='lat' dir='ltr'><strong>vel</strong></span> <span class='ocrx_word' id='word_1_274' title='bbox 2028 1006 2281 1069; x_wconf 87' lang='lat' dir='ltr'><strong>arbitrio,</strong></span> <span class='ocrx_word' id='word_1_275' title='bbox 2313 1016 2370 1061; x_wconf 91' lang='lat' dir='ltr'><strong>ut</strong></span> <span class='ocrx_word' id='word_1_276' title='bbox 2386 1009 2611 1063; x_wconf 79' lang='lat' dir='ltr'><strong>divitem</strong></span> <span class='ocrx_word' id='word_1_277' title='bbox 2630 1008 2832 1075; x_wconf 88' lang='lat' dir='ltr'><strong>facere,</strong></span> <span class='ocrx_word' id='word_1_278' title='bbox 2855 1010 3080 1067; x_wconf 86' lang='lat' dir='ltr'><strong>laudare</strong></span> <span class='ocrx_word' id='word_1_279' title='bbox 3108 1018 3162 1063; x_wconf 91' lang='lat' dir='ltr'><strong>et</strong></span> <span class='ocrx_word' id='word_1_280' title='bbox 3185 1010 3502 1078; x_wconf 82' lang='lat' dir='ltr'><strong>celebrare;</strong></span> 
     </span>
    </p>
   </div>
   <div class='ocr_carea' id='block_1_34' title="bbox 1919 1095 3508 1169">
    <p class='ocr_par' dir='ltr' id='par_1_34' title="bbox 1919 1095 3508 1169">
     <span class='ocr_line' id='line_1_34' title="bbox 1919 1095 3508 1169; baseline 0.006 -23"><span class='ocrx_word' id='word_1_281' title='bbox 1919 1095 2005 1150; x_wconf 90' lang='lat' dir='ltr'><strong>vel</strong></span> <span class='ocrx_word' id='word_1_282' title='bbox 2034 1105 2169 1161; x_wconf 90' lang='lat' dir='ltr'><strong>arte,</strong></span> <span class='ocrx_word' id='word_1_283' title='bbox 2213 1106 2271 1151; x_wconf 91' lang='lat' dir='ltr'><strong>ut</strong></span> <span class='ocrx_word' id='word_1_284' title='bbox 2308 1100 2530 1154; x_wconf 85' lang='lat' dir='ltr'><strong>domum</strong></span> <span class='ocrx_word' id='word_1_285' title='bbox 2561 1100 2855 1168; x_wconf 70' lang='lat' dir='ltr'><strong>aedificare,</strong></span> <span class='ocrx_word' id='word_1_286' title='bbox 2888 1110 2942 1156; x_wconf 92' lang='lat' dir='ltr'><strong>et</strong></span> <span class='ocrx_word' id='word_1_287' title='bbox 2971 1101 3209 1169; x_wconf 88' lang='lat' dir='ltr'><strong>similia;</strong></span> <span class='ocrx_word' id='word_1_288' title='bbox 3244 1101 3329 1156; x_wconf 92' lang='lat' dir='ltr'><strong>vel</strong></span> <span class='ocrx_word' id='word_1_289' title='bbox 3374 1118 3508 1158; x_wconf 89' lang='lat' dir='ltr'><strong>casu</strong></span> 
     </span>
    </p>
   </div>
   <div class='ocr_carea' id='block_1_35' title="bbox 1920 1188 3508 1265">
    <p class='ocr_par' dir='ltr' id='par_1_35' title="bbox 1920 1188 3508 1265">
     <span class='ocr_line' id='line_1_35' title="bbox 1920 1188 3508 1265; baseline 0.006 -25"><span class='ocrx_word' id='word_1_290' title='bbox 1920 1202 2018 1242; x_wconf 84' lang='lat' dir='ltr'><strong>seu</strong></span> <span class='ocrx_word' id='word_1_291' title='bbox 2047 1188 2292 1252; x_wconf 91' lang='lat' dir='ltr'><strong>fortuito,</strong></span> <span class='ocrx_word' id='word_1_292' title='bbox 2320 1201 2379 1245; x_wconf 94' lang='lat' dir='ltr'><strong>ut</strong></span> <span class='ocrx_word' id='word_1_293' title='bbox 2406 1191 2643 1262; x_wconf 92' lang='lat' dir='ltr'><strong>lapidem</strong></span> <span class='ocrx_word' id='word_1_294' title='bbox 2672 1193 2957 1249; x_wconf 86' lang='lat' dir='ltr'><strong>cadentem</strong></span> <span class='ocrx_word' id='word_1_295' title='bbox 2984 1194 3276 1248; x_wconf 86' lang='lat' dir='ltr'><strong>verberare</strong></span> <span class='ocrx_word' id='word_1_296' title='bbox 3313 1210 3508 1265; x_wconf 90' lang='lat' dir='ltr'><strong>quem-</strong></span> 
     </span>
    </p>
   </div>
   <div class='ocr_carea' id='block_1_36' title="bbox 1920 1278 3506 1348">
    <p class='ocr_par' dir='ltr' id='par_1_36' title="bbox 1920 1278 3506 1348">
     <span class='ocr_line' id='line_1_36' title="bbox 1920 1278 3506 1348; baseline 0.008 -17"><span class='ocrx_word' id='word_1_297' title='bbox 1920 1278 2048 1332; x_wconf 85' lang='lat' dir='ltr'><strong>dam</strong></span> <span class='ocrx_word' id='word_1_298' title='bbox 2083 1280 2166 1333; x_wconf 86' lang='lat' dir='ltr'><strong>vel</strong></span> <span class='ocrx_word' id='word_1_299' title='bbox 2198 1279 2456 1348; x_wconf 87' lang='lat' dir='ltr'><strong>plaudere</strong></span> <span class='ocrx_word' id='word_1_300' title='bbox 2478 1284 2737 1340; x_wconf 89' lang='lat' dir='ltr'><strong>manibus</strong></span> <span class='ocrx_word' id='word_1_301' title='bbox 2776 1284 2860 1338; x_wconf 86' lang='lat' dir='ltr'><strong>vel</strong></span> <span class='ocrx_word' id='word_1_302' title='bbox 2894 1286 3032 1340; x_wconf 88' lang='lat' dir='ltr'><strong>echo</strong></span> <span class='ocrx_word' id='word_1_303' title='bbox 3060 1286 3330 1341; x_wconf 86' lang='lat' dir='ltr'><strong>emittere.</strong></span> <span class='ocrx_word' id='word_1_304' title='bbox 3358 1284 3506 1343; x_wconf 71' lang='lat' dir='ltr'><strong>Prte-</strong></span> 
     </span>
    </p>
   </div>
   <div class='ocr_carea' id='block_1_37' title="bbox 1921 1370 3507 1448">
    <p class='ocr_par' dir='ltr' id='par_1_37' title="bbox 1921 1370 3507 1448">
     <span class='ocr_line' id='line_1_37' title="bbox 1921 1370 3507 1448; baseline 0.007 -26"><span class='ocrx_word' id='word_1_305' title='bbox 1921 1376 2068 1423; x_wconf 88' lang='lat' dir='ltr'><strong>terea</strong></span> <span class='ocrx_word' id='word_1_306' title='bbox 2101 1370 2249 1425; x_wconf 86' lang='lat' dir='ltr'><strong>aliud</strong></span> <span class='ocrx_word' id='word_1_307' title='bbox 2284 1381 2369 1427; x_wconf 89' lang='lat' dir='ltr'><strong>est</strong></span> <span class='ocrx_word' id='word_1_308' title='bbox 2398 1388 2584 1443; x_wconf 84' lang='lat' dir='ltr'><strong>agere,</strong></span> <span class='ocrx_word' id='word_1_309' title='bbox 2612 1376 2761 1446; x_wconf 93' lang='lat' dir='ltr'><strong>quod</strong></span> <span class='ocrx_word' id='word_1_310' title='bbox 2794 1377 3060 1448; x_wconf 90' lang='lat' dir='ltr'><strong>relinquit</strong></span> <span class='ocrx_word' id='word_1_311' title='bbox 3088 1388 3212 1448; x_wconf 89' lang='lat' dir='ltr'><strong>post</strong></span> <span class='ocrx_word' id='word_1_312' title='bbox 3230 1380 3507 1433; x_wconf 89' lang='lat' dir='ltr'><strong>actionem</strong></span> 
     </span>
    </p>
   </div>
   <div class='ocr_carea' id='block_1_38' title="bbox 1920 1458 3507 1541">
    <p class='ocr_par' dir='ltr' id='par_1_38' title="bbox 1920 1458 3507 1541">
     <span class='ocr_line' id='line_1_38' title="bbox 1920 1458 3507 1541; baseline 0.009 -28"><span class='ocrx_word' id='word_1_313' title='bbox 1920 1458 2196 1527; x_wconf 85' lang='lat' dir='ltr'><strong>effectum,</strong></span> <span class='ocrx_word' id='word_1_314' title='bbox 2233 1465 2399 1518; x_wconf 90' lang='lat' dir='ltr'><strong>veluti</strong></span> <span class='ocrx_word' id='word_1_315' title='bbox 2428 1476 2549 1535; x_wconf 86' lang='lat' dir='ltr'><strong>post</strong></span> <span class='ocrx_word' id='word_1_316' title='bbox 2572 1466 2989 1524; x_wconf 80' lang='lat' dir='ltr'><strong>aedificationem</strong></span> <span class='ocrx_word' id='word_1_317' title='bbox 3014 1469 3210 1526; x_wconf 90' lang='lat' dir='ltr'><strong>domus</strong></span> <span class='ocrx_word' id='word_1_318' title='bbox 3233 1478 3507 1541; x_wconf 86' lang='lat' dir='ltr'><strong>superest.</strong></span> 
     </span>
    </p>
   </div>
   <div class='ocr_carea' id='block_1_39' title="bbox 1920 1551 3503 1633">
    <p class='ocr_par' dir='ltr' id='par_1_39' title="bbox 1920 1551 3503 1633">
     <span class='ocr_line' id='line_1_39' title="bbox 1920 1551 3503 1633; baseline 0.008 -29"><span class='ocrx_word' id='word_1_319' title='bbox 1920 1551 2067 1605; x_wconf 83' lang='lat' dir='ltr'><strong>aliud</strong></span> <span class='ocrx_word' id='word_1_320' title='bbox 2132 1554 2278 1621; x_wconf 91' lang='lat' dir='ltr'><strong>quod</strong></span> <span class='ocrx_word' id='word_1_321' title='bbox 2339 1555 2547 1610; x_wconf 92' lang='lat' dir='ltr'><strong>nullum</strong></span> <span class='ocrx_word' id='word_1_322' title='bbox 2582 1557 2837 1614; x_wconf 74' lang='lat' dir='ltr'><strong>ell‘ectnm</strong></span> <span class='ocrx_word' id='word_1_323' title='bbox 2892 1570 3014 1629; x_wconf 90' lang='lat' dir='ltr'><strong>post</strong></span> <span class='ocrx_word' id='word_1_324' title='bbox 3073 1577 3134 1616; x_wconf 90' lang='lat' dir='ltr'><strong>se</strong></span> <span class='ocrx_word' id='word_1_325' title='bbox 3194 1563 3503 1633; x_wconf 87' lang='lat' dir='ltr'><strong>relinquit;</strong></span> 
     </span>
    </p>
   </div>
   <div class='ocr_carea' id='block_1_40' title="bbox 1921 1646 3509 1715">
    <p class='ocr_par' dir='ltr' id='par_1_40' title="bbox 1921 1646 3509 1715">
     <span class='ocr_line' id='line_1_40' title="bbox 1921 1646 3509 1715; baseline 0.013 -26"><span class='ocrx_word' id='word_1_326' title='bbox 1921 1650 2212 1710; x_wconf 80' lang='lat' dir='ltr'><strong>postquam</strong></span> <span class='ocrx_word' id='word_1_327' title='bbox 2244 1646 2391 1700; x_wconf 91' lang='lat' dir='ltr'><strong>enim</strong></span> <span class='ocrx_word' id='word_1_328' title='bbox 2422 1648 2633 1703; x_wconf 88' lang='lat' dir='ltr'><strong>cithara</strong></span> <span class='ocrx_word' id='word_1_329' title='bbox 2698 1651 3028 1715; x_wconf 85' lang='lat' dir='ltr'><strong>cecinimus,</strong></span> <span class='ocrx_word' id='word_1_330' title='bbox 3064 1655 3247 1709; x_wconf 88' lang='lat' dir='ltr'><strong>nullus</strong></span> <span class='ocrx_word' id='word_1_331' title='bbox 3281 1655 3509 1710; x_wconf 73' lang='lat' dir='ltr'><strong>effectus</strong></span> 
     </span>
    </p>
   </div>
   <div class='ocr_carea' id='block_1_41' title="bbox 1922 1733 3511 1816">
    <p class='ocr_par' dir='ltr' id='par_1_41' title="bbox 1922 1733 3511 1816">
     <span class='ocr_line' id='line_1_41' title="bbox 1922 1733 3511 1816; baseline 0.011 -31"><span class='ocrx_word' id='word_1_332' title='bbox 1922 1733 2086 1803; x_wconf 88' lang='lat' dir='ltr'><strong>hujus</strong></span> <span class='ocrx_word' id='word_1_333' title='bbox 2114 1738 2448 1805; x_wconf 85' lang='lat' dir='ltr'><strong>operationis</strong></span> <span class='ocrx_word' id='word_1_334' title='bbox 2498 1741 2850 1811; x_wconf 89' lang='lat' dir='ltr'><strong>relinquitur.</strong></span> <span class='ocrx_word' id='word_1_335' title='bbox 2883 1745 3077 1801; x_wconf 87' lang='lat' dir='ltr'><strong>Adhuc</strong></span> <span class='ocrx_word' id='word_1_336' title='bbox 3108 1763 3271 1816; x_wconf 85' lang='lat' dir='ltr'><strong>agere</strong></span> <span class='ocrx_word' id='word_1_337' title='bbox 3310 1749 3395 1802; x_wconf 90' lang='lat' dir='ltr'><strong>vel</strong></span> <span class='ocrx_word' id='word_1_338' title='bbox 3426 1756 3511 1804; x_wconf 88' lang='lat' dir='ltr'><strong>est</strong></span> 
     </span>
    </p>
   </div>
   <div class='ocr_carea' id='block_1_42' title="bbox 1921 1823 3510 1906">
    <p class='ocr_par' dir='ltr' id='par_1_42' title="bbox 1921 1823 3510 1906">
     <span class='ocr_line' id='line_1_42' title="bbox 1921 1823 3510 1906; baseline 0.01 -28"><span class='ocrx_word' id='word_1_339' title='bbox 1921 1823 1976 1878; x_wconf 93' lang='lat' dir='ltr'><strong>in</strong></span> <span class='ocrx_word' id='word_1_340' title='bbox 2008 1841 2240 1897; x_wconf 87' lang='lat' dir='ltr'><strong>corpore</strong></span> <span class='ocrx_word' id='word_1_341' title='bbox 2272 1833 2354 1883; x_wconf 79' lang='lat' dir='ltr'><strong>vel</strong></span> <span class='ocrx_word' id='word_1_342' title='bbox 2380 1831 2432 1884; x_wconf 92' lang='lat' dir='ltr'><strong>in</strong></span> <span class='ocrx_word' id='word_1_343' title='bbox 2459 1833 2641 1886; x_wconf 90' lang='lat' dir='ltr'><strong>anima</strong></span> <span class='ocrx_word' id='word_1_344' title='bbox 2679 1834 2760 1888; x_wconf 91' lang='lat' dir='ltr'><strong>vel</strong></span> <span class='ocrx_word' id='word_1_345' title='bbox 2794 1834 2846 1888; x_wconf 92' lang='lat' dir='ltr'><strong>in</strong></span> <span class='ocrx_word' id='word_1_346' title='bbox 2880 1836 3173 1906; x_wconf 83' lang='lat' dir='ltr'><strong>utriusque</strong></span> <span class='ocrx_word' id='word_1_347' title='bbox 3227 1840 3510 1894; x_wconf 89' lang='lat' dir='ltr'><strong>consortio</strong></span> 
     </span>
    </p>
   </div>
   <div class='ocr_carea' id='block_1_43' title="bbox 1924 1918 3513 1993">
    <p class='ocr_par' dir='ltr' id='par_1_43' title="bbox 1924 1918 3513 1993">
     <span class='ocr_line' id='line_1_43' title="bbox 1924 1918 3513 1993; baseline 0.01 -22"><span class='ocrx_word' id='word_1_348' title='bbox 1924 1918 2008 1973; x_wconf 87' lang='lat' dir='ltr'><strong>vel</strong></span> <span class='ocrx_word' id='word_1_349' title='bbox 2036 1918 2183 1973; x_wconf 89' lang='lat' dir='ltr'><strong>circa</strong></span> <span class='ocrx_word' id='word_1_350' title='bbox 2235 1936 2296 1975; x_wconf 89' lang='lat' dir='ltr'><strong>ea</strong></span> <span class='ocrx_word' id='word_1_351' title='bbox 2347 1937 2469 1992; x_wconf 86' lang='lat' dir='ltr'><strong>quae</strong></span> <span class='ocrx_word' id='word_1_352' title='bbox 2516 1934 2645 1978; x_wconf 89' lang='lat' dir='ltr'><strong>sunt</strong></span> <span class='ocrx_word' id='word_1_353' title='bbox 2674 1927 2739 1980; x_wconf 88' lang='lat' dir='ltr'><strong>ad</strong></span> <span class='ocrx_word' id='word_1_354' title='bbox 2776 1936 2930 1981; x_wconf 84' lang='lat' dir='ltr'><strong>extra</strong></span> <span class='ocrx_word' id='word_1_355' title='bbox 2959 1945 2973 1982; x_wconf 87' lang='lat'><strong>:</strong></span> <span class='ocrx_word' id='word_1_356' title='bbox 3001 1929 3055 1983; x_wconf 92' lang='lat' dir='ltr'><strong>in</strong></span> <span class='ocrx_word' id='word_1_357' title='bbox 3114 1931 3324 1993; x_wconf 89' lang='lat' dir='ltr'><strong>anima,</strong></span> <span class='ocrx_word' id='word_1_358' title='bbox 3360 1932 3513 1987; x_wconf 83' lang='lat' dir='ltr'><strong>velut</strong></span> 
     </span>
    </p>
   </div>
   <div class='ocr_carea' id='block_1_44' title="bbox 1925 2010 3510 2089">
    <p class='ocr_par' dir='ltr' id='par_1_44' title="bbox 1925 2010 3510 2089">
     <span class='ocr_line' id='line_1_44' title="bbox 1925 2010 3510 2089; baseline 0.008 -25"><span class='ocrx_word' id='word_1_359' title='bbox 1925 2010 2122 2065; x_wconf 90' lang='lat' dir='ltr'><strong>docere</strong></span> <span class='ocrx_word' id='word_1_360' title='bbox 2147 2011 2227 2065; x_wconf 81' lang='lat' dir='ltr'><strong>vel</strong></span> <span class='ocrx_word' id='word_1_361' title='bbox 2256 2012 2543 2069; x_wconf 88' lang='lat' dir='ltr'><strong>instituere</strong></span> <span class='ocrx_word' id='word_1_362' title='bbox 2582 2016 2821 2085; x_wconf 88' lang='lat' dir='ltr'><strong>aliquem</strong></span> <span class='ocrx_word' id='word_1_363' title='bbox 2867 2019 3068 2073; x_wconf 87' lang='lat' dir='ltr'><strong>virtute</strong></span> <span class='ocrx_word' id='word_1_364' title='bbox 3130 2022 3212 2076; x_wconf 91' lang='lat' dir='ltr'><strong>vel</strong></span> <span class='ocrx_word' id='word_1_365' title='bbox 3242 2022 3375 2076; x_wconf 91' lang='lat' dir='ltr'><strong>vitio</strong></span> <span class='ocrx_word' id='word_1_366' title='bbox 3404 2040 3419 2089; x_wconf 87' lang='lat'><strong>;</strong></span> <span class='ocrx_word' id='word_1_367' title='bbox 3453 2023 3510 2077; x_wconf 92' lang='lat' dir='ltr'><strong>in</strong></span> 
     </span>
    </p>
   </div>
   <div class='ocr_carea' id='block_1_45' title="bbox 1935 2104 3511 2184">
    <p class='ocr_par' dir='ltr' id='par_1_45' title="bbox 1935 2104 3511 2184">
     <span class='ocr_line' id='line_1_45' title="bbox 1935 2104 3511 2184; baseline 0.01 -29"><span class='ocrx_word' id='word_1_368' title='bbox 1935 2116 2190 2171; x_wconf 85' lang='lat' dir='ltr'><strong>corpore,</strong></span> <span class='ocrx_word' id='word_1_369' title='bbox 2229 2104 2655 2172; x_wconf 74' lang='lat' dir='ltr'><strong>utcomhorere,</strong></span> <span class='ocrx_word' id='word_1_370' title='bbox 2692 2124 2917 2174; x_wconf 64' lang='lat' dir='ltr'><strong>srcare;</strong></span> <span class='ocrx_word' id='word_1_371' title='bbox 2967 2112 3021 2165; x_wconf 90' lang='lat' dir='ltr'><strong>in</strong></span> <span class='ocrx_word' id='word_1_372' title='bbox 3057 2114 3346 2184; x_wconf 88' lang='lat' dir='ltr'><strong>utriusque</strong></span> <span class='ocrx_word' id='word_1_373' title='bbox 3372 2130 3511 2170; x_wconf 92' lang='lat' dir='ltr'><strong>con-</strong></span> 
     </span>
    </p>
   </div>
   <div class='ocr_carea' id='block_1_46' title="bbox 1928 2192 3509 2275">
    <p class='ocr_par' dir='ltr' id='par_1_46' title="bbox 1928 2192 3509 2275">
     <span class='ocr_line' id='line_1_46' title="bbox 1928 2192 3509 2275; baseline 0.009 -32"><span class='ocrx_word' id='word_1_374' title='bbox 1928 2192 2104 2246; x_wconf 89' lang='lat' dir='ltr'><strong>sortio</strong></span> <span class='ocrx_word' id='word_1_375' title='bbox 2126 2231 2140 2255; x_wconf 90' lang='lat'><strong>,</strong></span> <span class='ocrx_word' id='word_1_376' title='bbox 2172 2202 2231 2246; x_wconf 93' lang='lat' dir='ltr'><strong>ut</strong></span> <span class='ocrx_word' id='word_1_377' title='bbox 2282 2209 2479 2249; x_wconf 87' lang='lat' dir='ltr'><strong>sanare</strong></span> <span class='ocrx_word' id='word_1_378' title='bbox 2512 2196 2640 2264; x_wconf 88' lang='lat' dir='ltr'><strong>(hoc</strong></span> <span class='ocrx_word' id='word_1_379' title='bbox 2680 2200 2828 2253; x_wconf 90' lang='lat' dir='ltr'><strong>enim</strong></span> <span class='ocrx_word' id='word_1_380' title='bbox 2862 2202 2928 2254; x_wconf 88' lang='lat' dir='ltr'><strong>ad</strong></span> <span class='ocrx_word' id='word_1_381' title='bbox 2960 2211 3256 2273; x_wconf 87' lang='lat' dir='ltr'><strong>utrumque</strong></span> <span class='ocrx_word' id='word_1_382' title='bbox 3276 2215 3509 2275; x_wconf 88' lang='lat' dir='ltr'><strong>spectat,</strong></span> 
     </span>
    </p>
   </div>
   <div class='ocr_carea' id='block_1_47' title="bbox 1928 2283 3510 2365">
    <p class='ocr_par' dir='ltr' id='par_1_47' title="bbox 1928 2283 3510 2365">
     <span class='ocr_line' id='line_1_47' title="bbox 1928 2283 3510 2365; baseline 0.011 -32"><span class='ocrx_word' id='word_1_383' title='bbox 1928 2296 2105 2350; x_wconf 90' lang='lat' dir='ltr'><strong>neque</strong></span> <span class='ocrx_word' id='word_1_384' title='bbox 2142 2283 2371 2337; x_wconf 79' lang='lat' dir='ltr'><strong>scorsim</strong></span> <span class='ocrx_word' id='word_1_385' title='bbox 2416 2287 2613 2341; x_wconf 69' lang='lat' dir='ltr'><strong>animae</strong></span> <span class='ocrx_word' id='word_1_386' title='bbox 2670 2302 2771 2356; x_wconf 89' lang='lat' dir='ltr'><strong>est,</strong></span> <span class='ocrx_word' id='word_1_387' title='bbox 2819 2306 2997 2361; x_wconf 91' lang='lat' dir='ltr'><strong>neque</strong></span> <span class='ocrx_word' id='word_1_388' title='bbox 3022 2297 3294 2365; x_wconf 89' lang='lat' dir='ltr'><strong>corporis)</strong></span> <span class='ocrx_word' id='word_1_389' title='bbox 3323 2313 3337 2363; x_wconf 89' lang='lat'><strong>;</strong></span> <span class='ocrx_word' id='word_1_390' title='bbox 3365 2297 3510 2351; x_wconf 85' lang='lat' dir='ltr'><strong>circa</strong></span> 
     </span>
    </p>
   </div>
   <div class='ocr_carea' id='block_1_48' title="bbox 1925 2377 3512 2444">
    <p class='ocr_par' dir='ltr' id='par_1_48' title="bbox 1925 2377 3512 2444">
     <span class='ocr_line' id='line_1_48' title="bbox 1925 2377 3512 2444; baseline 0.011 -18"><span class='ocrx_word' id='word_1_391' title='bbox 1925 2387 1988 2426; x_wconf 89' lang='lat' dir='ltr'><strong>ea</strong></span> <span class='ocrx_word' id='word_1_392' title='bbox 2017 2389 2138 2444; x_wconf 68' lang='lat' dir='ltr'><strong>quae</strong></span> <span class='ocrx_word' id='word_1_393' title='bbox 2184 2377 2251 2429; x_wconf 89' lang='lat' dir='ltr'><strong>ad</strong></span> <span class='ocrx_word' id='word_1_394' title='bbox 2277 2386 2457 2443; x_wconf 82' lang='lat' dir='ltr'><strong>extra,</strong></span> <span class='ocrx_word' id='word_1_395' title='bbox 2492 2389 2550 2435; x_wconf 90' lang='lat' dir='ltr'><strong>ut</strong></span> <span class='ocrx_word' id='word_1_396' title='bbox 2573 2381 2797 2437; x_wconf 91' lang='lat' dir='ltr'><strong>divitem</strong></span> <span class='ocrx_word' id='word_1_397' title='bbox 2820 2383 2996 2441; x_wconf 87' lang='lat' dir='ltr'><strong>facere</strong></span> <span class='ocrx_word' id='word_1_398' title='bbox 3022 2397 3075 2443; x_wconf 91' lang='lat' dir='ltr'><strong>et</strong></span> <span class='ocrx_word' id='word_1_399' title='bbox 3104 2389 3329 2443; x_wconf 90' lang='lat' dir='ltr'><strong>similia.</strong></span> <span class='ocrx_word' id='word_1_400' title='bbox 3367 2389 3512 2444; x_wconf 81' lang='lat' dir='ltr'><strong>Rur-</strong></span> 
     </span>
    </p>
   </div>
   <div class='ocr_carea' id='block_1_49' title="bbox 1926 2468 3508 2550">
    <p class='ocr_par' dir='ltr' id='par_1_49' title="bbox 1926 2468 3508 2550">
     <span class='ocr_line' id='line_1_49' title="bbox 1926 2468 3508 2550; baseline 0.01 -32"><span class='ocrx_word' id='word_1_401' title='bbox 1926 2478 2047 2518; x_wconf 88' lang='lat' dir='ltr'><strong>sum</strong></span> <span class='ocrx_word' id='word_1_402' title='bbox 2092 2480 2253 2534; x_wconf 78' lang='lat' dir='ltr'><strong>agere</strong></span> <span class='ocrx_word' id='word_1_403' title='bbox 2305 2468 2390 2521; x_wconf 81' lang='lat' dir='ltr'><strong>vel</strong></span> <span class='ocrx_word' id='word_1_404' title='bbox 2424 2469 2784 2539; x_wconf 81' lang='lat' dir='ltr'><strong>perfectivum</strong></span> <span class='ocrx_word' id='word_1_405' title='bbox 2844 2485 2928 2530; x_wconf 86' lang='lat' dir='ltr'><strong>est</strong></span> <span class='ocrx_word' id='word_1_406' title='bbox 2981 2478 3065 2534; x_wconf 88' lang='lat' dir='ltr'><strong>vel</strong></span> <span class='ocrx_word' id='word_1_407' title='bbox 3111 2481 3508 2550; x_wconf 90' lang='lat' dir='ltr'><strong>corruptivum,</strong></span> 
     </span>
    </p>
   </div>
   <div class='ocr_carea' id='block_1_50' title="bbox 1925 2556 3511 2640">
    <p class='ocr_par' dir='ltr' id='par_1_50' title="bbox 1925 2556 3511 2640">
     <span class='ocr_line' id='line_1_50' title="bbox 1925 2556 3511 2640; baseline 0.01 -29"><span class='ocrx_word' id='word_1_408' title='bbox 1925 2556 2311 2627; x_wconf 86' lang='lat' dir='ltr'><strong>perfectivum,</strong></span> <span class='ocrx_word' id='word_1_409' title='bbox 2344 2561 2513 2616; x_wconf 89' lang='lat' dir='ltr'><strong>veluti</strong></span> <span class='ocrx_word' id='word_1_410' title='bbox 2568 2580 2806 2633; x_wconf 89' lang='lat' dir='ltr'><strong>sanare;</strong></span> <span class='ocrx_word' id='word_1_411' title='bbox 2867 2571 3272 2640; x_wconf 86' lang='lat' dir='ltr'><strong>corruptivum,</strong></span> <span class='ocrx_word' id='word_1_412' title='bbox 3345 2572 3511 2627; x_wconf 90' lang='lat' dir='ltr'><strong>veluti</strong></span> 
     </span>
    </p>
   </div>
   <div class='ocr_carea' id='block_1_51' title="bbox 1927 2652 3503 2734">
    <p class='ocr_par' dir='ltr' id='par_1_51' title="bbox 1927 2652 3503 2734">
     <span class='ocr_line' id='line_1_51' title="bbox 1927 2652 3503 2734; baseline 0.013 -32"><span class='ocrx_word' id='word_1_413' title='bbox 1927 2659 2189 2720; x_wconf 60' lang='lat' dir='ltr'><strong>aegrotum</strong></span> <span class='ocrx_word' id='word_1_414' title='bbox 2222 2652 2453 2709; x_wconf 87' lang='lat' dir='ltr'><strong>reddere</strong></span> <span class='ocrx_word' id='word_1_415' title='bbox 2485 2670 2709 2727; x_wconf 85' lang='lat' dir='ltr'><strong>corpus.</strong></span> <span class='ocrx_word' id='word_1_416' title='bbox 2749 2660 3000 2731; x_wconf 90' lang='lat' dir='ltr'><strong>Denique</strong></span> <span class='ocrx_word' id='word_1_417' title='bbox 3040 2680 3199 2734; x_wconf 79' lang='lat' dir='ltr'><strong>agere</strong></span> <span class='ocrx_word' id='word_1_418' title='bbox 3228 2666 3311 2720; x_wconf 90' lang='lat' dir='ltr'><strong>vel</strong></span> <span class='ocrx_word' id='word_1_419' title='bbox 3342 2667 3503 2722; x_wconf 86' lang='lat' dir='ltr'><strong>talem</strong></span> 
     </span>
    </p>
   </div>
   <div class='ocr_carea' id='block_1_52' title="bbox 1932 2742 3514 2822">
    <p class='ocr_par' dir='ltr' id='par_1_52' title="bbox 1932 2742 3514 2822">
     <span class='ocr_line' id='line_1_52' title="bbox 1932 2742 3514 2822; baseline 0.011 -26"><span class='ocrx_word' id='word_1_420' title='bbox 1932 2742 2187 2796; x_wconf 73' lang='lat' dir='ltr'><strong>effectum</strong></span> <span class='ocrx_word' id='word_1_421' title='bbox 2218 2743 2402 2811; x_wconf 84' lang='lat' dir='ltr'><strong>etlicit,</strong></span> <span class='ocrx_word' id='word_1_422' title='bbox 2434 2749 2595 2817; x_wconf 85' lang='lat' dir='ltr'><strong>quale</strong></span> <span class='ocrx_word' id='word_1_423' title='bbox 2632 2750 2764 2805; x_wconf 91' lang='lat' dir='ltr'><strong>illud</strong></span> <span class='ocrx_word' id='word_1_424' title='bbox 2814 2752 2995 2822; x_wconf 90' lang='lat' dir='ltr'><strong>ipsum</strong></span> <span class='ocrx_word' id='word_1_425' title='bbox 3055 2768 3159 2822; x_wconf 86' lang='lat' dir='ltr'><strong>est,</strong></span> <span class='ocrx_word' id='word_1_426' title='bbox 3200 2767 3259 2811; x_wconf 92' lang='lat' dir='ltr'><strong>ut</strong></span> <span class='ocrx_word' id='word_1_427' title='bbox 3308 2759 3514 2813; x_wconf 40' lang='lat' dir='ltr'><strong>calefae</strong></span> 
     </span>
    </p>
   </div>
   <div class='ocr_carea' id='block_1_53' title="bbox 223 2842 3519 2919">
    <p class='ocr_par' dir='ltr' id='par_1_53' title="bbox 223 2842 3519 2919">
     <span class='ocr_line' id='line_1_53' title="bbox 223 2842 3519 2919; baseline 0 -13"><span class='ocrx_word' id='word_1_428' title='bbox 223 2851 375 2908; x_wconf 89' lang='lat' dir='ltr'><strong>ciens</strong></span> <span class='ocrx_word' id='word_1_429' title='bbox 417 2852 553 2909; x_wconf 83' lang='lat' dir='ltr'><strong>facit</strong></span> <span class='ocrx_word' id='word_1_430' title='bbox 583 2854 848 2919; x_wconf 88' lang='lat' dir='ltr'><strong>calidum,</strong></span> <span class='ocrx_word' id='word_1_431' title='bbox 884 2855 967 2908; x_wconf 89' lang='lat' dir='ltr'><strong>vel</strong></span> <span class='ocrx_word' id='word_1_432' title='bbox 1000 2869 1107 2908; x_wconf 92' lang='lat' dir='ltr'><strong>non</strong></span> <span class='ocrx_word' id='word_1_433' title='bbox 1168 2852 1358 2917; x_wconf 87' lang='lat' dir='ltr'><strong>talem,</strong></span> <span class='ocrx_word' id='word_1_434' title='bbox 1385 2851 1530 2907; x_wconf 87' lang='lat' dir='ltr'><strong>sicut</strong></span> <span class='ocrx_word' id='word_1_435' title='bbox 1577 2863 1776 2905; x_wconf 88' lang='lat' dir='ltr'><strong>secans</strong></span> <span class='ocrx_word' id='word_1_436' title='bbox 1814 2845 2152 2907; x_wconf 86' lang='lat' dir='ltr'><strong>sectionem;</strong></span> <span class='ocrx_word' id='word_1_437' title='bbox 2195 2842 2241 2896; x_wconf 85' lang='lat' dir='ltr'><strong>si</strong></span> <span class='ocrx_word' id='word_1_438' title='bbox 2266 2859 2394 2899; x_wconf 77' lang='lat' dir='ltr'><strong>vero</strong></span> <span class='ocrx_word' id='word_1_439' title='bbox 2422 2844 2496 2899; x_wconf 89' lang='lat' dir='ltr'><strong>ita</strong></span> <span class='ocrx_word' id='word_1_440' title='bbox 2526 2856 2633 2910; x_wconf 88' lang='lat' dir='ltr'><strong>est,</strong></span> <span class='ocrx_word' id='word_1_441' title='bbox 2659 2849 2998 2917; x_wconf 81' lang='lat' dir='ltr'><strong>respondens</strong></span> <span class='ocrx_word' id='word_1_442' title='bbox 3030 2865 3161 2904; x_wconf 83' lang='lat' dir='ltr'><strong>vero</strong></span> <span class='ocrx_word' id='word_1_443' title='bbox 3222 2861 3307 2905; x_wconf 81' lang='lat' dir='ltr'><strong>est</strong></span> <span class='ocrx_word' id='word_1_444' title='bbox 3373 2863 3519 2909; x_wconf 80' lang='lat' dir='ltr'><strong>actio</strong></span> 
     </span>
    </p>
   </div>
   <div class='ocr_carea' id='block_1_54' title="bbox 224 2940 2061 3020">
    <p class='ocr_par' dir='ltr' id='par_1_54' title="bbox 224 2940 2061 3020">
     <span class='ocr_line' id='line_1_54' title="bbox 224 2940 2061 3020; baseline -0.008 -15"><span class='ocrx_word' id='word_1_445' title='bbox 224 2949 433 3016; x_wconf 71' lang='lat' dir='ltr'><strong>agenti,</strong></span> <span class='ocrx_word' id='word_1_446' title='bbox 490 2965 621 3020; x_wconf 72' lang='lat' dir='ltr'><strong>ergo</strong></span> <span class='ocrx_word' id='word_1_447' title='bbox 655 2965 819 3019; x_wconf 82' lang='lat' dir='ltr'><strong>agere</strong></span> <span class='ocrx_word' id='word_1_448' title='bbox 842 2964 1064 3018; x_wconf 90' lang='lat' dir='ltr'><strong>quoque</strong></span> <span class='ocrx_word' id='word_1_449' title='bbox 1115 2948 1364 3002; x_wconf 88' lang='lat' dir='ltr'><strong>eamdem</strong></span> <span class='ocrx_word' id='word_1_450' title='bbox 1416 2946 1777 3001; x_wconf 73' lang='lat' dir='ltr'><strong>differentiam</strong></span> <span class='ocrx_word' id='word_1_451' title='bbox 1820 2940 2061 2995; x_wconf 87' lang='lat' dir='ltr'><strong>hahebit.</strong></span> 
     </span>
    </p>
   </div>
   <div class='ocr_carea' id='block_1_55' title="bbox 295 3036 1819 3112">
    <p class='ocr_par' dir='ltr' id='par_1_55' title="bbox 295 3036 1819 3112">
     <span class='ocr_line' id='line_1_55' title="bbox 295 3036 1819 3112; baseline -0.005 -16"><span class='ocrx_word' id='word_1_452' title='bbox 295 3039 365 3111; x_wconf 86' lang='grc' dir='ltr'><strong>β’.</strong></span> <span class='ocrx_word' id='word_1_453' title='bbox 416 3043 764 3112; x_wconf 82' lang='grc' dir='ltr'>Ἐπιδέχεται</span> <span class='ocrx_word' id='word_1_454' title='bbox 814 3043 873 3094; x_wconf 84' lang='grc' dir='ltr'>δὲ</span> <span class='ocrx_word' id='word_1_455' title='bbox 919 3043 983 3094; x_wconf 90' lang='lat' dir='ltr'><strong>rb</strong></span> <span class='ocrx_word' id='word_1_456' title='bbox 1033 3043 1209 3093; x_wconf 85' lang='grc' dir='ltr'>ποιεῖν</span> <span class='ocrx_word' id='word_1_457' title='bbox 1251 3040 1313 3094; x_wconf 91' lang='lat' dir='ltr'><strong>rb</strong></span> <span class='ocrx_word' id='word_1_458' title='bbox 1368 3041 1571 3109; x_wconf 81' lang='grc' dir='ltr'>μᾶλλον</span> <span class='ocrx_word' id='word_1_459' title='bbox 1615 3037 1711 3092; x_wconf 76' lang='grc' dir='ltr'>καὶ</span> <span class='ocrx_word' id='word_1_460' title='bbox 1758 3036 1819 3109; x_wconf 82' lang='lat' dir='ltr'><strong>rb</strong></span> 
     </span>
    </p>
   </div>
   <div class='ocr_carea' id='block_1_56' title="bbox 222 3124 1818 3201">
    <p class='ocr_par' dir='ltr' id='par_1_56' title="bbox 222 3124 1818 3201">
     <span class='ocr_line' id='line_1_56' title="bbox 222 3124 1818 3201; baseline -0.004 -18"><span class='ocrx_word' id='word_1_461' title='bbox 222 3124 387 3201; x_wconf 77' lang='grc' dir='ltr'>ἧττον</span> <span class='ocrx_word' id='word_1_462' title='bbox 408 3147 420 3160; x_wconf 92' lang='grc'><strong>·</strong></span> <span class='ocrx_word' id='word_1_463' title='bbox 467 3129 784 3201; x_wconf 82' lang='grc' dir='ltr'>θερμαίνειν</span> <span class='ocrx_word' id='word_1_464' title='bbox 814 3130 923 3200; x_wconf 81' lang='grc' dir='ltr'>γὰρ</span> <span class='ocrx_word' id='word_1_465' title='bbox 954 3129 1069 3182; x_wconf 77' lang='grc' dir='ltr'>ἐστι</span> <span class='ocrx_word' id='word_1_466' title='bbox 1104 3129 1306 3199; x_wconf 84' lang='grc' dir='ltr'>μᾶλλον</span> <span class='ocrx_word' id='word_1_467' title='bbox 1341 3129 1437 3182; x_wconf 61' lang='grc' dir='ltr'><strong>καὶ⁹</strong></span> <span class='ocrx_word' id='word_1_468' title='bbox 1482 3124 1645 3197; x_wconf 78' lang='grc' dir='ltr'>ἦττον</span> <span class='ocrx_word' id='word_1_469' title='bbox 1668 3143 1682 3157; x_wconf 87' lang='grc'><strong>·</strong></span> <span class='ocrx_word' id='word_1_470' title='bbox 1723 3126 1818 3178; x_wconf 74' lang='grc' dir='ltr'><strong>καὶ</strong></span> 
     </span>
    </p>
   </div>
   <div class='ocr_carea' id='block_1_57' title="bbox 218 3217 1813 3293">
    <p class='ocr_par' dir='ltr' id='par_1_57' title="bbox 218 3217 1813 3293">
     <span class='ocr_line' id='line_1_57' title="bbox 218 3217 1813 3293; baseline -0.004 -19"><span class='ocrx_word' id='word_1_471' title='bbox 218 3221 420 3293; x_wconf 75' lang='grc' dir='ltr'>ψύχειν</span> <span class='ocrx_word' id='word_1_472' title='bbox 468 3220 731 3283; x_wconf 82' lang='grc' dir='ltr'>ὡσαύτως</span> <span class='ocrx_word' id='word_1_473' title='bbox 753 3237 767 3250; x_wconf 88' lang='grc'><strong>·</strong></span> <span class='ocrx_word' id='word_1_474' title='bbox 798 3222 899 3273; x_wconf 81' lang='grc' dir='ltr'><strong>οὐκ</strong></span> <span class='ocrx_word' id='word_1_475' title='bbox 926 3220 1019 3273; x_wconf 70' lang='grc' dir='ltr'>ἐπὶ</span> <span class='ocrx_word' id='word_1_476' title='bbox 1054 3222 1188 3273; x_wconf 86' lang='grc' dir='ltr'>πᾶσι</span> <span class='ocrx_word' id='word_1_477' title='bbox 1216 3220 1275 3274; x_wconf 81' lang='grc' dir='ltr'>δὲ</span> <span class='ocrx_word' id='word_1_478' title='bbox 1302 3219 1461 3273; x_wconf 89' lang='grc' dir='ltr'>τοῦτο</span> <span class='ocrx_word' id='word_1_479' title='bbox 1488 3217 1773 3289; x_wconf 78' lang='grc' dir='ltr'>συμϐαίνει</span> <span class='ocrx_word' id='word_1_480' title='bbox 1802 3234 1813 3245; x_wconf 92' lang='grc'><strong>·</strong></span> 
     </span>
    </p>
   </div>
   <div class='ocr_carea' id='block_1_58' title="bbox 219 3306 1817 3384">
    <p class='ocr_par' dir='ltr' id='par_1_58' title="bbox 219 3306 1817 3384">
     <span class='ocr_line' id='line_1_58' title="bbox 219 3306 1817 3384; baseline -0.003 -19"><span class='ocrx_word' id='word_1_481' title='bbox 219 3314 316 3366; x_wconf 76' lang='grc' dir='ltr'>οὐκ</span> <span class='ocrx_word' id='word_1_482' title='bbox 348 3312 477 3365; x_wconf 77' lang='grc' dir='ltr'>ἐστι</span> <span class='ocrx_word' id='word_1_483' title='bbox 509 3313 618 3382; x_wconf 82' lang='grc' dir='ltr'><strong>γάρ</strong></span> <span class='ocrx_word' id='word_1_484' title='bbox 650 3313 953 3383; x_wconf 82' lang='grc' dir='ltr'>οἰκοδομεῖν</span> <span class='ocrx_word' id='word_1_485' title='bbox 996 3310 1198 3383; x_wconf 81' lang='grc' dir='ltr'>μᾶλλον</span> <span class='ocrx_word' id='word_1_486' title='bbox 1247 3310 1340 3365; x_wconf 79' lang='grc' dir='ltr'><strong>καὶ</strong></span> <span class='ocrx_word' id='word_1_487' title='bbox 1384 3306 1569 3384; x_wconf 79' lang='grc' dir='ltr'>ἧττον,</span> <span class='ocrx_word' id='word_1_488' title='bbox 1606 3309 1817 3380; x_wconf 77' lang='grc' dir='ltr'>βέλτιον</span> 
     </span>
    </p>
   </div>
   <div class='ocr_carea' id='block_1_59' title="bbox 223 3384 1817 3478">
    <p class='ocr_par' dir='ltr' id='par_1_59' title="bbox 223 3384 1817 3478">
     <span class='ocr_line' id='line_1_59' title="bbox 223 3384 1817 3478; baseline -0.005 -16"><span class='ocrx_word' id='word_1_489' title='bbox 223 3410 414 3478; x_wconf 86' lang='grc' dir='ltr'>μέντοι</span> <span class='ocrx_word' id='word_1_490' title='bbox 453 3407 486 3476; x_wconf 82' lang='grc' dir='ltr'><strong>ἢ</strong></span> <span class='ocrx_word' id='word_1_491' title='bbox 521 3384 702 3477; x_wconf 80' lang='grc' dir='ltr'>χεῖρον</span> <span class='ocrx_word' id='word_1_492' title='bbox 736 3407 885 3460; x_wconf 80' lang='grc' dir='ltr'>ἐστιν</span> <span class='ocrx_word' id='word_1_493' title='bbox 930 3406 1256 3476; x_wconf 88' lang='grc' dir='ltr'>οἰκοδομεῖν.</span> <span class='ocrx_word' id='word_1_494' title='bbox 1294 3404 1557 3476; x_wconf 81' lang='grc' dir='ltr'>Δεύτερον</span> <span class='ocrx_word' id='word_1_495' title='bbox 1597 3403 1655 3459; x_wconf 81' lang='grc' dir='ltr'>δὲ</span> <span class='ocrx_word' id='word_1_496' title='bbox 1686 3402 1817 3456; x_wconf 84' lang='grc' dir='ltr'>ἴδιον</span> 
     </span>
    </p>
   </div>
   <div class='ocr_carea' id='block_1_60' title="bbox 1995 3036 3519 3108">
    <p class='ocr_par' dir='ltr' id='par_1_60' title="bbox 1995 3036 3519 3108">
     <span class='ocr_line' id='line_1_60' title="bbox 1995 3036 3519 3108; baseline 0.009 -22"><span class='ocrx_word' id='word_1_497' title='bbox 1995 3037 2051 3087; x_wconf 77' lang='lat'><strong>‘2.</strong></span> <span class='ocrx_word' id='word_1_498' title='bbox 2097 3036 2347 3091; x_wconf 77' lang='lat' dir='ltr'><strong>Admittit</strong></span> <span class='ocrx_word' id='word_1_499' title='bbox 2376 3046 2554 3090; x_wconf 91' lang='lat' dir='ltr'><strong>autem</strong></span> <span class='ocrx_word' id='word_1_500' title='bbox 2590 3050 2751 3107; x_wconf 79' lang='lat' dir='ltr'><strong>agere</strong></span> <span class='ocrx_word' id='word_1_501' title='bbox 2794 3038 2969 3107; x_wconf 79' lang='lat' dir='ltr'><strong>magis</strong></span> <span class='ocrx_word' id='word_1_502' title='bbox 2994 3048 3048 3092; x_wconf 87' lang='lat' dir='ltr'><strong>et</strong></span> <span class='ocrx_word' id='word_1_503' title='bbox 3086 3039 3264 3095; x_wconf 89' lang='lat' dir='ltr'><strong>minus</strong></span> <span class='ocrx_word' id='word_1_504' title='bbox 3294 3061 3309 3108; x_wconf 88' lang='lat'><strong>;</strong></span> <span class='ocrx_word' id='word_1_505' title='bbox 3373 3044 3519 3099; x_wconf 87' lang='lat' dir='ltr'><strong>cale-</strong></span> 
     </span>
    </p>
   </div>
   <div class='ocr_carea' id='block_1_61' title="bbox 1927 3124 3518 3200">
    <p class='ocr_par' dir='ltr' id='par_1_61' title="bbox 1927 3124 3518 3200">
     <span class='ocr_line' id='line_1_61' title="bbox 1927 3124 3518 3200; baseline 0.009 -23"><span class='ocrx_word' id='word_1_506' title='bbox 1927 3124 2107 3180; x_wconf 80' lang='lat' dir='ltr'><strong>facere</strong></span> <span class='ocrx_word' id='word_1_507' title='bbox 2134 3129 2280 3182; x_wconf 89' lang='lat' dir='ltr'><strong>enim</strong></span> <span class='ocrx_word' id='word_1_508' title='bbox 2310 3128 2520 3196; x_wconf 87' lang='lat' dir='ltr'><strong>aliquid</strong></span> <span class='ocrx_word' id='word_1_509' title='bbox 2548 3138 2727 3195; x_wconf 90' lang='lat' dir='ltr'><strong>potest</strong></span> <span class='ocrx_word' id='word_1_510' title='bbox 2771 3130 2945 3197; x_wconf 82' lang='lat' dir='ltr'><strong>magis</strong></span> <span class='ocrx_word' id='word_1_511' title='bbox 2972 3131 3055 3185; x_wconf 89' lang='lat' dir='ltr'><strong>vel</strong></span> <span class='ocrx_word' id='word_1_512' title='bbox 3106 3133 3311 3200; x_wconf 90' lang='lat' dir='ltr'><strong>minus,</strong></span> <span class='ocrx_word' id='word_1_513' title='bbox 3353 3145 3406 3190; x_wconf 93' lang='lat' dir='ltr'><strong>et</strong></span> <span class='ocrx_word' id='word_1_514' title='bbox 3439 3138 3518 3191; x_wconf 38' lang='lat' dir='ltr'><strong>sis</strong></span> 
     </span>
    </p>
   </div>
   <div class='ocr_carea' id='block_1_62' title="bbox 1927 3218 3515 3289">
    <p class='ocr_par' dir='ltr' id='par_1_62' title="bbox 1927 3218 3515 3289">
     <span class='ocr_line' id='line_1_62' title="bbox 1927 3218 3515 3289; baseline 0.009 -20"><span class='ocrx_word' id='word_1_515' title='bbox 1927 3218 2129 3271; x_wconf 88' lang='lat' dir='ltr'><strong>militcr</strong></span> <span class='ocrx_word' id='word_1_516' title='bbox 2160 3218 2505 3289; x_wconf 81' lang='lat' dir='ltr'><strong>refrigerare.</strong></span> <span class='ocrx_word' id='word_1_517' title='bbox 2539 3218 2657 3274; x_wconf 80' lang='lat' dir='ltr'><strong>Non</strong></span> <span class='ocrx_word' id='word_1_518' title='bbox 2690 3235 2824 3274; x_wconf 91' lang='lat' dir='ltr'><strong>vero</strong></span> <span class='ocrx_word' id='word_1_519' title='bbox 2860 3222 2915 3275; x_wconf 90' lang='lat' dir='ltr'><strong>in</strong></span> <span class='ocrx_word' id='word_1_520' title='bbox 2938 3224 3200 3280; x_wconf 85' lang='lat' dir='ltr'><strong>omnibus</strong></span> <span class='ocrx_word' id='word_1_521' title='bbox 3252 3227 3354 3282; x_wconf 89' lang='lat' dir='ltr'><strong>hoc</strong></span> <span class='ocrx_word' id='word_1_522' title='bbox 3384 3244 3515 3284; x_wconf 76' lang='lat' dir='ltr'><strong>eve-</strong></span> 
     </span>
    </p>
   </div>
   <div class='ocr_carea' id='block_1_63' title="bbox 1928 3308 3515 3391">
    <p class='ocr_par' dir='ltr' id='par_1_63' title="bbox 1928 3308 3515 3391">
     <span class='ocr_line' id='line_1_63' title="bbox 1928 3308 3515 3391; baseline 0.009 -29"><span class='ocrx_word' id='word_1_523' title='bbox 1928 3308 2045 3374; x_wconf 90' lang='lat' dir='ltr'><strong>nit;</strong></span> <span class='ocrx_word' id='word_1_524' title='bbox 2072 3326 2196 3364; x_wconf 87' lang='lat' dir='ltr'><strong>nam</strong></span> <span class='ocrx_word' id='word_1_525' title='bbox 2225 3310 2369 3365; x_wconf 88' lang='lat' dir='ltr'><strong>haud</strong></span> <span class='ocrx_word' id='word_1_526' title='bbox 2401 3319 2579 3379; x_wconf 86' lang='lat' dir='ltr'><strong>potest</strong></span> <span class='ocrx_word' id='word_1_527' title='bbox 2601 3310 2727 3379; x_wconf 91' lang='lat' dir='ltr'><strong>quis</strong></span> <span class='ocrx_word' id='word_1_528' title='bbox 2764 3311 3043 3367; x_wconf 76' lang='lat' dir='ltr'><strong>aedificare</strong></span> <span class='ocrx_word' id='word_1_529' title='bbox 3080 3315 3305 3371; x_wconf 91' lang='lat' dir='ltr'><strong>domum</strong></span> <span class='ocrx_word' id='word_1_530' title='bbox 3340 3321 3515 3391; x_wconf 80' lang='lat' dir='ltr'><strong>magis</strong></span> 
     </span>
    </p>
   </div>
   <div class='ocr_carea' id='block_1_64' title="bbox 1923 3400 3509 3480">
    <p class='ocr_par' dir='ltr' id='par_1_64' title="bbox 1923 3400 3509 3480">
     <span class='ocr_line' id='line_1_64' title="bbox 1923 3400 3509 3480; baseline 0.011 -27"><span class='ocrx_word' id='word_1_531' title='bbox 1923 3407 1975 3453; x_wconf 88' lang='lat' dir='ltr'><strong>et</strong></span> <span class='ocrx_word' id='word_1_532' title='bbox 2018 3400 2222 3466; x_wconf 91' lang='lat' dir='ltr'><strong>minus,</strong></span> <span class='ocrx_word' id='word_1_533' title='bbox 2260 3401 2459 3457; x_wconf 89' lang='lat' dir='ltr'><strong>melius</strong></span> <span class='ocrx_word' id='word_1_534' title='bbox 2493 3413 2673 3457; x_wconf 88' lang='lat' dir='ltr'><strong>tamen</strong></span> <span class='ocrx_word' id='word_1_535' title='bbox 2708 3410 2763 3457; x_wconf 91' lang='lat' dir='ltr'><strong>et</strong></span> <span class='ocrx_word' id='word_1_536' title='bbox 2815 3404 2971 3472; x_wconf 89' lang='lat' dir='ltr'><strong>pejus</strong></span> <span class='ocrx_word' id='word_1_537' title='bbox 2997 3406 3268 3463; x_wconf 80' lang='lat' dir='ltr'><strong>aedificare</strong></span> <span class='ocrx_word' id='word_1_538' title='bbox 3306 3420 3509 3480; x_wconf 89' lang='lat' dir='ltr'><strong>potest.</strong></span> 
     </span>
    </p>
   </div>
   <div class='ocr_carea' id='block_1_65' title="bbox 220 3492 1819 3566">
    <p class='ocr_par' dir='ltr' id='par_1_65' title="bbox 220 3492 1817 3566">
     <span class='ocr_line' id='line_1_65' title="bbox 220 3492 1817 3566; baseline -0.003 -16"><span class='ocrx_word' id='word_1_539' title='bbox 220 3499 312 3552; x_wconf 89' lang='grc' dir='ltr'><strong>τοῦ</strong></span> <span class='ocrx_word' id='word_1_540' title='bbox 344 3499 531 3551; x_wconf 88' lang='grc' dir='ltr'>ποιεῖν</span> <span class='ocrx_word' id='word_1_541' title='bbox 555 3497 617 3549; x_wconf 86' lang='lat' dir='ltr'><strong>rb</strong></span> <span class='ocrx_word' id='word_1_542' title='bbox 646 3495 790 3566; x_wconf 77' lang='grc' dir='ltr'>ἔχειν</span> <span class='ocrx_word' id='word_1_543' title='bbox 815 3496 1169 3565; x_wconf 80' lang='grc' dir='ltr'>ἐναντιότητα</span> <span class='ocrx_word' id='word_1_544' title='bbox 1189 3512 1203 3526; x_wconf 91' lang='grc'><strong>·</strong></span> <span class='ocrx_word' id='word_1_545' title='bbox 1246 3496 1343 3550; x_wconf 73' lang='grc' dir='ltr'><strong>καὶ</strong></span> <span class='ocrx_word' id='word_1_546' title='bbox 1367 3495 1475 3566; x_wconf 83' lang='grc' dir='ltr'><strong>γὰρ</strong></span> <span class='ocrx_word' id='word_1_547' title='bbox 1501 3495 1561 3548; x_wconf 82' lang='grc' dir='ltr'><strong>τὸ</strong></span> <span class='ocrx_word' id='word_1_548' title='bbox 1588 3492 1817 3565; x_wconf 83' lang='grc' dir='ltr'>θερμαί-</span> 
     </span>
    </p>
   </div>
   <div class='ocr_carea' id='block_1_66' title="bbox 1926 3492 3511 3566">
    <p class='ocr_par' dir='ltr' id='par_1_66' title="bbox 1926 3493 3511 3566">
     <span class='ocr_line' id='line_1_66' title="bbox 1926 3493 3511 3566; baseline 0.009 -21"><span class='ocrx_word' id='word_1_549' title='bbox 1926 3493 2102 3547; x_wconf 80' lang='lat' dir='ltr'><strong>Altera</strong></span> <span class='ocrx_word' id='word_1_550' title='bbox 2128 3496 2435 3565; x_wconf 85' lang='lat' dir='ltr'><strong>proprietas</strong></span> <span class='ocrx_word' id='word_1_551' title='bbox 2462 3494 2697 3550; x_wconf 85' lang='lat' dir='ltr'><strong>actionis</strong></span> <span class='ocrx_word' id='word_1_552' title='bbox 2717 3503 2823 3556; x_wconf 85' lang='lat' dir='ltr'><strong>est.</strong></span> <span class='ocrx_word' id='word_1_553' title='bbox 2849 3497 2995 3566; x_wconf 86' lang='lat' dir='ltr'><strong>quod</strong></span> <span class='ocrx_word' id='word_1_554' title='bbox 3022 3498 3511 3559; x_wconf 83' lang='lat' dir='ltr'><strong>hahetcontraric-</strong></span> 
     </span>
    </p>
   </div>
   <div class='ocr_carea' id='block_1_67' title="bbox 223 3586 1818 3661">
    <p class='ocr_par' dir='ltr' id='par_1_67' title="bbox 223 3586 1818 3661">
     <span class='ocr_line' id='line_1_67' title="bbox 223 3586 1818 3661; baseline -0.003 -17"><span class='ocrx_word' id='word_1_555' title='bbox 223 3609 335 3646; x_wconf 91' lang='grc' dir='ltr'>νειν</span> <span class='ocrx_word' id='word_1_556' title='bbox 397 3591 647 3647; x_wconf 73' lang='grc' dir='ltr'>ἐναντίον</span> <span class='ocrx_word' id='word_1_557' title='bbox 698 3590 816 3643; x_wconf 81' lang='grc' dir='ltr'>ἐστὶ</span> <span class='ocrx_word' id='word_1_558' title='bbox 868 3591 945 3661; x_wconf 81' lang='grc' dir='ltr'>τῷ</span> <span class='ocrx_word' id='word_1_559' title='bbox 991 3590 1207 3660; x_wconf 75' lang='grc' dir='ltr'>ψύχειν,</span> <span class='ocrx_word' id='word_1_560' title='bbox 1249 3590 1345 3643; x_wconf 74' lang='grc' dir='ltr'>καὶ</span> <span class='ocrx_word' id='word_1_561' title='bbox 1405 3590 1467 3642; x_wconf 89' lang='grc' dir='ltr'><strong>τὸ</strong></span> <span class='ocrx_word' id='word_1_562' title='bbox 1521 3588 1711 3641; x_wconf 84' lang='grc' dir='ltr'>λυπεῖν</span> <span class='ocrx_word' id='word_1_563' title='bbox 1738 3586 1818 3658; x_wconf 83' lang='grc' dir='ltr'>τῷ</span> 
     </span>
    </p>
   </div>
   <div class='ocr_carea' id='block_1_68' title="bbox 225 3678 1819 3754">
    <p class='ocr_par' dir='ltr' id='par_1_68' title="bbox 225 3678 1819 3754">
     <span class='ocr_line' id='line_1_68' title="bbox 225 3678 1819 3754; baseline -0.005 -16"><span class='ocrx_word' id='word_1_564' title='bbox 225 3683 447 3754; x_wconf 79' lang='grc' dir='ltr'>ἡδύνειν</span> <span class='ocrx_word' id='word_1_565' title='bbox 469 3700 482 3713; x_wconf 87' lang='grc'><strong>·</strong></span> <span class='ocrx_word' id='word_1_566' title='bbox 502 3684 605 3736; x_wconf 87' lang='grc' dir='ltr'><strong>οὐκ</strong></span> <span class='ocrx_word' id='word_1_567' title='bbox 638 3685 730 3736; x_wconf 71' lang='grc' dir='ltr'><strong>ἐπὶ</strong></span> <span class='ocrx_word' id='word_1_568' title='bbox 762 3682 977 3735; x_wconf 83' lang='grc' dir='ltr'>πολλῶν</span> <span class='ocrx_word' id='word_1_569' title='bbox 1006 3681 1064 3734; x_wconf 84' lang='grc' dir='ltr'>δὲ</span> <span class='ocrx_word' id='word_1_570' title='bbox 1097 3680 1256 3734; x_wconf 89' lang='grc' dir='ltr'>τοῦτο</span> <span class='ocrx_word' id='word_1_571' title='bbox 1279 3680 1579 3751; x_wconf 80' lang='grc' dir='ltr'>συμϐαῖνον</span> <span class='ocrx_word' id='word_1_572' title='bbox 1611 3678 1710 3731; x_wconf 83' lang='grc' dir='ltr'>ῐδοι</span> <span class='ocrx_word' id='word_1_573' title='bbox 1735 3694 1819 3741; x_wconf 89' lang='grc' dir='ltr'><strong>τις</strong></span> 
     </span>
    </p>
   </div>
   <div class='ocr_carea' id='block_1_69' title="bbox 224 3769 1819 3847">
    <p class='ocr_par' dir='ltr' id='par_1_69' title="bbox 224 3769 1819 3847">
     <span class='ocr_line' id='line_1_69' title="bbox 224 3769 1819 3847; baseline -0.001 -21"><span class='ocrx_word' id='word_1_574' title='bbox 224 3775 321 3828; x_wconf 81' lang='grc' dir='ltr'>ἄν·</span> <span class='ocrx_word' id='word_1_575' title='bbox 358 3775 444 3847; x_wconf 83' lang='grc' dir='ltr'><strong>τῷ</strong></span> <span class='ocrx_word' id='word_1_576' title='bbox 474 3774 584 3847; x_wconf 83' lang='grc' dir='ltr'><strong>γάρ</strong></span> <span class='ocrx_word' id='word_1_577' title='bbox 625 3775 847 3844; x_wconf 79' lang='grc' dir='ltr'>τέμνειν</span> <span class='ocrx_word' id='word_1_578' title='bbox 886 3774 918 3843; x_wconf 88' lang='grc' dir='ltr'>ἢ</span> <span class='ocrx_word' id='word_1_579' title='bbox 951 3773 1127 3827; x_wconf 87' lang='grc' dir='ltr'>καίειν</span> <span class='ocrx_word' id='word_1_580' title='bbox 1155 3772 1188 3844; x_wconf 81' lang='grc' dir='ltr'>ἢ</span> <span class='ocrx_word' id='word_1_581' title='bbox 1232 3775 1342 3837; x_wconf 87' lang='grc' dir='ltr'>τοῖς</span> <span class='ocrx_word' id='word_1_582' title='bbox 1376 3772 1639 3834; x_wconf 82' lang='grc' dir='ltr'>τοιούτοις</span> <span class='ocrx_word' id='word_1_583' title='bbox 1666 3769 1819 3824; x_wconf 78' lang='grc' dir='ltr'>οὐδέν</span> 
     </span>
    </p>
   </div>
   <div class='ocr_carea' id='block_1_70' title="bbox 225 3862 1821 3939">
    <p class='ocr_par' dir='ltr' id='par_1_70' title="bbox 225 3862 1821 3939">
     <span class='ocr_line' id='line_1_70' title="bbox 225 3862 1821 3939; baseline -0.001 -22"><span class='ocrx_word' id='word_1_584' title='bbox 225 3868 371 3921; x_wconf 82' lang='grc' dir='ltr'>ἐστιν</span> <span class='ocrx_word' id='word_1_585' title='bbox 401 3868 672 3924; x_wconf 80' lang='grc' dir='ltr'>ἐναντίον.</span> <span class='ocrx_word' id='word_1_586' title='bbox 706 3867 900 3939; x_wconf 86' lang='grc' dir='ltr'>Τρίτον</span> <span class='ocrx_word' id='word_1_587' title='bbox 932 3867 1062 3920; x_wconf 87' lang='grc' dir='ltr'>ίδιον</span> <span class='ocrx_word' id='word_1_588' title='bbox 1092 3868 1151 3918; x_wconf 72' lang='lat' dir='ltr'><strong>rb</strong></span> <span class='ocrx_word' id='word_1_589' title='bbox 1179 3863 1382 3936; x_wconf 87' lang='grc' dir='ltr'>ὁμοίως</span> <span class='ocrx_word' id='word_1_590' title='bbox 1423 3864 1683 3932; x_wconf 84' lang='grc' dir='ltr'>λέγεσθαι</span> <span class='ocrx_word' id='word_1_591' title='bbox 1723 3862 1821 3916; x_wconf 76' lang='grc' dir='ltr'><strong>καὶ</strong></span> 
     </span>
    </p>
   </div>
   <div class='ocr_carea' id='block_1_71' title="bbox 224 3953 1820 4029">
    <p class='ocr_par' dir='ltr' id='par_1_71' title="bbox 224 3953 1820 4029">
     <span class='ocr_line' id='line_1_71' title="bbox 224 3953 1820 4029; baseline -0.004 -20"><span class='ocrx_word' id='word_1_592' title='bbox 224 3957 538 4027; x_wconf 84' lang='grc' dir='ltr'>ἀνομοίως·</span> <span class='ocrx_word' id='word_1_593' title='bbox 574 3959 773 4029; x_wconf 88' lang='grc' dir='ltr'>ὁμοίως</span> <span class='ocrx_word' id='word_1_594' title='bbox 810 3959 918 4029; x_wconf 81' lang='grc' dir='ltr'><strong>γὰρ</strong></span> <span class='ocrx_word' id='word_1_595' title='bbox 949 3956 1269 4027; x_wconf 84' lang='grc' dir='ltr'>θερμαίνειν</span> <span class='ocrx_word' id='word_1_596' title='bbox 1302 3955 1537 4025; x_wconf 85' lang='grc' dir='ltr'>λέγομεν</span> <span class='ocrx_word' id='word_1_597' title='bbox 1591 3953 1687 4007; x_wconf 69' lang='grc' dir='ltr'>καὶ</span> <span class='ocrx_word' id='word_1_598' title='bbox 1720 3953 1820 4005; x_wconf 86' lang='grc' dir='ltr'>άν-</span> 
     </span>
    </p>
   </div>
   <div class='ocr_carea' id='block_1_72' title="bbox 227 4038 1823 4116">
    <p class='ocr_par' dir='ltr' id='par_1_72' title="bbox 227 4038 1823 4116">
     <span class='ocr_line' id='line_1_72' title="bbox 227 4038 1823 4116; baseline -0.004 -19"><span class='ocrx_word' id='word_1_599' title='bbox 227 4047 463 4115; x_wconf 84' lang='grc' dir='ltr'>ομοίως,</span> <span class='ocrx_word' id='word_1_600' title='bbox 500 4048 596 4101; x_wconf 73' lang='grc' dir='ltr'><strong>καὶ</strong></span> <span class='ocrx_word' id='word_1_601' title='bbox 627 4047 873 4116; x_wconf 81' lang='grc' dir='ltr'>ὑγιάζειν</span> <span class='ocrx_word' id='word_1_602' title='bbox 924 4045 1126 4116; x_wconf 75' lang='grc' dir='ltr'>ὁμοίιος</span> <span class='ocrx_word' id='word_1_603' title='bbox 1158 4044 1252 4096; x_wconf 73' lang='grc' dir='ltr'><strong>καὶ</strong></span> <span class='ocrx_word' id='word_1_604' title='bbox 1275 4040 1566 4112; x_wconf 87' lang='grc' dir='ltr'>ἀνομοίως,</span> <span class='ocrx_word' id='word_1_605' title='bbox 1627 4038 1719 4092; x_wconf 75' lang='grc' dir='ltr'><strong>καὶ</strong></span> <span class='ocrx_word' id='word_1_606' title='bbox 1742 4040 1823 4091; x_wconf 86' lang='grc' dir='ltr'>οἰ-</span> 
     </span>
    </p>
   </div>
   <div class='ocr_carea' id='block_1_73' title="bbox 227 4127 1825 4209">
    <p class='ocr_par' dir='ltr' id='par_1_73' title="bbox 227 4127 1825 4209">
     <span class='ocr_line' id='line_1_73' title="bbox 227 4127 1825 4209; baseline -0.006 -18"><span class='ocrx_word' id='word_1_607' title='bbox 227 4138 485 4208; x_wconf 86' lang='grc' dir='ltr'>κοδομεῖν</span> <span class='ocrx_word' id='word_1_608' title='bbox 515 4140 719 4209; x_wconf 85' lang='grc' dir='ltr'>ὁμοίως</span> <span class='ocrx_word' id='word_1_609' title='bbox 748 4139 841 4190; x_wconf 73' lang='grc' dir='ltr'>καὶ</span> <span class='ocrx_word' id='word_1_610' title='bbox 870 4137 1143 4207; x_wconf 84' lang='grc' dir='ltr'>ἀνομοίως</span> <span class='ocrx_word' id='word_1_611' title='bbox 1203 4134 1299 4188; x_wconf 80' lang='grc' dir='ltr'><strong>καὶ</strong></span> <span class='ocrx_word' id='word_1_612' title='bbox 1323 4132 1511 4204; x_wconf 83' lang='grc' dir='ltr'>σχεδὸν</span> <span class='ocrx_word' id='word_1_613' title='bbox 1542 4129 1709 4184; x_wconf 76' lang='grc' dir='ltr'>παντὶ</span> <span class='ocrx_word' id='word_1_614' title='bbox 1746 4127 1825 4199; x_wconf 83' lang='grc' dir='ltr'>τῷ</span> 
     </span>
    </p>
   </div>
   <div class='ocr_carea' id='block_1_74' title="bbox 228 4222 1821 4302">
    <p class='ocr_par' dir='ltr' id='par_1_74' title="bbox 228 4222 1821 4302">
     <span class='ocr_line' id='line_1_74' title="bbox 228 4222 1821 4302; baseline -0.006 -20"><span class='ocrx_word' id='word_1_615' title='bbox 228 4234 402 4284; x_wconf 86' lang='grc' dir='ltr'>ποιεῖν</span> <span class='ocrx_word' id='word_1_616' title='bbox 437 4230 747 4302; x_wconf 76' lang='grc' dir='ltr'>ἐφαρμόζει</span> <span class='ocrx_word' id='word_1_617' title='bbox 794 4230 953 4283; x_wconf 87' lang='grc' dir='ltr'>τοῦτο</span> <span class='ocrx_word' id='word_1_618' title='bbox 988 4229 1046 4281; x_wconf 87' lang='lat' dir='ltr'><strong>rb</strong></span> <span class='ocrx_word' id='word_1_619' title='bbox 1086 4228 1251 4281; x_wconf 85' lang='grc' dir='ltr'>ῖδιον·</span> <span class='ocrx_word' id='word_1_620' title='bbox 1287 4227 1336 4278; x_wconf 87' lang='grc' dir='ltr'><strong>εί</strong></span> <span class='ocrx_word' id='word_1_621' title='bbox 1395 4228 1491 4276; x_wconf 72' lang='grc' dir='ltr'><strong>καὶ</strong></span> <span class='ocrx_word' id='word_1_622' title='bbox 1525 4222 1601 4293; x_wconf 85' lang='grc' dir='ltr'>μὴ</span> <span class='ocrx_word' id='word_1_623' title='bbox 1634 4222 1782 4293; x_wconf 83' lang='grc' dir='ltr'>μόνῳ</span> <span class='ocrx_word' id='word_1_624' title='bbox 1805 4234 1821 4250; x_wconf 94' lang='grc'><strong>·</strong></span> 
     </span>
    </p>
   </div>
   <div class='ocr_carea' id='block_1_75' title="bbox 230 4311 1827 4394">
    <p class='ocr_par' dir='ltr' id='par_1_75' title="bbox 230 4311 1827 4394">
     <span class='ocr_line' id='line_1_75' title="bbox 230 4311 1827 4394; baseline -0.006 -19"><span class='ocrx_word' id='word_1_625' title='bbox 230 4322 471 4394; x_wconf 75' lang='grc' dir='ltr'>ἁρμόζει</span> <span class='ocrx_word' id='word_1_626' title='bbox 521 4324 632 4393; x_wconf 74' lang='grc' dir='ltr'><strong>γὰρ</strong></span> <span class='ocrx_word' id='word_1_627' title='bbox 669 4324 763 4376; x_wconf 75' lang='grc' dir='ltr'><strong>καὶ</strong></span> <span class='ocrx_word' id='word_1_628' title='bbox 796 4322 873 4391; x_wconf 81' lang='grc' dir='ltr'><strong>τῷ</strong></span> <span class='ocrx_word' id='word_1_629' title='bbox 904 4324 1156 4390; x_wconf 82' lang='grc' dir='ltr'>πάσχειν.</span> <span class='ocrx_word' id='word_1_630' title='bbox 1194 4318 1466 4389; x_wconf 80' lang='grc' dir='ltr'>Τέταρτον</span> <span class='ocrx_word' id='word_1_631' title='bbox 1497 4315 1627 4368; x_wconf 83' lang='grc' dir='ltr'>ἴδιον</span> <span class='ocrx_word' id='word_1_632' title='bbox 1655 4313 1716 4367; x_wconf 90' lang='lat' dir='ltr'><strong>rb</strong></span> <span class='ocrx_word' id='word_1_633' title='bbox 1749 4311 1827 4382; x_wconf 85' lang='grc' dir='ltr'>μὴ</span> 
     </span>
    </p>
   </div>
   <div class='ocr_carea' id='block_1_76' title="bbox 230 4407 1823 4485">
    <p class='ocr_par' dir='ltr' id='par_1_76' title="bbox 230 4407 1823 4485">
     <span class='ocr_line' id='line_1_76' title="bbox 230 4407 1823 4485; baseline -0.005 -19"><span class='ocrx_word' id='word_1_634' title='bbox 230 4416 352 4467; x_wconf 73' lang='grc' dir='ltr'>καθ’</span> <span class='ocrx_word' id='word_1_635' title='bbox 384 4415 489 4468; x_wconf 69' lang='grc' dir='ltr'>ἕνα</span> <span class='ocrx_word' id='word_1_636' title='bbox 513 4415 713 4485; x_wconf 80' lang='grc' dir='ltr'>τρόπον</span> <span class='ocrx_word' id='word_1_637' title='bbox 745 4412 1047 4481; x_wconf 82' lang='grc' dir='ltr'>ἀνάγεσθαι</span> <span class='ocrx_word' id='word_1_638' title='bbox 1072 4411 1140 4464; x_wconf 85' lang='grc' dir='ltr'>τὰ</span> <span class='ocrx_word' id='word_1_639' title='bbox 1172 4410 1263 4463; x_wconf 83' lang='grc' dir='ltr'>ὑπ’</span> <span class='ocrx_word' id='word_1_640' title='bbox 1289 4408 1459 4479; x_wconf 77' lang='grc' dir='ltr'>αὐτὴν</span> <span class='ocrx_word' id='word_1_641' title='bbox 1489 4407 1823 4475; x_wconf 84' lang='grc' dir='ltr'>ἀναγόμενα·</span> 
     </span>
    </p>
   </div>
   <div class='ocr_carea' id='block_1_77' title="bbox 228 4496 1828 4576">
    <p class='ocr_par' dir='ltr' id='par_1_77' title="bbox 228 4496 1828 4576">
     <span class='ocr_line' id='line_1_77' title="bbox 228 4496 1828 4576; baseline -0.006 -17"><span class='ocrx_word' id='word_1_642' title='bbox 228 4509 286 4560; x_wconf 75' lang='lat' dir='ltr'><strong>rb</strong></span> <span class='ocrx_word' id='word_1_643' title='bbox 337 4508 444 4576; x_wconf 83' lang='grc' dir='ltr'><strong>μὲν</strong></span> <span class='ocrx_word' id='word_1_644' title='bbox 489 4508 599 4576; x_wconf 83' lang='grc' dir='ltr'>γὰρ</span> <span class='ocrx_word' id='word_1_645' title='bbox 652 4502 1252 4575; x_wconf 77' lang='grc' dir='ltr'>θερμαίνειν,πρὼτως</span> <span class='ocrx_word' id='word_1_646' title='bbox 1304 4500 1566 4570; x_wconf 83' lang='grc' dir='ltr'>ἀνάγεται</span> <span class='ocrx_word' id='word_1_647' title='bbox 1615 4498 1722 4551; x_wconf 84' lang='grc' dir='ltr'><strong>ὑπὸ</strong></span> <span class='ocrx_word' id='word_1_648' title='bbox 1766 4496 1828 4549; x_wconf 89' lang='lat' dir='ltr'><strong>rb</strong></span> 
     </span>
    </p>
   </div>
   <div class='ocr_carea' id='block_1_78' title="bbox 230 4591 1826 4669">
    <p class='ocr_par' dir='ltr' id='par_1_78' title="bbox 230 4591 1826 4669">
     <span class='ocr_line' id='line_1_78' title="bbox 230 4591 1826 4669; baseline -0.006 -18"><span class='ocrx_word' id='word_1_649' title='bbox 230 4603 407 4653; x_wconf 79' lang='grc' dir='ltr'>ποιεῖν</span> <span class='ocrx_word' id='word_1_650' title='bbox 440 4600 541 4652; x_wconf 73' lang='grc' dir='ltr'><strong>καὶ</strong></span> <span class='ocrx_word' id='word_1_651' title='bbox 570 4598 687 4652; x_wconf 78' lang='grc' dir='ltr'>ἔστι</span> <span class='ocrx_word' id='word_1_652' title='bbox 717 4598 781 4668; x_wconf 83' lang='grc' dir='ltr'>δὴ</span> <span class='ocrx_word' id='word_1_653' title='bbox 830 4597 1038 4669; x_wconf 80' lang='grc' dir='ltr'>κυρίως</span> <span class='ocrx_word' id='word_1_654' title='bbox 1093 4596 1266 4647; x_wconf 86' lang='grc' dir='ltr'>ποιεῖν</span> <span class='ocrx_word' id='word_1_655' title='bbox 1286 4609 1300 4626; x_wconf 80' lang='grc' dir='ltr'><strong>ο</strong></span> <span class='ocrx_word' id='word_1_656' title='bbox 1354 4592 1415 4646; x_wconf 90' lang='lat' dir='ltr'><strong>rb</strong></span> <span class='ocrx_word' id='word_1_657' title='bbox 1443 4592 1502 4645; x_wconf 82' lang='grc' dir='ltr'>δὲ</span> <span class='ocrx_word' id='word_1_658' title='bbox 1533 4591 1826 4663; x_wconf 86' lang='grc' dir='ltr'>θερμαῖνον</span> 
     </span>
    </p>
   </div>
   <div class='ocr_carea' id='block_1_79' title="bbox 227 4682 1826 4761">
    <p class='ocr_par' dir='ltr' id='par_1_79' title="bbox 227 4682 1826 4761">
     <span class='ocr_line' id='line_1_79' title="bbox 227 4682 1826 4761; baseline -0.008 -14"><span class='ocrx_word' id='word_1_659' title='bbox 227 4692 537 4761; x_wconf 80' lang='grc' dir='ltr'>ἀνάγεσθαι</span> <span class='ocrx_word' id='word_1_660' title='bbox 565 4691 782 4759; x_wconf 82' lang='grc' dir='ltr'>λέγεται</span> <span class='ocrx_word' id='word_1_661' title='bbox 812 4689 918 4743; x_wconf 82' lang='grc' dir='ltr'><strong>ὑπὸ</strong></span> <span class='ocrx_word' id='word_1_662' title='bbox 946 4688 1008 4740; x_wconf 85' lang='grc' dir='ltr'><strong>τὸ</strong></span> <span class='ocrx_word' id='word_1_663' title='bbox 1037 4688 1235 4749; x_wconf 87' lang='grc' dir='ltr'>ποιεῖν,</span> <span class='ocrx_word' id='word_1_664' title='bbox 1260 4685 1342 4738; x_wconf 85' lang='grc' dir='ltr'>ὅτι</span> <span class='ocrx_word' id='word_1_665' title='bbox 1373 4683 1605 4755; x_wconf 85' lang='grc' dir='ltr'>πρώτως</span> <span class='ocrx_word' id='word_1_666' title='bbox 1631 4682 1738 4736; x_wconf 88' lang='grc' dir='ltr'><strong>ὑπό</strong></span> <span class='ocrx_word' id='word_1_667' title='bbox 1765 4682 1826 4735; x_wconf 83' lang='grc' dir='ltr'><strong>τὸ</strong></span> 
     </span>
    </p>
   </div>
   <div class='ocr_carea' id='block_1_80' title="bbox 1920 3586 3514 3660">
    <p class='ocr_par' dir='ltr' id='par_1_80' title="bbox 1920 3586 3514 3660">
     <span class='ocr_line' id='line_1_80' title="bbox 1920 3586 3514 3660; baseline 0.007 -20"><span class='ocrx_word' id='word_1_668' title='bbox 1920 3595 2082 3640; x_wconf 85' lang='lat' dir='ltr'><strong>tatem</strong></span> <span class='ocrx_word' id='word_1_669' title='bbox 2111 3604 2126 3654; x_wconf 93' lang='lat'><strong>;</strong></span> <span class='ocrx_word' id='word_1_670' title='bbox 2160 3602 2284 3641; x_wconf 90' lang='lat' dir='ltr'><strong>nam</strong></span> <span class='ocrx_word' id='word_1_671' title='bbox 2312 3586 2609 3643; x_wconf 81' lang='lat' dir='ltr'><strong>ealefaeere</strong></span> <span class='ocrx_word' id='word_1_672' title='bbox 2634 3598 2685 3642; x_wconf 89' lang='lat' dir='ltr'><strong>et</strong></span> <span class='ocrx_word' id='word_1_673' title='bbox 2721 3587 3041 3659; x_wconf 81' lang='lat' dir='ltr'><strong>frigefacere</strong></span> <span class='ocrx_word' id='word_1_674' title='bbox 3059 3592 3335 3647; x_wconf 89' lang='lat' dir='ltr'><strong>contraria</strong></span> <span class='ocrx_word' id='word_1_675' title='bbox 3359 3605 3514 3660; x_wconf 87' lang='lat' dir='ltr'><strong>sunt,</strong></span> 
     </span>
    </p>
   </div>
   <div class='ocr_carea' id='block_1_81' title="bbox 1922 3678 3516 3745">
    <p class='ocr_par' dir='ltr' id='par_1_81' title="bbox 1922 3678 3516 3745">
     <span class='ocr_line' id='line_1_81' title="bbox 1922 3678 3516 3745; baseline 0.008 -14"><span class='ocrx_word' id='word_1_676' title='bbox 1922 3693 1986 3733; x_wconf 90' lang='lat' dir='ltr'><strong>ac</strong></span> <span class='ocrx_word' id='word_1_677' title='bbox 2023 3678 2223 3745; x_wconf 88' lang='lat' dir='ltr'><strong>pariter</strong></span> <span class='ocrx_word' id='word_1_678' title='bbox 2248 3680 2567 3735; x_wconf 88' lang='lat' dir='ltr'><strong>contristari</strong></span> <span class='ocrx_word' id='word_1_679' title='bbox 2596 3691 2651 3735; x_wconf 91' lang='lat' dir='ltr'><strong>et</strong></span> <span class='ocrx_word' id='word_1_680' title='bbox 2703 3680 3034 3737; x_wconf 82' lang='lat' dir='ltr'><strong>exhilarare.</strong></span> <span class='ocrx_word' id='word_1_681' title='bbox 3070 3682 3188 3738; x_wconf 83' lang='lat' dir='ltr'><strong>Non</strong></span> <span class='ocrx_word' id='word_1_682' title='bbox 3216 3685 3270 3738; x_wconf 92' lang='lat' dir='ltr'><strong>in</strong></span> <span class='ocrx_word' id='word_1_683' title='bbox 3328 3688 3516 3744; x_wconf 88' lang='lat' dir='ltr'><strong>multis</strong></span> 
     </span>
    </p>
   </div>
   <div class='ocr_carea' id='block_1_82' title="bbox 1925 3770 3517 3842">
    <p class='ocr_par' dir='ltr' id='par_1_82' title="bbox 1925 3770 3517 3842">
     <span class='ocr_line' id='line_1_82' title="bbox 1925 3770 3517 3842; baseline 0.009 -21"><span class='ocrx_word' id='word_1_684' title='bbox 1925 3784 2060 3823; x_wconf 88' lang='lat' dir='ltr'><strong>vero</strong></span> <span class='ocrx_word' id='word_1_685' title='bbox 2093 3770 2142 3824; x_wconf 94' lang='lat' dir='ltr'><strong>id</strong></span> <span class='ocrx_word' id='word_1_686' title='bbox 2179 3772 2399 3826; x_wconf 90' lang='lat' dir='ltr'><strong>evenire</strong></span> <span class='ocrx_word' id='word_1_687' title='bbox 2421 3773 2545 3842; x_wconf 92' lang='lat' dir='ltr'><strong>quis</strong></span> <span class='ocrx_word' id='word_1_688' title='bbox 2574 3781 2766 3827; x_wconf 85' lang='lat' dir='ltr'><strong>cernet</strong></span> <span class='ocrx_word' id='word_1_689' title='bbox 2796 3790 2810 3838; x_wconf 91' lang='lat'><strong>;</strong></span> <span class='ocrx_word' id='word_1_690' title='bbox 2846 3789 2971 3828; x_wconf 89' lang='lat' dir='ltr'><strong>nam</strong></span> <span class='ocrx_word' id='word_1_691' title='bbox 3008 3791 3196 3831; x_wconf 89' lang='lat' dir='ltr'><strong>secare</strong></span> <span class='ocrx_word' id='word_1_692' title='bbox 3239 3780 3319 3833; x_wconf 83' lang='lat' dir='ltr'><strong>vel</strong></span> <span class='ocrx_word' id='word_1_693' title='bbox 3353 3797 3517 3836; x_wconf 89' lang='lat' dir='ltr'><strong>urere</strong></span> 
     </span>
    </p>
   </div>
   <div class='ocr_carea' id='block_1_83' title="bbox 1926 3860 3518 3941">
    <p class='ocr_par' dir='ltr' id='par_1_83' title="bbox 1926 3860 3518 3941">
     <span class='ocr_line' id='line_1_83' title="bbox 1926 3860 3518 3941; baseline 0.01 -30"><span class='ocrx_word' id='word_1_694' title='bbox 1926 3861 2012 3913; x_wconf 90' lang='lat' dir='ltr'><strong>vel</strong></span> <span class='ocrx_word' id='word_1_695' title='bbox 2050 3860 2249 3915; x_wconf 90' lang='lat' dir='ltr'><strong>similia</strong></span> <span class='ocrx_word' id='word_1_696' title='bbox 2279 3862 2412 3916; x_wconf 93' lang='lat' dir='ltr'><strong>nihil</strong></span> <span class='ocrx_word' id='word_1_697' title='bbox 2445 3864 2647 3918; x_wconf 86' lang='lat' dir='ltr'><strong>habent</strong></span> <span class='ocrx_word' id='word_1_698' title='bbox 2668 3864 3032 3920; x_wconf 89' lang='lat' dir='ltr'><strong>contrarium.</strong></span> <span class='ocrx_word' id='word_1_699' title='bbox 3069 3866 3250 3923; x_wconf 83' lang='lat' dir='ltr'><strong>Tertia</strong></span> <span class='ocrx_word' id='word_1_700' title='bbox 3273 3874 3518 3941; x_wconf 88' lang='lat' dir='ltr'><strong>proprie-</strong></span> 
     </span>
    </p>
   </div>
   <div class='ocr_carea' id='block_1_84' title="bbox 1929 3952 3516 4025">
    <p class='ocr_par' dir='ltr' id='par_1_84' title="bbox 1929 3952 3516 4025">
     <span class='ocr_line' id='line_1_84' title="bbox 1929 3952 3516 4025; baseline 0.008 -21"><span class='ocrx_word' id='word_1_701' title='bbox 1929 3959 2014 4004; x_wconf 84' lang='lat' dir='ltr'><strong>tas</strong></span> <span class='ocrx_word' id='word_1_702' title='bbox 2047 3952 2282 4006; x_wconf 86' lang='lat' dir='ltr'><strong>actionis</strong></span> <span class='ocrx_word' id='word_1_703' title='bbox 2327 3962 2431 4021; x_wconf 89' lang='lat' dir='ltr'><strong>est,</strong></span> <span class='ocrx_word' id='word_1_704' title='bbox 2468 3955 2614 4025; x_wconf 92' lang='lat' dir='ltr'><strong>quod</strong></span> <span class='ocrx_word' id='word_1_705' title='bbox 2652 3956 2819 4010; x_wconf 89' lang='lat' dir='ltr'><strong>simili</strong></span> <span class='ocrx_word' id='word_1_706' title='bbox 2872 3966 2927 4011; x_wconf 89' lang='lat' dir='ltr'><strong>et</strong></span> <span class='ocrx_word' id='word_1_707' title='bbox 2959 3957 3215 4014; x_wconf 88' lang='lat' dir='ltr'><strong>dissimili</strong></span> <span class='ocrx_word' id='word_1_708' title='bbox 3243 3964 3407 4016; x_wconf 88' lang='lat' dir='ltr'><strong>modo</strong></span> <span class='ocrx_word' id='word_1_709' title='bbox 3432 3966 3516 4018; x_wconf 38' lang='lat' dir='ltr'><strong>dis</strong></span> 
     </span>
    </p>
   </div>
   <div class='ocr_carea' id='block_1_85' title="bbox 1930 4043 3516 4110">
    <p class='ocr_par' dir='ltr' id='par_1_85' title="bbox 1930 4043 3516 4110">
     <span class='ocr_line' id='line_1_85' title="bbox 1930 4043 3516 4110; baseline 0.008 -13"><span class='ocrx_word' id='word_1_710' title='bbox 1930 4043 2117 4110; x_wconf 89' lang='lat' dir='ltr'><strong>citur;</strong></span> <span class='ocrx_word' id='word_1_711' title='bbox 2172 4044 2429 4100; x_wconf 89' lang='lat' dir='ltr'><strong>similiter</strong></span> <span class='ocrx_word' id='word_1_712' title='bbox 2476 4046 2624 4100; x_wconf 90' lang='lat' dir='ltr'><strong>enim</strong></span> <span class='ocrx_word' id='word_1_713' title='bbox 2657 4046 2963 4103; x_wconf 80' lang='lat' dir='ltr'><strong>calefacere</strong></span> <span class='ocrx_word' id='word_1_714' title='bbox 2998 4049 3234 4106; x_wconf 88' lang='lat' dir='ltr'><strong>dicimus</strong></span> <span class='ocrx_word' id='word_1_715' title='bbox 3269 4062 3324 4106; x_wconf 89' lang='lat' dir='ltr'><strong>et</strong></span> <span class='ocrx_word' id='word_1_716' title='bbox 3354 4056 3516 4109; x_wconf 85' lang='lat' dir='ltr'><strong>dissi-</strong></span> 
     </span>
    </p>
   </div>
   <div class='ocr_carea' id='block_1_86' title="bbox 1927 4134 3514 4211">
    <p class='ocr_par' dir='ltr' id='par_1_86' title="bbox 1927 4134 3514 4211">
     <span class='ocr_line' id='line_1_86' title="bbox 1927 4134 3514 4211; baseline 0.008 -25"><span class='ocrx_word' id='word_1_717' title='bbox 1927 4134 2156 4200; x_wconf 89' lang='lat' dir='ltr'><strong>militer,</strong></span> <span class='ocrx_word' id='word_1_718' title='bbox 2191 4144 2244 4189; x_wconf 91' lang='lat' dir='ltr'><strong>et</strong></span> <span class='ocrx_word' id='word_1_719' title='bbox 2285 4152 2485 4191; x_wconf 84' lang='lat' dir='ltr'><strong>sanum</strong></span> <span class='ocrx_word' id='word_1_720' title='bbox 2523 4139 2754 4193; x_wconf 86' lang='lat' dir='ltr'><strong>reddere</strong></span> <span class='ocrx_word' id='word_1_721' title='bbox 2785 4140 3041 4195; x_wconf 89' lang='lat' dir='ltr'><strong>similiter</strong></span> <span class='ocrx_word' id='word_1_722' title='bbox 3063 4151 3116 4195; x_wconf 88' lang='lat' dir='ltr'><strong>et</strong></span> <span class='ocrx_word' id='word_1_723' title='bbox 3149 4143 3514 4211; x_wconf 89' lang='lat' dir='ltr'><strong>dissimiliter,</strong></span> 
     </span>
    </p>
   </div>
   <div class='ocr_carea' id='block_1_87' title="bbox 1927 4226 3519 4299">
    <p class='ocr_par' dir='ltr' id='par_1_87' title="bbox 1927 4226 3519 4299">
     <span class='ocr_line' id='line_1_87' title="bbox 1927 4226 3519 4299; baseline 0.008 -20"><span class='ocrx_word' id='word_1_724' title='bbox 1927 4235 1982 4280; x_wconf 91' lang='lat' dir='ltr'><strong>et</strong></span> <span class='ocrx_word' id='word_1_725' title='bbox 2010 4226 2232 4281; x_wconf 92' lang='lat' dir='ltr'><strong>domum</strong></span> <span class='ocrx_word' id='word_1_726' title='bbox 2260 4229 2533 4284; x_wconf 84' lang='lat' dir='ltr'><strong>aedificare</strong></span> <span class='ocrx_word' id='word_1_727' title='bbox 2563 4230 2818 4285; x_wconf 88' lang='lat' dir='ltr'><strong>similiter</strong></span> <span class='ocrx_word' id='word_1_728' title='bbox 2834 4240 2887 4285; x_wconf 89' lang='lat' dir='ltr'><strong>et</strong></span> <span class='ocrx_word' id='word_1_729' title='bbox 2918 4232 3291 4299; x_wconf 83' lang='lat' dir='ltr'><strong>dissimiliter;</strong></span> <span class='ocrx_word' id='word_1_730' title='bbox 3327 4245 3379 4290; x_wconf 92' lang='lat' dir='ltr'><strong>ct</strong></span> <span class='ocrx_word' id='word_1_731' title='bbox 3404 4236 3519 4293; x_wconf 90' lang='lat' dir='ltr'><strong>fere</strong></span> 
     </span>
    </p>
   </div>
   <div class='ocr_carea' id='block_1_88' title="bbox 1929 4320 3515 4395">
    <p class='ocr_par' dir='ltr' id='par_1_88' title="bbox 1929 4320 3515 4395">
     <span class='ocr_line' id='line_1_88' title="bbox 1929 4320 3515 4395; baseline 0.006 -22"><span class='ocrx_word' id='word_1_732' title='bbox 1929 4320 2079 4374; x_wconf 89' lang='lat' dir='ltr'><strong>omni</strong></span> <span class='ocrx_word' id='word_1_733' title='bbox 2109 4320 2312 4374; x_wconf 92' lang='lat' dir='ltr'><strong>actioni</strong></span> <span class='ocrx_word' id='word_1_734' title='bbox 2347 4321 2463 4377; x_wconf 64' lang='lat' dir='ltr'><strong>haec</strong></span> <span class='ocrx_word' id='word_1_735' title='bbox 2486 4323 2794 4392; x_wconf 89' lang='lat' dir='ltr'><strong>proprietas</strong></span> <span class='ocrx_word' id='word_1_736' title='bbox 2813 4325 3093 4389; x_wconf 88' lang='lat' dir='ltr'><strong>convenit,</strong></span> <span class='ocrx_word' id='word_1_737' title='bbox 3122 4326 3223 4380; x_wconf 87' lang='lat' dir='ltr'><strong>etsi</strong></span> <span class='ocrx_word' id='word_1_738' title='bbox 3256 4342 3367 4381; x_wconf 90' lang='lat' dir='ltr'><strong>non</strong></span> <span class='ocrx_word' id='word_1_739' title='bbox 3391 4329 3515 4395; x_wconf 89' lang='lat' dir='ltr'><strong>soli;</strong></span> 
     </span>
    </p>
   </div>
   <div class='ocr_carea' id='block_1_89' title="bbox 1931 4414 3517 4490">
    <p class='ocr_par' dir='ltr' id='par_1_89' title="bbox 1931 4414 3517 4490">
     <span class='ocr_line' id='line_1_89' title="bbox 1931 4414 3517 4490; baseline 0.009 -26"><span class='ocrx_word' id='word_1_740' title='bbox 1931 4426 2061 4466; x_wconf 88' lang='lat' dir='ltr'><strong>nam</strong></span> <span class='ocrx_word' id='word_1_741' title='bbox 2102 4414 2361 4468; x_wconf 90' lang='lat' dir='ltr'><strong>convenit</strong></span> <span class='ocrx_word' id='word_1_742' title='bbox 2398 4430 2623 4485; x_wconf 84' lang='lat' dir='ltr'><strong>quoque</strong></span> <span class='ocrx_word' id='word_1_743' title='bbox 2660 4417 2929 4486; x_wconf 75' lang='lat' dir='ltr'><strong>passioni.</strong></span> <span class='ocrx_word' id='word_1_744' title='bbox 2964 4416 3172 4483; x_wconf 86' lang='lat' dir='ltr'><strong>Quarta</strong></span> <span class='ocrx_word' id='word_1_745' title='bbox 3205 4422 3517 4490; x_wconf 79' lang='lat' dir='ltr'><strong>proprietas</strong></span> 
     </span>
    </p>
   </div>
   <div class='ocr_carea' id='block_1_90' title="bbox 1930 4507 3518 4577">
    <p class='ocr_par' dir='ltr' id='par_1_90' title="bbox 1930 4507 3518 4577">
     <span class='ocr_line' id='line_1_90' title="bbox 1930 4507 3518 4577; baseline 0.006 -18"><span class='ocrx_word' id='word_1_746' title='bbox 1930 4515 2035 4570; x_wconf 86' lang='lat' dir='ltr'><strong>est,</strong></span> <span class='ocrx_word' id='word_1_747' title='bbox 2077 4507 2223 4577; x_wconf 89' lang='lat' dir='ltr'><strong>quod</strong></span> <span class='ocrx_word' id='word_1_748' title='bbox 2254 4522 2361 4560; x_wconf 91' lang='lat' dir='ltr'><strong>non</strong></span> <span class='ocrx_word' id='word_1_749' title='bbox 2386 4508 2686 4563; x_wconf 92' lang='lat' dir='ltr'><strong>secundum</strong></span> <span class='ocrx_word' id='word_1_750' title='bbox 2719 4524 2889 4563; x_wconf 88' lang='lat' dir='ltr'><strong>unttm</strong></span> <span class='ocrx_word' id='word_1_751' title='bbox 2909 4510 3131 4566; x_wconf 91' lang='lat' dir='ltr'><strong>modum</strong></span> <span class='ocrx_word' id='word_1_752' title='bbox 3159 4512 3224 4566; x_wconf 89' lang='lat' dir='ltr'><strong>ad</strong></span> <span class='ocrx_word' id='word_1_753' title='bbox 3249 4514 3518 4569; x_wconf 90' lang='lat' dir='ltr'><strong>actionem</strong></span> 
     </span>
    </p>
   </div>
   <div class='ocr_carea' id='block_1_91' title="bbox 1933 4596 3521 4670">
    <p class='ocr_par' dir='ltr' id='par_1_91' title="bbox 1933 4596 3521 4670">
     <span class='ocr_line' id='line_1_91' title="bbox 1933 4596 3521 4670; baseline 0.006 -18"><span class='ocrx_word' id='word_1_754' title='bbox 1933 4596 2252 4654; x_wconf 82' lang='lat' dir='ltr'><strong>referuntur</strong></span> <span class='ocrx_word' id='word_1_755' title='bbox 2281 4615 2344 4654; x_wconf 88' lang='lat' dir='ltr'><strong>ea</strong></span> <span class='ocrx_word' id='word_1_756' title='bbox 2373 4617 2496 4670; x_wconf 68' lang='lat' dir='ltr'><strong>qua:</strong></span> <span class='ocrx_word' id='word_1_757' title='bbox 2538 4602 2606 4656; x_wconf 91' lang='lat' dir='ltr'><strong>ad</strong></span> <span class='ocrx_word' id='word_1_758' title='bbox 2642 4602 2788 4656; x_wconf 89' lang='lat' dir='ltr'><strong>illam</strong></span> <span class='ocrx_word' id='word_1_759' title='bbox 2815 4603 3177 4659; x_wconf 90' lang='lat' dir='ltr'><strong>reducuntur.</strong></span> <span class='ocrx_word' id='word_1_760' title='bbox 3210 4604 3521 4662; x_wconf 83' lang='lat' dir='ltr'><strong>Calefacere</strong></span> 
     </span>
    </p>
   </div>
   <div class='ocr_carea' id='block_1_92' title="bbox 1937 4690 3523 4767">
    <p class='ocr_par' dir='ltr' id='par_1_92' title="bbox 1937 4690 3523 4767">
     <span class='ocr_line' id='line_1_92' title="bbox 1937 4690 3523 4767; baseline 0.008 -25"><span class='ocrx_word' id='word_1_761' title='bbox 1937 4690 2085 4744; x_wconf 85' lang='lat' dir='ltr'><strong>enim</strong></span> <span class='ocrx_word' id='word_1_762' title='bbox 2113 4693 2376 4761; x_wconf 90' lang='lat' dir='ltr'><strong>primario</strong></span> <span class='ocrx_word' id='word_1_763' title='bbox 2397 4694 2500 4749; x_wconf 86' lang='lat' dir='ltr'><strong>sub</strong></span> <span class='ocrx_word' id='word_1_764' title='bbox 2515 4693 2785 4749; x_wconf 89' lang='lat' dir='ltr'><strong>actionem</strong></span> <span class='ocrx_word' id='word_1_765' title='bbox 2810 4696 3094 4751; x_wconf 89' lang='lat' dir='ltr'><strong>reducitur</strong></span> <span class='ocrx_word' id='word_1_766' title='bbox 3118 4708 3171 4750; x_wconf 91' lang='lat' dir='ltr'><strong>et</strong></span> <span class='ocrx_word' id='word_1_767' title='bbox 3196 4706 3279 4753; x_wconf 87' lang='lat' dir='ltr'><strong>est</strong></span> <span class='ocrx_word' id='word_1_768' title='bbox 3308 4700 3523 4767; x_wconf 89' lang='lat' dir='ltr'><strong>proprie</strong></span> 
     </span>
    </p>
   </div>
   <div class='ocr_carea' id='block_1_93' title="bbox 229 4775 1819 4855">
    <p class='ocr_par' dir='ltr' id='par_1_93' title="bbox 229 4775 1819 4851">
     <span class='ocr_line' id='line_1_93' title="bbox 229 4775 1819 4851; baseline -0.003 -16"><span class='ocrx_word' id='word_1_769' title='bbox 229 4785 421 4838; x_wconf 89' lang='grc' dir='ltr'>ποιοῦν</span> <span class='ocrx_word' id='word_1_770' title='bbox 475 4783 738 4851; x_wconf 81' lang='grc' dir='ltr'>ἀνάγεται</span> <span class='ocrx_word' id='word_1_771' title='bbox 768 4823 784 4849; x_wconf 93' lang='grc'><strong>,</strong></span> <span class='ocrx_word' id='word_1_772' title='bbox 819 4781 957 4850; x_wconf 83' lang='grc' dir='ltr'>ὅπερ</span> <span class='ocrx_word' id='word_1_773' title='bbox 988 4779 1107 4833; x_wconf 76' lang='grc' dir='ltr'>ἐστὶ</span> <span class='ocrx_word' id='word_1_774' title='bbox 1150 4778 1434 4847; x_wconf 86' lang='grc' dir='ltr'>σύστοιχον</span> <span class='ocrx_word' id='word_1_775' title='bbox 1467 4775 1564 4830; x_wconf 89' lang='grc' dir='ltr'><strong>τοῦ</strong></span> <span class='ocrx_word' id='word_1_776' title='bbox 1605 4778 1780 4830; x_wconf 90' lang='grc' dir='ltr'>ποιεῖν</span> <span class='ocrx_word' id='word_1_777' title='bbox 1809 4791 1819 4805; x_wconf 87' lang='grc'><strong>·</strong></span> 
     </span>
    </p>
   </div>
   <div class='ocr_carea' id='block_1_94' title="bbox 1926 4775 3520 4855">
    <p class='ocr_par' dir='ltr' id='par_1_94' title="bbox 1937 4785 3520 4855">
     <span class='ocr_line' id='line_1_94' title="bbox 1937 4785 3520 4855; baseline 0.007 -22"><span class='ocrx_word' id='word_1_778' title='bbox 1937 4798 2132 4854; x_wconf 75' lang='lat' dir='ltr'><strong>agere;</strong></span> <span class='ocrx_word' id='word_1_779' title='bbox 2167 4785 2497 4842; x_wconf 87' lang='lat' dir='ltr'><strong>calefaciens</strong></span> <span class='ocrx_word' id='word_1_780' title='bbox 2518 4802 2651 4842; x_wconf 89' lang='lat' dir='ltr'><strong>vero</strong></span> <span class='ocrx_word' id='word_1_781' title='bbox 2681 4788 2746 4842; x_wconf 90' lang='lat' dir='ltr'><strong>ad</strong></span> <span class='ocrx_word' id='word_1_782' title='bbox 2770 4790 3044 4844; x_wconf 90' lang='lat' dir='ltr'><strong>actionem</strong></span> <span class='ocrx_word' id='word_1_783' title='bbox 3080 4790 3266 4844; x_wconf 90' lang='lat' dir='ltr'><strong>reduci</strong></span> <span class='ocrx_word' id='word_1_784' title='bbox 3297 4792 3520 4855; x_wconf 89' lang='lat' dir='ltr'><strong>dicitur,</strong></span> 
     </span>
    </p>
   </div>
   <div class='ocr_carea' id='block_1_95' title="bbox 231 4868 1830 4945">
    <p class='ocr_par' dir='ltr' id='par_1_95' title="bbox 231 4868 1830 4945">
     <span class='ocr_line' id='line_1_95' title="bbox 231 4868 1830 4945; baseline -0.002 -19"><span class='ocrx_word' id='word_1_785' title='bbox 231 4874 506 4939; x_wconf 82' lang='grc' dir='ltr'>ὡσαύτως</span> <span class='ocrx_word' id='word_1_786' title='bbox 532 4875 590 4929; x_wconf 82' lang='grc' dir='ltr'>δὲ</span> <span class='ocrx_word' id='word_1_787' title='bbox 615 4876 711 4929; x_wconf 77' lang='grc' dir='ltr'><strong>καὶ</strong></span> <span class='ocrx_word' id='word_1_788' title='bbox 740 4875 799 4928; x_wconf 90' lang='lat' dir='ltr'><strong>rb</strong></span> <span class='ocrx_word' id='word_1_789' title='bbox 831 4873 1110 4945; x_wconf 81' lang='grc' dir='ltr'>θερμῆναν</span> <span class='ocrx_word' id='word_1_790' title='bbox 1132 4869 1245 4941; x_wconf 73' lang='lat'><strong>(22)</strong></span> <span class='ocrx_word' id='word_1_791' title='bbox 1273 4868 1570 4938; x_wconf 81' lang='grc' dir='ltr'>ἀνάγεσθαι</span> <span class='ocrx_word' id='word_1_792' title='bbox 1602 4869 1830 4945; x_wconf 72' lang='grc' dir='ltr'>λέγεται</span> 
     </span>
    </p>
   </div>
   <div class='ocr_carea' id='block_1_96' title="bbox 227 4941 1827 5035">
    <p class='ocr_par' dir='ltr' id='par_1_96' title="bbox 227 4941 1827 5035">
     <span class='ocr_line' id='line_1_96' title="bbox 227 4941 1827 5035; baseline -0.004 -14"><span class='ocrx_word' id='word_1_793' title='bbox 227 4969 331 5023; x_wconf 77' lang='grc' dir='ltr'><strong>ὑπὸ</strong></span> <span class='ocrx_word' id='word_1_794' title='bbox 363 4971 429 5024; x_wconf 88' lang='lat' dir='ltr'><strong>rb</strong></span> <span class='ocrx_word' id='word_1_795' title='bbox 463 4971 674 5034; x_wconf 91' lang='grc' dir='ltr'>ποιεῖν,</span> <span class='ocrx_word' id='word_1_796' title='bbox 710 4969 791 5022; x_wconf 81' lang='grc' dir='ltr'>ὅτι</span> <span class='ocrx_word' id='word_1_797' title='bbox 826 4967 931 5020; x_wconf 84' lang='grc' dir='ltr'><strong>ὑπὸ</strong></span> <span class='ocrx_word' id='word_1_798' title='bbox 980 4966 1042 5019; x_wconf 87' lang='lat' dir='ltr'><strong>rb</strong></span> <span class='ocrx_word' id='word_1_799' title='bbox 1092 4965 1329 5034; x_wconf 81' lang='grc' dir='ltr'>ποιῆσαν</span> <span class='ocrx_word' id='word_1_800' title='bbox 1360 4941 1827 5035; x_wconf 74' lang='grc' dir='ltr'>πρώτως⁶ἀνάγε-</span> 
     </span>
    </p>
   </div>
   <div class='ocr_carea' id='block_1_97' title="bbox 227 5054 1827 5128">
    <p class='ocr_par' dir='ltr' id='par_1_97' title="bbox 227 5054 1827 5128">
     <span class='ocr_line' id='line_1_97' title="bbox 227 5054 1827 5128; baseline -0.004 -14"><span class='ocrx_word' id='word_1_801' title='bbox 227 5077 339 5126; x_wconf 87' lang='grc' dir='ltr'>ται,</span> <span class='ocrx_word' id='word_1_802' title='bbox 376 5062 405 5116; x_wconf 82' lang='grc' dir='ltr'><strong>ὃ</strong></span> <span class='ocrx_word' id='word_1_803' title='bbox 439 5062 539 5115; x_wconf 85' lang='grc' dir='ltr'>καὶ</span> <span class='ocrx_word' id='word_1_804' title='bbox 571 5060 704 5115; x_wconf 80' lang='grc' dir='ltr'>αὐτὸ</span> <span class='ocrx_word' id='word_1_805' title='bbox 755 5058 1038 5128; x_wconf 81' lang='grc' dir='ltr'>σύστοιχόν</span> <span class='ocrx_word' id='word_1_806' title='bbox 1066 5058 1185 5109; x_wconf 82' lang='grc' dir='ltr'>ἐστι</span> <span class='ocrx_word' id='word_1_807' title='bbox 1220 5056 1315 5109; x_wconf 84' lang='grc' dir='ltr'><strong>τοῦ</strong></span> <span class='ocrx_word' id='word_1_808' title='bbox 1365 5056 1573 5108; x_wconf 89' lang='grc' dir='ltr'>ποιεῖν·</span> <span class='ocrx_word' id='word_1_809' title='bbox 1602 5055 1697 5108; x_wconf 76' lang='grc' dir='ltr'><strong>καὶ</strong></span> <span class='ocrx_word' id='word_1_810' title='bbox 1731 5054 1827 5107; x_wconf 79' lang='grc' dir='ltr'>ἐπὶ</span> 
     </span>
    </p>
   </div>
   <div class='ocr_carea' id='block_1_98' title="bbox 225 5145 1826 5219">
    <p class='ocr_par' dir='ltr' id='par_1_98' title="bbox 225 5145 1826 5219">
     <span class='ocr_line' id='line_1_98' title="bbox 225 5145 1826 5219; baseline -0.004 -15"><span class='ocrx_word' id='word_1_811' title='bbox 225 5153 330 5206; x_wconf 85' lang='grc' dir='ltr'><strong>τῶν</strong></span> <span class='ocrx_word' id='word_1_812' title='bbox 387 5154 572 5208; x_wconf 84' lang='grc' dir='ltr'>ἄλλων</span> <span class='ocrx_word' id='word_1_813' title='bbox 625 5152 923 5215; x_wconf 86' lang='grc' dir='ltr'>ὡσαύτως·</span> <span class='ocrx_word' id='word_1_814' title='bbox 966 5150 1060 5203; x_wconf 68' lang='grc' dir='ltr'><strong>καὶ</strong></span> <span class='ocrx_word' id='word_1_815' title='bbox 1106 5147 1252 5219; x_wconf 78' lang='grc' dir='ltr'>ἔχεις</span> <span class='ocrx_word' id='word_1_816' title='bbox 1283 5145 1534 5201; x_wconf 75' lang='grc' dir='ltr'>ἐντεῦθεν</span> <span class='ocrx_word' id='word_1_817' title='bbox 1575 5145 1634 5198; x_wconf 85' lang='grc' dir='ltr'>ἐν</span> <span class='ocrx_word' id='word_1_818' title='bbox 1664 5145 1826 5215; x_wconf 88' lang='grc' dir='ltr'>πορί-</span> 
     </span>
    </p>
   </div>
   <div class='ocr_carea' id='block_1_99' title="bbox 230 5238 1824 5317">
    <p class='ocr_par' dir='ltr' id='par_1_99' title="bbox 230 5238 1824 5317">
     <span class='ocr_line' id='line_1_99' title="bbox 230 5238 1824 5317; baseline -0.005 -19"><span class='ocrx_word' id='word_1_819' title='bbox 230 5261 445 5316; x_wconf 86' lang='grc' dir='ltr'>σματος</span> <span class='ocrx_word' id='word_1_820' title='bbox 510 5247 698 5317; x_wconf 75' lang='grc' dir='ltr'>μοίρᾳ,</span> <span class='ocrx_word' id='word_1_821' title='bbox 753 5246 836 5299; x_wconf 81' lang='grc' dir='ltr'>ὅτι</span> <span class='ocrx_word' id='word_1_822' title='bbox 896 5244 957 5297; x_wconf 75' lang='grc' dir='ltr'><strong>οὐ</strong></span> <span class='ocrx_word' id='word_1_823' title='bbox 1002 5240 1440 5312; x_wconf 77' lang='grc' dir='ltr'>κατηγοροῦνται</span> <span class='ocrx_word' id='word_1_824' title='bbox 1492 5238 1710 5300; x_wconf 86' lang='grc' dir='ltr'>πάντως</span> <span class='ocrx_word' id='word_1_825' title='bbox 1768 5238 1824 5291; x_wconf 80' lang='grc' dir='ltr'>αἱ</span> 
     </span>
    </p>
   </div>
   <div class='ocr_carea' id='block_1_100' title="bbox 231 5328 1825 5408">
    <p class='ocr_par' dir='ltr' id='par_1_100' title="bbox 231 5328 1825 5408">
     <span class='ocr_line' id='line_1_100' title="bbox 231 5328 1825 5408; baseline -0.002 -22"><span class='ocrx_word' id='word_1_826' title='bbox 231 5338 568 5408; x_wconf 79' lang='grc' dir='ltr'>κατηγορίαι</span> <span class='ocrx_word' id='word_1_827' title='bbox 617 5336 692 5400; x_wconf 88' lang='grc' dir='ltr'><strong>ὡς</strong></span> <span class='ocrx_word' id='word_1_828' title='bbox 738 5336 808 5389; x_wconf 81' lang='grc' dir='ltr'><strong>τά</strong></span> <span class='ocrx_word' id='word_1_829' title='bbox 843 5335 977 5405; x_wconf 60' lang='grc' dir='ltr'>’γένη</span> <span class='ocrx_word' id='word_1_830' title='bbox 1009 5334 1103 5386; x_wconf 67' lang='grc' dir='ltr'><strong>καὶ</strong></span> <span class='ocrx_word' id='word_1_831' title='bbox 1135 5332 1206 5385; x_wconf 82' lang='grc' dir='ltr'><strong>τά</strong></span> <span class='ocrx_word' id='word_1_832' title='bbox 1250 5332 1397 5401; x_wconf 76' lang='grc' dir='ltr'>εἴδη·</span> <span class='ocrx_word' id='word_1_833' title='bbox 1434 5328 1558 5382; x_wconf 70' lang='grc' dir='ltr'>ἐπεὶ</span> <span class='ocrx_word' id='word_1_834' title='bbox 1602 5328 1719 5391; x_wconf 85' lang='grc' dir='ltr'><strong>πῶς</strong></span> <span class='ocrx_word' id='word_1_835' title='bbox 1756 5328 1825 5383; x_wconf 85' lang='grc' dir='ltr'>ἂν</span> 
     </span>
    </p>
   </div>
   <div class='ocr_carea' id='block_1_101' title="bbox 230 5420 1822 5499">
    <p class='ocr_par' dir='ltr' id='par_1_101' title="bbox 230 5420 1822 5499">
     <span class='ocr_line' id='line_1_101' title="bbox 230 5420 1822 5499; baseline -0.003 -21"><span class='ocrx_word' id='word_1_836' title='bbox 230 5422 344 5479; x_wconf 81' lang='grc' dir='ltr'>οἷόν</span> <span class='ocrx_word' id='word_1_837' title='bbox 376 5444 441 5479; x_wconf 87' lang='grc' dir='ltr'><strong>τε</strong></span> <span class='ocrx_word' id='word_1_838' title='bbox 529 5430 710 5499; x_wconf 87' lang='grc' dir='ltr'>λέγειν</span> <span class='ocrx_word' id='word_1_839' title='bbox 739 5430 799 5482; x_wconf 86' lang='lat' dir='ltr'><strong>rb</strong></span> <span class='ocrx_word' id='word_1_840' title='bbox 850 5427 1143 5497; x_wconf 86' lang='grc' dir='ltr'>θερμαῖνον</span> <span class='ocrx_word' id='word_1_841' title='bbox 1175 5424 1272 5478; x_wconf 73' lang='grc' dir='ltr'><strong>καὶ</strong></span> <span class='ocrx_word' id='word_1_842' title='bbox 1299 5423 1359 5476; x_wconf 91' lang='lat' dir='ltr'><strong>rb</strong></span> <span class='ocrx_word' id='word_1_843' title='bbox 1404 5421 1689 5493; x_wconf 81' lang='grc' dir='ltr'>θερμῆναν</span> <span class='ocrx_word' id='word_1_844' title='bbox 1717 5420 1822 5473; x_wconf 76' lang='grc' dir='ltr'>ὑπὸ</span> 
     </span>
    </p>
   </div>
   <div class='ocr_carea' id='block_1_102' title="bbox 230 5512 1821 5586">
    <p class='ocr_par' dir='ltr' id='par_1_102' title="bbox 230 5512 1821 5586">
     <span class='ocr_line' id='line_1_102' title="bbox 230 5512 1821 5586; baseline -0.003 -17"><span class='ocrx_word' id='word_1_845' title='bbox 230 5516 291 5569; x_wconf 86' lang='lat' dir='ltr'><strong>rb</strong></span> <span class='ocrx_word' id='word_1_846' title='bbox 323 5519 507 5570; x_wconf 84' lang='grc' dir='ltr'>ποιεῖν</span> <span class='ocrx_word' id='word_1_847' title='bbox 538 5518 872 5586; x_wconf 88' lang='grc' dir='ltr'>ἀνάγεσθαι;</span> <span class='ocrx_word' id='word_1_848' title='bbox 918 5518 1001 5570; x_wconf 82' lang='grc' dir='ltr'>ὅτι</span> <span class='ocrx_word' id='word_1_849' title='bbox 1031 5516 1087 5570; x_wconf 84' lang='grc' dir='ltr'>δὲ</span> <span class='ocrx_word' id='word_1_850' title='bbox 1118 5515 1223 5568; x_wconf 81' lang='grc' dir='ltr'><strong>ὑπὸ</strong></span> <span class='ocrx_word' id='word_1_851' title='bbox 1266 5512 1475 5583; x_wconf 86' lang='grc' dir='ltr'>ταύτην</span> <span class='ocrx_word' id='word_1_852' title='bbox 1524 5512 1821 5581; x_wconf 87' lang='grc' dir='ltr'>ἀνάγονται</span> 
     </span>
    </p>
   </div>
   <div class='ocr_carea' id='block_1_103' title="bbox 227 5605 1824 5680">
    <p class='ocr_par' dir='ltr' id='par_1_103' title="bbox 227 5605 1824 5680">
     <span class='ocr_line' id='line_1_103' title="bbox 227 5605 1824 5680; baseline -0.003 -20"><span class='ocrx_word' id='word_1_853' title='bbox 227 5610 327 5680; x_wconf 71' lang='grc' dir='ltr'><strong>τὴν</strong></span> <span class='ocrx_word' id='word_1_854' title='bbox 378 5610 721 5679; x_wconf 82' lang='grc' dir='ltr'>κατηγορίαν</span> <span class='ocrx_word' id='word_1_855' title='bbox 786 5612 855 5664; x_wconf 81' lang='grc' dir='ltr'><strong>τά</strong></span> <span class='ocrx_word' id='word_1_856' title='bbox 906 5609 1217 5680; x_wconf 77' lang='grc' dir='ltr'>εἰρημένα,</span> <span class='ocrx_word' id='word_1_857' title='bbox 1266 5606 1425 5679; x_wconf 80' lang='grc' dir='ltr'>δῆλον</span> <span class='ocrx_word' id='word_1_858' title='bbox 1472 5605 1824 5676; x_wconf 85' lang='grc' dir='ltr'>προχειριζο-</span> 
     </span>
    </p>
   </div>
   <div class='ocr_carea' id='block_1_104' title="bbox 230 5696 1821 5773">
    <p class='ocr_par' dir='ltr' id='par_1_104' title="bbox 230 5696 1821 5773">
     <span class='ocr_line' id='line_1_104' title="bbox 230 5696 1821 5773; baseline -0.003 -18"><span class='ocrx_word' id='word_1_859' title='bbox 230 5707 383 5773; x_wconf 68' lang='grc' dir='ltr'>μένῳ</span> <span class='ocrx_word' id='word_1_860' title='bbox 419 5701 520 5764; x_wconf 78' lang='grc' dir='ltr'>τὰς</span> <span class='ocrx_word' id='word_1_861' title='bbox 551 5702 717 5765; x_wconf 79' lang='grc' dir='ltr'>ἄλλας</span> <span class='ocrx_word' id='word_1_862' title='bbox 744 5702 1077 5773; x_wconf 81' lang='grc' dir='ltr'>κατηγορίας</span> <span class='ocrx_word' id='word_1_863' title='bbox 1104 5717 1115 5730; x_wconf 82' lang='grc'><strong>·</strong></span> <span class='ocrx_word' id='word_1_864' title='bbox 1153 5702 1214 5754; x_wconf 88' lang='grc' dir='ltr'><strong>τὸ</strong></span> <span class='ocrx_word' id='word_1_865' title='bbox 1240 5699 1348 5773; x_wconf 78' lang='grc' dir='ltr'><strong>γὰρ</strong></span> <span class='ocrx_word' id='word_1_866' title='bbox 1380 5699 1672 5772; x_wconf 83' lang='grc' dir='ltr'>θερμαῖνον</span> <span class='ocrx_word' id='word_1_867' title='bbox 1695 5696 1821 5752; x_wconf 79' lang='grc' dir='ltr'>οὔτε</span> 
     </span>
    </p>
   </div>
   <div class='ocr_carea' id='block_1_105' title="bbox 304 5886 1395 5962">
    <p class='ocr_par' dir='ltr' id='par_1_105' title="bbox 304 5886 1395 5962">
     <span class='ocr_line' id='line_1_105' title="bbox 304 5886 1395 5962; baseline 0.001 -19"><span class='ocrx_word' id='word_1_868' title='bbox 304 5890 428 5962; x_wconf 65' lang='lat'><strong>(:2)</strong></span> <span class='ocrx_word' id='word_1_869' title='bbox 470 5886 589 5943; x_wconf 76' lang='lat' dir='ltr'><strong>Vat.</strong></span> <span class='ocrx_word' id='word_1_870' title='bbox 625 5888 923 5959; x_wconf 86' lang='grc' dir='ltr'>θερμᾶναν.</span> <span class='ocrx_word' id='word_1_871' title='bbox 973 5891 1069 5959; x_wconf 83' lang='lat' dir='ltr'><strong>Ap.</strong></span> <span class='ocrx_word' id='word_1_872' title='bbox 1098 5890 1395 5962; x_wconf 78' lang='grc' dir='ltr'>Οερμῆναν.</span> 
     </span>
    </p>
   </div>
   <div class='ocr_carea' id='block_1_106' title="bbox 587 5987 1163 6048">
    <p class='ocr_par' dir='ltr' id='par_1_106' title="bbox 587 5987 1163 6048">
     <span class='ocr_line' id='line_1_106' title="bbox 587 5987 1163 6048; baseline -0.002 0"><span class='ocrx_word' id='word_1_873' title='bbox 587 5987 857 6048; x_wconf 68' lang='lat' dir='ltr'><strong>Parum.</strong></span> <span class='ocrx_word' id='word_1_874' title='bbox 896 5987 1014 6047; x_wconf 84' lang='lat' dir='ltr'><strong>Gn.</strong></span> <span class='ocrx_word' id='word_1_875' title='bbox 1067 5988 1163 6047; x_wconf 80' lang='lat' dir='ltr'><strong>Cl.</strong></span> 
     </span>
    </p>
   </div>
   <div class='ocr_carea' id='block_1_107' title="bbox 1935 4875 3524 4948">
    <p class='ocr_par' dir='ltr' id='par_1_107' title="bbox 1935 4875 3524 4948">
     <span class='ocr_line' id='line_1_107' title="bbox 1935 4875 3524 4948; baseline 0.004 -20"><span class='ocrx_word' id='word_1_876' title='bbox 1935 4875 2066 4943; x_wconf 90' lang='lat' dir='ltr'><strong>quia</strong></span> <span class='ocrx_word' id='word_1_877' title='bbox 2116 4876 2302 4945; x_wconf 87' lang='lat' dir='ltr'><strong>primo</strong></span> <span class='ocrx_word' id='word_1_878' title='bbox 2353 4877 2421 4932; x_wconf 89' lang='lat' dir='ltr'><strong>ad</strong></span> <span class='ocrx_word' id='word_1_879' title='bbox 2452 4893 2622 4948; x_wconf 79' lang='lat' dir='ltr'><strong>agens</strong></span> <span class='ocrx_word' id='word_1_880' title='bbox 2658 4878 2914 4945; x_wconf 79' lang='lat' dir='ltr'><strong>refertur,</strong></span> <span class='ocrx_word' id='word_1_881' title='bbox 2977 4879 3125 4948; x_wconf 87' lang='lat' dir='ltr'><strong>quod</strong></span> <span class='ocrx_word' id='word_1_882' title='bbox 3178 4880 3383 4934; x_wconf 89' lang='lat' dir='ltr'><strong>actioni</strong></span> <span class='ocrx_word' id='word_1_883' title='bbox 3437 4890 3524 4934; x_wconf 88' lang='lat' dir='ltr'><strong>est</strong></span> 
     </span>
    </p>
   </div>
   <div class='ocr_carea' id='block_1_108' title="bbox 1930 4968 3521 5041">
    <p class='ocr_par' dir='ltr' id='par_1_108' title="bbox 1930 4968 3521 5041">
     <span class='ocr_line' id='line_1_108' title="bbox 1930 4968 3521 5041; baseline 0.005 -22"><span class='ocrx_word' id='word_1_884' title='bbox 1930 4968 2271 5037; x_wconf 84' lang='lat' dir='ltr'><strong>respondens</strong></span> <span class='ocrx_word' id='word_1_885' title='bbox 2329 4968 2499 5040; x_wconf 91' lang='lat' dir='ltr'><strong>(quod</strong></span> <span class='ocrx_word' id='word_1_886' title='bbox 2555 4972 2765 5040; x_wconf 89' lang='lat' dir='ltr'><strong>pariter</strong></span> <span class='ocrx_word' id='word_1_887' title='bbox 2833 4973 2887 5026; x_wconf 93' lang='lat' dir='ltr'><strong>iu</strong></span> <span class='ocrx_word' id='word_1_888' title='bbox 2938 4972 3130 5026; x_wconf 90' lang='lat' dir='ltr'><strong>eodem</strong></span> <span class='ocrx_word' id='word_1_889' title='bbox 3182 4980 3268 5027; x_wconf 91' lang='lat' dir='ltr'><strong>est</strong></span> <span class='ocrx_word' id='word_1_890' title='bbox 3318 4988 3521 5041; x_wconf 81' lang='lat' dir='ltr'><strong>genere</strong></span> 
     </span>
    </p>
   </div>
   <div class='ocr_carea' id='block_1_109' title="bbox 1932 5060 3517 5136">
    <p class='ocr_par' dir='ltr' id='par_1_109' title="bbox 1932 5060 3517 5136">
     <span class='ocr_line' id='line_1_109' title="bbox 1932 5060 3517 5136; baseline 0.004 -24"><span class='ocrx_word' id='word_1_891' title='bbox 1932 5068 2099 5129; x_wconf 89' lang='lat' dir='ltr'><strong>atque</strong></span> <span class='ocrx_word' id='word_1_892' title='bbox 2128 5060 2298 5131; x_wconf 90' lang='lat' dir='ltr'><strong>actio)</strong></span> <span class='ocrx_word' id='word_1_893' title='bbox 2332 5079 2347 5117; x_wconf 90' lang='lat'>:</span> <span class='ocrx_word' id='word_1_894' title='bbox 2377 5063 2458 5117; x_wconf 92' lang='lat' dir='ltr'><strong>sic</strong></span> <span class='ocrx_word' id='word_1_895' title='bbox 2497 5064 2704 5132; x_wconf 89' lang='lat' dir='ltr'><strong>pariter</strong></span> <span class='ocrx_word' id='word_1_896' title='bbox 2744 5064 2797 5120; x_wconf 90' lang='lat' dir='ltr'><strong>id</strong></span> <span class='ocrx_word' id='word_1_897' title='bbox 2835 5063 2983 5136; x_wconf 72' lang='lat' dir='ltr'><strong>quod</strong></span> <span class='ocrx_word' id='word_1_898' title='bbox 3029 5062 3278 5118; x_wconf 85' lang='lat' dir='ltr'><strong>calefecit</strong></span> <span class='ocrx_word' id='word_1_899' title='bbox 3322 5063 3517 5118; x_wconf 89' lang='lat' dir='ltr'><strong>referri</strong></span> 
     </span>
    </p>
   </div>
   <div class='ocr_carea' id='block_1_110' title="bbox 1930 5150 3524 5225">
    <p class='ocr_par' dir='ltr' id='par_1_110' title="bbox 1930 5150 3524 5225">
     <span class='ocr_line' id='line_1_110' title="bbox 1930 5150 3524 5225; baseline 0.004 -21"><span class='ocrx_word' id='word_1_900' title='bbox 1930 5150 2135 5204; x_wconf 90' lang='lat' dir='ltr'><strong>dicitur</strong></span> <span class='ocrx_word' id='word_1_901' title='bbox 2165 5152 2231 5206; x_wconf 91' lang='lat' dir='ltr'><strong>ad</strong></span> <span class='ocrx_word' id='word_1_902' title='bbox 2268 5167 2451 5223; x_wconf 73' lang='lat' dir='ltr'><strong>agere,</strong></span> <span class='ocrx_word' id='word_1_903' title='bbox 2485 5155 2618 5224; x_wconf 89' lang='lat' dir='ltr'><strong>quia</strong></span> <span class='ocrx_word' id='word_1_904' title='bbox 2653 5156 2926 5225; x_wconf 85' lang='lat' dir='ltr'><strong>primario</strong></span> <span class='ocrx_word' id='word_1_905' title='bbox 2957 5155 3024 5209; x_wconf 90' lang='lat' dir='ltr'><strong>ad</strong></span> <span class='ocrx_word' id='word_1_906' title='bbox 3057 5155 3111 5209; x_wconf 90' lang='lat' dir='ltr'><strong>id</strong></span> <span class='ocrx_word' id='word_1_907' title='bbox 3137 5154 3276 5225; x_wconf 86' lang='lat' dir='ltr'><strong>quod</strong></span> <span class='ocrx_word' id='word_1_908' title='bbox 3310 5156 3414 5225; x_wconf 82' lang='lat' dir='ltr'><strong>egit</strong></span> <span class='ocrx_word' id='word_1_909' title='bbox 3439 5172 3524 5210; x_wconf 82' lang='lat' dir='ltr'><strong>re-</strong></span> 
     </span>
    </p>
   </div>
   <div class='ocr_carea' id='block_1_111' title="bbox 1934 5240 3527 5317">
    <p class='ocr_par' dir='ltr' id='par_1_111' title="bbox 1934 5240 3527 5317">
     <span class='ocr_line' id='line_1_111' title="bbox 1934 5240 3527 5317; baseline 0.005 -23"><span class='ocrx_word' id='word_1_910' title='bbox 1934 5240 2123 5307; x_wconf 86' lang='lat' dir='ltr'><strong>fertur,</strong></span> <span class='ocrx_word' id='word_1_911' title='bbox 2166 5245 2313 5313; x_wconf 92' lang='lat' dir='ltr'><strong>quod</strong></span> <span class='ocrx_word' id='word_1_912' title='bbox 2345 5254 2401 5299; x_wconf 90' lang='lat' dir='ltr'><strong>et</strong></span> <span class='ocrx_word' id='word_1_913' title='bbox 2458 5245 2638 5315; x_wconf 90' lang='lat' dir='ltr'><strong>ipsum</strong></span> <span class='ocrx_word' id='word_1_914' title='bbox 2673 5247 3015 5316; x_wconf 89' lang='lat' dir='ltr'><strong>respondens</strong></span> <span class='ocrx_word' id='word_1_915' title='bbox 3044 5256 3129 5302; x_wconf 91' lang='lat' dir='ltr'><strong>est</strong></span> <span class='ocrx_word' id='word_1_916' title='bbox 3151 5246 3220 5301; x_wconf 82' lang='lat' dir='ltr'><strong>ad</strong></span> <span class='ocrx_word' id='word_1_917' title='bbox 3237 5263 3434 5317; x_wconf 82' lang='lat' dir='ltr'><strong>agere;</strong></span> <span class='ocrx_word' id='word_1_918' title='bbox 3470 5258 3527 5302; x_wconf 91' lang='lat' dir='ltr'><strong>et</strong></span> 
     </span>
    </p>
   </div>
   <div class='ocr_carea' id='block_1_112' title="bbox 1935 5332 3514 5403">
    <p class='ocr_par' dir='ltr' id='par_1_112' title="bbox 1935 5332 3514 5403">
     <span class='ocr_line' id='line_1_112' title="bbox 1935 5332 3514 5403; baseline 0.003 -15"><span class='ocrx_word' id='word_1_919' title='bbox 1935 5332 2017 5388; x_wconf 89' lang='lat' dir='ltr'><strong>sic</strong></span> <span class='ocrx_word' id='word_1_920' title='bbox 2040 5335 2247 5403; x_wconf 88' lang='lat' dir='ltr'><strong>pariter</strong></span> <span class='ocrx_word' id='word_1_921' title='bbox 2286 5336 2339 5390; x_wconf 93' lang='lat' dir='ltr'><strong>in</strong></span> <span class='ocrx_word' id='word_1_922' title='bbox 2364 5338 2604 5395; x_wconf 58' lang='lat' dir='ltr'><strong>caeteris.</strong></span> <span class='ocrx_word' id='word_1_923' title='bbox 2638 5338 2877 5396; x_wconf 70' lang='lat' dir='ltr'><strong>&#39;Exinde</strong></span> <span class='ocrx_word' id='word_1_924' title='bbox 2916 5341 3087 5394; x_wconf 79' lang='lat' dir='ltr'><strong>habes</strong></span> <span class='ocrx_word' id='word_1_925' title='bbox 3124 5342 3301 5395; x_wconf 86' lang='lat' dir='ltr'><strong>instar</strong></span> <span class='ocrx_word' id='word_1_926' title='bbox 3330 5338 3514 5394; x_wconf 89' lang='lat' dir='ltr'><strong>corol-</strong></span> 
     </span>
    </p>
   </div>
   <div class='ocr_carea' id='block_1_113' title="bbox 1934 5422 3525 5501">
    <p class='ocr_par' dir='ltr' id='par_1_113' title="bbox 1934 5422 3525 5501">
     <span class='ocr_line' id='line_1_113' title="bbox 1934 5422 3525 5501; baseline 0.004 -24"><span class='ocrx_word' id='word_1_927' title='bbox 1934 5422 2077 5490; x_wconf 87' lang='lat' dir='ltr'><strong>larii,</strong></span> <span class='ocrx_word' id='word_1_928' title='bbox 2113 5427 2259 5497; x_wconf 91' lang='lat' dir='ltr'><strong>quod</strong></span> <span class='ocrx_word' id='word_1_929' title='bbox 2289 5428 2435 5483; x_wconf 88' lang='lat' dir='ltr'><strong>haud</strong></span> <span class='ocrx_word' id='word_1_930' title='bbox 2468 5429 2841 5498; x_wconf 66' lang='lat' dir='ltr'><strong>praedicantur</strong></span> <span class='ocrx_word' id='word_1_931' title='bbox 2881 5432 3115 5485; x_wconf 91' lang='lat' dir='ltr'><strong>omnino</strong></span> <span class='ocrx_word' id='word_1_932' title='bbox 3141 5432 3435 5501; x_wconf 72' lang='lat' dir='ltr'><strong>categoriae</strong></span> <span class='ocrx_word' id='word_1_933' title='bbox 3465 5440 3525 5485; x_wconf 92' lang='lat' dir='ltr'><strong>ut</strong></span> 
     </span>
    </p>
   </div>
   <div class='ocr_carea' id='block_1_114' title="bbox 1933 5523 3526 5593">
    <p class='ocr_par' dir='ltr' id='par_1_114' title="bbox 1933 5523 3526 5593">
     <span class='ocr_line' id='line_1_114' title="bbox 1933 5523 3526 5593; baseline 0.003 -20"><span class='ocrx_word' id='word_1_934' title='bbox 1933 5531 2132 5588; x_wconf 80' lang='lat' dir='ltr'><strong>genera</strong></span> <span class='ocrx_word' id='word_1_935' title='bbox 2160 5530 2211 5575; x_wconf 88' lang='lat' dir='ltr'><strong>et</strong></span> <span class='ocrx_word' id='word_1_936' title='bbox 2240 5523 2475 5592; x_wconf 82' lang='lat' dir='ltr'><strong>species;</strong></span> <span class='ocrx_word' id='word_1_937' title='bbox 2495 5523 2939 5593; x_wconf 88' lang='lat' dir='ltr'><strong>quandoquidem</strong></span> <span class='ocrx_word' id='word_1_938' title='bbox 2970 5525 3250 5593; x_wconf 89' lang='lat' dir='ltr'><strong>quomodo</strong></span> <span class='ocrx_word' id='word_1_939' title='bbox 3270 5537 3400 5579; x_wconf 87' lang='lat' dir='ltr'><strong>tunc</strong></span> <span class='ocrx_word' id='word_1_940' title='bbox 3417 5524 3526 5579; x_wconf 86' lang='lat' dir='ltr'><strong>dici</strong></span> 
     </span>
    </p>
   </div>
   <div class='ocr_carea' id='block_1_115' title="bbox 1933 5614 3527 5688">
    <p class='ocr_par' dir='ltr' id='par_1_115' title="bbox 1933 5614 3527 5688">
     <span class='ocr_line' id='line_1_115' title="bbox 1933 5614 3527 5688; baseline 0.006 -25"><span class='ocrx_word' id='word_1_941' title='bbox 1933 5621 2137 5678; x_wconf 85' lang='lat' dir='ltr'><strong>posset,</strong></span> <span class='ocrx_word' id='word_1_942' title='bbox 2199 5614 2252 5667; x_wconf 92' lang='lat' dir='ltr'><strong>id</strong></span> <span class='ocrx_word' id='word_1_943' title='bbox 2286 5617 2431 5685; x_wconf 84' lang='lat' dir='ltr'><strong>quod</strong></span> <span class='ocrx_word' id='word_1_944' title='bbox 2473 5614 2722 5671; x_wconf 86' lang='lat' dir='ltr'><strong>calefacit</strong></span> <span class='ocrx_word' id='word_1_945' title='bbox 2746 5616 2829 5671; x_wconf 89' lang='lat' dir='ltr'><strong>vel</strong></span> <span class='ocrx_word' id='word_1_946' title='bbox 2848 5616 3097 5673; x_wconf 88' lang='lat' dir='ltr'><strong>calefecit</strong></span> <span class='ocrx_word' id='word_1_947' title='bbox 3131 5619 3197 5672; x_wconf 88' lang='lat' dir='ltr'><strong>ad</strong></span> <span class='ocrx_word' id='word_1_948' title='bbox 3246 5633 3407 5688; x_wconf 77' lang='lat' dir='ltr'><strong>agere</strong></span> <span class='ocrx_word' id='word_1_949' title='bbox 3440 5632 3527 5673; x_wconf 86' lang='lat' dir='ltr'><strong>re-</strong></span> 
     </span>
    </p>
   </div>
   <div class='ocr_carea' id='block_1_116' title="bbox 1932 5698 3524 5782">
    <p class='ocr_par' dir='ltr' id='par_1_116' title="bbox 1932 5698 3524 5782">
     <span class='ocr_line' id='line_1_116' title="bbox 1932 5698 3524 5782; baseline 0.007 -28"><span class='ocrx_word' id='word_1_950' title='bbox 1932 5698 2090 5758; x_wconf 85' lang='lat' dir='ltr'><strong>ferri?</strong></span> <span class='ocrx_word' id='word_1_951' title='bbox 2117 5708 2262 5775; x_wconf 87' lang='lat' dir='ltr'><strong>quod</strong></span> <span class='ocrx_word' id='word_1_952' title='bbox 2283 5723 2408 5763; x_wconf 90' lang='lat' dir='ltr'><strong>vero</strong></span> <span class='ocrx_word' id='word_1_953' title='bbox 2434 5708 2500 5764; x_wconf 87' lang='lat' dir='ltr'><strong>ad</strong></span> <span class='ocrx_word' id='word_1_954' title='bbox 2524 5708 2665 5765; x_wconf 86' lang='lat' dir='ltr'><strong>hanc</strong></span> <span class='ocrx_word' id='word_1_955' title='bbox 2680 5711 3013 5782; x_wconf 78' lang='lat' dir='ltr'><strong>categoriam</strong></span> <span class='ocrx_word' id='word_1_956' title='bbox 3045 5710 3360 5767; x_wconf 87' lang='lat' dir='ltr'><strong>referuntur</strong></span> <span class='ocrx_word' id='word_1_957' title='bbox 3389 5726 3524 5780; x_wconf 65' lang='lat' dir='ltr'><strong>prmo</strong></span> 
     </span>
    </p>
   </div>
   <div class='ocr_carea' id='block_1_117' title="bbox 1766 5813 2003 5874">
    <p class='ocr_par' dir='ltr' id='par_1_117' title="bbox 1766 5813 2003 5874">
     <span class='ocr_line' id='line_1_117' title="bbox 1766 5813 2003 5874; baseline 0.017 -4"><span class='ocrx_word' id='word_1_958' title='bbox 1766 5813 2003 5874; x_wconf 66' lang='lat' dir='ltr'><strong>NOTAE.</strong></span> 
     </span>
    </p>
   </div>
   <div class='ocr_carea' id='block_1_118' title="bbox 3098 5983 3174 6044">
    <p class='ocr_par' dir='ltr' id='par_1_118' title="bbox 3098 5983 3174 6044">
     <span class='ocr_line' id='line_1_118' title="bbox 3098 5983 3174 6044; baseline -0.039 0"><span class='ocrx_word' id='word_1_959' title='bbox 3098 5983 3174 6044; x_wconf 67' lang='lat'><strong>26</strong></span> 
     </span>
    </p>
   </div>
  </div>
