4110 6438
315 325 414 388 805

1201 316 1295 376 AD
1329 313 1924 375 All‘iPI-IILOCIIIUM
1962 311 2309 386 QUr'ESTIO
2343 283 2588 384 CXLIV,
2626 309 2844 370 CXLV.

3477 298 3582 367 806

317 437 368 486 δὲ
392 429 622 502 πρώτως
645 429 724 492 είς
750 427 868 498 είδη
902 426 985 494 ἒξ,
1004 426 1082 491 εἵς
1112 444 1171 479 τε
1205 427 1264 479 τὸ
1288 428 1400 480 ἄνω
1424 423 1564 478 εἶναι
1599 427 1692 479 καὶ
1717 427 1890 492 κάτω,
1925 463 1935 486 ι

2023 442 2053 480 n
2085 427 2298 495 Species
2329 440 2447 491 sex,
2468 423 2722 479 videlicet
2745 423 2798 474 in
2825 433 2989 490 supra
3031 434 3154 474 esse
3182 426 3238 474 et
3262 417 3406 473 inl‘ra
3438 431 3582 481 esse,

315 521 454 596 δεξιᾷ
499 538 558 574 τε
608 522 704 572 καὶ
757 519 1061 589 ἀριστερᾷ,
1119 517 1426 588 ἔμπροσθεν
1483 517 1574 570 καὶ
1620 517 1841 569 ὄπισθεν
1870 535 1882 546 ·

314 614 536 666 ’ἕκαστον
564 611 622 665 δὲ
656 605 925 680 τούτωνῆ
960 610 1148 681 πόρρω
1190 610 1337 662 ἐστὶν
1372 610 1403 682 ἢ
1437 608 1636 677 ἐγγύς·
1669 608 1749 660 ἔτι
1776 608 1888 676 δὲῆ

316 709 368 760 ἐν
395 705 592 775 πρώτῳ
627 703 660 773 ἢ
694 706 750 756 ὲν
783 702 1018 773 δευτέρῳ
1040 718 1053 731 ·
1089 701 1233 769 λέγω
1274 701 1330 753 δὲ
1355 702 1412 754 ἐν
1447 700 1648 772 πρώτῳ
1688 701 1786 769 μὲν
1815 696 1893 752 εἷ-

316 813 396 848 ναι
424 795 487 847 :0
522 793 706 862 σῶμα,
744 793 874 846 ὅταν
913 794 972 845 ἐν
1005 794 1104 863 ἴσῳ
1131 795 1282 864 τόπῳ
1318 791 1485 846 αὐτοῦ
1516 789 1573 864 ᾖ,
1609 793 1702 845 καὶ
1734 792 1809 863 μὴ
1835 794 1893 846 ὲν

319 886 518 959 μείζονι
553 885 981 956 περιεχόμενον·
1032 887 1092 938 ὲν
1126 885 1366 955 δευτέρῳ
1406 884 1483 951 δὲ,
1518 885 1649 938 ὅταν
1683 887 1738 939 ἐν
1772 884 1893 957 μεί-

317 980 455 1044 ζονι·
496 977 632 1030 καθό
678 994 860 1047 φαμεν
896 976 943 1030 εί
975 975 1128 1046 τύχοι
1157 976 1250 1029 τὸν
1284 974 1585 1047 Σωκράτην
1616 978 1675 1029 ἐν
1708 977 1772 1048 τῇ
1813 979 1895 1028 οἰ-

318 1070 407 1141 κίᾳ
436 1065 577 1122 εἶναι
607 1068 640 1140 ἢ
686 1071 745 1122 ἐν
785 1071 850 1139 τῇ
897 1068 1071 1122 πόλει.
1105 1069 1226 1120 Ἔτι
1261 1067 1355 1120 τοῦ
1389 1068 1493 1121 ποῦ
1541 1068 1726 1133 ίδικῶς
1753 1069 1896 1140 λαμ-

319 1161 618 1232 ϐανομένου
671 1161 733 1213 τὸ
786 1160 889 1231 μὲν
944 1160 1112 1214 αὑτοῦ
1165 1160 1326 1230 φύσει
1370 1160 1615 1230 λέγεται,
1658 1163 1794 1233 ὅπερ
1835 1162 1899 1215 τὸ

319 1255 445 1308 αύτδ
482 1254 570 1308 ἀεὶ
603 1255 827 1318 νοεῖται,
873 1247 985 1307 οἷον
1028 1252 1090 1306 :0
1122 1253 1213 1305 τὸν
1254 1252 1482 1324 οὐρανὸν
1517 1254 1630 1309 ἄνω
1671 1252 1811 1308 εἶναι
1851 1254 1900 1326 (ό

318 1348 422 1420 γὰρ
448 1353 613 1412 τόπος
640 1347 808 1401 αὐτοῦ
828 1348 962 1418 πρὸς
989 1347 1048 1400 ἓν
1079 1347 1146 1417 γέ
1171 1365 1224 1401 τι
1254 1348 1590 1419 τεταγμένος
1619 1349 1732 1420 (26)
1750 1349 1902 1403 κάτω

316 1441 534 1510 λέγεται
574 1441 755 1512 μόνον,
791 1441 937 1509 λέγω
965 1439 1031 1510 δὴ
1062 1440 1197 1510 πρὸς
1222 1439 1316 1492 τὸν
1349 1439 1450 1508 τῆς
1484 1441 1588 1511 γῆς
1622 1439 1782 1512 μόνον
1807 1441 1900 1494 τό-

319 1533 472 1603 πον)·
509 1533 542 1604 ἢ
587 1533 648 1586 ού
698 1532 903 1602 φύσει,
935 1531 1074 1586 ἀλλὰ
1104 1531 1250 1585 κατὰ
1296 1527 1669 1602 συμϐεϐηκὸς,
1719 1531 1796 1595 ὡς
1842 1531 1904 1585 :0

317 1626 453 1688 ζῶον
503 1626 617 1680 ἄνω
646 1625 902 1694 λέγεσθαι
933 1624 1074 1680 κατὰ
1109 1625 1211 1696 τὴν
1243 1623 1336 1677 τοῦ
1365 1624 1516 1677 οἴκου
1545 1624 1780 1695 ὀροφήν·
1812 1623 1904 1676 δύ-

315 1731 474 1766 ναται
512 1713 623 1786 γὰρ
654 1713 832 1766 ταῦτα
862 1714 975 1784 (27)
1008 1715 1102 1768 καὶ
1127 1715 1240 1769 ἂνω
1267 1712 1528 1783 λέγεσθαι
1579 1716 1677 1767 καὶ
1730 1715 1900 1779 κάτω,

312 1805 446 1877 πρὸς
477 1806 605 1860 ἄλλο
633 1806 824 1877 μέντοι
855 1807 954 1860 καὶ
990 1805 1118 1861 ἄλλο
1148 1806 1561 1877 λαμϐανόμενα.

1998 515 2065 570 ad
2089 515 2368 571 dexteram
2397 524 2450 568 et
2471 513 2538 568 ad
2564 512 2778 577 laevam,
2815 519 2940 566 ante
2956 519 3010 564 et
3034 519 3182 562 retro
3209 507 3356 580 (ante
3380 501 3586 576 aliquid

1999 620 2053 668 et
2083 626 2112 664 a
2145 619 2296 679 tergo
2344 606 2645 678 alicujus);
2705 602 3138 674 unumquodque
3207 616 3339 656 vero
3398 612 3592 655 eorum

2001 710 2098 756 aut
2120 700 2312 772 procul
2343 699 2604 770 (eminus)
2633 705 2731 751 aut
2764 711 2933 765 prope
2961 691 3259 764 (cominus)
3291 702 3398 747 est.
3445 681 3592 746 Prae-

2003 803 2152 850 terea
2181 804 2266 848 εει
2295 791 2382 848 vel
2420 792 2474 846 in
2506 792 2686 862 primo
2711 789 2797 844 vel
2843 789 2894 842 in
2928 787 3171 843 secundo
3206 803 3221 851 ;
3259 785 3383 840 dico
3405 793 3590 838 autem

2002 887 2059 940 in
2094 888 2274 956 primo
2325 901 2450 940 esse
2500 899 2723 952 corpus,
2784 881 3008 951 quando
3065 881 3120 933 in
3171 880 3294 933 loco
3343 886 3428 932 est
3487 875 3591 946 ipsi

2005 978 2225 1049 aequali,
2253 994 2354 1032 nec
2387 980 2440 1031 in
2495 974 2691 1044 majori
2745 987 2800 1028 et
2846 970 3100 1040 ampliori
3144 979 3507 1035 contentum;
3536 970 3592 1023 iu

2006 1071 2248 1125 secundo
2287 1084 2438 1134 vero,
2467 1067 2690 1137 quando
2731 1066 2783 1120 in
2803 1064 3076 1134 ampliori,
3108 1064 3411 1118 secundum
3447 1056 3596 1132 quod

2008 1163 2268 1226 dicimus,
2292 1160 2527 1230 exempli
2549 1161 2747 1230 gratia,
2779 1159 3063 1213 Socratem
3090 1155 3144 1211 in
3179 1157 3345 1210 domo
3365 1169 3487 1210 esse
3510 1153 3596 1208 vel

2011 1254 2065 1308 in
2123 1255 2278 1309 urbe.
2325 1253 2521 1308 Adhuc
2569 1252 2660 1306 ubi
2711 1251 2935 1322 proprie
2991 1259 3046 1305 et
3094 1249 3325 1304 scorsim
3384 1262 3481 1317 per
3538 1261 3598 1300 se

2009 1355 2286 1416 sumptum
2306 1346 2390 1400 vel
2413 1344 2714 1401 secundum
2734 1353 2986 1398 naturam
3001 1342 3222 1408 dicitur,
3244 1340 3390 1410 quod
3405 1340 3600 1394 eodem

2010 1451 2229 1506 semper
2266 1435 2429 1490 modo
2502 1434 2846 1501 intelligitur,
2896 1434 3047 1487 velut
3090 1432 3135 1487 si
3167 1432 3342 1494 dicas,
3398 1431 3600 1485 coelum

2011 1543 2134 1584 esse
2175 1543 2376 1597 supra;
2423 1526 2578 1580 locus
2622 1526 2769 1580 enim
2794 1524 2914 1592 ejus
2940 1523 3008 1578 ad
3052 1537 3223 1576 unum
3257 1521 3480 1590 quidem
3511 1519 3605 1573 ali-

2015 1621 2145 1691 quid
2190 1620 2494 1676 ordinatus
2552 1617 2701 1673 infra
2732 1618 2998 1673 duntaxat
3039 1616 3244 1670 dicitur
3275 1630 3441 1680 esse;
3478 1613 3605 1668 dico

2018 1724 2201 1769 autem
2246 1711 2314 1768 ad
2352 1722 2510 1766 terra:
2535 1710 2712 1766 solum
2762 1708 2983 1775 locum;
3015 1707 3097 1762 vel
3135 1722 3244 1762 non
3295 1703 3607 1760 secundum

1935 1802 1978 1857 Β
2008 1817 2290 1874 naturam,
2327 1813 2516 1862 verum
2547 1803 2852 1861 secundum
2893 1802 3191 1868 accidens;
3225 1817 3280 1853 v.
3318 1815 3372 1869 ς.
3399 1794 3609 1852 animal

313 1909 477 1971 Supra
511 1916 637 1956 esse
669 1902 1018 1971 dieiturquia
1037 1909 1120 1957 est
1153 1902 1205 1955 in
1249 1911 1394 1957 tecto
1427 1902 1901 1957 domus.Possunt
1937 1903 2084 1958 enim
2122 1904 2238 1958 haec
2270 1911 2327 1958 et
2353 1915 2521 1971 supra
2566 1907 2620 1954 et
2660 1897 2802 1951 infra
2848 1912 2972 1951 esse
3010 1893 3142 1960 dici,
3208 1895 3274 1948 ad
3309 1886 3456 1947 aliud
3525 1902 3609 1947 ta-

312 2009 434 2049 men
451 2003 507 2049 et
537 1994 683 2049 aliud
713 2005 952 2065 sumpta.

383 2091 450 2163 β’.
493 2092 654 2145 Ἔστι
708 2091 766 2144 δὲ
817 2093 926 2145 ἴδια
959 2091 1056 2145 :06
1091 2090 1197 2144 1:06
1246 2089 1338 2144 τὸν
1383 2091 1618 2163 ἀριθμὸν
1657 2093 1817 2164 τρία·
1853 2093 1914 2147 ἓν

324 2183 422 2255 μὲν
460 2183 524 2236 :0
555 2181 995 2254 προσσημαίνειν
1028 2183 1142 2253 (28)
1169 2182 1364 2237 τόπον·
1394 2184 1454 2236 :0
1483 2183 1590 2254 γὰρ
1624 2184 1736 2239 ἄνω
1767 2179 1912 2238 εἶναι

318 2275 436 2328 ἐστὶ
469 2275 569 2345 μὲν
598 2274 806 2347 κυρίως
851 2273 944 2328 τοῦ
983 2274 1096 2346 (29)
1146 2273 1251 2328 ποῦ
1288 2269 1454 2341 εἶναι,
1507 2276 1913 2346 προσσημαίνει

319 2369 375 2424 δὲ
399 2371 567 2424 τόπον
590 2369 734 2435 τινὰ,
760 2369 906 2438 λέγω
941 2369 1006 2438 δὴ
1033 2369 1128 2422 τὸν
1164 2369 1278 2422 ἄνω
1309 2367 1476 2421 τόπον
1498 2383 1512 2397 ·
1556 2368 1719 2420 παντὶ
1744 2365 1801 2420 δὲ
1834 2366 1916 2436 τῷ

319 2462 452 2517 εῖδει
505 2464 743 2534 ὑπάρχει
779 2462 938 2516 τοῦτο
987 2463 1049 2515 τὸ
1085 2462 1216 2515 ἴδιον
1237 2478 1250 2493 ·
1281 2459 1538 2532 δεύτερον
1565 2460 1622 2513 δὲ
1650 2459 1712 2512 :0
1742 2475 1916 2529 προσ-

325 2557 619 2627 σημαίνειν
651 2556 842 2627 σχέσιν
873 2556 1110 2626 τοπικήν
1131 2571 1144 2584 ·
1198 2553 1353 2624 διττὴ
1385 2553 1442 2606 δὲ
1469 2557 1502 2625 ἡ
1535 2553 1736 2624 τοπικὴ
1787 2552 1914 2622 σχέ-

322 2664 441 2712 σις·
469 2650 505 2720 ἦ
540 2667 600 2702 τε
632 2648 742 2719 γὰρ
769 2649 1076 2720 ὲμπεριοχὴ
1106 2647 1221 2717 (50)
1254 2645 1349 2699 τοῦ
1379 2644 1654 2715 σώματος,
1691 2644 1816 2698 καθ’
1849 2645 1915 2716 ἢν

321 2741 758 2813 ὲμπεριέχεσθαι
782 2742 1024 2811 λέγεται,
1054 2741 1241 2812 σχέσις
1270 2739 1337 2794 ἂν
1363 2739 1450 2809 εἴη
1485 2739 1720 2811 τοπικὴ,
1755 2738 1851 2792 καὶ
1882 2739 1914 2808 ἡ

321 2836 557 2906 περιοχὴ
594 2834 689 2888 τοῦ
739 2835 929 2900 τόπου,
981 2834 1104 2889 καθ’
1152 2835 1220 2906 ἣν
1271 2833 1552 2904 περιέχειν
1593 2831 1813 2898 λέγεται
1855 2829 1918 2884 :0

322 2925 506 2995 σῶμα,
533 2926 770 2997 ὁμοίως·
801 2926 985 2996 διττῆς
1011 2921 1125 2989 οὖν,
1157 2924 1234 2987 ὡς
1269 2924 1511 2994 εἴρηται,
1559 2921 1663 2990 τῆς
1684 2919 1917 2990 τοπικῆς

319 3018 751 3088 λαμϐανομένης
797 3018 1037 3086 σχέσεως
1082 3014 1376 3086 ἀμφότερα
1409 3014 1509 3082 μὲν
1536 3011 1712 3065 ταῦτα
1741 3027 1917 3081 προσ-

322 3109 696 3178 σημαίνονται
727 3107 832 3160 ὑπὸ
856 3108 954 3176 τῆς
987 3104 1132 3178 [τοῦ]
1164 3104 1267 3158 ποῦ
1305 3103 1676 3174 κατηγορίας·
1717 3100 1918 3171 μᾶλλον

319 3202 381 3254 δὲ
431 3200 530 3271 τὴν
586 3199 926 3271 ἐμπεριοχὴν
988 3196 1430 3268 προσσημαίνειν
1496 3196 1674 3248 ἔοικεν
1730 3195 1764 3265 ἢ
1819 3192 1920 3263 τὴν

321 3294 628 3365 περιοχὴν·
664 3290 900 3364 πρώτως
930 3292 1041 3362 γὰρ
1070 3290 1170 3359 τὴν
1195 3286 1536 3360 ὲμπεριοχὴν
1564 3283 1920 3355 προσσημαί-

2086 2091 2143 2146 9..
2176 2087 2352 2143 Habet
2396 2094 2579 2140 autem
2625 2081 2718 2136 ubi
2768 2077 3132 2150 proprietates
3187 2089 3422 2130 numero
3471 2085 3607 2130 tres.

2017 2183 2263 2252 Quarum
2295 2179 2468 2250 prima
2514 2183 2620 2240 est,
2653 2173 2797 2243 quod
2819 2172 2998 2226 locum
3031 2166 3378 2239 adsigniﬁcat
3410 2184 3424 2233 ;
3479 2181 3608 2222 nam

2016 2290 2183 2346 supra
2215 2287 2339 2327 esse
2361 2268 2584 2341 proprie
2618 2275 2703 2322 est
2725 2261 2928 2320 alicubi
2956 2276 3099 2328 esse,
3136 2261 3204 2315 ad
3235 2260 3334 2316 Ubi
3357 2270 3608 2330 Spectat;

2018 2367 2363 2439 adsigniﬁcat
2387 2377 2576 2418 verum
2617 2359 2796 2414 locum
2859 2353 3183 2427 quemdam,
3236 2349 3493 2406 videlicet
3531 2351 3611 2404 lo-

2018 2477 2143 2516 cum
2183 2471 2506 2528 supernum.
2543 2451 2702 2506 Omni
2735 2464 2864 2504 vero
2915 2448 3036 2517 ejus
3079 2444 3279 2514 speciei
3313 2445 3428 2498 huic
3481 2457 3611 2513 proa

2017 2551 2226 2623 prietas
2267 2546 2548 2604 convenit.
2589 2545 2776 2598 Altera
2811 2541 3117 2612 proprietas
3154 2529 3260 2601 est,
3292 2535 3442 2607 quod
3474 2551 3612 2591 con-

2019 2617 2295 2714 signiﬁcat
2353 2635 2731 2693 habitudinem
2773 2630 3028 2686 lucalem.
3089 2627 3301 2697 Duplex
3346 2640 3476 2680 vero
3528 2617 3614 2678 est

2021 2733 2287 2791 habitudo
2326 2729 2564 2786 localis:
2603 2741 2728 2782 nam
2782 2734 2836 2780 et
2889 2721 3171 2779 exstensio
3227 2719 3481 2789 corporis
3527 2732 3614 2771 se-

2020 2827 2263 2882 cundum
2296 2837 2463 2893 quam
2497 2835 2700 2889 corpus
2738 2814 3012 2871 contineri
3043 2821 3098 2868 et
3147 2811 3355 2866 includi
3411 2827 3440 2863 a
3487 2810 3612 2864 loco

2018 2919 2244 2984 dicitur,
2302 2914 2569 2971 habitudo
2605 2910 2798 2967 localis
2855 2906 3039 2972 fuerit,
3088 2914 3143 2960 et
3197 2903 3456 2959 similiter
3506 2902 3615 2956 luci

2020 3002 2260 3066 ambitus
2298 3007 2604 3064 secundum
2635 3018 2800 3074 quem
2837 2999 3038 3056 dicitur
3067 3011 3269 3066 corpus
3305 2994 3612 3051 continere.

2020 3103 2161 3158 Cum
2218 3101 2410 3172 igitur,
2474 3107 2535 3152 ut
2593 3097 2800 3150 dictum
2849 3102 2953 3158 cst,
3007 3088 3300 3159 dupliciter
3350 3083 3615 3140 habitudo

2023 3193 2213 3248 localis
2240 3197 2514 3254 sumatur,
2555 3197 2854 3255 utrumque
2893 3183 2997 3236 hoc
3028 3197 3127 3251 per
3155 3178 3493 3248 categoriam
3516 3177 3614 3229 :06

2022 3285 2113 3339 ubi
2149 3282 2522 3352 signiﬁcatur;
2560 3276 2733 3346 magis
2765 3288 2896 3328 vero
2918 3270 3229 3342 signiﬁcare
3279 3269 3494 3323 videtur
3519 3283 3618 3321 ex-

323 3404 438 3441 νει·
488 3384 920 3456 συσσημαίνεται
971 3384 1028 3436 δὲ
1074 3381 1250 3456 ταύτῃ
1297 3379 1392 3434 καὶ
1442 3382 1474 3450 ἡ
1513 3378 1778 3450 περιοχή·
1825 3375 1920 3429 καὶ

2031 3373 2338 3428 lensionem
2383 3374 2703 3422 contentam
2744 3379 2907 3435 quam
2933 3362 3197 3416 ambitum
3217 3360 3614 3414 cuntincnterm

322 3478 493 3534 :06:0
517 3478 574 3531 δὲ
607 3478 669 3530 τὸ
701 3477 834 3531 ἴδιον
864 3477 1028 3530 παντὶ
1054 3473 1292 3545 ὑπάρχει
1327 3474 1404 3544 τῷ
1432 3471 1536 3524 1:06
1567 3472 1662 3524 καὶ
1691 3469 1922 3540 οὐδεμιᾷ

326 3579 466 3650 ἄλλῃ
500 3576 608 3630 τῶν
651 3573 858 3628 λοιπῶν
907 3572 1067 3626 ἐννέα
1101 3568 1452 3641 κατηγοριῶν
1502 3565 1655 3636 παρὰ
1692 3563 1920 3630 ταύτην.

329 3673 528 3744 Τρίτον
564 3669 694 3724 ἴδιον
714 3668 776 3720 :0
806 3667 956 3721 θέσιν
984 3663 1106 3718 τινὰ
1134 3661 1463 3734 ἀχωρίστως
1493 3655 1924 3729 παρακολουθεῖν

330 3763 518 3835 αὐτῷ·
550 3762 627 3833 τῷ
662 3761 771 3830 γὰρ
815 3759 929 3812 ὅντι
979 3756 1084 3810 1:06
1116 3757 1336 3817 παντως
1376 3753 1572 3806 ἕπεται
1613 3749 1762 3812 θέσις
1804 3759 1919 3810 τις;

330 3855 444 3912 οἷον
472 3857 548 3928 τῷ
577 3856 690 3908 ὄντι
723 3854 837 3909 ἄνω
863 3853 895 3923 ἢ
928 3849 1042 3923 (51)
1072 3849 1171 3902 ὡδὶ
1207 3848 1354 3918 ἔχειν
1379 3844 1480 3916 τὴν
1509 3843 1656 3897 θέσιν
1683 3841 1792 3894 τῶν
1827 3855 1926 3910 μο-

336 3952 470 4024 ρίων
518 3951 552 4019 ἢ
601 3949 699 4003 καὶ
749 3946 844 4000 :06
895 3947 1018 3999 ὅλου
1075 3941 1108 4013 ἢ
1159 3938 1290 3993 ὡδί·
1344 3937 1442 3990 καὶ
1491 3935 1569 4004 τῷ
1613 3934 1727 3986 ὄντι
1776 3930 1928 3985 κάτω

332 4023 541 4114 ὁμοίως
560 4059 576 4073 ·
644 4038 1044 4111 παραπλησίως
1069 4036 1127 4088 δὲ
1153 4034 1248 4087 καὶ
1277 4030 1372 4083 ἐπὶ
1400 4030 1506 4082 τῶν
1535 4027 1709 4080 ἄλλων
1729 4039 1741 4053 ·
1785 4023 1927 4076 ὥστε

336 4139 420 4209 εἴη
450 4136 516 4190 ἂν
547 4131 1000 4206 παρακολουθοῦν
1038 4127 1203 4182 παντὶ
1241 4123 1320 4195 τῷ
1356 4121 1459 4175 ποῦ
1499 4119 1659 4174 τοῦτο
1685 4117 1746 4171 :0
1771 4117 1924 4170 ἴδιον.

337 4229 610 4298 Τέταρτον
659 4225 792 4278 ἴδιον
835 4221 898 4274 :0
943 4215 1082 4272 εἶναι
1130 4215 1263 4270 αὐτὸ
1297 4209 1648 4278 ἀποτέλεσμα
1678 4208 1931 4277 σώματος

339 4318 434 4372 καὶ
462 4316 634 4369 τόπου
668 4313 764 4367 τοῦ
800 4311 1146 4382 περιέχοντος
1174 4303 1306 4359 αὑτό
1327 4319 1340 4334 ·
1360 4301 1484 4354 τότε
1511 4299 1622 4370 γὰρ
1651 4299 1763 4352 ἄνω
1789 4291 1931 4348 εἶναι

339 4406 682 4477 ἀπετελέσθη
715 4405 824 4460 ἀπό
849 4421 908 4456 τε
944 4400 1039 4454 τοῦ
1085 4399 1198 4453 ἀνω
1225 4395 1393 4448 τόπου
1430 4392 1525 4446 καὶ
1557 4389 1652 4444 :06
1688 4391 1745 4442 ὲν
1780 4383 1932 4456 αὐτῷ

343 4499 630 4570 σώματος·
667 4497 761 4552 καὶ
795 4496 855 4550 :0
903 4492 1057 4548 κάτω
1097 4488 1393 4551 ὡσαύτως·
1430 4480 1835 4554 παραπλησίως
1873 4476 1933 4530 δὲ

341 4595 435 4646 κα)¹
467 4593 564 4646 ἐπὶ
589 4590 698 4645 τῶν
730 4589 928 4645 ἄλλων.
957 4585 1050 4658 Μὴ
1078 4581 1390 4638 λανθανέτω
1419 4579 1476 4632 δὲ
1506 4578 1656 4650 ἡμᾶς
1685 4573 1821 4645 (52),
1849 4572 1932 4625 ὅτι

342 4685 439 4739 τοῦ
475 4686 590 4740 ἄνω
618 4683 680 4738 :0
716 4683 812 4754 μὲν
838 4681 931 4734 ἐπὶ
956 4679 1050 4732 τοῦ
1082 4677 1249 4730 τόπου
1280 4675 1443 4746 μόνου
1472 4669 1813 4742 λαμϐάνεται
1839 4669 1934 4720 καὶ

345 4782 460 4833 ἔστι
491 4778 601 4832 τῶν
638 4777 775 4847 πρός
807 4791 891 4828 τι·
925 4773 986 4827 :0
1034 4771 1090 4824 δὲ
1123 4772 1181 4823 :0
1212 4771 1270 4822 ὲν
1303 4768 1478 4837 τόπῳ,
1512 4764 1609 4818 καὶ
1644 4763 1791 4816 ἔστιν
1833 4758 1939 4814 ὑπὸ

344 4872 442 4944 τὴν
473 4869 620 4943 [τοῦ]
651 4868 755 4923 1:06
791 4864 1128 4938 κατηγορίαν
1148 4879 1162 4893 ·
1192 4861 1353 4914 τοῦτο
1385 4859 1442 4912 δὲ
1466 4858 1560 4911 καὶ
1590 4854 1933 4924 πλατύτερον

346 4963 709 5035 διηκούσατε·
748 4961 844 5014 καὶ
877 4959 937 5013 :0
972 4957 1063 5011 νῦν
1090 4955 1147 5009 δὲ
1177 4951 1308 5008 ἴδιον
1335 4951 1502 5006 παντὶ
1534 4949 1614 5020 τῷ
1658 4947 1793 5001 εῖδει
1830 4946 1937 5000 ὑπ-

350 5057 509 5128 άρχει
540 5057 633 5108 καὶ
671 5054 819 5123 μόνῳ
853 5052 948 5106 καὶ
977 5049 1086 5112 ἀεὶ,
1120 5043 1200 5100 διὸ
1227 5045 1323 5099 καὶ
1347 5041 1723 5113 ἀντιστρέφει·
1754 5037 1939 5092 πλειό-

351 5126 458 5202 νων
486 5148 543 5200 δὲ
576 5147 748 5199 ὄντων
772 5143 882 5197 τῶν
914 5140 1054 5196 κατὰ
1077 5137 1355 5208 ἀπόφασιν
1382 5133 1553 5198 ἰδίων,
1577 5131 1722 5200 λέγω
1751 5130 1816 5200 δὴ
1840 5126 1936 5182 :06

355 5239 432 5311 μὴ
465 5237 819 5308 ἐπιδέχεσθαι
851 5228 1204 5303 ἐναντιότητα
1236 5230 1330 5284 καὶ
1365 5227 1460 5282 :06
1493 5228 1569 5299 μὴ
1602 5227 1748 5297 ἔχειν
1780 5226 1938 5278 ἐναν-

353 5333 490 5396 τίον,
529 5333 625 5385 κα)⁸
658 5329 753 5383 τοῦ
787 5327 863 5400 μὴ
906 5323 1255 5395 ἐπιδέχεσθαι
1284 5317 1345 5375 :0
1392 5312 1593 5391 μᾶλλον
1625 5319 1717 5372 καὶ
1749 5317 1810 5370 :0
1838 5311 1938 5388 ἦτα

2029 3463 2304 3518 Primario
2335 3461 2480 3515 enim
2528 3456 2910 3513 extensionem
2936 3461 3246 3510 eontentam
3302 3448 3616 3523 signiﬁcat;

2026 3552 2480 3624 consigniﬁcatur
2510 3560 2693 3604 autem
2729 3561 2840 3602 una
2864 3561 2991 3602 cum
3031 3546 3124 3600 illa
3174 3544 3340 3599 etiam
3372 3542 3617 3596 ambitus

2028 3647 2364 3718 continens.‘
2407 3641 2534 3698 llaec
2554 3656 2686 3696 vero
2717 3639 3028 3711 proprietas
3060 3638 3210 3693 omni
3248 3637 3507 3692 convenit
3538 3635 3619 3705 τῷ

2031 3740 2122 3796 ubi
2163 3749 2216 3793 et
2253 3744 2452 3808 prater
2503 3735 2648 3789 hanc
2677 3733 2811 3788 nulli
2870 3731 3028 3786 alteri
3059 3747 3125 3787 ex
3157 3731 3386 3801 reliquis
3422 3744 3620 3785 novem

2030 3832 2343 3904 categoriis.
2387 3828 2570 3883 Tertia
2602 3826 2909 3898 proprietas
2939 3835 3045 3892 est,
3113 3825 3260 3893 quod
3313 3824 3490 3893 ipsum
3523 3838 3623 3892 po-

2032 3927 2160 3982 sitio
2212 3925 2463 3995 quadam
2497 3937 2592 3976 seu
2628 3921 2769 3976 situs
2817 3905 3262 3988 inseparabiliter
3319 3917 3620 3987 sequitur;

2032 4021 2261 4076 omnino
2289 4019 2435 4072 enim
2472 4015 2523 4070 id
2575 4013 2722 4083 quod
2754 4027 2881 4066 vere
2914 4020 2999 4065 est
3038 4009 3239 4064 alicubi
3294 4007 3407 4073 ubi,
3440 4007 3626 4077 sequi-

2033 4121 2121 4168 tur
2150 4111 2398 4182 quaedam
2443 4107 2686 4178 positio;
2718 4102 2884 4158 veluti
2941 4101 2994 4157 id
3058 4097 3202 4170 quod
3253 4101 3508 4170 superius
3541 4110 3626 4155 est

2033 4206 2117 4262 vel
2151 4207 2257 4261 hoc
2287 4204 2370 4258 vel
2400 4202 2508 4257 alio
2545 4185 2708 4255 πιοόό
2739 4198 2946 4252 habere
2993 4195 3326 4266 positionem
3379 4192 3621 4264 partium

2038 4299 2124 4352 vel
2187 4297 2354 4351 etiam
2422 4294 2638 4359 totius;
2672 4291 2862 4360 sicque
2922 4287 3127 4359 pariter
3155 4297 3209 4342 et
3246 4286 3298 4341 id
3342 4286 3490 4357 quod
3541 4297 3626 4341 est

2036 4390 2268 4446 inferius
2302 4407 2316 4457 ;
2356 4386 2609 4444 similiter
2662 4394 2845 4439 autem
2886 4382 2941 4437 in
2995 4380 3232 4437 caeteris.
3262 4378 3419 4436 Unde
3464 4396 3628 4435 omne

2039 4486 2129 4541 ubi
2165 4482 2440 4553 ejusmodi
2475 4466 2788 4551 proprietas
2833 4476 3217 4547 consequitur.-
3255 4473 3461 4542 Quarla
3495 4487 3627 4542 pro—

2040 4576 2245 4646 prietas
2307 4582 2410 4639 est,
2469 4570 2616 4642 quod
2658 4578 2737 4625 est
2784 4568 2965 4638 ipsum
3001 4565 3230 4620 effectus
3268 4562 3519 4634 carperis
3572 4570 3629 4616 et

2044 4668 2151 4723 loci
2179 4681 2380 4736 corpus
2415 4661 2790 4728 continentis;
2816 4674 2942 4715 nam
2970 4658 3226 4729 superius
3246 4669 3367 4712 esse
3397 4653 3629 4710 efﬁcitur

2045 4776 2110 4817 ac
2133 4760 2361 4816 resultat
2390 4773 2454 4814 ex
2501 4757 2622 4811 loco
2650 4754 2923 4824 superiori
2975 4761 3030 4808 et
3081 4768 3146 4808 ex
3199 4766 3431 4820 corpore
3480 4749 3629 4819 quod

2043 4854 2100 4909 in
2130 4868 2198 4908 eo
2228 4861 2352 4918 est;
2385 4849 2645 4906 similiter
2687 4850 2912 4918 quoque
2967 4859 3089 4900 esse
3150 4841 3418 4907 inferius;
3481 4841 3628 4896 idem

2043 4946 2258 5002 dicatur
2286 4943 2354 4998 de
2379 4940 2626 5011 reliquis.
2685 4936 2766 4993 Ne
2788 4953 2920 4993 vero
2970 4951 3071 4992 nos
3111 4935 3298 5000 lateat,
3337 4950 3496 5002 supra
3533 4948 3629 4989 su-

2045 5034 2232 5106 perius
2262 5031 2484 5102 quidem
2512 5029 2660 5084 aliud
2706 5027 2850 5084 sumi
2896 5028 2964 5082 de
3020 5026 3140 5081 loco
3177 5025 3297 5080 solo
3328 5031 3382 5078 et
3432 5040 3498 5079 ex
3543 5039 3629 5080 re-

2042 5128 2176 5182 latis
2203 5126 2269 5181 ad
2306 5123 2513 5194 aliquid
2550 5138 2695 5188 esse,
2725 5121 2872 5176 aliud
2904 5127 3087 5174 autem
3133 5119 3186 5172 iu
3209 5118 3330 5171 loco
3356 5125 3409 5170 et
3430 5116 3629 5170 cadere

2047 5221 2154 5278 sub
2185 5219 2521 5288 categoriam
2553 5203 2648 5270 :06
2680 5217 2796 5271 ubi.
2831 5214 2949 5269 Hoc
2973 5229 3104 5268 vero
3119 5211 3232 5281 jam
3260 5209 3439 5266 iusius
3474 5209 3631 5263 audi-

2047 5315 2228 5370 vistis.
2271 5311 2396 5368 Haec
2451 5324 2605 5374 vero,
2644 5311 2711 5366 de
2733 5325 2840 5380 qua
2885 5323 3032 5362 nunc
3061 5306 3296 5377 agimus,
3323 5303 3631 5375 proprietas

1874 5429 2104 5485 NOTAE.

439 5561 542 5628 [26)
574 5562 709 5615 Cod.
741 5559 1091 5628 τεταγμένον.

435 5634 543 5698 (27)
577 5631 724 5684 Fort.
762 5631 985 5684 τὰαύτὰ
1024 5646 1070 5683 s.
1097 5628 1287 5682 ταύτά.

435 5643 514 5698 (ΖΠ
577 5643 724 5684 r‘orl.
762 5643 985 5684 τααυτα
1024 5646 1070 5683 5.
1097 5646 1287 5682 ταυτα.

435 5643 544 5771 (28)
569 5701 719 5754 Fort.
757 5701 1170 5772 προσημαίνειν,
1201 5693 1636 5768 consiguilicale,
1692 5695 1935 5766 adsigni-

365 5769 548 5839 ficare",
581 5787 689 5826 non
720 5769 1156 5841 praesigniﬁcare.

2118 5551 2228 5618 (εει)
2265 5549 2382 5602 Val.
2418 5551 2497 5601 τό.

2123 5623 2234 5689 (50)
2271 5620 2430 5674 Catil‘.
2477 5621 2534 5672 ἐν
2567 5619 2816 5688 περιοχῇ.

2121 5695 2232 5759 (51)
2265 5690 2424 5743 (Ialil'.
2454 5691 2552 5757 Ap.
2584 5689 2635 5757 ἡ.

2126 5755 2236 5832 (δὲ)
2271 5759 2419 5816 Fort.
2460 5755 2624 5830 ὑμᾶς,
2661 5769 2719 5812 ut
2751 5757 2879 5812 alibi
2910 5767 2962 5812 et
2991 5757 3043 5810 in
3071 5755 3452 5820 sequentibus.
