4110 6496
431 372 532 433 807
1591 357 1852 419 ΡΗΟΤΠ
1882 357 2038 418 ῬΑΤζ

2141 354 2397 415 \RCH/E
2430 354 2538 416 CP.
3597 352 3706 415 808

429 490 579 548 omni
614 487 814 559 speciei
867 482 1127 541 convenit
1167 490 1224 538 et
1271 480 1371 537 soli
1403 490 1456 536 et
1505 494 1725 548 semper
1755 493 1769 543 ;
1799 476 1942 531 unde
1962 483 2016 528 et

2141 489 2229 537 εον,
2274 470 2373 525 καὶ
2396 471 2492 523 τοῦ
2528 469 2602 540 μὴ
2634 468 2820 540 ὅμοιον
2846 467 2942 523 καὶ
2969 466 3230 538 ἀνόμοιον
3266 466 3525 536 λέγεσθαι
3550 509 3566 534 ,
3609 470 3708 522 καὶ

428 558 789 640 convertitur.
826 579 963 633 Cum
1023 590 1154 631 vero
1201 574 1388 645 plures
1434 572 1544 627 sint
1575 570 1820 641 ejusdem
1852 583 2020 638 nega-

2141 563 2301 615 ἱλλων
2333 562 2609 631 ἀπείρων·
2661 562 2776 624 τοῖς
2823 561 3219 629 καταφατικως
3256 558 3478 630 ρηθεῖσί
3509 576 3570 612 τε
3613 564 3709 615 καὶ

430 680 555 732 tiva':
597 672 983 745 proprietates,
1036 668 1293 723 videlicet
1321 665 1468 736 quod
1503 680 1612 719 non
1658 661 1854 731 recipit
1880 675 2021 715 con-

2141 653 2490 727 ιξευρεθείσιν
2524 652 2814 723 ἀρκεῖσθαι
2840 652 3025 724 δεήσει
3054 652 3115 705 τὸ
3143 651 3475 722 ἀφιλόσοφόν
3511 669 3573 705 τε
3612 653 3710 706 καὶ

430 768 765 823 trarietatetn
811 770 867 817 et
913 776 1021 815 non
1078 759 1242 814 habet
1285 755 1656 821 contrarium,
1702 750 1849 822 quod
1907 764 2014 804 non

2141 748 2381 817 περιττὸν
2413 746 2853 800 ὑπεκκλίνουσιν.

429 856 670 912 admittit
702 854 879 925 magis
918 862 973 907 et
1009 853 1213 917 minus,
1281 848 1427 919 quod
1473 863 1580 902 non
1631 846 1832 900 dicitur
1906 841 2088 897 simile
2124 850 2180 896 et
2233 840 2527 905 dissimile,
2580 841 2812 909 aliaeque
2856 837 3107 905 inﬁnitae,
3161 839 3312 894 hisce
3345 838 3711 903 aﬁirmativis,

430 964 550 1017 qua:
584 947 743 1002 dicta:
803 955 857 1000 et
921 953 1151 1014 repertae
1203 948 1354 1008 sunt,
1400 936 1755 1009 acquiescere
1812 930 2088 1004 oportebit
2127 946 2224 987 eos
2254 930 2347 1001 qui
2406 932 2590 986 minus
2645 930 3027 1000 philosophica
3062 944 3127 985 ac
3184 930 3465 1001 superﬂua
3500 932 3715 986 evitare

430 1044 669 1098 student.

645 1133 976 1203 QUAZSTIO
1018 1128 1230 1187 CXLVI
1258 1126 1452 1201 [CoisL
1488 1120 1800 1193 CLXXXI].

816 1228 895 1283 De
920 1244 979 1283 eo
1011 1224 1154 1297 quod
1189 1234 1266 1279 est
1300 1224 1463 1278 situm
1492 1235 1626 1273 esse.

2623 1116 2960 1171 ΕΡΩΤΗΣιΣ
3014 1117 3213 1185 PMCr.

2610 1209 2750 1277 Περὶ
2800 1208 2908 1263 τοῦ
2954 1208 3213 1264 κεῖσθαι.

1530 1362 1671 1412 Nunc
1697 1355 1912 1423 primum
1934 1354 2070 1405 edita
2096 1366 2123 1402 a
2154 1352 2218 1403 D.
2236 1350 2670 1415 Hergenroether.

506 1508 562 1562 l.
606 1503 782 1558 Situm
815 1515 938 1554 esse
977 1507 1057 1552 est
1084 1497 1135 1550 in
1169 1509 1257 1561 eo,
1294 1492 1441 1564 quod
1473 1499 1656 1561 partes
1688 1489 1755 1542 ad
1784 1485 2018 1542 invicem

435 1598 602 1653 situm
669 1594 910 1660 aliquem
992 1586 1351 1658 (positionem
1410 1579 1735 1655 quamdam)
1791 1578 2018 1634 habent.

438 1689 590 1743 Situs
632 1698 765 1738 vero
793 1681 934 1736 alius
980 1693 1089 1733 non
1122 1683 1209 1732 est
1255 1673 1618 1744 compositus,
1676 1670 1771 1741 qui
1800 1666 2023 1739 proprie

437 1780 601 1835 etiam
642 1785 819 1833 status
877 1770 1089 1843 (statio)
1149 1766 1474 1838 appellatur,
1508 1763 1649 1819 alius
1682 1775 1814 1817 vero
1844 1775 1911 1815 ex
1935 1758 2021 1813 di-

439 1871 613 1927 versis
636 1877 739 1933 est,
774 1865 941 1922 veluti
996 1861 1284 1917 reclinatio
1315 1869 1367 1913 et
1398 1857 1573 1912 sessio
1600 1874 1614 1923 ;
1655 1856 1701 1911 si
1740 1869 1866 1909 vero
1895 1852 2021 1916 hoc,

2207 1479 2273 1534 α’.
2301 1479 2531 1535 Κείσθαι
2561 1479 2618 1532 δέ
2648 1480 2763 1534 ἐστι
2790 1480 2851 1533 τὸ
2876 1478 3027 1532 θέσιν
3047 1478 3169 1534 τινὰ
3186 1479 3323 1551 πρὸς
3341 1479 3548 1550 ἄλληλα
3570 1480 3719 1553 ἔχειν

2127 1572 2198 1627 τὰ
2224 1573 2392 1644 μόρια
2411 1589 2425 1603 ο
2455 1572 2555 1643 τῆς
2571 1572 2628 1625 δὲ
2660 1571 2865 1631 θέσεως
2888 1574 2920 1642 ὴ
2955 1573 3056 1644 μέν
3084 1573 3232 1626 ἐστιν
3256 1572 3717 1646 ἁσύνθετος,ἦτις

2056 1645 2101 1701 Β
2128 1667 2334 1737 κυρίως
2369 1664 2717 1735 λέγεταικαὶ
2749 1665 2959 1733 στάσις,
2993 1667 3027 1737 ή
3051 1665 3108 1719 δὲ
3139 1667 3203 1719 ἐκ
3237 1666 3533 1737 διαφόρων,
3579 1645 3655 1730 ὥς
3680 1669 3715 1738 ἡ

2124 1760 2415 1823 ἀνάκλισις
2452 1759 2547 1812 καὶ
2574 1759 2608 1830 ἡ
2637 1756 2910 1830 καθέδρα’
2956 1760 3004 1811 εί
3038 1757 3095 1812 δὲ
3145 1758 3309 1812 τοῦτο
3332 1800 3345 1823 ,
3381 1760 3477 1812 καὶ
3503 1758 3566 1812 τὸ
3598 1761 3718 1813 κεῖ-

2127 1852 2249 1906 σθαι
2283 1852 2393 1923 ἄρα
2423 1852 2457 1924 ἤ
2487 1850 2787 1904 ἀσυνθέτου
2827 1849 3031 1914 θέσεως
3064 1849 3408 1921 ἀπετελέσθη
3445 1850 3478 1923 ἢ
3504 1852 3568 1904 ὲκ
3599 1869 3723 1904 συν-

437 1964 602 2020 etiam
628 1962 789 2017 situm
815 1974 927 2013 esse
954 1957 1037 2011 vel
1066 1971 1133 2012 ex
1163 1956 1272 2011 situ
1297 1952 1442 2009 haud
1475 1948 1791 2018 composito
1815 1945 1897 2000 vel
1954 1959 2022 1999 ex

2141 1944 2468 2014 ςεθειμένης.
2503 1943 2626 1995 Ἐτι
2660 1942 2717 1996 δὲ
2750 1942 2851 2012 τῆς
2879 1942 3084 2005 θέσεως
3123 1944 3156 2013 ἡ
3192 1942 3296 2012 μέν
3320 1944 3436 1996 ἐστι
3466 1942 3576 1995 τῶν
3617 1959 3717 2013 με·

436 2052 749 2122 composito
788 2050 1047 2104 eﬁ‘ectum
1094 2055 1203 2102 est.
1258 2043 1534 2100 Praeterea
1566 2041 1707 2096 situs
1756 2038 1899 2093 alius
1929 2051 2024 2092 so-

438 2148 614 2201 larum
651 2143 887 2215 partium
925 2149 1009 2195 est
1046 2148 1096 2193 et
1133 2153 1241 2193 non
1294 2137 1487 2202 totius,
1526 2134 1677 2189 velut
1714 2131 1913 2186 raritas
1972 2136 2028 2184 et

438 2234 817 2297 condens-alio,
848 2231 1115 2301 asperitas
1141 2236 1196 2282 et
1226 2226 1433 2281 Iaavitas
1460 2241 1473 2290 ;
1506 2224 1650 2278 alius
1691 2234 1820 2275 vero
1859 2218 2027 2273 totius

439 2331 725 2392 duntaxat,
775 2333 834 2378 ut
874 2321 1161 2377 reclinatio
1182 2328 1236 2375 et
1280 2317 1455 2374 sessio
1480 2315 1683 2388 (neque
1707 2312 1854 2367 enim
1896 2324 2029 2381 pars

438 2421 640 2476 dicitur
668 2416 861 2474 sedere
884 2414 971 2469 vel
993 2413 1253 2468 reclinata
1286 2425 1432 2473 esse,
1479 2409 1574 2464 sed
1617 2408 1853 2474 totum);
1885 2404 2028 2459 alius

439 2524 662 2567 rursum
690 2516 744 2564 et
776 2506 946 2561 totius
964 2512 1017 2559 et
1047 2501 1287 2573 partium
1310 2498 1598 2565 est,veluti
1622 2494 1786 2550 statio
1810 2493 2030 2563 proprie

439 2606 607 2669 dicta,
637 2616 759 2671 qua:
790 2608 872 2655 est
909 2595 1189 2653 rectitudo
1226 2609 1291 2649 ac
1320 2603 1469 2648 recta
1504 2588 1705 2661 positio
1738 2598 1855 2642 tum
1904 2600 2032 2655 par-

440 2698 578 2750 tium
612 2707 724 2749 tum
781 2690 966 2746 totius.
1007 2688 1264 2743 Attamen
1306 2685 1358 2739 id
1393 2681 1544 2755 quod
1579 2682 1748 2738 situm
1805 2688 1892 2734 est
1943 2676 2030 2731 vel

441 2787 669 2843 omnino
723 2792 971 2838 erectum
1025 2790 1110 2835 est
1166 2787 1222 2833 ct
1273 2776 1478 2831 dicitur
1534 2782 1703 2840 stare,
1783 2770 1869 2825 vel
1927 2769 2030 2823 hac

442 2890 711 2937 creetum,
755 2874 847 2928 illa
890 2887 1020 2926 vero
1051 2878 1206 2940 parte
1237 2867 1587 2930 reclinatum,
1614 2876 1667 2920 et
1715 2864 1917 2919 dicitur
1947 2877 2032 2917 se-

2129 2036 2239 2108 ρῶν
2270 2037 2451 2107 μόνων
2481 2035 2578 2089 καὶ
2626 2035 2685 2088 οὐ
2732 2033 2829 2087 τοῦ
2874 2034 3032 2095 ὅλου,
3066 2034 3140 2099 ὼς
3183 2035 3219 2105 ἡ
3270 2034 3513 2105 μάνωσις
3549 2034 3644 2087 καί⁵
3684 2035 3719 2102 ἡ

2128 2126 2429 2192 πύκνωσις,
2455 2126 2488 2198 ἦ
2512 2144 2575 2180 τε
2615 2126 2898 2198 τραχύτης
2934 2127 3030 2180 καὶ¹
3061 2129 3097 2197 ἡ
3139 2126 3387 2198 λειότης·
3441 2129 3475 2199 ὴ
3521 2127 3577 2181 δὲ
3620 2126 3719 2182 τοῦ

2128 2220 2250 2274 ὅλου
2287 2220 2473 2291 μόνου,
2499 2220 2576 2284 ὡς
2606 2221 2639 2291 ὴ
2669 2219 2954 2284 ἀνάκλισις
2980 2221 3078 2274 καὶ
3101 2223 3133 2290 ἡ
3156 2221 3400 2290 καθέδρα
3418 2219 3499 2292 (ού
3527 2221 3636 2292 γὰρ
3658 2221 3722 2273 τὸ

2132 2314 2299 2387 μέρος
2330 2314 2549 2384 λέγεται
2578 2313 2911 2380 καθέζεσθαι
2956 2314 2993 2386 ἢ
3029 2315 3447 2379 ἀνακεκλίσθαι,
3489 2315 3626 2370 ἀλλὰ
3659 2316 3723 2369 τὸ

2129 2406 2253 2461 ὅλον
2272 2410 2311 2477 ο)
2330 2410 2363 2478 ὴ
2397 2406 2456 2461 δὲ
2483 2405 2581 2460 τοῦ
2608 2424 2669 2459 τε
2694 2408 2815 2460 ὅλου
2844 2408 2940 2461 καὶ
2963 2406 3074 2460 τῶν
3101 2406 3306 2480 μερῶν,
3337 2408 3413 2472 ὡς
3448 2409 3481 2479 ἡ
3514 2407 3722 2479 κυρίως

2129 2498 2399 2570 λεγομένη
2428 2497 2639 2563 στάσις,
2680 2500 2805 2569 ἥτις
2835 2499 2985 2552 ἐστὶν
3010 2499 3240 2570 ὀρθότης
3264 2502 3358 2554 καὶ
3387 2499 3499 2554 τῶν
3533 2501 3722 2572 μερῶν

2131 2593 2228 2648 καὶ
2273 2592 2370 2646 τοῦ
2395 2592 2551 2646 ὅλου·
2588 2592 2683 2647 καὶ
2718 2594 2906 2663 μέντοι
2936 2592 2998 2647 τὸ
3041 2592 3296 2663 κείμενον
3322 2594 3357 2665 ἢ
3392 2594 3571 2664 πάντη
3611 2592 3723 2665 ὧρ-

2132 2686 2305 2740 θωται
2332 2685 2429 2739 καὶ
2457 2684 2675 2755 λέγεται
2702 2685 2976 2753 ἵστασθαι,
3009 2685 3042 2758 ἢ
3086 2686 3165 2755 πῆ
3199 2686 3299 2757 μὲν
3324 2684 3601 2758 ὤρθωται,
3646 2687 3726 2757 πῆ

2131 2778 2189 2831 δὲ
2224 2778 2512 2843 κέκλιται,
2550 2778 2646 2831 καὶ
2674 2778 2894 2848 λέγεται
2921 2777 3198 2848 καθῆσθαι
3222 2794 3235 2808 ⁸
3270 2779 3365 2832 καὶ
3394 2779 3479 2849 εἴη
3514 2778 3580 2832 ἂν
3605 2779 3728 2848 εἴδη

2132 2871 2310 2926 ταῦτα
2332 2871 2427 2925 τοῦ
2453 2872 2708 2926 κεῖσθαι·
2735 2872 2799 2927 τὸ
2826 2871 3251 2938 ἀνακεκλίσθαι,
3283 2874 3345 2926 τὸ
3376 2873 3602 2928 ἑστάναι
3630 2873 3726 2926 καὶ

442 2969 573 3024 dere
600 2986 616 3035 ;
648 2968 766 3022 haec
798 2980 935 3036 ergo
953 2964 1164 3034 species
1190 2960 1395 3014 fuerint
1422 2956 1545 3028 ejus
1579 2958 1723 3028 quod
1756 2967 1843 3011 est
1864 2959 2027 3011 situm

2141 2967 2197 3018 τὸ
2237 2964 2548 3035 καθῆσθαιο
2590 2966 2651 3018 οὐ
2706 2965 2871 3035 μόνον
2920 2964 3182 3018 δὲταῦτα
3227 2966 3293 3019 ἂν
3338 2966 3424 3038 εῐη
3464 2965 3579 3037 εἴδη
3629 2962 3728 3017 τοῦ

444 3080 611 3118 esse:
648 3060 975 3116 reclinatum
1034 3070 1180 3120 esse,
1223 3063 1371 3110 stare
1425 3064 1591 3123 atquc
1644 3051 1856 3114 sedere,
1887 3056 2032 3104 atta-

447 3167 703 3208 men-non
756 3151 871 3205 haec
901 3156 1139 3211 tantum,
1194 3160 1382 3199 verum
1419 3143 1584 3199 etiam
1625 3141 1732 3196 alia
1784 3140 2031 3205 inﬁnita;

444 3245 719 3317 protinus,
749 3258 802 3297 v.
837 3257 944 3313 gn,
985 3253 1175 3293 rarum
1200 3246 1254 3293 et
1293 3238 1527 3292 densum
1576 3244 1629 3289 ct
1655 3233 1878 3299 similia,
1910 3248 2035 3304 qua:

444 3339 550 3393 sita
574 3350 695 3391 esse
715 3333 997 3399 dicuntur,
1038 3344 1217 3400 neque
1247 3336 1395 3385 stare
1418 3341 1595 3397 neque
1626 3326 1893 3382 reclinata
1915 3340 2038 3380 esse

444 3429 531 3486 vel
574 3429 765 3484 sedere
795 3426 1089 3492 dicuntur,
1142 3431 1386 3477 attamen
1440 3431 1495 3476 et
1554 3420 1672 3475 haec
1720 3418 1827 3475 sub
1883 3416 2035 3473 illam

447 3522 687 3592 speciem
719 3518 885 3588 hujus
936 3514 1228 3586 categorias
1251 3514 1449 3568 cadere
1490 3512 1768 3577 videntur,
1814 3524 1937 3579 quae
1963 3508 2039 3565 si-

446 3623 561 3668 tutn
584 3611 818 3683 partium
850 3612 915 3665 ad
936 3609 1196 3673 invicem,
1218 3622 1327 3662 non
1355 3619 1486 3660 vero
1516 3605 1683 3660 totius
1709 3603 2037 3673 positionem

447 3706 708 3762 ostendit.
759 3703 919 3771 Quod
949 3712 1133 3758 autem
1155 3701 1359 3755 raritas
1385 3707 1440 3754 et
1470 3697 1831 3753 condensatio
1858 3712 1924 3752 ac
1956 3696 2037 3752 si-

447 3797 601 3852 milia
624 3795 770 3850 haud
795 3795 903 3848 sint
942 3794 1113 3848 totius
1155 3791 1563 3863 positiones,ex
1590 3803 1656 3843 eo
1676 3788 1863 3858 liquet,
1892 3787 2040 3858 quod

448 3888 615 3945 unius
642 3886 1002 3958 ejusdemque
1032 3884 1201 3939 totius
1229 3883 1340 3939 duo
1371 3881 1508 3936 situs
1542 3880 1708 3936 statui
1734 3880 1880 3935 haud
1916 3895 2042 3951 pos-

449 3990 619 4047 sunt;
650 3980 706 4034 in
741 3994 851 4034 uno
880 3992 1009 4033 vero
1033 3977 1338 4044 eodemque
1368 3981 1481 4027 tum
1507 3973 1706 4029 raritas
1728 3982 1843 4027 tum
1877 3971 2042 4028 slatio

450 4076 824 4143 reperiuntur.
840 4067 1319 4137 Quemadmodum
1334 4079 1463 4121 vero
1488 4079 1681 4120 omnes
1694 4072 1879 4135 partes
1908 4079 2040 4133 pro-

448 4165 627 4236 priam
657 4174 890 4235 possunt
933 4162 1137 4216 habere
1182 4161 1419 4231 ﬁguram
1443 4166 1642 4228 praeter
1683 4172 1829 4222 eam,
1871 4170 2041 4227 quam

451 4258 615 4312 habet
646 4265 843 4322 totum,
868 4254 965 4324 ,ita
999 4253 1203 4309 eaedem
1240 4261 1294 4307 et
1324 4250 1607 4321 proprium
1647 4250 1815 4305 situm
1841 4249 2045 4304 habere

2138 3055 2378 3122 κεῖσθαι,
2409 3056 2546 3110 ἀλλὰ
2574 3056 2670 3110 καὶ
2702 3057 2840 3112 ἄλλα
2870 3056 3104 3128 ἄπειραο
3135 3057 3336 3111 αὐτίκα
3368 3057 3502 3126 γοῦν
3531 3058 3590 3112 τὸ
3622 3075 3727 3129 μα-

2138 3150 2229 3204 νὸν
2266 3150 2361 3203 καὶ
2390 3148 2599 3203 πυκνὸν
2635 3150 2730 3202 καὶ
2755 3149 2824 3202 τὰ
2853 3149 3019 3221 ὅμοια
3052 3150 3269 3203 κεῖσθαι
3299 3149 3572 3220 λεγόμενα
3600 3148 3726 3203 οὔτε

2141 3240 2396 3295 ἵστασθαι
2423 3240 2698 3309 λέγονται,
2727 3239 2858 3294 οὔτε
2886 3241 3281 3296 ἀνακεκλίσθαι
3308 3241 3341 3314 ἢ
3370 3241 3728 3307 καθέζεσθαιο

2138 3334 2225 3400 εἴη
2270 3334 2316 3388 δ’
2359 3333 2425 3389 ἂν
2473 3333 2650 3389 ταῦτα
2681 3333 2774 3388 ὑπ’
2802 3335 2982 3389 ἐκεῖνο
3019 3334 3114 3388 τοῦ
3148 3334 3386 3401 κεῖσθαι,
3422 3334 3451 3388 ὅ
3479 3335 3579 3406 τὴν
3616 3334 3730 3389 τῶν

2144 3426 2327 3497 μερῶν
2372 3426 2536 3496 μόνον
2582 3425 2719 3496 πρὸς
2762 3425 2968 3498 ἄλληλα
2991 3467 3006 3492 ,
3038 3425 3153 3481 ἀλλ’
3183 3427 3303 3498 οὐχὶ
3337 3426 3437 3513 την
3469 3426 3565 3480 τοῦ
3605 3427 3733 3480 ὅλου

2142 3516 2291 3571 θέσιν
2321 3518 2650 3589 ὑποφαίνεγ
2697 3520 2780 3573 ὅτι
2819 3518 2936 3589 δὲή
2971 3520 3212 3590 μάνωσις
3241 3521 3332 3573 καὶ
3373 3520 3405 3589 ἡ
3450 3518 3734 3583 πύκνωσις

2141 3610 2237 3664 καὶ
2269 3610 2337 3663 τὰ
2367 3611 2532 3682 ὅμοια
2555 3612 2657 3665 οὐκ
2699 3614 2808 3665 εἰσὶ
2832 3611 2929 3665 τοῦ
2960 3611 3087 3665 ὅλου
3120 3611 3324 3677 θέσεις,
3353 3611 3511 3683 δῆλον
3539 3614 3605 3666 ὲκ
3630 3611 3732 3666 τοῦ

2147 3703 2223 3774 μὴ
2251 3701 2563 3774 ἐνδέχεσθαι
2607 3704 2701 3757 δύο
2736 3704 2915 3767 θέσεις
2961 3700 3105 3759 εἶναι
3140 3705 3236 3757 τοῦ
3282 3704 3451 3758 αὑτοῦ
3489 3706 3583 3759 καὶ
3614 3705 3735 3769 ἐνὸς

2143 3797 2291 3862 ὅλου,
2346 3796 2701 3868 εὑρίσκεσθαι
2749 3798 2808 3851 δὲ
2853 3800 2911 3851 ὲν
2960 3799 3041 3852 ὲνὶ
3071 3802 3168 3852 καὶ
3208 3797 3286 3869 τῷ
3336 3799 3486 3869 αὑτῴ
3534 3801 3636 3870 τήν
3674 3816 3735 3851 τε

2149 3890 2394 3960 μάνωσιν
2424 3891 2520 3942 κα)⁵
2544 3888 2606 3942 τὺ
2641 3890 2895 3946 ὲστάναι’
2932 3889 3125 3961 ὥσπερ
3150 3891 3207 3944 δὲ
3232 3892 3510 3963 ἐνδέχεται
3553 3891 3735 3945 πάντα

2146 3980 2216 4033 τὰ
2248 3981 2391 4053 μέρη
2424 3982 2571 4051 ἔχειν
2602 3982 2736 4036 ἴδιον
2768 3983 2956 4054 σχῆμα
2987 3986 3139 4054 παρὰ
3171 3985 3235 4038 τὸ
3266 3984 3361 4038 τοῦ
3396 3984 3735 4046 ὅλου,οὒτως

2146 4074 2430 4144 ἐνδέχεται
2461 4073 2607 4143 ἔχειν
2655 4075 2795 4128 αὐτὰ
2840 4075 2939 4129 καὶ
2972 4075 3109 4130 ἰδίαν
3142 4076 3292 4130 θέσιν
3324 4079 3473 4147 παρὰ
3505 4077 3603 4148 τὴν
3636 4077 3733 4131 τοῦ

2147 4164 2309 4218 ὅλουο
2339 4164 2448 4219 τῶν
2477 4166 2534 4217 δὲ
2571 4165 2847 4236 κειμένων
2875 4167 2944 4220 τὰ
2999 4166 3099 4237 μὲν
3144 4166 3308 4236 φύσει
3344 4167 3472 4237 ἔσχε
3512 4166 3575 4219 τὸ
3621 4170 3736 4219 κεί·

2151 4257 2298 4319 σθαι,
2328 4256 2405 4321 ὡς
2433 4257 2493 4310 τὸ
2522 4258 2691 4327 μανὸν
2722 4260 2818 4312 καὶ
2848 4257 2910 4311 τὸ
2952 4261 3156 4313 πυκνόν
3181 4262 3196 4312 l
3220 4259 3288 4312 τὰ
3320 4258 3377 4312 δὲ
3416 4258 3735 4330 προαιρέσει

451 4363 708 4423 possunt,
741 4360 941 4422 prater
995 4364 1121 4405 eum
1175 4363 1340 4419 quem
1368 4347 1533 4402 habet
1579 4355 1774 4402 totum.
1835 4346 2038 4401 Eorum

2155 4349 2231 4413 ὡς
2260 4350 2323 4403 τὸ
2348 4350 2440 4403 τὸν
2474 4351 2763 4422 ἄνθρωπον
2792 4351 3128 4417 καθέζεσθαι
3146 4369 3161 4383 ·
3187 4352 3258 4406 τὰ
3273 4352 3332 4405 δὲ.
3354 4353 3515 4423 τέχνῃ
3534 4394 3547 4413 ,
3574 4352 3649 4417 ὡς
3678 4351 3740 4404 τὸ

452 4460 583 4500 vero
626 4459 750 4514 qua:
793 4445 961 4500 situm
987 4442 1209 4505 habent,
1248 4440 1355 4494 alia
1406 4449 1604 4495 natura
1634 4439 1887 4494 eumdem
1923 4453 2050 4494 sor-

456 4534 553 4589 tita
584 4543 735 4598 sunt,
782 4532 950 4588 veluti
998 4546 1183 4585 rarum
1224 4538 1279 4585 et
1332 4531 1564 4584 densum
1602 4528 1753 4594 ;alia
1790 4529 2049 4595 arbitrio,

2148 4440 2242 4493 τὸν
2288 4440 2584 4512 ἀνδριάντα
2625 4442 2883 4497 ἵστασθαι
2909 4460 2923 4474 °
2958 4443 3028 4497 τὰ
3054 4444 3112 4497 δὲ.
3151 4443 3292 4517 τύχῃ
3314 4486 3329 4512 ,
3360 4444 3435 4507 ὡς
3463 4442 3611 4497 τόνδε
3643 4443 3737 4496 τὸν

2148 4533 2299 4587 λίθον
2327 4535 2563 4589 πεσόντα
2592 4534 2691 4588 ὡδὶ
2717 4535 2955 4591 κεῖσθαι.

453 4642 504 4681 e.
544 4642 655 4696 gn,
683 4625 960 4679 hominem
993 4622 1221 4688 sedere;
1257 4620 1365 4675 alia
1402 4628 1539 4686 arte,
1569 4634 1620 4675 e.
1666 4628 2054 4692 gr.;statuam
2095 4633 2285 4694 stare;
2312 4628 2419 4683 alia
2447 4629 2671 4683 fortuna
2700 4644 2796 4684 seu
2828 4643 2983 4697 easu,
3027 4644 3079 4685 e.
3149 4644 3255 4700 gr.,
3296 4629 3462 4684 talem
3501 4628 3738 4699 lapidem

453 4719 740 4789 delapsum
770 4716 874 4771 hac
906 4715 1118 4770 ratione
1140 4714 1347 4784 jacere.

526 4810 584 4864 2.
616 4807 907 4878 Pmprium
950 4822 1081 4863 vero
1115 4814 1200 4862 est
1234 4807 1375 4877 ejus,
1431 4804 1580 4875 quod
1607 4805 1776 4861 situnt
1807 4813 1919 4873 est,
1950 4810 2049 4863 de-

456 4901 797 4958 nominative
850 4915 882 4953 a
937 4899 1047 4954 situ
1105 4899 1232 4969 (seu
1286 4896 1587 4968 positione)
1649 4897 1779 4953 dici.
1831 4898 1879 4954 A
1930 4914 2049 4955 ses-

458 4998 613 5053 sione
641 4993 790 5050 enim
819 4992 1020 5048 dicitur
1051 4993 1263 5057 sedere,
1299 5001 1353 5047 et
1399 5007 1429 5045 a
1456 4990 1694 5046 statione
1720 5000 1891 5057 stare,
1927 5001 1981 5045 et
2020 5007 2051 5045 a

458 5088 822 5144 reclinatione
860 5086 1185 5143 reclinatum
1213 5099 1357 5150 esse,
1408 5093 1575 5154 atque
1605 5084 1659 5137 in
1695 5084 1820 5139 aliis
1852 5084 2049 5139 simili-

459 5196 561 5241 ter.
586 5183 768 5251 Quare
783 5191 835 5238 et
860 5182 912 5237 in
934 5181 1135 5253 quibus
1158 5180 1493 5250 positionum
1518 5193 1626 5233 non
1654 5188 1781 5233 sunt
1804 5178 2050 5245 nomina,

459 5295 640 5348 neque
707 5276 1019 5347 specierum
1072 5273 1293 5345 jacendi
1350 5286 1551 5327 nomen
1608 5272 1782 5327 adest.
1830 5270 2048 5328 Etenim

461 5374 592 5429 huic
635 5371 732 5428 tali
782 5367 1233 5442 conligurationi,
1263 5366 1414 5420 verbi
1468 5367 1641 5436 gratia
1690 5367 1931 5423 cornicis
1956 5377 2054 5423 aut

461 5461 689 5516 alterius
718 5459 1047 5529 cujusquam
1072 5455 1190 5511 avis
1223 5455 1435 5509 nullum
1468 5463 1647 5510 exstat
1680 5470 1903 5523 nomen,
1924 5456 2053 5526 quia

462 5568 564 5608 nec
595 5553 723 5608 huic
770 5553 861 5607 tali
893 5549 1157 5622 positioni
1205 5556 1384 5604 exstat
1429 5560 1676 5614 nomen;
1728 5564 1835 5618 qua
1894 5548 1951 5602 in
1994 5564 2055 5604 re

466 5660 570 5699 nec
601 5644 851 5714 auspices
874 5642 1033 5697 nobis
1060 5638 1508 5708 refragabuntur.
1548 5638 1754 5693 Dantes
1793 5639 1939 5691 enim
1970 5640 2054 5693 ni—

467 5731 580 5784 mio
638 5733 820 5786 studio
877 5731 1065 5802 ﬁguris
1117 5728 1439 5784 animalium
1494 5728 1721 5783 nomina
1776 5730 1859 5783 vel
1889 5730 2055 5784 etiam

467 5823 803 5891 positionum
862 5824 1084 5879 nomina
1134 5821 1286 5892 prius
1335 5819 1644 5891 assignant,
1701 5820 1782 5876 vel
1824 5837 1855 5877 a
1895 5822 2055 5879 nobis

2222 4808 2296 4880 β’.
2344 4809 2502 4861 Ἔστι
2530 4807 2589 4862 δὲ
2622 4808 2753 4864 ἴδιον
2780 4808 2873 4862 τοῦ
2906 4809 3123 4863 κεῖσθαι
3152 4824 3212 4863 το
3246 4807 3600 4879 παρωνύμως
3634 4808 3743 4861 ἀπὸ

2146 4902 2248 4973 τῆς
2284 4902 2487 4965 θέσεως
2516 4902 2810 4972 λέγεσθαιο
2838 4902 2949 4955 ἀπό
2988 4920 3050 4956 τε
3091 4904 3203 4974 γὰρ
3243 4903 3343 4974 τῆς
3371 4902 3648 4974 καθέδρας
3685 4901 3747 4954 τὸ

2151 4993 2482 5057 καθέζεσθαι
2518 4993 2739 5062 λέγεται
2765 5034 2779 5059 ,
2810 4996 2904 5048 καὶ
2932 4996 3041 5048 ἀπὸ
3081 4994 3186 5065 τῆς
3223 4995 3469 5058 στάσεως
3497 4995 3559 5048 τὸ
3586 4997 3747 5047 ’ἱστα-

2155 5086 2299 5152 σθαι,
2333 5087 2429 5140 καὶ
2450 5086 2560 5140 ἀπὸ
2582 5086 2685 5157 τῆς
2717 5086 3059 5151 ἀνακλίσεως
3092 5087 3154 5140 τὸ
3186 5086 3585 5141 ἀνακεκλίσθαι
3606 5105 3621 5119 ·
3650 5086 3749 5139 καὶ

2159 5178 2252 5232 ἐπὶ
2282 5178 2391 5233 τῶν
2428 5178 2605 5233 ἄλλων
2629 5178 2892 5243 ὡσαύτως
2915 5195 2932 5210 ο
2958 5179 3040 5233 διὸ
3073 5180 3171 5234 καὶ
3205 5182 3266 5235 ὲν
3295 5176 3379 5243 οἷς
3410 5180 3520 5233 τῶν
3547 5179 3750 5233 θέσεων

2164 5273 2239 5343 μή
2275 5273 2425 5327 ἐστιν
2456 5272 2723 5343 ὀνόματα,
2748 5273 2871 5327 οὐδὲ
2898 5273 3007 5328 τῶν
3044 5275 3203 5328 εἰδῶν
3233 5273 3328 5328 τοῦ
3355 5275 3573 5328 κεῖσθαί
3601 5277 3751 5328 ἐστιν

2159 5366 2365 5434 ὄνομα·
2402 5365 2499 5419 καὶ
2530 5367 2640 5437 γὰρ
2663 5365 2742 5438 τῷ
2779 5366 2968 5437 τοιῷδε
3002 5366 3376 5439 σχηματισμῷ
3407 5370 3455 5422 εί
3487 5368 3627 5439 τύχῃ
3655 5368 3752 5431 τῆς

2162 5460 2410 5532 κορώνης
2442 5462 2476 5531 ἢ
2507 5460 2671 5514 ἄλλου
2702 5460 2851 5524 τινὸς
2882 5462 2985 5514 οὐκ
3016 5460 3165 5515 ἔστιν
3196 5461 3366 5533 ὄνομα
3396 5462 3486 5515 διὰ
3522 5462 3581 5514 τὸ
3616 5458 3752 5529 μηδὲ

2164 5553 2262 5622 τῆς
2295 5552 2554 5623 τοιαύτης
2586 5552 2791 5615 θέσεως
2818 5550 2992 5624 ὄνομα
3039 5548 3182 5608 εἶναι
3216 5556 3311 5608 καὶ
3365 5552 3753 5608 οἰωνοσκόπων

2164 5646 2297 5714 ἡμῖν
2342 5644 2403 5697 οὐ
2452 5644 2887 5714 διενεχθήσονται
2945 5647 3172 5710 παῖδες·
3225 5646 3461 5707 διδόντες
3518 5644 3630 5715 γὰρ
3687 5647 3752 5697 ὲκ

2165 5733 2368 5805 πολλῆς
2403 5733 2718 5803 φιλοτιμίας
2744 5738 2853 5798 τοῖς
2897 5737 3144 5808 σχήμασι
3177 5738 3286 5791 τῶν
3321 5737 3475 5803 ζώων
3508 5739 3753 5807 ὀνόματα.

2162 5828 2197 5895 ἢ
2234 5830 2329 5882 καὶ
2359 5828 2468 5884 τῶν
2501 5827 2706 5883 θέσεων
2754 5830 3164 5901 προδεδώκασιν
3195 5833 3228 5902 ἧ
3262 5832 3447 5886 λαϐεῖν
3476 5832 3583 5884 εἰσὶ
3617 5830 3749 5901 παρ’
