4110 6434
305 495 403 557 839

1051 498 1153 557 AD
1190 492 1785 558 AMPHILOCHIUM
1841 490 2189 561 QUIESTIO
2216 492 2461 555 CXLVI.
2513 492 2793 553 CXLVII-

3444 493 3548 557 810

306 605 456 676 ἡμῶν
481 604 655 689 ἔνοχοι
682 619 697 633 ’
720 603 857 658 ἀλλά
892 604 1021 674 περὶ
1058 604 1156 674 μὲν
1187 604 1393 657 τούτων
1422 604 1480 657 ὲν
1511 601 1713 662 ἄλλοις.
1735 597 1862 653 Δεύ-

1975 600 2215 655 mutuari
2242 610 2532 670 coguntur.
2592 600 2792 655 Verum
2854 600 2922 656 de
2978 600 3063 657 his
3100 600 3249 656 alibi.
3300 603 3552 659 Secunda

301 713 451 767 τερον
477 695 535 748 δὲ
564 695 695 748 ῐδιον
719 694 812 748 τοῦ
844 695 1060 748 κεῖσθαι
1105 696 1167 747 rb
1212 696 1415 765 ὁμοίως
1464 694 1718 763 λέγεσθαι
1749 693 1870 745 κατ’

303 788 455 843 αὐτό·
484 787 688 858 ὁμοίως
721 786 829 859 γὰρ
871 788 1146 859 καθῆσθαι
1170 787 1406 858 λέγομεν
1439 787 1532 841 καὶ
1577 786 1869 856 ἀνομοίως,

301 880 390 932 καὶ
422 879 813 932 ἀνακεκλίσθαι
843 879 1045 949 ὁμοίως
1075 881 1170 932 καὶ
1202 879 1496 949 ἀνομοίως.
1522 878 1715 946 Τρίτον
1741 877 1871 930 ἴδιον

300 968 357 1022 τὸ
406 968 474 1021 τὰ
526 968 843 1037 ἀναγόμενα
902 968 993 1020 ὑπ’
1038 968 1207 1039 αὐτὴν
1254 968 1329 1040 μὴ
1379 968 1521 1023 κατά
1566 966 1673 1021 τὸν
1708 967 1873 1020 αὑτὸν

298 1058 589 1126 ἀνάγεσθαι
641 1060 876 1129 τρόπον·
930 1058 989 1113 rb
1030 1059 1129 1129 μὲν
1175 1060 1284 1131 γὰρ
1328 1060 1599 1130 καθῆσθαι
1634 1060 1870 1132 πρώτως

298 1151 553 1218 ἀνάγεται
586 1151 690 1203 ὑπὸ
719 1150 779 1203 rb
809 1150 1025 1205 κεῖσθαι
1080 1152 1174 1204 καὶ
1216 1152 1331 1205 ἔστι
1367 1153 1576 1224 κυρίως
1616 1154 1867 1207 κεῖσθαιο

295 1242 352 1293 rb
395 1241 451 1294 δὲ
499 1241 865 1312 καθεζόμενον
905 1244 1010 1296 ὑπὸ
1051 1245 1112 1298 rb
1161 1246 1375 1299 κεῖσθαι
1424 1244 1642 1314 λέγεται
1672 1246 1871 1315 ἀνάγε·

295 1330 436 1397 σθαι,
487 1332 570 1385 ὅτι
598 1332 703 1385 ὑπὸ
730 1334 791 1385 rb
823 1334 1076 1404 κείμενον
1121 1336 1384 1403 ἀνάγεται
1429 1335 1685 1408 πρώτως,
1733 1338 1869 1407 ὅπερ

292 1423 405 1475 ἐστὶ¹
461 1423 745 1494 σύστοιχον
793 1424 873 1495 τῷ
937 1426 1188 1479 κεῖσθαι·
1230 1427 1494 1491 ὡσαύτως
1541 1429 1597 1482 δὲ
1653 1430 1752 1483 καὶ
1808 1429 1870 1482 rb

294 1513 582 1583 ἱστάμενον
610 1516 705 1567 καὶ
734 1515 795 1567 rb
825 1516 1259 1585 ἀνακεκλιμένον
1300 1518 1405 1571 ὑπὸ
1438 1519 1499 1572 rb
1530 1520 1744 1573 κεῖσθαι
1782 1519 1870 1573 λέ-

291 1623 478 1674 γονται
527 1606 869 1675 ἀνάγεσθαι,
918 1610 1000 1663 ὃτι
1056 1610 1165 1663 ὑπὸ
1230 1610 1292 1663 τὸ
1355 1610 1639 1683 σύστοιχον
1701 1612 1865 1665 αὐτοῦ

291 1698 522 1770 πρώτως
578 1700 905 1768 ἀνάγονται⁶
969 1703 1065 1756 καὶ
1120 1703 1280 1775 δῆλον
1333 1705 1653 1773 κάντεῦθεν,
1702 1706 1730 1760 ὃ
1775 1707 1869 1761 καὶ

288 1793 637 1863 προείρηται,
680 1796 761 1847 ὅτι
811 1794 868 1847 αἱ
898 1794 1223 1866 κατηγορίαι
1268 1797 1329 1850 οὐ
1358 1798 1577 1863 πάντως
1626 1816 1866 1870 κατηγο-

288 1881 507 1951 ροῦνται
553 1882 629 1945 ὡς
657 1885 726 1935 τὰ
756 1882 913 1955 γένη.
948 1884 1221 1956 Τέταρτον
1276 1886 1407 1939 ῐδιον
1437 1886 1532 1940 τοῦ
1559 1889 1776 1941 κεῖσθαι
1804 1889 1866 1941 rb

1976 692 2283 761 proprietas
2313 709 2327 745 :
2358 693 2615 747 similiter
2660 692 2764 746 dici
2800 707 2865 747 ac
2902 692 3272 749 dissimiliter.
3303 692 3553 752 Dicimus

1973 783 2120 838 enim
2153 784 2402 838 similiter
2423 784 2611 840 sedere
2632 800 2695 840 ac
2724 785 3090 848 dissimiliter,
3120 795 3175 840 et
3200 786 3553 843 discumbere

1935 869 2228 932 ~similiter
2301 888 2465 948 atque
2535 878 2897 933 dissimiliter.
2980 876 3162 932 Tertia
3219 879 3549 948 proprietas,

1973 970 2117 1040 quod
2153 985 2274 1040 qua:
2325 970 2395 1025 ad
2444 969 2589 1025 istud
2646 971 3128 1040 prmdicamentum
3188 973 3551 1039 reducuntur,

1973 1076 2081 1114 non
2174 1060 2363 1115 eodem
2440 1062 2780 1115 reducuntur
2856 1060 3041 1116 modo.
3128 1060 3329 1118 Sedere
3402 1064 3549 1117 enim

1972 1155 2146 1225 primo
2186 1153 2467 1209 reducitur
2502 1153 2570 1207 ad
2602 1153 2771 1208 situm
2825 1168 2947 1209 esse
2980 1162 3171 1224 estque
3218 1154 3434 1225 proprie
3465 1155 3550 1224 ja-

1970 1262 2116 1310 cere,
2141 1261 2235 1301 seu
2262 1246 2426 1300 situm
2450 1260 2570 1299 esse
2595 1261 2609 1306 ;
2631 1245 2826 1301 sedens
2853 1259 2983 1300 vero
3037 1244 3103 1298 ad
3134 1243 3319 1315 jacere
3348 1244 3550 1299 dicitur

1971 1338 2181 1403 reduci,
2221 1338 2351 1407 quia
2406 1337 2664 1408 adjacens
2717 1337 2895 1407 primo
2940 1336 3246 1400 reducitur,
3294 1337 3439 1407 quod
3495 1338 3550 1391 in

1970 1432 2162 1487 eadem
2194 1440 2277 1486 est
2305 1431 2469 1495 serie,
2493 1447 2600 1500 qua
2631 1438 2684 1485 et
2708 1430 2933 1499 jacere;
2988 1430 3060 1485 ita
3090 1440 3143 1485 et
3172 1441 3323 1486 stans
3352 1440 3407 1485 et
3436 1432 3551 1486 dis-

1971 1525 2238 1580 cumbens
2270 1523 2335 1577 ad
2363 1524 2547 1592 jacere
2586 1522 2846 1577 dicuntur
2878 1521 3087 1585 reduci,
3126 1523 3254 1590 quia
3290 1522 3357 1576 ad
3394 1521 3550 1575 aliine

1971 1617 2091 1687 ejus
2123 1617 2303 1687 primo
2332 1616 2707 1679 reducuntur;
2768 1622 2934 1682 atque
2988 1611 3115 1665 hinc
3159 1612 3324 1665 etiam
3371 1611 3548 1664 mani-

1974 1708 2172 1764 festum
2228 1707 2306 1773 ﬁt,
2360 1708 2502 1777 quod
2560 1715 2615 1761 et
2676 1714 2839 1759 antea
2870 1704 3080 1758 dictum
3116 1702 3242 1767 fuit,
3277 1702 3545 1772 praedica-

1970 1811 2155 1855 menta
2206 1816 2313 1853 non
2362 1799 2589 1853 omnino
2636 1796 2922 1868 praedicari
2976 1806 3030 1851 ut
3088 1810 3309 1866 genera.
3339 1792 3550 1859 Quarta

1972 1894 2304 1964 proprietas,
2364 1893 2543 1962 ipsum
2575 1906 2697 1947 esse
2725 1891 2978 1947 elfectum
3011 1890 3174 1955 situs,
3205 1896 3258 1943 et
3287 1887 3405 1957 ejus
3456 1902 3553 1941 cu-

288 1974 642 2046 ἀποτέλεσμα
672 1971 814 2028 εἶναι
851 1977 984 2029 αὐτὸ
1012 1977 1112 2047 τῆς
1153 1977 1355 2041 θέσεως
1408 1982 1505 2032 καὶ
1548 1974 1608 2033 οὗ
1651 1982 1797 2034 ἐστιν
1831 1982 1861 2051 ἡ

1967 1989 2060 2058 jus
2094 1988 2235 2044 situs
2264 1996 2388 2053 est;
2418 1986 2564 2057 quod
2614 1985 2781 2041 etiam
2835 2000 2962 2039 vere
3022 1982 3190 2037 fuerit
3228 1980 3550 2051 proprium;

285 2064 435 2129 θέσις
456 2084 469 2097 ·
510 2068 605 2120 καὶ
634 2068 720 2137 εἴη
749 2068 814 2121 ἂν
847 2069 1055 2139 κυρίως
1086 2069 1218 2122 ἴδιον
1245 2071 1326 2123 ὅτι
1357 2072 1452 2124 καὶ
1481 2074 1860 2144 ἀντιστρέφει’

283 2159 418 2230 ὅπερ
449 2159 560 2232 γάρ
590 2162 708 2214 ἐστι
743 2162 993 2226 κεῖσθαι,
1046 2164 1155 2217 ἀπό
1201 2180 1262 2216 τε
1305 2165 1409 2235 τῆς
1449 2164 1649 2230 θέσεως
1680 2170 1780 2222 καὶ
1804 2162 1866 2223 οὗ

283 2252 428 2305 ἐστιν
474 2254 508 2322 ἡ
553 2253 703 2317 θέσις
752 2254 1123 2325 ἀπετελέσθη·
1178 2257 1274 2310 καὶ
1322 2259 1461 2329 ὅπερ
1495 2259 1614 2312 ἐστὶ
1668 2261 1864 2326 ταῦτα,

284 2344 498 2397 κεῖσθαί
529 2347 668 2400 ἐστι.
696 2348 806 2399 Καὶ
833 2347 961 2417 περὶ
992 2347 1092 2417 μὲν
1119 2350 1215 2419 τῆς
1246 2349 1448 2415 θέσεως
1473 2351 1648 2406 ταῦτα
1670 2369 1684 2382 ·
1716 2353 1786 2406 τὰ
1808 2353 1866 2406 δὲ

284 2434 426 2486 κατά
462 2435 743 2503 ἀπόφασιν
791 2435 899 2488 ἴδια
947 2435 1177 2489 πλεῖστά
1207 2454 1270 2505 γε
1304 2438 1436 2491 ὄντα
1484 2440 1580 2492 καὶ
1625 2439 1728 2493 οὐκ
1774 2440 1870 2493 ἐπὶ

287 2525 421 2578 πολὺ
454 2526 705 2596 χρήσιμα
734 2569 749 2593 ,
787 2526 963 2590 ἄλλως
995 2544 1055 2580 τε
1081 2528 1141 2582 δὲ
1173 2530 1269 2583 καὶ
1305 2530 1609 2602 εὐπόριστα
1634 2531 1867 2586 κάνθάδε

285 2616 726 2689 παραλελείφθω.

809 2753 1149 2806 ΕΡΩΤΗΣΙΣ
1182 2755 1359 2809 ΡΜΖ’.

836 2866 978 2920 Περὶ
1005 2865 1112 2920 τοῦ
1147 2868 1311 2922 πετέ.

1973 2100 2104 2139 nam
2137 2093 2193 2140 et
2230 2082 2589 2139 convertitur.
2623 2079 2781 2146 Quod
2806 2078 2951 2133 enim
2970 2088 3053 2132 εει
3064 2076 3270 2146 jacere,
3299 2082 3353 2128 et
3380 2088 3409 2125 a
3443 2072 3550 2127 situ

1969 2187 2023 2230 et
2048 2174 2226 2240 abeo,
2287 2172 2447 2243 cujus
2494 2179 2579 2226 est
2614 2170 2777 2235 situs,
2830 2168 3087 2224 elIectum
3142 2175 3249 2227 est,
3297 2173 3353 2218 et
3402 2162 3549 2231 quod

1970 2269 2085 2323 haec
2122 2266 2304 2331 habet,
2326 2266 2511 2336 jacere
2543 2274 2652 2320 est.
2700 2263 2881 2333 Atque
2917 2264 3031 2316 haec
3063 2260 3129 2314 de
3157 2259 3288 2312 situ.
3322 2254 3549 2324 l’r0pria

1969 2370 2153 2415 autem
2212 2356 2483 2427 negativa,
2545 2370 2671 2411 cum
2738 2351 2988 2424 plurimae
3044 2349 3155 2404 sint
3217 2362 3317 2400 nec
3367 2344 3553 2398 multae

1968 2451 2246 2517 utilitatis,
2275 2457 2333 2505 et
2362 2447 2705 2517 czeteroquin
2739 2444 2900 2502 facile
2938 2442 3119 2512 colligi
3170 2446 3394 2509 queant,
3446 2435 3552 2489 hoc

1965 2540 2130 2595 etiam
2161 2538 2286 2593 loco
2313 2535 2643 2591 omittimus.

2140 2753 2476 2825 QUESTIO
2513 2750 2752 2809 CXLVII
2791 2750 2985 2823 [ϐοὶει.
3018 2743 3344 2816 CLXXXII].

2179 2871 2256 2926 De
2288 2872 2500 2926 auando
2525 2886 2617 2924 seu
2666 2870 2730 2922 de
2760 2867 3027 2924 cateaoria
3063 2865 3332 2932 temporis.

1331 3021 1473 3073 Nunc
1498 3025 1708 3086 primum
1732 3028 1860 3077 edita
1887 3043 1915 3078 a
1940 3030 1997 3079 D.
2033 3028 2461 3091 Hergenroether.

348 3150 507 3206 Ποτὲ
538 3150 597 3203 δέ
631 3151 750 3203 ἐστι
781 3149 842 3201 rb
869 3151 927 3202 έν
958 3150 1138 3220 χρόνῳ
1186 3144 1348 3205 εἶναι.
1393 3151 1525 3222 Εῖδη
1577 3153 1635 3205 δὲ
1693 3154 1859 3207 αὐτοῦ

268 3242 519 3297 τοσαῦτα
541 3284 555 3309 ,
592 3243 692 3296 ὅσα
725 3240 1047 3295 ὑποτίθεταί
1094 3258 1176 3305 τις
1206 3236 1348 3296 εἶναι
1380 3244 1472 3296 καὶ
1504 3246 1596 3297 τοῦ
1630 3245 1822 3315 χρόνου
1846 3261 1860 3275 ο

2042 3156 2269 3222 Quando
2304 3166 2389 3211 est
2413 3156 2465 3210 in
2505 3164 2747 3224 tempore
2779 3169 2924 3208 esse.
2970 3150 3194 3220 Species
3227 3161 3391 3217 porro
3431 3146 3552 3214 eius

1974 3256 2052 3301 tot
2068 3256 2212 3310 sunt,
2240 3257 2372 3317 quot
2389 3247 2513 3317 quis
2530 3247 2787 3315 supponit
2807 3254 2859 3299 et
2884 3240 3148 3311 temporis
3168 3255 3290 3294 esse
3314 3237 3549 3306 species.

272 3338 323 3388 εἰ
357 3334 459 3405 μὲν
504 3335 615 3405 γὰρ
657 3334 986 3405 συναριθμεῖ
1008 3351 1091 3397 τις
1120 3335 1212 3388 καὶ
1235 3334 1295 3388 rb
1324 3334 1440 3399 νῦν,
1468 3338 1587 3390 ἐστὶ
1613 3339 1743 3407 τρία
1764 3353 1779 3369 ⁸
1812 3339 1862 3391 εἰ

1973 3337 2029 3392 Si
2081 3341 2205 3408 quis
2261 3339 2407 3394 enim
2436 3348 2490 3392 et
2517 3352 2760 3408 prarscns
2798 3343 3138 3390 momentum
3167 3336 3549 3392 connumerel,

274 3429 332 3480 δὲ
358 3429 459 3497 μὴ,
492 3430 629 3497 ὅπερ
666 3430 761 3481 καὶ
791 3427 1127 3497 ἀληθὲς,δύο
1147 3444 1160 3457 ·
1193 3428 1255 3480 τό
1278 3445 1337 3481 τε
1370 3431 1428 3481 έν
1464 3430 1862 3501 παρεληλυθότι

278 3516 423 3571 εἶναι
457 3520 553 3571 καὶ
580 3517 663 3569 ἐν’
692 3516 965 3587 μέλλοντι.
996 3518 1119 3571 Ἔτι
1156 3519 1215 3571 rb
1244 3520 1303 3571 ὲν
1326 3520 1503 3591 χρόνῳ
1532 3516 1673 3575 εἶναι
1708 3521 1864 3590 λεγό-

280 3627 444 3679 μενον
473 3609 503 3680 ἢ
530 3611 585 3661 ὲν
624 3610 828 3679 πρώτῳ
859 3603 1001 3662 εἶναι
1048 3608 1271 3678 λέγεται
1302 3612 1334 3682 ἢ
1363 3613 1419 3663 ὲν
1446 3613 1688 3684 δευτέρῳ
1711 3632 1724 3644 ·
1769 3617 1864 3669 καὶ

276 3707 333 3758 ἐν
362 3704 587 3776 πρώτῳ,
617 3705 745 3758 ὅταν
771 3707 798 3758 ὁ
828 3706 1019 3776 χρόνος
1048 3708 1122 3776 μή
1151 3709 1267 3760 ὲστι
1307 3708 1510 3778 μείζων
1542 3710 1681 3779 μήτε
1709 3710 1865 3763 ὲλάτ-

276 3812 385 3849 των
411 3797 511 3865 τῆς
542 3801 810 3868 κινήσεως
852 3796 946 3849 τοῦ
978 3796 1276 3867 λεγομένου
1305 3800 1365 3852 ὲν
1391 3800 1542 3871 αὐτῴ
1586 3797 1727 3855 εἶναι
1749 3817 1763 3831 ·
1805 3805 1864 3855 ὲν

276 3889 519 3959 δευτέρῳ
560 3889 638 3955 δὲ,
689 3891 819 3943 ὅταν
948 3889 1153 3959 μείζων
1194 3891 1291 3944 καὶ
1338 3891 1863 3963 ὑπερεκτεινόμενος

276 3981 373 4049 τῆς
425 3980 729 4051 κινήσεωςο
784 3981 919 4033 καθό
964 3997 1146 4050 φαμεν
1192 3983 1241 4035 εί
1294 3980 1450 4052 τύχοι
1508 3985 1565 4038 ὲν
1613 3988 1679 4055 τῇ
1734 3987 1862 4054 χθὲς

276 4075 464 4146 ἡμέρᾳ
492 4074 642 4127 τόνδε
672 4075 1058 4146 γεγεννῆσθαι,
1080 4074 1156 4145 μὴ
1181 4074 1309 4144 ὅλης
1343 4075 1446 4145 τῆς
1479 4076 1609 4145 χθὲς
1642 4079 1862 4148 ἡμέρας

278 4160 696 4230 παραταθείσης
749 4165 815 4233 τῇ
863 4164 1118 4232 γεννήσει
1166 4162 1331 4215 αὑτοῦ
1360 4204 1375 4229 ,
1433 4165 1572 4218 ἀλλὰ
1631 4166 1861 4237 βραχέος

281 4254 376 4321 μέν
427 4270 575 4315 τινος
619 4253 987 4323 διαστήματος
1034 4254 1171 4325 αὐτῇ
1209 4256 1723 4326 συμμετρηθέντος,
1763 4258 1859 4313 τοῢ

276 4344 331 4397 δὲ
355 4344 521 4398 ἄλλου
558 4344 753 4415 χρόνου
790 4346 1209 4417 ὑπερταθέντος.
1233 4346 1355 4400 Ἔτι
1385 4348 1479 4401 τοῦ
1512 4350 1645 4402 ποτὲ
1670 4353 1732 4403 rb
1761 4351 1860 4421 μέν

275 4437 421 4491 ἐστιν
468 4438 802 4508 ὡρισμένον,
850 4439 910 4491 τὸ
959 4438 1014 4491 δὲ
1056 4437 1116 4491 οὔ
1145 4454 1158 4468 ·
1193 4438 1498 4511 ὡρισμένον
1531 4442 1650 4511 μὲν,
1679 4443 1754 4506 ὡς
1794 4443 1858 4495 rb

277 4527 420 4598 χθὲς,
457 4530 724 4598 σήμερον,
763 4527 973 4601 αὔριον,
997 4530 1218 4600 πέρυσι,
1252 4533 1347 4584 καὶ
1371 4532 1439 4584 τὰ
1466 4532 1627 4603 ὅμοια
1648 4548 1660 4561 ·
1704 4534 1859 4605 ἀόρι-

1965 3442 2127 3484 erunt
2158 3440 2265 3485 tres
2301 3448 2315 3494 ;
2348 3433 2431 3484 sin
2460 3440 2666 3494 autem,
2696 3428 2841 3498 quod
2879 3436 2933 3481 et
2962 3440 3173 3490 verum,
3209 3423 3330 3477 dua:
3359 3440 3372 3476 :
3409 3437 3547 3490 pra:-

1966 3525 2188 3579 teritnm
2235 3535 2288 3578 et
2329 3524 2595 3578 futurum.
2668 3522 2797 3575 Item
2845 3519 2988 3590 quod
3037 3519 3090 3572 in
3132 3526 3378 3586 tempore
3428 3528 3553 3569 esse

1966 3618 2190 3679 dicitur,
2226 3627 2319 3671 aut
2350 3618 2401 3670 in
2430 3616 2610 3685 primo
2638 3625 2735 3668 aut
2777 3613 2833 3666 in
2868 3612 3115 3667 secundo
3149 3625 3273 3665 esse
3305 3608 3549 3672 dicitur;

1967 3711 2021 3764 in
2058 3712 2258 3778 primo,
2292 3709 2517 3778 quando
2552 3717 2772 3776 tempus
2828 3722 2932 3760 nec
2991 3704 3173 3775 majus
3200 3712 3285 3759 est
3313 3719 3413 3758 nec
3441 3703 3549 3757 mi-

1965 3820 2072 3859 nus
2107 3814 2252 3858 motu
2279 3803 2421 3873 ejus,
2454 3801 2600 3872 quod
2630 3800 2837 3855 dicitur
2868 3800 2921 3853 in
2953 3798 3044 3851 illo
3076 3815 3233 3863 esse;
3274 3799 3328 3850 in
3351 3812 3553 3851 secun-

1964 3893 2058 3959 do,
2093 3893 2313 3963 quando
2361 3892 2539 3961 majus
2590 3891 2664 3944 sit
2705 3889 2993 3960 magisque
3018 3897 3329 3951 extensum,
3383 3900 3549 3955 quam

1966 3992 2168 4037 motus.
2204 3982 2323 4047 Quo
2359 3997 2524 4035 sensu
2575 3978 2833 4041 dicimus,
2899 3994 2949 4033 e.
3013 3994 3122 4047 gr.,
3156 3977 3418 4030 hesterno
3460 3974 3552 4029 die

1965 4074 2112 4127 hunc
2162 4072 2443 4125 hominem
2506 4078 2693 4123 natum
2742 4084 2887 4134 esse,
2936 4083 3060 4121 cum
3107 4082 3215 4121 non
3263 4074 3407 4119 totus
3432 4065 3550 4119 dies

1964 4175 2289 4221 coextensus
2350 4162 2514 4217 fuerit
2569 4162 2691 4231 ejus
2747 4159 3043 4223 nativitati,
3084 4158 3177 4213 sed
3216 4158 3379 4212 breve
3418 4171 3550 4225 spa-

1964 4256 2099 4309 tium
2132 4254 2207 4307 illi
2262 4266 2639 4307 commensum
2670 4252 2761 4316 sit,
2829 4248 3103 4317 reliquum
3166 4260 3296 4300 vero
3334 4256 3550 4314 tempus

1963 4355 2441 4417 superextensum.
2472 4344 2699 4414 Insuper
2721 4342 2942 4414 quando
2966 4340 3112 4395 aliud
3130 4349 3215 4395 est
3234 4338 3545 4403 deﬁnitum,

1962 4440 2109 4493 aliud
2139 4454 2266 4493 vero
2307 4454 2451 4492 non:
2483 4436 2792 4501 deﬁnitum,
2854 4446 2915 4492 ut
2950 4432 3087 4502 heri,
3152 4432 3337 4497 hodie,
3398 4446 3543 4496 cras,

1964 4549 2109 4587 anno
2129 4531 2421 4602 superiori,
2440 4540 2497 4586 et
2525 4531 2609 4585 his
2639 4530 2874 4595 similia;
2908 4530 3277 4593 indelinitum,
3310 4538 3366 4582 ut
3389 4526 3543 4593 oliui,

279 4636 400 4673 στον
448 4622 507 4673 δὲ
549 4621 624 4684 ὡς
652 4621 713 4674 rb
743 4621 937 4685 παλαι,
974 4621 1283 4692 πρόπαλαι,
1322 4622 1476 4693 ἄρτι,
1515 4624 1655 4695 μετά
1687 4625 1851 4678 τάδε·

1965 4622 2308 4692 jampridem,
2352 4635 2546 4691 nuper,
2595 4619 2968 4690 postmodum.
3026 4617 3288 4689 Spectant
3321 4618 3449 4671 item
3476 4616 3545 4671 ad

276 4721 358 4789 εἴη
391 4719 435 4771 δ’
470 4716 537 4770 ἂν
570 4717 662 4769 καὶ
688 4715 861 4769 ταῦτα
899 4715 992 4770 τοῦ
1024 4716 1176 4781 ποτὲ,
1201 4717 1349 4785 λέγω
1372 4716 1436 4789 δὴ
1468 4717 1529 4770 rb
1557 4718 1647 4772 ὅτε
1678 4719 1771 4771 καὶ
1797 4720 1860 4771 rb

276 4812 393 4863 τότε
424 4810 526 4863 καὶ
560 4810 621 4862 rb
644 4810 909 4881 πρότερον
940 4808 1035 4863 καὶ
1061 4808 1307 4880 ὕστερον,
1354 4811 1450 4865 καὶ
1485 4811 1602 4881 ἅμα
1631 4812 1725 4865 καὶ
1752 4810 1856 4882 ἤδη

278 4905 369 4956 καὶ
401 4903 575 4973 βραδὺ
622 4902 717 4956 καὶ
750 4900 911 4971 ταχύ.
960 4900 1173 4955 Εἰδέναι
1211 4901 1268 4954 δὲ
1300 4901 1407 4973 χρὴ
1433 4942 1448 4967 ,
1492 4902 1574 4955 ὅτι
1606 4902 1668 4955 rb
1705 4903 1853 4972 χθὲς,

280 4994 543 5065 σήμερον,
565 4993 776 5064 αὔριον,
799 4993 895 5045 καὶ
909 4992 977 5045 τά
999 4993 1184 5062 ὅμοια,
1210 4991 1477 5063 ὁμώνυμά
1493 4994 1629 5046 ἐστι·
1653 4992 1730 5060 πῆ
1756 4992 1855 5062 μὲν

278 5088 382 5157 γὰρ
415 5088 610 5158 χρόνον
639 5087 799 5157 μόνον
825 5085 1078 5156 σημαίνει
1127 5084 1221 5137 καὶ
1273 5082 1423 5136 ἐστιν
1450 5083 1565 5154 εἴδη
1598 5082 1695 5137 τοῦ
1729 5083 1857 5154 χρό-

278 5196 388 5246 νου,
416 5181 496 5250 πῆ
524 5180 581 5233 δὲ
608 5180 668 5232 rb
702 5183 760 5232 ὲν
799 5178 975 5249 χρόνῳ
1017 5173 1155 5228 εἶναί
1192 5192 1246 5228 τι
1291 5174 1388 5228 καὶ
1419 5174 1568 5228 ἔστιν
1614 5176 1729 5245 εἴδη
1763 5176 1856 5229 τοῦ

280 5274 434 5325 ποτέ’
492 5274 587 5324 καὶ
635 5269 826 5341 λέληθε
877 5269 1037 5320 τοῦτο
1077 5268 1172 5318 καὶ
1219 5265 1329 5319 τῶν
1375 5265 1542 5318 πάλαι
1588 5264 1857 5330 δοξάντων

284 5363 645 5433 φιλοσοφῆσαι
671 5363 771 5416 οὐκ
804 5361 1039 5428 ὀλίγους.
1090 5356 1359 5428 Ύπάρχει
1390 5356 1447 5411 δὲ
1474 5356 1552 5427 τῷ
1587 5356 1717 5411 ποτὲ
1756 5358 1858 5427 μά-

281 5458 437 5512 λιστα
468 5458 528 5510 rb
558 5455 989 5529 προσσημαίνειν
1020 5453 1248 5522 χρόνονο
1286 5451 1364 5504 ἔτι
1409 5450 1466 5503 δὲ
1518 5450 1646 5503 ἴδιον
1686 5450 1855 5502 αὐτοῦ

280 5550 340 5603 rb
370 5550 722 5620 ἀποτέλεσμα
753 5546 894 5601 εἶναι
925 5546 1118 5616 χρόνου
1149 5545 1249 5598 καὶ
1272 5542 1381 5596 τῶν
1412 5542 1516 5595 ὑπὸ
1551 5542 1763 5612 χρόνον·
1797 5543 1855 5595 ἐν

281 5646 347 5713 τῇ
376 5643 513 5710 πρὸς
544 5642 680 5697 ἄλλα
712 5641 730 5711 (
755 5639 865 5709 γὰρ
892 5637 1140 5707 τούτων)
1192 5636 1322 5705 ποιᾷ
1353 5634 1537 5704 σχέσει
1586 5634 1855 5704 λαμϐάνει

280 5734 375 5803 τὴν
399 5732 630 5803 ὓπαρξιν
651 5748 664 5763 ο
700 5731 784 5800 εἴη
816 5730 860 5781 δ’
884 5730 949 5783 ἂν
977 5726 1124 5797 αὐτῷ
1163 5727 1399 5795 μάλιστα
1430 5724 1589 5779 τοῦτο
1616 5724 1678 5778 rb
1704 5725 1852 5778 ἴδιον·

283 5824 431 5894 μόνῳ
464 5842 523 5877 τε
557 5823 667 5893 γὰρ
701 5821 938 5890 ὑπάρχει
966 5818 1062 5871 καὶ
1104 5816 1643 5885 ἀντικατηγορεῖται.
1691 5814 1854 5868 Ἀλλὰ

282 5930 372 5968 και
435 5915 563 5987 περὶ
615 5912 710 5967 τοῦ
761 5911 893 5965 ποτὲ
938 5908 1172 5963 τοσαῦτα
1230 5905 1388 5960 τοῦτο
1432 5907 1493 5960 rb
1550 5904 1847 5973 κάνταῦθα,

1964 4715 2185 4785 quando
2206 4724 2261 4769 et
2286 4713 2437 4780 haec;
2466 4713 2605 4768 dum
2640 4722 2806 4781 atque
2837 4722 2951 4767 tum
2974 4720 3027 4767 et
3062 4712 3238 4782 prius,
3270 4720 3322 4765 et
3356 4717 3543 4779 poste-

1962 4805 2102 4873 rius,
2126 4816 2183 4862 et
2212 4806 2402 4871 simul,
2433 4805 2722 4876 etjam,'et
2749 4806 2991 4868 tandem,
3010 4811 3066 4857 et
3086 4805 3212 4857 cito.
3246 4801 3541 4857 Sciendum

1961 4914 2151 4969 porro,
2200 4898 2461 4954 adverbia
2509 4899 2614 4953 ista
2651 4898 2790 4963 heri,
2842 4897 3026 4963 hodie,
3078 4912 3201 4951 cras
3230 4905 3284 4950 et
3314 4895 3541 4959 similia,

1960 4992 2245 5063 requivoca
2275 5006 2431 5057 esse;
2473 4991 2635 5045 modo
2675 4990 2821 5044 enim
2858 5000 3073 5059 tempus
3101 4988 3278 5043 solum
3331 4987 3543 5056 signiﬁ-

1959 5095 2107 5149 cant,
2142 5094 2381 5154 snntque
2427 5082 2691 5152 temporis
2712 5082 2963 5153 species;
3022 5082 3186 5136 modo
3235 5080 3545 5151 signiﬁcant

1961 5178 2171 5248 aliquid
2222 5192 2345 5231 esse
2382 5177 2435 5231 in
2466 5185 2732 5245 tempore,
2768 5184 3006 5244 suntque
3040 5174 3251 5243 species
3280 5173 3544 5243 praedica-

1960 5270 2129 5325 menti
2176 5268 2419 5340 quando.
2441 5269 2621 5336 Atque
2649 5267 2753 5321 hoc
2776 5266 2937 5321 latuit
2964 5275 3206 5321 veterum
3234 5281 3342 5319 non
3367 5264 3541 5319 inﬁmi

1962 5364 2200 5419 nominis
2257 5363 2711 5431 philosophorum
2761 5360 2909 5415 haud
2962 5374 3189 5429 paucos.
3226 5358 3321 5413 Est
3351 5366 3536 5411 autem

1961 5456 2089 5511 huic
2119 5456 2540 5525 praedicamento
2575 5453 2856 5522 proprium
2892 5451 3131 5506 maxime
3157 5452 3540 5522 adsigniﬁcare

1958 5557 2217 5616 tempus;
2283 5546 2413 5599 item
2462 5543 2714 5599 eﬁ'ectum
2780 5558 2903 5598 esse
2960 5544 3220 5613 temporis
3264 5552 3536 5597 eteorum

1958 5654 2080 5709 qua:
2107 5638 2335 5708 tempori
2368 5636 2625 5691 subsunt.
2664 5635 2888 5706 llocque
2916 5635 2967 5688 in
2996 5646 3146 5689 certa
3176 5634 3412 5705 quadam
3439 5637 3536 5688 lia-

1958 5731 2206 5787 bitudine
2232 5728 2299 5783 ad
2340 5728 2445 5783 alia
2479 5726 2751 5792 consistit,
2778 5736 2972 5798 estque
3012 5727 3113 5797 ipsi
3147 5728 3383 5781 maxime
3410 5742 3538 5794 pro-

1957 5820 2135 5889 prium
2171 5835 2185 5873 :
2216 5816 2331 5872 Soli
2393 5816 2592 5870 etenim
2630 5817 2772 5871 inest
2824 5824 2877 5870 et
2942 5826 3134 5869 mutuo
3188 5815 3529 5885 praadicatur.

1963 5910 2161 5968 Verum
2202 5918 2253 5967 et
2286 5909 2352 5964 de
2398 5907 2607 5979 quando
2661 5908 2774 5965 lucc
2814 5908 2985 5976 satis,
3018 5908 3238 5966 omissis
3270 5908 3527 5965 nimirum
