4110 6428
499 456 598 524 811
1659 457 1914 518 PHO'BI-I
1955 458 2123 517 PATI

2193 458 2459 518 ARCILE
2489 458 2596 518 (ΣΡ.
3648 445 3756 508 812

501 572 1029 644 παραλελειμμένων
1063 570 1172 625 τῶν
1204 572 1345 626 κατὰ
1377 570 1652 639 ἀπόφασιν
1700 569 1847 623 ἰδίων
1903 569 1969 622 δι’
2009 567 2076 631 ἃς
2107 581 2123 629 2

2193 586 2294 625 nec
2327 584 2547 640 quoque
2578 565 2844 637 negativis
2874 560 3295 636 proprietatibus
3327 559 3397 616 ob
3421 573 3618 615 causas
3638 559 3756 628 jam

498 667 676 730 αἰτίας
713 665 926 737 προέφη
936 682 1034 736 μεν
1075 664 1208 735 (⁸55).

2193 659 2381 713 dictas.
3579 659 3587 668 ‘

1767 793 2130 862 'QU/ESTIO
2161 790 2439 848 CXLVIII.

1556 963 2041 1044 EDITOBIS
2139 960 2668 1041 MONITUM-

565 1165 806 1233 Quaastio
842 1164 956 1220 haec
980 1164 1164 1218 locum
1182 1163 1334 1219 Pauli
1362 1163 1542 1218 Galat.
1560 1178 1614 1228 ν,
1636 1163 1702 1217 15
1723 1162 2000 1232 explanat,
2026 1156 2302 1223 eumdem,
2324 1171 2488 1225 quem
2510 1155 2623 1226 jam
2651 1153 3107 1226 quinquagesima
3137 1162 3331 1222 quarta
3362 1156 3761 1223 pertractatum

496 1262 757 1316 vidimus.
795 1259 868 1314 Ea
894 1274 995 1315 nec
1029 1261 1086 1313 in
1113 1259 1450 1314 Coisliniano
1481 1273 1581 1313 nec
1614 1259 1666 1312 in
1697 1254 2024 1311 Taurinensi
2055 1252 2244 1307 codice
2286 1252 2586 1306 invenitur.
2625 1248 2800 1315 Quam
2847 1263 2973 1303 cum
3016 1247 3070 1301 in
3106 1245 3260 1300 Italia
3295 1246 3400 1300 iter
3430 1249 3762 1316 peragentes

496 1360 686 1421 utpote
712 1351 940 1406 minoris
968 1350 1126 1421 pretii
1159 1350 1280 1405 aliis
1311 1350 1551 1404 nondum
1583 1349 1744 1404 editis
1779 1345 2210 1418 postponendam
2240 1343 2563 1400 duxerimus
2591 1349 2646 1397 et
2678 1342 2732 1395 in
2770 1337 3069 1411 propitiora
3114 1347 3357 1406 tempora
3401 1333 3763 1405 rejecerimus

499 1443 995 1507 transcribendam,
1028 1443 1282 1496 ineditam
1317 1442 1497 1496 adhuc
1524 1441 1832 1510 relinquere
1864 1436 2039 1492 coacti
2075 1450 2290 1490 sumus.

569 1535 792 1591 Initiutn
830 1535 1076 1605 ejusdem
1113 1545 1199 1591 est
1236 1535 1288 1589 in
1328 1533 1590 1590 Vaticano
1634 1534 1822 1589 codice
1866 1531 1905 1586 f.
1941 1531 2060 1596 154,
2088 1532 2123 1584 Ε

2193 1528 2274 1582 ιὼν
2325 1531 2354 1581 6
2408 1527 2652 1589 Παῦλος,
2689 1521 2750 1579 οὗ
2799 1526 2832 1595 ἡ
2881 1522 3106 1590 γλῶσσα
3132 1520 3226 1574 τοῦ
3253 1521 3412 1588 ἁγίου
3442 1515 3761 1585 Πνεύματος

495 1632 731 1703 ὄργανον
795 1629 1006 1696 (Dicens
1043 1629 1266 1694 Paulus,
1303 1630 1453 1700 cujus
1491 1629 1675 1699 lingua
1729 1628 1900 1683 sancti
1937 1625 2123 1695 Spiritt

2205 1619 2671 1688 instrumentum);
2728 1618 2850 1673 linis
2908 1631 3037 1670 vero
3072 1633 3084 1668 :
3129 1615 3197 1667 τὰ
3226 1615 3284 1668 δὲ
3335 1610 3536 1684 βιϐλία.
3562 1608 3638 1671 ὡς
3670 1608 3768 1660 καὶ

495 1701 540 1794 ἡν
575 1701 642 1788 σὴ
671 1722 1030 1794 ἀρχιερατικὴ
1074 1723 1350 1792 τελειότης
1409 1721 1823 1780 συνεπίσταται,
1869 1717 2008 1787 μετὰ
2067 1715 2177 1769 τῶν
2220 1714 2422 1776 ἄλλων,
2473 1712 2533 1778 ἐξ
2565 1705 2640 1764 ὧν
2675 1710 2902 1764 δυνατὸν
2935 1708 3056 1779 ζῇν,
3085 1709 3118 1777 ἠ
3145 1703 3493 1776 αἰχμαλωσία
3523 1701 3768 1769 λάφυρον

497 1815 650 1868 ἔθετο
681 1793 864 1885 (libros
904 1793 1044 1880 vero,
1075 1815 1210 1869 sicut
1243 1824 1292 1868 et
1327 1822 1419 1869 tua
1445 1813 1584 1867 novit
1614 1809 1937 1882 pontiﬁcalis
1966 1807 2234 1876 perfectio,
2267 1821 2373 1859 una
2396 1820 2515 1858 cum
2549 1803 2693 1865 aliis,
2727 1817 2754 1854 e
2784 1801 2973 1872 quibus
3007 1800 3170 1854 vitam
3199 1813 3352 1867 agere
3384 1793 3769 1863 potuissemus.

498 1914 779 1984 captivitas
813 1916 916 1972 sibi
945 1914 1183 1986 praedam
1217 1913 1442 1981 rapuit).

1511 2041 1835 2112 QUA‘JSTIO
1876 2039 2088 2097 CXLIX
2122 2038 2310 2111 [CoisL
2365 2034 2530 2088 Taur.
2579 2029 2739 2103 CIII].

1881 2157 1952 2210 De
1986 2157 2108 2210 vita:
2149 2152 2391 2208 termino.

1203 2275 1346 2325 Edita
1370 2289 1397 2324 a
1423 2272 1549 2323 Maio
1574 2271 1744 2336 (Novae
1765 2270 1975 2320 Collect.
2002 2273 2134 2317 tomo
2156 2265 2196 2326 Ι,
2222 2278 2271 2326 p.
2298 2263 2390 2311 283
2411 2275 2541 2323 seq.;
2583 2260 2644 2320 II,
2671 2275 2721 2323 p.
2746 2259 2837 2308 683
2861 2259 2942 2308 ed.
2961 2257 3123 2318 1825.)

997 2403 1190 2456 Exstat
1219 2405 1363 2457 inter
1393 2418 1555 2470 opera
1583 2399 1644 2455 S.
1675 2397 1953 2464 Germani,
2008 2395 2174 2466 hujus
2222 2392 2498 2463 Patrolog.
2539 2405 2579 2446 t.
2617 2390 2850 2456 XCVIII,
2899 2390 3005 2444 col.
3041 2388 3272 2444 90-125.

2723 2692 3058 2745 ΕΡΩἸῚΙΣΙΣ
3108 2690 3236 2742 PN'.

2551 2784 2741 2838 Πόσαι
2774 2784 3060 2836 Σιϐύλλαι
3096 2781 3418 2851 ferarum;

1365 2885 1506 2935 Edita
1534 2899 1560 2933 a
1589 2887 1645 2934 B.
1678 2886 1742 2933 de
1777 2886 2091 2942 Montl‘aucon
2117 2896 2368 2960 (Biblioth.
2398 2897 2536 2951 Cois!
2562 2937 2575 2960 ,
2597 2913 2648 2961 p.
2672 2898 2783 2959 517,
2804 2897 2912 2945 518.

633 2700 962 2770 ΩυίΕΞΤΙυ
997 2701 1084 2755 CL
1109 2699 1301 2772 [CoisL
1332 2698 1491 2754 CLX.
1543 2699 1709 2754 Taur.
1741 2698 1947 2770 CLIX].
2108 2694 2155 2750 B

943 2793 1082 2858 Quot
1133 2792 1326 2861 fuerint
1370 2790 1640 2861 Sibyllw?

576 2970 796 3044 Sibylla:
826 2970 977 3026 fuere
999 2969 1208 3035 decem,
1242 2983 1475 3038 quarum
1520 2969 1708 3039 primm
1741 2985 1943 3026 nomen
1966 2987 2085 3034 erat

501 3065 840 3122 Sambethe:
897 3079 1016 3119 eam
1074 3077 1204 3117 vero
1255 3061 1565 3118 Chaldaeum
1628 3061 1802 3118 fuisse
1859 3072 2087 3120 narrant

499 3169 750 3223 veteres;
784 3156 876 3211 alii
914 3155 1096 3226 potius
1142 3152 1452 3218 Ilehraeam,
1486 3168 1608 3222 qua:
1632 3154 1798 3210 unius
1838 3172 1904 3209 ex
1957 3155 2084 3214 ﬁliis

499 3249 616 3304 Noe
656 3264 796 3304 uxor
821 3247 926 3303 fuit
955 3257 1120 3317 atque
1147 3261 1256 3300 una
1286 3260 1410 3300 cum
1442 3245 1538 3300 illo
1567 3256 1622 3300 et
1651 3245 1775 3302 aliis
1809 3247 1861 3301 in
1893 3263 2080 3304 arcam

501 3342 751 3412 ingressa
791 3341 882 3396 sit.
917 3339 1070 3394 Hanc
1097 3354 1225 3394 vero
1265 3353 1350 3403 ea,
1392 3353 1514 3408 quae
1540 3338 1607 3392 ad
1638 3339 1806 3394 turris
1840 3340 2082 3395 aeditica-

502 3433 708 3488 tionem
773 3430 1120 3502 spectabant,
1168 3428 1531 3483 vaticinatam
1595 3428 1805 3492 dicunt,
1870 3445 2084 3485 necnon

501 3539 590 3589 ea,
621 3537 743 3592 quae
802 3521 1120 3577 acciderunt
1152 3519 1218 3574 iis
1247 3519 1340 3589 qui
1393 3519 1446 3572 in
1483 3518 1589 3572 tale
1647 3533 1844 3574 ausum
1877 3535 2076 3588 proru-

503 3632 672 3687 pere;
708 3613 934 3670 oracula
961 3610 1324 3676 verol‘udisse
1349 3609 1616 3666 Hebraica
1646 3610 1855 3681 lingua,
1894 3620 2082 3682 utpote

503 3724 628 3779 qua:
655 3713 783 3761 ante
809 3703 1136 3760 divisionem
1191 3703 1505 3773 linguarum
1537 3702 1702 3756 fuerit
1735 3720 1750 3769 ;
1785 3702 2086 3772 quinetiam

503 3798 803 3856 Alexandri
825 3795 1139 3852 Macedonis
1157 3804 1308 3865 gesta
1327 3794 1669 3865 praedixisse,
1689 3795 1848 3865 cujus
1869 3811 2091 3866 quoque

2258 2982 2514 3038 Σιϐύλλαι
2568 2983 2666 3053 μὲν
2723 2979 2982 3049 γεγόνασι
3041 2975 3194 3040 δέκα,
3240 2968 3316 3028 ὧν
3370 2971 3562 3043 πρώτη
3599 2971 3777 3042 ὄνομα

2189 3072 2477 3144 Σαμϐήθη,
2509 3071 2782 3126 Χαλδαίαν
2805 3069 2860 3123 δέ
2891 3085 3055 3139 φασιν
3078 3067 3248 3139 αὐτὴν
3273 3067 3322 3119 οἱ
3349 3063 3569 3117 παλαιοὶ
3599 3063 3772 3130 λόγοι,

2189 3168 2238 3221 οἱ
2264 3165 2320 3219 δὲ
2353 3165 2554 3237 μᾶλλον
2605 3161 2861 3233 Ἐϐραίαν
2883 3178 2896 3192 ·
2933 3160 3029 3214 καὶ
3065 3159 3128 3228 δὴ
3158 3157 3254 3212 καὶ
3300 3158 3380 3210 ἐνὶ
3427 3154 3632 3209 παίδων
3675 3153 3771 3206 τοῦ

2189 3257 2315 3311 Νῶε
2339 3258 2419 3321 εἰς
2447 3255 2684 3324 γυναῖκα
2714 3250 3057 3322 ἁρμοσθῆναι
3084 3248 3179 3302 καὶ
3228 3243 3588 3300 συνεισελθεῖν
3623 3242 3778 3313 αὐτῷ

2191 3368 2252 3404 τε
2285 3350 2382 3404 καὶ
2408 3350 2522 3412 τοῖς
2552 3346 2734 3409 ἄλλοις
2757 3347 2815 3398 ὲν
2833 3346 2898 3415 τῇ
2928 3341 3168 3412 κιϐωτῷ.
3193 3341 3411 3410 Ταύτην
3433 3338 3529 3391 καὶ
3548 3336 3618 3390 τὰ
3644 3337 3774 3406 περὶ

2191 3442 2293 3512 τῆς
2315 3437 2707 3511 ειπυργοποιίας
2751 3434 3144 3507 χρησμῳδῆσαί
3189 3449 3342 3500 φασι,
3380 3431 3474 3512 καὶ
3526 3430 3626 3482 ὅσα
3661 3430 3774 3491 τοῖς

2189 3507 2349 3584 τοῦτο
2378 3507 2576 3598 συνέϐη
2604 3527 2942 3598 τολμήσασι’
2976 3522 3374 3597 χρησμῳδῆσαι
3406 3507 3463 3574 δὲ
3514 3519 3622 3591 πρὸ
3673 3519 3774 3588 τῆς

2190 3621 2512 3693 διαιρέσεως
2542 3619 2654 3674 τῶν
2688 3617 2948 3686 γλωσσῶν
2984 3615 3362 3686 γεγενημένην
3391 3611 3612 3683 γλώσσῃ
3641 3610 3774 3680 φασὶ

2191 3713 2260 3766 τὰ
2291 3711 2758 3784 χρησμῳδηθέντα
2779 3712 2844 3780 τῇ
2891 3707 3136 3779 Ἐϐραΐδι
3167 3723 3181 3737 ο
3203 3708 3265 3760 οὐ
3295 3706 3400 3776 μὴν
3427 3705 3504 3770 δὲ,
3528 3703 3661 3758 ἀλλὰ
3679 3701 3776 3755 καὶ

2189 3805 2259 3860 τὰ
2286 3805 2430 3859 κατὰ
2477 3803 2569 3856 τὸν
2614 3801 2966 3870 Ἀλέξανδρον
3005 3800 3097 3854 τὸν
3149 3798 3440 3852 Μακεδόνα
3469 3798 3774 3869 προειπεῖν,

505 3891 839 3946 mentionem
869 3887 999 3943 facit
1030 3885 1296 3951 Nicanor,
1331 3886 1379 3940 is
1414 3885 1508 3955 qui
1565 3885 1864 3940 Alexandri
1915 3891 2086 3941 vitam

2193 3895 2258 3971 ἧς
2311 3897 2408 3952 καὶ
2468 3896 2690 3967 μνήμην
2744 3895 3002 3965 Νικάνωρ
3044 3894 3072 3946 6
3122 3891 3214 3944 τὸν
3257 3887 3607 3960 Ἀλεξάνδρου
3661 3887 3776 3958 βίον

506 3980 748 4050 scripsit.
803 3977 1058 4034 Secunda
1084 3991 1211 4031 vero
1261 3974 1517 4048 Libyssa,
1553 3974 1714 4046 cujus
1747 3976 1998 4030 meminit
2032 3977 2087 4030 in

2193 3988 2518 4061 ἀναγράψας
2545 3988 2866 4059 πεποίηκεν.
2908 3985 3146 4054 Δευτέρα
3171 3983 3227 4037 δὲ
3247 3981 3513 4046 Λίϐυσσα,
3545 3977 3612 4052 ἧς
3643 3979 3777 4048 μνή-

505 4073 708 4128 Lamia:
741 4071 968 4143 prologo
991 4066 1280 4136 Euripides
1309 4084 1323 4121 :
1356 4081 1557 4121 nomen
1589 4073 1772 4122 autem
1813 4067 1932 4137 ejus
1976 4083 2086 4122 non

2197 4103 2304 4156 μην
2335 4082 2629 4153 ἐποιήσατο
2661 4082 2719 4134 ὲν
2746 4079 2826 4150 τῷ
2847 4078 2945 4147 τῆς
2984 4077 3216 4147 Δαμίης
3246 4075 3497 4148 προλόγῳ
3547 4071 3776 4142 Εὐριπίο

502 4167 664 4239 plane
719 4165 1021 4220 declarant.
1057 4159 1241 4216 Tertia
1299 4158 1522 4229 Delphis
1564 4166 1693 4214 nata
1754 4169 1859 4223 est,
1928 4161 2090 4230 cujus

2193 4176 2290 4244 δης
2329 4173 2501 4244 ὄνομα
2547 4171 2606 4225 δὲ
2640 4169 2812 4240 αὐτῆς
2864 4169 2924 4222 οὐ
2971 4169 3112 4221 πάνυ
3148 4166 3559 4236 σαφηνίζουσιν.
3603 4163 3775 4235 Τρίτη

503 4259 797 4315 historiam
851 4253 1176 4310 memoravit
1210 4251 1574 4323 Chrysippus.
1627 4250 1829 4318 Quarta
1879 4251 2123 4318 Italica,t

2193 4263 2468 4334 Δελῳὶς,ή
2511 4263 2568 4314 ὲν
2615 4259 2839 4328 Δελφοῖς
2892 4257 3163 4328 τεχθεῖσα,
3214 4255 3343 4326 περὶ
3393 4250 3463 4328 ἧς
3517 4253 3775 4325 ἱστόρησε

503 4369 627 4423 quae
661 4353 717 4406 in
771 4349 1068 4406 solitudine
1103 4345 1274 4402 Italiae
1345 4353 1685 4401 commorata
1735 4355 1838 4400 est.
1891 4346 2090 4412 Quinta

505 4441 812 4515 Erythraea,
852 4456 974 4510 quae
1000 4437 1129 4495 belli
1161 4436 1388 4508 Troiani
1450 4447 1646 4492 eventa
1681 4437 2088 4507 praenuntiavit,

502 4535 571 4589 de
594 4549 702 4604 qua
745 4531 990 4601 loquitur
1015 4528 1384 4599 Apollodorus
1412 4525 1754 4599 Erythraeus.
1809 4528 1972 4582 Sexta
2004 4537 2092 4583 est

504 4628 713 4691 Samia,
746 4624 904 4694 cujus
938 4638 1139 4684 nomen
1174 4621 1458 4693 proprium
1496 4621 1652 4677 aiunt
1698 4637 1820 4677 esse
1872 4620 2083 4692 Pytho.

503 4721 748 4791 Septima
785 4720 1002 4790 Cymma
1062 4717 1146 4770 vel
1171 4713 1395 4770 Cumaea
1411 4727 1632 4784 genere,
1667 4713 1888 4768 nomine
1909 4723 2089 4766 autem

501 4813 792 4867 Amalthea
826 4826 842 4877 ;
880 4807 972 4863 alii
1005 4806 1324 4877 Erophilam
1365 4813 1586 4870 vocant,
1617 4805 1761 4874 apud
1814 4803 2086 4874 quosdam

502 4920 634 4958 vero
664 4905 808 4958 hanc
851 4900 1270 4972 appellationem
1323 4896 1518 4952 sortita
1577 4903 1662 4950 est
1710 4893 2089 4949 Taraxandra.

510 4996 770 5068 Virgilius
825 5009 991 5064 porro
1021 5003 1182 5063 poeta
1229 4990 1514 5045 Romanus
1570 4986 1888 5058 Deiphoben
1966 5001 2087 5042 eam

504 5098 808 5159 nuncupat.
844 5085 1049 5141 Octava
1101 5094 1185 5140 est
1237 5080 1632 5150 Ilellespontia,
1689 5093 1812 5149 quae
1869 5078 1922 5133 in
1963 5079 2091 5133 vico

504 5180 764 5236 Marmiso
795 5189 913 5242 orta
941 5187 1045 5242 cst,
1076 5191 1244 5247 prope
1267 5173 1524 5244 oppidum
1559 5171 1966 5243 Gergetionem,
1994 5172 2089 5240 qui

505 5273 662 5328 vicus
693 5271 822 5326 olim
859 5271 910 5324 in
942 5271 1181 5325 termino
1237 5266 1416 5336 Troja:
1452 5265 1574 5320 fuit.
1647 5263 1799 5319 Nona
1824 5264 2085 5336 Phrygia.

508 5365 731 5419 Decima
775 5360 1027 5432 Tigurtia
1057 5374 1275 5430 genere,
1311 5357 1534 5412 nomine
1568 5365 1755 5412 autem
1814 5357 2084 5411 Abunrea.

504 5455 615 5512 llas
643 5457 833 5510 dicunt
865 5455 1064 5509 mentis
1101 5453 1335 5521 impotes
1357 5448 1543 5504 futura
1573 5449 1898 5504 vaticinatas
1919 5465 2042 5504 esse
2073 5468 2089 5516 ;

507 5563 629 5600 cum
662 5556 846 5600 autem
875 5560 1066 5601 earum
1107 5542 1332 5599 oracula
1365 5540 1708 5610 excipientes
1742 5541 1948 5609 scripto
1980 5549 2091 5594 tra-
2133 5557 2151 5574 ν

2193 4355 2536 4428 Χρύσιππος.
2560 4351 2603 4406 Τ
2607 4350 2809 4422 ετάρτη
2837 4347 3089 4420 Ἰταλικὴ,
3111 4350 3145 4420 ἡ
3183 4349 3240 4400 ὲν
3265 4349 3471 4420 ἐρημίᾳ
3507 4345 3608 4415 τῆς
3642 4345 3777 4397 Ἰτα-

2191 4447 2312 4510 λίας
2343 4445 2442 4517 τὴν
2465 4442 2751 4516 διατριϐὴν
2784 4439 3063 4512 ίλαχοῦσα.
3113 4441 3346 4510 Πέμπτη
3381 4441 3414 4511 ἡ
3456 4435 3776 4508 Ἐρυθραία,

2193 4541 2317 4612 ἦτις
2347 4538 2439 4594 καὶ
2467 4536 2536 4590 τὰ
2562 4536 2706 4590 κατὰ
2731 4533 2824 4588 τὸν
2848 4533 3093 4601 Τρωϊκὸν
3121 4533 3358 4602 πόλεμον
3388 4528 3778 4600 συνενεχθέντα

2195 4632 2622 4703 προηγόρευσεν,
2668 4628 2798 4698 περὶ
2841 4620 2910 4699 ἧς
2952 4624 3353 4695 Ἀπολλόδωρος
3393 4624 3421 4675 6
3456 4621 3778 4693 Ἐρυθραῖος

2193 4723 2550 4795 διεξέρχεται.
2599 4719 2774 4788 Ἕκτη
2810 4720 2844 4789 ἡ
2892 4717 3097 4788 Σαμία,
3149 4709 3219 4788 ἦς
3264 4715 3326 4768 τὺ
3372 4713 3562 4784 κύριον
3605 4711 3778 4780 ὄνομα

2192 4815 2347 4869 Φυτώ
2374 4829 2559 4884 φασιν.
2599 4811 2834 4881 Ἑϐδόμη
2864 4811 2898 4882 ἡ
2937 4809 3164 4877 Κυμαία
3195 4808 3294 4879 μὲν
3315 4805 3492 4876 γένος,
3525 4805 3697 4874 ὄνομα
3721 4801 3778 4856 δὲ

2206 4907 2544 4977 Ἀμάλθειαο
2584 4906 2632 4958 οἱ
2687 4903 2746 4957 δὲ
2808 4902 3114 4973 Ἐρωφίλην
3167 4899 3336 4970 φασί·
3376 4897 3529 4970 παρά
3577 4913 3687 4951 τισι
3719 4894 3778 4949 δὲ

2196 5001 2387 5070 κλῆσιν
2407 4999 2676 5069 ἠνέγκατο
2721 4994 3124 5064 Ταραξὰνδρα.
3155 4992 3426 5065 Βιργίλιος
3477 4991 3534 5044 δὲ
3591 4991 3619 5043 6
3653 4989 3780 5041 'Ptn-

2197 5090 2372 5161 μαίων
2397 5087 2627 5159 ποιητὴς
2655 5086 2931 5159 Δηιφόϐην
2974 5085 3146 5156 αὐτὴν
3196 5082 3475 5153 ὀνομάζειο
3525 5079 3713 5150 Ὀγδὸη
3741 5079 3777 5147 ἦ

2204 5181 2648 5251 Ἐλλησποντεία,
2686 5179 2810 5250 ἥτις
2837 5180 2896 5232 ὲν
2923 5177 3086 5249 κώμῃ
3114 5174 3394 5247 Μαρμισὼ
3437 5177 3536 5245 τὴν
3561 5175 3778 5241 γένεσιν

2192 5275 2351 5344 ἔσχεν
2378 5273 2506 5346 περὶ
2534 5272 2630 5343 τὴν
2661 5271 2920 5342 πολίχνην
2976 5269 3334 5341 Γεργετιόναο
3399 5269 3504 5321 ὑπὸ
3540 5267 3640 5338 τὴν
3686 5268 3776 5319 ὲν-

2192 5367 2346 5437 ορίαν
2372 5365 2430 5419 δὲ
2459 5363 2598 5435 αὕτη
2628 5363 2754 5416 ποτὲ
2791 5363 2890 5433 τῆς
2931 5362 3132 5433 Τροίας
3171 5361 3487 5431 ἐτύγχανεν.
3524 5359 3713 5429 Ἐνάτη
3740 5359 3774 5429 ἠ

2193 5457 2423 5529 Φρυγία.
2467 5456 2590 5509 Ἐπὶ
2620 5457 2755 5509 πᾶσι
2806 5455 3032 5524 δεκάτη,
3069 5456 3100 5524 ἡ
3132 5453 3430 5522 Τιγουρτία
3463 5451 3563 5521 μὲν
3597 5451 3773 5518 γένος,

2194 5549 2364 5619 ὄνομα
2417 5548 2474 5600 δὲ
2507 5547 2815 5601 Ἀϐουναία.
2851 5546 3068 5610 Ταύτας
3121 5546 3254 5613 φασὶ
3301 5546 3410 5598 τῶν
3445 5545 3658 5615 φρενῶν
3691 5543 3777 5608 ἐξ-

507 5638 726 5702 dcbant,
754 5654 879 5694 cum
909 5655 1018 5692 non
1077 5645 1304 5707 possent
1338 5634 1427 5688 illa
1469 5632 1646 5702 perite
1675 5640 1730 5687 et
1779 5631 1900 5686 sine
1931 5631 2084 5700 lapsu

2198 5639 2497 5708 ισταμένας
2521 5639 2588 5692 τὰ
2615 5638 2875 5710 μέλλοντα
2903 5637 3283 5708 χρησμῳδεῖν·
3315 5636 3424 5689 τῶν
3455 5634 3774 5704 ὑπολαμϐα-

2015 5748 2250 5804 NOTAE.

581 5847 694 5917 (3'5)
731 5848 804 5900 De
833 5845 1108 5917 ratrgqria
1142 5841 1356 5917 ultima,
1387 5854 1508 5909 quae
1544 5845 1627 5894 est
1657 5853 1716 5892 το
1753 5837 1918 5908 ἔχειν,
1949 5840 2080 5896 nihil
2117 5843 2280 5916 habet
2344 5845 2584 5901 Planius.
2641 5844 3017 5900 I’crtractalur
3079 5842 3219 5914 apud
3277 5842 3442 5898 Arist.
3501 5858 3549 5896 ς.
3582 5842 3679 5898 ult.
3710 5843 3773 5896 15

510 5908 598 6006 to;
621 5908 686 5971 ιν
714 5935 767 5987 p.
797 5918 866 5970 at
895 5908 986 5972 cui
1009 5915 1161 5968 Paris
1200 5908 1376 5979 1818).
