4110 6426
285 341 384 405 813

1147 345 1248 404 AD
1281 343 1877 405 AMPHILOCIIIUM
1915 341 2260 414 QUiESTIO
2294 338 2761 402 CXLVIII-CLI.

3447 334 3550 396 8H

284 463 482 532 vévrmv
501 457 558 511 δὲ
587 459 773 530 γραφῇ
802 455 930 522 τοὺς
953 449 1270 529 χρησμοὺς,
1290 461 1389 514 οὐκ
1412 461 1644 530 ἐχόντων
1673 459 1862 526 σοφίαν
1893 489 1905 515 λ

1989 457 2298 520 lescribere,
2328 469 2566 523 eumque
2596 452 2734 507 alias
2765 450 3038 506 velocitati
3078 449 3356 504 dictorum
3389 465 3551 519 pares

284 553 348 604 τὰ
370 550 842 622 χρησμῳδοὺμενα
877 551 1111 622 γράφειν
1149 551 1482 617 ἁπταίστως;
1517 553 1692 615 ἄλλως
1722 569 1780 604 τε
1807 550 1863 603 δὲ

285 646 376 697 καὶ
407 642 482 713 τῷ
507 644 661 711 τάχει
695 643 793 712 τῆς
821 644 994 713 φορᾶς
1028 644 1136 696 τῶν
1171 644 1344 714 λόγων
1378 645 1475 696 οὐκ
1510 645 1745 714 ἐχόντων
1770 661 1867 695 και

287 734 768 804 θυπηρετουμένας
805 734 904 797 τὰς
946 737 1154 804 χεῖρας,
1190 735 1460 804 συμϐῆναι
1506 735 1733 798 πολλοὺς
1760 733 1868 786 τῶν

285 827 546 898 χρησμῶν
582 828 662 891 είς
692 826 1040 896 χωλιὰμϐους
1083 827 1364 881 διαπεσεῖν
1398 830 1492 882 καὶ
1530 827 1726 898 μηκέτι
1766 845 1861 879 τυ-

285 921 394 988 χεῖν
423 917 784 988 διορθώσεως.
832 919 962 971 Ἂτε
995 919 1060 990 δὴ
1103 920 1212 972 τῶν
1259 919 1360 988 μὲν
1393 919 1740 990 χρησμῳδῶν
1763 936 1864 986 γυη-

285 1010 445 1061 ναίων
476 1012 533 1062 ἐν
559 1011 816 1064 ἐκστάσει
844 1010 1205 1064 καθεστώτων
1226 1012 1479 1064 ’ἐπειδὰν
1510 1011 1608 1081 τὴν
1639 1009 1872 1082 ὕπαρξιν

285 1099 658 1170 προηγόρευον
700 1100 806 1152 τῶν
855 1101 1190 1172 μελλόντων·
1259 1101 1628 1172 πεπαυμένων
1679 1101 1735 1154 δὲ
1776 1099 1873 1154 τοῦ

285 1191 680 1261 χρησμολογεῖν
712 1192 980 1262 μηδαμῶς
1037 1193 1290 1264 αἴσθησιν
1327 1193 1558 1262 ἐχόντων
1611 1195 1747 1262 μήτε
1798 1186 1874 1245 ὧν

283 1281 485 1350 ἔλεγον,
523 1282 664 1353 μήτε
693 1282 745 1334 τί
770 1281 834 1336 ἂν
867 1282 1144 1352 βούλοιντο
1171 1284 1237 1337 τὰ
1267 1279 1798 1353 κεχρησμῳδημένα.

764 1395 1100 1447 ΕΡΩἹἪΣΙΣ
1126 1395 1301 1447 PNA’.

282 1489 418 1557 Περὶ
464 1489 586 1543 τῶν
611 1487 892 1560 χρήσεων
925 1488 1046 1540 τῶν
1073 1488 1288 1560 ἕξωέν
1323 1487 1396 1556 τῇ
1440 1488 1696 1557 ἡμετέρᾳ
1719 1491 1866 1557 Γρα-

768 1559 853 1628 φῇ
882 1557 1351 1628 εὑρισκομένων.

1967 548 2376 622 nonhabereut
2405 559 2623 610 manus,
2656 544 2783 598 hinc
2817 543 3104 606 accidisse,
3134 551 3194 595 ιιι
3221 542 3393 595 multa
3425 558 3550 596 ora-

1968 645 2089 699 cula
2125 645 2176 696 iu
2216 642 2556 697 elmliambos
2613 640 2983 703 deﬂectereut,
3045 653 3145 692 nec
3206 646 3432 706 possent
3475 636 3556 688 ul-

1972 738 2144 791 terius
2190 735 2492 790 emendari.
2531 733 2669 799 Quia
2701 733 2959 786 nimirum
3006 745 3130 784 cum
3162 730 3422 782 mulieres
3448 727 3554 780 illae

1942 829 2333 882 vaticinantes
2377 829 2430 880 in
2483 823 2917 896 prmnuntiandis
2949 822 3148 876 futuris
3199 820 3404 876 mentis
3446 834 3554 872 non

1972 931 2251 990 computes
2285 928 2489 985 essent,
2527 927 2820 988 postquam
2858 915 3186 970 vaticinandi
3225 913 3385 966 linem
3414 911 3558 965 lece-

1978 1021 2119 1077 rant,
2174 1012 2386 1065 nullum
2436 1025 2629 1065 eorum
2663 1025 2786 1079 qua:
2826 1008 3081 1062 dixerant
3113 1021 3338 1063 sensum
3387 1004 3557 1058 habe-

1979 1107 2129 1171 baut,
2168 1122 2347 1177 neque
2367 1105 2498 1177 quid
2530 1107 2634 1162 sibi
2665 1106 2867 1160 vellent
2892 1106 3116 1159 oracula
3144 1103 3421 1161 sciebant.

1977 1395 2304 1464 QU/ESTIO
2335 1397 2440 1454 CLI
2475 1396 2666 1470 [CoisL
2693 1394 3022 1458 CLXXXIII,
3063 1394 3223 1447 Taur.
3279 1391 3561 1462 CLXXII}.

1980 1488 2054 1542 De
2093 1490 2440 1558 profanorum
2474 1498 2750 1542 auctorum
2794 1488 3106 1542 testimoniis
3142 1504 3260 1540 aute
3303 1487 3354 1539 in
3395 1487 3563 1540 sacris

2480 1559 2694 1613 Litteris
2723 1559 3044 1628 allegantur.

1301 1677 1442 1728 Edita
1467 1693 1493 1727 a
1515 1678 1636 1728 Maio
1665 1679 1812 1742 (Nov.
1851 1677 1995 1740 σαι,
2034 1683 2068 1728 ι.
2092 1678 2174 1736 1x,
2206 1664 2252 1741 β.
2283 1679 2390 1739 ιοι,
2420 1678 2526 1726 102.

364 1764 567 1828 Ἰούδας
600 1765 698 1835 μὲν
725 1764 816 1818 οῦν
841 1766 869 1816 ὁ
894 1763 1194 1826 ἀπόστολος
1219 1765 1275 1815 ἐν
1299 1767 1363 1834 τῇ
1391 1764 1557 1816 αὑτοῦ
1578 1764 1869 1833 Ἐπιστολῇ

279 1861 342 1913 ὲκ
371 1860 480 1911 τῶν
552 1858 862 1927 λεγομένων
941 1857 1278 1928 ἀποκρύφων
1330 1857 1608 1917 Μωῦσέως
1664 1855 1871 1924 ταύτην

2052 1764 2220 1819 Jutlas
2249 1764 2468 1832 quidem
2494 1761 2800 1830 apostolus,
2823 1763 2874 1815 iu
2913 1777 3011 1815 sua
3038 1759 3302 1828 Epistola,
3323 1775 3386 1811 ex
3417 1757 3572 1816 libris

1979 1861 2308 1928 apocryphis
2363 1857 2534 1928 Moysi
2591 1855 2873 1910 attributis
2939 1856 3088 1908 huue
3135 1853 3293 1907 aﬂ'ert
3345 1859 3565 1906 locum:

279 1953 519 2022 προάγει
576 1949 675 2018 τὴν
725 1947 916 2020 χρείαν
942 1964 957 1979 ·
1033 1948 1092 2001 Ὀ
1114 1947 1170 2000 δὲ
1205 1946 1425 2017 Μιχαὴλ
1468 1948 1496 1998 ὀ
1527 1945 1869 2016 ἀρχάγγελος

1989 1972 2002 2002 ι
2035 1949 2266 2004 Michael
2298 1948 2662 2018 arcltaugelus
2685 1963 2807 2002 cum
2841 1946 3058 2029 diabolo
3093 1946 3378 2016 disputans
3408 1944 3576 1997 alter-

279 2045 365 2097 ὃτε
405 2044 488 2114 τῷ
535 2043 769 2110 διαϐόλῳ
823 2042 1236 2111 διακρινόμενος
1291 2039 1566 2107 διελέγετο
1622 2037 1872 2108 περὶτοῦ

281 2136 570 2198 Μωῦσέως
601 2133 874 2204 σώματος,
908 2132 1006 2186 οὐκ
1037 2132 1304 2202 ἐτόλμησε
1336 2131 1518 2202 κρίσιν
1557 2132 1876 2198 ἐπενεγκεῖν

286 2226 664 2296 βλασφημίας,
689 2225 816 2278 ἀλλ’
837 2221 1008 2278 εἶπεν·
1043 2244 1061 2276 ι
1105 2226 1463 2297 Ἐπιτιμήσαι
1493 2225 1818 2296 σοιΚύριος.
1853 2244 1870 2276 ι

298 2321 386 2372 Ἑν
412 2319 474 2371 δὲ
497 2321 562 2389 τῇ
586 2319 722 2387 αὐτῇ
750 2316 1042 2387 Ἐπιστολῇ
1069 2317 1174 2368 τῶν
1200 2317 1371 2388 Ἑνὼχ
1395 2317 1732 2388 ἀποκρύφων
1759 2315 1878 2370 ἐτέ-

288 2425 387 2479 ρας
427 2406 762 2477 μνημονεύει
780 2406 1086 2477 τοιαύτης·‹
1110 2407 1241 2462 Ἰδοὺ
1255 2403 1386 2478 ἦλθε
1403 2407 1606 2478 Κύριος
1627 2409 1684 2460 ὲν
1707 2405 1879 2475 ἁγίοις

291 2502 555 2571 μυριάσιν
585 2502 752 2554 αὐτοῦ
797 2501 1024 2571 ποιῆσαι
1081 2501 1266 2571 κρίσιν
1316 2503 1460 2554 κατὰ
1513 2501 1753 2566 πάντων,
1789 2501 1883 2553 καὶ

291 2594 513 2662 ἐλέγξαι
576 2594 782 2656 πάντας
809 2619 814 2622 -
843 2594 972 2656 τοὺς
1003 2593 1226 2658 ἀσεϐεῖς
1277 2597 1409 2663 περὶ
1437 2593 1654 2648 πάντων
1705 2592 1882 2663 ἔργων

289 2684 551 2746 ἀσεϐείας
581 2681 764 2736 αὐτῶν
792 2675 867 2736 ὧν
906 2681 1209 2752 ἠσέϐησαν,
1244 2683 1492 2753 καὶπερὶ
1524 2683 1742 2736 πάντων
1774 2682 1883 2735 τῶν

294 2775 550 2846 σκληρῶν
581 2769 657 2829 ὧν
696 2774 964 2844 ἐλάλησαν
997 2775 1118 2827 κατ’
1184 2775 1352 2828 αὑτοῦ
1403 2775 1718 2845 ἁμαρτωλοὶ
1751 2777 1886 2828 dies»

293 2871 432 2934 ϐεῖς,
470 2888 488 2921 ι
510 2870 726 2931 Λουκᾶς
760 2869 816 2920 δὲ
852 2870 909 2919 ἐν
947 2870 1068 2930 ταῖς
1113 2867 1427 2921 ἀποστόλων
1465 2867 1739 2937 Πράξεσιν
1794 2868 1885 2919 τὸν

298 2961 572 3031 μακάριον
605 2960 815 3028 εἰσάγει
839 2959 1052 3011 Παῦλον
1084 2961 1150 3012 ὲκ
1170 2959 1279 3012 τῶν
1324 2959 1416 3011 τοῦ
1461 2960 1687 3030 ’Λράτου
1719 2963 1885 3030 ἡρωϊ-

295 3053 412 3104 κῶν
463 3051 662 3120 στίχων
696 3050 861 3119 μέρος
910 3066 962 3100 τι
1009 3047 1304 3118 πρὸς-τοὺς
1351 3046 1668 3116 Ἀθηναίους
1703 3050 1760 3100 ὲν
1811 3047 1888 3116 τῷ

292 3144 644 3210 διαλέγεσθαι
707 3137 1112 3210 προκομίζοντα
1177 3140 1235 3191 ἐν
1273 3131 1353 3200 οἷς
1393 3153 1580 3206 φησιν,
1621 3155 1637 3186 ι
1681 3139 1767 3199 Ὡς
1796 3138 1888 3190 καί

292 3250 448 3296 τινες
502 3232 610 3286 τῶν
659 3232 782 3284 καθ’
809 3218 972 3301 ’ὑμᾶς
1033 3229 1275 3299 ποιητῶν
1332 3231 1586 3299 εἰρήκασι
1614 3245 1626 3258 ·
1655 3229 1750 3281 τοῦ
1782 3231 1890 3300 γὰρ

1985 2041 2286 2096 careturde
2317 2041 2482 2110 Moysi
2515 2055 2744 2109 corpore
2768 2079 2782 2103 ,
2818 2056 2924 2093 nou
2974 2048 3057 2093 est
3095 2053 3265 2091 ausus
3297 2036 3570 2107 judicium

1985 2132 2189 2188 inferre
2250 2133 2638 2201 blasphemize,
2701 2129 2795 2185 sed
2843 2131 3020 2184 dicit:
3077 2130 3310 2198 Imperet
3346 2127 3439 2182 tibi
3471 2127 3574 2180 Do-

1989 2224 2193 2278 minus.
2228 2242 2247 2275 ι
2294 2223 2349 2276 In
2395 2225 2586 2277 eadem
2619 2221 2862 2290 Epistola
2886 2263 2900 2287 ,
2933 2237 2998 2276 ex
3051 2221 3204 2274 libris
3248 2219 3575 2289 apocrypltis

1989 2317 2172 2372 Enoclt
2201 2357 2215 2380 ,
2247 2317 2412 2371 alium
2453 2313 2769 2384 hujusmodi
2806 2314 2985 2368 locum
3022 2320 3293 2368 memorat
3327 2330 3340 2365 :
3391 2330 3409 2362 ι
3441 2312 3578 2365 Ecce

1988 2411 2137 2465 venit
2168 2409 2436 2463 Dominus
2479 2407 2531 2460 in
2567 2406 2772 2462 sanctis
2799 2406 3041 2462 millibus
3073 2405 3188 2460 suis
3224 2402 3575 2473 facerejudi-

1989 2505 2136 2559 cium
2184 2513 2372 2558 contra
2425 2517 2617 2556 omnes
2659 2510 2714 2554 et
2757 2515 2987 2571 arguere
3031 2513 3222 2553 omnes
3267 2497 3463 2567 impios
3513 2496 3580 2549 de

1991 2596 2247 2650 omnibus
2287 2593 2551 2664 operibus
2605 2592 2897 2661 impietatis
2930 2607 3122 2646 eorum
3171 2589 3370 2659 quibus
3416 2587 3582 2656 impie

1992 2699 2238 2758 egerunt,
2261 2687 2394 2741 etde
2419 2685 2677 2739 omnibus
2707 2684 2860 2739 duris
2883 2698 3006 2752 quae
3039 2683 3207 2737 locuti
3232 2690 3361 2735 sunt
3392 2687 3582 2734 contra

1993 2784 2164 2837 Deum
2196 2780 2364 2850 impii]
2389 2787 2723 2849 peccatores.
2763 2797 2780 2829 ι
2811 2776 2991 2830 Lucas
3033 2784 3235 2842 autem,
3265 2774 3320 2828 in
3355 2774 3588 2828 Actibus

1995 2873 2397 2943 apostolorum,
2428 2871 2648 2924 beatum
2696 2868 2917 2922 adducit
2955 2867 3187 2921 Paulum
3235 2880 3302 2920 ex
3349 2863 3588 2919 heroicis

1998 2965 2249 3018 versibus
2293 2963 2444 3016 Arati
2477 2963 2659 3016 locum
2699 2959 2992 3031 quemdam
3037 2960 3103 3015 ad
3135 2958 3499 3014 Athenienses
3530 2955 3585 3010 iu

1998 3069 2249 3110 sermone
2269 3047 2608 3116 alierentem',
2648 3053 2703 3106 iu
2728 3051 3078 3121 qttibusdieit
3106 3071 3119 3105 :
3149 3069 3166 3100 ι
3199 3049 3354 3104 Sicut
3380 3057 3436 3103 ct
3461 3049 3589 3118 qui-

1997 3143 2120 3195 dam
2148 3150 2433 3210 poetarum
2469 3149 2780 3195 vestrorqu
2813 3141 3104 3204 dixerunt;
3130 3139 3309 3209 Ipsius
3333 3149 3387 3194 et
3416 3155 3590 3209 genus

1999 3246 2211 3285 smnus.
2229 3250 2246 3280 ι
2278 3230 2475 3283 Beatus
2494 3239 2675 3284 autem
2701 3229 2928 3294 Paulus,
2966 3229 3020 3282 in
3043 3226 3282 3296 Epistola
3303 3230 3370 3282 ad
3393 3228 3595 3283 Corin-

294 3327 399 3379 καὶ
452 3325 608 3393 γένος
631 3325 821 3393 ἐσμέν,
854 3343 872 3374 ι
923 3322 980 3375 ’0
1019 3323 1074 3375 δὲ
1144 3323 1413 3391 μακάριος
1468 3319 1680 3384 Παῦλος
1726 3322 1785 3373 ἐν
1821 3324 1886 3392 τῇ

2004 3319 2148 3374 thios
2195 3335 2262 3373 ex
2292 3319 2446 3374 libris
2481 3318 2808 3390 apocryphis
2843 3319 3123 3388 propheta:
3156 3318 3285 3372 Eliae
3315 3319 3593 3373 attributis

299 3417 442 3487 πρὸς
499 3415 822 3486 Κορινθίους
850 3414 1141 3485 Ἐπιστολῇ
1193 3416 1259 3466 ἐκ
1313 3413 1422 3466 τῶν
1451 3411 1762 3482 λεγομένων
1792 3412 1888 3466 τοῦ

301 3511 586 3580 προφήτου
621 3501 810 3562 Ἠλίου
900 3506 1242 3574 ἀποκρύφων
1301 3505 1505 3572 ταύτης
1563 3505 1894 3574 μνημονεύει

302 3603 404 3671 τῆς
466 3602 672 3671 φωνῆς·
707 3619 725 3652 ι
763 3601 830 3652 Ἃ
861 3598 1146 3669 ὀφθαλμὸς
1174 3598 1276 3650 οῦκ
1323 3593 1452 3659 εἶδε,
1511 3597 1605 3648 καὶ
1655 3591 1747 3659 οῦς
1794 3596 1894 3648 οὐκ

302 3697 529 3767 ἤκουσε,
581 3695 676 3748 καὶ
731 3695 824 3747 ἐπὶ
860 3694 1092 3764 καρδίαν
1136 3692 1430 3762 ἀνθρώπου
1469 3691 1569 3743 οῦκ
1619 3690 1809 3760 ἀνέϐη,
1861 3689 1896 3744 ἃ

302 3787 600 3858 ἡτοίμασεν
626 3788 654 3838 ὀ
683 3785 815 3848 Θεὸς
839 3785 950 3848 τοῖς
977 3781 1266 3852 ἀγαπῶσιν
1286 3782 1466 3835 αὐτόν.
1482 3800 1500 3832 ι
1523 3781 1610 3835 Ἐν
1627 3781 1684 3833 δὲ
1703 3783 1768 3850 τῇ
1795 3780 1896 3832 αῦ-

301 3881 369 3949 τῇ
399 3876 684 3948 δημώδους
721 3875 868 3938 τινὸς
890 3874 1202 3942 λακωνικῆς
1259 3872 1532 3944 μέμνηται
1574 3871 1893 3942 παροιμίας,

305 3970 372 4038 ἢν
407 3969 501 4020 καὶ
530 3964 820 4037 προλαϐὼν
862 3963 1088 4026 Ἡσαΐας
1119 3965 1148 4015 ὁ
1183 3963 1467 4032 προφήτης
1502 3963 1561 4013 ὲν
1607 3963 1716 4022 τοῖς
1766 3961 1897 4012 ἐαυ-

303 4060 398 4114 τοῦ
429 4059 756 4113 κατατάττει
808 4057 1008 4126 λόγοις·
1045 4073 1064 4105 ι
1090 4056 1358 4122 Φάγωμεν
1392 4052 1488 4105 καὶ
1521 4052 1751 4121 πίωμεν·
1798 4050 1898 4103 αὖ-

309 4169 422 4222 ριον
445 4151 552 4219 γὰρ
586 4139 1207 4221 ἁποΟνήοκομεν.›⁹”Ετι
1232 4145 1290 4198 δὲ
1317 4147 1373 4196 ἐν
1399 4146 1463 4214 τῇ
1500 4143 1636 4212 αὐτῇ
1673 4144 1895 4195 ἐπιστο-

307 4247 396 4316 λῇ,
433 4244 748 4313 Μενάνδρου
777 4241 870 4295 τοῦ
904 4239 1174 4310 κωμικοῦ,
1209 4237 1434 4306 γνώμας
1464 4237 1520 4288 δὲ
1547 4235 1708 4298 αὐτὸς
1760 4237 1896 4288 ἁνα-

307 4337 579 4405 γράφεται
620 4335 866 4404 ἀρχαίων
921 4331 1106 4396 τινῶν,
1139 4331 1415 4400 μέμνηται
1466 4327 1641 4395 λέγων
1699 4326 1894 4388 οὕτως·

314 4446 333 4478 ι
365 4427 687 4498 ψθείρουσιν
718 4424 824 4496 ἤθη
853 4422 1068 4493 χρηστᾶ
1097 4420 1305 4491 ὁμιλίαι
1335 4418 1560 4472 κακαί-ι
1597 4418 1693 4470 καὶ
1746 4417 1893 4486 ἑξῆς·

309 4521 423 4575 Καὶ
475 4519 582 4590 μὴν
608 4517 704 4572 καὶ
755 4519 812 4570 ἐν
845 4518 911 4586 τῇ
945 4514 1082 4585 πρὸς
1115 4512 1360 4575 Γαλάτας
1392 4512 1459 4565 ἐκ
1486 4511 1593 4564 τῶν
1618 4511 1896 4573 Μωῦσέως

310 4610 652 4681 ἁποκρύφων
687 4608 956 4680 κέχρηται
989 4609 1057 4678 τῇ
1085 4604 1323 4676 λεγούσῃ
1353 4605 1529 4674 φωνῇ·
1574 4623 1592 4654 ι
1621 4601 1761 4656 Οὔτε
1796 4619 1895 4654 πε-

1999 3414 2144 3467 hunc
2162 3413 2336 3467 locum
2364 3421 2635 3467 memorat
2661 3431 2673 3466 :
2701 3431 2720 3464 ι
2755 3411 2956 3466 Oculus
2979 3426 3086 3465 non
3115 3411 3273 3476 vidit,
3309 3427 3408 3465 nec
3443 3411 3597 3466 auris

2000 3505 2234 3570 audivit,
2266 3519 2366 3559 nec
2406 3505 2457 3558 iu
2486 3519 2582 3558 eor
2612 3503 2856 3557 hominis
2890 3504 3137 3558 ascendit
3166 3519 3289 3572 quae
3318 3517 3597 3572 praepara-

1998 3597 2076 3649 vit
2109 3595 2251 3650 Deus
2279 3596 2384 3649 illis
2401 3595 2747 3666 quidiligunt
2775 3595 2980 3648 illum.»
3019 3597 3077 3648 ltt
3104 3593 3292 3648 eadem
3327 3593 3593 3663 Epistola,

2003 3688 2224 3758 aliquod
2251 3688 2476 3756 vulgare
2502 3695 2556 3742 et
2580 3687 2912 3742 laconicum
2933 3686 3283 3755 proverbium
3310 3694 3598 3754 memorat,

2001 3782 2148 3851 quod
2180 3790 2235 3836 et
2286 3779 2571 3850 proferens
2605 3779 2771 3834 Isaias
2807 3769 3070 3849 prepheta
3123 3778 3175 3832 in
3223 3779 3340 3833 suis
3389 3795 3600 3834 sermo-

2001 3875 2164 3930 nibus
2207 3874 2494 3944 dispouit:
2529 3893 2546 3924 ι
2591 3871 2982 3928 Manducemus
3009 3881 3060 3928 et
3121 3871 3418 3933 bibamus,
3477 3887 3601 3926 cras

1998 3966 2145 4021 enim
2191 3967 2548 4019 morientum
2585 3963 2643 4018 lu
2679 3965 2869 4018 eadem
2898 3964 3060 4018 etiam
3096 3962 3600 4032 Epi5tola,Meuau-

1998 4056 2158 4110 drum
2196 4056 2470 4110 comicum
2523 4057 2618 4125 qui
2676 4057 2895 4124 quidem
2957 4057 3254 4110 sententias
3288 4055 3599 4122 aliquorum

2001 4159 2250 4202 veterum
2300 4149 2610 4218 cousignat,
2641 4156 2913 4201 memorat
2947 4147 3027 4201 sic
3069 4147 3342 4215 loquendo
3373 4165 3385 4199 :
3420 4165 3438 4195 ι
3464 4145 3602 4200 Cor-

1999 4250 2263 4310 rumpunt
2298 4256 2480 4294 mores
2504 4241 2679 4294 bonos
2715 4238 2991 4308 colloquia
3014 4238 3182 4301 mala,
3224 4258 3242 4289 ι
3286 4248 3340 4292 et
3378 4247 3597 4292 cattera.

2001 4333 2067 4386 Et
2101 4333 2322 4403 quidem
2357 4333 2412 4386 in
2443 4331 2692 4401 Epistola
2722 4332 2788 4386 ad
2816 4331 3061 4396 Galatas,
3089 4347 3152 4386 ex
3188 4333 3341 4386 libris
3375 4347 3602 4403 apoery-

2000 4424 2122 4493 phis
2153 4423 2372 4493 Moyses
2395 4424 2564 4478 utitur
2597 4423 2681 4478 ltis
2719 4422 2903 4478 verbis
2933 4441 2945 4477 :
2974 4441 2992 4473 ι
3029 4423 3216 4494 Neque
3253 4426 3602 4480 circumcisio

2001 4515 2208 4587 aliquid
2243 4516 2404 4582 valet,
2438 4532 2616 4585 neque
2647 4517 3001 4586 przeputium,
3039 4517 3132 4572 sed
3159 4532 3298 4571 nova
3316 4527 3600 4596 creatura;

2001 4619 2056 4665 et
2090 4611 2405 4681 quicunque
2437 4610 2577 4664 hanc
2617 4610 2860 4680 regulam
2892 4610 3068 4664 secuti
3101 4610 3308 4663 fuerint
3330 4651 3345 4675 ,
3373 4625 3477 4679 pax
3507 4627 3604 4664 su-

315 4704 513 4775 ριτομή
564 4721 615 4758 τι
665 4702 839 4773 ίσχύει
872 4699 1052 4765 ,οὔτε
1113 4698 1496 4769 ἀκροϐυστία,
1549 4695 1686 4750 ἀλλὰ
1737 4696 1899 4767 καινὴ

2007 4717 2100 4772 per
2137 4702 2258 4757 illos
2281 4710 2336 4756 et
2365 4700 2744 4756 misericordia
2764 4711 2817 4755 et
2846 4716 3012 4769 super
3036 4701 3203 4756 Israel
3238 4700 3384 4755 Dei.»
3417 4701 3522 4755 Sed
3553 4711 3607 4756 et

313 4797 513 4859 κτίσις·
581 4796 677 4849 καὶ
740 4796 854 4847 ὅσοι
921 4792 999 4862 τῷ
1057 4791 1243 4844 κανόνι
1293 4790 1469 4860 τούτῳ
1505 4790 1901 4860 στοιχήσουσιν,

2013 4793 2067 4847 in
2090 4792 2332 4864 Epistola
2371 4794 2437 4848 ad
2473 4792 2763 4862 Ephesios,
2797 4808 2865 4846 ex
2902 4792 3058 4847 libris
3091 4793 3424 4863 apocryphis
3450 4792 3604 4848 Jere-

313 4891 506 4961 εἰρῇνη
560 4889 645 4942 ἐπ’
706 4888 904 4948 αὐτοὺς
935 4885 1027 4939 καὶ
1083 4884 1231 4946 ἕλεος
1261 4884 1354 4936 καὶ
1401 4885 1495 4936 ἐπὶ
1554 4882 1645 4934 τὸν
1687 4882 1905 4954 Ἰσραὴλ

2008 4885 2130 4940 miae
2159 4905 2172 4941 :
2212 4903 2231 4936 ι
2259 4884 2453 4956 Surge,
2490 4885 2583 4954 qui
2615 4885 2846 4947 dormis,
2871 4892 2926 4939 et
2946 4899 3183 4954 exsurge
3217 4899 3248 4938 a
3273 4885 3507 4938 mortuis
3554 4896 3610 4940 et

316 4982 411 5036 τοῦ
452 4981 609 5036 Θεοῦ.
649 4999 669 5033 ι
720 4978 881 5032 Ἀλλά
912 4978 1008 5031 καὶ
1036 4979 1093 5029 ἐν
1125 4979 1192 5046 τῇ
1223 4975 1358 5044 πρὸς
1398 4973 1678 5043 Ἐφεσίους
1707 4975 1770 5028 ὲκ
1797 4975 1904 5028 τῶν

2008 4975 2342 5032 illuntiuabit
2370 4986 2420 5031 te
2446 4975 2723 5031 Christus.
2761 4994 2778 5026 ι
2815 4973 2879 5029 Ει
2908 4975 2960 5028 in
2989 4974 3236 5042 Epistola
3269 4975 3335 5029 ad
3375 4971 3562 5027 Titum
3588 5013 3602 5035 ,

316 5069 908 5145 λεγομένωνΊερεμίου
942 5065 1294 5138 ἀποκρύφων·
1316 5066 1624 5136 (Ἔγειραι,
1657 5064 1900 5118 ὁκαθεύ-

2007 5063 2361 5138 Epimenidae,
2386 5067 2528 5124 vatis
2551 5067 2854 5136 Cretensis,
2893 5066 3247 5136 prophetiam.
3283 5075 3504 5131 narrat,
3541 5058 3608 5121 de

319 5165 445 5231 δων,
480 5166 574 5217 καὶ
606 5163 818 5216 ἀνάστα
843 5163 906 5214 ὲκ
931 5159 1040 5212 τῶν
1091 5157 1303 5229 νεκρῶν
1333 5161 1427 5210 καὶ
1464 5156 1758 5226 ἐπιφαύσει
1822 5176 1904 5210 σοι

2017 5179 2130 5232 qua
2162 5161 2680 5216 etiam‘mentionem
2712 5159 2844 5214 facit
2877 5158 3251 5214 Callimachus
3275 5158 3327 5211 in
3344 5173 3448 5212 suo
3479 5173 3611 5228 poe-

322 5256 610 5328 Χριστός.›
649 5253 760 5307 Καὶ
787 5254 846 5306 ὲν
879 5254 945 5323 τῇ
981 5250 1117 5319 πρὸς
1146 5251 1305 5303 Τῖτον
1335 5249 1393 5302 δὲ
1429 5248 1721 5320 Ἐπιστολῇ
1755 5249 1905 5302 Ἐπι-

2017 5260 2184 5308 male.
2207 5250 2356 5309 Dixit
2383 5250 2608 5321 quidam
2642 5265 2709 5306 ex
2743 5249 2853 5305 illis
2896 5249 3156 5320 proprius
3191 5250 3439 5319 ipsorum
3481 5265 3611 5319 pro-

327 5349 568 5418 μενίδους
594 5364 655 5400 τε
686 5345 778 5399 τοῦ
813 5345 1058 5416 μάντεως
1093 5343 1298 5414 κρητοῦ
1333 5343 1628 5411 καταλέγει
1654 5342 1745 5396 τὸν
1772 5360 1905 5412 χρη·

2013 5344 2175 5412 pheta
2210 5361 2222 5398 :
2258 5363 2276 5396 ι
2304 5344 2594 5399 Cretenses
2619 5357 2837 5412 semper
2867 5343 3182 5405 mendaces,
3210 5343 3365 5395 malae
3387 5342 3576 5398 bestia:

325 5407 483 5510 σμδν,
546 5407 608 5494 οὗ
669 5438 762 5492 καὶ
813 5407 1500 5507 Καλλίμαχός-μέμνηται
1553 5407 1614 5488 έν
1666 5438 1732 5506 τῇ
1772 5407 1904 5505 ista

2012 5447 2233 5494 ventres
2264 5437 2439 5508 pigri;
2477 5437 2853 5493 testimOuittm
2890 5437 2978 5490 hic
3003 5451 3194 5490 verum
3227 5445 3330 5492 est.
3371 5455 3390 5486 ι
3595 5407 3609 5429 ’

327 5537 564 5605 ¹ποιήσει·
599 5529 764 5586 Εἶπέν
805 5549 889 5595 τις
950 5531 1008 5597 ἐξ
1073 5532 1253 5585 αὐτῶν
1317 5531 1622 5602 προφήτης·
1681 5529 1899 5600 Κρῆτες
1941 5530 2026 5584 ἀεὶ
2091 5531 2345 5600 ψεῦσται,
2386 5531 2533 5585 κακὰ
2605 5529 2790 5600 Οηρία,
2825 5528 3091 5600 γαστέρες
3141 5529 3327 5600 ἀργαί·
3371 5529 3434 5582 'II
3470 5546 3612 5600 μαρ-

327 5631 485 5705 τ·›ρία
524 5630 664 5700 αὕτη
697 5627 840 5681 ἐστὶν
872 5627 1096 5697 ἀληθής.
