4110 6430
465 304 569 368 8i5

581 419 914 486 QI'IESTIO
953 418 1087 474 (ΤΗΙ
1119 419 1312 491 [CoisL
1339 420 1519 477 CXLI.
1558 419 1723 474 Taur.
1757 417 1943 489 CLX].

765 516 874 575 Cur
899 531 1067 569 sacra:
1092 514 1308 573 Littera:
1339 516 1576 569 obscura:
1612 516 1736 568 sint.

1626 305 1853 365 ΡΙΙΟΤΙ
1866 306 1888 363 Ι
1922 302 2425 363 ΡΛΤΒΙΑΡιαΗίΕ
2459 304 2569 366 CP.

2074 423 2121 479 Δ

3626 301 3733 367 816

2672 418 3006 472 ΕΡΩἸἪΣῙΣ
3050 416 3220 472 PNB’.

2337 512 2405 568 Τί
2428 514 2600 570 ἐστιν
2629 514 2668 583 ἡ
2698 514 2959 585 ἀσάφεια
2976 514 3086 585 τῆς
3108 513 3358 585 Γωφῆς

1506 624 1645 675 Edita
1670 639 1698 673 a
1729 622 1855 674 Maio
1878 624 1937 686 (N
1951 635 2030 673 ου.
2058 619 2203 683 σοίί.,
2225 628 2261 672 ι.
2296 625 2336 685 I,
2359 626 2696 689 ρ.170,171).

538 716 723 771 Multis
747 715 815 769 de
846 714 1035 770 causis
1064 730 1236 771 sacrae
1269 713 1488 770 Littera
1527 713 1867 768 obscuritate
1896 711 2052 765 labo-

467 816 611 862 rant.
662 806 701 861 I.
732 806 871 873 Quia
900 807 1079 861 omnis
1113 806 1293 877 lingua
1330 806 1385 860 in
1419 804 1585 859 aliam
1614 818 1879 859 conversa
1905 845 1919 867 ,
1958 820 2055 873 po-

469 900 722 955 sitionem
753 913 908 954 snam
947 899 1166 953 amittit.
1203 898 1264 953 Il.
1284 896 1423 965 Quia
1446 912 1761 970 synonyma
1792 895 2054 951 IIebrzLo-

470 1007 590 1045 ium
655 1006 819 1046 voces
867 1006 976 1045 non
1024 992 1160 1047 satis
1206 993 1273 1045 ab
1321 990 1716 1061 interpretibus
1756 990 2054 1045 intellecta

470 1080 693 1135 fuerunt
723 1099 736 1135 :
770 1080 939 1137 veluti
978 1080 1121 1150 apud
1150 1081 1372 1137 Graecos
1406 1081 1572 1145 καλος
1593 1120 1609 1147 ,
1639 1080 1798 1150 cujus
1826 1094 1926 1150 pro
1965 1080 2053 1134 di-

470 1173 732 1228 versitate
766 1182 1027 1229 accentus
1062 1173 1388 1244 signiﬁcatio
1415 1174 1592 1228 variat
1622 1191 1633 1227 :
1671 1173 1798 1227 item
1824 1189 1971 1243 ορος,
2000 1181 2057 1227 et

474 1265 699 1321 similia.
739 1264 873 1319 Nam
903 1265 1063 1329 καλδς
1099 1273 1396 1336 oxytonum
1426 1265 1701 1336 signiﬁcat
1728 1263 2055 1332 formosum,

474 1356 781 1420 decentem,
814 1355 1031 1410 virtutis
1066 1355 1371 1410 studiosum
1394 1395 1407 1419 ,
1435 1353 1645 1408 utilem.
1684 1352 1863 1415 Κάλος
1896 1368 2061 1423 paro-

474 1459 740 1521 xytonum
807 1448 1095 1504 rudentem
1138 1448 1297 1502 navis
1342 1446 1637 1517 significat.
1674 1444 1890 1501 Rursus
1933 1462 2058 1517 ορος

472 1551 876 1612 paroxytonum
904 1541 987 1594 vel
1010 1548 1095 1595 est
1115 1539 1362 1595 deﬁnitio
1388 1539 1625 1609 alicujus
1655 1538 1756 1605 rei,
1780 1539 1862 1592 vel
1891 1536 2057 1609 (ὄρος)

475 1634 631 1688 collis
665 1632 912 1687 celsusve
955 1631 1148 1685 locus:
1193 1640 1493 1701 oxytonum
1548 1638 1728 1684 autem
1761 1629 1888 1701 ὀρδς
1931 1644 2060 1700 pars

476 1740 683 1794 aquosa
720 1725 874 1779 lactis
900 1732 1001 1780 est.
1051 1722 1144 1778 Ill.
1188 1722 1460 1777 Nonnulla
1487 1732 1615 1777 sunt
1650 1722 1918 1778 IIebraica
1967 1738 2059 1778 vo-

473 1816 690 1880 eabula,
721 1830 843 1886 qua
878 1830 975 1885 pro
1010 1830 1108 1870 sua
1142 1824 1336 1870 natura
1391 1830 1519 1870 cum
1570 1814 1746 1871 Graei
1790 1816 2059 1886 interpre-

475 1910 576 1963 tari
624 1924 731 1962 non
779 1918 1043 1978 possent,
1080 1908 1285 1962 intacta
1328 1907 1711 1977 reliquerunt,
1743 1907 2055 1979 cujusmodi

2236 709 2299 764 'H
2327 713 2384 764 ὲν
2424 715 2545 776 ταῖς
2582 712 2759 777 θείαις
2802 714 3051 787 Γραφαῖς
3104 713 3350 785 ἀσάφεια
3387 712 3591 779 πολλὰς
3621 713 3738 785 ἔχει

2152 802 2251 867 τὰς
2279 804 2484 868 αἰτίας.
2519 805 2746 876 Πρῶτον
2766 806 2867 876 μὲν
2889 808 2971 860 ὅτι
3000 808 3156 861 πᾶσα
3185 806 3410 876 γλῶσσα
3437 809 3517 870 είς
3538 807 3741 878 ἑτέραν

2158 894 2559 966 μετατιθεμένη
2594 895 2861 949 ἀπόλλυσι
2888 896 2980 951 τὸν
3013 897 3143 950 ῐδιον
3188 896 3402 967 είρμόν.
3460 896 3733 967 Δεύτερον

2154 986 2211 1041 δὲ
2249 989 2331 1041 ὅτι
2392 990 2448 1042 αἱ
2500 986 2808 1059 συνώνυμοι
2847 988 2955 1043 τῶν
3005 988 3206 1054 λέξεων
3262 989 3393 1060 παρ’
3437 989 3740 1060 Ἑϐραίοις,

2155 1082 2381 1152 ἄγνοιαν
2415 1083 2745 1154 εἰργάσαντο
2782 1086 2893 1148 τοῖς
2931 1085 3330 1157 ἑρμηνευτατς·
3354 1083 3430 1147 ὡς
3456 1084 3517 1137 τὸ
3550 1086 3744 1150 καλος

2158 1173 2287 1246 περὶ
2317 1174 2471 1229 τόνον
2494 1175 2590 1228 καὶ
2614 1175 2913 1246 σημασίαν,
2936 1175 3035 1229 καὶ
3062 1174 3124 1228 τὸ
3161 1192 3298 1244 ορος
3314 1174 3410 1228 καὶ
3437 1172 3508 1227 τά
3552 1174 3740 1244 ὃμοια.

2158 1266 2340 1329 Καλὸς
2366 1266 2475 1338 γὰρ
2524 1267 2791 1333 ὀξυτόνως
2826 1266 3087 1337 σημαίνει
3138 1266 3231 1320 τὸν
3263 1266 3465 1337 ὡραῖον
3512 1268 3608 1321 καὶ
3644 1265 3708 1319 εὐ

2159 1355 2369 1427 πρεπῆ,
2428 1356 2715 1411 σπουδαῖόν
2763 1374 2823 1410 τε
2864 1357 2945 1421 είς
2995 1357 3198 1428 ἀρετὴν
3237 1356 3333 1409 καὶ
3392 1356 3743 1426 ἐπιτήδειον⁸

2161 1447 2325 1512 κάλος
2384 1447 2441 1503 δὲ
2496 1449 2881 1522 παροξυτόνως
2926 1447 2989 1502 τὸ
3020 1449 3255 1519 σχοινίον
3298 1446 3394 1502 τοῦ
3422 1446 3611 1499 πλοίου
3645 1463 3747 1517 ση-

2164 1539 2345 1611 μαίνει
2364 1555 2378 1570 ο
2412 1539 2576 1594 πάλιν
2603 1540 2729 1612 ὅρος
2759 1537 3144 1610 παροξυτόνως
3172 1539 3273 1611 μέν
3295 1540 3442 1591 ἐστιν
3471 1538 3503 1609 ἢ
3537 1539 3565 1591 ὁ
3585 1537 3749 1607 λόγος

2159 1630 2313 1685 τοῦδε
2342 1630 2437 1686 τοῦ
2482 1632 2810 1702 πράγματος
2840 1629 2875 1702 ἢ
2910 1632 2938 1683 ὁ
2961 1631 3124 1700 λόφος
3158 1631 3253 1684 καὶ
3276 1629 3483 1702 ὑψηλὸς
3536 1630 3704 1693 τόπος
3726 1642 3742 1659 '

2160 1722 2427 1790 ὀξυτόνως
2458 1721 2515 1776 δὲ
2548 1724 2675 1794 ὀρός
2701 1724 2820 1776 ἐστι
2867 1723 2929 1775 τὸ
2972 1721 3245 1786 ὑδατῶδες
3293 1722 3387 1776 τοῦ
3450 1721 3744 1789 γάλακτος.

2161 1814 2359 1888 Τρίτον
2406 1815 2513 1868 είσὶ
2552 1812 2728 1880 λέξεις
2783 1813 3099 1886 Ἑϐραῖκαὶ,
3128 1814 3184 1868 αἳ
3216 1815 3347 1886 παρ’
3380 1812 3640 1885 Ἕλλησιν
3669 1814 3748 1879 ώς

2162 1905 2347 1977 ἔχουσι
2379 1907 2594 1977 φύσεως
2640 1906 3043 1979 ὲρμηνευθῆναι
3088 1906 3149 1961 οὐ
3183 1906 3458 1971 δύνανται,
3505 1906 3620 1959 ἀλλ’
3655 1906 3749 1959 ἐπὶ

474 2008 560 2055 cst
589 2002 731 2070 apud
770 1976 1064 2057 .Ieremiam
1090 2016 1281 2056 carcer
1309 1976 1527 2056 siuoeh.
1566 1998 1655 2056 IV.
1681 1976 2058 2071 Interpunctio

2164 1976 2350 2069 χώρας
2379 1976 2684 2069 εἰάθησαν,⁷
2714 1976 2798 2062 γὼς
2836 1998 2990 2069 παρά
3025 1997 3269 2069 Ἱερεμίᾳ.
3307 1997 3367 2051 τὸ
3402 1996 3750 2066 ἀπόκλεισμα

474 2094 604 2150 item
634 2108 779 2164 sape
808 2095 950 2163 parit
982 2094 1372 2149 obscuritatem
1394 2134 1408 2159 ,
1456 2103 1515 2147 ut
1548 2112 1560 2148 :
1611 2093 1740 2149 boni
1777 2104 1940 2149 erunt
1982 2094 2059 2149 in-

474 2184 608 2240 cola
644 2194 839 2253 terra;
873 2186 975 2241 nisi
1021 2186 1231 2241 scilicet
1274 2187 1731 2256 interpungamus
1756 2196 1879 2257 post
1909 2186 2053 2243 boni.

472 2279 539 2334 γ.
564 2281 838 2339 Accentus
870 2294 1088 2350 quoque
1115 2279 1434 2337 varietatem
1484 2278 1617 2333 facit
1644 2297 1658 2335 :
1717 2279 1887 2334 veluti
1910 2281 2057 2351 ἀρχὴ

474 2371 672 2441 σοφίας
708 2372 923 2427 initium
975 2371 1279 2441 sapientia,
1326 2386 1514 2441 quare
1552 2372 1919 2441 sapientiam;
1952 2372 2057 2427 nisi

469 2466 682 2520 Scilicet
743 2473 1146 2536 paroxytonum
1207 2464 1516 2521 scribamus
1580 2466 1713 2535 ἄρχε
1767 2465 1910 2528 (loco
1962 2462 2058 2517 τοῦ

470 2558 639 2630 ἀρχὴ)
673 2560 1014 2625 verbumque
1043 2573 1165 2613 esse
1196 2558 1590 2629 intelligamus.
1634 2556 1717 2614 VI.
1761 2557 2060 2627 Complura

472 2650 614 2718 apud
644 2649 906 2704 Hebraos
944 2646 1107 2703 unica
1156 2647 1543 2703 terminatione
1587 2647 1918 2718 singularem
1955 2666 2062 2704 nu-

471 2758 687 2798 merum
733 2742 1110 2813 pluralcmque
1154 2741 1445 2807 denotant,
1505 2741 1646 2797 Deus
1696 2754 1751 2797 et
1791 2742 1887 2797 dii.
1940 2741 2056 2800 VII.

473 2835 643 2890 Multa
692 2850 959 2907 personas
997 2842 1349 2905 permutant;
1384 2849 1509 2887 nam
1564 2834 1695 2889 illud
1720 2834 2059 2903 Abrahamo,

473 2944 624 2988 nunc
662 2928 876 2999 cognovi
903 2927 1051 2998 quod
1076 2926 1234 2982 times
1261 2926 1452 2993 Deum,
1490 2941 1590 2997 pro
1617 2929 1915 2998 cognoscis,
1976 2929 2064 2985 di-

474 3032 623 3077 ctum
648 3030 731 3076 est
750 3020 788 3076 ί.
816 3018 953 3075 VIII.
978 3018 1280 3073 Gcneribus
1307 3034 1526 3089 quoque
1550 3030 1879 3090 prapostere
1902 3030 2063 3077 utun-

474 3127 565 3171 tur
595 3112 847 3177 Ichrai;
895 3112 1082 3167 lunam
1116 3112 1261 3166 enim
1308 3119 1366 3165 et
1422 3127 1570 3167 mare
1608 3113 1919 3169 masculino
1968 3131 2063 3185 ge—

2168 2089 2358 2163 σινώχ.
2396 2091 2671 2161 Τέταρτον
2715 2091 2812 2145 καὶ
2866 2090 3073 2164 στιγμὴ
3116 2090 3381 2155 πολλάκις
3433 2091 3578 2144 ποιεῖ
3608 2091 3746 2145 ἀσάο

2164 2201 2345 2255 φειαν,
2373 2184 2450 2247 ὡς
2476 2184 2538 2237 τὸ
2570 2184 2800 2256 χρηστοὶ
2836 2184 2952 2255 (55)
2988 2182 3203 2236 ἔσονται
3236 2183 3521 2255 οίκήτορες
3539 2184 3640 2255 γῆς
3661 2201 3675 2215 ο
3700 2187 3750 2238 εί

2167 2276 2244 2348 μὴ
2284 2275 2585 2347 ὑποστιχθῇ
2618 2276 2679 2330 τὸ
2705 2275 2985 2345 χρηστοί.
3024 2276 3283 2346 Πέμπτον
3316 2276 3411 2329 καὶ
3449 2275 3604 2329 τόνου
3634 2277 3752 2329 δια-

2166 2369 2309 2441 φορά
2351 2368 2427 2432 ὡς
2452 2367 2512 2424 τὸ
2552 2368 2697 2440 ἀρχὴ
2729 2367 2841 2439 (56)
2871 2368 3089 2437 σοφίας,
3143 2366 3380 2439 ζήτησον
3430 2368 3658 2437 σοφίανο
3702 2370 3750 2421 εί

2168 2461 2244 2534 μὴ
2296 2459 2691 2534 παροξύνωμεν
2722 2460 2783 2516 τὸ
2814 2462 2949 2532 ἄρχε
2982 2461 3078 2516 καλ¹
3100 2461 3253 2532 ῥῆμα
3291 2459 3573 2531 λάϐοιμεν.
3610 2462 3748 2514 ’Ἑκ-

2163 2572 2286 2609 τον’
2325 2555 2497 2609 πολλά
2529 2558 2646 2609 ἐστι
2675 2555 2803 2627 παρ’
2836 2555 3020 2619 αὐτοῖς
3065 2557 3123 2610 ὲν
3160 2555 3261 2625 μιᾷ
3296 2558 3448 2626 φωνῇ
3477 2555 3535 2609 τὸ
3574 2554 3753 2607 ἑνικὸν

2168 2648 2261 2702 καὶ
2294 2648 2661 2719 πληθυντικὸν
2700 2646 2986 2719 δηλοῦντα,
3045 2648 3122 2711 ὡς
3170 2649 3231 2702 τὸ
3288 2647 3422 2712 Θεὸς
3468 2647 3565 2701 καὶ
3614 2648 3750 2703 θεοί.

2168 2740 2460 2811 Ἕϐδομοψ
2484 2740 2655 2795 πολλά
2686 2741 3017 2812 μεταπίπτει
3041 2743 3155 2806 τοῖς
3178 2742 3490 2813 προσώποις
3508 2758 3522 2773 ο
3554 2742 3615 2794 τὸ
3642 2742 3753 2813 γὰρ

2167 2834 2306 2905 πρὸς
2320 2832 2596 2905 Ἀϐρααμ,
2628 2833 2723 2887 νῦν
2749 2833 2944 2903 ἔγνων
2964 2835 3048 2888 ὅτι
3066 2834 3205 2906 φοϐῇ
3239 2835 3304 2888 σὺ
3331 2833 3425 2889 τὸν
3450 2834 3604 2901 Θεὸν,
3628 2834 3753 2889 ἀντὶ

2166 2930 2261 2981 τοῦ
2295 2928 2483 2998 ἔγνως
2538 2925 2780 2998 εἴρηται.
2820 2927 3070 2996 Ὄγδοον,
3130 2928 3213 2982 ὅτι
3260 2927 3358 2982 καὶ
3398 2930 3511 2992 τοῖς
3539 2926 3754 2997 γένεσιν

2169 3021 2427 3085 ἐναντίως
2474 3020 2712 3093 χρῶνται
2739 3039 2752 3052 ⁸
2804 3022 3110 3093 ἀρρενικῶς
3140 3020 3249 3093 γὰρ
3292 3023 3353 3076 τὸ
3414 3021 3613 3092 σελήνη
3654 3023 3754 3075 καὶ

2170 3114 2415 3169 Θάλασσα
2444 3114 2715 3182 λέγουσιν.
2749 3115 3008 3168 Ἐννατον
3041 3115 3124 3168 ὅτι
3153 3114 3415 3178 πολλάκις
3446 3114 3754 3167 ὲλλείπουσί

476 3219 607 3261 nere
641 3202 895 3257 cﬂ'erttnl.
942 3200 1032 3255 IX.
1064 3200 1218 3271 Sape
1250 3201 1397 3255 aliud
1430 3201 1603 3266 deest,
1648 3211 1729 3267 ut,
1767 3206 2058 3260 ascendunt

2170 3226 2311 3273 τινα,
2349 3208 2425 3272 ῶς
2462 3208 2523 3261 τὸ
2566 3207 3003 3266 ἀναϐαίνουσιν
3034 3207 3144 3276 ὄρη
3177 3209 3271 3262 καὶ
3322 3209 3756 3262 καταϐαίνουσι

477 3306 683 3351 montes
712 3305 768 3351 et
797 3296 1125 3350 descendunt
1175 3297 1370 3365 campi.
1402 3294 1757 3352 Desideratur
1799 3300 2058 3354 nimirum

2171 3301 2369 3356 πεδία·
2390 3301 2567 3355 λείπει
2582 3299 2692 3373 γὰρ
2708 3300 2768 3354 τὸ
2787 3300 2887 3367 ὡς,
2909 3300 2996 3352 ἵνα
3068 3300 3505 3354 ἀναϐαίνουσιν
3519 3300 3600 3366 ὡς
3620 3299 3751 3367 ὄρη,

475 3390 746 3461 particula
797 3390 990 3453 sicuti,
1060 3404 1255 3459 nempe
1289 3388 1581 3445 ascendunt
1638 3392 1798 3445 siculi
1859 3402 2058 3447 montes

2169 3395 2298 3465 περὶ
2327 3395 2591 3463 κυμάτων
2627 3393 2737 3463 γὰρ
2758 3394 2786 3445 ὁ
2833 3391 3012 3460 λόγος,
3050 3394 3145 3446 καὶ
3183 3392 3651 3446 καταϐαίνουσιν
3676 3391 3758 3456 ώς

477 3487 628 3553 (nam
682 3485 749 3539 de
799 3483 1058 3539 ﬂuctibus
1110 3498 1295 3538 sermo
1336 3484 1439 3554 est)
1487 3494 1541 3539 et
1583 3485 1865 3540 subsidunt
1910 3486 2058 3541 sicuti

2166 3486 2346 3540 πεδία
2364 3485 2504 3557 (37).
2538 3486 2778 3539 Δέκατον
2795 3484 2851 3540 δὲ
2871 3485 2955 3538 ὅτι
2988 3487 3045 3538 ἐν
3072 3487 3137 3555 τῇ
3173 3484 3518 3555 αἰχμαλωσίᾳ
3547 3485 3759 3554 ἐμπρη-

477 3580 653 3649 campi
675 3579 718 3629 ¹.
745 3578 813 3630 Χ.
847 3576 986 3638 Cum
1045 3577 1098 3631 in
1157 3578 1474 3647 captivitate
1508 3581 1739 3634 cremati
1771 3580 1896 3636 libri
1927 3582 2058 3639 fuis-

2167 3579 2398 3633 σθεισῶν
2414 3578 2522 3634 τῶν
2536 3578 2757 3650 βίϐλων,
2786 3575 2905 3633 εἶτα
2932 3578 3092 3631 διαπε
3102 3577 3353 3649 μπόντων
3372 3576 3622 3646 ἀλλήλοις
3646 3574 3757 3628 τῶν

479 3680 647 3725 sent:
699 3685 763 3724 ac
800 3669 1000 3723 deinde
1045 3668 1188 3722 clam
1247 3670 1434 3739 aliqua
1494 3670 1829 3741 exemplaria
1877 3673 2058 3728 mitte-

2163 3673 2274 3727 ἀπὸ
2333 3671 2690 3745 Ἰερουσαλὴμ
2715 3674 2796 3735 είς
2824 3670 3120 3724 Βαῦυλῶνα
3169 3671 3238 3724 τά
3289 3669 3447 3738 λόγια
3474 3669 3570 3721 τοῦ
3591 3665 3755 3731 Θεοῦ,

480 3774 672 3818 rentur
718 3763 952 3816 invicem
1005 3761 1073 3815 ab
1112 3760 1623 3831 Hierosolymorum
1671 3772 1723 3818 et
1769 3762 2058 3836 Babylonis

2169 3768 2436 3839 λοχῶντες
2464 3767 2709 3839 ἀφῄρουν
2740 3765 2840 3830 τὰς
2863 3765 3105 3836 βίϐλους·
3133 3765 3183 3817 oi
3224 3764 3282 3817 δὲ
3312 3762 3471 3817 πάλιν
3499 3760 3589 3814 διὰ
3620 3777 3759 3829 συμ-

476 3854 676 3912 incolis
703 3893 717 3917 ,
751 3852 968 3909 insidiis
998 3852 1227 3907 structis
1272 3851 1460 3906 nescio
1493 3853 1587 3922 qui
1636 3853 1804 3910 libros
1832 3855 2058 3926 diripie-

2171 3859 2365 3928 6όλων,
2404 3855 2479 3915 ὧν
2506 3860 2605 3913 οὐκ
2627 3858 2889 3929 ἠδύναντο
2923 3857 3066 3924 ξένοι
3104 3858 3268 3920 νοεῖν,
3301 3854 3562 3925 ἔγραφον,
3596 3850 3657 3915 ἐξ
3678 3846 3756 3903 ὧν

476 3948 627 4001 bant.
662 3943 875 3998 Hebrai
901 3951 1081 3998 autem
1111 3957 1305 3998 rursus
1331 3957 1428 4013 per
1463 3944 1712 4013 symbola
1732 3986 1749 4011 ,
1777 3962 1899 4016 qua
1932 3947 2058 4003 alie-

2168 3959 2202 4028 ἠ
2228 3955 2465 4025 ἀσάφεια
2488 3970 2501 3985 ο
2528 3953 2633 4016 ἓως
2664 3952 2889 4022 ὕστερον
2912 3948 3275 4020 ὲμπνευσΟεὶς
3302 3946 3539 4012 Ἔσδρας
3566 3944 3757 3998 πασῶν

474 4056 630 4111 gena
657 4052 765 4093 non
801 4036 1207 4105 intelligerent,
1263 4036 1602 4094 scribebant.
1635 4036 1773 4096 Hine
1798 4053 1918 4098 orta
1955 4045 2058 4099 ob-

2168 4047 2544 4118 ὲμνημόνευσε
2582 4044 2677 4097 καὶ
2706 4045 2891 4113 γραφῇ
2925 4040 3329 4111 παραδέδωκεν.

474 4137 713 4193 scuritas
769 4154 782 4191 :
833 4137 1009 4192 donec
1052 4135 1235 4190 denuo
1290 4132 1591 4204 inspiratus
1640 4133 1846 4196 Esdras
1879 4140 2055 4199 Biblia
2133 4145 2393 4199 universa
2445 4142 2497 4197 in
2548 4141 2871 4195 memoriam
2924 4139 3199 4193 revocavit
3270 4135 3596 4206 scriptisque
3646 4142 3757 4187 tra-

471 4229 627 4293 didit.

984 4345 1312 4411 QUIESTIO
1349 4345 1524 4402 CLIII.

833 4433 908 4489 De
935 4436 1112 4488 eodem
1140 4444 1449 4504 argumento
1479 4435 1699 4489 clarius.

2702 4338 3039 4393 ΕΡΩἸἩΣΙΣ
3065 4337 3156 4389 ΡΝ
3164 4337 3236 4391 Γ’.

2476 4432 2547 4487 Τὸ
2577 4431 2725 4486 αὐτὸ
2772 4430 3284 4500 ἐκφαντικώτερον
3308 4428 3444 4499 (58).

1503 4523 1647 4575 Edita
1677 4537 1704 4574 a
1738 4526 1863 4576 Maio
1888 4530 2037 4587 (Nov.
2062 4526 2208 4591 Cou,
2242 4533 2281 4580 ι.
2308 4527 2347 4587 1,
2374 4539 2423 4588 p.
2458 4522 2710 4585 171-174).

542 4630 726 4687 Prima
761 4629 983 4699 quidem
1019 4644 1187 4686 causa
1222 4632 1583 4700 quamobrem
1624 4633 1924 4704 Scriptura
1960 4652 2056 4692 ve-
2090 4643 2136 4700 ι)

467 4732 617 4781 teres
648 4724 702 4779 in
731 4722 1072 4779 obscuritate
1101 4733 1392 4779 versantur
1423 4740 1453 4779 a
1477 4724 1744 4781 lectorum
1774 4728 1939 4783 bruto
1971 4729 2059 4783 in-

468 4817 631 4887 genio
670 4816 962 4887 repetenda
999 4825 1103 4871 est.
1139 4814 1506 4886 Testaturque
1538 4817 1743 4872 Paulus
1778 4820 1831 4874 id
1876 4821 2056 4890 ipsum

467 4911 716 4965 velamen
748 4924 778 4964 a
816 4907 1028 4964 Veteris
1063 4908 1400 4965 Testamenti
1452 4908 1686 4965 lectione
1734 4926 1841 4965 non
1886 4910 2060 4967 fuisse

468 5008 741 5055 remotum
765 5038 779 5063 ,
818 4999 1081 5069 quoniam
1117 4998 1168 5052 id
1205 4999 1258 5052 in
1298 4996 1522 5053 Christo
1558 5008 1857 5056 evacuatur
1879 5001 1921 5055 ³.
1956 4998 2053 5056 Se-

544 5093 563 5126 ¹
597 5093 735 5150 Gen.
766 5109 906 5159 χχιι,
941 5092 1031 5149 ιτ.
1108 5093 1128 5123 ³
1171 5091 1315 5148 Psal.
1355 5108 1473 5158 CIII,
1509 5093 1563 5149 8.

2231 4634 2349 4690 Μία
2378 4633 2477 4705 μὲν
2507 4631 2655 4685 αἰτία
2706 4629 2806 4701 τῆς
2861 4627 3132 4698 ἀσαφείας
3164 4629 3282 4682 ἐστὶ
3329 4628 3441 4682 τῶν
3502 4628 3755 4682 παλαιῶν

2171 4726 2548 4800 Γραμμάτων,
2575 4722 2684 4776 τῶν
2728 4720 3019 4791 ἀκροατῶν
3048 4720 3110 4774 τὸ
3148 4720 3418 4792 θηριῶδες
3444 4738 3459 4753 ο
3488 4722 3583 4775 καλ⁸
3607 4739 3752 4793 μαρ-

2164 4818 2322 4886 τυρεῖ
2350 4813 2581 4877 Παῦλος,
2608 4812 2670 4865 τδ
2709 4811 2843 4865 αὐτὸ
2875 4811 3142 4881 κάλυμμα
3196 4810 3292 4864 ἐπὶ
3333 4813 3399 4883 τῇ
3436 4809 3747 4880 ἀναγνώσει

2164 4909 2264 4979 τῆς
2294 4908 2543 4971 Παλαιᾶς
2578 4906 2856 4978 Διαθήκης
2885 4906 3062 4975 λέγων
3107 4904 3182 4977 μὴ
3229 4905 3752 4974 ἀνακαλυπτόμενον

2165 5002 2248 5056 ὅτι
2280 5003 2339 5057 ὲν
2359 5000 2587 5073 Χριστῷ
2627 5004 3017 5072 καταργεῖται·
3045 5001 3274 5073 δευτέρα
3304 5000 3385 5065 δὲ,
3432 5000 3555 5054 ἐπεὶ
3586 5001 3751 5051 Μωῦ-

2019 5189 2257 5247 NOTA'J.

539 5279 651 5353 ('54)
678 5277 833 5353 Hane
862 5279 1219 5353 quaestionem
1250 5292 1315 5353 ex
1343 5278 1567 5353 prologo
1599 5279 1946 5352 Polyebronii
1987 5281 2039 5337 in

466 5350 664 5406 Jobum
696 5350 836 5405 sumi
877 5351 1037 5404 tacite
1076 5350 1347 5421 arPhotio,
1377 5351 1489 5403 dixi
1522 5353 1573 5404 in
1619 5350 2039 5421 prolegomenis.

467 5422 585 5475 Jam
618 5422 943 5494 scripturam
975 5420 1295 5494 Pbotianam
1316 5435 1440 5494 cum
1464 5420 1852 5491 antiquissimo
1874 5424 2042 5494 Poly-

468 5492 681 5548 cbronii
709 5492 897 5545 codice
929 5491 1205 5553 collatam,
1230 5491 1410 5543 inveni
1434 5506 1661 5559 prorsus
1687 5491 2037 5549 concordem.

542 5561 948 5634 (55)_Seb_o|io_n
994 5562 1328 5634 in_margi_n_e
1372 5561 1511 5629 apud
1558 5562 2040 5634 iPolycI‘ironium:

469 5629 722 5706 Χρηστὸς
754 5630 1021 5706 ὀξυτόνως
1051 5632 1079 5682 ὁ
1114 5629 1381 5706 χρειώδης
1410 5647 1423 5661 ο
1480 5629 1715 5703 χρῆστὸς
1743 5632 1798 5686 δὲ
1835 5652 2045 5706 προπε-

478 5700 816 5783 precare"):
839 5701 907 5783 εδ
940 5700 1129 5783 κύριε)
1151 5702 1343 5783 5v?!“-

550 5770 662 5841 (⁸56)
688 5769 947 5825 Scholion
994 5771 1113 5825 εΤὸ
1174 5772 1281 5843 γὰρ
1336 5772 1476 5843 ἀρχῆ
1528 5773 1889 5844 παροξύτονον
1948 5778 2045 5847 μὲν

2152 5280 2467 5354 ῥηματικὸν
2526 5283 2668 5345 ὲστι,
2714 5279 2927 5354 δηλοῦν
2968 5279 3029 5333 τὸ
3072 5279 3413 5354 ὐποτᾴσσειζ
3465 5276 3751 5354 ὀξυτονούῇ

2198 5349 2314 5404 sm
2360 5352 2415 5404 δὲ
2447 5351 2770 5421 ὀνοματικὸν
2787 5349 3031 5421 ’ὑπάρχει
3063 5352 3329 5420 σημαῖνον
3359 5349 3458 5421 τὴν
3529 5350 3706 5420 ἀρχήν
3732 5352 3746 5367 ⁶

2198 5372 2314 5404 ανον
2360 5372 2415 5404 ΟΞ
2447 5372 2770 5421 ονοματικον
2797 5372 2931 5419 υπαε

2151 5372 2296 5491 {gyro
2328 5422 2384 5475 δὲ
2409 5422 2511 5493 τὴν
2540 5420 2931 5493 προκάταρξιν.

2223 5488 2337 5565 (57)
2380 5488 2644 5548 Notemus
2682 5488 2972 5547 venustam
3007 5489 3114 5546 loci
3143 5488 3467 5562 psalmodiei
3503 5488 3747 5559 explica-

2156 5566 2390 5620 tionem.

2226 5633 2341 5703 (58)
2373 5631 2515 5697 Quia
2552 5630 2784 5703 scilicet
2834 5629 3066 5703 Pbotins
3130 5631 3531 5703 praecedentem
3579 5644 3744 5703 qua-

2154 5700 2388 5760 stionem
2421 5718 2487 5757 ex
2517 5701 2697 5755 alieno
2747 5702 2952 5769 scripto
2987 5702 3266 5769 hauserat,
3296 5702 3503 5759 idcirco
3542 5700 3749 5771 placuit

2156 5777 2230 5844 ei,
2253 5784 2427 5829 marte
2462 5788 2561 5829 suo
2600 5774 2849 5829 eamdem
2882 5772 3209 5829 reformare.
