4110 6434
309 356 406 422 817

1172 365 1272 426 AD
1295 365 1893 430 AMPHILOCHIUM
1931 371 2277 443 QUrES'I‘IO
2314 374 2491 436 CLII.
2526 376 2736 439 CLIII.

3462 384 3573 452 818

311 472 407 541 σῆς
434 473 460 524 ὁ
482 471 779 544 νομοθέτης
804 471 1069 543 κάλυμμα
1101 473 1296 546 ἔφερεν
1316 476 1409 527 ἐπὶ
1438 476 1532 529 τοῦ
1558 477 1881 548 προσώπου,

1996 482 2165 537 cunda
2198 496 2373 538 causa
2404 491 2517 550 est,
2585 485 2713 554 quia
2750 500 2875 539 cum
2944 484 3125 544 Moses
3160 488 3441 561 legislator
3475 510 3573 548 ve-

309 564 585 633 ἀναλόγως
637 565 733 619 καὶ
765 566 835 619 τά
892 566 1332 637 νομοθετούμενα
1382 564 1470 621 οἷα
1504 569 1570 639 δὴ
1613 570 1887 640 κάλυμμα

308 656 401 728 τὴν
424 656 695 724 ἀσάφειαν
729 659 1066 727 συνεπέφερε
1085 672 1102 686 ⁸
1134 658 1228 711 καὶ
1258 659 1541 729 οὐδέτερον
1578 659 1679 730 μὲν
1705 659 1887 715 αὐτῶν

306 745 364 798 τὸ
388 745 659 816 ἔγκλημα,
690 746 799 799 τῶν
828 749 871 801 δ’
901 747 1186 820 ἀκροατῶν
1220 750 1252 819 ἠ
1282 750 1535 802 ἀσθένεια
1574 751 1675 820 τὴν
1706 752 1888 805 αἰτίαν

309 837 415 907 ἔχει
439 854 452 867 ο
484 840 578 893 καὶ
601 839 711 910 γάρ
741 840 987 908 Μωῦσῆς
1010 840 1072 893 τὸ
1094 841 1361 912 κάλυμμα
1382 882 1395 903 ,
1445 842 1581 896 διότι
1611 845 1711 897 οὐκ
1753 844 1886 915 ἡδύ-

308 948 460 983 ναντο
503 931 691 1001 φέρειν
738 933 837 1002 τὴν
897 931 1054 997 δόξαν
1110 932 1205 985 τοῦ
1241 933 1536 1004 προσώπου
1586 935 1754 989 αὑτοῦ
1810 938 1886 1008 μὴ

270 1100 271 1103 η
308 1022 743 1093 κεκαλυμμένου,
778 1025 1119 1094 περιετίθετο
1145 1041 1158 1055 ·
1186 1027 1281 1079 καὶ
1304 1029 1331 1079 ὁ
1352 1026 1516 1096 νόμος
1538 1028 1595 1081 δὲ
1630 1030 1753 1081 ἀντὶ
1782 1028 1879 1082 τοῦ

305 1114 770 1186 προκαλύμματος
799 1116 866 1170 δι’
890 1117 1023 1171 αὐτὸ
1063 1118 1222 1172 τοῦτο
1255 1117 1353 1189 τὴν
1387 1120 1660 1189 ἀσάφειαν
1714 1139 1886 1192 περι-

305 1202 566 1274 εϐέϐλητο
583 1220 595 1234 ο
621 1205 973 1259 ἐναπετίθετο
985 1207 1095 1278 γὰρ
1124 1209 1181 1260 ἐν
1206 1209 1439 1273 ἐκείνοις
1465 1208 1554 1264 οἶα
1575 1212 1639 1284 δὴ
1672 1210 1885 1283 θησαυ-

306 1297 439 1365 ροῖς,
467 1296 536 1350 τά
556 1297 873 1371 τελειότερα
895 1301 992 1353 καὶ
1019 1301 1331 1373 ὑψηλότερα
1358 1304 1668 1374 δογμάτων,
1716 1306 1752 1360 ὃ.
1790 1307 1883 1358 τὸν

302 1388 537 1457 Χριστόν
564 1408 708 1462 φημι
731 1393 826 1445 καὶ
858 1394 959 1465 τὴν
977 1395 1142 1447 αὑτοῦ
1167 1395 1445 1468 Διαθήκην
1469 1398 1885 1469 προκατηγγελ-

302 1480 425 1534 λεν·
469 1482 584 1534 ἀλλ’
612 1483 843 1548 ἐκείνοις
892 1485 996 1555 μὲν
1042 1486 1106 1540 τὸ
1150 1487 1341 1550 ἀτελὲς
1379 1488 1476 1541 καὶ
1519 1489 1887 1561 ὴρῤωστηκδς

300 1574 395 1643 τῆς
424 1573 655 1644 γνώμης
687 1576 826 1647 πρὸς
846 1579 907 1630 τὸ
944 1578 1156 1632 ἐκεῖθεν
1180 1580 1370 1651 κέρδος
1388 1581 1639 1651 ἐμποδὼν
1660 1582 1847 1636 ἵστατο
1868 1600 1883 1615 ·

301 1663 430 1731 ἡμῖν
479 1663 536 1716 δὲ
590 1665 1059 1737 θησαυριζόμενον
1112 1668 1463 1737 ἐφυλάττετο,
1498 1668 1587 1724 ἵνα
1644 1671 1884 1741 Χριστοῦ

302 1755 768 1824 παραγεγονότος,
838 1757 925 1811 διὰ
982 1759 1085 1829 τῆς
1120 1760 1261 1831 πρὸς
1306 1759 1470 1814 αὑτὸν
1542 1762 1885 1834 ἐπιστροφῆς

301 1845 667 1918 άνακαλυφθῇ
694 1847 754 1901 τὸ
785 1848 1284 1921 θησαυριξόμενονο
1312 1851 1407 1905 καὶ
1442 1852 1606 1922 ὁρᾶτε
1636 1855 1716 1917 είς
1755 1853 1887 1924 ὅσην
1915 1836 1963 1895 Β

300 1935 446 2004 ἡμᾶς
480 1934 639 2000 ἀξίαν
701 1941 733 2009 ἡ
770 1939 864 1990 τοῦ
910 1941 1184 1994 Δεσπότου
1220 1943 1495 2013 παρουσία
1540 1945 1882 2013 συνήγαγεν·

304 2024 384 2085 είς
409 2024 523 2094 γὰρ
556 2024 779 2097 τὴντοῦ
819 2027 1101 2091 Μωῡσέως
1147 2028 1299 2093 τάξιν
1333 2030 1761 2101 ἐγκατέστησεν·
1787 2031 1886 2085 ἄλ-

298 2113 403 2179 λως
434 2133 494 2168 τε
521 2116 577 2169 δὲ
615 2119 710 2171 καὶ
737 2118 845 2173 τῶν
877 2120 1179 2189 μελλόντων
1210 2122 1243 2191 ἡ
1279 2123 1602 2193 προφητεία,
1646 2122 1749 2176 κᾶν
1778 2141 1886 2194 μη-

298 2206 533 2277 δαμόθεν
552 2209 773 2264 ἄλλοθεν
812 2212 1209 2285 συνεφέλκηται
1235 2213 1296 2267 τὸ
1318 2214 1716 2288 δυσθεώρητον,
1744 2217 1887 2287 πλὴν

297 2298 394 2369 οὐχ
416 2299 594 2363 οὕτως
626 2302 742 2355 ἐστὶ
771 2302 945 2373 σαφὴς
966 2301 1041 2366 ὼς
1073 2306 1106 2373 ἡ
1138 2304 1249 2357 τῶν
1276 2305 1560 2378 παρόντων
1591 2306 1846 2378 διήγησις
1866 2322 1884 2340 ο

298 2390 572 2446 λαϐόντων
593 2392 650 2445 δὲ
677 2394 847 2465 πέρας
872 2394 979 2447 τῶν
1005 2397 1514 2468 προφητευθέντων,
1547 2398 1719 2453 καὶτὸ
1748 2401 1889 2453 άσα-

298 2481 396 2549 φὲς
420 2483 865 2553 συμμεθίσταται
892 2483 1032 2555 πρὸς
1055 2488 1356 2555 σαφήνειαν
1376 2501 1389 2514 ⁸
1430 2486 1527 2538 καὶ
1559 2485 1671 2556 γὰρ
1700 2488 1794 2538 καὶ
1829 2487 1888 2537 τὸ

305 2571 549 2624 «Λύσατε
573 2570 667 2624 τὸν
692 2571 817 2624 ναὸν
844 2572 1032 2626 τοῦτον
1052 2574 1146 2627 καὶ
1178 2576 1234 2627 ἐν
1259 2574 1440 2645 τρισὶν
1455 2576 1691 2646 ἡμέραις
1708 2574 1888 2645 ἐγερῶ

296 2662 485 2729 αὑτὸν,
519 2680 537 2714 ι
564 2662 659 2715 τοῦ
690 2663 948 2734 Σωτῆρος
966 2663 1502 2734 προαγορεύσαντος,
1522 2665 1581 2717 οὐ
1602 2666 1766 2735 μόνον
1782 2663 1890 2717 τῶν

298 2754 477 2807 ἄλλων
519 2754 790 2809 Ἰουδαίων
840 2755 902 2808 τὸ
932 2756 1159 2819 ἀπειθὲς
1192 2757 1289 2810 καί⁹
1348 2757 1785 2826 άπονενοημένον
1827 2756 1890 2809 τὸ

297 2845 683 2916 προφητευθέν
707 2848 766 2899 οὐ
805 2846 1134 2918 κατενόησεν
1186 2848 1307 2901 οὐδὲ
1334 2849 1591 2919 συνῆκεν,
1623 2849 1739 2902 ἀλλ’
1780 2850 1887 2903 οὐδ’

296 2935 424 2988 ὅσον
462 2939 519 2988 ἐν
568 2937 755 2999 αὐτοῖς
836 2937 1208 3008 συνετώτερον
1266 2941 1361 2991 καὶ
1407 2943 1508 3010 τῆς
1547 2941 1890 3011 Δεσποτικῆς

294 3026 654 3089 διδασκαλίας
707 3027 1076 3090 ἀπολαύοντες
1128 3028 1237 3081 τῶν
1294 3030 1555 3100 μαθητῶν
1615 3034 1644 3083 ὁ
1706 3033 1887 3102 χορὲς,

294 3119 409 3171 οὐδ’
446 3120 599 3170 αὐτοὶ
628 3119 902 3181 συνίεσαν,
929 3118 1067 3171 ἀλλὰ
1095 3119 1194 3188 τῆς
1249 3120 1340 3173 διὰ
1386 3121 1495 3173 τῶν
1541 3123 1890 3190 πραγμάτων

293 3210 602 3279 ἐδεήθησαν
632 3210 767 3279 πρὸς
789 3211 887 3281 τὴν
913 3212 1241 3282 κατανόησιν
1268 3212 1363 3265 τοῦ
1395 3214 1888 3284 προφητευθέντος,
1920 3201 1961 3257 C

294 3302 607 3365 ἐκϐάσεως.
627 3303 829 3373 Διόπερ
858 3302 965 3356 οὐδ’
988 3303 1173 3373 ἔνοχός
1196 3306 1346 3357 ἐστιν
1375 3305 1553 3369 αίτίας
1581 3308 1608 3358 ὁ
1634 3305 1891 3369 Ἰουδαῖος

295 3397 399 3458 τὰς
435 3396 562 3465 περὶ
614 3396 854 3467 Χριστοῦ
911 3397 1253 3467 προφητείας
1303 3398 1411 3468 πρὸ
1457 3398 1557 3467 τῆς
1591 3399 1759 3452 αὖτοῦ
1817 3398 1893 3469 μὴ

299 3488 509 3550 συνιεὶς
544 3489 850 3559 παρουσίας
872 3507 886 3520 ·
918 3489 1094 3559 ταύτῃ
1124 3506 1206 3542 τοι
1240 3490 1333 3542 καὶ
1368 3493 1394 3543 ὁ
1425 3491 1617 3562 Σωτὴρ
1664 3490 1851 3557 ἔλεγεν
1879 3506 1893 3519 ⁸

310 3599 329 3632 ι
371 3581 437 3633 Et
476 3581 552 3651 μὴ
594 3576 760 3652 ἦλθον
797 3583 894 3635 καὶ
923 3581 1167 3651 ἐλάλησα
1198 3582 1405 3647 αὐτοῖς,
1456 3583 1736 3654 ἁμαρτίαν
1795 3583 1896 3635 οὐκ

302 3668 506 3742 εἶχον.)
540 3673 652 3725 Καὶ
681 3674 791 3744 γὰρ
828 3676 875 3726 εί
908 3675 1002 3727 καὶ
1030 3674 1098 3727 τὰ
1128 3674 1289 3743 λόγια
1314 3674 1504 3727 τοῦτον
1559 3675 1897 3747 ἐχρησμολό-

302 3782 415 3835 γει,
451 3765 566 3818 ἀλλ’
593 3766 957 3830 ἐπεσκιάςετο
1020 3769 1085 3837 τῇ
1124 3768 1363 3839 ἀπουσίᾳ
1396 3766 1489 3820 τοῦ
1541 3768 1894 3839 κηρυσσομέ-

305 3874 434 3911 νου·
507 3858 775 3928 παρόντος
819 3859 897 3923 δὲ,
955 3858 1253 3928 οὐδαμόθεν
1285 3859 1473 3913 λοιπὸν
1525 3860 1747 3915 ἄλλοθεν
1794 3862 1895 3912 ἐπ-

305 3950 617 4014 εσκιάζετο,
651 3951 788 4022 μόνῃ
816 3951 872 4004 δὲ
903 3953 968 4021 τῇ
1001 3951 1276 4022 μοχθηρίᾳ
1310 3955 1408 4006 καὶ
1443 3954 1753 4024 κακουργία
1787 3936 1896 4007 τῶν

309 4047 384 4117 μὴ
423 4046 766 4117 βουλομένων
796 4045 1132 4101 ἐκαλύπτετο
1163 4046 1589 4118 παραδέχεσθαι.
1612 4049 1741 4101 Ἐπὶ
1772 4048 1897 4102 τού-

305 4157 419 4202 τοις
448 4139 505 4192 δὲ
555 4139 657 4209 τῆς
708 4138 977 4208 ἀσαφείας
1028 4140 1176 4193 ἐστὶν
1210 4138 1361 4192 αίτία
1398 4140 1457 4193 τὸ
1504 4139 1603 4210 μὴ,
1627 4142 1779 4210 φωνῇ
1827 4143 1895 4211 τῇ

320 4229 538 4284 Ἐλλάδι
563 4231 665 4301 τὴν
697 4229 945 4284 Παλαιὰν
980 4229 1395 4301 ἀπαγγελθῆναι
1416 4230 1660 4302 Γραφὴν,
1694 4230 1809 4283 ἀλλ’
1835 4234 1901 4285 ἐκ

307 4327 408 4397 τῆς
457 4325 741 4397 Ἐὁραῖδος
790 4327 871 4387 είς
918 4324 1125 4396 ταύτην
1172 4327 1539 4395 μεταπεσεῖν*
1573 4325 1787 4394 πέφυκε
1838 4325 1898 4379 δὲ

310 4421 459 4472 πᾶσα
491 4418 716 4488 γλῶσσα
746 4421 825 4482 είς
856 4418 1089 4488 ἔκφυλον
1125 4417 1545 4489 μετατιθεμένη,
1586 4417 1647 4470 τὸ
1687 4418 1900 4487 ἀσαφὲς

1992 572 2104 625 Ιυιη
2136 572 2188 626 in
2220 572 2358 626 facie
2384 573 2653 643 gesserit,
2694 585 3060 641 congruenter
3086 578 3252 632 etiam
3284 579 3430 648 leges
3466 583 3570 636 Veli

1989 663 2166 717 instar
2214 664 2605 719 obscuritatem
2660 666 3082 721 contrahebant.
3136 666 3325 724 Neutri
3374 687 3438 724 ex
3487 673 3571 727 his

1988 754 2147 822 culpa
2179 754 2496 823 imputanda
2534 767 2662 824 est,
2705 772 2870 827 quam
2920 758 3229 813 auditorum
3280 761 3571 818 inﬁrmitas

1989 847 2242 901 sustinet.
2290 846 2425 900 Nam
2469 856 2525 903 et
2572 847 2751 904 Moses
2787 848 2993 905 idcirco
3023 862 3189 920 caput
3229 852 3570 921 obuubebat,

1987 938 2116 1007 quia
2166 939 2391 1007 gloriam
2429 940 2612 995 vultus
2652 940 2771 1010 ejus
2804 939 3049 1010 perferre
3094 957 3261 997 nemo
3306 952 3522 1013 poterat
3555 961 3569 998 :

1987 1030 2200 1100 legique
2227 1030 2376 1096 item,
2402 1031 2506 1085 veli
2539 1031 2681 1095 loco,
2710 1033 2782 1087 ob
2820 1032 3071 1087 eamdem
3112 1047 3336 1089 causam
3369 1036 3573 1090 obscu-

1986 1124 2121 1180 ritas
2155 1125 2328 1180 offusa
2361 1124 2482 1179 fuit.
2515 1123 2727 1179 Etenim
2758 1127 2812 1181 in
2846 1142 2913 1181 eo
2938 1127 3106 1181 veluti
3142 1128 3402 1181 thesauro
3432 1144 3572 1182 con—

1987 1216 2257 1271 dehantur
2268 1216 2589 1284 perfectiora
2609 1218 2951 1286 celsioraque
2973 1216 3250 1287 dogmata,
3277 1234 3397 1288 quae
3419 1217 3576 1273 Chri-

1988 1316 2134 1361 stum
2180 1306 2391 1360 scilicet
2438 1306 2665 1376 ejusque
2694 1305 3109 1362 Testamentum
3150 1308 3571 1377 portendebant.

1990 1399 2094 1456 Sed
2127 1402 2271 1456 enim
2302 1400 2658 1456 Hebraeorum
2690 1402 3032 1472 imperfectio
3071 1413 3127 1458 et
3163 1403 3380 1458 inﬁrma
3414 1420 3572 1459 mens

1987 1494 2284 1563 queuiinus
2319 1494 2445 1548 inde
2486 1494 2701 1549 lucrum
2734 1495 2835 1564 ipsi
2876 1496 3262 1565 perciperent,
3304 1496 3574 1565 impedie-

1987 1586 2078 1640 bat
2113 1602 2126 1641 :
2161 1585 2319 1639 nobis
2352 1594 2534 1640 autem
2581 1602 2645 1640 ea
2684 1602 2770 1641 res
2810 1587 3093 1643 recondita
3128 1589 3473 1652 servabatur,
3517 1596 3577 1642 ut

1987 1678 2208 1734 Christo
2238 1688 2524 1748 praesente,
2553 1694 2647 1747 per
2677 1678 3094 1734 conversionem
3136 1678 3201 1731 ad
3225 1693 3374 1745 eum,
3419 1693 3576 1731 reve-

1989 1771 2196 1824 laretur
2222 1769 2539 1825 thesaurus.
2564 1768 2687 1824 .lam
2715 1785 2929 1825 mecum
2955 1770 3303 1825 considerate
3323 1770 3377 1822 in
3400 1784 3578 1839 quan-

1994 1874 2102 1917 tam
2139 1878 2240 1917 uos
2280 1862 2600 1932 dignitatem
2636 1861 2855 1916 Domini
2895 1864 3182 1932 praesentia
3217 1862 3573 1918 subvexerit:

1994 1965 2232 2020 namque
2259 1950 2310 2003 in
2346 1950 2465 2020 ipso
2505 1966 2605 2005 nos
2627 1949 2795 2005 Mosis
2830 1950 3025 2006 ordine
3057 1952 3362 2006 collocavit.
3395 1950 3570 2004 Caete-

1995 2040 2207 2108 teroqui
2242 2036 2552 2092 futurarum
2583 2054 2764 2093 rerum
2796 2039 3139 2103 vaticinium,
3180 2038 3399 2094 etiamsi
3432 2036 3576 2093 forte

1994 2130 2199 2186 nullam
2223 2130 2369 2184 aliud
2388 2130 2571 2184 trahat
2595 2131 3006 2196 obscuritatem,
3028 2131 3389 2187 nihilominus
3427 2148 3574 2185 uun-

1994 2236 2158 2291 quam
2190 2235 2348 2289 aaque
2370 2227 2455 2275 est
2476 2220 2724 2285 evidens,
2752 2229 2811 2274 ut
2836 2220 3187 2289 praesentium
3229 2235 3413 2274 rerum
3446 2234 3575 2273 uar-

1994 2315 2155 2370 ratio.
2196 2314 2399 2369 Verum
2444 2313 2538 2368 ubi
2580 2313 2879 2383 prophetia:
2923 2313 2991 2367 ad
3041 2316 3249 2369 exitum
3300 2312 3578 2384 perductae

1996 2406 2234 2467 fuerint.
2271 2414 2389 2460 tum
2436 2405 2656 2460 demum
2700 2405 3013 2460 obscuritas
3045 2404 3099 2459 in
3137 2404 3312 2459 lucem
3342 2418 3580 2459 conver-

1994 2502 2145 2553 titur.
2166 2496 2301 2551 Nam
2325 2505 2530 2553 etcum
2560 2496 2726 2550 verba
2750 2495 3111 2562 illa,tSolvite
3150 2495 3418 2565 templum
3446 2495 3574 2562 hoc,

1994 2602 2047 2644 et
2072 2606 2173 2662 ego
2213 2590 2388 2646 tribus
2414 2590 2608 2645 diebus
2631 2590 2884 2644 excitabo
2921 2589 3056 2644 illud
3083 2588 3125 2656 ⁸,
3157 2606 3176 2639 ι
3217 2604 3247 2642 a
3282 2587 3581 2643 Servatore

1995 2685 2138 2741 dicta
2178 2682 2439 2748 fuerunt,
2504 2697 2613 2737 non
2650 2682 2831 2738 solum
2882 2695 3207 2737 cancrorum
3256 2680 3580 2735 Judaaorum

1996 2791 2125 2847 pars
2152 2775 2433 2829 incredula
2481 2781 2536 2827 et
2570 2788 2763 2828 vecors
2807 2772 3158 2844 prophetiam
3199 2786 3378 2841 neque
3412 2768 3586 2824 sensit

1997 2884 2176 2938 neque
2207 2866 2497 2931 intellexit,
2538 2865 2635 2921 sed
2676 2850 2744 2920 ne
2791 2866 2869 2920 illi
2915 2865 3138 2937 quidem
3188 2863 3282 2933 qui
3314 2863 3455 2916 inter
3485 2876 3583 2915 eos

1997 2960 2383 3032 prudentiores
2412 2965 2595 3024 erant,
2631 2966 2687 3013 et
2720 2956 3022 3013 Dominicae
3061 2955 3327 3011 doctrinae
3365 2951 3586 3007 audito-

1998 3070 2106 3115 res,
2144 3052 2543 3123 discipulorum
2589 3066 2785 3119 nempe
2819 3056 2997 3104 costus
3021 3087 3035 3114 ,
3080 3046 3383 3117 quidquam
3422 3042 3585 3096 intel-

1999 3144 2274 3209 lexerunt,
2312 3144 2405 3198 sed
2437 3156 2624 3195 rerum
2655 3140 2805 3194 exitu
2855 3141 3208 3210 indiguerunt
3240 3148 3294 3191 ut
3336 3132 3585 3191 vaticinii

1996 3251 2218 3291 sensum
2264 3236 2628 3305 perciperent.
2680 3232 2864 3298 Quare
2897 3248 2998 3287 nec
3038 3245 3165 3285 reus
3210 3228 3585 3285 traducendus

1994 3334 2077 3382 est
2103 3325 2328 3381 Judaeus
2355 3367 2370 3391 ,
2411 3325 2543 3395 quia
2572 3323 2830 3377 vaticinia
2879 3323 2946 3377 de
2982 3322 3205 3376 Christo
3255 3331 3382 3375 ante
3417 3320 3582 3389 hujus

1996 3418 2286 3471 adventum
2340 3431 2448 3469 non
2524 3414 2879 3469 intellexerit.
2927 3413 3163 3482 Ideoque
3222 3421 3278 3467 et
3327 3412 3589 3466 Servator

1996 3508 2178 3563 aiebat
2210 3526 2222 3561 :
2263 3526 2280 3559 ι
2312 3505 2429 3560 Nisi
2464 3521 2565 3575 ego
2597 3505 2872 3561 venissem
2899 3504 3112 3574 illlsque
3135 3503 3357 3558 locutus
3382 3517 3585 3567 essem,

1999 3611 2279 3670 peccatum
2314 3614 2422 3652 non
2458 3598 2825 3652 haberent‘h
2860 3596 3141 3652 Etsienim
3171 3595 3397 3649 oracula
3422 3592 3590 3648 Chri-

1997 3705 2144 3751 stum
2174 3692 2566 3764 pratdicebant,
2594 3693 2709 3746 haec
2743 3701 2922 3745 tamen
2958 3690 3399 3744 obscurabuntur
3462 3702 3591 3757 pro-

1999 3800 2118 3858 pter
2141 3787 2262 3856 ejus
2293 3786 2385 3855 qui
2407 3784 2797 3855 designabatur
2828 3782 3133 3855 absentiam
3170 3799 3182 3836 :
3223 3795 3335 3851 quo
3369 3779 3590 3834 demum

1998 3888 2291 3949 praesente,
2316 3878 2430 3948 jam
2462 3877 2777 3947 neutiquam
2833 3875 3074 3943 tegmine
3118 3873 3591 3928 obnubebantur:

2000 3974 2115 4027 sola
2137 3982 2317 4026 autem
2362 3969 2685 4040 improbitas
2702 3968 3072 4037 vecordiaque
3112 3965 3589 4033 rcfractariorum,

2002 4064 2301 4136 quominus
2336 4064 2383 4119 is
2412 4064 2746 4131 reciperetur
2766 4102 2781 4127 ,
2812 4060 3095 4115 obstabat.
3133 4059 3362 4114 Accedit
3395 4060 3459 4114 ad
3492 4060 3592 4113 ob-

2001 4155 2285 4212 scuritatis
2334 4168 2537 4209 causas
2582 4152 2729 4222 quod
2780 4160 2943 4205 vetus
3000 4148 3291 4217 Scriptura
3338 4164 3594 4203 sermone

2002 4248 2195 4305 Graeco
2225 4262 2335 4301 non
2370 4246 2475 4300 fuit
2502 4252 2792 4314 concepta,
2820 4243 2915 4297 sed
2943 4258 3007 4297 ex
3038 4241 3307 4296 llebraico
3344 4241 3413 4310 in;
3437 4240 3592 4295 illum

2003 4340 2267 4395 manavit.
2304 4337 2401 4392 Est
2430 4347 2610 4392 autem
2646 4343 2846 4389 natura
2888 4343 3269 4404 Comparatum
3321 4340 3377 4385 ut
3411 4333 3592 4386 onmis

2004 4435 2225 4504 lingua,
2262 4448 2385 4502 qua:
2426 4433 2481 4485 in
2521 4427 2864 4500 peregrinam
2910 4426 3302 4501 convertitur,
3338 4425 3592 4480 obscuri-

310 4513 405 4565 καὶ
462 4511 899 4582 δυσκατανόητον
932 4510 1398 4581 συνεφέλκεσθαιο
1427 4514 1491 4581 τῇ
1537 4510 1781 4581 Ἐϐραΐδι
1839 4510 1897 4564 δὲ

2006 4534 2171 4579 tatem
2208 4521 2729 4588 abstrusionemque
2775 4518 3089 4573 contrahat.
3136 4515 3257 4571 Jam
3293 4532 3423 4571 vero
3442 4516 3591 4586 prin~

311 4606 431 4658 κατ’
490 4605 667 4676 ἀρχὰς
731 4606 1035 4677 ἐρρέθησαν
1096 4606 1152 4658 αί
1184 4604 1483 4658 Μωσαῖκαὶ
1534 4603 1893 4675 νομοθεσίαι·

311 4698 443 4751 διότι
489 4698 647 4767 μόνον
694 4697 950 4769 τηνικάδε
1002 4696 1064 4750 τὸ
1124 4696 1397 4750 Ἰουδαίων
1442 4696 1594 4759 ἔθνος
1646 4698 1713 4767 τῇ
1776 4695 1896 4748 θεο-

311 4793 522 4863 γνωσίᾳ
568 4794 928 4861 προσανεῖχε’
986 4791 1054 4844 τὰ
1100 4790 1157 4844 δὲ
1194 4789 1357 4842 λοιπὰ
1406 4788 1543 4858 πρὸς
1603 4788 1700 4858 τὴν
1747 4786 1901 4839 εἰδω-

312 4885 471 4957 λικὴν
503 4886 911 4957 άπετεθηρίωτο
964 4884 1183 4954 μανίαν.
1234 4883 1389 4936 Ἐπεὶ
1443 4882 1500 4935 δὲ
1534 4882 1769 4952 Χριστὸς
1798 4880 1901 4950 ἣγ-

313 4975 434 5043 γιζε
465 4974 892 5045 παραγενέσθαι,
920 4973 1014 5026 καὶ
1041 4973 1176 5044 πρὸς
1203 4972 1396 5026 ἑαυτὸν
1427 4972 1529 5041 τὴν
1560 4969 1894 5039 οἰκουμένην

315 5069 519 5131 καλεῖν,
556 5071 588 5137 ή
649 5067 891 5137 Ἑλληνὶς
943 5066 1002 5119 δὲ
1036 5065 1260 5135 γλῶσσα
1310 5064 1420 5117 τῶν
1476 5064 1651 5118 ἄλλων
1697 5062 1900 5132 μᾶλλον

315 5161 427 5223 τοῖς
452 5158 663 5213 ἔθνεσιν
686 5157 1330 5230 ἐπεπόλαζε,τηνικαῦτα
1353 5155 1615 5227 καὶήτῶν
1632 5155 1902 5226 Ἐὅραίων

319 5249 473 5321 φωνὴ
500 5250 636 5321 πρὸς
655 5250 755 5319 τὴν
784 5248 1055 5321 Ἑλλήνων
1082 5246 1467 5319 μετεϐέϐλητο,
1483 5246 1618 5315 πρὸς
1637 5246 1902 5298 ἐνιαυτῶν

317 5341 377 5393 οὐ
413 5342 577 5394 πλέον
615 5343 810 5395 ἑκατὸν
839 5342 938 5412 τῆς
964 5341 1054 5394 τοῦ
1092 5338 1347 5410 Σωτῆρος
1371 5336 1707 5407 παρουσίας,
1734 5336 1901 5390 αὐτοῦ

2002 4616 2144 4686 cipio
2176 4614 2433 4669 Mosaicae
2459 4614 2604 4683 leges
2643 4610 2927 4666 chraieae
2972 4610 3171 4681 linguae
3196 4608 3593 4664 commendata)

2001 4708 2268 4764 luerunt:
2313 4722 2489 4779 quare
2530 4715 2584 4759 et
2612 4714 2743 4759 tunc
2779 4702 2953 4758 Judaei
2991 4702 3093 4758 soli
3128 4701 3321 4756 notitia
3361 4699 3452 4755 Dei
3489 4715 3589 4769 po.

2000 4803 2279 4857 tiebantur
2305 4818 2320 4867 ;
2350 4800 2577 4868 reliquae
2599 4806 2792 4869 gentes
2825 4796 3029 4851 idolica
3057 4794 3269 4851 insania
3297 4793 3591 4863 jactaban.

2003 4905 2108 4951 tttr.
2162 4894 2267 4949 Sed
2304 4894 2450 4948 enim
2479 4891 2688 4947 Christi
2724 4906 2850 4946 cum
2878 4889 3352 4960 apprOpinquaret
3387 4887 3593 4941 advcu~

2006 4997 2116 5051 tus,
2144 4982 2446 5052 mundique
2475 4980 2541 5034 ad
2569 4995 2695 5035 eum
2730 4979 2947 5033 vocatio
2972 4995 2986 5037 :
3015 4991 3253 5045 cumque
3274 4974 3385 5045 jam
3408 4972 3595 5031 Graeca

2009 5074 2192 5143 lingua
2213 5087 2324 5142 prae
2346 5071 2561 5126 caeteris
2583 5070 2637 5123 iu
2670 5084 2831 5122 usum
2855 5067 3097 5138 gentium
3129 5075 3344 5133 recepta
3381 5065 3593 5129 fuisset,

2009 5171 2141 5216 tunc
2166 5159 2406 5215 Hebraea:
2442 5157 2665 5212 Littera:
2701 5157 2752 5211 in
2789 5156 3009 5211 Graecas
3037 5169 3320 5210 conversae
3348 5153 3594 5215 luerunt,

2010 5264 2155 5305 anno
2192 5258 2319 5303 ante
2347 5246 2551 5302 Christi
2586 5247 2877 5300 adventum
2916 5244 3002 5297 vix
3036 5242 3338 5298 centesimo
3364 5280 3378 5304 ,
3412 5239 3597 5294 Ptole—

2015 5356 2153 5395 maeo
2188 5338 2301 5409 (59)
2333 5339 2385 5391 iu
2415 5335 2651 5408 Egypto
2682 5343 2966 5406 regnante.
3005 5333 3217 5404 Quippe
3256 5333 3507 5397 decebat,
3538 5340 3597 5386 ut

388 5485 411 5519 ⁸
443 5484 487 5541 II
518 5486 645 5540 Cor.
684 5501 769 5548 ιιι,
813 5484 900 5538 l3.
975 5485 997 5517 '*
1020 5482 1181 5539 Joan.
1219 5500 1281 5547 tt,
1314 5483 1401 5537 19.
1480 5482 1501 5513 ⁵
1535 5479 1695 5535 Joau.
1727 5496 1819 5548 xv,
1845 5479 1939 5545 29.,
1963 5479 2055 5534 24.

1841 5596 2076 5654 NOTAE.

393 5689 505 5761 ('59)
535 5690 655 5758 Quo
679 5690 1009 5746 Ptolemaeo?
1036 5690 1171 5745 Nam
1190 5691 1603 5760 Philadelphum
1636 5690 1761 5762 (sub
1787 5706 1895 5760 quo

321 5762 562 5823 creditur
590 5772 777 5818 curata
828 5762 1225 5832 interpretatio)
1258 5778 1366 5817 non
1394 5762 1608 5817 videtur
1665 5762 1896 5819 Photius

2006 5690 2330 5759 intelligere,
2366 5688 2507 5742 inter
2536 5685 2698 5759 cujus
2726 5699 2957 5759 regnum
2989 5681 3308 5753 Christique
3335 5678 3589 5737 nativita-

2007 5770 2112 5817 tem
2152 5755 2497 5816 intercedunt
2520 5756 2647 5813 anui
2677 5755 2928 5812 trecenti.
