4110 6424
455 347 562 407 διο
640 327 642 330 ’

1620 348 1883 410 ΡΗΟΤΙΙ
1922 351 2430 414 PATRIARCl-LE
2457 355 2565 415 CP.

3625 356 3732 412 820

454 473 565 529 quo
582 470 839 511 sermone
857 457 1154 512 multitudo
1189 458 1432 527 gentium
1457 458 1524 513 ad
1546 457 1638 514 Dei
1666 461 2036 532 cognitionem

2153 464 2242 534 τῆς
2273 465 2554 534 Αἰγύπτου
2605 463 2943 533 Πτολεμαίου
3003 460 3377 532 βασιλεύοντος
3521 478 3534 494 ⁸
3568 462 3738 534 ἐχρῆν

455 547 816 615 pertrahenda
844 557 984 611 erat,
1032 545 1225 602 eodem
1251 548 1478 602 oracula
1530 565 1752 620 quoque.
1791 566 2042 620 praanun-

455 639 746 706 tiarentur,
779 654 898 710 quae
932 639 1001 694 de
1030 641 1312 695 communi
1343 639 1636 696 Servatore
1667 643 2044 698 vaticinaban-

455 739 562 787 tur.
612 731 731 787 Jam
770 733 885 803 ipsa
936 733 1194 802 loquendi
1231 733 1314 789 vis
1349 733 1553 789 idcirco
1603 736 1655 789 in
1711 737 1898 806 plures
1927 737 2044 792 dia-

455 825 627 880 lectos
660 841 815 880 versa
851 835 956 890 est,
975 824 1104 894 quia
1130 843 1256 882 eum
1293 826 1451 881 initio
1494 828 1713 881 unicam
1745 843 1775 881 a
1813 827 1924 883 Deo
1953 843 2045 883 ac-

455 913 694 981 cepisset
723 913 918 979 homo,
966 914 1192 970 vesania
1219 923 1384 985 atque
1419 915 1698 984 impietate
1728 916 1906 971 elatus
1936 927 2041 972 est.

457 1003 912 1075 Quandoquidem
956 1022 1086 1078 ergo
1145 1008 1308 1062 unica
1364 1008 1550 1079 lingua
1594 1009 1848 1064 homines
1892 1010 2042 1066 abusi

458 1107 606 1161 sunt,
633 1099 829 1153 merito
855 1099 1066 1155 invecta
1097 1100 1200 1155 fuit
1222 1102 1535 1156 multitudo.
1563 1101 1668 1156 Sed
1701 1104 1848 1156 enim
1882 1103 2046 1162 unius

457 1189 657 1260 lingua:
693 1193 1124 1248 emolumentum
1151 1205 1204 1248 et
1225 1210 1419 1260 usum,
1449 1196 1617 1250 multo
1650 1205 1895 1266 tempore
1922 1208 2048 1268 post

456 1282 790 1338 divisionem
831 1285 1078 1354 ejusdem
1105 1296 1270 1356 atque
1293 1287 1609 1353 dissidinm,
1645 1289 1818 1359 igneis
1843 1289 2046 1360 linguis

459 1391 556 1428 ora
603 1375 859 1432 instructi
891 1378 1183 1448 discipuli,
1231 1380 1507 1450 magnalia
1542 1380 1638 1434 Dei
1677 1381 2044 1450 praedicando,

459 1467 679 1523 tandem
727 1469 1027 1540 aliquando
1073 1472 1597 1528 demonstraverunt
1637 1483 1802 1545 atque
1849 1491 2050 1531 cumu-

459 1561 665 1615 l-trunt.

459 1675 788 1742 QUASSTIO
808 1678 969 1734 CLIV
993 1680 1187 1752 [CoisL
1206 1681 1539 1748 CLXXXIV,
1565 1683 1868 1740 Taur.CLX
1880 1683 2045 1758 XIII].

654 1769 793 1834 Quot
826 1772 1084 1826 editiones
1115 1772 1413 1843 Scripturw
1435 1775 1592 1844 faclw
1618 1775 1844 1844 fuerint.

2077 1797 2125 1855 B

2145 559 2255 626 γὰρ
2279 557 2346 610 δι’
2383 552 2452 628 ἦς
2485 555 2677 627 ἔμελλε
2706 555 2773 608 τὰ
2803 554 2973 608 πλείω
2999 554 3105 608 τῶν
3135 554 3305 607 ἐθνῶν
3370 557 3451 616 είς
3501 554 3734 622 θεογνω-

2147 650 2268 702 σίαν
2299 647 2782 720 χειραγωγεῖσθαι,
2835 648 2901 700 δι’
2934 647 3106 718 αὐτῆς
3151 649 3247 700 καὶ
3291 647 3418 708 τοὺς
3452 648 3733 716 χρησμοὺς

2147 738 2707 810 προαγγέλλεσθαι,οἳ
2740 740 2830 793 τὸν
2856 739 3033 792 κοινὸν
3066 739 3440 810 προεφήτευον
3477 740 3734 806 Σωτῆρα.

2148 834 2242 898 Εἰς
2279 833 2500 896 πλείους
2545 832 2601 885 δὲ
2661 830 2844 900 φωνὰς
2895 833 2951 884 αἱ
3006 830 3252 898 γλῶσσαι
3283 830 3734 902 διεμερίσθησαν,

2146 927 2280 981 διότι
2339 927 2470 997 μίαν
2535 925 2592 992 ἑξ
2665 924 2847 996 ἀρχῆς
2922 923 3105 979 λαῦὼν
3152 926 3180 977 ό
3234 923 3556 995 ἄνθρωπός,
3597 924 3737 993 πρὸς

2147 1019 2408 1072 ἀπόνοιαν
2444 1017 2539 1072 καὶ
2569 1017 2838 1086 ἀθεότητα
2892 1015 3070 1086 ήρθηο
3107 1016 3228 1068 ἐπεὶ
3275 1010 3370 1067 οὖν
3420 1015 3737 1077 ἑπιὸλαϐῶς

2149 1112 2456 1181 ἐχρήσαντο
2482 1112 2550 1182 τῇ
2617 1111 2715 1181 μιᾷ
2764 1112 2938 1180 φωνῇ,
2974 1109 3216 1172 εὐλόγως
3244 1107 3646 1177 ἁντεισηνέχθη
3675 1109 3737 1159 τὸ

2150 1204 2376 1274 πλῆθος.
2401 1204 2512 1274 Τῆς
2549 1203 2648 1273 μέν
2678 1220 2759 1256 τοι
2795 1203 2925 1272 μιᾶς
2949 1201 3011 1254 τὸ
3036 1201 3227 1272 κέρδος
3260 1201 3357 1252 καὶ
3389 1200 3489 1270 τὴν
3525 1199 3740 1269 χρείαν,

2155 1297 2296 1368 μετὰ
2359 1297 2458 1367 τὴν
2497 1296 2704 1366 ταύτης
2765 1295 3032 1366 διαίρεσιν
3063 1294 3160 1348 καὶ
3212 1293 3515 1363 διασπορὰν
3559 1294 3742 1363 χρόνῳ

2152 1386 2379 1457 ὕστερον
2437 1386 2710 1451 πολυετεῖ,
2780 1384 3036 1456 πυρίναις
3068 1383 3444 1453 στομωθέντες
3469 1382 3742 1448 γλώτταις

2150 1481 2198 1532 οἱ
2257 1476 2506 1548 μαθηταὶ
2535 1477 2627 1546 γτὰ
2675 1475 2942 1547 μεγαλεῖα
3004 1473 3099 1527 τοῦ
3148 1472 3286 1528 Θεοῦ
3345 1473 3740 1545 κηρύττοντεςι

2152 1570 2432 1637 ἐπέδειξαν
2464 1571 2585 1624 τότε
2621 1569 2716 1623 καὶ
2752 1567 3168 1640 ἀνεπλήρωσαν.

2675 1682 3014 1738 ΕΡΩἹῊΣΙΣ
3047 1681 3218 1735 ΡΝΔ’.

2301 1779 2494 1832 Πόσαι
2535 1775 2813 1841 ἐκδόσεις
2865 1775 3148 1845 γεγόνασι
3199 1773 3276 1840 τῇ
3314 1772 3566 1842 ιῖραρῇἰ

895 1886 1034 1936 Nunc
1047 1886 1260 1949 primum
1285 1888 1418 1938 edita
1439 1903 1466 1938 a
1487 1891 1546 1940 Ι).
1573 1889 2004 1953 l-Iergenroether.
2029 1919 2090 1928 —
2113 1891 2188 1943 De
2210 1891 2394 1942 Graecis
2415 1891 2615 1939 Veteris
2638 1889 2949 1939 'l‘estamenti
2974 1885 3308 1935 versionibus.

530 1969 717 2025 Prima
773 1980 855 2025 est
896 1971 1125 2042 (versio)
1196 1972 1555 2045 Septuaginta
1611 1975 1846 2031 duorum
1880 1979 2050 2034 inter-

462 2073 699 2132 pretum.
781 2061 844 2118 lli
887 2079 1014 2117 cum
1064 2063 1275 2120 Hebraei
1335 2075 1544 2134 essent,
1596 2069 1785 2123 selecti
1818 2081 1947 2125 sunt
1982 2087 2050 2125 ex

463 2169 793 2225 unaquaque
845 2156 987 2210 tribu
1049 2172 1144 2211 sex
1185 2166 1238 2212 et
1285 2157 1628 2229 interpretati
1656 2164 2049 2218 suntdivinam

461 2246 808 2315 Scripturam
866 2256 1128 2316 regnante
1172 2246 1468 2304 Ptolemteo
1524 2250 1878 2322 Philadelpho
1902 2270 2048 2308 anno

464 2339 847 2393 tercentesimo
875 2339 1054 2408 primo
1071 2350 1196 2394 ante
1231 2340 1448 2396 Domini
1479 2345 1654 2399 nostri
1681 2343 1810 2400 Jesu
1839 2345 2049 2401 Christi

461 2430 764 2484 secundum
819 2445 1039 2484 carnem
1111 2432 1543 2501 generationem.
1636 2435 1891 2491 Ser-unda
1967 2447 2053 2494 est

459 2519 671 2588 Aquilae
689 2519 881 2575 editio.
921 2519 1041 2586 Hic,
1073 2521 1278 2593 Sinope
1307 2525 1465 2580 Ponti
1509 2527 1777 2583 oriundus
1809 2544 1874 2584 ac
1899 2529 2039 2585 Grae-

462 2628 559 2666 cus
583 2627 806 2682 genere,
835 2611 1233 2686 Hierosolymis
1296 2618 1612 2688 baptizatus
1646 2631 1764 2686 est;
1833 2612 2048 2693 pbstea,

463 2704 677 2772 ahjecta
740 2703 1053 2781 Christiana
1116 2708 1384 2780 religione
1413 2711 1479 2765 ad
1519 2710 1740 2768 Jndmos
1777 2717 2052 2772 transiens

462 2795 854 2866 interpretatus
917 2807 1002 2854 est
1067 2808 1123 2855 et
1189 2800 1307 2873 ipse
1381 2801 1626 2857 divinam
1700 2806 2048 2876 Seripturam

458 2889 705 2943 Adriano
736 2890 1059 2960 imperante,
1087 2892 1181 2961 qui
1234 2892 1386 2963 lepra
1429 2909 1730 2963 percussus
1768 2898 1889 2963 fuit,
1915 2917 2053 2969 qua-

457 2979 761 3053 dringentis
792 2993 842 3038 et
895 2985 1117 3054 triginta
1150 2987 1314 3042 anuis
1348 2997 1473 3058 post
1506 2988 1867 3059 Septuaginta
1909 2995 2052 3050 duos

458 3074 821 3144 interpretes;
858 3093 964 3130 non
993 3087 1143 3133 recto
1167 3094 1298 3134 vero
1333 3096 1497 3136 sensu
1533 3082 2049 3152 interpretationem

2227 1976 2428 2048 Πρώτη
2460 1977 2557 2046 μὲν
2583 1976 2616 2046 ἡ
2643 1975 2750 2028 τῶν
2766 1973 3170 2043 Ἐὀδομήκοντα
3190 1973 3335 2025 δυοῖν
3352 1970 3707 2042 ἑρμηνευτῶν
3729 1988 3741 2000 ·

2153 2067 2302 2128 οὗτοι
2344 2073 2584 2145 Ἑϐραῖοι
2616 2072 2767 2134 ὄντες
2795 2071 3124 2140 ἑξελέγησαν
3150 2070 3259 2124 ἀπὸ
3297 2069 3536 2139 ἑκάστης
3567 2069 3746 2140 φυλὴς

2154 2167 2214 2232 ἒξ
2235 2170 2328 2220 καὶ
2355 2167 2710 2237 ήρμήνευσαν
2733 2165 2833 2235 τὴν
2858 2163 3010 2219 θείαν
3029 2164 3255 2235 Γραφὴν
3285 2164 3378 2216 ἐπὶ
3406 2163 3740 2233 Πτολεμαίου

2156 2259 2420 2330 βασιλέως
2477 2257 2570 2311 τοῦ
2613 2257 2944 2326 Φιλαδέλφου
3019 2254 3122 2326 πρὸ
3157 2261 3240 2307 τα¹
3307 2253 3572 2307 ἐνιαυτῶν
3642 2254 3744 2323 τῆς

2153 2349 2294 2402 κατὰ
2346 2349 2528 2419 σάρκα
2584 2347 2893 2416 γεννήσεως
2943 2344 3036 2400 τοῦ
3089 2343 3295 2415 Κυρίου
3344 2345 3502 2415 ήμῶν
3568 2345 3742 2412 Ἰησοῦ

2153 2439 2417 2509 Χριστοῦ.
2451 2441 2690 2511 Δευτὲρα
2743 2439 2892 2492 ἐστὶν
2940 2441 2973 2510 ή
3033 2437 3126 2490 τοῦ
3173 2437 3409 2491 Ἀκύλα·
3442 2429 3598 2500 οὗτος
3638 2437 3746 2489 ἀπο

2154 2530 2404 2601 Σινώπης
2425 2531 2517 2584 τοῦ
2545 2531 2744 2584 Πόντου
2768 2529 3030 2599 ὑπάρχων
3061 2529 3155 2581 καὶ
3181 2527 3382 2598 Ἕλλην
3402 2527 3479 2580 ὢν
3512 2527 3742 2582 ἐϐαπτί-

2156 2623 2258 2692 σθη
2274 2625 2332 2675 ἑν
2349 2621 2744 2692 Ἱεροσολύμοις
2765 2637 2778 2650 ·
2803 2617 2947 2683 εἷτα,
2965 2619 3056 2672 τὸν
3077 2619 3506 2689 Χριστιανισμὸν
3550 2617 3747 2686 ἀθετή-

2157 2732 2274 2779 σας,
2301 2714 2395 2767 καὶ
2418 2716 2527 2776 τοῖς
2559 2713 2833 2776 Ἰουδαίοις
2852 2709 3176 2782 συνδραμὼν
3199 2711 3512 2780 ἡρμήνευσε
3537 2709 3633 2761 καὶ
3647 2709 3746 2761 αὐ-

2153 2809 2245 2872 τὸς
2263 2811 2360 2878 τὴν
2383 2807 2533 2860 θείαν
2561 2807 2783 2876 Γραφὴν
2805 2806 2897 2859 ἑπὶ
2913 2803 3196 2876 Ἀδριανοῦ
3230 2803 3323 2857 τοῦ
3352 2803 3616 2873 βασιλέως
3641 2801 3738 2855 τοῦ

2154 2899 2528 2968 λεπρωθέντος
2562 2899 2699 2968 μετὰ
2727 2898 2820 2966 ἑτη
2842 2897 3142 2966 τριάκοντα
3161 2895 3256 2946 καὶ
3277 2893 3606 2962 τετρακόσια
3631 2891 3744 2960 (Ml)

2154 2991 2256 3060 τῆς
2307 2991 2416 3042 τῶν
2460 2989 2603 3042 δυοῖν
2650 2990 2744 3042 καὶ
2787 2988 3195 3058 Ἑϐδομήκοντα
3247 2986 3584 3058 ἑρμηνείαςο
3643 2984 3746 3036 οὐκ

2157 3083 2303 3156 όρθῷ
2331 3084 2387 3136 δὲ
2417 3082 2667 3153 λογισμῷ
2707 3083 2804 3154 τὴν
2835 3080 3136 3154 ἑρμηνείαν
3192 3079 3428 3146 ἐξέθετο,
3470 3077 3607 3132 ἁλλά
3634 3079 3746 3138 τοῖς

457 3166 706 3236 perfecit,
763 3184 955 3224 verum
1016 3170 1301 3226 inimicitia
1363 3173 1415 3227 in
1452 3173 1807 3231 Christianos
1841 3187 2046 3234 motus.

2155 3179 2505 3249 Χριστιανοῖς
2521 3173 2854 3230 ἁντιπαθών.
2877 3174 3048 3244 Τρίτη
3073 3172 3221 3226 ἐστὶν
3245 3173 3278 3242 ή
3307 3171 3400 3224 τοῦ
3419 3171 3488 3223 Συ
3499 3171 3742 3242 μμάχουο

460 3258 643 3313 Tertia
675 3269 760 3315 est
784 3258 1099 3332 Symmachi
1126 3265 1316 3320 editio.
1359 3266 1460 3334 Qui
1483 3268 1636 3338 prius
1665 3271 2047 3328 Samaritanus

456 3361 604 3418 erat;
673 3367 797 3407 cum
839 3365 1024 3408 autem
1091 3372 1120 3409 a
1154 3356 1384 3426 propria
1435 3369 1593 3430 gente
1643 3363 1778 3416 nihil
1825 3346 2051 3420 honoris

457 3446 756 3516 acciperet,
818 3447 1137 3505 dominandi
1197 3467 1388 3508 amore
1442 3457 1688 3524 percitus
1741 3458 1808 3513 ad
1833 3457 2053 3515 Judzeos

455 3539 670 3594 accedit
699 3549 755 3595 et
792 3541 989 3596 iterum
1031 3544 1487 3616 circumciditur;
1546 3557 1713 3619 atque
1761 3552 1815 3604 in
1864 3553 2050 3607 odium

459 3628 936 3687 Samaritanorum
975 3634 1268 3692 intendens
1294 3646 1347 3692 et
1381 3638 1497 3707 ipse
1535 3640 1770 3695 divinam
1801 3640 2052 3712 Scriptu-

457 3740 574 3779 ram
617 3726 1334 3800 iuterpretaturimperante
1362 3739 1476 3787 tum
1511 3733 1742 3800 Severo,
1773 3736 2052 3806 quinqua-

457 3820 669 3887 gesimo
699 3831 854 3877 sexto
901 3838 1048 3880 anno
1086 3833 1210 3894 post
1239 3826 1496 3896 Aquilam
1531 3829 1809 3898 propriam
1845 3830 2050 3886 editio-

459 3927 582 3966 nem
657 3930 772 3969 suae
855 3915 1324 3987 interpretationis
1373 3919 1604 3977 faciens.
1697 3922 1902 3989 Quarta
1965 3933 2050 3978 est

457 4001 855 4061 Theodotionis
881 4006 1123 4078 Ephesii.
1170 4009 1298 4075 Isle,
1349 4011 1443 4081 qui
1481 4011 1718 4069 haeresin
1751 4013 2051 4068 Marcionis

456 4097 670 4155 Pontici
706 4102 996 4170 amplexus
1025 4102 1224 4170 fuerat,
1262 4105 1536 4161 haereseos
1555 4105 1800 4176 ejusdem
1825 4109 2052 4166 asseclis

457 4195 644 4258 postea
685 4193 950 4262 irascens,
985 4197 1262 4267 propriam
1303 4197 1717 4266 Scripturarum
1754 4201 2050 4256 editionem

457 4283 1003 4350 perfecitCommodo
1022 4286 1329 4344 Retnauum
1349 4288 1642 4358 imperium
1661 4289 2055 4346 administran-

459 4384 529 4427 te.
553 4373 1150 4448 Quintainterpretatio
1177 4389 1368 4434 notum
1398 4397 1505 4435 non
1540 4381 1706 4436 habet
1730 4392 2042 4452 parentem,

456 4465 676 4522 inventa
717 4484 849 4524 vero
902 4469 1007 4524 fuit
1068 4471 1122 4525 in
1173 4473 1337 4527 doliis
1387 4473 2048 4542 abscondita,‘_Caracalla

2156 3266 2310 3332 οὗτος
2351 3269 2543 3339 πρῶτα
2581 3268 2677 3338 μὲν
2709 3267 3054 3338 Σαμαρείτης
3085 3261 3172 3338 ἦν’
3225 3267 3299 3336 μὴ
3349 3264 3660 3336 τιμώμενος
3688 3262 3746 3316 δὲ

2160 3361 2263 3414 ὑπὸ
2285 3361 2377 3414 τοῦ
2410 3360 2539 3413 ἰδίου
2577 3359 2708 3413 λαοῦ
2743 3358 3036 3430 φιλαρχίας
3063 3356 3225 3428 ἕρωτι
3265 3358 3595 3428 προστρέχει
3629 3359 3742 3420 τοῖς

2169 3454 2448 3516 Ἰουδαίοις
2482 3453 2578 3506 καὶ
2632 3451 2886 3522 δεύτερον
2917 3451 3308 3523 περιτέμνεται
3338 3451 3432 3504 καὶ
3465 3451 3603 3522 πρὸς
3631 3452 3746 3515 ,ἁν-

2156 3544 2448 3598 τιπάθειαν
2534 3544 2627 3596 καὶ
2705 3541 2870 3605 αὐτὸς
2927 3541 3038 3594 τῶν
3105 3540 3467 3612 Σαμαρειτῶν
3521 3541 3747 3609 ἀφορῶν

2157 3635 2451 3709 ἑρμηνεύει
2467 3634 2566 3706 τὴν
2582 3635 2736 3688 θείαν
2750 3633 3240 3706 ΓραφὴνΣεϐήρου
3259 3631 3565 3703 τηνικαῦτα
3586 3632 3745 3702 βασι-

2154 3729 2406 3792 λεύοντος
2430 3729 2568 3799 μετὰ
2589 3727 2648 3792 ἒξ
2674 3729 2767 3780 καὶ
2799 3728 3142 3794 πεντήκοντα
3168 3726 3262 3798 ἔτη
3283 3726 3384 3794 τῆς
3413 3724 3506 3778 τοῦ
3545 3724 3747 3776 Ἀκύλα

2155 3819 2457 3890 ἑρμηνείας
2484 3818 2584 3888 τὴν
2614 3819 2822 3872 οἰκείαν
2847 3818 3060 3872 ἔκδοσιν
3097 3817 3487 3887 ποιησάμενος.
3536 3816 3745 3885 Τετάρ-

2153 3931 2219 3983 τη
2272 3912 2492 3983 ὲστὶνή
2544 3911 2638 3965 τοῦ
2699 3911 3059 3975 Θεοδοτίωνος
3103 3909 3199 3964 τοῦ
3247 3909 3531 3978 Ἐφεσίου·
3585 3899 3741 3970 οὗτος

2154 4007 2256 4077 τῆς
2290 4007 2558 4076 αἱρέσεως
2616 4006 2943 4077 Μαρκίωνος
3009 4006 3251 4073 γεγονὼς
3324 4003 3420 4056 τοῦ
3478 4000 3742 4055 Ποντικοῦ

2155 4102 2382 4164 καὶτοῖς
2423 4099 2874 4169 συναιρεσιώταις
2905 4097 3116 4169 μηνιῶν
3148 4096 3360 4150 ἔκδοσιν
3395 4096 3530 4149 ἰδίαν
3559 4096 3748 4164 ἐποιή-

2161 4212 2297 4247 σατο
2328 4196 2427 4266 τῆς
2453 4195 2679 4266 Γραφῆς
2711 4193 2961 4264 Κομόδου
2993 4192 3090 4263 τὴν
3138 4189 3428 4261 Ῥωμαίων
3459 4189 3744 4258 βασιλείαν

2155 4286 2504 4359 χειρίζοντος.
2578 4285 2641 4338 ’Π
2709 4285 2764 4337 δὲ
2845 4286 3070 4356 πέμπτη
3150 4283 3421 4355 ἑρμηνεία
3480 4283 3580 4334 οὐκ
3631 4281 3747 4353 ἔχει

2158 4378 2438 4450 γνώριμον
2502 4378 2594 4430 τὸν
2643 4378 2901 4447 πατέρα’
2963 4376 3162 4447 εὑρέθη
3222 4376 3267 4428 δ’
3323 4371 3418 4428 οὖν
3459 4375 3515 4428 ἑν
3568 4375 3745 4436 πίθοις

2157 4468 2522 4542 κεκρυμμένη
2554 4469 2647 4521 ἐπὶ
2672 4467 3039 4539 Καρακάλλου
3076 4465 3170 4520 τοῦ
3222 4467 3512 4537 Ῥωμαίων
3543 4465 3743 4536 ἄρξαν-

458 4559 724 4616 Romanis
743 4561 1045 4632 imperante
1069 4565 1121 4618 in
1134 4562 1376 4619 Jericho.
1403 4563 1565 4620 Sexta
1585 4565 2044 4636 pariterauetoris

2153 4578 2244 4626 τος
2271 4564 2329 4615 ὲν
2381 4559 2608 4632 Ἰεριχώ.
2643 4560 2753 4613 Καὶ
2781 4561 2814 4630 ή
2853 4558 2988 4628 ἕκτη
3017 4558 3072 4611 δὲ
3120 4558 3182 4610 τὸ
3226 4556 3511 4628 ἀνώνυμον
3543 4555 3744 4626 ὁμοίως

455 4650 653 4706 incerti
708 4652 852 4708 fetus
892 4654 1061 4709 simili
1121 4655 1290 4710 modo
1340 4666 1554 4727 reperta
1611 4665 1732 4723 est,
1791 4657 1845 4712 in
1883 4657 2046 4713 doliis

455 4745 710 4801 videlicet
753 4747 1098 4814 abscondita,
1157 4749 1469 4804 Alexandro
1507 4749 1749 4806 Mamaea
1785 4749 1898 4805 lilio
1938 4751 2046 4804 im-

455 4845 732 4903 peratore,
771 4836 824 4890 in
858 4837 994 4891 urbe
1033 4835 1304 4909 Nicepoli,
1339 4856 1461 4909 quae
1483 4855 1656 4910 prepe
1695 4839 1913 4894 Aetium
1943 4839 2048 4895 sita

453 4937 557 4981 est.
610 4926 776 4984 Hisce
810 4930 1071 4984 omnibus
1103 4932 1340 4986 accessit
1379 4931 1579 4986 divinae
1643 4939 1848 4986 nostra:
1895 4929 2046 4986 Scri-

455 5019 1048 5090 pturminterpretatio,
1065 5037 1232 5090 quam
1256 5031 1483 5078 sanctus
1508 5021 1788 5078 Lucianus
1816 5039 2047 5093 magnus

453 5123 638 5169 asceta
688 5125 740 5170 et
787 5126 996 5186 martyr
1055 5114 1302 5185 perfecit.
1399 5115 1500 5170 llic
1558 5115 1707 5170 enim
1760 5115 2042 5185 praedictis

453 5204 790 5261 editionihus
830 5207 1090 5262 adhibitis
1136 5217 1191 5262 et
1226 5206 1495 5263 llebraica
1573 5201 1772 5263 nact'us
1842 5221 2042 5276 magno

453 5311 580 5349 cum
632 5299 818 5353 studio
873 5301 1209 5369 exemplaria
1263 5309 1316 5356 et
1379 5310 1635 5356 accurate
1691 5299 2032 5370 perspiciens

453 5405 577 5458 quae
603 5384 934 5446 deficiebant
969 5394 1050 5447 vel
1082 5409 1113 5447 a
1147 5394 1376 5448 veritate
1407 5395 1748 5449 excedebant
1786 5393 2040 5454 removit,

456 5484 735 5553 propriam
764 5502 892 5541 vero
943 5487 1188 5558 ejusdem
1229 5488 1351 5543 ﬁdei
1378 5489 1712 5544 Christianis
1745 5490 2043 5544 editionem

457 5577 607 5644 fecit,
637 5595 760 5649 qua:
788 5580 955 5637 editio
997 5595 1116 5651 post
1146 5582 1323 5653 ipsius
1363 5593 1640 5640 certamen
1673 5592 1729 5638 et
1759 5593 1880 5653 post
1917 5599 2044 5652 per-

2147 4653 2347 4724 ἑχουσα
2375 4653 2469 4707 καὶ
2517 4652 2615 4723 τὴν
2673 4650 2894 4724 εὕρεσιν
2924 4651 3118 4722 ὁμοίαν
3158 4650 3284 4721 ἔσχε
3313 4666 3326 4681 ·
3385 4650 3584 4727 εὑρέθη
3637 4646 3745 4716 γὰρ

2146 4749 2241 4800 καὶ
2272 4747 2410 4818 αὐτὴ
2438 4749 2497 4800 ἑν
2520 4746 2696 4810 πίθοις
2728 4745 3094 4816 κεκρυμμὲνη
3123 4745 3216 4796 ἑπὶ
3253 4741 3612 4813 Ἀλεξάνδρου
3643 4739 3737 4793 τοῦ

2147 4841 2411 4910 Μαμαίας
2443 4842 2502 4893 ὲν
2528 4839 2822 4892 Νικοπόλει
2867 4842 2932 4910 τῇ
2988 4838 3129 4891 κατὰ
3158 4837 3216 4890 τὸ
3277 4837 3500 4889 νΛκτιον
3540 4835 3743 4887 διακει-

2152 4934 2310 5004 μένῃ.
2356 4931 2482 4986 Ἐπὶ
2515 4934 2650 4985 πᾶσι
2679 4930 2894 4994 τούτοις
2921 4931 3114 4999 γέγονε
3147 4928 3419 5000 ἑρμηνεία
3458 4929 3558 4998 τῆς
3588 4926 3742 4996 ἱερᾶς

2156 5025 2313 5096 ήμῶν
2344 5025 2574 5094 Γραφῆς
2616 5023 2768 5094 παρὰ
2824 5023 2918 5076 τοῦ
2964 5024 3022 5076 ἐν
3052 5021 3232 5090 ἁγίοις
3283 5018 3590 5073 Λουκιανοῦ
3648 5017 3744 5070 τοῦ

2157 5118 2397 5188 μεγάλου
2451 5115 2694 5186 ἀσκητοῦ
2755 5115 2848 5167 καὶ
2900 5114 3207 5184 μάρτυρος·
3265 5104 3419 5174 οὗτος
3468 5112 3579 5180 γὰρ
3619 5112 3737 5172 ταῖς

2153 5208 2684 5278 προγεγραμμέναις
2780 5207 3084 5277 ἐπιστήσας
3157 5205 3408 5258 ἑκδὸσεσι
3469 5204 3566 5256 καὶ
3633 5206 3745 5265 τοῖς

2158 5305 2466 5374 Ἑϐραϊκοῖς
2487 5301 2788 5370 φιλοπόνως
2808 5298 3048 5370 ἐντυχὼν
3088 5301 3181 5352 καὶ
3201 5299 3446 5369 ἀκριϐῶς
3483 5297 3744 5350 ἑποπτεύ·

2157 5411 2252 5455 σας
2278 5395 2343 5445 τὰ
2373 5392 2470 5462 μὲν
2491 5391 2798 5460 λείπονταῆ
2819 5391 3052 5462 περιττὰ
3074 5391 3173 5459 τῆς
3201 5389 3459 5459 ἀληθείας
3483 5387 3738 5452 διώσατο,

2156 5485 2370 5538 ἔκδοσιν
2430 5483 2486 5535 δὲ
2546 5481 2849 5553 ἰδιόκληρον
2903 5484 3017 5544 τοῖς
3072 5480 3348 5552 ὁμοδόξοις
3396 5482 3742 5548 Χριστιανοίς

2158 5575 2481 5643 ἐποιήσατο,
2513 5571 2634 5640 ἣτις
2667 5571 2879 5635 ἕκδοσις
2916 5571 3054 5641 μετὰ
3077 5572 3177 5642 τὴν
3205 5571 3432 5640 ἄθλησιν
3464 5569 3630 5623 αὐτοῦ
3650 5567 3742 5621 καὶ

1939 5696 2169 5753 NOTAE.

540 5808 648 5876 μυ)
673 5811 846 5867 Aliter
881 5831 935 5884 ιι.
974 5815 1123 5870 (ILlll
1159 5832 1372 5887 tempus
1415 5823 1748 5890 assignatur.
