4110 6448
305 395 404 459 821

1141 402 1240 462 AD
1271 401 1868 463 AMPHILOCHIUM
1917 402 2268 473 OUESTIO
2305 404 2495 474 CLIV,
2523 403 2684 465 CLV.

3476 403 3584 465 8:22

301 517 398 565 τὸν
419 513 663 583 διωγμὸν
696 510 789 566 τὸν
817 510 1108 583 γενόμενον
1141 512 1233 566 ἐπὶ
1263 510 1618 580 Μαξιμιανοῦ
1647 513 1742 566 καὶ
1779 515 1897 565 Διο-
1923 553 1935 573 λ

2018 512 2363 577 iecutionem,
2413 528 2535 583 qua}
2589 513 2694 568 sub
2756 511 3089 567 Maximiano
3139 521 3196 568 et
3249 512 3590 570 Diocletiano

303 606 602 676 κλητιανοῦ
665 605 776 660 τῶν
806 606 1087 678 τυράννων
1111 605 1312 676 εὑρέθη
1347 607 1405 657 ἐν
1454 604 1802 677 Νικομηδείᾳ
1837 606 1896 672 ἐξ

307 698 601 769 ἰδιοχείρου
623 697 789 752 αὐτοῦ
812 697 1198 769 γεγραμμένη.
1227 697 1640 759 Κωνσταντῖνος
1665 695 1722 748 δὲ
1747 713 1900 765 τηνι-

303 789 486 844 καῦτα
516 792 545 843 ὁ
575 791 747 860 μέγας
794 789 1120 843 ἐϐασίλευε·
1175 789 1236 841 τὸ
1285 788 1342 841 δὲ
1397 787 1607 858 βιϐλίον
1663 786 1896 858 εὓρηται

302 881 459 952 παρά
497 881 774 946 Ἰουδαίοις
801 883 860 936 ἐν
890 880 1197 953 πυργίσκου
1223 879 1390 950 τοίχῳ
1421 878 1716 949 κονιάματι
1757 881 1897 951 πρὸς

303 975 612 1046 ἀσφάλειαν
644 975 1087 1047 διακεχρισμένῳ
1116 971 1254 1047 (41).

841 1087 1179 1141 ΕΡΩΤΗΣΙΣ
1225 1082 1396 1141 ΡΝΕ’.

305 1181 368 1236 Τί
419 1180 657 1246 ἰδόντες
723 1183 777 1234 ol
827 1180 1114 1248 ποιμένες
1163 1176 1556 1248 διεγνὼριοναν
1612 1173 1747 1243 περὶ
1791 1173 1898 1229 τοῦ

631 1247 1007 1319 λαληθέντος
1045 1248 1249 1314 αὐτοῖς
1276 1247 1520 1300 παιδίου
1542 1261 1560 1309 ;

2001 607 2250 677 tyrannis
2270 616 2463 662 exorta
2485 615 2592 670 est,
2620 604 2952 660 Nicomediae
2984 607 3204 661 inventa
3242 606 3345 660 fuit
3366 623 3431 662 ex
3457 608 3592 678 ipsis

1998 697 2334 768 autographo
2396 699 2626 768 scripta.
2703 697 3100 752 Constantinus
3165 713 3398 766 magnus
3467 708 3584 753 tum

1995 785 2336 857 imperabat;
2379 789 2517 843 liber
2554 803 2681 843 vero
2708 788 2960 842 inventus
2985 795 3069 842 est
3097 787 3242 857 apud
3271 785 3496 843 Judazos
3527 789 3583 843 in

1997 879 2282 934 turricula:
2342 881 2627 951 cujusdam
2691 880 2896 950 pariete
2941 880 3092 935 calce
3123 880 3192 934 ad
3226 880 3582 935 securitatem

2003 971 2164 1027 illito.

2007 1083 2336 1152 QUIESTIO
2363 1084 2494 1140 CLV
2524 1084 2713 1157 [CoisL
2746 1084 3056 1152 CLXXXV,
3081 1085 3247 1142 Taur.
3270 1085 3584 1158 CLXXIV].

2008 1178 2151 1244 Quid
2185 1196 2216 1231 a
2263 1196 2319 1233 se
2363 1188 2701 1246 conspectum
2744 1190 2986 1248 pastores
3023 1180 3147 1232 aliis
3171 1179 3235 1232 de
3260 1195 3446 1248 puero,
3481 1179 3590 1233 illis

2415 1251 2755 1312 annuntiato,
2789 1250 3205 1319 signiﬁcaram?

367 1367 627 1418 Editarum
646 1381 674 1416 a
698 1365 876 1417 Wolﬁo
901 1364 1092 1414 decima
1114 1361 1449 1424 octava?(Cur.
1485 1358 1694 1421 PliilOL,
1720 1358 1927 1472 tanL,
2211 1359 2433 1410 Galland.
2458 1360 2708 1422 Bibliotlt.,
2733 1366 2772 1410 t.
2797 1359 2927 1421 Xlll,
2965 1374 3014 1422 p.
3035 1359 3146 1420 756,
3173 1360 3283 1420 ⁵157,
3318 1375 3368 1408 n.
3397 1362 3500 1424 δί).

1927 1458 1940 1470 ο
1962 1450 2014 1483 ll,
2033 1450 2168 1471 u-au.

377 1533 628 1605 Αὐτοψέᾳ
649 1534 717 1586 τὰ
747 1531 1189 1603 εὐηγγελισμένα
1215 1528 1498 1592 λαϐόντες,
1530 1529 1624 1582 καὶ
1659 1527 1736 1598 τῷ
1773 1527 1904 1582 θαύ-

306 1648 444 1702 ματι
470 1631 570 1701 τῆς
599 1627 860 1700 ἀληθείας
886 1627 1266 1698 κατεχόμενοι,
1313 1625 1414 1678 οὐκ
1437 1616 1762 1694 ἀπέκρυψαν
1791 1625 1906 1684 τοῖς

303 1721 746 1792 πυνθανομένοις
773 1720 872 1790 τὴν
903 1719 1108 1774 αἰτίαν,
1159 1715 1322 1782 Ἀλλ’,
1355 1715 1500 1785 άπερ
1542 1731 1603 1766 τε
1635 1713 1904 1784 πρότερον

301 1814 632 1880 ἐθεάσαντο,
691 1813 786 1866 καὶ
818 1805 892 1866 ὧν
936 1811 1073 1881 ἀκοῇ
1135 1809 1233 1880 τὴν
1276 1808 1479 1877 γνῶσιν
1534 1806 1713 1877 ἔσχον,
1771 1804 1902 1877 παρ’
1939 1852 1980 1911 Β

300 1907 476 1963 αὐτοῦ
508 1925 568 1960 τε
600 1906 693 1959 τοῦ
721 1900 1215 1974 εὐαγγελιζομένου
1239 1901 1474 1969 ἀγγέλου
1508 1899 1600 1953 καὶ
1635 1898 1900 1970 κήρυκος,

302 2000 400 2054 καὶ
428 1999 588 2070 παρά
616 1998 716 2068 τῆς
753 1997 922 2066 ἄλλης
957 1994 1257 2065 ἀγγελικῆς
1280 1993 1375 2048 καί
1410 1991 1709 2063 ὑμνολόγου
1739 2008 1908 2061 στρα-

302 2093 453 2157 τιᾶς,
486 2090 664 2145 ταῦτα
699 2089 880 2144 πάντα
907 2091 1022 2152 τοῖς
1064 2088 1335 2158 παροῦσιν
1367 2085 1782 2146 ἀπεκάλυπτον,
1814 2083 1908 2135 καὶ

304 2183 800 2258 ἀνεκήρυττόν.οὐ
825 2183 932 2254 γὰρ
963 2181 1126 2252 μόνον
1154 2183 1220 2252 τῇ
1251 2179 1443 2250 Μαρίᾳ
1474 2177 1672 2248 καὶτῷ
1708 2175 1908 2244 Ἰωσὴφ

302 2279 374 2332 τὰ
408 2278 556 2347 ὑπὲρ
583 2277 742 2346 λόγον
776 2276 960 2339 αὐτοῖς
994 2272 1306 2344 τεθεαμένα
1362 2269 1734 2342 ἀπήγγελλον,
1767 2267 1906 2322 ἀλλά

307 2372 431 2441 μετ’
465 2371 714 2435 ἐκείνους
764 2371 860 2422 καὶ
908 2369 1035 2431 τοὺς
1084 2366 1278 2431 ἄλλους
1331 2367 1602 2430 ἅπαντας,
1662 2363 1810 2427 ὅσοις
1839 2357 1908 2433 ἦν

305 2465 584 2534 ἐντυχεῖν,
646 2463 939 2524 κοινωνοὺς
992 2458 1100 2513 τῶν
1136 2457 1434 2530 ὑπερφυῶν
1479 2455 1772 2526 θεαμάτων
1816 2458 1911 2509 καὶ

309 2559 688 2626 ἀκουσμάτων
759 2554 848 2609 διὰ
902 2553 1001 2624 τῆς
1065 2552 1372 2624 διηγήσεως
1454 2549 1905 2621 παρελάμϐανον.

308 2650 426 2703 Καὶ
461 2648 662 2703 αὐτίκα
697 2649 732 2718 ἡ
787 2648 946 2710 πόλις
976 2647 1010 2718 ἡ
1052 2645 1302 2716 Βηθλεέμ
1332 2642 1741 2714 ἀνεπέπληστο,
1773 2643 1913 2713 πλη-

313 2743 437 2796 σίον
463 2743 574 2814 γὰρ
599 2738 689 2811 ἦν,
719 2741 811 2795 τοῦ
831 2758 892 2794 τε
914 2737 1186 2809 σωτηρίου
1221 2737 1383 2791 τόκου
1413 2736 1512 2806 τὴν
1538 2736 1799 2806 ἀλήθειαν
1820 2735 1914 2791 καὶ

310 2835 420 2904 τῆς
463 2836 523 2902 ἐξ
547 2834 800 2906 οὐρανῶν
834 2832 1147 2904 μαρτυρίας
1174 2829 1273 2901 τὴν
1307 2827 1617 2900 ἀκρίϐειαν,
1651 2827 1760 2880 τῶν
1795 2827 1914 2880 θεο-

313 2927 649 2999 σόερων(42)
717 2925 946 2979 ἐκείνων
1027 2920 1304 2992 ποιμένων
1375 2918 1677 2990 προθύμως
1735 2917 1915 2971 πάντα

309 3019 723 3090 διηγουμένων,
757 3016 852 3070 καὶ
881 3015 942 3068 τὸ
964 3014 1192 3084 φρικτὸν
1213 3011 1309 3064 τοῦ
1346 3010 1630 3080 θαύματος
1659 3009 1781 3071 ταῖς
1806 3007 1915 3060 τῶν

305 3109 630 3178 ἀνθρώπων
697 3106 898 3176 ψυχαῖς
973 3103 1325 3173 ἐναφιέντων.
1379 3102 1491 3155 Καὶ
1555 3100 1667 3170 γὰρ
1739 3098 1912 3170 φησί’

316 3221 336 3254 ι
382 3200 600 3262 Πάντες
630 3201 677 3252 οἱ
722 3197 1061 3260 ἀκούσαντες
1102 3194 1417 3265 ἐθαύμαζον
1443 3193 1576 3264 περὶ
1612 3192 1722 3248 τῶν
1747 3192 1916 3262 λαλη-
1942 3214 1989 3273 C

310 3285 530 3339 θέντων
577 3286 683 3339 ὑπὸ
727 3284 836 3339 τῶν
887 3283 1162 3355 ποιμένων
1202 3283 1341 3354 πρὸς
1389 3281 1588 3345 αὐτούς
1611 3282 1676 3337 ⁷³.
1719 3299 1738 3333 ι
1791 3281 1918 3344 Πῶς

307 3378 430 3449 γὰρ
460 3379 560 3432 οὐκ
587 3373 657 3449 ἦν
680 3377 982 3448 θαυμάζειν
1018 3376 1111 3430 τὸν
1139 3378 1196 3429 ἐν
1230 3375 1488 3445 οὐρανοῖς
1504 3375 1602 3428 ἐπὶ
1632 3374 1739 3443 γῆς
1760 3374 1916 3444 ὁρᾷν,

311 3473 415 3527 καὶ
445 3473 546 3541 τήν
585 3488 646 3524 τε
690 3473 794 3542 γῆν
838 3471 952 3533 τοῖς
1008 3469 1262 3538 οὐρανοῖς
1293 3467 1382 3521 διὰ
1412 3467 1512 3538 τῆς
1560 3463 1917 3538 εἰρήνηςμὸ)

317 3565 691 3627 συνάπτοντα,
725 3561 924 3616 καὶτὰ
969 3562 1201 3633 οὐράνια
1253 3561 1353 3632 τὴν
1394 3561 1500 3631 γῆν
1541 3558 1918 3630 οἰκειούμενα.

316 3659 543 3714 Μᾶλλον
564 3658 620 3711 δὲ
650 3657 711 3710 τὸ
737 3657 1018 3728 ἄφραστον
1047 3656 1225 3708 ἐκεῖνο
1256 3652 1478 3726 βρέφος,
1504 3654 1572 3724 τῇ
1604 3653 1704 3722 μὲν
1735 3651 1923 3723 θεότη-

319 3770 374 3805 τι
403 3752 475 3806 τὰ
510 3751 764 3820 οὐράνια,
814 3752 881 3821 τῇ
921 3748 980 3802 δὲ
1014 3746 1397 3819 ἀνθρωπότητι
1429 3745 1497 3800 τὰ
1528 3746 1750 3814 ἐπίγεια
1781 3760 1912 3798 συν-

322 3842 500 3896 άπτον
534 3839 813 3910 ἀλλήλοις,
845 3840 911 3892 ἐκ
959 3839 1060 3908 τῆς
1084 3838 1296 3900 οἰκείας
1335 3836 1657 3907 συναφείας,
1692 3836 1792 3890 καὶ
1819 3835 1922 3907 τὴν

321 3932 464 4005 πρὸς
499 3930 707 4001 ἄλληλα
729 3930 956 4010 εἰρήνην
991 3927 1306 3998 θαυμασίαν
1331 3929 1454 3981 τινὰ
1473 3926 1567 3980 καὶ
1594 3926 1736 3996 ὑπὲρ
1763 3926 1922 3994 λόγον

322 4023 722 4096 ὲπρυτάνευεν.
758 4024 823 4075 Ὅ
857 4021 952 4075 καὶ
996 4018 1316 4091 καθορῶσαι
1367 4019 1425 4072 αἱ
1462 4018 1716 4089 οὐράνιαι
1755 4034 1922 4088 στρα-

321 4119 438 4172 τιαὶ
461 4116 546 4182 τὸ,
580 4134 599 4169 ι
630 4115 767 4181 Δόξα
793 4115 851 4168 ἐν
873 4113 1122 4184 ὑψίστοις
1152 4109 1273 4180 Θεῷ
1294 4110 1388 4164 καὶ
1407 4112 1500 4163 ἐπὶ
1517 4110 1622 4179 γῆς
1641 4109 1862 4180 εἰρήνη,
1896 4127 1916 4162 ι

268 4265 270 4267 ,
326 4207 474 4278 μετὰ
519 4207 620 4278 τῆς
653 4206 1037 4277 πνευματικῆς
1066 4203 1288 4275 χορείας
1313 4201 1644 4274 ἀνέμελπον.

409 4299 578 4353 Ἀλλά
617 4299 680 4351 τὸ
712 4297 814 4369 μὲν
844 4296 953 4351 τῶν
1002 4295 1282 4366 ποιμένων
1323 4293 1506 4366 ἔργον,
1568 4293 1665 4347 καὶ
1687 4291 1775 4359 (to
1823 4293 1923 4363 κή-

2086 1529 2385 1600 Postquam
2437 1545 2523 1596 ea,
2575 1546 2698 1600 quae
2765 1532 3015 1586 nuntiata
3065 1541 3244 1598 erant,
3290 1533 3466 1588 oculis
3491 1533 3596 1604 ipsi

2010 1618 2284 1683 viderant,
2331 1619 2694 1694 admiratione
2731 1622 2810 1677 rei
2851 1622 3155 1676 verissrmze
3181 1625 3441 1693 correpti,
3466 1640 3598 1680 cau-

2012 1727 2127 1767 sam
2162 1711 2312 1768 illius
2358 1728 2465 1767 non
2518 1715 2765 1769 celarunt
2801 1716 3172 1788 cognoscendi
3200 1718 3434 1787 cupidis.
3479 1717 3596 1772 lmo

2010 1818 2140 1858 vero
2173 1804 2356 1858 omnia
2394 1804 2509 1872 illa,
2550 1822 2673 1875 quae
2709 1814 2763 1860 et
2791 1816 2950 1862 antea
2985 1808 3250 1872 viderant,
3285 1819 3336 1864 et
3369 1810 3599 1865 auribus

2011 1903 2125 1948 tum
2150 1895 2220 1950 ab
2259 1896 2454 1964 angelo
2476 1904 2532 1952 et
2560 1912 2815 1967 praecone
2851 1898 3150 1970 Evangelii,
3187 1909 3300 1955 tum
3331 1917 3358 1956 a
3386 1902 3596 1972 reliqua

2011 1989 2356 2060 angelorum,
2403 1989 2575 2045 Deum
2612 1991 2983 2059 laudantium,
3017 2009 3224 2048 corona
3246 2006 3596 2066 acceperant,

2010 2083 2376 2152 praesentibus
2422 2083 2744 2153 aperiebant
2794 2095 2850 2140 et
2914 2087 3328 2141 renuntiabant.
3411 2085 3600 2157 Neque

2011 2175 2155 2230 enim
2183 2174 2367 2230 Mariae
2394 2177 2598 2241 solum,
2660 2186 2716 2232 et
2752 2177 2994 2247 Josepho
3023 2194 3088 2235 ea
3118 2181 3595 2252 significabantur,

2012 2280 2135 2335 quae
2185 2282 2350 2337 supra
2419 2268 2691 2323 rationem
2761 2270 2938 2339 posita
2998 2283 3441 2342 conspexerant,
3501 2275 3599 2329 sed

2016 2366 2212 2426 praeter
2260 2373 2355 2414 eos
2401 2368 2630 2416 caeteros
2669 2375 2881 2426 omnes,
2938 2362 3033 2433 qui
3074 2363 3293 2431 quidem
3345 2365 3595 2429 aderant,

2015 2466 2221 2516 rerum,
2269 2468 2408 2523 quas
2444 2454 2529 2509 vel
2572 2455 2821 2511 viderant
2861 2457 2946 2511 vel
2991 2457 3341 2522 audiverant,
3389 2474 3593 2528 super-

2015 2546 2348 2600 naturalium
2421 2547 2716 2618 participes
2796 2565 2917 2605 esse
2997 2552 3314 2606 voluerunt.
3397 2551 3597 2607 Statim

2015 2637 2205 2708 itaque
2259 2639 2391 2694 urbs
2426 2639 2763 2706 Bethlehem,
2811 2643 2990 2696 vicina
3043 2644 3188 2698 enim
3224 2650 3362 2708 erat,
3407 2645 3604 2698 nuntio

2018 2729 2124 2786 hoc
2171 2731 2532 2801 implebatur,
2585 2733 3027 2804 quandoquidem
3072 2735 3357 2790 veritatem
3413 2751 3605 2805 partus

2019 2824 2276 2879 salutaris
2325 2825 2812 2894 testimoniumque
2841 2827 2907 2880 de
2929 2828 3067 2882 coelo
3095 2842 3203 2882 non
3246 2827 3601 2883 iniiciandum

2019 2927 2271 2986 pastores
2328 2917 2428 2984 illi,
2471 2917 2642 2973 Deum
2691 2919 2892 2984 edocti,
2946 2928 3199 2988 prompte
3246 2925 3601 2985 enarrabanl,

2020 3009 2471 3078 tremendumque
2514 3010 2646 3065 illud
2690 3011 3018 3066 miraculum
3063 3012 3267 3068 animis
3314 3013 3600 3067 hominum

2021 3097 2384 3154 instillabant.
2439 3099 2564 3154 ldco
2584 3102 2786 3156 dicitur
2815 3122 2827 3156 :
2871 3121 2889 3154 ι
2913 3102 3117 3158 Omnes
3136 3104 3422 3159 audientes
3443 3104 3609 3158 mira-

2021 3187 2242 3251 bantur,
2302 3203 2425 3257 quze
2477 3189 2642 3244 illisa
2692 3193 3008 3260 pastoribus
3059 3195 3462 3248 nuntiabantur
3487 3196 3550 3248 ⁷³.
3582 3213 3602 3245 ι

2022 3281 2212 3338 Nonne
2241 3285 2386 3338 enim
2413 3285 2614 3339 mirum
2665 3295 2804 3353 erat,
2839 3302 2986 3353 eum,
3019 3289 3111 3357 qui
3140 3288 3195 3342 in
3228 3289 3385 3344 cadis
3412 3297 3516 3352 est,
3551 3289 3605 3342 in

2022 3378 2188 3433 terris
2226 3378 2565 3448 conspicere,
2624 3387 2679 3433 et
2719 3380 2880 3434 talem
2927 3380 3186 3450 quidem,
3241 3382 3334 3450 qui
3379 3391 3604 3445 terram,

2025 3467 2166 3524 facta
2207 3484 2359 3540 pace,
2412 3471 2554 3526 cmlo
2592 3469 2866 3541 jungeret,
2922 3472 3164 3526 ccelestia
3226 3481 3407 3527 autem
3448 3481 3609 3526 term

2027 3562 2436 3631 impertiretur;
2481 3564 2564 3619 vel
2605 3564 2787 3634 potius
2829 3563 3092 3618 infantem
3131 3564 3284 3619 illum
3313 3581 3421 3619 non
3448 3581 3610 3619 enar-

2025 3655 2276 3720 rabilem,
2314 3655 2520 3722 videre,
2560 3657 2651 3726 qui
2679 3656 2968 3711 divinitate
2991 3671 3090 3712 sua
3121 3656 3393 3723 ccelestia,
3415 3657 3612 3711 humao

2026 3747 2200 3802 nitate
2263 3756 2447 3802 autem
2519 3750 2801 3804 terrestria
2874 3748 2980 3804 sibi
3039 3749 3276 3804 invicem
3331 3749 3610 3820 iungeret,

2025 3850 2387 3913 mutuamque
2441 3842 2832 3908 concordiam,
2896 3841 3264 3898 admiratione
3309 3851 3363 3898 et
3399 3843 3614 3898 ratione

2026 3935 2174 3989 omni
2217 3935 2581 4004 superiorem,
2646 3949 2744 4004 per
2788 3949 2949 3988 suam
2998 3935 3146 3989 illam
3179 3934 3441 3990 unionem
3479 3947 3616 3989 eon-

2025 4024 2274 4080 ciliaret?
2322 4025 2438 4080 Hoc
2463 4025 2678 4080 scilicet
2700 4026 2967 4092 angelicae
3001 4025 3172 4095 copiae
3194 4024 3613 4096 perspicientes,

2024 4128 2080 4171 et
2112 4116 2385 4184 spirituali
2413 4116 2654 4186 tripudio
2681 4116 2880 4180 ductae,
2911 4119 3182 4170 canebant
3220 4133 3234 4170 :
3283 4134 3304 4167 ι
3333 4114 3520 4171 Gloria
3555 4117 3611 4169 in

2025 4208 2260 4264 excelsis
2293 4209 2423 4273 Deo,
2452 4217 2507 4261 et
2530 4208 2582 4261 in
2609 4215 2752 4262 terra
2783 4223 2887 4278 pax
2909 4208 2977 4260 ⁷⁵.
3006 4225 3025 4258 ι

2095 4301 2276 4370 Atque
2315 4299 2399 4353 his
2433 4298 2650 4368 quidem
2677 4306 2962 4369 pastorum
2992 4298 3211 4352 illorum
3233 4313 3419 4368 opera,
3475 4313 3616 4366 prte-

327 4409 520 4464 ρυγμα
555 4391 649 4445 καὶ
681 4393 708 4444 ὁ
737 4389 940 4460 δρόμος
985 4389 1043 4442 ἐν
1071 4386 1304 4449 τούτοις.
1350 4386 1416 4439 Ἦ
1459 4385 1515 4439 δὲ
1547 4384 1762 4457 Μαρία,
1819 4401 1924 4455 φη-

2025 4395 2249 4449 conium
2300 4402 2355 4447 et
2408 4392 2651 4449 studium
2689 4391 3098 4448 absolvebatur.
3170 4409 3190 4444 ι
3227 4391 3398 4446 Maria
3462 4406 3612 4460 vero,

332 4484 462 4548 σίν,-
482 4483 775 4553 συνετήρει
806 4482 876 4535 τὰ
905 4482 1128 4552 ῥήματα
1159 4477 1335 4532 ταῦτα
1354 4476 1736 4548 συμϐάλλουσα
1764 4477 1821 4529 ἐν
1853 4478 1919 4548 τῇ

2026 4485 2175 4557 quod
2205 4484 2405 4551 Lucas,
2468 4485 2566 4550 ait,
2626 4485 2883 4540 servabat
2931 4485 3099 4539 verba
3137 4483 3277 4550 haec,
3344 4483 3400 4538 in
3455 4483 3620 4538 corde

329 4578 532 4652 καρδίᾳ
582 4578 778 4649 αὐτῆς.
821 4578 957 4634 Ποῖα.
1009 4576 1266 4647 ρήματα;
1306 4573 1374 4627 τὰ
1429 4573 1525 4626 τοῦ
1569 4572 1920 4644 ἀρχαγγέλου

2030 4595 2131 4636 suo
2196 4579 2575 4634 conferens".
2610 4597 2628 4630 ι
2692 4577 2823 4644 Qu=e
2879 4593 3008 4633 vero
3063 4578 3270 4633 verba?
3348 4575 3619 4632 Gabrielis

329 4671 599 4745 Γαϐριὴλ,
621 4671 689 4724 τά
711 4669 806 4724 τοῦ
829 4669 1127 4742 Ζαχαρίου,
1157 4667 1226 4720 τά
1260 4667 1363 4737 τῆς
1400 4665 1700 4732 Ἐλισάϐετ,
1728 4664 1798 4718 τὰ
1815 4664 1924 4720 τῶν

2031 4671 2344 4742 archangeli
2389 4671 2502 4736 illa,
2570 4679 2684 4725 tum
2717 4671 3019 4736 Zachariae,
3073 4686 3238 4741 porro
3268 4669 3616 4732 Elisabetliae,

331 4765 637 4836 ποιμένων,
670 4765 728 4817 ἐν
792 4758 875 4826 οἷς
909 4763 938 4814 ὁ
976 4759 1217 4831 ἄγγελος
1244 4759 1430 4822 αὐτοῖς
1467 4757 1724 4830 ἐκόμιζεν
1755 4757 1924 4827 εὐαγ-

2031 4779 2135 4819 nec
2170 4765 2354 4820 minus
2384 4777 2692 4835 pastorum,
2753 4766 2958 4835 quibus
3010 4764 3356 4835 evangelium
3389 4762 3620 4831 angelus

332 4860 513 4929 γέλια.
565 4857 675 4910 Καὶ
709 4857 780 4912 τά
833 4855 1092 4925 τάγματα
1128 4853 1239 4908 τῶν
1296 4851 1566 4922 ἀγγέλων,
1619 4849 1655 4904 ἃ
1683 4850 1774 4904 διὰ
1827 4851 1928 4921 τῆς

2033 4857 2340 4924 attulerat,
2409 4867 2522 4912 tum
2577 4865 2904 4913 caeterorum
2975 4857 3294 4928 angelorum
3371 4856 3617 4920 ordines,

335 4949 669 5021 ὑμνολογίας
699 4948 798 5019 τὴν
830 4948 1018 5000 πίστιν
1052 4948 1164 5010 τοῖς
1195 4944 1538 5014 εὐαγγελίοις
1571 4941 1926 5014 βεϐαιοτέραν

337 5043 694 5114 παρείχοντο.
748 5041 911 5096 Ἀλλὰ
942 5041 1056 5094 τίσι
1093 5039 1163 5093 τά
1196 5040 1420 5111 ῥήματα
1453 5037 1628 5092 ταῦτα
1663 5035 1928 5091 συνέϐαλ-

340 5133 432 5188 λεν
464 5136 523 5188 ἐν
547 5137 616 5205 τῇ
671 5134 874 5204 καρδίᾳ
907 5134 1076 5202 αὐτῆς
1103 5148 1117 5198 ;
1163 5134 1233 5185 Ἦ
1259 5132 1420 5202 δῆλον
1449 5131 1532 5184 ὅτι
1560 5132 1676 5194 τοῖς
1720 5129 1926 5200 ἔργοις,

343 5219 418 5281 ὧν
447 5227 549 5298 τὴν
578 5230 774 5298 πεῖραν
804 5223 970 5297 εἶχεν.
1009 5227 1088 5296 Τῇ
1113 5224 1345 5296 ἀσπόρῳ
1401 5222 1684 5292 συλλήψει,
1718 5224 1782 5292 τῇ
1833 5222 1930 5274 ἀν-

344 5316 521 5386 ωδίνῳ
574 5317 792 5387 κυήσει,
830 5315 908 5386 τῷ
957 5313 1274 5384 ἀδιαφθόρῳ
1304 5313 1490 5382 τόκῳς
1525 5313 1648 5373 Τοῖς
1674 5309 1768 5364 οὐν
1801 5309 1928 5363 καθ’

2036 4949 2240 5020 liymno
2269 4964 2370 5005 suo
2403 4951 2741 5006 salutaribus
2777 4950 2886 5004 illis
2915 4949 3140 5004 nuntius
3171 4947 3434 5016 majorem
3460 4946 3622 5001 ﬁdem

2034 5038 2323 5096 facientes.
2379 5041 2516 5096 Cum
2580 5043 2785 5113 quibus
2843 5057 2974 5097 vero
3019 5041 3185 5096 verba
3236 5040 3328 5095 illa
3356 5041 3410 5094 in
3461 5040 3625 5094 corde

2037 5145 2138 5186 suo
2163 5131 2519 5188 conferebat?
2560 5131 2753 5188 Nonne
2791 5131 3146 5187 manifestum
3182 5141 3290 5195 est,
3330 5130 3384 5186 id
3416 5129 3620 5184 factum

2036 5238 2157 5277 esse
2172 5239 2296 5279 cum
2315 5225 2480 5280 rebus
2506 5225 2634 5290 illis,
2660 5241 2799 5296 quas
2823 5234 3048 5295 experta
3073 5223 3364 5289 didicerat,
3399 5223 3622 5293 quando

2039 5316 2157 5370 sine
2217 5317 2427 5371 semine
2485 5331 2850 5387 conceperat,
2912 5317 3031 5372 sine
3100 5315 3389 5372 doloribus
3452 5313 3620 5368 fctum

347 5409 547 5478 ἑαυτὴν
577 5407 760 5478 ἔργοις
785 5409 913 5471 τοὺς
938 5406 1133 5476 λόγους
1161 5405 1549 5477 συμϐάλλουσα
1573 5403 1706 5458 Θεὸν
1737 5403 1930 5473 ὁμολο-

418 5543 466 5578 "
491 5541 625 5598 Luc.
649 5539 1036 5608 tt,l8.'”ibid.
1073 5539 1160 5594 li.
1203 5538 1248 5570 ⁷⁵
1275 5538 1405 5594 ibid.
1441 5538 1524 5594 19.

2039 5409 2362 5477 nutriverat,
2416 5421 2470 5466 et
2534 5412 2654 5467 sine
2713 5412 2824 5467 ulla
2873 5425 3016 5467 noxa
3063 5410 3382 5482 pepererat?
3452 5406 3625 5461 Vciba

1871 5679 2100 5737 ΝΟΤίΕ.

428 5805 542 5873 (ιι)
574 5803 774 5857 Mirum
817 5811 902 5856 cst
947 5800 1179 5873 nilzilide
1224 5798 1480 5873 Opi-iaenis
1523 5801 1768 5858 editione
1791 5801 1919 5857 diei.

435 5805 542 5873 [41)
574 5803 774 5857 Mirum
817 5811 902 5856 cst
947 5801 1084 5854 nilzil
1111 5801 1176 5854 de
1224 5801 1480 5854 OI-ieenis
1523 5801 1768 5858 editione
1791 5801 1919 5857 dici,

435 5877 548 5954 (42)
583 5875 672 5931 Sic
706 5873 886 5931 scribo
912 5888 1036 5929 cum
1069 5871 1222 5928 (lolb.
1259 5869 1544 5940 θεολόγων,

2108 5801 2222 5873 (is)
2253 5801 2412 5857 Coll).
2441 5815 2539 5872 pro
2562 5801 2880 5870 εἰρημένης-
