4110 6470
481 395 589 457 823

1649 389 1915 451 PHO'I-‘II
1943 389 2455 451 PATRIARCHx‘E
2492 392 2601 453 CP.

3661 400 3769 464 824

481 507 668 572 itaque
732 500 825 555 illa
877 514 1004 555 cum
1047 500 1214 556 rebus
1242 499 1387 569 apud
1420 515 1480 555 se
1521 500 1687 570 gestis
1718 515 2069 570 comparans,

2178 503 2299 571 γεῖν
2327 502 2419 555 τὸν
2448 502 2783 573 γεννηθέντα
2815 501 2915 573 τὴν
2946 502 3129 573 κρίσιν
3171 503 3339 575 ὀρθὴν
3367 505 3673 578 ἀνεδέχετο.
3707 503 3779 564 Οί

481 602 632 651 recte
676 594 1022 659 conficiebat,
1082 608 1144 649 se
1183 592 1361 659 illum,
1423 596 1516 663 qui
1546 607 1615 647 ex
1646 608 1706 648 se
1738 603 1903 647 natus
1931 600 2073 660 erat,

481 688 653 742 Deum
688 686 935 757 proﬁteri
962 686 1185 743 debere.
1227 686 1502 742 Caeterum
1540 695 1794 757 pastores
1820 686 2075 740 ultimum

479 796 696 847 eorum,
761 795 885 851 qua:
938 780 1080 835 mira
1110 780 1381 844 viderant,
1421 779 1801 850 contemplati,
1842 778 2076 847 gaudio-

482 889 590 942 que
614 874 844 943 perfusi,
876 874 1312 941 revertebantur,
1338 872 1683 928 celebrantes
1706 880 1761 926 et
1783 870 2079 925 laudantes

483 966 655 1020 Deum
699 981 867 1036 super
924 966 1182 1021 omnibus
1241 966 1350 1020 illis
1413 980 1533 1036 quae
1604 963 1932 1021 audiverant
2022 969 2078 1018 et

482 1056 752 1123 viderant,
782 1067 945 1127 prout
969 1058 1102 1127 ipsis
1123 1058 1329 1113 dictum
1362 1067 1502 1112 erat.

598 1167 931 1236 QUxESTlO
968 1171 1127 1227 CLVI
1188 1172 1377 1244 [σοῖσι.
1417 1170 1754 1240 CLXXXVI,
1784 1170 1950 1227 Taur.

1118 1263 1403 1337 cuxva

482 1350 631 1405 Num
658 1354 907 1427 sacerdos
937 1364 1051 1427 erat
1081 1355 1334 1425 Symeon,
1365 1358 1456 1427 qui
1520 1357 1807 1411 Dominum
1833 1362 2079 1410 nostrum

801 1424 986 1481 Iesum
1018 1424 1288 1483 Cln'istum
1320 1424 1459 1481 ufm‘s
1492 1428 1768 1497 suscepit?

2186 595 2374 666 μέντοι
2402 594 2658 666 ποιμένες
2688 594 2749 647 τὸ
2777 593 3108 658 τελευταῖον,
3144 588 3219 649 ὧν
3251 591 3414 663 εἶδον,
3448 600 3773 671 παραδόξων

2184 686 2512 758 θεασάμενοι
2540 688 2635 741 καὶ
2664 689 2763 758 τὴν
2794 688 2975 758 ψυχὴν
3005 690 3183 760 χαρᾶς
3217 690 3609 762 πληρώσαντες
3653 693 3772 764 (44)

2187 780 2553 852 ὑπέστρεφον,
2584 780 2905 845 δοξάζοντες
2928 782 3025 835 καὶ
3057 782 3339 847 αἰνοῦντες
3370 783 3465 839 τὸν
3507 785 3643 839 Θεὸν
3686 788 3780 841 ἐπὶ

2186 874 2390 941 πᾶσιν,
2446 870 2529 938 οἷς
2579 873 2855 944 ἤκουσαν,
2913 872 3013 928 καὶ
3066 872 3226 941 εἶδον,
3286 875 3470 942 καθὼς
3539 877 3775 951 ἐλαλήθη

2184 965 2391 1030 αὐτοῖς.

2685 1163 3027 1220 ΕΡΩΤΗΣιΣ
3088 1165 3280 1234 PNq'.

2179 1347 2339 1427 'qu
2393 1345 2715 1427 ἱερεὺς-ἦν
2765 1350 3049 1427 Συμεῲν,
3087 1354 3121 1405 ό
3171 1352 3280 1427 τὸν
3341 1356 3561 1427 Κύρων
3606 1357 3779 1427 ἡμῶν

2288 1421 2535 1490 Ἰησοῦν
2563 1420 2823 1489 Χριστὸν
2854 1420 3183 1492 δεξάμενος
3228 1423 3298 1475 ἐν
3329 1420 3665 1493 (ty-{addath

606 1541 861 1593 Editarum
885 1557 913 1593 a
946 1545 1126 1595 Wolfio
1158 1545 1350 1597 decima
1374 1559 1504 1597 nona
1534 1548 1592 1597 ll.
1619 1560 1687 1608 c.,
1720 1560 1771 1610 p.

2176 1538 2474 1662 ἰηὲιςέἒὲὶιρη
2508 1552 2558 1602 p.
2593 1538 2827 1603 757-739,
2854 1554 2904 1591 n.
2930 1542 3035 1605 55).
3064 1570 3125 1580 --
3148 1542 3227 1592 De
3248 1541 3485 1593 Simeone
3527 1558 3652 1595 sene

556 1712 825 1771 Sacerdos
871 1730 980 1771 non
1045 1725 1169 1772 erat
1230 1716 1459 1772 Simeon
1512 1716 1640 1785 ille,
1696 1715 2069 1773 sacerdotibus

2255 1710 2370 1763 Οὐκ
2420 1705 2491 1782 ἦν
2545 1710 2780 1782 ἱερεὺςό
2836 1711 3088 1783 Συμεὼν,
3136 1714 3247 1771 τῶν
3287 1716 3344 1771 δέ
3395 1718 3593 1789 ἱερέων
3646 1718 3773 1782 ταῖς

478 1819 610 1859 vero
640 1806 844 1861 virtute
876 1810 1109 1862 multum
1138 1811 1460 1879 praestabat.
1485 1810 1785 1881 Propterea
1811 1811 2075 1867 sacerdos

480 1897 621 1953 alius
647 1914 734 1966 ea,
759 1915 882 1969 quae
903 1900 971 1955 de
1003 1901 1211 1958 infante
1250 1904 1336 1959 lex
1377 1904 1493 1960 fieri
1518 1904 1771 1975 jubebat,
1827 1904 2071 1960 admini-

480 1990 723 2057 strabat;
766 1991 1008 2063 Symeon
1039 2010 1170 2049 vero
1219 2006 1334 2051 tum
1399 1996 1523 2052 aliis
1583 1997 1850 2066 praeclare
1878 1995 2074 2065 geStis,

482 2092 596 2137 tum
628 2084 783 2140 canis
805 2086 1073 2143 senilibus
1105 2103 1272 2159 supra
1303 2089 1445 2147 alios
1481 2098 1729 2154 evectus,
1763 2090 2073 2146 secundum

478 2177 767 2231 oraculum
808 2179 1057 2235 divinum
1093 2181 1293 2252 dignus
1329 2181 1636 2237 habebatur
1700 2182 1795 2253 qui
1822 2198 1888 2238 eo
1924 2182 2075 2246 frue-

476 2278 649 2322 retur.
689 2270 1042 2339 Agnoscebat
1073 2271 1165 2328 ille
1195 2272 1463 2328 infantem
1501 2273 1884 2343 praedicatum,
1926 2274 2077 2329 veri—

478 2368 643 2415 tatem
682 2364 1038 2419 oraculorum
1069 2365 1460 2436 perspiciebat,
1485 2365 1628 2422 ulnis
1658 2365 1900 2437 denique
1935 2364 2079 2422 fere-

474 2452 567 2507 bat
599 2468 749 2520 eum,
786 2458 879 2526 qui
913 2460 1079 2511 verbo
1118 2472 1220 2513 suo
1248 2459 1507 2528 portabat
1559 2458 1770 2514 omnia.
1821 2457 2076 2529 Cumque

475 2544 579 2601 hoc
605 2546 768 2601 modo
797 2547 1029 2603 humani
1060 2550 1278 2621 generis
1315 2550 1555 2606 salutem
1584 2549 1764 2605 oculis
1797 2565 2074 2620 usurpas-

473 2645 578 2699 set,
601 2636 970 2708 diviniorique
999 2638 1199 2709 gaudio
1223 2639 1480 2709 perfusus
1498 2649 1665 2705 esset,
1684 2655 1794 2694 non
1820 2639 1934 2711 jam
1952 2638 2077 2695 vitae.

474 2728 681 2794 studio,
696 2730 788 2785 sed
809 2731 1150 2787 imminentis
1168 2731 1442 2787 felicitatis
1460 2731 1736 2787 desiderio
1756 2732 2074 2798 tenebatur,

471 2835 787 2891 corpusque
828 2824 1101 2892 deponere
1162 2838 1330 2893 quam
1365 2822 1678 2889 celerrime,
1712 2833 1767 2878 et
1799 2822 2075 2879 defunctis

474 2913 711 2968 salutem
740 2914 1234 2986 liberationemque
1264 2926 1476 2986 partam
1504 2916 1761 2972 nuntiare
1793 2916 2069 2986 cupiebat.

543 3005 720 3063 Porro
781 3008 893 3063 Deo
949 3008 1330 3075 benedicebat,
1385 3010 1490 3064 hoc
1554 3017 1658 3071 est,
1693 3010 1952 3065 laudibus
2014 3017 2070 3063 et

473 3100 764 3167 praaconiis
840 3114 971 3155 eum
1051 3102 1516 3171 prosequebatur.
1595 3098 1883 3157 Laudabat
1962 3117 2065 3157 au«

473 3197 584 3243 tem
658 3199 769 3244 tum
838 3192 968 3247 aliis
1019 3192 1381 3258 nominibus,
1437 3202 1550 3247 tum
1605 3208 1737 3248 vero
1773 3194 1827 3247 in
1878 3193 2075 3263 primis

472 3281 617 3348 ideo,
649 3284 798 3353 quod
835 3285 1108 3354 promissa
1159 3286 1266 3341 sibi
1316 3285 1458 3340 facta
1514 3295 1715 3341 eventu
1748 3286 2075 3342 contirmata

474 3376 705 3441 videret,
746 3377 1369 3448 solatiumquelsraelis
1416 3378 1907 3449 contemplandum
1965 3379 2072 3434 sibi

471 3468 671 3533 oculis,
706 3478 760 3525 et
787 3471 1042 3526 manibus
1072 3470 1359 3526 ferendum
1390 3471 1509 3526 dari
1546 3472 1898 3542 intelligeret.
1927 3471 2075 3527 Gau-

470 3558 565 3613 dio
598 3576 663 3614 ex
696 3561 782 3615 his
816 3561 1011 3630 plenus
1042 3580 1056 3617 :
1092 3580 1111 3614 ι
1151 3559 1333 3628 Nunc,
1373 3563 1571 3632 inquit,
1604 3579 1827 3619 servum
1891 3575 2069 3632 tuum,

473 3650 730 3716 Domine,
749 3653 983 3709 dimittis
998 3654 1299 3708 secundum
1315 3654 1541 3709 verbum
1561 3666 1715 3709 tuum
1734 3656 1786 3709 in
1811 3658 2020 3725 pace".
2048 3675 2066 3709 ι

469 3739 648 3807 Nunc,
689 3743 891 3813 inquit,
919 3744 1179 3813 quoniam
1204 3745 1413 3800 exitum
1437 3745 1613 3800 habeo
1644 3747 2068 3815 promissorum,

471 3829 636 3883 linem
664 3845 888 3900 quoque
908 3830 1053 3885 ﬂuxa
1090 3832 1207 3888 haec
1235 3833 1347 3888 vita
1382 3833 1601 3889 habeat.
1643 3833 1885 3890 Verbum
1916 3838 2067 3892 enim

472 3928 627 3975 tuum
660 3921 767 3976 hoc
797 3923 931 3976 mihi
961 3924 1376 3993 pramuntiavit.
1422 3925 1543 3995 Ipse
1570 3925 1703 3982 mihi
1733 3926 1839 3982 laeti
1889 3927 2070 3982 nuntii

471 4014 745 4084 interpres
782 4014 959 4082 fuisti,
1011 4032 1099 4070 me
1153 4026 1383 4072 mortem
1452 4033 1561 4074 non
1611 4028 1738 4074 ante
1786 4020 2064 4091 visurum,

470 4124 631 4178 quan‘
674 4107 955 4164 Christum
1000 4109 1215 4165 Domini
1258 4110 1514 4166 viderim.
1554 4110 1828 4178 Quoniam
1884 4113 2071 4184 itaque

470 4202 646 4255 oculis
699 4201 817 4257 neis
866 4201 1049 4257 oblata
1104 4210 1253 4269 sunt,
1308 4218 1433 4273 qum
1484 4204 1889 4271 desiderabam,
1947 4222 2070 4276 qua:

470 4291 806 4360 quaerebam,
843 4308 965 4362 qua:
994 4293 1242 4363 impense
1275 4295 1585 4364 cupiebam,
1626 4311 1775 4352 nunc
1824 4299 2064 4355 dimittis

2179 1802 2407 1873 ἀρεταῖς
2432 1802 2602 1857 πολλά
2624 1806 2899 1875 προεῖχεν.
2948 1805 3040 1860 Διὸ
3073 1810 3169 1862 καὶ
3204 1808 3233 1861 6
3284 1809 3384 1879 μέν
3416 1811 3598 1881 ἱερεὺς
3628 1812 3773 1881 ειπερ

2181 1896 2275 1951 ἐπὶ
2323 1893 2418 1948 τοῦ
2467 1894 2705 1966 βρέφους
2755 1898 2871 1969 (45)
2914 1899 3179 1970 πράττειν
3210 1901 3239 1953 6
3273 1901 3440 1971 νόμος
3488 1903 3769 1969 ἐκέλευεν,

2177 1986 2393 2048 τούτοις
2424 1985 2713 2059 ὑπηρέτει.
2755 1990 2815 2044 Ὀ
2854 1990 2911 2045 δὲ
2938 1990 3168 2062 Συμεὼν
3203 1995 3317 2057 τοῖς
3343 2011 3401 2046 τε
3437 1993 3621 2058 ἄλλοις
3641 2012 3773 2049 κατ-

2178 2084 2464 2157 ορθώμασι
2494 2084 2589 2139 καὶ
2630 2085 2697 2153 τῇ
2747 2080 3087 2153 πρεσϐυτικῇ
3129 2081 3379 2152 βεϐηκὼς
3414 2083 3577 2155 πολιᾷ
3629 2085 3773 2140 κατὰ

2176 2179 2305 2243 τοὺς
2368 2177 2548 2241 θείους
2611 2176 2896 2248 χρησμοὺς
2959 2175 3058 2245 τῆς
3116 2174 3475 2240 ἀπολαύσεως
3528 2174 3767 2247 ἠξιοῦτο.

2191 2271 2440 2339 Ἐπέγνω
2488 2270 2581 2323 τὸν
2626 2267 3062 2341 κηρυσσόμενον,
3128 2266 3237 2320 τῶν
3294 2268 3563 2340 χρησμῶν
3621 2268 3772 2341 ἑώρα

2177 2363 2283 2434 τὴν
2316 2362 2604 2434 ἀλήθειαν,
2639 2360 2910 2429 ἀγκάλαις
2943 2359 3141 2430 ἔφερεν
3176 2358 3269 2412 τὸν
3320 2362 3560 2432 φέροντα
3591 2361 3772 2416 πάντα

2177 2456 2259 2529 τῷ
2293 2457 2518 2527 ῥήματι.
2553 2454 2663 2509 Καὶ
2690 2454 2790 2525 τῆς
2843 2453 2937 2505 τοῦ
2995 2452 3187 2521 γένους
3232 2454 3511 2525 σωτηρίας
3540 2455 3598 2507 ἐν
3647 2454 3771 2521 ὄψει

2177 2548 2477 2613 καταστὰς,
2526 2548 2621 2602 καὶ
2670 2545 2957 2619 θειοτέρας
2999 2544 3373 2615 ἀναπλησθεὶς
3419 2545 3640 2617 ἡδονῆς,
3668 2548 3772 2600 ούκ

2176 2640 2258 2695 ἔτι
2303 2640 2399 2694 τοῦ
2430 2640 2530 2711 ζῇν
2564 2638 2897 2711 περιείχετο,
2937 2638 3139 2692 αὐτίκα
3181 2637 3239 2691 δέ
3285 2638 3429 2708 μάλα
3465 2639 3564 2709 τῆς
3594 2655 3773 2711 σωτη-

2179 2734 2300 2808 ρίας
2331 2732 2651 2805 ἐφεστώσης
2694 2732 3022 2787 καταλιπεῖν
3076 2732 3174 2803 μὲν
3202 2732 3389 2785 ἐπόθει
3414 2731 3475 2785 τὸ
3514 2733 3767 2803 σαρκίον,

2177 2827 2643 2898 εὐαγγελίσασθαι
2684 2826 2743 2881 δὲ
2792 2827 2888 2881 καὶ
2914 2828 3029 2892 τοῖς
3087 2827 3147 2879 ἐν
3176 2825 3309 2897 ᾇδου
3350 2824 3453 2896 τὴν
3491 2827 3773 2898 σωτηρίαν

2176 2921 2273 2975 καὶ
2298 2920 2398 2992 τὴν
2433 2918 2847 2991 ἀπολύτρωσιν.

2249 3015 2361 3069 Καὶ
2386 3012 2480 3067 τὸν
2509 3012 2645 3066 Θεὸν
2684 3011 2785 3080 μὲν
2826 3009 3064 3078 εὐλόγει.
3104 3008 3355 3062 τουτέστι
3402 3009 3471 3063 δι’
3532 3010 3769 3065 ἐπαίνων

2180 3104 2275 3160 καὶ
2319 3102 2632 3172 δοξολογίας
2669 3097 2826 3173 ἦγεν.
2878 3099 3107 3167 Εύλόγει
3135 3098 3193 3151 δὲ
3230 3097 3301 3152 τά
3322 3116 3382 3152 τε
3445 3098 3603 3166 ἄλλα,
3668 3102 3765 3153 καὶ

2177 3198 2312 3251 διότι
2349 3196 2448 3260 τὰς
2475 3195 2613 3266 πρὸς
2636 3194 2801 3247 αὑτὸν
2835 3192 3160 3267 ὑποσχέσεις
3188 3195 3267 3257 είς
3288 3191 3549 3263 ἀλήθειαν
3571 3192 3769 3246 ἕϐλεπε

2180 3287 2575 3362 προελθούσας,
2608 3286 2705 3340 καὶ
2732 3285 2829 3357 τὴν
2859 3285 2955 3339 τοῦ
3006 3285 3228 3357 Ἰσραὴλ
3266 3286 3618 3357 παράκλησιν
3666 3286 3767 3355 ὀφ-

2179 3382 2411 3451 θαλμοῖς
2437 3397 2496 3432 τε
2521 3378 2761 3449 καθορᾷν
2793 3376 3033 3447 ἠξιοῦτο,
3069 3379 3163 3431 καὶ
3186 3379 3344 3448 χερσὶ
3396 3376 3605 3448 φέρειν.
3654 3378 3765 3430 Καὶ

2177 3474 2352 3545 χαρᾶς
2372 3472 2466 3525 ἐπὶ
2492 3470 2705 3532 τούτοις
2731 3470 2882 3538 ἱερᾶς
2912 3467 3398 3540 πεπληρωμένος,‹
3425 3467 3560 3533 Νῦν,
3577 3468 3712 3538 φησὶ
3724 3482 3763 3533 θ,

2176 3551 2437 3626 ἀπολύεις
2466 3562 2561 3615 τὸν
2585 3560 2772 3616 δοῦλόν
2823 3577 2944 3623 σου,
3001 3560 3267 3623 Δέσποτα,
3308 3560 3453 3614 κατὰ
3497 3561 3558 3614 τὸ
3611 3560 3765 3632 ῥῆμά

2178 3673 2296 3720 σου,
2328 3658 2387 3708 ἐν
2421 3654 2635 3725 εἰρήνῃ.
2675 3672 2693 3704 ι
2721 3651 2859 3717 Νῦν,
2886 3651 3074 3723 φησὶν,
3108 3653 3229 3706 ἐπεὶ
3252 3652 3314 3706 τὸ
3342 3653 3495 3716 τέλος
3520 3653 3628 3722 ἔχω
3655 3654 3765 3706 τῶν

2176 3743 2628 3815 ἐπηγγελμένων,
2688 3742 2859 3813 ἐχέτω
2897 3740 3059 3794 τοῦτο
3100 3742 3194 3795 καὶ
3231 3743 3260 3795 ὁ
3314 3742 3582 3813 ἐπίκηρος
3627 3742 3762 3812 βίος.

2175 3836 2249 3891 Τὸ
2283 3836 2394 3907 γὰρ
2424 3836 2516 3889 σόν
2554 3852 2645 3905 μοι
2672 3836 2823 3906 ῥῆμα
2853 3832 3030 3887 ταῦτα
3056 3832 3460 3905 προανεφώνει.
3495 3835 3603 3887 Καὶ
3631 3834 3762 3905 γὰρ,

2173 3928 2268 3983 τοῦ
2300 3927 2374 3999 μὴ
2403 3928 2530 3981 ἰδεῖν
2568 3944 2636 3998 με
2660 3925 2917 3989 θάνατον,
2942 3925 3074 3996 πρὶν
3105 3925 3235 3978 ἰδεῖν
3274 3925 3366 3977 τὸν
3385 3925 3623 3996 Χριστὸν
3649 3925 3764 3978 Ku-

2177 4019 2316 4092 ρίου,
2343 4020 2507 4084 αὐτός
2560 4036 2653 4089 μοι
2677 4015 2843 4070 πάλαι
2870 4016 2939 4070 τὰ
2968 4016 3265 4085 εὐαγγέλια
3299 4016 3577 4087 παρέσχες
3625 4015 3762 4087 (46).

2185 4112 2339 4165 Ἐπεὶ
2361 4111 2416 4165 δὲ
2440 4113 2519 4174 εἰς
2536 4110 2704 4181 ἐμοὺς
2731 4107 3045 4180 ὀφθαλμοὺς
3068 4102 3224 4180 ἧκεν,
3254 4108 3290 4163 ἃ
3314 4108 3566 4173 ἐπόθουν,
3584 4108 3620 4163 ἆ
3640 4108 3766 4178 ἐζή-

2171 4220 2321 4266 τουν,
2356 4197 2431 4257 ὧν
2457 4201 2777 4273 ἐγλιχόμην,
2808 4198 2907 4253 νῦν
2965 4197 3226 4262 ἀπολύεις
3253 4198 3345 4252 τὸν
3401 4196 3586 4252 δοῦλόν
3644 4215 3762 4264 σου,

2169 4296 2293 4351 οὕτε
2327 4295 2463 4367 πρὸς
2493 4295 2594 4364 τὴν
2647 4294 2845 4364 πεῖραν
2892 4291 3299 4362 ταραττόμενον
3350 4290 3446 4345 τοῦ
3504 4291 3760 4353 θανάτου,

472 4398 692 4438 servum
740 4394 914 4451 tuum,
990 4401 1093 4441 nec
1143 4395 1292 4442 metu
1356 4389 1554 4444 mortis
1610 4391 1917 4455 turbatum,
1963 4408 2064 4447 nec

2176 4390 2294 4445 οὔτε
2324 4390 2606 4459 λογισμοῖς
2660 4386 3058 4459 θορυϐούμενον
3106 4384 3463 4457 ἀμφιϐολίας.
3524 4384 3665 4438 Ἀλλ’
3703 4387 3762 4438 ἐν

471 4476 658 4530 animo
682 4475 850 4531 dubio
878 4493 1233 4547 suspensum,
1259 4479 1355 4534 sed
1392 4479 1448 4533 in
1472 4496 1605 4550 pace
1633 4482 1816 4552 potius
1851 4485 2058 4551 stabili,

471 4568 829 4640 lmtitiamque
859 4572 1254 4641 amplissimam
1293 4572 1577 4642 largiente.
1614 4574 1739 4630 Vidi
1785 4577 1932 4631 enim
1966 4592 2063 4646 po-

470 4662 727 4732 pulorum
758 4663 1003 4718 omnium
1040 4664 1299 4720 salutem.
1337 4662 1466 4719 Vide
1503 4664 1593 4720 hic
1620 4666 1792 4721 divini
1821 4669 2063 4724 sanctis-

470 4754 708 4823 simique
737 4755 885 4811 senis
916 4756 1231 4810 solertiam!
1266 4756 1409 4811 Ante
1441 4757 1586 4811 enim
1617 4772 1785 4827 quam
1816 4758 1935 4815 viso
1960 4758 2065 4814 hoc

470 4846 790 4903 beatissimo
850 4849 1050 4919 dignus
1109 4849 1436 4916 haberetur,
1513 4851 1772 4905 solatium
1841 4850 2064 4908 lsraelis

468 4941 840 5009 exspectabat.
875 4941 1173 5011 Postquam
1205 4957 1337 4997 vero
1368 4942 1479 5011 spei
1526 4943 1751 5012 votique
1782 4943 1867 4998 sui
1904 4943 2065 4998 dam.

470 5040 635 5087 natus
662 5042 798 5099 erat,
830 5047 941 5088 non
968 5033 1082 5100 jam
1116 5033 1374 5088 solatium
1400 5033 1646 5101 lsraelis,
1679 5035 1774 5090 sed
1812 5034 2056 5105 gentium

469 5126 718 5180 omnium
752 5126 983 5181 salutem
1014 5126 1199 5182 videre
1262 5142 1323 5183 se
1372 5128 1665 5184 clamabat.
1723 5150 1743 5181 ι
1794 5127 2061 5184 Viderunt

467 5220 643 5279 enim,
668 5219 864 5287 inquit,
893 5219 1039 5274 oeuli
1065 5219 1172 5275 mei
1196 5220 1436 5275 salutare
1463 5231 1642 5285 tuum,
1697 5222 1847 5292 quod
1887 5238 2056 5293 para-

470 5309 683 5369 stiante
699 5310 890 5366 oculos
915 5311 1163 5367 omnium
1182 5313 1511 5383 populorum
1540 5314 1607 5369 7°.
1637 5332 1656 5366 ι
1692 5314 1843 5370 Adeo
1873 5314 2056 5385 splen-

542 5471 586 5506 "
616 5470 753 5539 Luc.
786 5490 849 5539 ll,
890 5474 983 5541 50,
1010 5476 1103 5533 51.

2166 4484 2359 4554 εἰρήνῃ
2394 4480 2636 4549 σταθερᾷ
2664 4478 2761 4531 καὶ
2800 4476 3004 4547 πολλὴν
3034 4475 3132 4548 τὴν
3184 4473 3526 4546 εὐφροσύνην
3576 4491 3761 4545 πηγα-

2166 4572 2334 4643 ζούσῃ
2360 4573 2496 4641 (47).
2529 4571 2638 4623 Καὶ
2670 4569 2780 4639 γὰρ
2803 4568 2863 4621 τὸ
2900 4572 3169 4639 σωτήριον
3210 4568 3432 4620 πάντων
3463 4565 3572 4619 τῶν
3617 4564 3763 4619 λαῶν

2167 4662 2328 4719 εἶδον.
2352 4664 2463 4718 Καὶ
2500 4664 2603 4735 ὅρα
2635 4660 2735 4733 τὴν
2763 4659 3051 4731 ἀκρίϐειαν
3106 4658 3202 4712 τοῦ
3269 4658 3417 4712 θείου
3458 4659 3556 4711 καὶ
3608 4657 3759 4729 ἱεροῦ

2168 4758 2459 4830 γέροντοςί
2488 4757 2624 4825 Πρὶν
2652 4753 2684 4825 ἢ
2741 4752 2842 4825 μὲν
2870 4751 2964 4806 τοῦ
3002 4750 3277 4823 μακαρίου
3306 4749 3583 4821 θεάματος
3629 4766 3764 4803 κατ·

2167 4853 2397 4922 αξιωθῇ,
2417 4848 2764 4921 παράκλησιν
2783 4845 3145 4917 προσεδέχετο
3176 4844 3271 4898 τοῦ
3316 4844 3557 4915 Ἰσραήλ.
3606 4843 3760 4896 Ἐπεὶ

2169 4945 2228 4998 δέ
2259 4943 2411 5006 ἐντὸς
2439 4941 2539 5011 τῆς
2577 4939 2791 5002 ἐλπίδος
2816 4938 3009 5007 γέγονε
3052 4937 3146 4991 καὶ¹
3184 4937 3284 5006 τῆς
3318 4934 3642 5005 ἐπιθυμίας,
3670 4939 3763 4987 ού-

2171 5034 2289 5089 κέτι
2320 5032 2399 5104 τῷ
2448 5030 2666 5104 Ἰσραὴλ
2694 5028 2998 5101 ἀνακράζει
3046 5028 3391 5099 παράκλησιν
3431 5027 3585 5091 ἰδεῖν,
3626 5024 3763 5079 ἀλλά

2174 5130 2394 5182 πάντων
2435 5125 2710 5196 σωτηρίαν
2759 5124 2869 5176 τῶν
2898 5121 3064 5177 λαῶν.
3107 5140 3126 5171 ι
3158 5120 3268 5174 Kal.
3300 5119 3432 5190 γάρ,
3461 5118 3647 5189 φησὶν,
3677 5117 3759 5170 ὅτι

2170 5218 2309 5275 εἶδον
2342 5220 2391 5272 οί
2421 5218 2690 5289 ὀφθαλμοί
2726 5233 2828 5287 μου
2849 5215 2909 5268 τὸ
2941 5213 3211 5285 σωτήριόν
3239 5230 3356 5276 σου,
3393 5212 3423 5265 ὃ
3450 5211 3757 5283 ἡτοίμασας

2168 5311 2310 5366 κατά
2338 5309 2628 5381 πρόσωπον
2654 5306 2872 5362 πάντων
2928 5302 3037 5359 τῶν
3085 5303 3253 5357 λαῶν.
3298 5321 3319 5357 ι
3354 5300 3543 5366 Οὕτως
3596 5298 3760 5356 αὐτὸν

1994 5639 2229 5699 NOTAE.

544 5786 856 5861 (#91391!!-
883 5789 1300 5861 πληρωθέντες.

545 5857 659 5928 (65)
683 5856 775 5929 Τῷ
800 5856 1040 5929 βρέφειν,
1064 5859 1218 5916 Colb.

2248 5792 2357 5866 με)
2387 5791 2489 5866 §ic_
2504 5790 2689 5847 scribo
2715 5804 2813 5866 pro
2845 5791 3147 5866 παρέσχεν.

2248 5864 2357 5937 (i7)
2381 5863 2585 5920 Codex.
2611 5862 2946 5933 πηγάζουσι.
