4110 6454
309 379 404 443 8‘33

1310 374 1405 435 AD
1438 371 2036 434 AMPHILOCHIUM
2074 370 2421 443 QUESTIO
2458 370 2651 434 CLVI.

3468 370 3577 433 826

310 484 708 559 περιήστραψεν
734 486 769 557 ή
792 486 851 539 ἐν
873 487 951 559 τῷ
976 487 1166 561 βρέφει
1183 488 1545 561 καθορωμένη
1572 491 1876 563 ἀπόρρητος

1987 484 2087 538 dor
2126 483 2420 539 ineﬂ‘abilis
2446 493 2501 539 et
2540 484 2753 540 ratione
2772 481 2923 538 omni
2951 480 3224 552 superior,
3269 496 3333 537 ex
3365 482 3575 540 infante

305 581 391 635 ml.
411 579 549 648 ὑπὲρ
572 578 734 647 λόγου
766 580 957 651 αῐγλη,
990 581 1067 646 ὡς
1092 582 1164 636 τὰ
1214 584 1499 656 προϊόντος
1538 582 1634 637 τοῦ
1686 583 1881 655 χρόνου

308 674 393 731 καὶ
423 671 567 726 κατά
617 671 815 742 μικρὸν
860 674 1337 745 ἀνακαλυφθέντα,
1395 675 1590 747 ἐκείνῳ
1621 675 1734 746 (48)
1787 675 1883 729 καὶ

310 758 602 832 τηνικαῦτα
631 760 726 814 καὶ
771 763 852 826 εἰς
884 764 1089 830 γνῶσιν
1140 764 1335 835 ἀθρόον
1386 765 1580 821 ἐλθεῖν.
1622 767 1734 821 Καὶ
1793 766 1883 820 ἵνα

307 852 432 922 μηδὲ
472 851 656 923 χώραν
715 854 823 906 τιν)¹
877 856 1152 927 παράσχοι
1202 857 1412 920 πάντας
1446 857 1613 921 λαοὺς
1671 857 1877 924 καλεῖν,

303 946 417 1007 τοὺς
450 946 508 997 ἐν
546 943 626 1016 τῷ
669 945 943 999 Ἰουδαίων
993 948 1161 1012 ἔθνει,
1216 950 1412 1018 ἐπάγει
1462 950 1532 1003 τά
1590 950 1877 1022 εἰρημένα.

309 1056 325 1087 ι
354 1035 465 1095 Φῶς
495 1038 575 1098 εἰς
610 1037 954 1106 ἀποκάλυψιν
981 1038 1174 1101 ἐθνῶν,
1218 1058 1236 1089 ι
1270 1039 1395 1095 ἀντὶ
1417 1040 1512 1093 τοῦ
1545 1056 1559 1070 ο
1593 1041 1785 1112 μηδείς
1812 1059 1881 1110 με

300 1127 388 1181 νῦν
423 1127 636 1198 οἰηθείη
672 1130 851 1183 πάντα
881 1131 1069 1184 καλεῖν
1098 1132 1191 1185 τὸν
1233 1133 1527 1187 Ἰουδαϊκὸν
1559 1134 1708 1198 λαὸν,
1743 1135 1882 1188 ἀλλὰ

301 1223 516 1292 σύμπαν
546 1221 606 1275 τὸ
635 1223 791 1290 γένος
820 1223 908 1277 διὰ
945 1224 1153 1296 ταύτης
1179 1225 1369 1297 μηνύω
1393 1227 1493 1297 τῆς
1522 1228 1728 1297 φωνῆς.
1770 1228 1881 1282 Καὶ

297 1318 399 1385 γάρ
436 1314 683 1385 σωτηρία
712 1316 808 1369 καὶ
834 1317 1217 1389 ἀπολύτρωσις
1254 1318 1409 1374 ἐσται
1439 1320 1661 1375 πάντων
1700 1313 1877 1388 οὗτος,

296 1405 351 1457 ὃν
374 1404 485 1473 ἐγὼ
527 1406 799 1477 τεθέαμαι
825 1408 923 1461 καὶ
970 1410 1029 1460 ἐν
1064 1408 1334 1477 ἀγκάλαις
1384 1410 1556 1483 φέρω.
1603 1412 1715 1467 Καὶ
1758 1414 1879 1465 οὐδὲ

298 1497 454 1568 μέχρι
493 1498 688 1551 τούτου
750 1501 1021 1572 ¹ήρκέσθη.
1085 1502 1225 1555 Ἀλλ’
1282 1504 1733 1559 ἀντιδιαστέλλων
1790 1504 1879 1559 τὸν

307 1590 568 1661 ’1σραὴλ,‹
596 1592 772 1645 πάντα
787 1594 856 1648 τὰ
870 1592 1029 1665 ἔθνη»
1060 1595 1476 1659 ἐπισυνάπτει,ι
1507 1597 1622 1667 φῶς
1646 1599 1723 1662 εἰς
1743 1601 1879 1652 ἀπο-

298 1682 527 1752 κάλυψιν
562 1683 733 1737 ἐθνῶν
754 1686 1028 1751 καὶδόξαν
1060 1687 1192 1741 λαοῦ
1242 1707 1335 1742 σου
1401 1690 1637 1760 Ἰσραήλ.
1672 1710 1690 1743 ι
1751 1687 1877 1744 Οἷον

294 1774 439 1844 κοινὴ
469 1775 572 1843 μέν
597 1776 714 1828 ἐστι
740 1778 986 1847 σωτηρία
1009 1777 1069 1830 τὸ
1100 1779 1652 1852 άγκαλοφορούμενον
1675 1781 1876 1852 βρέφος

290 1870 397 1930 τοῖς
427 1867 605 1921 ἔθνεσι
634 1872 790 1933 πᾶσι,
827 1871 924 1923 καὶ
959 1870 1036 1941 τῷ
1079 1872 1322 1944 Ἰσραήλ.
1396 1874 1556 1929 Ἀλλά
1612 1878 1727 1938 τοῖς
1777 1876 1876 1947 μὲν

291 1958 420 2025 φῶς,
455 1959 541 2012 ὃτι
561 1960 654 2013 τοῦ
688 1960 912 2025 σκότους
943 1961 1126 2032 ἐξάγει
1154 1966 1253 2036 τῆς
1277 1967 1749 2039 εἰδωλολατρείας.
1784 1968 1876 2042 Τῷ

289 2050 340 2103 δὲ
360 2052 510 2118 δόξα,
534 2054 616 2105 ὅτι
638 2053 706 2106 τά
724 2053 932 2117 τούτοις
960 2056 1129 2111 πάλαι
1157 2060 1365 2131 νόμιμα
1386 2060 1609 2116 δοθέντα
1628 2062 1762 2133 (49),
1787 2064 1876 2119 διὰ

288 2143 382 2213 τῆς
410 2144 704 2215 εἰδωλικῆς
737 2147 1181 2219 ἀπεκαθαίροντο
1203 2152 1421 2223 ἀχλύος,
1456 2156 1538 2218 εἰς
1566 2154 1729 2222 δόξαν
1751 2155 1877 2226 (καὶ

285 2236 602 2306 τελειότητα
639 2240 938 2308 μεταϐαλεῖ
968 2241 1104 2312 (50).
1134 2245 1245 2298 Καὶ
1294 2245 1470 2311 ἄλλως
1502 2247 1559 2301 δὲ
1608 2248 1734 2316 δόξα
1780 2247 1875 2301 τοῦ

298 2328 693 2400 Ἰσραηλιτικοῦ
718 2330 848 2385 λαοῦ
875 2334 902 2385 ὁ
923 2333 1157 2404 τεχθεὶς,
1202 2336 1298 2391 ἆτε
1328 2338 1393 2409 δὴ
1439 2341 1504 2392 ἐκ
1561 2340 1877 2411 σπέρματος

284 2419 375 2472 τοῦ
442 2421 699 2492 Ἀϐραὰμ
757 2423 1047 2496 ἄνθρωπος
1097 2427 1359 2495 γεγονὼς.
1412 2429 1629 2500 Μικροῦ
1683 2430 1741 2483 δὲ
1782 2431 1877 2485 καὶ

293 2512 525 2579 Ἡσαΐας
556 2517 583 2568 ὁ
617 2517 909 2588 προφήτης
943 2518 1010 2572 τὰ
1039 2520 1178 2574 αὑτά
1203 2523 1635 2595 προανακράζει,
1665 2523 1838 2591 λέγων
1858 2539 1873 2553 ⁶

288 2621 307 2654 r
359 2604 516 2669 Ἰδοὺ,
544 2606 765 2661 τέθεικά
799 2625 858 2661 σε
906 2611 987 2673 εἰς
1017 2611 1133 2680 φῶς
1156 2612 1349 2680 ἐθνῶν,
1406 2613 1617 2679 ἀνοῖξαι
1670 2613 1875 2683 ὀφθαλ-

284 2698 422 2766 μοὺς
451 2699 693 2769 τυφλῶν,
734 2720 754 2754 ι
790 2704 1039 2756 τουτέστι
1090 2708 1394 2776 παρασχεῖν
1432 2707 1565 2778 δρᾷν
1614 2710 1706 2759 καὶ
1757 2706 1875 2760 δια-

283 2792 527 2845 στέλλειν
559 2793 618 2847 τὸ
653 2794 771 2863 φῶς
801 2797 866 2848 ἐκ
886 2796 981 2850 τοῦ
1013 2797 1244 2861 σκότους
1278 2799 1395 2869 (51)
1443 2800 1540 2852 καὶ
1591 2799 1690 2871 τὴν
1739 2799 1878 2872 ἀλήο

280 2882 435 2937 θειαν
460 2885 523 2938 ἐκ
544 2885 641 2939 τοῦ
677 2886 931 2956 ψεύδους,
983 2888 1081 2941 καὶ
1121 2890 1222 2957 τὴν
1273 2890 1559 2943 εὐσέϐειαν
1609 2891 1719 2944 ἀπὸ
1773 2891 1877 2963 τῆς

277 2974 515 3047 πλάνης.
555 2979 649 3030 Διὸ
678 2978 774 3032 καὶ
800 2980 829 3030 ὁ
858 2980 1022 3032 Δαϐὶδ
1056 2980 1263 3048 ταύτην
1311 2982 1547 3052 κροτῶν,
1587 2984 1749 3036 οἱονεὶ
1784 3001 1876 3053 χο·

273 3065 457 3134 ρεύων
511 3069 606 3121 καὶ
662 3069 1060 3140 ἀνακηρύττων
1109 3069 1209 3141 τὴν
1260 3073 1559 3142 σωτηρίαν,
1623 3092 1640 3124 ι
1687 3075 1874 3129 Πάντα

268 3155 428 3249 ἔον-η,
457 3158 619 3249 φησὶ,
656 3161 965 3229 κροτήσατε
1002 3164 1216 3233 χεῖρας,
1264 3163 1348 3215 ὅτι
1382 3163 1584 3233 Κύριος
1622 3164 1869 3234 ὕψιστος,
1898 3187 1942 3249 C

266 3247 535 3318 φοϐερὸς,
569 3250 833 3316 Βασιλεὺς
866 3253 1039 3321 μέγας
1093 3254 1187 3307 ἐπὶ
1222 3258 1399 3309 πᾶσαν
1446 3259 1545 3326 τὴν
1587 3259 1709 3328 γῆν.
1751 3278 1769 3309 ι
1811 3259 1875 3312 Εἰ

263 3340 324 3392 δὲ
360 3339 500 3404 λαὸς
526 3342 619 3394 τοῦ
648 3344 890 3414 Χριστοῦ
940 3348 1034 3399 καὶ
1062 3346 1307 3416 λέγεται,
1358 3349 1457 3404 καὶ
1512 3350 1661 3403 ἐστιν
1706 3350 1735 3403 ὁ
1774 3352 1874 3403 Ἰσ-

272 3432 436 3503 ραὴλ,
472 3435 609 3504 πρὸς
648 3438 717 3488 τὰ
748 3437 876 3505 ἔθνη
915 3440 1383 3513 διαστελλόμενος,
1417 3444 1789 3498 διαστέλλεται
1815 3445 1873 3499 δὲ

272 3526 499 3589 πάντως
532 3530 641 3590 τοῖς
674 3545 733 3581 τε
769 3531 1092 3596 Μωσαῖκοῖς
1129 3534 1315 3604 νόμοις
1368 3535 1464 3588 καὶ
1502 3538 1615 3601 τοῖς
1670 3537 1871 3605 ἔθνεσι,

270 3618 456 3688 δῆλον,
496 3620 601 3685 ὅτι,
633 3619 735 3673 κᾶν
768 3623 938 3693 μήπω
964 3624 1063 3694 τῆς
1094 3626 1317 3697 χάριτος
1369 3627 1715 3698 ἀπήλαυσεν,
1773 3630 1873 3683 καὶ

273 3712 429 3774 ἐντὸς
461 3712 665 3779 ταύτης
694 3715 1086 3786 ἐχρημάτισεν,
1119 3716 1246 3782 λαὸς
1298 3718 1394 3773 καὶ
1424 3714 1578 3784 οὗτός
1630 3721 1745 3775 ἐστι
1776 3719 1872 3774 τοῦ

274 3803 542 3873 Χριστοῦ.
587 3806 647 3860 El
677 3807 733 3860 δὲ
788 3810 815 3861 ὁ
849 3811 906 3861 ἐν
955 3813 1020 3881 τῇ
1076 3812 1286 3883 παλαιᾷ
1316 3813 1562 3888 Διαθήκῃ
1607 3814 1734 3879 λαὸς
1774 3816 1872 3869 τοῦ

274 3896 520 3968 Χριστοῦ
554 3901 701 3953 ἐστιν
740 3901 867 3965 λαὸς
896 3903 1012 3972 (52)
1065 3904 1184 3964 πῶς
1233 3906 1333 3958 οὐκ
1379 3906 1756 3976 ἐμφράττεται
1802 3908 1874 3962 τὰ

278 3987 551 4041 άπύλωτα
589 3990 861 4060 στόματα,
892 3992 959 4044 τὰ
982 3993 1087 4044 ἀπὸ
1111 3994 1391 4058 Μάνεντος
1422 3997 1503 4059 εἰς
1526 3996 1721 4067 ἑτέραν
1750 3998 1873 4052 τού-

274 4096 402 4145 τους
437 4084 890 4153 παρα-πέμποντα
919 4086 1099 4157 ἀρχήν
1136 4086 1273 4157 (55).

343 4352 454 4405 Τοῦ
484 4351 741 4422 μέντοιγε
780 4352 1092 4425 πρεσϐύτου
1124 4353 1434 4424 Συμεῶνος,
1487 4355 1869 4426 θεολογοῦντος

270 4443 337 4495 τὰ
373 4443 673 4514 εἰρημένα,
704 4440 794 4515 ἦν,
827 4446 992 4514 φησὶν
1032 4445 1171 4515 (54),
1197 4465 1215 4497 r
1266 4445 1465 4518 Ἰωσὴφ
1496 4449 1589 4501 καὶ
1622 4450 1654 4520 ἡ
1686 4450 1869 4521 μήτηρ

1987 575 2223 638 micans,
2263 577 2458 632 oculos
2490 577 2613 647 ejus
2638 575 3069 647 perstringebat,
3130 584 3211 638 ut,
3264 592 3385 645 quae
3421 576 3579 646 inpo-

1985 676 2194 723 sterum
2227 678 2492 723 eventura
2526 679 2583 723 et
2638 668 2786 723 brevi
2830 667 3126 737 aperienda
3189 677 3369 734 exant,
3410 668 3577 722 etiam

1986 767 2137 824 tunc,
2170 758 2334 830 idque
2364 760 2704 830 plenissime,
2733 758 3092 829 perspiceret.
3142 756 3221 813 Ne
3243 774 3375 813 vero
3406 774 3573 813 occa-

1985 849 2198 904 sionem
2229 852 2488 920 cuiquam
2527 850 2733 906 faceret
2766 849 3109 919 su5picandi,
3159 864 3219 904 se
3252 864 3348 920 per
3398 865 3578 920 popu-

1984 943 2067 998 los
2097 944 2218 999 illos
2249 960 2442 1001 omnes
2470 943 2788 1000 Judazorum
2810 953 3023 999 tantum
3050 952 3266 1015 gentem
3307 944 3575 1009 indicare,

1984 1039 2270 1107 sequentia
2328 1039 2656 1108 subjungit:
2730 1056 2749 1089 ι
2810 1036 3013 1093 Lucem
3076 1037 3130 1091 in
3181 1036 3575 1092 revelatiouem

1984 1132 2245 1202 gentium.
2283 1151 2302 1183 ι
2337 1131 2505 1197 Quasi
2543 1132 2752 1186 diceret
2786 1148 2801 1184 :
2842 1128 3014 1185 Nemo
3061 1139 3237 1200 putet,
3270 1146 3356 1184 nte
3382 1129 3451 1185 de
3480 1127 3579 1183 Ju-

1982 1222 2139 1278 daica
2189 1234 2349 1292 gente
2394 1222 2541 1277 omni
2572 1232 2786 1277 tantum
2826 1221 3013 1291 loqui;
3078 1221 3189 1276 imo
3238 1236 3366 1275 vero
3402 1228 3576 1275 totum

1983 1315 2267 1370 hominum
2304 1330 2476 1386 genus
2515 1315 2621 1371 hac
2644 1330 2783 1371 voce
2811 1316 3017 1371 indico.
3049 1314 3147 1369 llle
3201 1313 3373 1379 enim,
3410 1328 3574 1382 quem

1981 1406 2112 1469 vidi,
2140 1422 2416 1476 quemque
2452 1406 2596 1461 ulnis
2650 1405 2789 1471 fero,
2855 1406 3107 1459 omnium
3160 1405 3314 1460 salus
3366 1404 3472 1458 erit
3523 1414 3578 1459 et

1982 1498 2206 1552 vindex.
2246 1498 2362 1552 lmo
2390 1512 2493 1553 nec
2547 1498 2603 1551 in
2653 1497 2741 1553 his
2794 1497 3092 1567 acquievit,
3141 1498 3258 1558 sed,
3319 1496 3577 1551 lsraelem

1983 1590 2373 1653 distincturus,
2389 1609 2405 1642 r
2428 1599 2617 1661 gentes
2636 1605 2827 1645 omnes
2848 1589 2950 1644 tilli
2977 1591 3098 1645 voci
3114 1591 3347 1662 jungit,r
3374 1591 3574 1657 lucem,

1981 1680 2276 1751 inquiens,
2333 1681 2401 1736 ad
2460 1682 2849 1737 rcvelationem
2905 1682 3173 1752 gentium,
3233 1693 3289 1737 et
3341 1682 3576 1754 gloriam

1983 1774 2166 1843 populi
2199 1774 2274 1829 tui
2314 1776 2615 1830 Israelis".
2662 1794 2679 1825 ι
2718 1775 2927 1830 Sensus
2958 1784 3084 1829 est:
3140 1772 3346 1839 Infans,
3411 1789 3575 1845 quem

1984 1866 2126 1920 ulnis
2151 1864 2286 1932 fero,
2340 1867 2574 1922 salutem
2626 1867 2845 1937 quidem
2903 1866 3158 1937 gentibus
3207 1847 3471 1922 omnibus
3523 1874 3579 1919 et

1980 1957 2166 2012 lsraeli
2198 1974 2416 2029 quoque
2446 1976 2797 2015 communem
2865 1961 3054 2027 aﬂ‘ett;
3092 1969 3149 2015 at
3202 1960 3310 2015 illis
3350 1960 3572 2031 quidem

1979 2058 2063 2103 est
2091 2049 2264 2105 instar
2303 2050 2467 2117 lucis,
2522 2068 2589 2105 ex
2660 2050 2985 2106 idololatriae
3021 2050 3264 2106 tenebris
3312 2066 3407 2107 eas
3438 2051 3575 2106 edu-

1979 2157 2141 2209 cens;
2206 2142 2336 2198 huic
2397 2160 2526 2199 vero
2554 2143 2786 2214 gloriam
2850 2145 3015 2215 parit,
3071 2144 3199 2214 quia
3261 2144 3407 2214 leges
3435 2144 3572 2214 ipsis

1980 2235 2233 2308 (luditis)
2287 2238 2417 2292 olim
2452 2238 2631 2299 datas,
2674 2253 2796 2307 qua:
2827 2237 3066 2308 caligine
3098 2236 3431 2291 idololatriae
3469 2238 3571 2291 ob-

1977 2331 2254 2387 scuriores
2281 2332 2668 2399 reddebantur,
2700 2330 3099 2400 splendidiores
3134 2338 3189 2385 et
3214 2330 3571 2400 perfectiores
3682 2338 3687 2351 ί

1979 2424 2188 2478 reddet.
2218 2424 2340 2478 Alia
2374 2440 2507 2480 vero
2529 2424 2691 2477 etiam
2727 2425 2937 2478 ratione
2992 2433 3158 2479 natus
3218 2423 3313 2479 ille
3365 2424 3418 2478 in
3455 2424 3573 2494 glo-

1980 2517 2117 2571 riatn
2184 2516 2373 2587 papuii
2436 2516 2725 2572 Israelitici
2783 2515 3063 2587 vergebat,
3126 2517 3332 2586 quippe
3378 2516 3471 2585 qui
3504 2532 3571 2571 ex

1976 2607 2278 2662 Abrahami
2311 2607 2523 2663 semine
2546 2606 2828 2663 hominem
2861 2607 3156 2662 induisset.
3176 2608 3356 2677 Atque
3380 2607 3572 2661 eadem

1978 2697 2092 2754 fere
2135 2700 2314 2755 Isaias
2347 2700 2612 2771 propheta
2670 2709 2830 2755 antea
2886 2699 3284 2769 pronuntiavit,
3328 2700 3567 2756 dicens:

1984 2807 2003 2840 ι
2042 2788 2179 2845 Ecce
2213 2791 2369 2860 posui
2414 2800 2466 2846 te
2498 2790 2552 2845 in
2585 2790 2772 2845 lumen
2807 2791 3081 2861 gentium,
3123 2791 3418 2861 utaperias
3444 2807 3577 2846 ocu-

1978 2881 2062 2936 los
2116 2882 2474 2943 eazcorum",
2520 2900 2539 2934 ι
2598 2882 2703 2936 hoc
2770 2890 2882 2947 est,
2944 2881 3118 2938 facias
3162 2891 3222 2937 ut
3274 2883 3495 2939 videant
3522 2893 3576 2938 et

1976 2973 2314 3044 distinguant
2369 2974 2545 3029 lucem
2578 2989 2646 3029 ex
2676 2974 2941 3039 tenebris,
2990 2976 3273 3031 veritatem
3309 2992 3375 3031 ex
3416 2992 3574 3032 men-

1977 3062 2155 3127 dacio,
2185 3072 2238 3117 et
2266 3065 2521 3133 pietatem
2552 3080 2618 3118 ex
2641 3064 2806 3118 variis
2831 3066 2957 3121 vita:
2982 3067 3287 3121 erroribus.
3316 3066 3577 3136 Propter-

1977 3167 2040 3206 ea
2097 3162 2151 3207 ει
2182 3152 2371 3222 David,
2401 3154 2649 3209 eamdem
2685 3157 2942 3223 salutem,
2990 3157 3165 3211 instar
3200 3157 3571 3227 tripudiantis,

1977 3242 2297 3309 decantatis,
2355 3254 2408 3299 et
2441 3247 2837 3315 praenuntians,
2877 3267 2893 3298 r
2932 3247 3154 3312 Omnes,
3184 3247 3387 3318 inquit,
3425 3266 3559 3319 geu-

1976 3344 2081 3398 tes,
2129 3335 2373 3405 plaudite
2410 3337 2685 3403 manibus,
2750 3340 2879 3408 quia
2941 3341 3205 3395 Dominus
3230 3340 3481 3396 excelsus
3515 3350 3572 3396 et.

1978 3425 2313 3491 tremendus,
2346 3430 2461 3480 ftex
2493 3443 2723 3497 magnus
2747 3439 2830 3483 est
2865 3444 3031 3498 super
3059 3438 3258 3484 terram
3282 3430 3350 3482 ⁷⁸.
3374 3449 3395 3482 ι
3417 3428 3570 3499 Quo-

1975 3516 2124 3571 niam
2153 3532 2283 3572 vero
2316 3518 2482 3572 Israel
2518 3525 2571 3573 et
2602 3529 2828 3575 vocatur
2857 3532 2930 3600 ‘et
2963 3531 3046 3575 est
3079 3522 3315 3592 populus
3341 3522 3568 3590 Christi,

1975 3609 2198 3679 quando
2222 3610 2476 3678 gentibus
2505 3612 2823 3680 opponitur,
2852 3614 3147 3683 opponitur
3171 3630 3299 3669 vero
3333 3616 3566 3669 omnino

1974 3709 2028 3754 et
2057 3698 2312 3755 Mosaicis
2346 3701 2555 3772 legibus
2575 3710 2630 3757 et
2661 3703 2935 3773 gentibus,
2971 3712 3120 3773 patet
3153 3705 3362 3775 utique,
3397 3706 3565 3775 quod,

1973 3790 2189 3845 etiamsi
2248 3808 2527 3863 nunquam
2582 3794 2771 3864 gratia:
2829 3795 3102 3864 particeps
3169 3795 3349 3852 factus
3397 3806 3566 3862 esset,

1974 3884 2205 3955 ejusque
2238 3886 2480 3941 fructum
2516 3890 2773 3956 cepisset,
2834 3888 2918 3943 vel
2979 3889 3059 3943 sic
3092 3888 3302 3944 Christi
3333 3892 3569 3960 populus

1972 3978 2289 4033 exstitisset.
2342 3978 2497 4043 Quod
2525 3979 2569 4033 si
2606 3996 2735 4034 vero
2780 3981 3037 4051 populus,
3070 3981 3125 4035 in
3164 3983 3329 4037 veteri
3364 3982 3570 4039 findere

1972 4070 2299 4141 appellatus,
2364 4072 2566 4125 Christi
2632 4082 2716 4128 est
2763 4075 3019 4142 populus,
3081 4091 3262 4131 nonne
3293 4077 3399 4131 hoc
3449 4079 3567 4146 ipso

1970 4163 2234 4217 effrenata
2263 4162 2695 4219 Manichaaorum
2739 4180 2837 4220 ora
2893 4166 3243 4233 obturantur,
3280 4169 3375 4238 qui
3438 4169 3567 4224 illos

1972 4256 2129 4311 alteri
2157 4256 2376 4311 cuidam
2402 4256 2672 4325 principio
2699 4267 2958 4328 acceptos
2985 4258 3211 4312 ferunt?

2044 4348 2347 4411 Caeterum,
2381 4348 2651 4421 Symeone
2682 4366 2811 4405 sene
2852 4356 3109 4421 mysteria
3144 4353 3256 4406 haec
3291 4352 3361 4406 ita
3413 4354 3561 4407 edis-

1972 4453 2206 4510 serente,
2239 4463 2258 4495 ι
2290 4442 2585 4514 Josephus,
2618 4448 2762 4514 quod
2796 4443 2974 4500 Lucas
3024 4447 3119 4511 ait,
3152 4455 3206 4499 et
3241 4456 3411 4501 mater
3441 4448 3561 4517 ejus

270 4533 441 4586 αὑτοῦ
469 4533 846 4604 θαυμάζοντες
877 4536 969 4589 ἐπὶ
991 4539 1103 4600 τοῖς
1122 4536 1471 4607 λαλουμένοις
1490 4541 1617 4611 περὶ
1639 4539 1828 4607 αὑτοῦ,
1843 4559 1860 4593 ι

1978 4535 2326 4590 mirabantur
2349 4553 2411 4590 ea
2469 4552 2593 4606 quae
2631 4538 2700 4592 de
2732 4537 2826 4591 illo
2856 4538 2998 4592 dicta
3024 4538 3266 4592 erant“.
3315 4556 3335 4590 ι
3392 4536 3563 4591 Mira-

272 4623 676 4695 θαυμάζοντες,
702 4628 802 4698 ούχ
836 4629 920 4682 ὅτι
954 4627 1050 4681 νῦν
1097 4629 1208 4683 τῶν
1238 4631 1379 4703 ὑπὲρ
1420 4630 1577 4701 λόγον
1626 4634 1729 4703 τὴν
1771 4633 1868 4688 νῦν

269 4719 479 4783 γνῶσιν
520 4718 786 4790 ἐδέχοντο,
842 4720 959 4774 ἀλλ’
1017 4721 1212 4795 ὅτιπερ
1263 4723 1357 4776 ἐπὶ
1404 4725 1519 4788 τοῖς
1569 4725 1867 4797 ὑπερφυῶς

270 4813 756 4881 προεγνωσμένοις
797 4814 892 4868 καὶ
956 4814 1129 4869 ταῦτα
1212 4815 1663 4887 προσελάμϐανον
1728 4817 1866 4888 (55').

282 4899 618 4972 ’Υπερφυῶν
653 4902 762 4975 γάρ
795 4904 1137 4975 πραγμάτων
1177 4906 1400 4974 γνῶσις,
1436 4907 1629 4971 ὁσάκις
1670 4906 1736 4959 ἂν
1786 4909 1867 4971 εἰς

273 4992 506 5064 μνήμην
536 4993 659 5060 ἄγει
687 4996 778 5047 τὸν
806 4995 1109 5064 ἐγνωκότα,
1145 4997 1475 5060 τοσαυτάκις
1514 4998 1572 5049 ἐν
1592 4999 1712 5058 ταῖς
1742 4996 1863 5049 δια-

271 5086 447 5149 νοίαις
504 5084 842 5153 ἀνακαινῐςει
894 5088 955 5141 τὸ
1007 5088 1215 5159 θαῦμα.
1272 5085 1407 5142 Εῐτα
1464 5088 1787 5153 συντελέσας
1837 5089 1867 5142 ὁ

344 5195 388 5225 ⁷⁷
416 5195 529 5251 lsa.
560 5213 714 5268 xm,
741 5198 795 5255 6.
873 5199 919 5232 ⁷⁸
945 5198 1055 5255 lsa.
1082 5215 1231 5266 XLVI,
1273 5198 1329 5255 7.
1404 5199 1452 5231 '"
1478 5198 1624 5254 Psal.
1658 5216 1804 5265 mi,
1836 5201 1892 5255 2.

1976 4629 2196 4695 bantur,
2230 4630 2427 4698 inquit,
2473 4646 2581 4685 non
2660 4630 2905 4700 quidem,
2959 4632 3104 4701 quod
3154 4640 3283 4685 tunc
3339 4632 3561 4685 demum

1973 4736 2189 4787 eorum,
2228 4738 2351 4791 qua:
2382 4723 2653 4776 rationem
2689 4738 2909 4777 omnem
2948 4723 3307 4791 superabant,
3368 4724 3563 4777 notitia
3616 4754 3621 4765 ν

1975 4813 2405 4881 instruerentur,
2431 4814 2525 4870 sed
2556 4815 2701 4883 quod
2736 4826 2932 4883 praeter
2964 4815 3076 4878 illa,
3112 4830 3234 4883 qua:
3256 4831 3321 4869 ex
3366 4830 3563 4885 super-

1977 4906 2320 4961 naturalibus
2350 4916 2475 4961 ante
2502 4906 2721 4976 cognita
2752 4906 3045 4969 habebant,
3074 4905 3238 4961 etiam
3270 4906 3383 4960 haec
3414 4908 3558 4961 reci-

1976 4998 2215 5067 piebant.
2245 4996 2475 5065 Quoties
2510 5000 2656 5053 enim
2694 4999 3043 5055 insolentium
3082 5014 3266 5053 rerum
3294 5002 3560 5054 memoria

1973 5089 2102 5152 illis,
2164 5090 2258 5159 qui
2316 5105 2410 5146 cas
2438 5098 2658 5156 norunt,
2714 5090 3032 5162 refricatur,
3066 5092 3227 5148 toties
3274 5090 3563 5147 admiratio

1996 5201 2041 5233 ⁸ο
2073 5200 2206 5257 Luc.
2240 5218 2301 5270 ιι,
2342 5203 2433 5258 ⁸55.

1798 5332 2040 5390 NOTAE.

346 5428 463 5499 (48)
494 5428 571 5482 Ita
616 5427 774 5482 Colb.
802 5443 904 5499 pro
926 5430 1154 5485 ἐκεῖνον.

344 5495 463 5569 (49)
505 5503 641 5553 Ante
670 5495 859 5552 vocem
886 5499 973 5552 διὰ
996 5509 1134 5569 puto
1164 5497 1433 5553 excidisse
1485 5495 1520 5549 ἄ
1569 5510 1664 5564 per
1707 5503 1860 5569 aute-

274 5566 563 5623 cedentem
595 5570 860 5639 syllabam
882 5587 968 5622 τα.
993 5566 1048 5622 ιιι
1074 5586 1201 5622 vero
1222 5568 1535 5638 frequenter
1556 5581 1657 5620 usu
1688 5566 1853 5619 venit.

348 5639 467 5707 (ὅθ)
506 5640 597 5693 Sic
622 5640 777 5693 Colb.
803 5656 900 5709 pro
930 5639 1249 5709 μετακαλεῖ.

348 5705 471 5779 (51)
504 5712 681 5764 Codex
708 5710 779 5763 ita
804 5705 823 5764 Ξ
852 5711 913 5762 τὸ
931 5705 1131 5772 ’σκότος
1161 5712 1225 5761 ἐκ
1254 5708 1347 5762 τοῦ
1380 5708 1579 5777 φωτὸς,
1640 5705 1866 5760 vocibus

276 5795 452 5849 prave
486 5790 540 5833 et
607 5780 1053 5837 inconvenienter
1107 5779 1323 5850 positis,
1386 5779 1531 5850 quod
1580 5780 1866 5846 sequentia

272 5866 339 5906 ει
352 5861 566 5905 ιιιριιιιι.

2038 5426 2151 5495 (52)
2182 5426 2310 5487 λαὸς
2345 5435 2517 5481 estex
2545 5426 2701 5481 Colb.

2043 5494 2157 5568 (55)
2191 5498 2472 5551 Manichazi
2499 5498 2647 5550 enim
2681 5506 2736 5551 et
2775 5494 3017 5560 Iudaeos,
3046 5510 3099 5551 ct
3128 5498 3300 5568 legem
3360 5498 3561 5553 Mosai—

1971 5584 2090 5621 cam
2158 5570 2303 5622 malo
2352 5568 2623 5636 principio
2679 5570 2732 5621 in
2790 5570 3027 5636 acceptis
3098 5568 3365 5625 ferebant.
3427 5570 3565 5625 Vide

1969 5638 2150 5693 Photii
2195 5640 2394 5692 llbrutn
2425 5638 2446 5692 ι
2476 5636 2677 5691 Contra
2703 5637 3050 5706 Manichwos,
3082 5647 3214 5695 tom.
3253 5639 3362 5696 Cll.

2043 5708 2157 5779 (54)
2183 5709 2339 5763 Calb.
2372 5723 2470 5778 pro
2492 5710 2675 5775 φασιν.

2047 5778 2163 5850 (55)
2205 5779 2361 5836 Colb.
2393 5781 2516 5836 loco
2542 5778 2979 5851 προελάμϐανον.
