4110 6424
551 337 655 400 827

1718 332 1983 393 ΡΗΟΤΙΙ
2011 334 2523 395 ΡΑΤΒῘΑΒΟΗίΕ
2563 335 2671 395 CP.

3748 337 3858 402 8'28

556 447 724 502 animi
753 447 930 502 denuo
965 453 1286 501 renovatur.
1341 442 1672 499 Perfunctus
1731 443 1803 498 ita
1858 459 2024 500 senex
2056 459 2150 498 no‘

2264 445 2581 515 πρεσϐύτης
2619 444 2719 516 τὴν
2772 444 2852 507 εἰς
2908 444 2969 498 τὸ
3004 444 3160 498 Θεῖον
3218 445 3552 515 δοξολογίαν,
3588 449 3860 520 τρέπεται

554 552 666 595 stur
704 538 877 593 divini
913 537 1169 592 Numinis
1214 538 1490 600 laudibus,
1527 536 1764 607 denique
1795 552 1853 591 se
1885 537 1951 591 ad
1982 537 2149 591 bene-

553 631 850 686 dictionem
918 630 1162 694 illorum,
1219 630 1314 700 qui
1362 629 1625 684 infantem
1655 629 1974 694 attulerant,
2009 643 2144 683 con-

554 723 736 778 vertit.
794 721 935 778 Hinc
977 738 1110 778 vero
1153 723 1221 777 ad
1275 732 1507 778 matrem
1555 723 1730 777 solam
1781 721 1945 775 verba
1993 720 2148 776 facit.

561 837 578 868 l
623 815 907 871 Benedixit
941 816 1090 870 enim
1122 815 1230 871 illis
1260 817 1530 886 Syuieon,
1567 823 1622 869 et
1659 814 1727 868 ad
1754 813 2004 879 Mariam,
2033 827 2152 868 ma—

556 918 692 963 trem
729 908 870 978 ejus,
920 908 1061 962 dixit
1087 909 1158 961 ⁸¹.
1201 927 1221 960 ι
1260 908 1342 962 Ad
1381 907 1630 971 Mariam,
1663 906 1863 976 inquit,
1895 916 2147 971 matrem,

555 1016 662 1056 non
692 1000 759 1055 ad
788 999 1110 1070 Josephum,
1139 1010 1348 1070 patrem
1382 998 1526 1069 ejus.
1562 996 1938 1052 Nihilominus
1968 1006 2149 1052 tamen

556 1093 804 1163 utrisque
831 1093 1270 1149 benedictionem
1319 1092 1652 1162 impertitur,
1717 1091 1970 1163 quamvis
2012 1091 2150 1145 allo-

555 1187 853 1254 cutionem,
885 1186 954 1242 de
980 1188 1146 1242 rebus
1175 1187 1427 1256 inprimis
1459 1185 1893 1250 sublimioribus,
1929 1184 1994 1239 ad
2029 1199 2150 1239 ma-

554 1287 693 1333 trem
726 1278 902 1334 solam
938 1279 1189 1334 instituat
1225 1295 1238 1332 :
1279 1286 1336 1332 ut
1373 1277 1589 1333 scilicet
1639 1277 1919 1332 communi
1980 1278 2150 1330 benc-

555 1370 992 1441 dictione_facta
1071 1369 1371 1440 Josephum
1463 1371 1708 1441 parentis
1772 1369 1963 1424 habitu
2041 1383 2151 1422 non

555 1478 784 1533 prorsus
814 1462 1030 1532 privet;
1086 1462 1252 1517 simul
1301 1469 1482 1516 tamen
1515 1461 1697 1516 verbis
1749 1460 1886 1525 suis,
1934 1459 2000 1514 ad
2034 1473 2152 1512 ma-

555 1567 694 1610 trem
723 1555 1003 1624 speciatim
1031 1555 1272 1624 perlatis,
1303 1553 1570 1625 virginem
1607 1556 1674 1607 ab
1699 1567 1764 1608 eo
1787 1552 2148 1623 distinguens,

554 1664 677 1703 eam
711 1663 838 1703 vere
868 1657 1097 1702 matrem
1129 1647 1249 1718 ejus
1304 1647 1651 1718 proﬁteatur.
1712 1644 1853 1711 Quid
1911 1661 2041 1700 vero
2082 1647 2148 1700 ad

556 1749 784 1794 matrem
816 1740 1109 1810 loquitur?
1140 1757 1160 1791 ‹
1199 1739 1296 1794 llic
1329 1738 1476 1810 jacet
1507 1739 1564 1792 in
1613 1739 1829 1808 lapsum
1877 1747 1933 1792 et
1965 1753 2153 1793 resur-

554 1835 855 1888 rectionem
909 1834 1204 1886 multorum
1257 1832 1312 1886 in
1365 1831 1554 1896 Israel,
1605 1840 1659 1886 et
1704 1832 1758 1884 in
1788 1831 2028 1902 signum,
2063 1831 2152 1886 cui

553 1921 1039 1978 condradicitur“.
1081 1942 1102 1976 ι
1124 1921 1313 1986 Vides,
1345 1937 1474 1977 eum
1507 1931 1675 1977 totam
1705 1921 1952 1993 mysterii
1984 1921 2153 1993 hujus

553 2015 924 2071 conditionem
957 2016 1275 2072 summatim
1311 2014 1525 2088 Virgini
1558 2015 1796 2086 aperire,
1838 2013 1989 2068 illam
2017 2029 2150 2070 vero

552 2106 675 2176 ejus
703 2109 1113 2164 enarrationem
1145 2117 1336 2179 postea
1369 2109 1680 2164 instituere.
1712 2106 1871 2174 Quod
1912 2106 1959 2162 si
1997 2107 2150 2162 inse-

470 2193 474 2196 ’
551 2210 681 2256 cuta
737 2211 1058 2257 sanctorum
1113 2202 1356 2257 virorum
1404 2201 1627 2256 oracula
1663 2197 1919 2256 conferre
1954 2199 2050 2254 tibi
2085 2199 2152 2253 li-

551 2293 700 2358 beat,
738 2293 988 2348 historia:
1016 2294 1185 2349 series
1223 2293 1584 2365 quaesitorum
1645 2305 1866 2349 tuorum
1917 2292 2150 2348 solutio-

551 2399 675 2439 nem
703 2385 921 2442 abunde
955 2386 1412 2458 suppeditaverit.

657 2502 988 2571 QUzESTlO
1018 2504 1201 2561 CLVII
1255 2503 1823 2578 [CoisLCLXXXVIL
1849 2503 2018 2559 Taur.

909 2600 1170 2657 CLXXVI
1201 2609 1255 2656 et
1278 2599 1565 2656 eLxxvu
1605 2599 1798 2672 (55*)1.

553 2692 698 2758 Quid
729 2693 996 2763 signiﬁcat
1027 2694 1163 2747 illud
1199 2709 1217 2747 :
1259 2711 1278 2743 ι
1323 2692 1423 2746 Hic
1457 2694 1605 2762 jacet
1644 2695 1697 2746 in
1723 2694 1936 2747 ruinam
1988 2705 2035 2749 et
2073 2711 2154 2748 re-

624 2766 1033 2836 surrectionem,
1073 2764 1366 2836 multorum
1417 2765 1470 2817 in
1515 2764 1710 2830 Israel,
1753 2775 1802 2818 ct
1831 2767 1886 2819 in
1941 2767 2154 2836 signum

626 2834 714 2887 cui
737 2834 1167 2890 contradicitur?
1210 2854 1228 2886 ι

2182 1804 2229 1862 Β

2252 539 2439 592 λοιπὸν
2475 539 2568 591 ἐπὶ
2591 539 2691 608 τὴν
2722 537 2976 607 εὐλογίαν
3025 538 3134 592 τῶν
3187 539 3573 608 ἀναγαγόντων
3607 541 3668 594 τὸ
3721 542 3858 614 βρέο

2255 649 2374 701 φος.
2411 627 2545 685 Εἶτα
2588 631 2802 684 ἐκεῖθεν
2834 631 2972 702 πρὸς
3005 633 3173 702 μόνην
3201 632 3300 702 τὴν
3335 633 3550 704 μητέρα
3579 635 3860 707 ἀποστρέ-

2256 744 2345 794 φει
2378 726 2493 797 (56)
2551 725 2643 778 τὸν
2666 725 2847 794 λόγον.
2905 744 2924 776 ι
2957 726 3067 779 Καὶ
3128 725 3428 797 εὐλόγησεν
3478 726 3590 799 γὰρ
3655 729 3861 794 αὐτοὺς

2256 817 2504 889 Συμεὼν,
2543 819 2638 871 καὶ
2667 813 2789 872 εἷπε
2808 817 2946 889 πρὸς
2973 819 3208 889 Μαριὰμ
3232 819 3330 890 τὴν
3362 821 3578 891 μητέρα
3601 822 3792 878 αὐτοῦ.
3829 844 3850 876 ι

2253 909 2399 978 Πρὸς
2426 909 2683 980 Μαριὰμ,
2721 909 2877 980 φησὶ,
2905 910 3003 980 τὴν
3056 911 3291 981 μητέρα,
3318 912 3439 983 οὐχὶ
3463 914 3602 984 πρὸς
3651 915 3858 986 Ἰωσὴφ

2253 1001 2346 1055 τὸν
2381 1003 2592 1074 πατέρα
2631 1001 2818 1056 αὐτοῦ.
2869 1003 3034 1056 Ἀλλὰ
3058 1003 3160 1074 τῆς
3193 1004 3293 1075 μὲν
3329 1006 3587 1075 εὐλογίας
3649 1009 3860 1079 ἀμφοῖν

2257 1094 2606 1166 μεταδίδωσι.
2636 1094 2747 1166 Τὴν
2767 1095 2826 1148 δὲ
2852 1095 3160 1167 πρόσρησιν
3215 1096 3325 1149 τῶν
3385 1099 3857 1172 ἀπορῤητοτέρων

2254 1190 2321 1258 τῇ
2358 1188 2526 1259 μητρὶ
2565 1188 2834 1259 προσάγει
2895 1189 3053 1262 μόνῃ,
3108 1188 3194 1242 ἵνα
3244 1189 3332 1242 διὰ
3377 1191 3475 1259 μὲν
3531 1193 3633 1262 τῆς
3666 1195 3859 1265 κοινῆς

2263 1279 2514 1348 εὐλογίας
2538 1278 2635 1333 τοῦ
2673 1279 2953 1350 σχήματος
3002 1280 3110 1334 τῶν
3156 1282 3497 1351 γεννητόρων
3537 1284 3610 1353 μὴ
3653 1284 3860 1352 ἀπογυ-

2259 1372 2446 1444 μνώσῃ
2483 1372 2573 1426 τὸν
2613 1371 2839 1444 Ἰωσὴφ,
2865 1373 2956 1426 διὰ
2986 1372 3042 1426 δὲ
3073 1373 3182 1427 τῶν
3219 1375 3354 1445 πρὸς
3383 1376 3484 1445 τὴν
3520 1377 3735 1446 μητέρα
3767 1378 3859 1431 λό-

2255 1482 2368 1533 γων
2401 1465 2499 1535 τὴν
2534 1465 2814 1536 Παρθένον
2844 1465 3056 1518 ἐκείνου
3084 1465 3416 1532 διαστείλας,
3453 1468 3554 1536 τὴν
3608 1468 3684 1531 ὡς
3715 1469 3855 1542 ἀλη-

2257 1555 2365 1618 θῶς
2397 1557 2720 1630 ἀνακηρύξῃ
2748 1557 2980 1629 μητέρα.
3017 1553 3150 1611 Εἶτα
3181 1560 3276 1612 καὶ
3301 1559 3352 1612 τί
3385 1560 3852 1634 διαλέγεταιπρὸς

2255 1648 2356 1718 τὴν
2384 1650 2602 1721 μητέρα
2623 1644 2851 1717 ;ιΟὖτος
2874 1654 3053 1704 κεῖται
3081 1652 3160 1715 είς
3189 1652 3404 1704 πτῶσιν
3438 1657 3530 1706 καὶ
3553 1654 3853 1708 ἀνάστασιν

2259 1742 2472 1798 πολλῶν
2497 1744 2555 1797 ὲν
2582 1743 2660 1815 τῷ
2707 1743 2948 1815 Ἰσραὴλ,
2981 1744 3078 1797 καὶ
3099 1746 3179 1808 είς
3214 1748 3442 1816 σημεῖον
3491 1747 3850 1816 ἀντιλεγόμε-

2258 1852 2402 1891 νον.)
2425 1837 2612 1909 Ὁρᾷς,
2645 1839 2794 1900 ὅπως
2815 1839 2944 1909 ὃλην
2965 1837 3061 1891 τοῦ
3089 1837 3390 1910 μυστηρίου
3413 1838 3510 1910 τὴν
3534 1840 3850 1910 οἰκονομίαν

2263 1932 2608 1995 συνοπτικῶς
2643 1933 2780 2001 πρὸς
2805 1930 2905 2002 τὴν
2944 1931 3223 2002 Παρθένον
3278 1933 3563 2002 ἀναφέρει,
3618 1934 3848 2002 κάκείνη

2259 2025 2498 2077 ποιεῖται
2525 2023 2626 2093 τὴν
2667 2023 2858 2077 τούτου
2902 2025 3177 2094 διήγησιν.
3221 2025 3283 2077 El
3308 2023 3365 2077 δέ
3413 2042 3495 2078 σοι
3544 2025 3697 2095 φίλον
3755 2025 3850 2080 καὶ

2256 2116 2397 2188 πρὸς
2416 2116 2485 2171 τά
2510 2115 2783 2172 ἀκόλουθα
2824 2117 3103 2188 μετελθεῖν
3133 2119 3344 2190 ἀνδρῶν
3369 2119 3529 2192 ἱερῶν
3586 2120 3847 2190 σεμνολο-

2254 2210 2479 2281 γήματα
2503 2210 2646 2282 (57),
2680 2210 2895 2266 τελείαν
2936 2229 3021 2266 σοι
3043 2212 3152 2267 τῶν
3186 2213 3540 2286 ζητουμένων
3572 2216 3608 2286 ἡ
3634 2215 3849 2286 ἱστορία

2253 2299 2352 2371 τὴν
2376 2298 2530 2354 λύσιν
2563 2300 3059 2372 ἐπιδαψιλεύσοιτο.

2778 2521 3114 2577 ΕΡΩΤΗΣΙΣ
3171 2521 3336 2579 PNZ'.

2260 2701 2321 2754 Τί
2356 2700 2548 2753 ἐστιν’
2587 2720 2604 2752 ι
2645 2698 2834 2767 Οὗτος
2863 2701 3052 2755 κεῖται
3087 2705 3175 2767 εὶς
3194 2702 3428 2756 πτῶσιν
3443 2703 3547 2755 ’καὶ
3579 2701 3848 2756 ἀνάστα-

2324 2788 2432 2824 σιν
2471 2771 2807 2826 πολλῶνὲν
2840 2773 2920 2838 τῷ
2988 2773 3262 2842 Ἰσραὴλ,
3314 2774 3410 2827 καὶ
3457 2777 3544 2839 εὶς
3593 2773 3839 2842 mulsich

2323 2842 2810 2911 ἀντιλεγόμενον,
2844 2861 2900 2897 κ.
2930 2843 3018 2908 ἐξ.

1118 2949 1376 3000 Editarum
1397 2962 1424 2998 a
1460 2948 1642 3000 Wolfio
1676 2950 1919 3014 vigesima
1946 2949 2002 3012 (ι.
2030 2965 2096 3009 c.,
2130 2966 2179 3016 p.
2216 2955 2444 3007 778-781.
2482 2957 2725 3018 Galland.,
2753 2972 2801 3020 p.
2831 2958 2942 3019 759,
2966 2958 3077 3019 777,
3102 2972 3151 3007 n.
3186 2958 3287 3021 56).

629 3058 903 3126 Quoniam
928 3069 983 3115 et
1013 3059 1361 3130 sequentium
1395 3059 1726 3115 solutionem
1768 3062 1953 3117 statim
1987 3077 2017 3116 a
2059 3077 2156 3117 no-
2183 3081 2227 3138 ο

551 3153 636 3209 his
668 3152 1030 3223 requisivisti,
1089 3168 1211 3206 eam
1266 3152 1384 3219 tibi,
1429 3152 1619 3207 divina
1652 3168 1755 3223 ope
1792 3155 1929 3219 nixi,
1964 3156 2150 3210 itidem

551 3245 1049 3316 suppeditabimus.
1108 3243 1354 3314 Lapsum
1415 3245 1507 3300 hic
1569 3246 1677 3301 illis
1704 3247 1916 3310 tribuit,
1954 3248 2048 3318 qui
2082 3263 2147 3303 ex

549 3337 657 3392 ﬁde
680 3337 734 3391 in
791 3336 946 3391 illum
993 3344 1046 3391 et
1075 3337 1278 3407 pietate
1306 3337 1646 3402 exciderant,
1681 3340 2148 3394 resurrectionem

551 3441 681 3484 vero
705 3427 834 3493 illis,
867 3427 962 3497 qui
995 3425 1368 3494 Servatorem,
1431 3427 1485 3480 in
1546 3443 1713 3483 carne
1765 3440 2148 3500 apparentem,

533 3519 940 3590 agnoscebant.
993 3519 1109 3575 Hoc
1157 3519 1337 3588 ipsum
1404 3519 1575 3576 Isaias
1624 3537 1844 3592 quoque
1894 3537 2151 3592 praenun-

553 3613 729 3674 tiavit,
793 3612 1035 3668 dicens:
1101 3633 1120 3664 ‹
1160 3611 1303 3667 Ecce
1357 3626 1502 3681 pono
1576 3613 1630 3666 in
1696 3610 1830 3668 Sion
1909 3613 2149 3683 lapidem

551 3703 889 3768 offendiculi,
923 3713 978 3758 et
1013 3713 1220 3774 petram
1255 3703 1500 3758 scandali
1535 3713 1629 3759 :et
1660 3706 1865 3770 omnis,
1905 3705 1998 3775 qui
2028 3721 2146 3760 cre-

552 3797 632 3852 dit
660 3797 714 3851 in
743 3796 920 3862 illum,
945 3812 1052 3850 non
1080 3795 1401 3866 pudeﬁct”.
1442 3817 1460 3850 ι
1488 3797 1678 3868 Itaque
1700 3798 1896 3854 cadere
1925 3815 2148 3855 necesse

551 3898 636 3944 est
686 3888 832 3954 illos,
903 3889 998 3959 qui
1055 3904 1168 3943 non
1240 3889 1474 3945 credunt
1520 3891 1575 3946 in
1624 3891 1828 3961 ipsum.
1863 3891 1946 3946 Ab
1971 3892 2146 3946 altera

551 3993 704 4050 parte
735 3980 802 4034 ad
837 3980 1328 4047 resurrectionem,
1366 3983 1554 4037 animo
1583 3982 2002 4047 instituendam,
2029 3999 2146 4039 ma-

551 4073 932 4138 nmlucuntur,
981 4075 1074 4143 qui
1125 4075 1196 4128 ah
1258 4075 1528 4130 idolorum
1559 4077 1706 4131 cultu
1739 4087 1793 4132 et
1819 4078 1966 4144 aliis,
2004 4094 2146 4148 quos

549 4174 706 4219 antea
742 4163 1028 4234 praefracte
1063 4166 1344 4230 tenebant,
1385 4168 1665 4223 erroribus
1696 4168 2068 4224 discedebant.

622 4254 855 4310 Causam
886 4271 1040 4321 vero,
1080 4271 1180 4312 cur
1208 4265 1263 4312 et
1296 4258 1485 4328 lapsus
1517 4266 1573 4313 et
1603 4261 1938 4316 resurrectio
1976 4276 2142 4316 even-

551 4359 675 4404 tura
727 4351 819 4416 sit,
857 4350 1024 4405 simul
1067 4353 1267 4422 aperit.
1303 4352 1579 4418 Quoniam
1626 4355 1774 4409 enim
1821 4357 2145 4413 oeconomiae

2343 3066 2564 3138 Ἐπειδὴ
2593 3065 2823 3119 καὶτῶν
2873 3065 3182 3118 ὑπολοίπων
3216 3064 3314 3134 τὴν
3359 3062 3513 3116 λύσιν
3552 3064 3715 3134 τάχος
3750 3066 3852 3118 ἐπ-

2263 3156 2563 3228 εζήτησας,
2602 3158 2766 3228 ἡμεῖς
2822 3173 2904 3209 σοι
2934 3156 3030 3209 καὶ
3077 3155 3301 3225 ταύτην,
3357 3154 3475 3225 Θεῷ
3503 3155 3846 3222 πεποιθότες,

2261 3249 2591 3319 παρέξομεν.
2619 3248 2832 3301 Πτῶσιν
2865 3247 2965 3318 μὲν
3004 3247 3243 3300 ἐνταῦθα
3271 3248 3380 3300 τῶν
3409 3249 3849 3303 ἐκπεπτωκότων

2259 3341 2360 3412 τῆς
2379 3342 2456 3404 εἰς
2495 3340 2660 3395 αὑτὸν
2692 3341 2932 3403 πίστεως
2964 3341 3056 3394 καὶ
3096 3340 3384 3403 εὐσεϐείας
3411 3340 3584 3409 λέγει,
3613 3341 3844 3396 ἀνάστα-

2261 3450 2346 3486 σιν
2372 3432 2430 3485 δὲ
2447 3431 2556 3485 τῶν
2586 3434 2980 3500 ὲπεγνωκότων
3013 3433 3434 3504 παραγεγονότα
3457 3433 3549 3486 τὸν
3591 3434 3743 3503 Σωτῆ
3754 3451 3847 3504 pst.

2259 3526 2429 3581 Τοῦτο
2461 3527 2556 3580 καὶ
2591 3527 2618 3578 6
2677 3526 2906 3589 Ἡσαΐας
2951 3525 3353 3597 προανεφώνει,
3407 3525 3605 3595 λέγων’
3643 3545 3662 3578 ‹
3717 3526 3849 3580 Ἰδοὺ

2255 3619 2448 3690 τίθημι
2501 3621 2559 3673 ὲν
2587 3618 2729 3673 Σιὼν
2778 3619 2927 3672 λίθον
2971 3619 3423 3691 προσκόμματος,
3488 3619 3583 3672 καὶ
3636 3620 3850 3690 πέτραν

2258 3710 2558 3764 σκανδάλου
2581 3727 2595 3742 ο
2632 3711 2727 3763 καὶ
2750 3711 2858 3772 πᾶς
2897 3713 2926 3763 ὁ
2959 3711 3232 3765 πιστεύων
3267 3711 3354 3765 ἐπ’
3381 3712 3621 3766 αὑτὸνού
3655 3731 3867 3769 καταιο.

2255 3803 2639 3874 σχυνθήσεται.
2679 3821 2696 3855 ›
2735 3803 2998 3855 Πίπτοιεν
3018 3803 3063 3855 δ’
3096 3803 3162 3856 ἂν
3217 3806 3265 3856 οἱ
3295 3805 3370 3874 μὴ
3405 3805 3841 3867 πεπιστευκότες

2253 3893 2333 3956 εἰς
2367 3894 2549 3946 αὐτόν.
2584 3893 2695 3948 Καὶ
2731 3895 2869 3965 πρὸς
2914 3895 3012 3966 τὴν
3065 3897 3123 3948 ὲν
3152 3895 3297 3965 ψυχῇ
3339 3895 3640 3948 ἀνάστασιν
3691 3912 3847 3966 χειρν

2255 3988 2604 4056 αγωγοῦνται
2635 3991 2686 4042 οἱ
2720 3991 2822 4058 τῆς
2851 3989 3158 4061 είδωλικῆς,
3188 3991 3284 4043 καὶ
3314 3990 3414 4058 τῆς
3467 3989 3655 4061 ἄλλης,
3713 3992 3770 4042 ὲν

2253 4081 2605 4154 ἐστηρίξοντο
2635 4081 2922 4154 πρότερον,
2956 4083 3166 4154 πλάνης
3209 4082 3324 4153 (58)
3368 4082 3812 4144 ἐκπεπτωκότες.

2323 4264 2436 4334 Τὴν
2465 4263 2667 4326 αἰτίαν,
2695 4262 2760 4316 δι’
2791 4264 2857 4334 ἢν
2888 4265 2920 4334 ἡ
2952 4263 3180 4329 πτῶσις,
3225 4264 3374 4335 καὶὴ
3408 4263 3704 4327 ἀνάστασις
3747 4264 3844 4316 ἒπ-

2252 4373 2394 4417 εται,
2436 4354 2762 4424 παραδηλοῖ.
2805 4355 2960 4407 Ἐπεὶ
2989 4356 3097 4426 γὰρ
3149 4355 3217 4408 τὰ
3247 4355 3341 4407 ἐπὶ
3374 4355 3473 4424 τῆς
3529 4355 3843 4424 οἰκονομίας

553 4440 811 4510 gratiosa:
866 4442 1282 4509 contradicitur,
1321 4444 1648 4514 mysterium
1685 4445 1792 4500 hoc
1822 4460 1984 4502 omne
2011 4447 2142 4515 illis,

2256 4448 2595 4516 ἀντιλέγεται
2622 4450 2736 4510 τοῖς
2766 4449 2865 4518 μὲν
2915 4449 3392 4520 κατατιθεμένοις,
3453 4451 3749 4513 ἀνάστασις
3785 4447 3844 4502 τὸ

552 4534 645 4602 qui
676 4533 1079 4602 assentiuntur,
1110 4536 1578 4604 resurrectionis;
1635 4539 1747 4593 illis
1775 4553 1926 4601 vero,
1967 4540 2062 4610 qui
2091 4555 2150 4596 se

551 4630 856 4694 opponunt,
916 4623 1105 4695 lapsus
1131 4634 1185 4680 et
1235 4626 1489 4683 interitus
1521 4643 1687 4683 causa
1717 4629 1953 4685 exsistit.
1983 4629 2150 4696 Quae-

554 4731 680 4770 nam
742 4733 872 4772 vero
901 4727 1031 4772 sunt
1065 4718 1180 4784 illa,
1233 4719 1437 4790 quibus
1471 4721 1908 4776 contradicitur?
1937 4721 2146 4777 Resur-

554 4822 742 4882 gentes
770 4812 846 4866 illi
874 4812 1250 4880 crediderunt,
1287 4813 1436 4884 quod
1465 4814 1618 4884 virgo
1646 4815 1878 4885 peperit,
1913 4825 1968 4870 et
1993 4817 2147 4886 virgo

553 4903 798 4959 mansit:
837 4904 912 4957 illi
946 4919 1098 4972 vero,
1124 4906 1218 4975 qui
1251 4905 1307 4958 in
1343 4905 1619 4960 crassiora
1639 4907 1873 4975 cogitata
1901 4907 2146 4978 prolapsi

555 5005 706 5061 sunt,
761 4997 1030 5067 nihilque,
1089 4997 1238 5068 quod
1285 5007 1539 5052 naturam
1575 4998 1953 5066 transcendat,
1983 5014 2149 5055 nosse

553 5091 821 5160 cupiunt,
890 5091 1086 5147 adduci
1171 5106 1282 5146 nou
1364 5102 1596 5161 possunt
1681 5100 1742 5145 ut
1793 5092 2152 5161 proﬁteantur

554 5184 722 5252 quod,
755 5185 848 5253 qui
885 5184 1152 5254 virginem
1202 5183 1467 5251 condidit,
1501 5200 1628 5240 cum
1680 5186 1924 5240 nondum
1981 5193 2149 5248 esset,

554 5277 822 5342 eamdem,
844 5276 956 5346 jam
978 5278 1358 5342 exsistentem,
1397 5277 1664 5349 virginem
1695 5293 1918 5335 servare
1954 5279 2148 5349 possit,

647 5453 691 5487 ⁸³
721 5452 856 5508 Luc.
891 5469 949 5521 ιι,
982 5454 1073 5510 55.
1149 5451 1197 5486 ⁸³
1240 5453 1374 5509 ibid.
1405 5454 1497 5510 54.
1578 5454 1621 5486 ⁸³
1654 5455 1766 5510 lsa.
1795 5471 1913 5520 vm,
1951 5456 2034 5510 Η.

2258 4541 2557 4618 μυστήριον
2573 4539 2806 4607 γίνεται,
2839 4543 2952 4605 τοῖς
2982 4541 3037 4594 δὲ
3069 4542 3596 4614 ἀντιφθεγγομένοις
3633 4543 3841 4605 πτῶσις

2256 4615 2647 4685 καὶνάπώλεια.
2684 4631 2820 4686 Τίνα
2848 4632 2906 4686 δέ
2936 4635 3051 4687 ἐστι
3082 4635 3150 4688 τὰ
3176 4635 3600 4707 ἀντιλεγόμενα;
3629 4637 3693 4690 Oi
3747 4637 3842 4707 μὲν

2255 4720 2592 4784 ἀναστάντες
2617 4723 3072 4788 πεπιστεύκασιν,
3120 4726 3203 4778 ὅτι
3226 4726 3504 4796 Παρθένος
3532 4726 3718 4781 ἔτεκεν
3749 4728 3844 4782 καὶ

2253 4813 2531 4895 Παρθένος
2564 4814 2781 4886 ἔμεινεν
2809 4830 2824 4847 '
2857 4819 2908 4871 οι
2935 4817 2994 4870 δὲ
3025 4820 3426 4881 καταπεσόντες
3458 4823 3537 4884 είς
3571 4822 3698 4884 τοὺς
3731 4821 3845 4874 ὑλιο

2253 4905 2384 4969 κοὺς
2414 4905 2732 4976 λογισμοὺς,
2768 4907 2865 4960 καὶ
2889 4908 3044 4963 οὐδὲν
3100 4911 3211 4964 τῶν
3262 4911 3402 4982 ὑπὲρ
3433 4913 3599 4980 φύσιν
3644 4914 3842 4967 εἰδέναι

2253 4997 2523 5064 θέλοντες,
2558 4999 2617 5053 ού
2648 4999 2930 5054 πείθονται
2987 5001 3396 5073 συνομολογεῖν,
3425 5005 3503 5068 ὡς
3556 5006 3582 5058 δ
3635 5006 3843 5069 πλάσας

2256 5088 2380 5159 μηδ’
2420 5088 2557 5152 ὅλως
2583 5082 2751 5142 οὖσαν
2787 5090 3084 5162 Παρθένον,
3133 5093 3357 5148 δύναται
3391 5094 3484 5148 καὶ
3535 5096 3843 5148 ύποστᾶσαν

2254 5181 2532 5253 Παρθένον
2566 5184 2882 5252 φυλάττειν,
2939 5184 3178 5255 μάλιστά
3231 5186 3434 5258 γε.τὴν
3491 5188 3748 5258 γέννησιν
3795 5189 3844 5241 εἰ

2255 5276 2420 5340 αὐτὸς
2451 5279 2479 5332 ὁ
2512 5277 2726 5341 πλάσας
2779 5278 3096 5350 ἀναδέχοιτο
3121 5294 3136 5309 ο
3172 5279 3512 5349 ἀντιλέγοιτο
3545 5281 3591 5334 δ’
3616 5280 3682 5334 ἂν
3736 5280 3846 5334 τῶν

2078 5574 2316 5633 NOT/E.

563 5661 762 5788 di551")
803 5660 1074 5787 giniirum
1129 5665 1182 5721 in
1221 5665 1389 5722 Taur.
1451 5671 1567 5725 hrec
1621 5670 1856 5741 quaestio
1904 5673 1960 5724 in
2007 5669 2148 5726 duas

601 5749 703 5786 IVIS
770 5748 799 5784 (ἓ
859 5773 872 5786 .

601 5748 736 5786 ινιδα
770 5748 872 5786 CSl.

633 5801 744 5872 (56;
779 5801 891 5858 lluc
925 5804 1224 5863 Colbertim
1264 5809 1444 5864 malim
1480 5826 1578 5880 pro
1619 5811 1711 5866 illo
1749 5810 1976 5868 alterius
2006 5812 2139 5868 ἁνα-

2368 5675 2389 5713 ἐ

2368 5690 2389 5713 ε

2261 5690 2949 5814 στῗῖξὲρῗιὲεμνολογήματα
2988 5745 3170 5800 scribo
3219 5760 3316 5812 pro
3364 5745 3774 5814 σεμνολόγημα.

2329 5818 2438 5886 (ε’)ὃ)
2481 5818 2663 5869 (Iudex
2699 5817 2859 5870 habet
2897 5817 2971 5888 μὴ
3000 5819 3061 5870 ἐκ
3089 5817 3558 5871 ἰιιεωιιι·ιίιὶι·ιιῐυι·.
