4110 6430
346 368 446 430 8‘29

1295 361 1392 420 AD
1424 355 2023 420 AMPHILOCHIUM
2051 353 2399 426 QU-‘ESTIO
2447 353 2671 414 CLVII.

3519 355 3624 418 83f)

345 477 472 549 περὶ
503 473 817 545 οἰκονομίαν
850 475 944 527 καὶ
971 471 1104 528 ἄλλα
1130 473 1334 542 σημεῖα
1358 489 1371 501 ·
1408 466 1520 523 οἷον
1540 471 1647 523 τῶν
1679 470 1776 540 μὲν
1800 471 1930 522 ἁνα-

2046 463 2289 534 nprimis
2331 463 2424 517 ubi
2449 463 2711 518 Conditor
2741 464 2857 530 ipse
2885 463 3152 519 nascitur.
3182 463 3321 520 Sunt
3353 474 3530 520 tamen
3569 482 3623 524 et

347 571 586 624 στάντων
609 557 741 620 Θεὸν
763 565 978 637 ἀληθῶς
1007 566 1100 618 καὶ
1130 565 1420 634 ἄνθρωπον
1450 565 1542 617 τὸν
1591 562 1928 633 γεγεννημέ-

345 679 432 716 νον
464 661 744 731 ὑπερφυὲς
769 658 1112 728 ποιουμένων
1148 656 1399 727 μάθημα.
1433 655 1555 708 Τῶν
1581 655 1638 707 δέ
1673 654 1807 724 πρὸς
1829 653 1930 723 τὴν

344 752 694 824 ἀνθρωπίνην
728 750 1016 804 ἀσθένειαν
1062 748 1462 819 ἀναφορώντων
1508 748 1622 819 (59)
1657 748 1751 801 καὶ
1805 746 1930 818 μηδ’

345 847 478 908 ὅλως
501 844 709 914 ταύτης
730 844 844 913 (60)
877 841 1210 913 ὑψηλότερον
1227 842 1536 914 ἐπαρθῆναι
1563 841 1926 912 βουλομένων,

343 939 402 991 τὸ
434 937 511 1008 μὴ
547 937 932 1008 συνομολογεῖν
961 935 1054 988 τὸν
1075 933 1239 988 αὑτὸν
1265 935 1400 989 Θεόν
1430 952 1490 989 τε
1511 929 1673 1001 εἶναι,
1705 934 1800 988 καὶ
1832 934 1932 989 ἇν-

345 1029 583 1098 θρωπον.

412 1200 594 1255 Πολλὰ
622 1200 676 1254 δὲ
706 1199 801 1254 καὶ
829 1199 965 1254 ἄλλα
996 1202 1199 1271 σημεῖα
1227 1200 1326 1268 τῆς
1359 1199 1641 1270 ἀφράστου
1673 1199 1769 1253 τοῦ
1816 1200 1930 1252 Σω-

343 1297 511 1365 τῆρος
537 1294 840 1364 ἐπιδημίας
871 1295 946 1357 εἰς
981 1294 1296 1362 ἀντιλογίαν
1345 1294 1584 1364 κατέστη
1603 1311 1616 1324 ο
1642 1293 1931 1358 διεξελθὼν

341 1387 396 1439 δέ
430 1386 568 1457 πρὸς
597 1387 697 1457 τὴν
732 1387 1010 1456 Παρθένον
1041 1389 1068 1439 ὁ
1101 1387 1241 1456 ἱερὸς
1271 1386 1500 1456 Συμεὼν
1539 1389 1606 1440 τά
1636 1387 1927 1458 εἰρημένα,

343 1479 696 1544 ἁκροτελευτὶ
716 1479 902 1541 αὐτοῖς
930 1478 1239 1547 ἐπιτίθησιν
1260 1478 1354 1531 καὶ
1377 1478 1436 1532 τὸ
1459 1478 1629 1548 αὐτῆς
1654 1480 1752 1549 τῆς
1783 1481 1934 1550 Παρ-

345 1568 499 1621 θένου
529 1568 587 1632 ἐξ
606 1568 901 1639 ἀχθηδόνος
927 1567 1124 1632 πάθος,
1179 1568 1273 1620 καί
1309 1586 1508 1639 φησιν·
1545 1588 1563 1619 ι
1596 1570 1704 1623 Καὶ
1741 1571 1834 1622 σοῦ
1876 1571 1933 1623 δέ

346 1661 518 1730 αὐτῆς
541 1661 640 1732 τὴν
657 1660 834 1731 ψυχὴν
859 1661 1193 1714 διελεύσεται
1227 1661 1494 1731 ῥομφαία,
1524 1662 1670 1723 ὅπως
1703 1663 1768 1715 ἂν
1801 1663 1936 1716 ἀπο-

344 1753 698 1821 καλυφθῶσιν
729 1755 794 1806 ἐκ
831 1753 1043 1805 πολλῶν
1083 1753 1323 1824 καρδιῶν
1351 1753 1714 1824 διαλογισμοί.
1749 1773 1767 1806 ι
1831 1754 1931 1808 Σοῦ

2039 556 2144 610 alia
2172 555 2317 609 circa
2349 555 2716 609 teconomiam
2750 555 3046 609 salutarem
3096 555 3387 622 miracula,
3421 560 3623 628 quibus

2039 647 2341 701 contradici
2377 646 2570 715 possit.
2607 645 2738 725 'l‘ale
2787 657 2888 711 est,
2939 648 3082 718 quod
3129 662 3483 719 resurgentes
3524 667 3622 718 pro

2036 737 2288 792 doctrina
2334 736 2739 806 supernaturali
2796 737 3024 802 habent,
3071 745 3257 792 natum
3318 738 3469 792 illum
3501 752 3625 794 vere

2038 829 2211 884 Deum
2241 841 2296 884 et
2332 828 2612 882 hominem
2676 844 2837 895 esse;
2893 838 3084 884 contra
3118 844 3247 884 vero
3277 829 3374 895 illi,
3403 830 3494 899 qui
3525 831 3626 883 hu-

2038 936 2258 975 manam
2311 929 2522 974 tantum
2557 920 2932 974 infirmitatem
2997 920 3321 990 respiciunt,
3374 929 3430 975 et
3456 936 3622 990 supra

2037 1029 2157 1068 eam
2195 1014 2350 1068 evehi
2386 1030 2611 1083 prorsus
2635 1015 2845 1080 nolunt,
2879 1015 3128 1070 eumdem
3157 1023 3211 1069 et
3245 1014 3417 1070 Deum
3449 1023 3502 1068 et
3526 1015 3626 1068 ho-

2039 1105 2240 1160 minem
2275 1120 2398 1161 esse
2425 1105 2760 1160 inliciautur.

2111 1196 2315 1250 Praeter
2351 1197 2466 1250 haec
2500 1212 2627 1252 vero
2648 1209 2701 1251 et
2724 1197 2828 1251 alia
2861 1197 3013 1267 plura
3045 1197 3336 1254 inell'abilis
3368 1193 3622 1253 Servato-

2042 1289 2117 1343 ris
2153 1290 2420 1343 adventus
2469 1289 2624 1359 signa
2681 1290 3102 1345 contradictioni
3155 1291 3393 1344 obnoxia
3444 1300 3622 1344 erant.

2042 1382 2278 1437 Sanetus
2310 1398 2440 1436 vero
2473 1382 2730 1454 Symcon,
2758 1384 2900 1438 diota
2937 1386 3052 1439 haec
3074 1383 3285 1455 Virgini
3320 1400 3624 1454 exponens,

2041 1475 2235 1528 ultimo
2273 1474 2392 1528 loco
2439 1474 2611 1544 ipsius
2657 1473 2897 1544 Virginis
2949 1477 3195 1531 dolorem
3241 1487 3296 1532 et
3348 1477 3625 1531 tristitiam

2041 1568 2311 1637 adjungit,
2331 1566 2518 1621 dicens
2546 1585 2559 1620 :
2597 1586 2614 1617 ι
2641 1565 2709 1620 Et
2750 1576 2895 1621 tuam
2923 1583 3144 1638 quoque
3173 1570 3347 1638 ipsius
3381 1570 3625 1624 animam

2041 1660 2254 1729 gladius
2296 1658 2572 1723 transibit,
2605 1667 2664 1712 ut
2698 1675 2762 1712 ex
2796 1659 3090 1713 multorum
3121 1661 3378 1715 cordibus
3417 1661 3626 1732 cogita-

2044 1754 2219 1808 tiones
2259 1753 2669 1822 detrgantur“.
2706 1771 2724 1804 ι
2762 1752 2935 1806 Tuam
2978 1754 3149 1823 ipsius
3175 1795 3190 1819 ,
3231 1755 3447 1824 inquit,
3504 1771 3627 1825 qua:

345 1848 539 1916 αὐτῆς,
572 1840 684 1899 οἷον
717 1847 816 1917 τῆς
840 1847 1018 1900 πάντα
1065 1846 1310 1916 ἀκριϐῶς
1372 1847 1440 1900 τά
1475 1847 1569 1900 τοῦ
1629 1848 1931 1920 μυστηρίου

2046 1845 2224 1900 omnia
2281 1845 2525 1916 mysterii
2586 1844 2752 1915 hujus
2806 1845 2982 1915 capita
3043 1856 3299 1901 accurate
3345 1859 3626 1916 perspecta

346 1937 892 2007 ἐξακριϐωσαμένης,
913 1937 1034 1990 οὐδέ
1060 1954 1155 1990 σου
1184 1936 1432 2005 φείσεται
1461 1937 1571 2009 (61)
1610 1939 1671 1990 τὸ
1699 1939 1808 1992 ἀπὸ
1839 1939 1934 1992 λύ-

347 2046 456 2098 πης
489 2029 660 2091 πάθος
687 2045 700 2061 ·
740 2031 832 2084 καὶ
864 2032 972 2100 γὰρ
1018 2029 1094 2091 ὼς
1138 2028 1398 2098 ἁσπόρως
1434 2030 1746 2095 συνέλαϐεν,
1781 2032 1876 2084 καὶ
1907 2034 1935 2085 ὁ

344 2122 508 2184 τόκος
538 2121 778 2192 ἄσπορος
806 2121 1050 2190 γέγονεν,
1084 2121 1179 2174 καὶ
1219 2121 1252 2191 ἡ
1285 2119 1484 2191 κύησις
1509 2122 1786 2188 ἀνώδινος,
1839 2126 1936 2178 καὶ

344 2217 414 2266 τά
434 2214 532 2267 τοῦ
569 2213 811 2286 Γαϐριὴλ
837 2213 1157 2283 εὐαγγέλια,
1191 2212 1298 2266 τῶν
1338 2214 1615 2285 ποιμένων
1647 2218 1716 2269 τὰ
1740 2217 1938 2288 διηγή-

351 2325 519 2378 ματα,
553 2308 649 2361 καὶ
675 2309 742 2362 τά
772 2308 943 2379 μυρία
983 2308 1118 2363 ἄλλα
1155 2307 1262 2360 τῶν
1310 2309 1607 2379 θαυμάτων
1635 2311 1731 2363 καὶ
1783 2309 1936 2376 ἐξαί-

351 2415 504 2469 ρετα,
542 2399 716 2463 οὐδεὶς
767 2401 833 2454 ἄν
864 2417 958 2454 σου
1015 2403 1216 2472 μᾶλλον
1250 2404 1614 2474 ἐπιστάμενος
1660 2403 1747 2474 εἴη
1772 2420 1786 2435 ⁸
1821 2400 1937 2458 ἀλλ’

348 2492 409 2545 ού
441 2493 603 2563 μόνον
631 2491 808 2546 ταῦτα
839 2494 1090 2562 λέγουσιν
1131 2495 1268 2566 (62),
1321 2497 1371 2552 οἱ
1409 2498 1510 2568 τῆς
1558 2498 1769 2568 πλάνης
1805 2497 1937 2567 ἐρα-

350 2586 479 2639 σταὶ
501 2589 596 2640 καὶ
622 2587 721 2657 τῆς
752 2587 1014 2658 ἀληθείας
1044 2591 1364 2662 κατήγοροι,
1392 2590 1530 2644 ἀλλὰ
1572 2589 1670 2644 καὶ
1705 2587 1939 2658 σεαυτὴν

349 2676 444 2729 ἐπί
473 2693 531 2728 τε
562 2679 626 2748 τῇ
690 2676 952 2748 συλλήψει
1007 2679 1100 2732 καὶ
1137 2679 1282 2750 τόκῳ
1331 2680 1833 2750 συκοφαντήσουσιν
1855 2695 1867 2708 °
1904 2678 1937 2749 ἡ

352 2766 693 2834 συκοφαντία
728 2767 1005 2838 ῥομφαίας
1056 2769 1158 2821 οὐκ
1191 2769 1410 2823 ἔλαττον
1459 2769 1558 2840 τὴν
1617 2769 1714 2838 σὴν
1762 2767 1940 2839 ψυχὴν

350 2856 627 2912 δάκνουσα
662 2875 721 2911 τε
757 2860 850 2912 καὶ
880 2861 1402 2930 κατατιτρώσκουσα
1428 2859 1760 2913 διελεύσεται
1787 2876 1801 2889 °
1825 2859 1941 2913 ἀλλ’

351 2951 574 3005 ἐπειδάν
602 2969 662 3004 σε
690 2953 898 3016 τούτοις
939 2954 1266 3023 ἐνυϐρίσωσι
1299 2954 1432 3023 (65),
1487 2953 1611 3006 τότε
1648 2953 1848 3022 μᾶλλον
1879 2954 1944 3006 ἐκ

351 3043 567 3097 πολλῶν
593 3043 830 3114 καρδιῶν
880 3045 1429 3114 ἁποκαλυφθήσονται
1459 3047 1554 3098 καὶ
1590 3044 1942 3116 διαλυθήσον-

350 3153 445 3190 ται
481 3135 846 3203 διαλογισμοί.
893 3135 1015 3196 Πῶς
1039 3136 1124 3204 δὴ,
1151 3137 1246 3188 καὶ
1264 3135 1385 3188 τίνα
1410 3136 1648 3206 τρόπονς
1695 3135 1804 3190 τῶν
1843 3136 1941 3206 μὲν

354 3225 718 3294 συκοφαντῶν
743 3227 843 3278 οὐκ
875 3226 1191 3280 ἐνδιδόντων
1215 3228 1332 3288 ταῖς
1369 3227 1782 3294 συκοφαντίαις,
1830 3227 1938 3281 τῶν

350 3318 410 3370 δὲ
445 3319 966 3388 συκοφαντουμένων
996 3318 1088 3370 ἐπὶ
1119 3318 1219 3390 τὴν
1243 3317 1479 3371 παλαιὰν
1499 3317 1593 3371 τοῦ
1616 3318 1781 3387 νόμου
1837 3334 1940 3371 κα-

351 3411 742 3480 ταφευγόντων
769 3410 1039 3482 διάκρισίν
1065 3429 1122 3463 τε
1160 3412 1255 3464 καὶ
1282 3412 1484 3480 κρίσιν.
1549 3412 1646 3476 Τίς
1703 3413 1759 3466 δὲ
1803 3411 1942 3484 αὕτη

355 3504 506 3555 ἐστὶν
533 3503 565 3574 ἢ
590 3503 725 3574 ἠδιά
759 3503 853 3556 τοῦ
884 3503 1071 3567 ὓδατος
1102 3505 1198 3572 τῆς
1222 3504 1487 3572 ἐλέγξεως
1515 3505 1811 3575 γινομένη;
1848 3505 1944 3558 κα)¹

357 3594 468 3665 γὰρ
490 3595 646 3662 λόγος
670 3595 1012 3665 διεφοίτησεν
1040 3594 1290 3659 παλαιὸς,
1322 3596 1397 3659 ὡς
1430 3598 1946 3667 συκοφαντουμένης

358 3689 459 3759 τῆς
477 3689 842 3758 ἁειπαρθένου
875 3690 1096 3760 Μαρίας
1125 3690 1384 3760 ἠνέσχετο
1416 3693 1723 3760 παρασχεῖν
1745 3689 1946 3760 ἑαυτὴν

358 3785 426 3852 τῇ
451 3783 631 3851 κρίσει
658 3781 751 3834 τοῦ
799 3781 1012 3845 ὕδατος,
1052 3783 1145 3834 καὶ
1199 3781 1259 3834 τὸ
1315 3781 1558 3851 καθαρὸν
1614 3781 1787 3851 αὐτῆς
1849 3781 1946 3835 καὶ

361 3876 594 3929 ἄσπιλον
618 3874 891 3946 λαμπρῶς
940 3873 1376 3941 ἐπιδειξαμένου,
1410 3873 1502 3925 καὶ
1542 3873 1943 3942 ἀποφήναντος,

363 3967 596 4040 αἰσχύνῃ
619 3967 716 4038 μὲν
741 3966 1102 4035 δοθῆναιτοὺς
1141 3963 1485 4031 συκοφάντας
1518 3978 1533 3994 ⁶
1560 3963 1688 4026 τοὺς
1721 3963 1778 4015 δὲ
1815 3965 1947 4034 πρὶν

362 4059 721 4122 διστάζοντας
745 4057 845 4128 τὴν
881 4054 1214 4126 παρθενείαν
1244 4055 1337 4106 καὶ
1381 4053 1474 4106 τὸν
1504 4052 1740 4122 ἄφθορον
1790 4052 1948 4105 τόκον

363 4154 785 4224 ἀναντιρρήτοις
814 4149 1144 4221 μαρτυρίαις
1165 4146 1549 4217 βεϐαιωθῆναί,
1576 4146 1668 4198 καὶ
1685 4144 1783 4216 τὴν
1801 4148 1951 4215 Παρ-

366 4246 520 4300 θένον
547 4243 930 4313 ἀπαλλαγῆναι
960 4241 1059 4311 τῆς
1085 4240 1181 4293 ἐπ)⁴
1210 4241 1276 4310 τῇ
1308 4238 1646 4309 συκοφαντίᾳ
1678 4238 1774 4291 καὶ
1829 4238 1950 4298 ταῖς

365 4338 643 4401 διαϐολαῖς
683 4335 986 4406 δυσθυμίας
1015 4333 1128 4403 (64)
1153 4350 1212 4386 τε
1237 4333 1331 4386 καὶ
1349 4332 1527 4401 λύπης
1548 4330 1647 4383 "to
1700 4329 1949 4400 μέντοιγε

365 4429 466 4498 τῆς
501 4427 766 4495 ἐλέγξεως
789 4425 934 4497 ὕδωρ
993 4423 1204 4496 ἱστορίᾳ
1251 4421 1669 4493 παρειλήφαμεν
1696 4419 1827 4492 περὶ
1889 4422 1951 4473 τὸ

2041 1937 2229 2001 habes,
2253 1938 2356 1993 hoc
2383 1947 2489 2003 est,
2515 1937 2606 1993 tibi
2627 1937 2726 2008 ipsi
2759 1954 2866 1992 non
2897 1949 3082 2008 parcet
3113 1939 3348 1995 tristitiae
3375 1939 3624 1995 affectus.

2040 2031 2194 2097 Quod
2228 2033 2374 2086 enim
2423 2033 2542 2088 sine
2589 2032 2801 2088 semine
2831 2033 3150 2103 conceperis
3180 2074 3194 2098 ,
3229 2032 3480 2104 fetusque
3507 2034 3626 2088 sine

2039 2126 2249 2179 semine
2287 2124 2555 2181 formatus
2589 2129 2679 2192 sit,
2714 2127 2968 2195 quodque
3011 2126 3131 2181 sine
3177 2126 3365 2180 dolore
3411 2134 3625 2181 uterum

2041 2215 2307 2286 gestaris;
2365 2231 2484 2285 quae
2534 2230 2700 2284 porro
2738 2215 2958 2271 Gabriel
2991 2217 3111 2271 laeta
3158 2217 3462 2284 nuntiarit;
3504 2233 3628 2286 quae

2040 2313 2293 2376 pastores
2329 2305 2639 2373 retulerim,
2676 2322 2910 2378 qumque
2949 2307 3054 2362 alia
3104 2309 3244 2363 mira
3291 2317 3344 2363 et
3387 2309 3626 2379 insignia

2041 2397 2394 2467 contigerint,
2429 2413 2591 2452 nemo
2621 2407 2671 2453 te
2704 2399 2911 2454 rectius
2952 2400 3186 2455 noverit.
3233 2398 3342 2456 Sed
3384 2401 3474 2455 illa
3506 2415 3626 2454 om-

2042 2490 2134 2545 nia
2169 2489 2375 2546 erroris
2425 2501 2674 2547 amantes
2733 2503 2788 2546 et
2843 2492 3089 2547 veritatis
3150 2492 3452 2548 adversarii
3514 2507 3625 2546 non

2041 2585 2219 2642 solum
2257 2601 2366 2642 non
2405 2586 2828 2657 profitebuntur,
2873 2587 2966 2641 sed
3004 2596 3059 2642 et
3091 2595 3143 2642 te
3178 2588 3352 2658 ipsam
3381 2602 3446 2641 ex
3491 2601 3626 2641 con-

2041 2680 2291 2748 ceptione
2341 2690 2395 2736 et
2443 2688 2601 2752 partu
2626 2678 3151 2750 calumniabuntyr:
3189 2687 3352 2749 atque
3388 2678 3502 2733 haec
3538 2692 3629 2732 ca-

2043 2774 2252 2829 lumnia
2277 2815 2292 2840 ,
2326 2791 2435 2830 non
2472 2774 2654 2828 minus
2694 2787 2858 2842 quam
2887 2773 3102 2843 gladius
3125 2815 3141 2839 ,
3187 2773 3431 2827 animum
3473 2780 3628 2826 tuum

2047 2869 2306 2922 mordens
2341 2876 2390 2921 et
2422 2867 2717 2921 vulnerans
2746 2865 3027 2920 transibit.
3052 2863 3285 2930 Quando
3309 2879 3438 2919 vero
3464 2863 3548 2919 his
3578 2874 3630 2917 te

2047 2958 2270 3027 injuriis
2300 2958 2554 3022 allicient,
2593 2965 2725 3012 tunc
2753 2956 2972 3027 quidem
3003 2957 3364 3028 cogitationes
3389 2971 3456 3010 ex
3487 2957 3634 3009 mul-

2048 3057 2228 3104 torum
2255 3049 2514 3103 cordibus
2546 3049 2872 3117 detegentur
2899 3058 2953 3103 et
2977 3049 3310 3118 aperientur.
3346 3045 3632 3113 Quomodo

2049 3153 2180 3192 vero
2203 3180 2217 3204 ,
2248 3147 2300 3192 et
2335 3154 2442 3207 qua
2475 3138 2726 3192 ratione?
2769 3139 3209 3192 Calumniatores
3259 3138 3468 3192 scilicet
3521 3152 3630 3191 non

2044 3230 2400 3285 desistentab
2432 3229 2688 3298 injuriis;
2723 3230 2799 3282 illi
2831 3244 2979 3292 vero,
3010 3230 3104 3298 qui
3133 3228 3408 3283 calumnia
3434 3243 3632 3283 onera-

2045 3319 2289 3384 buntur,
2325 3319 2392 3372 ad
2432 3318 2791 3372 constitutum
2839 3317 2970 3371 olim
3014 3333 3108 3388 per
3143 3317 3315 3386 legem
3361 3317 3629 3386 judicium

2045 3419 2100 3464 et
2135 3409 2568 3478 explorationem
2628 3407 2972 3478 confugient.
3025 3407 3156 3472 Quae
3206 3421 3336 3461 vero
3387 3407 3477 3460 illa
3523 3407 3632 3462 alia

2046 3516 2170 3556 esse
2200 3500 2395 3570 possit,
2439 3515 2603 3569 quam
2636 3515 2760 3568 quae
2801 3514 2897 3569 per
2949 3514 3148 3568 aquam
3210 3498 3631 3567 exploratricem

2049 3593 2393 3648 instituitur?
2421 3589 2584 3647 Vetus
2616 3593 2761 3646 enim
2794 3591 3363 3660 percrebuittraditio,
3406 3590 3630 3644 Mariam

2049 3697 2265 3753 semper
2283 3684 2570 3754 virginem,
2603 3683 2882 3738 calumnia
2910 3682 3001 3735 illa
3033 3689 3338 3747 oneratam,
3360 3696 3418 3736 se
3458 3682 3634 3751 ipsam

2050 3776 2419 3846 explorationi
2482 3790 2579 3845 per
2630 3790 2828 3845 aquam
2877 3774 3203 3844 subjecisse,
3262 3789 3385 3842 qua:
3440 3789 3635 3842 puram

2051 3885 2207 3924 suam
2248 3878 2303 3924 et
2349 3868 2760 3923 immaculatam
2791 3867 3176 3937 graviditatem
3211 3867 3516 3922 clarissime
3544 3867 3638 3920 de-

2052 3960 2377 4015 monstravit
2401 3970 2454 4013 et
2487 3957 2835 4014 manifestam
2860 3957 3053 4012 fecerit
3081 3975 3095 4010 :
3129 3972 3239 4026 quo
3266 3956 3412 4012 facto
3435 3957 3640 4012 calum-

2052 4051 2270 4103 niantes
2293 4049 2512 4117 quidem
2555 4047 2763 4116 pudore
2792 4047 2905 4100 sint
2936 4046 3151 4110 suffusi,
3209 4047 3287 4099 illi
3314 4061 3442 4100 vero
3462 4087 3478 4111 ,
3540 4049 3636 4116 qui

2053 4142 2121 4196 de
2145 4141 2458 4210 virginitate
2483 4140 2602 4209 ejus
2627 4149 2679 4194 et
2719 4149 2878 4208 partu
2911 4138 3258 4192 immaculato
3291 4147 3451 4191 antea
3478 4139 3640 4192 dulii-

2056 4234 2242 4297 tarint,
2273 4232 2614 4302 argumentis
2649 4229 2971 4299 exceptione
3023 4228 3344 4296 majoribus,
3400 4229 3638 4284 convicti

2054 4328 2185 4389 sint,
2226 4324 2445 4393 Virgine
2477 4324 2695 4377 interim
2727 4323 2795 4376 ab
2821 4321 3150 4391 aegritudine
3183 4337 3282 4377 sua
3311 4330 3365 4376 et
3396 4321 3634 4387 triSIitia,

2055 4434 2120 4474 ex
2140 4417 2415 4473 calumnia
2435 4415 2522 4468 illa
2540 4422 2593 4469 et
2620 4413 2888 4468 conviciis
2902 4413 3119 4479 oborta,
3137 4414 3358 4484 penitus
3382 4415 3636 4468 liberata.

368 4519 542 4590 Γαϐὴ,
575 4518 1009 4572 Παλαιστιναίων
1041 4514 1176 4569 δὲτὸ
1196 4515 1343 4585 ὅρος,
1387 4513 1486 4576 τὰς
1525 4514 1706 4583 πηγὰς
1761 4511 1940 4566 ἀναδι-

2053 4510 2133 4565 Ex
2151 4511 2383 4565 historia
2405 4508 2550 4563 enim
2571 4506 2908 4577 accepimus,
2932 4522 3131 4575 aquam
3153 4507 3296 4560 illam
3317 4507 3639 4576 exploratri-

368 4614 538 4679 δόναι,
563 4610 591 4664 ὃ
607 4610 890 4682 κριτήριον
907 4608 1004 4662 καὶ
1024 4609 1052 4660 ὁ
1078 4606 1307 4668 παλαιὸς
1325 4606 1615 4658 ἐπίσταται
1632 4605 1792 4675 νόμος
1815 4602 1950 4675 (65),

370 4706 480 4759 τῶν
496 4721 557 4758 τε
580 4703 678 4774 τὴν
698 4700 1052 4772 σωφροσύνην
1074 4698 1134 4752 ού
1158 4697 1627 4769 διαφθειρομένων
1653 4696 1950 4764 γυναικῶν,

372 4799 470 4855 καὶ
497 4798 606 4852 τῶν
637 4796 946 4865 ἀλλοτρίαις
967 4792 1207 4862 ὁμιλίαις
1228 4792 1326 4863 τὴν
1353 4791 1516 4860 νηδὺν
1536 4790 1951 4861 ἐνυϐριζόντων.

385 4889 552 4943 Ἀλλά
576 4888 736 4942 τοῦτο
759 4888 856 4958 μέν
888 4885 1016 4949 ἴσως
1044 4885 1362 4956 ἀφαιρεῖται
1395 4881 1494 4952 τὴν
1541 4882 1746 4947 πίστιν,
1783 4883 1866 4936 ὅτι
1895 4898 1954 4934 τε

374 4984 660 5057 προελθεῖν
677 4983 770 5036 ἐπὶ
789 4985 854 5053 τῇ
883 4979 1142 5050 παρθένῳ
1169 4979 1228 5031 τὸ
1254 4977 1356 5048 τῆς
1374 4974 1637 5044 ἐλέγξεως
1655 4974 1799 5045 ὕδωρ
1826 4976 1956 5029 ἁνα-

376 5078 707 5148 γέγραπται,
748 5073 900 5128 ούπω
943 5073 1038 5126 τοῦ
1084 5071 1315 5143 βρέφους
1349 5069 1631 5139 φανέντος,
1671 5067 1833 5139 ἡνίκα
1860 5069 1953 5122 καὶ

375 5169 405 5222 ό
437 5165 627 5240 καιρὸς
651 5167 749 5237 τὴν
780 5163 1109 5235 ἀμφιϐολίαν
1136 5161 1357 5230 εύλογον
1382 5160 1493 5230 (66)
1515 5159 1761 5230 παρεῖχε,
1797 5158 1891 5212 καὶ
1916 5160 1948 5228 ἡ

2057 4619 2174 4659 cem
2198 4603 2354 4674 juxta
2385 4601 2554 4663 Gabe,
2586 4600 2681 4670 qui
2709 4599 3011 4654 Palaestina:
3033 4614 3194 4654 mons
3213 4606 3320 4661 est,
3362 4614 3636 4666 manasse,

2057 4694 2204 4765 quod
2227 4690 2546 4763 explorandi
2594 4706 2768 4762 genus
2801 4691 2856 4744 in
2885 4689 3128 4757 feminis,
3154 4706 3276 4761 quae
3303 4691 3389 4745 vel
3414 4691 3640 4746 castita-
3686 4729 3692 4740 .

2060 4795 2167 4842 tem
2197 4785 2463 4839 illibatam
2495 4783 2791 4848 servarint,
2828 4781 2914 4838 vel
2941 4781 3164 4856 furtivis
3194 4783 3476 4837 amoribus
3513 4797 3640 4836 cor-

2059 4895 2162 4951 pus
2193 4878 2538 4944 macularint,
2593 4877 2899 4934 adhibitum
2936 4875 3109 4931 fuisse
3135 4914 3151 4941 ,
3189 4891 3290 4930 nec
3341 4883 3496 4929 vetus
3552 4875 3640 4930 lex

2059 4973 2295 5042 ignorat.
2327 4970 2582 5025 Fortasse
2615 4979 2799 5025 tamen
2835 4967 3138 5023 narrationi
3183 4967 3311 5023 huic
3355 4967 3491 5022 fides
3542 4967 3640 5021 ha-

2060 5068 2176 5123 beri
2209 5081 2317 5120 non
2349 5067 2543 5136 possit,
2568 5066 2713 5136 quod
2739 5079 2880 5136 aqua
2913 5064 3001 5118 illa
3033 5062 3402 5133 exploratoria
3441 5061 3639 5131 virgini

2059 5159 2278 5214 admota
2309 5173 2434 5214 esse
2461 5159 2678 5229 legitur,
2713 5157 2825 5213 fetu
2861 5154 3108 5213 nondum
3135 5155 3305 5220 edito,
3335 5154 3556 5226 quando
3586 5162 3641 5208 et

1885 5335 2122 5392 NOTE.

481 5527 726 5599 59)Colb.
758 5544 858 5598 pro
896 5527 1303 5599 ἀναφερόντων.

481 5599 572 5666 60)
613 5599 758 5653 Idem
789 5614 886 5668 pro
916 5598 1140 5669 ταύτην.

457 5670 568 5739 (tit)
604 5670 783 5723 Codex
819 5686 831 5721 :
878 5670 1129 5738 φήσεται.

463 5733 572 5808 (62)
598 5738 737 5793 Ante
760 5733 1004 5806 λέγοὺέιν
1026 5737 1289 5792 excidisse
1311 5737 1372 5790 οὐ
1402 5733 1669 5804 suspicor.

461 5809 570 5880 (63)
597 5809 751 5866 Colb.
773 5825 872 5880 pro
907 5809 1226 5880 ἐμϐρίσωσι.

2140 5514 2250 5584 (64)
2283 5519 2441 5573 Colb.
2476 5533 2574 5588 pro
2603 5516 2934 5587 δυσφημίας.

2139 5588 2254 5658 (65)
2284 5589 2507 5642 Numer.
2551 5605 2604 5652 ν,
2644 5588 2732 5648 l7,
2769 5605 2922 5656 seqq.

2138 5658 2252 5731 (66)
2289 5659 2363 5713 Ita
2387 5660 2548 5731 του).
2577 5675 2675 5730 pro
2703 5659 2914 5727 ἄλογον.
2938 5658 3205 5714 (Steterunt
3232 5674 3338 5716 non
3364 5659 3497 5715 satis
3529 5659 3641 5716 haec

2064 5729 2248 5786 omnia
2279 5729 2459 5800 capio.
