4110 6450
475 372 580 440 831
1640 361 1903 424 ΡΗΟΤΙῙ
1941 361 2067 423 ΡΑῚ

2177 360 2450 420 ΑΒΟΠᾸΞ
2472 360 2583 419 CP.
3650 358 3762 422 832

476 496 699 555 tempus
724 479 902 551 ipsum
929 477 1182 535 idoneam
1202 474 1491 532 dubitandi
1513 490 1737 531 causam
1764 474 2067 539 exhibebat,

2180 472 2366 542 κρίσις
2396 474 2496 525 οὐκ
2516 473 2596 534 εἰς
2622 470 2682 524 τὸ
2712 469 3023 541 παράλογον
3051 467 3374 539 ὑπεσύρετο,
3396 469 3491 522 τοῦ
3515 469 3571 523 δὲ
3596 471 3761 526 τόκου

479 587 538 632 et
566 574 839 646 judicium
896 587 1007 626 non
1054 571 1239 641 inepte
1291 569 1724 635 instituebatur;
1779 568 1891 622 tetu
1944 582 2067 622 vero

2175 564 2559 633 προελθόντος,
2586 562 2790 617 καὶτοῦ
2824 562 3055 634 βρέφους
3081 560 3453 630 ἐγνωσμένου,
3490 562 3594 613 ποῦ
3634 581 3763 616 και-

474 671 588 741 jam
604 669 770 732 edito,
794 675 849 721 et
874 672 1033 737 partu
1070 665 1284 736 agnito,
1316 678 1459 735 aqua
1495 662 1861 734 exploratoria
1890 661 2070 716 locum

482 778 583 819 nor
626 760 881 815 habebat.
922 758 1296 814 Nihilominus
1350 765 1533 811 tamen
1586 756 1639 811 in
1691 755 1921 811 historia
1954 755 2072 810 haec

482 854 795 909 traduntur.

551 946 782 1003 Constat
815 942 950 1000 mihi
999 942 1175 1009 alias,
1229 941 1436 997 multos
1470 940 1792 996 sanctorum
1844 940 2067 995 Patrum

482 1047 744 1104 statuere,
775 1036 1017 1110 gladium
1084 1035 1238 1090 illum
1293 1035 1478 1090 Mariae
1565 1049 1783 1105 semper
1838 1034 2066 1104 virginis

480 1134 729 1187 animum
780 1131 901 1200 ipso
932 1128 1194 1186 salutaris
1242 1127 1610 1198 perpessionis
1650 1134 1898 1196 tempore
1946 1142 2070 1182 ver-

480 1226 728 1290 berasse,
759 1222 987 1293 quando
1020 1221 1110 1275 illa
1137 1221 1381 1276 dolorem
1428 1236 1590 1274 suum
1630 1219 1697 1274 de
1739 1218 1879 1273 Filio
1912 1233 2069 1273 acer-

481 1314 773 1370 bissimum
799 1322 853 1369 et
886 1314 1269 1368 vehementem
1322 1313 1659 1382 insitamque
1688 1312 1790 1367 sibi
1822 1313 1980 1365 matri
2013 1311 2066 1365 in

480 1404 652 1459 ﬁlium
692 1404 1234 1461 commiserationem
1266 1411 1382 1458 tum
1420 1404 1639 1459 tristitia
1680 1419 1917 1469 summa,
1952 1412 2066 1458 tum

478 1496 722 1552 violento
751 1497 1027 1553 viscerum
1055 1503 1207 1550 motu
1248 1504 1503 1551 testatam
1536 1496 1752 1551 fecerit.
1779 1494 1893 1550 lloc
1918 1496 2066 1550 enim

480 1590 676 1645 matris
712 1589 901 1645 dolore
933 1588 1144 1644 factum
1182 1605 1326 1655 esse,
1356 1600 1417 1644 ut
1444 1589 1805 1660 cogitationes
1830 1603 1895 1644 ex
1924 1587 2068 1642 mul-

480 1694 664 1739 torum
693 1683 951 1739 cordibus
977 1684 1387 1754 detegerentur,
1419 1692 1475 1737 et
1497 1692 1610 1737 tum
1642 1682 1742 1748 illi,
1767 1683 1859 1753 qui
1885 1682 2065 1753 ipsum

480 1777 781 1832 Dominum
825 1785 1076 1838 nostrum
1130 1792 1351 1832 carnem
1404 1786 1617 1831 tantum
1678 1780 1860 1846 specie
1904 1783 2065 1831 tenus

477 1870 882 1926 circumtulisse
917 1870 1099 1940 inepte
1130 1869 1429 1941 ﬁngebant,
1471 1879 1586 1925 tum
1619 1870 1717 1937 illi,
1767 1886 1910 1941 quos
1954 1888 2061 1925 non

475 1981 542 2019 ex
576 1963 819 2035 Virgine,
851 1962 943 2019 sed
964 1977 1027 2018 ex
1051 1962 1213 2027 coelo,
1246 1978 1470 2017 carnem
1500 1962 1646 2017 illam
1680 1973 1925 2034 repetere
1954 1980 2061 2017 non

474 2056 759 2126 pudebat,
807 2055 1297 2111 confunderentur.
1342 2054 1499 2122 Quod
1551 2054 1597 2111 si
1644 2071 1777 2112 vero
1822 2056 2061 2127 gladium

476 2149 632 2204 illum
658 2147 905 2220 Virginis
944 2149 1191 2204 animum
1223 2148 1388 2203 etiam
1415 2158 1547 2205 tunc
1573 2149 1890 2205 confodisse
1914 2150 2066 2205 dica-

476 2257 623 2305 mus,
676 2242 900 2312 quando
956 2248 1211 2312 parentes
1251 2240 1449 2294 Filium
1504 2248 1629 2312 post
1680 2256 1739 2296 se
1787 2241 2063 2306 relictum,

475 2333 723 2388 confecta
750 2334 866 2403 jam
898 2332 1059 2403 longa
1088 2332 1195 2398 via,
1226 2347 1333 2386 non
1375 2331 1723 2398 invenerunt,
1757 2332 1867 2387 imo
1898 2334 2062 2387 etiam

474 2423 703 2483 reversi.
753 2432 1013 2493 tanquam
1047 2424 1367 2480 thesaurum
1396 2423 1764 2493 deperditum,
1795 2426 2064 2495 quaesive-

474 2525 623 2580 runt,
656 2514 791 2569 nihil
823 2516 1184 2572 statuerimus
1237 2515 1383 2586 quod
1427 2525 1589 2570 rectae
1618 2516 1821 2571 rationi
1868 2519 2063 2575 adver-

480 2615 658 2662 setur.
694 2604 834 2661 Nam
856 2607 1018 2663 etiam
1055 2619 1186 2662 tunc
1213 2624 1277 2661 ex
1308 2606 1606 2661 multorum
1630 2609 1887 2663 cordibus
1914 2611 2065 2679 cogi-

478 2698 719 2754 tationes
747 2699 1178 2770 detegebantur;
1240 2698 1461 2771 Virgine
1515 2700 1727 2756 scilicet
1768 2702 1833 2754 ad
1865 2701 2066 2757 Filium

476 2790 692 2845 dicente
722 2807 739 2845 :
773 2810 791 2842 ‹
823 2790 939 2861 Ego
971 2800 1025 2847 ct
1052 2801 1205 2861 pater
1244 2801 1370 2847 tuus
1405 2807 1531 2846 cum
1573 2792 1764 2848 dolore
1789 2801 1840 2848 te
1865 2794 2067 2864 quaesi-

474 2880 750 2948 vimus“;
780 2900 799 2932 ι
820 2880 1000 2937 Verbo
1032 2892 1214 2939 autem
1247 2883 1592 2954 hypostatico
1609 2892 1663 2939 et
1689 2899 1855 2939 carne
1877 2885 2069 2940 induto

475 2970 845 3040 respondente
874 2991 889 3027 ;
925 2990 943 3023 ‹
978 2971 1123 3039 Quid
1171 2982 1256 3028 est
1282 3012 1297 3037 ,
1338 2973 1487 3044 quod
1536 2989 1625 3028 me
1653 2974 2070 3045 quaesiveritis?

475 3077 659 3117 nonne
694 3063 954 3118 sciebatis
1008 3079 1095 3118 tne
1121 3079 1246 3120 esse
1277 3064 1478 3119 debere
1514 3065 1569 3119 in
1619 3065 1685 3120 iis
1738 3082 1861 3135 quae
1892 3064 2069 3123 Patris

2174 655 2269 726 ρδν
2299 653 2444 724 εἶχεν
2478 654 2538 707 τὸ
2597 653 2743 725 ὕδωρ
2775 653 2874 724 τῆς
2924 652 3219 719 ἐλέγξεωςς
3267 651 3403 705 ἀλλὰ
3450 651 3610 705 τοῦτο
3661 653 3761 724 μὲν

2174 745 2318 799 κατὰ
2341 745 2437 817 τὴν
2461 745 2703 816 ἱστορίαν
2723 745 2871 814 ὅμως
2912 743 3154 814 εἴρηται.

2247 937 2378 993 Οἶδα
2404 940 2484 1002 δέ,
2518 939 2750 1003 πολλοὺς
2778 940 2887 993 τῶν
2933 940 3096 1010 ἱερῶν
3128 942 3287 1012 ἡμῶν
3319 944 3584 1014 Πατέρων
3624 945 3762 1014 ῥομ-

2173 1033 2341 1103 φαίαν
2363 1032 2717 1104 ἐξειληφότας
2736 1033 2965 1087 διελθεῖν
2996 1035 3099 1106 τὴν
3119 1035 3299 1106 ψυχὴν
3332 1036 3432 1105 τῆς
3466 1036 3761 1106 ἁειπαρθέ-

2171 1147 2263 1183 νου
2288 1127 2527 1197 Μαρίας,
2566 1127 2706 1180 κατὰ
2737 1126 2827 1179 τὸν
2867 1127 3061 1197 καιρὸν
3091 1128 3185 1181 τοῦ
3239 1127 3514 1199 σωτηρίου
3552 1128 3763 1192 πάθους

2171 1222 2342 1293 αὐτὴν
2368 1222 2465 1291 τὴν
2496 1220 2877 1292 κατασχοῦσαν
2912 1220 3119 1292 πικρὰν
3151 1221 3246 1274 καὶ
3270 1219 3539 1292 ὀδυνηρὰν
3566 1221 3659 1273 ἐπὶ
3682 1220 3762 1293 τῷ

2170 1316 2351 1384 τέκνῳ
2373 1314 2665 1384 ἀλγηδόνα,
2713 1316 2807 1368 καὶ
2864 1314 2943 1386 τῷ
2971 1314 3365 1385 ἀνυπερϐλήτῳ
3402 1315 3502 1380 τῆς
3557 1312 3759 1383 λύπης,

2172 1408 2368 1479 καὶτῷ
2405 1408 2729 1480 ἐξῃρημένῳ
2764 1408 3079 1479 σπαραγμῷ
3131 1407 3237 1460 τῶν
3275 1406 3603 1476 σπλάγχνων
3658 1406 3760 1477 τῆν

2171 1507 2411 1576 ἔμφυτον
2448 1506 2583 1576 πρὸς
2612 1507 2705 1558 τὸν
2750 1505 2879 1558 Υἱὸν
2928 1504 3216 1576 ,μητρικὴν
3252 1504 3600 1575 συμπάθειαν
3636 1507 3760 1557 ἐπι-

2169 1594 2369 1662 δεῖξαι.
2404 1595 2515 1647 Kal
2550 1594 2639 1647 διὰ
2662 1594 2765 1664 τῆς
2797 1598 3072 1666 μητρικῆς
3127 1595 3333 1665 ταύτης
3387 1594 3756 1665 συμπαθείας,

2171 1690 2235 1741 ἐκ
2280 1688 2491 1743 πολλῶν
2534 1687 2772 1759 καρδιῶν
2805 1687 3099 1757 λογισμοὺς
3153 1687 3628 1756 ἀποκαλυφθῆναι,
3665 1687 3758 1739 καὶ

2169 1779 2549 1850 διελεγχθῆναι
2571 1779 2698 1843 τούς
2726 1795 2785 1831 τε
2817 1777 2960 1833 κατὰ
2989 1780 3295 1848 φαντασίαν
3326 1778 3423 1849 τὴν
3451 1779 3631 1845 σάρκα
3665 1794 3759 1845 φο·-

2172 1873 2350 1943 ρέσαι,
2382 1874 2478 1926 καὶ
2513 1873 2604 1926 τὸν
2635 1870 2840 1941 Κύριον
2886 1870 3043 1942 ήμῶν
3090 1869 3300 1941 Ἰησοῦν
3321 1869 3557 1942 Χριστὸν
3589 1886 3757 1940 τερα-

2166 1964 2549 2033 τολογοῦντας,
2585 1964 2680 2018 καὶ
2713 1965 2840 2028 τοὺς
2876 1965 2976 2017 οὐκ
3007 1966 3071 2017 ἐκ
3099 1965 3199 2035 τῆς
3231 1963 3529 2035 Παρθένου,
3582 1964 3641 2029 ἐξ
3663 1963 3758 2015 ού-

2168 2056 2331 2128 ρανοῦ
2362 2057 2420 2111 δὲ
2439 2056 2646 2127 ταύτην
2676 2058 3012 2125 καταγαγεῖν
3040 2053 3633 2125 ἀπαναισχυντούνεέας.
3694 2052 3757 2106 El.

2166 2152 2222 2205 δὲ
2254 2152 2346 2206 καὶ
2368 2151 2671 2222 τηνικαῦτα
2703 2149 3020 2223 διελήλυθεν
3050 2149 3148 2219 τῆς
3179 2148 3460 2218 Παρθένου
3510 2147 3608 2217 τὴν
3634 2145 3755 2216 ,ψυ-

2166 2244 2268 2315 χὴν
2304 2244 2574 2315 ῥομφαία,
2602 2244 2769 2314 ήνίκα
2797 2244 3113 2307 λελοιπότες
3150 2243 3242 2296 τὸν
3281 2241 3466 2307 παῖδα,
3513 2239 3653 2311 μετὰ
3696 2240 3757 2291 τδ)

2169 2336 2372 2406 πολλὴν
2416 2336 2534 2389 ὁδὸν
2580 2335 2853 2402 διανύσαι,
2896 2335 2971 2408 μὴ
3024 2329 3181 2406 εὗρον
3230 2332 3440 2396 τοῦτον,
3492 2330 3629 2385 ἀλλὰ
3664 2329 3756 2383 καὶ

2169 2426 2613 2499 ὑποστρέψαντες
2633 2428 2959 2499 ἐπεζήτουν,
2982 2427 3058 2489 ὠς
3088 2428 3188 2498 ἤδη
3225 2426 3317 2479 τὸν
3349 2424 3627 2494 θησαυρὸν
3650 2426 3757 2476 άπ-

2167 2522 2491 2588 λωλεκότες,
2515 2521 2671 2575 οὐδὲν
2713 2521 2799 2574 ἄν’
2833 2521 2917 2592 εἴη
2964 2520 3116 2591 παρὰ
3145 2520 3237 2572 τὸν
3267 2516 3426 2587 ὀρθὸν
3482 2516 3756 2585 διανενοη-

2172 2614 2334 2685 μένον
2385 2613 2567 2683 λόγον.
2633 2614 2742 2666 Καὶ
2795 2613 2905 2683 γὰρ
2935 2614 3030 2666 καὶ
3086 2610 3388 2682 τηνικαῦτα
3427 2612 3492 2663 ἐκ
3544 2607 3751 2661 πολλῶν

2168 2706 2411 2776 καρδιῶν
2444 2705 2916 2777 ᾀπεκαλύφθησαν
2936 2704 3297 2774 διαλογισμοὶ,
3327 2703 3427 2773 τῆς
3472 2701 3572 2772 μὲν
3602 2702 3758 2769 Παρσ⁸

2173 2798 2328 2851 θένου
2362 2798 2499 2868 πρὸς
2532 2798 2625 2851 τὸν
2657 2799 2830 2851 Παῖδα
2877 2798 3164 2866 λεγούσης
3204 2816 3222 2848 ι
3272 2794 3414 2862 Ἐγὼ
3448 2794 3542 2847 καὶ
3576 2796 3604 2846 ὁ
3651 2811 3758 2845 πα-

2170 2891 2275 2960 τὴρ
2317 2909 2410 2944 σου
2440 2891 2772 2963 ὀδυνώμενοι
2800 2889 3102 2959 ἐζητοῦμεν
3152 2905 3232 2941 σε.
3273 2907 3291 2938 ›
3324 2885 3431 2940 Τοῦ
3462 2885 3517 2939 δὲ
3559 2887 3756 2939 ἐνυπνι-

2174 2984 2374 3036 στάτου
2405 2982 2582 3048 Λόγου
2621 2982 2717 3037 καὶ
2765 2982 2945 3053 σάρκα
2974 2979 3305 3050 φορέσαντος
3354 2979 3754 3049 ἀνταποκρινο-

2177 3074 2363 3145 μένου,
2395 3091 2414 3125 ι
2450 3073 2535 3136 Τί,
2561 3074 2645 3127 ὅτι
2681 3072 2925 3142 ἐζητεῖτέ
2955 3089 3055 3144 με;
3090 3074 3190 3126 οὐκ
3224 3072 3423 3144 ᾔδειτε,
3445 3072 3526 3125 ὅτι
3549 3072 3606 3124 ἐν
3643 3072 3756 3133 τοῖς

474 3152 583 3206 mei
618 3154 813 3207 sunt"
836 3154 859 3207 ?
886 3172 904 3205 ο
942 3155 1047 3209 hoc
1073 3155 1193 3225 ipso
1222 3170 1352 3210 vero
1391 3156 1659 3212 illustrem
1703 3158 1853 3214 illum
1894 3175 2067 3230 popu-

2172 3166 2263 3219 τοῦ
2290 3166 2506 3238 Πατρός
2544 3183 2647 3236 μου
2677 3166 2758 3218 δεῖ
2781 3159 2925 3218 εἷναί
2961 3181 3062 3235 με;
3111 3184 3129 3218 ι
3165 3166 3261 3218 καὶ
3319 3164 3607 3235 δηλοῦντος
3664 3164 3755 3216 τὸν

473 3244 589 3300 lum
643 3246 940 3313 indicante,
989 3248 1083 3317 qui
1133 3256 1187 3303 et
1229 3248 1493 3319 templum
1551 3259 1607 3305 et
1646 3251 1846 3308 domus
1888 3250 2068 3309 Patris

474 3337 876 3408 appellabatur.
924 3337 1059 3393 Dum
1088 3340 1236 3394 enim
1272 3339 1446 3395 Filius
1492 3339 1709 3397 Patrem
1759 3359 1921 3398 suum
1957 3344 2069 3400 cla-

474 3429 697 3485 rissime
719 3430 1101 3501 profitebatur,
1135 3431 1283 3487 clare
1312 3433 1477 3487 etiam
1497 3434 1860 3504 cogitationes
1876 3451 2068 3490 eorum

473 3520 891 3591 detegebantur,
926 3521 1023 3590 qui
1054 3537 1182 3577 eutn
1214 3521 1476 3576 dicebant
1522 3537 1632 3577 non
1681 3522 1823 3578 labri
1871 3526 2068 3593 tilium,

477 3628 581 3667 nec
613 3612 855 3668 hominis
888 3614 1117 3669 alterius
1150 3614 1393 3669 sobolem
1416 3654 1431 3679 ,
1465 3614 1559 3670 sed
1588 3615 1737 3670 illius
1779 3632 1902 3671 esse
1927 3657 1942 3681 ,
1976 3619 2069 3686 qui

476 3708 605 3756 ante
656 3703 853 3757 saecula
892 3705 1166 3773 genuerit.
1211 3704 1365 3770 Quod
1416 3720 1545 3760 vero
1580 3706 1823 3759 nonnulli
1856 3705 2067 3768 dicunt,

477 3792 720 3863 gladium
776 3794 929 3848 illutn
983 3794 1232 3849 animum
1291 3795 1412 3866 ejus
1471 3797 1823 3865 pervasisse,
1878 3798 2070 3852 oborta

478 3885 844 3952 dubitatione,
862 3902 932 3940 an
956 3887 1258 3943 cruciﬁxus
1292 3887 1382 3943 ille
1410 3888 1646 3945 fortasse
1664 3904 1774 3944 non
1803 3889 1874 3945 sit
1901 3889 2069 3954 Deus,

477 3982 533 4037 id
567 3996 842 4050 nunquam
873 3996 975 4053 ego
1002 3981 1273 4049 dixerim,
1310 3984 1564 4051 quamvis
1599 3999 1629 4037 a
1676 3984 1956 4039 nonnullis
2001 3986 2071 4040 sit

480 4076 709 4130 dictum.

559 4212 577 4245 ι
604 4193 669 4248 Ει
702 4202 854 4262 erat,
898 4195 1117 4265 inquit,
1164 4194 1324 4250 Anna
1361 4195 1728 4265 prophetissa,
1770 4195 2071 4251 Phanuelis

477 4285 610 4350 ﬁlia,
640 4302 703 4341 ex
736 4287 878 4342 tribu
904 4288 1096 4351 Aser,»
1134 4297 1239 4343 etc.
1288 4307 1307 4339 ι
1340 4288 1405 4343 Ει
1432 4289 1521 4342 illa
1554 4287 1716 4342 vidua
1745 4298 1865 4343 erat
1895 4304 2070 4344 anno.

478 4393 599 4432 rum
638 4378 858 4433 circiter
892 4388 1133 4448 quatuor
1177 4388 1233 4434 et.
1278 4378 1647 4449 octoginta“.
1681 4401 1700 4429 ι
1753 4378 1911 4433 Anna
1944 4393 2068 4447 pro-

478 4467 744 4538 phetissa,
775 4466 1073 4523 Phanuelis
1116 4470 1227 4523 ﬁlia
1251 4510 1266 4535 ,
1314 4470 1399 4525 his
1445 4467 1765 4524 dill'erentia:
1799 4469 2068 4539 capitibus

2175 3258 2524 3329 περιώνυμον
2552 3258 2701 3323 λαὸν,
2729 3257 2787 3321 ὃς
2825 3256 2918 3310 τοῦ
2955 3257 3170 3329 Πατρὸς
3200 3255 3337 3320 νεώς
3372 3274 3430 3309 τε
3467 3256 3561 3309 καὶ
3610 3251 3761 3317 οἶκος

2171 3349 2579 3419 ἐπωνομάζετο.
2610 3350 2720 3402 Καὶ
2742 3348 2851 3418 γὰρ
2880 3348 2973 3402 τὸν
2992 3349 3125 3402 ἴδιον
3151 3349 3379 3419 Πατέρα
3402 3346 3590 3416 σαφῶς
3621 3346 3760 3399 ἁνα-

2172 3442 2516 3514 κηρύξαντος
2543 3441 2642 3495 τοῦ
2672 3440 2802 3494 Υίοῦ
2830 3442 3018 3510 σαφῶς
3054 3440 3529 3510 ἀπεκαλύφθησαν
3565 3440 3615 3493 οί
3643 3441 3759 3494 δια-

2172 3534 2425 3604 λογισμοὶ
2446 3536 2555 3588 τῶν
2580 3534 2847 3604 λεγόντων
2872 3535 3038 3587 αὐτὸν
3080 3535 3180 3588 οὐκ
3219 3534 3332 3605 (67)
3365 3530 3504 3588 εἶναι
3530 3534 3624 3587 τοῦ
3666 3534 3763 3587 τέ-

2172 3645 2360 3691 κτονος
2388 3629 2520 3693 υἱὸν,
2553 3628 2661 3682 οὐδ’
2693 3626 2861 3698 ἄλλης
2894 3627 3039 3689 τινὸς
3086 3628 3329 3696 ἐπιγείου
3358 3629 3587 3696 σπορᾶς,
3613 3626 3754 3680 ἀλλὰ

2172 3721 2267 3775 τοῦ
2295 3723 2401 3792 πρὸ
2426 3722 2624 3785 αἰῶνος
2646 3723 3043 3792 γεγεννηκότος
3082 3723 3268 3776 αὐτόν.
3295 3721 3400 3773 Τὸν
3454 3722 3638 3791 μέντοι
3670 3719 3759 3773 λό-

2172 3833 2290 3886 γον,
2319 3816 2412 3870 τδν
2446 3815 2698 3884 λέγοντα,
2732 3817 3012 3887 ῥομφαίαν
3038 3817 3209 3885 αὐτῆς
3238 3816 3337 3885 τὴν
3369 3814 3548 3885 ψυχὴν
3565 3815 3623 3881 ἐξ
3647 3816 3759 3885 ἁμ-

2174 3908 2421 3980 φιϐολίας
2453 3907 2706 3975 διελθεῖν,
2742 3909 2819 3971 ὡς
2858 3909 3059 3979 μήποτ’
3113 3909 3213 3962 οὐκ
3250 3909 3333 3976 εἴη
3364 3908 3499 3970 Θεὸς
3527 3909 3556 3959 ὁ
3604 3924 3767 3961 σταυ-

2176 4003 2460 4074 ρούμενος,
2481 4004 2530 4056 εί
2562 4003 2656 4054 καί
2676 4017 2818 4054 τισιν
2849 4001 3087 4073 ἐρρήθη,
3127 4000 3243 4056 ἀλλ’
3274 4002 3374 4055 οὐκ
3406 4000 3472 4054 ἂν
3507 3999 3631 4071 ἐμοὶ
3664 4001 3765 4070 ρη-

2177 4093 2317 4164 θείη.

2249 4204 2268 4238 ι
2298 4187 2407 4239 Kal
2425 4180 2513 4257 ἦν,
2536 4185 2901 4254 φησὶν,¹Ἀννα
2920 4186 3188 4258 προφῆτις
3207 4185 3477 4257 θυγάτηρ,
3496 4183 3762 4257 Φανουὴλ,

2171 4280 2237 4331 ἐκ
2269 4278 2442 4350 φυλῆς
2489 4278 2681 4350 Ἀσὴρ,
2715 4278 2819 4342 ἕως
2848 4272 2931 4343 οὒ,
2980 4298 2997 4329 ‹
3024 4277 3137 4331 Καὶ
3164 4277 3300 4348 αὕτη
3335 4282 3491 4348 χεῖρα
3521 4280 3596 4339 ὡς
3626 4278 3764 4331 ἐτῶν

2170 4369 2502 4439 ὀγδοήκοντα
2548 4370 2853 4439 τεσσάρων.
2909 4389 2928 4421 ι
2981 4370 3149 4421 Ἀννα
3190 4370 3481 4437 προφῆτις,
3518 4368 3765 4439 θυγάτηρ

2171 4461 2435 4532 Φανουὴλ,
2467 4461 2692 4525 ταύταις
2735 4460 3107 4515 διαστέλλεται
3136 4464 3255 4525 ταῖς
3290 4462 3577 4531 διαφοραῖς
3623 4461 3762 4532 αὕτη

479 4561 839 4632 distinguitur
871 4576 901 4615 a
933 4570 1107 4616 matre
1140 4559 1419 4632 Virginis;
1454 4562 1645 4617 eadem
1690 4575 1820 4615 vero
1849 4561 2067 4631 egregio

2174 4552 2309 4623 πρὸς
2350 4552 2451 4623 τὴν
2493 4553 2593 4622 τῆς
2635 4551 2914 4622 Παρθένου
2948 4551 3163 4622 μητέρα
3187 4566 3200 4581 ⁸
3237 4551 3505 4621 διέλαμπε
3541 4551 3598 4604 δὲ
3646 4554 3765 4614 ταῖς

477 4653 745 4707 virtutum
774 4653 1021 4706 omnium
1060 4652 1246 4709 studio
1273 4667 1386 4722 prae
1412 4653 1623 4707 caeteris
1649 4652 1944 4706 eminebat.
1985 4652 2066 4706 Ex

478 4759 545 4799 co
589 4744 735 4799 enim
762 4784 778 4811 ,
833 4744 979 4815 quod
1019 4759 1051 4798 a
1093 4744 1294 4813 templo
1326 4759 1434 4798 non
1476 4743 1796 4806 recedebat,
1845 4742 2069 4812 jejuniis

480 4857 611 4896 vero
642 4851 698 4895 et
722 4841 978 4911 precibus
1004 4849 1169 4895 noctu
1191 4850 1246 4894 et
1270 4838 1505 4894 interdiu
1532 4837 1787 4901 vacabat,
1819 4847 2065 4907 apparet,

479 4933 728 4987 eamdem
751 4934 1087 5003 reliquarum
1115 4933 1280 4988 etiam
1298 4932 1563 4987 virtutum
1588 4946 1792 4985 corona
1820 4940 2067 4985 ornatam

482 5027 676 5082 luisse.
714 5024 812 5083 His
868 5042 999 5082 vero
1048 5026 1139 5081 illa
1185 5025 1480 5080 virtutibus
1510 5024 1656 5094 quod
1707 5024 1774 5078 ad
1822 5023 2068 5078 animum

481 5122 747 5176 mundata
777 5160 792 5186 ,
848 5133 904 5176 et
962 5121 1301 5176 sanctissimi
1348 5118 1585 5189 Spiritus
1636 5117 1855 5172 ofﬁcina
1901 5117 2068 5184 laeta,

482 5215 843 5284 ejusdemque
882 5213 1139 5285 alloquiis
1182 5212 1394 5277 ditata,
1438 5211 1628 5267 eadem
1686 5210 1823 5265 hora
1881 5220 2072 5265 astans

486 5306 873 5372 conﬁtebatur,
904 5317 959 5361 et
994 5303 1326 5375 loquebatur
1359 5303 1427 5357 de
1463 5317 1530 5356 eo
1573 5301 1638 5354 ad
1684 5300 1811 5356 illos
1853 5317 2070 5367 omnes,

484 5399 578 5466 qui
615 5397 997 5453 liberationem
1037 5394 1434 5465 Hierosolymis
1464 5391 1877 5462 exspectabant.
1930 5411 1947 5444 ι
1974 5391 2078 5446 Ea-

485 5488 630 5553 dem,
667 5489 866 5558 inquit,
897 5488 1033 5543 hora
1066 5495 1276 5541 astans.
1311 5503 1330 5537 ›
1369 5484 1488 5551 Qua
1516 5498 1647 5538 vero
1678 5482 1767 5537 illa
1789 5484 1812 5536 ?
1837 5482 1932 5537 Illa
1961 5497 2079 5537 om-

556 5600 601 5630 "
626 5598 758 5654 Luc.
796 5615 857 5665 tt,
890 5599 982 5654 35.
1088 5600 1134 5631 ⁸⁵
1174 5598 1309 5655 ibid.
1366 5596 1437 5653 48
1472 5612 1587 5668 seq.

2176 4645 2398 4714 ἀρεταῖς
2449 4645 2713 4708 ἁπάσαις.
2764 4645 2858 4697 Ἐκ
2903 4647 3012 4715 γὰρ
3058 4642 3153 4696 τοῦ
3185 4644 3261 4714 μὴ
3306 4643 3641 4713 ἀφίστασθαι
3670 4643 3763 4696 τοῦ

2178 4735 2349 4805 ἱεροῦ,
2387 4737 2481 4789 καὶ
2513 4735 2811 4805 νηστείαις,
2842 4736 2934 4788 καὶ
2972 4735 3220 4805 δεήσεσιν
3265 4734 3551 4806 λατρεύειν
3594 4735 3766 4788 νύκτα

2175 4829 2271 4881 καὶ
2305 4828 2541 4900 ἡμέραν,
2571 4828 2749 4899 δῆλον,
2789 4828 2866 4891 ὡς
2886 4827 2981 4881 καὶ
3013 4829 3042 4880 ὁ
3066 4828 3248 4891 λοιπὸς
3289 4829 3426 4899 αὐτῇ
3455 4827 3563 4881 τῶν
3589 4827 3766 4880 ἄλλων

2176 4921 2386 4992 ἀρετῶν
2420 4923 2716 4992 συμπαρῆν
2746 4922 2929 4991 χορός,
2979 4919 3103 4989 Ὑφ’
3145 4915 3219 4975 ὧν
3255 4920 3645 4991 κεκαθαρμένη
3674 4921 3768 4972 τὸν

2178 5014 2325 5079 νοῦν,
2372 5016 2463 5068 καὶ
2494 5015 2586 5068 τοῦ
2640 5015 2909 5083 παναγίου
2947 5014 3267 5083 Πνεύματος
3296 5011 3640 5081 γεγενημένη
3677 5011 3765 5063 δν)-

2177 5112 2344 5181 χεῖον,
2372 5109 2467 5162 καὶ
2490 5109 2586 5171 τὰς
2634 5109 2766 5178 παρ’
2800 5106 2967 5159 αὐτοῦ
2994 5106 3259 5176 δεχομένη
3310 5106 3601 5174 ἐμφάσεις,
3628 5104 3766 5174 αὐτῇ

2177 5205 2242 5271 τῇ
2271 5201 2390 5272 ὥρᾳ
2430 5201 2705 5253 ἐπιστᾶσα
2747 5199 3187 5267 ἀνθωμολογεῖτο
3219 5194 3332 5265 (68)
3370 5197 3463 5248 καὶ
3496 5194 3673 5248 ἐλάλει
3698 5194 3770 5246 τὰ

2180 5296 2310 5366 περὶ
2339 5294 2505 5348 αὑτοῦ
2549 5295 2685 5347 πᾶσι
2717 5294 2832 5356 τοῖς
2891 5290 3345 5362 προσδεχομένοις
3398 5289 3669 5361 λύτρωσιν
3710 5290 3768 5340 ἐν

2186 5386 2763 5457 ’1ερουσαλήμ.ιΑύτῇ
2785 5388 2849 5455 τῇ
2873 5384 2993 5454 ὥρᾳ
3019 5384 3341 5444 ἐπιστᾶσαν)
3381 5380 3568 5450 φηείν-
3594 5380 3761 5448 Αὑτῇν

2184 5483 2356 5553 nolet;
2402 5480 2467 5533 Ἡ
2498 5480 2622 5532 καθ’
2653 5480 2718 5549 ἣν
2756 5478 2817 5531 τὸ
2845 5476 3066 5529 Παιδίον
3098 5476 3353 5547 ῆΜήτηρ
3380 5476 3522 5527 καὶό
3564 5471 3762 5542 Ἰωσὴφ

1665 5597 1712 5630 ⁸³
1742 5594 1936 5652 Matth.
1971 5612 2093 5663 xm,
2117 5597 2208 5653 55.

1978 5710 2210 5767 NOTAE.

568 5826 683 5896 (67)
712 5826 812 5879 οὐκ
839 5828 1043 5897 addidi,
1077 5826 1223 5900 quod
1256 5842 1450 5884 sensus
1491 5826 1717 5881 omnino
1752 5823 2007 5896 postulat.

2254 5823 2365 5895 (68)
2393 5822 2548 5881 Colb.
2580 5838 2680 5896 pro
2710 5821 3072 5891 ἁνθολογεῖτο.
