4110 6470
245 377 347 440 833

1151 369 1251 428 AD
1289 363 1892 427 AMPHILOCHIUM
1929 359 2276 433 QUJESTIO
2313 360 2570 422 CLVIII.

3391 353 3497 419 834

257 484 567 559 προσέφερον
588 477 667 550 τῷ
698 477 853 551 ἱερῷ.
891 477 1002 532 Καὶ
1034 477 1137 549 ὅρα
1166 478 1264 549 τὴν
1311 475 1704 548 παραπλησίαν
1731 472 1808 544 τῷ

1933 474 2069 538 nino,
2096 487 2204 543 qua
2251 479 2426 526 mater
2471 481 2526 524 et
2589 468 2863 539 Iosephus
2905 468 3173 525 infantem
3209 467 3260 522 in
3298 469 3503 538 templo

245 573 469 646 Συμεῶνι
506 574 623 634 ταῖς
671 571 913 640 ἀρεταῖς,
967 571 1114 632 ὅπως
1165 570 1260 622 καὶ
1312 568 1412 632 τὰς
1468 568 1806 638 προφητείας

245 663 640 740 παραπλησίους
661 664 852 734 κιχρᾷ.
873 663 1025 732 ’Λμα
1052 663 1150 732 μὲν
1170 661 1281 733 γὰρ
1304 662 1557 734 παρῆσαν
1573 661 1651 732 τῷ
1672 660 1805 733 ναῷ,

241 760 346 831 ἅμα
368 759 421 812 δὲ
471 757 570 826 τῆς
602 755 948 826 προφητικῆς
1003 753 1255 825 ἠξιοῦντο
1304 755 1548 826 χάριτος.
1607 753 1748 807 Ἀλλ’
1781 756 1810 806 ὁ

246 856 333 926 μὲν
359 849 579 920 Συμεὼν
617 847 1032 920 προελάμϐανεν
1067 847 1462 919 χρησμολογῶν
1489 862 1504 878 ·
1534 847 1568 917 ἡ
1604 846 1663 900 δὲ
1709 846 1810 917 τὴν

240 942 479 1011 δευτέραν
529 938 732 1010 ἔχουσα
769 938 923 1004 τάξιν
966 939 1118 1009 ὅμως
1151 939 1251 992 οὐκ
1301 937 1649 1008 ἐδευτὲρευσε
1696 939 1811 1001 τοῖς

241 1033 492 1107 χρησμοῖς
522 1048 535 1060 ·
560 1031 677 1086 ἀλλ’
713 1030 898 1085 ἐκάλει
927 1032 1024 1102 μὲν
1057 1034 1119 1084 τὸ
1151 1030 1350 1102 βρέφος
1377 1029 1606 1100 Κύριον,
1645 1021 1690 1097 ᾧ
1717 1029 1812 1083 καὶ

239 1123 596 1196 ὰνθωμολόγει
622 1141 638 1156 ·
671 1123 852 1177 ἐλάλει
883 1122 940 1176 δὲ
980 1124 1109 1194 περὶ
1131 1121 1297 1176 αὑτοῦ
1329 1123 1465 1175 πᾶσι
1489 1123 1602 1184 τοῖς
1633 1138 1809 1192 προσ-

239 1213 545 1284 δεχομένοις
612 1211 883 1283 λύτρωσιν
927 1212 987 1264 ἐν
1031 1210 1109 1280 τῷ
1145 1209 1382 1281 Ἰσραὴλ,
1410 1208 1683 1281 λύτρωσιν
1715 1208 1810 1263 τοῦ

239 1307 414 1376 γένους
437 1306 534 1360 καλ⁵
573 1305 850 1377 σωτηρίαν
881 1303 1356 1374 ἀνακηρύττουσα.
1385 1303 1539 1374 Τάχα
1559 1302 1605 1355 δ’
1635 1301 1701 1356 ἂν
1724 1301 1815 1357 διὰ

239 1399 384 1452 τοῦτο
405 1397 700 1470 προλαϐεῖν
728 1396 867 1468 (68⁸)
904 1395 1272 1467 ίερολογήσειέ
1297 1411 1380 1458 τις
1405 1395 1497 1448 τὸν
1519 1392 1808 1466 Συμεῶνα,

237 1489 361 1542 διότι
399 1490 427 1542 ό
457 1490 558 1560 μὲν
582 1487 753 1542 τύπον
791 1488 988 1559 ἔφερεν
1028 1486 1125 1540 τοῦ
1161 1488 1349 1557 νόμου.
1375 1487 1487 1540 Καὶ
1514 1486 1624 1558 γὰρ
1653 1485 1748 1540 καὶ
1779 1486 1814 1556 ἡ

237 1582 418 1652 κλῆσις
457 1582 828 1648 τὸῖὺπήκοον
855 1582 966 1652 (69)
995 1581 1178 1651 δηλοῖ·
1210 1583 1244 1652 ἡ
1277 1581 1334 1634 δὲ
1361 1579 1472 1650 τῆς
1499 1581 1744 1651 χάριτος
1781 1581 1815 1650 ὴ

243 1673 407 1728 Ἀννα
429 1674 591 1745 (69⁸)*
627 1673 786 1727 τοῦτο
810 1675 920 1745 γὰρ
950 1676 983 1744 ἠ
1004 1673 1196 1744 κλῆσις
1229 1675 1686 1745 ἀναπτυσσομένη
1720 1674 1817 1744 δη-

235 1764 328 1820 λοῖ.
387 1758 491 1820 Ὧν
531 1768 737 1838 ἀμφοῖν
788 1769 816 1820 ὀ
848 1767 1084 1838 Χριστὸς
1133 1766 1313 1820 ἔκειτο
1350 1768 1516 1836 μέσος
1541 1783 1555 1798 ·
1587 1766 1680 1820 τὸν
1715 1765 1815 1837 μὲν

1916 565 2206 620 sistebant.
2246 565 2484 619 Adverte
2515 562 2627 626 hic,
2654 577 2818 632 quam
2864 562 3086 626 similia,
3137 577 3259 631 qua:
3291 561 3506 615 \‘irluli-

1915 658 2020 712 bus
2051 657 2296 712 Simeoul
2328 656 2526 712 similis
2551 665 2691 720 erat,
2713 653 2971 709 vaticinia
2995 653 3142 710 edat.
3161 652 3334 707 Simul
3355 653 3502 707 enim

1920 749 2148 804 aderant
2195 749 2250 804 in
2309 749 2547 819 templo,
2605 747 2769 802 simul
2805 762 2939 801 vero
2989 747 3133 801 dono
3171 744 3505 800 vaticinandi

1916 842 2067 913 digni
2095 843 2457 898 habebantur.
2492 842 2714 896 Simeon
2741 839 2959 910 quidem
2989 837 3318 894 vaticinandi
3339 836 3509 892 facie-

1918 934 2012 990 bat
2034 934 2284 1002 initium;
2309 935 2422 989 haec
2447 949 2596 996 vero,
2616 933 2870 1002 quamvis
2895 931 3198 986 secundum
3227 945 3507 998 occupans

1919 1029 2124 1093 locum,
2152 1028 2431 1083 vaticiniis
2466 1037 2646 1081 tamen
2665 1026 2780 1082 suis
2809 1041 2917 1080 non
2949 1035 3068 1080 erat
3095 1023 3343 1078 inferior.
3368 1021 3506 1077 Nam

1922 1118 2186 1175 infantem
2227 1118 2385 1172 illum
2426 1112 2720 1172 Dominum
2762 1117 3016 1183 vocabat,
3058 1119 3222 1185 eique
3262 1115 3506 1169 vicissim

1920 1211 2328 1268 conﬁtebatur:
2368 1211 2699 1281 loquebatur
2755 1211 2919 1265 etiam
2967 1209 3036 1265 de
3080 1224 3147 1264 eo
3184 1208 3253 1264 ad
3290 1223 3509 1270 omnes,

1921 1306 2014 1378 qui
2039 1305 2425 1361 liberationem
2454 1305 2506 1359 in
2534 1305 2733 1361 lsraele
2771 1303 3196 1373 exsiieetabaut,
3239 1301 3512 1356 liberatio-

1922 1414 2046 1454 nem
2083 1397 2264 1468 gentis
2283 1406 2339 1452 et
2363 1397 2597 1453 salutem
2617 1397 2994 1467 promulgatis.
3032 1395 3290 1450 Fortasse
3311 1391 3511 1464 aliquis

1925 1489 2240 1546 Simeonem
2275 1489 2397 1546 ideo
2430 1491 2636 1559 primas
2664 1489 2754 1544 hic
2785 1499 2968 1559 partes
2997 1487 3256 1542 habuisse
3286 1484 3510 1551 dixerit,

1923 1584 2070 1654 quod
2102 1595 2262 1655 typus
2287 1583 2446 1654 Legis
2474 1581 2659 1638 fuerit.
2697 1583 2831 1636 Nam
2861 1590 2916 1637 et
2946 1597 3142 1637 nomen
3171 1581 3351 1650 ipsum
3392 1581 3516 1632 obe-

1923 1677 2150 1731 dientem
2182 1677 2364 1740 inlert,
2396 1675 2858 1746 quemadmodum
2914 1675 3086 1728 Anna:
3119 1673 3249 1728 illud
3281 1673 3514 1743 gratiam

1923 1769 2198 1842 signiﬁcat
2231 1786 2245 1822 :
2281 1768 2337 1824 id
2375 1769 2522 1822 enim
2556 1783 2779 1834 nomen,
2817 1767 2885 1820 ad
2922 1765 3165 1836 origines
3193 1779 3324 1819 suas
3352 1778 3512 1817 revo-

233 1855 478 1912 ἀπολύων
512 1857 948 1911 συντελευτῶντα
981 1857 1097 1931 (70)
1123 1857 1202 1929 τῷ
1234 1858 1408 1929 νόμῳ,
1454 1859 1554 1930 τὴν
1583 1857 1639 1911 δὲ
1679 1857 1818 1922 τέως

1929 1871 2128 1928 catum,
2159 1862 2404 1918 denotat.
2446 1859 2592 1914 Inter
2649 1870 2946 1929 utrumque
2993 1857 3247 1913 Christus
3299 1856 3513 1926 positus

233 1946 444 2015 κατέχει
476 1950 546 2019 τῇ
578 1948 764 2018 χάριτι
815 1947 1089 2014 συζῶσαν.
1151 1949 1215 2001 Ἦ
1253 1948 1506 2018 μέντοιγε
1540 1947 1819 2018 Παρθένος

234 2039 321 2090 καὶ
362 2040 564 2110 Ἰωσὴφ
599 2040 786 2110 κοινὴν
812 2042 911 2112 τὴν
946 2043 1028 2104 είς
1053 2040 1186 2094 Θεὸν
1214 2041 1618 2105 ἀποδεδωκότες
1655 2042 1820 2113 ὑμνοο

227 2125 418 2198 λογίαν
454 2132 811 2203 ὑπέστρεψαν
843 2133 924 2196 είς
946 2131 1045 2204 τὴν
1076 2133 1390 2201 Γαλιλαίαν,
1426 2136 1506 2197 εἰς
1537 2135 1635 2204 τὴν
1664 2135 1819 2186 πόλιν

229 2223 404 2276 αὐτῶν
447 2224 730 2296 Ναζαρὲτ,
754 2226 851 2279 καὶ
895 2227 1036 2296 μετὰ
1065 2227 1476 2297 τεσσαράκοντα
1505 2227 1720 2298 ἡμέρας
1752 2227 1821 2282 τὰ

230 2313 368 2367 κατᾶ
400 2318 533 2379 τοὺς
562 2317 769 2385 μάγους
805 2317 900 2370 καὶ
930 2316 1023 2370 τὸν
1050 2317 1257 2390 ἀστέρα
1289 2318 1659 2389 διεπέπρακτο
1681 2332 1694 2346 ·
1727 2319 1822 2370 καὶ

229 2406 290 2477 δὴ
325 2408 421 2462 καὶ
445 2412 479 2480 ἡ
524 2410 608 2473 εἰς
634 2410 909 2480 Αἴγυπτον
939 2411 1132 2480 γέγονε
1164 2411 1334 2483 φυγὴ,
1365 2412 1516 2484 καὶὴ
1545 2410 1654 2466 ἀπὸ
1683 2411 1818 2464 ταύ-

227 2516 324 2572 της
355 2502 640 2568 ἐπάνοδος.

763 2773 1098 2830 ΕΡΩΤΗΣΙΣ
1145 2775 1239 2829 ΡΝ
1245 2777 1326 2832 H'.

218 3037 326 3119 Αιᾲ
379 3043 599 3119 117th?
644 3045 882 3119 Μαρία-ν
928 3044 1046 3119 τὴν
1086 3046 1548 3119 νΜαγδαληνὴν,
1598 3049 1701 3116 ἀφ’
1752 3046 1828 3119 ἧς

287 3115 660 3241 ἐκιὲεϐλήκει
711 3115 862 3168 ἑπτὰ
916 3114 1227 3183 δαιμόνια,
1264 3118 1574 3186 ἐκλέγεται
1634 3114 1668 3173 δ
1694 3114 1828 3187 Χρι-

286 3203 336 3243 σ
341 3205 374 3242 τ
417 3209 452 3255 ς
468 3201 494 3250 ἱ

1920 1963 2040 2011 erat
2063 1954 2297 2016 medius,
2320 1954 2472 2007 illum
2499 1954 2747 2024 quidem,
2775 1963 3038 2023 tanquam
3074 1966 3197 2004 eum
3241 1951 3357 2020 lege
3398 1964 3516 2002 mo-

1921 2050 2183 2112 riturum,
2215 2046 2522 2111 dimittens,
2549 2046 2693 2100 hanc
2718 2061 2845 2099 vero
2889 2059 2998 2099 una
3027 2059 3154 2098 eum
3191 2043 3366 2112 gratia
3397 2056 3508 2097 ser-

1922 2158 2058 2197 rans
2087 2141 2466 2211 superstitem.
2500 2138 2773 2194 Craterum
2801 2137 2970 2207 Virgo
3005 2135 3280 2206 etJoseph
3308 2177 3319 2199 ,
3356 2143 3515 2205 post-

1923 2249 2088 2304 quam
2136 2232 2306 2287 Deum
2357 2234 2637 2288 communi
2689 2233 2895 2302 hymno
2934 2230 3348 2286 celebraveraut
3378 2267 3392 2292 ,
3459 2229 3516 2282 in

1924 2325 2205 2380 Galilaeam
2235 2325 2673 2390 revertebantur,
2705 2325 3010 2391 urbemque
3040 2338 3197 2379 suam
3222 2321 3516 2386 Nazareth,

1927 2417 2017 2471 tibi
2049 2417 2245 2471 deinde
2262 2427 2383 2487 post
2403 2416 2766 2487 quadraginta
2797 2416 2915 2470 dies
2944 2415 3058 2481 illa,
3087 2430 3209 2484 quae
3229 2414 3296 2468 ad
3326 2429 3517 2483 magus

1925 2519 1980 2564 et
2012 2510 2223 2564 stellam
2265 2513 2576 2580 pertinent,
2625 2509 2970 2579 agebantur;
3025 2507 3171 2562 sicut
3204 2517 3259 2562 et
3295 2505 3423 2576 fuga
3464 2507 3515 2559 iu

1928 2601 2251 2674 .IEgyptum,
2283 2610 2341 2657 et
2363 2616 2430 2657 ex
2449 2617 2513 2656 ea
2542 2602 2752 2657 reditus
2781 2600 3088 2656 eveniebat.

2072 2778 2404 2852 QUIESTIO
2479 2782 2682 2839 CLVIII
2742 2783 2933 2852 [CoisL
2991 2776 3378 2849 CLXXXVIII,

2445 2855 2612 2910 Taur.
2645 2853 3004 2928 CLXXVIII].

1935 3032 2112 3103 Quare
2165 3037 2404 3091 Mariam
2459 3037 2858 3107 Magdaleuam,
2919 3052 2984 3090 ex
3033 3053 3137 3105 qua
3182 3046 3381 3101 septem
3414 3035 3525 3090 da:-

2212 3109 2387 3162 mom'a
2424 3106 2651 3175 ejcce’rat
2707 3106 2954 3161 Christus
2984 3109 3137 3174 elegit
3159 3108 3250 3158 “7?

733 3367 991 3420 Editarum
1020 3383 1050 3420 a
1072 3369 1251 3422 Wolﬁo
1293 3345 1542 3432 vigesima
1574 3369 1748 3430 prima.
1789 3368 1844 3430 (ι.
1870 3381 1916 3416 c.
1945 3380 1993 3428 p.
2022 3365 2250 3415 785-786.
2275 3365 2500 3416 Galland.
2541 3379 2591 3430 p.
2614 3364 2828 3414 7il-7l2
2849 3365 3025 3428 11.57,.

289 3537 406 3595 Τὸν
449 3532 684 3611 ἕϐδομον
717 3541 952 3612 ἀριθμὸν
985 3541 1080 3594 καὶ
1108 3541 1202 3593 ἐπὶ
1230 3541 1330 3609 τῆς
1361 3538 1564 3612 ἀρετῆς
1595 3539 1691 3593 καὶ⁵
1724 3541 1818 3594 ἐπὶ

218 3633 322 3705 τῆς
379 3631 592 3697 κακίας
641 3633 970 3704 εὑρίσκομεν
1028 3634 1128 3703 τὴν
1189 3631 1416 3705 Γραφὴν
1459 3632 1830 3704 παραλαμϐά-

222 3742 454 3779 νουσαν.
483 3725 722 3788 Εἰκότως
755 3726 822 3779 ἂν
858 3726 956 3795 τὴν
987 3725 1207 3797 Μαρίαν
1235 3726 1519 3796 ἐκλέγεται
1549 3726 1648 3799 τὴν
1669 3727 1832 3794 Μακί-

221 3817 474 3890 δαληνὴν
497 3819 524 3870 ὁ
556 3817 769 3888 Σωτὴρ,
800 3817 893 3887 ἀφ’
925 3813 994 3890 ἧς
1018 3818 1346 3890 ἐκϐεϐλήκει
1373 3819 1517 3874 ἑπτὰ
1551 3818 1830 3890 δαιμόνια,

226 3910 315 3964 ἵνα
343 3912 446 3964 τὸν
472 3910 711 3980 ἄρχοντα
745 3911 849 3980 τῆς
899 3911 1098 3974 κακίας
1146 3911 1214 3963 δι’
1244 3913 1416 3982 αὐτῆς
1455 3913 1705 3984 ἀπελάσῃ
1735 3914 1835 3983 τῆς

224 4004 590 4078 ἀνθρωπίνης
616 4004 857 4073 φύσεως.
877 4005 1023 4068 Ὅτι,
1047 4004 1214 4074 φησιν
1238 4006 1400 4074 (70'),
1419 4009 1476 4059 αἱ
1492 4006 1834 4078 ἱστορίαιτὴν

225 4097 609 4168 Μαγδαληνὴν
635 4096 841 4167 ταύτην
871 4097 960 4151 διὰ
986 4097 1104 4168 βίου
1151 4097 1423 4168 παρθένον
1470 4098 1832 4154 διδάσκουσιν.

228 4192 343 4246 Καὶ
383 4191 700 4263 μαρτύριον
749 4191 806 4244 δὲ
851 4192 1025 4262 αὐτῆς
1053 4191 1307 4262 φέρεται,
1341 4193 1399 4244 ἐν
1489 4191 1716 4260 λέγεται
1745 4192 1836 4245 διὰ

225 4285 326 4356 τὴν
381 4285 570 4358 ἄκραν
626 4284 800 4355 αὐτῆς
853 4283 1153 4356 παρθενίαν
1199 4285 1295 4337 καὶ
1335 4283 1708 4356 καθαρότητα,
1759 4285 1836 4348 ὼς

227 4376 398 4434 ὕαλον
435 4378 613 4449 αὐτὴν
671 4377 914 4449 καθαρὸν
947 4380 1061 4442 τοῖς
1115 4377 1471 4448 βασανισταῖς
1518 4375 1831 4446 φαίνεσθαι.

227 4469 380 4540 Ὅτι,
406 4473 605 4546 φησὶν,
638 4472 783 4544 μετὰ
811 4473 910 4545 τὴν
935 4473 1195 4545 κοίμησιν
1228 4471 1329 4544 τῆς
1355 4471 1656 4541 Δεσποίνης
1679 4470 1836 4542 ἡμῶν

226 4565 511 4621 Θεοτόκου
548 4565 874 4637 πορευθεῖσα
899 4565 979 4631 είς
1012 4564 1247 4634 Ἔφεσον
1269 4563 1405 4636 πρὸς
1423 4563 1513 4617 τὸν
1541 4563 1835 4634 ἠγαπημέ-

227 4674 320 4711 νον
374 4656 639 4729 μαθητὴν
673 4693 689 4721 ,
737 4659 918 4711 ἐκεῖσε
959 4657 1051 4710 τὸν
1081 4657 1282 4727 δρόμον
1337 4656 1432 4709 τὸν
1477 4654 1837 4708 ἁποστολικὸν

226 4749 320 4804 διὰ
341 4750 442 4804 τοῦ
472 4750 777 4822 μαρτυρίου
799 4751 833 4820 ἠ
853 4750 1161 4823 μυροφόρος
1184 4749 1377 4819 Μαρία
1401 4748 1742 4812 ἐτελείωσεν,
1763 4747 1837 4817 μὴ

2017 3539 2326 3596 Numerum
2388 3541 2760 3612 scpteuarium
2813 3557 2846 3594 a
2905 3539 3188 3612 Scriptura
3253 3557 3410 3599 sacra
3475 3545 3528 3600 iu

1935 3634 2156 3690 virtutis
2216 3650 2372 3706 aeque
2437 3650 2503 3692 ac
2559 3634 2846 3706 pravitatis
2889 3635 3126 3707 negotiis
3167 3637 3417 3692 adhiberi
3445 3638 3530 3691 iu-

1937 3729 2210 3785 venimus.
2248 3728 2562 3785 Verisimile
2588 3730 2754 3802 igitur
2787 3732 2865 3799 Iit,
2899 3728 3248 3786 Servatorem
3280 3742 3530 3787 nostrum

1937 3819 2339 3891 Magdalenam,
2402 3838 2434 3879 e
2489 3839 2596 3894 qua
2659 3833 2868 3895 septem
2941 3825 3215 3879 daamonia
3269 3825 3530 3896 ejccerat,

1938 3914 2063 3970 ideo
2103 3916 2355 3987 elegisse,
2403 3925 2463 3970 ut
2494 3916 2678 3972 omnis
2709 3916 2930 3972 malitia:
2959 3928 3241 3973 auctorem
3282 3933 3378 3988 per
3411 3935 3531 3973 eam

1939 4007 2009 4061 ab
2039 4007 2325 4063 hominum
2355 4021 2551 4064 natura
2583 4010 2901 4080 depelleret.
2927 4012 3017 4064 Ait
3036 4013 3185 4065 enim
3244 4011 3530 4066 historiam

1941 4099 2156 4155 tradere
2213 4098 2592 4170 Magdalenam
2659 4103 2831 4170 illam,
2891 4103 3071 4172 quoad
3111 4103 3328 4169 vixerit,
3365 4105 3534 4172 virgi»

1939 4206 2066 4246 nem
2105 4193 2399 4248 mansisse.
2461 4191 2518 4247 In
2551 4192 2717 4264 hujus
2750 4196 2830 4249 rei
2864 4204 3252 4265 argumentum
3283 4195 3530 4261 atl‘ertur,

1939 4285 2085 4355 quod
2119 4301 2216 4355 per
2245 4301 2517 4340 summam
2549 4302 2708 4341 suam
2744 4287 3118 4358 virginitatem
3156 4296 3212 4342 et
3234 4289 3531 4358 puritatem

1939 4378 2119 4434 instar
2147 4378 2392 4450 crystalli
2420 4378 2701 4449 purissimi
2732 4380 3532 4451 apparueritcirploratorihus.

1942 4470 2034 4526 Ait
2075 4485 2318 4541 quoque,
2352 4469 2603 4538 Mariam,
2639 4487 2762 4542 quae
2811 4483 3150 4544 unguentum
3183 4475 3532 4541 attulerat”,

1942 4569 2067 4632 post
2127 4561 2338 4616 obitum
2395 4562 2642 4617 Dominae
2690 4571 2892 4618 nostrre
2932 4563 3198 4634 Dciparte,
3255 4563 3533 4630 Ephesum

1941 4652 2011 4707 ad
2074 4651 2404 4723 discipulum
2473 4653 2882 4710 amatissimum
2954 4655 3281 4725 profectam,
3326 4656 3531 4711 ibidem

1944 4759 2171 4799 cursum
2232 4760 2392 4800 suum
2443 4747 2806 4816 apostolicum
2851 4748 3118 4819 martyrio
3185 4749 3532 4811 absolvisse,

228 4818 527 4915 θελήσασα
559 4818 726 4912 μέχρι
919 4818 1180 4910 τελευτῆς
1221 4818 1559 4910 χωρισθῆναι
1584 4838 1700 4910 (τι)
1741 4838 1823 4891 τοῐ

1943 4853 2065 4908 quae
2093 4853 2123 4890 a
2156 4835 2405 4904 Joanneg,
2448 4839 2659 4909 virgine
2713 4849 2769 4896 et
2831 4818 3186 4911 evangelista,
3247 4857 3424 4912 usque
3467 4842 3535 4895 ad

301 5037 350 5072 ⁸⁷
381 5036 530 5095 Luc.
557 5052 676 5099 vm,
708 5036 763 5088 2.
804 5033 850 5066 ⁸⁸
873 5029 1059 5084 Matth.
1097 5045 1244 5095 χχιιι,
1274 5028 1305 5082 7
1331 5046 1344 5096 ;
1369 5027 1529 5086 Joan.
1562 5047 1636 5096 χι,
1668 5031 1723 5084 9..

1789 5185 2024 5242 NOTAE.

303 5340 452 5416 (68‘)
472 5337 774 5416 _I_Ioc__man
805 5351 868 5391 ex
909 5334 1060 5390 Colb.
1097 5350 1194 5416 pro
1222 5330 1568 5416 προσλαϐεἰντ

306 5401 551 5485 (ὕθλβκ
583 5411 746 5485 Ηεὺΐο
779 5418 942 5473 rm,
965 5401 1111 5475 quod
1138 5401 1323 5485 aadire
1339 5412 1394 5458 et
1431 5402 1642 5485 obedire
1673 5401 1845 5482 signi-

234 5472 392 5541 ﬁcat.
412 5472 576 5552 'Hinc
634 5472 862 5552 Πέτρος,
895 5472 1143 5552 respectu
1178 5475 1365 5552 habito
1395 5473 1460 5552 a_d
1492 5488 1692 5552 nomen
1723 5472 1843 5541 ejus

235 5557 509 5616 alterum,
541 5541 762 5615 Simon:
788 5541 1089 5617 explica—tur
1116 5562 1211 5618 per
1233 5543 1524 5600 ὑπακούων
1559 5543 1612 5596 in
1642 5541 1844 5599 Lexico

235 5625 586 5670 Origeniann
637 5622 779 5670 amid
831 5617 1310 5670 Montefalconium
1378 5631 1432 5670 1).
1483 5614 1612 5668 25!.
1640 5613 1842 5670 CODICI'

1377 5631 1432 5686 p.
1483 5629 1612 5668 τοι.
1640 5629 1842 5670 υοηιυι·

235 5625 586 5697 Origeniauo
637 5622 785 5697 apud
831 5617 1310 5697 hlqntefalconirini

234 5687 515 5752 Dru'sium
541 5696 607 5750 de
639 5687 875 5748 Vocibus
902 5690 1068 5744 Hebr.
1103 5687 1169 5744 Ν.
1206 5688 1271 5746 Τ.

311 5767 462 5839 (69')
493 5763 570 5819 Ex
594 5762 761 5820 Hebr.
798 5772 881 5853 In,
914 5759 1111 5832 gratia.

467 5883 741 5944 PATROL.
790 5881 910 5945 Gn.
958 5881 1056 5943 CI.

2026 5328 2141 5400 (70)
2161 5326 2318 5400 Coto.
2356 5346 2453 5400 pro
2484 5327 2903 5400 ἐντελευτῶντα.

2021 5399 2170 5472 (70“)
2202 5397 2423 5465 Nescio,
2472 5417 2639 5472 quem
2687 5399 2776 5472 hic
2827 5400 3022 5454 innuat
3061 5397 3312 5466 Photlus,
3344 5399 3543 5471 cuique

1953 5469 2097 5526 hanc
2143 5469 2580 5527 eliseriationein
2612 5469 2829 5525 debeat.

2021 5541 2135 5613 (71)
2162 5541 2439 5612 Παρθένος
2467 5540 2786 5613 Grecis__vi_r
2813 5554 3043 5613 quoque
3065 5538 3286 5613 dicitur.
3319 5542 3414 5610 qui
3466 5540 3549 5613 fe:

1955 5609 2160 5668 minam
2204 5609 2309 5668 neu
2366 5613 2605 5680 agnovit.
2661 5609 2795 5664 Vide
2832 5609 3144 5666 ’JEmilium
3192 5609 3418 5667 Portum
3471 5609 3543 5664 ad

1959 5684 2208 5752 Suidam,
2246 5694 2377 5740 tom.
2413 5685 2453 5747 Ι,
2488 5699 2540 5754 p.
2575 5683 2628 5738 ὃ.
2667 5682 2797 5738 edit.
2837 5681 3185 5738 liustcriauzi.

3065 5872 3144 5930 ΞΠ
