4110 6428
544 320 657 385 835

1716 318 1981 379 PHOTII
2026 320 2530 381 PATRIABCH/E
2560 321 2669 380 ΟΡ.

3728 326 3834 388 836

542 440 665 494 vit-.e
694 438 856 493 ﬁnem
906 436 1088 492 divelli
1132 436 1390 493 noluerit.
1456 435 1609 493 Sicut
1666 452 1861 507 porro,
1928 438 2125 507 inquit,

2240 439 2511 511 παρθένοῦ
2592 438 2685 492 καὶ
2744 438 3132 508 εὐαγγελιστοῦ
3212 439 3460 494 Ἰωάννου
3493 440 3651 513 (71⁸).
3702 445 3835 497 Ὠσ-

542 537 761 603 Petrus,
820 535 1199 604 apostolorum
1235 534 1466 604 primus,
1512 550 1709 589 nomen
1733 550 1894 589 suum
1927 551 1994 589 ex
2028 537 2131 590 [ide

542 628 788 692 immota,
820 642 986 696 quam
1030 627 1083 681 in
1113 627 1393 681 Christum
1443 637 1649 697 petram
1682 628 1965 698 probabat,
2032 645 2128 684 ac-

543 721 721 789 cepit;
752 721 825 773 ita
853 720 943 774 illa
964 736 1206 790 quoque,
1240 730 1497 791 tanquam
1520 720 1911 791 discipularum
1932 721 2129 790 prima,

539 823 765 882 propter
808 813 1103 883 puritatem
1165 829 1320 867 suam
1368 823 1423 867 et
1472 814 1844 875 desiderium,
1910 828 2022 882 quo
2076 813 2129 867 in

542 904 695 957 illum
742 902 1041 969 ferebatur,
1103 919 1133 957 a
1193 903 1487 959 Servatore
1527 906 1741 967 eodem,
1782 919 1893 974 quo
1934 903 2129 965 Mater,

545 997 770 1053 nomine
803 1006 889 1053 est
946 998 1226 1067 insignita.
1286 997 1758 1064 Quemadmodum
1812 997 1997 1065 itaque
2052 997 2134 1050 di-

544 1089 885 1158 scipulorum
943 1089 1145 1143 chorus
1199 1088 1490 1142 Dominum
1518 1089 1869 1158 sequebatur,
1907 1088 1980 1141 ila
2012 1103 2135 1141 mu-

543 1179 761 1241 lierum,
824 1177 1864 1248 Dominidisciplinamrecipientium,
1926 1192 2131 1231 corona

540 1273 716 1324 nostri
774 1270 985 1324 Domini
1029 1268 1255 1324 Matrem
1301 1271 1750 1325 consectabatur.
1793 1268 2133 1323 Mirabantur

534 1364 704 1427 enim,
730 1362 927 1432 inquit,
957 1363 1250 1431 aliquando
1274 1362 1553 1433 discipuli,
1578 1361 1723 1432 quod
1757 1376 1881 1415 cum
1908 1361 2137 1415 muliere

542 1457 952 1527 loquebatur”.
1019 1455 1096 1509 Ex
1137 1472 1247 1526 quo
1293 1455 1647 1509 manifestum
1717 1465 1801 1509 est
1840 1454 2129 1508 Dominum

544 1545 597 1598 id
631 1546 849 1615 quidem
887 1562 987 1599 usu
1019 1556 1297 1615 receptum
1322 1561 1429 1598 non
1461 1545 1737 1600 habuisse.
1792 1543 1928 1599 Cum
1951 1544 2136 1613 itaque

539 1636 711 1691 Mater
758 1636 971 1691 Domini
1006 1636 1284 1707 Evangelii
1327 1653 1553 1692 cursum
1602 1652 1709 1690 una
1738 1652 1862 1691 cum
1914 1634 2053 1690 Filio
2083 1644 2137 1689 et

539 1745 726 1785 rerum
755 1730 1053 1785 Conditore
1096 1732 1444 1800 provelicret,
1499 1730 1781 1794 mulieres,
1844 1743 1967 1799 quae
2014 1743 2135 1783 eam

2238 550 2365 603 περ,
2417 532 2604 602 φησὶν,
2644 532 2930 602 ήάπαρχὴ
2974 530 3085 584 τῶν
3127 532 3440 588 ἀποστόλων
3463 534 3667 604 Πέτρος
3700 534 3837 589 ὠνο-

2239 624 2421 693 μάσθη
2474 625 2561 677 διὰ
2616 624 2714 694 τὴν
2770 625 3069 678 ἀσάλευτον
3127 626 3347 690 πίστιν,
3411 629 3477 697 ἢν
3532 623 3680 699 εἶχεν
3738 630 3836 685 ἐπὶ

2236 716 2471 786 Χριστὸν
2521 714 2620 787 τὴν
2657 717 2866 787 πέτραν
2890 733 2903 745 ·
2938 716 3081 770 οὕτω
3129 718 3222 770 καὶ
3251 717 3412 787 αὐτὴ,
3450 719 3693 790 ἀρχηγὸς
3719 722 3831 775 τῶν

2247 808 2567 879 μαθητριῶν
2598 810 2890 881 γενομένη,
2917 810 3005 863 διὰ
3034 810 3135 879 τὴν
3156 810 3502 882 καθαρότητα
3535 814 3709 883 αὐτῆς
3737 815 3831 866 καὶ

2236 901 2328 954 τὸν
2362 903 2543 967 πόθον,
2572 902 2631 955 ὃν
2662 898 2808 972 εἶχεν
2842 906 2920 965 εἰς
2969 902 3152 967 αὑτὸν,
3205 903 3395 973 Μαρία
3424 904 3735 974 ὁμωνύμως
3764 907 3831 974 τῇ

2236 994 2422 1065 Μητρὶ
2448 995 2601 1065 παρά
2625 993 2717 1047 τοῦ
2750 995 3000 1066 Σωτῆρος
3025 995 3462 1066 προσηγόρευται
3488 1013 3505 1030 ο
3536 995 3727 1066 ὥσπερ
3757 997 3836 1068 τῷ

2239 1085 2489 1159 Δεσπότῃ
2513 1084 2623 1137 τῶν
2648 1084 2910 1155 μαθητῶν
2955 1083 3243 1154 ἠκολούθει
3300 1086 3331 1137 ό
3362 1084 3545 1154 χορὸς,
3588 1082 3733 1137 οὕτω
3762 1087 3829 1154 τῇ

2238 1175 2507 1246 Δεσποίνῃ
2538 1175 2632 1228 καὶ
2669 1176 2854 1245 Μητρὶ
2883 1173 2977 1226 τοῦ
3003 1173 3210 1244 Κυρίου
3243 1172 3345 1227 τῶν
3368 1173 3836 1244 μαθητευομὲνων

2237 1264 2512 1332 γυναικῶν
2558 1265 2587 1316 ὁ
2638 1265 2820 1335 χορός.
2866 1262 3206 1333 Ἐθαύμαζον
3237 1263 3366 1333 γὰρ,
3403 1264 3588 1332 φησὶν,
3624 1263 3756 1316 ποτὲ
3781 1263 3833 1315 οι

2240 1357 2505 1428 μαθηταὶ,
2538 1358 2619 1411 ὅτι
2680 1356 2818 1427 μετά
2862 1355 3115 1424 γυναικὸς
3156 1356 3358 1410 ἑλάλει.
3391 1356 3583 1426 Δῆλον,
3631 1356 3706 1419 ὼς
3733 1356 3834 1410 οὐκ

2238 1448 2404 1520 οὔσης
2433 1450 2688 1518 τοιαύτης
2721 1447 3019 1517 συνηθείας
3048 1445 3128 1516 τῷ
3152 1446 3365 1517 Κυρίῳ,
3389 1445 3526 1499 ἀλλά
3543 1445 3634 1498 τὸν
3662 1447 3830 1514 εὐαγ-

2240 1538 2458 1607 γελικὸν
2499 1538 2700 1609 δρόμον
2746 1537 2843 1607 τῆς
2888 1536 3113 1607 Μητρὸς
3168 1535 3266 1589 τοῦ
3322 1536 3600 1589 Δεσπότου
3644 1535 3832 1599 συνεξ-

2238 1631 2509 1701 ανυούσης
2535 1632 2613 1704 τῷ
2642 1631 2754 1703 Υξῷ
2782 1632 2876 1685 καὶ
2904 1628 3252 1701 Δημιουργῷ,
3285 1629 3380 1683 καὶ
3403 1629 3567 1684 αὑταὶ
3598 1646 3831 1683 συνακο-

2238 1724 2529 1777 λουθοῦσαι
2560 1724 2699 1794 αὐτῇ
2732 1722 2810 1793 τῷ
2831 1722 2998 1793 κοινῷ
3020 1722 3272 1795 Δεσπότῃ
3304 1722 3370 1775 ὲκ
3406 1721 3519 1774 τῶν
3554 1722 3831 1793 ὑπαρχόν-

537 1822 966 1888 comitabantur,
1000 1823 1283 1877 commnni
1306 1822 1539 1877 Domino
1571 1822 1803 1891 ejusque
1837 1819 2125 1892 discipulis

2240 1835 2340 1871 των
2401 1818 2591 1882 αὑταῖς
2641 1817 3001 1887 ἀναγκαίοις,
3065 1818 3161 1871 καὶ
3208 1818 3323 1880 τοῖς
3385 1816 3657 1886 μαθηταῖς
3717 1814 3835 1884 διη-

535 1929 603 1967 ex
632 1912 988 1971 facultatibus
1020 1918 1136 1971 suis
1173 1914 1586 1970 ministrabant.

537 2068 865 2135 QUASSTIO
897 2069 1056 2127 CLIX
1076 2070 1261 2144 [CoisL
1288 2069 1624 2135 CLXXXIX,
1652 2067 2133 2140 Taur.CLXXIXJ.

539 2248 680 2314 Quid
707 2251 974 2321 signiﬁcat
1010 2250 1146 2303 illud
1178 2266 1195 2303 :
1254 2270 1270 2301 ι
1292 2251 1374 2303 Ex
1405 2266 1484 2303 me
1512 2250 1623 2317 ipso
1649 2264 1752 2302 non
1784 2248 2032 2318 loquor”
2061 2249 2082 2301 ?
2107 2268 2125 2300 ι

2245 1910 2457 1965 κόνουν.

2754 2066 3092 2120 ΕΡΩἸἮΣΙΣ
3154 2063 3322 2119 ΡΝΘ’.

2336 2248 2397 2302 Τί
2434 2246 2567 2301 ἐστι
2601 2248 2669 2300 τό
2687 2263 2700 2277 ·
2738 2264 2757 2297 ι
2787 2246 2937 2316 Ἐγὼ
2965 2246 3067 2302 ἀπ’
3096 2245 3357 2316 ἐμαυτοῦ
3384 2247 3457 2301 οὐ
3486 2246 3653 2300 λαλῶ
3675 2262 3696 2312 ;
3734 2263 3755 2298 ι

940 2432 1196 2481 Editarum
1218 2446 1245 2480 a
1270 2429 1448 2480 Wolﬁo
1471 2428 1708 2493 vigesima
1731 2430 1947 2481 secunda
1974 2432 2033 2494 (1.
2056 2444 2123 2493 c.,
2147 2445 2195 2494 p.
2221 2430 2447 2482 786-789.
2478 2428 2703 2479 Galland.
2734 2430 2767 2478 l.
2796 2442 2823 2477 c
2848 2467 2861 2491 ,
2886 2444 2933 2492 p.
2959 2428 3169 2478 ’ΜΞ-745
3196 2442 3244 2477 n.
3267 2429 3372 2491 38).

614 2606 1057 2663 Pseudomessim
1085 2620 1153 2659 ex
1185 2620 1243 2659 se
1268 2606 1406 2675 ipsis
1428 2604 1819 2675 loquebantur,
1854 2619 1964 2659 non
2000 2621 2131 2659 vero

535 2716 605 2756 ex
637 2700 774 2769 lege,
813 2712 915 2752 nec
965 2712 1029 2751 ex
1077 2696 1382 2767 prephetis,
1417 2697 1512 2750 sed
1558 2711 1625 2751 ex
1652 2712 1751 2751 sua
1771 2698 2037 2752 sententia
2080 2706 2134 2751 et

537 2790 789 2845 arbitrio.
859 2788 1061 2841 Contra
1110 2785 1369 2841 Servatur
1436 2804 1466 2842 a
1510 2786 1625 2859 lege
1674 2804 1778 2842 non
1823 2788 2130 2853 recedebat,

538 2896 651 2937 non
712 2881 1001 2935 omittebat
1041 2879 1359 2949 prophetas,
1419 2879 1516 2935 sed
1547 2880 1786 2945 dicebat,
1838 2896 1988 2935 nunc
2011 2879 2134 2949 qui-

537 2974 661 3029 dem
693 2990 705 3026 :
744 2974 949 3027 «Recte
1000 2972 1138 3027 dixit
1162 2972 1394 3027 Isaias“
1420 2989 1435 3039 ;
1460 2990 1478 3024 ι
1516 2987 1662 3027 nunc
1696 2986 1828 3027 vero
1858 2992 1870 3027 :
1902 2991 1919 3024 ι
1942 2970 2137 3026 Nonne

541 3066 593 3117 in
653 3064 769 3133 lege
805 3071 991 3117 vestra
1022 3062 1287 3131 scriptum
1328 3062 1505 3128 est",
1536 3082 1553 3115 ι
1606 3070 1660 3117 et
1715 3064 1952 3134 plurima
1984 3063 2135 3133 ejus-

541 3157 688 3211 modi
740 3156 867 3210 alia.
946 3154 1217 3221 Quoniam
1279 3156 1467 3225 igitur,
1520 3157 1615 3226 qui
1670 3165 1797 3212 ante
1848 3155 2133 3211 Christum

2313 2606 2376 2658 Οἱ
2400 2603 2779 2674 ψευδόχριστοι
2801 2604 2892 2673 ἀφ’
2923 2603 3133 2657 ἑαυτῶν
3165 2603 3413 2670 ἐλάλουν,
3432 2605 3533 2659 οὐκ
3554 2607 3619 2660 ὲκ
3640 2608 3835 2678 νόμου,

2241 2700 2343 2751 οὐκ
2374 2700 2438 2751 ἑκ
2477 2698 2798 2769 προφητῶν,
2858 2699 2975 2752 ἀλλ’
3002 2699 3110 2751 ἀπὸ
3153 2700 3253 2770 τῆς
3284 2699 3421 2763 ἰδίας
3454 2700 3686 2772 γνώμης
3739 2703 3839 2756 καὶ

2241 2789 2420 2861 ὁρμῆς
2446 2803 2459 2816 ·
2492 2788 2521 2840 ὁ
2553 2788 2609 2841 δὲ
2634 2789 2826 2860 Σωτὴρ
2853 2790 2954 2842 οὐκ
2980 2790 3195 2861 ἀπέστη
3229 2790 3419 2861 νόμου,
3452 2792 3553 2844 οὐκ
3599 2794 3837 2861 ἑγκαταο

2242 2880 2494 2933 λέλοιπεν
2547 2882 2856 2950 προφήτας,
2910 2881 3028 2935 ἀλλ’
3062 2881 3218 2951 ἔλεγε
3262 2881 3357 2936 νῦν
3402 2882 3522 2952 μὲν,
3563 2903 3583 2935 ι
3636 2884 3835 2948 Καλῶς

2242 2970 2397 3026 εἶπεν
2441 2973 2691 3037 Ἡσαΐας·
2730 2972 2825 3026 νῦν
2853 2974 2929 3040 δὲ,
2968 2992 2985 3025 ι
3023 2975 3100 3028 Οὐ
3126 2974 3440 3046 γέγραπται
3476 2980 3534 3029 ὲν
3576 2975 3654 3046 τῷ
3687 2977 3843 3047 νόμῳ

2244 3065 2417 3135 ὑμῶν,
2445 3085 2462 3117 ι
2489 3066 2582 3119 καὶ
2612 3066 2783 3138 μυρία
2813 3066 3059 3120 τοιαῦτα.
3080 3068 3234 3120 Ἐπεὶ
3254 3067 3347 3121 οὖν
3373 3069 3421 3121 οἱ
3447 3067 3695 3133 ἐλθόντες
3729 3068 3840 3139 πρὸ

2240 3159 2502 3229 Χριστοῦ,
2538 3162 2633 3213 καὶ
2661 3160 2721 3212 τὸ
2743 3159 2955 3213 ἐκείνου
2984 3160 3305 3232 περιθέντες
3333 3162 3548 3224 ἑαυτοῖς
3590 3160 3839 3231 κακούρ-

538 3249 858 3312 veniebant,
916 3248 1149 3318 ejusque
1200 3263 1400 3302 nomen
1458 3248 1596 3303 male
1641 3248 1747 3304 sibi
1794 3248 2131 3314 tribuebant,

2240 3268 2350 3319 γως
2379 3252 2574 3321 ὄνομα,
2607 3253 2709 3305 οὐκ
2740 3253 2849 3306 ἀπὸ
2880 3253 2992 3307 τῶν
3022 3254 3185 3325 ἱερῶν
3214 3253 3467 3326 Γραφῶν,
3495 3253 3610 3308 ἀλλ’
3646 3256 3711 3308 ἑκ
3738 3256 3841 3325 τῆς

539 3354 650 3393 non
686 3355 752 3393 ex
784 3338 960 3395 sacris
1007 3338 1250 3404 Litteris,
1277 3340 1371 3394 sed
1411 3356 1478 3394 ex
1514 3356 1613 3395 sua
1646 3340 1884 3396 amentia
1918 3354 2136 3395 errores

539 3431 823 3497 serebant;
856 3430 982 3485 ideo
1045 3428 1310 3485 Servator
1346 3440 1533 3485 noster
1577 3432 1654 3486 ait
1692 3450 1705 3485 :
1743 3450 1764 3484 ι
1798 3432 1910 3502 Ego
1946 3445 2014 3485 ex
2048 3445 2137 3485 me

540 3518 661 3587 ipso
701 3534 811 3573 non
841 3517 1064 3587 loquor,
1096 3519 1239 3574 sicut
1262 3520 1395 3575 illi.»
1453 3519 1532 3574 Ex
1555 3536 1613 3576 se
1648 3521 1764 3591 ipso
1800 3522 1947 3576 enim
1984 3521 2135 3591 loqui

540 3608 685 3663 idem
735 3618 841 3672 est,
897 3617 1061 3679 atque
1099 3620 1297 3680 praeter
1344 3611 1687 3681 Seripturam
1716 3627 1929 3666 sacram
1960 3612 2131 3682 loqui.

541 3703 700 3767 Quod
782 3717 911 3757 vero
971 3702 1513 3772 pseudomessiarum
1578 3714 1631 3758 et
1690 3704 2135 3774 pseudoprophe-

543 3801 723 3847 tarum
775 3790 869 3856 sit,
929 3808 948 3842 ι
974 3806 1042 3845 ex
1070 3806 1129 3846 se
1154 3791 1290 3861 ipsis
1320 3793 1534 3862 loqui,»
1577 3793 1632 3847 id
1700 3791 1846 3849 Deus
1892 3795 2009 3864 ipse
2040 3808 2137 3863 per

541 3880 867 3952 prophetam
897 3879 1240 3935 Ezechielem
1288 3889 1640 3946 testatusest,
1693 3880 1884 3936 dicens
1924 3896 1938 3934 :
1987 3877 2134 3933 «Non

541 3971 674 4028 misi
716 3986 958 4040 eos;ex
1016 3987 1078 4028 se
1132 3972 1267 4043 ipsis
1317 3981 1446 4028 sunt
1492 3973 1695 4041 locuti;
1747 3989 1816 4028 ex
1841 3974 2005 4028 corde
2033 3987 2137 4028 suo

542 4068 915 4137 loquuntur.»
981 4065 1253 4131 Quoniam
1312 4065 1498 4136 itaque
1546 4066 2042 4137 pseudoprophetze
2069 4081 2136 4120 ex

542 4175 603 4216 se
635 4158 770 4229 ipsis
797 4156 1188 4228 loquebantur,
1243 4157 1387 4213 hanc
1437 4158 1735 4212 amentiam
1770 4173 1801 4212 a
1838 4172 1898 4213 se
1942 4157 2137 4213 amoli-

541 4262 655 4307 tur.
698 4249 952 4322 lmproba
981 4249 1129 4305 enim
1163 4248 1483 4304 Judaaorum
1532 4265 1664 4320 gens
1693 4266 1946 4307 erronem
1979 4250 2135 4305 illum

541 4358 707 4409 esse,
785 4352 841 4398 et
924 4342 1193 4399 mundum
1262 4350 1574 4413 pervertere
1674 4344 2135 4399 calumniabatur.

541 4435 841 4504 Propterea
898 4434 1084 4490 aiebat
1116 4452 1132 4490 :
1188 4454 1207 4487 ι
1234 4433 1345 4507 Ego
1375 4451 1442 4492 ex
1470 4451 1559 4491 me
1585 4436 1705 4507 ipso
1732 4452 1841 4491 non
1868 4438 2088 4508 loquor,
2112 4456 2131 4490 ι

541 4527 637 4601 sed
678 4542 745 4582 ex
786 4526 923 4597 lege,
989 4542 1056 4582 ex
1086 4528 1370 4599 prophetis
1410 4545 1424 4583 :
1471 4544 1595 4597 quae
1621 4544 1689 4582 ex
1731 4529 1892 4584 Patre
1915 4530 1969 4584 in
1996 4530 2133 4600 lege,

2245 3343 2383 3406 ἰδίας
2419 3344 2682 3408 ἀπονοίας
2703 3344 2772 3398 τά
2811 3345 2915 3417 τῆς
2967 3346 3181 3415 πλάνης
3223 3346 3654 3417 προυϐάλλοντο,
3686 3345 3841 3415 λέγει

2237 3438 2266 3489 ό
2288 3435 2482 3506 Σωτήρ
2512 3449 2527 3464 °
2570 3454 2589 3489 ι
2633 3436 2775 3505 Ἐγὼ
2811 3438 2906 3491 ἀπ’
2937 3438 3182 3509 ἐμαυτοῦ
3212 3441 3271 3492 οὐ
3295 3439 3461 3503 λαλῶ,
3485 3439 3674 3512 ὥσπερ
3693 3442 3844 3495 ὲκεῖ-

2240 3544 2340 3581 νοι.
2381 3546 2401 3580 ι
2432 3528 2504 3581 Τὸ
2537 3528 2648 3600 γὰρ
2673 3530 2769 3598 ἀφ’
2809 3529 3009 3583 ἑαυτοῦ
3040 3530 3245 3597 λαλεῖν,
3277 3530 3340 3584 τὸ
3379 3530 3486 3595 ἔξω
3516 3529 3625 3584 τῶν
3673 3530 3841 3602 ἱερῶν

2239 3620 2475 3692 Γραφῶν
2514 3624 2630 3676 ἑστι
2680 3622 2883 3678 λαλεῖν.
2920 3624 3041 3677 Ὅτι
3069 3623 3127 3676 δὲ
3172 3624 3235 3677 τὸ
3269 3624 3363 3691 ἀφ’
3408 3624 3601 3677 ἑαυτοῦ
3653 3624 3843 3678 λαλεῖν

2241 3711 2646 3783 ψευδοχρίστων
2667 3715 2784 3767 ἐστὶ
2806 3715 2901 3769 καὶ
2929 3715 3418 3787 ψευδοπροφητῶν,
3447 3716 3596 3785 λέγει
3630 3717 3717 3770 διὰ
3739 3716 3839 3770 τοῦ

2240 3806 2523 3877 προφήτου
2544 3805 2638 3860 τοῦ
2677 3806 2926 3879 Ἐζεκιὴλ
2958 3806 3069 3877 (72)
3100 3811 3127 3862 ό
3149 3808 3282 3872 Θεός
3302 3824 3315 3838 ·
3349 3828 3368 3860 ι
3398 3810 3511 3863 Οὐκ
3540 3809 3840 3863 ἀπέστειλα

2239 3897 2458 3963 αὐτοὺς,
2484 3899 2579 3968 ἀφ’
2618 3898 2826 3953 ἑαυτῶν
2852 3900 3155 3971 ἐλάλησαν·
3181 3901 3245 3954 ὲκ
3264 3900 3364 3971 τῆς
3394 3901 3625 3974 καρδίας
3655 3900 3839 3955 αὐτῶν

2240 3989 2592 4059 φθέγγονται.
2634 4011 2653 4044 ι
2702 3992 2858 4046 Ἐπεί
2893 3989 2988 4046 οὖν
3010 3994 3058 4046 οἱ
3089 3992 3541 4065 ψευδοπροφῆται
3565 3994 3661 4064 ἀφ’
3705 3995 3837 4048 ἑαυ-

2238 4082 2349 4135 τῶν
2389 4085 2714 4156 ἐκήρυττον,
2754 4085 2962 4157 ταύτην
2992 4087 3363 4159 ἀποδυόμενος
3408 4088 3508 4159 τὴν
3574 4088 3837 4143 ἀπόνοιαν

2243 4176 2488 4247 (καὶγὰρ
2518 4178 2820 4250 ὲδυσφήμει
2851 4179 2985 4250 (72¹)
3019 4180 3080 4233 τὸ
3109 4181 3404 4252 ἀχάριστον
3424 4182 3532 4235 τῶν
3569 4182 3836 4236 Ἰουδαίων

2241 4267 2395 4332 ἔθνος
2439 4268 2642 4325 πλάνον
2696 4270 2857 4324 αὐτὸν
2889 4271 3007 4343 (7⁸5)
3055 4274 3149 4327 καὶ
3202 4273 3413 4345 πλανᾷν
3466 4274 3558 4327 τὸν
3599 4274 3830 4342 κόσμον)

2240 4360 2328 4413 διὰ
2350 4359 2510 4415 τοῦτο
2539 4361 2725 4431 ἔλεγεν
2741 4378 2756 4393 ·
2778 4382 2797 4417 ι
2821 4363 2963 4435 Ἐγὼ
2988 4365 3082 4419 ἀπ’
3110 4365 3353 4437 ἑμαυτοῦ
3377 4365 3439 4420 οὐ
3466 4364 3635 4431 λαλῶ,
3670 4385 3690 4419 ι
3719 4366 3833 4420 ἀλλ’

2239 4453 2351 4507 ἀπὸ
2384 4453 2578 4522 νόμου,
2613 4456 2723 4510 ἀπὸ
2770 4455 2879 4511 τῶν
2925 4458 3247 4529 προφητῶν,
3281 4459 3383 4514 ὅσα
3434 4460 3645 4531 ἥκουσα
3679 4458 3833 4530 παρά

2240 4546 2334 4600 τοῦ
2369 4548 2583 4618 Πατρός
2610 4549 2667 4602 ὲν
2695 4551 2864 4622 νόμῳ,
2896 4550 2954 4605 ὲν
2974 4553 3317 4623 προφήταις·
3355 4553 3420 4606 ἑκ
3449 4551 3747 4624 προσώπου
3778 4551 3837 4604 δὲ

542 4628 599 4675 et
647 4618 701 4674 in
739 4619 1024 4690 prophetis
1072 4618 1279 4675 audivi.
1340 4619 1539 4675 llabilo
1577 4637 1708 4675 vero
1737 4622 1803 4675 ad
1835 4622 2130 4678 humanam

2240 4638 2343 4708 τῆς
2368 4610 2576 4711 σαρκὸς
2597 4610 2773 4697 ταῦτα
2804 4610 2975 4711 λὲγει,
3008 4610 3203 4709 καὶ-είς
3238 4610 3615 4716 δῖάλυσινιτῆς
3642 4644 3837 4697 δυσσε-

543 4724 698 4766 suam
723 4717 980 4765 naturam
1025 4718 1317 4780 respectu,
1356 4719 1413 4765 et
1443 4709 1513 4766 ad
1550 4711 1917 4767 amoliendam
1974 4712 2139 4767 mali-

544 4818 707 4875 gnam
732 4803 885 4859 illam
919 4803 988 4861 de
1030 4818 1091 4861 se
1116 4805 1510 4876 suspicionem,
1566 4806 1640 4861 ita
1676 4806 1940 4877 loquitur.
1979 4826 1998 4859 ι
2030 4806 2139 4863 Vos

542 4908 700 4963 vero,
722 4912 741 4947 ›
773 4894 944 4959 addit,
1002 4912 1022 4948 ι
1050 4910 1138 4962 ea,
1167 4894 1498 4967 (loquimini)
1528 4912 1648 4967 quae
1678 4914 1743 4953 ex
1770 4908 1925 4969 patre
1956 4910 2139 4955 vestro

544 4986 796 5056 diabolo,
820 4988 1133 5045 audivistis.
1171 5007 1191 5042 ι
1233 4988 1389 5045 Sicut
1412 4990 1581 5059 enim,
1625 5006 1747 5061 quae
1772 4992 1949 5062 patris
1989 5002 2138 5059 sunt,

546 5080 883 5137 haereditatis
935 5082 1056 5139 loco
1112 5081 1240 5140 ﬁliis
1260 5083 1589 5155 obtingunt,
1626 5084 1700 5140 ita
1733 5093 1787 5141 et
1831 5099 1954 5155 quae
1990 5085 2138 5143 illius

2243 4731 2447 4804 δούσης
2463 4733 2742 4799 ὑπονοίας·
2774 4756 2792 4788 ι
2830 4736 3023 4808 Ὑμεῖς
3041 4738 3120 4803 δὲ,
3147 4739 3248 4792 ὅσα
3266 4738 3541 4809 ἠκούσατε
3568 4737 3721 4811 παρὰ
3738 4736 3835 4790 τοῦ

2244 4825 2453 4895 πατρὸς
2484 4825 2638 4897 ὑμῶν
2686 4827 2782 4881 τοῦ
2811 4828 3081 4885 διαϐόλου.
3132 4848 3152 4883 ι
3180 4830 3265 4884 Τά
3307 4830 3417 4901 γάρ
3482 4830 3577 4884 τοῦ
3631 4831 3839 4901 πατρὸς

2245 4918 2448 4988 κλῆρος
2474 4918 2683 4987 γίνεται
2708 4924 2818 4986 τοῖς
2844 4923 3023 4988 παισὶ,
3058 4923 3153 4976 καὶ
3190 4923 3279 4977 διὰ
3330 4922 3488 4977 τοῦτο
3524 4924 3595 4977 τά
3625 4923 3836 4976 ἐκείνου

2245 5006 2459 5075 γίνεται
2498 5008 2608 5061 τῶν
2652 5009 3039 5082 κληρονόμων·
3066 5012 3141 5075 ὼς
3179 5011 3295 5065 ἴσον
3328 5009 3566 5065 ἐνταῦθα
3598 5009 3837 5081 καθορᾶ-

2248 5096 2396 5164 σθαι,
2429 5098 2522 5152 καὶ
2550 5101 2630 5164 είς
2655 5102 2853 5157 ταυτὸν
2885 5104 3128 5160 συνιέναι
3191 5105 3253 5158 τὸ
3282 5103 3342 5170 ἑξ
3382 5104 3595 5160 ἑαυτῶν
3628 5103 3835 5171 λαλεῖν,

598 5286 662 5320 ’³³
695 5287 857 5347 Joan.
896 5305 972 5357 iv,
1002 5289 1097 5345 27.
1128 5289 1175 5322 ⁹⁰
1216 5286 1375 5345 Joan.
1409 5288 1633 5358 x1v,l0.
1666 5290 1710 5321 “
1780 5292 1977 5350 Matth.
2014 5310 2107 5363 xv,

2240 5298 2277 5329 "
2302 5295 2463 5354 Joan.
2490 5315 2547 5365 χ,
2580 5301 2670 5356 δι.

2080 5477 2318 5538 NOTAE.

612 5631 752 5702 (Ἰν)
784 5634 1044 5687 ’Ἰωάννου
1079 5632 1256 5689 habeo
1278 5650 1347 5689 ex
1382 5633 1621 5691 Colbert.

616 5704 731 5772 (72)
764 5704 1015 5760 Alludere
1033 5705 1251 5759 videtur
1275 5705 1341 5758 ad
1374 5702 1578 5763 Ezecb.
1611 5721 1733 5772 xm,
1760 5707 1818 5762 6.

616 5771 752 5843 (72‘)
791 5774 1022 5831 Verbum
1053 5775 1355 5846 ἑδυσφήμει
1406 5774 1579 5835 debeo
1621 5771 1953 5845 Colbertino,
1991 5781 2136 5852 quod

2249 5640 2305 5695 in
2327 5641 2500 5697 altero
2523 5644 2727 5699 deerat.

2317 5711 2432 5782 (73)
2470 5714 2560 5788 Sic
2582 5715 2767 5788 scribo
2800 5730 2899 5785 pro
2923 5715 3125 5788 πλάνον
3142 5714 3313 5788 αὐτῷ,
3338 5716 3559 5786 quando
3589 5715 3833 5778 .Coibert.

2246 5781 2390 5838 idem
2414 5781 2567 5840 male
2599 5802 2611 5840 :
2648 5781 2865 5841 πλάνων
2895 5787 3080 5843 αὐτόν.
