4110 6442
294 365 393 427 837

1148 364 1246 423 AD
1276 359 1867 423 AMPIIILOCHIUM
1908 355 2253 428 QUzESTIO
2309 357 2507 429 CLIX,
2558 356 2720 416 CLX.

3464 358 3568 424 833

296 484 384 535 καὶ
408 481 467 533 τὸ
512 482 578 534 ἐκ
614 478 707 533 τοῦ
743 481 945 551 πατρὸς
1002 480 1181 536 αὐτῶν
1230 481 1324 534 τοῦ
1370 479 1617 533 διαϐόλου
1648 478 1832 531 λαλεῖν
1859 480 1873 494 '

1990 484 2131 540 sunt,
2180 474 2245 528 ad
2282 474 2525 530 haeredes
2565 473 2937 545 perferuntur.
2998 473 3185 546 Itaque
3219 477 3419 531 similia
3454 478 3565 535 hmc

295 571 477 641 ὥσπερ
529 572 557 623 6
606 574 844 644 Χριστὸς
905 572 1076 627 ὲλοὼν
1109 574 1328 641 ἐγένετο
1357 573 1632 643 πλήρωμα
1687 571 1875 640 νόμου,

296 664 384 715 καὶ
422 662 738 733 προφητῶν,
770 662 913 716 οὕτω
965 665 1059 716 καὶ
1102 664 1162 716 τὸ
1210 662 1434 732 Πνεῦμα
1474 661 1748 732 πλήρωμα
1783 658 1878 711 τοῦ

296 758 645 826 Εὑαγγελίου.
667 760 902 829 Χριστὸς
931 759 1099 812 ἐλθὼν
1144 759 1475 813 ἐϐεϐαίωσεν
1498 757 1567 811 τὰ
1606 757 1757 826 παρὰ
1783 753 1877 808 τοῦ

296 848 500 917 Πατρὸς
535 851 592 901 ὲν
615 848 690 918 τῷ
714 850 988 921 νόμῳ(¹74)
1018 851 1280 923 εἰρημένα
1306 850 1401 904 καὶ
1434 850 1761 922 προφήταις,
1799 848 1880 902 διὸ

294 938 382 989 καὶ
412 937 560 1005 λέγει
589 938 800 1003 Παῦλος
828 957 841 969 ’
877 960 894 990 ι
931 940 1209 1011 Πλήρωμα
1238 940 1403 1011 νόμου
1426 940 1659 1010 Χριστός
1684 940 1873 1011 (74⁸)οι

295 1032 349 1084 τὸ
386 1032 611 1104 Πνεῦμα
649 1035 712 1087 τὸ
758 1035 912 1103 ἆγιον
951 1035 1240 1105 ἐπλήρωσε
1277 1034 1347 1086 τὰ
1377 1035 1472 1087 τοῦ
1500 1033 1878 1101 Εὑαγγελίου’

293 1126 387 1178 ὅσα
412 1127 560 1179 ἐστὶν
584 1129 641 1179 ὲν
673 1130 737 1198 τῇ
768 1127 1006 1197 Χριστοῦ
1030 1126 1375 1197 διδασκαλίᾳ,
1398 1126 1457 1179 τὸ
1480 1125 1705 1195 Πνεῦμα
1740 1125 1877 1195 πλη-

297 1220 380 1289 ροῖ
405 1235 418 1249 ο
455 1219 557 1272 ὅσα
585 1221 642 1271 ἐν
672 1222 738 1290 τῇ
767 1219 861 1272 τοῦ
894 1221 1089 1291 νόμον,
1127 1222 1154 1273 6
1181 1218 1419 1291 Χριστός
1444 1235 1458 1250 ο
1482 1218 1606 1288 οὐχὶ
1637 1218 1713 1282 ὡς
1752 1219 1879 1271 ἀτε-

296 1309 418 1372 λοῦς
446 1309 599 1374 ὄντος
622 1310 716 1363 τοῦ
748 1312 982 1383 Πατρδς,
1010 1311 1124 1365 ἀλλ’
1150 1311 1226 1371 ὼς
1257 1311 1601 1382 ἑρμηνευτὴς
1641 1309 1749 1362 τῶν
1782 1306 1877 1362 τοῦ

294 1400 505 1471 Πατρὸς
539 1402 635 1455 καὶ
659 1402 976 1473 τελειωτής.
1007 1402 1163 1457 Οὕτω
1203 1402 1260 1456 δὲ
1294 1402 1475 1455 καὶτὸ
1506 1399 1730 1471 Πνεῦμα
1762 1400 1877 1453 δια-

295 1496 455 1562 σειφοί
502 1494 595 1545 καὶ
645 1492 918 1563 διατρανοί
952 1493 1143 1547 τὰδτοῦ
1174 1494 1328 1549 Υίοῦ.
1376 1493 1487 1547 Καὶ
1532 1492 1640 1560 γάρ
1674 1507 1873 1562 φησιν’

297 1603 315 1633 ι
347 1584 525 1638 Πολλά
557 1584 666 1656 ἔχω
698 1586 826 1655 ὑμῖν
847 1586 1047 1651 λαλεῖν,
1072 1586 1188 1641 ἀλλ’
1218 1588 1279 1640 οὐ
1308 1584 1539 1640 δύνασθε
1587 1584 1880 1655 βαστάζειν

290 1676 447 1747 ἄρτι*
480 1678 609 1731 ὅταν
665 1679 721 1731 δὲ
757 1680 886 1753 ἔλθῃ
936 1681 998 1733 τὸ
1030 1679 1255 1751 Πνεῦμα
1293 1680 1355 1733 τὸ
1393 1679 1569 1746 ἆγιον,
1622 1678 1879 1748 ὁδηγήσει

292 1769 433 1836 ὑμᾶς
469 1771 549 1833 εἰς
582 1772 763 1824 πᾶσαν
792 1772 890 1843 τὴν
929 1772 1209 1843 ἀλήθειαν,
1243 1792 1260 1824 ι
1305 1773 1400 1826 καὶ
1445 1771 1594 1841 ἑξῆς.
1630 1771 1753 1824 Ὅτι
1784 1770 1876 1838 ἀφ’

1984 567 2089 621 sibi
2133 566 2366 622 invicem
2398 582 2541 632 esse,
2602 578 2653 621 et
2702 567 2845 622 idem
2888 566 3091 622 inferre
3136 579 3380 639 apparet,
3411 586 3477 625 ex
3512 588 3571 627 se

1984 660 2117 731 ipsis
2158 660 2326 731 loqui,
2353 670 2405 716 et
2434 677 2497 717 ex
2520 670 2675 732 patre
2730 661 2951 716 diabolo
3000 663 3170 732 loqui.
3224 663 3374 720 Sicut
3410 682 3573 736 porro

1982 753 2256 819 Christus,
2284 755 2337 808 in
2368 769 2590 809 carnem
2633 755 2882 819 veniens,
2939 756 3400 826 complementum
3436 761 3570 831 legis

1985 845 2122 912 fuit,
2174 849 2245 901 ita
2305 857 2360 901 et
2390 848 2628 917 Spiritus
2671 849 3131 919 complementum
3165 849 3569 922 Evangelilex-

1982 936 2144 991 stitit.
2202 936 2456 992 Christus
2482 937 2777 992 adveniens
2804 939 3151 992 conﬁrmavit
3203 954 3323 1007 quae
3351 954 3381 992 a
3412 938 3573 994 Patre

1984 1029 2039 1084 in
2096 1030 2211 1100 lege
2266 1039 2319 1084 et
2365 1031 2646 1101 prophetis
2691 1031 2836 1086 dicta
2900 1040 3078 1085 erant.
3170 1031 3466 1102 Propterea
3520 1042 3575 1088 et

1984 1120 2190 1177 Paulus
2225 1124 2301 1177 ait
2344 1141 2358 1178 :
2410 1142 2428 1175 ‹
2451 1124 2707 1181 Christus
2732 1134 2817 1180 est
2846 1124 3259 1195 implementum
3291 1126 3513 1195 legis”.
3545 1144 3563 1177 ι

1982 1214 2239 1270 Vicissim
2286 1214 2521 1285 Spiritus
2557 1226 2801 1280 sanctus,
2833 1228 3025 1288 postea
3055 1219 3303 1283 veniens,
3332 1218 3577 1288 implevit

1982 1322 2045 1362 ea
2089 1324 2211 1377 qute
2236 1317 2361 1363 sunt
2392 1307 2690 1379 Evangelii.
2720 1309 3073 1381 Quaecunque
3090 1310 3293 1365 Christi
3325 1309 3573 1365 doctrina

1984 1403 2359 1467 continentur,
2388 1418 2451 1457 ea
2488 1403 2730 1473 Spiritus
2760 1413 3012 1469 sanctus;
3054 1419 3176 1475 quae
3217 1404 3274 1458 in
3314 1404 3433 1472 lege
3465 1413 3574 1457 tra-

1983 1495 2096 1550 dita
2145 1504 2294 1559 sunt,
2354 1512 2417 1551 ea
2481 1496 2732 1552 Christus
2788 1496 3035 1567 implevit
3085 1515 3100 1551 :
3156 1512 3267 1551 non
3324 1496 3570 1565 quidem,

1985 1588 2143 1657 quasi
2171 1587 2334 1642 Pater
2373 1589 2509 1642 nihil
2544 1588 2633 1644 hic
2719 1588 2929 1653 fecerit,
2989 1587 3085 1644 sed
3139 1588 3285 1658 quod
3317 1588 3574 1643 Christus

1987 1678 2259 1749 interpres
2301 1687 2355 1732 et
2398 1688 2815 1734 consummator
2845 1678 3116 1733 dictorum
3150 1693 3180 1732 a
3209 1677 3372 1731 Patre
3397 1678 3573 1732 exsti-

1989 1771 2132 1826 terit.
2188 1769 2453 1826 Similitcr
2500 1771 2737 1840 Spiritus
2770 1770 3007 1826 illustrat
3057 1780 3112 1825 et
3154 1770 3411 1839 explanat
3446 1767 3567 1822 Filii

288 1822 484 1913 έᾶιυτόῡ
515 1822 575 1913 τίς»
598 1822 751 1914 mg:
765 1878 778 1891 -
803 1822 1466 1936 oayip‘"ii.;;.’eg,;;..;
1486 1822 1731 1933 ἶπὶῇΥῑῷ,
1758 1822 1873 1915 ἀλλ’

1990 1861 2149 1916 dicta.
2217 1860 2433 1927 «Multa,
2469 1822 2668 1932 inquit,
2711 1862 2887 1917 habeo
2936 1862 3090 1917 vobis
3116 1861 3365 1927 dicenda,
3392 1862 3486 1917 sed
3506 1876 3571 1917 ea

285 1951 594 2023 ἀναπληροί
620 1951 690 2006 τὰ
715 1952 809 2006 τοῦ
837 1954 993 2020 Υίοῦ,
1022 1955 1143 2008 καθ’
1168 1955 1227 2009 ὃν
1253 1956 1452 2027 τρόπον
1482 1956 1509 2007 6
1541 1954 1668 2017 Υἱὸς
1698 1954 1764 2008 τά
1781 1953 1875 2008 τοῦ

286 2040 525 2110 Πατρός.
565 2040 685 2095 Ὅτι
721 2042 779 2094 ἐν
810 2042 983 2114 τούτῳ
1019 2043 1098 2113 τῷ
1143 2042 1288 2114 λόγῳ
1337 2043 1591 2115 εὑρήσεις
1631 2044 1767 2113 πρδς
1800 2044 1877 2114 τῷ

285 2130 427 2184 τέλει
445 2132 756 2198 δεικνύντος
772 2135 866 2189 τοῦ
885 2136 1274 2207 Χρυσοστόμου
1294 2137 1432 2207 (75),
1451 2137 1534 2190 ὅτι
1551 2137 1583 2208 ή
1602 2138 1876 2207 ἀποστολὴ

285 2224 408 2279 οῦτε
433 2226 526 2278 τὸν
551 2227 698 2291 Υἱὸν,
727 2227 850 2280 οὔτε
874 2229 933 2282 τὸ
964 2229 1188 2298 Πνεῦμα
1210 2231 1420 2284 ἐλάττω
1452 2234 1599 2284 ποιεῖ
1638 2230 1729 2285 τοῦ
1769 2233 1880 2285 Πα-

284 2318 435 2389 τρὺς,
476 2320 557 2372 ὅτι
584 2320 677 2372 καὶ
703 2320 867 2385 αὐτὸς
884 2324 910 2375 6
934 2322 1123 2393 Πατὴρ
1161 2323 1550 2378 ἀποστέλλεται
1576 2323 1728 2395 παρά
1781 2321 1876 2376 τοῦ

286 2409 427 2463 Πνεῦ
436 2428 628 2480 ματος,
651 2412 745 2465 καὶ
764 2412 916 2482 παρὰ
936 2413 1030 2466 τοῦ
1055 2412 1186 2466 Υίοῦ
1209 2430 1223 2444 ο
1248 2414 1397 2483 λέγει
1429 2416 1619 2478 αὑταῖς
1643 2413 1875 2478 λέξεσιν·

297 2502 424 2556 Ἐάν
450 2520 532 2555 σοι
548 2502 707 2570 δείξω
726 2504 818 2557 τὸν
837 2506 1075 2578 Ποιητὴν
1105 2506 1338 2574 οὐρανοῦ
1359 2508 1456 2561 καὶ
1479 2510 1582 2577 γῆς
1612 2507 1879 2561 ἀποστελ-

284 2595 515 2666 λόμενον
547 2601 696 2669 παρὰ
725 2597 817 2651 τοῦ
845 2599 1188 2671 Πνεῦματος,
1214 2600 1309 2654 καὶ
1342 2603 1495 2672 παρὰ
1514 2600 1607 2655 τοῦ
1647 2601 1803 2667 Υἱοῦ,
1825 2602 1878 2654 τί

285 2691 464 2752 ποιεῖς
484 2706 497 2755 ;
519 2689 552 2760 ἢ
571 2689 708 2762 ἄρνη
718 2708 805 2744 σαι
818 2691 909 2744 τὸν
923 2692 1179 2764 Χριστὸν,
1200 2694 1294 2748 καὶ
1311 2693 1616 2766 ἀπόρριψον
1633 2694 1765 2765 (75‘)
1781 2696 1878 2758 τὰς

284 2781 543 2852 Γραφάς·
578 2783 635 2855 ἢ,
665 2782 936 2847 δοῦλοςῶν
974 2785 1083 2839 τῶν
1114 2785 1370 2856 Γραφῶν,
1416 2787 1718 2840 ὑποτάττου
1758 2787 1880 2847 ταῖς

283 2872 552 2942 Γραφαὶς.
614 2875 725 2929 Καὶ
760 2875 885 2944 ποῦ,
935 2878 1119 2948 φησὶν,
1188 2878 1404 2950 εἴρηται
1448 2878 1640 2946 τοῦτο;
1680 2878 1880 2931 Ἀκουε

281 2967 379 3021 τοῦ
421 2968 558 3022 Θεοῦ
583 2969 670 3023 διὰ
692 2970 787 3023 τοῦ
827 2973 1111 3043 προφήτου
1164 2972 1418 3041 λέγοντος
1470 2974 1694 3028 Ἡσαΐου
1723 2972 1836 3045 (76)
1861 2986 1876 3001 ’

288 3076 307 3109 ε
344 3060 547 3112 νΛκουὲ
576 3077 699 3130 μου,
731 3061 968 3133 Ἰσραὴλ,
1002 3063 1060 3116 ὃν
1092 3062 1204 3132 ἐγὼ
1230 3065 1415 3117 καλῶο
1455 3083 1475 3117 ι
1511 3066 1602 3118 καὶ
1624 3066 1754 3136 ὃλην
1779 3064 1877 3135 τὴν

282 3151 597 3249 περικοπὴν
630 3154 863 3217 ἐκτιθεὶς
898 3153 989 3207 τοῦ
1025 3156 1228 3227 χωρίου
1264 3158 1427 3227 μέχρι
1450 3158 1566 3220 τοῦ,
1605 3176 1623 3208 ι
1656 3158 1767 3211 Καὶ
1785 3157 1880 3211 νῦν
1908 3191 1952 3249 c

280 3240 497 3310 Κύριος
519 3242 810 3295 ἀπέστειλέ
838 3261 927 3313 με,
959 3245 1053 3299 καὶ
1077 3244 1137 3298 τὸ
1159 3245 1382 3316 Πνεῦμα
1400 3246 1594 3311 αὑτοῦ,
1624 3266 1642 3299 ι
1674 3246 1880 3318 διισχυ-

284 3332 529 3403 ρίζεται,
569 3333 660 3385 τὸν
696 3334 916 3407 Πατέρα
952 3335 1124 3390 ταῦτα
1164 3339 1361 3405 εἰπεῖν,
1390 3339 1455 3392 ὲκ
1478 3337 1586 3392 τῶν
1612 3356 1879 3409 προτετα-

281 3421 510 3491 γμένων
538 3421 775 3495 βεϐαιῶν
823 3425 915 3478 τὸν
941 3426 1121 3495 λόγον,
1158 3429 1251 3480 καὶ
1282 3428 1557 3483 καοιστῶν
1593 3430 1773 3500 δῆλον,
1805 3429 1881 3493 ὡς

282 3515 313 3566 ὁ
349 3514 545 3584 Πατὴρ
577 3515 661 3586 εἴη
696 3515 790 3569 νῦν
839 3518 867 3569 6
898 3518 1073 3587 λέγων
1101 3520 1194 3574 καὶ
1228 3520 1695 3593 ἀποστελλόμενος
1727 3523 1881 3594 παρά

284 3622 346 3657 τε
382 3604 476 3659 τοῦ
501 3606 815 3678 Πνεῦματος
843 3611 937 3663 καὶ
968 3611 1061 3666 τοῦ
1100 3610 1255 3669 Υἱοῦ.

841 3978 1172 4033 ΕΡΩΤΗΣΙΣ
1210 3982 1329 4035 ΡΞ’.

292 4154 429 4225 Πῶς
458 4175 475 4209 ι
513 4157 817 4229 βραχίονα
848 4160 1076 4232 Κυρίουί
1106 4179 1126 4232 ξ
1178 4162 1547 4232 ὀμΘεολόγος
1611 4162 1885 4232 Ἰωάννης

523 4233 639 4299 τήν
669 4232 1016 4301 οἰκονομίαν
1044 4230 1180 4302 (76⁸)
1215 4230 1646 4300 διαλαμϐάνει;

1988 1971 2136 2011 nunc
2163 1956 2383 2026 quidem
2415 1954 2560 2011 ferre
2591 1972 2696 2011 non
2722 1956 2946 2026 potestis
3003 1974 3017 2011 :
3073 1955 3165 2011 ubi
3210 1971 3341 2011 vero
3364 1956 3578 2011 venerit

1990 2047 2226 2119 Spiritus
2254 2057 2502 2114 sanctus,
2534 2048 2587 2102 in
2611 2048 2899 2103 veritatem
2926 2062 3145 2102 omnem
3176 2063 3272 2103 vos
3292 2047 3570 2113 ducet“,p

1986 2149 2093 2195 etc.
2156 2139 2346 2210 Neque
2403 2140 2548 2195 enim
2598 2155 2663 2194 ex
2712 2154 2771 2194 se
2824 2140 2944 2209 ipso
2979 2138 3223 2209 loquitur
3254 2157 3268 2206 ;
3298 2156 3421 2194 nam
3462 2155 3576 2194 non

1987 2233 2315 2288 contradicit
2344 2232 2507 2299 Filio,
2556 2231 2652 2287 sed
2675 2232 2821 2287 dicta
2850 2230 2995 2298 Filii,
3032 2232 3177 2286 sicut
3198 2231 3373 2287 Filius
3395 2231 3578 2285 Patris

1987 2324 2101 2392 illa,
2144 2325 2353 2395 implet.
2390 2325 2445 2379 In
2474 2324 2579 2379 hoc
2608 2339 2864 2380 sermone
2886 2323 3098 2378 videbis
3118 2323 3573 2394 Chrysostomum

1986 2415 2090 2471 sub
2158 2416 2320 2469 linem
2380 2415 2689 2481 ostendere,
2756 2413 3080 2470 missionem
3140 2429 3319 2485 neque
3376 2413 3576 2468 Filium

1988 2525 2167 2579 neque
2200 2508 2470 2579 Spiritum
2503 2516 2755 2565 sanctum
2803 2508 2969 2564 Patre
3018 2508 3203 2563 facere
3234 2507 3575 2572 inferiorem,

1988 2602 2246 2671 quoniam
2281 2600 2397 2670 ipse
2448 2614 2672 2670 quoque
2710 2599 2873 2655 Pater
2918 2614 2949 2653 a
2991 2597 3203 2670 Spiritu
3242 2607 3435 2653 sancto
3464 2608 3519 2653 et
3547 2610 3578 2651 a

1987 2694 2129 2750 Filio
2158 2694 2412 2750 mittitur.
2465 2692 2643 2749 Verba
2674 2695 2796 2763 ejus
2847 2694 2963 2748 haec
2996 2701 3126 2749 sunt
3158 2710 3172 2747 :
3215 2690 3272 2747 Si
3307 2691 3404 2747 tibi
3430 2690 3577 2747 Con-

1987 2787 2222 2842 ditorem
2258 2786 2383 2842 coeli
2412 2793 2467 2842 et
2499 2795 2659 2841 terrae
2694 2786 2985 2841 ostendero
3032 2785 3267 2840 missum
3304 2800 3334 2839 a
3367 2784 3574 2855 Spiritu

1987 2889 2043 2935 et
2072 2878 2231 2943 Filio,
2265 2877 2397 2949 quid
2428 2876 2637 2934 facies?
2668 2877 2777 2933 Aut
2811 2892 2944 2949 nega
2981 2876 3269 2933 Christum
3307 2887 3363 2933 et
3400 2878 3583 2949 alijiee

1990 2972 2340 3042 Scripturas;
2417 2979 2549 3036 aut,
2605 2986 2730 3025 eum
2778 2968 3083 3041 Scriptura:
3138 2970 3215 3025 sis
3282 2969 3578 3033 obnoxius.

1989 3063 2289 3135 Scriptura:
2331 3073 2384 3118 te
2433 3063 2664 3133 subjiee.
2693 3061 2797 3117 Ubi
2828 3076 2982 3125 vero,
3012 3061 3215 3133 inquit,
3239 3061 3346 3118 hoc
3368 3061 3579 3117 dictum

1988 3156 2265 3212 est?Audi
2292 3155 2484 3220 Deum,
2542 3170 2640 3224 per
2679 3153 2875 3209 Isaiam
2904 3154 3252 3225 prophetam,
3276 3153 3578 3209 dicentem:

1994 3266 2013 3299 ι
2051 3247 2188 3302 Audi
2225 3263 2332 3311 me,
2358 3246 2549 3310 Israel,
2586 3260 2750 3315 quem
2786 3260 2887 3315 ego
2915 3260 3052 3300 voco
3083 3244 3151 3299 ⁸³.
3174 3264 3191 3295 ι
3228 3244 3367 3299 Hinc
3412 3245 3583 3309 idem,

1993 3347 2100 3392 tota
2162 3339 2312 3394 illius
2364 3337 2576 3393 oraculi
2634 3336 2777 3392 serie
2833 3336 3108 3408 exposita,
3165 3352 3338 3407 usque
3382 3336 3447 3390 ad
3492 3336 3585 3392 illa

1990 3433 2155 3487 verba
2190 3453 2201 3487 :
2244 3450 2263 3483 ι
2304 3431 2371 3486 Ει
2398 3447 2545 3486 nunc
2595 3430 2864 3486 Dominus
2896 3445 2983 3485 me
3021 3431 3193 3498 misit,
3252 3439 3307 3486 et
3346 3428 3587 3500 Spiritus

1991 3525 2111 3595 ejus
2133 3526 2201 3590 9“,
2240 3544 2258 3577 ›
2287 3535 2588 3589 asseverat,
2613 3526 2827 3580 Patrem
2845 3524 2938 3579 illa
2955 3524 3125 3594 loqui,
3154 3540 3218 3579 ex
3252 3523 3585 3579 anteceden-

1992 3620 2139 3672 tibus
2182 3617 2342 3672 lidem
2393 3618 2762 3688 expositioni,
2840 3616 3313 3688 manifestumque
3353 3616 3583 3679 faciens.

1999 3708 2214 3762 Patrem
2252 3724 2398 3772 esse,
2461 3707 2555 3779 qui
2607 3708 2725 3763 haec
2777 3707 3055 3779 loquatur,
3107 3708 3314 3778 quique
3371 3707 3509 3762 adeo
3550 3722 3581 3759 a

2000 3798 2209 3870 Spiritu
2241 3810 2295 3855 et
2323 3798 2461 3856 Filio
2483 3802 2754 3856 mittatur.

2045 3978 2375 4045 QUESTIO
2430 3978 2567 4036 CLX
2631 3980 2827 4052 [Coisl.
2860 3978 3019 4046 CXC,
3064 3977 3229 4033 Tuur.
3266 3975 3550 4046 CLXXX].

1999 4162 2287 4229 Quomodo
2314 4160 2550 4215 Joannes
2588 4159 2879 4229 Theologus
2915 4160 3266 4229 meonomiam
3290 4157 3585 4229 salutarem

2207 4250 2302 4304 rer
2349 4251 2366 4283 ι
2392 4231 2664 4285 brachium
2694 4228 2910 4285 Domini
2932 4229 3048 4262 '7'"
3072 4248 3091 4281 ι
3128 4228 3327 4282 indicat
3346 4228 3371 4279 ?

828 4410 1082 4460 Editarum
1115 4423 1144 4458 a
1177 4408 1359 4460 Wolfio
1386 4408 1624 4475 vigesima
1647 4412 1798 4462 tertia
1827 4414 1883 4475 (I.
1913 4425 1958 4462 c.
1986 4409 2217 4463 789-790.
2243 4410 2467 4462 Galland.
2506 4409 2540 4458 1.
2566 4422 2633 4469 c.,
2660 4422 2709 4471 p.
2739 4403 2850 4470 745,
2873 4421 2920 4457 η.
2945 4400 3047 4470 39).

372 4579 501 4634 ’Ότι
526 4579 555 4631 6
599 4578 863 4648 Θεολόγος
906 4580 1182 4650 Ἰωάννης,
1244 4579 1338 4633 τὸν
1388 4579 1648 4651 βραχίονα
1677 4583 1757 4642 εἰς
1796 4582 1895 4652 τὴν
1927 4584 1973 4640 D
2071 4581 2312 4639 Joannes

296 4674 618 4744 οἰκονομίαν
660 4674 775 4743 (77)
815 4672 1177 4744 ἐκλαμϐάνων
1218 4671 1311 4727 τοῦ
1354 4674 1630 4745 Σωτῆρος,
1663 4674 1759 4729 καὶ
1789 4674 1890 4746 τὴν

342 4835 390 4867 ’³
420 4835 582 4891 Rom.
611 4852 662 4901 χ,
688 4836 738 4890 Il.
774 4834 820 4869 ⁸⁵
854 4833 1010 4889 Joan.
1045 4847 1157 4897 xw,
1189 4831 1389 4898 12,15.

1487 4834 1532 4864 ³⁵
1564 4832 1666 4887 Isa.
1694 4849 1878 4900 xum,
1913 4833 2000 4888 12.

2393 4580 2707 4651 Theologus
2784 4582 3071 4636 brachium
3154 4580 3220 4635 de
3280 4582 3584 4634 meouomia

2000 4674 2307 4732 Servatoris
2379 4676 2554 4731 nostri
2610 4674 2847 4746 ejusque
2900 4674 3106 4729 deitate
3171 4673 3579 4744 interpretans,

2097 4834 2307 4904 “jihid.
2344 4836 2429 4889 16.
2508 4836 2628 4868 ⁹⁷ο⁹⁹
2657 4834 2814 4889 Joan.
2851 4850 2953 4900 xu,
2994 4833 3082 4887 58-

1838 4985 2070 5045 ΝΟΤᾹῖ.

373 5173 641 5244 (Ἡμιωο
697 5174 918 5229 totidem
975 5170 1157 5229 verbis
1218 5188 1324 5244 non
1364 5172 1681 5244 exstantiiu
1725 5173 1898 5228 sacris

302 5243 546 5312 Litteris,
570 5255 623 5300 et
652 5247 1061 5317 παραφράσεως
1094 5245 1258 5299 locoa
1284 5243 1481 5298 Photio
1511 5243 1694 5298 addita
1713 5245 1901 5299 viden-

304 5327 512 5469 Ἦλιν)
535 5386 733 5442 Procul
762 5385 929 5440 dubio
956 5384 1112 5439 Rom.
1149 5401 1203 5449 κ,
1230 5384 1286 5450 4,
1315 5383 1491 5438 innuit
1520 5402 1533 5438 :
1564 5383 1716 5447 τέλος
1734 5385 1899 5455 νόμου

304 5457 697 5598 ξίῗῆσὲἷδυειιι
768 5526 860 5580 hic
914 5523 1293 5596 Chrysostomi
1355 5538 1662 5580 sermonem
1704 5525 1897 5581 aﬂ‘erat

304 5596 553 5663 PhOtius,
593 5598 796 5651 frustra
818 5612 1024 5666 quaero.

377 5669 512 5738 (75')
535 5669 687 5723 Colb.
721 5666 1038 5735 ἁπάλειψον.

379 5736 797 5805 (76)(2ωιρτιιιη
834 5738 979 5790 illum
1031 5736 1236 5790 oraculi
1269 5736 1421 5791 Isaize
1483 5736 1881 5807 expositionem

307 5816 511 5865 temere
545 5825 707 5865 nemo
741 5808 1042 5864 admiserit.
1096 5807 1400 5877 PrOphetici
1432 5810 1578 5864 enim
1609 5810 1876 5865 sermonis

2007 5192 2179 5251 nurus
2199 5179 2464 5251 ostendit,
2492 5196 2600 5237 non
2626 5180 2866 5251 Patrem,
2900 5185 2995 5240 sed
3024 5183 3218 5240 Filium
3250 5185 3317 5239 de
3348 5186 3506 5240 Patre
3533 5196 3588 5240 et

2006 5245 2209 5321 Spiritu
2240 5249 2361 5318 ejus
2391 5250 2563 5321 loqui.

2078 5319 2303 5399 (76’)_ln
2348 5319 2659 5399 apoérapho
2690 5324 2932 5395 legebam
2970 5326 3318 5399 οἰκουμένην,
3355 5342 3455 5397 pro
3484 5343 3591 5397 qua

2004 5402 2138 5443 voce
2189 5390 2415 5445 alteram
2460 5390 2631 5447 illam
2700 5390 2849 5450 recte
2899 5390 3140 5451 exhibet'
3181 5390 3591 5454 erudit-issimus

2008 5457 2463 5539 blonteialcouius
2498 5464 2551 5516 in
2584 5464 2775 5539 indice
2792 5466 3303 5539 Amphilochiorum
3329 5469 3505 5524 Photii
3534 5485 3589 5539 p.

2004 5528 2110 5611 S59
2138 5530 2484 5611 Bibliotheca}
2544 5549 2679 5611 mss.
2736 5528 3062 5611 Coislinian.
3111 5536 3253 5592 Fieri
3294 5538 3458 5611 igitur
3488 5528 3587 5609 po-

2000 5607 2127 5665 test,
2162 5607 2290 5679 utin
2328 5607 2646 5679 apographo
2676 5616 2917 5679 erratum
2938 5608 3042 5679 psit,
3088 5607 3341 5679 quamvis
3383 5607 3503 5663 moi
3538 5612 3589 5663 iu

1995 5672 2351 5792 reispOItsione
2380 5675 2446 5728 ad
2475 5672 2581 5729 hoc
2609 5677 2898 5746 quaasitum
2934 5672 3133 5734 iterum
3170 5679 3382 5749 legatur
3412 5681 3592 5734 οἰκον·

1995 5756 2032 5792 υ.
2069 5757 2184 5792 νην.

1993 5756 2184 5810 μινην.

2059 5810 2176 5881 (77)
2209 5814 2283 5869 lta
2313 5816 2498 5871 scribo
2527 5832 2651 5873 cum
2675 5817 2916 5875 Colbert.
2960 5835 3061 5889 pro
3091 5822 3441 5893 οἰκουμένην.
