4110 6432
435 370 543 433 839

1611 364 1874 424 PIIOTII
1915 362 2423 423 PATRIARCH/E
2453 362 2562 423 ΟΡ.

3623 350 3729 418 Sil)

436 499 455 532 ι
489 477 755 546 Quamvis
802 476 997 541 multa,
1065 474 1263 546 inquit,
1318 473 1582 531 miracula
1626 474 1806 529 ederet
1843 472 2035 535 Jesus,

2155 472 2310 526 κὺτοῦ
2344 472 2595 543 θεότητα,
2630 469 2828 533 Πολλὰ,
2855 469 3009 540 φησί,
3040 466 3245 539 σημεῖα
3278 466 3606 536 ποιήσαντος
3634 464 3730 518 τοῦ

430 571 597 626 Judaei
632 579 817 624 tamen
848 584 958 623 non
987 569 1303 635 credebant,
1349 578 1409 623 ut
1454 568 1771 636 impleretur
1824 566 2032 619 dictum

433 658 590 714 Isaia:
622 676 636 712 :
689 657 936 723 Domine,
973 656 1099 727 quis
1135 656 1367 711 credidit
1398 654 1561 711 dictis
1603 654 1832 716 nostris,
1861 662 1915 707 et
1940 652 2033 707 cui

439 752 721 807 brachium
759 748 979 805 Domini
1013 759 1096 804 est
1132 748 1452 805 revelatum‘
1483 748 1506 802 ?
1540 766 1558 797 ι
1592 746 1712 818 Ipse
1746 754 2037 814 nempe,et

432 844 645 915 justitia
680 843 822 912 ejus.
862 860 881 892 ι
916 842 1101 911 Prope
1130 842 1277 897 enim
1310 850 1415 905 est,
1450 849 1508 894 ut
1534 838 1750 909 justitia
1784 852 1903 891 mea
1936 836 2037 891 ad-

438 934 637 989 veniat.
672 952 689 984 ι
722 932 841 1002 lpse
868 932 1055 1002 itaque
1107 943 1161 987 et
1210 932 1474 986 Servator
1501 938 1608 994 est,
1642 938 1697 983 et
1726 927 2033 981 brachium.

441 1025 733 1095 Propterea
785 1034 841 1079 et
886 1024 1093 1079 Paulus
1146 1024 1333 1078 omnia
1390 1022 1731 1092 complexus,
1781 1020 1835 1073 in
1866 1034 2035 1073 unum

442 1115 674 1181 confert,
702 1115 927 1171 dicens:
969 1133 987 1165 ι
1024 1114 1128 1181 Qui
1178 1112 1355 1169 factus
1404 1112 1557 1166 nobis
1606 1120 1692 1166 est
1741 1125 1771 1164 a
1800 1108 1911 1164 Deo
1945 1123 2035 1164 sa-

445 1208 673 1278 pientia,
730 1216 785 1263 et
830 1206 1215 1273 sanctificatio,
1238 1215 1293 1261 et
1338 1205 1592 1261 liberatio
1619 1205 1661 1258 ¹.
1703 1222 1723 1255 ι
1775 1200 1875 1257 Hic
1903 1202 2035 1257 oriri

444 1301 606 1355 nobis
625 1299 753 1355 fecit
783 1310 963 1356 ortum
988 1299 1385 1370 iustissimum.
1418 1318 1435 1350 ι
1460 1297 1601 1354 Ecce
1630 1297 1801 1361 enim,
1835 1295 2034 1363 inquit,

446 1392 577 1446 oriri
613 1392 815 1447 faciam
849 1394 1014 1448 domo
1059 1390 1281 1446 Davidis
1312 1400 1494 1445 ortum
1541 1398 1816 1452 sanctum,
1856 1396 1911 1442 et
1948 1402 2035 1441 re-

446 1484 632 1554 gnabit
666 1482 778 1538 Rex
808 1484 993 1553 justus
1021 1484 1063 1535 ³.
1092 1502 1111 1534 υ
1144 1482 1311 1537 Ortus
1340 1481 1525 1550 itaque
1554 1494 1702 1535 unus
1731 1488 1838 1543 est,
1871 1477 2032 1532 multi

447 1589 577 1628 vero
635 1573 882 1642 eiusdem
934 1573 1094 1630 radii.
1154 1572 1311 1627 Radii
1373 1573 1586 1628 scilicet
1646 1569 2035 1635 humanitatis,

446 1667 754 1722 sanationis
778 1708 792 1734 ,
834 1667 988 1737 pacis
1036 1685 1049 1721 :
1105 1666 1245 1720 radii
1276 1665 1533 1736 justitiae,
1571 1662 1926 1735 pluriumque
1956 1662 2037 1715 si-

447 1763 685 1816 milium.
718 1761 1019 1833 Propterea
1050 1763 1216 1829 etiam
1253 1759 1420 1816 David
1440 1760 1771 1815 vaticinatus
1792 1759 2033 1814 cecinit:

2158 563 2332 633 Ἰησοῦ
2369 562 2481 633 (78)
2535 561 2634 614 ούκ
2676 560 3008 612 ἐπίστευσαν
3049 558 3098 611 οἱ
3147 556 3413 619 Ἰουδαῖοι,
3467 556 3554 608 ἵνα
3590 555 3731 625 πλη-

2149 652 2295 723 ρωθῇ
2331 651 2392 703 τὸ
2418 650 2582 722 ῥηθὲν
2609 651 2714 703 ὑπὸ
2742 649 2839 703 τοῦ
2880 650 3106 703 Ἡσαΐου
3128 665 3144 681 ·
3200 666 3219 699 ι
3254 648 3449 718 Κύριε,
3487 647 3571 709 τίς
3608 646 3732 699 ἐπί-

2145 760 2369 796 στευσεν
2403 746 2467 813 τῇ
2501 744 2637 814 ἀκοῇ
2690 742 2870 813 ήμῶν,
2913 744 3007 796 καὶ
3035 743 3063 795 6
3111 739 3349 811 βραχίων
3384 739 3592 809 Κυρίου
3626 739 3734 791 τίνι

2142 834 2503 907 ἀπεκαλύφθη
2525 851 2571 896 ς»
2598 835 2758 897 αὐτὸς
2784 836 2963 889 τοίνυν
2985 833 3081 887 καὶ
3094 833 3465 903 δικαιοσύνη.ι
3490 832 3733 900 Ἐγγίζει

2143 928 2250 1001 γὰρ
2277 931 2310 1000 ή
2340 928 2655 997 δικαιοσύνη
2688 944 2789 997 μου
2809 925 3242 997 παραγενέσθαι.
3272 944 3291 977 ι
3313 925 3486 987 Αὐτὸς
3502 924 3596 977 καὶ
3616 925 3733 975 Σω-

2142 1024 2268 1093 τὴρ,
2320 1022 2483 1084 αὐτὸς
2522 1021 2615 1073 καὶ
2659 1019 2921 1090 βραχίων.
2957 1017 3057 1071 Διά
3105 1018 3265 1070 τοῦτο
3318 1018 3413 1070 καὶ
3460 1018 3489 1069 6
3523 1014 3738 1077 Παῦλος

2144 1110 2460 1183 περιλαϐὼν
2508 1109 2725 1162 ἅπαντα
2757 1110 2833 1172 εἰς
2863 1109 2921 1160 ἓν
2966 1108 3251 1177 ἀναφέρει,
3306 1105 3522 1174 λέγων.·
3564 1124 3582 1156 ι
3639 1107 3739 1168 Ὃς

2145 1206 2409 1275 ἐγεννήθη
2449 1206 2582 1276 ἡμῖν
2635 1202 2745 1257 ἀπὸ
2786 1202 2924 1256 Θεοῦ
2973 1202 3135 1272 σοφία
3188 1202 3281 1255 καὶ
3335 1199 3611 1269 ἁγιασμὸς
3644 1200 3740 1253 καὶ

2142 1298 2545 1369 ἀπολύτρωσις.
2594 1316 2613 1351 ι
2651 1291 2820 1358 Οὗτος
2865 1296 2999 1366 ἡμῖν
3039 1293 3315 1348 ἀνέτειλεν
3348 1292 3615 1361 ἀνατολὴν
3655 1291 3739 1343 δι-

2145 1390 2327 1445 καίαν.
2364 1412 2381 1443 ι
2433 1391 2566 1446 Ἰδοὺ
2599 1390 2732 1462 γὰρ,
2777 1389 2965 1458 φησὶν,
2999 1386 3247 1441 ἀνατελῶ
3298 1384 3377 1456 τῷ
3410 1386 3546 1455 οἴκῳ
3573 1385 3743 1437 Δαὸὶδ

2144 1482 2408 1554 ἀνατολὴν
2422 1482 2663 1548 δικαίαν,
2688 1480 2784 1534 καὶ
2808 1478 3119 1551 βασιλεύσει
3145 1478 3401 1549 βασιλεὺς
3443 1477 3672 1541 δίκαιος.
3710 1494 3728 1527 ι

2144 1576 2259 1629 Μία
2282 1576 2380 1645 μὲν
2409 1570 2501 1629 οὖν
2525 1577 2559 1646 ή
2591 1573 2847 1645 ἀνατολὴ,
2880 1571 3071 1625 πολλαὶ
3099 1571 3157 1625 δὲ
3187 1571 3357 1641 αὐτῆς
3388 1573 3443 1624 αἰ
3478 1571 3694 1633 ἀκτῖνες
3723 1585 3738 1599 ·

2144 1669 2361 1731 ἀκτῖνες
2386 1664 2821 1737 φιλανθρωπίας,
2856 1664 3071 1729 ἰάσεως,
3092 1664 3348 1733 εἰρήνης·
3379 1652 3735 1731 δικαιοσύνης

2146 1759 2387 1825 ἀκτῖνες,
2416 1759 2513 1811 καὶ
2546 1759 2760 1828 μυρίων
2790 1756 2988 1810 ἄλλων.
3024 1755 3115 1808 Διὸ
3145 1758 3241 1810 καὶ
3269 1758 3298 1809 6
3344 1755 3511 1807 Δα6“ιδ
3544 1753 3743 1825 προθε⁴

453 1874 473 1906 ι
516 1851 573 1907 In
615 1854 810 1911 diebus
842 1854 963 1924 ejus
1011 1854 1221 1910 orietur
1249 1852 1467 1923 justitia
1498 1890 1515 1916 ,
1568 1862 1623 1906 et
1661 1850 1815 1922 pacis
1859 1849 2036 1919 copia,

2155 1847 2549 1925 σπίζωνῇδεν·
2609 1870 2627 1902 ι
2685 1850 2962 1905 ’Λνατελεϊ
2991 1852 3050 1904 ἐν
3092 1852 3213 1913 ταῖς
3274 1849 3512 1919 ἡμέραις
3570 1845 3741 1900 αὐτοῦ

447 1944 624 2001 donec
656 1946 783 2000 luna
816 1946 1162 2002 aboleatur‘.
1204 1965 1223 1998 ι
1258 1946 1357 2001 Hic
1409 1943 1573 2013 igitur
1617 1953 1773 1999 ortus
1819 1958 1887 1998 ex
1930 1943 2042 1997 alto

447 2050 602 2105 atque
632 2044 797 2107 atque
827 2053 896 2093 ex
940 2047 1087 2093 terra
1131 2036 1364 2106 contigit
1395 2054 1407 2089 :
1461 2050 1527 2090 ex
1557 2035 1670 2091 alto
1698 2034 1921 2105 quidem
1956 2049 2043 2089 se-

448 2128 691 2184 cundum
718 2130 988 2197 divinam,
1022 2146 1089 2187 ex
1116 2140 1261 2186 terra
1293 2136 1477 2185 autem
1503 2127 1802 2185 secundum
1841 2128 2041 2183 buma-

449 2230 576 2272 nam
617 2226 897 2272 naturam.

477 2388 809 2454 OUIESTIO
843 2388 1001 2447 CLXI
1036 2390 1235 2466 [CoisL
1269 2392 1451 2461 CXCI,
1505 2391 1672 2447 Taur.
1703 2390 2009 2465 CLXXXI].

452 2569 593 2637 Quid
634 2572 905 2643 signiﬁcat
932 2589 948 2626 :
988 2592 1006 2626 t
1030 2573 1185 2641 Quod
1215 2586 1264 2630 et
1300 2576 1418 2643 ipsa
1446 2584 1694 2628 creatura
1724 2574 2041 2633 liberabitur

984 2662 1016 2699 a
1050 2648 1299 2700 servitute
1323 2647 1377 2699 '?
1394 2666 1411 2698 ι
1435 2656 1541 2700 etc.

2148 1943 2467 2011 δικαιοσύνη
2499 1942 2594 1997 καὶ
2628 1941 2834 2011 πλῆθος
2866 1941 3119 2013 εἰρήνης,
3149 1940 3255 2001 ἓως
3283 1934 3346 1994 οὗ
3373 1936 3744 2008 ἀνταναιρεθῇ

2147 2041 2181 2109 ή
2224 2038 2446 2107 σελήνη.
2488 2055 2506 2088 ι
2534 2035 2684 2107 Αὕτη
2735 2034 2865 2104 γοῦν
2904 2036 2938 2106 ή
2967 2033 3202 2105 ἀνατολὴ
3231 2033 3291 2097 ἐξ
3327 2031 3495 2100 ΰψους
3531 2030 3746 2082 ἀνέτει-

2147 2131 2261 2192 λεν,
2288 2131 2391 2187 καὶ
2411 2128 2522 2183 ἀπὸ
2546 2129 2644 2199 τῆς
2669 2128 2770 2199 γῆς
2788 2145 2802 2159 ο
2828 2126 3074 2197 ἐξῦψους
3100 2128 3199 2198 μὲν
3216 2126 3358 2179 κατά
3374 2125 3475 2195 τὴν
3487 2122 3741 2193 θεότητα,

2149 2223 2257 2276 ἀπὸ
2290 2223 2392 2292 τῆς
2422 2221 2479 2275 δὲ
2503 2222 2646 2275 κατὰ
2676 2221 2775 2291 τὴν
2805 2220 3140 2291 οἰκονομίαν.

2668 2398 3001 2453 ΕΡΩΊἩΣΙΣ
3029 2396 3200 2455 ΡΞΑ’.

2150 2580 2213 2635 Τί
2234 2579 2462 2650 δηλοῖ,ι
2500 2581 2623 2643 ξὈτι
2652 2577 2760 2650 καὶΔ
2779 2578 2931 2650 αὕτη
2967 2578 3005 2645 ἠ
3040 2581 3238 2643 κτίσις
3264 2576 3745 2650 ἐλευθερωθήσε-

2438 2667 2529 2704 ται
2552 2650 2669 2705 ἀπὸ
2697 2648 2804 2719 τῆς
2840 2648 3143 2714 δουλείας,
3167 2668 3185 2700 ι
3208 2647 3306 2700 καὶ
3333 2648 3455 2713 ἐξ.;

660 2824 915 2875 Editarum
955 2839 982 2875 a
1021 2826 1199 2876 Wolﬁo
1221 2829 1461 2891 vigesima
1489 2834 1663 2892 quarta
1694 2830 1751 2894 (l.
1777 2842 1843 2891 c.,
1868 2844 1919 2893 p.
1945 2830 2177 2884 790—800.
2222 2831 2450 2884 Galland.
2478 2846 2526 2894 p.
2556 2833 2784 2895 715-747,
2808 2848 2859 2885 ιι.
2884 2835 3052 2896 40).-
3079 2834 3133 2883 lu
3162 2835 3302 2883 nom.
3330 2847 3430 2893 \‘lll,
3457 2833 3537 2882 21.

526 2973 811 3030 Serviebat
846 2985 1105 3031 creatura
1162 2976 1411 3043 homini,
1468 2994 1575 3033 non
1616 2987 1676 3033 ut
1733 2978 1922 3050 digno,
1971 2980 2053 3035 sol

454 3067 686 3134 scilicet,
738 3078 795 3123 et
823 3068 973 3135 luna,
1009 3078 1064 3125 et
1092 3081 1261 3136 astra,
1316 3079 1370 3125 et
1398 3080 1568 3138 terra,
1597 3088 1830 3143 quaeque
1857 3072 1912 3127 in
1941 3073 2050 3129 illis

456 3171 586 3219 sunt
615 3179 627 3215 :
656 3176 790 3225 non,
832 3162 1087 3232 inquam,
1123 3175 1182 3217 ut
1210 3161 1397 3232 digno.
1453 3163 1592 3218 Nam
1639 3175 1693 3219 et
1723 3164 2051 3235 praevarica-

457 3265 547 3311 tus
599 3262 738 3315 erat,
773 3263 827 3308 et
885 3269 1060 3323 paena:
1115 3256 1412 3312 obnoxius.
1484 3254 1769 3312 Serviebat
1830 3257 2056 3327 itaque,

458 3347 571 3402 Deo
602 3346 677 3401 ita
705 3346 958 3416 jubeute,
997 3362 1065 3401 ne
1096 3347 1281 3419 imago
1312 3364 1414 3403 sua
1464 3348 1687 3419 penitus
1740 3348 2061 3419 deturpare-

461 3450 573 3506 tur,
602 3440 858 3509 quamvis
891 3440 1237 3510 deliquisset.
1296 3441 1435 3497 Cum
1466 3442 1652 3513 itaque
1681 3442 1863 3497 omnis
1896 3457 2056 3495 crea-

462 3544 585 3588 tura
627 3532 893 3588 rebellem
951 3548 1010 3587 se
1061 3533 1306 3599 sisteret,
1364 3534 1512 3589 Deus
1540 3544 1722 3590 tamen
1750 3543 2062 3590 cieaturam

460 3626 761 3695 imperium
815 3640 925 3680 non
955 3625 1267 3685 detrectare
1310 3626 1501 3696 jussit,
1546 3626 1642 3682 sed
1674 3627 1845 3683 solem
1879 3626 2064 3681 radios

464 3732 621 3783 suos,
657 3726 859 3771 terram
897 3716 1107 3788 fruges,
1133 3732 1287 3772 mare
1313 3718 1517 3788 pisces,
1548 3733 1871 3789 mercesque
1900 3718 2061 3783 alias,

464 3818 521 3863 et
557 3808 784 3863 condita
819 3824 1037 3879 quoque
1065 3819 1264 3865 caetera
1317 3826 1403 3875 ea,
1462 3825 1584 3881 quae
1638 3810 1763 3865 usui
1813 3820 1868 3866 et
1908 3826 2064 3866 COIll-

469 3901 635 3954 modo
689 3900 871 3955 forent
925 3901 1281 3967 hominibus,
1352 3902 1615 3958 exhibere
1663 3904 1853 3958 voluit.
1909 3903 2064 3958 Hanc

471 3997 803 4052 sententiam
841 3998 1217 4067 explicaturus
1246 3999 1549 4071 Apostolus
1580 4000 1655 4055 ait
1700 4020 1712 4056 :
1758 4020 1777 4053 ι
1818 4000 2062 4056 Sollicita

469 4088 616 4141 enim
652 4090 994 4157 exspectatio
1045 4100 1317 4147 creatura:
1366 4092 1766 4148 revelationem
1818 4094 2060 4147 filiorum

469 4178 563 4235 Dei
592 4187 895 4249 exspectat.
937 4180 1178 4238 Vanitati
1234 4184 1382 4241 enim
1423 4198 1676 4241 creatura
1727 4202 1838 4241 non
1868 4194 2062 4256 sponte

476 4288 576 4327 sua
634 4281 719 4326 est
767 4274 1039 4343 subjecta,
1100 4276 1195 4331 sed
1252 4287 1476 4348 propter
1525 4294 1676 4344 eum,
1704 4279 1798 4349 qui
1830 4279 1934 4333 sub
1967 4292 2062 4348 spe

473 4364 709 4430 subjecit
737 4382 749 4418 :
782 4366 1043 4433 quoniam
1099 4374 1153 4420 et
1187 4365 1305 4437 ipsa
1338 4366 1431 4421 illa
1461 4377 1713 4423 creatura
1740 4367 2061 4423 liberabitur

468 4472 500 4510 a
532 4456 799 4512 servitute
840 4458 1212 4527 corruptionis
1264 4459 1321 4514 in
1357 4460 1667 4516 libertatem
1698 4461 1886 4532 gloria:
1916 4462 2060 4517 tilio-

470 4563 593 4601 rum
624 4545 718 4601 Dei
743 4548 786 4600 ⁸.
822 4565 841 4599 ›
870 4545 985 4603 Hoc
1012 4550 1195 4618 itaque
1222 4549 1377 4605 dico:
1408 4549 1705 4621 Postquam
1734 4552 1870 4608 vidit
1906 4553 2051 4609 Deus

474 4643 756 4698 hominem
794 4641 1035 4713 lapsum,
1087 4652 1404 4698 creaturam
1435 4660 1564 4700 vero
1594 4645 1881 4701 servitium
1911 4646 2064 4717 lapso

479 4737 871 4807 denegantem,
903 4736 1248 4807 compescuit
1286 4737 1435 4793 illam
1462 4739 1627 4793 etiam
1663 4738 1912 4805 invitam,
1945 4755 2063 4796 ser-

472 4828 698 4897 vireque
758 4842 879 4882 eam
932 4826 1142 4897 jussit,
1202 4828 1347 4883 sicut
1398 4829 1552 4897 olim,
1610 4830 1832 4901 quando
1879 4830 2064 4897 homo,

475 4922 763 4991 prazceptis
792 4920 1048 4986 audiens,
1078 4922 1288 4993 regiam
1328 4923 1855 4994 imperatoriamque
1888 4923 2066 4996 digni-

475 5024 643 5069 tatem
677 5022 883 5068 sartam
914 5024 1227 5085 lectamque
1260 5015 1537 5072 servabat.
1569 5015 1888 5071 Creaturam
1921 5017 2065 5072 enim

475 5106 711 5177 pudebat
740 5120 889 5172 eum,
935 5107 1031 5176 qui
1060 5107 1217 5177 lapsu
1246 5108 1523 5178 captivum
1575 5123 1635 5164 se
1678 5107 1906 5174 fecerat,
1957 5108 2069 5163 Do-

474 5199 686 5253 minum
745 5204 1088 5267 agnoscere,
1142 5200 1301 5271 eique
1360 5202 1590 5266 servire,
1644 5216 1807 5273 quem
1857 5201 2066 5273 peccati

476 5306 693 5347 servum
746 5289 952 5347 factum
984 5308 1105 5349 esse
1153 5291 1390 5349 videbat.
1443 5292 1707 5350 Conditor
1736 5304 1916 5351 autem
1950 5309 2060 5349 non

550 5445 751 5521 fluat).
783 5465 882 5516 xu,
913 5448 1006 5521 57,
1036 5449 1137 5518 58;
1174 5449 1278 5507 lsa.
1308 5466 1425 5521 Lm,
1463 5452 1515 5507 1.
1592 5454 1613 5485 ³
1638 5450 1803 5508 lCor.
1835 5468 1875 5519 ι,
1909 5452 1998 5507 50.

480 5515 503 5548 ⁶
536 5515 699 5573 Rom.
735 5515 1000 5589 vm,19,
1040 5515 1129 5577 20.

2076 5453 2095 5484 ³
2120 5450 2323 5509 Jerem.
2358 5466 2518 5517 mu,
2559 5454 2612 5508 5.

2250 2980 2593 3035 Ἐδούλευσεν
2631 2982 2663 3051 ἡ
2692 2981 2874 3044 κτίσις
2911 2980 2992 3052 τῷ
3021 2980 3318 3053 ἀνθρώπῳ,
3345 2979 3443 3050 οὐχ
3471 2979 3547 3043 ὠς
3587 2980 3729 3052 ἀξίῳ

2158 3072 2309 3143 ἥλιος
2338 3074 2431 3126 καὶ
2462 3073 2683 3145 σελήνη,
2716 3074 2811 3127 καὶ
2844 3072 3021 3145 ἄστρα
3049 3075 3144 3128 καὶ
3171 3074 3268 3143 γῆ,
3310 3072 3406 3126 καὶ
3436 3073 3505 3127 τά
3536 3074 3595 3126 ἐν
3650 3074 3749 3127 αὑ-

2157 3166 2304 3227 τοῖςο
2337 3165 2435 3235 οὐχ
2474 3164 2549 3228 ὡς
2579 3164 2713 3233 ἀξίῳ
2756 3165 2813 3218 δὲ
2848 3166 2966 3235 (καὶ
3015 3164 3125 3235 γὰρ
3166 3164 3493 3236 παραϐάτης
3532 3162 3601 3236 ἦν
3653 3164 3752 3219 καὶ

2163 3256 2461 3328 ὑπόδικος),
2488 3258 2625 3311 ἀλλά
2642 3256 2739 3311 τοῦ
2760 3257 2896 3311 Θεοῦ
2920 3258 3192 3312 δουλεύειν
3221 3257 3649 3330 προστάξαντος,
3674 3259 3752 3321 ὡς

2162 3350 2228 3404 ἂν
2271 3352 2346 3421 μὴ
2394 3350 2504 3422 (79)
2530 3349 2823 3422 ἐξυϐρισοῇ
2865 3350 2955 3403 διὰ
2994 3351 3214 3404 πάντων
3268 3352 3304 3421 ἠ
3351 3348 3539 3416 εἰκὼν,
3578 3351 3627 3403 εἰ
3658 3351 3753 3404 καί

2164 3444 2403 3516 παρέϐη.
2430 3445 2618 3515 Πάσης
2660 3444 2841 3497 τοίνυν
2871 3446 2972 3515 τῆς
3002 3443 3235 3507 κτίσεως
3267 3443 3691 3513 στασιαζούσης,
3723 3445 3755 3496 6

2162 3535 2298 3599 Θεὸς
2327 3535 2539 3590 κελεύει
2569 3540 2635 3607 τῇ
2667 3536 2842 3589 κτίσει
2894 3536 2970 3607 μὴ
3004 3537 3263 3609 ἁφηνιᾷν,
3300 3535 3441 3590 ἀλλά
3487 3535 3752 3607 παρέχειν

2167 3629 2266 3699 μὲν
2290 3628 2382 3681 τὸν
2410 3629 2561 3700 ἥλιον
2585 3630 2684 3699 τὴν
2716 3628 2910 3682 ἑαυτοῦ
2934 3630 3153 3693 ἀκτῖνα,
3186 3630 3286 3701 τὴν
3320 3630 3424 3701 γῆν
3449 3631 3578 3693 τοὺς
3620 3646 3753 3699 καρσ

2164 3725 2324 3788 ποὺς,
2350 3725 2447 3795 τὴν
2481 3723 2760 3777 θάλασσαν
2799 3724 2952 3794 ἰχθῦς
3015 3725 3110 3777 καὶ
3173 3724 3272 3788 τὰς
3307 3724 3583 3795 ἐμπορίας
3612 3740 3625 3753 ·
3659 3724 3755 3776 καὶ

2163 3816 2395 3869 ἕκαστον
2425 3814 2534 3868 τῶν
2571 3816 2909 3887 κτισμάτων,
2944 3816 3042 3887 τὴν
3080 3816 3139 3883 ἐξ
3178 3816 3391 3869 ἑαυτῶν
3438 3815 3627 3887 χρείαν
3657 3816 3754 3872 xui.

2163 3907 2434 3976 ὠφέλειαν
2501 3910 2616 3971 τοῖς
2685 3908 3021 3977 ἀνθρώποις.
3076 3907 3295 3978 Ταύτην
3350 3910 3671 3980 ἐπιγυμνῶν
3725 3910 3755 3961 6

2177 4000 2506 4064 Ἀπόστολος
2533 4000 2631 4070 τὴν
2660 3999 2873 4053 ἔννοιαν
2903 3999 3104 4069 φάσκει
3130 4017 3143 4031 ·
3176 4021 3194 4053 ι
3238 4002 3301 4055 Ἦ
3330 4002 3439 4074 γάρ
3470 4004 3755 4074 ἀποκαρα-

2162 4091 2317 4144 δοκία
2373 4092 2473 4163 τῆς
2513 4091 2746 4155 κτίσεως
2786 4091 2886 4161 τὴν
2919 4092 3267 4163 ἀποκάλυψιν
3315 4094 3425 4149 τῶν
3481 4094 3613 4147 υἱῶν
3660 4094 3757 4147 τοῦ

2163 4184 2299 4239 Θεοῦ
2328 4185 2717 4256 ἀπεκδέχεται·
2750 4186 2815 4256 τῇ
2846 4183 2957 4256 γάρ
2999 4185 3329 4256 ματαιότητι
3361 4187 3394 4257 ή
3428 4187 3605 4250 κτίσις
3656 4188 3759 4238 ὐπ-

2164 4277 2335 4349 ετάγη
2353 4278 2451 4349 οὐχ
2476 4278 2698 4344 ἑκοῦσα,
2717 4278 2852 4333 ἀλλά
2872 4278 2960 4333 διὰ
2981 4278 3074 4332 τὸν
3092 4278 3436 4344 ὑποτάξαντα
3458 4282 3543 4333 ἐπ’
3562 4279 3755 4333 ἐλπίδι.

2163 4370 2245 4425 ὅτι
2269 4370 2362 4424 καὶ
2393 4369 2534 4440 αὐτὴ
2558 4370 2593 4442 ἡ
2629 4370 2809 4435 κτίσις
2845 4369 3347 4442 ἐλευθερωθήσεται
3378 4372 3487 4425 ἀπὸ
3514 4373 3613 4443 τῆς
3634 4371 3756 4424 δου-

2162 4466 2311 4529 λείας
2344 4466 2442 4537 τῆς
2475 4464 2683 4535 φθορᾶς
2711 4465 2791 4527 είς
2828 4465 2926 4535 τὴν
2958 4462 3278 4535 ἐλευθερίαν
3308 4463 3407 4533 τῆς
3458 4463 3617 4533 δόξης
3647 4462 3757 4516 τῶν

2086 4564 2130 4618 D
2159 4557 2368 4610 τέκνων
2396 4555 2489 4610 τοῦ
2517 4554 2651 4608 Θεοῦ
2669 4572 2681 4585 ·
2716 4575 2734 4608 ι
2769 4551 2878 4608 οἷόν
2902 4571 2954 4607 τι
2981 4553 3127 4622 λέγω
3146 4570 3159 4586 ·
3195 4554 3282 4617 Ὠς
3309 4550 3448 4607 εἶδεν
3468 4553 3496 4605 ό
3517 4552 3651 4616 Θεὸς
3670 4552 3759 4605 τὸν

2170 4648 2459 4720 ἄνθρωπον
2503 4647 2833 4711 ἐκπεσόντα,
2889 4647 2986 4703 καὶ
3019 4646 3122 4717 τὴν
3153 4646 3334 4701 κτίσιν
3384 4647 3773 4700 ἀνανεύουσαν

2172 4740 2308 4811 πρὸς
2336 4740 2644 4811 ὑπηρεσίαν
2672 4739 2766 4793 τοῦ
2789 4740 3194 4812 ἡμαρτηκότος,
3232 4738 3567 4809 ἐχαλίνωσεν
3592 4737 3761 4807 αὐτὴν

2171 4833 2368 4905 καὶμὴ
2397 4834 2680 4899 θέλουσαν,
2712 4833 2805 4886 καὶ
2836 4832 3125 4886 ἐκέλευσεν
3147 4831 3442 4902 ὑπηρετεῖν
3472 4829 3765 4901 πρότερον,

2173 4926 2339 4997 ήνίκα
2373 4925 2433 4978 τὸ
2461 4924 2740 4995 βασιλικὸν
2771 4921 2951 4993 ἑαυτῷ
2986 4923 3083 4975 καὶ
3132 4920 3363 4993 ἀρχικὸν
3402 4921 3504 4990 τὴν
3542 4918 3762 4990 ἐντολὴν

2173 5018 2460 5088 φυλάττων
2513 5015 2869 5080 συνδιέσωζεν
2892 5031 2907 5046 ·
2936 5013 3203 5086 ᾐσχύνετο
3234 5014 3341 5085 γὰρ
3372 5012 3406 5084 ή
3463 5013 3640 5077 κτίσις
3673 5013 3763 5065 τὸν

2177 5108 2525 5180 αἰχμάλωτον
2552 5110 2619 5179 τῇ
2640 5106 2956 5178 παραϐάσει
2987 5104 3195 5176 Κύριον
3214 5102 3649 5175 ἐπιγράφεσθαι,
3666 5102 3762 5157 καὶ

2173 5202 2532 5273 ἐξυπηρετεῖν
2576 5199 2747 5271 αὐτῷ,
2784 5198 2882 5267 τῆς
2917 5196 3195 5269 ἁμαρτίας
3223 5195 3389 5250 αὑτὸν
3424 5195 3613 5267 ὁρῶσα
3640 5194 3761 5250 δοῦ-

2171 5294 2260 5349 λον
2290 5295 2581 5365 γενόμενον
2607 5310 2619 5323 °
2658 5293 2772 5348 ἀλλ’
2822 5294 3109 5347 ἐκέλευσεν
3138 5296 3166 5347 ὀ
3207 5293 3448 5364 Κτίστης
3480 5292 3555 5365 μὴ
3605 5292 3763 5362 ἐξαρ-

2689 5454 2707 5484 ὀ
2746 5452 2888 5509 l‘sal.
2917 5470 3088 5519 LXXII,
3125 5454 3174 5507 7.
3252 5455 3272 5486 ⁵
3313 5452 3475 5511 Rom.
3518 5468 3639 5521 vm,
3670 5452 3760 5507 ‘21.

1964 5676 2194 5736 ΝΟΤίΕ.

551 5828 665 5899 (78)
693 5828 853 5887 Colb.
888 5847 986 5903 pro
1012 5833 1153 5890 υἱοῦ.

2248 5837 2361 5908 (‘19)
2393 5838 2467 5909 μή
2507 5836 2690 5894 addidi
2710 5852 2776 5893 ex
2799 5836 2956 5893 Colb.
