  <div class='ocr_page' id='page_1' title='image "/cluster/home/n/w/nwhite01/storage/ocr_20150623/101:no.1/coo.31924054870054/448.png"; bbox 0 0 4110 6432; ppageno 0'>
   <div class='ocr_carea' id='block_1_1' title="bbox 367 429 462 492">
    <p class='ocr_par' dir='ltr' id='par_1_1' title="bbox 367 429 462 492">
     <span class='ocr_line' id='line_1_1' title="bbox 367 429 462 492; baseline -0.032 0"><span class='ocrx_word' id='word_1_1' title='bbox 367 429 462 492; x_wconf 62' lang='grc'><strong>841</strong></span> 
     </span>
    </p>
   </div>
   <div class='ocr_carea' id='block_1_2' title="bbox 1317 429 2657 501">
    <p class='ocr_par' dir='ltr' id='par_1_2' title="bbox 1317 429 2657 501">
     <span class='ocr_line' id='line_1_2' title="bbox 1317 429 2657 501; baseline 0.001 -12"><span class='ocrx_word' id='word_1_2' title='bbox 1317 432 1418 491; x_wconf 79' lang='lat' dir='ltr'><strong>AD</strong></span> <span class='ocrx_word' id='word_1_3' title='bbox 1448 429 2043 491; x_wconf 73' lang='lat' dir='ltr'><strong>AMPHILOCHIUM</strong></span> <span class='ocrx_word' id='word_1_4' title='bbox 2076 429 2425 501; x_wconf 71' lang='lat' dir='ltr'><strong>QU.‘ESTIO</strong></span> <span class='ocrx_word' id='word_1_5' title='bbox 2463 429 2657 490; x_wconf 80' lang='lat' dir='ltr'>CLXI.</span> 
     </span>
    </p>
   </div>
   <div class='ocr_carea' id='block_1_3' title="bbox 3538 425 3650 488">
    <p class='ocr_par' dir='ltr' id='par_1_3' title="bbox 3538 425 3650 488">
     <span class='ocr_line' id='line_1_3' title="bbox 3538 425 3650 488; baseline 0 0"><span class='ocrx_word' id='word_1_6' title='bbox 3538 425 3650 488; x_wconf 67' lang='lat'><strong>842</strong></span> 
     </span>
    </p>
   </div>
   <div class='ocr_carea' id='block_1_4' title="bbox 364 538 1970 612">
    <p class='ocr_par' dir='ltr' id='par_1_4' title="bbox 364 539 1948 612">
     <span class='ocr_line' id='line_1_4' title="bbox 364 539 1948 612; baseline -0.001 -18"><span class='ocrx_word' id='word_1_7' title='bbox 364 540 570 594; x_wconf 82' lang='grc' dir='ltr'><strong>νεῖσθαι</strong></span> <span class='ocrx_word' id='word_1_8' title='bbox 600 540 691 594; x_wconf 76' lang='grc' dir='ltr'><strong>τὸν</strong></span> <span class='ocrx_word' id='word_1_9' title='bbox 717 541 1062 612; x_wconf 71' lang='grc' dir='ltr'>παραϐάτην,</span> <span class='ocrx_word' id='word_1_10' title='bbox 1099 540 1215 594; x_wconf 83' lang='grc' dir='ltr'>ἀλλ’</span> <span class='ocrx_word' id='word_1_11' title='bbox 1240 543 1614 596; x_wconf 77' lang='grc' dir='ltr'><strong>ἐπιδεικνύναι</strong></span> <span class='ocrx_word' id='word_1_12' title='bbox 1641 541 1736 596; x_wconf 88' lang='grc' dir='ltr'><strong>τοῦ</strong></span> <span class='ocrx_word' id='word_1_13' title='bbox 1764 539 1948 595; x_wconf 82' lang='grc' dir='ltr'>κοινοῦ</span> 
     </span>
    </p>
   </div>
   <div class='ocr_carea' id='block_1_5' title="bbox 2077 538 3631 612">
    <p class='ocr_par' dir='ltr' id='par_1_5' title="bbox 2077 538 3631 611">
     <span class='ocr_line' id='line_1_5' title="bbox 2077 538 3631 611; baseline 0.001 -18"><span class='ocrx_word' id='word_1_14' title='bbox 2077 540 2330 611; x_wconf 82' lang='lat' dir='ltr'><strong>tbnegare</strong></span> <span class='ocrx_word' id='word_1_15' title='bbox 2373 540 2507 611; x_wconf 81' lang='lat' dir='ltr'><strong>legis</strong></span> <span class='ocrx_word' id='word_1_16' title='bbox 2533 541 2884 600; x_wconf 93' lang='lat' dir='ltr'><strong>violatorem,</strong></span> <span class='ocrx_word' id='word_1_17' title='bbox 2919 538 3011 591; x_wconf 86' lang='lat' dir='ltr'><strong>sed</strong></span> <span class='ocrx_word' id='word_1_18' title='bbox 3047 538 3230 609; x_wconf 79' lang='lat' dir='ltr'><strong>potius</strong></span> <span class='ocrx_word' id='word_1_19' title='bbox 3257 538 3631 608; x_wconf 90' lang='lat' dir='ltr'><strong>locupletissi-</strong></span> 
     </span>
    </p>
   </div>
   <div class='ocr_carea' id='block_1_6' title="bbox 366 632 1953 706">
    <p class='ocr_par' dir='ltr' id='par_1_6' title="bbox 366 632 1953 706">
     <span class='ocr_line' id='line_1_6' title="bbox 366 632 1953 706; baseline 0.002 -21"><span class='ocrx_word' id='word_1_20' title='bbox 366 632 634 685; x_wconf 80' lang='grc' dir='ltr'>Δεσπότου</span> <span class='ocrx_word' id='word_1_21' title='bbox 664 632 762 702; x_wconf 87' lang='grc' dir='ltr'><strong>τὴν</strong></span> <span class='ocrx_word' id='word_1_22' title='bbox 791 632 1022 702; x_wconf 72' lang='grc' dir='ltr'>ἄφθονον</span> <span class='ocrx_word' id='word_1_23' title='bbox 1054 635 1234 704; x_wconf 81' lang='grc' dir='ltr'>χάριν,</span> <span class='ocrx_word' id='word_1_24' title='bbox 1264 635 1357 687; x_wconf 77' lang='grc' dir='ltr'><strong>καὶ</strong></span> <span class='ocrx_word' id='word_1_25' title='bbox 1390 637 1451 687; x_wconf 87' lang='grc' dir='ltr'><strong>τὸ</strong></span> <span class='ocrx_word' id='word_1_26' title='bbox 1493 634 1594 704; x_wconf 86' lang='grc' dir='ltr'>τῆς</span> <span class='ocrx_word' id='word_1_27' title='bbox 1629 633 1953 706; x_wconf 82' lang='grc' dir='ltr'>εὐεργεσίας</span> 
     </span>
    </p>
   </div>
   <div class='ocr_carea' id='block_1_7' title="bbox 366 725 1952 798">
    <p class='ocr_par' dir='ltr' id='par_1_7' title="bbox 366 725 1952 798">
     <span class='ocr_line' id='line_1_7' title="bbox 366 725 1952 798; baseline -0.001 -20"><span class='ocrx_word' id='word_1_28' title='bbox 366 725 726 796; x_wconf 80' lang='grc' dir='ltr'><strong>ἀμετάθετον·</strong></span> <span class='ocrx_word' id='word_1_29' title='bbox 761 726 1233 794; x_wconf 84' lang='grc' dir='ltr'>ἐπαγγειλάμενος</span> <span class='ocrx_word' id='word_1_30' title='bbox 1257 727 1354 780; x_wconf 71' lang='grc' dir='ltr'>καὶ</span> <span class='ocrx_word' id='word_1_31' title='bbox 1385 729 1451 798; x_wconf 77' lang='grc' dir='ltr'>τῇ</span> <span class='ocrx_word' id='word_1_32' title='bbox 1495 727 1696 793; x_wconf 84' lang='grc' dir='ltr'>κτίσει,</span> <span class='ocrx_word' id='word_1_33' title='bbox 1756 728 1952 796; x_wconf 83' lang='grc' dir='ltr'>ὅτιπερ</span> 
     </span>
    </p>
   </div>
   <div class='ocr_carea' id='block_1_8' title="bbox 366 813 1941 887">
    <p class='ocr_par' dir='ltr' id='par_1_8' title="bbox 366 813 1941 887">
     <span class='ocr_line' id='line_1_8' title="bbox 366 813 1941 887; baseline 0.002 -20"><span class='ocrx_word' id='word_1_34' title='bbox 366 813 853 884; x_wconf 80' lang='grc' dir='ltr'>ἀνακαινιζομένου</span> <span class='ocrx_word' id='word_1_35' title='bbox 885 816 980 868; x_wconf 73' lang='grc' dir='ltr'><strong>καὶ</strong></span> <span class='ocrx_word' id='word_1_36' title='bbox 1013 815 1477 886; x_wconf 81' lang='grc' dir='ltr'>ἐλευθερουμένου</span> <span class='ocrx_word' id='word_1_37' title='bbox 1506 816 1600 869; x_wconf 87' lang='grc' dir='ltr'><strong>τοῦ</strong></span> <span class='ocrx_word' id='word_1_38' title='bbox 1636 816 1941 887; x_wconf 73' lang='grc' dir='ltr'><strong>φθαρέντος</strong></span> 
     </span>
    </p>
   </div>
   <div class='ocr_carea' id='block_1_9' title="bbox 366 905 1954 978">
    <p class='ocr_par' dir='ltr' id='par_1_9' title="bbox 366 905 1954 978">
     <span class='ocr_line' id='line_1_9' title="bbox 366 905 1954 978; baseline 0.002 -19"><span class='ocrx_word' id='word_1_39' title='bbox 366 906 461 960; x_wconf 77' lang='grc' dir='ltr'>καὶ</span> <span class='ocrx_word' id='word_1_40' title='bbox 505 905 1040 976; x_wconf 72' lang='grc' dir='ltr'><strong>αἰχμαλωτισθέντας</strong></span> <span class='ocrx_word' id='word_1_41' title='bbox 1093 906 1388 977; x_wconf 87' lang='grc' dir='ltr'>ἀνθρώπου</span> <span class='ocrx_word' id='word_1_42' title='bbox 1434 909 1954 978; x_wconf 87' lang='grc' dir='ltr'>άνακαινισθήσεται</span> 
     </span>
    </p>
   </div>
   <div class='ocr_carea' id='block_1_10' title="bbox 369 996 1956 1071">
    <p class='ocr_par' dir='ltr' id='par_1_10' title="bbox 369 996 1956 1071">
     <span class='ocr_line' id='line_1_10' title="bbox 369 996 1956 1071; baseline 0.003 -21"><span class='ocrx_word' id='word_1_43' title='bbox 369 997 462 1050; x_wconf 72' lang='grc' dir='ltr'><strong>καὶ</strong></span> <span class='ocrx_word' id='word_1_44' title='bbox 490 997 650 1067; x_wconf 78' lang='grc' dir='ltr'>αὐτή·</span> <span class='ocrx_word' id='word_1_45' title='bbox 682 996 885 1051; x_wconf 75' lang='grc' dir='ltr'>ὡσανεὶ</span> <span class='ocrx_word' id='word_1_46' title='bbox 915 999 1122 1068; x_wconf 77' lang='grc' dir='ltr'>ἔλεγεν·</span> <span class='ocrx_word' id='word_1_47' title='bbox 1157 999 1394 1055; x_wconf 84' lang='grc' dir='ltr'>Ἔπεσεν</span> <span class='ocrx_word' id='word_1_48' title='bbox 1425 1001 1458 1071; x_wconf 78' lang='grc' dir='ltr'>ἡ</span> <span class='ocrx_word' id='word_1_49' title='bbox 1487 1000 1675 1064; x_wconf 85' lang='grc' dir='ltr'>είκὼν,</span> <span class='ocrx_word' id='word_1_50' title='bbox 1708 1003 1801 1054; x_wconf 79' lang='grc' dir='ltr'><strong>καὶ</strong></span> <span class='ocrx_word' id='word_1_51' title='bbox 1826 999 1956 1054; x_wconf 82' lang='grc' dir='ltr'>ὠλί-</span> 
     </span>
    </p>
   </div>
   <div class='ocr_carea' id='block_1_11' title="bbox 369 1089 1954 1166">
    <p class='ocr_par' dir='ltr' id='par_1_11' title="bbox 369 1089 1954 1166">
     <span class='ocr_line' id='line_1_11' title="bbox 369 1089 1954 1166; baseline 0.004 -24"><span class='ocrx_word' id='word_1_52' title='bbox 369 1091 568 1160; x_wconf 90' lang='grc' dir='ltr'>σθησεν</span> <span class='ocrx_word' id='word_1_53' title='bbox 613 1089 701 1144; x_wconf 77' lang='grc' dir='ltr'>διὰ</span> <span class='ocrx_word' id='word_1_54' title='bbox 741 1091 839 1162; x_wconf 85' lang='grc' dir='ltr'><strong>τὴν</strong></span> <span class='ocrx_word' id='word_1_55' title='bbox 897 1092 1236 1164; x_wconf 80' lang='grc' dir='ltr'>παράὸασιν,</span> <span class='ocrx_word' id='word_1_56' title='bbox 1275 1094 1370 1147; x_wconf 78' lang='grc' dir='ltr'>καὶ</span> <span class='ocrx_word' id='word_1_57' title='bbox 1411 1093 1698 1164; x_wconf 76' lang='grc' dir='ltr'>φθείρεται</span> <span class='ocrx_word' id='word_1_58' title='bbox 1730 1094 1817 1148; x_wconf 74' lang='grc' dir='ltr'><strong>διὰ</strong></span> <span class='ocrx_word' id='word_1_59' title='bbox 1854 1094 1954 1166; x_wconf 81' lang='grc' dir='ltr'><strong>τὴν</strong></span> 
     </span>
    </p>
   </div>
   <div class='ocr_carea' id='block_1_12' title="bbox 368 1183 1956 1258">
    <p class='ocr_par' dir='ltr' id='par_1_12' title="bbox 368 1183 1956 1258">
     <span class='ocr_line' id='line_1_12' title="bbox 368 1183 1956 1258; baseline 0.004 -25"><span class='ocrx_word' id='word_1_60' title='bbox 368 1183 697 1253; x_wconf 86' lang='grc' dir='ltr'>παρακοήν·</span> <span class='ocrx_word' id='word_1_61' title='bbox 753 1183 990 1254; x_wconf 82' lang='grc' dir='ltr'>ἀνάσχου</span> <span class='ocrx_word' id='word_1_62' title='bbox 1050 1183 1335 1239; x_wconf 84' lang='grc' dir='ltr'>δουλεῦσαι</span> <span class='ocrx_word' id='word_1_63' title='bbox 1383 1186 1450 1257; x_wconf 80' lang='grc' dir='ltr'>τῇ</span> <span class='ocrx_word' id='word_1_64' title='bbox 1507 1184 1602 1240; x_wconf 89' lang='grc' dir='ltr'><strong>τοῦ</strong></span> <span class='ocrx_word' id='word_1_65' title='bbox 1654 1185 1956 1258; x_wconf 74' lang='grc' dir='ltr'>φθαρέντος</span> 
     </span>
    </p>
   </div>
   <div class='ocr_carea' id='block_1_13' title="bbox 367 1273 1954 1349">
    <p class='ocr_par' dir='ltr' id='par_1_13' title="bbox 367 1273 1954 1349">
     <span class='ocr_line' id='line_1_13' title="bbox 367 1273 1954 1349; baseline 0.004 -26"><span class='ocrx_word' id='word_1_66' title='bbox 367 1273 565 1344; x_wconf 78' lang='grc' dir='ltr'>φθορᾷ,</span> <span class='ocrx_word' id='word_1_67' title='bbox 609 1273 695 1326; x_wconf 83' lang='grc' dir='ltr'><strong>ἵνα</strong></span> <span class='ocrx_word' id='word_1_68' title='bbox 725 1274 854 1327; x_wconf 81' lang='grc' dir='ltr'>ὅταν</span> <span class='ocrx_word' id='word_1_69' title='bbox 885 1274 1049 1328; x_wconf 78' lang='grc' dir='ltr'>αὑτὸν</span> <span class='ocrx_word' id='word_1_70' title='bbox 1075 1275 1411 1342; x_wconf 79' lang='grc' dir='ltr'>ἀνακαινίζω</span> <span class='ocrx_word' id='word_1_71' title='bbox 1439 1276 1538 1348; x_wconf 83' lang='grc' dir='ltr'><strong>τὴν</strong></span> <span class='ocrx_word' id='word_1_72' title='bbox 1565 1278 1706 1349; x_wconf 77' lang='grc' dir='ltr'>ἐμὴν</span> <span class='ocrx_word' id='word_1_73' title='bbox 1745 1278 1954 1343; x_wconf 74' lang='grc' dir='ltr'>εἰκόνα,</span> 
     </span>
    </p>
   </div>
   <div class='ocr_carea' id='block_1_14' title="bbox 365 1363 1956 1440">
    <p class='ocr_par' dir='ltr' id='par_1_14' title="bbox 365 1363 1956 1440">
     <span class='ocr_line' id='line_1_14' title="bbox 365 1363 1956 1440; baseline 0.004 -24"><span class='ocrx_word' id='word_1_74' title='bbox 365 1363 456 1416; x_wconf 76' lang='grc' dir='ltr'>τὸν</span> <span class='ocrx_word' id='word_1_75' title='bbox 489 1363 764 1434; x_wconf 74' lang='grc' dir='ltr'>φθαρέντα</span> <span class='ocrx_word' id='word_1_76' title='bbox 803 1365 1112 1438; x_wconf 80' lang='grc' dir='ltr'>ἄνθρωπον,</span> <span class='ocrx_word' id='word_1_77' title='bbox 1147 1368 1245 1420; x_wconf 80' lang='grc' dir='ltr'><strong>σὺν</strong></span> <span class='ocrx_word' id='word_1_78' title='bbox 1287 1367 1438 1440; x_wconf 81' lang='grc' dir='ltr'>αὐτῷ</span> <span class='ocrx_word' id='word_1_79' title='bbox 1475 1370 1572 1423; x_wconf 75' lang='grc' dir='ltr'>καὶ</span> <span class='ocrx_word' id='word_1_80' title='bbox 1613 1370 1670 1422; x_wconf 84' lang='grc' dir='ltr'><strong>σὲ</strong></span> <span class='ocrx_word' id='word_1_81' title='bbox 1697 1370 1794 1440; x_wconf 89' lang='grc' dir='ltr'><strong>τὴν</strong></span> <span class='ocrx_word' id='word_1_82' title='bbox 1838 1371 1956 1423; x_wconf 85' lang='grc' dir='ltr'>κτί-</span> 
     </span>
    </p>
   </div>
   <div class='ocr_carea' id='block_1_15' title="bbox 369 1458 1959 1534">
    <p class='ocr_par' dir='ltr' id='par_1_15' title="bbox 369 1458 1959 1534">
     <span class='ocr_line' id='line_1_15' title="bbox 369 1458 1959 1534; baseline 0.006 -26"><span class='ocrx_word' id='word_1_83' title='bbox 369 1473 456 1509; x_wconf 88' lang='grc' dir='ltr'><strong>σιν</strong></span> <span class='ocrx_word' id='word_1_84' title='bbox 512 1458 868 1525; x_wconf 81' lang='grc' dir='ltr'>ἀνακαινὶσω,</span> <span class='ocrx_word' id='word_1_85' title='bbox 936 1461 1030 1512; x_wconf 74' lang='grc' dir='ltr'><strong>καὶ</strong></span> <span class='ocrx_word' id='word_1_86' title='bbox 1085 1460 1380 1534; x_wconf 82' lang='grc' dir='ltr'>σύνθρονον</span> <span class='ocrx_word' id='word_1_87' title='bbox 1428 1463 1596 1518; x_wconf 83' lang='grc' dir='ltr'>αὑτοῦ</span> <span class='ocrx_word' id='word_1_88' title='bbox 1650 1463 1752 1534; x_wconf 79' lang='grc' dir='ltr'>τῆς</span> <span class='ocrx_word' id='word_1_89' title='bbox 1801 1462 1959 1533; x_wconf 82' lang='grc' dir='ltr'>δόξης</span> 
     </span>
    </p>
   </div>
   <div class='ocr_carea' id='block_1_16' title="bbox 369 1551 1956 1628">
    <p class='ocr_par' dir='ltr' id='par_1_16' title="bbox 369 1551 1956 1628">
     <span class='ocr_line' id='line_1_16' title="bbox 369 1551 1956 1628; baseline 0.006 -29"><span class='ocrx_word' id='word_1_90' title='bbox 369 1551 624 1619; x_wconf 75' lang='grc' dir='ltr'>ποιήσω·</span> <span class='ocrx_word' id='word_1_91' title='bbox 681 1551 1180 1624; x_wconf 74' lang='grc' dir='ltr'>συγκατεσπᾶσθης</span> <span class='ocrx_word' id='word_1_92' title='bbox 1237 1555 1406 1609; x_wconf 81' lang='grc' dir='ltr'>αὐτοῦ</span> <span class='ocrx_word' id='word_1_93' title='bbox 1462 1559 1529 1627; x_wconf 84' lang='grc' dir='ltr'>τῇ</span> <span class='ocrx_word' id='word_1_94' title='bbox 1586 1556 1956 1628; x_wconf 74' lang='grc' dir='ltr'>ταλαιπωρίᾳ,</span> 
     </span>
    </p>
   </div>
   <div class='ocr_carea' id='block_1_17' title="bbox 368 1644 1959 1720">
    <p class='ocr_par' dir='ltr' id='par_1_17' title="bbox 368 1644 1959 1720">
     <span class='ocr_line' id='line_1_17' title="bbox 368 1644 1959 1720; baseline 0.006 -28"><span class='ocrx_word' id='word_1_95' title='bbox 368 1644 756 1715; x_wconf 78' lang='grc' dir='ltr'>συναναστήσῃ</span> <span class='ocrx_word' id='word_1_96' title='bbox 783 1647 846 1714; x_wconf 80' lang='grc' dir='ltr'>τῇ</span> <span class='ocrx_word' id='word_1_97' title='bbox 879 1645 1024 1716; x_wconf 76' lang='grc' dir='ltr'>δόξῃ.</span> <span class='ocrx_word' id='word_1_98' title='bbox 1058 1647 1122 1700; x_wconf 88' lang='grc' dir='ltr'>Τί</span> <span class='ocrx_word' id='word_1_99' title='bbox 1158 1647 1216 1700; x_wconf 84' lang='grc' dir='ltr'><strong>δέ</strong></span> <span class='ocrx_word' id='word_1_100' title='bbox 1245 1648 1360 1703; x_wconf 78' lang='grc' dir='ltr'>ἐστι</span> <span class='ocrx_word' id='word_1_101' title='bbox 1403 1649 1466 1703; x_wconf 84' lang='grc' dir='ltr'><strong>τὸ</strong></span> <span class='ocrx_word' id='word_1_102' title='bbox 1491 1650 1591 1720; x_wconf 86' lang='grc' dir='ltr'><strong>τὴν</strong></span> <span class='ocrx_word' id='word_1_103' title='bbox 1617 1649 1795 1703; x_wconf 82' lang='grc' dir='ltr'>κτίσιν</span> <span class='ocrx_word' id='word_1_104' title='bbox 1823 1649 1959 1720; x_wconf 88' lang='grc' dir='ltr'>φεύ-</span> 
     </span>
    </p>
   </div>
   <div class='ocr_carea' id='block_1_18' title="bbox 367 1733 1958 1812">
    <p class='ocr_par' dir='ltr' id='par_1_18' title="bbox 367 1733 1958 1812">
     <span class='ocr_line' id='line_1_18' title="bbox 367 1733 1958 1812; baseline 0.005 -29"><span class='ocrx_word' id='word_1_105' title='bbox 367 1749 490 1800; x_wconf 84' lang='grc' dir='ltr'>γειν</span> <span class='ocrx_word' id='word_1_106' title='bbox 513 1733 612 1801; x_wconf 91' lang='grc' dir='ltr'><strong>τὴν</strong></span> <span class='ocrx_word' id='word_1_107' title='bbox 644 1733 737 1786; x_wconf 88' lang='grc' dir='ltr'><strong>τοῦ</strong></span> <span class='ocrx_word' id='word_1_108' title='bbox 769 1733 1059 1805; x_wconf 82' lang='grc' dir='ltr'>ἀνθρώπου</span> <span class='ocrx_word' id='word_1_109' title='bbox 1079 1737 1442 1807; x_wconf 82' lang='grc' dir='ltr'>δεσποτείαν;</span> <span class='ocrx_word' id='word_1_110' title='bbox 1470 1739 1633 1808; x_wconf 81' lang='grc' dir='ltr'>Λέγει</span> <span class='ocrx_word' id='word_1_111' title='bbox 1657 1739 1789 1810; x_wconf 77' lang='grc' dir='ltr'>γὰρ,</span> <span class='ocrx_word' id='word_1_112' title='bbox 1827 1757 1844 1790; x_wconf 73' lang='grc' dir='ltr'><strong>ι</strong></span> <span class='ocrx_word' id='word_1_113' title='bbox 1879 1741 1920 1791; x_wconf 85' lang='grc' dir='ltr'>Τ</span> <span class='ocrx_word' id='word_1_114' title='bbox 1925 1743 1958 1812; x_wconf 80' lang='grc' dir='ltr'><strong>ᾗ</strong></span> 
     </span>
    </p>
   </div>
   <div class='ocr_carea' id='block_1_19' title="bbox 372 1822 1945 1900">
    <p class='ocr_par' dir='ltr' id='par_1_19' title="bbox 372 1822 1945 1900">
     <span class='ocr_line' id='line_1_19' title="bbox 372 1822 1945 1900; baseline 0.006 -27"><span class='ocrx_word' id='word_1_115' title='bbox 372 1822 745 1893; x_wconf 79' lang='grc' dir='ltr'>ματαιότητιή</span> <span class='ocrx_word' id='word_1_116' title='bbox 764 1823 940 1886; x_wconf 89' lang='grc' dir='ltr'>κτίσις</span> <span class='ocrx_word' id='word_1_117' title='bbox 955 1824 1052 1895; x_wconf 80' lang='grc' dir='ltr'>οὐχ</span> <span class='ocrx_word' id='word_1_118' title='bbox 1079 1825 1327 1898; x_wconf 78' lang='grc' dir='ltr'>ὑπετάγη</span> <span class='ocrx_word' id='word_1_119' title='bbox 1349 1871 1364 1885; x_wconf 89' lang='grc'><strong>.</strong></span> <span class='ocrx_word' id='word_1_120' title='bbox 1394 1847 1410 1879; x_wconf 74' lang='grc' dir='ltr'><strong>ι</strong></span> <span class='ocrx_word' id='word_1_121' title='bbox 1440 1829 1576 1900; x_wconf 79' lang='grc' dir='ltr'>Ποίᾳ</span> <span class='ocrx_word' id='word_1_122' title='bbox 1604 1829 1945 1900; x_wconf 60' lang='lat' dir='ltr'><strong>parturienti;</strong></span> 
     </span>
    </p>
   </div>
   <div class='ocr_carea' id='block_1_20' title="bbox 382 1907 1955 1992">
    <p class='ocr_par' dir='ltr' id='par_1_20' title="bbox 382 1907 1955 1992">
     <span class='ocr_line' id='line_1_20' title="bbox 382 1907 1955 1992; baseline -0.001 -17"><span class='ocrx_word' id='word_1_123' title='bbox 382 1913 502 1980; x_wconf 74' lang='grc' dir='ltr'><strong>Ἀφ’</strong></span> <span class='ocrx_word' id='word_1_124' title='bbox 521 1907 585 1967; x_wconf 68' lang='grc' dir='ltr'>οὗ</span> <span class='ocrx_word' id='word_1_125' title='bbox 616 1913 682 1968; x_wconf 79' lang='grc' dir='ltr'><strong>ἂν</strong></span> <span class='ocrx_word' id='word_1_126' title='bbox 711 1915 958 1987; x_wconf 73' lang='grc' dir='ltr'>ἐκτραπῇ</span> <span class='ocrx_word' id='word_1_127' title='bbox 986 1919 1013 1969; x_wconf 87' lang='grc' dir='ltr'><strong>ὁ</strong></span> <span class='ocrx_word' id='word_1_128' title='bbox 1040 1917 1328 1990; x_wconf 78' lang='grc' dir='ltr'>ἄνθρωπος</span> <span class='ocrx_word' id='word_1_129' title='bbox 1353 1919 1447 1973; x_wconf 90' lang='grc' dir='ltr'><strong>τοῦ</strong></span> <span class='ocrx_word' id='word_1_130' title='bbox 1470 1919 1628 1986; x_wconf 87' lang='grc' dir='ltr'>Θεοῦ,</span> <span class='ocrx_word' id='word_1_131' title='bbox 1656 1921 1852 1991; x_wconf 86' lang='grc' dir='ltr'>ματαιό</span> <span class='ocrx_word' id='word_1_132' title='bbox 1864 1937 1955 1992; x_wconf 86' lang='grc' dir='ltr'><strong>της</strong></span> 
     </span>
    </p>
   </div>
   <div class='ocr_carea' id='block_1_21' title="bbox 370 2002 1959 2082">
    <p class='ocr_par' dir='ltr' id='par_1_21' title="bbox 370 2002 1959 2082">
     <span class='ocr_line' id='line_1_21' title="bbox 370 2002 1959 2082; baseline 0.006 -26"><span class='ocrx_word' id='word_1_133' title='bbox 370 2002 641 2059; x_wconf 81' lang='grc' dir='ltr'>καλεῖται.</span> <span class='ocrx_word' id='word_1_134' title='bbox 701 2005 968 2060; x_wconf 72' lang='grc' dir='ltr'>Ἄκουσον</span> <span class='ocrx_word' id='word_1_135' title='bbox 1017 2007 1310 2076; x_wconf 70' lang='grc' dir='ltr'>ψάλλοντος</span> <span class='ocrx_word' id='word_1_136' title='bbox 1360 2010 1525 2064; x_wconf 75' lang='grc' dir='ltr'>Δαϐίδ</span> <span class='ocrx_word' id='word_1_137' title='bbox 1551 2028 1564 2042; x_wconf 94' lang='grc'><strong>·</strong></span> <span class='ocrx_word' id='word_1_138' title='bbox 1609 2031 1626 2062; x_wconf 79' lang='grc' dir='ltr'><strong>ι</strong></span> <span class='ocrx_word' id='word_1_139' title='bbox 1684 2011 1832 2082; x_wconf 85' lang='grc' dir='ltr'>Πλὴν</span> <span class='ocrx_word' id='word_1_140' title='bbox 1889 2013 1959 2065; x_wconf 83' lang='grc' dir='ltr'>τὰ</span> 
     </span>
    </p>
   </div>
   <div class='ocr_carea' id='block_1_22' title="bbox 371 2094 1960 2174">
    <p class='ocr_par' dir='ltr' id='par_1_22' title="bbox 371 2094 1960 2174">
     <span class='ocr_line' id='line_1_22' title="bbox 371 2094 1960 2174; baseline 0.006 -27"><span class='ocrx_word' id='word_1_141' title='bbox 371 2094 667 2162; x_wconf 81' lang='grc' dir='ltr'>σύμπαντα</span> <span class='ocrx_word' id='word_1_142' title='bbox 728 2097 1028 2169; x_wconf 87' lang='grc' dir='ltr'>ματαιότης</span> <span class='ocrx_word' id='word_1_143' title='bbox 1085 2100 1194 2162; x_wconf 80' lang='grc' dir='ltr'><strong>πᾶς</strong></span> <span class='ocrx_word' id='word_1_144' title='bbox 1243 2099 1534 2174; x_wconf 81' lang='grc' dir='ltr'>ἄνθρωπος</span> <span class='ocrx_word' id='word_1_145' title='bbox 1587 2101 1718 2166; x_wconf 79' lang='grc' dir='ltr'><strong>ζῶν.</strong></span> <span class='ocrx_word' id='word_1_146' title='bbox 1775 2121 1794 2155; x_wconf 72' lang='grc' dir='ltr'><strong>ι</strong></span> <span class='ocrx_word' id='word_1_147' title='bbox 1845 2103 1960 2168; x_wconf 78' lang='grc' dir='ltr'>Πᾶς</span> 
     </span>
    </p>
   </div>
   <div class='ocr_carea' id='block_1_23' title="bbox 369 2184 1961 2264">
    <p class='ocr_par' dir='ltr' id='par_1_23' title="bbox 369 2184 1961 2264">
     <span class='ocr_line' id='line_1_23' title="bbox 369 2184 1961 2264; baseline 0.007 -27"><span class='ocrx_word' id='word_1_148' title='bbox 369 2184 662 2256; x_wconf 80' lang='grc' dir='ltr'>ἄνθρωπος</span> <span class='ocrx_word' id='word_1_149' title='bbox 693 2188 921 2256; x_wconf 80' lang='grc' dir='ltr'>μάταιός</span> <span class='ocrx_word' id='word_1_150' title='bbox 950 2189 1122 2255; x_wconf 76' lang='grc' dir='ltr'>ἐστιν,</span> <span class='ocrx_word' id='word_1_151' title='bbox 1154 2192 1182 2242; x_wconf 89' lang='lat'><strong>6</strong></span> <span class='ocrx_word' id='word_1_152' title='bbox 1227 2191 1317 2244; x_wconf 78' lang='grc' dir='ltr'><strong>τὸν</strong></span> <span class='ocrx_word' id='word_1_153' title='bbox 1357 2191 1490 2245; x_wconf 82' lang='grc' dir='ltr'>Θεὸν</span> <span class='ocrx_word' id='word_1_154' title='bbox 1531 2194 1961 2264; x_wconf 77' lang='grc' dir='ltr'>καταλιμπὰνων</span> 
     </span>
    </p>
   </div>
   <div class='ocr_carea' id='block_1_24' title="bbox 369 2277 1959 2355">
    <p class='ocr_par' dir='ltr' id='par_1_24' title="bbox 369 2277 1959 2355">
     <span class='ocr_line' id='line_1_24' title="bbox 369 2277 1959 2355; baseline 0.008 -27"><span class='ocrx_word' id='word_1_155' title='bbox 369 2277 467 2328; x_wconf 61' lang='grc' dir='ltr'><strong>καὶ¹</strong></span> <span class='ocrx_word' id='word_1_156' title='bbox 497 2277 566 2330; x_wconf 84' lang='grc' dir='ltr'><strong>τά</strong></span> <span class='ocrx_word' id='word_1_157' title='bbox 603 2277 809 2347; x_wconf 82' lang='grc' dir='ltr'>μάταια</span> <span class='ocrx_word' id='word_1_158' title='bbox 844 2279 1226 2350; x_wconf 80' lang='grc' dir='ltr'><strong>μεταδιώκων·</strong></span> <span class='ocrx_word' id='word_1_159' title='bbox 1266 2282 1496 2355; x_wconf 80' lang='grc' dir='ltr'>ἔστησεν</span> <span class='ocrx_word' id='word_1_160' title='bbox 1543 2287 1570 2338; x_wconf 85' lang='lat'><strong>6</strong></span> <span class='ocrx_word' id='word_1_161' title='bbox 1619 2285 1750 2349; x_wconf 84' lang='grc' dir='ltr'>Θεὸς</span> <span class='ocrx_word' id='word_1_162' title='bbox 1783 2286 1959 2355; x_wconf 85' lang='grc' dir='ltr'>ἀγγέ-</span> 
     </span>
    </p>
   </div>
   <div class='ocr_carea' id='block_1_25' title="bbox 370 2368 1962 2448">
    <p class='ocr_par' dir='ltr' id='par_1_25' title="bbox 370 2368 1962 2448">
     <span class='ocr_line' id='line_1_25' title="bbox 370 2368 1962 2448; baseline 0.009 -30"><span class='ocrx_word' id='word_1_163' title='bbox 370 2368 498 2430; x_wconf 88' lang='grc' dir='ltr'>λους</span> <span class='ocrx_word' id='word_1_164' title='bbox 531 2369 672 2424; x_wconf 82' lang='grc' dir='ltr'>κατὰ</span> <span class='ocrx_word' id='word_1_165' title='bbox 696 2371 762 2424; x_wconf 75' lang='grc' dir='ltr'><strong>τά</strong></span> <span class='ocrx_word' id='word_1_166' title='bbox 792 2371 1034 2442; x_wconf 76' lang='grc' dir='ltr'>κλίματα</span> <span class='ocrx_word' id='word_1_167' title='bbox 1075 2373 1188 2444; x_wconf 84' lang='grc'>(80)</span> <span class='ocrx_word' id='word_1_168' title='bbox 1220 2377 1317 2445; x_wconf 83' lang='grc' dir='ltr'>τῆς</span> <span class='ocrx_word' id='word_1_169' title='bbox 1341 2376 1677 2448; x_wconf 74' lang='grc' dir='ltr'>οἰκουμένης</span> <span class='ocrx_word' id='word_1_170' title='bbox 1709 2377 1805 2431; x_wconf 77' lang='grc' dir='ltr'><strong>ἕνα</strong></span> <span class='ocrx_word' id='word_1_171' title='bbox 1831 2378 1962 2432; x_wconf 77' lang='grc' dir='ltr'>ἔκα-</span> 
     </span>
    </p>
   </div>
   <div class='ocr_carea' id='block_1_26' title="bbox 372 2459 1966 2540">
    <p class='ocr_par' dir='ltr' id='par_1_26' title="bbox 372 2459 1966 2540">
     <span class='ocr_line' id='line_1_26' title="bbox 372 2459 1966 2540; baseline 0.008 -31"><span class='ocrx_word' id='word_1_172' title='bbox 372 2473 500 2510; x_wconf 91' lang='grc' dir='ltr'>στον</span> <span class='ocrx_word' id='word_1_173' title='bbox 529 2459 934 2531; x_wconf 83' lang='grc' dir='ltr'>ἐπιτροπεύειν,</span> <span class='ocrx_word' id='word_1_174' title='bbox 969 2463 1045 2525; x_wconf 89' lang='grc' dir='ltr'><strong>ώς</strong></span> <span class='ocrx_word' id='word_1_175' title='bbox 1091 2464 1183 2517; x_wconf 78' lang='grc' dir='ltr'><strong>καὶ</strong></span> <span class='ocrx_word' id='word_1_176' title='bbox 1226 2466 1432 2536; x_wconf 79' lang='grc' dir='ltr'>Μωσῆς</span> <span class='ocrx_word' id='word_1_177' title='bbox 1479 2466 1630 2535; x_wconf 82' lang='grc' dir='ltr'>λέγει</span> <span class='ocrx_word' id='word_1_178' title='bbox 1670 2467 1804 2540; x_wconf 81' lang='grc'><strong>(81),</strong></span> <span class='ocrx_word' id='word_1_179' title='bbox 1847 2468 1966 2531; x_wconf 78' lang='grc' dir='ltr'>ἐνὸς</span> 
     </span>
    </p>
   </div>
   <div class='ocr_carea' id='block_1_27' title="bbox 371 2550 1968 2630">
    <p class='ocr_par' dir='ltr' id='par_1_27' title="bbox 371 2550 1968 2630">
     <span class='ocr_line' id='line_1_27' title="bbox 371 2550 1968 2630; baseline 0.009 -30"><span class='ocrx_word' id='word_1_180' title='bbox 371 2550 608 2604; x_wconf 82' lang='grc' dir='ltr'>ἑκάστου</span> <span class='ocrx_word' id='word_1_181' title='bbox 642 2550 860 2618; x_wconf 83' lang='grc' dir='ltr'>ἔθνους·</span> <span class='ocrx_word' id='word_1_182' title='bbox 892 2553 1088 2626; x_wconf 77' lang='grc' dir='ltr'>ἔστησε</span> <span class='ocrx_word' id='word_1_183' title='bbox 1139 2555 1215 2622; x_wconf 85' lang='grc' dir='ltr'>δὲ,</span> <span class='ocrx_word' id='word_1_184' title='bbox 1265 2558 1355 2612; x_wconf 80' lang='grc' dir='ltr'><strong>ἵνα</strong></span> <span class='ocrx_word' id='word_1_185' title='bbox 1401 2558 1500 2628; x_wconf 90' lang='grc' dir='ltr'><strong>τὴν</strong></span> <span class='ocrx_word' id='word_1_186' title='bbox 1549 2558 1757 2630; x_wconf 75' lang='grc' dir='ltr'>ἄψυχον</span> <span class='ocrx_word' id='word_1_187' title='bbox 1786 2559 1968 2615; x_wconf 84' lang='grc' dir='ltr'>κτίσιν</span> 
     </span>
    </p>
   </div>
   <div class='ocr_carea' id='block_1_28' title="bbox 2059 629 3646 702">
    <p class='ocr_par' dir='ltr' id='par_1_28' title="bbox 2059 629 3646 702">
     <span class='ocr_line' id='line_1_28' title="bbox 2059 629 3646 702; baseline 0.003 -19"><span class='ocrx_word' id='word_1_188' title='bbox 2059 645 2203 697; x_wconf 86' lang='lat' dir='ltr'><strong>mam</strong></span> <span class='ocrx_word' id='word_1_189' title='bbox 2239 631 2552 685; x_wconf 83' lang='lat' dir='ltr'><strong>communis</strong></span> <span class='ocrx_word' id='word_1_190' title='bbox 2575 629 2790 685; x_wconf 87' lang='lat' dir='ltr'><strong>Domini</strong></span> <span class='ocrx_word' id='word_1_191' title='bbox 2819 629 3075 700; x_wconf 78' lang='lat' dir='ltr'><strong>gratiam,</strong></span> <span class='ocrx_word' id='word_1_192' title='bbox 3110 629 3646 702; x_wconf 82' lang='lat' dir='ltr'><strong>beneﬁcentiamque</strong></span> 
     </span>
    </p>
   </div>
   <div class='ocr_carea' id='block_1_29' title="bbox 2059 717 3640 786">
    <p class='ocr_par' dir='ltr' id='par_1_29' title="bbox 2059 717 3640 786">
     <span class='ocr_line' id='line_1_29' title="bbox 2059 717 3640 786; baseline 0 -11"><span class='ocrx_word' id='word_1_193' title='bbox 2059 721 2456 776; x_wconf 80' lang='lat' dir='ltr'><strong>immutabilem</strong></span> <span class='ocrx_word' id='word_1_194' title='bbox 2516 721 2901 774; x_wconf 83' lang='lat' dir='ltr'><strong>demonstrare</strong></span> <span class='ocrx_word' id='word_1_195' title='bbox 2936 719 3084 774; x_wconf 90' lang='lat' dir='ltr'><strong>illam</strong></span> <span class='ocrx_word' id='word_1_196' title='bbox 3131 717 3400 786; x_wconf 88' lang='lat' dir='ltr'><strong>jubebat;</strong></span> <span class='ocrx_word' id='word_1_197' title='bbox 3463 721 3640 775; x_wconf 89' lang='lat' dir='ltr'><strong>cidem</strong></span> 
     </span>
    </p>
   </div>
   <div class='ocr_carea' id='block_1_30' title="bbox 2058 809 3646 884">
    <p class='ocr_par' dir='ltr' id='par_1_30' title="bbox 2058 809 3646 884">
     <span class='ocr_line' id='line_1_30' title="bbox 2058 809 3646 884; baseline -0.001 -16"><span class='ocrx_word' id='word_1_198' title='bbox 2058 825 2322 869; x_wconf 68' lang='lat' dir='ltr'><strong>creatura:</strong></span> <span class='ocrx_word' id='word_1_199' title='bbox 2348 813 2647 884; x_wconf 83' lang='lat' dir='ltr'><strong>pollicitus,</strong></span> <span class='ocrx_word' id='word_1_200' title='bbox 2698 811 2816 866; x_wconf 88' lang='lat' dir='ltr'><strong>fore</strong></span> <span class='ocrx_word' id='word_1_201' title='bbox 2857 820 2934 877; x_wconf 77' lang='lat' dir='ltr'><strong>ut,</strong></span> <span class='ocrx_word' id='word_1_202' title='bbox 2992 810 3086 865; x_wconf 91' lang='lat' dir='ltr'><strong>ubi</strong></span> <span class='ocrx_word' id='word_1_203' title='bbox 3121 809 3286 864; x_wconf 87' lang='lat' dir='ltr'><strong>homo</strong></span> <span class='ocrx_word' id='word_1_204' title='bbox 3317 812 3561 880; x_wconf 90' lang='lat' dir='ltr'><strong>perditus</strong></span> <span class='ocrx_word' id='word_1_205' title='bbox 3591 822 3646 867; x_wconf 91' lang='lat' dir='ltr'><strong>et</strong></span> 
     </span>
    </p>
   </div>
   <div class='ocr_carea' id='block_1_31' title="bbox 2057 905 3646 980">
    <p class='ocr_par' dir='ltr' id='par_1_31' title="bbox 2057 905 3646 980">
     <span class='ocr_line' id='line_1_31' title="bbox 2057 905 3646 980; baseline -0.004 -16"><span class='ocrx_word' id='word_1_206' title='bbox 2057 909 2306 980; x_wconf 89' lang='lat' dir='ltr'><strong>captivus</strong></span> <span class='ocrx_word' id='word_1_207' title='bbox 2336 917 2650 972; x_wconf 73' lang='lat' dir='ltr'><strong>renovatus,</strong></span> <span class='ocrx_word' id='word_1_208' title='bbox 2709 915 2763 962; x_wconf 91' lang='lat' dir='ltr'><strong>et</strong></span> <span class='ocrx_word' id='word_1_209' title='bbox 2795 905 2848 961; x_wconf 92' lang='lat' dir='ltr'><strong>in</strong></span> <span class='ocrx_word' id='word_1_210' title='bbox 2881 905 3157 976; x_wconf 81' lang='lat' dir='ltr'><strong>integrum</strong></span> <span class='ocrx_word' id='word_1_211' title='bbox 3190 905 3482 959; x_wconf 82' lang='lat' dir='ltr'><strong>restitutus</strong></span> <span class='ocrx_word' id='word_1_212' title='bbox 3529 905 3646 959; x_wconf 80' lang='lat' dir='ltr'><strong>fue-</strong></span> 
     </span>
    </p>
   </div>
   <div class='ocr_carea' id='block_1_32' title="bbox 2058 996 3646 1071">
    <p class='ocr_par' dir='ltr' id='par_1_32' title="bbox 2058 996 3646 1071">
     <span class='ocr_line' id='line_1_32' title="bbox 2058 996 3646 1071; baseline -0.001 -17"><span class='ocrx_word' id='word_1_213' title='bbox 2058 1001 2151 1068; x_wconf 87' lang='lat' dir='ltr'><strong>rit,</strong></span> <span class='ocrx_word' id='word_1_214' title='bbox 2187 1001 2302 1071; x_wconf 91' lang='lat' dir='ltr'><strong>ipsa</strong></span> <span class='ocrx_word' id='word_1_215' title='bbox 2332 1015 2553 1070; x_wconf 90' lang='lat' dir='ltr'><strong>quoque</strong></span> <span class='ocrx_word' id='word_1_216' title='bbox 2591 1009 2919 1064; x_wconf 86' lang='lat' dir='ltr'><strong>renovetur;</strong></span> <span class='ocrx_word' id='word_1_217' title='bbox 2967 997 3124 1068; x_wconf 93' lang='lat' dir='ltr'><strong>quasi</strong></span> <span class='ocrx_word' id='word_1_218' title='bbox 3155 996 3362 1053; x_wconf 85' lang='lat' dir='ltr'><strong>diceret</strong></span> <span class='ocrx_word' id='word_1_219' title='bbox 3395 1015 3409 1051; x_wconf 91' lang='lat'><strong>:</strong></span> <span class='ocrx_word' id='word_1_220' title='bbox 3445 997 3646 1052; x_wconf 89' lang='lat' dir='ltr'><strong>cecidit</strong></span> 
     </span>
    </p>
   </div>
   <div class='ocr_carea' id='block_1_33' title="bbox 2059 1087 3644 1162">
    <p class='ocr_par' dir='ltr' id='par_1_33' title="bbox 2059 1087 3644 1162">
     <span class='ocr_line' id='line_1_33' title="bbox 2059 1087 3644 1162; baseline -0.002 -16"><span class='ocrx_word' id='word_1_221' title='bbox 2059 1091 2260 1162; x_wconf 84' lang='lat' dir='ltr'><strong>imago,</strong></span> <span class='ocrx_word' id='word_1_222' title='bbox 2299 1103 2350 1147; x_wconf 90' lang='lat' dir='ltr'><strong>et</strong></span> <span class='ocrx_word' id='word_1_223' title='bbox 2386 1101 2612 1162; x_wconf 84' lang='lat' dir='ltr'><strong>peccato</strong></span> <span class='ocrx_word' id='word_1_224' title='bbox 2664 1105 2766 1146; x_wconf 92' lang='lat' dir='ltr'><strong>suo</strong></span> <span class='ocrx_word' id='word_1_225' title='bbox 2815 1089 3036 1154; x_wconf 82' lang='lat' dir='ltr'><strong>defecit,</strong></span> <span class='ocrx_word' id='word_1_226' title='bbox 3089 1103 3297 1160; x_wconf 87' lang='lat' dir='ltr'><strong>perque</strong></span> <span class='ocrx_word' id='word_1_227' title='bbox 3325 1087 3644 1144; x_wconf 88' lang='lat' dir='ltr'><strong>inobedien-</strong></span> 
     </span>
    </p>
   </div>
   <div class='ocr_carea' id='block_1_34' title="bbox 2060 1181 3643 1253">
    <p class='ocr_par' dir='ltr' id='par_1_34' title="bbox 2060 1181 3643 1253">
     <span class='ocr_line' id='line_1_34' title="bbox 2060 1181 3643 1253; baseline -0.003 -14"><span class='ocrx_word' id='word_1_228' title='bbox 2060 1185 2190 1239; x_wconf 89' lang='lat' dir='ltr'><strong>tiam</strong></span> <span class='ocrx_word' id='word_1_229' title='bbox 2223 1200 2379 1240; x_wconf 91' lang='lat' dir='ltr'><strong>suam</strong></span> <span class='ocrx_word' id='word_1_230' title='bbox 2416 1184 2680 1253; x_wconf 77' lang='lat' dir='ltr'><strong>perditur.</strong></span> <span class='ocrx_word' id='word_1_231' title='bbox 2745 1183 2971 1238; x_wconf 88' lang='lat' dir='ltr'><strong>Sustine</strong></span> <span class='ocrx_word' id='word_1_232' title='bbox 3000 1181 3186 1252; x_wconf 87' lang='lat' dir='ltr'><strong>itaque</strong></span> <span class='ocrx_word' id='word_1_233' title='bbox 3213 1183 3420 1238; x_wconf 85' lang='lat' dir='ltr'><strong>servire</strong></span> <span class='ocrx_word' id='word_1_234' title='bbox 3446 1181 3643 1252; x_wconf 89' lang='lat' dir='ltr'><strong>perditi</strong></span> 
     </span>
    </p>
   </div>
   <div class='ocr_carea' id='block_1_35' title="bbox 2061 1272 3642 1344">
    <p class='ocr_par' dir='ltr' id='par_1_35' title="bbox 2061 1272 3642 1344">
     <span class='ocr_line' id='line_1_35' title="bbox 2061 1272 3642 1344; baseline 0 -16"><span class='ocrx_word' id='word_1_235' title='bbox 2061 1275 2210 1329; x_wconf 91' lang='lat' dir='ltr'><strong>illius</strong></span> <span class='ocrx_word' id='word_1_236' title='bbox 2264 1274 2643 1344; x_wconf 87' lang='lat' dir='ltr'><strong>corruptioni,</strong></span> <span class='ocrx_word' id='word_1_237' title='bbox 2716 1282 2796 1337; x_wconf 93' lang='lat' dir='ltr'><strong>ut,</strong></span> <span class='ocrx_word' id='word_1_238' title='bbox 2827 1272 3050 1344; x_wconf 83' lang='lat' dir='ltr'><strong>quando</strong></span> <span class='ocrx_word' id='word_1_239' title='bbox 3101 1272 3396 1344; x_wconf 80' lang='lat' dir='ltr'><strong>imaginem</strong></span> <span class='ocrx_word' id='word_1_240' title='bbox 3442 1288 3642 1339; x_wconf 85' lang='lat' dir='ltr'><strong>meam,</strong></span> 
     </span>
    </p>
   </div>
   <div class='ocr_carea' id='block_1_36' title="bbox 2062 1366 3648 1436">
    <p class='ocr_par' dir='ltr' id='par_1_36' title="bbox 2062 1366 3648 1436">
     <span class='ocr_line' id='line_1_36' title="bbox 2062 1366 3648 1436; baseline -0.001 -15"><span class='ocrx_word' id='word_1_241' title='bbox 2062 1367 2340 1422; x_wconf 87' lang='lat' dir='ltr'><strong>hominem</strong></span> <span class='ocrx_word' id='word_1_242' title='bbox 2374 1366 2530 1421; x_wconf 88' lang='lat' dir='ltr'><strong>illum</strong></span> <span class='ocrx_word' id='word_1_243' title='bbox 2563 1366 2860 1436; x_wconf 89' lang='lat' dir='ltr'><strong>perditum,</strong></span> <span class='ocrx_word' id='word_1_244' title='bbox 2897 1379 3264 1429; x_wconf 79' lang='lat' dir='ltr'><strong>renovavero,</strong></span> <span class='ocrx_word' id='word_1_245' title='bbox 3293 1373 3348 1420; x_wconf 87' lang='lat' dir='ltr'><strong>et</strong></span> <span class='ocrx_word' id='word_1_246' title='bbox 3389 1373 3461 1428; x_wconf 88' lang='lat' dir='ltr'><strong>te,</strong></span> <span class='ocrx_word' id='word_1_247' title='bbox 3495 1380 3648 1419; x_wconf 84' lang='lat' dir='ltr'><strong>crea-</strong></span> 
     </span>
    </p>
   </div>
   <div class='ocr_carea' id='block_1_37' title="bbox 2063 1457 3652 1530">
    <p class='ocr_par' dir='ltr' id='par_1_37' title="bbox 2063 1457 3652 1530">
     <span class='ocr_line' id='line_1_37' title="bbox 2063 1457 3652 1530; baseline -0.002 -16"><span class='ocrx_word' id='word_1_248' title='bbox 2063 1469 2266 1523; x_wconf 85' lang='lat' dir='ltr'><strong>turam,</strong></span> <span class='ocrx_word' id='word_1_249' title='bbox 2301 1475 2409 1514; x_wconf 86' lang='lat' dir='ltr'><strong>una</strong></span> <span class='ocrx_word' id='word_1_250' title='bbox 2479 1474 2603 1512; x_wconf 93' lang='lat' dir='ltr'><strong>cum</strong></span> <span class='ocrx_word' id='word_1_251' title='bbox 2659 1459 2780 1528; x_wconf 89' lang='lat' dir='ltr'><strong>ipso</strong></span> <span class='ocrx_word' id='word_1_252' title='bbox 2830 1472 3113 1520; x_wconf 85' lang='lat' dir='ltr'><strong>renovem,</strong></span> <span class='ocrx_word' id='word_1_253' title='bbox 3173 1457 3472 1530; x_wconf 72' lang='lat' dir='ltr'><strong>gloriaeque</strong></span> <span class='ocrx_word' id='word_1_254' title='bbox 3527 1458 3652 1527; x_wconf 82' lang='lat' dir='ltr'><strong>ejus</strong></span> 
     </span>
    </p>
   </div>
   <div class='ocr_carea' id='block_1_38' title="bbox 2068 1547 3647 1618">
    <p class='ocr_par' dir='ltr' id='par_1_38' title="bbox 2068 1547 3647 1618">
     <span class='ocr_line' id='line_1_38' title="bbox 2068 1547 3647 1618; baseline -0.001 -15"><span class='ocrx_word' id='word_1_255' title='bbox 2068 1559 2380 1604; x_wconf 87' lang='lat' dir='ltr'><strong>consortem</strong></span> <span class='ocrx_word' id='word_1_256' title='bbox 2416 1547 2672 1603; x_wconf 77' lang='lat' dir='ltr'><strong>elﬁciam.</strong></span> <span class='ocrx_word' id='word_1_257' title='bbox 2723 1547 2805 1602; x_wconf 90' lang='lat' dir='ltr'><strong>Tu</strong></span> <span class='ocrx_word' id='word_1_258' title='bbox 2838 1547 3085 1618; x_wconf 87' lang='lat' dir='ltr'><strong>quidem,</strong></span> <span class='ocrx_word' id='word_1_259' title='bbox 3140 1563 3261 1615; x_wconf 64' lang='lat' dir='ltr'><strong>quae</strong></span> <span class='ocrx_word' id='word_1_260' title='bbox 3288 1562 3386 1617; x_wconf 91' lang='lat' dir='ltr'><strong>per</strong></span> <span class='ocrx_word' id='word_1_261' title='bbox 3419 1547 3647 1602; x_wconf 76' lang='lat' dir='ltr'><strong>calami-</strong></span> 
     </span>
    </p>
   </div>
   <div class='ocr_carea' id='block_1_39' title="bbox 2065 1638 3649 1712">
    <p class='ocr_par' dir='ltr' id='par_1_39' title="bbox 2065 1638 3649 1712">
     <span class='ocr_line' id='line_1_39' title="bbox 2065 1638 3649 1712; baseline -0.002 -15"><span class='ocrx_word' id='word_1_262' title='bbox 2065 1651 2230 1697; x_wconf 88' lang='lat' dir='ltr'><strong>tatem</strong></span> <span class='ocrx_word' id='word_1_263' title='bbox 2261 1641 2384 1712; x_wconf 89' lang='lat' dir='ltr'><strong>ejus</strong></span> <span class='ocrx_word' id='word_1_264' title='bbox 2419 1641 2586 1698; x_wconf 91' lang='lat' dir='ltr'><strong>simul</strong></span> <span class='ocrx_word' id='word_1_265' title='bbox 2615 1639 2878 1710; x_wconf 89' lang='lat' dir='ltr'><strong>depressa</strong></span> <span class='ocrx_word' id='word_1_266' title='bbox 2907 1655 2989 1702; x_wconf 87' lang='lat' dir='ltr'><strong>es.</strong></span> <span class='ocrx_word' id='word_1_267' title='bbox 3044 1639 3231 1708; x_wconf 71' lang='lat' dir='ltr'><strong>gloriae</strong></span> <span class='ocrx_word' id='word_1_268' title='bbox 3279 1653 3502 1709; x_wconf 80' lang='lat' dir='ltr'><strong>quoque</strong></span> <span class='ocrx_word' id='word_1_269' title='bbox 3529 1638 3649 1708; x_wconf 84' lang='lat' dir='ltr'><strong>ejus</strong></span> 
     </span>
    </p>
   </div>
   <div class='ocr_carea' id='block_1_40' title="bbox 2066 1731 3654 1805">
    <p class='ocr_par' dir='ltr' id='par_1_40' title="bbox 2066 1731 3654 1805">
     <span class='ocr_line' id='line_1_40' title="bbox 2066 1731 3654 1805; baseline -0.002 -15"><span class='ocrx_word' id='word_1_270' title='bbox 2066 1736 2336 1805; x_wconf 87' lang='lat' dir='ltr'><strong>particeps</strong></span> <span class='ocrx_word' id='word_1_271' title='bbox 2377 1749 2651 1804; x_wconf 79' lang='lat' dir='ltr'><strong>resurges.</strong></span> <span class='ocrx_word' id='word_1_272' title='bbox 2677 1733 2822 1800; x_wconf 84' lang='lat' dir='ltr'><strong>Quid</strong></span> <span class='ocrx_word' id='word_1_273' title='bbox 2851 1748 2984 1787; x_wconf 91' lang='lat' dir='ltr'><strong>vero</strong></span> <span class='ocrx_word' id='word_1_274' title='bbox 3017 1732 3148 1786; x_wconf 88' lang='lat' dir='ltr'><strong>illud</strong></span> <span class='ocrx_word' id='word_1_275' title='bbox 3180 1731 3282 1786; x_wconf 80' lang='lat' dir='ltr'><strong>sibi</strong></span> <span class='ocrx_word' id='word_1_276' title='bbox 3313 1733 3447 1798; x_wconf 89' lang='lat' dir='ltr'><strong>vult,</strong></span> <span class='ocrx_word' id='word_1_277' title='bbox 3503 1732 3654 1803; x_wconf 89' lang='lat' dir='ltr'><strong>quod</strong></span> 
     </span>
    </p>
   </div>
   <div class='ocr_carea' id='block_1_41' title="bbox 2073 1824 3650 1891">
    <p class='ocr_par' dir='ltr' id='par_1_41' title="bbox 2073 1824 3650 1891">
     <span class='ocr_line' id='line_1_41' title="bbox 2073 1824 3650 1891; baseline -0.003 -7"><span class='ocrx_word' id='word_1_278' title='bbox 2073 1835 2327 1884; x_wconf 89' lang='lat' dir='ltr'><strong>creatura</strong></span> <span class='ocrx_word' id='word_1_279' title='bbox 2358 1825 2598 1881; x_wconf 87' lang='lat' dir='ltr'><strong>hominis</strong></span> <span class='ocrx_word' id='word_1_280' title='bbox 2626 1824 2934 1880; x_wconf 84' lang='lat' dir='ltr'><strong>dominium</strong></span> <span class='ocrx_word' id='word_1_281' title='bbox 2967 1824 3251 1891; x_wconf 82' lang='lat' dir='ltr'><strong>refugiat?</strong></span> <span class='ocrx_word' id='word_1_282' title='bbox 3279 1824 3370 1878; x_wconf 86' lang='lat' dir='ltr'><strong>Ait</strong></span> <span class='ocrx_word' id='word_1_283' title='bbox 3399 1825 3650 1881; x_wconf 87' lang='lat' dir='ltr'><strong>scilicet:</strong></span> 
     </span>
    </p>
   </div>
   <div class='ocr_carea' id='block_1_42' title="bbox 2072 1903 3650 1986">
    <p class='ocr_par' dir='ltr' id='par_1_42' title="bbox 2072 1903 3650 1986">
     <span class='ocr_line' id='line_1_42' title="bbox 2072 1903 3650 1986; baseline 0.002 -17"><span class='ocrx_word' id='word_1_284' title='bbox 2072 1937 2091 1969; x_wconf 74' lang='grc' dir='ltr'><strong>ι</strong></span> <span class='ocrx_word' id='word_1_285' title='bbox 2123 1903 2388 1972; x_wconf 79' lang='lat' dir='ltr'><strong>Creatura</strong></span> <span class='ocrx_word' id='word_1_286' title='bbox 2418 1917 2646 1972; x_wconf 85' lang='lat' dir='ltr'><strong>vanitati</strong></span> <span class='ocrx_word' id='word_1_287' title='bbox 2678 1931 2784 1971; x_wconf 89' lang='lat' dir='ltr'><strong>non</strong></span> <span class='ocrx_word' id='word_1_288' title='bbox 2816 1915 3188 1986; x_wconf 86' lang='lat' dir='ltr'><strong>estsubjecta.</strong></span> <span class='ocrx_word' id='word_1_289' title='bbox 3225 1935 3244 1968; x_wconf 82' lang='grc'>›</span> <span class='ocrx_word' id='word_1_290' title='bbox 3299 1917 3408 1972; x_wconf 80' lang='lat' dir='ltr'><strong>Cui</strong></span> <span class='ocrx_word' id='word_1_291' title='bbox 3434 1918 3650 1972; x_wconf 90' lang='lat' dir='ltr'><strong>vanita-</strong></span> 
     </span>
    </p>
   </div>
   <div class='ocr_carea' id='block_1_43' title="bbox 2063 2007 3652 2078">
    <p class='ocr_par' dir='ltr' id='par_1_43' title="bbox 2063 2007 3652 2078">
     <span class='ocr_line' id='line_1_43' title="bbox 2063 2007 3652 2078; baseline -0.002 -13"><span class='ocrx_word' id='word_1_292' title='bbox 2063 2011 2150 2066; x_wconf 87' lang='lat' dir='ltr'><strong>ti?</strong></span> <span class='ocrx_word' id='word_1_293' title='bbox 2180 2009 2600 2078; x_wconf 81' lang='lat' dir='ltr'><strong>Quamprimum</strong></span> <span class='ocrx_word' id='word_1_294' title='bbox 2646 2009 2813 2063; x_wconf 88' lang='lat' dir='ltr'><strong>homo</strong></span> <span class='ocrx_word' id='word_1_295' title='bbox 2862 2024 2892 2063; x_wconf 91' lang='lat' dir='ltr'><strong>a</strong></span> <span class='ocrx_word' id='word_1_296' title='bbox 2929 2007 3040 2064; x_wconf 89' lang='lat' dir='ltr'><strong>Deo</strong></span> <span class='ocrx_word' id='word_1_297' title='bbox 3069 2023 3128 2064; x_wconf 93' lang='lat' dir='ltr'><strong>se</strong></span> <span class='ocrx_word' id='word_1_298' title='bbox 3157 2009 3380 2074; x_wconf 87' lang='lat' dir='ltr'><strong>avertit,</strong></span> <span class='ocrx_word' id='word_1_299' title='bbox 3430 2010 3652 2064; x_wconf 80' lang='lat' dir='ltr'><strong>vanitas</strong></span> 
     </span>
    </p>
   </div>
   <div class='ocr_carea' id='block_1_44' title="bbox 2063 2102 3651 2160">
    <p class='ocr_par' dir='ltr' id='par_1_44' title="bbox 2063 2102 3651 2160">
     <span class='ocr_line' id='line_1_44' title="bbox 2063 2102 3651 2160; baseline 0.001 -2"><span class='ocrx_word' id='word_1_300' title='bbox 2063 2115 2309 2160; x_wconf 80' lang='lat' dir='ltr'><strong>vocatur.</strong></span> <span class='ocrx_word' id='word_1_301' title='bbox 2359 2103 2494 2157; x_wconf 81' lang='lat' dir='ltr'><strong>Audi</strong></span> <span class='ocrx_word' id='word_1_302' title='bbox 2532 2102 2790 2157; x_wconf 86' lang='lat' dir='ltr'><strong>Davidem</strong></span> <span class='ocrx_word' id='word_1_303' title='bbox 2841 2109 3168 2158; x_wconf 89' lang='lat' dir='ltr'><strong>canentem:</strong></span> <span class='ocrx_word' id='word_1_304' title='bbox 3239 2121 3258 2154; x_wconf 73' lang='grc' dir='ltr'><strong>ι</strong></span> <span class='ocrx_word' id='word_1_305' title='bbox 3327 2102 3431 2158; x_wconf 85' lang='lat' dir='ltr'><strong>Sed</strong></span> <span class='ocrx_word' id='word_1_306' title='bbox 3466 2104 3651 2160; x_wconf 81' lang='lat' dir='ltr'><strong>omnia</strong></span> 
     </span>
    </p>
   </div>
   <div class='ocr_carea' id='block_1_45' title="bbox 2063 2192 3658 2261">
    <p class='ocr_par' dir='ltr' id='par_1_45' title="bbox 2063 2192 3658 2261">
     <span class='ocr_line' id='line_1_45' title="bbox 2063 2192 3658 2261; baseline -0.001 -13"><span class='ocrx_word' id='word_1_307' title='bbox 2063 2195 2299 2261; x_wconf 87' lang='lat' dir='ltr'><strong>vanitas,</strong></span> <span class='ocrx_word' id='word_1_308' title='bbox 2336 2194 2518 2249; x_wconf 92' lang='lat' dir='ltr'><strong>omnis</strong></span> <span class='ocrx_word' id='word_1_309' title='bbox 2574 2194 2739 2247; x_wconf 92' lang='lat' dir='ltr'><strong>homo</strong></span> <span class='ocrx_word' id='word_1_310' title='bbox 2771 2193 2960 2247; x_wconf 90' lang='lat' dir='ltr'><strong>vivens</strong></span> <span class='ocrx_word' id='word_1_311' title='bbox 2993 2192 3066 2246; x_wconf 75' lang='grc' dir='ltr'><strong>τ.»</strong></span> <span class='ocrx_word' id='word_1_312' title='bbox 3125 2193 3316 2248; x_wconf 77' lang='lat' dir='ltr'><strong>Omnis</strong></span> <span class='ocrx_word' id='word_1_313' title='bbox 3345 2193 3509 2247; x_wconf 88' lang='lat' dir='ltr'><strong>homo</strong></span> <span class='ocrx_word' id='word_1_314' title='bbox 3560 2207 3658 2246; x_wconf 83' lang='lat' dir='ltr'><strong>va-</strong></span> 
     </span>
    </p>
   </div>
   <div class='ocr_carea' id='block_1_46' title="bbox 2065 2283 3655 2355">
    <p class='ocr_par' dir='ltr' id='par_1_46' title="bbox 2065 2283 3655 2355">
     <span class='ocr_line' id='line_1_46' title="bbox 2065 2283 3655 2355; baseline -0.004 -13"><span class='ocrx_word' id='word_1_315' title='bbox 2065 2302 2171 2343; x_wconf 89' lang='lat' dir='ltr'><strong>nus</strong></span> <span class='ocrx_word' id='word_1_316' title='bbox 2225 2294 2330 2351; x_wconf 89' lang='lat' dir='ltr'><strong>est,</strong></span> <span class='ocrx_word' id='word_1_317' title='bbox 2392 2285 2486 2355; x_wconf 92' lang='lat' dir='ltr'><strong>qui</strong></span> <span class='ocrx_word' id='word_1_318' title='bbox 2531 2283 2700 2340; x_wconf 89' lang='lat' dir='ltr'><strong>Deum</strong></span> <span class='ocrx_word' id='word_1_319' title='bbox 2746 2283 2970 2348; x_wconf 87' lang='lat' dir='ltr'><strong>deserit,</strong></span> <span class='ocrx_word' id='word_1_320' title='bbox 3023 2292 3077 2338; x_wconf 92' lang='lat' dir='ltr'><strong>et</strong></span> <span class='ocrx_word' id='word_1_321' title='bbox 3135 2297 3274 2338; x_wconf 91' lang='lat' dir='ltr'><strong>vana</strong></span> <span class='ocrx_word' id='word_1_322' title='bbox 3310 2292 3655 2337; x_wconf 76' lang='lat' dir='ltr'><strong>consectam.</strong></span> 
     </span>
    </p>
   </div>
   <div class='ocr_carea' id='block_1_47' title="bbox 2069 2371 3660 2447">
    <p class='ocr_par' dir='ltr' id='par_1_47' title="bbox 2069 2371 3660 2447">
     <span class='ocr_line' id='line_1_47' title="bbox 2069 2371 3660 2447; baseline -0.006 -13"><span class='ocrx_word' id='word_1_323' title='bbox 2069 2379 2212 2434; x_wconf 90' lang='lat' dir='ltr'><strong>Deus</strong></span> <span class='ocrx_word' id='word_1_324' title='bbox 2240 2376 2466 2447; x_wconf 77' lang='lat' dir='ltr'><strong>angelos</strong></span> <span class='ocrx_word' id='word_1_325' title='bbox 2499 2389 2594 2445; x_wconf 88' lang='lat' dir='ltr'><strong>per</strong></span> <span class='ocrx_word' id='word_1_326' title='bbox 2623 2373 2805 2428; x_wconf 89' lang='lat' dir='ltr'><strong>varias</strong></span> <span class='ocrx_word' id='word_1_327' title='bbox 2851 2372 3000 2428; x_wconf 88' lang='lat' dir='ltr'><strong>orbis</strong></span> <span class='ocrx_word' id='word_1_328' title='bbox 3031 2379 3214 2442; x_wconf 91' lang='lat' dir='ltr'><strong>partes</strong></span> <span class='ocrx_word' id='word_1_329' title='bbox 3243 2371 3538 2440; x_wconf 91' lang='lat' dir='ltr'><strong>disposuit,</strong></span> <span class='ocrx_word' id='word_1_330' title='bbox 3597 2376 3660 2425; x_wconf 84' lang='grc' dir='ltr'><strong>ιιι</strong></span> 
     </span>
    </p>
   </div>
   <div class='ocr_carea' id='block_1_48' title="bbox 2069 2464 3659 2541">
    <p class='ocr_par' dir='ltr' id='par_1_48' title="bbox 2069 2464 3659 2541">
     <span class='ocr_line' id='line_1_48' title="bbox 2069 2464 3659 2541; baseline -0.005 -15"><span class='ocrx_word' id='word_1_331' title='bbox 2069 2469 2270 2541; x_wconf 79' lang='lat' dir='ltr'><strong>singuli</strong></span> <span class='ocrx_word' id='word_1_332' title='bbox 2299 2483 2514 2533; x_wconf 90' lang='lat' dir='ltr'><strong>eorum,</strong></span> <span class='ocrx_word' id='word_1_333' title='bbox 2539 2468 2686 2537; x_wconf 90' lang='lat' dir='ltr'><strong>quod</strong></span> <span class='ocrx_word' id='word_1_334' title='bbox 2718 2474 2774 2522; x_wconf 92' lang='lat' dir='ltr'><strong>et</strong></span> <span class='ocrx_word' id='word_1_335' title='bbox 2808 2465 2986 2521; x_wconf 79' lang='lat' dir='ltr'><strong>Moses</strong></span> <span class='ocrx_word' id='word_1_336' title='bbox 3015 2466 3112 2527; x_wconf 90' lang='lat' dir='ltr'><strong>ait,</strong></span> <span class='ocrx_word' id='word_1_337' title='bbox 3143 2465 3377 2534; x_wconf 81' lang='lat' dir='ltr'><strong>singulis</strong></span> <span class='ocrx_word' id='word_1_338' title='bbox 3405 2464 3659 2534; x_wconf 83' lang='lat' dir='ltr'><strong>gentibus</strong></span> 
     </span>
    </p>
   </div>
   <div class='ocr_carea' id='block_1_49' title="bbox 2068 2557 3662 2633">
    <p class='ocr_par' dir='ltr' id='par_1_49' title="bbox 2068 2557 3662 2633">
     <span class='ocr_line' id='line_1_49' title="bbox 2068 2557 3662 2633; baseline -0.004 -17"><span class='ocrx_word' id='word_1_339' title='bbox 2068 2561 2308 2633; x_wconf 67' lang='lat' dir='ltr'><strong>prtesint.</strong></span> <span class='ocrx_word' id='word_1_340' title='bbox 2347 2559 2649 2616; x_wconf 87' lang='lat' dir='ltr'><strong>Constituit</strong></span> <span class='ocrx_word' id='word_1_341' title='bbox 2681 2572 2810 2614; x_wconf 85' lang='lat' dir='ltr'><strong>vero</strong></span> <span class='ocrx_word' id='word_1_342' title='bbox 2841 2558 2988 2622; x_wconf 91' lang='lat' dir='ltr'><strong>ideo,</strong></span> <span class='ocrx_word' id='word_1_343' title='bbox 3046 2566 3107 2612; x_wconf 90' lang='lat' dir='ltr'><strong>ut</strong></span> <span class='ocrx_word' id='word_1_344' title='bbox 3131 2567 3444 2612; x_wconf 86' lang='lat' dir='ltr'><strong>creaturam</strong></span> <span class='ocrx_word' id='word_1_345' title='bbox 3482 2557 3662 2612; x_wconf 86' lang='lat' dir='ltr'><strong>inani-</strong></span> 
     </span>
    </p>
   </div>
   <div class='ocr_carea' id='block_1_50' title="bbox 372 2641 1970 2720">
    <p class='ocr_par' dir='ltr' id='par_1_50' title="bbox 372 2641 1968 2720">
     <span class='ocr_line' id='line_1_50' title="bbox 372 2641 1968 2720; baseline 0.008 -27"><span class='ocrx_word' id='word_1_346' title='bbox 372 2641 773 2710; x_wconf 74' lang='grc' dir='ltr'>χαλινώσωσιν,</span> <span class='ocrx_word' id='word_1_347' title='bbox 799 2644 974 2716; x_wconf 77' lang='grc' dir='ltr'>ἥλιον,</span> <span class='ocrx_word' id='word_1_348' title='bbox 1005 2648 1100 2700; x_wconf 76' lang='grc' dir='ltr'>καὶ</span> <span class='ocrx_word' id='word_1_349' title='bbox 1129 2647 1379 2720; x_wconf 85' lang='grc' dir='ltr'>σελήνην,</span> <span class='ocrx_word' id='word_1_350' title='bbox 1408 2648 1502 2704; x_wconf 81' lang='grc' dir='ltr'><strong>καὶ</strong></span> <span class='ocrx_word' id='word_1_351' title='bbox 1541 2647 1839 2715; x_wconf 87' lang='grc' dir='ltr'>θάλασσαν,</span> <span class='ocrx_word' id='word_1_352' title='bbox 1872 2650 1968 2704; x_wconf 75' lang='grc' dir='ltr'><strong>καὶ</strong></span> 
     </span>
    </p>
   </div>
   <div class='ocr_carea' id='block_1_51' title="bbox 2077 2641 3662 2720">
    <p class='ocr_par' dir='ltr' id='par_1_51' title="bbox 2077 2647 3662 2716">
     <span class='ocr_line' id='line_1_51' title="bbox 2077 2647 3662 2716; baseline -0.004 -10"><span class='ocrx_word' id='word_1_353' title='bbox 2077 2663 2271 2707; x_wconf 86' lang='lat' dir='ltr'><strong>malam</strong></span> <span class='ocrx_word' id='word_1_354' title='bbox 2321 2657 2634 2715; x_wconf 88' lang='lat' dir='ltr'><strong>coerceant,</strong></span> <span class='ocrx_word' id='word_1_355' title='bbox 2689 2649 2882 2716; x_wconf 87' lang='lat' dir='ltr'><strong>solem,</strong></span> <span class='ocrx_word' id='word_1_356' title='bbox 2933 2658 2988 2704; x_wconf 89' lang='lat' dir='ltr'><strong>et</strong></span> <span class='ocrx_word' id='word_1_357' title='bbox 3017 2647 3232 2714; x_wconf 87' lang='lat' dir='ltr'><strong>lunam,</strong></span> <span class='ocrx_word' id='word_1_358' title='bbox 3294 2655 3349 2703; x_wconf 90' lang='lat' dir='ltr'><strong>et</strong></span> <span class='ocrx_word' id='word_1_359' title='bbox 3380 2662 3554 2713; x_wconf 90' lang='lat' dir='ltr'><strong>mare,</strong></span> <span class='ocrx_word' id='word_1_360' title='bbox 3607 2655 3662 2702; x_wconf 91' lang='lat' dir='ltr'><strong>ct</strong></span> 
     </span>
    </p>
   </div>
   <div class='ocr_carea' id='block_1_52' title="bbox 374 2732 1970 2815">
    <p class='ocr_par' dir='ltr' id='par_1_52' title="bbox 374 2732 1966 2810">
     <span class='ocr_line' id='line_1_52' title="bbox 374 2732 1966 2810; baseline 0.008 -29"><span class='ocrx_word' id='word_1_361' title='bbox 374 2732 502 2801; x_wconf 80' lang='grc' dir='ltr'>γῆν,</span> <span class='ocrx_word' id='word_1_362' title='bbox 539 2733 631 2787; x_wconf 79' lang='grc' dir='ltr'>καὶ</span> <span class='ocrx_word' id='word_1_363' title='bbox 661 2734 730 2788; x_wconf 74' lang='grc' dir='ltr'>τὰ</span> <span class='ocrx_word' id='word_1_364' title='bbox 763 2737 821 2788; x_wconf 82' lang='grc' dir='ltr'><strong>ἐν</strong></span> <span class='ocrx_word' id='word_1_365' title='bbox 851 2737 1035 2801; x_wconf 80' lang='grc' dir='ltr'>αὐτοῖς</span> <span class='ocrx_word' id='word_1_366' title='bbox 1071 2739 1369 2810; x_wconf 83' lang='grc' dir='ltr'>ὑπηρετεῖν</span> <span class='ocrx_word' id='word_1_367' title='bbox 1414 2741 1480 2810; x_wconf 78' lang='grc' dir='ltr'>τῇ</span> <span class='ocrx_word' id='word_1_368' title='bbox 1528 2739 1623 2793; x_wconf 91' lang='grc' dir='ltr'><strong>τοῦ</strong></span> <span class='ocrx_word' id='word_1_369' title='bbox 1675 2739 1966 2810; x_wconf 83' lang='grc' dir='ltr'>ἀνθρώπου</span> 
     </span>
    </p>
   </div>
   <div class='ocr_carea' id='block_1_53' title="bbox 2077 2732 3662 2815">
    <p class='ocr_par' dir='ltr' id='par_1_53' title="bbox 2077 2739 3662 2815">
     <span class='ocr_line' id='line_1_53' title="bbox 2077 2739 3662 2815; baseline -0.005 -14"><span class='ocrx_word' id='word_1_370' title='bbox 2077 2755 2296 2809; x_wconf 76' lang='lat' dir='ltr'><strong>terram,</strong></span> <span class='ocrx_word' id='word_1_371' title='bbox 2321 2755 2378 2799; x_wconf 83' lang='lat' dir='ltr'><strong>tit</strong></span> <span class='ocrx_word' id='word_1_372' title='bbox 2398 2759 2522 2815; x_wconf 60' lang='lat' dir='ltr'><strong>quae</strong></span> <span class='ocrx_word' id='word_1_373' title='bbox 2549 2743 2601 2798; x_wconf 93' lang='lat' dir='ltr'><strong>in</strong></span> <span class='ocrx_word' id='word_1_374' title='bbox 2632 2743 2739 2799; x_wconf 76' lang='lat' dir='ltr'><strong>illis</strong></span> <span class='ocrx_word' id='word_1_375' title='bbox 2768 2751 2916 2806; x_wconf 92' lang='lat' dir='ltr'><strong>sunt,</strong></span> <span class='ocrx_word' id='word_1_376' title='bbox 2947 2741 3234 2796; x_wconf 85' lang='lat' dir='ltr'><strong>hominum</strong></span> <span class='ocrx_word' id='word_1_377' title='bbox 3262 2739 3457 2796; x_wconf 91' lang='lat' dir='ltr'><strong>usibus</strong></span> <span class='ocrx_word' id='word_1_378' title='bbox 3486 2741 3662 2794; x_wconf 90' lang='lat' dir='ltr'><strong>inser-</strong></span> 
     </span>
    </p>
   </div>
   <div class='ocr_carea' id='block_1_54' title="bbox 377 2823 1970 2906">
    <p class='ocr_par' dir='ltr' id='par_1_54' title="bbox 377 2823 1965 2906">
     <span class='ocr_line' id='line_1_54' title="bbox 377 2823 1965 2906; baseline 0.008 -30"><span class='ocrx_word' id='word_1_379' title='bbox 377 2823 699 2882; x_wconf 84' lang='grc' dir='ltr'>ἀπολαύσει.</span> <span class='ocrx_word' id='word_1_380' title='bbox 733 2828 903 2881; x_wconf 86' lang='grc' dir='ltr'>Πάλιν</span> <span class='ocrx_word' id='word_1_381' title='bbox 935 2830 982 2883; x_wconf 81' lang='grc' dir='ltr'>οἱ</span> <span class='ocrx_word' id='word_1_382' title='bbox 1012 2830 1236 2899; x_wconf 84' lang='grc' dir='ltr'>ἄγγελοι</span> <span class='ocrx_word' id='word_1_383' title='bbox 1262 2829 1554 2902; x_wconf 78' lang='grc' dir='ltr'>ὲτρύχοντο</span> <span class='ocrx_word' id='word_1_384' title='bbox 1578 2833 1965 2906; x_wconf 81' lang='grc' dir='ltr'>ὑπηρετούμε·</span> 
     </span>
    </p>
   </div>
   <div class='ocr_carea' id='block_1_55' title="bbox 2077 2823 3666 2906">
    <p class='ocr_par' dir='ltr' id='par_1_55' title="bbox 2077 2832 3666 2906">
     <span class='ocr_line' id='line_1_55' title="bbox 2077 2832 3666 2906; baseline -0.002 -15"><span class='ocrx_word' id='word_1_385' title='bbox 2077 2838 2242 2891; x_wconf 89' lang='lat' dir='ltr'><strong>viant.</strong></span> <span class='ocrx_word' id='word_1_386' title='bbox 2293 2835 2377 2890; x_wconf 82' lang='lat' dir='ltr'><strong>Ab</strong></span> <span class='ocrx_word' id='word_1_387' title='bbox 2405 2837 2574 2891; x_wconf 89' lang='lat' dir='ltr'><strong>altera</strong></span> <span class='ocrx_word' id='word_1_388' title='bbox 2607 2843 2761 2906; x_wconf 89' lang='lat' dir='ltr'><strong>parte</strong></span> <span class='ocrx_word' id='word_1_389' title='bbox 2787 2834 3047 2890; x_wconf 86' lang='lat' dir='ltr'><strong>dolebant</strong></span> <span class='ocrx_word' id='word_1_390' title='bbox 3080 2833 3285 2903; x_wconf 78' lang='lat' dir='ltr'><strong>angeli,</strong></span> <span class='ocrx_word' id='word_1_391' title='bbox 3343 2832 3666 2888; x_wconf 90' lang='lat' dir='ltr'><strong>hominibus</strong></span> 
     </span>
    </p>
   </div>
   <div class='ocr_carea' id='block_1_56' title="bbox 376 2919 1970 3000">
    <p class='ocr_par' dir='ltr' id='par_1_56' title="bbox 376 2919 1970 2995">
     <span class='ocr_line' id='line_1_56' title="bbox 376 2919 1970 2995; baseline 0.008 -27"><span class='ocrx_word' id='word_1_392' title='bbox 376 2934 460 2969; x_wconf 89' lang='grc' dir='ltr'><strong>νοι</strong></span> <span class='ocrx_word' id='word_1_393' title='bbox 488 2919 730 2986; x_wconf 79' lang='grc' dir='ltr'>ἀναξίοις</span> <span class='ocrx_word' id='word_1_394' title='bbox 763 2924 860 2973; x_wconf 79' lang='grc' dir='ltr'><strong>καὶ</strong></span> <span class='ocrx_word' id='word_1_395' title='bbox 893 2921 1051 2992; x_wconf 85' lang='grc' dir='ltr'>δίκης</span> <span class='ocrx_word' id='word_1_396' title='bbox 1098 2923 1306 2994; x_wconf 72' lang='grc' dir='ltr'>ἐνόχοις</span> <span class='ocrx_word' id='word_1_397' title='bbox 1350 2923 1696 2994; x_wconf 82' lang='grc' dir='ltr'>ἀνθρώποις·</span> <span class='ocrx_word' id='word_1_398' title='bbox 1727 2925 1824 2979; x_wconf 73' lang='grc' dir='ltr'><strong>καὶ</strong></span> <span class='ocrx_word' id='word_1_399' title='bbox 1863 2925 1970 2995; x_wconf 83' lang='grc' dir='ltr'>μά-</span> 
     </span>
    </p>
   </div>
   <div class='ocr_carea' id='block_1_57' title="bbox 2077 2919 3667 3000">
    <p class='ocr_par' dir='ltr' id='par_1_57' title="bbox 2077 2923 3667 3000">
     <span class='ocr_line' id='line_1_57' title="bbox 2077 2923 3667 3000; baseline -0.003 -16"><span class='ocrx_word' id='word_1_400' title='bbox 2077 2930 2314 3000; x_wconf 83' lang='lat' dir='ltr'><strong>indignis</strong></span> <span class='ocrx_word' id='word_1_401' title='bbox 2363 2943 2648 3000; x_wconf 65' lang='lat' dir='ltr'><strong>pienteque</strong></span> <span class='ocrx_word' id='word_1_402' title='bbox 2701 2927 2959 2983; x_wconf 80' lang='lat' dir='ltr'><strong>obnoxiis</strong></span> <span class='ocrx_word' id='word_1_403' title='bbox 3015 2927 3352 2991; x_wconf 86' lang='lat' dir='ltr'><strong>servientes,</strong></span> <span class='ocrx_word' id='word_1_404' title='bbox 3389 2924 3445 2979; x_wconf 90' lang='lat' dir='ltr'><strong>in</strong></span> <span class='ocrx_word' id='word_1_405' title='bbox 3471 2923 3667 2996; x_wconf 89' lang='lat' dir='ltr'><strong>primis</strong></span> 
     </span>
    </p>
   </div>
   <div class='ocr_carea' id='block_1_58' title="bbox 376 3009 1970 3088">
    <p class='ocr_par' dir='ltr' id='par_1_58' title="bbox 376 3009 1970 3086">
     <span class='ocr_line' id='line_1_58' title="bbox 376 3009 1970 3086; baseline 0.006 -28"><span class='ocrx_word' id='word_1_406' title='bbox 376 3009 539 3062; x_wconf 80' lang='grc' dir='ltr'>λιστα</span> <span class='ocrx_word' id='word_1_407' title='bbox 596 3011 832 3080; x_wconf 84' lang='grc' dir='ltr'>ὁρῶντες</span> <span class='ocrx_word' id='word_1_408' title='bbox 887 3013 1086 3077; x_wconf 79' lang='grc' dir='ltr'>αὐτοὺς</span> <span class='ocrx_word' id='word_1_409' title='bbox 1134 3015 1231 3086; x_wconf 76' lang='grc' dir='ltr'><strong>τὴν</strong></span> <span class='ocrx_word' id='word_1_410' title='bbox 1287 3015 1624 3085; x_wconf 85' lang='grc' dir='ltr'>Δεσποτικὴν</span> <span class='ocrx_word' id='word_1_411' title='bbox 1671 3013 1827 3080; x_wconf 76' lang='grc' dir='ltr'>ἀξίαν</span> <span class='ocrx_word' id='word_1_412' title='bbox 1861 3019 1970 3080; x_wconf 86' lang='grc' dir='ltr'>τοῖς</span> 
     </span>
    </p>
   </div>
   <div class='ocr_carea' id='block_1_59' title="bbox 2077 3009 3670 3088">
    <p class='ocr_par' dir='ltr' id='par_1_59' title="bbox 2077 3015 3670 3088">
     <span class='ocr_line' id='line_1_59' title="bbox 2077 3015 3670 3088; baseline -0.006 -12"><span class='ocrx_word' id='word_1_413' title='bbox 2077 3036 2200 3076; x_wconf 89' lang='lat' dir='ltr'><strong>cum</strong></span> <span class='ocrx_word' id='word_1_414' title='bbox 2230 3021 2499 3081; x_wconf 88' lang='lat' dir='ltr'><strong>viderent.</strong></span> <span class='ocrx_word' id='word_1_415' title='bbox 2552 3034 2647 3075; x_wconf 92' lang='lat' dir='ltr'><strong>eos</strong></span> <span class='ocrx_word' id='word_1_416' title='bbox 2698 3018 2913 3074; x_wconf 84' lang='lat' dir='ltr'><strong>Domini</strong></span> <span class='ocrx_word' id='word_1_417' title='bbox 2965 3016 3287 3088; x_wconf 87' lang='lat' dir='ltr'><strong>dignitatem</strong></span> <span class='ocrx_word' id='word_1_418' title='bbox 3342 3015 3670 3084; x_wconf 87' lang='lat' dir='ltr'><strong>cultumque</strong></span> 
     </span>
    </p>
   </div>
   <div class='ocr_carea' id='block_1_60' title="bbox 378 3101 1970 3179">
    <p class='ocr_par' dir='ltr' id='par_1_60' title="bbox 378 3101 1970 3179">
     <span class='ocr_line' id='line_1_60' title="bbox 378 3101 1970 3179; baseline 0.008 -28"><span class='ocrx_word' id='word_1_419' title='bbox 378 3101 622 3165; x_wconf 83' lang='grc' dir='ltr'>εἰδώλοις</span> <span class='ocrx_word' id='word_1_420' title='bbox 656 3103 999 3170; x_wconf 83' lang='grc' dir='ltr'>ἀνάπτοντας</span> <span class='ocrx_word' id='word_1_421' title='bbox 1039 3106 1133 3158; x_wconf 59' lang='grc' dir='ltr'><strong>καὶ⁵</strong></span> <span class='ocrx_word' id='word_1_422' title='bbox 1173 3107 1528 3177; x_wconf 78' lang='grc' dir='ltr'>ἀνιεροῦντας</span> <span class='ocrx_word' id='word_1_423' title='bbox 1557 3125 1568 3137; x_wconf 96' lang='grc'><strong>·</strong></span> <span class='ocrx_word' id='word_1_424' title='bbox 1597 3107 1794 3178; x_wconf 77' lang='grc' dir='ltr'>ἔφερεν</span> <span class='ocrx_word' id='word_1_425' title='bbox 1839 3110 1873 3178; x_wconf 82' lang='grc' dir='ltr'><strong>ὴ</strong></span> <span class='ocrx_word' id='word_1_426' title='bbox 1900 3108 1970 3179; x_wconf 85' lang='grc' dir='ltr'>γῆ</span> 
     </span>
    </p>
   </div>
   <div class='ocr_carea' id='block_1_61' title="bbox 2077 3101 3673 3179">
    <p class='ocr_par' dir='ltr' id='par_1_61' title="bbox 2077 3105 3673 3166">
     <span class='ocr_line' id='line_1_61' title="bbox 2077 3105 3673 3166; baseline -0.004 0"><span class='ocrx_word' id='word_1_427' title='bbox 2077 3112 2132 3166; x_wconf 92' lang='lat' dir='ltr'><strong>in</strong></span> <span class='ocrx_word' id='word_1_428' title='bbox 2168 3111 2313 3166; x_wconf 91' lang='lat' dir='ltr'><strong>idola</strong></span> <span class='ocrx_word' id='word_1_429' title='bbox 2367 3109 2668 3165; x_wconf 83' lang='lat' dir='ltr'><strong>transferre</strong></span> <span class='ocrx_word' id='word_1_430' title='bbox 2727 3117 2782 3164; x_wconf 88' lang='lat' dir='ltr'><strong>et</strong></span> <span class='ocrx_word' id='word_1_431' title='bbox 2835 3120 3176 3162; x_wconf 87' lang='lat' dir='ltr'><strong>convertere.</strong></span> <span class='ocrx_word' id='word_1_432' title='bbox 3238 3106 3406 3160; x_wconf 90' lang='lat' dir='ltr'><strong>Terra</strong></span> <span class='ocrx_word' id='word_1_433' title='bbox 3456 3105 3673 3161; x_wconf 87' lang='lat' dir='ltr'><strong>ferebat</strong></span> 
     </span>
    </p>
   </div>
   <div class='ocr_carea' id='block_1_62' title="bbox 377 3188 1970 3269">
    <p class='ocr_par' dir='ltr' id='par_1_62' title="bbox 377 3188 1970 3269">
     <span class='ocr_line' id='line_1_62' title="bbox 377 3188 1970 3269; baseline 0.006 -25"><span class='ocrx_word' id='word_1_434' title='bbox 377 3192 476 3244; x_wconf 74' lang='grc' dir='ltr'>τὸν</span> <span class='ocrx_word' id='word_1_435' title='bbox 507 3188 675 3258; x_wconf 78' lang='grc' dir='ltr'>οἶκον,</span> <span class='ocrx_word' id='word_1_436' title='bbox 701 3195 798 3249; x_wconf 79' lang='grc' dir='ltr'>καὶ</span> <span class='ocrx_word' id='word_1_437' title='bbox 819 3197 867 3248; x_wconf 76' lang='lat' dir='ltr'><strong>oi</strong></span> <span class='ocrx_word' id='word_1_438' title='bbox 897 3196 1074 3266; x_wconf 79' lang='grc' dir='ltr'>βωμοὶ</span> <span class='ocrx_word' id='word_1_439' title='bbox 1121 3197 1220 3260; x_wconf 80' lang='grc' dir='ltr'>τὰς</span> <span class='ocrx_word' id='word_1_440' title='bbox 1260 3198 1492 3262; x_wconf 64' lang='grc' dir='ltr'>σπονδὰς</span> <span class='ocrx_word' id='word_1_441' title='bbox 1525 3199 1772 3269; x_wconf 79' lang='grc' dir='ltr'>ἐδέχοντο</span> <span class='ocrx_word' id='word_1_442' title='bbox 1795 3216 1811 3232; x_wconf 95' lang='grc'><strong>·</strong></span> <span class='ocrx_word' id='word_1_443' title='bbox 1848 3200 1970 3263; x_wconf 83' lang='grc' dir='ltr'>τοὺς</span> 
     </span>
    </p>
   </div>
   <div class='ocr_carea' id='block_1_63' title="bbox 2077 3188 3670 3269">
    <p class='ocr_par' dir='ltr' id='par_1_63' title="bbox 2078 3196 3670 3266">
     <span class='ocr_line' id='line_1_63' title="bbox 2078 3196 3670 3266; baseline -0.002 -12"><span class='ocrx_word' id='word_1_444' title='bbox 2078 3201 2288 3266; x_wconf 84' lang='lat' dir='ltr'><strong>vinum,</strong></span> <span class='ocrx_word' id='word_1_445' title='bbox 2321 3199 2518 3254; x_wconf 86' lang='lat' dir='ltr'><strong>altaria</strong></span> <span class='ocrx_word' id='word_1_446' title='bbox 2548 3213 2678 3253; x_wconf 89' lang='lat' dir='ltr'><strong>vero</strong></span> <span class='ocrx_word' id='word_1_447' title='bbox 2722 3197 3072 3253; x_wconf 85' lang='lat' dir='ltr'><strong>deastrortnn</strong></span> <span class='ocrx_word' id='word_1_448' title='bbox 3114 3196 3379 3251; x_wconf 88' lang='lat' dir='ltr'><strong>libamina</strong></span> <span class='ocrx_word' id='word_1_449' title='bbox 3433 3197 3670 3265; x_wconf 79' lang='lat' dir='ltr'><strong>excipie-</strong></span> 
     </span>
    </p>
   </div>
   <div class='ocr_carea' id='block_1_64' title="bbox 380 3257 1970 3367">
    <p class='ocr_par' dir='ltr' id='par_1_64' title="bbox 380 3257 1970 3355">
     <span class='ocr_line' id='line_1_64' title="bbox 380 3257 1970 3355; baseline 0.008 -20"><span class='ocrx_word' id='word_1_450' title='bbox 380 3281 579 3348; x_wconf 82' lang='grc' dir='ltr'>ἄλλους</span> <span class='ocrx_word' id='word_1_451' title='bbox 637 3257 1017 3355; x_wconf 31' lang='grc' dir='ltr'>καρποὺςνκαὶ</span> <span class='ocrx_word' id='word_1_452' title='bbox 1059 3291 1172 3354; x_wconf 85' lang='grc' dir='ltr'>τοῖς</span> <span class='ocrx_word' id='word_1_453' title='bbox 1201 3257 1452 3354; x_wconf 66' lang='grc' dir='ltr'><strong>⁷εἰδώλοις</strong></span> <span class='ocrx_word' id='word_1_454' title='bbox 1475 3257 1790 3346; x_wconf 80' lang='grc' dir='ltr'>ἀνετίθεντο</span> <span class='ocrx_word' id='word_1_455' title='bbox 1814 3308 1829 3323; x_wconf 94' lang='grc'><strong>·</strong></span> <span class='ocrx_word' id='word_1_456' title='bbox 1882 3257 1970 3348; x_wconf 63' lang='grc' dir='ltr'><strong>διά</strong></span> 
     </span>
    </p>
   </div>
   <div class='ocr_carea' id='block_1_65' title="bbox 2077 3257 3668 3367">
    <p class='ocr_par' dir='ltr' id='par_1_65' title="bbox 2080 3287 3668 3367">
     <span class='ocr_line' id='line_1_65' title="bbox 2080 3287 3668 3367; baseline -0.004 -19"><span class='ocrx_word' id='word_1_457' title='bbox 2080 3296 2243 3367; x_wconf 66' lang='lat' dir='ltr'><strong>bant;</strong></span> <span class='ocrx_word' id='word_1_458' title='bbox 2281 3292 2425 3348; x_wconf 91' lang='lat' dir='ltr'><strong>sicut</strong></span> <span class='ocrx_word' id='word_1_459' title='bbox 2451 3301 2507 3348; x_wconf 92' lang='lat' dir='ltr'><strong>et</strong></span> <span class='ocrx_word' id='word_1_460' title='bbox 2533 3291 2673 3346; x_wconf 91' lang='lat' dir='ltr'><strong>alios</strong></span> <span class='ocrx_word' id='word_1_461' title='bbox 2705 3287 2920 3344; x_wconf 88' lang='lat' dir='ltr'><strong>fructus</strong></span> <span class='ocrx_word' id='word_1_462' title='bbox 2952 3287 3116 3343; x_wconf 88' lang='lat' dir='ltr'><strong>idolis</strong></span> <span class='ocrx_word' id='word_1_463' title='bbox 3145 3301 3334 3344; x_wconf 90' lang='lat' dir='ltr'><strong>sacros</strong></span> <span class='ocrx_word' id='word_1_464' title='bbox 3359 3301 3482 3344; x_wconf 91' lang='lat' dir='ltr'><strong>esse</strong></span> <span class='ocrx_word' id='word_1_465' title='bbox 3503 3287 3668 3358; x_wconf 89' lang='lat' dir='ltr'><strong>jube-</strong></span> 
     </span>
    </p>
   </div>
   <div class='ocr_carea' id='block_1_66' title="bbox 381 3376 1974 3455">
    <p class='ocr_par' dir='ltr' id='par_1_66' title="bbox 381 3376 1974 3455">
     <span class='ocr_line' id='line_1_66' title="bbox 381 3376 1974 3455; baseline 0.007 -29"><span class='ocrx_word' id='word_1_466' title='bbox 381 3376 544 3428; x_wconf 87' lang='grc' dir='ltr'>τοῦτο</span> <span class='ocrx_word' id='word_1_467' title='bbox 597 3377 932 3450; x_wconf 74' lang='grc' dir='ltr'>ἐδυσφόρουν</span> <span class='ocrx_word' id='word_1_468' title='bbox 975 3381 1022 3432; x_wconf 80' lang='grc' dir='ltr'>οἱ</span> <span class='ocrx_word' id='word_1_469' title='bbox 1059 3379 1282 3450; x_wconf 81' lang='grc' dir='ltr'>ἄγγελοι</span> <span class='ocrx_word' id='word_1_470' title='bbox 1314 3381 1382 3434; x_wconf 74' lang='grc' dir='ltr'>τὰ</span> <span class='ocrx_word' id='word_1_471' title='bbox 1416 3382 1492 3453; x_wconf 86' lang='grc' dir='ltr'><strong>μὴ</strong></span> <span class='ocrx_word' id='word_1_472' title='bbox 1553 3383 1681 3437; x_wconf 79' lang='grc' dir='ltr'>ὄντα</span> <span class='ocrx_word' id='word_1_473' title='bbox 1735 3383 1974 3455; x_wconf 83' lang='grc' dir='ltr'>ὁρῶντες</span> 
     </span>
    </p>
   </div>
   <div class='ocr_carea' id='block_1_67' title="bbox 383 3468 1978 3544">
    <p class='ocr_par' dir='ltr' id='par_1_67' title="bbox 383 3468 1978 3544">
     <span class='ocr_line' id='line_1_67' title="bbox 383 3468 1978 3544; baseline 0.004 -22"><span class='ocrx_word' id='word_1_474' title='bbox 383 3468 512 3522; x_wconf 74' lang='grc' dir='ltr'>ἀντὶ</span> <span class='ocrx_word' id='word_1_475' title='bbox 549 3468 642 3521; x_wconf 87' lang='grc' dir='ltr'><strong>τοῦ</strong></span> <span class='ocrx_word' id='word_1_476' title='bbox 680 3471 832 3531; x_wconf 80' lang='grc' dir='ltr'>ὄντος</span> <span class='ocrx_word' id='word_1_477' title='bbox 862 3469 1185 3542; x_wconf 78' lang='grc' dir='ltr'>τιμώμενα·</span> <span class='ocrx_word' id='word_1_478' title='bbox 1231 3472 1484 3526; x_wconf 82' lang='grc' dir='ltr'>ἐντεῦθεν</span> <span class='ocrx_word' id='word_1_479' title='bbox 1537 3473 1760 3544; x_wconf 88' lang='grc' dir='ltr'>λέγεται</span> <span class='ocrx_word' id='word_1_480' title='bbox 1791 3477 1886 3528; x_wconf 73' lang='grc' dir='ltr'>καὶ</span> <span class='ocrx_word' id='word_1_481' title='bbox 1918 3476 1978 3529; x_wconf 75' lang='grc' dir='ltr'>τὸ</span> 
     </span>
    </p>
   </div>
   <div class='ocr_carea' id='block_1_68' title="bbox 385 3558 1975 3638">
    <p class='ocr_par' dir='ltr' id='par_1_68' title="bbox 385 3558 1975 3638">
     <span class='ocr_line' id='line_1_68' title="bbox 385 3558 1975 3638; baseline 0.006 -28"><span class='ocrx_word' id='word_1_482' title='bbox 385 3558 574 3630; x_wconf 76' lang='grc' dir='ltr'>ἓτερον</span> <span class='ocrx_word' id='word_1_483' title='bbox 600 3559 823 3632; x_wconf 76' lang='grc' dir='ltr'>ζήτημα</span> <span class='ocrx_word' id='word_1_484' title='bbox 851 3561 912 3614; x_wconf 77' lang='grc' dir='ltr'>τὸ</span> <span class='ocrx_word' id='word_1_485' title='bbox 967 3564 1045 3625; x_wconf 83' lang='grc' dir='ltr'><strong>είς</strong></span> <span class='ocrx_word' id='word_1_486' title='bbox 1076 3563 1170 3616; x_wconf 83' lang='grc' dir='ltr'><strong>τὸν</strong></span> <span class='ocrx_word' id='word_1_487' title='bbox 1219 3565 1510 3635; x_wconf 77' lang='grc' dir='ltr'>προφήτην</span> <span class='ocrx_word' id='word_1_488' title='bbox 1542 3566 1975 3638; x_wconf 83' lang='grc' dir='ltr'>ἀναφερόμενον.</span> 
     </span>
    </p>
   </div>
   <div class='ocr_carea' id='block_1_69' title="bbox 398 3645 1978 3728">
    <p class='ocr_par' dir='ltr' id='par_1_69' title="bbox 398 3645 1978 3728">
     <span class='ocr_line' id='line_1_69' title="bbox 398 3645 1978 3728; baseline 0.006 -29"><span class='ocrx_word' id='word_1_489' title='bbox 398 3668 417 3699; x_wconf 77' lang='grc' dir='ltr'><strong>ι</strong></span> <span class='ocrx_word' id='word_1_490' title='bbox 454 3645 662 3703; x_wconf 84' lang='grc' dir='ltr'>Ἦλθεν</span> <span class='ocrx_word' id='word_1_491' title='bbox 712 3651 850 3723; x_wconf 85' lang='grc' dir='ltr'>πρὸς</span> <span class='ocrx_word' id='word_1_492' title='bbox 887 3653 1073 3718; x_wconf 80' lang='grc' dir='ltr'>αὑτὸν,</span> <span class='ocrx_word' id='word_1_493' title='bbox 1123 3654 1312 3724; x_wconf 76' lang='grc' dir='ltr'>φησὶν,</span> <span class='ocrx_word' id='word_1_494' title='bbox 1371 3656 1400 3708; x_wconf 92' lang='lat'><strong>6</strong></span> <span class='ocrx_word' id='word_1_495' title='bbox 1453 3657 1685 3726; x_wconf 86' lang='grc' dir='ltr'>ἄγγελος</span> <span class='ocrx_word' id='word_1_496' title='bbox 1711 3657 1978 3728; x_wconf 78' lang='grc' dir='ltr'>Γαϐριὴλ,</span> 
     </span>
    </p>
   </div>
   <div class='ocr_carea' id='block_1_70' title="bbox 391 3743 1982 3824">
    <p class='ocr_par' dir='ltr' id='par_1_70' title="bbox 391 3743 1982 3824">
     <span class='ocr_line' id='line_1_70' title="bbox 391 3743 1982 3824; baseline 0.008 -27"><span class='ocrx_word' id='word_1_497' title='bbox 391 3744 491 3797; x_wconf 73' lang='grc' dir='ltr'>καὶ</span> <span class='ocrx_word' id='word_1_498' title='bbox 515 3743 663 3812; x_wconf 82' lang='grc' dir='ltr'>λέγει</span> <span class='ocrx_word' id='word_1_499' title='bbox 697 3743 845 3815; x_wconf 86' lang='grc' dir='ltr'><strong>αὐτῷ</strong></span> <span class='ocrx_word' id='word_1_500' title='bbox 869 3762 882 3777; x_wconf 92' lang='grc'><strong>·</strong></span> <span class='ocrx_word' id='word_1_501' title='bbox 914 3746 1136 3818; x_wconf 88' lang='grc' dir='ltr'>Δανιὴλ,</span> <span class='ocrx_word' id='word_1_502' title='bbox 1177 3750 1207 3801; x_wconf 87' lang='lat'><strong>6</strong></span> <span class='ocrx_word' id='word_1_503' title='bbox 1250 3748 1438 3812; x_wconf 89' lang='grc' dir='ltr'>δοῦλος</span> <span class='ocrx_word' id='word_1_504' title='bbox 1468 3748 1562 3803; x_wconf 89' lang='grc' dir='ltr'><strong>τοῦ</strong></span> <span class='ocrx_word' id='word_1_505' title='bbox 1586 3749 1748 3814; x_wconf 84' lang='grc' dir='ltr'>Θεοῦ,</span> <span class='ocrx_word' id='word_1_506' title='bbox 1784 3751 1878 3821; x_wconf 80' lang='grc' dir='ltr'>ἀφ’</span> <span class='ocrx_word' id='word_1_507' title='bbox 1911 3748 1982 3824; x_wconf 79' lang='grc' dir='ltr'>ἧς</span> 
     </span>
    </p>
   </div>
   <div class='ocr_carea' id='block_1_71' title="bbox 389 3835 1981 3911">
    <p class='ocr_par' dir='ltr' id='par_1_71' title="bbox 389 3835 1981 3911">
     <span class='ocr_line' id='line_1_71' title="bbox 389 3835 1981 3911; baseline 0.006 -24"><span class='ocrx_word' id='word_1_508' title='bbox 389 3835 608 3906; x_wconf 77' lang='grc' dir='ltr'>ἡμέρας</span> <span class='ocrx_word' id='word_1_509' title='bbox 637 3835 870 3906; x_wconf 81' lang='grc' dir='ltr'>προέθου</span> <span class='ocrx_word' id='word_1_510' title='bbox 913 3837 1165 3891; x_wconf 82' lang='grc' dir='ltr'>κακῶσαι</span> <span class='ocrx_word' id='word_1_511' title='bbox 1194 3837 1292 3909; x_wconf 81' lang='grc' dir='ltr'><strong>τὴν</strong></span> <span class='ocrx_word' id='word_1_512' title='bbox 1317 3839 1496 3911; x_wconf 77' lang='grc' dir='ltr'>ψυχήν</span> <span class='ocrx_word' id='word_1_513' title='bbox 1525 3857 1620 3894; x_wconf 90' lang='grc' dir='ltr'><strong>σου</strong></span> <span class='ocrx_word' id='word_1_514' title='bbox 1658 3841 1838 3895; x_wconf 75' lang='grc' dir='ltr'>ἔναντι</span> <span class='ocrx_word' id='word_1_515' title='bbox 1866 3845 1981 3898; x_wconf 84' lang='grc' dir='ltr'><strong>Κυ-</strong></span> 
     </span>
    </p>
   </div>
   <div class='ocr_carea' id='block_1_72' title="bbox 395 3926 1984 4005">
    <p class='ocr_par' dir='ltr' id='par_1_72' title="bbox 395 3926 1984 4005">
     <span class='ocr_line' id='line_1_72' title="bbox 395 3926 1984 4005; baseline 0.002 -27"><span class='ocrx_word' id='word_1_516' title='bbox 395 3927 537 3999; x_wconf 85' lang='grc' dir='ltr'>ρίου,</span> <span class='ocrx_word' id='word_1_517' title='bbox 568 3926 900 3998; x_wconf 70' lang='grc' dir='ltr'>εἰσηκούσθη</span> <span class='ocrx_word' id='word_1_518' title='bbox 919 3930 952 3998; x_wconf 84' lang='grc' dir='ltr'><strong>ή</strong></span> <span class='ocrx_word' id='word_1_519' title='bbox 975 3928 1159 3998; x_wconf 86' lang='grc' dir='ltr'>δέησίς</span> <span class='ocrx_word' id='word_1_520' title='bbox 1184 3946 1300 3996; x_wconf 88' lang='grc' dir='ltr'>σου,</span> <span class='ocrx_word' id='word_1_521' title='bbox 1333 3932 1426 3984; x_wconf 83' lang='grc' dir='ltr'>καὶ</span> <span class='ocrx_word' id='word_1_522' title='bbox 1456 3931 1772 4004; x_wconf 82' lang='grc' dir='ltr'>ἀπεστάλην</span> <span class='ocrx_word' id='word_1_523' title='bbox 1797 3937 1984 4005; x_wconf 75' lang='grc' dir='ltr'>ἀπαγ-</span> 
     </span>
    </p>
   </div>
   <div class='ocr_carea' id='block_1_73' title="bbox 393 4019 1980 4095">
    <p class='ocr_par' dir='ltr' id='par_1_73' title="bbox 393 4019 1980 4095">
     <span class='ocr_line' id='line_1_73' title="bbox 393 4019 1980 4095; baseline 0.003 -22"><span class='ocrx_word' id='word_1_524' title='bbox 393 4021 573 4090; x_wconf 85' lang='grc' dir='ltr'>γεῖλαί</span> <span class='ocrx_word' id='word_1_525' title='bbox 602 4037 686 4073; x_wconf 90' lang='grc' dir='ltr'><strong>σοι</strong></span> <span class='ocrx_word' id='word_1_526' title='bbox 725 4021 792 4073; x_wconf 76' lang='grc' dir='ltr'>τὰ</span> <span class='ocrx_word' id='word_1_527' title='bbox 830 4022 1054 4092; x_wconf 77' lang='grc' dir='ltr'>ῥήματα</span> <span class='ocrx_word' id='word_1_528' title='bbox 1079 4019 1286 4076; x_wconf 82' lang='grc' dir='ltr'>ταῦτα·</span> <span class='ocrx_word' id='word_1_529' title='bbox 1320 4021 1437 4075; x_wconf 80' lang='grc' dir='ltr'>ἀλλ’</span> <span class='ocrx_word' id='word_1_530' title='bbox 1473 4024 1500 4075; x_wconf 96' lang='lat'><strong>6</strong></span> <span class='ocrx_word' id='word_1_531' title='bbox 1529 4023 1714 4094; x_wconf 77' lang='grc' dir='ltr'>ἄρχων</span> <span class='ocrx_word' id='word_1_532' title='bbox 1747 4025 1848 4094; x_wconf 85' lang='grc' dir='ltr'><strong>τῆς</strong></span> <span class='ocrx_word' id='word_1_533' title='bbox 1881 4025 1980 4095; x_wconf 83' lang='grc' dir='ltr'><strong>βα-</strong></span> 
     </span>
    </p>
   </div>
   <div class='ocr_carea' id='block_1_74' title="bbox 395 4114 1986 4189">
    <p class='ocr_par' dir='ltr' id='par_1_74' title="bbox 395 4114 1986 4189">
     <span class='ocr_line' id='line_1_74' title="bbox 395 4114 1986 4189; baseline 0.003 -23"><span class='ocrx_word' id='word_1_534' title='bbox 395 4115 602 4179; x_wconf 84' lang='grc' dir='ltr'>σιλείας</span> <span class='ocrx_word' id='word_1_535' title='bbox 632 4114 858 4186; x_wconf 88' lang='grc' dir='ltr'>Περσῶν</span> <span class='ocrx_word' id='word_1_536' title='bbox 880 4115 1114 4186; x_wconf 84' lang='grc' dir='ltr'>ἀντέστη</span> <span class='ocrx_word' id='word_1_537' title='bbox 1146 4132 1257 4183; x_wconf 87' lang='grc' dir='ltr'>μοι,</span> <span class='ocrx_word' id='word_1_538' title='bbox 1280 4115 1330 4167; x_wconf 85' lang='grc' dir='ltr'><strong>εί</strong></span> <span class='ocrx_word' id='word_1_539' title='bbox 1366 4114 1441 4186; x_wconf 86' lang='grc' dir='ltr'><strong>μὴ</strong></span> <span class='ocrx_word' id='word_1_540' title='bbox 1475 4116 1716 4188; x_wconf 81' lang='grc' dir='ltr'>Μιχαὴλ,</span> <span class='ocrx_word' id='word_1_541' title='bbox 1749 4119 1776 4170; x_wconf 91' lang='lat'><strong>6</strong></span> <span class='ocrx_word' id='word_1_542' title='bbox 1800 4117 1986 4189; x_wconf 81' lang='grc' dir='ltr'>ἄρχων</span> 
     </span>
    </p>
   </div>
   <div class='ocr_carea' id='block_1_75' title="bbox 393 4203 1987 4280">
    <p class='ocr_par' dir='ltr' id='par_1_75' title="bbox 393 4203 1987 4280">
     <span class='ocr_line' id='line_1_75' title="bbox 393 4203 1987 4280; baseline 0.002 -20"><span class='ocrx_word' id='word_1_543' title='bbox 393 4206 492 4260; x_wconf 84' lang='grc' dir='ltr'><strong>τοῦ</strong></span> <span class='ocrx_word' id='word_1_544' title='bbox 523 4207 708 4271; x_wconf 75' lang='grc' dir='ltr'>ἔθνους</span> <span class='ocrx_word' id='word_1_545' title='bbox 737 4208 912 4280; x_wconf 84' lang='grc' dir='ltr'>ὑμῶν,</span> <span class='ocrx_word' id='word_1_546' title='bbox 941 4203 1107 4278; x_wconf 80' lang='grc' dir='ltr'>ἦλθεν</span> <span class='ocrx_word' id='word_1_547' title='bbox 1128 4209 1210 4271; x_wconf 79' lang='grc' dir='ltr'>εἰς</span> <span class='ocrx_word' id='word_1_548' title='bbox 1237 4207 1516 4279; x_wconf 81' lang='grc' dir='ltr'>βοήθειαν.</span> <span class='ocrx_word' id='word_1_549' title='bbox 1553 4226 1572 4259; x_wconf 73' lang='grc' dir='ltr'><strong>ι</strong></span> <span class='ocrx_word' id='word_1_550' title='bbox 1627 4209 1987 4280; x_wconf 78' lang='grc' dir='ltr'>Ἀπορήσειεν</span> 
     </span>
    </p>
   </div>
   <div class='ocr_carea' id='block_1_76' title="bbox 397 4301 1987 4373">
    <p class='ocr_par' dir='ltr' id='par_1_76' title="bbox 397 4301 1987 4373">
     <span class='ocr_line' id='line_1_76' title="bbox 397 4301 1987 4373; baseline 0.001 -19"><span class='ocrx_word' id='word_1_551' title='bbox 397 4303 510 4372; x_wconf 79' lang='grc' dir='ltr'>γὰρ</span> <span class='ocrx_word' id='word_1_552' title='bbox 544 4302 610 4356; x_wconf 80' lang='grc' dir='ltr'><strong>ἀν</strong></span> <span class='ocrx_word' id='word_1_553' title='bbox 642 4319 744 4364; x_wconf 78' lang='grc' dir='ltr'>τις,</span> <span class='ocrx_word' id='word_1_554' title='bbox 771 4303 820 4354; x_wconf 81' lang='grc' dir='ltr'><strong>εί</strong></span> <span class='ocrx_word' id='word_1_555' title='bbox 850 4303 877 4354; x_wconf 90' lang='lat'><strong>6</strong></span> <span class='ocrx_word' id='word_1_556' title='bbox 908 4301 1008 4371; x_wconf 80' lang='grc' dir='ltr'>τῆς</span> <span class='ocrx_word' id='word_1_557' title='bbox 1039 4301 1300 4373; x_wconf 82' lang='grc' dir='ltr'>Περσίδος</span> <span class='ocrx_word' id='word_1_558' title='bbox 1331 4301 1710 4371; x_wconf 80' lang='grc' dir='ltr'>ἐπιτροπεύων</span> <span class='ocrx_word' id='word_1_559' title='bbox 1753 4301 1987 4372; x_wconf 83' lang='grc' dir='ltr'>ἄγγελος</span> 
     </span>
    </p>
   </div>
   <div class='ocr_carea' id='block_1_77' title="bbox 396 4394 1987 4466">
    <p class='ocr_par' dir='ltr' id='par_1_77' title="bbox 396 4394 1987 4466">
     <span class='ocr_line' id='line_1_77' title="bbox 396 4394 1987 4466; baseline 0.002 -19"><span class='ocrx_word' id='word_1_560' title='bbox 396 4395 550 4464; x_wconf 66' lang='grc' dir='ltr'>παρὰ</span> <span class='ocrx_word' id='word_1_561' title='bbox 572 4394 706 4448; x_wconf 89' lang='grc' dir='ltr'>Θεοῦ</span> <span class='ocrx_word' id='word_1_562' title='bbox 735 4394 1123 4466; x_wconf 79' lang='grc' dir='ltr'>ἐπιτροπεύειν</span> <span class='ocrx_word' id='word_1_563' title='bbox 1151 4394 1436 4458; x_wconf 81' lang='grc' dir='ltr'>τέτακται,</span> <span class='ocrx_word' id='word_1_564' title='bbox 1468 4394 1734 4459; x_wconf 84' lang='grc' dir='ltr'>ὡσαύτως</span> <span class='ocrx_word' id='word_1_565' title='bbox 1760 4395 1817 4450; x_wconf 82' lang='grc' dir='ltr'>δὲ</span> <span class='ocrx_word' id='word_1_566' title='bbox 1848 4397 1987 4450; x_wconf 74' lang='grc' dir='ltr'>καὶὸ</span> 
     </span>
    </p>
   </div>
   <div class='ocr_carea' id='block_1_78' title="bbox 395 4487 1987 4561">
    <p class='ocr_par' dir='ltr' id='par_1_78' title="bbox 395 4487 1987 4561">
     <span class='ocr_line' id='line_1_78' title="bbox 395 4487 1987 4561; baseline -0.001 -18"><span class='ocrx_word' id='word_1_567' title='bbox 395 4489 664 4561; x_wconf 78' lang='grc' dir='ltr'>Γαϐριὴλ,</span> <span class='ocrx_word' id='word_1_568' title='bbox 694 4489 1045 4558; x_wconf 86' lang='grc' dir='ltr'>ἀνακομίσων</span> <span class='ocrx_word' id='word_1_569' title='bbox 1070 4487 1180 4560; x_wconf 70' lang='grc' dir='ltr'><strong>(Βὲ)</strong></span> <span class='ocrx_word' id='word_1_570' title='bbox 1209 4487 1298 4540; x_wconf 89' lang='grc' dir='ltr'><strong>τὸν</strong></span> <span class='ocrx_word' id='word_1_571' title='bbox 1331 4487 1551 4560; x_wconf 85' lang='grc' dir='ltr'>Ἰσραὴλ</span> <span class='ocrx_word' id='word_1_572' title='bbox 1577 4488 1677 4559; x_wconf 83' lang='grc' dir='ltr'>τῆς</span> <span class='ocrx_word' id='word_1_573' title='bbox 1701 4488 1987 4560; x_wconf 82' lang='grc' dir='ltr'>αἰχμαλω-</span> 
     </span>
    </p>
   </div>
   <div class='ocr_carea' id='block_1_79' title="bbox 2079 3378 3669 3455">
    <p class='ocr_par' dir='ltr' id='par_1_79' title="bbox 2079 3378 3669 3455">
     <span class='ocr_line' id='line_1_79' title="bbox 2079 3378 3669 3455; baseline -0.007 -14"><span class='ocrx_word' id='word_1_574' title='bbox 2079 3382 2416 3455; x_wconf 65' lang='grc' dir='ltr'>Μηι.ᾹΕςι-ε</span> <span class='ocrx_word' id='word_1_575' title='bbox 2443 3383 2629 3452; x_wconf 86' lang='lat' dir='ltr'><strong>itaque</strong></span> <span class='ocrx_word' id='word_1_576' title='bbox 2649 3381 2896 3437; x_wconf 85' lang='lat' dir='ltr'><strong>ferebant</strong></span> <span class='ocrx_word' id='word_1_577' title='bbox 2921 3378 3124 3449; x_wconf 88' lang='lat' dir='ltr'><strong>angeli,</strong></span> <span class='ocrx_word' id='word_1_578' title='bbox 3154 3394 3218 3433; x_wconf 90' lang='lat' dir='ltr'><strong>ea</strong></span> <span class='ocrx_word' id='word_1_579' title='bbox 3241 3393 3364 3448; x_wconf 77' lang='lat' dir='ltr'><strong>qua:</strong></span> <span class='ocrx_word' id='word_1_580' title='bbox 3383 3393 3492 3432; x_wconf 90' lang='lat' dir='ltr'><strong>non</strong></span> <span class='ocrx_word' id='word_1_581' title='bbox 3519 3389 3669 3443; x_wconf 89' lang='lat' dir='ltr'><strong>sunt,</strong></span> 
     </span>
    </p>
   </div>
   <div class='ocr_carea' id='block_1_80' title="bbox 2081 3469 3673 3549">
    <p class='ocr_par' dir='ltr' id='par_1_80' title="bbox 2081 3469 3673 3549">
     <span class='ocr_line' id='line_1_80' title="bbox 2081 3469 3673 3549; baseline -0.005 -15"><span class='ocrx_word' id='word_1_582' title='bbox 2081 3494 2182 3549; x_wconf 89' lang='lat' dir='ltr'><strong>pro</strong></span> <span class='ocrx_word' id='word_1_583' title='bbox 2208 3493 2295 3544; x_wconf 90' lang='lat' dir='ltr'><strong>eo,</strong></span> <span class='ocrx_word' id='word_1_584' title='bbox 2329 3477 2424 3548; x_wconf 90' lang='lat' dir='ltr'><strong>qui</strong></span> <span class='ocrx_word' id='word_1_585' title='bbox 2456 3483 2560 3541; x_wconf 91' lang='lat' dir='ltr'><strong>est,</strong></span> <span class='ocrx_word' id='word_1_586' title='bbox 2619 3473 2726 3530; x_wconf 91' lang='lat' dir='ltr'><strong>coli</strong></span> <span class='ocrx_word' id='word_1_587' title='bbox 2763 3472 3032 3528; x_wconf 88' lang='lat' dir='ltr'><strong>videntes.</strong></span> <span class='ocrx_word' id='word_1_588' title='bbox 3084 3471 3224 3528; x_wconf 88' lang='lat' dir='ltr'><strong>Hinc</strong></span> <span class='ocrx_word' id='word_1_589' title='bbox 3248 3469 3582 3542; x_wconf 85' lang='lat' dir='ltr'><strong>intelligitur</strong></span> <span class='ocrx_word' id='word_1_590' title='bbox 3618 3481 3673 3526; x_wconf 91' lang='lat' dir='ltr'><strong>et</strong></span> 
     </span>
    </p>
   </div>
   <div class='ocr_carea' id='block_1_81' title="bbox 2083 3564 3674 3639">
    <p class='ocr_par' dir='ltr' id='par_1_81' title="bbox 2083 3564 3674 3639">
     <span class='ocr_line' id='line_1_81' title="bbox 2083 3564 3674 3639; baseline -0.006 -12"><span class='ocrx_word' id='word_1_591' title='bbox 2083 3574 2314 3627; x_wconf 85' lang='lat' dir='ltr'><strong>alterum</strong></span> <span class='ocrx_word' id='word_1_592' title='bbox 2346 3568 2479 3624; x_wconf 92' lang='lat' dir='ltr'><strong>illud</strong></span> <span class='ocrx_word' id='word_1_593' title='bbox 2505 3567 2820 3639; x_wconf 63' lang='lat' dir='ltr'><strong>quaesitum,</strong></span> <span class='ocrx_word' id='word_1_594' title='bbox 2867 3565 3013 3635; x_wconf 88' lang='lat' dir='ltr'><strong>quod</strong></span> <span class='ocrx_word' id='word_1_595' title='bbox 3069 3565 3138 3620; x_wconf 90' lang='lat' dir='ltr'><strong>ad</strong></span> <span class='ocrx_word' id='word_1_596' title='bbox 3171 3564 3495 3635; x_wconf 90' lang='lat' dir='ltr'><strong>prophetam</strong></span> <span class='ocrx_word' id='word_1_597' title='bbox 3548 3577 3674 3632; x_wconf 85' lang='lat' dir='ltr'><strong>spe-</strong></span> 
     </span>
    </p>
   </div>
   <div class='ocr_carea' id='block_1_82' title="bbox 2083 3651 3670 3725">
    <p class='ocr_par' dir='ltr' id='par_1_82' title="bbox 2083 3651 3670 3725">
     <span class='ocr_line' id='line_1_82' title="bbox 2083 3651 3670 3725; baseline -0.005 -11"><span class='ocrx_word' id='word_1_598' title='bbox 2083 3668 2240 3714; x_wconf 91' lang='lat' dir='ltr'><strong>ctat:</strong></span> <span class='ocrx_word' id='word_1_599' title='bbox 2280 3677 2298 3710; x_wconf 82' lang='grc'><strong><em>‹</em></strong></span> <span class='ocrx_word' id='word_1_600' title='bbox 2342 3657 2503 3712; x_wconf 85' lang='lat' dir='ltr'><strong>Venit</strong></span> <span class='ocrx_word' id='word_1_601' title='bbox 2563 3655 2632 3712; x_wconf 90' lang='lat' dir='ltr'><strong>ad</strong></span> <span class='ocrx_word' id='word_1_602' title='bbox 2667 3656 2844 3720; x_wconf 92' lang='lat' dir='ltr'><strong>illum,</strong></span> <span class='ocrx_word' id='word_1_603' title='bbox 2901 3654 3102 3725; x_wconf 90' lang='lat' dir='ltr'><strong>inquit,</strong></span> <span class='ocrx_word' id='word_1_604' title='bbox 3164 3654 3396 3725; x_wconf 85' lang='lat' dir='ltr'><strong>angelus</strong></span> <span class='ocrx_word' id='word_1_605' title='bbox 3426 3651 3670 3714; x_wconf 83' lang='lat' dir='ltr'><strong>Gabriel,</strong></span> 
     </span>
    </p>
   </div>
   <div class='ocr_carea' id='block_1_83' title="bbox 2085 3746 3674 3822">
    <p class='ocr_par' dir='ltr' id='par_1_83' title="bbox 2085 3746 3674 3822">
     <span class='ocr_line' id='line_1_83' title="bbox 2085 3746 3674 3822; baseline -0.006 -14"><span class='ocrx_word' id='word_1_606' title='bbox 2085 3753 2328 3822; x_wconf 89' lang='lat' dir='ltr'><strong>dicitque</strong></span> <span class='ocrx_word' id='word_1_607' title='bbox 2359 3751 2437 3806; x_wconf 92' lang='lat' dir='ltr'><strong>illi</strong></span> <span class='ocrx_word' id='word_1_608' title='bbox 2461 3769 2474 3804; x_wconf 90' lang='lat'><strong>:</strong></span> <span class='ocrx_word' id='word_1_609' title='bbox 2512 3749 2724 3814; x_wconf 90' lang='lat' dir='ltr'><strong>Daniel,</strong></span> <span class='ocrx_word' id='word_1_610' title='bbox 2757 3763 2916 3804; x_wconf 83' lang='lat' dir='ltr'><strong>serve</strong></span> <span class='ocrx_word' id='word_1_611' title='bbox 2938 3747 3054 3812; x_wconf 87' lang='lat' dir='ltr'><strong>Dei,</strong></span> <span class='ocrx_word' id='word_1_612' title='bbox 3087 3762 3155 3802; x_wconf 78' lang='lat' dir='ltr'><strong>ex</strong></span> <span class='ocrx_word' id='word_1_613' title='bbox 3179 3763 3290 3817; x_wconf 90' lang='lat' dir='ltr'><strong>quo</strong></span> <span class='ocrx_word' id='word_1_614' title='bbox 3317 3746 3408 3802; x_wconf 91' lang='lat' dir='ltr'><strong>die</strong></span> <span class='ocrx_word' id='word_1_615' title='bbox 3430 3746 3674 3800; x_wconf 89' lang='lat' dir='ltr'><strong>animam</strong></span> 
     </span>
    </p>
   </div>
   <div class='ocr_carea' id='block_1_84' title="bbox 2088 3838 3678 3912">
    <p class='ocr_par' dir='ltr' id='par_1_84' title="bbox 2088 3838 3678 3912">
     <span class='ocr_line' id='line_1_84' title="bbox 2088 3838 3678 3912; baseline -0.006 -11"><span class='ocrx_word' id='word_1_616' title='bbox 2088 3856 2239 3901; x_wconf 89' lang='lat' dir='ltr'><strong>tuam</strong></span> <span class='ocrx_word' id='word_1_617' title='bbox 2273 3859 2465 3900; x_wconf 87' lang='lat' dir='ltr'><strong>coram</strong></span> <span class='ocrx_word' id='word_1_618' title='bbox 2528 3843 2760 3897; x_wconf 91' lang='lat' dir='ltr'><strong>Domino</strong></span> <span class='ocrx_word' id='word_1_619' title='bbox 2830 3841 3075 3912; x_wconf 85' lang='lat' dir='ltr'><strong>aﬂligere</strong></span> <span class='ocrx_word' id='word_1_620' title='bbox 3121 3839 3388 3904; x_wconf 86' lang='lat' dir='ltr'><strong>statuisti,</strong></span> <span class='ocrx_word' id='word_1_621' title='bbox 3419 3838 3678 3893; x_wconf 82' lang='lat' dir='ltr'><strong>exaudita</strong></span> 
     </span>
    </p>
   </div>
   <div class='ocr_carea' id='block_1_85' title="bbox 2087 3931 3681 4008">
    <p class='ocr_par' dir='ltr' id='par_1_85' title="bbox 2087 3931 3681 4008">
     <span class='ocr_line' id='line_1_85' title="bbox 2087 3931 3681 4008; baseline -0.006 -12"><span class='ocrx_word' id='word_1_622' title='bbox 2087 3949 2171 3996; x_wconf 90' lang='lat' dir='ltr'><strong>est</strong></span> <span class='ocrx_word' id='word_1_623' title='bbox 2205 3939 2450 4008; x_wconf 86' lang='lat' dir='ltr'><strong>precatio</strong></span> <span class='ocrx_word' id='word_1_624' title='bbox 2479 3945 2593 4003; x_wconf 86' lang='lat' dir='ltr'><strong>tua,</strong></span> <span class='ocrx_word' id='word_1_625' title='bbox 2625 3950 2841 4004; x_wconf 84' lang='lat' dir='ltr'><strong>egoque</strong></span> <span class='ocrx_word' id='word_1_626' title='bbox 2873 3935 3082 3990; x_wconf 87' lang='lat' dir='ltr'><strong>missus</strong></span> <span class='ocrx_word' id='word_1_627' title='bbox 3111 3947 3258 3997; x_wconf 88' lang='lat' dir='ltr'><strong>sum,</strong></span> <span class='ocrx_word' id='word_1_628' title='bbox 3287 3941 3348 3988; x_wconf 88' lang='lat' dir='ltr'><strong>ut</strong></span> <span class='ocrx_word' id='word_1_629' title='bbox 3379 3931 3480 3987; x_wconf 91' lang='lat' dir='ltr'><strong>tibi</strong></span> <span class='ocrx_word' id='word_1_630' title='bbox 3511 3931 3681 3987; x_wconf 85' lang='lat' dir='ltr'><strong>verba</strong></span> 
     </span>
    </p>
   </div>
   <div class='ocr_carea' id='block_1_86' title="bbox 2090 4024 3679 4098">
    <p class='ocr_par' dir='ltr' id='par_1_86' title="bbox 2090 4024 3679 4098">
     <span class='ocr_line' id='line_1_86' title="bbox 2090 4024 3679 4098; baseline -0.005 -12"><span class='ocrx_word' id='word_1_631' title='bbox 2090 4033 2206 4086; x_wconf 86' lang='lat' dir='ltr'><strong>haec</strong></span> <span class='ocrx_word' id='word_1_632' title='bbox 2262 4029 2595 4084; x_wconf 90' lang='lat' dir='ltr'><strong>renuntiem.</strong></span> <span class='ocrx_word' id='word_1_633' title='bbox 2660 4027 2768 4083; x_wconf 91' lang='lat' dir='ltr'><strong>Sed</strong></span> <span class='ocrx_word' id='word_1_634' title='bbox 2829 4040 3000 4098; x_wconf 86' lang='lat' dir='ltr'><strong>regno</strong></span> <span class='ocrx_word' id='word_1_635' title='bbox 3053 4024 3346 4080; x_wconf 81' lang='lat' dir='ltr'><strong>Persarum</strong></span> <span class='ocrx_word' id='word_1_636' title='bbox 3384 4025 3679 4094; x_wconf 80' lang='lat' dir='ltr'><strong>praefectus</strong></span> 
     </span>
    </p>
   </div>
   <div class='ocr_carea' id='block_1_87' title="bbox 2088 4118 3682 4188">
    <p class='ocr_par' dir='ltr' id='par_1_87' title="bbox 2088 4118 3682 4188">
     <span class='ocr_line' id='line_1_87' title="bbox 2088 4118 3682 4188; baseline -0.002 -11"><span class='ocrx_word' id='word_1_637' title='bbox 2088 4121 2383 4178; x_wconf 87' lang='lat' dir='ltr'><strong>restitisset</strong></span> <span class='ocrx_word' id='word_1_638' title='bbox 2435 4120 2594 4184; x_wconf 93' lang='lat' dir='ltr'><strong>mihi,</strong></span> <span class='ocrx_word' id='word_1_639' title='bbox 2652 4120 2758 4174; x_wconf 89' lang='lat' dir='ltr'><strong>nisi</strong></span> <span class='ocrx_word' id='word_1_640' title='bbox 2813 4118 3070 4182; x_wconf 83' lang='lat' dir='ltr'><strong>Michael,</strong></span> <span class='ocrx_word' id='word_1_641' title='bbox 3128 4118 3223 4188; x_wconf 89' lang='lat' dir='ltr'><strong>qui</strong></span> <span class='ocrx_word' id='word_1_642' title='bbox 3277 4119 3425 4187; x_wconf 84' lang='lat' dir='ltr'><strong>genti</strong></span> <span class='ocrx_word' id='word_1_643' title='bbox 3483 4126 3682 4174; x_wconf 79' lang='lat' dir='ltr'><strong>vestra:</strong></span> 
     </span>
    </p>
   </div>
   <div class='ocr_carea' id='block_1_88' title="bbox 2089 4209 3676 4284">
    <p class='ocr_par' dir='ltr' id='par_1_88' title="bbox 2089 4209 3676 4284">
     <span class='ocr_line' id='line_1_88' title="bbox 2089 4209 3676 4284; baseline -0.001 -18"><span class='ocrx_word' id='word_1_644' title='bbox 2089 4223 2310 4284; x_wconf 65' lang='lat' dir='ltr'><strong>praeest,</strong></span> <span class='ocrx_word' id='word_1_645' title='bbox 2343 4211 2551 4266; x_wconf 79' lang='lat' dir='ltr'><strong>auxilio</strong></span> <span class='ocrx_word' id='word_1_646' title='bbox 2579 4211 2823 4267; x_wconf 87' lang='lat' dir='ltr'><strong>venisset</strong></span> <span class='ocrx_word' id='word_1_647' title='bbox 2845 4211 2923 4265; x_wconf 68' lang='lat' dir='ltr'><strong>“.u</strong></span> <span class='ocrx_word' id='word_1_648' title='bbox 2953 4209 3051 4263; x_wconf 91' lang='lat' dir='ltr'><strong>llic</strong></span> <span class='ocrx_word' id='word_1_649' title='bbox 3075 4209 3408 4264; x_wconf 85' lang='lat' dir='ltr'><strong>dubitaverit</strong></span> <span class='ocrx_word' id='word_1_650' title='bbox 3443 4209 3676 4279; x_wconf 86' lang='lat' dir='ltr'><strong>aliquis.</strong></span> 
     </span>
    </p>
   </div>
   <div class='ocr_carea' id='block_1_89' title="bbox 2089 4297 3684 4376">
    <p class='ocr_par' dir='ltr' id='par_1_89' title="bbox 2089 4297 3684 4376">
     <span class='ocr_line' id='line_1_89' title="bbox 2089 4297 3684 4376; baseline -0.003 -17"><span class='ocrx_word' id='word_1_651' title='bbox 2089 4306 2184 4376; x_wconf 84' lang='lat' dir='ltr'><strong>qui</strong></span> <span class='ocrx_word' id='word_1_652' title='bbox 2217 4304 2332 4359; x_wconf 89' lang='lat' dir='ltr'><strong>lieri</strong></span> <span class='ocrx_word' id='word_1_653' title='bbox 2362 4303 2622 4374; x_wconf 87' lang='lat' dir='ltr'><strong>potuerit,</strong></span> <span class='ocrx_word' id='word_1_654' title='bbox 2678 4302 2723 4357; x_wconf 90' lang='lat' dir='ltr'><strong>si</strong></span> <span class='ocrx_word' id='word_1_655' title='bbox 2763 4299 3012 4373; x_wconf 89' lang='lat' dir='ltr'><strong>angelus,</strong></span> <span class='ocrx_word' id='word_1_656' title='bbox 3059 4297 3262 4356; x_wconf 71' lang='lat' dir='ltr'><strong>Persia:</strong></span> <span class='ocrx_word' id='word_1_657' title='bbox 3305 4300 3617 4370; x_wconf 70' lang='lat' dir='ltr'><strong>prmfectus,</strong></span> <span class='ocrx_word' id='word_1_658' title='bbox 3652 4316 3684 4354; x_wconf 88' lang='lat' dir='ltr'><strong>a</strong></span> 
     </span>
    </p>
   </div>
   <div class='ocr_carea' id='block_1_90' title="bbox 2093 4389 3684 4466">
    <p class='ocr_par' dir='ltr' id='par_1_90' title="bbox 2093 4389 3684 4466">
     <span class='ocr_line' id='line_1_90' title="bbox 2093 4389 3684 4466; baseline -0.003 -15"><span class='ocrx_word' id='word_1_659' title='bbox 2093 4399 2226 4465; x_wconf 90' lang='lat' dir='ltr'><strong>Deo,</strong></span> <span class='ocrx_word' id='word_1_660' title='bbox 2262 4407 2324 4451; x_wconf 91' lang='lat' dir='ltr'><strong>ut</strong></span> <span class='ocrx_word' id='word_1_661' title='bbox 2349 4396 2424 4451; x_wconf 91' lang='lat' dir='ltr'><strong>illi</strong></span> <span class='ocrx_word' id='word_1_662' title='bbox 2471 4403 2751 4466; x_wconf 66' lang='lat' dir='ltr'><strong>praeesset,</strong></span> <span class='ocrx_word' id='word_1_663' title='bbox 2795 4394 3150 4460; x_wconf 90' lang='lat' dir='ltr'><strong>constitutus,</strong></span> <span class='ocrx_word' id='word_1_664' title='bbox 3184 4393 3548 4464; x_wconf 86' lang='lat' dir='ltr'><strong>similiterque</strong></span> <span class='ocrx_word' id='word_1_665' title='bbox 3577 4389 3684 4447; x_wconf 85' lang='lat' dir='ltr'><strong>Ga-</strong></span> 
     </span>
    </p>
   </div>
   <div class='ocr_carea' id='block_1_91' title="bbox 2093 4484 3688 4558">
    <p class='ocr_par' dir='ltr' id='par_1_91' title="bbox 2093 4484 3688 4558">
     <span class='ocr_line' id='line_1_91' title="bbox 2093 4484 3688 4558; baseline -0.004 -12"><span class='ocrx_word' id='word_1_666' title='bbox 2093 4491 2231 4546; x_wconf 88' lang='lat' dir='ltr'><strong>briel</strong></span> <span class='ocrx_word' id='word_1_667' title='bbox 2260 4490 2328 4546; x_wconf 86' lang='lat' dir='ltr'><strong>ad</strong></span> <span class='ocrx_word' id='word_1_668' title='bbox 2362 4489 2622 4545; x_wconf 90' lang='lat' dir='ltr'><strong>lsraelem</strong></span> <span class='ocrx_word' id='word_1_669' title='bbox 2673 4503 2740 4543; x_wconf 77' lang='lat' dir='ltr'><strong>ex</strong></span> <span class='ocrx_word' id='word_1_670' title='bbox 2795 4486 3116 4558; x_wconf 87' lang='lat' dir='ltr'><strong>captivitate</strong></span> <span class='ocrx_word' id='word_1_671' title='bbox 3142 4487 3514 4542; x_wconf 89' lang='lat' dir='ltr'><strong>reducendum</strong></span> <span class='ocrx_word' id='word_1_672' title='bbox 3553 4484 3688 4539; x_wconf 83' lang='lat' dir='ltr'><strong>mis-</strong></span> 
     </span>
    </p>
   </div>
   <div class='ocr_carea' id='block_1_92' title="bbox 398 4575 1970 4664">
    <p class='ocr_par' dir='ltr' id='par_1_92' title="bbox 398 4582 1970 4658">
     <span class='ocr_line' id='line_1_92' title="bbox 398 4582 1970 4658; baseline 0.001 -22"><span class='ocrx_word' id='word_1_673' title='bbox 398 4586 527 4648; x_wconf 88' lang='grc' dir='ltr'>σίας</span> <span class='ocrx_word' id='word_1_674' title='bbox 556 4584 708 4654; x_wconf 68' lang='grc' dir='ltr'>παρὰ</span> <span class='ocrx_word' id='word_1_675' title='bbox 738 4583 874 4637; x_wconf 85' lang='grc' dir='ltr'>Θεοῦ</span> <span class='ocrx_word' id='word_1_676' title='bbox 903 4582 1266 4649; x_wconf 82' lang='grc' dir='ltr'>ἀπέσταλται,</span> <span class='ocrx_word' id='word_1_677' title='bbox 1304 4582 1422 4645; x_wconf 78' lang='grc' dir='ltr'><strong>πῶς</strong></span> <span class='ocrx_word' id='word_1_678' title='bbox 1441 4583 1592 4654; x_wconf 86' lang='grc' dir='ltr'><strong>αύτῷ</strong></span> <span class='ocrx_word' id='word_1_679' title='bbox 1620 4585 1730 4638; x_wconf 85' lang='grc' dir='ltr'><strong>τῶν</strong></span> <span class='ocrx_word' id='word_1_680' title='bbox 1761 4585 1970 4658; x_wconf 61' lang='grc' dir='ltr'>Περσῶπ</span> 
     </span>
    </p>
   </div>
   <div class='ocr_carea' id='block_1_93' title="bbox 2077 4575 3689 4664">
    <p class='ocr_par' dir='ltr' id='par_1_93' title="bbox 2095 4575 3689 4650">
     <span class='ocr_line' id='line_1_93' title="bbox 2095 4575 3689 4650; baseline -0.007 -12"><span class='ocrx_word' id='word_1_681' title='bbox 2095 4598 2190 4638; x_wconf 85' lang='lat' dir='ltr'><strong>sus</strong></span> <span class='ocrx_word' id='word_1_682' title='bbox 2220 4581 2415 4650; x_wconf 85' lang='lat' dir='ltr'><strong>fuerit,</strong></span> <span class='ocrx_word' id='word_1_683' title='bbox 2467 4590 2529 4637; x_wconf 87' lang='lat' dir='ltr'><strong>ut</strong></span> <span class='ocrx_word' id='word_1_684' title='bbox 2576 4579 2655 4635; x_wconf 91' lang='lat' dir='ltr'><strong>illi</strong></span> <span class='ocrx_word' id='word_1_685' title='bbox 2686 4577 2979 4635; x_wconf 85' lang='lat' dir='ltr'><strong>Persarum</strong></span> <span class='ocrx_word' id='word_1_686' title='bbox 3025 4576 3322 4648; x_wconf 67' lang='lat' dir='ltr'><strong>praefectus</strong></span> <span class='ocrx_word' id='word_1_687' title='bbox 3356 4575 3689 4633; x_wconf 79' lang='lat' dir='ltr'><strong>resisteret?</strong></span> 
     </span>
    </p>
   </div>
   <div class='ocr_carea' id='block_1_94' title="bbox 396 4674 1990 4752">
    <p class='ocr_par' dir='ltr' id='par_1_94' title="bbox 396 4674 1990 4752">
     <span class='ocr_line' id='line_1_94' title="bbox 396 4674 1990 4752; baseline 0 -20"><span class='ocrx_word' id='word_1_688' title='bbox 396 4681 425 4732; x_wconf 92' lang='lat'><strong>6</strong></span> <span class='ocrx_word' id='word_1_689' title='bbox 449 4679 636 4748; x_wconf 76' lang='grc' dir='ltr'>ἄρχων</span> <span class='ocrx_word' id='word_1_690' title='bbox 669 4675 988 4742; x_wconf 77' lang='grc' dir='ltr'>άνθίστατο;</span> <span class='ocrx_word' id='word_1_691' title='bbox 1037 4675 1237 4746; x_wconf 87' lang='grc' dir='ltr'>Λυθείη</span> <span class='ocrx_word' id='word_1_692' title='bbox 1269 4675 1315 4727; x_wconf 90' lang='grc' dir='ltr'>δ’</span> <span class='ocrx_word' id='word_1_693' title='bbox 1355 4675 1423 4729; x_wconf 83' lang='grc' dir='ltr'>ἂν</span> <span class='ocrx_word' id='word_1_694' title='bbox 1451 4674 1512 4728; x_wconf 85' lang='grc' dir='ltr'><strong>τὸ</strong></span> <span class='ocrx_word' id='word_1_695' title='bbox 1561 4676 1990 4752; x_wconf 77' lang='grc' dir='ltr'>διαπορούμενον</span> 
     </span>
    </p>
   </div>
   <div class='ocr_carea' id='block_1_95' title="bbox 397 4767 1990 4842">
    <p class='ocr_par' dir='ltr' id='par_1_95' title="bbox 397 4767 1990 4842">
     <span class='ocr_line' id='line_1_95' title="bbox 397 4767 1990 4842; baseline -0.001 -16"><span class='ocrx_word' id='word_1_696' title='bbox 397 4767 502 4826; x_wconf 80' lang='grc' dir='ltr'>ὦδε</span> <span class='ocrx_word' id='word_1_697' title='bbox 527 4789 541 4803; x_wconf 97' lang='grc'><strong>·</strong></span> <span class='ocrx_word' id='word_1_698' title='bbox 583 4769 640 4824; x_wconf 88' lang='grc' dir='ltr'><strong>Ὀ</strong></span> <span class='ocrx_word' id='word_1_699' title='bbox 680 4770 884 4838; x_wconf 81' lang='grc' dir='ltr'>κόσμος</span> <span class='ocrx_word' id='word_1_700' title='bbox 914 4769 1365 4841; x_wconf 83' lang='grc' dir='ltr'>είδωλολατρείας</span> <span class='ocrx_word' id='word_1_701' title='bbox 1395 4771 1778 4842; x_wconf 81' lang='grc' dir='ltr'>ἐπεπλήρωτο.</span> <span class='ocrx_word' id='word_1_702' title='bbox 1823 4773 1886 4826; x_wconf 82' lang='grc' dir='ltr'><strong>Οἱ</strong></span> <span class='ocrx_word' id='word_1_703' title='bbox 1931 4773 1990 4827; x_wconf 83' lang='grc' dir='ltr'>δὲ</span> 
     </span>
    </p>
   </div>
   <div class='ocr_carea' id='block_1_96' title="bbox 400 4860 1991 4934">
    <p class='ocr_par' dir='ltr' id='par_1_96' title="bbox 400 4860 1991 4934">
     <span class='ocr_line' id='line_1_96' title="bbox 400 4860 1991 4934; baseline -0.003 -14"><span class='ocrx_word' id='word_1_704' title='bbox 400 4864 645 4934; x_wconf 67' lang='grc' dir='ltr'>ἄγγελοι,</span> <span class='ocrx_word' id='word_1_705' title='bbox 680 4864 730 4916; x_wconf 85' lang='grc' dir='ltr'>οἱ</span> <span class='ocrx_word' id='word_1_706' title='bbox 767 4860 1076 4931; x_wconf 76' lang='grc' dir='ltr'>ἐφεστῶτες</span> <span class='ocrx_word' id='word_1_707' title='bbox 1109 4860 1217 4914; x_wconf 87' lang='grc' dir='ltr'><strong>τῶν</strong></span> <span class='ocrx_word' id='word_1_708' title='bbox 1239 4860 1430 4928; x_wconf 72' lang='grc' dir='ltr'>ἐθνῶν,</span> <span class='ocrx_word' id='word_1_709' title='bbox 1465 4862 1861 4933; x_wconf 76' lang='grc' dir='ltr'>ἠγανάκτησαν</span> <span class='ocrx_word' id='word_1_710' title='bbox 1896 4864 1991 4918; x_wconf 78' lang='grc' dir='ltr'>καὶ</span> 
     </span>
    </p>
   </div>
   <div class='ocr_carea' id='block_1_97' title="bbox 401 4951 1994 5025">
    <p class='ocr_par' dir='ltr' id='par_1_97' title="bbox 401 4951 1994 5025">
     <span class='ocr_line' id='line_1_97' title="bbox 401 4951 1994 5025; baseline -0.001 -17"><span class='ocrx_word' id='word_1_711' title='bbox 401 4954 703 5009; x_wconf 74' lang='grc' dir='ltr'>ἐθλίϐοντο·</span> <span class='ocrx_word' id='word_1_712' title='bbox 734 4952 1081 5025; x_wconf 80' lang='grc' dir='ltr'>αἰχμάλωτος</span> <span class='ocrx_word' id='word_1_713' title='bbox 1110 4951 1166 5005; x_wconf 84' lang='grc' dir='ltr'>δὲ</span> <span class='ocrx_word' id='word_1_714' title='bbox 1193 4951 1393 5023; x_wconf 84' lang='grc' dir='ltr'>Δανιὴλ</span> <span class='ocrx_word' id='word_1_715' title='bbox 1415 4953 1496 5014; x_wconf 91' lang='grc' dir='ltr'><strong>είς</strong></span> <span class='ocrx_word' id='word_1_716' title='bbox 1526 4952 1824 5008; x_wconf 77' lang='grc' dir='ltr'>Βαϐυλῶνα</span> <span class='ocrx_word' id='word_1_717' title='bbox 1851 4951 1994 5024; x_wconf 87' lang='grc' dir='ltr'><strong>μετά</strong></span> 
     </span>
    </p>
   </div>
   <div class='ocr_carea' id='block_1_98' title="bbox 402 5045 1988 5119">
    <p class='ocr_par' dir='ltr' id='par_1_98' title="bbox 402 5045 1988 5119">
     <span class='ocr_line' id='line_1_98' title="bbox 402 5045 1988 5119; baseline -0.002 -16"><span class='ocrx_word' id='word_1_718' title='bbox 402 5049 515 5104; x_wconf 83' lang='grc' dir='ltr'><strong>τῶν</strong></span> <span class='ocrx_word' id='word_1_719' title='bbox 539 5047 826 5119; x_wconf 84' lang='grc' dir='ltr'>ὁμοφύλων</span> <span class='ocrx_word' id='word_1_720' title='bbox 861 5048 1132 5119; x_wconf 78' lang='grc' dir='ltr'>ἀπαχθεὶς</span> <span class='ocrx_word' id='word_1_721' title='bbox 1160 5047 1260 5118; x_wconf 91' lang='grc' dir='ltr'><strong>τὴν</strong></span> <span class='ocrx_word' id='word_1_722' title='bbox 1291 5045 1622 5114; x_wconf 81' lang='grc' dir='ltr'>θεογνωσίαν</span> <span class='ocrx_word' id='word_1_723' title='bbox 1649 5049 1953 5118; x_wconf 79' lang='grc' dir='ltr'>ἐκήρυττεν</span> <span class='ocrx_word' id='word_1_724' title='bbox 1973 5063 1988 5078; x_wconf 94' lang='grc'><strong>·</strong></span> 
     </span>
    </p>
   </div>
   <div class='ocr_carea' id='block_1_99' title="bbox 402 5126 1993 5207">
    <p class='ocr_par' dir='ltr' id='par_1_99' title="bbox 402 5126 1993 5207">
     <span class='ocr_line' id='line_1_99' title="bbox 402 5126 1993 5207; baseline -0.001 -16"><span class='ocrx_word' id='word_1_725' title='bbox 402 5137 670 5200; x_wconf 81' lang='grc' dir='ltr'>ὡσαύτως</span> <span class='ocrx_word' id='word_1_726' title='bbox 699 5126 795 5190; x_wconf 73' lang='grc' dir='ltr'><strong>καὶ</strong></span> <span class='ocrx_word' id='word_1_727' title='bbox 823 5137 872 5189; x_wconf 82' lang='grc' dir='ltr'><strong>οἱ</strong></span> <span class='ocrx_word' id='word_1_728' title='bbox 899 5139 1045 5207; x_wconf 87' lang='grc' dir='ltr'>τρεῖς</span> <span class='ocrx_word' id='word_1_729' title='bbox 1078 5137 1285 5202; x_wconf 81' lang='grc' dir='ltr'>παῖδες,</span> <span class='ocrx_word' id='word_1_730' title='bbox 1321 5134 1415 5199; x_wconf 84' lang='grc' dir='ltr'><strong>οὓς</strong></span> <span class='ocrx_word' id='word_1_731' title='bbox 1448 5136 1508 5188; x_wconf 84' lang='grc' dir='ltr'><strong>τὸ</strong></span> <span class='ocrx_word' id='word_1_732' title='bbox 1549 5133 1660 5206; x_wconf 88' lang='grc' dir='ltr'><strong>πῦρ</strong></span> <span class='ocrx_word' id='word_1_733' title='bbox 1687 5136 1766 5199; x_wconf 87' lang='grc' dir='ltr'><strong>είς</strong></span> <span class='ocrx_word' id='word_1_734' title='bbox 1798 5135 1993 5207; x_wconf 77' lang='grc' dir='ltr'>ἱλαρὰς</span> 
     </span>
    </p>
   </div>
   <div class='ocr_carea' id='block_1_100' title="bbox 407 5227 1990 5302">
    <p class='ocr_par' dir='ltr' id='par_1_100' title="bbox 407 5227 1990 5302">
     <span class='ocr_line' id='line_1_100' title="bbox 407 5227 1990 5302; baseline -0.001 -18"><span class='ocrx_word' id='word_1_735' title='bbox 407 5229 584 5302; x_wconf 78' lang='grc' dir='ltr'>αὔρας</span> <span class='ocrx_word' id='word_1_736' title='bbox 624 5229 722 5300; x_wconf 88' lang='grc' dir='ltr'><strong>τὴν</strong></span> <span class='ocrx_word' id='word_1_737' title='bbox 768 5227 1070 5300; x_wconf 79' lang='grc' dir='ltr'>καυστικὴν</span> <span class='ocrx_word' id='word_1_738' title='bbox 1109 5227 1342 5299; x_wconf 89' lang='grc' dir='ltr'>δύναμιν</span> <span class='ocrx_word' id='word_1_739' title='bbox 1386 5227 1632 5299; x_wconf 78' lang='grc' dir='ltr'>άμεῖψαν</span> <span class='ocrx_word' id='word_1_740' title='bbox 1689 5227 1990 5300; x_wconf 72' lang='grc' dir='ltr'>ἀνέψυχεν·</span> 
     </span>
    </p>
   </div>
   <div class='ocr_carea' id='block_1_101' title="bbox 406 5320 1994 5392">
    <p class='ocr_par' dir='ltr' id='par_1_101' title="bbox 406 5320 1994 5392">
     <span class='ocr_line' id='line_1_101' title="bbox 406 5320 1994 5392; baseline -0.001 -17"><span class='ocrx_word' id='word_1_741' title='bbox 406 5322 490 5375; x_wconf 87' lang='grc' dir='ltr'>διὸ</span> <span class='ocrx_word' id='word_1_742' title='bbox 516 5321 610 5376; x_wconf 76' lang='grc' dir='ltr'><strong>καὶ</strong></span> <span class='ocrx_word' id='word_1_743' title='bbox 639 5320 870 5384; x_wconf 73' lang='grc' dir='ltr'>πολλοὺς</span> <span class='ocrx_word' id='word_1_744' title='bbox 897 5321 994 5390; x_wconf 81' lang='grc' dir='ltr'><strong>τῆς</strong></span> <span class='ocrx_word' id='word_1_745' title='bbox 1041 5320 1326 5392; x_wconf 83' lang='grc' dir='ltr'>είδωλικῆς</span> <span class='ocrx_word' id='word_1_746' title='bbox 1368 5321 1812 5392; x_wconf 81' lang='grc' dir='ltr'>μεταστήσαντες</span> <span class='ocrx_word' id='word_1_747' title='bbox 1855 5320 1994 5374; x_wconf 83' lang='grc' dir='ltr'>πλά-</span> 
     </span>
    </p>
   </div>
   <div class='ocr_carea' id='block_1_102' title="bbox 484 5498 1712 5568">
    <p class='ocr_par' dir='ltr' id='par_1_102' title="bbox 484 5498 1712 5568">
     <span class='ocr_line' id='line_1_102' title="bbox 484 5498 1712 5568; baseline -0.001 -13"><span class='ocrx_word' id='word_1_748' title='bbox 484 5501 506 5533; x_wconf 85' lang='grc'><strong>⁷</strong></span> <span class='ocrx_word' id='word_1_749' title='bbox 536 5501 681 5557; x_wconf 83' lang='lat' dir='ltr'><strong>Psal.</strong></span> <span class='ocrx_word' id='word_1_750' title='bbox 728 5514 962 5567; x_wconf 80' lang='lat' dir='ltr'><strong>xxxviii,</strong></span> <span class='ocrx_word' id='word_1_751' title='bbox 991 5499 1044 5554; x_wconf 82' lang='lat'><strong>5.</strong></span> <span class='ocrx_word' id='word_1_752' title='bbox 1121 5501 1144 5531; x_wconf 84' lang='grc'>⁸</span> <span class='ocrx_word' id='word_1_753' title='bbox 1181 5500 1313 5554; x_wconf 86' lang='lat' dir='ltr'><strong>Dan.</strong></span> <span class='ocrx_word' id='word_1_754' title='bbox 1350 5514 1404 5564; x_wconf 69' lang='grc' dir='ltr'><strong>κ,</strong></span> <span class='ocrx_word' id='word_1_755' title='bbox 1461 5498 1528 5552; x_wconf 75' lang='grc'><strong>12</strong></span> <span class='ocrx_word' id='word_1_756' title='bbox 1579 5514 1712 5568; x_wconf 87' lang='lat' dir='ltr'><strong>seqq</strong></span> 
     </span>
    </p>
   </div>
   <div class='ocr_carea' id='block_1_103' title="bbox 2100 4670 3690 4733">
    <p class='ocr_par' dir='ltr' id='par_1_103' title="bbox 2100 4670 3690 4733">
     <span class='ocr_line' id='line_1_103' title="bbox 2100 4670 3690 4733; baseline -0.006 -2"><span class='ocrx_word' id='word_1_757' title='bbox 2100 4677 2394 4731; x_wconf 84' lang='lat' dir='ltr'><strong>Enimvero</strong></span> <span class='ocrx_word' id='word_1_758' title='bbox 2442 4673 2625 4731; x_wconf 90' lang='lat' dir='ltr'><strong>omnis</strong></span> <span class='ocrx_word' id='word_1_759' title='bbox 2659 4673 2775 4728; x_wconf 82' lang='lat' dir='ltr'><strong>haec</strong></span> <span class='ocrx_word' id='word_1_760' title='bbox 2803 4670 3074 4728; x_wconf 82' lang='lat' dir='ltr'><strong>dubitatio</strong></span> <span class='ocrx_word' id='word_1_761' title='bbox 3117 4670 3278 4726; x_wconf 81' lang='lat' dir='ltr'><strong>facile</strong></span> <span class='ocrx_word' id='word_1_762' title='bbox 3325 4671 3406 4726; x_wconf 92' lang='lat' dir='ltr'><strong>sic</strong></span> <span class='ocrx_word' id='word_1_763' title='bbox 3437 4670 3690 4733; x_wconf 82' lang='lat' dir='ltr'><strong>expedie-</strong></span> 
     </span>
    </p>
   </div>
   <div class='ocr_carea' id='block_1_104' title="bbox 2102 4764 3685 4833">
    <p class='ocr_par' dir='ltr' id='par_1_104' title="bbox 2102 4764 3685 4833">
     <span class='ocr_line' id='line_1_104' title="bbox 2102 4764 3685 4833; baseline -0.006 -7"><span class='ocrx_word' id='word_1_764' title='bbox 2102 4780 2212 4827; x_wconf 90' lang='lat' dir='ltr'><strong>tur.</strong></span> <span class='ocrx_word' id='word_1_765' title='bbox 2240 4769 2413 4826; x_wconf 89' lang='lat' dir='ltr'><strong>Totus</strong></span> <span class='ocrx_word' id='word_1_766' title='bbox 2442 4767 2593 4824; x_wconf 88' lang='lat' dir='ltr'><strong>orbis</strong></span> <span class='ocrx_word' id='word_1_767' title='bbox 2644 4765 2954 4823; x_wconf 86' lang='lat' dir='ltr'><strong>idololatria</strong></span> <span class='ocrx_word' id='word_1_768' title='bbox 3007 4764 3290 4820; x_wconf 86' lang='lat' dir='ltr'><strong>scatebat:</strong></span> <span class='ocrx_word' id='word_1_769' title='bbox 3324 4764 3502 4833; x_wconf 85' lang='lat' dir='ltr'><strong>angeli</strong></span> <span class='ocrx_word' id='word_1_770' title='bbox 3539 4778 3685 4829; x_wconf 83' lang='lat' dir='ltr'><strong>vero,</strong></span> 
     </span>
    </p>
   </div>
   <div class='ocr_carea' id='block_1_105' title="bbox 2100 4853 3689 4933">
    <p class='ocr_par' dir='ltr' id='par_1_105' title="bbox 2100 4853 3689 4933">
     <span class='ocr_line' id='line_1_105' title="bbox 2100 4853 3689 4933; baseline -0.005 -17"><span class='ocrx_word' id='word_1_771' title='bbox 2100 4861 2356 4933; x_wconf 87' lang='lat' dir='ltr'><strong>gentibus</strong></span> <span class='ocrx_word' id='word_1_772' title='bbox 2386 4857 2650 4930; x_wconf 63' lang='lat' dir='ltr'><strong>praefecti,</strong></span> <span class='ocrx_word' id='word_1_773' title='bbox 2690 4857 3123 4927; x_wconf 81' lang='lat' dir='ltr'><strong>indignabantur</strong></span> <span class='ocrx_word' id='word_1_774' title='bbox 3155 4864 3210 4911; x_wconf 80' lang='lat' dir='ltr'><strong>et</strong></span> <span class='ocrx_word' id='word_1_775' title='bbox 3239 4871 3380 4926; x_wconf 73' lang='lat' dir='ltr'><strong>aegre</strong></span> <span class='ocrx_word' id='word_1_776' title='bbox 3401 4872 3513 4909; x_wconf 87' lang='lat' dir='ltr'><strong>rem</strong></span> <span class='ocrx_word' id='word_1_777' title='bbox 3545 4853 3689 4908; x_wconf 85' lang='lat' dir='ltr'><strong>lere-</strong></span> 
     </span>
    </p>
   </div>
   <div class='ocr_carea' id='block_1_106' title="bbox 2099 4945 3690 5017">
    <p class='ocr_par' dir='ltr' id='par_1_106' title="bbox 2099 4945 3690 5017">
     <span class='ocr_line' id='line_1_106' title="bbox 2099 4945 3690 5017; baseline -0.006 -10"><span class='ocrx_word' id='word_1_778' title='bbox 2099 4955 2254 5007; x_wconf 87' lang='lat' dir='ltr'><strong>bant.</strong></span> <span class='ocrx_word' id='word_1_779' title='bbox 2289 4952 2504 5007; x_wconf 82' lang='lat' dir='ltr'><strong>interea</strong></span> <span class='ocrx_word' id='word_1_780' title='bbox 2543 4947 2756 5014; x_wconf 89' lang='lat' dir='ltr'><strong>Daniel,</strong></span> <span class='ocrx_word' id='word_1_781' title='bbox 2796 4963 2922 5001; x_wconf 90' lang='lat' dir='ltr'><strong>cum</strong></span> <span class='ocrx_word' id='word_1_782' title='bbox 2953 4947 3173 5001; x_wconf 85' lang='lat' dir='ltr'><strong>civibus</strong></span> <span class='ocrx_word' id='word_1_783' title='bbox 3203 4949 3320 5001; x_wconf 89' lang='lat' dir='ltr'><strong>suis</strong></span> <span class='ocrx_word' id='word_1_784' title='bbox 3361 4945 3690 5017; x_wconf 80' lang='lat' dir='ltr'><strong>Babylonem</strong></span> 
     </span>
    </p>
   </div>
   <div class='ocr_carea' id='block_1_107' title="bbox 2101 5038 3689 5116">
    <p class='ocr_par' dir='ltr' id='par_1_107' title="bbox 2101 5038 3689 5116">
     <span class='ocr_line' id='line_1_107' title="bbox 2101 5038 3689 5116; baseline -0.006 -15"><span class='ocrx_word' id='word_1_785' title='bbox 2101 5046 2350 5116; x_wconf 88' lang='lat' dir='ltr'><strong>captivus</strong></span> <span class='ocrx_word' id='word_1_786' title='bbox 2373 5044 2574 5098; x_wconf 89' lang='lat' dir='ltr'><strong>ductus</strong></span> <span class='ocrx_word' id='word_1_787' title='bbox 2604 5040 2777 5095; x_wconf 82' lang='lat' dir='ltr'><strong>divini</strong></span> <span class='ocrx_word' id='word_1_788' title='bbox 2813 5038 3068 5094; x_wconf 82' lang='lat' dir='ltr'><strong>Numinis</strong></span> <span class='ocrx_word' id='word_1_789' title='bbox 3101 5039 3470 5110; x_wconf 86' lang='lat' dir='ltr'><strong>cognitionem</strong></span> <span class='ocrx_word' id='word_1_790' title='bbox 3506 5039 3689 5092; x_wconf 89' lang='lat' dir='ltr'><strong>instil-</strong></span> 
     </span>
    </p>
   </div>
   <div class='ocr_carea' id='block_1_108' title="bbox 2103 5126 3689 5198">
    <p class='ocr_par' dir='ltr' id='par_1_108' title="bbox 2103 5126 3689 5198">
     <span class='ocr_line' id='line_1_108' title="bbox 2103 5126 3689 5198; baseline -0.006 -10"><span class='ocrx_word' id='word_1_791' title='bbox 2103 5136 2267 5190; x_wconf 84' lang='lat' dir='ltr'><strong>labat.</strong></span> <span class='ocrx_word' id='word_1_792' title='bbox 2301 5132 2445 5187; x_wconf 91' lang='lat' dir='ltr'><strong>Idem</strong></span> <span class='ocrx_word' id='word_1_793' title='bbox 2476 5129 2752 5185; x_wconf 88' lang='lat' dir='ltr'><strong>faciebant</strong></span> <span class='ocrx_word' id='word_1_794' title='bbox 2784 5136 2897 5182; x_wconf 92' lang='lat' dir='ltr'><strong>tres</strong></span> <span class='ocrx_word' id='word_1_795' title='bbox 2930 5127 3106 5198; x_wconf 82' lang='lat' dir='ltr'><strong>pueri.</strong></span> <span class='ocrx_word' id='word_1_796' title='bbox 3134 5142 3272 5196; x_wconf 89' lang='lat' dir='ltr'><strong>quos</strong></span> <span class='ocrx_word' id='word_1_797' title='bbox 3303 5127 3464 5197; x_wconf 85' lang='lat' dir='ltr'><strong>ignis,</strong></span> <span class='ocrx_word' id='word_1_798' title='bbox 3495 5126 3689 5180; x_wconf 87' lang='lat' dir='ltr'><strong>ttrendi</strong></span> 
     </span>
    </p>
   </div>
   <div class='ocr_carea' id='block_1_109' title="bbox 2101 5219 3693 5292">
    <p class='ocr_par' dir='ltr' id='par_1_109' title="bbox 2101 5219 3693 5292">
     <span class='ocr_line' id='line_1_109' title="bbox 2101 5219 3693 5292; baseline -0.007 -10"><span class='ocrx_word' id='word_1_799' title='bbox 2101 5227 2420 5284; x_wconf 87' lang='lat' dir='ltr'><strong>facultatem</strong></span> <span class='ocrx_word' id='word_1_800' title='bbox 2456 5238 2580 5279; x_wconf 84' lang='lat' dir='ltr'><strong>etim</strong></span> <span class='ocrx_word' id='word_1_801' title='bbox 2607 5219 2860 5292; x_wconf 87' lang='lat' dir='ltr'><strong>jucunda</strong></span> <span class='ocrx_word' id='word_1_802' title='bbox 2895 5235 3031 5274; x_wconf 87' lang='lat' dir='ltr'><strong>aura</strong></span> <span class='ocrx_word' id='word_1_803' title='bbox 3072 5228 3418 5289; x_wconf 84' lang='lat' dir='ltr'><strong>permutans,</strong></span> <span class='ocrx_word' id='word_1_804' title='bbox 3477 5233 3693 5273; x_wconf 87' lang='lat' dir='ltr'><strong>recrea-</strong></span> 
     </span>
    </p>
   </div>
   <div class='ocr_carea' id='block_1_110' title="bbox 2104 5309 3692 5379">
    <p class='ocr_par' dir='ltr' id='par_1_110' title="bbox 2104 5309 3692 5379">
     <span class='ocr_line' id='line_1_110' title="bbox 2104 5309 3692 5379; baseline -0.007 -3"><span class='ocrx_word' id='word_1_805' title='bbox 2104 5320 2198 5376; x_wconf 86' lang='lat' dir='ltr'><strong>bat</strong></span> <span class='ocrx_word' id='word_1_806' title='bbox 2227 5321 2268 5371; x_wconf 77' lang='grc'><strong>’.</strong></span> <span class='ocrx_word' id='word_1_807' title='bbox 2307 5316 2418 5372; x_wconf 89' lang='lat' dir='ltr'><strong>lloc</strong></span> <span class='ocrx_word' id='word_1_808' title='bbox 2448 5313 2594 5372; x_wconf 87' lang='lat' dir='ltr'><strong>facto</strong></span> <span class='ocrx_word' id='word_1_809' title='bbox 2625 5313 2788 5369; x_wconf 88' lang='lat' dir='ltr'><strong>iidem</strong></span> <span class='ocrx_word' id='word_1_810' title='bbox 2813 5310 3140 5379; x_wconf 85' lang='lat' dir='ltr'><strong>ell&#39;eccrunt,</strong></span> <span class='ocrx_word' id='word_1_811' title='bbox 3171 5321 3232 5368; x_wconf 91' lang='lat' dir='ltr'><strong>ut</strong></span> <span class='ocrx_word' id='word_1_812' title='bbox 3260 5312 3440 5378; x_wconf 88' lang='lat' dir='ltr'><strong>multi,</strong></span> <span class='ocrx_word' id='word_1_813' title='bbox 3465 5311 3536 5366; x_wconf 91' lang='lat' dir='ltr'><strong>ab</strong></span> <span class='ocrx_word' id='word_1_814' title='bbox 3569 5309 3692 5366; x_wconf 88' lang='lat' dir='ltr'><strong>ido-</strong></span> 
     </span>
    </p>
   </div>
   <div class='ocr_carea' id='block_1_111' title="bbox 1811 5498 2436 5566">
    <p class='ocr_par' dir='ltr' id='par_1_111' title="bbox 1811 5498 2436 5566">
     <span class='ocr_line' id='line_1_111' title="bbox 1811 5498 2436 5566; baseline -0.005 -13"><span class='ocrx_word' id='word_1_815' title='bbox 1811 5501 1831 5531; x_wconf 83' lang='grc'><strong>⁹</strong></span> <span class='ocrx_word' id='word_1_816' title='bbox 1867 5498 2000 5554; x_wconf 86' lang='lat' dir='ltr'><strong>Dan.</strong></span> <span class='ocrx_word' id='word_1_817' title='bbox 2061 5513 2144 5566; x_wconf 89' lang='lat' dir='ltr'><strong>nt,</strong></span> <span class='ocrx_word' id='word_1_818' title='bbox 2182 5498 2249 5551; x_wconf 68' lang='grc' dir='ltr'><strong>ε.ὶὸ</strong></span> <span class='ocrx_word' id='word_1_819' title='bbox 2284 5513 2436 5566; x_wconf 86' lang='lat' dir='ltr'><strong>seqq.</strong></span> 
     </span>
    </p>
   </div>
   <div class='ocr_carea' id='block_1_112' title="bbox 1972 5676 2200 5733">
    <p class='ocr_par' dir='ltr' id='par_1_112' title="bbox 1972 5676 2200 5733">
     <span class='ocr_line' id='line_1_112' title="bbox 1972 5676 2200 5733; baseline 0.004 -2"><span class='ocrx_word' id='word_1_820' title='bbox 1972 5676 2200 5733; x_wconf 73' lang='grc' dir='ltr'><strong>ΝΟΤᾹΞ.</strong></span> 
     </span>
    </p>
   </div>
   <div class='ocr_carea' id='block_1_113' title="bbox 484 5841 1760 5917">
    <p class='ocr_par' dir='ltr' id='par_1_113' title="bbox 484 5841 1760 5917">
     <span class='ocr_line' id='line_1_113' title="bbox 484 5841 1760 5917; baseline -0.007 -17"><span class='ocrx_word' id='word_1_821' title='bbox 484 5846 600 5911; x_wconf 78' lang='lat'><strong>(80)</strong></span> <span class='ocrx_word' id='word_1_822' title='bbox 635 5847 709 5917; x_wconf 73' lang='lat' dir='ltr'><strong>ita</strong></span> <span class='ocrx_word' id='word_1_823' title='bbox 749 5844 932 5917; x_wconf 84' lang='lat' dir='ltr'><strong>scribo</strong></span> <span class='ocrx_word' id='word_1_824' title='bbox 973 5858 1069 5917; x_wconf 75' lang='lat' dir='ltr'><strong>pro</strong></span> <span class='ocrx_word' id='word_1_825' title='bbox 1091 5841 1368 5917; x_wconf 77' lang='grc' dir='ltr'>κλήματα.</span> <span class='ocrx_word' id='word_1_826' title='bbox 1688 5907 1697 5917; x_wconf 37' lang='lat'><em>.</em></span> <span class='ocrx_word' id='word_1_827' title='bbox 1751 5907 1760 5917; x_wconf 30' lang='grc' dir='ltr'><strong>θ</strong></span> 
     </span>
    </p>
   </div>
   <div class='ocr_carea' id='block_1_114' title="bbox 490 5913 1783 5990">
    <p class='ocr_par' dir='ltr' id='par_1_114' title="bbox 490 5913 1783 5990">
     <span class='ocr_line' id='line_1_114' title="bbox 490 5913 1783 5990; baseline -0.008 -18"><span class='ocrx_word' id='word_1_828' title='bbox 490 5918 603 5990; x_wconf 75' lang='lat'><strong>(8|)</strong></span> <span class='ocrx_word' id='word_1_829' title='bbox 630 5914 812 5974; x_wconf 81' lang='lat' dir='ltr'><strong>Mosen</strong></span> <span class='ocrx_word' id='word_1_830' title='bbox 844 5913 894 5972; x_wconf 91' lang='lat' dir='ltr'><strong>id</strong></span> <span class='ocrx_word' id='word_1_831' title='bbox 919 5913 1140 5988; x_wconf 83' lang='lat' dir='ltr'><strong>quidem</strong></span> <span class='ocrx_word' id='word_1_832' title='bbox 1171 5913 1356 5969; x_wconf 85' lang='lat' dir='ltr'><strong>dicere</strong></span> <span class='ocrx_word' id='word_1_833' title='bbox 1397 5929 1504 5968; x_wconf 88' lang='lat' dir='ltr'><strong>non</strong></span> <span class='ocrx_word' id='word_1_834' title='bbox 1538 5913 1783 5965; x_wconf 84' lang='lat' dir='ltr'><strong>utemini.</strong></span> 
     </span>
    </p>
   </div>
   <div class='ocr_carea' id='block_1_115' title="bbox 2187 5829 3137 5910">
    <p class='ocr_par' dir='ltr' id='par_1_115' title="bbox 2187 5829 3137 5910">
     <span class='ocr_line' id='line_1_115' title="bbox 2187 5829 3137 5910; baseline -0.009 -19"><span class='ocrx_word' id='word_1_835' title='bbox 2187 5837 2299 5910; x_wconf 60' lang='grc' dir='ltr'>(δε)</span> <span class='ocrx_word' id='word_1_836' title='bbox 2331 5838 2422 5894; x_wconf 86' lang='lat' dir='ltr'><strong>Sic</strong></span> <span class='ocrx_word' id='word_1_837' title='bbox 2456 5835 2636 5892; x_wconf 78' lang='lat' dir='ltr'><strong>scribo</strong></span> <span class='ocrx_word' id='word_1_838' title='bbox 2669 5848 2765 5903; x_wconf 84' lang='lat' dir='ltr'><strong>pro</strong></span> <span class='ocrx_word' id='word_1_839' title='bbox 2798 5829 3137 5900; x_wconf 71' lang='grc' dir='ltr'>ἁνακομίσω.</span> 
     </span>
    </p>
   </div>
  </div>
