4110 6470
397 452 502 517 843

1558 450 1822 511 ΡΗΟΤΙΙ
1858 451 2370 512 PATRIARCILE
2398 451 2507 510 (ΖΡ.

3566 442 3672 508 844

398 564 633 622 lolatria:
690 577 876 619 errore
905 563 1166 629 revocati,
1234 560 1404 616 Deum
1463 576 1653 618 verum
1718 563 1979 617 colerent.

2120 581 2184 633 ης
2213 563 2483 617 θεοσεϐεῖν
2516 561 2963 631 παρεσκεύασαν.
3010 559 3068 614 '0
3096 553 3189 613 οῦν
3236 558 3338 629 τῆς
3372 558 3547 631 ἀρχῆς
3567 558 3677 614 τῶν

399 658 587 713 Persis
643 656 828 724 itaque
886 651 1179 724 praefectus
1227 652 1457 722 angelus
1515 652 1807 719 gaudebat,
1856 667 1981 706 cum

406 750 616 805 videret
650 747 818 802 Deum
856 747 907 799 in
946 745 1196 815 partibus
1227 744 1341 798 suis
1396 744 1519 798 loco
1553 743 1820 797 idolorum
1853 742 1981 796 coli.

408 837 641 893 Videbat
712 836 802 891 ille
872 834 1471 889 Nabuchodonosorem
1526 847 1626 902 pro
1682 846 1789 898 eo,
1841 830 1987 900 quod

404 930 534 986 olim
586 928 691 984 diis
730 943 889 983 sacra
942 926 1121 981 facere
1169 926 1433 996 cogehat,
1503 935 1557 979 et
1609 923 1989 994 immorigeros

405 1021 668 1077 extremis
719 1020 1001 1089 suppliciis
1056 1018 1400 1086 subjiciebat,
1455 1032 1603 1071 nunc
1640 1016 1860 1070 tandem
1893 1030 1983 1070 ve-

405 1125 528 1163 rum
558 1108 728 1163 Deum
761 1109 999 1162 maxime
1021 1107 1302 1163 celebrare
1331 1115 1385 1161 et
1410 1106 1593 1161 dicere
1621 1124 1633 1160 :
1670 1125 1689 1158 (
1723 1104 1991 1170 Sedrach,

407 1203 639 1269 Misach,
675 1202 990 1273 Abdenago,
1019 1201 1160 1256 servi
1196 1199 1293 1255 Dei
1323 1201 1525 1256 excelsi
1554 1202 1638 1265 ¹⁰;
1669 1219 1685 1251 ι
1716 1209 1769 1254 et
1789 1199 1989 1255 similia

408 1295 590 1365 plura.
631 1294 903 1360 Quoniam
945 1294 1132 1363 itaque
1178 1293 1339 1348 divus
1373 1293 1562 1347 Daniel
1600 1292 1766 1346 Deum
1802 1308 1993 1362 preca-

409 1388 595 1449 batur.
648 1396 710 1442 ut
769 1385 1205 1441 hebdomadibus
1275 1385 1385 1440 illis
1443 1385 1810 1456 septuaginta,
1874 1398 1996 1453 quae

413 1480 717 1552 captivitati
753 1487 975 1535 statutae
1012 1478 1338 1548 erant,jam
1367 1476 1792 1543 consummatis,
1820 1475 1998 1531 Israe-

413 1573 539 1628 litas
588 1588 651 1628 ex
685 1587 906 1627 carcere
944 1571 1234 1638 educeret;
1284 1581 1340 1626 et
1372 1570 1594 1626 Gabriel
1627 1580 1896 1640 praeterea
1930 1570 1998 1624 ad

414 1663 752 1719 aﬁ'erendum
781 1662 859 1717 illi
889 1663 1163 1731 nuntium,
1214 1663 1419 1718 missus
1457 1672 1595 1727 erat,
1650 1663 1872 1718 Persico
1900 1664 2001 1719 im-

415 1757 568 1828 perio
598 1755 885 1825 prad‘ectus
915 1754 1153 1810 Gabrieli
1188 1756 1407 1823 restitit,
1434 1756 1795 1812 contristatus
1821 1773 1886 1812 ex
1911 1773 1998 1827 eo,

416 1847 564 1916 quod
593 1856 758 1911 terra,
792 1845 881 1902 cui
914 1853 1162 1915 praeerat,
1225 1845 1277 1899 iu
1321 1846 1608 1915 pristinam
1648 1846 1983 1915 impietatem

2089 653 2317 724 Περσῶν
2362 652 2683 722 ἐφεστηκὼς
2716 651 2948 720 ἄγγελος
2992 650 3232 721 ἔχαιρεν,
3289 649 3433 721 ὁρῶν
3468 652 3526 703 ἐν
3560 654 3675 713 τοῖς

2091 743 2256 797 αὐτοῦ
2284 743 2474 814 μέρεσι
2500 744 2589 795 τὸν
2618 741 2750 795 Θεὸν
2782 744 2903 795 ἀντί
2928 740 3036 794 τῶν
3069 739 3308 795 εἰδώλων
3340 740 3678 810 λατρευόμε-

2091 854 2199 889 νον.
2234 835 2338 887 Τὸν
2376 834 2856 904 Ναϐουχοδονόσορ
2911 832 3058 904 ἐώρα
3092 832 3217 885 ἀντὶ
3263 832 3359 885 τοῦ
3396 849 3675 900 καταναγ-

2092 927 2281 992 κάζειν
2312 924 2462 979 θύειν
2512 923 2773 988 εἰδώλοις,
2816 925 2912 977 καὶ
2944 922 3201 993 ἐσχάταις
3229 922 3353 985 τοὺς
3388 920 3461 991 μὴ
3492 920 3679 973 πειθο-

2096 1019 2292 1091 μένους
2326 1016 2649 1071 ὐποϐάλλειν
2677 1015 2989 1087 τιμωρίαις,
3020 1015 3290 1086 λαμπρῶς
3329 1011 3683 1078 θεολογοῦντα

2095 1111 2190 1165 καὶ
2226 1110 2470 1178 λέγοντα,
2505 1127 2523 1161 ι
2568 1107 2795 1179 Σεδρὰχ,
2826 1107 3035 1172 Μισάκ,
3082 1104 3448 1173 Ἀϐδενναγὼ,
3478 1105 3527 1158 οἱ
3558 1104 3681 1158 δοῦ-

2095 1202 2178 1255 λοι
2238 1200 2332 1254 τοῦ
2386 1200 2522 1254 Θεοῦ
2566 1198 2661 1254 τοῦ
2710 1199 2937 1266 ὑψίστου
2965 1215 2978 1229 ’
3016 1217 3035 1250 ι
3093 1198 3187 1250 καὶ
3221 1196 3391 1249 πολλά
3431 1195 3681 1251 τοιαῦτα.

2111 1295 2264 1348 Ἐπεὶ
2292 1290 2385 1347 οῦν
2405 1296 2433 1347 δ
2453 1293 2720 1365 μακάριος
2740 1291 2937 1363 Δανιὴλ
2956 1292 3128 1345 ἐδεῖτο
3152 1290 3245 1344 τοῦ
3276 1290 3433 1355 Θεοῦ,
3460 1288 3686 1362 πληρω-

2101 1386 2302 1441 θέντων
2330 1386 2440 1441 τῶν
2492 1384 2866 1455 ἐϐδομήκοντα
2914 1384 3072 1450 ἐτῶν,
3109 1384 3217 1437 τῶν
3247 1384 3340 1435 ἐπὶ
3397 1384 3464 1455 τῇ
3518 1382 3691 1453 αἰχμ-

2101 1480 2309 1551 αλωσίᾳ
2357 1478 2756 1549 διορισθέντων,
2819 1478 3117 1545 ἀναγαγεῖν
3160 1477 3257 1546 τῆς
3310 1474 3691 1544 αἰχμαλωσίας

2101 1574 2193 1627 τὸν
2236 1572 2475 1644 Ἰσραὴλ,
2493 1570 2774 1641 ἀπεστάλη
2807 1569 2864 1622 δὲ
2891 1569 2930 1622 Γ
2933 1567 3129 1639 αϐριὴλ
3161 1566 3402 1639 μηνῦσαι
3424 1565 3572 1636 αὐτῷ
3594 1565 3693 1636 τὴν

2104 1665 2429 1737 ἀνάρρησιν,
2460 1661 2781 1719 ἀνθίσταται
2801 1659 2878 1731 τῷ
2906 1657 3151 1729 Γαϐριὴλ
3201 1658 3230 1711 δ
3272 1658 3373 1727 τῆς
3415 1656 3693 1726 Περσικῆς

2105 1757 2281 1828 ἀρχῆς
2303 1754 2605 1824 ἐπιστάτης
2629 1751 2991 1822 λυπούμενος,
3011 1751 3093 1804 ὅτι
3124 1748 3287 1804 πάλιν
3311 1750 3345 1819 ἠ
3368 1748 3440 1818 γῆ
3464 1746 3601 1818 (85).
3625 1740 3694 1819 ἧς

2109 1848 2421 1912 ἐπεστάτει,
2449 1846 2559 1901 τῶν
2615 1845 2951 1900 διδασκάλων
2992 1844 3092 1913 τῆς
3135 1843 3420 1905 εὐσεϐείας
3483 1840 3696 1894 ἐκεῖθεν

420 1947 477 1994 et
540 1953 758 1994 errores
829 1948 1089 2003 veteres,
1162 1937 1405 1993 reductis
1466 1937 1593 1993 inde
1647 1937 1761 1992 veri
1821 1938 2002 1994 cultus

2117 1939 2608 2009 ἀνακομισθέντων,
2640 1939 2721 2002 είς
2753 1937 2853 2008 τὴν
2883 1937 3166 2009 προτέραν
3191 1933 3527 2005 ἀναστρέψει
3562 1933 3696 1988 ἀσέα

419 2030 763 2097 doctoribus,
823 2030 1033 2084 ruitura
1064 2029 1360 2083 videretur.
1394 2028 1616 2084 Restitit
1660 2045 1829 2094 vero,
1884 2046 1994 2086 non

421 2138 696 2195 pugnans,
753 2122 846 2177 sed
876 2122 950 2176 ita
995 2122 1467 2192 causaejustitiam
1494 2122 1811 2177 edisserens
1842 2139 1856 2175 :
1892 2122 2005 2177 Cur

422 2215 631 2270 reditus
657 2222 809 2269 tanto
830 2214 1013 2269 studio
1048 2214 1311 2284 urgetur?
1336 2212 1527 2279 Quoad
1559 2214 1799 2284 populus
1835 2214 2007 2270 Israc-

427 2305 613 2360 liticus
644 2313 845 2360 terram
882 2304 1112 2375 patriam
1152 2304 1456 2370 habitabat,
1515 2313 1569 2359 et
1590 2321 1853 2375 prospere
1885 2322 2010 2377 age—

425 2393 536 2457 bat,
566 2408 708 2464 smpe
737 2394 790 2448 in
821 2394 1185 2449 idololatrian)
1208 2394 1458 2449 divertit:
1482 2394 1596 2465 jam
1617 2411 1743 2450 vero
1768 2398 2010 2468 peregri-

426 2501 551 2541 nam
588 2486 852 2548 incolens,
908 2502 1045 2556 pure
1091 2487 1263 2542 Deum
1317 2488 1467 2555 colit,
1523 2504 1622 2544 nec
1651 2490 1782 2543 colit
1813 2491 2011 2559 solum,

426 2578 522 2636 sed
569 2587 624 2635 et
664 2593 763 2649 pro
816 2579 968 2634 cultu
1021 2580 1125 2635 hoc
1178 2579 1394 2636 fortiter
1441 2589 1667 2651 pugnat,
1702 2582 2014 2653 multosque

427 2672 733 2724 errantium
773 2670 839 2725 ad
868 2686 1059 2725 verum
1083 2670 1255 2725 Deum
1284 2670 1526 2726 adducit.
1557 2670 2012 2742 Quandoquidem

428 2775 557 2833 ergo
594 2770 649 2816 et
678 2761 807 2829 illis,
856 2763 953 2832 qui
998 2764 1228 2831 gratiam
1286 2764 1632 2833 receperunt,
1683 2764 1842 2829 nihil,
1872 2763 2014 2835 quod

430 2851 630 2914 animm
656 2852 956 2908 salutarius
992 2853 1086 2918 sit,
1123 2854 1328 2921 evenit,
1378 2861 1432 2908 et
1467 2853 1613 2920 illos,
1669 2857 1764 2923 qui
1799 2868 1893 2922 per
1921 2868 2017 2909 eos

430 2958 620 2999 verum
656 2945 825 3007 Deum
877 2944 1059 2999 colere
1108 2944 1468 3015 inceperunt,
1532 2945 1803 3015 impietas,
1835 2955 2020 3001 extre-

431 3050 585 3091 mum
619 3035 893 3090 malorum
925 3036 1197 3105 omnium,
1231 3037 1337 3092 sibi
1366 3038 1567 3092 iterum
1597 3038 1868 3095 obnoxios
1895 3038 2021 3094 red-

432 3125 561 3193 dat;
608 3140 791 3182 nonne
840 3135 1151 3197 praastaret,
1203 3128 1247 3184 si
1291 3126 1457 3185 Israel
1494 3144 1643 3185 nunc
1671 3129 1892 3200 quidem
1952 3144 2022 3185 ex

433 3218 750 3289 captivitate
783 3235 890 3275 non
922 3222 1270 3290 educeretur,
1324 3223 1402 3278 illi
1440 3238 1589 3290 vero,
1637 3224 1730 3295 qui
1762 3224 2021 3281 salutaris

435 3309 532 3365 Dei
558 3311 888 3382 cognitionis
916 3312 1095 3368 lucem
1125 3313 1236 3384 jam
1263 3323 1537 3385 spectant,
1591 3315 1646 3369 in
1681 3317 1872 3371 eadem
1903 3315 2019 3386 pie—
2048 3297 2091 3355 θ

436 3408 551 3459 tate
580 3405 1087 3461 conservarentur?
1134 3404 1215 3461 Tu
1265 3406 1489 3477 quidem
1537 3408 1767 3463 missum
1817 3415 1868 3461 te
1918 3408 2022 3471 ais,

437 3503 500 3551 ut
542 3497 802 3567 populum
857 3500 1046 3568 patriae
1105 3514 1218 3555 suae
1259 3501 1544 3556 restituas.
1598 3500 1732 3566 Quae
1782 3515 1912 3556 vero
1941 3512 2027 3557 est

438 3589 529 3645 illa
554 3592 726 3661 patria
752 3593 774 3645 ?
818 3591 892 3651 Ea
927 3593 1115 3663 utique
1142 3610 1306 3664 quam
1330 3594 1641 3651 habitantes
1686 3606 1739 3650 et
1765 3594 2028 3651 daamonio

439 3684 545 3739 bus
577 3700 732 3740 sacra
756 3684 1018 3741 facientes
1039 3724 1055 3750 ,
1082 3686 1371 3742 nidoribus
1398 3697 1453 3743 et
1476 3687 1787 3742 idololatria
1817 3688 2029 3759 pollue-

441 3785 592 3852 runt.
625 3775 817 3832 Nonne
840 3777 1034 3833 horum
1068 3788 1293 3834 accusat
1338 3793 1434 3834 eos
1461 3777 1732 3834 Jeremias
1782 3779 1972 3835 dicens
2004 3796 2020 3831 :

447 3887 468 3923 ι
499 3868 815 3925 Secundum
881 3886 1171 3926 numerum
1213 3871 1432 3927 urbium
1482 3882 1702 3927 tuarum
1748 3883 1904 3927 erant
1932 3871 2028 3926 tibi

443 3961 542 4027 dii,
575 3976 609 4016 ο
644 3961 806 4028 Juda,
859 3972 912 4017 et
942 3964 1242 4019 secundum
1284 3964 1429 4019 bivia
1466 3963 1771 4019 Jerusalem
1820 3964 2029 4020 sacriﬁ-

445 4055 611 4111 cahas
663 4053 925 4110 Baali“?
960 4074 979 4109 ι
1008 4055 1163 4111 Tunc
1211 4058 1435 4127 quidem
1479 4073 1509 4110 a
1564 4056 1677 4113 Deo
1722 4058 2029 4115 innumeris

442 4148 726 4204 beneﬂciis
766 4149 1195 4215 inundabantur,
1248 4149 1343 4205 sed
1389 4151 1475 4205 vel
1529 4151 1610 4205 sic
1655 4166 1684 4205 a
1735 4152 1942 4206 malitia
1973 4160 2028 4207 et

445 4238 725 4310 impietate
753 4256 850 4296 sua
884 4258 994 4297 non
1030 4242 1387 4299 desistebant.
1440 4242 1561 4299 Jam
1585 4260 1719 4299 vero
1744 4246 2030 4302 innumera

444 4335 589 4388 mala
624 4336 1021 4403 perpetiuntur,
1062 4350 1241 4405 neque
1283 4344 1465 4392 tamen
1509 4351 1541 4391 a
1591 4338 1701 4393 Deo
1744 4337 2028 4393 recedunt.

446 4423 582 4492 Quis
630 4425 795 4495 igitur
837 4427 1044 4481 reditus
1068 4426 1277 4482 fructus
1324 4427 1467 4482 erit?
1497 4427 1685 4497 Itaque
1719 4429 2031 4485 resistentia

445 4516 540 4577 hic
566 4523 685 4571 erat
711 4530 820 4573 non
849 4516 977 4570 mali
998 4517 1266 4572 adversus
1297 4518 1523 4572 bonum.
1550 4516 1672 4572 Non
1697 4517 1844 4572 enim
1874 4519 2029 4584 dicit,

445 4607 744 4677 pugnabat,
779 4608 875 4666 sed
929 4609 1241 4668 resistebat.
1297 4609 1451 4680 Saepe
1499 4610 1646 4664 enim
1700 4610 1865 4665 datur
1895 4612 2029 4667 resi—

448 4702 648 4757 stentia
676 4703 813 4771 justi
846 4704 1114 4760 adversus
1144 4704 1371 4771 bonum,
1424 4704 1568 4761 sicut
1599 4720 1743 4775 saepe
1772 4704 2025 4760 Immani-

446 4805 530 4851 tas
561 4796 743 4853 obstat
775 4796 902 4867 legi,
933 4807 988 4851 et
1022 4797 1108 4853 lex
1134 4798 1483 4853 humanitati.
1537 4797 1650 4853 Lex
1679 4798 1822 4853 enim
1854 4798 2027 4853 delin-

446 4896 703 4956 quentem
736 4890 932 4959 punit;
994 4897 1051 4944 at
1099 4890 1389 4946 clementia
1415 4892 1560 4960 regis
1588 4890 1843 4945 eumdem
1878 4906 2024 4960 sape

448 4979 762 5048 miseratur,
814 4990 869 5039 et
910 4998 943 5039 a
1002 4998 1165 5054 poena
1213 4983 1430 5039 liberat.
1482 4982 1671 5054 Pugna
1721 4984 1907 5054 itaque
1939 4985 2027 5039 hic

2112 2035 2264 2087 ϐειαν
2290 2032 2386 2087 καὶ
2420 2032 2628 2100 πλάνην
2654 2048 2670 2063 ⁸
2703 2029 2995 2084 ἀνθίστατο
3030 2029 3085 2082 δὲ
3115 2028 3176 2082 οὐ
3207 2028 3536 2098 μαχόμενος,
3562 2025 3701 2079 ἀλλά

2109 2125 2634 2195 δικαιολογούμενος·
2666 2123 2762 2187 Τίς
2794 2124 2827 2193 ἡ
2861 2120 3087 2192 σπουδὴ,
3115 2121 3312 2189 λέγων,
3352 2119 3449 2189 τῆς
3478 2118 3699 2184 ἀνόδους

2109 2221 2211 2292 τὴν
2240 2221 2448 2274 οἰκείαν
2481 2218 2649 2273 οἰκῶν
2708 2215 2948 2287 πατρίδα
2972 2217 3000 2268 ὁ
3041 2214 3261 2285 Ἰσραὴλ
3290 2214 3388 2266 καὶ
3440 2211 3698 2265 εὐπαθῶν

2113 2315 2193 2376 εἰς
2250 2308 2667 2379 εἰδωλολατρίαν
2722 2307 2985 2370 πολλάκις
3032 2304 3355 2370 ἐξώλισθεν·
3401 2301 3497 2356 νῦν
3534 2303 3591 2355 δὲ
3639 2302 3702 2355 οὐ

2115 2404 2374 2475 καθαρῶς
2420 2402 2639 2456 εὐσεϐεῖ
2684 2402 2867 2473 μόνον,
2925 2398 3061 2453 ἀλλὰ
3115 2398 3212 2451 καὶ
3268 2395 3566 2467 ὐπεραθλεῖ
3603 2398 3705 2466 τῆς

2117 2495 2421 2560 εὐσεϐείας,
2456 2493 2551 2547 καὶ
2581 2491 2793 2546 πολλῶν
2820 2490 2928 2544 τῶν
2958 2487 3397 2559 πεπλανημένων
3431 2485 3571 2556 πρὸς
3610 2483 3705 2536 τὸν

2117 2588 2372 2661 ἀληθινὸν
2414 2584 2804 2657 ἐπιστρέφουσι
2832 2585 2923 2636 τὸν
2977 2582 3132 2636 Θεόν.
3169 2580 3299 2634 Ὅτε
3338 2574 3432 2632 οῦν
3469 2576 3565 2632 καὶ
3594 2578 3709 2639 τοῖς

2117 2676 2216 2749 τὴν
2247 2676 2409 2748 χάριν
2440 2673 2760 2745 δεχομένοις
2780 2672 2929 2726 οὐδὲν
2960 2669 3101 2727 κατὰ
3125 2667 3307 2741 ψυχὴν
3331 2666 3706 2721 λυσιτελέστε-

2125 2789 2216 2842 ρον
2248 2768 2625 2833 ἐπακολουθεῖ,
2658 2767 2906 2830 καὶτοὺς
2932 2763 3176 2818 εὐσεϐεῖν
3209 2762 3275 2816 δι’
3309 2762 3509 2825 αὐτοὺς
3537 2758 3707 2831 ἀρξα-

2125 2863 2321 2933 μένους
2360 2860 2472 2930 (84)
2501 2859 2561 2913 τὸ
2616 2858 2846 2928 ἔσχατον
2895 2856 3086 2923 κακὸν,
3132 2857 3165 2926 ἡ
3206 2854 3515 2914 δυσσέϐεια,
3548 2853 3711 2906 πάλιν

2124 2953 2473 3025 ὑποχειρίους
2506 2952 2672 3017 ποιεῖ,
2697 2950 2862 3004 πόσον
2894 2944 2963 3021 ἦν
2992 2949 3220 3020 ἄμεινον
3254 2947 3347 3001 καὶ
3373 2946 3461 2999 τὸν
3494 2944 3712 3016 Ἰσραὴλ

2124 3045 2263 3109 τέως
2286 3045 2388 3111 τῆς
2419 3042 2802 3114 αἰχμαλωσίας
2835 3040 2912 3113 μὴ
2956 3042 3281 3109 ἀναγαγεῖν,
3313 3039 3408 3093 καὶ
3437 3039 3565 3102 τοὺς
3586 3039 3711 3108 ἄρτι

2126 3136 2267 3207 πρὸς
2303 3135 2365 3189 τὸ
2420 3134 2538 3205 φῶς
2583 3133 2994 3203 ἀναϐλέψαντας
3044 3132 3146 3202 τῆς
3198 3129 3526 3199 θεογνωσίας
3559 3130 3616 3182 ἐν
3645 3130 3712 3201 τῇ

2128 3230 2264 3300 αὐτῇ
2291 3229 2577 3301 συντηρεῖν
2600 3226 2890 3298 εὐσεϐείᾳῑ
2923 3222 3282 3294 Ἀπεστάλην,
3316 3223 3443 3295 φὴς,
3470 3219 3559 3274 τὸν
3588 3219 3715 3274 λαὸν

2127 3324 2577 3394 ἀποκαταστῆσαι
2607 3326 2674 3394 τῇ
2714 3320 2963 3393 πατρίδι.
2997 3318 3134 3390 Ποίᾳ
3162 3316 3384 3389 πατρίδι
3423 3315 3575 3389 (85);
3613 3314 3716 3367 Ἦν

2128 3416 2407 3481 οἰκοῦντες
2424 3417 2654 3487 ἐμίαναν
2680 3415 2918 3480 κνίσαις,
2940 3412 3159 3483 δαίμοσι
3178 3411 3422 3475 θύοντες,
3449 3408 3544 3463 καὶ
3567 3407 3719 3464 εἰδω-

2128 3507 2415 3578 λομανίαις
2438 3523 2452 3536 ο
2508 3506 2570 3559 οὐ
2628 3504 2804 3559 ταῦτα
2838 3504 3135 3575 κατηγορεῖ
3184 3500 3360 3570 λέγων
3398 3497 3672 3568 Ἱερεμίας
3698 3509 3712 3525 ⁶

2137 3620 2157 3654 ι
2195 3601 2335 3655 Κατ’
2378 3597 2613 3669 ἀριθμὸν
2657 3596 2768 3650 τῶν
2819 3594 3026 3650 πόλεών
3072 3611 3165 3647 σου
3206 3588 3349 3664 ἦσαν
3371 3592 3420 3645 οἱ
3449 3589 3559 3645 θεοί
3598 3606 3713 3655 σου,

2142 3691 2319 3746 Ἰούδα
2338 3706 2354 3723 ’
2389 3689 2483 3743 καὶ
2517 3687 2658 3742 κατά
2685 3686 2756 3741 τὰ
2798 3685 3041 3758 ἀμφόδια
3079 3683 3438 3755 Ἰερουσαλὴμ
3464 3681 3618 3744 ἔθυες
3643 3682 3711 3750 τῇ

2133 3786 2279 3840 Βαάλ
2314 3784 2447 3856 (86)·
2492 3803 2510 3837 ι
2554 3781 2770 3854 μυρίοις
2797 3780 2919 3835 τότε
2955 3777 3106 3852 παρὰ
3132 3776 3267 3833 Θεοῦ
3299 3775 3717 3848 περιεκλύζοντο

2133 3880 2378 3949 ἀγαθοῖς,
2415 3879 2509 3932 καὶ
2559 3876 2660 3948 τῆς
2693 3875 2892 3938 κακίας
2933 3874 3028 3929 καὶ
3078 3871 3336 3934 ἀσεϐείας
3365 3871 3465 3924 οὐκ
3513 3866 3719 3939 ἀνεχώ-

2137 3988 2301 4048 ρουν*
2335 3972 2508 4045 μυρία
2564 3971 2660 4025 νῦν
2721 3968 3054 4041 ὑπομένουσι
3110 3965 3276 4032 κακὰ,
3321 3964 3418 4019 καὶ
3455 3962 3550 4017 τοῦ
3582 3959 3718 4015 Θεοῦ

2133 4068 2233 4121 οὐκ
2256 4067 2604 4137 ἀφίστανται.
2633 4064 2700 4117 Τί
2732 4064 2849 4117 ποτ’
2888 4058 2983 4116 οὖν
3036 4060 3190 4115 ἔσται
3226 4060 3288 4113 τὸ
3333 4059 3432 4129 τῆς
3459 4056 3718 4111 ἐπανόδου

2134 4160 2359 4231 κέρδος;
2391 4154 2499 4211 *Ην
2520 4156 2701 4211 τοίνυν
2724 4157 2756 4226 ἡ
2789 4154 3099 4218 ἀντίστασις
3127 4153 3189 4206 οὐ
3222 4150 3394 4205 κακοῦ
3422 4150 3557 4222 πρὸς
3586 4150 3723 4217 ἀγα-

2135 4249 2263 4303 θόν’
2296 4249 2358 4302 οὐ
2398 4247 2509 4319 γὰρ
2546 4242 2720 4313 εἶπεν,
2760 4245 3018 4317 ἐμάχετο,
3054 4244 3195 4309 ἀλλ’,
3227 4242 3525 4296 ἀνθίστατο
3552 4256 3566 4271 ⁸
3626 4239 3720 4294 καὶ

2135 4342 2243 4412 γὰρ
2266 4340 2382 4393 ἐστι
2412 4338 2675 4404 πολλάκις
2710 4338 3027 4401 ἀντίστασις
3056 4334 3268 4389 δικαίου
3302 4333 3439 4407 πρὸς
3495 4330 3719 4401 ἀγαθὸν,

2135 4433 2211 4496 ὡς
2274 4430 2595 4486 ἀνθίσταται
2651 4429 2912 4493 πολλάκις
2960 4427 3113 4498 νόμῳ
3169 4424 3577 4499 φιλανθρωπία,
3628 4422 3723 4479 καὶ

2137 4522 2520 4595 φιλανθρωπίᾳ
2554 4522 2740 4593 νόμος.
2765 4521 2823 4575 '0
2852 4521 3018 4593 νόμος
3041 4520 3133 4574 τὸν
3185 4519 3585 4591 ἀμαρτήσαντα
3626 4531 3719 4569 κο-

2064 4648 2107 4704 D
2136 4612 2311 4679 λάζει.
2347 4612 2733 4684 Φιλανθρωπία
2760 4612 3019 4675 πολλάκις
3051 4610 3436 4704 βασιλέωςᾉτὸν
3456 4607 3723 4704 direpti;-

2137 4723 2305 4759 σαντα
2345 4705 2505 4772 ἐλεεῖ,
2536 4706 2631 4759 καὶ
2669 4704 2971 4777 ἐξαρπάζει
3013 4704 3112 4774 τῆς
3138 4702 3430 4774 τιμωρίας.
3456 4693 3574 4758 1Ὧδ’
3622 4692 3717 4750 οὖν

2134 4800 2168 4870 ὴ
2203 4798 2350 4870 μάχη
2381 4799 2482 4852 οὐκ
2511 4798 2757 4853 ἐναντίου
2786 4799 2922 4871 πρὸς
2950 4797 3217 4862 ἐναντίον,
3252 4793 3391 4857 ἀλλά
3424 4788 3723 4861 συγγενοῦς

2136 4893 2273 4962 πρὸς
2301 4891 2581 4961 συγγενές.
2611 4890 2749 4945 Οὔτε
2777 4891 2885 4963 γάρ
2916 4890 3201 4944 τὸδίκαιον
3233 4886 3337 4952 ἔξω
3362 4883 3720 4955 ἀγαθὸτητος,

2137 4985 2261 5038 οὐτε
2285 4986 2346 5039 τὸ
2375 4985 2578 5055 ἀγαθὸν
2606 4986 2713 5051 ἔξω
2745 4983 3095 5055 δικαιοσύνης
3123 4981 3462 5053 εὑρίσκεται.

447 5082 532 5129 est
562 5089 669 5129 non
726 5075 932 5132 inimici
984 5078 1249 5133 adversus
1300 5075 1609 5143 inimicum,
1674 5076 1769 5133 sed
1798 5077 2016 5148 cognati
2058 5077 2323 5135 adversus
2380 5088 2696 5151 cognatum.
2730 5076 2919 5148 Neque
2981 5077 3126 5134 enim
3158 5072 3371 5149 iustitia
3403 5071 3520 5128 sine
3555 5066 3723 5123 boni-

449 5174 581 5234 tate,
611 5184 789 5239 neque
820 5170 1037 5227 bonitas
1062 5171 1222 5227 datur
1252 5171 1372 5227 sine
1403 5170 1635 5241 iustitia.

526 5375 566 5405 ιο
608 5371 743 5425 Dan.
776 5386 857 5437 tu,
889 5370 979 5425 9.8.
1062 5372 1099 5401 “
1135 5368 1335 5426 Jerem.
1393 5388 1453 5437 ιι,
1504 5368 1594 5424 28.

1973 5550 2204 5607 ΝΟΤᾹιί.

529 5767 638 5839 (85)
667 5765 847 5839 Qodex
883 5769 1013 5838 ἡγῇ,
1046 5766 1206 5839 male,
1239 5774 1290 5821 et
1330 5780 1478 5830 mox,
1510 5761 1801 5833 ἐπεστάτῃ.

527 5836 635 5911 (84)
662 5836 819 5911 9ου).
856 5836 955 5906 pro
980 5838 1332 5911 epxoeévwa
1374 5906 1403 5911 -_
1516 5904 1526 5911 .

531 5908 642 5981 (85)
670 5906 1071 5983 Ποίᾳ-πατρίδι,
1095 5909 1264 5965 debeo
1290 5906 1622 5964 Colbcrlino.

2207 5753 2321 5825 (86)
2352 5754 2454 5813 Ubi
2485 5763 2665 5811 tamen
2703 5752 2865 5811 hodie
2924 5752 3119 5825 lcgllur
3160 5751 3293 5808 ικαὶ
3332 5750 3449 5822 μετ’
3490 5748 3727 5823 ἀριθμὸν

2133 5824 2319 5881 διόδων
