4110 6520
348 442 455 507 845

1306 451 1406 510 ΑΙ)
1453 450 2042 512 AMPHILOCHIUM
2083 454 2428 525 QUIESTIO
2461 455 2656 514 CLXI.
3527 459 3628 518 Sit}

421 559 545 616 Ὅτι
578 563 678 633 τῆς
724 563 974 630 κτίσεως,
1019 566 1205 636 φησὶν,
1237 568 1311 630 ὼς
1345 568 1693 640 προείρηται,
1726 570 1933 624 διακει-

2108 571 2430 626 Creaturam
2458 574 2554 638 ait,
2582 573 2726 643 quod
2748 583 2874 630 ante
2901 574 3107 629 dictum
3141 582 3262 640 est,
3291 572 3431 626 male
3489 573 3622 624 afl'c-

356 654 521 726 μένης
552 653 650 709 καὶ
679 655 1120 729 ἀγανακτούσης,
1153 659 1240 728 ἐφ’
1272 653 1316 728 ᾧ
1349 662 1445 714 καὶ
1472 661 1682 714 ἄκουσα
1710 661 1790 733 τῷ
1823 680 1934 716 πα-

355 751 564 824 ραϐάτῃ
601 755 831 824 παρεῖχε
863 754 961 824 τὴν
987 755 1198 825 χρείαν,
1229 757 1324 810 καὶ
1349 757 1696 828 ὲξυπηρέτει,
1723 759 1818 812 καὶ
1839 759 1939 828 ἀγ-

354 844 527 912 γέλων
562 844 880 916 ἀχθομένων
911 848 1006 900 ὲπὶ
1039 849 1103 918 τῇ
1140 846 1234 900 τοῦ
1264 849 1731 920 εὐεργετουμένου
1759 852 1939 919 ἀγνω-

358 935 587 1008 μοσύνῃ,
621 938 714 991 καὶ
750 937 872 992 ὅλου
916 938 1258 1003 κακωθέντος
1311 940 1409 994 τοῦ
1456 941 1664 1011 κόσμου
1711 942 1801 996 διὰ
1837 942 1938 1007 τὰς

358 1028 723 1099 παρανομίας.
752 1047 770 1080 ι
797 1029 908 1083 Καὶ
936 1029 1046 1102 γὰρ
1070 1026 1231 1095 εἶδεν,
1267 1032 1451 1103 φησιν,
1477 1033 1505 1085 6
1527 1033 1658 1096 Θεὸς
1679 1033 1778 1105 τὴν
1807 1035 1934 1102 γῆν,

355 1117 451 1170 και
487 1111 555 1191 ἦν
585 1120 1031 1194 κατεφθαρμένῃ,
1081 1123 1164 1177 ὅτι
1206 1123 1569 1196 κατέφθειρεν
1609 1127 1758 1179 πᾶσα
1801 1127 1938 1198 σὰρξ

355 1211 453 1277 τὴν
475 1210 594 1263 ὁδὸν
619 1211 811 1282 αὐτῆς.
848 1231 868 1265 ι
898 1213 1013 1266 Οὐκ
1041 1208 1108 1283 ἦν
1147 1215 1179 1285 ἡ
1208 1214 1403 1282 κτίσις,
1461 1217 1579 1270 οἵαν
1631 1216 1940 1287 ὕπέστησεν

353 1301 540 1365 αὐτοῖς
567 1304 594 1354 6
623 1302 757 1365 Θεὸς
782 1304 876 1356 ἀπ’
911 1305 1085 1376 ἀρχῆς
1106 1321 1120 1333 ·
1148 1307 1249 1360 οὐκ
1288 1301 1356 1378 ἦν
1400 1309 1512 1372 τοῖς
1545 1308 1768 1379 ἄστροις
1799 1311 1826 1362 6
1849 1309 1940 1362 ού-

356 1389 539 1461 ρανὺς,
570 1391 668 1456 .ώς
724 1393 784 1445 τὸ
810 1394 960 1464 πρὶν,
983 1395 1109 1448 ἄνευ
1147 1396 1292 1460 τινὸς
1323 1397 1634 1467 μιάσματος
1657 1399 1939 1470 καταλαμ-

353 1482 591 1552 πόμενος
616 1501 630 1516 ο
671 1485 772 1538 οὐκ
811 1481 879 1556 ἦν
916 1487 949 1557 ἡ
997 1488 1069 1558 γῆ
1119 1488 1248 1551 τοὺς
1283 1489 1533 1560 καρποὺς
1575 1490 1936 1560 ἀμολύντους,

350 1575 427 1638 ὡς
452 1578 512 1630 τὸ
537 1579 689 1649 πρὶν,
739 1581 1066 1637 ἀναδιδοῦσα
1089 1601 1104 1615 ο
1134 1585 1196 1638 οὐ
1236 1584 1503 1650 θάλασσα,
1545 1588 1647 1641 οὐκ
1701 1587 1832 1642 ἄλλο
1885 1606 1938 1642 τι

348 1669 460 1722 τῶν
518 1671 578 1722 ὲν
617 1674 683 1744 τῇ
730 1673 927 1730 κτίσει.
968 1675 1025 1730 Ὀ
1080 1677 1190 1748 γὰρ
1241 1679 1568 1752 παραϐάτης
1595 1681 1853 1736 εἰσελθὼν
1881 1685 1939 1736 ἐν

351 1760 512 1831 αὐτῇ,
539 1765 894 1835 κατεμίανεν,
914 1769 1008 1823 καὶ
1026 1769 1361 1826 ἀνεθόλωσεν
1385 1773 1605 1828 ἅπαντα
1627 1777 1750 1838 ταῖς
1771 1775 1939 1845 βλασ-

354 1854 609 1923 φημίαις,
653 1858 775 1920 ταῖς
821 1858 1115 1930 θεομάχοις
1153 1863 1249 1916 καὶ
1278 1865 1533 1936 αἰσχραῖς
1565 1870 1792 1936 φωναῖς,
1817 1871 1939 1932 ταῖς

2043 673 2186 718 ctam
2240 674 2295 720 et
2337 665 2674 734 indignatam
2729 681 2870 732 esse,
2908 666 3139 736 ideoque
3193 663 3358 718 etiam
3395 663 3622 718 invitam

2042 755 2380 826 delinquent’i
2427 757 2737 811 necessaria
2765 757 3166 827 suppeditasse,
3195 765 3250 810 et
3284 756 3624 820 inserviisse,

2046 849 2254 918 angelis
2281 864 2499 920 quoque
2545 850 2823 919 ingratum
2885 850 3152 904 adversus
3202 848 3464 904 beneﬁcia
3498 849 3622 904 ani-

2042 956 2191 995 mum
2211 941 2442 996 moleste
2465 941 2787 1008 ferentibus,
2815 949 3039 1010 totoque
3071 940 3276 994 mundo
3298 956 3394 1010 per
3420 940 3624 1011 ﬂagitia

2042 1045 2322 1103 corrupto.
2364 1053 2382 1086 ‹
2423 1035 2565 1090 Deus
2592 1035 2764 1100 enim,
2797 1034 2997 1104 inquit,
3029 1033 3166 1088 vidit
3189 1043 3385 1088 terram
3428 1049 3625 1089 corru-

2042 1136 2212 1196 ptam,
2245 1127 2390 1196 qttod
2420 1143 2552 1182 caro
2581 1128 2763 1184 omnis
2809 1129 2950 1182 viam
2982 1143 3137 1181 suam
3162 1137 3483 1197 corruperat
3504 1129 3578 1186 "._
3598 1145 3618 1181 ι

2043 1221 2160 1276 Non
2189 1231 2305 1276 erat
2334 1230 2586 1277 creatura
2614 1221 2833 1290 qualem
2871 1219 3016 1273 illam
3049 1219 3118 1272 ab
3151 1217 3308 1275 initio
3359 1219 3622 1276 condide-

2045 1321 2127 1367 rat
2157 1312 2320 1367 Deus.
2373 1313 2586 1368 Caelum
2640 1327 2750 1366 non
2775 1351 2791 1376 ,
2863 1320 2921 1364 ut
2951 1309 3104 1372 olim,
3147 1306 3269 1364 s'ine
3291 1309 3411 1365 labe
3441 1310 3624 1380 aliqua

2042 1404 2207 1460 astris
2239 1404 2476 1459 micabat
2505 1424 2517 1459 :
2547 1413 2690 1459 terra
2721 1419 2853 1469 non,
2889 1412 2948 1458 ut
2977 1402 3132 1466 olim,
3168 1400 3379 1458 fructus
3401 1402 3628 1457 inteme-

2043 1505 2193 1551 ratos
2243 1496 2553 1552 inferebat:
2618 1511 2726 1550 non
2758 1511 2931 1562 mare,
2987 1511 3095 1550 non
3124 1494 3271 1548 aliud
3299 1493 3622 1564 quidquam,

2043 1588 2187 1658 quod
2216 1588 2358 1642 inter
2385 1595 2668 1642 creaturas
2713 1586 3128 1642 numerabatur.
3191 1584 3451 1640 Percator
3479 1585 3624 1640 enim

2044 1681 2326 1751 ingressus
2376 1694 2496 1735 eam
2546 1679 2860 1749 polluebat,
2910 1686 2964 1734 et
3007 1677 3193 1733 omnia
3245 1678 3626 1748 blasphemiis,

2045 1773 2403 1843 turpibusque
2428 1781 2482 1827 ct
2514 1770 2626 1826 Deo
2660 1771 2910 1826 adversis
2936 1771 3184 1837 vocibus,
3219 1769 3464 1826 erdibus
3498 1771 3624 1824 item

2045 1874 2266 1929 terram,
2293 1863 2485 1933 piratis
2537 1872 2593 1918 et
2621 1861 2967 1932 praedonibus
2994 1878 3170 1926 mare,
3207 1861 3386 1916 fontes
3431 1873 3486 1917 et
3523 1862 3626 1918 flu-

355 1945 796 2020 μιαιφονίαιςτὴν
811 1949 914 2020 γῆν
929 1951 1044 2022 (87)
1065 1955 1173 2017 τοῖς
1194 1932 1484 2026 πειραταῖς
1496 1932 1588 2010 καί
1607 1957 1672 2028 λῃ
1680 1961 1828 2022 σταῖς
1839 1960 1939 2031 τὴν

2044 1951 2161 2007 vios
2209 1932 2559 2016 idololatriis,
2597 1951 2663 2006 ad
2724 1951 2994 2023 nymphas
3042 1961 3099 2006 et
3133 1953 3412 2008 daemonas
3443 1954 3626 2008 omnia

351 2034 664 2092 θάλασσαν’
686 2040 786 2105 τάς
821 2042 1004 2112 πηγὰς
1039 2046 1134 2098 καὶ
1175 2047 1462 2117 ποταμοὺς
1507 2052 1628 2113 ταῖς
1649 2050 1938 2104 εἰδωλολα-

351 2125 552 2196 τρίαις,
597 2130 860 2202 νύμφαις,
917 2135 1014 2188 καὶ
1073 2136 1324 2208 δαίμοσιν
1371 2140 1707 2206 ἁνὰπτοντες
1762 2142 1935 2197 αὐτά·

355 2224 505 2277 πᾶσα
564 2227 677 2289 τοῖς
729 2226 1042 2297 ἀνθρώποις
1075 2230 1107 2300 ή
1139 2231 1318 2295 κτίσις
1364 2235 1444 2297 εἰς
1475 2232 1632 2298 θεοὺς
1669 2235 1939 2290 ἀνεπλάτ-

351 2331 479 2369 τετο
505 2331 518 2344 ·
553 2317 706 2370 οὐδὲν
727 2318 783 2372 δὲ
815 2319 991 2373 κτίσιν
1035 2320 1178 2375 οὕτω
1232 2322 1435 2392 μιαίνει
1459 2324 1556 2379 καὶ
1603 2325 1935 2398 κιϐδηλεύει,

354 2406 429 2470 ὡς
451 2407 510 2461 τὸ
552 2407 917 2464 θεοποιεῖσθαι
970 2411 1163 2484 αὐτήν.
1213 2415 1478 2486 Εἰσῆλθεν
1516 2418 1545 2470 6
1599 2418 1792 2492 Σωτὴρ
1842 2421 1937 2473 τοῦ

354 2499 562 2570 κόσμου
589 2499 680 2554 διὰ
715 2502 916 2574 σαρκὸς
945 2504 1005 2557 ὲν
1036 2506 1198 2577 αὐτῇ,
1222 2507 1318 2561 καὶ
1343 2507 1550 2580 ταύτην
1577 2509 1687 2563 τῶν
1726 2511 1939 2582 μυρίων

353 2593 560 2648 τούτων
583 2594 905 2661 ἀπαλλάξας
932 2599 1259 2670 μιασμάτων
1289 2601 1656 2667 ἀνεκαίνισεν,
1678 2604 1812 2656 πολὺ
1837 2622 1939 2675 χα-

350 2684 682 2758 λεπωτέρων
726 2689 759 2758 ἢ
811 2694 1134 2763 σωματικῆς
1199 2692 1498 2765 διαφθορᾶς
1559 2694 1938 2768 ἐλευθερώσας

350 2778 522 2850 αὐτὴν
570 2781 870 2837 κακώσεων
925 2785 1019 2838 καὶ
1052 2785 1268 2855 παθῶν,
1319 2788 1660 2853 ἀνακαινίζει
1711 2791 1798 2845 διὰ
1840 2792 1940 2863 τῆς

351 2871 576 2944 πρώτης
598 2877 906 2946 παρουσίας
921 2877 1021 2949 τὴν
1056 2877 1232 2931 κτίσιν
1258 2894 1272 2910 ·
1309 2879 1398 2933 ἵνα
1431 2879 1610 2951 μάθῃς
1627 2923 1642 2947 ,
1666 2882 1748 2936 ὅτι
1773 2883 1939 2948 αὐτός

357 2966 507 3020 ἐστιν
533 2970 561 3021 6
599 2971 693 3023 καὶ
723 2971 818 3024 ἀπ’
865 2972 1044 3043 ἀρχῆς
1076 2973 1248 3044 αὐτὴν
1265 2974 1681 3048 δημιουργήσας
1707 2995 1722 3009 ο
1746 2977 1805 3030 οὐ
1828 2977 1940 3050 γὰρ

351 3059 512 3114 ἄλλου
551 3061 650 3131 μὲν
677 3061 905 3126 κτίζειν,
947 3062 1110 3116 ἄλλου
1141 3063 1198 3116 δὲ
1231 3064 1625 3136 διαφθαρεῖσαν
1648 3067 1936 3122 ἀνακαινί-

357 3151 502 3214 ζεινο
532 3151 668 3206 ἀλλὰ
697 3153 794 3223 τῆς
843 3153 1016 3223 αὐτῆς
1052 3154 1313 3225 ἑκάτερον
1357 3157 1553 3226 σοφίας
1589 3159 1684 3212 καὶ
1722 3159 1937 3231 τέχνης,

2041 2042 2352 2108 referendo,
2383 2043 2661 2098 turbabat.
2697 2043 2834 2098 Tota
2865 2052 3139 2109 creatura,
3208 2043 3277 2099 ab
3309 2045 3628 2102 hominibus

2043 2134 2097 2187 in
2163 2133 2414 2188 deastros
2440 2132 2883 2188 convertebatur.
2938 2131 3084 2187 Nihil
3131 2149 3260 2188 vero
3306 2142 3426 2199 est,
3482 2135 3628 2203 quod

2040 2234 2347 2281 creaturam
2374 2226 2513 2282 adeo
2540 2226 2746 2297 polluat
2792 2236 2846 2280 et
2871 2225 3162 2290 adulteret,
3215 2243 3378 2295 quam
3430 2228 3477 2283 si
3528 2226 3625 2283 Dei

2041 2322 2162 2374 loco
2186 2319 2470 2374 habeatur.
2500 2317 2763 2374 Senator
2790 2321 2940 2375 orbis
2965 2337 3063 2391 per
3091 2337 3308 2376 carnem
3344 2323 3626 2391 ingressus

2040 2426 2162 2465 eam
2191 2411 2551 2480 (creaturam)
2597 2420 2706 2475 est,
2759 2426 3012 2482 eamque,
3065 2413 3275 2466 infinita
3329 2413 3452 2469 labe
3503 2430 3625 2480 sua,

2040 2517 2162 2572 qua:
2199 2501 2348 2556 omni
2381 2501 2732 2571 corruptione
2764 2517 3026 2572 corporea
3061 2503 3281 2571 gravior
3308 2511 3413 2569 est,
3481 2504 3622 2558 libe—

2041 2603 2216 2648 ratam
2245 2593 2548 2660 renovavit,
2579 2594 2875 2662 multisque
2904 2595 3310 2649 calamitatibus
3359 2604 3414 2650 et
3471 2596 3630 2652 malis

2040 2693 2280 2756 ereptam
2317 2700 2412 2754 per
2447 2683 2684 2754 primum
2712 2701 2874 2740 suum
2905 2685 3196 2741 adventum
3241 2687 3515 2754 restituit;
3569 2699 3632 2744 ut

2043 2778 2169 2832 inde
2203 2777 2493 2846 intelligas,
2529 2777 2708 2847 ipsum
2741 2778 2890 2832 illum
2922 2794 3066 2844 esse,
3102 2779 3192 2849 qui
3225 2795 3344 2834 eam
3379 2781 3448 2836 ab
3469 2782 3626 2838 initio

2043 2870 2308 2926 condidit.
2338 2867 2528 2940 Neque
2558 2869 2705 2923 enim
2739 2867 2967 2924 alterius
2996 2877 3081 2923 est
3113 2870 3371 2934 condere,
3404 2869 3630 2924 alterius

2044 2982 2173 3021 vero
2195 2975 2512 3034 corruptam
2543 2978 2810 3018 renovare
2843 2979 2857 3016 :
2923 2963 3016 3018 sed
3053 2972 3350 3033 utrumque
3382 2962 3628 3032 ejusdem

2042 3067 2127 3114 est
2161 3057 2442 3128 sapientiae
2472 3065 2525 3112 et
2555 3055 2714 3120 artis,
2775 3054 2940 3110 utsic
2979 3063 3231 3110 creatura
3267 3069 3361 3124 per
3389 3053 3629 3123 priorem

2043 3152 2338 3206 adventum
2369 3155 2680 3214 renovetur,
2715 3162 2816 3202 nec
2847 3146 2992 3203 ullus
3038 3145 3407 3202 incredulitati
3463 3145 3622 3200 locus

352 3245 726 3312 ἀνακαινίζειν
755 3247 853 3319 τὴν
878 3248 1056 3302 κτίσιν
1085 3249 1226 3303 κατά
1244 3251 1342 3319 τὴν
1369 3249 1592 3322 πρώτην
1615 3252 1936 3322 ἐπιδημίαν,

2045 3243 2409 3313 relinquatur,
2447 3240 2606 3310 quasi
2633 3237 2822 3294 eadem
2861 3239 2914 3292 in
2950 3236 3197 3293 secundo
3243 3237 3481 3292 adventu
3522 3251 3628 3290 non

349 3337 440 3393 ἶνα
466 3338 706 3411 μηδεμία
731 3340 987 3412 σοι’χώρα
1013 3341 1353 3413 καταλειφθῇ
1381 3342 1642 3407 ἀπιστίας
1663 3385 1677 3410 ,
1696 3343 1772 3408 ώς
1794 3346 1937 3399 κατά

349 3433 448 3504 τὴν
477 3432 742 3504 δευτέραν
791 3435 1097 3506 παρουσίαν
1137 3436 1198 3489 οὐ
1247 3435 1695 3507 καινισθήσεται,
1723 3437 1819 3492 καὶ
1872 3439 1937 3493 σὺ

355 3525 462 3596 πρὸ
493 3526 669 3597 αὐτῆς
704 3527 784 3592 είς
810 3527 1144 3599 ἀφθαρσίαν,
1182 3530 1263 3593 είς
1294 3529 1598 3594 ἀπάθειαν,
1631 3531 1710 3596 εἱς
1731 3531 1938 3602 ἄφατον

348 3617 640 3690 καλλονήν.
675 3619 739 3673 Εἰ
767 3620 876 3691 γὰρ
901 3621 990 3674 ὅτε
1034 3617 1103 3692 ἦν
1135 3619 1279 3675 ἑκὼν
1329 3624 1386 3675 ἐν
1432 3621 1689 3694 ἀσθενείᾳ
1712 3623 1937 3692 σαρκὸς,

354 3710 413 3762 ὲν
449 3710 692 3780 ἱδρῶσιν,
725 3712 782 3764 ὲν
815 3711 1048 3766 πάθεσιν
1080 3713 1192 3784 (88)
1221 3717 1249 3768 6
1275 3714 1542 3786 Χριστὸς,
1570 3715 1598 3769 ὅ
1636 3732 1695 3769 τε
1741 3717 1943 3782 πλάνος

355 3801 450 3853 καὶ
476 3801 827 3872 Σαμαρείτης
868 3804 1308 3872 ἐσυκοφαντεῖτο,
1339 3805 1436 3877 τὴν
1459 3807 1636 3860 κτίσιν
1665 3808 1943 3880 ὲκάθαρεν

350 3891 459 3947 τῶν
485 3891 754 3946 τοσούτων
786 3895 881 3946 καὶ
907 3895 1242 3965 τηλικούτων
1291 3897 1384 3951 καὶ
1423 3899 1943 3970 πολυχρονιωτάτων

357 3982 548 4036 παθῶν
563 3986 657 4038 καὶ
682 3986 1027 4055 μιασμάτων’
1051 3987 1129 4040 ὅτ’
1146 3986 1212 4041 ἂν
1228 3987 1302 4052 ώς
1321 3991 1512 4060 κριτὴς
1531 3990 1751 4056 ζώντων
1767 4011 1943 4064 παρα-

351 4075 576 4147 γένηται
603 4077 700 4130 καὶ
732 4078 942 4149 νεκρῶν
968 4118 983 4145 ,
1016 4079 1144 4134 ὅταν
1192 4081 1449 4151 μυριάσιν
1495 4083 1744 4152 ἀγγέλων
1773 4086 1934 4160 δορυ-

355 4169 692 4238 φορούμενος
734 4170 1031 4241 τάγμασιν,
1078 4172 1207 4226 ὄταν
1255 4173 1474 4227 πάντων
1520 4174 1801 4240 δεσπόζων
1847 4179 1944 4233 καὶ

355 4259 580 4330 Κύριος,
609 4261 738 4315 ὅταν
782 4263 960 4320 πάντα
997 4264 1200 4336 φρίσσῃ
1252 4265 1346 4318 καὶ
1381 4267 1560 4339 τρέμῃ
1598 4267 1732 4340 (89),
1763 4271 1882 4336 πῶς
1910 4274 1944 4343 ἡ

355 4351 423 4404 ὲκ
456 4349 662 4423 φθορᾶς
705 4354 786 4416 είς
831 4354 1141 4428 ἀφθαρσίαν
1206 4357 1480 4430 μεταϐολὴ
1528 4361 1590 4413 οὐ
1640 4361 1701 4414 τὸ
1747 4365 1944 4435 ῥᾷστον

355 4441 556 4512 ἔχουσα
581 4443 916 4516 καθορᾶται;
955 4447 1066 4502 Καὶ
1112 4446 1174 4500 τδ
1203 4449 1520 4514 ἀκόλουθον,
1564 4453 1659 4505 καὶ
1714 4454 1944 4526 θεοπρε-

358 4535 481 4601 πὲς,
515 4537 599 4590 ὅτι
630 4537 995 4610 παραγίνεται
1014 4541 1042 4592 6
1073 4539 1286 4612 Σωτὴρ,
1321 4545 1814 4616 προκηρυττόντων
1836 4547 1945 4602 τῶν

2043 3333 2116 3388 sit
2151 3330 2484 3396 renovanda,
2519 3340 2573 3386 et
2601 3337 2660 3385 tu
2703 3329 2819 3400 ipse
2846 3337 2972 3384 ante
3021 3329 3169 3383 illam
3203 3328 3258 3382 in
3293 3327 3627 3396 incorrupti-

2041 3425 2327 3489 bilitatem,
2359 3420 2713 3476 indolentiam
2737 3430 2789 3474 et
2822 3418 3280 3489 pulchritudinem
3314 3431 3421 3471 non
3452 3426 3630 3472 trans-

2042 3517 2175 3572 ferri
2235 3515 2455 3571 debeas.
2509 3515 2666 3582 Quod
2694 3513 2741 3570 si
2786 3514 2929 3568 enim
2955 3511 3229 3576 Christus,
3261 3509 3389 3565 dum
3421 3509 3473 3564 in
3513 3524 3633 3564 car-

2044 3607 2845 3674 nisinﬂrmitate,sudoribus,
2887 3614 2940 3661 et
2997 3604 3136 3659 varii
3191 3604 3410 3675 generis
3472 3603 3631 3656 malis

2045 3711 2238 3776 sponte
2264 3701 2614 3766 versabalur,
2651 3701 2780 3756 dum
2829 3699 3086 3754 seductor
3138 3706 3192 3752 et
3223 3695 3497 3753 Samarita
3539 3711 3634 3764 per

2046 3795 2380 3852 calumniam
2446 3793 2772 3857 vocabatur,
2806 3799 3116 3846 creaturam
3160 3805 3190 3843 a
3225 3798 3303 3844 tot
3355 3788 3634 3857 tantisque

2047 3897 2270 3962 tamque
2303 3886 2583 3942 diuturnis
2611 3885 2772 3940 malis
2823 3895 2877 3940 et
2907 3883 3316 3953 impuritatibus
3352 3882 3632 3945 liberavit;

2046 3994 2266 4046 nonne,
2322 3978 2416 4034 ubi
2451 3979 2594 4034 idem
2636 3989 2696 4033 ut
2722 3978 2886 4047 judex
2919 3977 3165 4031 vivorum
3195 3985 3247 4030 et
3265 3984 3633 4038 mortuorum,

2049 4073 2143 4129 ubi
2168 4071 2476 4128 innumeris
2513 4070 2834 4141 angelorum
2888 4070 3174 4124 ordinibus
3235 4071 3490 4139 stipatus,
3543 4067 3635 4122 ubi

2048 4173 2108 4220 ut
2154 4165 2452 4236 imperator
2500 4172 2555 4219 et
2602 4162 2869 4219 Dominus
2911 4163 3159 4217 omnium
3194 4161 3494 4224 advenerit,
3542 4160 3634 4213 ubi

2048 4259 2236 4314 omnia
2276 4257 2380 4313 sibi
2409 4257 2678 4312 timebunt
2704 4265 2758 4312 et
2793 4264 3053 4320 trement,
3087 4253 3373 4309 translatio
3403 4269 3471 4310 ex
3507 4267 3634 4306 cor-

2047 4353 2300 4424 ruptione
2361 4353 2414 4408 in
2467 4349 3058 4420 incorruptibilitatcm,
3120 4355 3180 4402 ut
3243 4363 3331 4403 res
3387 4344 3632 4401 omnium

2048 4445 2327 4512 facillima,
2382 4442 2716 4514 apparebit?
2763 4441 3025 4507 Accedit,
3078 4441 3226 4512 quod
3280 4441 3409 4495 hinc
3437 4453 3635 4494 conse—

2049 4537 2256 4608 quitur,
2321 4535 2546 4606 Deoque
2589 4534 2840 4604 inprimis
2889 4533 3114 4604 dignum
3155 4540 3258 4598 est,
3313 4532 3458 4603 quod
3504 4545 3634 4601 pro-

359 4629 677 4700 προφητῶν,
708 4631 797 4685 ἵνα
834 4633 995 4703 μήτις
1025 4634 1244 4708 νομίσῃ,
1269 4636 1352 4690 ὅτι
1377 4638 1499 4691 καθ’
1525 4637 1586 4690 ὃν
1616 4639 1815 4710 τρόπον
1847 4641 1939 4698 ἇν-

2047 4632 2224 4703 phetae
2276 4632 2430 4687 illaut
2479 4630 2788 4686 Servatoris
2841 4630 3134 4685 adventum
3169 4627 3633 4699 praenuntiarunt,

355 4721 576 4790 θρωπος
627 4723 725 4794 τῆς
752 4724 1022 4797 προτέρας
1046 4726 1365 4798 διαμαρτὼν
1400 4731 1661 4804 ἐπιϐολῆς
1693 4735 1788 4787 καὶ
1811 4733 1940 4804 βοη-

357 4813 508 4878 θείας
557 4817 650 4869 ἐπὶ⁵
688 4816 948 4889 δευτέραν
994 4819 1235 4891 ἔρχεται,
1270 4821 1414 4876 οὕτω
1452 4825 1545 4879 καὶ⁴
1580 4827 1608 4878 6
1633 4826 1791 4890 Θεός.
1828 4827 1942 4881 Ἵνα

353 4903 448 4961 οὖν
505 4909 578 4980 μή
639 4926 723 4974 τις
768 4911 1045 4987 ὑπονοήσῃ
1087 4914 1266 4981 τοῦτο,
1307 4917 1515 4973 ἄνωθεν
1556 4919 1852 4991 προέλεγον
1891 4924 1940 4976 οἱ

355 5001 636 5074 προφῆται
683 5003 784 5074 τὴν
834 5008 1142 5077 παρουσίαν
1199 5009 1364 5063 αὐτοῦ
1390 5025 1404 5040 '
1434 5011 1522 5065 ἵνα
1559 5011 1828 5080 δείξωσιν,
1858 5015 1940 5067 ὅτι

354 5093 492 5156 Θεὸς
543 5095 603 5147 οὐ
647 5096 1020 5167 σκεπτόμενος
1073 5099 1317 5170 εὑρίσκει
1366 5103 1428 5155 τὺ
1471 5103 1792 5176 συμφέρον,
1824 5103 1939 5158 ἀλλ’

356 5185 452 5238 ἀπ’
479 5186 655 5258 ἀρχῆς
691 5189 912 5262 προῖδεν
950 5191 1190 5247 ἄπαντα.
1225 5195 1420 5264 Ἡμεῖς
1466 5195 1566 5266 μὲν
1607 5196 1716 5266 γὰρ
1755 5199 1804 5250 οἱ
1845 5197 1940 5249 άν-

355 5273 567 5345 θρωποι
605 5280 976 5350 σκεπτόμεθα,
1016 5283 1132 5348 καὶ,
1161 5283 1256 5338 ἐὰν
1288 5285 1653 5357 ἀποτύχωμεν
1670 5285 1769 5357 τῆς
1791 5288 1941 5359 πρώ-

355 5381 456 5435 της
485 5365 702 5438 πείρας,
746 5369 831 5440 ἐφ’
863 5371 1058 5443 ἑτέραν
1090 5374 1492 5446 μεταϐαίνομεν
1514 5394 1525 5406 ⁸
1556 5377 1584 5428 ὁ
1604 5376 1660 5429 δὲ
1687 5377 1818 5441 Θεὸς
1838 5379 1936 5449 οὐχ

431 5549 473 5582 ⁸⁸
506 5548 642 5606 Gen.
678 5567 751 5617 vr,
786 5551 869 5606 l2.

2051 4741 2121 4781 ne
2152 4725 2279 4795 quis
2337 4723 2550 4779 scilicet
2589 4723 2887 4790 existimet,
2946 4723 3117 4793 quod,
3171 4720 3634 4792 quemadmodutn

2053 4817 2324 4881 homines,
2352 4815 2510 4882 alias,
2548 4813 2744 4885 primis
2776 4815 2929 4869 ausis
2958 4823 3013 4868 et
3038 4814 3332 4868 conatibus
3364 4813 3634 4878 frustrati,

2049 4912 2155 4967 alia
2184 4913 2268 4966 via
2298 4926 2413 4965 rem
2439 4908 2832 4981 aggrediuntur
2857 4925 2872 4973 ;
2909 4908 2983 4962 ita
3007 4921 3229 4977 quoque
3263 4906 3410 4961 Deus
3439 4905 3630 4976 egerit.

2048 5003 2126 5061 Ne
2155 5005 2321 5076 quis,
2379 5004 2624 5074 inquam,
2677 5002 2751 5057 ita
2799 5000 3131 5070 suspicetur,
3187 4999 3464 5068 prophetae
3521 4997 3634 5068 jam

2049 5097 2180 5153 olim
2231 5098 2525 5151 adventum
2567 5093 2688 5164 ejus
2741 5089 3202 5164 prmnuntiarunt,
3235 5088 3404 5143 utsic
3444 5097 3633 5142 osten-

2046 5191 2254 5254 derent,
2293 5189 2462 5245 Deum
2519 5203 2626 5243 non
2659 5201 2756 5258 per
2795 5183 3212 5241 meditationem
3248 5179 3545 5251 quamdam
3579 5189 3634 5234 et

2044 5283 2591 5354 circumspectioncnt
2619 5281 2695 5346 id,
2723 5277 2867 5350 quod
2898 5274 3161 5346 prodesse
3191 5273 3387 5345 possit,
3415 5269 3635 5326 tandem

2043 5378 2335 5440 detexisse,
2385 5375 2480 5431 sed
2507 5373 2576 5430 ab
2610 5373 2766 5428 initio
2801 5371 2982 5442 potius
3021 5367 3208 5424 omnia
3259 5363 3628 5438 perspexisse.

1874 5709 2106 5768 ΝΟΤίΕ.

425 5868 544 5944 (87)
575 5869 673 5944 τὴν
702 5869 812 5944 χῆν⁸
839 5867 1041 5944 addidi.
1084 5886 1248 5944 sensu
1297 5871 1366 5925 ita
1392 5873 1722 5944 postulante.

430 5941 543 6012 {8a)
581 5940 670 5998 Sic
698 5940 852 5997 Coll).
882 5955 980 6012 pro
1013 5940 1336 6011 ἐμπαθέσιν.

2120 5876 2229 5945 (89)
2259 5875 2348 5928 καὶ
2377 5874 2569 5946 τρέμη,
2601 5874 2768 5932 debeo
2789 5873 3127 5932 Colbet'tino.
