4110 6502
436 429 540 494 847

1606 437 1870 499 ΡΗΟΤῘῙ
1909 439 2415 499 ΡΑΤΒΙΑΡιΕΗᾹί
2447 439 2555 499 CP.

3611 432 3720 498 848

439 550 584 607 Deus
616 560 792 607 autem
835 568 944 606 non
981 554 1052 607 ita
1091 554 1222 624 agit.
1280 554 1435 609 Dedit
1484 554 1574 609 ille
1635 556 1792 625 prius
1827 555 2024 625 legem,

2147 555 2303 619 ιῦτως
2329 572 2343 585 ο
2379 555 2492 609 ἀλλ’
2519 555 2686 607 ἔδωκε
2718 554 2902 624 νόμον,
2922 554 3238 623 προφήτας,
3267 552 3362 605 καὶ
3389 552 3527 623 μετά
3548 553 3723 607 ταῦτα

435 641 549 697 Nos
588 644 733 697 enim
772 643 1027 700 homines
1077 646 1560 718 circumspicimus
1589 649 1797 710 omnia,
1849 658 1903 703 et
1936 650 2025 702 ubi

439 738 618 806 primo
668 736 1061 803 exciderimus,
1122 753 1322 792 novum
1380 737 1611 796 facimus
1670 740 2025 810 periculum:

440 829 735 900 prephetas
760 836 815 883 et
845 839 1033 899 postea
1066 829 1443 900 Evangelium,
1480 848 1588 888 non
1621 848 1747 888 cum
1783 842 2030 902 tempore

440 920 667 973 meliora
697 920 1033 990 postliminio
1072 921 1325 985 edoctus,
1393 922 1488 977 sed
1522 924 1593 977 ab
1628 923 1787 978 initio
1823 923 2029 979 intelli-

440 1027 596 1082 gens.
627 1022 959 1080 creaturam,
989 1023 1043 1069 et
1091 1014 1378 1084 speciatim
1424 1014 1727 1080 hominem,
1784 1031 1891 1070 non
1923 1016 2031 1071 alia

442 1105 657 1161 ratione
686 1107 771 1160 vel
815 1106 1000 1172 condi,
1054 1108 1138 1160 vel
1173 1107 1320 1172 duci,
1368 1115 1460 1162 aut
1494 1108 2032 1177 incorruptibilitatis

443 1198 648 1253 donum
682 1199 922 1270 recipere
959 1215 1140 1270 posse,
1192 1200 1294 1253 nisi
1348 1200 1464 1264 illa,
1514 1216 1678 1271 quam
1741 1201 2033 1259 incﬂ‘abilis

444 1292 564 1360 ejus
596 1291 943 1361 providentia
988 1302 1042 1347 et
1108 1292 1482 1347 benevolentia
1539 1293 1831 1363 disposuit.
1865 1294 2035 1351 Aiunt

445 1386 663 1455 quidem
696 1385 945 1439 nonnulli
984 1404 997 1440 :
1058 1385 1113 1439 Si
1169 1384 1313 1441 Deus
1356 1385 1624 1441 Adamurn
1678 1397 2031 1458 peccaturum

447 1491 568 1532 esse
608 1477 872 1546 praevidit,
928 1492 1099 1548 quare
1120 1493 1245 1534 eum
1277 1478 1558 1533 condidit?
1591 1478 1660 1532 At
1688 1480 1873 1535 multa:
1906 1488 2036 1535 sunt

446 1568 802 1637 etpraeclarte
856 1570 979 1634 via),
1036 1570 1238 1640 quibus
1286 1570 1562 1639 obiectum
1610 1574 1716 1629 hoc
1762 1572 2031 1627 diluatur.

446 1656 522 1714 Ita
580 1658 821 1717 Joannes
880 1661 1358 1734 Cltrysostomus,
1418 1664 1708 1720 divinioris
1766 1666 2035 1721 doctrinas

445 1752 830 1824 gnarissimus,
854 1754 929 1809 ait
955 1775 969 1809 :
1008 1775 1025 1806 ι
1061 1754 1178 1810 Νοη
1212 1756 1315 1812 hoc
1342 1758 1518 1813 solum
1546 1758 1691 1826 dico,
1723 1761 1864 1828 quod
1895 1776 2035 1831 prae-

445 1844 645 1899 viderit
700 1846 1103 1918 (lapsum),sed
1151 1850 1299 1919 quod
1354 1850 1520 1905 etiam
1582 1852 1915 1921 praeviderit,
1976 1868 2037 1909 se

2129 649 2190 700 τὸ
2220 648 2573 716 Εὐαγγὲλιον,
2601 648 2661 700 οὐ
2686 649 2864 717 χρόνῳ
2908 647 2968 699 τὸ
3029 647 3310 717 συμφέρον
3365 647 3718 717 μεταμαθὼν,

2131 741 2226 795 ἀπ’
2252 740 2428 811 ἀρχῆς
2480 740 2536 793 δὲ
2580 739 2755 804 εἰδὼς,
2801 740 2877 803 ὡς
2924 739 3024 809 οὐχ
3069 733 3180 792 οἶόν
3212 755 3273 791 τε
3308 738 3485 801 ἄλλως
3524 733 3593 809 ἦν
3625 738 3723 810 τὴν

2133 832 2330 895 κτίσιν,
2364 831 2458 883 καὶ
2504 830 2598 883 τὸν
2638 832 2694 883 ἐν
2740 830 2875 900 αύτῇ
2924 829 3215 900 ἄνθρωπον
3266 826 3391 883 οὔτε
3442 828 3719 897 γενέσθαι,

2132 922 2253 976 οὔτε
2275 921 2784 993 παιδαγωγηθῆναι,
2803 920 2929 974 οὔτε
2959 921 3019 979 τὸ
3049 924 3148 992 τῆς
3170 921 3483 993 ἀφθαρσίας
3503 921 3724 991 ἀξίωμα

2132 1011 2422 1068 ἀναλαϐεῖν
2443 1029 2456 1042 ’
2484 1013 2532 1064 εἱ
2569 1010 2644 1082 μὴ
2671 1011 2795 1064 καθ’
2820 1011 2879 1065 δν
2932 1011 3133 1080 τρόπον
3158 1012 3190 1081 ή
3227 1010 3437 1078 ἀφατος
3492 1009 3723 1079 πρόνοια

2133 1105 2228 1159 καὶ
2256 1104 2635 1174 φιλανθρωπία
2663 1102 3198 1175 ιξ›κονόμησεν.”οτι,
3236 1102 3422 1171 φασὶν,
3458 1104 3507 1155 εί
3529 1105 3720 1173 προεῖ-

2132 1196 2221 1249 δεν
2261 1196 2607 1267 ἀμαρτήσειν
2666 1194 2759 1247 τὸν
2795 1193 2969 1263 Ἀδὰμ
3006 1195 3035 1246 6
3071 1192 3226 1256 Θεὸς,
3255 1192 3307 1245 τί
3336 1193 3433 1246 καὶ¹
3470 1194 3724 1264 προήγα-

2135 1304 2231 1357 γεν
2261 1288 2461 1353 aii-cev;
2498 1287 2605 1339 Καὶ
2649 1283 2844 1338 πολλαὶ
2872 1284 2973 1354 μέν
3009 1285 3114 1338 εἰσι
3140 1284 3238 1337 καὶ
3262 1284 3538 1351 πάγκαλοι
3567 1282 3723 1335 τοῦδε

2133 1380 2230 1434 τοῦ
2263 1380 2618 1451 ἀπορήματος
2680 1376 2977 1440 ὲπιλύσεις.
3009 1376 3171 1445 Λέγει
3216 1375 3259 1428 δ’
3287 1371 3379 1430 οὖν
3425 1377 3519 1429 καὶ
3545 1376 3574 1428 ό
3606 1376 3725 1429 θεό-

2139 1487 2301 1541 σοφος
2352 1471 2607 1539 Ἰωάννης
2652 1471 2680 1523 6
2729 1468 3149 1538 Χρυσόστομος,
3196 1468 3280 1520 δτι
3335 1485 3355 1518 ι
3425 1467 3501 1520 Οὐ
3562 1466 3725 1521 τοῦτο

2141 1564 2301 1635 μόνον
2335 1561 2499 1632 φημὶ,
2525 1563 2607 1614 ὅτι
2634 1560 2882 1633 προῄδει,
2914 1559 3028 1614 ἀλλ’
3060 1560 3144 1613 ὅτι
3184 1559 3279 1612 καὶ
3322 1559 3558 1613 πεσόντα
3591 1560 3726 1612 ἀνα·

2140 1653 2331 1722 στήσει
2362 1651 2526 1706 αὐτὸν
2555 1651 2642 1704 διά
2672 1652 2772 1720 τῆς
2807 1650 3122 1721 οἰκονομίας
3141 1667 3155 1681 ·
3185 1669 3204 1701 ι
3249 1651 3344 1702 καὶ
3401 1651 3461 1702 οὐ
3509 1649 3727 1719 πρῶτον

2140 1741 2279 1798 εἶδεν
2309 1745 2407 1815 τὴν
2433 1744 2665 1808 πτῶσιν,
2706 1745 2754 1798 εί
2780 1744 2855 1815 μὴ
2893 1742 3301 1815 προεπενόησεν
3349 1741 3448 1810 τὴν
3486 1742 3727 1794 ἀνάστα-

2143 1854 2227 1891 σιν
2252 1855 2265 1867 ·
2297 1837 2438 1908 ⁴ᾔδει,
2501 1837 2582 1890 ὅτι
2632 1839 2902 1901 πεσεῖται,
2939 1836 3073 1889 ἀλλὰ
3094 1834 3437 1905 προαπέθετο
3466 1834 3565 1905 τῆς
3598 1834 3731 1887 ἀνα-

446 1938 659 2020 Iapsum
695 1954 791 2009 per
816 1940 1179 1995 oeconomiam
1211 1942 1509 1998 salutarem
1542 1944 1740 2000 iterum
1770 1946 2040 2000 excitatu-

2147 1929 2389 1992 στάσεως
2415 1928 2729 2001 φάρμακον,
2764 1927 2854 1981 καὶ
2889 1927 3271 1998 συνεχώρησεν
3300 1927 3380 1988 είς
3407 1927 3604 1996 πεῖραν
3642 1924 3728 1977 ἐλ-

448 2042 594 2079 rum.
636 2045 655 2077 ›
708 2026 897 2098 Itaque
924 2045 1032 2083 non
1084 2030 1239 2100 prius
1289 2032 1422 2086 vidit
1466 2031 1704 2102 lapsum,
1757 2049 1921 2105 qnam
1973 2034 2041 2090 de

449 2115 787 2170 excitatione
842 2118 1122 2189 cogitavit.
1152 2117 1389 2176 Noverat
1433 2137 1558 2177 eum
1613 2122 1923 2193 lapsorum,
1982 2134 2041 2179 at

447 2206 797 2261 excitationis
826 2208 1129 2263 remedium
1160 2210 1271 2277 jam
1299 2220 1425 2266 ante
1455 2212 1797 2269 instruxerat
1825 2214 2041 2270 :homi—

448 2310 573 2349 nem
604 2296 946 2366 experiundo
995 2299 1209 2355 discere
1238 2309 1473 2356 mortem
1503 2316 1698 2372 passus
1741 2311 1844 2366 est,
1875 2312 1934 2358 ut
1954 2304 2039 2358 in-

452 2386 744 2457 telligeret,
776 2388 926 2455 hinc,
967 2390 1094 2461 quid
1126 2408 1228 2448 suo
1263 2393 1368 2448 sibi
1401 2394 1674 2464 jumento,
1728 2396 1876 2463 hine,
1910 2398 2042 2468 quid

451 2493 550 2551 per
566 2478 881 2537 Conditoris
906 2484 1135 2553 gratiam
1169 2485 1272 2541 sibi
1293 2486 1364 2541 sit
1384 2488 1778 2545 accersiturus.
1806 2489 2043 2546 Noverat

451 2570 721 2625 Adamum
771 2583 1148 2643 peccaturum,
1211 2585 1267 2631 at
1322 2578 1657 2647 praevidebat
1707 2594 1946 2650 quoque,
1977 2596 2042 2635 ex

450 2663 643 2719 eodem
684 2665 998 2735 prodituros
1020 2681 1143 2722 esse
1164 2667 1413 2729 Abelem.
1434 2668 1700 2734 Enosnm,
1733 2670 2042 2734 Enocltum.

450 2753 649 2821 Noam,
703 2755 901 2825 Eliam,
953 2760 1269 2830 prophetas,
1338 2763 1619 2832 apostolos
1670 2764 2042 2829 admirandos,

453 2846 639 2900 nobile
671 2847 801 2901 illud
834 2863 1027 2919 genus,
1086 2865 1189 2905 nec
1220 2852 1405 2907 minus
1438 2864 1743 2926 martyrum
1782 2856 1977 2924 nubes,
2014 2873 2045 2912 a

453 2935 568 2992 Deo
602 2940 894 3004 excitatas,
928 2950 984 2996 et
1030 2944 1287 3013 pietatem
1347 2946 1637 3003 stillantes.
1692 2947 1819 3005 Haec
1848 2950 2047 3021 pravi-

453 3030 618 3091 debat
647 3031 881 3092 Numen.
907 3033 1278 3093 Pulchrumne
1304 3039 1829 3111 itaque,justumne,
1871 3043 2049 3100 Deove

453 3119 681 3189 dignum
715 3120 932 3188 fuisset,
970 3124 1115 3189 ideo,
1169 3127 1315 3194 quod
1347 3144 1492 3183 unus
1523 3129 1687 3185 homo
1721 3140 2048 3201 peccaturus

452 3222 592 3277 erat,
624 3229 747 3267 eum
780 3229 844 3268 cx
899 3216 1070 3271 nihilo
1128 3233 1235 3272 non
1269 3218 1529 3286 condere,
1575 3229 1629 3276 et
1662 3223 1851 3277 eadem
1882 3241 2047 3295 opera

455 3314 734 3361 tantorum
787 3310 1071 3378 virorum,
1146 3326 1381 3381 quorum
1432 3329 1534 3369 nec
1565 3330 1674 3371 uno
1723 3316 1919 3387 dignus
1965 3325 2048 3373 est

454 3396 630 3460 orbis,
667 3407 996 3467 proventum
1033 3399 1349 3470 prohibere,
1389 3411 1499 3456 tam
1531 3401 1711 3458 laetam
1734 3404 2049 3474 pulchram-

456 3505 567 3559 que
597 3491 823 3545 humani
860 3493 1079 3560 generis
1124 3502 1424 3549 sementem
1473 3495 1742 3551 radicitus
1789 3497 2044 3560 evellere,

456 3579 645 3650 illique
672 3582 951 3637 excidium
1001 3592 1055 3639 et
1106 3584 1243 3639 iram
1272 3586 1587 3652 immittere,
1620 3588 1783 3657 idque
1810 3603 1875 3644 eo
1907 3596 2039 3642 tem-

459 3687 611 3736 pore,
647 3690 758 3744 quo
794 3675 984 3742 homo,
1038 3678 1131 3747 qui
1179 3687 1369 3748 postea
1428 3689 1654 3749 peccato
1709 3680 2047 3752 indulgebat,

459 3776 561 3814 nrc
594 3770 934 3830 peccaverat,
988 3779 1164 3834 neque
1215 3766 1282 3821 de
1338 3768 1611 3837 patrando
1642 3777 1890 3838 peccato,
1922 3785 2049 3824 cum

458 3854 702 3908 nondum
736 3855 1045 3921 exsisteret,
1075 3859 1455 3929 cogitaverat?
1487 3860 1543 3915 Si
1570 3862 1715 3915 enim
1743 3862 2049 3941 sapientum

460 3953 561 4010 est,
597 3946 665 4001 ab
699 3961 786 4013 eo,
813 3949 907 4019 qui
944 3964 1171 4020 peccare
1203 3950 1425 4019 quidem
1463 3962 1695 4008 conatus
1734 3964 1835 4017 est,
1877 3968 2055 4024 neque

468 4048 651 4095 tamen
680 4056 808 4095 vere
858 4045 1125 4112 peccavit,
1162 4046 1372 4114 peccati
1402 4061 1593 4116 pmnas
1622 4062 1731 4102 non
1765 4056 2051 4118 repetere;

460 4133 737 4200 quomodo
764 4133 935 4188 Deum
968 4134 1232 4201 decuerit,
1254 4150 1401 4203 eum,
1426 4137 1519 4207 qui
1547 4152 1647 4191 nec
1677 4152 1903 4207 peccare
1927 4150 2057 4195 tunc

466 4225 803 4290 instituerat,
857 4228 1199 4296 peccantium
1249 4228 1429 4298 poenis
1460 4227 1775 4297 subjicere?
1804 4229 2057 4298 Inprimis

460 4334 609 4381 cum,
649 4322 903 4390 quamvis
938 4332 1223 4391 peceatum
1256 4321 1394 4375 adeo
1444 4338 1609 4391 grave
1642 4330 1822 4389 esset,
1855 4320 2059 4393 (nonne

462 4410 609 4471 enim
642 4427 805 4481 grave
838 4421 959 4467 erat
992 4422 1324 4483 prarceptum
1365 4414 1584 4469 Domini
1616 4415 1883 4483 violare?)
1916 4416 2057 4468 idem

462 4508 646 4557 tamen
676 4502 1005 4557 medicinam
1034 4518 1101 4575 ex
1136 4503 1753 4573 ineﬂabiliConditoris,
1780 4505 2057 4560 hominem

2144 2022 2257 2076 θεῖν
2303 2022 2532 2076 θανάτου
2582 2021 2673 2075 τὸν
2726 2020 3034 2092 ἄνθρωπον.
3073 2020 3191 2072 Ἵνα
3240 2018 3408 2089 μάθῃ,
3453 2016 3599 2080 τίνος
3630 2015 3731 2085 μὲν

2143 2113 2445 2169 ἀπολαύσει
2485 2113 2553 2166 δι’
2580 2113 2771 2167 ἑαυτόν
2797 2128 2809 2142 °
2843 2112 2989 2175 τίνος
3046 2111 3104 2164 δὲ
3157 2112 3222 2181 τῇ
3273 2108 3365 2163 τοῦ
3420 2108 3728 2170 πλάσαντος

2144 2208 2327 2281 χάριτι
2354 2222 2367 2234 ·
2395 2206 2512 2277 ᾔδει
2571 2204 2909 2275 πεσούμενον
2951 2203 3045 2257 τὸν
3095 2202 3300 2272 Ἀδὰμ,
3349 2201 3465 2256 ἀλλ’
3504 2200 3733 2254 ἔϐλεπεν

2144 2301 2203 2365 ἐξ
2228 2298 2393 2353 αὐτοῦ
2428 2297 2895 2369 προελευσόμενον
2938 2294 3030 2348 τὸν
3068 2295 3255 2360 Ἅϐελ,
3288 2294 3381 2348 τὸν
3424 2293 3611 2355 Ἐνὼς,
3644 2293 3737 2345 τὸν

2156 2391 2352 2463 Ἑνὼχ,
2384 2390 2474 2445 τὸν
2502 2389 2648 2449 Νῶε,
2683 2390 2776 2442 τὸν
2810 2388 3021 2454 Ἠλίαν,
3071 2388 3199 2450 τοὺς
3247 2387 3570 2457 προφήτας,
3605 2386 3731 2447 τοὺς

2147 2484 2495 2557 θαυμαστοὺς
2540 2482 2897 2545 ἀποστόλους,
2936 2479 3033 2552 τὴν
3059 2480 3340 2548 εὐγένειαν
3368 2477 3465 2549 τῆς
3492 2477 3732 2546 φύσεως,

2146 2579 2215 2633 τὰ
2246 2578 2538 2648 θεοκίνητα
2567 2576 2675 2630 τῶν
2710 2574 3009 2646 μαρτύρων
3043 2573 3136 2628 καί¹
3188 2571 3458 2636 στάζοντα
3493 2575 3596 2640 τὴν
3642 2569 3733 2621 εὐ-

2148 2671 2369 2725 σέϐειαν
2408 2670 2543 2740 νέφη
2575 2687 2590 2701 ’
2630 2668 2827 2722 ἕϐλεπε
2869 2665 3066 2732 ταῦτα,
3114 2666 3211 2720 καὶ
3262 2663 3367 2717 ποῦ
3416 2658 3487 2735 ἦν
3546 2661 3735 2723 καλὸν,

2147 2764 2251 2818 ποῦ
2287 2764 2346 2817 δὲ
2365 2765 2595 2827 δίκαιον,
2618 2761 2722 2815 ποῦ
2751 2762 2809 2815 δὲ
2851 2760 3179 2830 θεοπρεπὲς,
3222 2758 3348 2821 ἵνα,
3393 2756 3533 2811 διότι
3577 2753 3739 2825 ἔμελο

2147 2858 2239 2911 λεν
2273 2849 2353 2919 εἷς
2392 2855 2681 2927 ἄνθρωπος
2708 2852 3074 2924 ἁμαρτάνειν,
3099 2850 3290 2905 τοῦτον
3323 2850 3400 2920 μὴ
3435 2848 3738 2915 ἀναγαγεῖν

2150 2953 2213 3003 ἐκ
2240 2948 2316 3021 μὴ
2369 2947 2562 3014 ὄντων,
2594 2948 2691 3001 καὶ
2746 2945 3022 2999 τοσούτων
3064 2943 3299 3015 ἀνδρῶν,
3340 2934 3417 2995 ὧν
3463 2939 3586 2994 οὐδὲ
3615 2936 3739 2992 καθ’

2148 3046 2245 3097 ἕνα
2300 3043 2452 3109 ἄξιος
2507 3044 2536 3094 6
2581 3041 2807 3110 κόσμος,
2859 3036 3032 3108 φορὰν
3064 3034 3360 3106 ἀνακόψαι,
3394 3032 3492 3086 καὶ
3521 3028 3741 3100 θερίσαι

2152 3135 2452 3209 πρόρριζον
2491 3134 2590 3203 τὴν
2610 3132 2886 3204 τοσαύτην
2918 3127 3014 3184 τοῦ
3062 3129 3255 3198 γένους
3306 3125 3601 3198 βλάστησιν
3640 3121 3737 3175 καὶ

2153 3224 2438 3298 καλλονὴν.
2480 3224 2574 3280 καὶ
2626 3224 2749 3278 κατ’
2777 3223 2950 3293 αὐτῆς
2998 3218 3296 3291 ἐπαφιέναι
3345 3215 3445 3289 τὴν
3496 3212 3741 3285 ἐκτομὴν

2152 3322 2246 3376 καὶ
2286 3319 2476 3392 ὀργὴν,
2504 3319 2598 3373 καὶ
2647 3317 2771 3371 τότε
2815 3315 2911 3370 τοῦ
2936 3314 3034 3387 τὴν
3054 3310 3337 3384 ἁμαρτίαν
3376 3308 3605 3380 ὓστερον
3626 3307 3743 3359 ἐλο-

2155 3415 2317 3488 μένου
2340 3412 2466 3468 οὔτε
2492 3412 2859 3484 ᾁμαρτόντος,
2896 3408 3020 3463 οὔτε
3065 3406 3337 3478 ἁμαρτεῖν
3381 3398 3747 3474 μεμελετηκό-

2150 3524 2262 3571 τος,
2298 3507 2393 3560 ἆτε
2443 3506 2612 3576 μήπω
2664 3503 2791 3575 μηδ’
2815 3499 3130 3571 ὑφεστῶτος
3155 3516 3171 3565 ;
3199 3497 3260 3551 El
3305 3496 3415 3567 γὰρ
3448 3491 3746 3564 σωφρόνων

2152 3599 2301 3652 ἐστὶν
2331 3597 2562 3667 ἀνδρῶν,
2594 3597 2655 3650 τὸ
2703 3595 3083 3667 μελετήσαντα
3119 3591 3220 3662 μὲν
3265 3586 3607 3659 ἀμαρτῆσαι,
3672 3582 3747 3653 μὴ

2155 3691 2551 3761 ἁμαρτήσαντα
2601 3690 2679 3756 δὲ,
2742 3688 2819 3761 μὴ
2882 3686 3233 3758 εἰσπράττειν
3289 3681 3518 3742 εὐθύνας
3565 3679 3750 3748 ἀμαρ-

2153 3783 2413 3853 ’πημάτων
2429 3798 2443 3812 ⁸
2478 3781 2652 3836 εἵπου
2675 3797 2739 3849 γε
2763 3780 2830 3833 ἂν
2848 3778 2933 3848 εῐη
2958 3776 3093 3831 Θεοῦ
3114 3816 3130 3843 ,
3182 3778 3276 3828 τὸν
3311 3813 3326 3841 ,
3380 3770 3516 3843 μηδὲ
3591 3767 3749 3840 μελε-

2156 3875 2402 3944 τήσαντα
2431 3871 2843 3943 ὲξαμαρτῆσαι,
2877 3868 2976 3932 τὰς
3001 3868 3112 3921 τῶν
3139 3861 3547 3937 ἡμαρτηκότων
3583 3859 3750 3917 ἀπαι-

2157 3967 2274 4019 τεῖν
2306 3965 2482 4029 δίκας,
2516 3964 2611 4019 καὶ
2642 3964 2766 4017 τότε
2804 3960 3048 4033 χαλεποῦ
3080 3959 3179 4028 μὲν
3213 3958 3368 4020 ὄντος
3418 3953 3514 4007 τοῦ
3567 3952 3751 4022 ἀμαρ-

2156 4058 2222 4129 τή
2234 4073 2402 4129 ματος
2451 4056 2593 4128 (πῶς
2623 4056 2734 4127 γὰρ
2768 4055 2829 4108 ού
2870 4052 3107 4125 χαλεπὸν
3130 4049 3389 4120 ἀθέτησις
3411 4041 3752 4111 Δεσποτικῆς

2158 4147 2381 4218 ἐντολῆς
2405 4150 2468 4217 ;),
2494 4147 2596 4200 οὐκ
2648 4146 2868 4199 ἀνιάτου
2896 4144 2954 4197 δὲ
2984 4141 3246 4212 ἐσομένου
3293 4140 3360 4209 τῇ
3392 4135 3586 4204 ἀφάτῳ
3625 4130 3751 4200 φιλ-

2160 4238 2450 4310 ανθρωπίᾳ
2505 4235 2601 4290 τοῦ
2656 4233 3113 4299 Πλάσαντος,κα“ι
3154 4229 3246 4283 τοῦ
3301 4224 3753 4300 πρωτοπλάστου,

2162 4330 2241 4392 είς
2278 4331 2377 4399 τὴν
2410 4328 2645 4400 ἀρχαίαν
2675 4324 3047 4394 ὲπανάγεσθαι
3099 4321 3388 4393 μέλλοντος
3434 4316 3714 4385 εὐγένειαν
3738 4326 3752 4341 ·

2164 4420 2307 4483 ὥστε
2360 4423 2410 4475 εί
2456 4421 2532 4491 μὴ
2577 4420 2843 4491 προῆκτο,
2874 4417 3010 4470 διότι
3041 4415 3268 4486 ἔμελλεν
3299 4410 3571 4483 ἁμαρτεῖν
3598 4409 3625 4460 6
3655 4407 3747 4475 ἀρ⁶

2164 4510 2411 4580 χέγονος,
2452 4509 2730 4564 ἐδείκνυτο
2761 4506 2828 4561 ἂν
2860 4507 2921 4561 τὸ
2944 4506 3122 4571 Θεῖον,
3158 4506 3253 4557 τὸν
3296 4504 3371 4574 μὴ
3410 4497 3757 4571 ἁμαρτάνον-

466 4593 535 4654 ad
575 4593 864 4663 pristinam
895 4610 1050 4650 suam
1105 4596 1428 4666 dignitatem
1460 4597 1765 4665 reductori,
1813 4597 2044 4653 benevo-

2164 4620 2232 4655 τα
2258 4599 2526 4668 κολάζων,
2554 4600 2650 4655 καὶ
2688 4600 2788 4672 τῆς
2820 4597 3050 4668 ὕστερον
3098 4595 3454 4664 ἀνακλήσεως
3512 4591 3607 4643 καὶ
3654 4603 3760 4641 σωκ

461 4686 635 4742 lentia
690 4687 1023 4747 admitteret.
1084 4688 1242 4755 Quod
1296 4691 1344 4745 si
1390 4689 1579 4762 itaque
1636 4690 1895 4746 conditus
1944 4706 2054 4746 non

461 4778 661 4835 fuisset
718 4779 862 4846 ideo,
920 4782 1069 4851 quod
1124 4783 1335 4852 primus
1392 4781 1484 4839 ille
1534 4782 1700 4838 homo
1732 4792 2059 4853 peccaturus

2166 4694 2365 4765 τηρίας
2393 4693 2741 4765 ἀποστερῶν,
2784 4691 2880 4746 καὶ
2921 4689 3196 4745 τοσούτων
3239 4684 3452 4757 ἀνδρῶν
3486 4680 3666 4737 καλῶν
3696 4694 3757 4731 τε

2168 4789 2263 4842 καὶ
2299 4786 2522 4856 ἀγαθῶν
2557 4786 2764 4858 ἔρημον
2784 4785 2885 4857 τὴν
2918 4782 3121 4837 κτίσιν
3146 4778 3484 4850 ἀποφαίνων.

464 4886 603 4942 erat,
636 4876 783 4932 Deus
824 4876 1014 4948 utique
1083 4878 1208 4932 talis
1276 4879 1428 4934 visus
1463 4887 1629 4945 esset,
1678 4879 1772 4950 qui
1809 4890 1863 4936 et
1890 4880 2189 4949 hominem,
2227 4883 2436 4953 peccati
2502 4883 2746 4939 nondum
2806 4896 2984 4946 reum,
3028 4876 3323 4950 puniissct,
3381 4882 3437 4928 et
3502 4876 3759 4925 secutura

465 4970 820 5024 revocatione
877 4986 940 5026 ac
976 4971 1152 5028 salute
1214 4972 1480 5044 privaret,
1512 4982 1823 5029 creaturam
1858 4974 2096 5045 denique
2123 4983 2204 5031 tot
2257 4985 2311 5032 et
2343 4986 2447 5031 tam
2480 4976 2761 5048 praeclaris
2804 4974 3075 5045 bonisque
3095 4970 3411 5026 hominibus
3437 4964 3748 5037 spoliasset.

467 5088 796 5156 QUzESTIO
837 5090 1021 5148 CLXII
1062 5092 1252 5167 [CoisL
1281 5092 1482 5163 CXCII,
1528 5095 1694 5152 Taur.
1730 5094 2066 5170 CLXXXII].

469 5202 613 5267 Quid
637 5206 929 5276 signiﬁcat,
963 5226 981 5260 ι
1009 5208 1402 5278 Ρνιηιορειιὶιιιε
1425 5211 1594 5267 omnis
1623 5224 1882 5271 creatum
1902 5217 1964 5247 ¹²⁶
1988 5216 2011 5270 ?
2041 5236 2061 5270 ι

2680 5091 3019 5152 ΕΡΩΤΗΣΙΣ
3063 5092 3227 5145 ΡΞΒν.

2300 5216 2360 5269 Τί
2388 5213 2551 5268 ἐστι’
2585 5230 2604 5263 ι
2630 5209 3013 5278 Πρωτότοκος
3041 5204 3247 5272 πάσης
3276 5204 3530 5267 κτίσεως
3547 5218 3567 5266 ;
3595 5219 3615 5253 ι

683 5324 939 5378 Editarum
961 5344 991 5380 a
1013 5330 1191 5382 Wolﬁo
1225 5330 1464 5397 vigesima
1493 5334 1666 5399 quinta
1689 5338 1745 5399 (l.
1768 5352 1834 5401 c.,
1857 5355 1906 5403 p.
1928 5341 2044 5391 800-

2147 5344 2199 5405 2.7
2228 5336 2450 5392 Galland.
2480 5350 2526 5398 p.
2558 5333 2670 5393 747,
2692 5330 2811 5393 9ι8,
2832 5342 2884 5381 n.
2910 5328 3013 5389 42).
3039 5353 3098 5364 -—
3122 5326 3177 5376 In
3199 5325 3384 5375 (Zoloss.
3410 5336 3443 5381 ι,
3467 5320 3548 5377 15.

540 5428 768 5496 Quando
791 5431 997 5491 Paulus
1027 5457 1046 5489 ι
1072 5440 1498 5512 primogenitum
1529 5447 1711 5504 omnis
1742 5457 2010 5521 creaturae
2030 5468 2049 5501 ι

469 5524 705 5592 appellat
756 5525 1119 5599 (Dominum),
1152 5531 1389 5589 haeretici
1431 5551 1537 5592 non
1569 5538 1931 5607 recogitantes
1990 5538 2058 5595 de

544 5642 609 5673 "‘
635 5643 847 5699 Coloss.
882 5662 920 5713 I,
970 5648 1058 5704 15.

2238 5447 2359 5499 "Ott
2376 5443 2470 5497 τοῦ
2494 5440 2641 5494 θείου
2664 5435 2877 5492 Παύλου
2896 5432 3190 5495 είπόντος,‹
3216 5430 3569 5501 Πρωτότοκος
3586 5426 3771 5497 πάσης

2164 5537 2418 5601 κτίσεως,
2446 5553 2464 5585 ι
2501 5533 2550 5587 οἱ
2577 5527 2865 5602 αίρετικοξ,
2893 5524 3050 5595 φησὶ,
3075 5524 3187 5594 (90)
3214 5523 3289 5595 μὴ
3313 5522 3606 5595 νοήσαντες
3636 5517 3769 5590 περὶ

2039 5722 2278 5779 NOTAS.

546 5829 879 5911 (9.0)η1ιιιιιε.
916 5850 1067 5911 φασι,
1092 5835 1235 5903 quod
1292 5844 1466 5911 tamen
1526 5837 1597 5890 ob
1661 5853 1896 5909 sequens
1927 5854 2044 5892 κατι

2147 5835 2381 5911 ἰάζουσι,
2423 5836 2603 5894 locum
2646 5836 2848 5895 habere
2911 5850 3019 5892 non
3074 5838 3276 5904 potest.
3336 5804 3525 5899 Itaque
3566 5822 3763 5896 scripsi

478 5900 608 5963 φησί
662 5899 917 5956 Fortasse
948 5899 1322 5973 Chrysostomi
1362 5907 1474 5963 haec
1507 5914 1657 5962 sunt.
