4110 6432
335 428 439 491 849

1216 426 1318 486 AD
1356 423 1948 486 AMPHILOCHIUM
1974 421 2323 496 QUIESTIO
2375 422 2608 497 CLXII,
2644 422 2908 483 CLXIII.

3526 418 3632 482 850

334 542 491 603 ποίας
520 538 755 602 κτίσεως
782 538 955 607 λέγει,
982 537 1060 602 είς
1097 537 1306 608 κτίσμα
1346 538 1441 591 τὸν
1472 538 1602 591 Υίὸν
1622 539 1673 591 oi.
1698 538 1922 610 ἀνόητοι
1954 554 1971 600 1

2049 538 2182 607 luali
2210 547 2461 592 creatura
2483 538 2760 607 loquatur,
2780 536 2980 591 Filium
3012 535 3334 607 insipientes
3380 536 3433 591 iu
3480 552 3632 591 crea-

334 631 765 695 καταϐιϐάζουσι
790 646 807 661 ·
850 628 1003 700 διττὴ
1037 629 1147 699 δὲὴ
1185 628 1441 701 κτίσιςοὴ
1474 630 1575 700 μὲν
1611 630 1722 700 γάρ
1773 630 1925 684 ἐστιν

335 722 757 796 ἡγεγενημένη,
809 723 987 794 ἡδὲὴ
1042 721 1532 793 ἀνακαινιζομένη.
1588 722 1763 786 Αὐτὸς
1814 724 1925 795 γάρ

337 817 546 878 Παῦλος
598 815 727 886 βοᾷ·
768 835 787 867 ι
828 815 978 878 Εἴτις
1017 815 1075 868 ὲν
1130 813 1390 884 Χριστῷ,
1433 814 1597 884 καινὴ
1650 814 1861 879 κτίσις·
1902 834 1920 868 ι

339 905 421 959 ἵνα
446 905 503 958 δὲ
537 903 806 974 λαμπρῶς
846 903 1125 975 ἀποδείξῃ,
1153 903 1237 957 ὅτι
1288 906 1384 973 τῆς
1440 904 1929 976 ἀνακαινισθείσης

339 1001 573 1063 κτίσεως
588 998 737 1068 λέγει
756 998 1103 1070 πρωτότοκον
1116 998 1204 1051 τὸν
1217 999 1259 1050 Χ
1271 997 1474 1068 ριστὸν,
1490 998 1704 1067 ἐπάγει·
1725 1018 1743 1050 ι
1766 998 1811 1052 Π
1819 1015 1928 1069 ρω-

338 1093 556 1154 τότοκος
581 1092 644 1144 ἐκ
670 1091 903 1161 νεκρῶν,
936 1090 1025 1144 ἵνα
1048 1089 1274 1159 γένηται
1302 1092 1359 1143 ἐν
1380 1091 1517 1143 πᾶσι
1542 1090 1842 1163 πρωτεύων
1862 1108 1873 1119 ·
1904 1108 1923 1141 ι

340 1180 642 1252 πρωτεύων
672 1180 780 1233 τῶν
809 1178 1339 1249 ἀνακαινιζομένων,
1364 1178 1475 1232 τῶν
1508 1180 1589 1244 είς
1615 1180 1929 1250 ἀφθαρσίαν

342 1272 737 1342 καλουμένων,
780 1271 889 1325 τῶν
954 1271 1019 1324 ἐκ
1074 1270 1283 1342 νεκρῶν
1335 1271 1734 1342 ἐγειρομένων·
1777 1289 1931 1343 πρω-

340 1364 539 1426 τεύων.
570 1365 631 1417 οὑ
692 1363 837 1417 κατά
881 1362 981 1435 τὴν
1040 1364 1272 1435 θεότητα
1300 1378 1313 1393 ⁸
1348 1364 1531 1432 ἄπαγε
1554 1381 1568 1395 ·
1600 1363 1758 1433 ὑϐρις
1820 1364 1930 1436 γὰρ

341 1455 479 1526 Θεῷ,
514 1455 576 1508 τὸ
604 1454 886 1509 καλεῖσθαι
931 1452 1151 1525 πρῶτον
1201 1453 1311 1507 τῶν
1372 1454 1713 1524 κτισμάτων,
1737 1454 1794 1519 ὃς
1828 1455 1929 1526 ἀρ-

343 1551 490 1620 ῥήτῳ
522 1549 666 1619 λόγῳ
697 1549 791 1602 καὶ
814 1546 1159 1618 ἀνεπινοήτῳ
1190 1547 1435 1619 ὑπεροχῇ
1470 1548 1652 1615 πάσης
1686 1548 1931 1618 ὑπερήρ-

339 1659 501 1714 τηται
536 1643 631 1696 καὶ
659 1642 770 1713 (9|)
804 1641 1159 1713 ὑπερίδρυται
1190 1640 1407 1710 φύσεως
1437 1656 1450 1669 ·
1486 1640 1624 1693 ἀλλά
1660 1639 1932 1710 πρωτεύει

340 1734 483 1789 κατά
522 1752 585 1803 γε
632 1735 731 1807 τὴν
761 1734 1181 1805 ἀνθρωπότητα,
1217 1732 1460 1803 ἀρχηγὸς
1506 1733 1664 1804 ἡμῶν
1692 1731 1933 1802 γεγονὼς

341 1828 441 1897 τῆς
477 1826 848 1889 ἀναστάσεως,
877 1827 973 1880 καὶ
1006 1826 1107 1894 τῆς
1142 1827 1207 1879 ἐκ
1254 1826 1461 1896 φθορᾶς
1501 1827 1580 1886 είς
1618 1826 1933 1897 ἀφθαρσίαν

2031 638 2279 684 turarum
2316 644 2607 683 numerum
2644 628 2965 684 detrudunt.
2996 627 3115 682 Jam
3150 645 3283 683 vero
3314 628 3515 699 duplex
3545 639 3630 684 est

2028 731 2300 777 creatura:
2346 738 2567 793 genus:
2613 721 2720 776 alia
2758 732 2843 775 est
2885 720 3143 787 condita,
3191 722 3295 776 alia
3346 731 3630 777 renovata.

2030 814 2149 886 Ipse
2180 815 2327 869 enim
2380 813 2585 869 Paulus
2609 813 2847 868 clamat:
2882 832 2901 865 ι
2942 813 3000 868 Si
3027 813 3147 883 quis
3176 814 3228 868 in
3261 815 3482 870 Christo
3525 825 3632 880 est,

2030 922 2170 961 nova
2196 915 2282 963 est
2317 916 2567 960 creatura
2600 906 2645 936 ³³
2670 946 2683 959 .
2730 923 2748 957 ι
2790 904 2860 959 Ut
2901 920 3026 959 vero
3049 906 3195 960 clare
3227 907 3543 961 ostenderet
3575 922 3634 961 se

2030 998 2314 1055 Christum
2366 998 2793 1069 primogenitum
2842 997 3025 1053 dicere
3050 1038 3065 1062 ,
3099 996 3285 1052 habito
3316 997 3382 1051 ad
3411 1007 3631 1052 creatu-

2030 1107 2147 1147 ram
2169 1100 2485 1146 renovatam
2512 1100 2787 1161 respectu,
2824 1090 3103 1161 subiungit
3131 1107 3145 1143 :
3176 1107 3194 1140 ι
3235 1088 3635 1159 Primogenitus

2028 1202 2094 1244 ex
2127 1186 2383 1251 mortuis,
2424 1196 2483 1239 ut
2517 1186 2814 1255 primatum
2844 1185 2987 1240 inter
3015 1199 3206 1241 omnes
3255 1184 3583 1238 obtineat“:
3610 1204 3628 1235 ι

2031 1281 2326 1351 primatum
2394 1278 2606 1334 scilicet
2666 1279 2808 1333 inter
2866 1293 2984 1336 eos.
3040 1277 3133 1348 qui
3195 1278 3443 1331 renovati
3486 1277 3673 1352 sunt,‘._

2033 1374 2126 1443 qui
2162 1370 2227 1424 ad
2262 1369 2843 1450 incorruptibilitatem
2882 1368 3098 1435 vocati,
3151 1368 3245 1438 qui
3290 1382 3354 1422 ex
3406 1366 3637 1422 mortuis

2033 1462 2289 1527 excitati;
2338 1460 2637 1531 primatum
2690 1469 2872 1527 tenet,
2926 1477 3034 1515 non
3104 1460 3406 1514 secundum
3462 1458 3639 1514 deita-

2030 1566 2143 1613 tem
2177 1572 2190 1618 ;
2234 1551 2379 1607 absit
2412 1552 2559 1609 hoc!
2601 1552 2863 1622 injurium
2904 1551 3051 1605 enim
3084 1550 3267 1614 fuerit,
3305 1549 3480 1603 Deum
3521 1548 3637 1617 pri-

2033 1668 2182 1707 mum
2213 1662 2589 1707 creaturarum
2632 1647 2835 1709 vocari,
2855 1645 2949 1716 qui
2990 1644 3204 1699 ratione
3233 1643 3468 1714 quadam
3500 1640 3634 1696 inef-

2036 1746 2188 1801 fabili
2237 1756 2292 1801 et
2331 1743 2724 1815 praerogativa,
2773 1740 3048 1795 intellectu
3103 1754 3211 1793 non
3269 1733 3638 1807 assequenda,

2038 1854 2203 1910 supra
2240 1852 2461 1894 omnem
2500 1843 2754 1889 naturam
2787 1832 3001 1903 positus
3032 1841 3089 1887 et
3120 1839 3345 1886 evectus
3380 1839 3483 1885 est.
3532 1829 3640 1883 Sed

346 1918 905 1991 μεταστοιχειώσεως.
942 1918 1001 1970 Et
1032 1934 1140 1987 γαρ
1189 1920 1217 1971 ὁ
1270 1917 1381 1988 (92)
1426 1918 1615 1980 Ἠλίας
1665 1917 1760 1971 τὸν
1822 1910 1971 1971 υἱὸν

2049 1934 2338 2005 primatum
2372 1939 2519 1985 tenet
2548 1929 2853 1983 secundum
2888 1925 3311 1986 humanitatem,
3335 1922 3444 1975 dux
3479 1922 3641 1977 nobis

341 2013 443 2083 τῆς
473 2013 649 2083 χήρας
677 2013 890 2083 ἤγειρε,
928 2011 1024 2064 καὶ
1064 2010 1369 2073 Ἐλισσαῖος
1396 2010 1486 2064 τὸν
1509 2010 1607 2080 τῆς
1626 2010 1933 2081 Σωμανίτι-

342 2104 458 2169 δος,
490 2107 585 2158 καὶ
623 2105 785 2168 αὑτὸς
807 2107 834 2158 ὁ
868 2105 1059 2173 Σωτὴρ
1092 2104 1343 2174 τεταρῖον
1375 2104 1503 2155 τὸτα
1536 2103 1789 2174 Λάζαρον
1822 2121 1942 2157 συν-

344 2199 727 2269 εξανέστησεν,
758 2198 875 2252 ἀλλ’
908 2197 1086 2260 οὐδεὶς
1128 2196 1310 2252 αὐτῶν
1361 2195 1473 2265 (9⁸5)
1517 2198 1596 2260 εἰς
1627 2196 1940 2267 ἀφθαρσίαν

346 2290 442 2343 καὶ
474 2289 776 2344 ἀθανασίαν
800 2289 1082 2360 ἐξανέστη.
1113 2289 1285 2343 Πάλιν
1315 2289 1425 2359 γὰρ
1454 2290 1635 2342 αὑτῶν
1669 2289 1780 2359 (94)
1800 2289 1942 2343 ὁθά-

347 2398 508 2444 νατος
541 2380 880 2451 ἐκυρίευσεν.
915 2381 1153 2451 Χριστὸς
1177 2381 1233 2434 δὲ
1263 2381 1501 2444 ἀναστὰς
1525 2383 1588 2433 ἐκ
1606 2382 1817 2452 νεκρῶν
1840 2381 1941 2433 οὐκ

348 2476 430 2529 ἔτι
469 2476 827 2548 ἀποθνήσκει,
877 2476 1109 2540 θάνατος
1160 2476 1327 2530 αὑτοῦ
1369 2478 1471 2531 οὑκ
1525 2476 1605 2529 ἔτι
1671 2473 1941 2546 κυριεύει.

360 2568 505 2622 Ἀλλ’
528 2568 649 2622 οὑδὲ
704 2567 950 2635 ἐκείνων,
982 2568 1077 2629 οὒς
1123 2568 1268 2623 κατά
1311 2568 1410 2639 τὴν
1454 2569 1717 2639 δευτέραν
1778 2566 1944 2623 αὑτοῦ

350 2660 656 2733 παρουσίαν
687 2660 1009 2731 ἀναστήσει.
1048 2662 1113 2713 Ὢ
1147 2660 1326 2730 κακῆς
1371 2661 1466 2713 καὶ
1516 2660 1749 2729 ἄφρονος
1788 2657 1947 2729 ἡμῶν

349 2752 575 2823 γνώμης
603 2753 616 2807 l
653 2747 817 2823 ἦλθεν
842 2754 870 2805 ὁ
900 2752 1134 2823 Χριστὸς
1186 2752 1323 2823 πρὸς
1363 2753 1511 2822 ἡμᾶς
1531 2793 1546 2817 ,
1584 2753 1785 2806 ἔδωκεν
1815 2753 1949 2823 ἡμῖν

350 2843 412 2898 τὸ
434 2841 601 2896 αὑτοῦ
638 2841 865 2912 Πνεῦμα
902 2842 1040 2911 (95),
1092 2840 1186 2894 καὶ
1233 2842 1501 2896 ἀνέλαϐεν
1566 2842 1627 2896 τὸ
1678 2843 1950 2915 ἡμέτερον

353 2935 533 3005 σῶμα,
562 2935 655 2988 καὶ
675 2936 735 2987 τὸ
763 2934 1120 3005 συνάλλαγμα
1138 2935 1408 3005 προῆλθεν
1437 2953 1450 2966 ·
1475 2936 1570 2989 καὶ
1593 2933 1775 2990 λαϐὼν
1792 2937 1825 3006 ἡ
1835 2935 1950 3005 μῶν

350 3029 413 3082 τὸ
471 3028 702 3099 φύραμα
748 3026 1035 3096 ἀνύψωσεν
1096 3026 1250 3091 αὑτὸ,
1279 3028 1375 3079 καὶ
1406 3027 1661 3081 ἐκάθισεν
1691 3028 1749 3080 ἐν
1800 3026 1953 3097 δεξιᾷ

355 3119 451 3173 τοῦ
509 3118 757 3187 Πατρός·
801 3118 897 3170 καὶ
954 3119 988 3188 ή
1048 3117 1413 3188 ἀγνωμοσύνη
1477 3119 1579 3187 τὴν
1633 3118 1953 3187 εὐεργεσίαν

355 3211 605 3281 ὑϐρίζει·
632 3209 898 3280 ἐλάϐομεν
960 3210 1019 3277 ἐξ
1067 3209 1233 3263 αὑτοῦ
1264 3209 1327 3262 τὸ
1376 3209 1625 3281 Πνεῦμα,
1661 3210 1755 3262 καὶ
1799 3210 1953 3282 ὑϐρίο

2041 2026 2218 2082 l‘actus
2251 2025 2318 2079 ad
2351 2021 2831 2079 resurrectionem.
2861 2026 2916 2073 et
2954 2017 3019 2071 ad
3054 2014 3633 2084 incorruptibilitatem

2040 2135 2105 2173 ex
2143 2117 2500 2186 corruptione
2530 2109 2989 2182 consequendam.
3015 2107 3280 2175 Quamvis
3311 2107 3457 2159 enim
3493 2104 3644 2158 Elias

2044 2211 2223 2265 vidua:
2269 2209 2441 2263 lilium
2493 2204 2772 2268 excitavit,
2808 2201 3068 2256 Elissaeus
3102 2215 3231 2253 vero
3274 2199 3425 2252 illum
3460 2196 3644 2252 Suna-

2043 2302 2281 2366 mitidis,
2340 2300 2600 2353 Serrator
2650 2296 2889 2365 denique
2940 2302 3126 2348 noster
3184 2292 3488 2354 Lazarum,
3546 2304 3645 2357 per

2045 2392 2399 2465 quatriduum
2446 2398 2750 2449 mortuum,
2794 2386 2845 2439 in
2898 2381 3066 2437 vitam
3116 2379 3432 2443 revocavit;
3481 2391 3644 2431 nemo

2048 2494 2231 2540 tamen
2264 2494 2455 2535 eorum
2507 2478 2573 2533 ad
2612 2473 3186 2545 incorruptibilitatem
3221 2479 3274 2522 et
3317 2465 3645 2521 immortali-

2049 2581 2218 2627 tatem
2256 2567 2580 2623 resurrexit.
2628 2563 2773 2619 Mors
2802 2562 2948 2616 enim
2998 2560 3053 2613 in
3085 2552 3205 2611 illis
3241 2557 3437 2610 iterum
3470 2551 3649 2607 domi-

2050 2673 2180 2719 nata
2214 2670 2317 2716 est.
2352 2659 2611 2714 Christus
2656 2671 2812 2719 vero,
2846 2660 3136 2723 postquam
3192 2664 3255 2702 ex
3298 2646 3530 2701 mortuis
3560 2659 3648 2697 re-

2051 2752 2311 2817 surrexit,
2342 2766 2454 2805 non
2502 2749 2696 2803 iterum
2748 2745 3002 2805 moritur,
3055 2755 3206 2794 mors
3254 2739 3307 2792 in
3360 2736 3511 2789 illum
3542 2748 3649 2788 non

2054 2845 2290 2916 amplius
2324 2843 2641 2898 dominatur
2669 2840 2739 2904 ³⁸,
2776 2839 2918 2893 sicut
2971 2848 3071 2889 nec
3119 2832 3171 2886 in
3230 2845 3346 2896 eos,
3416 2842 3558 2897 quos
3597 2825 3651 2877 in

2056 2937 2300 2996 secundo
2330 2934 2567 2989 adventu
2597 2945 2697 2986 suo
2727 2927 3003 2985 excitabit.
3042 2926 3083 2978 Ο
3118 2923 3403 2979 sinistrum
3435 2929 3487 2973 et
3516 2918 3653 2972 insi-

2053 3028 2212 3097 piens
2264 3032 2512 3078 nostrum
2560 3019 2875 3091 judicium!
2928 3016 3185 3071 Christus
3226 3013 3373 3067 venit
3404 3009 3471 3065 ad
3505 3022 3654 3062 nos:

2056 3117 2207 3174 dedit
2233 3115 2395 3170 nobis
2429 3112 2696 3183 Spiritum
2727 3125 2888 3166 suum
2918 3128 2930 3162 :
2964 3106 3267 3176 assumpsit
3292 3118 3421 3159 vero
3454 3114 3658 3169 corpus

2058 3212 2308 3260 nostrum
2344 3219 2357 3255 :
2396 3200 2535 3254 facta
2569 3207 2651 3253 est
2686 3198 3018 3267 permutatio
3054 3212 3069 3248 :
3106 3207 3345 3247 massam
3382 3190 3526 3244 enim
3556 3202 3658 3241 no-

357 3301 523 3373 ζομεν
575 3305 632 3356 ἐν
678 3302 944 3374 κτίσμασι
1005 3304 1100 3357 καὶ
1158 3300 1372 3367 δούλοις
1427 3302 1559 3356 αὑτὸ
1617 3302 1950 3371 καταλέγον-

2058 3309 2227 3355 stram
2251 3304 2589 3364 assumptam
2613 3292 2815 3355 evexit,
2847 3300 2901 3345 et
2924 3290 2989 3345 ad
3018 3289 3263 3343 dextram
3290 3286 3463 3340 Patris
3485 3284 3659 3338 collo-

357 3411 471 3458 τες.

2058 3392 2223 3446 cavit.
2280 3388 2401 3444 Jam
2434 3404 2563 3443 vero
2610 3387 2856 3458 ingratus
2906 3385 3124 3439 animus
3154 3383 3209 3436 in
3241 3379 3661 3436 beneﬁcentiam

359 3488 506 3546 hanc
536 3491 773 3562 injurius
820 3501 926 3548 est.
954 3490 1213 3549 Naturam
1243 3507 1306 3546 ex
1340 3492 1499 3547 nobis
1528 3491 1850 3563 assumpsit,
1871 3499 1926 3548 et
1986 3505 2018 3547 a
2056 3488 2265 3545 dextris
2314 3485 2495 3541 Patris
2552 3483 2842 3539 collocavit
2876 3500 2889 3535 :
2940 3497 3040 3537 nos
3093 3480 3163 3535 ab
3215 3479 3308 3533 illo
3344 3476 3659 3546 accepimus

363 3581 666 3655 Spiritum;
702 3595 756 3643 et
790 3587 869 3642 vel
923 3588 1003 3645 sic
1038 3588 1239 3659 injuria
1265 3588 1535 3644 allicimus
1587 3588 1731 3642 inter
1762 3595 2042 3642 creaturas
2074 3592 2129 3641 et
2162 3597 2353 3639 servos
2377 3580 2531 3634 illum
2569 3588 2938 3633 numerantes.

890 3769 1229 3823 ΕΡΩΤΗΣΙΣ
1263 3767 1429 3825 ΡΞΓ’.

675 3982 735 4035 Τί
753 3982 887 4035 ἐστι
912 3982 1126 4047 δέησις
1152 3984 1251 4038 καὶ
1294 3986 1643 4054 προσευχή;

2284 3758 2615 3829 QUAESTIO
2682 3753 3141 3829 Cl..\'lll__j_!_.'_oi_s_l_.
3210 3750 3451 3819 excut,

2601 3829 2765 3884 Taur.
2796 3824 3155 3899 (:Lxxxut].

2359 3993 2502 4059 Quid
2532 4001 2611 4046 est
2638 3992 2848 4057 δέησις
2875 4001 2923 4044 et
2972 3988 3286 4057 προσευχὴ
3312 3989 3391 4041 ⁸⁸⁸9

861 4152 1121 4203 Editarum
1146 4168 1173 4203 a
1203 4154 1380 4204 Wolﬁo
1406 4158 1644 4219 vigesima
1666 4166 1813 4209 sexta
1840 4162 1897 4224 (l.
1924 4174 1989 4222 c.,
2014 4164 2205 4226 p.802,
2228 4166 2340 4214 805.
2371 4166 2597 4216 Galland.
2635 4180 2685 4229 p.
2709 4165 2820 4227 7L7,
2842 4164 2953 4225 7l8,
2989 4179 3040 4213 n.
3071 4163 3172 4224 42).

443 4327 587 4389 Ὅτι.
605 4346 678 4398 φη
688 4327 758 4393 σὶ,
779 4327 889 4398 (96)
912 4328 1095 4399 δέησις
1113 4329 1209 4399 μὲν
1226 4329 1468 4398 λέγεται,
1481 4330 1608 4385 ὅταν
1625 4349 1715 4395 τις
1728 4332 1817 4385 τὸν
1834 4332 1971 4386 Θεὸν

372 4420 514 4486 ἀξιοῖ
540 4423 622 4485 είς
653 4423 886 4492 πρᾶγμα
912 4438 927 4452 ο
955 4422 1236 4494 προσευχὴ
1259 4423 1338 4487 δὲ,
1372 4424 1501 4478 ὅταν
1518 4424 1661 4496 ὑμνῇ
1685 4426 1777 4479 τὸν
1801 4425 1964 4479 Θεόν·

2149 4340 2345 4413 Δέησις
2371 4383 2386 4407 ,
2440 4328 2648 4410 inquit,
2701 4338 2925 4403 dicitur,
2968 4335 3191 4406 quando
3221 4335 3344 4405 quis
3384 4333 3551 4388 Deum
3602 4336 3671 4389 ad

2076 4448 2164 4487 res
2204 4448 2334 4487 suas
2373 4430 2739 4502 perliciendas
2775 4429 3001 4483 advocat
3034 4446 3047 4481 :
3100 4425 3403 4497 προσευχὴ,
3454 4425 3675 4495 quando

375 4514 702 4585 εὐχαριστία
727 4520 805 4576 οε,
835 4515 965 4567 ὅταν
998 4532 1082 4577 τις
1117 4516 1257 4586 ὑπὲρ
1279 4508 1355 4569 ὧν
1390 4516 1615 4582 ἔπαθεν,
1647 4517 1808 4589 χάριν
1841 4516 1968 4571 ἀνθ·-

2075 4522 2243 4579 Deum
2277 4524 2461 4579 laudat
2496 4541 2509 4577 :
2546 4520 2891 4593 εὐχαριστία,
2930 4518 3150 4589 quando
3185 4532 3286 4587 pro
3311 4514 3549 4585 acceptis
3582 4516 3680 4569 be-

374 4606 611 4678 ομολογῇ
634 4606 712 4677 τῷ
745 4606 863 4678 Θεῷ
883 4625 899 4640 ·
934 4608 1157 4678 ἐντυχία
1178 4609 1257 4676 δὲ,
1290 4610 1421 4663 ὅταν
1444 4629 1526 4671 τις
1550 4612 1694 4666 κατὰ
1714 4611 1825 4665 τῶν
1856 4611 1972 4665 ἀδι-

378 4696 621 4752 κούντων
649 4699 957 4772 ἐντυγχάνῃ
979 4700 1058 4772 τῷ
1081 4701 1202 4774 Θεῷ
1226 4704 1704 4775 προσκαλούμενος
1728 4703 1841 4775 (97)
1870 4703 1971 4756 αὑ-

376 4790 469 4843 τὸν
502 4791 582 4851 είς
607 4791 911 4860 ἐκδίκησιν.
948 4792 1072 4845 Ὅτι
1112 4793 1167 4847 δέ
1195 4794 1255 4848 τὸ
1298 4797 1651 4866 ἐντυγχάνειν
1702 4797 1803 4849 οὑκ
1830 4795 1971 4860 ἔστι,

380 4881 566 4952 φησὶν,
606 4882 897 4950 ἱκετεύειν,
946 4883 1061 4937 ἀλλ’
1103 4884 1351 4955 ἐρωτᾷν,
1397 4888 1490 4941 καὶ
1530 4888 1856 4958 ἀπόκρισιν
1877 4886 1976 4941 δέ-

381 4986 494 5038 κεσ
497 4973 611 5035 θαι,
642 4970 791 5041 λέγει
812 4973 841 5026 ὀ
870 4971 1003 5035 Θεὸς
1031 4976 1169 5045 πρὸς
1191 4976 1282 5029 τὸν
1317 4977 1523 5031 Ἠλίαν·
1552 4996 1571 5029 ι
1612 4977 1675 5029 Τί
1702 4979 1767 5032 σὺ
1790 4975 1984 5032 ἐνταῦ-

452 5125 553 5180 "ll
585 5128 713 5185 Cor.
745 5146 797 5197 v,
831 5130 895 5184 l7
997 5129 1264 5189 “Coloss.
1302 5134 1454 5196 ι,18.
1532 5134 1575 5167 ⁸⁵
1606 5132 1764 5189 Rom.
1798 5149 1873 5200 vr,
1920 5132 1975 5188 9.

2080 4611 2290 4667 neliciis
2321 4611 2526 4682 gratias
2557 4609 2668 4663 Deo
2690 4608 2801 4677 agit
2828 4625 2841 4660 :
2872 4606 3092 4677 ἐντυχία
3117 4606 3264 4671 vero,
3298 4603 3523 4673 quando
3552 4602 3677 4671 quis

2080 4702 2347 4757 adversus
2383 4700 2615 4771 iujurios
2653 4699 2819 4753 Deum
2853 4698 3187 4767 interpellat,
3227 4709 3465 4765 eumque
3496 4694 3563 4747 ad
3598 4693 3681 4747 ul-

2082 4795 2287 4849 tionem
2329 4793 2650 4849 sumendam
2700 4792 2923 4848 excitat.
2953 4790 3109 4857 Quod
3144 4803 3297 4854 vero,
3348 4786 3547 4857 inquit,
3596 4786 3683 4838 έν·-

2083 4883 2375 4953 τυγχάνειν
2431 4898 2535 4937 ιιοη
2570 4882 2709 4936 idem
2759 4882 2831 4935 sit
2859 4879 3004 4949 quod
3038 4878 3328 4943 ίκετέυειν,
3379 4874 3475 4929 sed
3540 4874 3683 4927 idem

2094 4973 2279 5045 potius
2314 4972 2459 5043 quod
2494 4973 2841 5041 interrogare,
2872 4976 2928 5024 et
2955 4980 3261 5036 responsum
3293 4962 3549 5033 accipere,
3593 4976 3690 5023 ap-

2055 5133 2100 5165 "
2129 5132 2146 5187 Ι
2175 5131 2316 5187 Tim.
2347 5147 2405 5196 ιι,
2440 5131 2485 5185 Ι.

1908 5313 2121 5374 NOTAE
2134 5355 2148 5368 .

458 5491 569 5633 ξω)
609 5494 988 5566 ὑπερήρτηται
1016 5496 1131 5559 καί,
1164 5509 1229 5550 ex
1253 5495 1490 5551 Colbert.

483 5565 575 5633 92)
602 5566 695 5619 καὶ
738 5565 946 5630 Ἠλίας,
982 5565 1138 5623 Colb.

483 5565 575 5633 92)
602 5566 695 5619 καὶ
738 5565 946 5630 Ἠλίας,
982 5565 1138 5623 Colb.

459 5638 574 5705 (93)
608 5636 762 5691 Colb.
797 5653 895 5708 pro
925 5638 1108 5691 αὐτόν.

462 5708 578 5774 (9-4)
618 5707 909 5768 1ιιι,ε‹ϊὶ1ιο
954 5723 1053 5777 pro
1086 5707 1272 5764 αὑτόν.

467 5778 581 5847 (95)
617 5777 873 5833 Fortasse
912 5778 1201 5846 legendum
1263 5790 1347 5834 est
1401 5782 1587 5843 αὐτόν,
1636 5790 1694 5836 ut
1728 5781 1793 5836 ad
1826 5780 1989 5835 Chri-

396 5857 541 5903 stum
576 5848 866 5917 referatur,
897 5847 1121 5923 quando
1179 5865 1327 5911 nunc
1349 5852 1417 5909 ad
1452 5852 1698 5924 Πνεῦμα,
1733 5854 1984 5923 proxime

2105 5497 2455 5557 antecedens,
2487 5502 2716 5564 spectat.

2162 5572 2274 5641 (96)
2304 5556 2682 5641 Chryse-smmi
2711 5567 2824 5619 lucc
2854 5571 3003 5641 sunt,
3033 5574 3195 5641 quem
3217 5556 3425 5641 ‘Nosmr
3443 5571 3573 5641 tum
3597 5571 3691 5635 ap-

2090 5627 2277 5713 pellat'.
2303 5627 2459 5713 Apud
2500 5652 2625 5692 eum
2652 5644 2835 5713 tamen
2862 5635 2950 5713 illa
2984 5627 3065 5688 ad-
3104 5632 3171 5713 h._
3193 5630 3255 5713 _l.
3296 5644 3403 5684 non
3440 5627 3690 5713 Virroni".

2163 5697 2277 5783 (97)
2302 5697 2460 5766 Golb.
2500 5722 2596 5779 pro
2630 5706 3096 5780 προκαλούμενος.
3149 5700 3299 5757 Idem
3326 5714 3457 5757 mox
3490 5697 3571 5749 ἐτι
3598 5709 3701 5766 pro.

2090 5785 2230 5853 ἐστί,
2257 5783 2418 5838 male.
