4110 6424
527 404 627 470 8:31

1692 411 1957 472 PHOTII
1988 413 2500 477 PATRIARCHIE
2539 418 2650 481 CP.

3712 423 3816 486 852

525 529 676 592 paret
705 537 772 575 ex
801 537 886 584 eo,
919 519 1066 589 quod
1092 519 1236 575 Deus
1276 521 1341 576 ad
1373 521 1543 576 Elian]
1569 522 1645 577 ait
1675 540 1688 578 :
1724 543 1743 574 ι
1779 523 1920 590 Quid
1942 534 1996 579 tu
2023 524 2095 579 Ιιί(

2213 526 2301 592 οα,
2326 527 2516 594 Ἢλία;
2543 547 2561 580 ι
2586 530 2942 600 ἀποκρίνεται
2963 529 3302 602 ἐρωτηθεὶςὸ
3327 533 3614 604 προφήτης
3632 551 3677 586 ἰ
3705 539 3816 608 Ζη-

522 611 660 684 agis,
695 610 844 664 Elia?
891 627 912 663 ι
946 609 1046 665 Hic
1080 610 1446 680 interrogatus
1495 613 1760 682 pr0pheta
1795 614 2118 684 respondet:

530 718 548 752 ι
580 698 708 754 Zelo
752 699 962 754 Zelatus
999 713 1122 753 sum
1176 709 1396 768 promer
1439 699 1728 754 Dominum
1773 703 2121 770 omnipoten-

522 802 654 856 tem,
686 790 815 861 quia
843 799 893 845 te
923 791 1284 846 deseruerunt
1329 791 1422 845 lilii
1475 792 1710 847 Israel"
1741 833 1756 858 ,
1802 811 1822 846 ι
1851 805 1957 849 etc.
2005 792 2119 849 Hoc

520 884 643 940 loco
678 900 784 940 non
825 894 908 940 est
944 884 1128 955 δέησις
1164 885 1492 954 (precatio),
1527 887 1624 941 sed
1666 885 2018 957 interrogatio
2065 896 2120 942 et

425 963 430 970 ’
521 977 834 1046 responsio.
896 974 974 1030 Ex
1022 985 1258 1045 utroque
1313 987 1496 1030 autem
1555 977 1802 1033 nascitur
1855 978 2114 1044 ἔντευξις.

520 1062 678 1122 Unde
727 1081 854 1122 vero
889 1066 992 1121 hoc
1032 1066 1385 1123 manifestum
1439 1068 1558 1122 est?
1590 1067 1732 1122 Audi
1761 1066 1993 1123 Paulum
2041 1069 2115 1127 ita

518 1159 836 1230 loquentem
873 1175 888 1213 :
923 1179 940 1211 ι
978 1157 1174 1215 Nonne
1212 1159 1421 1231 legistis
1465 1160 1608 1228 apud
1658 1160 1832 1214 Eliam
1881 1162 2116 1231 prophe-

521 1261 654 1319 tam,
683 1251 829 1323 quod
857 1251 989 1305 dicit
1035 1249 1346 1322 Scriptura,
1375 1251 1518 1322 quod
1553 1251 1911 1321 interpellarit
1942 1251 2113 1307 Deum

516 1354 705 1400 contra
737 1344 1092 1402 Israelem“?
1125 1364 1146 1397 ι
1202 1343 1389 1416 Itaque
1417 1343 1638 1415 ἐντυχία
1677 1359 1785 1398 non
1837 1344 1978 1398 idem
2031 1353 2115 1399 est

514 1433 660 1503 quod
689 1432 899 1504 δέησις.
931 1433 1109 1503 Atque
1156 1432 1271 1487 llaec
1315 1430 1536 1502 quidem
1573 1431 1740 1486 habet
1785 1432 2112 1504 Clirysosto-

514 1541 658 1581 mus.
691 1523 855 1580 Juvat
883 1540 1010 1580 vero
1050 1527 1367 1581 accuratius
1397 1525 1452 1578 in
1498 1524 1694 1580 barum
1725 1539 1922 1580 vocum
1956 1524 2112 1580 dill‘e-

513 1616 744 1670 rcntiam
786 1617 1090 1687 inquirere,
1146 1632 1212 1672 ac
1259 1617 1425 1671 simul
1456 1616 1778 1682 ostendere,
1821 1617 1967 1687 quod
2000 1633 2108 1673 non

513 1709 692 1764 solum
723 1709 878 1779 capia
907 1724 1005 1764 sua
1042 1709 1287 1764 dicendae
1325 1709 1437 1764 sint
1489 1709 1758 1774 sullicere,
1811 1708 1903 1764 sed
1940 1708 2106 1763 etiam

511 1799 642 1865 illis,
673 1801 766 1870 qui
797 1815 890 1855 eas
930 1799 1188 1856 solertius
1231 1808 1484 1856 excutere
1527 1800 1818 1867 voluerint,
1878 1799 2109 1854 inteme-

511 1901 644 1946 rata:
686 1900 741 1947 et
774 1892 938 1947 salvae
969 1901 1288 1962 appareant.

509 2066 835 2136 QUESTIO
855 2067 1061 2125 CLXIV
1089 2067 1279 2142 [CoisL
1298 2067 1530 2134 CXCIV,
1560 2069 1724 2125 Taur.
1743 2065 2097 2141 CLXXXIV].

516 2265 535 2298 ι
571 2245 752 2319 Neque
787 2249 925 2303 enim
981 2249 1142 2318 pudet
1197 2265 1280 2303 me
1326 2247 1602 2319 Evangelii
1646 2265 1664 2302 :
1689 2250 1910 2318 justitia
1963 2249 2104 2303 enim

1093 2339 1192 2393 Dei
1207 2339 1295 2404 ‘3',
1337 2358 1356 2392 ι
1399 2347 1504 2393 etc.

2129 1901 2178 1962 B

2224 617 2332 671 λῶν
2389 619 2642 690 ἐζήλωκα
2701 623 2888 692 Κυρίῳ
2953 624 3385 695 παντοκράτορι,
3414 626 3814 695 ὃτιέγκατέλι-

2223 711 2324 764 πόν
2362 729 2421 764 σε
2449 714 2554 766 υἱοὶ
2579 713 2820 786 Ἰσραὴλ,
2858 732 2876 766 ι
2901 715 2998 768 καὶ
3018 714 3173 782 ἐξῆς.
3213 717 3324 769 Καὶ
3373 717 3475 770 οὐκ
3525 717 3675 773 ἔστιν
3721 723 3812 775 ἐν-

2221 799 2397 852 ταῦθα
2448 801 2656 872 δέησις,
2709 803 2826 856 ἀλλ’
2858 801 3131 875 ἐρώτησις
3179 806 3272 859 καὶ
3321 806 3641 878 ἀπόκρισις.
3699 812 3812 865 Καὶ
3909 867 3920 881 ,

2221 893 2444 962 γέγονεν
2531 895 2591 948 τὸ
2665 896 2724 963 ἐξ
2817 899 3021 967 ἀμφοῖν
3106 897 3367 963 ἔντευξις.
3452 901 3565 955 Καὶ
3643 905 3812 959 πὸοεν

2219 987 2410 1058 δῆλον;
2478 990 2692 1043 Παύλου
2769 989 3020 1059 λέγοντος
3104 991 3378 1046 ἄκουσον·
3435 1013 3454 1046 ι
3513 997 3629 1050 Οὐκ
3714 999 3810 1052 ἀνα

2220 1079 2423 1150 έγνωτε
2453 1083 2512 1134 ἐν
2547 1082 2704 1152 Ἠλίᾳ
2732 1081 2812 1151 τῷ
2841 1085 3119 1155 προφήτῃ,
3152 1085 3206 1138 τί
3245 1083 3395 1154 λέγει
3428 1087 3462 1158 ἡ
3489 1088 3700 1161 Γραφὴ,
3733 1091 3807 1154 ὡ,

2219 1175 2538 1247 ἐντυγχάνει
2567 1174 2645 1246 τῷ
2670 1175 2815 1244 Θεῷ,
2838 1177 2981 1230 κατὰ
3007 1176 3100 1230 τοῦ
3143 1177 3358 1249 Ἰσραήλ
3382 1196 3396 1245 ;
3435 1197 3454 1231 ι
3487 1179 3698 1233 Οὐκοῦν
3722 1183 3810 1234 ἐν·

2217 1268 2379 1338 τυχία
2419 1269 2520 1322 οὐκ
2563 1267 2678 1322 ἐστι
2723 1269 2929 1338 δέησις.
2980 1268 3142 1323 Ἀλλὰ
3189 1269 3365 1324 ταῦτα
3401 1270 3502 1342 μὲν
3532 1273 3562 1326 6
3593 1273 3811 1344 Χρυσόο

2216 1377 2439 1430 στομος.
2475 1362 2566 1413 Δεῖ
2588 1361 2634 1415 δ’
2653 1355 2747 1414 οὖν
2773 1360 2855 1414 ἔτι
2885 1362 3394 1434 λεπτομερέστερον
3423 1364 3523 1428 τὰς
3539 1364 3806 1433 διαφορὰς

2213 1452 2325 1506 τῶν
2356 1453 2666 1524 εἰρημένων
2693 1451 2980 1523 ὀνομάτων
2995 1454 3420 1523 ἐπισκέψασθαι,
3446 1456 3540 1508 καὶ
3569 1456 3805 1510 ἐπιθεω-

2218 1544 2405 1614 ρῆσαι,
2433 1544 2515 1598 ὅτι
2542 1546 2617 1616 μὴ
2643 1542 2722 1616 τῷ
2755 1543 2952 1614 πλήθει
2979 1544 3142 1614 μόνον
3174 1545 3335 1600 ἱκανὰ
3357 1540 3497 1601 εἶναι
3515 1543 3794 1615 λέγεσθαι,

2212 1638 2350 1692 ἀλλὰ
2381 1637 2602 1700 καὶτοῖς
2635 1636 2941 1708 δεινότερον
2961 1637 3379 1703 διακωδωνίζειν
3411 1639 3584 1694 ταῦτα
3610 1640 3800 1712 βουλο-

2216 1729 2400 1799 μένοις
2425 1728 2678 1783 ἀνάλωτα
2704 1728 2801 1782 καλ⁸
2827 1728 3220 1800 ἀνεπηρέαστα
3247 1728 3550 1801 διαμένειν.

2722 2064 3058 2120 ΕΡΩΤΗΣΙΣ
3119 2065 3277 2121 ΡΞΝ.

2217 2265 2236 2299 ι
2286 2248 2369 2301 οὐ
2401 2247 2512 2318 γὰρ
2541 2246 2988 2316 ἐπαισχύνομαι
3025 2245 3092 2299 τὸ
3135 2246 3538 2314 Εὐαγγέλιονο
3571 2245 3794 2303 δικαιο-

2563 2338 2724 2404 σύνη
2756 2337 2865 2407 γὰρ
2888 2335 3061 2401 Θεοῦ,
3101 2355 3119 2387 ι
3155 2334 3251 2389 καὶ
3274 2332 3439 2403 ἑξῆς.

629 2494 884 2546 Editarum
907 2510 934 2546 a
963 2494 1143 2545 Wolﬁo
1173 2496 1412 2559 vigesima
1431 2493 1645 2557 septima
1696 2494 1754 2558 (l.
1781 2506 1848 2555 c.,
1871 2508 1919 2557 p.
1954 2491 2185 2544 803-809.
2212 2492 2414 2544 Galland
2435 2505 2482 2554 p.
2509 2491 2738 2553 748-750,
2780 2503 2832 2540 n.
2876 2490 2976 2554 45).
3006 2517 3067 2527 -
3094 2488 3150 2538 In
3193 2489 3334 2538 Rem.
3378 2503 3410 2551 ι,
3460 2489 3537 2550 16,
3597 2488 3670 2538 17.

576 2673 780 2728 Paulus
813 2673 893 2727 ait
923 2690 938 2728 :
980 2690 999 2723 ι
1040 2670 1158 2726 Non
1193 2671 1358 2743 pudet
1399 2688 1487 2729 me
1520 2672 1796 2742 Evangelii
1830 2687 1844 2724 :
1877 2670 2089 2742 justitia

502 2765 649 2818 enim
686 2763 779 2819 Dei
814 2765 869 2819 in
901 2764 996 2818 illo
1025 2765 1320 2819 revelatur.
1352 2782 1373 2816 ι
1407 2763 1691 2832 Quomodo
1721 2778 1851 2818 vero
1876 2762 2090 2831 justitia

503 2856 600 2912 Dei
639 2855 694 2910 in
742 2857 836 2911 illo
867 2857 1172 2911 revelatur?
1222 2857 1539 2928 quomodo?
1585 2857 1830 2928 inquam.
1881 2855 1939 2910 In
1985 2871 2085 2922 eo,

502 2949 647 3019 quod
686 2948 769 3003 lex
811 2950 984 3019 prima
1015 2947 1217 3004 .ludaais
1251 2949 1382 3004 solis
1437 2949 1563 3003 data
1610 2957 1714 3015 est,
1763 2962 1871 3002 non
1905 2956 2088 3002 autem

501 3040 714 3097 caeteris
761 3040 1102 3105 hominibus,
1145 3041 1398 3096 eumdem
1447 3040 1690 3111 alioquin
1735 3037 2088 3094 Conditorem

500 3131 862 3201 eamdemque
911 3141 1160 3186 naturam
1201 3132 1573 3188 habentibus:
1625 3140 1817 3186 contra
1850 3129 2094 3202 Evange-

500 3224 639 3279 lium
670 3225 928 3280 omnibus
954 3225 1146 3280 eodem
1175 3240 1374 3296 genere
1399 3225 1534 3280 ortis
1563 3225 1846 3294 aequaliter
1873 3239 2098 3293 compe-

497 3319 585 3374 tit.
641 3318 699 3372 In
744 3317 839 3372 illo
889 3333 1022 3373 vero
1067 3317 1282 3389 justitia
1336 3315 1430 3372 Dei
1471 3319 1777 3384 revelatur,
1840 3317 2096 3388 idemque

495 3409 721 3482 iustitiae
749 3411 1102 3480 Evangelium
1129 3421 1374 3468 vocatur.
1401 3411 1458 3466 lu
1489 3410 1665 3466 Veteri
1698 3411 1881 3480 itaque
1901 3409 2094 3464 Testa-

496 3515 685 3558 mento
709 3505 928 3559 vocatio
962 3520 1069 3560 non
1102 3514 1220 3559 erat
1262 3505 1450 3573 justa;
1512 3519 1691 3574 neque
1719 3503 1863 3557 enim
1900 3517 2091 3557 omnes

496 3593 704 3664 pariter
735 3595 965 3650 vocabat
994 3605 1090 3649 aut
1119 3576 1501 3660 illuminabat;
1536 3594 1633 3649 sed
1665 3591 1884 3648 Iudaeos
1918 3593 2088 3648 solos.

496 3685 687 3756 Itaque
708 3701 817 3740 non
845 3686 1148 3757 eratjnsta,
1179 3687 1271 3742 sed
1303 3685 1663 3751 meonomica,
1686 3701 1916 3757 quaeque
1942 3686 2087 3740 viam

492 3776 720 3846 iustitiae
739 3778 998 3833 muniret.
1017 3777 1192 3843 Absit,
1214 3787 1273 3833 ut
1295 3779 1439 3834 hanc
1456 3782 1681 3847 justam,
1701 3780 1848 3834 illam
1866 3796 1995 3836 vero
2015 3781 2091 3835 in-

495 3870 722 3939 justam,
747 3872 1034 3942 appellem!
1057 3872 1168 3927 lmo
1193 3888 1323 3926 vero
1343 3875 1483 3929 hanc
1501 3875 1643 3928 viam
1664 3885 1719 3929 et
1736 3877 2090 3946 praeparatio-

497 3975 620 4016 nem
671 3962 736 4016 ad
766 3961 927 4016 istam
973 3978 1095 4018 esse
1125 3964 1469 4034 sinapicantcs
1494 3963 1690 4033 Judari,
1720 3966 2004 4035 putabant,
2033 3977 2087 4021 et

497 4053 846 4121 Evangelium
880 4053 981 4108 sibi
1002 4055 1165 4108 etiam
1189 4056 1344 4114 solis.
1365 4055 1864 4124 sicutolimlegem,
1898 4057 2084 4110 datum

495 4145 582 4200 iri.
608 4145 810 4200 Praeter
832 4162 983 4217 spem
1013 4163 1144 4203 vero
1170 4150 1508 4218 exspectatio
1530 4150 1645 4205 haec
1671 4150 1827 4205 aliter
1864 4151 2081 4205 cecidit.

493 4237 787 4308 Propterea
809 4247 863 4294 et
882 4238 1050 4294 David
1075 4241 1150 4294 ait
1172 4259 1184 4294 :
1210 4259 1228 4292 ι
1258 4239 1728 4311 Exspectavimus,
1751 4241 1965 4307 oDeus,
1987 4243 2085 4297 mi-

494 4333 846 4388 Sericordiam
883 4341 1030 4388 tuam
1065 4335 1119 4388 in
1154 4334 1335 4388 medio
1363 4335 1544 4405 populi
1581 4336 1734 4390 tui".
1767 4355 1785 4388 ι
1819 4335 1881 4391 Ει
1910 4353 2077 4391 mox:

2272 2667 2395 2721 ’Ότι
2423 2665 2599 2738 Ϊφησὶν
2644 2669 2673 2720 6
2720 2663 2954 2730 Παῦλος,
2992 2683 3011 2716 ι
3044 2665 3117 2717 Οὐ
3147 2663 3256 2736 γὰρ
3282 2667 3683 2738 ἐπαισχύνομαι
3733 2666 3796 2718 τὸ

2209 2759 2554 2829 Ἐυαγγέλιον
2578 2777 2592 2793 ο
2623 2758 2940 2829 δικαιοσύνη
2981 2758 3090 2828 γὰρ
3139 2757 3275 2811 Θεοῦ
3309 2759 3367 2811 ἐν
3392 2757 3542 2827 αὐτῷ
3571 2761 3787 2812 ἀποκα-

2194 2851 2478 2907 λύπτεται.
2511 2872 2530 2906 ι
2569 2852 2693 2916 Πῶς
2742 2848 2834 2906 οὖν
2869 2851 3184 2922 δικαιοσύνη
3229 2850 3363 2904 Θεοῦ
3388 2853 3443 2903 ἐν
3465 2850 3614 2921 αὐτῷ
3650 2851 3790 2904 ἁπο-

2196 2946 2562 3013 καλύπτεται;
2621 2945 2748 3009 Πῶς
2792 2944 2940 3016 (98);
3014 2944 3232 3014 Ἐπειδὴ
3277 2946 3305 2998 6
3359 2943 3576 3014 πρῶτος
3627 2944 3794 3012 νόμος

2208 3039 2488 3103 Ἰουδαίοις
2515 3040 2699 3110 μόνοις
2739 3037 2948 3091 ἐδέδοτο
2979 3037 3072 3090 καὶ
3107 3037 3300 3108 (99)ού
3343 3037 3453 3090 τῶν
3485 3035 3662 3090 ἄλλων
3696 3038 3797 3091 ἀν-

2198 3130 2452 3201 θρώπων,
2500 3131 2600 3202 τῆς
2633 3130 2804 3198 αὐτῆς
2869 3129 3229 3199 ὑπαρχόντων
3271 3128 3643 3201 δημιουργίας
3717 3147 3794 3184 κα

2197 3223 2433 3294 φύσεως,
2460 3223 2523 3277 τὸ
2560 3223 2618 3275 δέ
2652 3223 2988 3292 Εὕαγγέλιυν
3020 3224 3185 3276 πᾶσιν
3219 3222 3498 3292 δμοτίμως
3525 3224 3640 3287 τοῖς
3666 3223 3796 3291 ὁμο-

2197 3313 2390 3384 φυέσιν
2418 3313 2646 3376 εἰκότως
2676 3329 2690 3345 ⁸
2729 3313 2788 3366 ἐν
2847 3311 2997 3383 αὐτῷ
3045 3310 3362 3379 δικαιοσύνη
3400 3312 3537 3365 Θεοῦ
3572 3314 3792 3367 ἀποκα-

2194 3409 2457 3464 λύπτεται
2496 3409 2595 3482 (1),
2629 3409 2722 3463 καὶ
2757 3408 3003 3463 καλεῖται
3053 3409 3402 3480 δικαιοσύνης
3429 3410 3788 3479 Εὐαγγέλιον.

2205 3503 2294 3556 Ἐν
2323 3501 2502 3556 τοίνυν
2545 3505 2611 3574 τῇ
2640 3502 2856 3575 Παλαιᾷ
2898 3501 3148 3576 Διαθήκῃ
3175 3504 3277 3556 οὐκ
3314 3499 3382 3576 ἦν
3411 3505 3443 3575 ἡ
3483 3503 3677 3574 κλῆσις
3704 3503 3793 3556 δι-

2191 3592 2324 3647 καία
2353 3609 2368 3625 ⁸
2399 3593 2460 3646 οὐ
2483 3592 2593 3665 γὰρ
2638 3593 2841 3663 ὁμοίως
2876 3593 3087 3657 πάντας
3121 3594 3308 3648 ἐκάλει
3335 3595 3431 3648 καὶ
3474 3592 3742 3663 ἐφώτιζεν
3775 3610 3789 3623 ⁸

2190 3687 2304 3749 τοῖς
2347 3685 2620 3749 Ἰουδαίοις
2651 3683 2710 3738 δὲ
2743 3685 2924 3756 μόνοις
2959 3685 3058 3754 (‘2).
3086 3685 3202 3738 υύκ
3226 3681 3292 3754 ἦν
3329 3684 3422 3738 οὖν
3442 3685 3647 3750 δικαία,
3670 3686 3792 3739 ἀλλ’

2190 3777 2534 3848 οἰκονομικὴ,
2559 3775 3172 3847 προπαρασκευάζουσα
3208 3775 3326 3828 ὁδὸν
3350 3777 3414 3845 τῇ
3445 3773 3788 3847 δικαιοσύνῃ·

2189 3872 2249 3925 οὐ
2297 3871 2440 3940 λέγω
2503 3871 2707 3944 ταύτην
2743 3871 2959 3925 δικαίαν
2992 3911 3007 3936 ,
3066 3871 3330 3941 κάκείνην
3381 3869 3585 3923 ἄδικον.
3643 3869 3791 3924 Ἀλλ’

2189 3966 2404 4036 ἐκείνην
2456 3965 2575 4019 ὁδὸν
2628 3965 2834 4034 ταύτης
2897 3966 2995 4020 καὶ
3061 3964 3515 4032 προκατασκευὴν
3575 3963 3786 4034 ταύτης

2190 4059 2570 4129 ὑπελάμϐανον
2632 4059 2683 4113 οἱ
2744 4059 3024 4124 Ἰουδαῖοι,
3074 4058 3155 4110 ὅτι
3196 4058 3292 4110 καὶ
3345 4057 3405 4110 τὸ
3452 4055 3789 4124 Εὑαγγέλιον

2186 4153 2367 4216 αὐτοῖς
2411 4151 2700 4223 δοθήσεται
2744 4153 2838 4204 καὶ
2878 4152 3084 4222 μόνοις,
3133 4149 3321 4220 ὥσπερ
3367 4147 3463 4202 καλ⁵
3512 4149 3542 4200 6
3573 4147 3742 4216 νόμος
3771 4162 3785 4175 ·

2185 4247 2347 4318 ἐξέϐη
2375 4246 2431 4299 δὲ
2473 4244 2604 4315 παρ’
2641 4244 2865 4310 ἐλπίδας
2908 4246 2942 4315 ἡ
2983 4243 3306 4315 προσδοκία·
3355 4242 3436 4295 διὸ
3487 4243 3582 4295 καὶ
3616 4240 3788 4293 Δαϐὶδ

2183 4339 2382 4408 λέγει’(
2404 4337 2800 4408 ’Υπελάϐομεν,
2822 4336 2850 4388 6
2875 4336 3027 4402 Θεὸς,
3045 4333 3107 4388 τὸ
3133 4333 3280 4398 ἔλεός
3307 4351 3399 4387 σου
3425 4335 3482 4386 ἐν
3513 4333 3662 4404 μέσῳ
3687 4332 3787 4386 τοῦ

498 4445 518 4478 ι
552 4425 723 4481 Prout
770 4442 964 4482 nomen
1000 4437 1153 4482 tuum
1204 4436 1325 4493 est,
1379 4428 1558 4488 Deus,
1597 4429 1668 4482 ita
1700 4428 1866 4483 etiam
1908 4428 2076 4499 gloria

2199 4427 2312 4481 ιαοῦ
2339 4445 2432 4481 σου
2463 4442 2513 4479 ἰ
2531 4423 2672 4492 εἶτα,
2709 4445 2728 4480 ι
2766 4425 2926 4479 Κατὰ
2948 4425 3009 4478 τὸ
3043 4425 3219 4495 ὄνομά
3255 4441 3372 4486 σου,
3399 4424 3427 4475 6
3455 4422 3608 4487 Θεὸς,
3637 4420 3786 4475 οὕτω

493 4519 648 4573 tua"
681 4537 693 4572 :
730 4537 750 4569 ι
809 4534 916 4575 non
965 4519 1142 4576 solum
1188 4519 1244 4574 in
1289 4521 1468 4575 medio
1520 4522 1704 4591 populi
1740 4521 1848 4588 tui,
1880 4522 1974 4577 sed
2025 4529 2081 4577 et

491 4624 656 4679 super
691 4625 883 4665 omnes
915 4610 1052 4666 lines
1090 4619 1270 4666 terrae.
1290 4609 1632 4668 Ostensurns
1653 4623 1834 4668 autem
1853 4613 2081 4684 justitia:

490 4719 615 4759 esse
633 4704 879 4759 omnium
906 4713 1064 4760 terrae
1087 4704 1278 4759 finium
1306 4706 1577 4771 misereri,
1606 4705 1757 4760 addit
1785 4725 1799 4762 :
1834 4725 1852 4758 ι
1878 4705 2079 4762 Dextra

491 4801 584 4847 tua
641 4794 802 4864 plena
855 4803 942 4849 est
1002 4795 1261 4864 justitizc;
1320 4793 1584 4851 Dominus
1670 4795 1918 4864 regnavit
1945 4798 2013 4850 “.
2055 4814 2072 4848 ι

489 4879 777 4946 Quomodo
811 4897 940 4938 vero
968 4881 1170 4937 dicitur
1199 4900 1213 4937 :
1275 4901 1294 4932 ι
1330 4882 1577 4951 regnavit
1607 4880 1794 4937 Deus?
1827 4901 1846 4934 ι
1885 4880 2079 4938 Nonne

489 4971 632 5040 ideo,
658 4975 800 5044 quod
835 4975 1042 5047 regiam
1078 4975 1227 5028 illam
1251 4973 1570 5044 dignitatem
1613 4989 1802 5029 recens
1831 4974 2077 5044 accepit?

491 5057 548 5116 Si
577 5065 723 5117 enim
753 5061 1024 5118 dixisset:
1070 5060 1337 5118 Dominus
1384 5072 1612 5132 regnat,
1656 5070 1920 5117 aeternum
1953 5063 2074 5133 ejus

1324 5239 1368 5271 ⁸⁸
1398 5237 1558 5295 Rom.
1599 5254 1660 5308 ll,
1685 5239 1740 5294 2.
1836 5243 1898 5274 ¹⁸⁶
1935 5244 2073 5301 Rom

597 5239 688 5310 "i
715 5239 850 5307 Reg.
881 5256 996 5304 xix,
1025 5239 1058 5294 9
1081 5254 1234 5310 seqq.

487 5326 610 5380 xcv,
642 5309 707 5380 9;
743 5327 886 5379 xcvr,
923 5312 979 5380 l;
1006 5309 1276 5377 xcvmﬂ.

2084 5287 2097 5300 .
2131 5262 2170 5313 ι,
2201 5245 2288 5302 16.
2375 5249 2417 5281 ¹⁹
2447 5248 2591 5304 Psal.
2633 5265 2802 5316 XLVII,
2839 5250 2890 5305 9.
2977 5252 3022 5282 ²⁰
3055 5249 3198 5307 Psal.
3237 5265 3367 5316 xcn,
3401 5249 3450 5303 1.

2183 4522 2326 4592 καὶὴ
2357 4519 2561 4582 αίνεσίς
2597 4535 2692 4572 σου
2713 4534 2727 4549 °
2755 4519 2879 4588 οὐχὶ
2908 4519 2966 4572 ἐν
2995 4519 3146 4586 μέσῳ
3172 4515 3270 4569 τοῦ
3300 4514 3432 4569 λαοῦ
3459 4533 3553 4569 σου
3589 4514 3781 4585 μόνον,

2182 4612 2318 4668 ἀλλὰ
2347 4612 2443 4664 ἐπὶ
2483 4610 2550 4665 τὰ
2606 4611 2823 4682 πέρατα
2883 4611 2985 4681 τῆς
3038 4610 3143 4679 γῆς
3171 4624 3186 4639 ⁸
3226 4609 3317 4664 καὶ
3355 4609 3445 4662 ἵνα
3489 4607 3662 4680 δείξῃ,
3692 4609 3781 4661 ὅτι

2182 4705 2243 4760 τὸ
2275 4703 2495 4777 ἐλεῆσαι
2535 4705 2606 4758 τὰ
2646 4704 2860 4775 πέρατα
2907 4705 3009 4773 τῆς
3057 4703 3162 4772 γῆς
3201 4700 3550 4771 δικαιοσύνης
3602 4702 3780 4764 ἐστὶν,

2183 4797 2381 4866 ἐπάγει
2407 4814 2420 4827 ·
2469 4815 2486 4848 ι
2532 4796 2889 4866 Δικαιοσύνης
2914 4795 3188 4866 πλήρηςὴ
3224 4793 3377 4858 δεξιά
3419 4811 3534 4847 σου.
3579 4793 3636 4845 ’0
3667 4794 3787 4847 Κύ-

2187 4902 2302 4957 ριος
2323 4884 2675 4939 ἐϐασίλευσεν
2706 4902 2719 4916 ⁸
2761 4905 2779 4936 ι
2814 4886 2949 4950 πῶς,
2977 4905 2994 4936 ι
3030 4885 3058 4937 6
3093 4886 3294 4954 Κύριος
3327 4883 3720 4946 ἐϐασίλευσενς
3759 4903 3777 4935 ι

2183 4969 2273 5046 ἆρ’
2300 4974 2376 5039 ὡς
2407 4977 2718 5047 πρόσφατον
2747 4975 2929 5029 λαϐὼν
2959 4976 3020 5028 τὸ
3052 4977 3153 5047 τῆς
3188 4975 3470 5046 βασιλείας
3515 4975 3737 5042 ἀξίωμα
3763 4993 3778 5039 ;

2180 5067 2230 5120 εί
2260 5067 2359 5138 μὲν
2398 5069 2507 5140 γὰρ
2532 5065 2684 5123 εἶπεν
2714 5085 2728 5099 ·
2778 5068 2836 5122 '0
2868 5068 3076 5140 Κύριος
3127 5068 3422 5139 βασιλεύει,
3450 5069 3548 5140 τὴν
3606 5068 3780 5122 ἀΐδιον

3556 5249 3596 5280 ²¹
3625 5245 3773 5302 Psal.

2003 5479 2235 5538 NOTIE.

588 5663 677 5734 98)
710 5663 828 5734 πῶς
853 5657 945 5734 οὖν
985 5696 1052 5708 --
1081 5666 1232 5734 πῶς;
1265 5677 1395 5723 sunt
1426 5683 1490 5725 ex
1524 5669 1762 5726 Colbcrt.

584 5733 762 5811 99)_96
792 5733 950 5811 (ξομ).
1012 5737 1153 5811 male
1216 5733 1440 5794 Omittit.
1499 5739 1814 5796 Memineris
1853 5755 2073 5811 quoque

491 5799 581 5882 hic;
607 5801 1136 5882 subintelligendnm
1151 5823 1276 5863 esse
1315 5812 1448 5878 τοῖς,
1487 5811 1591 5867 hoc
1627 5827 1793 5867 sensu
1825 5828 1839 5864 :
1871 5799 2072 5866 καὶὀύ

490 5872 603 5937 τοῖς
622 5872 732 5927 τῶν
762 5872 940 5930 ἄλλων
968 5875 1290 5948 ἀνθρώπων.

2254 5668 2332 5738 (1)
2367 5669 2821 5724 ἀποκαλύπτεται
2857 5669 3025 5725 debeo
3048 5669 3381 5725 Colbertino.

2253 5736 2331 5808 (2)
2363 5738 2679 5806 Legendum
2711 5739 2893 5804 fuerit,
2949 5740 3078 5804 τοὺς
3145 5739 3434 5801 Ἰουδαίους
3469 5737 3526 5790 δὲ
3556 5736 3774 5808 μόνους,

2182 5824 2259 5934 56c.
2292 5809 2498 5877 ἐκάλει,
2527 5810 2634 5867 nisi
2667 5828 2734 5868 ex
2765 5811 3150 5883 superioribus
3209 5818 3457 5882 repetere
3495 5809 3628 5865 velis
3656 5807 3779 5861 ἐδέο-

2217 5896 2325 5934 οτο.
