4110 6440
317 430 422 493 853

1138 430 1235 494 AD
1255 431 1854 496 AMPHILOCHIUM
1877 429 2227 502 QUAESTIO
2256 431 2502 501 CLXIV,
2543 432 2761 495 CLXV.

3493 432 3601 497 854

311 538 473 597 αὑτοῦ
508 539 814 611 ὲρμήνευεν
859 542 1132 606 ἐξουσιαν.
1172 544 1356 599 Εἰπὼν
1402 546 1480 613 δὲ,
1525 546 1897 610 ἐϐασίλευσεν,

2007 542 2308 597 dominium
2350 544 2668 599 indicasset.
2698 544 2929 611 Quando
2972 560 3104 599 vero
3136 544 3213 599 ait
3245 584 3260 608 ,
3308 546 3550 613 regnavit
3579 583 3597 611 ,

308 636 407 705 τὴν
436 628 527 687 διὰ
560 635 764 705 σαρκὸς
788 637 953 690 αὐτοῦ
978 639 1289 708 οἰκονομίαν
1311 636 1659 713 λέγει,’δι“ἦς
1684 644 1717 713 η
1739 642 1901 711 φύσις

310 726 468 798 ἡμῶν
512 726 610 797 τὴν
658 728 1017 797 ἐπικράτειαν
1051 730 1145 783 τοῦ
1180 731 1430 786 διαϐόλου
1483 733 1585 804 τῆς
1625 735 1903 807 ἁμαρτίας

309 819 402 872 τοῦ
447 819 679 873 θανάτου
723 821 1133 893 ἀποσεισαμένη
1161 824 1378 893 ἐπέγνω
1409 825 1670 898 Πλάστην
1702 828 1793 881 τὸν
1826 828 1901 892 ὡς

311 912 527 983 ἀληθῶς
550 911 798 982 βασιλέα,
829 913 921 968 τὸν
948 916 1183 988 χορηγὸν
1206 918 1305 989 τῆς
1332 920 1642 990 ἀφθαρσίας
1666 921 1742 992 (5)
1803 922 1904 993 τῆς

309 1003 683 1069 ἀναστάσεως.
740 1007 1168 1077 Εύαγγελίζεται
1232 1011 1415 1066 τοίνυν
1482 1015 1511 1067 6
1564 1015 1730 1069 Δαϐὶδ
1790 1016 1905 1079 τοῖς

310 1095 544 1166 ὑπὸτῆς
586 1098 886 1169 ἁμαρτίας,
916 1101 1021 1154 ὑπὸ
1075 1101 1153 1172 (ιι)
1214 1101 1308 1155 τοῦ
1344 1103 1597 1171 θανάτου,
1651 1106 1756 1160 ὑπὸ
1806 1105 1902 1160 τοῦ

310 1188 559 1243 διαϐόλου
595 1190 766 1244 πάλαι
799 1190 1263 1264 βασιλευομένοις,
1298 1195 1381 1249 ὅτι
1433 1197 1463 1249 6
1501 1195 1664 1267 ζυγὸς
1696 1200 1906 1263 ἐκεῖνος

314 1280 748 1351 συντέτριπται,
814 1284 876 1337 τὸ
936 1286 1135 1357 κράτος
1194 1286 1431 1355 λέλυται,
1478 1291 1570 1343 καὶ
1628 1289 1906 1361 βασιλεύει

312 1371 533 1425 πάντων
559 1374 588 1425 6
619 1372 845 1443 Κύριος,
879 1376 954 1440 ὡς
988 1378 1083 1429 καὶ
1106 1378 1271 1442 αὐτὸς
1314 1380 1452 1451 μετά
1473 1383 1573 1451 τὴν
1605 1383 1906 1437 ἀνάστασιν

313 1464 417 1535 ἔφη
446 1481 459 1496 ·
495 1483 515 1517 t
578 1466 766 1537 Ἐδόθη
802 1486 893 1538 μοι
935 1470 1087 1523 πᾶσα
1118 1469 1337 1536 ἐξουσία
1367 1475 1425 1526 ἐν
1451 1474 1665 1545 οὐρανῷ
1690 1476 1785 1529 καὶ
1812 1476 1907 1529 ἐπὶ

311 1558 437 1629 γῆς.
480 1576 498 1610 ι
544 1559 682 1629 Πρὶν
713 1560 770 1614 δὲ
818 1561 1171 1617 ἐϐασίλευσεν
1217 1563 1375 1635 ἡμῶν
1412 1566 1441 1618 6
1477 1566 1707 1631 θάνατος
1752 1568 1845 1621 καὶ
1871 1570 1905 1639 ἡ

314 1648 563 1721 ἁμαρτία
587 1668 603 1684 ο
644 1670 664 1703 ι
717 1653 1064 1708 Ἐϐασίλευσε
1094 1656 1205 1728 γὰρ
1258 1657 1287 1710 6
1316 1657 1546 1723 θάνατος
1589 1660 1697 1713 ἀπὸ
1736 1661 1908 1732 Ἀδὰμ

314 1742 480 1812 μέχρι
524 1743 827 1812 Μωῦσέως,
861 1766 880 1801 ›
917 1749 1010 1802 καὶ
1039 1749 1166 1820 ἑξῆς
1195 1765 1209 1780 ·
1236 1751 1331 1804 καὶ
1378 1752 1407 1804 6
1437 1752 1628 1825 Σωτὴρ
1658 1754 1787 1826 περὶ
1816 1755 1905 1808 τοῦ

310 1833 563 1888 διαϐόλου
600 1853 613 1866 ο
658 1838 774 1903 καὶ,
813 1857 833 1890 ι
874 1840 937 1892 Ei
968 1842 995 1893 6
1024 1842 1270 1907 Σατανᾶς
1296 1844 1388 1898 τὸν
1425 1847 1674 1902 Σατανᾶν
1705 1849 1903 1902 ἐκϐάλ-

310 1923 416 1991 λει,
446 1926 711 1999 ἐμερίσθη
738 1930 769 1999 ή
797 1929 1045 1999 βασιλεία
1072 1934 1239 1987 αὐτοῦ
1264 1952 1279 1967 ο
1318 1955 1336 1987 ι
1378 1937 1517 1991 ὥστε
1554 1940 1905 1996 ἐϐασίλευσεν

309 2016 419 2087 πρὸ
446 2018 549 2085 τῆς
586 2020 879 2091 ἐπιδημίας
912 2023 1008 2077 τοῦ
1038 2026 1275 2096 Χριστοῦ
1316 2028 1411 2081 τοῦ
1443 2031 1635 2099 γένους
1688 2034 1849 2103 ἡμῶν
1874 2038 1903 2089 6

310 2108 581 2175 Σατανᾶς,
621 2112 761 2165 ἀλλὰ
800 2115 894 2170 καὶ
946 2119 979 2189 ἡ
1036 2119 1300 2191 ἁμαρτία.
1334 2122 1499 2192 Λέγει
1530 2126 1638 2195 γὰρ
1685 2127 1847 2181 πάλιν
1877 2129 1905 2180 6

309 2199 526 2264 Παῦλος
553 2217 569 2232 ·
617 2222 636 2255 ι
699 2205 908 2279 Ὥσπερ
956 2210 1066 2280 γὰρ
1098 2212 1444 2268 ἐϐασίλευσεν
1487 2218 1521 2288 ὴ
1570 2218 1813 2290 ἁμαρτία
1850 2222 1907 2275 ἐν

308 2291 399 2383 τῷ,
422 2292 601 2365 θνητῷ
639 2297 798 2367 ἡμῶν
840 2298 1076 2370 σώματι,
1130 2302 1272 2357 οὕτω
1322 2307 1482 2379 καὶὴ
1526 2309 1687 2381 χάρις
1747 2312 1902 2383 βασι-

308 2382 459 2437 λεύει
502 2385 592 2438 διά
621 2387 881 2459 Χριστοῦ.
924 2411 942 2443 ι
966 2425 1033 2434 -
1068 2412 1087 2445 ‹
1139 2395 1196 2449 Ὀ
1227 2396 1432 2469 Κύριος
1456 2382 1838 2455 ἐϐασίλευσεν·
1880 2424 1899 2456 ι

309 2476 589 2531 πέπαυται
621 2482 720 2550 τῆς
751 2482 1025 2553 ἁμαρτίας
1062 2487 1122 2540 τὸ
1156 2490 1376 2561 κράτος,
1406 2493 1499 2546 τοῦ
1529 2494 1783 2561 Θανάτου,
1808 2497 1903 2551 τοῦ

306 2569 562 2663 διαϐόλου
586 2573 810 2630 ὀὐκοῦν
832 2578 1232 2653 ἀγαλλιάσθωή
1259 2585 1351 2656 γῆ,
1378 2587 1411 2657 ή
1448 2587 1611 2658 φύσις
1640 2591 1901 2663 γηγενὴς,

309 2661 349 2733 ἡ
376 2664 505 2716 ποτὲ
525 2665 877 2740 πλανωμένη,
897 2671 990 2724 νῦν
1015 2674 1073 2726 δὲ
1097 2674 1455 2750 δοξαζομένη,
1487 2682 1521 2752 ἡ
1556 2682 1688 2735 ποτέ
1717 2685 1774 2736 ὲν
1801 2661 1897 2738 τάο

307 2771 453 2850 φοις,
487 2758 607 2850 ,νῦν
662 2762 721 2814 ἐν
776 2762 1010 2834 θρόνοις.
1046 2768 1191 2834 Ὅτι,
1231 2772 1395 2840 φησι]
1422 2812 1438 2835 ,
1485 2775 1798 2847 οἰκονομίας
1836 2773 1906 2850 ἦν

308 2846 381 2900 τὰ
427 2849 669 2942 πλεῖστα
741 2853 849 2909 τῶν
919 2859 976 2912 ἐν
1038 2862 1103 2931 τῇ
1151 2863 1388 2937 Παλαιᾷ,
1451 2867 1568 2920 ἀλλ’
1616 2846 1716 2924 οῦκ
1770 2846 1902 2942 ἀρε-

311 2940 505 3005 σκείας
553 2942 690 2997 Θεοῦ
718 2947 814 2999 καὶ
859 2954 1284 3024 προηγουμένης
1329 2957 1619 3023 εύδοκίας’
1668 2962 1763 3015 καὶ¹
1811 2940 1904 3016 τύ-

308 3048 404 3126 ποι
433 3033 544 3087 τῶν
598 3036 904 3107 μελλόντων
939 3043 1035 3096 καὶ
1089 3046 1240 3100 σκιαί
1275 3064 1288 3077 ·
1328 3049 1444 3101 ἀλλ’
1473 3051 1573 3104 οὐκ
1640 3054 1781 3107 αὐτὰ
1824 3056 1899 3126 (5)

306 3123 382 3177 τὰ
413 3127 737 3196 πράγματα.
763 3131 875 3184 Καὶ
904 3132 1052 3188 ἐστιν
1080 3137 1208 3191 ἰδεῖν
1238 3140 1323 3192 ἐπ’
1352 3141 1535 3195 αὐτῶν
1552 3143 1689 3198 ἄλλα
1715 3123 1901 3217 μὲν

2006 635 2119 699 illa,
2151 650 2272 705 quae
2302 636 2372 690 ab
2398 651 2464 690 co
2496 639 2549 690 in
2580 640 2748 693 car'ne
2778 645 2928 707 gesta
2956 649 3106 702 sunt,
3142 636 3368 699 indicat,
3399 636 3602 705 quibus

2007 730 2208 782 factum
2234 736 2337 793 εει,
2372 736 2432 783 ιιι
2472 738 2670 784 natura
2703 740 2910 795 nostra,
2944 729 3169 796 diaboli,
3205 728 3415 799 peccati
3450 743 3602 782 mor-

2006 822 2185 892 tisque
2218 821 2510 891 imperium
2538 823 2787 888 amolita,
2812 821 3159 877 Conditorem
3192 838 3375 887 suum,
3408 836 3597 875 verum

2007 915 2159 969 illum
2186 931 2391 983 regem,
2420 925 2479 970 ut
2505 916 2704 970 ducem
2736 914 3155 969 resurrectionis
3187 923 3239 969 et
3269 912 3599 983 incorrupti-

2007 1006 2235 1061 bilitatis
2262 1016 2607 1077 agnosceret.
2640 1006 2810 1061 David
2846 1007 3005 1077 igitur
3038 1006 3172 1071 illis,
3202 1007 3254 1060 in
3284 1022 3421 1075 quos
3450 1021 3599 1059 mors

2005 1108 2061 1155 et
2083 1099 2336 1156 diabolus
2367 1100 2497 1155 olim
2528 1100 2844 1155 dominatus
2891 1108 3032 1165 erat,
3057 1099 3238 1152 laetum
3270 1100 3415 1153 hunc
3454 1114 3597 1152 nun-

2007 1192 2141 1247 tium
2179 1191 2365 1258 aIIert,
2395 1193 2539 1262 quod
2568 1192 2763 1263 jugum
2800 1192 2933 1246 illud
2964 1190 3198 1245 fractum
3236 1191 3329 1256 sit,
3358 1199 3601 1259 potestas

2009 1285 2235 1352 abolita,
2269 1293 2324 1340 et
2357 1283 2626 1340 Dominus
2655 1285 2913 1339 omnibus
2947 1286 3199 1354 imperet,
3240 1285 3599 1352 quemadmo-
3629 1284 3635 1359 ς

2008 1378 2136 1432 dum
2188 1388 2241 1432 et
2288 1376 2404 1446 ipse
2459 1386 2583 1446 post
2628 1376 3091 1431 resurrectionem
3150 1374 3282 1429 dicit
3329 1393 3339 1428 :
3393 1393 3411 1424 ι
3468 1366 3635 1427 Data1

2007 1481 2092 1526 est
2122 1472 2254 1525 mihi
2301 1469 2484 1525 omnis
2533 1479 2773 1540 potestas
2814 1468 2869 1522 in
2914 1476 3054 1523 ccelo
3099 1477 3153 1521 et
3201 1468 3253 1521 in
3306 1475 3449 1521 terra
3467 1468 3539 1521 ”.
3575 1484 3594 1516 ι

2006 1565 2179 1618 Antea
2212 1578 2342 1618 vero
2389 1578 2543 1617 mors
2585 1572 2639 1617 et
2674 1572 2957 1632 peccatum
2995 1560 3154 1615 nobis
3195 1560 3597 1613 dominabatur.

2013 1672 2032 1706 ι
2091 1653 2238 1708 Mors
2302 1653 2449 1707 enim
2503 1654 2781 1709 dominata
2840 1660 2926 1706 est
2978 1651 3049 1705 ab
3096 1652 3307 1706 Atlamo
3364 1650 3431 1705 ad
3486 1650 3598 1704 Mo-

2009 1762 2105 1803 sen
2126 1747 2195 1812 ²³,
2220 1764 2239 1798 ι
2268 1755 2376 1803 etc.
2427 1746 2686 1802 Servator
2717 1761 2846 1801 vero
2875 1746 2942 1801 de
2972 1745 3189 1800 diabolo
3219 1744 3295 1799 ait
3334 1765 3347 1801 :
3389 1763 3406 1795 ι
3434 1742 3500 1798 Ει
3551 1745 3599 1799 si

2011 1841 2247 1898 Satanas
2299 1840 2559 1896 Satanam
2609 1841 2850 1910 expellit,
2906 1854 3133 1910 regnum
3188 1838 3308 1908 ejus
3360 1839 3599 1894 divisum

2008 1934 2174 1989 est“.
2210 1952 2229 1985 ι
2281 1932 2470 2003 Itaque
2510 1942 2636 1987 ante
2670 1932 2962 1987 adventum
2993 1931 3198 1987 Christi
3229 1931 3372 1999 genti
3401 1940 3601 1985 nostrae

2008 2026 2324 2081 dominatus
2356 2034 2440 2080 est
2476 2024 2729 2083 Satanas.
2784 2025 2893 2079 imo
2943 2033 2998 2078 et
3049 2031 3356 2093 peccatum.
3396 2022 3601 2077 Paulus

2008 2118 2155 2173 enim
2185 2118 2383 2173 iterum
2435 2118 2511 2171 ait
2542 2137 2556 2173 ι
2593 2138 2611 2168 ι
2649 2118 2805 2173 Sicut
2835 2117 2981 2172 enim
3033 2127 3317 2186 peccatum
3355 2117 3602 2185 regnarit

2011 2212 2065 2267 in
2100 2212 2322 2266 mortali
2359 2221 2551 2267 nostro
2589 2227 2841 2282 corpore,
2882 2211 2954 2265 ita
2990 2212 3154 2266 etiam
3188 2211 3359 2280 gratia
3406 2216 3602 2279 regnat

2008 2320 2105 2373 per
2139 2304 2508 2359 Christum".
2547 2323 2565 2356 ι
2592 2334 2664 2343 -
2695 2323 2713 2355 ι
2756 2304 3019 2358 Dominus
3070 2304 3343 2373 regnavit;
3383 2323 3402 2355 ι
3437 2302 3600 2357 desiit

2008 2397 2235 2468 peccati,
2268 2397 2484 2463 mortis,
2508 2396 2714 2451 diaboli
2743 2397 2932 2451 robur.
2956 2395 3142 2466 Itaque
3164 2396 3397 2451 exsultet
3428 2406 3595 2461 terra,

2009 2500 2204 2543 natura
2265 2496 2506 2552 terrana,
2560 2488 2688 2542 olim
2740 2487 3021 2542 erroribus
3054 2487 3275 2556 iactata,
3318 2486 3433 2556 jam
3468 2501 3599 2539 vero

2006 2581 2329 2652 gloriﬁcata,
2373 2579 2503 2633 olim
2547 2578 2781 2648 sepulta,
2812 2592 2960 2632 nunc
2989 2577 3043 2629 in
3076 2577 3276 2630 throno
3306 2574 3596 2629 collocata.

2008 2674 2293 2743 Pleraque,
2324 2673 2420 2736 ait,
2455 2671 2669 2727 Veteris
2697 2669 3034 2725 Testamenti
3084 2685 3180 2739 per
3233 2668 3596 2725 mconomiam

2007 2769 2299 2838 quamdam
2326 2767 2646 2837 agebantur,
2673 2764 2785 2820 Deo
2806 2779 2935 2819 vero
2956 2780 3062 2818 non
3091 2779 3186 2836 per
3207 2778 3266 2818 se
3290 2762 3599 2834 placebant,

2007 2870 2103 2915 aut
2129 2860 2396 2915 voluntati
2429 2860 2549 2929 eius
2578 2858 2867 2928 praecipua:
2899 2856 3336 2912 Satisfaciebant.
3388 2853 3521 2925 Typi
3547 2863 3604 2909 ct

2008 2952 2216 3006 umbra:
2245 2960 2402 3005 erant
2442 2950 2775 3014 futurorum,
2822 2963 2931 3002 non
2975 2962 3065 3002 res
3110 2946 3258 3017 ipsae.
3308 2944 3496 3015 Itaque
3544 2944 3601 2997 iu

2007 3044 2112 3099 illis
2140 3044 2275 3099 alias
2303 3044 2535 3113 liguras,
2588 3042 2693 3096 alia
2725 3056 2855 3095 vero
2905 3055 3066 3095 sensa
3098 3039 3417 3108 conspicere
3455 3036 3601 3091 licet.

2005 3137 2083 3192 Ita
2116 3139 2258 3192 Deus
2294 3152 2401 3191 non
2432 3135 2649 3204 penitus
2696 3133 2997 3204 acquiescit
3041 3134 3093 3186 in
3161 3130 3459 3202 hyacintho
3508 3137 3605 3183 aut

310 3218 603 3289 σχήματα,
634 3221 768 3275 ἀλλα
793 3224 849 3276 δὲ
899 3226 969 3279 τά
1028 3228 1277 3299 νοήματα
1303 3248 1317 3262 °
1362 3227 1473 3287 οἷον
1491 3236 1712 3300 πάντως
1772 3238 1903 3303 Θεὸς

2007 3244 2284 3299 purpura,
2328 3237 2424 3281 aut
2451 3241 2642 3291 cocco,
2677 3234 2775 3279 aut
2804 3226 2987 3296 bysso.
3026 3222 3173 3277 Deus
3210 3222 3357 3277 enim
3391 3221 3599 3275 anima-

307 3308 412 3362 οὐκ
462 3312 538 3381 (6)
584 3313 924 3371 ἀναπαύεται
981 3321 1223 3395 ὑακίνθῳ
1274 3327 1367 3379 καὶ
1446 3329 1749 3402 πορφύρᾳ,
1807 3333 1901 3386 καὶ

308 3401 519 3474 κόκκῳ,
565 3407 662 3460 καλ⁹
708 3408 909 3479 βύσσῳ.
948 3412 1080 3477 Θεὸς
1122 3417 1231 3487 γὰρ
1259 3418 1447 3489 ψυχῶν
1484 3401 1708 3476 ἀπαιτεί
1737 3423 1904 3477 καθα-

315 3495 542 3565 ρότητα,
572 3499 634 3552 οὐ
689 3502 958 3572 σωμάτων
987 3504 1147 3578 ἄνθη,
1191 3510 1285 3562 καὶ
1340 3510 1728 3584 λαμπρότητα,
1784 3516 1899 3570 ἀλλ’

312 3588 371 3641 ἐν
410 3590 533 3653 ταῖς
582 3597 927 3664 σωματικαῖς
984 3600 1311 3672 φαιδρότησι
1368 3604 1466 3677 τὴν
1533 3608 1721 3662 είκόνα
1796 3609 1904 3663 τῶν

311 3685 523 3754 ἀρετῶν
574 3687 889 3762 διαγράφει.
942 3695 1005 3748 Εἰ
1058 3696 1167 3767 γὰρ
1225 3701 1346 3762 ταῖς
1406 3699 1619 3764 στολαῖς
1665 3690 1904 3768 ἐκείναις

315 3773 388 3839 ὡς
445 3777 663 3849 ἀληθῶς
707 3784 1032 3849 ἀνεπαύετο,
1070 3789 1189 3852 πῶς
1228 3792 1318 3843 τὸν
1364 3793 1610 3863 Μωῦσῆν
1638 3795 1744 3864 πρὸ
1807 3795 1903 3850 τοῦ

324 3865 537 3938 Ἀαρὼν
557 3871 656 3924 οὐκ
688 3874 937 3929 ἐνέδυσεν
960 3893 974 3908 ο
999 3879 1113 3931 ἀλλ’
1143 3882 1208 3952 ἢν
1240 3884 1449 3949 ἐκεῖνος
1479 3890 1900 3961 ούκὲνεδύσατο,

312 3957 519 4052 ταύτην
569 3962 697 4052 τοῦς
756 3966 943 4035 ἱερέας
972 3970 1285 4041 ἡμφίασεν;
1316 3978 1410 4029 καὶ
1450 3980 1655 4050 Μωσῆς
1679 3984 1779 4052 μὲν
1804 3957 1904 4039 οὐκ

313 4044 543 4145 ἐλούσθη
576 4049 754 4145 -ῦδατι
798 4057 892 4108 καὶ
926 4056 1110 4112 ἔλουεν
1144 4077 1156 4088 ·
1196 4061 1285 4115 διὰ
1315 4064 1368 4117 τί
1400 4084 1413 4132 ;
1447 4068 1532 4120 ἵνα
1591 4044 1769 4145 μάθῃς
1799 4075 1900 4145 (7),

312 4150 396 4234 οτι
429 4138 530 4192 οὐκ
574 4136 642 4213 ἦν
674 4144 846 4199 ταῦτα
881 4150 1273 4222 προηγούμενα
1307 4155 1385 4226 τῷ
1416 4158 1555 4228 Θεῷ,
1597 4161 1679 4215 ὅτι
1711 4163 1788 4234 τῷ
1810 4183 1903 4218 τε-

312 4225 439 4321 λείῳ
468 4232 603 4303 πρὸς
639 4236 845 4307 κόσμον
879 4240 1041 4311 ἀρκεῖ
1070 4244 1103 4313 ἡ
1148 4246 1317 4317 ἀρετὴ
1346 4251 1448 4321 (8),
1480 4225 1577 4305 καὶ
1614 4254 1697 4306 ὅτι
1726 4225 1903 4313 ταῦτα

311 4319 482 4390 τύπος
515 4321 584 4398 ἦν
611 4330 835 4403 ἀρετῆς,
866 4334 981 4387 ἀλλ’
1017 4337 1117 4389 οὐκ
1152 4339 1346 4414 ἀρετή.

819 4472 1149 4540 ρυΑεετιο
1181 4480 1389 4551 chv.

314 4582 443 4638 Ὀτι
472 4584 571 4641 ἐπὶ
609 4586 717 4657 τῆς
746 4593 1496 4684 κεφαλῇςγὲφερειἎφηο-ὶν,
1528 4608 1562 4661 ὁ
1589 4608 1901 4684 ἀρχιερεὺς

951 4671 1165 4734 τιάραν
1230 4671 1307 4742 (9)
1336 4690 1351 4739 ;

2007 3335 2128 3374 rum
2163 3318 2452 3387 puritatem
2485 3315 2734 3386 requirit,
2770 3331 2877 3368 non
2924 3328 3216 3382 corporum
3269 3309 3457 3364 ﬂorem
3505 3316 3603 3362 aut

2006 3406 2390 3476 splendorem;
2426 3403 2532 3458 illis
2576 3418 2727 3466 vero,
2780 3417 2903 3471 qua:
2942 3402 2995 3455 in
3028 3414 3259 3469 corpore
3290 3397 3599 3467 splendent,

2006 3503 2271 3555 virtutum
2312 3498 2603 3568 imaginem
2635 3496 2913 3565 exprimit.
2957 3491 3114 3560 Quod
3168 3492 3215 3546 si
3266 3490 3413 3545 enim
3446 3489 3603 3544 stolis

2008 3595 2116 3650 illis
2151 3608 2273 3647 vere
2301 3591 2693 3652 delectaretur,
2721 3603 2893 3658 quare
2924 3586 3112 3640 Mosen
3142 3600 3251 3639 non
3286 3600 3396 3653 prae
3424 3584 3600 3636 Aaro-

2008 3702 2076 3741 ne
2095 3684 2291 3750 induit,
2314 3683 2429 3745 sed,
2456 3697 2620 3751 quam
2651 3681 2739 3735 ille
2760 3688 2966 3735 vestem
2995 3694 3103 3731 non
3126 3676 3399 3740 adhibuit,
3426 3691 3489 3729 ea
3513 3691 3603 3729 sa-

2008 3778 2257 3834 cerdotes
2276 3774 2525 3831 ornavit?
2546 3772 2611 3827 Et
2634 3772 2809 3827 Moses
2830 3771 3049 3841 quidem
3077 3783 3176 3824 nec
3195 3770 3340 3822 lotus
3360 3782 3499 3835 aqua
3520 3774 3604 3819 est

2009 3884 2110 3925 nec
2131 3868 2265 3922 lavit
2284 3867 2443 3921 alios.
2468 3865 2580 3918 Cur
2604 3864 2716 3917 ita?
2741 3861 2810 3917 Ut
2831 3863 3031 3917 exinde
3052 3860 3315 3921 disceres,
3344 3858 3468 3911 talia
3494 3873 3601 3909 non

2007 3977 2129 4017 esse
2147 3962 2288 4031 apud
2314 3959 2484 4013 Deum
2512 3959 2805 4027 praecipua,
2832 3955 3179 4025 perfectoque
3202 3950 3411 4005 homini
3434 3949 3497 4002 ad
3518 3964 3605 4001 or-

2009 4062 2196 4107 natum
2217 4050 2463 4106 sullicere
2489 4050 2769 4110 virtutem,
2790 4049 2893 4101 ista
2913 4046 3147 4113 denique
3170 4042 3353 4096 omnia
3372 4042 3603 4094 virtutes

2009 4145 2365 4199 adumbrassc
2389 4141 2631 4211 quidem,
2694 4138 2789 4193 sed
2842 4153 2949 4191 non
3006 4138 3180 4205 ipsam
3222 4135 3391 4188 fuisse
3431 4132 3600 4185 vit-tu-

2007 4246 2135 4293 tem.

2545 4484 2883 4542 ΕΡΩἸἪΣΙΣ
2915 4483 3078 4538 ΡΞΕ’.

2010 4616 2191 4682 Quare
2241 4627 2500 4667 summum
2534 4609 2832 4679 ponti/irem
2861 4606 3108 4712 invcapite
3148 4604 3319 4656 iaram
3357 4602 3602 4654 [rubuisse

2691 4680 2901 4712 Αἱρηηη·

2689 4680 2921 4732 dicatur!

993 4811 1250 4863 Editarum
1284 4831 1309 4866 a
1343 4818 1521 4871 Wolﬁo
1542 4826 1790 4888 vigestmze
1820 4833 2049 4895 septimm
2084 4850 2195 4898 pars
2223 4833 2470 4897 posterior
2495 4832 2550 4895 (1.
2582 4845 2646 4889 0-.
2675 4844 2721 4892 P-
2750 4827 2883 4888 307)-

385 4936 642 4991 Διότιτδν
673 4943 1156 5014 προχειριζόμενον
1192 4950 1449 5007 ἀπάντων
1483 4959 1726 5031 κεφαλὴν
1760 4965 1900 5018 κατά

2078 4965 2216 5033 Quia
2287 4968 2381 5034 qui
2448 4965 2703 5019 omnibus
2759 4962 2932 5019 instar
2988 4959 3183 5029 capitis
3250 4967 3396 5015 esset
3459 4975 3600 5029 pra:-

385 5078 430 5110 ³²
470 5079 660 5136 Matth.
695 5098 885 5147 xxvm,
921 5083 1008 5137 18.
1086 5086 1131 5118 ³³
1164 5086 1325 5144 Rom.
1368 5108 1419 5159 ν,
1457 5096 1545 5152 14.
1622 5098 1667 5129 ³⁵
1698 5098 1889 5156 Matth.

2011 5147 2024 5170 ,
2054 5104 2143 5159 26.
2223 5106 2267 5137 ’³
2309 5104 2466 5159 Rom.
2496 5122 2547 5169 v,
2580 5105 2668 5159 2|.

1829 5217 2067 5275 NOTAE.

409 5310 462 5382 5)
497 5311 762 5382 Suspimr
791 5317 1066 5375 excidisse
1094 5322 1209 5376 καί.

491 5381 597 5462 ύπό
612 5380 803 5462 addidi
829 5403 893 5441 ex
919 5388 1163 5462 Colbert.

491 5450 581 5526 Sic
611 5454 765 5526 Golb.
804 5473 904 5526 pro
932 5461 994 5513 οὐ
1034 5490 1099 5501 -—
1128 5464 1291 5519 κατά.

487 5522 587 5605 ούκ
616 5522 821 5592 addidi,
851 5531 997 5605 quod
1039 5548 1235 5591 sensus
1275 5539 1531 5605 postulat.

410 5591 644 5669 '1)!de
672 5612 771 5669 pro
807 5591 882 5669 μῆ
916 5600 1049 5664 θείς.

380 5663 464 5801 ἓ8)
489 5664 565 5719 Ita
598 5663 780 5721 scribo
802 5663 978 5740 pro,ﬂ
1010 5663 1211 5756 ἀρετή.

406 5735 459 5797 9)
492 5734 608 5790 Νοη
640 5747 723 5792 εει
756 5740 869 5793 haec
897 5755 1130 5801 quaastto
1178 5762 1211 5799 tt

341 5803 353 5814 .
380 5734 608 5814 (9LNon
640 5747 723 5792 est
756 5734 871 5814 haec
897 5734 1130 5810 qu'mst'io
1178 5734 1230 5799 in
1262 5751 1384 5803 cod.
1417 5750 1647 5808 Coislin.
1674 5764 1728 5809 et
1752 5754 1897 5811 Tau-

552 5803 983 5894 hae‘qu‘mstioite
1016 5814 1067 5866 iu
1094 5820 1371 5894 nonnullis
1392 5803 1901 5894 codicibus:v:gtt.,

248 5936 257 5945 μ
311 5872 575 5934 Vaticano
596 5872 721 5947 450,
750 5880 786 5935 f.
823 5882 926 5937 155
942 5901 995 5950 a,
1024 5899 1153 5955 pars
1176 5872 1903 5958 quadam'Qdistiﬁ’tiés’éiil

2004 5346 2095 5406 pla
2126 5335 2328 5391 estsub
2362 5337 2555 5389 titulo:
2586 5336 2742 5399 Τίνος
2758 5336 2919 5405 χάριν
2946 5334 3150 5388 τίθεται
3175 5334 3235 5406 τό
3261 5334 3591 5401 Εὐαγγέλιον

2003 5404 2070 5477 τῇ
2112 5406 2321 5489 κεφαλῇ
2358 5404 2957 5489 τοῦχειροτονουμένου
2980 5406 3128 5489 ςριιις
3174 5404 3597 5489 Ευιαμιρειίιωιιιη

2004 5475 2174 5547 eripite
2195 5475 2485 5531 ordinandi
2520 5475 2867 5547 imponatur!
2918 5475 3203 5547 Fallunlnr
3244 5476 3597 5547 Ιιίειοιξίιυιιι-

2007 5550 2221 5602 terarim
2253 5550 2572 5615 scriptores,
2595 5550 2721 5601 dum
2754 5548 3082 5615 peculiarem
3141 5546 3319 5600 Photii
3370 5546 3592 5611 librum,

2007 5620 2076 5673 ab
2105 5618 2575 5688 Amphilochianis
2614 5616 3359 5688 qmestionibus_diversum,7
3384 5617 3485 5669 hac
3526 5617 3596 5670 de

2005 5703 2066 5743 re
2098 5684 2553 5744 commemorant.
2582 5684 2721 5758 Aug.
2770 5687 2896 5742 MAI.
2930 5684 3138 5758 -—H:ec
3174 5687 3404 5756 quaestio
3428 5702 3594 5756 quam

2012 5767 2072 5813 ut
2103 5760 2359 5813 inetlitam
2386 5760 2555 5815 edidit
2583 5757 2721 5827 Aug.
2759 5759 2857 5813 MM
2887 5759 3023 5827 (γει.
3067 5757 3408 5827 8ονὶρι.ιιου.
3441 5759 3593 5822 coll.,

2014 5840 2051 5884 t.
2083 5829 2147 5901 ιις
2162 5870 2175 5892 ,
2200 5830 2321 5895 I02,
2342 5829 2485 5901 I05).
2509 5845 2635 5901 pars
2652 5838 2741 5901 cst
2759 5831 3029 5899 posterior
3047 5830 3325 5901 vigesima:
3347 5830 3593 5900 septima:

2012 5918 2042 5955 a
2084 5899 2271 5958 \Vollio
2300 5900 2595 5957 cditarutu.
2626 5899 2780 5957 Εοιτ.
