4110 6438
530 393 636 454 855

1690 387 1956 449 ΡΗΟΤΙΙ
1994 387 2126 449 ΡΑἸ

2231 388 2502 450 ARCH/E
2529 389 2639 453 CP.
3699 393 3808 460 85‘}

532 507 732 572 fectus,
780 520 945 575 super
984 502 1162 575 capite
1195 511 1516 575 potestatem
1565 501 1770 558 habere
1807 503 2113 574 oportebat,

2231 505 2458 576 ιιεφαλῆς
2503 504 2768 576 ἔχειντὴν
2805 504 3058 571 ἐξουσίαν
3107 505 3380 576 (10)ἕδει,
3440 505 3534 561 καὶ
3581 508 3806 578 εἰδέναι,

531 609 695 669 atque
726 596 854 652 inde
896 597 1172 667 colligere,
1204 596 1373 667 quod,
1397 596 1650 668 quamvis
1683 598 1860 668 capite
1901 597 2119 653 caeteris

531 691 792 756 emineat,
828 690 942 760 ipse
975 698 1156 745 tamen
1191 690 1296 746 sub
1344 690 1541 760 capite,
1591 689 1873 746 communi
1911 689 2122 744 scilicet

533 783 780 838 omnium
824 781 1055 837 Domino
1107 790 1162 837 et
1216 782 1584 853 imperatore,
1641 785 1714 838 sit
1762 781 2116 837 constitutus.

535 873 825 947 Imperium
852 875 998 936 enim
1033 874 1252 943 penitus
1281 875 1511 930 liberum
1541 885 1594 929 et
1628 874 1838 944 legibus
1872 873 2114 930 solutum

533 983 697 1036 grave
736 975 840 1031 est,
868 979 921 1022 et
951 967 1080 1022 ferri
1110 968 1200 1022 vix
1232 977 1429 1039 potest.
1461 967 1755 1037 Propterea
1783 977 1837 1022 et
1870 967 1923 1021 in
1966 965 2119 1022 Novo

533 1059 891 1117 Testamento
929 1059 1026 1123 illi,
1070 1059 1164 1129 qui
1198 1058 1505 1114 sacerdotio
1532 1071 1749 1111 summo
1780 1055 2119 1127 inauguran-

534 1162 644 1216 tur,
680 1151 958 1222 Evangelii
991 1151 1191 1205 librum
1231 1151 1393 1218 capiti
1440 1149 1760 1219 impositum
1806 1148 2029 1212 habent,
2063 1155 2120 1201 ut

532 1243 713 1298 oﬂicio
746 1243 876 1299 huic
910 1243 1159 1297 initiatus
1204 1241 1490 1310 intelligat,
1526 1256 1586 1295 se
1618 1255 1804 1296 veram
1842 1238 2120 1310 Evangelii

536 1333 729 1386 tiaram
759 1332 1060 1401 accepisse,
1095 1345 1283 1401 seque,
1313 1329 1530 1386 etiamsi
1569 1330 1804 1384 aliorum
1836 1339 2000 1398 caput
2033 1343 2121 1383 sa-

533 1441 628 1480 cro
677 1426 784 1480 ritu
843 1425 914 1478 sit
975 1425 1332 1490 constitutus,
1390 1424 1474 1478 vel
1525 1423 1604 1477 sic
1660 1433 1843 1477 tamen
1909 1421 2119 1492 legibus

535 1517 726 1571 iisdem
777 1516 1082 1586 subjectum
1131 1532 1274 1580 esse,
1310 1514 1548 1584 aliisque
1591 1515 1949 1585 imperantem
1981 1513 2120 1584 legis

534 1608 767 1678 imperio
807 1608 1000 1663 teucri.
1033 1607 1224 1676 Itaque
1268 1607 1402 1660 tiara
1433 1607 1523 1660 illa
1554 1613 1874 1675 potestatem
1909 1603 2122 1675 signiﬁ-

533 1703 714 1766 cabat,
747 1709 882 1764 tum,
931 1714 1095 1769 quam
1138 1699 1190 1752 in
1240 1697 1504 1768 populum
1554 1695 1811 1759 habebat,
1859 1703 1994 1756 tum,
2031 1693 2119 1749 cui

535 1793 652 1863 ipse
680 1793 944 1847 adversus
977 1791 1145 1846 Deum
1178 1799 1298 1845 erat
1345 1789 1650 1859 subjectus.
1695 1788 1869 1842 Porro
1900 1787 2119 1842 bractea

2221 597 2303 651 ὅτι
2335 597 2541 668 κεφαλῇ
2572 599 2680 651 τῶν
2707 596 2882 651 ἄλλων
2908 597 3349 667 προϐαλλόμενος
3386 597 3482 652 καὶ
3507 590 3668 664 αὐτός
3696 600 3804 654 ὑπὸ

2221 689 2463 762 κεφαλὴν
2491 693 2608 744 ἐστι
2631 690 2723 744 τὸν
2745 690 2927 744 κοινὸν
2951 690 3209 745 ἁπάντων
3225 691 3504 763 Δεσπότην
3523 693 3618 746 καὶ
3646 691 3808 760 ἐξου-

2224 782 2474 852 σιαστήν.
2515 781 2926 852 Ἀπολελυμένη
2942 781 3052 853 γὰρ
3069 781 3360 837 αὐθεντεία
3384 786 3480 838 καλ⁸
3505 786 3810 857 αὐτόνομος

2220 873 2495 944 ἀφόρητός
2514 873 2626 942 (II)
2659 875 2806 926 ἐστιν
2829 875 2922 927 καὶ
2951 873 3186 945 χαλεπή.
3215 877 3313 929 Διά
3345 876 3501 930 τοῦτο
3530 879 3623 931 καὶ
3646 881 3705 933 ὲν
3738 882 3808 950 τῇ

2222 965 2408 1034 χάριτι
2441 965 2490 1017 οἱ
2530 964 2944 1035 ἀρχιερατεύειν
2989 964 3325 1036 τελούμενοι,
3364 967 3427 1022 τὸ
3471 968 3810 1038 Εὑαγγὲλιον

2223 1057 2320 1109 ἐπὶ
2353 1056 2595 1127 κεφαλῆς
2623 1056 2893 1127 δέχονται,
2924 1056 3011 1110 ἴνα
3058 1057 3206 1128 μάθῃ
3232 1057 3260 1108 ὁ
3305 1060 3808 1131 χειροτονούμενος,

2221 1151 2304 1205 ὃτι
2336 1151 2435 1221 τὴν
2468 1148 2726 1220 ἀληθινὴν
2750 1148 2842 1202 τοῦ
2885 1149 3220 1218 Εὐαγγελίου
3262 1154 3458 1222 τιάραν
3506 1154 3784 1223 λαμϐάνει

2221 1241 2316 1293 καὶ
2336 1241 2439 1302 ὃτι,
2468 1241 2517 1294 εἰ
2546 1239 2639 1294 καὶ
2669 1239 2780 1294 τῶν
2818 1239 2996 1293 ἄλλων
3029 1242 3394 1314 ίερουργεῖται
3419 1245 3632 1316 κεφαλῇ
3659 1246 3806 1314 (12),

2223 1331 2337 1387 ἀλλ’
2369 1327 2460 1386 οὖν
2503 1334 2597 1385 καὶ
2637 1332 2798 1395 αὐτὸς
2832 1332 2939 1386 ὑπὸ
2985 1333 3209 1398 τούτους
3249 1337 3362 1406 (I3)
3409 1337 3645 1390 τελεῖται
3683 1339 3813 1401 τοὺς

2224 1423 2447 1494 νόμους,
2472 1425 2566 1478 καὶ
2599 1425 2706 1479 τῶν
2727 1425 2902 1478 ἄλλων
2931 1427 3154 1497 κρατῶν
3207 1431 3493 1498 κρατεῖται
3528 1429 3606 1492 τῷ
3635 1431 3808 1501 νόμῳ.

2236 1516 2376 1583 ’,ἀλλ’
2426 1518 2458 1587 ὴ
2515 1517 2615 1587 μὲν
2664 1518 2827 1588 τιάρα
2881 1519 2982 1590 τὴν
3033 1519 3284 1586 ἐξουσίαν
3344 1520 3569 1590 ὲτύπου,
3623 1524 3692 1591 ἦν
3747 1539 3811 1576 τε

2224 1609 2386 1672 αὐτὸς
2445 1605 2590 1681 εἶχεν
2637 1609 2731 1665 τοῦ
2768 1609 2921 1676 λαοῦ,
2962 1613 3056 1666 καὶ
3094 1613 3186 1682 ὑφ’
3218 1614 3286 1684 ἣν
3327 1613 3490 1678 αὐτὸς
3514 1616 3811 1688 ἀνεφέρετο

2221 1696 2316 1749 τοῦ
2342 1695 2477 1750 Θεοῦ
2505 1713 2518 1726 ·
2544 1697 2606 1750 τὸ
2632 1697 2690 1751 δὲ
2725 1697 2955 1751 πέταλον
2983 1698 3047 1752 τὸ
3081 1699 3336 1770 χρυσοῦν,
3360 1702 3418 1754 ὲν
3452 1694 3498 1769 ᾧ
3539 1701 3601 1755 τὸ
3634 1701 3809 1774 ὖνομα

2225 1789 2562 1844 ὲκεκόλαπτο
2599 1789 2692 1844 τοῦ
2741 1790 2901 1856 Θεοῦ,
2926 1791 3179 1844 ἐπέκειτο
3211 1792 3311 1862 μὲν
3340 1793 3419 1864 τῷ
3457 1794 3665 1865 στήθει,
3705 1812 3809 1864 φυ-

535 1899 726 1948 aurea,
788 1883 875 1937 cui
937 1882 1029 1937 Dei
1095 1896 1294 1936 nomen
1344 1890 1462 1934 erat
1517 1878 1866 1947 insculptum,
1917 1876 2120 1946 pectori

2231 1881 2401 1950 λακῆς
2447 1881 2490 1934 δ’
2511 1883 2696 1952 ἐπεῖχε
2730 1881 2902 1935 τύπον
2943 1884 3052 1936 τῶν
3101 1886 3159 1937 ὲν
3193 1885 3391 1957 καρδίᾳ
3432 1886 3756 1956 κινημάτων
3787 1901 3802 1917 ⁸

536 1975 909 2038 incumbebat,
961 1973 1266 2044 eademque
1316 1989 1480 2043 opera
1524 1971 1890 2041 signiﬁcabat,
1937 1969 2122 2024 cordis

535 2068 763 2123 allectus
799 2069 967 2139 probe
999 2067 1398 2129 observandos,
1429 2065 1762 2134 eosdemque
1805 2063 1872 2118 ad
1917 2063 2124 2117 summi

535 2161 791 2216 Numinis
827 2170 1016 2214 nutum
1058 2174 1182 2214 esse
1222 2157 1742 2213 accommodandos.
1779 2153 1836 2208 In
1879 2154 2125 2210 humeris

536 2260 802 2321 przeterea
836 2251 1109 2321 smaragdi
1142 2249 1274 2314 duo,
1310 2266 1405 2304 sex
1437 2249 1682 2303 tribuum
1720 2248 1938 2302 nomina
1974 2246 2122 2311 hinc,

536 2342 688 2398 illinc
740 2358 872 2399 vero
919 2343 1144 2398 totidem
1207 2357 1464 2412 expressa
1523 2341 1806 2396 habentes.
1851 2338 1935 2394 Illi
1997 2353 2125 2394 vero

535 2435 842 2507 symbolum
869 2443 1027 2489 erant
1057 2433 1488 2504 pulchritudinis
1513 2447 1609 2488 seu
1639 2430 1828 2486 forma:
1863 2429 2127 2486 sacerdo-

537 2538 645 2582 tem
701 2526 966 2582 decentis.
1026 2524 1364 2597 Smaragdus
1413 2525 1598 2590 enim,
1655 2525 1795 2595 lapis
1842 2523 2120 2579 viriditate

533 2620 733 2675 decora
795 2628 850 2675 et
915 2621 1186 2690 pellucida
1237 2620 1473 2692 puritate
1523 2621 1855 2686 instructus,
1916 2618 2125 2690 speculi

536 2711 852 2767 facultatem
897 2713 1231 2769 subindicat.
1282 2712 1637 2769 Sacerdotem
1669 2712 1813 2767 enim
1860 2711 2127 2766 virtutum

535 2804 800 2860 exercitio
821 2804 1071 2875 vigilare,
1098 2805 1375 2876 vitamque
1404 2821 1561 2861 suam
1592 2806 1721 2869 illis,
1748 2805 1843 2876 qui
1867 2805 1970 2861 sibi
2000 2814 2130 2861 sunt

535 2895 792 2965 subjecti,
841 2897 1018 2952 instar
1064 2896 1274 2966 speculi
1329 2905 1727 2966 repraesentare
1780 2905 2015 2966 oportet.
2070 2895 2128 2951 In

541 2987 779 3042 humero
813 3002 946 3042 vero
983 2989 1227 3045 haerebat
1268 2991 1613 3059 smaragdus,
1659 2991 1919 3060 quoniam
1964 2990 2132 3046 actio-

539 3078 628 3134 nis
652 3087 770 3134 erat
792 3079 1078 3135 indicium.
1103 3080 1309 3151 Agendi
1343 3080 1490 3136 enim
1519 3083 1764 3152 potentia
1793 3081 1860 3135 ab
1884 3080 2130 3138 humeris

2227 1978 2323 2029 καὶ
2354 1976 2428 2039 ὡς
2476 1977 2557 2029 δεῖ
2587 1976 2763 2030 ταῦτα
2806 1977 3275 2049 καταρῤυθμίζειν
3309 1979 3422 2050 (I4)
3455 1982 3522 2049 τῇ
3563 1980 3701 2048 πρὸς
3750 1981 3812 2034 τὸ

2227 2068 2380 2122 Θεῖον
2411 2068 2591 2123 νεύσει
2627 2069 2720 2122 καὶ
2752 2071 3000 2141 ἀναφορᾷ
3035 2087 3050 2103 ο
3088 2071 3179 2124 ἐπὶ
3220 2070 3278 2125 δὲ
3323 2072 3433 2124 τῶν
3465 2071 3634 2142 ὤμων
3665 2090 3812 2144 σμα-

2230 2161 2429 2233 ράγδου
2463 2160 2597 2214 λίθοι
2630 2161 2742 2228 δύο,
2769 2161 2985 2232 ἔχοντες
3007 2163 3104 2226 τὰς
3133 2162 3192 2228 ἒξ
3221 2163 3392 2232 φυλὰς
3421 2164 3688 2227 ἐντεῦθεν,
3716 2165 3814 2218 καὶ

2227 2253 2324 2315 τὰς
2355 2250 2415 2316 ἒξ
2444 2250 2717 2306 ἐντεῦθεν.
2746 2247 2904 2307 Οὗτοι
2929 2251 2986 2304 δὲ
3017 2251 3292 2322 σύμϐολον
3317 2247 3459 2323 ἦσαν
3507 2253 3605 2321 τῆς
3634 2252 3810 2322 ὅψεως

2225 2344 2325 2414 τῆς
2354 2342 2747 2414 ἀρχιερατικῆς
2777 2360 2791 2374 ο
2829 2342 2943 2413 ἔχει
2967 2342 3076 2414 γὰρ
3097 2345 3131 2413 ή
3151 2341 3246 2396 τοῦ
3280 2343 3599 2413 σμαράγδου
3629 2343 3810 2414 ψῆφος

2228 2435 2324 2487 καὶ
2371 2433 2690 2506 χλωρότητα
2740 2435 3014 2506 εὐπρεπῆ,
3052 2435 3149 2488 καὶ
3189 2435 3544 2506 καθαρότητα
3586 2435 3809 2507 διαυγῆ,

2228 2527 2533 2596 κατόπτρου
2589 2525 2821 2598 δύναμιν
2869 2525 3264 2596 ὑποφαίνουσα.
3316 2527 3424 2580 Καὶ
3461 2528 3572 2599 γὰρ
3613 2528 3694 2580 δεῖ
3722 2527 3819 2580 τὸν

2231 2617 2384 2688 ίερέα
2408 2619 2502 2671 καὶ
2523 2618 2754 2689 ἀσκήσει
2783 2618 3000 2688 νήφειν,
3027 2618 3121 2672 καὶ
3148 2618 3241 2672 τὸν
3265 2618 3379 2689 βίον
3397 2620 3510 2682 τοῖς
3542 2618 3634 2671 ὑπ’
3652 2617 3819 2672 αὐτὸν

2229 2709 2420 2783 ὥσπερ
2448 2713 2756 2782 κάτοπτρον
2797 2711 3060 2782 παρέχειν
3083 2727 3098 2743 ⁸
3131 2712 3224 2764 ἐπὶ
3250 2714 3342 2765 τὸν
3364 2707 3514 2783 ὦμον
3529 2711 3586 2766 δὲ
3611 2713 3643 2781 ἡ
3670 2711 3819 2782 σμά-

2232 2803 2449 2875 ραγδος,
2516 2802 2706 2874 ἐπειδὴ
2755 2801 3009 2873 πράξεώς
3071 2803 3220 2856 ἐστιν
3286 2805 3512 2873 σημεῖον
3545 2820 3558 2835 ο
3621 2803 3655 2873 ὴ
3707 2802 3821 2870 γὰρ

2231 2897 2515 2968 πρακτικὴ
2561 2895 2791 2966 δύναμις
2843 2895 2953 2949 τῶν
2999 2894 3164 2966 ὤμων
3220 2895 3455 2966 ἤρτηται
3492 2917 3504 2926 ·
3546 2894 3628 2948 διὸ
3656 2895 3755 2948 καὶ
3792 2894 3822 2947 ό

2230 2987 2364 3052 Θεὸς
2410 2988 2547 3058 πρὸς
2588 2987 2689 3060 τὴν
2731 2986 3089 3060 Ἰερουσαλὴμ
3140 2986 3286 3056 λέγει
3326 2987 3462 3058 (ι5)’
3520 3005 3538 3038 ι
3585 2986 3688 3049 Θὲς
3721 2986 3824 3058 τὴν

2231 3080 2462 3152 καρδίαν
2521 3097 2614 3133 σου
2673 3079 2919 3133 ἐπὶτῶν
2970 3079 3136 3150 ὤμων
3183 3097 3300 3148 σου,
3356 3079 3595 3149 θύγατερ
3650 3080 3684 3150 ἡ
3740 3097 3826 3132 τι-

539 3171 762 3241 pendet.
786 3173 1084 3242 Propterea
1104 3171 1270 3227 etiam
1300 3171 1446 3228 Deus
1474 3174 1542 3227 ad
1571 3171 1878 3228 Jerusalem
1914 3174 2125 3244 inquit:

2237 3170 2487 3241 μωμένη,
2521 3170 2602 3223 ὅτι
2625 3170 2831 3242 Κύριος
2880 3170 3056 3236 κτίζει
3111 3187 3170 3224 σε
3213 3172 3292 3230 είς
3320 3171 3593 3242 σωτηρίαν
3617 3185 3632 3200 ο
3675 3189 3694 3222 ι
3724 3169 3824 3224 καὶ

543 3283 562 3316 ι
594 3264 702 3320 Cor
740 3274 892 3320 tuum
950 3264 1195 3320 humeris
1255 3264 1364 3320 tuis
1413 3265 1652 3335 impone,
1698 3265 2125 3320 honoratissima

538 3358 670 3422 tilia,
700 3359 830 3428 quia
864 3357 1133 3414 Dominus
1164 3368 1216 3413 te
1246 3358 1300 3412 in
1334 3359 1564 3414 salutem
1594 3359 1802 3413 creavit
1825 3359 1895 3414 '°.
1934 3378 1953 3412 ι
1987 3357 2126 3413 Nam

535 3459 593 3505 et
639 3465 834 3505 manus
875 3460 930 3505 et
978 3449 1238 3505 humeros
1282 3449 1351 3504 de
1391 3449 1703 3505 actionibus
1742 3449 1941 3520 accipit
1977 3447 2127 3504 Scri-

537 3550 720 3612 ptura,
750 3542 990 3612 quando,
1019 3557 1072 3596 v.
1095 3557 1170 3612 ε..
1203 3540 1270 3595 de
1288 3539 1492 3594 Davide
1523 3541 1630 3595 ait:
1663 3559 1680 3592 ι
1712 3538 1780 3595 Et
1812 3540 1867 3594 in
1892 3541 2131 3610 pruden-

538 3633 614 3688 tia
650 3648 914 3688 manuum
948 3647 1175 3688 suarum
1210 3632 1367 3686 duxit
1413 3645 1510 3686 eos
1532 3633 1602 3687 ’⁷.
1642 3651 1660 3684 ι
1696 3631 1932 3687 Oraeulo
1962 3647 2129 3702 porro

542 3725 646 3792 illi,
684 3727 831 3795 quod
869 3725 1082 3796 pectori
1127 3733 1247 3779 erat
1297 3733 1565 3794 aptatum,
1596 3723 1883 3778 duodecim
1921 3723 2131 3793 lapides

540 3820 694 3874 intixi
748 3828 942 3884 erant,
998 3817 1092 3887 qui
1146 3815 1436 3872 duodecim
1497 3816 1672 3871 tribus
1725 3814 2128 3886 signiﬁcabant.

542 3912 646 3966 Hic
673 3911 835 3966 velim
873 3911 1156 3974 observes,
1206 3924 1375 3980 supra
1415 3906 1634 3978 quidem
1680 3915 1735 3962 et
1788 3908 1842 3960 in
1887 3907 2130 3962 humeris

543 4021 715 4060 unum
753 4004 983 4058 omnino
1014 4003 1272 4073 lapidem,
1317 4002 1667 4073 smaragdum
1701 4000 1948 4066 scilicet,
1989 3999 2133 4055 intra

541 4101 729 4148 autem
787 4099 842 4146 et
895 4092 949 4146 in
1006 4101 1228 4161 pectore
1277 4091 1564 4147 duodecim
1618 4090 1808 4146 fuisse.
1849 4089 1964 4145 Hoc
2003 4107 2133 4145 vero

542 4184 851 4249 subiuuuit,
896 4199 997 4238 nos
1035 4198 1228 4239 ouiues
1259 4184 1394 4238 olim
1424 4183 1645 4253 quidem
1696 4184 1887 4238 eodem
1933 4198 2132 4253 genere

543 4285 696 4330 ortos
735 4289 876 4340 esse,
939 4275 1265 4344 procedente
1309 4291 1442 4330 vero
1493 4287 1738 4344 tempore
1805 4274 1862 4329 in
1916 4274 2133 4329 diversa

547 4368 728 4422 studia
770 4368 997 4424 scissos.
1047 4368 1236 4439 Itaque
1289 4368 1437 4422 aliud
1492 4369 1676 4422 studio
1721 4379 1933 4434 nostro,
1986 4369 2134 4424 aliud

504 4471 762 4515 uratum
806 4460 982 4515 fertur
1036 4470 1350 4532 acceptum.
1411 4461 1525 4516 Sub
1566 4461 1781 4515 limbria
1831 4462 2134 4517 sacerdotis

549 4553 988 4624 conspiciebatur
1024 4569 1238 4625 margo,
1273 4553 1429 4624 λῶμα
1459 4553 1664 4618 dictus,
1714 4568 1781 4608 ex
1811 4569 1921 4624 quo
1969 4553 2131 4610 ﬂores

548 4646 677 4700 mali
731 4645 937 4715 punici,
998 4645 1140 4699 mala
1190 4645 1395 4715 punica
1439 4659 1607 4698 aurea
1654 4653 1708 4698 et
1767 4643 2133 4697 tintinnabula

549 4738 881 4809 pendebant.
910 4737 1199 4805 Quomodo
1227 4752 1357 4791 vero
1382 4739 1493 4791 haec
1518 4735 1627 4790 Deo
1653 4752 1746 4806 per
1763 4752 1823 4790 se
1845 4745 1899 4790 ct
1928 4735 2138 4789 ratione

550 4833 810 4904 praecipui
857 4831 1070 4888 consilii
1123 4831 1208 4885 sui
1256 4831 1478 4901 placere
1524 4828 1811 4899 poterant?
1855 4827 1970 4881 luto
2008 4841 2137 4881 vero

552 4927 676 4995 ipso
701 4926 805 4982 hoc
832 4924 1137 4984 sacerdotis
1164 4924 1352 4979 habitu
1382 4923 1610 4976 virtutes
1637 4919 1854 4991 depiugi
1880 4919 2134 4974 faciebat.

557 5018 662 5084 Qui
692 5018 832 5073 infra
859 5025 1020 5074 erant
1044 5016 1205 5072 ﬂores
1247 5026 1303 5072 et
1341 5015 1576 5078 fructus,
1619 5013 1911 5084 przeelaras
1975 5027 2144 5081 quas-

2233 3262 2344 3334 γὰρ
2407 3263 2509 3326 τὰς
2557 3267 2747 3333 χεῖρας
2804 3264 2899 3317 καὶ
2961 3263 3087 3326 τοὺς
3136 3262 3324 3333 ὤμους
3374 3264 3455 3327 εἰς
3508 3262 3741 3334 πράξεις
3788 3265 3822 3333 ἡ

2232 3356 2428 3429 Γραφὴ
2486 3356 2756 3426 λαμϐάνει
2793 3396 2810 3422 ,
2878 3356 2954 3420 ὡς
3007 3357 3134 3411 ὅταν
3184 3357 3333 3425 λέγει
3381 3358 3514 3428 περὶ
3569 3356 3664 3409 τοῦ
3719 3360 3826 3410 Δα-

2237 3451 2321 3505 ϐίδ
2362 3469 2376 3482 ο
2433 3472 2450 3504 ι
2502 3453 2614 3507 Καὶ
2666 3454 2726 3506 ὲν
2777 3455 2898 3516 ταῖς
2935 3453 3186 3506 συνέσεσι
3226 3451 3336 3505 τῶν
3392 3451 3592 3522 χειρῶν
3642 3451 3827 3505 αὐτῶν

2235 3543 2519 3616 ὡδήγησεν
2567 3544 2786 3606 αύτούς.
2835 3563 2855 3594 ›
2906 3543 3140 3614 Ἐνῆσαν
3170 3543 3229 3597 δὲ
3259 3543 3337 3614 τῷ
3379 3543 3566 3614 λογίῳ,
3597 3543 3676 3614 τῷ
3727 3542 3825 3600 ἐπὶ

2236 3635 2331 3689 τοῦ
2360 3635 2594 3706 στήθους
2628 3636 2722 3689 καὶ
2749 3637 2800 3688 oi
2835 3636 3044 3691 δώδεκα
3078 3635 3217 3690 λίθοι
3275 3636 3697 3708 ἐνηρμοσμένοι,
3727 3637 3830 3700 τὰς

2237 3725 2445 3780 δώδεκα
2476 3727 2648 3796 φυλὰς
2683 3727 3098 3797 ὑποδηλοῦντες.
3126 3729 3235 3782 Καὶ
3263 3729 3365 3798 ὅρα
3394 3745 3407 3758 ο
3433 3727 3544 3782 ἄνω
3577 3727 3700 3798 μὲν,
3733 3728 3830 3782 καὶ

2240 3819 2464 3872 ἐπὶτῶν
2495 3818 2663 3890 ὤμων
2699 3820 2797 3890 μία
2829 3815 2898 3891 ἦν
2926 3819 3088 3889 φύσις
3109 3819 3218 3873 τῶν
3247 3820 3411 3874 λίθων
3433 3823 3458 3874 ό
3490 3821 3829 3892 σμάραγδος.

2241 3910 2392 3963 κάτω
2440 3911 2497 3963 δὲ
2563 3910 2658 3964 καὶ
2702 3912 2798 3964 ἐπὶ
2854 3910 2949 3964 τοῦ
3004 3911 3234 3981 στήθους
3286 3914 3335 3965 οἱ
3381 3911 3833 3967 δώδεκα·αίνιτ-

2239 4001 2468 4072 τομένου
2520 4001 2616 4056 τοῦ
2675 4002 2836 4072 λόγου
2870 4043 2885 4070 ,
2928 4003 3008 4057 ὅτι
3055 4002 3264 4057 ἄνωθεν
3327 4005 3425 4074 μὲν
3466 4003 3708 4066 ἅπαντες
3771 4005 3834 4056 ὲκ

2245 4099 2372 4165 μιᾶς
2415 4095 2757 4167 προήλθομεν
2810 4096 3062 4164 φύσεωςο
3113 4097 3394 4168 προϊόντος
3435 4097 3492 4150 δὲ
3549 4095 3646 4150 τοῦ
3695 4095 3829 4168 χρό-

2242 4206 2335 4241 νου
2389 4187 2667 4258 διαφόροις
2719 4189 2969 4256 γνώμαις
3012 4189 3385 4260 ὲμερίσθημεν
3443 4189 3556 4257 (l6)
3583 4206 3596 4219 ο
3640 4191 3733 4242 καὶ
3771 4187 3832 4240 τὸ

2247 4278 2344 4348 μὲν
2399 4277 2585 4330 δίδωσι
2639 4279 2702 4348 τῇ
2755 4277 2972 4349 γνώμῃ,
3010 4277 3070 4331 τὸ
3125 4278 3182 4332 δὲ
3239 4281 3306 4349 τῇ
3351 4277 3554 4346 φύσει’
3620 4279 3727 4331 ὑπὸ
3776 4279 3832 4332 δὲ

2244 4368 2549 4438 κράσπεδον
2596 4367 2691 4420 τοῦ
2733 4367 2926 4440 ἱερέως
2953 4407 2969 4433 ,
3013 4369 3073 4422 τὸ
3131 4368 3422 4438 λεγόμενον
3481 4369 3660 4440 λῶμα,
3686 4367 3831 4435 ἄνθη

2247 4462 2396 4532 ῥόας,
2419 4461 2513 4514 καὶ
2531 4460 2736 4530 ροῖσκοι
2755 4461 2966 4532 χρυσοῖ,
2989 4462 3084 4514 καὶ
3102 4461 3348 4525 κώδωνες
3371 4461 3722 4535 ἁπῃώρηντο·
3740 4463 3834 4515 καὶ

2175 4585 2218 4640 D
2248 4551 2365 4615 πῶς
2399 4553 2466 4605 ἂν
2509 4553 2593 4623 εἴη
2640 4552 2760 4624 Θεῷ
2806 4554 2979 4608 ταῦτα
3032 4556 3177 4609 κατὰ
3229 4556 3446 4627 πρῶτον
3507 4556 3664 4625 λόγον
3707 4554 3835 4625 ἁρέο

2249 4660 2482 4709 σκοντα;
2535 4643 2650 4697 ἀλλ’
2708 4648 2766 4697 ὲν
2824 4645 2901 4716 τῷ
2933 4647 3173 4716 σχήματι
3230 4645 3324 4700 τοῦ
3383 4646 3577 4716 ἱερέως
3627 4645 3836 4714 ἐφῆκεν

2248 4734 2671 4799 ὲξεικονίξεσθαι
2713 4736 2813 4799 τὰς
2845 4737 3048 4809 ἀρετάς
3091 4755 3104 4767 ·
3143 4737 3292 4791 κάτω
3324 4737 3460 4807 ἄνθη
3495 4737 3589 4789 καὶ
3623 4735 3834 4807 καρποὶ

2245 4828 2314 4879 τὰ
2347 4827 2457 4879 τῶν
2491 4826 2701 4890 ἀρετῶν
2743 4827 3170 4897 κατορθώματα,
3219 4827 3378 4881 ἅτινά
3423 4828 3572 4879 ἐστιν
3598 4826 3834 4895 ἐλεημο-

2247 4921 2382 4988 σύνη
2436 4920 2530 4971 καὶ
2587 4917 2905 4989 δικαιοσύνη
2957 4922 3052 4972 καὶ
3098 4919 3504 4989 φιλανθρωπία,
3561 4917 3657 4969 καὶ
3713 4914 3822 4969 τῶν

2243 5009 2419 5065 ἄλλων
2463 5012 2490 5062 ὁ
2531 5008 2813 5080 σύστοιχος
2843 5009 3023 5080 χορός.

577 5126 687 5184 que
744 5113 998 5176 virtutes,
1051 5110 1243 5181 quales
1285 5117 1414 5164 sunt
1467 5107 1837 5178 eleeiuosyua,
1891 5104 2126 5176 justitia,
2169 5103 2519 5171 humanitas,
2586 5114 2640 5158 et
2697 5103 3031 5173 reliquarum
3081 5102 3188 5158 illis
3245 5101 3509 5157 similium
3572 5110 3833 5154 coronam

563 5205 1045 5276 repratsentahant.

627 5339 672 5375 ’⁸
693 5338 895 5395 Jercm.
923 5353 1076 5402 χχιιι,
1109 5335 1201 5390 22.
1278 5337 1322 5367 ’⁷
1347 5335 1490 5391 Psal.
1527 5349 1736 5400 Lxxvu,
1767 5333 1857 5390 78.

2117 5425 2350 5485 NOTAE.

629 5553 745 5624 (10)
773 5551 1176 5624 Phrasiﬁutitur
1201 5549 1428 5624 Paulina
1457 5547 1478 5601 I
1505 5548 1634 5603 Cor.
1662 5564 1740 5617 λι,
1772 5547 1859 5604 l0.

631 5621 748 5695 (Il)
773 5623 1066 5695 Sicgscribo
1098 5637 1198 5695 pro
1227 5621 1538 5692 ἁφόριστος.

663 5693 750 5766 12)
779 5693 960 5766 Malim
990 5693 1224 5766 κεφαλή.

634 5697 750 5836 με)
779 5697 960 5749 Malim
990 5697 1224 5814 κεφαλιὶ.
1288 5761 1300 5778 ⁸
1391 5760 1404 5774 ν

666 5766 753 5836 I5)
788 5764 943 5836 Qolb.
984 5778 1082 5836 pro
1109 5780 1183 5815 υπ
1241 5777 1460 5836 αυτους.

643 5771 732 5836 (15
788 5771 943 5820 Coll).
984 5778 1082 5832 pro
1109 5771 1214 5815 ὑπὸ
1241 5771 1460 5824 αύτούς.

643 5771 755 5906 (te;
792 5833 886 5890 Sic
917 5833 1098 5891 scribo
1155 5847 1255 5902 pro
1295 5830 1744 5904 καθαριθμὴζειν,
1802 5831 1908 5888 nisi
1965 5831 2128 5888 scribi

2254 5543 2941 5619 ntalisxgtjratpp'ullpﬁaat.
3129 5613 3147 5619 Α
3240 5613 3250 5619 _
3504 5611 3516 5619 .
3591 5608 3603 5619 .

2325 5617 2441 5690 (l5)
2479 5603 2803 5672 υιιὶἰῖιιιιέιί
2821 5617 2979 5673 hodie
3003 5613 3149 5690 apud
3176 5613 3300 5680 τοὺς
3326 5610 3467 5668 LXX
3503 5608 3700 5681 legitur
3751 5603 3838 5670 δὸς

2254 5689 2548 5829 νηῖιίίίῗςίιει
2588 5758 2783 5831 scripsi
2808 5774 2907 5831 pro
2938 5757 3330 5831 ἐμερίσθησαν,
3379 5751 3576 5826 pendet
3598 5749 3746 5808 enim
3769 5745 3836 5802 ab

2242 5833 2598 5888 antecedente
2625 5829 2994 5902 προήλθομεν.
