4110 6442
276 391 375 454 857

980 385 1079 443 AD
1116 377 1713 443 AMPHILOCHIUM
1756 374 2104 448 QUIESTIO
2166 373 2415 448 CLXVI,
2457 373 2725 436 CLXVII.

3451 372 3560 437 858

345 514 467 565 Ὀτι
507 506 641 580 (Π),
706 508 911 580 φησὶν,
973 507 1048 576 μὴ
1098 502 1402 574 μεταϐαλλε
1455 501 1677 572 ῥήματα
1728 496 1863 550 Θεοῦ

2040 490 2119 547 Ne
2149 492 2427 558 immutes,
2480 492 2679 561 inquit,
2709 491 2869 545 verba
2908 490 3003 545 Dei
3054 490 3309 547 viventis.
3358 491 3416 546 In
3457 492 3560 547 Pa-

275 605 472 669 ζῶντος
502 620 517 633 ·
555 605 633 666 εἰς
681 602 925 671 Πατέρα,
957 599 1053 652 καὶ
1083 597 1232 659 Υίὺν,
1288 596 1383 649 καὶ
1430 594 1585 662 ἆγιον
1640 591 1867 660 Πνεῦμα

277 696 630 768 ὲϐαπτίσθης,
675 695 729 748 τί
770 694 1017 763 ἀναιρεῖς
1058 689 1168 762 (18)
1215 689 1284 741 τά
1306 687 1547 757 ὀνόματα
1583 685 1655 738 τὰ
1687 683 1865 749 ζῶντα

277 790 370 841 καὶ
413 788 658 856 εἰσάγεις
696 786 938 857 ὀνόματα
996 781 1296 852 λογισμῶν,
1358 779 1607 849 γέννημα
1662 775 1861 845 λέγων,

280 883 371 935 καὶ
394 883 714 952 ἀγέννητον,
740 879 837 933 καὶ⁹
862 876 1136 949 γεννητὸν,
1156 874 1214 930 ὃν
1240 875 1346 935 ἀεὶ,
1383 874 1479 927 καὶ
1511 871 1586 943 μὴ
1636 870 1694 926 ὃν
1742 868 1830 924 ἀεί
1846 910 1864 937 ,

282 974 499 1028 Τούτων
550 973 803 1044 ἀνέχεται
846 971 977 1034 Θεὸς
1022 969 1131 1023 τῶν
1190 966 1434 1041 ματαίων
1479 966 1773 1038 ρημάτωνς
1806 963 1865 1019 ἓν

284 1069 436 1140 ρἧα
465 1067 553 1120 ἵνα
601 1064 914 1137 μεταϐάλῃ,
950 1063 1237 1136 προφήτας
1299 1060 1433 1114 ποτὲ
1492 1059 1866 1112 ἐκινδύνευσεν

280 1160 563 1214 ἀπολέσαι.
630 1159 742 1212 Καὶ
814 1157 978 1228 βλέπε
1036 1157 1282 1227 ῥήματος
1324 1150 1526 1223 μικροῦ
1579 1148 1864 1219 ἀκριϐολο-

283 1250 405 1318 γίαν
437 1266 450 1279 ⁸
499 1248 579 1301 Τὰ
639 1248 860 1318 ῥήματα
901 1246 1010 1299 τῶν
1089 1242 1385 1313 προφητῶν
1434 1258 1579 1303 τινες
1638 1238 1866 1293 ἐκάλουν

284 1341 388 1395 ὑπὸ
441 1338 697 1412 ἀπειρίας
727 1338 837 1409 (19)
891 1337 1087 1408 λῆμμα
1152 1336 1397 1407 Κυρίουο
1439 1332 1586 1401 λέγει
1641 1332 1669 1384 6
1732 1330 1867 1392 Θεὸς

280 1432 365 1485 δτά
400 1430 835 1503 Ὶερεμίου(20),·
874 1447 893 1481 ι
936 1430 1064 1482 Ἐάν
1092 1430 1343 1499 ἐρωτήση
1396 1443 1454 1479 σε
1501 1427 1529 1478 6
1577 1423 1724 1488 λαὸς,
1772 1421 1805 1492 ἦ
1843 1423 1871 1475 6

284 1524 484 1595 ἱερεὺς,
514 1523 547 1593 ἢ
575 1526 601 1576 6
652 1523 958 1593 προφήτης,
987 1522 1081 1575 καὶ
1127 1523 1269 1574 εἴποι
1298 1537 1398 1585 σοι,
1430 1519 1496 1572 Τί
1538 1516 1601 1570 τὸ
1625 1515 1818 1586 λῆμμα
1850 1530 1866 1579 ;

1976 594 2133 648 trem,
2172 583 2391 647 Filium,
2420 592 2474 636 et
2507 581 2767 652 Spiritum
2817 592 3067 638 sanctum
3116 583 3427 652 baptizatus
3474 599 3557 641 es.

1974 675 2155 741 Quare
2184 672 2409 727 nomina
2454 671 2574 725 viva
2603 672 2769 739 tollis,
2811 680 2865 726 et
2899 672 3119 727 nomina
3160 674 3559 742 cogitationum

1987 773 2205 819 tuarum
2243 762 2481 827 invehis,
2514 762 2855 833 progeniem,
2886 771 2939 815 et
2976 762 3278 831 ingenitum
3317 773 3373 817 et
3407 765 3561 834 geni-

1975 864 2111 920 tum,
2159 868 2373 922 semper
2421 853 2713 917 exsiStens,
2759 860 2814 906 et
2859 868 2967 905 non
3008 868 3222 921 semper
3272 854 3559 908 exsistens

1972 945 2340 1018 appellando?
2389 943 2529 999 Num
2588 960 2725 998 vana
2769 943 3043 1014 ejusmodi
3100 944 3265 999 verba
3302 947 3561 1000 tolerabit

1974 1040 2155 1098 Deus?
2194 1040 2504 1095 Periculum
2550 1039 2683 1094 olim
2730 1050 2870 1105 erat,
2903 1054 2971 1093 ne
3014 1053 3182 1092 unum
3208 1039 3435 1093 verbum
3479 1039 3551 1093 ad

1976 1133 2364 1206 pervertendos
2400 1132 2692 1203 prophetas
2729 1132 2955 1201 periret.
2984 1130 3116 1184 Vide
3148 1145 3299 1196 vero,
3321 1142 3565 1199 quanto-

1973 1243 2104 1297 pere
2151 1227 2359 1281 vocula:
2405 1241 2588 1295 parvae
2632 1225 2772 1279 ratio
2819 1224 3111 1278 habeatur.
3158 1222 3563 1292 Pr0phetarum

1974 1320 2139 1375 verba
2202 1319 2453 1374 nonnulli
2517 1333 2597 1383 ,ex
2651 1316 3022 1387 imprudentia
3087 1314 3284 1385 λῆμμα
3348 1313 3565 1368 Domini

1977 1412 2249 1468 vocabant
2298 1430 2311 1467 :
2362 1432 2379 1464 ι
2431 1412 2487 1466 Si
2543 1420 2595 1465 te
2654 1408 3077 1479 interrogaverit
3131 1408 3407 1477 populus,
3473 1414 3568 1460 aut

1977 1509 2272 1573 sacerdos,
2341 1516 2435 1562 aut
2487 1507 2793 1576 prepheta,
2857 1513 2911 1559 et
2967 1503 3208 1568 dixerit,
3264 1503 3404 1569 Quid
3461 1502 3567 1557 sibi

280 1615 402 1668 εἰπὲ
437 1616 643 1680 αὐτοῖς,
686 1617 768 1667 ὅτι
805 1615 877 1667 Τὸ
926 1613 1118 1684 λῆμμα
1148 1612 1351 1683 Κυρίου
1392 1611 1549 1680 ὑμεῖς
1578 1611 1724 1663 ὲστε.
1755 1607 1863 1677 Λή-

1986 1604 2081 1657 ῖυίι
2120 1602 2355 1672 λῆμμαῖ
2404 1602 2492 1656 dic
2536 1601 2665 1666 illis,
2710 1599 2820 1655 Vos
2870 1600 3003 1655 es’tis
3058 1598 3255 1669 λῆμμα
3302 1596 3565 1652 Domini:

277 1707 452 1777 ψομαι
500 1707 608 1777 γὰρ
653 1708 798 1777 ὑμᾶς
861 1705 1077 1776 λῆμμα,
1114 1706 1208 1758 καὶ
1253 1703 1401 1774 pago
1452 1704 1618 1773 ὑμᾶς,
1659 1700 1749 1754 ἵνα
1791 1699 1867 1771 μὴ

277 1798 474 1869 λέγητε
504 1798 716 1871 λῆμμα.
744 1819 763 1852 ι
794 1800 890 1852 ’Ἑν
913 1800 1065 1869 ῥῆμα
1097 1798 1180 1851 ἵνα
1210 1798 1286 1869 μὴ
1319 1794 1686 1867 μεταποιηθῇ,
1712 1794 1870 1847 ἀπει-

276 1893 362 1945 λεῖ
382 1896 409 1946 ὁ
440 1892 572 1957 Θεός
598 1909 611 1923 ⁸
636 1891 731 1947 καὶ
775 1892 839 1946 σὺ
878 1892 1170 1962 ὁλόκληρον
1225 1889 1509 1959 δογμάτων
1561 1884 1871 1957 ἁκρίϐειαν;

276 1986 615 2058 διαστρέφων
637 1984 875 2056 νομίζεις
899 1984 1185 2054 διαφυγεῖν
1221 1983 1318 2045 τὰς
1342 1980 1437 2035 τοῦ
1469 1978 1605 2034 Θεοῦ
1636 1980 1827 2051 χεῖρας
1851 1994 1867 2042 ;

816 2201 1153 2257 ΕΡΩΤΗΣΙΣ
1186 2202 1368 2269 Ρεςῖι.

387 2365 520 2433 Πῶς
535 2359 1131 2487 πρεσϐευτὴςηῆλοέν
1155 2365 1188 2416 ὀ
1212 2362 1469 2432 Χριστὸς
1485 2360 1643 2429 παρὰ
1657 2360 1765 2415 τοῦ

961 2452 1067 2487 am
1108 2455 1139 2487 (ι
1170 2449 1189 2487 :

961 2449 1139 2503 ατρος
1167 2449 1189 2500 ;

1974 1708 2072 1747 vos
2142 1694 2289 1746 enim
2353 1692 2527 1749 instar
2606 1692 2891 1763 λήμματος
2951 1690 3260 1761 arripiam,
3317 1698 3373 1745 et
3433 1705 3568 1745 con-

1978 1784 2211 1856 fringam
2234 1801 2354 1854 vos,
2390 1801 2459 1840 ne
2478 1786 2671 1841 dicatis
2696 1785 2932 1855 amplius
2958 1784 3235 1855 λῆμμα²⁸.
3264 1802 3283 1835 ›
3315 1782 3393 1838 l‘bi
3424 1783 3569 1838 Deus

1982 1881 2162 1935 minas
2220 1878 2368 1945 fecit,
2414 1894 2483 1933 ne
2536 1894 2645 1933 una
2696 1895 2799 1933 vox
2848 1886 3132 1933 mutetur:
3169 1886 3223 1931 tu
3274 1891 3426 1943 vero,
3471 1875 3568 1945 qui

1986 1972 2305 2026 universam
2345 1980 2660 2041 rectamque
2698 1971 3073 2026 doctrinarum
3116 1971 3311 2026 seriem
3341 1986 3565 2040 perver-

1982 2065 2075 2132 tis,
2103 2080 2298 2119 manus
2324 2063 2415 2117 Dei
2441 2062 2678 2131 elIugere
2706 2074 2758 2118 te
2792 2079 2954 2134 posse
2985 2062 3266 2133 opinaris?

1980 2200 2313 2271 QUIESTIO
2338 2202 2546 2258 CLXVI
2574 2203 2763 2276 [CoisL
2789 2203 2996 2272 CXCV,
3028 2205 3191 2259 Taur.
3228 2204 3564 2277 CLXXXV].

2083 2360 2357 2427 Quomodo
2392 2360 2638 2417 Christus
2683 2362 2888 2433 legatus
2939 2379 2973 2417 a
3003 2361 3171 2417 Patre
3211 2364 3453 2418 venerit?

1018 2588 1164 2639 Edita
1186 2603 1215 2638 a
1241 2588 1368 2638 Maio
1397 2586 1453 2650 (Ι.
1490 2599 1535 2637 c.
1560 2600 1613 2648 p.
1635 2585 1774 2649 104.)
1803 2613 1863 2622 -
1884 2586 1961 2637 De
1982 2583 2178 2637 Christo
2200 2593 2436 2648 tanquam
2459 2584 2624 2635 Patris
2655 2586 2839 2648 legato.

355 2743 478 2795 Ὅτι
498 2735 649 2811 ἦλθε,
672 2739 827 2811 φησὶ,
859 2738 1013 2812 παρὰ
1054 2736 1148 2792 τοῦ
1178 2736 1391 2806 Πατρὸς
1420 2737 1447 2789 6
1471 2734 1709 2804 Χριστὸς
1734 2734 1876 2805 πρὸς

2055 2733 2213 2801 Quod
2253 2734 2739 2790 vetuerithristus
2777 2750 2808 2788 a
2844 2733 3007 2789 Patre
3046 2734 3255 2805 legatus
3287 2734 3355 2790 ad
3391 2734 3566 2791 Inomi-

280 2836 410 2900 τοὺς
442 2833 762 2906 ἀνθρώπους
787 2831 1151 2905 πρεσϐευτὴς,
1179 2829 1393 2899 ἐσφάγη
1442 2831 1471 2882 6
1519 2826 1882 2900 πρεσϐευτὴς,

283 2931 381 2981 καὶ
408 2928 529 2980 τότε
554 2926 775 2996 γέγονεν
792 2927 825 2995 η
849 2924 1062 2995 εἰρήνη.
1098 2923 1237 2976 Ἀλλ’
1254 2923 1303 2975 oi
1323 2920 1582 2992 πρέσϐεις
1600 2920 1885 2992 ἐρχόμενοι

287 3022 385 3074 καὶ
424 3019 574 3090 δῶρα
630 3019 856 3089 φέρουσι
885 3016 981 3069 καὶ
1030 3015 1178 3085 δῶρα
1224 3013 1585 3083 λαμϐάνουσι.
1611 3014 1771 3066 Ποῖον
1791 3008 1886 3065 οὖν

286 3108 411 3182 ἧκε
436 3110 619 3181 φέρων
646 3108 840 3177 δῶρον,
862 3105 960 3159 καὶ
994 3108 1146 3158 ποῖον
1170 3103 1432 3159 άντέλαϐε
1457 3120 1472 3169 ;
1494 3103 1804 3173 Παράδοξον
1824 3102 1885 3155 τὸ

282 3200 481 3270 δῶρον,
498 3197 575 3259 ὡς
604 3197 699 3250 καὶ
727 3198 755 3248 6
776 3193 1121 3265 πρεσϐευτὴς
1140 3192 1442 3264 παράδοξος
1462 3192 1524 3245 τὸ
1550 3189 1689 3262 αἷμα
1716 3190 1883 3246 αὑτοῦ

288 3291 475 3361 φέρων
495 3285 623 3360 ἦλθε
647 3287 840 3358 δῶρον·
863 3285 925 3339 τὸ
946 3286 1109 3357 σῶμα
1129 3284 1298 3339 αὑτοῦ
1317 3280 1448 3355 ἦλθε
1475 3286 1658 3355 φέρων
1686 3283 1880 3356 δῶρον’

286 3385 385 3438 καὶ
402 3383 455 3436 τί
475 3382 607 3454 παρ’
636 3382 769 3453 ἐμοῦ
795 3380 955 3435 ἔλαϐε
982 3381 1153 3451 δῶρον
1172 3398 1188 3448 ;
1210 3378 1420 3432 Πίστιν·
1450 3380 1546 3433 καὶ
1570 3379 1621 3431 τί
1644 3378 1765 3433 ἀντὶ
1788 3378 1886 3431 αὐ-

285 3474 386 3545 τῆς
416 3490 506 3545 μοι
533 3471 776 3544 παρέσχε
806 3471 1040 3542 ;Χάριν.
1078 3468 1404 3522 Ἐπίστευσα
1434 3466 1563 3535 έγιὶγ
1592 3466 1887 3537 ἐχαρίσατο

287 3567 515 3631 ἐκεῖνος’
532 3565 698 3636 ὲλύθη
723 3567 757 3636 ἡ
783 3562 972 3635 ἔχθρα·
1006 3564 1035 3616 6
1067 3560 1412 3634 πρεσϐευτὴς
1442 3560 1570 3615 ὅταν
1597 3558 1727 3630 ἔλθῃ
1752 3558 1889 3629 πρὸς

290 3657 464 3722 ἔθνος,
492 3657 593 3711 οὐκ
612 3658 756 3724 ἀξιοῖ
778 3674 884 3710 τινι
914 3654 1020 3709 τῶν
1050 3653 1327 3725 ἀγοραίων
1357 3651 1392 3723 ἢ
1426 3644 1677 3723 πενήτων
1706 3651 1887 3705 διαλε-

291 3750 509 3822 χθῆναι,
539 3750 655 3804 ἀλλ’
710 3748 872 3813 εὐθὺς
900 3748 980 3819 τῷ
1013 3747 1224 3818 βασιλεῖ
1254 3748 1556 3818 πρόσεισιν.
1586 3738 1756 3809 Οὗτος
1781 3742 1837 3797 δὲ
1860 3745 1889 3797 ὁ

295 3840 636 3925 πρεσϐευτὴς
660 3836 815 3910 ἦλθε,
846 3839 944 3893 καὶ
980 3839 1145 3901 εὐθὺς
1202 3839 1400 3909 πόρνῃ,
1429 3838 1524 3892 καὶ
1573 3840 1765 3909 λῃστῇ,
1797 3837 1891 3889 καὶ

296 3924 525 4005 τελώνῃ,
551 3932 647 3985 καὶ
679 3930 875 4001 μάγοις
901 3930 1176 3999 διηλὲχθη.
1212 3924 1364 3993 Εἶδες
1395 3929 1738 4001 πρεσϐευτοῦ
1764 3929 1887 3998 φιλ-

296 4025 656 4097 ανθρωπίαν;
689 4024 751 4076 οὐ
786 4023 896 4091 γάρ
948 4022 1085 4093 πρὸς
1115 4022 1211 4074 ἕνα
1253 4024 1348 4076 καὶ
1382 4021 1639 4095 δεύτερον
1698 4016 1883 4091 ἦλθεν,

1991 2842 2111 2891 nes,
2144 2827 2383 2881 ostendit
2415 2826 2521 2881 hoc
2555 2844 2569 2881 :
2603 2825 2928 2881 interfectus
2962 2835 3046 2881 est
3092 2826 3323 2897 legatus,
3359 2837 3414 2882 et
3446 2837 3579 2884 tunc

1988 2919 2132 2976 facta
2160 2929 2244 2976 est
2270 2935 2395 2991 pax.
2450 2918 2554 2975 Sed
2585 2919 2748 2990 legati
2788 2920 3072 2974 venientes
3112 2920 3252 2975 dona
3301 2920 3483 2976 ferunt
3526 2931 3582 2977 et

1988 3009 2151 3064 simul
2195 3010 2340 3063 dona
2390 3008 2691 3080 aecipiunt.
2741 3007 2913 3075 Quale
2957 3026 3090 3082 ergo
3141 3010 3348 3065 donum
3395 3011 3580 3068 ferens

1987 3102 2159 3165 venit,
2191 3112 2245 3158 et
2273 3103 2433 3172 quale
2464 3101 2712 3173 recepit?
2733 3100 3024 3157 Miriﬁcum
3051 3103 3282 3168 donum,
3306 3103 3580 3173 siquidem

1990 3193 2259 3248 mirabilis
2312 3196 2417 3248 iste
2465 3195 2698 3249 nuntius
2735 3209 2897 3249 suum
2933 3194 3257 3264 sanguinem
3288 3195 3344 3249 in
3373 3195 3581 3250 donum

1990 3285 2172 3342 ferens
2205 3286 2371 3340 venit.
2418 3285 2634 3356 Corpus
2676 3301 2838 3341 suum
2904 3284 3087 3341 ferens
3143 3286 3349 3340 donum
3412 3286 3579 3340 venit.

1992 3377 2277 3445 Quodnam
2324 3388 2504 3431 autem
2554 3393 2582 3429 a
2633 3377 2795 3432 nobis
2824 3378 3028 3432 donum
3061 3378 3270 3446 accepit
3295 3379 3319 3432 ἲ
3344 3377 3534 3432 Fidem
3564 3394 3580 3444 ;

1991 3471 2201 3541 etquid
2248 3486 2347 3539 pro
2394 3470 2482 3524 illa
2518 3470 2653 3524 mihi
2693 3470 2963 3526 donavit?
3000 3470 3266 3525 Gratiam.
3304 3470 3420 3542 Ego
3458 3488 3583 3527 cre-

1991 3564 2134 3629 didi,
2169 3563 2259 3617 ille
2288 3564 2665 3633 gratiﬁcabat,
2701 3563 2879 3617 soluta
2908 3574 2991 3618 est
3012 3563 3323 3618 inimicitia.
3343 3562 3584 3633 Legatus

1992 3671 2117 3711 cum
2160 3668 2309 3710 venit
2345 3654 2414 3710 ad
2457 3663 2675 3725 gentem
2702 3694 2718 3721 ,
2774 3668 2887 3709 non
2932 3655 3189 3726 dignatur
3230 3669 3356 3708 cum
3399 3654 3586 3725 aliquo

1993 3747 2205 3818 plebeio
2248 3746 2337 3801 vel
2380 3762 2625 3817 paupere
2652 3748 3005 3813 conversari,
3044 3746 3139 3802 sed
3168 3747 3278 3801 cito
3316 3747 3428 3817 regi
3464 3762 3588 3803 sese

1993 3836 2169 3895 oﬂert.
2199 3836 2441 3909 Legatus
2484 3846 2670 3893 autem
2703 3837 2795 3893 ille
2826 3838 3052 3893 veniens
3080 3839 3267 3893 statim
3308 3854 3431 3893 cum
3470 3853 3588 3894 me-

1994 3933 2190 3986 retrice
2221 3940 2277 3986 et
2303 3931 2519 3987 latrone
2545 3940 2600 3986 et
2630 3933 2890 3987 usurario
2914 3940 2969 3985 et
3000 3932 3175 4002 magis
3203 3941 3586 3986 conversatur.

1996 4021 2233 4077 Videsne
2263 4022 2426 4092 legati
2457 4022 2967 4092 philantbropiam?
2996 4022 3113 4076 Non
3134 4023 3277 4076 enim
3312 4022 3380 4076 ad
3413 4038 3587 4077 unum

296 4092 431 4171 ἀλλά
478 4117 615 4188 πρὸς
668 4116 769 4187 τὴν
825 4092 1012 4185 κοινὴν
1058 4114 1243 4185 φύσιν.
1322 4115 1433 4168 Καὶ
1453 4092 1586 4185 ἦλθε
1640 4115 1703 4167 τὸ
1755 4112 1876 4183 ἐμοι

1994 4115 2078 4169 vel
2117 4115 2349 4168 alterum
2388 4116 2571 4178 venit,
2609 4114 2704 4168 sed
2740 4115 2809 4169 ad
2846 4129 3038 4167 omnes
3069 4115 3355 4178 homines,
3394 4121 3451 4167 et
3487 4130 3585 4168 vc-

296 4206 765 4279 περιϐεϐλημένος
798 4207 1013 4278 ἱμάτιον
1047 4246 1062 4272 ,
1091 4206 1178 4259 ἴνα
1230 4205 1305 4277 μὴ
1354 4207 1535 4277 γυμνῇ
1560 4208 1624 4278 τῇ
1673 4204 1887 4275 θεότητι

294 4301 741 4373 παραγενόμενος
761 4299 900 4370 φοϐή
910 4315 976 4373 σῃ
990 4300 1092 4370 τὴν
1122 4299 1317 4368 θήραν.

836 4459 1175 4513 ΕΡΩΤΗΣΙΣ
1224 4458 1388 4512 ΡΞΖ’.

296 4714 399 4777 Εἰς
420 4711 485 4765 τὸ
512 4713 705 4794 ῥητᾴν
736 4711 868 4794 (ily
904 4729 923 4762 σ
962 4712 1044 4791 Ei:
1061 4727 1152 4794 τίς
1191 4708 1533 4794 ρζὶςριίζτῷ,
1564 4708 1744 4777 καινὴ
1769 4706 1892 4794 ξιτίτ

371 4799 472 4866 σις
498 4778 603 4835 ’τὰ
634 4778 855 4852 ἀρχάῐα
883 4780 1180 4850 παρῆλθε,
1210 4779 1579 4852 ίδοὺηηέγονε
1615 4780 1792 4834 καινὰ
1818 4778 1892 4833 τὰ

371 4868 589 4907 παντα.
623 4872 643 4905 1

1996 4207 2154 4261 niens
2183 4215 2376 4261 nostro
2405 4205 2654 4260 induitur
2690 4205 2913 4270 vestitu,
2951 4220 3040 4271 ne,
3076 4204 3121 4259 si
3147 4205 3419 4270 venisset,
3448 4205 3589 4260 divi-

1997 4298 2169 4353 nitate
2198 4312 2305 4353 non
2338 4297 2533 4364 velata,
2566 4296 2713 4353 illius
2744 4311 3036 4352 occursum
3070 4297 3381 4353 timeamus.

2110 4468 2438 4538 QUASSTlO
2496 4466 2725 4526 cnxvn
2776 4468 2962 4540 [Cuisl.
3034 4466 3264 4535 cxcvr,
3318 4468 3483 4524 Taur.

2630 4539 2986 4614 CLXXXVI].

1999 4701 2068 4755 lu
2103 4702 2382 4756 oraculum
2432 4702 2610 4757 illud:
2650 4722 2668 4755 ι
2698 4701 2759 4757 Si
2788 4705 2906 4772 quis
2945 4711 3022 4757 est
3071 4703 3126 4756 iu
3180 4699 3416 4764 Christo,
3451 4715 3586 4754 nova

2070 4783 2146 4826 est
2176 4783 2451 4840 creatura;
2489 4786 2660 4829 vetera
2723 4773 3075 4839 transierunt,
3124 4787 3242 4827 ecce
3279 4787 3413 4825 nova
3443 4774 3591 4841 [acta

2070 4854 2192 4897 sunt
2222 4846 2401 4898 omnia
2447 4846 2517 4900 ”.
2551 4863 2573 4896 ι

755 5008 1016 5061 Editarum
1040 5025 1067 5060 a
1092 5010 1272 5061 Wolﬁo
1295 5007 1536 5074 vigesima
1558 5014 1728 5059 octava
1751 5006 1767 5071 (
1796 5008 1834 5057 1.
1871 5019 1938 5069 c.,
1960 5020 2011 5070 p.
2035 5008 2267 5059 διο-812.
2291 5008 2521 5060 Galland.
2542 5007 2676 5071 Xlll,
2694 5007 2817 5068 .750,
2841 5005 2957 5069 751,
2978 5018 3031 5057 n.
3052 5004 3153 5066 44.)

378 5164 503 5219 Ὀτι
530 5167 697 5236 φασὶν
748 5167 798 5221 οἱ
842 5167 1207 5239 Ἑλληνισταὶ,
1240 5168 1335 5221 καὶ
1363 5166 1426 5221 τὸ
1466 5165 1752 5232 Ἰουδαῖζον
1780 5182 1795 5197 ο
1822 5165 1889 5219 Τί

2036 5146 2045 5156 ’
2079 5164 2325 5222 Gentiles
2372 5176 2427 5222 et
2468 5164 2824 5221 Judaizantes
2875 5163 3109 5220 dicunt:
3146 5160 3286 5229 Quid
3332 5158 3599 5232 gloriatur

307 5258 586 5328 κομπάζει
615 5258 825 5325 Παῦλος
857 5259 1055 5330 λέγων’
1089 5280 1107 5312 ι
1132 5260 1213 5313 Τά
1237 5262 1439 5331 ἀρχαῖα
1468 5259 1737 5330 παρῆλθε,
1792 5258 1876 5313 ίδοῐ

2006 5256 2213 5315 Paulus
2272 5257 2499 5316 dicens:
2546 5277 2565 5312 ι
2604 5256 2797 5315 Vetera
2843 5255 3222 5314 transierunt:
3252 5270 3381 5312 ecce
3412 5253 3599 5310 omnia

383 5424 428 5455 ’⁸
451 5424 652 5479 Jerem.
683 5439 839 5491 xxm,
864 5422 955 5478 53.
1031 5423 1076 5455 "
1099 5422 1144 5476 ll
1172 5421 1303 5477 Cor.
1336 5437 1389 5489 ν,
1418 5422 1503 5477 17.

1858 5534 2092 5594 ΝΟΤᾸΕ.

388 5694 504 5767 (17)
526 5696 659 5762 Qme
688 5703 1018 5767 sequuntur,
1045 5710 1109 5749 ea
1167 5694 1446 5765 quomodo
1474 5694 1579 5751 huc
1606 5693 1897 5765 quadrent,

316 5782 429 5823 non
461 5765 756 5822 admodum
770 5765 965 5821 ’video.

392 5838 506 5910 (18)
534 5837 687 5894 Colb.
722 5851 821 5907 pro
854 5835 921 5891 ἂν
954 5838 1117 5907 ἐρεῖς.

2226 5690 2517 5780 ξίεὲεςξὺο
2659 5686 3089 5780 ἔπηρΙςαςζθ-Νἱεὶ
3121 5686 3278 5742 malis
3312 5682 3600 5754 ὲπηρεαίς.

2105 5762 2198 5831 ‘20)
2231 5761 2289 5815 In
2313 5759 2533 5826 Codice,
2567 5759 2744 5815 male:
2789 5759 3033 5831 Ἡσαΐου,

2105 5829 2198 5901 21)
2228 5833 2308 5895 είς
2336 5831 2397 5885 τὸ
2425 5831 2609 5903 ῥητόν,
2640 5830 2825 5898 accepi
2844 5844 2910 5884 ex
2941 5829 3098 5884 Colb.
