4110 6432
541 344 645 407 859

1711 349 1976 411 ΡΗΟΤΙΙ
2012 352 2523 414 PATRIARCILE
2555 354 2662 414 CP.

3721 359 3830 424 860

543 459 687 514 facta
729 468 860 517 sunt
906 477 1044 516 nova
1082 479 1095 515 :
1129 462 1175 516 si
1201 464 1325 534 quis
1357 463 1410 518 in
1451 463 1673 520 Christo
1719 477 1823 530 est,
1851 483 1994 523 nova
2041 479 2119 525 est

2230 472 2421 541 γέγονε
2472 472 2542 524 τὰ
2589 472 2765 524 πάντα
2798 469 3076 525 κιινάέί
3135 490 3219 534 τις
3277 475 3335 526 ἐν
3393 473 3634 545 Χριστῷ,
3659 479 3821 548 καινὴ

541 563 817 608 creatura.
856 573 873 605 ι
928 554 1039 624 Ego
1092 557 1265 622 enim,
1331 556 1532 628 inquit,
1579 559 1716 614 nihil
1770 562 1892 614 novi
1950 563 2130 618 video.

542 643 740 700 Nonne
766 661 897 701 vero
922 647 1093 702 habes
1125 650 1336 716 oculos,
1376 662 1435 705 ut
1474 667 1536 706 ea
1578 656 1887 724 perspicere
1914 656 2131 726 possis?

542 739 844 805 Adesdum,
876 749 930 795 et
975 740 1175 796 faciam
1213 744 1307 798 tibi
1350 745 1565 809 oculos,
1612 756 1672 800 ut
1715 746 1927 803 videas.
1977 748 2131 803 Tune

540 847 671 885 vero
725 833 917 888 oculos
973 835 1110 890 das?
1158 837 1273 890 lmo
1324 853 1476 893 vero.
1521 837 1673 893 Tune
1719 841 1983 896 Conditor
2032 843 2132 898 es?

543 922 765 995 Utique.
796 925 988 982 Nonne
1031 942 1212 985 mente
1245 943 1438 1002 captus
1469 936 1567 989 es?
1602 935 1949 1006 Neutiquam.
1984 933 2131 991 Ocu-

541 1017 696 1072 losne
729 1019 915 1090 itaque
960 1025 1209 1092 corporis
1255 1023 1426 1080 facis?
1472 1026 1592 1082 Non
1629 1043 1785 1092 sane,
1832 1027 1950 1095 sed,
1982 1029 2127 1098 quod

541 1113 663 1180 plus
711 1113 872 1178 valet,
922 1118 1143 1171 mentis.
1183 1117 1373 1188 Itaque
1416 1128 1471 1173 et
1519 1121 1653 1175 mihi
1699 1122 1889 1176 oculos
1929 1122 2130 1192 paras?

539 1201 640 1258 Vel
679 1209 939 1261 maxime.
976 1205 1168 1264 Nonne
1200 1226 1330 1265 vero
1367 1225 1462 1266 eos
1492 1211 1707 1266 habeo?
1734 1212 1974 1268 Minime.
2020 1212 2127 1270 Sed

541 1306 600 1350 tu
634 1297 844 1352 habes?
883 1299 1103 1370 Utique.
1147 1300 1264 1364 Dic,
1307 1319 1517 1373 quaeso,
1548 1305 1863 1374 quomodo?
1891 1303 2047 1372 Quod
2079 1306 2126 1362 si

541 1399 599 1444 tu
635 1391 897 1460 templum
948 1393 1230 1463 ingressus
1278 1397 1482 1450 nudum
1534 1397 1607 1451 ibi
1646 1397 2028 1466 simulacrum,
2071 1408 2129 1454 et

539 1493 756 1538 mutum
803 1484 1036 1555 lapidem
1088 1488 1294 1552 videas,
1340 1489 1606 1558 dicasque
1638 1529 1653 1555 ,
1682 1487 1782 1546 Hic
1828 1501 1913 1548 est
1944 1490 2124 1559 Deus,

542 1597 672 1634 num
703 1581 895 1636 oculos
932 1591 1063 1637 tunc
1100 1583 1309 1638 habes?
1338 1583 1525 1654 Neque
1553 1585 1699 1640 enim
1733 1587 1944 1640 externi
1982 1587 2124 1642 oculi

543 1674 842 1744 quidquam
871 1686 1126 1744 prosunt,
1155 1679 1376 1746 quando
1414 1678 1640 1734 internis
1683 1689 1877 1749 captus
1919 1695 1999 1735 es.
2034 1680 2126 1735 Vi-

541 1768 638 1821 des
670 1768 852 1837 itaque
886 1782 1114 1824 neeesse
1141 1786 1282 1834 esse,
1316 1781 1375 1824 ut
1417 1772 1606 1828 oculos
1640 1772 1733 1827 tibi
1771 1788 1981 1843 parem,
2013 1790 2124 1844 quo

2236 566 2413 628 κτίσις
2445 582 2459 630 ;
2493 585 2511 618 ›
2547 564 2658 633 ἐγὼ
2711 565 2842 636 γὰρ,
2871 566 3025 636 φησι,
3058 566 3244 620 καινὸν
3292 567 3444 622 οὐδὲν
3507 568 3710 638 βλέπω.
3746 571 3825 623 Οὐ

2234 657 2343 729 γὰρ
2403 657 2548 728 ἔχεις
2609 657 2944 728 ὀφθαλμοὺς,
2978 660 3064 712 ἵνα
3124 660 3238 730 ἴδῃς
3271 660 3443 713 ταῦτα
3471 681 3484 722 ;
3513 661 3704 732 Δεῦρο,
3729 663 3828 716 καὶ

2234 755 2448 822 ποιήσω
2501 769 2583 805 σοι
2636 753 2972 822 ὀφθαλμοὺς,
3013 754 3109 807 καὶ
3156 757 3375 826 ὁράσεις
3418 756 3549 826 (22)·
3594 760 3702 810 Καὶ
3757 759 3823 811 σὺ

2233 845 2410 907 ποιεῖς
2464 843 2819 913 ὀφθαλμούς;
2879 846 3009 898 Ναί.
3044 846 3154 899 Καὶ
3209 845 3680 918 δημιουργὸς.εἶ;
3714 851 3826 904 Καὶ

2233 935 2397 988 πάνυ.
2419 936 2492 989 Σὺ
2509 937 2889 1007 ἀπονενόησαι;
2907 939 3061 1008 Οὐχί.
3079 939 3288 991 Οὐκοῦν
3303 943 3475 1003 ποιεῖς
3495 941 3605 1011 (25)
3624 943 3826 1010 ὀφθαλ-

2235 1028 2371 1097 μοὺς
2398 1027 2492 1081 τοῦ
2527 1027 2808 1099 σώματος;
2830 1029 2928 1081 Οὐ·
2947 1030 3083 1084 ἀλλὰ
3115 1031 3177 1083 τὸ
3215 1033 3418 1100 μεῖζον,
3441 1034 3538 1102 τῆς
3559 1035 3822 1098 διανοίας.

2232 1118 2343 1170 Καὶ
2385 1121 2560 1182 ποιεῖς
2592 1136 2683 1187 μοι
2712 1119 3059 1190 ὀφθαλμούς;
3095 1121 3366 1175 Μάλιστα.
3395 1124 3470 1175 Οὐ
3519 1125 3628 1194 γὰρ
3679 1125 3820 1195 ἔχως

2231 1212 2472 1281 Οὐχί.Σὺ
2489 1212 2544 1265 δὲ
2572 1211 2750 1282 ἔχεις;
2781 1212 2907 1266 Ναί.
2935 1213 3057 1277 Πῶς
3076 1230 3091 1280 ;
3111 1216 3231 1268 εἰπέ
3257 1233 3369 1284 μοι.
3394 1217 3562 1270 Ὅταν
3579 1219 3824 1290 ἀπέλθῃς

2229 1303 2310 1365 είς
2358 1302 2505 1370 ναὸν,
2547 1305 2641 1356 καὶ
2683 1303 2797 1377 ίδῃς
2830 1305 2948 1375 ἐκεζ
2993 1304 3182 1369 ξόανον
3239 1305 3466 1376 γυμνὸν,
3495 1307 3641 1360 λίθον
3667 1311 3824 1376 ἄφω-

2232 1409 2339 1455 νον,
2374 1393 2469 1445 καὶ
2524 1395 2684 1464 εἴπῃς
2714 1411 2729 1426 ο
2764 1387 2936 1458 Οὗτος
2983 1398 3010 1448 6
3044 1397 3177 1458 Θεός
3227 1399 3374 1451 ἐστιν
3401 1416 3416 1428 ⁸
3459 1395 3567 1470 ἆρα
3615 1401 3821 1470 6379a).-

2233 1485 2368 1554 μούς
2398 1483 2582 1554 ἔχεις;
2619 1486 2692 1558 μὴ
2723 1486 2830 1556 γὰρ
2853 1487 3041 1556 ὀφελός
3058 1505 3110 1540 τι
3133 1507 3242 1541 των
3269 1490 3468 1554 ἔξωθεν
3521 1491 3820 1561 ὀφθαλμῶν

2227 1573 2338 1628 τῶν
2379 1575 2526 1628 ἔνδον
2556 1577 3025 1648 πεπηρωμένων;
3087 1580 3253 1650 Ὁρᾷς
3299 1581 3381 1633 ὅτι
3428 1582 3620 1651 χρείαν
3673 1583 3819 1652 ἔχεις

2229 1667 2317 1720 ἵνα
2346 1669 2559 1739 ποιήσω
2595 1685 2675 1721 σοι
2711 1667 3046 1737 ὀφθαλμοὺς,
3081 1668 3220 1721 ὥστε
3269 1670 3361 1722 τὸν
3391 1670 3539 1723 λίθον
3593 1689 3652 1724 σε
3689 1675 3817 1726 ἰδεῖν

2227 1757 2396 1824 λίθον,
2433 1759 2526 1811 καὶ
2587 1758 2648 1811 τὸ
2699 1757 2875 1824 ξύλον,
2904 1759 3061 1822 ξύλον
3091 1776 3106 1792 ο
3141 1759 3453 1830 ὀφθαλμοὺς
3487 1761 3654 1832 ἔχεις,
3689 1765 3816 1818 ὅταν

539 1856 774 1925 lapidem
827 1857 1015 1912 videas
1068 1875 1192 1915 esse
1237 1861 1497 1930 lapidem,
1541 1870 1595 1916 et
1628 1863 1839 1932 lignum
1890 1879 2012 1919 esse
2054 1865 2114 1918 li-

2227 1851 2340 1919 ἴξης
2375 1849 2552 1916 ξύλον,
2584 1851 2678 1905 καὶ
2711 1853 3123 1924 προσκυνήσῃς·
3157 1855 3249 1907 καὶ
3284 1853 3463 1908 λαϐὼν
3516 1857 3648 1925 ἐγὼ,
3683 1859 3817 1913 αὐτὸ

541 1965 730 2020 gnum.
780 1947 983 2005 Oculos
1024 1950 1217 2015 habes,
1251 1960 1310 2005 ut
1343 1951 1534 2006 videns
1574 1952 1780 2022 lignum
1824 1953 1953 2008 illud
1999 1956 2123 2009 ado-

537 2040 670 2095 res?
706 2040 819 2111 Ego
849 2057 978 2096 vero
1013 2041 1144 2096 illud
1184 2043 1529 2098 comburam.
1565 2043 1703 2098 Num
1741 2045 1908 2115 igitur
1933 2047 2122 2102 oculos

537 2133 732 2196 habes,
761 2134 855 2203 qui
909 2133 1062 2196 illud,
1105 2135 1254 2203 quod
1304 2136 1667 2204 comburitur,
1709 2137 1880 2192 Deum
1935 2140 2123 2210 appel-

536 2225 661 2280 les?
701 2224 877 2280 Homo
909 2226 1112 2296 aliquis
1163 2227 1352 2281 ebrius
1393 2239 1499 2292 est,
1531 2237 1585 2282 et
1629 2227 2033 2295 circumfertur,
2070 2242 2124 2286 et

533 2320 833 2385 deridetur,
873 2328 927 2374 et
963 2335 1030 2374 ex
1065 2321 1287 2377 homine
1333 2322 1546 2376 ratione
1573 2321 1870 2378 destitutus
1916 2324 2120 2380 evadit.

535 2404 615 2458 Tu
649 2421 778 2460 vero
827 2407 948 2462 ais:
999 2407 1309 2464 Ebriositas
1349 2409 1484 2465 deus
1520 2419 1624 2475 est,
1675 2411 1956 2478 Bacchus;
2006 2413 2124 2468 fur-

535 2509 649 2553 tum
701 2501 837 2555 deus
863 2509 967 2567 est,
1005 2499 1330 2556 Mercurius.
1363 2500 1618 2570 Videsne,
1650 2504 1827 2559 oculis
1859 2505 1954 2559 tibi
1985 2521 2124 2576 Opus

533 2593 698 2647 esse?
729 2592 839 2646 Lex
883 2608 1051 2664 prava
1087 2595 1279 2663 punit;
1314 2603 1369 2648 tu
1408 2610 1559 2660 vero,
1599 2611 1662 2650 ea
1706 2607 1950 2666 patrans,
1982 2599 2123 2652 nihil

531 2685 727 2740 sentis.
777 2683 924 2754 Jam,
1001 2703 1189 2757 quaeso
1240 2699 1311 2754 te,
1352 2690 1569 2744 attende
1613 2689 1888 2759 quomodo
1938 2692 2122 2746 omnia

536 2775 680 2830 facta
735 2776 847 2831 sint
899 2793 1060 2832 nova.
1125 2778 1389 2834 Crcatura
1434 2781 1490 2834 in
1553 2779 1835 2850 Scriptura
1893 2790 2123 2835 vocatur

535 2882 645 2922 non
676 2869 880 2932 solum,
909 2871 1132 2939 quando
1185 2871 1391 2942 aliquid
1431 2887 1497 2927 ex
1529 2873 1708 2928 nihilo
1749 2887 1872 2929 esse
1907 2873 2121 2942 incipit,

535 2963 630 3016 sed
689 2970 743 3016 et
777 2963 999 3031 quando
1031 2963 1260 3033 aliquid,
1295 2965 1442 3030 quod
1472 2974 1575 3030 est,
1625 2965 1680 3019 in
1709 2966 1906 3021 melius
1941 2976 2123 3020 muta~

536 3061 646 3105 tur.
682 3051 828 3108 Deus
852 3053 1052 3109 caelum
1081 3055 1349 3122 condidit,
1398 3057 1501 3112 hoc
1528 3066 1632 3120 est,
1653 3057 1784 3112 fecit
1815 3058 2022 3128 aliquid
2052 3074 2118 3113 ex

535 3143 753 3198 nihilo:
793 3145 931 3200 idem
968 3161 1098 3201 vero
1147 3148 1312 3202 etiam
1359 3158 1530 3212 creat,
1575 3149 1797 3219 quando
1842 3150 2120 3206 hominem

529 3238 758 3308 impium
795 3239 1003 3294 bonum
1035 3239 1213 3296 edicit.
1255 3240 1435 3313 Atque
1477 3243 1564 3298 hic
1603 3259 1791 3298 creare
1829 3244 1971 3300 idem
2011 3255 2116 3310 est,

529 3333 679 3403 quod
732 3334 939 3405 aliquid
978 3335 1032 3390 in
1074 3335 1271 3391 melius
1311 3345 1543 3392 mutare.
1594 3337 1733 3392 Audi
1767 3352 1930 3408 porro
1963 3337 2121 3393 Davi-

537 3424 662 3480 dem
706 3427 1046 3498 loquentem.
1099 3428 1370 3495 Quoniam
1425 3431 1571 3485 enim
1623 3431 1712 3485 ille
1760 3442 1815 3486 et
1859 3446 1955 3486 cor
1997 3431 2118 3501 ejus

533 3527 782 3573 ereatum
815 3529 956 3586 erat,
989 3522 1260 3576 adulterio
1283 3537 1417 3577 vero
1436 3533 1490 3576 et
1519 3523 1666 3578 cmde
1698 3522 2115 3592 inquinabatur,

527 3616 584 3664 et
643 3609 708 3663 ad
755 3610 958 3666 caedem
1010 3612 1311 3679 ferebatur,
1362 3611 1532 3668 Deum
1578 3622 1855 3683 precatur,
1896 3623 1950 3668 et
1991 3617 2112 3670 ait:

535 3719 552 3751 ι
588 3701 695 3755 Cor
738 3717 942 3756 novum
978 3717 1104 3756 crea
1135 3703 1190 3756 in
1228 3718 1338 3770 me,
1373 3701 1515 3759 Deus
1539 3705 1617 3769 ³⁰;
1651 3725 1669 3757 ›
1722 3720 1832 3760 non
1869 3707 2114 3777 quidem,

527 3790 673 3860 quod
715 3799 842 3846 ante
881 3807 991 3847 non
1043 3792 1277 3848 habebat
1315 3808 1431 3858 cor,
1489 3795 1633 3850 sicut
1680 3811 1782 3852 nec
1829 3797 1896 3853 de
1933 3799 2116 3854 cordis

527 3883 787 3948 essentia,
839 3885 936 3940 sed
984 3885 1050 3939 de
1096 3885 1325 3955 optima,
1379 3902 1500 3957 qua:
1533 3887 1664 3942 illud
1699 3898 1882 3955 ornat,
1930 3890 2117 3945 condi-

532 3974 679 4028 tione
715 3974 981 4044 loquitur.
1018 3972 1184 4031 Vides
1213 3977 1398 4045 itaque
1427 3977 1576 4046 quod
1607 3987 1860 4034 creatura
1892 3989 2115 4035 vocetur

523 4083 633 4121 non
684 4067 885 4133 solum,
934 4067 981 4123 si
1041 4085 1104 4123 ex
1143 4069 1320 4126 nihilo
1371 4069 1579 4141 aliquid
1622 4071 1860 4127 existere
1896 4071 2110 4143 incipit,

523 4160 617 4214 sed
650 4160 842 4226 etiam,
887 4160 936 4215 si
967 4162 1098 4232 quid
1133 4163 1313 4232 quoad
1359 4164 1658 4220 essentiam
1691 4174 2008 4234 corruptum
2055 4165 2111 4220 in

525 4254 725 4308 melius
783 4264 1045 4311 mutetur.
1109 4254 1186 4311 ita
1243 4257 1504 4313 meretrix
1568 4258 1857 4326 conditur,
1915 4258 1962 4314 si
2017 4259 2113 4313 ﬁat

522 4355 674 4400 casta
701 4361 716 4411 ;
754 4345 826 4400 ita
854 4362 1049 4416 rapax,
1084 4348 1130 4403 si
1158 4348 1356 4404 evadat
1385 4349 1728 4405 misericors.
1759 4350 1840 4404 Ita
1871 4350 1925 4404 in
1951 4365 2110 4405 ovem

522 4443 771 4489 mutatur
823 4435 1005 4505 lupus,
1056 4446 1110 4492 et
1171 4437 1227 4492 in
1278 4439 1592 4494 columbam
1661 4440 1941 4510 accipiter.
1993 4442 2109 4497 Duo

521 4529 707 4598 itaque
757 4540 884 4583 sunt
908 4531 1208 4587 ereationis
1247 4548 1466 4604 genera.
1497 4534 1790 4606 Propterea
1838 4535 2002 4590 etiam
2030 4535 2107 4591 la-
2141 4563 2186 4619 ι)

527 4636 756 4675 vacrum
792 4623 1000 4678 dicitur
1055 4625 1286 4692 ereatio,
1329 4626 1632 4690 lavacrum,
1667 4628 1917 4699 inquam,
1950 4644 2106 4700 rege-

525 4711 852 4767 nerationis.
896 4731 915 4764 ι
948 4711 1228 4769 Exuentes
1263 4715 1433 4783 enim,
1465 4717 1659 4786 inquit,
1698 4717 1974 4772 hominem
2013 4733 2106 4774 ve-

521 4812 720 4868 terem,
777 4804 1064 4863 induentes
1119 4816 1300 4862 autem
1336 4824 1562 4873 novum,
1611 4810 1704 4880 qui
1752 4820 2107 4881 regeneratus

517 4905 601 4950 est
643 4896 709 4951 ad
752 4897 1044 4968 imaginem
1082 4899 1226 4969 ejus,
1267 4901 1362 4970 qui
1409 4916 1535 4957 eum
1587 4901 1846 4957 condidit.
1886 4921 1905 4956 ι
1942 4901 2106 4960 Vides

519 4989 728 5058 itaque,
762 4989 904 5059 quod
956 5005 1095 5045 nova
1125 4991 1308 5062 aliqua
1365 4993 1437 5048 sit
1466 5001 1741 5048 creatura.
1771 4991 1912 5059 Quid
1956 4994 2103 5050 enim

517 5080 653 5134 mihi
679 5081 923 5150 prodest,
955 5082 1002 5137 si
1037 5082 1238 5138 coelum
1278 5083 1372 5138 ﬁat
1402 5098 1630 5149 novum,
1665 5093 1720 5140 et
1750 5093 1892 5140 terra
1939 5101 2104 5152 nova,

517 5187 649 5242 ergo
682 5189 814 5228 vero
845 5175 1084 5244 peccatis
1135 5175 1477 5231 inveteravi?
1512 5174 1724 5231 Caelum
1760 5177 1956 5234 domus
1993 5188 2097 5246 est,

514 5281 614 5336 ego
639 5282 766 5322 vero
801 5269 853 5322 in
904 5284 971 5324 eo
1004 5268 1253 5324 diversor
1277 5278 1345 5324 "et
1385 5277 1610 5340 aegroto.
1650 5269 1880 5335 Quando
1924 5272 2100 5328 medi-

589 5447 633 5478 ”
663 5446 806 5504 Psai.
834 5464 889 5515 ι,
919 5449 1004 5504 11.

2226 1942 2434 1998 καύσω.
2467 1940 2614 2015 Ἀρα
2643 1944 2785 2015 ἔχεις
2807 1945 3119 2016 ὀφθαλμοὺς
3140 1946 3199 2000 τὸ
3222 1949 3512 2017 καιόμενον
3540 1950 3671 2003 Θεὸν
3697 1954 3814 2005 ὀνο-

2228 2035 2448 2105 μάζων;
2479 2037 2607 2091 ὅταν
2635 2036 2701 2091 τὰ
2733 2037 2882 2108 πάθη
2937 2038 3224 2103 θεοποιεῖς,
3271 2040 3584 2111 ὀφθαλμοὺς
3631 2042 3812 2113 ἔχειςς

2228 2128 2419 2196 μεθύει
2463 2130 2491 2182 6
2551 2128 2840 2200 ἄνθρωπος
2875 2170 2889 2194 ,
2928 2131 3024 2184 καὶ
3085 2132 3464 2203 περιφέρεται,
3501 2135 3593 2188 καὶ
3641 2153 3810 2190 κατα-

2225 2222 2452 2289 γελᾶται
2490 2240 2502 2252 ⁸
2549 2223 2645 2277 καὶ
2690 2222 2900 2291 γίνεται
2936 2225 3056 2277 ἀντὶ
3105 2225 3199 2278 τοῦ
3256 2225 3545 2296 ἀνθρώπου
3598 2228 3812 2298 ἄλογος.

2225 2315 2298 2368 Σὺ
2324 2316 2381 2368 δὲ
2411 2316 2589 2385 λέγεις
2613 2333 2626 2347 ⁸
2672 2316 2736 2370 Ἦ
2787 2317 2925 2387 μέθη
2968 2318 3109 2384 Θεὸς,
3141 2319 3170 2370 6
3210 2320 3460 2382 Διόνυσος
3493 2337 3507 2352 ο
3559 2321 3592 2391 ἡ
3638 2322 3813 2393 κλοπὴ

2227 2407 2369 2475 θεὸς,
2423 2410 2450 2462 6
2497 2409 2733 2481 Ἐρμῆςο
2763 2412 2918 2480 ὁρᾷς,
2959 2411 3040 2463 ὅτι
3097 2411 3257 2481 χρεία
3313 2429 3394 2464 σοι
3432 2413 3759 2481 ὀφθαλμῶν;
3788 2417 3814 2466 6

2225 2503 2393 2571 νόμος
2441 2501 2510 2554 τὰ
2567 2501 2713 2571 πάθη
2763 2501 2981 2568 κολάζει
3008 2517 3021 2532 ⁸
3056 2503 3150 2555 καὶ
3181 2502 3244 2555 σὺ
3284 2502 3456 2556 ταῦτα
3497 2505 3668 2556 ποιῶν
3715 2506 3815 2559 οὐκ

2227 2593 2455 2664 αἰσθάνῃ
2487 2610 2500 2656 ;
2539 2595 2586 2646 εί
2613 2593 2792 2664 βούλει
2822 2594 2900 2656 δὲ,
2937 2595 3198 2664 πρόσχες,
3234 2595 3384 2658 ὅπως
3413 2597 3604 2663 γέγονε
3636 2599 3814 2649 πάντα

2226 2686 2411 2740 καινά.
2444 2685 2639 2747 Κτίσις
2679 2686 2736 2737 ὲν
2771 2688 2834 2757 τῇ
2866 2685 3056 2756 Γραφῇ
3109 2686 3348 2754 λέγεται,
3379 2688 3410 2758 ἡ
3440 2687 3501 2739 οὐ
3551 2688 3713 2755 μόνον
3747 2689 3815 2742 ὲκ

2224 2779 2319 2832 τοῦ
2355 2779 2428 2850 μὴ
2469 2779 2621 2842 ὄντος
2653 2781 2730 2841 είς
2763 2780 2822 2832 τὸ
2853 2773 2993 2832 εἶναι
3020 2780 3355 2849 παραγωγὴ,
3384 2780 3521 2832 ἀλλὰ
3547 2783 3642 2835 καὶ
3684 2783 3717 2852 ἡ
3744 2783 3810 2835 ὲκ

2223 2869 2316 2923 τοῦ
2344 2869 2494 2933 ὄντος
2544 2871 2637 2922 ἐπὶ
2666 2870 2726 2923 τὸ
2766 2870 2976 2940 βέλτιον
3008 2873 3300 2942 μεταϐολή.
3325 2873 3579 2926 Ἔκτισεν
3608 2876 3636 2928 6
3679 2875 3813 2938 Θεὸς

2224 2963 2318 3016 τὸν
2347 2963 2576 3030 οὐρανόν
2599 2979 2614 2994 °
2648 2963 2807 3016 τοῦτό
2830 2965 2977 3017 ἐστιν
3013 2966 3078 3018 ὲκ
3104 2965 3198 3020 τοῦ
3243 2966 3318 3037 μὴ
3367 2966 3520 3030 ὄντος
3565 2968 3806 3038 ἐργάσα-

2227 3055 2352 3110 σθαι
2378 3073 2392 3088 ⁸
2426 3058 2622 3122 κτίζει,
2655 3059 2748 3110 καὶ
2773 3059 2901 3111 ὃταν
2934 3057 3026 3111 τὸν
3061 3059 3297 3130 πονηρὸν
3323 3059 3613 3131 ἄνθρωπον
3644 3062 3809 3116 καλὸν

2225 3150 2612 3222 ἀπεργάσηται
2636 3168 2650 3181 ⁸
2684 3151 2919 3205 ἐνταῦθα
2948 3152 3008 3204 τὸ
3039 3153 3247 3218 κτίζειν
3281 3155 3427 3205 ἐστὶν
3462 3155 3554 3206 ἐπὶ
3596 3154 3656 3207 τὸ
3685 3154 3806 3225 βέλ-

2223 3262 2336 3298 τιον
2387 3243 2686 3316 μεταϐολή.
2737 3246 2847 3298 Καὶ
2887 3245 3117 3299 ἄκουσον
3164 3244 3260 3298 τοῦ
3299 3246 3465 3298 Δαϐὶδ
3519 3246 3804 3315 λέγοντος·

2225 3334 2416 3405 ἐπειδὴ
2443 3335 2552 3404 γὰρ
2583 3331 2649 3405 ἦν
2675 3334 2839 3398 αὐτὸς
2865 3335 2960 3387 καὶ
2992 3335 3025 3404 ἡ
3062 3333 3263 3405 καρδία
3291 3333 3455 3387 αὐτοῦ
3487 3335 3806 3405 ἐκτισμένη,

2223 3425 2520 3499 ὲῤῥυπὼθη
2568 3425 2626 3478 δὲ
2675 3429 2741 3497 τῇ
2781 3426 3017 3497 μοιχείᾳ,
3049 3425 3143 3478 καὶ
3192 3424 3270 3495 τῷ
3317 3425 3484 3495 φόνῳ,
3523 3425 3617 3478 καὶ
3671 3425 3806 3496 πρὸς

2223 3518 2432 3588 φθορὰν
2455 3517 2811 3588 κατεφέρετο,
2845 3517 3160 3588 παρακαλεί
3187 3517 3281 3570 τὸν
3306 3516 3461 3580 Θεὸν,
3498 3518 3594 3570 καὶ⁸
3621 3518 3769 3586 λέγει
3789 3534 3806 3551 ⁸

2226 3629 2245 3663 ι
2284 3611 2528 3683 Καρδίαν
2556 3610 2802 3680 καθαρὰν
2837 3611 3021 3663 κτίσον
3044 3611 3102 3663 ὲν
3121 3611 3266 3680 ἐμοὶ,
3287 3610 3315 3661 6
3347 3609 3497 3673 Θεός.
3533 3629 3550 3662 ι
3591 3611 3702 3682 Οὐχ
3727 3613 3808 3664 ὅτι

2223 3701 2492 3771 πρότερον
2523 3701 2625 3753 οὐκ
2665 3697 2778 3770 εἶχε
2808 3699 3033 3770 καρδίαν
3071 3715 3083 3729 ⁸
3127 3698 3250 3752 οὐδὲ
3293 3699 3423 3769 περὶ
3471 3701 3570 3770 τῆς
3617 3699 3808 3763 οὐσίας

2218 3793 2316 3862 τῆς
2341 3791 2570 3863 καρδίας
2601 3791 2770 3861 λέγει,
2802 3792 2938 3846 ἀλλὰ
2971 3791 3099 3862 περὶ
3142 3791 3244 3862 τῆς
3276 3789 3588 3862 κοσμούσης
3633 3790 3806 3862 αὐτὴν

2217 3885 2450 3955 ἀρίστης
2493 3884 2786 3949 πολιτείας.
2837 3885 2966 3939 Ἰδοὺ
3022 3884 3200 3937 τοίνυν
3249 3883 3427 3947 κτίσις
3476 3883 3801 3952 λέγεται,οὐ

2222 3977 2384 4050 μόνον
2411 3978 2444 4048 ή
2469 3978 2534 4031 ὲκ
2555 3976 2650 4031 τοῦ
2673 3977 2747 4048 μὴ
2779 3978 2930 4040 ὄντος
2952 3977 3029 4041 είς
3051 3976 3112 4030 τὸ
3139 3971 3283 4031 εἶναι
3313 3977 3648 4048 παραγωγὴ.
3669 3975 3804 4031 ἀλλὰ

2217 4074 2311 4126 καὶ
2338 4073 2371 4144 ἡ
2395 4071 2495 4142 τῆς
2531 4072 2720 4135 οὐσίας
2757 4070 3153 4142 διαφθαρείσης
3189 4071 3270 4133 είς
3303 4070 3362 4123 τὸ
3390 4069 3600 4141 βέλτιον
3636 4088 3804 4142 μετα-

2219 4163 2351 4234 ϐολή
2381 4179 2395 4196 ⁸
2429 4163 2571 4218 οὕτω
2597 4163 2842 4228 κτίζεται
2888 4165 3120 4234 σώφρων
3149 4164 3182 4233 ἠ
3215 4162 3412 4234 πόρνη.
3435 4160 3615 4226 οὕτως
3644 4163 3801 4234 ἐλεή-

2221 4273 2339 4326 μων
2373 4257 2401 4308 6
2458 4253 2644 4326 ὄιρπαξ
2667 4273 2681 4286 ⁸
2717 4254 2860 4308 οὓτω
2909 4253 3308 4325 μεταϐάλλεται
3343 4254 3424 4317 είς
3467 4252 3741 4322 πρόϐατον
3773 4254 3802 4305 6

2214 4348 2398 4414 λύκος,
2429 4348 2524 4402 καὶ
2556 4350 2583 4400 ὁ
2603 4346 2758 4412 ἱέραξ
2787 4349 2866 4412 εἰς
2909 4345 3240 4417 περιστεράν
3265 4361 3280 4377 ⁸
3309 4345 3405 4399 δύο
3451 4345 3678 4409 κτίσεις.
3703 4345 3801 4398 Διὰ

2174 4488 2178 4493 .
2213 4441 2373 4496 τοῦτο
2415 4442 2512 4494 καὶ
2544 4439 2604 4494 τὸ
2649 4439 2872 4509 λουτρὸν
2918 4439 3125 4510 κτίσμα
3171 4437 3429 4506 λέγεται⁸
3475 4437 3535 4490 τὸ
3577 4436 3800 4508 λουτρὸν

2215 4533 2361 4604 λέγω
2381 4535 2478 4606 τῆς
2504 4530 2944 4602 παλιγγενεσίας.
2976 4550 2994 4584 ι
3033 4530 3461 4601 Ἀποδυσάμενοι
3486 4530 3615 4602 γὰρ,
3641 4529 3795 4600 φησι,

2217 4627 2309 4683 τὸν
2340 4624 2573 4680 παλαιὸν
2600 4625 2910 4697 ἄνθρωπον,
2943 4623 3297 4694 ἐνδυσάμενοι
3330 4622 3386 4675 δὲ
3410 4623 3502 4676 τὸν
3538 4621 3677 4688 νέον,
3708 4622 3799 4675 τὸν

2217 4718 2665 4789 ἀναγεννώμενον
2691 4717 2810 4772 κατ’
2826 4717 3014 4771 εἰκόνα
3025 4716 3118 4770 τοῦ
3144 4715 3427 4779 κτίσαντος
3449 4715 3611 4768 αὐτόν
3625 4715 3790 4786 (24)..

2224 4815 2388 4886 Ὁρᾷς
2438 4813 2531 4868 οὖν
2557 4814 2640 4868 ὅτι
2670 4813 2788 4868 ἐστὶ
2808 4812 2971 4885 καινὴ
3000 4813 3196 4877 κτίσις.
3222 4811 3288 4865 Τί
3316 4813 3426 4884 γάρ
3464 4830 3554 4883 μοι
3583 4811 3794 4880 ὄφελος,

2211 4906 2308 4962 ἐὰν
2337 4906 2565 4978 γένηται
2597 4907 2626 4958 6
2655 4905 2882 4976 οὐρανὸς
2915 4905 3121 4969 καινὸς,
3148 4905 3243 4958 καὶ
3273 4905 3343 4974 γῆ
3376 4905 3560 4976 καινὴ,
3596 4901 3709 4972 ἐγὼ
3740 4903 3798 4956 δὲ

2211 4997 2332 5060 ταῖς
2394 4994 2692 5066 ἁμαρτίαις
2769 4995 3206 5065 πεπαλαίωμαι;
3277 4995 3306 5046 6
3367 4993 3597 5066 οὐρανὸς
3647 4986 3796 5054 οἶκός

2205 5089 2377 5155 ἐστιν,
2402 5086 2513 5155 ἐγὼ
2535 5087 2591 5141 δὲ
2609 5087 2637 5139 6
2657 5087 3012 5158 διαιτώμενος
3037 5088 3096 5140 ὲν
3121 5086 3290 5157 αὐτῷ,
3313 5087 3410 5140 καὶ
3440 5085 3634 5138 νοσῶν.
3668 5083 3796 5138 Ἐὰν

2210 5178 2396 5251 ἰατρὸς
2437 5182 2518 5244 είς
2563 5181 2664 5251 τὴν
2708 5180 2886 5234 οἰκίαν
2923 5180 3018 5233 τοῦ
3072 5177 3484 5252 ἁρῥωστοῢντος
3537 5175 3794 5242 εἰσέλθοι,

2209 5274 2304 5328 καὶ
2343 5273 2444 5345 τοῦ,
2492 5275 2590 5346 μὲν
2619 5274 2878 5346 οὐδεμίαν
2905 5273 3165 5346 πρόνοιαν
3217 5271 3394 5339 λάϐοι,
3423 5269 3701 5324 λευκαίνει
3736 5269 3793 5322 δὲ

2002 5590 2232 5647 NOTAE.

723 5747 877 5818 ςυιι).
900 5750 993 5801 καὶ
1027 5751 1178 5818 ὁρᾷς.

585 5815 697 5885 (25)
727 5817 897 5886 Idem,
921 5815 1168 5888 ποίησον.

2282 5747 2398 5817 (24)
2429 5747 2641 5802 Coloss.
2676 5763 2757 5811 ιιι,
2788 5748 2870 5812 10,
2906 5747 2995 5803 ubi
3029 5758 3208 5803 tamen
3236 5745 3628 5803 hodiecodices
3650 5761 3791 5800 non-

2209 5820 2342 5875 nihil
2371 5819 2528 5873 aliter
2559 5819 2778 5873 habent.
