4110 6432
350 334 453 402 861

1138 337 1239 396 AD
1273 336 1871 399 AMPHILOCHIUM
1906 337 2256 409 QU/ESTIO
2282 337 2549 413 LXVIII,
2591 336 2847 399 CLXIX.

3524 340 3632 405 €62

346 452 474 513 τοὺς
527 449 765 517 τοίχους,
810 446 903 500 καὶ⁵
950 448 1325 519 χρυσογραφεῖ
1359 448 1452 500 τὸν
1487 447 1706 518 ὄροφον,
1740 448 1842 500 οὐκ
1870 446 1935 500 ἂν

2042 463 2139 503 eus
2194 447 2383 517 aegroti
2441 447 2665 501 domum
2724 446 3056 510 intraverit,
3119 448 3380 520 nullaque
3443 452 3625 507 habita

348 539 503 605 εἶπες
548 538 717 610 αὐτῷ,
752 538 1065 608 Ἄνθρωπε,
1099 538 1407 607 ἀνάστησον
1436 538 1529 594 τὸν
1553 538 1812 593 νοσοῦντα
1843 554 1857 568 ·
1884 537 1937 590 τί

346 633 445 705 τὴν
475 632 651 685 οἰκίαν
684 629 1086 696 καλλωπίζεις;
1114 629 1386 699 βοήθησον
1412 629 1491 699 τῷ
1522 629 1783 700 κειμένῳ.
1828 627 1939 681 Καὶ

347 726 376 778 ὁ
407 723 643 794 Χριστὸς
668 720 917 791 εἰσῆλθεν
941 723 1021 783 είς
1063 720 1154 774 τὸν
1184 720 1390 791 κόσμον
1417 721 1629 786 τοῦτον,
1662 721 1718 774 ἐν
1748 712 1793 788 ᾧ
1832 735 1936 773 κα-

348 813 681 883 τακειμένην
717 806 877 881 εὗρεν
903 813 1006 879 τὴν
1029 810 1194 881 φύσιν
1232 828 1335 881 μου
1370 808 1660 873 νοσοῦσαν,
1685 810 1780 862 καὶ
1802 808 1939 878 πρὸς

345 907 443 977 τὴν
466 902 765 977 θεραπείαν
796 902 968 973 αὐτῆς
1000 902 1218 956 ἅπαντα
1254 902 1470 973 δέχεται
1496 904 1587 954 τὸν
1612 902 1819 968 ἀγῶνα,
1844 901 1938 952 καὶ

346 995 708 1060 ἁνακαινίζει,
741 996 836 1048 καὶ
883 995 1102 1067 ἀνορθοῖ
1128 995 1225 1066 τὴν
1272 995 1453 1064 φύσιν.
1493 994 1558 1047 Τί
1592 991 1685 1047 οὖν
1719 994 1811 1047 τὸν
1857 994 1937 1046 ία-

346 1086 475 1158 τρὸν
521 1087 734 1157 μέμφῃ,
760 1086 844 1138 ὅτι
881 1084 957 1155 μὴ
983 1084 1157 1138 ταῦτα
1201 1084 1375 1137 ἐποίει
1411 1098 1427 1113 ο
1461 1084 1553 1136 τὸν
1588 1081 1825 1154 Χριστὸν
1878 1081 1937 1134 δὲ

352 1178 512 1231 πάλιν
536 1178 642 1230 ὑπὸ
674 1176 866 1247 μῶμον
900 1180 1092 1242 ποιεῖς,
1111 1178 1193 1230 ὅτι
1218 1176 1391 1230 ταῦτα
1418 1177 1563 1228 ποιεῖ⁹
1585 1192 1599 1241 ;
1623 1174 1767 1228 οὕτω
1792 1191 1938 1245 παρ-

348 1270 510 1321 ·ἦλθεν
562 1267 631 1321 τὰ
674 1269 877 1338 ἀρχαῖα
914 1285 927 1299 ⁸
965 1267 1108 1321 οὕτω
1140 1269 1331 1337 γέγονε
1378 1266 1445 1320 τὰ
1502 1266 1680 1321 πάντα
1732 1265 1895 1320 καινά
1920 1280 1935 1295 ⁸

348 1361 492 1415 οὕτω
538 1361 702 1433 καινὴ
733 1361 947 1426 κτίσις·
975 1363 1069 1416 καὶ
1115 1360 1291 1432 μυρία
1323 1360 1387 1414 ἄν
1423 1377 1508 1424 τις
1548 1357 1773 1414 τοιαῦτα
1814 1360 1937 1412 ἐπι-

352 1454 619 1528 συνᾴπτῃ.

868 1720 1203 1773 ΕΡΩἸῊΣΙΣ
1238 1715 1404 1773 ΡΞΗ’.

354 1971 458 2024 Διά
504 1969 561 2022 τί
591 1971 623 2022 ὁ
667 1968 1057 2032 Ἀπόστολος,
1091 1963 1239 2019 ὅταν
1276 1962 1409 2031 περὶ
1438 1957 1936 2032 Χριστοῦ-διαλέ-

418 2055 623 2111 γηται,
649 2057 667 2111 I
703 2037 973 2111 θάναζοιί
996 2029 1227 2111 ianuis?
1248 2029 1359 2088 τὸν
1389 2029 1626 2111 ἐξκέίνου
1650 2029 1933 2086 θάνατον·

420 2104 565 2165 ὅταν
599 2107 667 2162 δὲ
703 2108 838 2176 περὶ
875 2105 1032 2179 [τῆς]
1069 2104 1260 2175 ἡμῶν,
1286 2124 1305 2156 I
1328 2104 1653 2172 κοίμησιν;
1688 2120 1705 2152 I

1969 1811 2013 1867 Β

2043 542 2233 611 aegroti
2283 556 2434 607 cura,
2464 556 2651 595 muros
2690 541 3042 607 dealhaverit,
3092 550 3410 614 tectumque
3444 547 3628 601 aureis

2044 632 2323 686 ornaverit
2354 632 2563 701 figuris,
2604 647 2785 685 nonne
2807 632 2872 685 ad
2909 647 3030 687 eum
3068 633 3294 699 dixeris,
3323 634 3394 687 Mi
3430 636 3622 700 homo,

2043 725 2221 779 excita
2254 734 2518 794 mgrotum
2553 741 2567 789 ;
2601 723 2731 793 quid
2759 723 2981 777 domum
3018 726 3376 795 ornas?juva
3408 729 3629 783 decum-

2042 817 2282 871 beulem.
2311 815 2387 870 Ita
2410 815 2664 870 Christus
2690 828 2909 884 quoque
2940 816 3203 870 mundum
3234 818 3381 874 hunc
3415 820 3628 889 ingres-

2042 923 2137 963 sus
2163 916 2267 971 est,
2307 906 2360 960 in
2392 921 2503 976 quo
2539 914 2791 960 naturam
2843 921 3021 959 meam
3064 918 3417 977 aegrotantem
3449 918 3502 963 et
3535 910 3629 964 de-

2042 1002 2391 1057 cumbentem
2442 1000 2693 1064 invenit;
2757 998 2922 1066 inque
2978 1015 3040 1053 ea
3111 1002 3354 1056 sananda
3407 1017 3625 1056 omnem

2043 1109 2265 1166 operam
2294 1093 2550 1157 collocat,
2597 1101 2935 1160 renovatque
2966 1102 3220 1147 naturam
3269 1102 3323 1147 et
3366 1095 3626 1149 restituit.

2041 1185 2184 1253 Quid
2214 1186 2381 1255 igitur
2418 1185 2692 1239 medicum
2732 1185 2945 1252 culpas,
2980 1185 3124 1253 quod
3166 1184 3296 1238 illud
3337 1200 3444 1239 non
3484 1184 3630 1240 fece-

2042 1278 2152 1333 rit?
2193 1276 2416 1330 Christo
2453 1290 2583 1329 vero
2628 1274 2762 1328 vitio
2805 1274 3000 1338 vertis,
3046 1274 3194 1343 quod
3242 1272 3425 1329 fecerit
3453 1276 3631 1330 illud?

2046 1371 2126 1426 Ita
2161 1369 2500 1424 transierunt
2529 1374 2750 1432 vetera;
2783 1366 2855 1420 ita
2886 1366 3074 1420 omnia
3112 1364 3257 1419 facta
3294 1378 3423 1420 sunt
3452 1381 3625 1431 nova;

2043 1462 2118 1515 ita
2166 1474 2305 1514 nova
2331 1459 2476 1513 facta
2508 1466 2592 1512 est
2636 1468 2887 1512 creatura
2922 1473 2935 1509 :
2973 1455 3284 1523 cujusmodi
3334 1472 3467 1512 sane
3508 1456 3630 1511 inti.

2043 1552 2157 1608 uita
2187 1549 2384 1619 aliquis
2417 1546 2682 1602 attulerit.

2843 1718 3011 1773 Coisl.
3063 1718 3321 1786 CXCVII,
3361 1719 3532 1773 Taur.

2118 1721 2445 1793 QUIESTIO
2494 1720 2747 1780 CLXVIII
2780 1718 2823 1845 ,ξ

2638 1790 2775 1845 CLX

2638 1789 3023 1862 CLXXXVHL

2044 1957 2224 2024 Quare
2262 1953 2567 2024 Apostolus,
2610 1953 2675 2006 de
2716 1951 2929 2006 Christo
2972 1951 3209 2021 loquens,
3246 1949 3629 2024 mortemejas

2088 2048 2106 2080 ι
2137 2019 2413 2092 mortem,»
2443 2035 2684 2078 nostram
2718 2039 2837 2077 vero
2872 2042 2889 2074 ι
2919 2019 3182 2087 somuum,
3209 2019 3536 2089 appellat"?
3566 2036 3584 2069 ι

441 2286 696 2341 Editarum
726 2301 753 2336 a
785 2284 965 2335 Wolﬁo
999 2284 1234 2346 vigesima
1281 2295 1406 2331 nona
1446 2280 1500 2339 (1.
1536 2293 1601 2339 c.,
1633 2276 1831 2346 ρηὸιῒ).Δ
1872 2272 2112 2346 Calland._
2133 2274 2166 2322 I.
2203 2284 2270 2346 c.,
2299 2284 2348 2331 p.
2382 2268 2568 2346 II.
2595 2266 2893 2346 γισλττλρς
2914 2261 3299 2346 Δφοιςξρὼζξξιτίειὶ
3330 2262 3530 2323 proprio

798 2326 974 2397 illam;
1003 2326 1499 2407 h‘é’xﬁiiiéhé'sigaala
1523 2326 1649 2405 apud
1681 2336 1998 2401 Apostolum,
2028 2336 2116 2398 qui
2146 2326 2359 2383 mortem
2389 2326 2612 2381 ﬁdelium
2642 2326 2883 2379 somnium
2912 2326 3194 2388 appellavit.

417 2514 483 2568 Τί
507 2515 880 2588 δήποτε,ὂταν
913 2513 1012 2584 μὲν
1044 2510 1287 2583 περὶτοῦ
1337 2507 1576 2581 Χριστοῦ
1606 2506 1932 2576 διαλέγηται

346 2607 581 2672 Παῦλος,
610 2607 872 2663 θάνατον
901 2607 1061 2661 καλεῖ
1104 2606 1199 2659 τὸν
1254 2604 1461 2659 ἐκείνου
1493 2602 1740 2664 θάνατον,
1801 2600 1932 2652 ὅταν

344 2697 400 2749 δὲ
432 2698 558 2768 περὶ
604 2698 703 2768 τῆς
753 2698 1030 2769 ἡμετέρας
1086 2695 1367 2764 τελευτῆς,
1421 2694 1704 2761 κοίμησιν
1739 2686 1928 2757 αὐτὴν,

344 2788 440 2841 καὶ
469 2789 529 2839 οὑ
565 2787 793 2841 θάνατον
822 2786 1112 2857 ὀνομάζει;
1146 2785 1258 2838 Καὶ
1282 2786 1391 2856 γὰρ
1418 2786 1475 2838 ὲν
1496 2782 1575 2853 τῷ
1615 2780 1761 2850 αὐτῷ
1787 2780 1931 2849 λόγῳ

346 2878 528 2948 τρίτον
561 2878 824 2948 μνησθεὶς
848 2878 960 2949 (25)
987 2878 1089 2948 τῆς
1150 2878 1407 2945 τελευτῆς
1453 2878 1563 2931 τῶν
1604 2873 1927 2945 ἀνθρώπων,

346 2970 583 3041 οὐδαμοῦ
619 2970 847 3024 θάνατον
886 2970 1058 3038 λέγει,
1093 2970 1230 3023 ἀλλὰ
1281 2970 1540 3039 κοίμησιν
1560 2968 1663 3037 τὴν
1711 2964 1928 3036 ἀναχώ-

349 3076 504 3130 ρησιν
534 3058 685 3128 λέγει
708 3060 811 3129 (26
840 3061 879 3128 ).
906 3060 981 3112 Οὐ
1013 3059 1123 3130 γὰρ
1155 3058 1446 3127 παρέργως
1493 3056 1668 3127 ταύτῃ
1725 3055 1933 3125 κέχρη-

342 3168 432 3203 ται
460 3151 568 3203 τῶν
600 3151 801 3216 λέξεων
826 3152 893 3221 τῇ
929 3152 1331 3222 παρατηρήσει,
1363 3148 1499 3202 ἀλλὰ
1546 3148 1707 3216 σοφόν
1739 3164 1793 3199 τι
1840 3146 1935 3199 καὶ

348 3242 493 3310 μέγα
532 3241 957 3306 κατασκευάζει.
1002 3240 1128 3293 Ἐπὶ
1162 3241 1260 3310 μὲν
1289 3236 1382 3293 οὖν
1413 3238 1507 3291 τοῦ
1565 3236 1802 3309 Χριστοῦ
1826 3235 1932 3290 θά-

343 3347 531 3386 νατον
588 3331 779 3397 καλεῖ,
835 3333 922 3387 ἵνα
970 3333 1033 3387 τὸ
1082 3333 1254 3396 πάθος
1316 3331 1678 3402 πιστώσηται·
1722 3330 1814 3383 ἐπὶ
1874 3329 1933 3383 δὲ

342 3422 521 3492 ἡμῶν,
552 3423 858 3493 κοίμησιν,
912 3424 1000 3479 ἵνα
1041 3425 1138 3491 τὴν
1197 3424 1388 3495 ὀδύνην
1445 3422 1935 3495 παραμυθήσηται.

346 3513 514 3567 Ἔνθα
580 3514 693 3589 μὲν⁴
723 3516 834 3589 γὰρ
867 3517 1322 3589 παρεχώρησενή
1376 3516 1689 3578 ἀνάστασις,
1726 3513 1945 3585 θαρρὦ

340 3605 497 3659 καλεί
534 3606 817 3663 θάνατον’
844 3608 973 3662 ἔνθα
998 3609 1054 3661 δὲ
1081 3612 1138 3662 ὲν
1170 3608 1383 3661 ἐλπίσιν
1414 3606 1494 3660 ἔτι
1522 3606 1692 3678 μένει,
1733 3606 1939 3675 κοίμη-

340 3710 446 3749 σιν
468 3694 645 3748 καλεῖο
674 3698 771 3751 καὶ
799 3697 886 3750 διὰ
916 3699 1117 3769 ταύτης
1146 3696 1637 3770 παραμυθούμενος
1666 3697 1816 3767 ἡμᾶς
1843 3697 1945 3766 τῆς

346 3788 747 3859 προσηγορίας,
784 3790 880 3843 καὶ
907 3792 1151 3862 χρηστὰς
1182 3790 1404 3853 ἐλπίδας
1448 3789 1745 3843 ὑποτείνων
1779 3790 1931 3860 ἡμῖν’

340 3881 370 3933 ὁ
400 3880 508 3949 γὰρ
560 3879 905 3950 κοιμώμενος
952 3882 1319 3951 ἀναστήσεται
1376 3881 1615 3946 πάντως·
1663 3880 1786 3933 ἐπεὶ
1838 3880 1935 3933 καὶ

340 3968 570 4034 θάνατος
601 3970 756 4024 οὐδὲν
784 3970 972 4042 ἕτερόν
1013 3974 1182 4040 ἔστιν,
1213 3974 1248 4043 ἦ
1287 3975 1682 4047 μακροχρόνιος
1738 3970 1929 4035 ὕπνος.

871 4153 1214 4209 ΕΡΩΤΗΣΙΣ
1263 4153 1427 4211 ΡΞΘ’.

2112 2498 2247 2566 Quae
2294 2513 2462 2554 causa
2515 2506 2597 2552 est
2638 2513 2737 2551 cur
2773 2494 3001 2559 Paulus,
3054 2493 3119 2548 de
3166 2491 3384 2547 Christo
3445 2491 3624 2546 disse-

2039 2608 2189 2654 rens.
2223 2602 2455 2647 mortem
2484 2590 2601 2659 ejus
2629 2599 2851 2644 mortem
2914 2595 3093 2651 vocat,
3148 2586 3214 2640 de
3271 2592 3459 2640 nostro
3494 2598 3626 2638 vero

2040 2685 2193 2739 obitu
2216 2684 2470 2754 loquens,
2505 2698 2632 2737 eum
2661 2697 2904 2737 somnum
2930 2721 2946 2745 ,
3003 2694 3112 2733 non
3153 2686 3336 2732 autem
3367 2686 3623 2739 mortem,

2041 2775 2313 2846 appellat?
2361 2774 2419 2829 lu
2469 2774 2662 2829 eodem
2709 2774 2853 2827 enim
2905 2772 3027 2826 loco
3061 2780 3292 2825 mortem
3338 2768 3623 2823 hominum

2041 2878 2122 2922 ter
2150 2881 2613 2929 commemorans,
2642 2865 2945 2920 discessum
2979 2863 3133 2917 illum
3170 2876 3449 2930 nunquam
3474 2874 3626 2912 mor-

2043 2960 2133 3023 tis,
2189 2958 2284 3014 sed
2341 2973 2561 3028 semper
2609 2957 2788 3012 somni
2852 2955 3074 3009 nomine
3132 2952 3387 3023 appellat.
3438 2948 3629 3019 Neque

2042 3052 2187 3106 enim
2218 3051 2338 3106 sine
2384 3066 2552 3107 causa
2598 3052 2702 3104 hac
2731 3064 2865 3103 voce
2894 3056 3160 3119 perpetuo
3193 3061 3329 3102 usus
3362 3054 3475 3110 est;
3530 3042 3626 3097 sed
3730 3048 3735 3051 '

2045 3144 2324 3213 sapienter
2366 3144 2496 3213 egit,
2546 3151 2602 3197 et
2649 3142 2971 3212 praeclarum
3023 3140 3232 3210 aliquid
3276 3136 3623 3209 signiﬁcavit.

2045 3235 2266 3289 Scilicet
2294 3235 2360 3289 de
2397 3234 2616 3289 Christo
2665 3235 2851 3287 mortis
2889 3248 3089 3287 nomen
3127 3231 3367 3294 adhibet,
3402 3237 3462 3282 ut
3498 3242 3622 3297 per-

2042 3324 2349 3396 pessionem
2387 3325 2551 3381 simul
2598 3324 2919 3387 coIIﬁrInet;
2956 3323 3024 3377 de
3068 3322 3226 3376 nobis
3270 3334 3398 3375 vero
3448 3318 3620 3371 somni

2045 3412 2197 3478 illud,
2229 3421 2289 3467 ut
2316 3413 2489 3467 dolori
2530 3411 2720 3468 aﬂerat
2754 3412 3029 3467 solatium.
3065 3411 3169 3468 Ubi
3195 3410 3341 3465 enim
3372 3422 3624 3463 resurre-

2045 3506 2153 3561 ctio
2182 3505 2293 3576 jam
2340 3515 2637 3562 consecuta
2672 3515 2775 3570 est,
2809 3504 3146 3559 confidenter
3191 3510 3411 3555 mortem
3443 3500 3623 3553 nomi-

2044 3604 2172 3663 nat;
2221 3596 2316 3651 uhi
2346 3612 2475 3652 vero
2506 3612 2601 3665 spe
2641 3595 2821 3650 adhuc
2870 3594 3204 3663 praecipitur,
3237 3607 3477 3646 somnum
3521 3605 3623 3645 vo-

2045 3700 2151 3756 cat,
2187 3690 2305 3760 ipsa
2351 3690 2453 3745 hac
2487 3688 2849 3760 appellatione
2877 3699 2932 3743 et
2972 3702 3071 3742 nos
3109 3686 3518 3748 consolaturus,
3557 3693 3614 3739 et

2044 3783 2111 3838 ad
2174 3783 2461 3853 pulchram
2529 3796 2682 3853 spem
2747 3781 3104 3837 excitaturus.
3160 3778 3408 3834 Mortuus
3472 3777 3620 3833 enim

2046 3875 2271 3929 omnino
2316 3882 2585 3944 resurget,
2621 3874 2879 3944 quoniam
2934 3887 3081 3927 Iuors
3122 3872 3240 3941 ipsa
3288 3869 3425 3924 nihil
3473 3868 3620 3924 aliud

2042 3974 2146 4031 est,
2181 3980 2345 4034 quam
2380 3980 2618 4020 somnus
2648 3964 2848 4034 aliquis
2872 3962 3182 4018 diuturnus.

2112 4166 2441 4234 QUESTIO
2491 4165 2699 4222 CLXIX
2770 4166 2961 4234 [CoisL
3022 4165 3309 4234 CXCVIII,
3380 4165 3543 4220 Taur.

2627 4236 3029 4309 CLxxxvuu.

338 4378 520 4444 Διατί,
550 4378 724 4449 ἀφείς
749 4381 869 4457 τὴν
891 4382 1123 4457 ὅρασιν,
1192 4384 1444 4457 Ἡσαΐας
1497 4380 1630 4451 περὶ
1664 4384 1930 4454 οὐρανοῦ

2042 4388 2237 4457 Quare,
2291 4390 2479 4445 relicta
2546 4389 2771 4455 visione,
2839 4389 3018 4446 [satas
3081 4394 3145 4447 de
3196 4390 3326 4446 cazlo
3375 4399 3426 4447 et
3477 4396 3618 4444 terra

776 4452 875 4506 καὶ
920 4452 1035 4521 γῆς
1062 4453 1452 4525 διαλαμϐάνει
1477 4471 1497 4521 ;

2699 4465 2925 4517 disserat
2945 4465 2971 4517 ?

980 4630 1126 4681 Edita
1146 4645 1173 4681 a
1198 4631 1323 4683 Maio
1349 4636 1499 4697 (Nov.
1537 4631 1685 4696 COIL,
1711 4642 1744 4685 t.
1773 4636 1854 4698 IX,
1880 4652 1929 4701 p.

2042 4639 2076 4700 ι,
2103 4639 2234 4705 105).
2259 4669 2321 4677 -
2348 4644 2404 4693 In
2426 4643 2564 4693 Isaias
2585 4644 2756 4707 verba,
2789 4660 2821 4706 I,
2850 4644 2895 4706 1,
2918 4647 2949 4694 2

406 4824 545 4879 Είπὲ
572 4824 677 4895 τὴν
698 4825 889 4897 ὅρασιν
908 4828 975 4899 ἣν
990 4825 1151 4883 εἶδεν·
1170 4832 1199 4884 ὁ
1222 4830 1329 4884 δέ’(
1346 4832 1568 4901 ΙἌκουε,
1596 4836 1814 4909 οὐρανὲ,
1836 4838 1933 4893 καὶ

2108 4843 2204 4900 Dic
2244 4844 2511 4900 visionem
2551 4861 2714 4917 quam
2743 4846 2879 4902 vidit

334 4918 615 4985 ἐνωτίζου,
635 4920 671 4990 ἡ
704 4919 797 4990 γῆ·
834 4919 918 4973 ὅτι
950 4920 1155 4992 Κύριος
1185 4922 1467 4996 ἐλάλησεν.
1508 4945 1527 4979 I
1563 4928 1732 4983 Ἀλλα
1762 4931 1935 5002 ἐπηγ-

2922 4864 2936 4901 :
2975 4846 3061 4903 ille
3086 4857 3266 4902 autem
3303 4866 3316 4902 :
3359 4868 3377 4901 ι
3400 4848 3615 4916 AudIte,

2034 4936 2182 5003 coeli,
2214 4947 2267 4991 et
2314 4938 2544 4994 auribus
2591 4940 2827 5010 percipe,
2855 4947 3018 5003 terra,
3056 4941 3316 5010 quoniam
3352 4941 3618 4997 Dominus

333 5011 521 5103 γείλω,
561 5011 657 5065 καὶ
695 5010 834 5066 ἄλλα
883 5012 1063 5082 λέγεις
1096 5030 1111 5079 ;
1146 5016 1450 5087 ἀρχόμενος
1497 5015 1670 5084 εἶπες*
1705 5022 1935 5093 Ὅρασις

2042 5029 2251 5085 loeutus
2268 5040 2369 5085 est.
2387 5050 2405 5083 ›
2444 5031 2563 5085 Alia
2582 5032 2877 5088 annuntias
2898 5041 2951 5087 et
2978 5033 3083 5087 alia
3105 5032 3278 5088 dicis?
3304 5032 3616 5103 Iucipiendo

333 5102 476 5157 κατὰ
518 5103 780 5168 ἰουδαίας
803 5105 1066 5160 καὶκατὰ
1101 5108 1481 5181 Ἰερουσαλὴμ,
1521 5113 1614 5166 καὶ
1648 5115 1809 5183 ἀφεὶς
1834 5116 1934 5187 τὴν
2037 5122 2175 5177 dicis

2226 5142 2239 5176 :
2300 5121 2485 5179 «Visio
2508 5139 2670 5195 super
2703 5125 2901 5180 Judam
2930 5134 2985 5180 et
3019 5124 3339 5193 Ierusalem,
3367 5144 3386 5178 ι
3422 5134 3496 5191 et,
3526 5140 3615 5179 re-

332 5190 606 5265 διήγησιν,
625 5195 840 5266 οὐρανῷ
858 5197 954 5251 καὶ
971 5199 1041 5270 γῇ
1062 5198 1306 5273 διαλέγῃ*
1333 5202 1553 5275 ἀφῆκας
1574 5206 1701 5270 τοὺς
1726 5206 1929 5279 ἀνθρὼο

2042 5213 2165 5268 licta
2221 5216 2533 5273 narratione
2585 5226 2700 5285 tua,
2734 5217 2934 5274 coelum
2966 5225 3020 5274 et
3052 5225 3253 5274 terram
3294 5218 3611 5289 alloqueris.

404 5375 447 5407 ³¹
471 5375 631 5433 Rom.
659 5394 713 5444 v,
748 5379 834 5434 10.
878 5428 884 5435 .

1851 5543 2084 5601 NOTAE.

424 5710 494 5766 25
542 5710 749 5779 Codex,
785 5713 943 5776 male,
978 5716 1245 5785 μνησθ’ς.

396 5710 514 5855 I26;
542 5783 678 5841 Vide
715 5781 890 5839 ICor.
926 5799 1013 5853 xv,
1049 5734 1242 5853 18,ᾌο

542 5783 678 5841 Vide
715 5781 890 5839 ICor.
926 5781 1013 5853 xv,
1049 5781 1137 5853 1⁷8,
1171 5781 1262 5854 20,
1301 5790 1393 5855 2|,
1435 5799 1489 5844 et
1521 5788 1560 5843 ll
1594 5790 1787 5850 Thess.
1827 5812 1899 5864 Iv,

2068 5797 2149 5864 14,
2182 5798 2265 5852 IS.
2298 5797 2541 5871 Utroque
2566 5802 2618 5855 in
2660 5804 2777 5858 loco
2807 5806 3033 5860 verhum
3060 5807 3380 5878 κοιμᾶσθαι.
