4110 6424
447 342 556 408 863

1617 338 1882 401 ΡΗΟΤΙΙ
1919 340 2427 403 ΡΑΤΒΙΑΒΕΗᾹΞ
2458 341 2570 403 CP.

3635 339 3743 403 866

453 452 682 510 Relictis
711 450 1055 520 hominibus,
1102 466 1230 507 cum
1268 450 1537 508 creaturis
1574 451 2042 509 irrationabilibus

2163 474 2284 519 πους
2311 454 2408 510 καὶ
2459 456 2574 516 τοῖς
2605 451 2823 519 ἀλόγοις
2879 450 3163 520 στοιχείοις
3199 450 3565 521 προσδιαλέγῃ
3593 467 3610 518 ;
3637 453 3747 506 Ναὶ

449 545 838 603 conversaris?
887 546 1018 616 quia
1080 544 1494 600 irrationalibus
1557 544 1683 601 facti
1748 556 1878 603 sunt
1902 547 2043 601 irra-

452 640 775 695 tionaliores
828 637 924 708 qui
985 636 1201 693 ratione
1249 638 1508 708 gaudent,
1566 648 1621 693 et
1667 654 1775 692 non
1824 650 2045 709 propter

460 732 591 787 illud
642 730 1013 795 solummodo,
1078 729 1172 785 sed
1220 738 1274 785 et
1308 729 1438 800 quia
1474 728 1707 801 Moyses,
1734 746 1862 785 cum
1894 730 1948 784 in
1980 746 2047 785 eo

456 834 604 880 esset
656 833 717 879 ut
770 824 894 881 illos
960 824 1029 879 ad
1081 831 1283 877 terram
1337 823 1667 894 promissam
1722 824 2037 890 deduceret,

456 913 637 969 futura
667 914 994 982 praevidens,
1031 914 1166 969 dicit
1220 933 1233 968 :
1272 915 1521 980 «Audite,
1553 915 1699 981 coeli,
1741 923 1795 969 et
1824 916 2039 985 loquar,

455 1011 694 1071 attende,
734 1017 901 1073 terra,
943 1007 1125 1063 verbis
1170 1008 1284 1063 oris
1327 1008 1428 1062 mei
1453 1010 1521 1062 ’⁵.
1566 1038 1638 1048 -
1678 1007 1889 1078 Adjuro
1927 1023 2047 1072 vos,

455 1101 588 1156 dicit
649 1100 902 1172 Moyses,
986 1116 1083 1170 per
1138 1100 1338 1155 cmlum
1395 1110 1449 1156 et
1516 1110 1757 1166 terram,
1796 1100 1940 1172 quod
2002 1101 2049 1155 si

460 1194 690 1263 ingressi
754 1192 969 1249 fueritis
1024 1192 1081 1248 in
1136 1202 1337 1247 terram
1392 1194 1722 1261 promissam
1751 1202 1806 1248 et
1844 1192 2046 1247 dereli-

457 1284 686 1355 queritis
745 1283 1039 1339 Dominum
1108 1283 1319 1351 Deum,
1416 1284 1474 1339 in
1534 1300 1728 1340 omnes
1786 1285 2042 1341 nationes

458 1376 999 1446 dispergemini“.t
1090 1377 1269 1442 Venit}
1316 1394 1444 1449 ergo
1518 1376 1723 1446 Isaias;
1822 1378 2051 1449 jamjam

460 1470 622 1524 mina:
675 1481 797 1524 actu
841 1471 1182 1541 complenda:
1236 1481 1413 1525 erant.
1468 1469 1708 1542 Moysem
1734 1481 2040 1535 mortuum,

462 1577 563 1617 nec
623 1562 746 1616 illos
806 1562 899 1631 qui
968 1573 1097 1618 tunc
1153 1563 1442 1619 audierant
1504 1578 1631 1618 enm
1686 1577 1887 1618 vocare
1938 1578 2048 1617 non

466 1664 684 1725 potest;
722 1656 993 1727 reliquum
1029 1668 1112 1713 est
1148 1666 1206 1712 ut
1249 1665 1533 1713 creaturas
1563 1673 1702 1728 quas
1733 1665 1788 1711 et
1818 1658 1870 1711 in
1907 1659 2054 1712 testi-

464 1748 709 1802 monium
748 1750 961 1805 vocavit
995 1749 1207 1822 Moyses
1238 1759 1417 1807 vocet.
1456 1751 1711 1805 Attamen
1734 1752 1821 1806 ille
1842 1749 2048 1817 Aaron,

2150 551 2338 621 φησίν·
2403 547 2591 617 ἐπειδὴ
2641 546 2752 599 τῶν
2813 544 3024 613 ἀλόγων
3074 543 3404 614 ἀλογώτεροι
3454 548 3748 614 γεγόνασιν

2148 644 2197 696 οἱ
2238 640 2466 709 λογικοί.
2499 639 2611 693 Καὶ
2639 638 2699 691 οὐ
2725 636 2814 691 διὰ
2842 635 2999 690 τοῦτο
3062 636 3221 706 μόνον
3246 676 3259 699 ,
3294 635 3432 689 ἀλλὰ
3484 639 3579 689 καὶ
3607 636 3745 690 διότι

2152 734 2364 805 μέλλων
2392 733 2421 785 6
2449 729 2691 799 Μωῦσῆς
2739 728 2981 797 εἰσάγειν
3010 728 3210 788 αὐτοὺς
3265 730 3343 791 είς
3375 728 3477 799 τὴν
3500 728 3605 797 γῆν
3635 728 3737 798 τῆς

2150 822 2485 893 ἐπαγγελίας
2511 822 2605 875 καὶ
2633 819 2884 891 προορῶν
2909 818 2976 872 τὰ
3018 820 3280 889 μέλλοντα
3326 819 3570 879 ἔσεσθαι.
3601 819 3749 873 οὕτω

2151 918 2268 982 πώς
2290 932 2477 987 φησιν·
2509 936 2526 967 ‹
2545 916 2765 977 Ἄκουε,
2785 913 3005 985 οὖρανέ,
3044 916 3136 967 καῖ
3154 914 3376 984 λαλήσω
3400 930 3412 941 ·
3438 914 3753 984 προσεχέτω

2152 1010 2222 1079 γῆ
2256 1010 2458 1079 ῥήματι
2484 1007 2546 1059 ἐκ
2575 1005 2842 1075 στόματός
2868 1022 2993 1075 μου.
3018 1034 3089 1045 -
3111 1004 3567 1075 Διαμαρτύρομαι
3598 1006 3749 1072 ὑμῖν,

2154 1101 2339 1172 φησὶν,
2383 1099 2647 1164 Ἰουδαῖοι,
2667 1097 2762 1152 τὸν
2787 1096 3017 1169 οὐρανὸν
3048 1098 3143 1150 καὶ
3165 1096 3265 1166 τὴν
3292 1095 3421 1163 γῆν,
3444 1098 3470 1147 6
3488 1095 3749 1163 Μωῡσῆς·

2152 1195 2236 1247 ὅτι
2267 1193 2362 1245 ἐὰν
2391 1191 2667 1262 εἰσέλθητε
2719 1192 2797 1254 εἰς
2827 1191 2925 1259 τὴν
2965 1189 3070 1258 γῆν
3124 1189 3221 1257 τῆς
3269 1188 3605 1256 ἐπαγγελίας
3654 1192 3753 1240 καὶ

2153 1284 2561 1354 ἐγκαταλίπητε
2592 1283 2797 1352 Κύριον
2828 1284 2917 1335 τὸν
2939 1281 3095 1346 Θεὸν,
3117 1279 3645 1348 διασκεδασθήσεσθε
3676 1282 3758 1342 εἰς

2156 1378 2334 1430 πάντα
2386 1376 2456 1429 τὰ
2491 1375 2638 1444 ἔθνη.
2684 1396 2703 1427 ι
2740 1371 2911 1427 ’Πλοε
2960 1373 3143 1427 τοίνυν
3181 1373 3429 1435 Ἡσαΐας·
3465 1372 3690 1443 ἔμελλεν
3722 1379 3755 1445 ή

2155 1471 2358 1536 ἀπειλὴ
2390 1467 2783 1540 περατοῦσθαι·
2816 1469 2916 1521 οὐκ
2973 1467 3207 1534 ἠδύνατο
3267 1467 3454 1521 καλεῖν
3514 1467 3757 1520 Μωῡσέα

2154 1561 2248 1615 τὸν
2282 1563 2381 1634 ήδη
2412 1561 2735 1630 τεθνηκότα,
2772 1561 2893 1612 οὐδὲ
2928 1562 3057 1623 τοὺς
3115 1561 3233 1613 τότε
3266 1560 3595 1627 ἀκηκοότας·
3630 1561 3747 1612 λοι⁶

2156 1654 2261 1707 πὸν
2286 1655 2354 1707 τὰ
2389 1657 2630 1723 στοιχεῖα
2656 1653 2811 1706 καλεῖ
2840 1653 2982 1723 ἅπερ
3009 1652 3520 1722 διαμαρτυρόμενος
3568 1652 3752 1715 αὐτοῖς

2157 1747 2343 1801 ἐκάλει
2404 1748 2499 1799 καὶ
2543 1749 2572 1800 6
2622 1746 2883 1814 Μωῢσῆς·
2911 1746 3086 1799 καίτοι
3139 1762 3202 1814 γε
3250 1748 3455 1810 ἐκεῖνος
3507 1747 3602 1798 καὶ
3664 1746 3753 1799 τὸν

465 1842 778 1912 multosque
838 1843 977 1899 alios
1037 1846 1093 1897 in
1145 1844 1521 1899 testimonium
1568 1860 1767 1899 vocare
1818 1852 2052 1915 poterat,

2173 1840 2385 1913 ’Δαρὼν
2424 1839 2658 1909 ὴδύνατο
2709 1838 2895 1892 καλεῖν
2933 1841 3012 1902 εἰς
3040 1838 3346 1909 μαρτυρίαν
3381 1840 3475 1891 καὶ
3528 1838 3756 1902 πολλοὺς

468 1934 565 1989 sed
626 1943 913 2005 propterea
976 1934 1156 1991 dicam
1216 1951 1318 2006 ego
1370 1952 1476 1990 non
1512 1937 1696 1991 vocari
1748 1936 1872 1992 illos
1900 1936 2049 2007 quod

464 2027 718 2082 morituri
762 2036 940 2092 erant,
994 2044 1094 2084 nec
1136 2037 1302 2084 testes
1342 2028 1705 2099 super-futuri,
1752 2041 1803 2083 et
1829 2032 1956 2099 quia
1987 2028 2055 2083 ad

467 2118 792 2189 injustitiam
862 2120 1164 2176 inclinabat
1220 2122 1408 2177 Israel.
1488 2122 1678 2192 Itaque
1727 2122 2057 2192 superstites

469 2221 751 2266 creaturas
785 2213 837 2266 in
887 2215 1263 2268 testimonium
1300 2228 1462 2269 voco.
1499 2213 1591 2270 Sic
1624 2224 1678 2269 et
1703 2206 1872 2269 Isaias
1904 2215 2056 2279 facit,

469 2318 580 2357 non
630 2312 841 2357 tantum
886 2316 1109 2375 propter
1152 2308 1426 2377 exposita,
1486 2307 1580 2363 sed
1608 2318 1662 2361 et
1690 2308 1818 2377 quia
1844 2306 2061 2363 Judzeos

468 2394 765 2459 allocutus,
821 2405 877 2451 et
928 2397 1051 2452 illos
1104 2416 1212 2453 non
1270 2401 1556 2455 audientes
1614 2402 1937 2466 inveniens,
1992 2403 2060 2456 ad

468 2496 753 2543 creaturas
809 2503 931 2544 sese
954 2492 1225 2545 convertit
1280 2501 1336 2547 et
1395 2493 1514 2548 illas
1574 2494 1629 2548 in
1687 2494 2060 2549 teStimnnium

469 2593 659 2633 secum
702 2582 954 2635 assumit.
1026 2583 1248 2648 Audite,
1286 2586 1448 2652 cmli,
1506 2601 1603 2640 vos
1664 2586 1809 2640 enim
1863 2602 2063 2641 manna

469 2674 755 2728 attulistis.
816 2673 1059 2731 Auribus
1112 2678 1355 2748 percipe,
1405 2689 1572 2744 terra,
1602 2688 1659 2734 tu
1698 2682 1842 2736 enim
1883 2690 2065 2736 cotur-

472 2765 650 2819 nicem
677 2766 895 2831 dedisti;
960 2770 1167 2836 audite,
1226 2770 1373 2836 caeli,
1407 2787 1531 2841 quae
1553 2773 1699 2827 enim
1736 2782 1867 2827 sunt
1897 2788 2064 2842 supra

472 2868 727 2912 naturam
788 2860 895 2915 illis
948 2861 1327 2919 ntinistrastis.
1393 2863 1629 2920 Sursum
1663 2866 1854 2921 eodem
1900 2866 2066 2921 modo

472 2962 539 3003 ac
588 2950 812 3005 stabiliti
871 2950 1071 3019 fuistis,
1128 2954 1532 3023 permansistis,
1594 2965 1648 3012 et
1682 2956 1914 3011 formam
1945 2958 2055 3012 cir-

472 3035 581 3098 culi
612 3058 721 3098 non
763 3046 1000 3101 aversati
1031 3048 1189 3104 estis.
1245 3048 1491 3104 Auribus
1526 3052 1762 3121 percipe,
1801 3062 1970 3114 terra,
2008 3061 2066 3105 tu

478 3134 627 3189 enim
678 3135 934 3190 deorsum
1002 3146 1053 3192 et
1085 3138 1269 3193 cibum
1297 3138 1429 3205 illis,
1462 3140 1611 3194 nulla
1648 3141 1872 3195 illorum
1914 3140 2067 3197 solli-

484 3227 727 3283 citudine
787 3230 1135 3285 ministrasti.
1168 3231 1465 3302 Propterea
1500 3233 1641 3289 alius
1680 3235 1944 3305 propheta
1973 3236 2064 3301 π’,

476 3334 657 3390 regem
710 3318 979 3378 furentem
1021 3323 1236 3389 videns,
1270 3325 1415 3381 idola
1446 3326 1739 3390 colentem,
1779 3326 1951 3382 Deum
1979 3328 2066 3383 in-

472 3411 636 3482 juriis
694 3425 1140 3485 persequentem,
1200 3418 1451 3489 aliosque
1512 3418 1565 3473 in
1619 3427 1842 3488 peccato
1863 3420 2064 3491 lapsos,

475 3504 545 3559 ad
580 3505 788 3559 nullum
833 3507 1052 3561 illorum
1079 3522 1389 3564 sermonem
1413 3509 1562 3575 facit,
1589 3511 1683 3566 sed
1718 3498 2021 3567 conversus
2050 3527 2064 3565 :

474 3597 641 3665 Audi,
674 3599 872 3669 inquit,
917 3601 1110 3666 altare,
1160 3601 1285 3655 audi
1335 3618 1439 3656 mc.
1475 3603 1656 3669 Quare
1685 3619 1816 3675 ergo
1833 3605 2068 3674 lapidem

477 3692 826 3762 alloquetur?
881 3692 956 3748 Ita
979 3708 1133 3759 sane,
1170 3694 1370 3765 inquit,
1404 3697 1532 3765 quia
1565 3712 1659 3751 rex
1694 3698 2070 3753 insensibilior

478 3794 565 3840 est
593 3786 795 3855 lapide.
823 3786 988 3853 Audi,
1013 3788 1206 3854 altare,
1246 3789 1363 3843 hmc
1386 3790 1516 3844 dicit
1538 3789 1804 3846 Dominus
1838 3810 1850 3846 :
1883 3801 1939 3845 et
1957 3800 2071 3845 sta-

480 3880 579 3933 tim
619 3889 841 3949 ruptum
890 3891 973 3935 est
1025 3880 1199 3936 altare
1241 3892 1297 3936 et
1346 3882 1632 3937 effractum
1661 3891 1825 3937 estet
1862 3883 2071 3938 ellluxit

480 3972 732 4039 victima;
771 3972 935 4029 homo
980 3984 1161 4028 autem
1208 3988 1317 4029 non
1351 3973 1599 4041 audivit;
1648 3975 1741 4030 sed
1776 3976 1947 4031 tendit
1974 3991 2071 4031 rex

482 4080 679 4120 manus
734 4074 795 4119 ut
847 4066 1169 4136 prophetam
1207 4076 1443 4137 raperet.
1528 4066 1670 4121 Deus
1716 4075 1898 4121 autem
1938 4067 2069 4137 quid

481 4156 651 4212 facit?
685 4156 905 4212 Manum
933 4157 1081 4212 illius
1113 4158 1326 4213 aridam
1355 4156 1504 4213 fecit.
1554 4157 1675 4211 Non
1709 4158 1761 4211 in
1802 4157 2071 4227 principio

485 4267 709 4306 manum
749 4252 897 4307 illius
932 4250 1065 4306 facit
1104 4251 1338 4318 aridam,
1385 4260 1446 4306 ut
1480 4251 1676 4322 lapidis
1710 4250 2073 4305 sensibilitate

485 4345 785 4414 sapientior
842 4345 1115 4400 evaderet.
1198 4343 1428 4400 Volebat
1476 4348 1624 4400 enim
1680 4343 1857 4408 illum,
1921 4344 2072 4399 nulla

483 4437 769 4508 punitione
817 4436 1087 4504 adhibita,
1148 4437 1541 4507 sapientiorem
1591 4436 1727 4491 fieri.
1807 4435 1916 4492 Sed
1942 4436 2071 4506 quia

484 4528 619 4598 lapis
646 4528 906 4585 effr-actus
951 4537 1038 4584 est
1071 4538 1126 4584 et
1182 4538 1237 4583 tu
1283 4528 1347 4583 ad
1388 4529 1671 4584 meliorem
1703 4543 1929 4585 sensum
1960 4543 2072 4583 non

485 4622 722 4687 rediisti,
748 4631 940 4677 contra
982 4630 1035 4678 te
1064 4621 1217 4692 justa
1258 4624 1339 4677 ira
1373 4637 1461 4678 me
1484 4631 1823 4679 convertam.

594 4891 922 4958 QUIESTIO
962 4890 1171 4947 CLXX.
1236 4890 1247 4959 ι
1282 4889 1445 4943 Coisl.
1489 4887 1721 4955 CXCIX,
1769 4888 1935 4943 Taur.

1087 4959 1469 5034 unum]

490 5118 622 5188 Qua:
662 5128 739 5173 est
768 5119 1029 5189 parabola
1075 5119 1139 5173 de
1163 5118 1300 5188 ﬁlio,
1386 5128 1599 5171 aternas
1631 5116 1924 5185 facultates
1973 5116 2077 5171 sibi

561 5191 886 5243 vindicante.
938 5200 987 5243 et
1032 5191 1087 5243 in
1120 5190 1272 5243 lenae
1321 5135 1568 5243 (finitam
1615 5199 1813 5243 terram
1856 5187 2075 5243 proﬁci-

561 5187 886 5315 vindicznée,
938 5200 987 5244 et
1032 5191 1087 5245 in
1120 5187 1272 5260 lange
1321 5187 1568 5243 dissitam
1615 5199 1813 5243 terram
1855 5187 2075 5257 proﬁci-

550 5271 723 5316 arente

2159 1933 2371 1997 ἄλλους.
2419 1932 2581 1986 Ἀλλὰ
2613 1932 2698 1985 διὰ
2727 1932 2906 1994 τοῦτο,
2930 1932 3095 2002 φαίην
3127 1932 3212 1997 ἂν,
3243 1933 3343 1984 οὐκ
3373 1932 3608 1985 ἐκάλεσα
3629 1930 3755 1985 τού-

2159 2044 2288 2090 τους
2326 2066 2340 2091 ,
2415 2027 2713 2097 ἐπειδήπερ
2788 2026 3012 2095 ἔμελλον
3076 2028 3270 2078 ἐκεῖνοι
3345 2025 3603 2096 τελευτᾷν
3660 2026 3757 2079 καὶ

2165 2119 2241 2190 μὴ
2310 2120 2565 2189 παρεῖναι
2622 2119 2901 2189 μάρτυρες
2933 2135 2947 2148 ·
2979 2117 3198 2170 ἐπειδάν
3254 2118 3334 2181 εἰς
3400 2117 3751 2188 παρανομίαν

2162 2209 2489 2276 ἐξέκλινενό
2542 2209 2757 2281 Ἰσραήλ
2791 2227 2806 2241 ·
2842 2208 2922 2262 διὸ
2978 2210 3044 2262 τὰ
3104 2210 3332 2278 μένοντα
3386 2210 3625 2276 στοιχεῖα
3676 2210 3756 2271 εἰς

2166 2304 2475 2375 μαρτυρίαν
2553 2301 2726 2356 καλῶ.
2788 2300 2944 2355 Οὕτω
3025 2302 3119 2354 καὶ
3176 2300 3401 2362 Ἡσαΐας
3480 2302 3625 2353 ποιεί
3695 2300 3755 2351 οὐ

2162 2394 2250 2447 διὰ
2285 2392 2355 2445 τὰ
2386 2393 2653 2462 εἰρημένα
2690 2392 2870 2462 μόνον,
2906 2390 3045 2444 ἀλλὰ
3094 2391 3185 2444 καὶ
3225 2390 3414 2459 ἐπειδὴ
3455 2388 3758 2460 διαλεχθεὶς

2164 2488 2279 2548 τοῖς
2327 2484 2601 2546 Ἰουδαίοις
2642 2480 2766 2552 εὗρε
2802 2482 2877 2553 μὴ
2931 2481 3230 2545 ἀκούοντας
3287 2480 3477 2545 αὐτοῦ,
3532 2479 3628 2532 ἐπὶ
3690 2479 3760 2532 τὰ

2165 2578 2406 2646 στοιχεῖα
2470 2576 2805 2647 στρέφεται,
2863 2575 2956 2627 καῖ⁶
3039 2574 3326 2643 μάρτυρας
3389 2570 3758 2641 παραλαμὸάο

2166 2684 2248 2720 νει
2306 2664 2469 2720 αὑτοῦ
2503 2683 2516 2697 ·
2552 2683 2569 2716 ι
2606 2666 2827 2729 Ἄκουε,
2883 2663 3079 2735 οὐρανέ
3112 2681 3127 2696 ο
3170 2682 3189 2715 ι
3225 2664 3289 2716 σὺ
3325 2662 3433 2733 γάρ
3491 2662 3553 2714 τὸ
3586 2663 3762 2732 μάννα

2168 2761 2457 2831 ἦνεγκας.ι
2481 2759 2892 2827 Ἐνωτίζου,γῆ·
2932 2776 2950 2807 ι
2984 2758 3047 2810 σὺ
3079 2757 3189 2827 γὰρ
3221 2756 3319 2827 τὴν
3346 2756 3763 2827 ὀρτυγομήτραν

2169 2853 2665 2915 εδωκας.‹”Ακουε,
2700 2850 2918 2921 οὐρανέ·
2938 2869 2957 2901 ι
2989 2850 3058 2902 τὰ
3086 2849 3195 2920 γὰρ
3220 2848 3361 2919 ὑπὲρ
3390 2848 3550 2918 φύσιν
3581 2849 3765 2912 αὐτοῖς

2169 2947 2541 3016 ἐχορήγησας·
2575 2946 2687 2999 ἄνω
2715 2944 2836 2998 καθ’
2856 2944 2913 2996 ὃν
2944 2944 3146 3013 τρόπον
3169 2942 3510 3013 ἐστερεώθης
3540 2944 3758 3012 ἔμενες,

2169 3038 2265 3090 καὶ
2291 3037 2523 3107 μίμησιν
2541 3036 2638 3107 οὐχ
2654 3037 2755 3089 ὑπε
2768 3035 2938 3107 ρεῖδες
2953 3034 3177 3098 ἅλωνος·
3192 3054 3207 3085 ι
3234 3034 3544 3099 Ἐνωτίζου,
3560 3034 3652 3105 γῆ·
3669 3053 3686 3085 ι
3699 3034 3763 3087 σὺ

2171 3130 2280 3199 γὰρ
2315 3133 2464 3181 κάτω
2492 3123 2581 3199 ἧς,
2639 3127 2734 3180 καὶ
2772 3120 3052 3198 τράπεζαν
3102 3126 3287 3188 αὐτοῖς
3318 3125 3637 3194 παρετίθεις
3665 3125 3767 3178 αὐ-

2171 3221 2465 3293 τοσχέδιον.
2506 3220 2606 3274 Διὰ
2637 3220 2795 3273 τοῦτο
2822 3220 2917 3273 καὶ
2949 3219 3136 3289 ἕτερος
3165 3218 3456 3289 προφήτης
3484 3217 3627 3288 ὀρῶν
3664 3216 3765 3287 βα-

2172 3312 2327 3367 σιλέα
2395 3313 2741 3383 μαινόμενον,
2810 3312 2879 3364 τὰ
2957 3311 3152 3364 εἴδωλα
3208 3310 3606 3382 λατρευόμενα,
3673 3309 3762 3363 τὸν

2170 3407 2302 3460 Θεὸν
2332 3406 2708 3478 ὑϐριζόμενον,
2740 3406 2866 3469 τοὺς
2907 3405 3103 3467 ἄλλους
3132 3404 3460 3473 ἐπτηχότας,
3501 3403 3635 3475 πρὸς
3665 3403 3761 3456 οὑ-

2170 3498 2295 3551 δὲνα
2323 3497 2526 3552 τούτων
2586 3500 2821 3551 ποιεῖται
2855 3496 2945 3549 τὸν
2974 3495 3153 3564 λόγον,
3182 3495 3297 3548 ἀλλ’
3352 3494 3750 3564 ἀποστραφεὶς,

2174 3588 2463 3653 Ἀκουσον,
2493 3588 2679 3658 φησὶν,
2717 3586 3123 3658 θυσιαστήριον,
3160 3587 3391 3642 ἄκουσόν
3426 3603 3549 3657 μου.
3580 3587 3646 3638 Τί
3677 3582 3769 3639 οὖν

2171 3680 2305 3750 λίθῳ
2338 3680 2561 3751 διαλέγῃ
2591 3697 2605 3747 ;
2631 3680 2758 3743 Ναὶ,
2807 3682 2995 3750 φησιν,
3027 3680 3216 3751 ἐπειδὴ
3249 3678 3397 3731 λίθου
3439 3679 3767 3748 ἀναισθητόι

2170 3790 2327 3842 τερος
2350 3777 2378 3827 6
2399 3772 2670 3845 βασιλεύς.
2704 3775 2992 3837 Ἄκουσον,
3022 3773 3432 3844 θυσιαστήριον·
3466 3773 3592 3826 τάδε
3622 3773 3769 3841 λέγει

2173 3867 2416 3939 Κύριος·
2469 3867 2563 3920 καὶ
2609 3866 2813 3930 εὐθέως
2864 3866 3090 3936 ἐσχίσθη
3119 3866 3178 3918 τὸ
3245 3866 3631 3937 θυσιαστήριον
3677 3867 3771 3920 καὶ

2173 3959 2386 4030 ἐρράγη
2418 3958 2516 4012 καὶ
2547 3957 2726 4028 ἐξέχεε
2785 3959 2883 4027 τὴν
2928 3957 3141 4011 θυσίαν·
3173 3959 3199 4009 6
3238 3956 3294 4010 δὲ
3344 3956 3631 4027 ἄνθρωπος
3667 3959 3767 4011 οὐκ

2174 4054 2430 4124 ήκουσεν·
2472 4052 2587 4105 ἀλλ’
2645 4052 2875 4106 ἐκτείνει
2929 4052 3027 4121 τὴν
3087 4053 3248 4122 χεῖρα
3296 4053 3323 4104 6
3360 4050 3615 4120 βασιλεὺς
3676 4050 3769 4105 τὸν

2175 4147 2464 4218 προφήτην
2502 4146 2747 4214 ἁρπάσαι
2802 4144 3145 4215 βουλόμενος,
3172 4146 3199 4196 ὁ
3223 4142 3279 4195 δὲ
3308 4143 3441 4206 Θεὸς
3472 4144 3527 4196 τί
3586 4145 3766 4209 ποιεῖ;

2174 4240 2443 4312 ἐξήρανεν
2474 4238 2639 4292 αὐτοῦ
2673 4238 2772 4309 τὴν
2808 4239 2986 4308 χεῖρα·
3028 4236 3089 4289 οὺ
3122 4234 3365 4307 ξηραίνει
3398 4236 3457 4288 δέ
3504 4234 3564 4300 ἐξ
3593 4235 3769 4307 ἀρχῆς

2174 4331 2339 4386 αὑτοῦ
2372 4331 2473 4404 τὴν
2502 4333 2682 4403 χεῖρα,
2714 4332 2800 4383 ἶνα
2832 4330 2908 4401 τῷ
2936 4329 3029 4383 τοῦ
3064 4329 3214 4382 λίθου
3272 4329 3435 4384 πάθει
3491 4328 3769 4400 σωφρονέ-

2178 4442 2368 4496 στερος
2396 4426 2638 4495 γένηται·
2704 4422 2956 4475 ἐϐούλετο
2998 4422 3105 4492 γὰρ
3160 4420 3321 4475 αὑτὸν
3367 4420 3496 4475 ἄνευ
3537 4422 3635 4492 τῆς
3691 4422 3772 4483 είς

2106 4488 2149 4544 D
2180 4488 2341 4570 αὑτὸν
2400 4488 2673 4578 κολάσεως
2716 4488 3170 4585 σωφρονισθῆναι·
3212 4513 3329 4566 ἀλλ’
3370 4513 3562 4584 ἐπειδὴ
3592 4488 3711 4565 καὶ
3740 4514 3771 4566 6

2183 4610 2330 4675 λίθος
2360 4608 2585 4679 ἐσχίσθη
2616 4609 2709 4661 καὶ
2737 4609 2801 4660 σὺ
2841 4607 2901 4660 οὐ
2936 4604 3273 4678 διωρθώθης,
3312 4606 3407 4659 ἐπὶ
3440 4604 3499 4658 σὲ
3535 4604 3633 4677 τὴν
3689 4605 3772 4659 δι-

2186 4702 2349 4758 καίαν
2376 4701 2546 4773 ὀργὴν
2578 4704 2735 4755 ἐπιστ
2745 4700 2913 4772 ρέφω.

2716 4882 3057 4936 ΕΡΩΤΗΣΙΣ
3120 4880 3244 4936 ΡΟ¹.

2190 5106 2285 5173 Τίς
2344 5106 2382 5174 ἠ
2410 5104 2724 5174 παραϐολὴ
2795 5104 2902 5159 τοῦ
2938 5104 3051 5173 τὴν
3095 5104 3396 5173 πατρικὴν
3424 5104 3646 5159 οὐσίαν
3664 5108 3780 5160 .la-

2257 5178 2488 5242 δόντος,
2506 5176 2601 5231 καί
2624 5179 2712 5243 είς
2733 5176 2932 5246 χώραν
2958 5176 3471 5245 ἀποδημήσαντος
3490 5175 3780 5247 umde

1060 5448 1314 5499 Editarum
1349 5461 1376 5497 a
1412 5447 1591 5496 Wolfio
1618 5448 1870 5509 trigesima
1900 5446 1958 5507 (l.
1987 5458 2029 5495 c.
2058 5460 2106 5508 p.
2132 5444 2243 5508 8H,
2264 5445 2375 5498 815.
2416 5446 2639 5497 Galland.
2668 5460 2718 5510 p.
2756 5446 2868 5507 751,
2890 5445 3000 5506 752,
3026 5459 3074 5494 υ.
3099 5443 3182 5507 46)

557 5622 655 5681 Illa
704 5639 771 5680 eo
817 5626 1075 5695 pertinet,
1121 5629 1266 5701 quod
1315 5629 1589 5698 justorum
1642 5631 1841 5685 cohors
1889 5628 2067 5684 domi—

2251 5629 2375 5683 Ὀτι
2408 5633 2467 5682 τὸ
2500 5628 2686 5698 τάγμα
2726 5628 2837 5681 τῶν
2865 5628 3087 5681 δικαίων
3139 5628 3202 5682 οὐ
3236 5627 3485 5699 βούλεται
3516 5629 3593 5693 είς
3653 5628 3786 5680 ἐαυο

560 5804 788 5861 νοθυι.
823 5823 995 5878 xxxn,
1028 5812 1081 5866 l.
1168 5814 1212 5845 ’⁸
1249 5812 1403 5867 Deut.
1438 5830 1561 5878 xxx,
1607 5813 1655 5867 l.
1736 5814 1801 5845 ’°‘
1835 5810 1902 5869 III
1935 5811 2058 5883 Reg.

2163 5826 2221 5877 ll,
2259 5811 2306 5864 I.
2391 5814 2434 5844 "
2459 5810 2591 5866 Luc.
2627 5767 2716 5879 xv,
2746 5811 2830 5866 13.
