4110 6448
301 407 404 468 8’35

1140 406 1238 464 AD
1278 405 1870 465 AMPIIILOCHIUM
1912 401 2254 474 QUzESTIO
2294 402 2772 462 CLXX-CLXXI.

3469 406 3574 466 866

302 524 392 577 τὸν
434 522 678 591 ἁρπάσαι
744 519 842 590 τὴν
894 519 1147 584 ἐξουσίαν
1203 521 1310 573 τῶν
1369 522 1709 590 κτισμάτων,
1781 520 1896 572 ἀλλ’

2001 521 2152 572 nium
2191 518 2244 572 in
2273 527 2557 573 creaturas
2589 518 2692 572 sibi
2719 535 2826 572 non
2864 531 2955 587 per
2989 517 3237 586 rapinam
3271 515 3569 580 vindicare,

306 616 407 669 ὑπὸ
438 613 536 684 τὴν
567 613 660 666 τοῦ
692 613 943 682 Σωτῆρος
975 613 1231 683 πρόνοιαν
1266 612 1409 665 Οέλει
1439 613 1658 666 κεῖσθαι
1700 614 1765 666 τὰ
1794 613 1893 680 τῆς

301 704 633 774 οἰκονομίας·
668 704 748 756 διὸ
789 703 938 775 καὶὴ
980 703 1263 774 παραϐολὴ
1303 703 1395 756 τὸν
1449 703 1714 774 νεώτερον
1777 706 1894 757 εἰσ-

301 798 444 864 ἀγει,
471 795 706 848 λαϐόντα
742 793 842 864 τὴν
872 794 1140 866 πατρικὴν
1185 793 1392 858 οὐσίαν,
1426 796 1506 857 εἰς
1541 793 1723 865 χώραν
1763 796 1895 848 ἀπο-

301 887 542 956 δημῆσαι
567 884 805 956 μακράν·
836 885 895 938 τὸ
925 885 980 937 δὲ
1013 885 1186 954 μῆκος
1213 886 1273 937 οὐ
1309 884 1544 948 σταδίοις
1570 885 1884 948 διετείνετο,

303 980 438 1031 ἀλλὰ
493 979 718 1048 τρόποις
774 977 1137 1043 ὲξετοπίζετο.
1203 979 1310 1032 Καὶ⁸
1362 977 1526 1049 γάρὸ
1558 979 1892 1050 ἁμαρτάνων

303 1071 521 1141 μακρὰν
554 1069 764 1140 γίνεται
797 1070 955 1136 Θεοῦ,
993 1071 1054 1124 οὐ
1084 1071 1253 1140 τόπῳ,
1282 1071 1418 1124 ἀλλὰ
1448 1072 1660 1142 τρόπῳ.
1693 1069 1892 1124 Λαϐὼν

301 1165 357 1217 δὲ
415 1164 513 1235 τὴν
575 1164 765 1217 οὐσίαν
825 1163 924 1233 τὴν
987 1164 1262 1235 πατρικὴν
1325 1163 1606 1217 ἀπώλεσεν
1665 1163 1834 1232 αὐτὴν
1877 1205 1891 1228 ,

299 1253 528 1317 ἀσώτως
569 1254 941 1318 ζῶν.Ἔλαϐεν
994 1255 1145 1326 ἥλιον
1208 1256 1288 1319 εἰς
1325 1255 1659 1320 ἀπόλαυσιν,
1696 1257 1789 1310 καὶ
1835 1256 1895 1308 τὸ

299 1345 472 1415 ϐὠρον
530 1347 606 1409 ὡς
658 1345 788 1398 Θεὸν
835 1347 1242 1418 προσεκύνησεν
1274 1364 1287 1377 ·
1328 1347 1524 1401 ἔλαϐεν
1576 1349 1760 1418 πηγὰς
1813 1351 1894 1414 είς

302 1433 548 1505 τρυηςὴν,
609 1436 701 1489 καὶ
749 1436 810 1489 τὸ
859 1437 1030 1507 δῶρον
1079 1437 1445 1508 ὲθεοποίησεν·
1502 1441 1739 1510 ἠγνόησε
1802 1443 1894 1494 τὸν

301 1528 692 1598 χαρισάμενον,
725 1531 818 1581 καὶ
859 1529 921 1581 τὸ
969 1531 1214 1602 χάρισμα
1270 1531 1722 1604 ὑπερεδᾶξασενὴ
1755 1534 1892 1605 αὐτὴ

302 1619 502 1683 κτίσις·
549 1619 666 1673 ἀλλ’
705 1621 764 1673 οὐ
818 1623 986 1674 πᾶσιν
1039 1623 1239 1692 ὁμοίως
1272 1624 1524 1694 ὁρωμένη
1585 1625 1890 1696 πατρικὴή

300 1710 481 1764 οὐσία·
511 1710 631 1764 ἀλλ’
680 1713 708 1764 6
742 1713 841 1781 μὲν
875 1711 1055 1776 καλῶς
1101 1714 1261 1786 αὐτῇ,
1288 1717 1316 1767 6
1336 1715 1391 1768 δὲ
1425 1715 1609 1778 κακῶς
1641 1717 1891 1786 ἀπεχρή-

303 1820 456 1867 σατο,
506 1803 692 1873 τάγμα
721 1804 877 1857 τοῦτο
924 1807 1168 1869 κάκεῖνο,
1216 1807 1264 1857 εἰ
1297 1807 1391 1859 καὶ
1435 1807 1712 1878 διάφορον·
1736 1809 1764 1860 6
1793 1808 1886 1861 εὐ-

2005 611 2098 665 s-d
2160 625 2381 664 omnem
2422 626 2611 663 earum
2665 609 3200 664 administrationem
3266 607 3577 663 Servatoris

2000 702 2357 772 providentiae
2390 705 2537 772 cupit
2569 717 2690 756 esse
2727 700 3045 768 subiectam.
3089 698 3380 769 Propterea
3414 714 3577 768 para-

1999 795 2124 849 bola
2155 793 2245 847 illa
2275 793 2548 862 juniorem
2583 792 2901 856 introducit,
2947 792 3088 860 quod
3119 801 3371 860 paternas
3403 791 3576 844 facul-

2000 893 2139 938 tates
2189 884 2459 953 recipiens
2490 883 2542 936 in
2587 883 2939 952 longinquam
2990 881 3259 950 regionem
3303 881 3575 935 discesseo

2000 978 2088 1029 rit.
2129 977 2376 1045 Longum
2415 991 2544 1029 vero
2597 974 2728 1028 illud
2767 974 2870 1027 iter
2921 989 3028 1026 non
3085 974 3274 1027 stadiis
3307 973 3576 1042 producc~

1997 1070 2179 1132 batur,
2220 1070 2312 1124 sed
2359 1069 2605 1123 moribus
2635 1067 3092 1136 distinguebatur.
3147 1064 3386 1120 Peecans
3427 1067 3573 1120 enim

1998 1161 2234 1232 quisque
2266 1173 2507 1216 remotus
2564 1171 2646 1215 est
2679 1177 2707 1215 a
2751 1161 2882 1226 Deo,
2933 1174 3042 1212 non
3080 1158 3221 1220 loco,
3269 1157 3360 1211 sed
3414 1157 3578 1211 moris

1999 1255 2120 1308 hus.
2152 1253 2298 1307 Idem
2334 1269 2464 1308 vero
2494 1262 2750 1324 paternas
2798 1250 3082 1305 facultates
3115 1258 3332 1310 nactus,
3377 1246 3577 1299 intem-

1999 1358 2254 1417 peranter
2290 1349 2522 1402 vivendo
2553 1364 2648 1402 eas
2675 1347 2929 1416 dissipat.
2959 1344 3139 1398 Solem
3173 1343 3315 1396 enim
3348 1342 3399 1393 in
3430 1357 3582 1395 com-

2000 1443 2220 1500 modum
2251 1457 2408 1496 suum
2439 1452 2654 1496 nactus.
2688 1440 2892 1494 donum
2935 1438 3062 1493 illud
3099 1437 3275 1491 instar
3311 1435 3401 1488 Dei
3446 1434 3582 1486 adoc

1999 1545 2081 1591 rat
2116 1555 2128 1590 :
2164 1534 2342 1590 fontes
2369 1536 2422 1588 in
2461 1534 2858 1587 recreationem
2892 1540 3108 1596 nactus,
3150 1539 3205 1583 et
3243 1529 3345 1581 hoc
3379 1540 3581 1579 tnuuns

1997 1629 2090 1684 Dei
2125 1628 2247 1683 loco
2279 1627 2458 1681 habet.
2495 1626 2713 1696 Ignorat
2759 1625 3028 1686 datorem,
3075 1623 3278 1676 donum
3309 1633 3438 1672 vero
3482 1631 3578 1670 ea-

1995 1723 2117 1777 dem
2157 1728 2407 1774 creatura
2444 1717 2615 1772 nimio
2647 1717 2792 1770 cultu
2845 1713 3216 1784 prosequitur.
3263 1708 3451 1780 Neque
3494 1717 3578 1762 ta-

1995 1828 2120 1868 men
2167 1826 2359 1866 omnes
2407 1818 2687 1878 paternam
2733 1805 3097 1860 [nereditatem
3139 1802 3327 1856 eadem
3369 1801 3580 1854 ratione

304 1896 468 1966 σεϐὴς
494 1896 553 1949 τὸ
583 1897 777 1960 κάλλος
838 1899 940 1969 ὁρᾷ
963 1897 1054 1951 τοῦ
1089 1898 1316 1969 ούρανοῦ
1357 1899 1452 1952 καὶ
1492 1900 1599 1952 ἀπὸ
1627 1898 1719 1951 τοῦ
1752 1900 1886 1953 κάλ-

1996 1909 2261 1961 adierunt.
2311 1905 2467 1958 Alius
2513 1903 2659 1957 enim
2711 1902 2804 1955 illa
2858 1904 3018 1965 bene,
3073 1900 3215 1953 alius
3255 1911 3385 1950 vero
3438 1894 3578 1948 male

299 1989 427 2052 λους
456 1989 547 2041 τὸν
582 1989 912 2060 δημιουργὸν
969 1992 1212 2060 ἀνυμνεῖ.
1246 1991 1519 2062 «Ὄψομαι
1560 1991 1692 2062 γὰρ,
1726 1993 1883 2062 φησὶ,

301 2081 428 2144 τοὺς
485 2081 747 2151 οὐρανοὺς
807 2081 943 2151 ἔργα
985 2082 1096 2135 τῶν
1142 2082 1419 2137 δακτύλων
1451 2101 1564 2138 σου.
1597 2103 1615 2134 ι
1678 2080 1829 2137 Εἷδεν
1860 2086 1888 2138 6

299 2171 524 2241 ἀσεϐὴς,
563 2172 820 2243 καὶπρὸς
867 2173 966 2242 μὲν
1015 2173 1106 2227 τὸν
1135 2174 1362 2246 κτίστην
1413 2176 1511 2246 τὴν
1559 2175 1798 2230 διάνοιαν
1827 2177 1888 2229 οὑ

298 2263 630 2317 διεϐίϐασεν·
696 2265 1060 2336 ὲναπομείνας
1129 2268 1206 2338 τῷ
1255 2268 1444 2322 κάλλει
1503 2270 1598 2322 τοῦ
1649 2269 1886 2340 οὐρανοῦ

299 2355 435 2408 Θεὸν
487 2357 797 2428 ὲφαντάσθη
845 2359 906 2412 τὸ
961 2359 1375 2431 δημιούργημα·
1425 2362 1454 2413 ὁ
1505 2362 1736 2432 εὐσεϐὴς
1792 2362 1890 2431 οὐχ

301 2447 515 2517 ὑϐρίζει
545 2448 642 2521 τὴν
693 2451 889 2516 κτίσιν,
929 2451 1065 2505 ἀλλὰ
1095 2453 1171 2522 τῷ
1214 2454 1458 2525 Δεσπότῃ
1512 2454 1610 2524 τὴν
1640 2453 1886 2524 προσκύ-

299 2556 460 2608 νησιν
509 2541 850 2610 ταμιεύεται·
891 2545 1025 2614 τιμᾷ
1059 2544 1155 2615 τὴν
1184 2545 1361 2598 κτίσιν
1401 2545 1505 2616 (‘27
1529 2548 1570 2613 ),
1603 2546 1722 2598 ἀλλ’
1755 2545 1890 2615 ὁμό-

296 2627 507 2682 δουλον·
538 2630 637 2684 οὐκ
689 2631 939 2701 ἀφαιρῶν
971 2632 1025 2685 δὲ
1053 2633 1113 2686 τὸ
1168 2633 1329 2696 σέϐας
1355 2633 1446 2685 τοῦ
1483 2634 1768 2697 κτίσαντος
1797 2650 1892 2687 πε·

304 2721 521 2790 ριάπτει
547 2720 624 2792 τῷ
659 2723 942 2790 κτίσματι·
976 2725 1192 2777 ἐπαινεῖ
1218 2724 1276 2778 τὸ
1317 2725 1712 2796 φιλοτέχνημα,
1767 2725 1888 2778 ἀλλ’

295 2815 422 2884 οὐχὶ
436 2815 537 2884 τὴν
557 2815 650 2868 τοῦ
675 2817 919 2886 τεχνίτου
935 2817 1092 2880 δόξαν
1118 2819 1197 2880 είς
1222 2820 1399 2871 ἐκεῖνο
1421 2836 1487 2870 πε
1497 2819 1818 2890 ριίστησιν·ό
1835 2819 1893 2872 δὲ

297 2904 563 2978 δυσσεϐὴς
588 2907 645 2958 οὐ
671 2908 855 2970 κακῶς
889 2909 988 2976 μὲν
1005 2907 1144 2961 εἶδεν
1169 2909 1303 2975 (28),
1333 2911 1517 2973 κακῶς
1547 2911 1602 2963 δὲ
1623 2911 1894 2980 προσεκύ-

298 3013 484 3067 νησεν,
524 2999 619 3051 καὶ
669 3003 846 3052 πᾶσαν
895 3002 993 3072 τὴν
1024 3001 1175 3066 τάξιν
1195 3003 1507 3072 ἀνέτρεψεν·
1525 3004 1606 3056 ὃτι
1625 3004 1894 3075 δράκοντα

298 3090 562 3155 πολλάκις
577 3093 611 3162 ἡ
638 3091 828 3164 Γραφὴ
839 3093 995 3145 καλεῖ
1010 3093 1098 3146 τὸν
1120 3093 1382 3159 διάϐολον,
1408 3094 1503 3146 καὶ
1518 3094 1640 3163 δφιν
1664 3096 1891 3149 σκολιόν.

301 3184 394 3236 Διὸ
419 3183 512 3236 καὶ
541 3186 567 3236 6
590 3185 781 3254 Σωτήρ
807 3201 969 3254 φησιν
995 3202 1009 3215 ·
1061 3203 1079 3236 t
1104 3185 1232 3238 Ἰδοὺ
1272 3184 1478 3239 δέδωκα
1501 3187 1628 3254 ὑμῖν
1648 3187 1894 3252 ἐξουσίαν

302 3276 494 3326 πατεῖν
521 3275 708 3328 ἐπάνω
735 3275 913 3344 ὄφεων
941 3275 1032 3328 καὶ
1061 3276 1336 3346 σκορπίων
1366 3277 1501 3348 (29),
1522 3295 1541 3329 ι
1568 3279 1660 3331 καὶ
1689 3278 1772 3331 ἵνα
1809 3279 1885 3348 μὴ

297 3367 368 3419 τὰ
388 3366 628 3437 ἓρποντα
655 3367 933 3439 ὑπολάϐῃς
961 3370 1261 3440 ἐπήγαγεν·
1302 3371 1443 3422 «Καὶ
1465 3370 1559 3422 ἐπὶ
1591 3372 1771 3424 πᾶσαν
1792 3371 1887 3441 τὴν

298 3459 533 3531 δύναμιν
580 3461 675 3514 τοῦ
729 3461 950 3533 ἐχθροῦ·
983 3481 1001 3514 ι
1036 3462 1253 3534 δράκων
1285 3464 1380 3517 καὶ
1411 3463 1533 3533 δφις
1559 3465 1588 3516 6
1619 3464 1883 3526 διάϐολος·

300 3549 399 3618 οὐχ
429 3549 503 3612 ὡς
535 3550 658 3621 ῥίζα
685 3551 902 3617 κακίας,
933 3550 1008 3614 ὦς
1039 3570 1200 3621 φασιν
1232 3554 1282 3604 οἱ
1311 3554 1624 3624 Μανιχαῖοι,
1669 3553 1783 3607 ἀλλ’
1812 3553 1889 3616 ὡς

303 3641 592 3712 κατάρχων
635 3643 742 3696 τῶν
782 3642 1099 3715 δαιμονίων,
1141 3648 1234 3698 καί
1272 3646 1515 3717 ἀρχηγὸς
1565 3647 1749 3709 αὐτοῖς
1791 3647 1888 3716 τῆς

302 3733 628 3795 ἐκπτώσεως
659 3734 919 3802 γεγονώς.

1993 2013 2125 2052 usus
2171 2005 2278 2052 est.
2314 1995 2379 2048 Et
2412 1995 2498 2049 hic
2533 2004 2587 2049 et
2634 1995 2724 2049 ille
2771 2002 2954 2048 certus
2988 1993 3270 2046 hominum
3307 1988 3444 2042 ordo
3469 1999 3574 2050 est,

1993 2089 2249 2159 quamvis
2281 2107 2307 2142 ιι
2351 2105 2410 2144 se
2446 2088 2761 2143 distinctus.
2795 2085 2970 2140 l-lomo
3013 2087 3158 2138 enim
3190 2084 3311 2152 pius
3341 2081 3580 2150 pulchri-

1993 2183 2240 2238 tudinem
2291 2183 2416 2237 cteli
2469 2182 2636 2246 videt,
2687 2189 2743 2234 et
2782 2180 2853 2233 ob
2906 2177 3371 2248 pulchritudinem
3428 2173 3573 2227 illam

1992 2271 2332 2327 conditorem
2389 2271 2596 2325 laudat.
2638 2289 2656 2322 ι
2691 2269 2898 2324 Videbo
2943 2269 3110 2330 enim,
3153 2265 3350 2335 inquit,
3385 2263 3572 2322 caelos,

1992 2378 2156 2434 opera
2188 2379 2451 2418 manuum
2483 2371 2696 2418 tuarum
2724 2362 2790 2414 ’⁸.
2831 2380 2846 2411 ι
2885 2359 3038 2414 Videt
3069 2362 3318 2412 eamdem
3353 2356 3573 2424 impius,

1994 2457 2088 2512 sed
2118 2467 2350 2512 mentem
2397 2473 2552 2512 suam
2599 2456 2665 2510 ad
2716 2454 3056 2509 conditorem
3115 2467 3220 2504 non
3253 2449 3574 2503 convertit:

1993 2565 2204 2615 verum,
2250 2551 2302 2604 in
2340 2548 2748 2620 pulchritudine
2782 2547 2902 2600 (ξαιιί
2942 2545 3116 2614 ipsius
3145 2544 3380 2605 litercns,
3421 2538 3577 2608 opill-

1995 2643 2142 2697 cium
2178 2642 2309 2697 illttd
2361 2653 2418 2695 ιιι
2447 2644 2616 2697 Deum
2662 2640 2765 2695 sibi
2803 2636 3232 2708 reprtesentavit.
3265 2634 3395 2688 Pius
3422 2647 3578 2686 crea-

1998 2745 2175 2790 turam
2210 2751 2319 2791 non
2351 2735 2513 2790 allicit
2541 2735 2766 2805 injuria,
2795 2734 2888 2788 sed
2921 2730 3200 2787 Conditori
3245 2730 3452 2782 cultum
3486 2727 3580 2780 de—

2000 2827 2103 2883 fert
2135 2847 2147 2883 ι
2185 2828 2419 2883 honorat
2448 2837 2780 2891 creaturam,
2813 2825 2906 2880 sed
2947 2833 3006 2877 ut
3032 2835 3388 2884 cons:-rvam;
3419 2817 3572 2872 debi-

1999 2932 2114 2977 tum
2170 2937 2298 2977 vero
2353 2923 2648 2985 honorem,
2710 2919 2984 2975 conditori
3048 2918 3407 2984 subreptum,
3470 2927 3579 2964 non

1997 3013 2259 3068 transfert
2291 3014 2343 3066 in
2383 3025 2711 3068 creaturam.
2743 3014 2954 3067 Laudat
2981 3009 3297 3073 artiﬁcium,
3339 3006 3433 3061 sed
3466 3005 3582 3075 glo-

1998 3106 2136 3159 riam
2182 3105 2408 3159 artificis
2461 3106 2536 3159 illi
2587 3105 3000 3159 nonvindicat.
3051 3102 3259 3170 Impius
3305 3113 3432 3153 vero
3472 3112 3579 3150 non

1999 3195 2139 3248 male
2164 3196 2384 3265 quidem
2421 3195 2574 3260 vidit,
2606 3194 2746 3248 male
2776 3202 2957 3247 autem
2987 3192 3256 3253 adoravit,
3296 3197 3581 3256 totumque

1995 3285 2240 3340 ordinem
2275 3287 2564 3356 pervertit.
2619 3285 2904 3354 Scriptura
2952 3283 3230 3337 diabolum
3277 3296 3419 3350 saepe
3454 3279 3581 3333 dra-

1994 3393 2186 3432 conem
2241 3389 2297 3434 et
2344 3387 2653 3449 serpentem
2707 3378 2993 3447 obliquum
3047 3376 3295 3446 appellat.
3351 3373 3478 3427 Ideo
3527 3383 3581 3428 et

1997 3467 2256 3522 Servator
2286 3468 2416 3523 dicit
2452 3487 2466 3523 :
2499 3489 2517 3520 ι
2553 3468 2694 3523 Ecce
2732 3469 2855 3522 dedi
2885 3467 3038 3520 vobis
3065 3472 3385 3535 potestatem
3416 3478 3581 3532 super

1997 3560 2344 3628 serpentibus
2380 3569 2434 3615 et
2473 3561 2705 3632 scorpiis
2747 3559 3149 3615 ambulandi”.
3188 3576 3206 3608 ι
3238 3554 3315 3610 Ne
3350 3570 3479 3608 vero
3512 3553 3581 3608 de

1999 3651 2284 3719 rcptilibus
2312 3653 2428 3709 lucc
2453 3655 2710 3724 accipias,
2741 3652 3022 3721 subiungit
3055 3669 3066 3703 :
3103 3669 3120 3701 ι
3155 3648 3218 3702 Ει
3243 3663 3405 3718 super
3431 3645 3581 3700 omni

1997 3750 2269 3809 potestate
2300 3743 2528 3797 inimici.
2565 3762 2582 3794 ι
2625 3743 2800 3796 Draco
2830 3751 2884 3796 et
2915 3754 3142 3810 serpens
3179 3739 3430 3792 diabolus
3463 3744 3582 3801 est;

305 3836 416 3876 non
463 3832 521 3876 ut
549 3825 700 3878 radix
744 3827 988 3888 malitia',
1034 3833 1094 3878 ut
1138 3824 1423 3884 Mauicluei
1457 3830 1634 3897 aiunt,
1680 3829 1772 3884 sed
1816 3841 1873 3882 ut
1907 3830 2052 3893 talis,
2091 3835 2184 3901 qui
2253 3835 2594 3889 daemonibus
2632 3835 2964 3898 dominetur,
3034 3832 3329 3900 lapsusque
3393 3841 3582 3884 auctor

306 3915 415 3971 illis
449 3917 734 3972 exstiterit.

839 4101 1177 4158 ΕΡΩΤΠΣΙΣ
1206 4103 1375 4157 ΡΟΑ’.

2084 4100 2421 4166 QUA'ZSTIO
2449 4101 2659 4157 CLXXI
2691 4102 2882 4174 [σοῖσι.
2909 4101 3015 4166 CC,
3061 4099 3228 4155 Taur.
3265 4100 3477 4171 CXCl].

957 4331 1097 4380 Edita
1119 4347 1144 4380 a
1173 4331 1474 4380 Montacutio
1500 4331 1600 4394 (ep.
1625 4331 1686 4381 30
1720 4332 1780 4380 ad
1805 4331 2011 4394 Gregor.
2051 4345 2097 4392 p.
2125 4332 2205 4388 88,
2246 4329 2349 4391 90).
2384 4329 2435 4378 ln
2463 4327 2768 4387 lllattbzeum,
2794 4339 2827 4384 ι,
2854 4327 2914 4374 235

381 4524 443 4582 '0
476 4525 764 4595 ἀσπασμὸς
817 4525 1024 4579 ἄνωθεν
1075 4529 1107 4596 ἡ
1146 4527 1406 4597 σύλληψις
1441 4529 1713 4598 ἄσποροςο
1751 4528 1888 4598 κύη-

2068 4525 2337 4581 Salutatio
2391 4525 2458 4580 de
2515 4539 2767 4591 sursum;
2815 4521 3104 4593 conceptio
3163 4521 3284 4576 sine
3333 4521 3575 4584 semine;

300 4637 386 4684 σις
432 4620 730 4689 ἄφραστος·
765 4615 957 4679 ὠδῖνες
985 4615 1268 4687 ἀλόχευτοι
1293 4635 1306 4648 ·
1344 4620 1580 4687 σφραγὶς
1610 4619 1710 4688 τῆς
1749 4635 1888 4690 παρ-

300 4711 481 4775 ηενίας
501 4727 516 4741 ·
549 4709 708 4781 ἡτῶν
734 4709 940 4762 ὠδίνων
971 4708 1212 4773 διάλυσις
1245 4709 1294 4779 (6
1318 4709 1426 4780 γάρ
1445 4709 1602 4774 τόκος
1620 4710 1854 4781 ἄφθορος
1871 4727 1885 4740 ·

298 4804 395 4859 καὶ
430 4805 464 4874 ἠ
497 4801 754 4858 ..τεκοῦσα
786 4801 1052 4873 παρθένος
1086 4803 1180 4856 καὶ
1228 4803 1366 4872 μετὰ
1413 4803 1688 4874 γέννησιν)
1714 4818 1727 4832 ·
1759 4802 1890 4866 Θεὸς

299 4897 359 4948 ὲν
418 4893 585 4966 σαρκὶ
630 4894 692 4947 τὸ
739 4895 1098 4963 τικτόμενον·
1147 4894 1306 4964 χορὸς
1356 4895 1604 4961 ἀγγέλων
1655 4891 1806 4966 ᾆσμα
1831 4894 1891 4947 τὸ

298 4984 489 5056 Θαῦμα
544 4985 876 5056 ποιούμενοι·
935 4985 1060 5038 ἔνθα
1090 4986 1360 5038 τοσούτων
1412 4985 1507 5040 καὶ
1555 4986 1890 5056 τηλικούτων

299 5077 598 5148 συνδρομὴ,
635 5077 753 5142 πῶς
791 5077 858 5132 ἄν
907 5095 990 5130 τι·
1015 5077 1528 5149 διαυιιοισϐητήσειε,
1574 5079 1676 5132 κᾶν
1711 5079 1887 5133 πάντα

370 5252 413 5281 ³⁸
434 5250 669 5322 Philipp.
695 5267 814 5316 vm,
851 5252 904 5307 4.
983 5253 1027 5282 "
1049 5249 1184 5306 Luc.
1214 5268 1267 5317 κ,
1305 5253 1328 5306 1
1375 5252 1428 5306 9.

1995 4617 2286 4688 parturitio
2340 4615 2772 4686 inexplicabilis;
2828 4624 3020 4686 partus
3071 4613 3191 4682 sine
3250 4613 3576 4678 obstetrice;

1996 4709 2324 4778 virginitatis
2342 4708 2620 4780 sigillum;
2652 4708 2906 4762 dolorum
2943 4706 3189 4762 absentia
3210 4705 3357 4774 (nam
3383 4715 3436 4760 et
3461 4707 3581 4761 sine

1993 4802 2344 4870 corruptione
2397 4801 2500 4856 fuit
2549 4801 2849 4873 generatio,
2903 4810 2958 4854 et
3005 4815 3129 4869 qua:
3176 4799 3404 4868 peperit,
3460 4809 3580 4869 post

1995 4905 2210 4964 partum
2253 4893 2407 4962 virgo
2463 4891 2821 4962 permansit);
2867 4890 3011 4963 quod
3056 4891 3406 4954 nasotrbatnr,
3436 4889 3579 4946 Deus

1993 4995 2112 5040 erat
2172 4986 2224 5038 in
2268 4997 2466 5049 carne,
2529 4983 2851 5054 angelorum
2906 4983 3110 5038 chorus
3161 4982 3576 5037 admirationem

1995 5088 2215 5130 cantum
2257 5090 2416 5130 suum
2463 5073 2776 5141 faciebant;
2807 5075 2900 5130 ubi
2936 5074 3125 5129 talium
3167 5091 3493 5140 concursus,
3526 5087 3579 5129 et

1847 5411 2073 5470 ΝΟΤᾸΞ.

374 5611 485 5681 (27)
524 5613 660 5666 ἀλλα
705 5613 888 5683 --τὴν
945 5613 1122 5669 κτίσιν
1171 5615 1223 5668 in
1274 5614 1444 5668 altero
1493 5613 1634 5667 male
1679 5613 1882 5667 omissa

297 5682 610 5738 Colbertino
635 5685 826 5738 debeo.

371 5753 482 5821 (28)
513 5753 649 5806 Cod.
687 5753 874 5816 κακῶς
923 5753 1020 5821 μὲν
1048 5750 1207 5816 εἶδεν,
1239 5752 1323 5816 οὗ,
1376 5769 1476 5824 pro
1526 5768 1636 5824 quo
1688 5769 1881 5808 sensus

299 5833 546 5878 nostrum
579 5825 705 5878 illud
739 5825 998 5894 postulat,
1028 5826 1134 5879 nisi
1165 5824 1325 5892 16,06
1350 5840 1577 5896 prorsus
1599 5841 1877 5895 expunge-

623 5915 890 5979 ΡΑτιιοι.
936 5920 1054 5979 Gn.
1103 5919 1202 5980 Cl.

1989 5629 2048 5667 t'e
2076 5616 2254 5668 tnal‘s.

2061 5686 2172 5754 (29)
2205 5687 2418 5741 Interim
2454 5702 2560 5741 non
2595 5685 2775 5752 video,
2801 5686 3080 5756 quomodo
3102 5701 3217 5742 ιιωο
3246 5703 3351 5742 nuc
3402 5696 3577 5759 ρενιιζι

1983 5767 2167 5811 neant.

3296 5921 3374 5981 εδ
