4110 6484
542 421 647 486 867

1706 417 1969 480 PHOTII
2010 416 2519 481 PATRIARCHIE
2547 419 2658 481 CP.

3714 424 3821 486 868

543 543 817 594 tantorum
868 534 1002 603 fuit,
1061 531 1335 605 quomodo
1384 531 1509 603 quis
1564 531 1843 602 ambigere
1896 539 2118 601 posset,

2228 529 2443 584 ἀσεϐεῖν
2461 529 2615 583 ἔθετο
2637 528 2891 601 μελέτην,
2910 530 2991 586 ὅτι
3010 530 3086 603 μὴ
3110 530 3230 603 οὐχὶ
3245 532 3536 604 παρθένος,
3559 534 3592 605 ή
3613 535 3821 605 Παρθέη

540 630 683 687 baud
729 628 1013 699 intelligo,
1064 626 1192 683 licet
1238 625 1341 697 ipsi
1375 624 1652 696 proposita
1714 622 1882 679 fuerit
1909 637 2127 679 summa

540 722 810 793 impietas,
841 736 910 775 an
944 719 1109 791 Virgo
1154 718 1310 789 virgo
1355 718 1621 773 manserit
1649 730 1823 787 usque
1852 715 1907 769 in
1940 715 2125 770 ﬁnem.

540 812 695 879 Quod
748 811 795 866 si
845 810 1071 881 quidam
1129 809 1548 866 fundamentum
1623 808 1729 863 sibi
1781 807 2131 878 blasphemize

542 902 849 958 struxerint
892 900 1021 956 illud
1054 918 1066 955 :
1105 917 1123 952 ι
1163 900 1227 955 Et
1272 916 1378 955 non
1432 898 1687 969 cognovit
1750 912 1905 964 eam,
1952 896 2130 951 donec

540 1003 827 1064 pepererat
857 992 1054 1047 Filium
1088 1008 1247 1048 suum
1282 993 1730 1062 primogenitum,
1755 1008 1774 1042 ›
1802 988 2128 1057 intelligant,

540 1085 613 1138 illi
666 1086 811 1154 quod
872 1083 1352 1138 immaculatorum
1412 1084 1764 1136 oraculorum
1817 1079 2021 1135 veritas
2073 1077 2128 1133 id

429 1174 447 1195 '
543 1178 750 1233 volebat
801 1177 1159 1233 constitutum
1213 1175 1365 1239 dare,
1398 1175 1541 1244 quod
1591 1173 1930 1244 opinionem,
1967 1180 2129 1225 natu-

540 1287 678 1338 ram,
703 1269 1196 1342 apprehensionem
1220 1266 1621 1338 transgreditur
1647 1281 1865 1321 omnem
1886 1307 1903 1333 ,
1930 1280 2127 1335 nempe

537 1365 656 1419 sine
686 1363 785 1417 viri
828 1364 1111 1418 consortio
1136 1361 1551 1432 conceptionem
1585 1367 1641 1414 et
1663 1358 2039 1425 nativitatem;
2073 1356 2126 1412 id

535 1471 666 1510 vero
701 1454 1090 1526 praetermisit,
1147 1465 1407 1525 tanquam
1463 1451 1902 1516 consectarium,
1947 1459 2127 1506 mente

535 1546 832 1616 animoque
879 1545 1320 1616 concipiendum,
1356 1542 1504 1615 quod
1528 1543 1786 1613 deinceps
1820 1541 1945 1597 fuit.
1966 1542 2126 1597 Certe

535 1640 680 1694 illam
713 1654 838 1709 quae
859 1638 913 1692 in
948 1646 1107 1708 partu
1156 1636 1463 1707 permansit
1505 1635 1683 1706 virgo,
1721 1649 1819 1704 per
1850 1633 2123 1704 reliquum

533 1733 656 1787 vitae
705 1746 931 1787 cursum
982 1728 1287 1801 perstitisse
1348 1729 1640 1801 virginem,
1689 1742 1865 1796 neque
1918 1742 2122 1782 novum

532 1832 668 1889 erat,
704 1840 805 1879 nec
842 1823 1205 1895 paradoxum,
1243 1821 1426 1893 potius
1469 1822 1522 1877 id
1556 1821 1704 1893 quod
1750 1820 2066 1876 necessarie
2092 1834 2124 1875 e

531 1916 829 1986 pnemissis
879 1915 1341 1985 consequebatur.
1396 1914 1504 1970 Sed
1566 1921 1622 1969 et
1688 1928 1751 1969 os
1807 1911 2120 1967 Judreorum

533 2007 911 2077 blasphemum
963 2005 1224 2061 obturare
1254 2005 1493 2071 volebat,
1525 1990 1633 2075 qui
1655 2003 1724 2059 de
1753 2002 2117 2059 fornicatione

532 2111 719 2170 natum
748 2101 868 2156 sine
897 2099 1108 2155 semine
1132 2106 1460 2169 conceptum
1487 2097 1866 2153 traducebant.
1892 2093 2120 2150 Obviam

530 2195 694 2263 igitur
729 2193 826 2247 ivit
855 2207 1048 2248 eorum
1077 2192 1259 2263 impiae
1292 2189 1613 2258 sententiae,
1642 2189 1772 2245 dum
1805 2189 2120 2245 manifestat

527 2297 582 2341 et
632 2284 966 2356 deprtrdicat
1019 2284 1279 2339 intactam
1318 2281 1492 2338 fuisse
1529 2282 1680 2347 viro,
1729 2297 1853 2353 quae
1917 2279 2117 2335 Filium

526 2386 827 2448 pepererat.
860 2374 1000 2430 lllud
1051 2383 1314 2446 praeterea
1364 2373 1673 2444 intelligere
1717 2373 1936 2437 debent,
1973 2371 2118 2442 quod

525 2485 627 2525 nec
652 2484 848 2525 vocum
874 2482 1065 2523 earum
1095 2467 1204 2522 vim
1228 2466 1522 2523 voluerunt
1550 2465 1898 2536 percipere,e
1916 2464 2119 2534 quibus

524 2564 707 2618 divina
751 2564 972 2617 oracula
1006 2569 1301 2626 constant;
1338 2558 1547 2629 alioqui
1579 2557 1804 2613 diffiteri
1843 2573 1952 2612 non
1985 2570 2115 2627 pos-

525 2664 654 2711 sunt
702 2654 877 2709 Donec
935 2653 1207 2707 interdum
1255 2666 1353 2722 per
1410 2649 1799 2706 antidiastolen
1854 2646 2117 2717 temporis

524 2748 767 2805 secuturi
804 2746 1081 2816 usurpari,
1107 2745 1377 2800 interdum
1411 2742 1661 2798 adhiberi
1693 2742 1761 2797 ad
1795 2756 1978 2797 rerum
2003 2738 2120 2795 exi-

524 2840 762 2901 miarum
815 2848 870 2894 et
916 2837 1227 2892 divinarum
1275 2836 1701 2892 declarationem
1741 2852 1755 2890 ε
1798 2841 1859 2889 ιιι
1894 2834 1949 2888 in
1979 2847 2116 2902 pra:-

524 2931 687 2997 senti,
726 2944 836 2985 non
875 2929 1096 3000 quidem
1127 2927 1194 2982 ad
1224 2926 1676 2997 distinguendum
1717 2925 1940 2996 aliquod
1966 2925 2115 2980 aliud

524 3029 764 3090 tempus,
801 3018 897 3074 sed
945 3032 978 3074 e
1026 3026 1215 3073 contra
1263 3016 1446 3085 potius
1482 3014 1550 3069 ad
1583 3013 1950 3069 intimandum
1987 3028 2115 3083 spa—

523 3111 659 3166 tium
696 3110 1167 3166 immensurahlle.
1196 3109 1459 3179 Exempla
1504 3118 1705 3179 praesto
1728 3116 1893 3163 sunt:
1920 3124 1938 3158 ι
1970 3105 2115 3163 Conv

521 3201 762 3256 surrexit
814 3200 1019 3255 etenim
1066 3199 1119 3254 in
1167 3197 1363 3254 diebus
1409 3198 1533 3269 ejus
1573 3197 1820 3268 justitia,
1851 3205 1907 3252 et
1935 3196 2114 3251 abun-

2230 640 2321 688 vo;
2342 624 2438 677 καὶ
2467 624 2632 695 μέχρι
2658 624 2847 687 τέλους
2870 625 3176 696 διέμεινεν;
3222 626 3286 679 El
3308 626 3366 680 δὲ
3395 626 3478 691 τὸ,
3514 645 3533 678 ι
3564 628 3679 682 Οὐκ
3706 628 3822 697 ἐγί-

2231 732 2440 770 νωσκεν
2459 715 2629 785 αὐτὴν
2655 714 2760 780 ἕως
2788 710 2850 771 οὗ
2878 716 3063 771 ἔτεκεν
3088 718 3181 771 τὸν
3206 717 3336 772 Υίδν
3360 718 3532 789 αὐτῆς
3546 718 3638 773 τδν
3663 738 3818 791 πρω-

2229 809 2471 872 τότοκον,
2487 829 2504 862 ο
2530 809 2787 864 ὑπόθεσιν
2808 810 3157 884 βλασφημίας
3181 812 3395 877 ὲαντοῖς
3412 829 3559 876 τινες
3578 814 3645 867 ἂν
3666 813 3820 885 εὑρί-

2231 916 2473 965 σκουσιν,
2492 900 2747 967 ἴστωσαν,
2773 901 2849 967 ὡς
2871 904 3033 975 ἡτῶν
3056 904 3343 975 ἁχράντων
3359 904 3570 974 Λογίων
3588 905 3819 976 ἀλήθεια

2229 993 2291 1047 τὸ
2324 995 2423 1064 μὲν
2452 995 2754 1065 παράδοξον
2784 996 2879 1050 καὶ
2908 997 3185 1067 ὑπερφυὲς
3209 998 3304 1052 καὶ
3333 998 3477 1068 ὑπὲρ
3511 998 3819 1070 κατάληψιν

2230 1085 2507 1158 ἠϐουλήθη
2539 1088 2889 1158 πραστῆσαι,
2945 1088 3084 1160 ὅπερ
3109 1090 3228 1144 ἐστὶ
3282 1091 3441 1155 τόκος
3467 1090 3595 1144 ἄνευ
3625 1090 3820 1162 ἀνδρὸς

2232 1177 2586 1245 ἐπιγνώσεως
2608 1195 2623 1209 ’
2658 1179 2722 1233 τὸ
2751 1171 2819 1233 δὲ’
2862 1180 3001 1251 μετά
3041 1180 3219 1235 ταῦτα
3243 1183 3383 1235 νοεῖν
3426 1180 3716 1235 κατέλιπεν
3741 1180 3818 1245 ὡς

2229 1268 2543 1323 ἀκόλουθον.
2579 1269 2653 1323 Τὸ
2683 1268 2814 1343 γὰρ,
2862 1270 2961 1342 τὴν
2987 1271 3047 1325 ὲν
3066 1270 3211 1342 τόκῳ
3237 1270 3699 1342 παρθενεύουσαν,
3726 1273 3821 1325 καὶ

2230 1358 2293 1412 τὸ
2326 1359 2514 1413 λοιπὸν
2542 1361 2632 1415 διὰ
2671 1360 2787 1432 βίου
2815 1360 3174 1434 παρθενεύειν
3201 1402 3216 1428 ,
3242 1360 3368 1416 οὔτε
3398 1361 3585 1416 καινὸν
3622 1360 3757 1424 ὅλως
3782 1362 3815 1432 ἦ

2230 1449 2558 1521 παράδοξον,
2607 1450 2742 1505 ἀλλὰ
2769 1453 2864 1506 καὶ
2896 1454 3010 1516 τοῖς
3039 1452 3520 1525 προηγησαμένοις
3551 1452 3609 1518 εξ
3647 1452 3818 1521 ἀναγ-

2228 1541 2389 1596 καίου
2423 1544 2623 1614 μᾶλλον
2656 1543 2943 1615 ἑπόμενον.
2992 1544 3200 1608 Ἄλλως
3226 1562 3283 1598 τε
3307 1543 3366 1597 δὲ
3404 1544 3500 1599 καὶ
3532 1543 3643 1598 τῶν
3686 1544 3819 1596 Ἰου-

2227 1635 2392 1690 δαίων
2420 1636 2558 1700 τέως
2605 1636 2982 1707 ἐπιστομίζειν
3008 1635 3151 1705 ἔγνω
3198 1636 3260 1689 τὸ
3293 1635 3637 1707 βλάσφημον,
3668 1634 3719 1688 ο¹ί
3752 1637 3816 1687 ὲκ
3862 1698 3867 1703 ί

2210 1727 2483 1798 ⁴πορνείας
2509 1728 2603 1782 τὸν
2636 1730 2877 1801 ἄσπορον
2907 1730 3068 1784 τόκον
3110 1728 3377 1801 διέσυρον.
3411 1729 3502 1782 Διὸ
3536 1727 3631 1782 καὶ
3675 1726 3815 1799 πρὸς

2227 1817 2326 1890 τὴν
2368 1818 2594 1873 ικείνων
2632 1820 2844 1875 ἵσταται
2890 1820 3206 1884 κακόνοιαν,
3248 1821 3317 1875 δι’
3347 1812 3423 1876 ὧν
3475 1822 3666 1893 τρανοῖ
3718 1820 3811 1872 καὶ

2155 1890 2196 1945 Β
2227 1909 2594 1983 ἀνακηρύττει
2620 1911 2721 1981 τῆς
2752 1912 3023 1980 τεκούσης
3059 1912 3120 1966 τὸ
3146 1912 3445 1981 ἀνέπαφον.
3480 1890 3721 1967 Κάκεῖνο
3758 1914 3814 1967 δὲ

2226 2001 2578 2065 συνιέτωσαν,
2631 2002 2716 2056 ὄτι
2772 2003 2897 2074 μηδ’
2934 2002 3104 2067 αὑτὰς
3157 2004 3255 2068 τὰς
3300 2003 3498 2070 λέξεις,
3547 2003 3607 2069 ἐξ
3637 1997 3713 2059 ὧν
3762 2006 3813 2058 οἱ

2225 2090 2358 2145 θεῖοι
2388 2092 2650 2163 χρησμοὶ,
2679 2093 2917 2148 συνιέναι
2960 2093 3363 2165 ἠϐουλήθησανο
3400 2096 3432 2165 ἢ
3465 2096 3575 2165 γὰρ
3628 2096 3694 2149 ἂν
3724 2095 3810 2159 τὸ,

2222 2182 2355 2250 ἕως,
2413 2184 2725 2255 κατέμαθον
2752 2186 2922 2240 ἐνίοτε
2975 2187 3074 2258 μὲν
3105 2187 3244 2259 πρὸς
3279 2186 3688 2260 ἀντιδιαστο).ὴν
3715 2189 3812 2242 τοῦ

2222 2274 2424 2347 ἑφεξῆς
2493 2278 2690 2348 χρόνου
2746 2277 3357 2351 παραλαμϐανόμενον,
3412 2280 3583 2335 ἐνίοτε
3616 2281 3663 2337 δ’
3716 2276 3814 2337 οὖν

2221 2367 2314 2423 ἐπὶ
2346 2368 2579 2441 δηλώσει
2612 2372 2866 2442 μεγάλων
2908 2372 3007 2442 μὲν
3053 2371 3231 2447 ἔργων
3285 2374 3381 2428 καὶ
3434 2374 3760 2447 θεοπρεπῶν
3794 2392 3808 2407 ·

2221 2461 2473 2534 καθάπερ
2506 2464 2602 2518 καὶ
2633 2463 2751 2531 νῦν,
2782 2465 2843 2520 οὐ
2876 2466 2987 2537 μὴν
3016 2468 3152 2537 πρὸς
3186 2467 3596 2540 ἀντιδιαστολὴν
3622 2468 3814 2541 ἑτέρου

2222 2554 2415 2626 χρόνου
2448 2555 2617 2623 τινος,
2673 2557 2811 2612 ἀλλὰ
2859 2560 2951 2613 καὶ
2984 2560 3317 2627 τούναντίον,
3362 2563 3444 2626 είς
3472 2562 3817 2634 ὐποδήλωσιν

2219 2647 2529 2718 ἀπεράντου
2562 2648 2950 2720 διαστήματοςο
2981 2652 3075 2705 καὶ
3101 2653 3204 2707 ἀνὰ
3256 2656 3414 2724 χεῖρα
3440 2652 3511 2707 τὰ
3553 2654 3815 2726 παραδεί-

2219 2754 2459 2809 γματα·‹
2482 2740 2758 2795 Ἀνατελεῖ
2785 2743 2895 2815 γάρ
2917 2745 2975 2797 ὲν
3005 2747 3123 2808 ταῖς
3153 2744 3386 2816 ἡμέραις
3414 2745 3581 2800 αὐτοῦ
3601 2745 3814 2801 δικαιοι

2221 2826 2357 2898 σύνη
2417 2830 2513 2883 καὶ
2567 2830 2773 2902 πλῆθος
2832 2833 3095 2904 εἰρήνης,
3126 2834 3231 2898 ἓως
3268 2829 3329 2889 οὗ
3380 2836 3747 2909 ἀνταναιρεθῇ
3778 2838 3815 2897 ἡ

2220 2920 2441 2993 σελήνη·
2474 2941 2493 2975 ι
2533 2923 2627 2977 καὶ
2650 2960 2665 2990 ,
2717 2941 2736 2977 ι
2775 2924 2957 2979 Κάθου
2990 2926 3055 2980 ἐκ
3094 2926 3285 2993 δεξιῶν
3323 2946 3423 2998 μου
3467 2948 3486 2983 ι
3527 2928 3815 3002 (ἀνάγρα-

2219 3014 2356 3078 πτός
2401 3017 2550 3069 ἐστιν
2607 3017 2636 3070 ό
2688 3018 2879 3089 Πατὴρ
2908 3017 3084 3087 λέγων
3123 3019 3202 3091 τῷ
3228 3019 3389 3093 Υίῷ)
3420 3039 3439 3073 ι
3474 3020 3579 3085 ἕως
3606 3021 3674 3076 ἂν
3731 3021 3814 3077 θῶ

2217 3106 2345 3168 τοὺς
2371 3105 2601 3177 ἐχθρούς
2648 3124 2742 3161 σου
2777 3108 3073 3163 ὑποπόδιον
3106 3110 3215 3164 τῶν
3249 3112 3426 3165 ποδῶν
3461 3128 3555 3166 σου
3578 3125 3593 3141 '
3631 3129 3653 3165 ι
3688 3112 3810 3180 καὶ,

2226 3212 2244 3247 ι
2285 3194 2438 3262 Ἰδοὺ,
2482 3195 2595 3267 ἐγὼ
2641 3198 2762 3268 μεθ’
2798 3198 2953 3271 ὑμῶν
3002 3201 3119 3272 εἰμι
3160 3201 3346 3273 (πάλιν
3393 3203 3422 3257 ό
3464 3203 3656 3275 Σωτὴρ
3693 3207 3814 3269 τοῖς

522 3293 704 3348 dantia
724 3293 900 3364 pacis,
918 3306 1030 3362 quo
1062 3290 1129 3345 ad
1154 3306 1328 3361 usque
1353 3290 1719 3360 perduratura
1735 3287 1839 3343 fuit
1863 3288 2067 3343 luna”.
2086 3306 2105 3339 ι

2221 3286 2492 3359 μαθηταῖς
2517 3290 2705 3361 φησιν)
2764 3262 2872 3356 ἕως
2922 3295 3024 3365 τῆς
3058 3262 3372 3360 συντελείας
3401 3296 3494 3350 τοῦ
3528 3262 3747 3361 αἰῶνος.
3784 3262 3807 3352 ;

523 3388 628 3442 Sed
663 3396 718 3440 et
747 3384 1011 3455 scriptum
1039 3393 1122 3440 est
1140 3384 1350 3439 dixisse
1369 3382 1588 3439 Patrem
1616 3381 1757 3440 Filio
1784 3400 1799 3439 :
1830 3402 1848 3436 ι
1877 3381 2117 3439 Conside

522 3498 552 3532 ιι
578 3468 785 3533 dextris
828 3475 985 3543 mihi,
1016 3491 1188 3545 usque
1217 3474 1348 3529 dum
1383 3489 1581 3543 ponam
1611 3474 1870 3530 inimicos
1904 3474 2117 3530 scabel-

523 3570 636 3624 lum
699 3568 897 3638 pedum
950 3576 1170 3622 tuorum
1195 3564 1261 3617 ³¹.
1301 3582 1321 3617 ι
1352 3564 1418 3619 Et
1446 3565 1513 3620 ad
1541 3563 1847 3634 discipulos
1878 3565 1959 3618 ait
1991 3564 2113 3618 Sal-

522 3671 680 3715 vator
713 3677 729 3715 z
769 3679 788 3711 ι
820 3658 982 3723 Ecce,
1012 3671 1117 3727 ego
1162 3671 1287 3710 eum
1320 3656 1588 3711 vobismet
1626 3671 1773 3718 sum,
1820 3670 1998 3725 usque
2046 3656 2112 3710 ad

522 3751 712 3806 mundi
767 3746 1385 3805 consummationem”.
1431 3764 1451 3798 ι
1488 3744 1685 3816 Liquet
1732 3754 1919 3801 autem
1967 3745 2112 3815 quod

521 3846 576 3898 in
631 3842 750 3898 istis
792 3841 925 3896 illud
976 3840 1166 3904 donec,
1209 3853 1316 3893 non
1379 3836 1603 3907 aliquod
1648 3837 1917 3908 temporis
1944 3835 2114 3889 inter-

521 3934 734 3991 stitium
773 3941 869 3987 aut
913 3933 1208 3987 terminum
1244 3928 1539 3994 subinl‘ert,
1579 3928 1676 3983 sed
1718 3943 1825 3982 vox
1864 3927 1979 3990 illa,
2012 3941 2110 3979 ex-

522 4025 828 4081 cellentiam
854 4039 1038 4078 rerum
1066 4022 1378 4078 divinarum
1411 4020 1744 4084 subindicat,
1808 4027 1864 4074 et
1897 4029 2111 4074 mentes

520 4120 816 4192 legentium
874 4118 1201 4186 animosque
1266 4114 1335 4169 ad
1381 4112 1732 4183 cegitandum
1784 4111 2111 4167 transmittit

518 4212 898 4269 extensionem
960 4208 1255 4280 quamdam
1287 4207 1653 4263 indeﬁnitum.
1695 4205 1802 4263 Sed
1859 4222 1960 4263 nec
2003 4208 2109 4263 ista

520 4317 730 4362 tantum
784 4304 1058 4375 signiﬁcat
1094 4303 1277 4368 donec,
1307 4317 1498 4357 verum
1534 4310 1589 4357 et
1614 4302 1831 4357 tertiam
1858 4302 2109 4356 animad-

518 4409 732 4454 vertere
759 4406 845 4452 est
870 4395 1309 4466 intelligentiam,
1343 4409 1451 4463 qua
1490 4392 1707 4461 quidem
1747 4393 1883 4447 nihil
1926 4392 2108 4465 magni

518 4505 781 4547 exces>us
811 4488 1106 4553 indicatur,
1142 4484 1525 4541 tantummodo
1557 4485 1895 4539 contrarium
1923 4483 2107 4538 innui-

2219 3381 2328 3433 Καὶ
2355 3380 2535 3451 δῆλον,
2562 3383 2641 3446 ὡς
2668 3382 2907 3438 ἐνταῦθα
2941 3385 3022 3451 τὸ,
3051 3385 3183 3453 ἕως,
3217 3387 3277 3442 οὐ
3314 3389 3564 3459 χρονικόν
3590 3406 3645 3443 τι
3679 3391 3815 3461 μεθ·

2220 3470 2369 3542 όριον
2397 3471 2702 3547 καίπέρας
2739 3472 3091 3545 παρεισάγει,
3122 3474 3353 3545 μέγεθος
3389 3475 3447 3530 δὲ
3473 3476 3634 3531 θείων
3664 3493 3816 3549 πρα-

2218 3561 2449 3631 γμάτων
2493 3561 2527 3631 ἡ
2559 3561 2704 3626 λέξις
2738 3562 3246 3636 συμπαραδηλοῦσα
3294 3566 3375 3628 είς
3418 3566 3816 3637 ἁπεριόριστον

2218 3654 2534 3725 παράτασιν
2562 3654 2658 3707 τὸν
2692 3654 2817 3708 νοῦν
2850 3655 2960 3709 τῶν
2990 3656 3432 3728 ἐντυγχανόντων
3461 3659 3813 3729 ἀναπέμπει.

2218 3749 2293 3800 Οὐ
2337 3747 2500 3819 μόνον
2528 3746 2607 3812 δὲ,
2649 3748 2786 3803 ἀλλὰ
2818 3750 2915 3803 καὶ
2944 3749 3130 3821 τρίτον
3159 3751 3307 3804 ἐστιν
3337 3751 3467 3804 ἰδεῖν
3495 3750 3661 3806 αὑτοῦ
3700 3767 3808 3821 ση-

2218 3839 2569 3909 μαινόμενον,
2615 3839 2682 3894 δι’
2714 3834 2775 3895 οὗ
2825 3840 2969 3912 μέγα
3005 3840 3107 3911 μὲν
3157 3842 3253 3896 καὶ
3299 3841 3610 3915 ὑπέρογκον
3648 3842 3814 3897 οὐδὲν

2213 3931 2598 4003 ὑποδηλοῦται,
2652 3932 2841 3998 ἁπλῶς
2888 3933 2947 3988 δὲ
2992 3933 3054 3988 τὸ
3096 3935 3343 3989 ἐναντίον
3384 3935 3481 3989 τοῦ
3531 3937 3812 4011 προτέρου

2212 4024 2345 4092 ἕως,
2398 4024 2821 4098 διασημαίνεται
2842 4042 2856 4056 ’
2891 4024 2968 4091 ὡς
2999 4026 3084 4094 τὸ,
3124 4045 3144 4078 ι
3179 4027 3292 4082 Οὐκ
3322 4027 3628 4100 ἀνέστρεψε
3666 4029 3815 4101 πρὸς

2212 4118 2302 4173 τὸν
2338 4117 2463 4173 Νῶε
2494 4120 2528 4192 ἡ
2554 4118 2879 4191 περιστερὰ,
2904 4118 3011 4183 έως
3042 4119 3137 4174 τοῦ
3174 4121 3661 4194 καταξηρανθῆναι
3704 4124 3813 4195 τὴν

2213 4210 2352 4280 γῆν·
2388 4227 2407 4262 ι
2449 4208 2581 4275 καὶ,
2610 4200 2758 4272 "Eun:
2790 4207 2857 4263 ἂν
2913 4207 3346 4280 καταγηράσητε
3381 4206 3659 4280 (ἀλλαχοῦ
3693 4226 3812 4280 φη·-

2216 4299 2345 4369 σιν),
2382 4298 2493 4369 ἐγώ
2528 4300 2644 4370 είμι
2670 4301 2698 4353 ό
2731 4298 2898 4364 Θεόςο
2933 4318 2953 4353 ι
3004 4300 3101 4353 καὶ
3136 4300 3270 4356 ἄλλα
3293 4300 3485 4372 μυρία,
3516 4300 3585 4355 δι’
3610 4293 3689 4355 ὧν
3714 4299 3812 4354 εὖ·

2210 4393 2373 4461 δηλον
2408 4395 2502 4447 καὶ
2546 4396 2661 4458 τοῖς
2709 4393 2830 4447 λίαν
2870 4393 3270 4465 ὲθελοκωφοῦσι
3325 4395 3677 4460 καθίσταται,
3724 4396 3810 4461 ὡς

2211 4485 2333 4539 ἀντὶ
2388 4484 2485 4537 τοῦ
2524 4484 2844 4553 Διηνεκῶς,
2889 4487 2984 4540 καὶ
3026 4489 3131 4552 Et;
3177 4488 3285 4542 τὸν
3314 4487 3523 4553 αἰῶνα,
3577 4491 3612 4561 ἠ
3652 4489 3809 4556 λέξις

517 4594 609 4640 tur
654 4581 906 4638 absolute
960 4578 1337 4635 antecedentis
1368 4577 1657 4645 cujusdam
1709 4578 1875 4631 donec
1906 4592 1925 4631 :
1953 4586 2012 4632 ut
2047 4576 2099 4630 in

2220 4576 2722 4647 παραλαμδάνεται.
2755 4577 2927 4633 Ὅταν
2959 4576 3053 4633 οὖν
3075 4577 3324 4644 δείξωσιν
3364 4582 3414 4635 οἱ
3450 4580 3631 4636 πάντα
3660 4582 3807 4653 θρα-

520 4680 640 4735 istis
677 4697 690 4733 :
731 4698 749 4731 ‹
783 4675 902 4732 Νοη
965 4691 1183 4731 reversa
1238 4683 1321 4730 est
1366 4673 1434 4728 ad
1478 4672 1594 4728 Noe
1623 4672 1900 4737 columba,
1931 4674 2103 4726 donec

2220 4672 2344 4734 σείς,
2394 4669 2535 4741 μετὰ
2586 4670 2684 4741 τὴν
2716 4670 2816 4742 τῆς
2861 4671 3094 4744 σελήνης
3127 4672 3532 4744 άνταναίρεσιν,
3562 4672 3663 4744 τὴν
3700 4673 3807 4728 τοῦ

516 4770 829 4828 cxarel‘acta
873 4778 993 4824 erat
1032 4777 1176 4823 terra
1209 4765 1275 4837 η.
1319 4784 1339 4819 ι
1398 4764 1461 4820 Ει
1486 4766 1614 4819 alibi
1645 4764 1845 4820 dicitur
1881 4780 1896 4818 :
1940 4781 1957 4814 ι
1996 4762 2102 4817 Do-

2220 4764 2448 4836 Χριστοῦ
2492 4764 2587 4818 καὶ
2633 4764 2770 4819 Θεοῦ
2802 4765 2961 4837 ἡμῶν
3015 4765 3363 4838 δικαιοσύνην
3403 4767 3485 4831 είς
3514 4768 3577 4821 τὸ
3612 4767 3691 4840 μὴ
3740 4768 3809 4822 ὃν

516 4880 615 4919 nec
641 4861 1064 4924 consenueritis,
1084 4874 1185 4932 ego
1209 4858 1352 4914 Deus
1383 4873 1526 4914 sum.
1568 4876 1588 4911 ι
1619 4856 1684 4911 Ει
1706 4864 1966 4912 sexcenta
1997 4855 2102 4910 bu-

2220 4860 2615 4927 καταδύουσαν,
2669 4861 2768 4930 καὶ
2818 4862 2881 4915 τὸ
2946 4860 3151 4934 πλῆθος
3211 4862 3379 4917 αὐτοῦ
3426 4863 3526 4935 τῆς
3570 4863 3811 4935 εἰρήνης

514 4954 826 5027 juscemodi
857 4955 912 5009 in
944 4960 1200 5025 promptu
1232 4961 1381 5019 sunt,
1411 4965 1535 5021 qua:
1561 4950 1645 5005 vel
1671 4951 1828 5004 valde
1879 4948 2097 5005 allectat

2220 4953 2623 5025 ἑκμειούμενον,
2650 4955 2744 5009 καὶ
2772 4956 2853 5019 είς
2881 4954 3084 5027 ἔχθραν
3110 4956 3464 5029 διαχεόμενον
3485 4973 3497 4986 ’
3528 4956 3625 5012 καὶ
3656 4956 3809 5028 μετά

516 5049 714 5106 surdos
745 5048 845 5104 hos
874 5047 1072 5102 docere
1104 5054 1354 5117 possunt,
1391 5044 1537 5116 quod
1575 5059 1679 5099 vox
1722 5043 1811 5098 illa
1849 5042 2104 5115 usurpari

2220 5063 2272 5117 γε
2295 5047 2358 5101 τὸ
2380 5046 2712 5119 ὑποτεθῆναι
2732 5047 2860 5111 τοὺς
2887 5046 3120 5119 ἐχθροὺς
3140 5047 3307 5102 αὐτοῦ
3340 5047 3445 5102 ὑπὸ
3464 5048 3592 5113 τοὺς
3623 5047 3807 5113 πόδας

516 5145 653 5201 solet
697 5159 796 5215 pro
829 5144 1079 5197 continuo
1116 5150 1171 5197 et
1200 5142 1254 5196 in
1278 5140 1499 5197 δικαία.
1529 5140 1669 5196 Cum
1705 5139 1874 5209 igitur
1903 5140 2106 5194 docue-

2220 5140 2395 5206 κὺτοῦ,
2421 5138 2523 5211 τῆς
2552 5141 2617 5194 ὲκ
2645 5139 2839 5205 δεξιῶν
2873 5140 3146 5211 καθέδρας
3173 5139 3269 5193 τοῦ
3303 5141 3518 5214 Πατρδς
3546 5158 3808 5214 παρακι-

516 5239 627 5292 rint
654 5235 1033 5299 audacissimi,
1055 5235 1199 5304 quod
1226 5243 1347 5304 post
1374 5235 1516 5288 lunae
1542 5231 1873 5288 ablationem
1897 5229 2102 5286 Christi

2220 5234 2465 5305 ρούμενον
2488 5232 2746 5304 τρέποιτο
2776 5232 2933 5304 (τόδε
2962 5233 3025 5287 τὸ
3054 5232 3376 5305 βλάσφημον
3427 5235 3510 5298 εἰς
3556 5234 3659 5299 τὰς
3685 5236 3809 5291 τῶν

516 5329 610 5384 Dei
646 5329 821 5384 nostri
849 5328 1065 5397 justitia
1098 5328 1150 5379 in
1187 5326 1418 5380 nihilum
1441 5339 1725 5380 recessura
1750 5324 1844 5388 sit,
1875 5332 1929 5379 et
1951 5323 2102 5394 pacis

2220 5325 2710 5397 ὶναισχυντούντων
2740 5324 2984 5398 κεφαλὰς
3008 5327 3028 5395 )
3059 5341 3075 5357 ο
3126 5320 3249 5381 εἶτα
3277 5326 3335 5381 δὲ
3365 5325 3462 5381 καὶ
3514 5329 3658 5398 μετὰ
3693 5328 3811 5401 τὴν

515 5421 689 5490 ipsius
742 5419 1140 5475 abundantiam
1197 5418 1576 5483 minuendam,
1607 5417 1695 5472 vel
1730 5418 1782 5471 in
1817 5416 2004 5471 odium
2049 5426 2105 5473 et

2220 5420 2524 5474 τυντέλειαν
2560 5418 2654 5474 τοῦ
2686 5419 2906 5484 αἰῶνος,
2948 5419 3038 5473 ὅτε
3067 5418 3272 5490 μᾶλλον
3303 5419 3489 5484 αὐτοῖς
3515 5420 3549 5492 ἡ
3580 5420 3815 5475 οἰκείωο

517 5515 833 5570 inimicitias
883 5513 1386 5580 disseminandam;
1427 5522 1521 5568 aut
1564 5512 1710 5583 quod
1742 5528 1867 5567 cum
1916 5512 2103 5583 subje-

2220 5527 2314 5577 τις,
2346 5512 2456 5565 τῶν
2487 5510 2750 5581 μαθητῶν
2777 5510 3149 5582 ἀφιστάμενον
3168 5525 3185 5543 '
3209 5511 3305 5566 καὶ
3328 5510 3501 5565 ὲπειδ¹
3529 5510 3597 5565 ἂν
3622 5528 3814 5567 κατα-

491 5607 652 5664 'cerit
700 5608 951 5662 inimicos
1001 5624 1133 5663 suos
1166 5607 1268 5662 sub
1300 5606 1533 5677 pedibus
1561 5604 1702 5671 suis,
1726 5605 1793 5659 de
1826 5606 1945 5659 loco
1969 5618 2103 5659 con-

2220 5604 2525 5678 γηράσωσιν
2552 5604 2602 5656 oi
2632 5603 2755 5658 τότε
2796 5603 3098 5677 ἄνθρωποι,
3125 5604 3327 5679 μηκέτι
3356 5604 3491 5662 ὄντα
3513 5605 3605 5660 τὸν
3636 5604 3810 5662 Θεόν*

589 5876 633 5910 ³⁸
665 5876 805 5934 Psal.
836 5891 986 5941 Lxxt,
1021 5878 1070 5928 7.
1110 5876 1150 5908 ³¹
1184 5874 1326 5931 Psal.
1356 5889 1468 5940 cu,
1506 5874 1549 5927 l.
1594 5874 1636 5905 "
1672 5873 1860 5930 Matth.
1895 5891 2087 5945 xxvm,
2129 5876 2222 5933 20.
2299 5875 2343 5907 ³³
2370 5871 2505 5929 Gen.
2541 5883 2659 5938 vut,
2691 5868 2745 5927 7.
