4110 6434
422 377 528 441 869

1279 378 1379 437 AD
1420 375 2011 439 AMPHILOCHIUM
2044 376 2386 450 QUIESTIO
2418 376 2703 437 CLXXII.

3558 378 3664 443 870

413 487 462 540 εί
501 483 681 556 βούλει
707 484 768 537 δὲ
798 483 893 537 καὶ
948 484 1050 556 τὴν
1085 485 1419 555 περιστερὰν
1453 486 1591 556 μετά
1616 486 1680 540 τὸ
1716 486 1979 558 ξηρανθῆ-

2094 500 2280 541 sessus
2304 485 2369 539 ad
2399 485 2645 540 dextram
2676 482 2761 539 sui
2799 482 2978 540 Patris
3012 481 3389 539 deturbabitur
3418 482 3660 554 (interim

412 592 502 629 ναι
523 574 624 642 τὴν
648 576 751 644 γῆν
783 573 921 642 πρὸς
948 573 1038 626 τὸν
1077 574 1201 628 Νῶε
1232 575 1686 646 ἀναστρέψασαν·
1720 577 1841 630 τότε
1874 576 1990 631 δια-

416 663 780 736 πορείτωσαν,
812 665 905 716 καὶ
934 666 984 718 εί
1024 665 1162 734 μετά
1190 665 1281 719 τὸν
1308 667 1546 738 ἄρρητον
1576 669 1671 722 καὶ
1698 669 1989 741 παρθένιον

410 755 591 819 τόκον,
644 754 837 827 ἀνδρὸς
865 755 1087 826 ὁμιλίαν
1128 758 1161 827 ἡ
1207 759 1486 829 Παρθένος
1533 762 1882 832 ἐμελέτησεν.
1924 762 1988 816 El

410 846 465 900 δὲ
514 847 589 917 μὴ
636 847 756 900 κατ’
813 850 1102 920 ἐπιστολὴν
1136 850 1402 923 ἔγραφον,
1454 853 1671 918 πλείους
1718 853 1804 918 ἂν,
1853 853 1988 908 Θεοῦ

410 936 664 1001 διδόντος,
691 938 788 1003 τάς
822 938 1125 1006 ἀποδείξεις
1153 958 1235 996 σοι
1267 942 1623 1013 παρεθέμεθα
1643 960 1657 973 ·
1676 943 1792 998 ἀλλ’
1822 944 1986 998 ἱκανὰ

411 1027 505 1077 καὶ
536 1024 708 1079 ταῦτα
755 1020 836 1090 οἷς
872 1030 947 1098 μὴ
982 1030 1121 1099 μετά
1154 1032 1253 1100 τῆς
1315 1032 1535 1100 ἀγνοίας
1576 1033 1671 1087 καὶ¹
1707 1034 1741 1105 ἡ
1782 1033 1987 1089 διάνοια

411 1118 823 1187 προσαπώλετο.
885 1121 964 1175 Τὰ
995 1122 1037 1175 δ’
1087 1122 1256 1190 ἄλλα,
1303 1122 1447 1195 ψυχῇ
1498 1125 1594 1179 καὶ
1644 1124 1856 1181 σώματι
1893 1128 1987 1199 ερ-

412 1208 576 1277 ῥωσο.

2090 576 2142 630 in
2195 583 2477 630 auctorum
2512 574 2691 644 capita
2741 574 2856 629 haec
2900 573 3237 643 blasphemia
3290 572 3662 643 convertatur)

2087 674 2140 719 et
2187 672 2310 735 post
2348 664 2532 720 saeculi
2582 664 3130 727 consummationem,
3158 678 3286 718 cum
3326 663 3501 717 multo
3539 678 3671 732 pro-

2091 756 2354 826 pinquius
2413 756 2490 810 illi
2552 755 2955 826 conjungentur
3000 754 3274 825 discipuli,
3310 770 3434 809 eum
3483 753 3553 808 ab
3599 752 3668 807 iis

2089 866 2466 917 recessurum,
2506 857 2605 904 aut
2636 848 2801 903 Deum
2830 863 2939 902 non
2976 848 3203 903 ulterius
3232 848 3499 910 futurum,
3520 855 3670 916 post-

2094 959 2260 1013 quam
2315 944 2393 998 illi
2441 942 2687 1005 homines
2725 949 2886 996 aatate
2919 941 3316 1010 provehantur;
3349 948 3443 995 aut
3470 939 3673 994 docue-

2095 1036 2228 1100 rint,
2282 1044 2405 1106 post
2454 1034 2748 1090 arefactam
2796 1041 2997 1087 terram
3060 1031 3365 1087 columbam
3432 1030 3498 1085 ad
3551 1030 3669 1085 Noe

2096 1126 2347 1192 rediisse,
2386 1136 2517 1182 tunc
2568 1125 2913 1189 addubitent,
2962 1138 3064 1179 nec
3127 1123 3382 1192 impedio,
3425 1138 3493 1177 an
3545 1129 3670 1192 post
3711 1192 3717 1201 ~

2095 1225 2312 1288 partum
2348 1216 2651 1288 virgineum
2686 1215 3147 1284 inexplicabilem,
3180 1215 3248 1270 de
3278 1214 3419 1268 virili
3446 1230 3671 1269 consor-

410 1299 489 1353 tio
521 1299 685 1372 Virgo
731 1304 1078 1373 cogitaverit.
1124 1304 1279 1372 Quod
1321 1307 1364 1362 si
1399 1322 1507 1362 non
1543 1308 1829 1379 epistolam
1862 1308 2183 1375 scriberem,
2205 1309 2387 1378 plures
2411 1307 2612 1372 adhuc,
2636 1320 2760 1361 cum
2796 1304 2943 1360 bono
3010 1305 3143 1370 Deo,
3199 1303 3299 1359 tibi
3363 1317 3668 1371 repracsen—

414 1402 589 1448 tarem
621 1396 1139 1454 demonstrationes.
1169 1399 1273 1455 Sed
1306 1400 1422 1457 istae
1455 1401 1724 1458 sulIicient
1759 1404 1898 1459 satis
1953 1402 2021 1458 iis
2058 1401 2335 1467 omnibus,
2367 1401 2463 1473 qui
2513 1417 2625 1458 non
2679 1418 2788 1458 una
2830 1418 2958 1459 cum
3006 1402 3413 1473 ignorantia,et
3472 1396 3670 1452 mentis

409 1500 527 1543 sua:
580 1487 826 1544 fecerunt
856 1489 1151 1559 jacturam.
1180 1490 1408 1561 Caetera,
1470 1493 1663 1550 Valeas
1706 1495 1893 1550 animo
1944 1501 1998 1549 et
2036 1507 2289 1564 corpore.

923 1690 1261 1746 ΕΡΩΤΗΣΙΣ
1298 1694 1464 1749 POB’.

948 1872 1087 1940 Περὶ
1122 1871 1428 1940 προνοίας.

2020 1674 2069 1733 Β
2168 1689 2497 1760 onmno
2530 1688 2785 1746 CLXXII.
2839 1686 3029 1760 [CoisL
3062 1682 3193 1741 CCI.
3225 1681 3387 1738 Taur.
3417 1673 3649 1747 CXCIIJ

2656 1871 2729 1925 De
2758 1869 3115 1925 Providentia.

715 2096 852 2146 Edita
886 2111 911 2145 a
948 2095 1248 2147 Montacutio
1273 2096 1376 2160 (ep.
1405 2096 1459 2147 31
1487 2097 1546 2147 ad
1578 2096 1743 2146 Taras.
1771 2109 1817 2159 p.
1844 2094 2011 2158 θο-εη,
2046 2102 2096 2147 et
2122 2108 2315 2147 rursum
2345 2110 2370 2145 a
2401 2093 2543 2154 Maio,
2576 2096 2702 2146 Nov.
2730 2094 2853 2147 Coll.
2880 2102 2915 2145 t.
2955 2096 2993 2157 l,
3016 2108 3063 2158 p.
3103 2094 3353 2156 174.178).

434 2338 435 2343 η
472 2285 544 2340 α’.
590 2286 653 2339 El
685 2283 874 2357 μηδεὶς
901 2282 1013 2338 τῶν
1047 2282 1402 2349 ἀδικούντων,
1438 2285 1533 2339 καὶ
1561 2283 1699 2349 ὅλως
1728 2285 1981 2356 ἁμαρτα-

401 2375 624 2441 νόντων,
656 2374 796 2428 κατά
823 2376 1013 2445 χεῖρας
1036 2368 1148 2444 εἶχε
1178 2371 1486 2442 φθάνουσαν
1510 2372 1611 2445 τὴν
1639 2372 1816 2444 δίκην,
1847 2373 1984 2429 ἀλλὰ

400 2467 498 2522 καὶ
514 2469 713 2532 πάντες
731 2468 781 2520 οἱ
808 2467 905 2537 τῆς
937 2465 1139 2537 ἀρετῆς
1158 2463 1519 2535 ὲργάται,τδν
1545 2464 1659 2536 βίον
1686 2464 1899 2536 ἔτριϐον
1924 2468 1982 2520 ἐν

397 2557 750 2629 ταλαιπωρίᾳ
787 2596 803 2621 ,
836 2558 938 2611 οὐκ
984 2556 1050 2611 ἄν
1090 2573 1169 2610 σοι
1217 2554 1342 2609 λίαν
1375 2555 1591 2619 ἀτόπως
1627 2554 1657 2607 ό
1685 2555 1814 2625 περὶ
1851 2573 1984 2626 προ-

399 2650 545 2715 νοίας
573 2650 730 2719 λόγος
760 2647 1220 2720 ὲχὼλευεν.Ἐπεὶ
1266 2647 1322 2702 δὲ
1366 2647 1554 2701 πολλοὶ
1596 2648 1692 2702 καὶ
1736 2648 1846 2702 τῶν
1882 2648 1981 2719 τὴν

398 2740 598 2794 κακίαν
647 2740 967 2811 μετιόντων,
1012 2739 1146 2811 παρ’
1179 2739 1351 2803 αὐτὰς
1375 2740 1475 2803 τὰς
1518 2739 1748 2810 πράξεις
1795 2737 1981 2809 ὤφθη-

398 2850 499 2887 σαν
532 2831 632 2897 τὰς
660 2834 811 2897 δίκας
840 2832 1156 2897 δεδωκότες,
1189 2833 1283 2886 καὶ
1318 2832 1424 2887 τῶν
1446 2832 1614 2904 ἀρετῇ
1641 2832 1979 2905 ῥυθμιζομέ-

396 2940 503 2976 νων
527 2922 893 2985 εὐπαθοῦντες
922 2923 1062 2974 εἰσιν
1087 2922 1448 2992 ἐγνωσμένοι,
1482 2922 1601 2985 πῶς
1630 2923 1729 2976 οὐκ
1752 2922 1979 2994 ἀνόητος

2158 2285 2200 2339 ι.
2228 2283 2289 2340 Si
2320 2297 2483 2338 nemo
2511 2297 2738 2353 prorsus
2768 2282 3163 2352 improborum,
3199 2290 3256 2337 et
3282 2282 3523 2366 peccatis
3570 2297 3665 2352 pe-

2086 2372 2238 2428 nitus
2282 2371 2587 2427 deditorum
2623 2370 2923 2425 vindictam
2959 2385 3071 2441 prae
3117 2370 3374 2427 manibus
3428 2386 3665 2441 praesen-

2086 2469 2194 2515 tem
2254 2460 2540 2526 haberent,
2572 2461 2666 2515 sed
2716 2460 2934 2515 virtutis
2981 2467 3329 2529 operatores,
3362 2457 3660 2512 universim

2087 2567 2301 2619 omnes,
2331 2554 2495 2607 vitam
2542 2552 2903 2622 transigerent
2934 2566 3030 2622 per
3065 2551 3340 2617 miserias,
3377 2550 3520 2605 haud
3563 2550 3663 2604 ab—

2090 2646 2254 2701 surde
2289 2646 2386 2701 tibi
2420 2645 2695 2701 videretur
2736 2646 2804 2701 de
2854 2644 3231 2715 providentia,
3286 2642 3425 2698 ratio
3467 2658 3662 2698 manca

2088 2748 2253 2807 atque
2284 2738 2511 2805 mutila;
2554 2737 2647 2793 sed
2696 2752 2819 2793 cum
2852 2737 3073 2808 plurimi
3107 2751 3321 2803 eorum,
3349 2736 3444 2807 qui
3476 2751 3535 2791 se
3562 2750 3661 2789 ne-

2086 2831 2277 2901 quitiis
2299 2831 2647 2899 dediderunt,
2676 2831 2730 2886 in
2757 2832 2878 2902 ipso
2900 2830 3268 2900 improbitatis
3297 2840 3448 2893 actu,
3473 2844 3663 2899 poenas

2085 2920 2301 2975 dedisse
2358 2929 2784 2991 cognoscantur,
2827 2930 2882 2976 et
2932 2920 3026 2990 qui
3079 2919 3380 2975 secundum
3440 2917 3665 2972 virtutis

396 3013 431 3084 ἠ
460 3011 603 3066 κατὰ
639 3011 741 3082 τῆς
789 3012 1046 3083 προνοίας
1081 3011 1331 3079 ὲπίνοια;
1363 3011 1426 3063 El
1460 3012 1506 3064 δ’
1536 3012 1618 3066 ὃτι
1670 3012 1745 3082 μὴ
1780 3010 1979 3077 πάντες

2085 3024 2327 3068 tenorem
2352 3022 2524 3070 semet
2548 3029 2647 3069 con
2660 3013 2965 3080 firmarunt,
2992 3028 3254 3084 prospere
3280 3011 3487 3067 vixisse
3514 3012 3665 3066 intel-

396 3106 635 3160 ἐνταῦθα
665 3106 982 3177 κομίζονται
1012 3106 1081 3160 τὰ
1112 3106 1386 3177 ἐπίχειρα,
1423 3107 1580 3161 τοῦτό
1625 3124 1685 3160 σε
1736 3108 1859 3161 κατ’
1883 3108 1976 3161 αὐ·

394 3200 495 3269 τῆς
524 3198 850 3267 ἀνερεθίζει,
888 3197 998 3251 ῐσθι
1020 3199 1096 3261 ὡς
1118 3198 1184 3251 δι’
1211 3192 1286 3253 ὧν
1324 3197 1497 3267 ἔγνως
1523 3198 1659 3270 αὐτῇ
1688 3199 1975 3270 μάχεσθαι,

398 3290 599 3361 μᾶλλον
625 3289 797 3362 αὐτῆς
828 3290 1227 3363 ἀνακηρύττεις
1264 3292 1307 3355 ί,
1341 3292 1481 3361 μετά
1523 3292 1623 3361 τῆς
1676 3292 1887 3361 σοφίας,
1918 3291 1980 3344 τὸ

394 3381 640 3454 ἄμαχον·
689 3384 738 3437 εί
763 3382 873 3455 γὰρ
900 3382 1104 3447 πάντες
1135 3385 1192 3437 ἐν
1219 3382 1299 3453 τῷ
1327 3381 1423 3437 νῦν
1469 3383 1650 3450 αἰῶνι,
1678 3383 1729 3435 οἱ
1758 3383 1858 3454 μὲν
1879 3383 1980 3446 τὰς

393 3474 625 3539 εὐθύνας
655 3475 1081 3546 είσεπράττοντο
1104 3475 1215 3529 τῶν
1265 3474 1673 3547 ἡμαρτημένων
1704 3482 1753 3541 ιι,
1803 3475 1853 3528 οί
1898 3475 1976 3541 δὲ,

394 3565 482 3635 ἐφ’
514 3562 597 3628 οἷς
624 3565 829 3620 εἵλοντο
855 3569 923 3621 τά
956 3566 1184 3637 ἀμείνω,
1211 3565 1367 3637 δόξης
1385 3566 1480 3618 καὶ
1501 3565 1670 3635 τιμῆς
1698 3565 1979 3637 ἀπήλαυον

393 3657 492 3711 καὶ
513 3656 881 3728 εὐδαιμονίας,
914 3657 1093 3729 μάτην
1123 3674 1184 3710 τε
1229 3656 1297 3710 ἂν
1336 3657 1399 3709 τὸ
1439 3656 1650 3710 ἐκεῖθεν
1694 3657 1978 3728 κριτήριον

395 3749 741 3819 συνειστήκει
790 3749 953 3819 (ὅπερ
1002 3749 1120 3801 ἐστὶ
1165 3748 1265 3819 τῆς
1312 3749 1573 3803 ἀνωτάτω
1614 3747 1753 3802 Θεοῦ
1785 3749 1978 3818 σοφίας

394 3838 493 3891 καὶ
512 3836 884 3906 κηδεμονίας),
927 3838 1021 3890 καὶ
1051 3837 1229 3906 βίαιον
1261 3838 1436 3901 ἄλλως
1462 3847 1485 3875 ν
1518 3838 1615 3892 καὶ
1657 3836 1913 3891 ἀκούσιον
1944 3838 1976 3908 ὴ

393 3928 488 3981 τοῦ
524 3927 697 3981 κακοῦ
733 3928 883 3999 φυγὴ
907 3927 1298 3981 ἀπεδείκνυτο·
1339 3928 1676 3995 δεδοικότων,
1702 3927 1779 3993 ὡς
1807 3930 1974 3995 εἰκὸς,

393 4018 505 4073 τῶν
532 4018 878 4090 πλημμελεῖν
908 4020 1251 4088 ἐγνωκότων,
1286 4020 1386 4091 τὴν
1438 4019 1753 4090 παραυτίκα
1803 4038 1977 4091 τιμω-

397 4110 525 4181 ρίαν
548 4126 563 4143 ο
596 4111 691 4165 καὶ
722 4111 845 4182 οὐχί¹
881 4110 1111 4181 γνώμης
1159 4110 1373 4182 ἀγαθῆς
1413 4111 1644 4181 αἱρέσει,
1703 4110 1876 4183 δειλίᾳ
1919 4111 1976 4164 δὲ

395 4202 597 4275 μᾶλλον
628 4204 738 4257 ἀπὸ
761 4204 861 4276 τῆς
902 4203 1104 4267 κακίας
1149 4203 1562 4275 διασπωμένων.
1614 4201 1778 4258 Ἀλλά
1809 4220 1873 4272 γε
1910 4203 1973 4273 δὴ

394 4295 491 4348 καὶ
522 4295 818 4367 μισθαρνίᾳ
848 4295 946 4350 καὶ
990 4296 1088 4349 οὐκ
1133 4296 1338 4367 ἀρετῆς
1371 4304 1395 4333 ι
1418 4336 1434 4361 ,
1465 4296 1563 4366 τῆς
1589 4295 1792 4368 ἀρετῆς
1822 4295 1977 4363 ἐτύγο

393 4402 556 4456 χανεν
592 4386 659 4439 ἂν
684 4388 718 4458 ή
744 4387 1007 4458 ὲργασία’
1038 4387 1134 4441 καὶ
1157 4387 1343 4441 οὐκέτι
1367 4386 1638 4458 διάκρισις
1669 4387 1777 4441 τῶν
1809 4404 1975 4440 σπου-

391 4477 556 4531 δαίων
586 4479 680 4531 καὶ
703 4478 811 4531 τῶν
838 4479 1057 4547 φαύλων
1095 4480 1337 4548 ἐγεγόνει
1363 4496 1379 4510 ο
1408 4479 1529 4533 οὐδὲ
1578 4479 1693 4531 τισὶ
1732 4479 1852 4550 μὲν,
1886 4479 1971 4532 ἴνα

390 4567 492 4637 τῆς
533 4568 744 4622 ἐκεῖθεν
799 4568 1005 4640 τύχωσι
1045 4570 1343 4641 βασιλείας,
1398 4572 1494 4625 καὶ
1531 4573 1616 4626 ἵνα
1638 4571 1972 4634 Δεσποτικάς

394 4662 809 4731 συντηρήσωσιν
835 4661 1076 4728 ὲντολάς,
1107 4666 1141 4734 ὴ
1168 4663 1371 4735 ἀρετῆς
1401 4664 1623 4733 πρᾶξις,
1658 4664 1754 4717 καὶ
1781 4666 1814 4734 ἡ
1840 4663 1972 4717 ταύ-

390 4767 491 4821 της
529 4751 726 4822 χρῆσις
749 4751 809 4817 ἐξ
836 4752 1035 4824 ἔρωτος
1062 4752 1232 4819 θείου,
1284 4756 1393 4807 τισὶ
1410 4754 1465 4807 δὲ
1499 4754 1586 4809 ἵνα
1612 4754 1703 4808 τὸν
1726 4754 1970 4825 παρόντα

392 4843 507 4913 βίον
537 4844 596 4898 ὲν
623 4844 921 4899 ἀπολαύσει
944 4845 1238 4900 διανύσωσι
1272 4847 1369 4901 καὶ
1393 4847 1733 4919 εὐδαιμονίᾳ.

2084 3107 2347 3177 ligantur,
2376 3105 2601 3160 omnino
2626 3121 2850 3160 necesse
2871 3112 2956 3159 est
2997 3113 3059 3159 ut
3088 3104 3319 3159 stultum
3340 3104 3413 3158 sit
3438 3102 3665 3172 obloqui

2080 3196 2461 3252 Providentiae.
2493 3196 2648 3262 Quod
2678 3197 2726 3251 si
2762 3196 2894 3251 illud
2926 3206 2977 3251 te
3004 3205 3194 3252 contra
3226 3211 3347 3251 eam
3379 3196 3662 3262 stimulat,

2081 3290 2208 3360 quia
2239 3304 2348 3344 non
2375 3289 2745 3345 indifferenter
2775 3304 2964 3344 omnes
2996 3289 3097 3343 hac
3125 3290 3179 3344 in
3220 3289 3328 3343 vita
3363 3288 3667 3358 percipiant

2082 3383 2273 3438 merita
2309 3398 2431 3449 sua,
2463 3384 2607 3439 scias
2634 3392 2868 3452 oportet,
2902 3390 2954 3437 te
2994 3397 3090 3452 per
3120 3382 3173 3436 id
3210 3397 3319 3452 quo
3344 3390 3536 3436 contra
3564 3383 3663 3437 de-

2080 3492 2327 3549 pugnare
2350 3477 2498 3532 illam
2530 3482 2691 3541 reris,
2724 3476 2809 3530 vel
2844 3475 3083 3529 maxime
3116 3474 3359 3545 ejusdem
3387 3475 3496 3528 vim
3525 3474 3663 3528 irre-

2081 3568 2373 3625 sistibilem
2402 3578 2456 3624 et
2491 3568 2818 3640 sapientiam
2858 3567 3157 3623 celebrare.
3182 3565 3363 3632 Certe,
3396 3566 3441 3621 si
3470 3580 3663 3620 omnes

2081 3678 2179 3732 per
2199 3670 2519 3732 praesentem
2556 3661 2746 3725 vitam,
2781 3660 2865 3717 vel
2896 3659 3161 3713 rationem
3193 3658 3417 3713 reddere
3446 3657 3512 3711 de
3536 3673 3662 3727 pec-

2080 3756 2217 3811 catis
2266 3764 2613 3826 cogerentur,
2647 3753 2733 3808 vel
2789 3768 2855 3808 eo
2899 3751 3047 3822 quod
3106 3752 3387 3805 meliorem
3446 3761 3655 3820 partem

2082 3847 2283 3902 fuerint
2335 3846 2591 3916 amplexi,
2644 3845 2897 3917 gloriam,
2938 3845 3224 3906 honorem,
3271 3842 3661 3897 beatitudinem

2080 3938 2169 3992 hic
2199 3947 2644 4008 assequerentur,
2672 3937 2900 3991 omnino
2926 3935 3132 3991 frustra
3158 3934 3407 3989 futurum
3442 3934 3661 4005 aliquod

2074 4026 2343 4096 judicium
2406 4034 2820 4096 exspectaretur
2877 4024 3045 4095 (quod
3099 4034 3279 4079 tamen
3330 4039 3360 4078 a
3406 4039 3661 4094 suprema

2078 4116 2344 4185 sapientia
2394 4126 2449 4169 et
2498 4130 2630 4169 cura
2675 4115 2860 4169 divina
2899 4114 3243 4183 ordinatur);
3278 4114 3374 4169 sed
3437 4115 3663 4184 insuper

2076 4206 2374 4260 violentum
2417 4205 2546 4276 quid
2592 4213 2649 4260 et
2689 4205 3009 4261 coactitium
3057 4204 3371 4271 videretur,
3426 4218 3457 4258 a
3512 4206 3658 4260 malo

2083 4297 2455 4363 abstinuisse;
2518 4297 2565 4352 si
2634 4296 2922 4352 horrerent
2957 4297 3337 4367 delinquentes
3364 4311 3396 4352 e
3428 4297 3657 4368 vestigio

2078 4403 2295 4457 semper
2309 4404 2544 4459 sequens
2570 4397 2625 4444 et
2652 4387 2937 4444 adhaerens
2965 4389 3331 4459 supplicium;
3356 4404 3470 4460 quo
3494 4399 3655 4459 pacto

2076 4482 2249 4547 ﬁeret,
2290 4490 2347 4536 ut
2390 4496 2497 4536 non
2546 4481 2613 4536 de
2643 4480 2909 4536 electione
2943 4482 3184 4537 melioris
3210 4484 3517 4546 sententiae,
3558 4481 3656 4537 sed

2075 4582 2219 4629 metu
2263 4573 2468 4643 potius,
2516 4582 2571 4628 et
2613 4573 2921 4639 timiditate,
2952 4588 2982 4627 a
3011 4573 3156 4628 malo
3193 4573 3601 4628 deterrerentur
3638 4590 3653 4626 :

2075 4664 2287 4719 accedit
2334 4662 2481 4735 quod
2530 4664 2750 4719 virtutis
2777 4664 3043 4732 operatio,
3074 4680 3182 4718 non
3226 4679 3292 4719 ex
3325 4664 3512 4733 aliquo
3542 4664 3656 4719 vir-

2077 4755 2210 4810 tutis
2261 4763 2533 4825 respectu,
2566 4754 2661 4810 sed
2698 4754 2965 4810 mercedis
2997 4755 3198 4809 intuitu
3242 4756 3652 4824 susciperetur;

2079 4847 2228 4901 nulla
2284 4846 2552 4901 bonorum
2579 4861 2609 4900 a
2639 4846 2798 4901 malis
2827 4846 3108 4901 distinctio
3138 4856 3470 4901 statueretur
3506 4865 3519 4901 :
3557 4848 3650 4901 sed

390 4956 491 4995 nec
526 4941 939 5011 aquibusdam,
979 4951 1037 4997 ut
1077 4958 1304 5013 regnum
1378 4944 1642 5000 caelorum
1706 4954 2137 5013 consequantur,
2212 4952 2307 4998 aut
2354 4953 2417 4998 ut
2487 4943 2671 4998 divina
2727 4941 2983 4997 mandata
3031 4942 3378 5006 custodiant,
3436 4942 3655 4996 virtutis

387 5044 567 5103 actus,
622 5037 976 5109 ejusdemque
1026 5038 1287 5110 frequens
1329 5054 1461 5095 usus
1503 5053 1569 5094 ex
1622 5053 1808 5094 amore
1854 5039 1972 5103 Dei,
2014 5040 2516 5109 proficiscerentur.
2572 5038 2790 5110 quidam
2845 5046 3027 5094 autem
3080 5038 3134 5092 in
3186 5052 3310 5093 eum
3373 5038 3531 5092 finem
3598 5036 3651 5091 id

387 5139 630 5200 agerent,
682 5142 744 5187 ut
789 5135 1073 5205 praesentis
1103 5137 1227 5190 vitae
1269 5150 1491 5190 cursum
1540 5136 1781 5191 suaviter
1846 5137 2238 5199 transmittant,
2265 5143 2319 5188 et
2346 5135 2519 5189 beate.

462 5265 528 5336 β’.
550 5266 758 5331 Ἀλλως
772 5284 831 5320 τε
856 5266 1029 5321 καὶτὸ
1054 5269 1273 5323 πάντων
1289 5268 1594 5335 καλλιστον,
1610 5268 1733 5333 τοὺς
1755 5268 1975 5337 ἀγῶνας

391 5354 536 5425 λέγω
565 5355 651 5425 ἐφ’
682 5350 763 5420 οἷς
796 5357 845 5410 οἱ
890 5356 1092 5412 δίκαιοι
1130 5358 1363 5430 μαλιστα
1394 5357 1783 5429 στεςςάνοῦντα,
1816 5361 1968 5412 ἀναι-

2153 5268 2209 5323 2.
2236 5267 2479 5324 Ulterius
2515 5277 2699 5325 autem
2749 5267 2801 5322 id
2834 5268 2977 5338 quod
3032 5267 3191 5337 longe
3219 5265 3649 5338 pulcherrimum

2075 5369 2182 5425 est,
2217 5361 2475 5416 nimirum
2526 5360 2849 5429 certamina,
2900 5367 3122 5431 propter
3158 5374 3281 5431 quae
3327 5359 3472 5415 adita
3516 5359 3651 5432 justi

1679 5535 1915 5597 VARIIE
1954 5538 2360 5600 LECTIUNES.

392 5798 430 5854 ἀ
476 5730 493 5765 ί
531 5728 710 5870 ἒῐοῑυε
741 5729 1165 5800 ἀνακηρύτταις.
1244 5742 1271 5771 ιι
1308 5729 1378 5787 Μ.
1409 5727 1840 5804 ἁμαρτημάτων.

436 5815 526 5869 ρετ
573 5842 586 5855 .
917 5817 921 5819 “

436 5815 586 5869 ρετη.
917 5817 921 5819 λ

1952 5739 1978 5766 τ
2016 5728 2187 5794 ἄλλως
2254 5728 2408 5785 deest
2468 5727 2520 5784 in
2584 5724 2749 5785 Maio.

2863 5728 2980 5784 ιΜ.
3030 5729 3320 5803 μισθαρνία
3390 5732 3483 5785 καὶ
3546 5731 3648 5789 οὐκ
