4110 6424
453 379 554 446 871

1603 367 1864 428 PHOTII
1899 365 2405 428 PATRIARCILE
2437 367 2542 428 CP.

3595 372 3701 435 872

454 499 809 554 coronantur,
838 485 1176 548 tollerentur,
1197 481 1244 539 si
1265 492 1426 535 nemo
1461 494 1686 548 prorsus
1711 480 1876 549 hujus
1904 479 2026 533 vita:

2135 479 2352 549 ροῢντός
2375 481 2491 532 ἐστι
2519 479 2580 533 τὸ
2613 480 2818 551 μηδένα
2854 480 3059 534 τούτων
3088 479 3377 550 βουλεσθαι
3413 485 3526 545 τοῖς
3564 499 3708 556 παρ-

452 586 692 645 miseriis
745 592 798 637 et
846 576 1252 635 calamitatibus
1287 572 1717 630 conﬂictaretur.
1755 572 1864 628 Nec
1911 574 2024 626 haec

453 689 664 737 tantum
685 676 894 740 dixero,
928 671 1022 727 sed
1066 667 1316 739 adjiciam
1349 665 1401 721 id
1430 665 1573 736 quod
1600 665 1750 718 nulla
1785 665 1851 719 de
1881 664 2026 732 prio—

450 773 604 828 ribus
636 762 1205 824 demonstratiouibus
1232 769 1316 816 est
1347 757 1662 822 invalidius,
1687 767 1831 812 esset
1860 757 1963 810 hoc
1997 771 2027 810 a

453 863 563 917 Deo
587 860 678 931 qui
699 856 1025 927 supplicium
1044 869 1110 908 au
1121 862 1291 923 geret,
1310 849 1758 905 etvehemeutius
1779 847 1832 901 in
1851 845 2029 902 delin-

451 961 681 1024 quentes
703 951 782 1004 ira
809 946 1255 1002 excandesceret.
1286 941 1444 1008 Quod
1471 942 1764 1008 utrumque
1788 938 2027 992 alienum

452 1056 535 1100 est
565 1060 595 1098 a
626 1043 807 1098 divina
842 1039 1124 1102 bonitate;
1157 1036 1294 1091 velle
1332 1034 1477 1090 enim
1511 1047 1745 1088 coronas
1786 1031 2025 1098 auferre,

451 1146 505 1191 et
541 1148 755 1206 prauam
787 1129 1094 1186 machinari
1125 1128 1538 1184 acerbissimam
1566 1167 1582 1192 ,
1633 1139 1865 1194 eamque
1910 1123 2030 1179 sine

451 1229 859 1290 alleviamento,
893 1223 1212 1294 longissime
1244 1220 1449 1275 recedit
1483 1234 1513 1272 a
1545 1218 1689 1272 bono
1719 1217 2030 1271 moderato-

452 1324 528 1379 ris
553 1322 778 1387 animo;
815 1317 930 1372 lieri
955 1318 1102 1371 enim
1152 1329 1260 1368 non
1301 1319 1502 1382 potest,
1525 1311 1656 1380 quin
1700 1309 2027 1380 supplicium

451 1425 642 1470 contra
676 1417 969 1481 peccantes
1003 1404 1336 1461 inexorabile
1372 1404 1444 1458 sit
1502 1410 1768 1457 statutum
1798 1441 1812 1466 ,
1863 1411 1916 1454 et
1973 1401 2026 1454 in

451 1505 683 1563 solidum
719 1517 869 1558 mera
903 1499 1259 1554 vindemiatio
1281 1505 1604 1566 przeparata,
1647 1508 1771 1547 cum
1808 1493 1860 1546 in
1910 1501 2030 1546 tan-

455 1610 566 1656 tum
591 1596 818 1652 ebulliat
841 1590 1219 1654 beneficentia,
1255 1599 1313 1642 ut
1342 1589 1506 1641 liceat
1531 1587 1598 1640 iis
1620 1585 1714 1656 qui
1745 1585 2027 1639 honestius

453 1693 685 1748 vixerint
709 1698 762 1744 et
786 1687 1071 1758 praesentis
1101 1684 1222 1739 vita:
1252 1681 1532 1747 felicitate,
1563 1689 1616 1734 et
1639 1679 1841 1734 futuris
1870 1678 2028 1733 bonis

452 1787 678 1857 perfrui.
719 1784 824 1849 Qui
866 1797 996 1834 vero
1023 1793 1134 1833 non
1167 1779 1237 1831 ita
1261 1781 1671 1844 comparantur,
1703 1772 1881 1827 locum
1911 1785 2027 1840 pte-

2130 571 2248 624 οὖσι
2270 573 2451 636 πόνοις
2476 572 3026 641 ἐνταλαιπωρεῖσθαι.
3049 573 3121 626 Οὐ
3144 572 3304 643 μόνον
3335 573 3410 636 δὲ,
3435 574 3569 628 ἀλλά
3591 580 3706 645 καὶ,

2129 660 2156 711 ὃ
2183 660 2290 715 τῶν
2321 662 2628 733 εἰρημένων
2655 662 2867 725 οὐδενὸς
2890 663 2967 724 εἰς
2991 662 3266 728 ἀπόδειξιν
3293 663 3703 737 ἀσθενέστερον,

2130 752 2383 817 αὐξοντός
2419 755 2534 806 ἐστι
2572 753 2670 826 τὴν
2741 756 3015 826 τιμωρίαν
3060 756 3156 808 καὶ
3206 755 3706 826 ὐπεροργιζομένου

2129 845 2270 898 κατά
2309 845 2416 898 τῶν
2489 848 2934 916 ἁμαρτανόντων.
2965 842 3067 900 Ὧν
3113 847 3377 917 ἑκάτερον
3429 846 3708 919 ἀλλότριον

2128 936 2226 1006 τῆς
2253 935 2346 988 τοῦ
2371 936 2506 990 Θεοῦ
2541 939 2981 1008 φιλανθρωπίας.
3011 938 3084 992 Τό
3127 956 3188 991 τε
3244 939 3352 1010 γὰρ
3407 940 3710 1008 στεφάνους

2130 1027 2406 1098 ἀφαιρεῖν,
2432 1029 2525 1082 καὶ
2552 1029 2614 1080 τὸ
2648 1029 2984 1099 πικροτάτην
3034 1030 3129 1082 καὶ
3172 1029 3410 1101 ἄκρατον
3457 1035 3708 1102 μηχανᾶ-

2133 1117 2254 1171 σθαι
2284 1121 2577 1190 τιμωρίαν,
2609 1120 2801 1192 πόρρω
2850 1121 3158 1190 καθέστηκε
3217 1122 3314 1192 τῆς
3356 1123 3709 1190 ἀγαθοειδοῦς

2129 1209 2474 1274 ἐπιστασίας,
2505 1210 2618 1274 πῶς
2660 1211 2705 1264 δ’
2737 1211 2836 1264 οὐκ
2885 1211 2950 1264 ἂν
3009 1211 3094 1282 εἴη
3144 1214 3255 1275 τοῖς
3305 1213 3708 1283 ἁμαρτάνουσιν

2133 1301 2340 1372 σφόδρα
2375 1303 2470 1355 καὶ
2497 1302 2895 1373 ἀπαραίτητος,
2920 1303 3013 1355 καὶ
3040 1304 3160 1356 ὅλον
3202 1305 3435 1374 τρυγίας
3473 1307 3711 1376 ἄκρατος

2131 1395 2164 1463 ἡ
2195 1395 2433 1464 τιμωρία
2493 1394 2694 1464 τρόπον
2721 1397 2844 1447 τινά
2891 1397 3412 1467 παρεσκευασμένη,
3444 1398 3572 1450 ὅταν
3616 1400 3710 1450 ἐπὶ

2130 1483 2383 1536 τοσοῦτον
2427 1484 2526 1554 μὲν
2565 1484 2894 1554 ὐπέρϐλυσις
3004 1485 3102 1553 τῆς
3143 1484 3466 1553 εὐεργεσίας
3493 1525 3508 1551 ,
3565 1484 3708 1539 ὥστε

2132 1577 2252 1641 ἐξὸν
2291 1576 2513 1647 ἄμεινον
2541 1576 2814 1646 βιοῦντας,
2853 1577 2948 1628 καὶ
2975 1577 3072 1644 τῆς
3104 1575 3356 1629 ἐντεῦθεν
3383 1577 3707 1644 εὐπαθείας,

2133 1671 2224 1722 καὶ
2250 1669 2357 1722 τῶν
2383 1668 2592 1723 ἐκεῖθεν
2620 1667 2839 1738 ἀγαθῶν
2868 1667 3186 1732 ἀπολαύειν,
3243 1671 3355 1733 τοῖς
3386 1668 3442 1721 δὲ
3481 1670 3589 1722 οὐδ’
3617 1671 3710 1724 οὐ-

2129 1775 2255 1822 τως.
2294 1758 2414 1812 ἀντὶ
2447 1758 2554 1810 τῶν
2586 1758 2866 1829 χειρόνων,
2899 1757 3110 1827 αἵρεσις
3141 1757 3322 1811 ἔπεισι
3374 1759 3484 1812 τῶν
3521 1777 3706 1830 κρειτ-

454 1848 646 1934 irarum
679 1848 828 1932 subit
871 1873 1222 1943 prwmiorum
1272 1866 1496 1922 ablatio.
1555 1864 1826 1930 Quocirca
1878 1861 2023 1932 quod

2132 1852 2329 1918 τόνων;
2356 1850 2521 1902 Ὥστε
2553 1850 2636 1913 τὸ,
2670 1848 2746 1920 μὴ
2775 1849 2984 1912 πάντας
3013 1849 3141 1911 τοὺς
3172 1849 3494 1914 σπουδαίους
3517 1851 3709 1904 ἐνταῦ-

453 1987 559 2024 rion
595 1981 789 2023 omnes
813 1965 915 2019 viri
949 1963 1102 2034 probi
1125 1961 1191 2015 ad
1217 1960 1550 2014 voluntatem
1575 1971 1662 2010 res
1685 1956 1772 2010 hic
1803 1954 2026 2009 allluen-

453 2072 532 2115 tcs
567 2061 769 2113 habent
796 2073 812 2123 ;
843 2070 945 2110 nec
977 2051 1212 2121 improbi
1244 2064 1437 2104 omnes
1471 2046 1709 2102 miseriis
1743 2045 2026 2099 involvan-

455 2165 563 2217 tur,
597 2164 868 2206 summam
900 2147 1047 2201 circa
1084 2145 1382 2197 humanum
1423 2153 1603 2209 genus
1636 2135 1729 2192 Dei
1785 2149 2026 2190 amorem

450 2243 702 2299 enuntiat
753 2237 1331 2310 procurationemque.
1395 2230 1519 2286 ideo
1580 2229 1666 2284 hic
1726 2229 2028 2300 puniuntur

449 2335 673 2406 quidam
719 2331 868 2396 boni,
907 2338 967 2382 ut
1026 2324 1246 2381 coronis
1285 2324 1539 2392 deinceps
1581 2320 1940 2382 redimantur,
1969 2329 2031 2373 ut

451 2425 624 2495 magis
652 2422 717 2476 ad
743 2419 947 2476 amoris
982 2417 1076 2471 Dei
1105 2413 1521 2469 admirationem
1551 2411 1875 2475 excitentur,
1903 2423 2028 2464 cum

449 2520 532 2573 vel
567 2532 661 2588 per
690 2513 1072 2568 tribulationes
1107 2513 1369 2576 appareat
1390 2515 1444 2557 et
1484 2501 1809 2556 ell'lorescat.
1839 2499 1896 2554 Si
1927 2515 2028 2552 au-

452 2620 631 2668 temet
654 2607 786 2662 illud
822 2605 916 2659 tibi
945 2599 1169 2664 arridet,
1195 2597 1338 2669 quod
1367 2596 1585 2652 divinus
1609 2595 1808 2650 Paulus
1840 2593 2028 2656 habet,

454 2701 747 2774 adjiciam;
783 2699 839 2752 lit
877 2695 1008 2750 hinc
1054 2699 1114 2746 ut
1141 2706 1208 2744 ne
1234 2688 1398 2742 nimis
1437 2685 1737 2744 elierantur
1771 2685 1896 2754 ipsi,
1930 2700 2030 2739 nec

453 2793 626 2847 multo
644 2787 974 2860 quibusdam
995 2782 1278 2836 vidcantur
1306 2778 1675 2847 angustiores,
1694 2792 1858 2847 quam
1883 2775 2029 2846 quod

456 2883 632 2940 oculis
672 2887 1034 2949 usurpantur.

523 2977 576 3030 '5.
609 2974 690 3028 Tu
725 2971 857 3028 mihi
894 2969 1060 3023 etiam
1091 2977 1137 3017 et
1178 2963 1311 3017 illud
1351 2961 1550 3032 cogita,
1576 2961 1619 3015 si
1654 2959 1852 3032 placet,
1882 2955 2029 3029 quod

453 3082 578 3122 cum
612 3063 846 3122 summis
877 3059 1173 3129 etquidem
1220 3053 1652 3110 defaecatissirnis
1687 3049 1904 3104 virtutis
1936 3064 2032 3102 vo-

2130 1939 2196 1992 θα
2213 1940 2301 1992 τὸν
2333 1938 2444 2009 βίον
2471 1939 2614 2009 ἔχειν
2637 1941 2695 1991 ἐν
2723 1938 2930 2008 εὐροίᾳ,
2958 1939 3093 2009 μηδέ
3119 1942 3244 2003 τοὺς
3276 1940 3512 2008 φαύλους
3539 1942 3712 1996 ᾶπαν-

2128 2049 2225 2094 τας
2253 2032 2311 2084 ἐν
2332 2031 2698 2101 ταλαιπωρίᾳ,
2725 2033 2824 2104 τῆς
2852 2031 3027 2104 ἄκρας
3057 2031 3174 2084 ἐστὶ
3207 2033 3335 2104 περὶ
3389 2034 3451 2086 τὸ
3498 2033 3710 2104 ἀνθρὼ-

2130 2140 2284 2177 πινον
2313 2122 2723 2195 φιλανθρωπίας
2750 2140 2807 2176 τε
2850 2124 2943 2176 καὶ
2983 2123 3331 2194 κηδεμονίας.
3372 2126 3707 2190 Κολάζονται

2132 2216 2313 2269 τοίνυν
2353 2216 2586 2270 ἐνταῦθά
2610 2233 2754 2280 τινες
2778 2216 2888 2268 τῶν
2922 2216 3020 2287 μὲν
3047 2219 3374 2282 σπουδαίων,
3402 2219 3494 2272 ἐπὶ
3511 2222 3577 2290 τῇ
3603 2220 3712 2272 τῶν

2133 2309 2415 2375 στεφάνων
2449 2309 2736 2380 ἀπολήψει,
2773 2310 2865 2362 καὶ
2905 2309 2992 2362 ἵνα
3040 2311 3241 2381 μᾶλλον
3280 2313 3463 2374 αὐτοῖς
3506 2311 3534 2362 ὁ
3571 2311 3713 2376 θεῖος

2131 2394 2270 2465 ἔρως
2325 2395 2631 2466 θαυμαστὸς
2657 2407 2707 2463 3’,
2765 2399 2950 2468 ἡλίκος
3009 2401 3111 2451 κάν
3167 2404 3285 2464 ταῖς
3359 2401 3603 2470 θλίψεσιν
3647 2402 3712 2455 ἂν

2131 2487 2396 2558 ἀκμάζων
2428 2489 2837 2544 ἐπιδεικνύοιτο.
2867 2492 2929 2548 Εἰ
2958 2491 3140 2561 βούλει
3174 2492 3228 2545 δὲ
3261 2495 3354 2546 καὶ
3389 2494 3477 2547 ἵνα
3509 2495 3604 2564 μὴ,
3636 2495 3712 2559 ὡς

2130 2583 2158 2634 ὁ
2179 2580 2321 2644 θεῖος
2341 2581 2548 2645 nam;
2564 2585 3185 2656 φησιν,ὐπεραίρωνται,
3210 2587 3344 2657 μηδέ
3364 2604 3426 2655 γε
3459 2587 3703 2657 μείζους,

2133 2674 2275 2744 ὑπὲρ
2308 2675 2335 2728 ὂ
2363 2677 2616 2746 ὁρῶνται.
2652 2679 2778 2748 παρ’
2807 2679 2972 2744 ἐνίοις
2998 2679 3347 2752 νομίζωνται.

2203 2939 2272 3010 γ’.
2293 2941 2364 2994 Σύ
2383 2941 2438 2994 δέ
2460 2959 2548 3012 μοι
2574 2941 2752 3008 εύνες,
2772 2956 2819 2995 ει
2837 2955 3041 3014 power,
3062 2947 3154 2999 καὶ
3174 2946 3309 2999 διότι
3335 2949 3598 3018 μεγάλαις
3619 2954 3714 3005 καὶ

2134 3032 2402 3103 καθαραῖς
2421 3033 2632 3104 ἡδοναῖς
2650 3036 2769 3097 ταῖς
2794 3035 2913 3087 κατ’
2934 3036 3136 3106 ἀρετὴν
3154 3039 3463 3109 ἐντρυφῶσι
3485 3043 3579 3094 καὶ
3598 3043 3714 3097 δια-

451 3157 759 3230 luptatibus
792 3125 996 3224 perfusi
1037 3150 1195 3220 quasi
1246 3147 1543 3208 luxuriant,
1594 3159 1692 3214 par
1718 3152 1772 3196 et
1812 3156 2028 3210 atquum

2132 3125 2363 3195 χέωνται
2387 3135 2409 3161 ι
2433 3126 2640 3180 δίκαιον
2660 3139 2686 3167 ιι
2717 3129 2783 3180 ἂν
2813 3125 2941 3193 εἷεν,
2977 3129 3171 3202 ῶσπερ
3197 3133 3452 3202 στύφοντί
3486 3153 3590 3188 τινι
3617 3141 3714 3192 καὶ

454 3206 640 3318 ῐυὲιδίι,
672 3258 733 3304 ιιι
759 3247 905 3318 potio
926 3243 1074 3299 velut
1101 3242 1506 3310 constringens,
1529 3245 1584 3292 et
1607 3236 1925 3306 constipans
1960 3235 2028 3289 iis

2135 3219 2418 3286 συνάγοντι
2444 3220 2725 3291 ’φαρμάκῳ
2752 3223 3105 3292 προσομιλεῖν
3152 3224 3294 3297 [καῖ]
3325 3231 3443 3291 ταῖς
3467 3228 3680 3299 θλίψεσι
3698 3248 3709 3260 °

453 3347 878 3418 propinaretur,
935 3340 1037 3393 hoc
1103 3343 1188 3390 est
1253 3343 1314 3388 ut
1374 3332 1607 3386 subeant
1672 3328 2026 3393 alllictiones;

453 3447 736 3512 prseterea,
781 3448 847 3488 eo
881 3431 1026 3502 quod
1065 3428 1252 3483 divina
1289 3425 1461 3496 gratia
1507 3423 1682 3477 multo
1719 3421 1892 3490 magis
1937 3435 2032 3489 per

454 3535 698 3600 ipsorum
732 3524 1080 3581 infirmitates
1114 3517 1397 3580 clucescit,
1449 3524 1506 3571 et
1532 3515 1762 3569 habetur
1794 3513 2033 3568 admira-

455 3620 610 3676 tioni.
642 3617 785 3683 Quin
820 3613 1049 3669 ulterius
1079 3611 1143 3665 ad
1175 3615 1612 3665 consummatam
1645 3604 1900 3674 nequitiae
1930 3619 2030 3673 pu-

454 3713 815 3770 defactionem
850 3715 904 3761 et
935 3703 1362 3775 dcpressionem,
1387 3714 1510 3754 cum
1541 3697 1635 3767 qui
1667 3696 2027 3750 certaminum

453 3817 677 3860 suorum
719 3808 772 3855 et
803 3797 1168 3854 tentationum
1215 3791 1510 3848 sudoribus
1555 3788 1844 3852 dillluunt,
1896 3787 2031 3841 nihil

453 3898 521 3952 de
545 3893 763 3948 virtutis
801 3888 1009 3944 tenoris
1042 3884 1391 3948 remiserint,
1445 3895 1546 3935 nec
1598 3877 1823 3933 mollitie
1872 3876 2029 3932 fracti

454 3986 678 4051 fuerint,
711 3983 1009 4053 quominus
1062 3978 1265 4033 inirent
1288 3975 1731 4032 colluCIationem
1760 3990 1772 4026 :
1799 3973 1892 4027 sed
1931 3986 2031 4027 nec

454 4073 937 4150 indiscriminatim
967 4087 1159 4127 omnes
1187 4079 1243 4126 et
1274 4068 1605 4124 tentationes
1645 4065 2027 4122 transmittan—

454 4181 564 4236 tur,
594 4185 664 4225 ne
692 4167 786 4239 qui
811 4172 940 4222 sunt
967 4162 1323 4230 inﬁrmiores,
1351 4158 1774 4231 cogitationibus
1798 4167 2027 4212 contur-

452 4267 647 4318 hentur
683 4260 751 4315 dc
796 4255 1177 4329 providentia;
1207 4252 1584 4323 improborum
1623 4250 1789 4304 etiam
1834 4247 2026 4318 aliqui,

451 4353 545 4422 qui
585 4350 841 4406 nimirum
875 4358 985 4400 tam
1019 4343 1316 4400 enormiter
1350 4357 1461 4398 non
1491 4339 1860 4410 deliquerunt,
1907 4336 2029 4391 ideo

452 4446 764 4515 plectuntur
792 4478 808 4504 ,
866 4446 924 4490 ut
979 4445 1279 4506 purgentur
1311 4433 1557 4502 ipsorum
1594 4428 1817 4494 sordes;
1860 4427 2026 4498 aliqui

451 4544 633 4592 autem
661 4533 726 4587 ad
751 4528 1124 4586 extensionem
1167 4525 1341 4595 magis
1363 4523 1614 4579 acerbam
1643 4521 1873 4576 rationis
1905 4521 2028 4576 red-

452 4628 642 4685 denda:
668 4625 798 4681 olim
821 4636 1012 4678 eorum
1040 4633 1163 4689 quae
1192 4618 1246 4672 in
1275 4619 1384 4672 vita
1411 4624 1687 4686 patrarant
1716 4613 1899 4682 impie,
1917 4627 2029 4683 quo

454 4715 618 4770 etiam
639 4715 746 4767 line
765 4709 1170 4779 insipientiores
1191 4705 1587 4776 persentiscere
1607 4712 1830 4774 queant,
1853 4718 2031 4771 quan-

457 4817 572 4862 tum
602 4806 729 4861 odio
755 4813 841 4859 est
863 4800 1183 4871 improbitas
1209 4797 1340 4852 Deo.
1366 4796 1485 4852 Non
1523 4811 1713 4851 omnes
1741 4810 1927 4865 porro,
1961 4811 2029 4849 ne

456 4897 613 4952 liberi
640 4895 853 4951 arbitrii
906 4891 1150 4948 studium
1184 4898 1238 4945 et
1279 4888 1586 4952 industria,
1628 4886 1831 4953 frustra
1859 4886 2030 4942 fuisse

455 4987 759 5042 adhibitum
813 4983 1209 5044 convincatur;
1259 4987 1319 5032 ut
1355 4977 1639 5048 potestatis
1697 4992 1820 5046 quae
1876 4975 2028 5030 adest

458 5079 693 5150 puritas,
723 5073 1193 5144 etimperrnistio,
1226 5071 1388 5125 simul
1433 5085 1556 5124 cum
1581 5069 1818 5123 utilitate
1855 5069 2031 5121 mani-

459 5170 710 5231 festetur,
739 5182 861 5238 qua:
883 5165 1110 5219 resultat
1137 5161 1208 5216 ab
1235 5162 1432 5216 divina:
1462 5160 1597 5229 legis
1620 5159 2032 5226 observatione;

457 5265 522 5316 de
539 5277 646 5330 qua
665 5259 884 5331 quidem
908 5255 1289 5311 observatione
1309 5253 1574 5323 judicium
1609 5260 1822 5321 oportet
1844 5265 2036 5305 omnes

457 5368 509 5408 et
542 5353 785 5424 singulos
826 5349 1010 5406 subire
1056 5348 1108 5401 in
1157 5345 1344 5401 futuro
1379 5345 1599 5400 saeculo.
1640 5343 1875 5409 Rursus.
1911 5358 2034 5398 cum

455 5448 639 5517 quiete
667 5453 722 5500 et
751 5443 1009 5498 felicitate
1037 5438 1193 5494 multi
1239 5437 1338 5491 viri
1368 5437 1503 5508 justi
1552 5437 1672 5493 ideo
1719 5437 1946 5501 vivunt,
1983 5442 2042 5488 ut

2054 4550 2108 4609 D

2135 3309 2232 3363 καὶ
2259 3311 2341 3362 ὅτι
2367 3313 2400 3381 ἡ
2427 3311 2520 3363 τοῦ
2553 3311 2688 3364 Θεοῦ
2725 3313 2890 3382 χάρις
2937 3314 3026 3366 διὰ
3066 3316 3166 3386 τῆς
3200 3317 3486 3382 ἀσθενείας
3534 3322 3715 3374 αὐτῶν

2135 3403 2298 3456 πλέον
2324 3403 2594 3473 ἐκλάμπει
2628 3405 2721 3457 καὶ
2748 3404 3112 3474 θαυμάζεται.
3155 3409 3317 3462 Ἀλλά
3361 3413 3454 3464 καὶ
3493 3415 3575 3476 είς
3619 3431 3713 3466 τε-

2133 3493 2282 3546 λείαν
2312 3493 2574 3564 αἰσχύνην
2600 3495 2694 3546 τοῦ
2729 3497 2966 3566 πονηρού
3001 3498 3092 3550 καὶ
3117 3499 3492 3562 κατάπτωσιν,
3519 3500 3598 3554 ὅτι
3619 3502 3714 3554 καὶ

2132 3586 2244 3647 τοῖς
2268 3585 2377 3636 τῶν
2435 3586 2761 3655 πειρασμῶν
2807 3587 2994 3658 ἱδρῶσι
3056 3591 3532 3660 περισταζόμενοι,
3585 3592 3710 3644 οὐτε

2132 3675 2223 3728 τὸν
2271 3676 2368 3746 τῆς
2396 3676 2597 3747 ἀρετῆς
2632 3678 2787 3730 τόνον
2819 3679 3037 3743 ἔλυσαν,
3070 3681 3182 3733 οὐδ’
3214 3685 3292 3745 είς
3335 3683 3433 3752 τὴν
3465 3683 3586 3735 κατ’
3608 3685 3710 3736 αὐ-

2131 3766 2226 3820 τοῦ
2271 3769 2447 3837 πάλην
2501 3768 3080 3841 κατεμαλακίσθησαν.
3119 3775 3194 3826 Οὐ
3255 3775 3456 3837 πάντες
3511 3776 3566 3828 δὲ
3597 3780 3711 3840 ταῖς

2136 3863 2460 3930 πειρασμοῖς
2483 3861 2891 3932 παραδίδονται,
2917 3864 3003 3916 ἵνα
3034 3866 3108 3935 μὴ
3131 3868 3244 3929 τοῖς
3278 3867 3708 3941 ἀσθενεστέροις,

2132 3952 2272 4004 κατά
2317 3953 2414 4022 τῆς
2468 3957 2727 4024 προνοίας
2750 3995 2766 4021 ,
2803 3957 2852 4009 οἱ
2885 3957 3141 4027 λογισμοὶ
3180 3961 3666 4031 συνταράσσωνται
3692 3981 3706 3994 ·

2132 4044 2452 4110 κολάζονται
2474 4047 2530 4100 δέ
2563 4048 2789 4102 καὶτῶν
2813 4049 3037 4126 φαύλων
3069 4054 3117 4105 οἱ
3149 4055 3247 4124 μὲν
3278 4056 3374 4107 ἐπὶ
3441 4057 3711 4128 καθάρσει

2135 4137 2516 4208 μολυσμάτων,
2542 4140 2689 4202 ὅσοις
2729 4141 3098 4212 μετριώτερόν
3129 4161 3180 4196 τι
3231 4144 3630 4216 διημάρτηται’
3664 4150 3715 4199 οἱ

2131 4228 2210 4292 δὲ,
2253 4231 2332 4292 είς
2363 4231 2675 4299 παράτασιν
2706 4231 2734 4269 ιι
2765 4231 2858 4284 τοῦ
2910 4236 3250 4304 πικροτέραν
3278 4236 3460 4299 αὐτοῖς
3497 4238 3713 4302 πάντως

2131 4319 2457 4374 ἀποκεῖσθαι
2481 4320 2590 4373 τῶν
2641 4320 2991 4391 βεϐιωμένων
3039 4323 3249 4376 ἐκεῖθεν
3275 4325 3374 4396 τὴν
3406 4326 3710 4399 εἴσπραξιν,

2133 4413 2226 4465 καὶ
2260 4413 2348 4466 ἵνα
2407 4414 2500 4464 καὶ
2559 4417 2668 4476 τοῖς
2713 4413 2963 4484 ἀνοήτοις
2993 4418 3092 4487 τῆς
3127 4416 3222 4469 τοῦ
3249 4417 3386 4470 Θεοῦ
3418 4436 3715 4491 μισοπονη-

2137 4503 2257 4575 ρίας
2288 4504 2644 4575 συναίσθησις
2672 4507 2918 4576 γένηται.
2957 4509 3032 4560 Οὐ
3055 4511 3255 4571 πάντες
3278 4510 3356 4574 δὲ,
3389 4509 3480 4564 ἵνα
3505 4511 3580 4582 μὴ
3612 4513 3716 4582 μά-

2133 4613 2232 4666 την
2252 4595 2347 4649 τοῦ
2382 4597 2730 4661 αὐτεξουσίου
2753 4598 3066 4672 ἀπελεγχθῇ
3093 4601 3153 4654 τὸ
3183 4601 3466 4672 φιλότιμον
3482 4619 3496 4634 '
3521 4606 3616 4658 καὶ
3629 4605 3714 4659 ἵνα

2130 4693 2372 4766 καθαρὴν
2399 4692 2649 4758 ἐξουσίας
2682 4694 2778 4747 καὶ
2841 4695 3107 4765 ἀμίαντον
3165 4697 3560 4770 συναποδειχθῇ
3616 4700 3716 4765 τῆς

2127 4786 2235 4838 τῶν
2289 4786 2522 4840 ἐντολῶν
2574 4786 2898 4856 νομοθεσίας
2946 4787 3008 4840 τὸ
3039 4798 3061 4826 ο
3093 4787 3367 4858 ὠφέλιμον
3393 4805 3405 4818 ’
3444 4792 3537 4843 καὶ
3581 4790 3717 4843 διότι

2134 4880 2285 4951 μένει
2315 4879 2374 4931 τὸ
2409 4878 2589 4933 κοινὸν
2622 4879 2832 4933 ἐκεῖθεν
2867 4881 2963 4934 καὶ
2994 4881 3214 4935 πάντων
3250 4883 3550 4954 κριτήριον.
3583 4883 3717 4934 Πολι

2128 4972 2213 5024 λοὶ
2249 4971 2305 5025 δέ
2335 4972 2498 5025 πάλιν
2529 4976 2586 5027 ἐν
2617 4972 2893 5044 εὐπαθείᾳ
2940 4973 3191 5041 διάγουσι
3221 4974 3328 5027 τῶν
3355 4976 3452 5047 μὲν
3469 4975 3714 5041 δικαίων,

2133 5065 2480 5136 παράκλησις
2509 5067 2603 5120 καὶ
2630 5066 2933 5138 παραψυχὴ
2983 5068 3080 5121 καὶ
3131 5067 3306 5119 κοινὸν
3357 5068 3563 5136 ἀγαθὸν
3606 5072 3719 5132 τοῖς

2133 5157 2361 5228 πλησίον
2388 5161 2763 5230 προκείμενοι,
2799 5161 2895 5213 καὶ
2927 5163 3007 5224 εἰς
3039 5160 3337 5232 ἀρραϐῶνα
3362 5161 3462 5232 τῆς
3494 5160 3719 5230 μελλούο

2139 5268 2242 5322 σης
2267 5251 2642 5316 ἀπολαύσεως,
2681 5254 2775 5308 καὶ
2813 5254 2901 5307 ἵνα
2923 5253 3015 5306 τὸν
3047 5252 3320 5324 ἀλάθητον
3352 5253 3717 5307 πιστεύσωσιν

2140 5343 2416 5413 ὀφθαλμὸν
2447 5344 2542 5398 καὶ
2571 5345 2638 5398 τά
2666 5344 2900 5401 ἐνταῦθα
2933 5343 3282 5401 ἐποπτεύειν.
3313 5346 3386 5397 Οὐ
3415 5343 3615 5406 πάντες
3637 5344 3717 5405 δὲ,

2151 5436 2239 5489 ἵνα
2278 5438 2353 5506 μὴ
2379 5439 2702 5507 προσκαίρῳ
2736 5436 2916 5506 μισθῷ
2950 5436 3049 5504 τῆς
3083 5437 3287 5508 ἀρετῆς
3334 5437 3368 5509 ἡ
3407 5436 3565 5508 χάρις
3595 5435 3719 5508 δόξῃ

1736 5637 1966 5734 VARI/f3
2006 5635 2409 5694 LECTIONES.

561 5834 587 5874 1
619 5827 706 5881 ἵσ.
743 5827 850 5896 εἴη.
931 5837 952 5863 ι
986 5827 1053 5883 Μ.
1085 5827 1405 5896 διαχέονται.
1485 5838 1507 5866 δι
1543 5823 1612 5877 Μ.
1639 5840 1730 5891 γρ.
1759 5821 1977 5875 δίκαιοι.

2058 5819 2085 5860 δ
2113 5818 2186 5873 Μ.
2221 5819 2593 5891 παράστασιν.

2673 5832 2693 5858 ο
2729 5819 2798 5872 Μ.
2849 5835 2960 5874 οιιι.
3015 5821 3097 5877 τό.
