4110 6442
461 453 529 515 73
1361 455 1460 514 AD
1494 451 2086 516 AMPIIILOCHIUM
2125 453 2470 527 QUIESTIO
2504 457 2816 516 CLXXIII.
3590 453 3694 516 874

423 564 733 618 διαλύεσθαι
762 582 776 595 ·
810 567 902 618 καὶ
924 567 1012 620 ἵνα
1047 567 1121 637 μὴ
1155 563 1437 636 βαρυτάτη
1477 569 1572 620 καὶ
1613 569 1851 636 ἄκρατος
1891 571 2002 630 τοῖς

2116 570 2481 624 consolationi
2509 609 2524 632 ,
2578 568 2982 638 refrigerationi
3009 609 3022 632 ,
3072 577 3127 623 et
3162 567 3442 623 communi
3475 567 3692 621 cuidam

424 659 888 732 παρολισθοῦσιά,
918 665 1122 732 τρόπον
1167 661 1322 728 τινὰ,
1359 662 1862 732 παρεσκευασμένη
1920 663 2005 733 εῖη

2117 661 2409 716 commodo
2458 661 2762 715 inserviant
2822 661 3015 716 vicinis
3081 662 3233 724 suis,
3299 670 3355 714 et
3395 659 3448 713 in
3503 659 3697 728 pignus

423 755 457 824 ἡ
486 755 752 824 τιμωρία,
785 757 883 811 ἆτε
909 756 976 826 δὴ
1025 753 1310 820 παντελῶς
1351 758 1429 820 είς
1465 755 1878 826 ἀναπολόγητον
1913 755 2006 809 αὺ-

2117 758 2317 810 fnturae
2401 752 2828 815 obieetationis,
2929 761 2990 805 ut
3073 751 3295 806 oculum
3373 750 3700 804 conﬁrment

422 849 534 910 τοῖς
569 849 1000 919 περιισταμένης
1062 848 1163 918 τῆς
1213 847 1511 919 ἁμαρτίας.
1565 847 1632 900 Τί
1667 848 1797 930 γὰρ,
1829 845 1952 911 ἐξὸν
1984 858 2006 886 θ

2116 848 2275 902 aliter
2322 846 2652 915 dispositum
2681 886 2694 910 ,
2753 844 2820 899 ad
2867 853 3020 899 recte
3064 859 3193 918 _quze
3238 845 3329 898 hic
3380 844 3517 897 Iittnt
3577 858 3699 911 per-

425 939 706 992 κάνταῦθα
768 941 1047 1008 κάκεῖθεν,
1093 943 1151 994 ὲν
1197 940 1465 1019 εύπαθείᾳ
1526 939 1775 1008 διάγειν;
1812 940 1876 992 σὺ
1934 939 2006 1004 δὲ,

2113 939 2515 1009 stringendum.
2591 935 2710 991 Non
2761 951 2953 992 omnes
3010 948 3207 1006 porro,
3269 950 3336 989 ne
3366 935 3537 1004 gratia
3579 947 3701 1002 quae

428 1031 566 1100 μετά
619 1035 717 1103 τῆς
767 1033 1113 1104 ἑκατέρωθεν
1160 1035 1373 1103 ποινῆς,
1417 1033 1528 1088 τῶν
1563 1035 1890 1105 κρειττόνων
1915 1033 2006 1104 ὴλ-

2115 1033 2300 1086 virtuti
2332 1031 2584 1094 debetur,
2621 1030 2900 1100 persoluta
2937 1027 3109 1083 fuisse
3153 1037 3374 1097 putetur
3401 1067 3415 1089 ,
3477 1035 3697 1094 accepta

423 1122 570 1188 λάξω
629 1125 698 1177 τὰ
737 1127 956 1195 χείρονα
983 1143 996 1156 ⁸
1034 1127 1170 1198 μηδὲ
1223 1126 1499 1199 ὑπερϐολὴ
1555 1129 1946 1198 χρηστότητος,
1981 1129 2006 1196 ή

2115 1122 2366 1178 mercede
2416 1122 2742 1191 temporali;
2785 1133 2948 1190 atque
2978 1130 3036 1175 ut
3081 1136 3147 1174 ne
3197 1119 3524 1188 supplicium
3567 1118 3699 1172 illud

421 1216 530 1269 τῶν
586 1218 933 1289 είσπράξεων
994 1219 1273 1291 ὑπερϐολὴ
1343 1221 1802 1290 μεμηχανημένη,
1866 1217 2006 1289 νομί·

2116 1215 2504 1285 gravissimum
2537 1231 2638 1270 nec
2661 1214 3028 1268 intertnistum
3056 1212 3359 1266 secundum
3387 1224 3697 1266 mensuram

421 1307 588 1372 ξοιτοο
2120 1307 2414 1378 quamdam
2443 1307 2693 1362 videatur
2725 1307 3111 1362 aberrantibus
3153 1312 3474 1376 apparatum
3507 1302 3702 1357 intole-

424 1403 671 1468 rabilem,
705 1420 769 1459 ac
812 1406 857 1459 si
905 1405 1052 1460 nulla
1088 1416 1321 1462 restaret
1370 1405 1438 1460 de
1475 1408 1716 1477 peccatis
1780 1405 2087 1462 adhibenda
2129 1405 2416 1476 apologia;
2449 1420 2715 1474 quorsum
2742 1419 2891 1468 vero,
2918 1405 3103 1464 ethic,
3130 1405 3258 1459 etin
3285 1402 3471 1456 futuro
3501 1399 3702 1455 saeculo

418 1493 607 1549 liceret
640 1497 707 1550 ad
743 1499 1079 1554 voluntatem
1113 1499 1340 1554 vivere?
1385 1501 1464 1553 'l'tt
1497 1501 1718 1570 quidem
1749 1509 1870 1568 post
1932 1513 2148 1569 prauam
2187 1498 2448 1553 utrolibet
2513 1497 2909 1564 constitutam,
2980 1513 3080 1566 pro
3147 1495 3466 1550 melioribus
3515 1490 3699 1561 pejora

423 1589 915 1653 permutastignec
945 1589 1204 1644 bonitatis
1227 1591 1750 1660 superabundantia,
1811 1589 2092 1661 exigendae
2149 1589 2374 1645 rationis
2423 1599 2740 1659 comparata
2807 1589 3347 1659 superabttndantize,
3405 1587 3700 1658 hyperbole

424 1686 725 1745 reputetur.

493 1769 557 1826 δ’.
578 1772 853 1838 Ὡσαύτως
873 1774 930 1828 δὲ
955 1773 1180 1829 καὶτῶν
1203 1775 1405 1829 ἀδίκων
1432 1777 1646 1840 πολλοῖς
1666 1777 1735 1830 τὰ
1753 1777 1997 1848 παρόντα

2171 1773 2226 1827 4.
2255 1770 2516 1825 Similiter
2541 1779 2592 1824 et
2631 1767 2872 1824 secundo
2918 1783 3104 1833 cursu,
3154 1768 3323 1821 multa
3356 1765 3409 1819 in
3448 1768 3699 1836 prtesenti

421 1861 564 1916 κατά
593 1861 721 1933 ῥοῦν
756 1863 1004 1932 φέρεται,
1034 1864 1119 1917 ἴνα
1140 1863 1195 1917 εί
1213 1881 1263 1917 τι
1290 1865 1706 1934 καλοκάγαθίας
1734 1865 1876 1937 ἴχνος
1907 1867 2006 1921 αὐ-

418 1955 532 2017 τοῖς
581 1953 910 2026 διεπράχθη,
943 1955 1195 2010 ἐντεῦθεν
1226 1950 1327 2010 ὦσι
1368 1958 1466 2026 τὴν
1511 1958 1863 2028 ἀντιμισθίαν
1901 1959 2008 2012 ἀπ-

421 2045 727 2114 ειληφότες,
765 2046 1164 2119 ὲξασθενούσης
1190 2049 1287 2118 τῆς
1317 2049 1569 2121 πράξεως
1586 2049 2008 2121 παρατείνεσθαι

422 2139 559 2209 πρὸς
587 2138 684 2208 τὴν
713 2139 930 2192 ἐκεῖθεν
961 2139 1392 2210 μισθαποδοσίαν
1420 2158 1432 2172 ’
1467 2145 1515 2195 εί
1549 2141 1567 2181 τ
1600 2142 1656 2195 δὲ
1692 2145 1784 2196 καί
1817 2144 1902 2196 ἵνα
1933 2143 2008 2214 μὴ

421 2230 699 2300 πρόφασιν
723 2229 826 2299 τῆς
863 2233 1204 2302 κακουργίας
1226 2232 1330 2304 τὴν
1359 2233 1741 2304 ταλαιπωρίαν
1777 2235 2010 2307 προϐάλ-

421 2323 640 2377 λωνται.
668 2323 784 2376 Οὐκ
813 2325 894 2387 είς
928 2325 1136 2389 πάντας
1167 2324 1225 2378 δὲ
1266 2325 1451 2378 αὐτῶν
1507 2326 1576 2379 τὰ
1636 2326 1737 2395 τῆς
1791 2326 2008 2390 εὐθείας

420 2417 822 2486 διαϐιϐάζεται,
855 2420 940 2472 ἵνα
971 2419 1046 2489 μὴ
1074 2422 1106 2491 ὴ
1134 2421 1234 2490 τῆς
1263 2419 1464 2482 κακίας
1481 2419 1690 2490 τρίϐος,
1721 2421 1812 2473 ἐπὶ
1843 2420 2005 2473 πλέον

422 2509 854 2581 ἀνευρυνομένη,
885 2510 1112 2574 πολλοὺς
1153 2510 1360 2583 ἐλκύσῃ
1392 2510 1528 2580 πρὸς
1560 2510 1833 2580 βάραθρον
1865 2527 1877 2539 ·
1915 2510 2009 2563 καὶ

422 2603 511 2656 ἵνα
543 2601 618 2673 μὴ
649 2601 785 2670 πρὸς
815 2601 1157 2671 ἀναλγησίαν
1220 2601 1301 2653 ἔτι
1339 2601 1540 2671 μᾶλλον
1569 2600 1619 2654 οἱ
1670 2601 2011 2672 φιλαμαρτή-

425 2710 584 2762 μονες
609 2691 965 2756 ἀποκλίνωσι,
989 2694 1082 2745 καὶ
1113 2694 1145 2764 ὴ
1173 2693 1293 2746 θεία
1325 2692 1506 2762 ψῆφος
1528 2695 1642 2755 τοῖς
1673 2692 1892 2757 πολλοῖς
1925 2692 2007 2756 είς

421 2778 619 2849 χλεύην
658 2777 957 2850 νομίζοιτο.
995 2781 1106 2833 Καὶ
1165 2781 1336 2851 μυρία
1369 2780 1504 2834 ἄλλα
1541 2780 1610 2834 δι’
1640 2774 1714 2834 ὦν
1740 2782 1838 2852 τῆς
1872 2799 2010 2852 προ-

423 2871 571 2934 νοίας
595 2870 654 2923 τὸ
683 2871 1029 2942 ἀγαθουργὸν
1057 2890 1116 2925 τε
1147 2874 1241 2926 καὶ
1273 2873 1437 2943 σοφὸν
1493 2875 1590 2928 καὶ
1629 2875 1770 2944 ὑπὲρ
1801 2874 2012 2946 ἀνθρω-

421 2964 584 3035 πίνην
607 2964 791 3035 κρίσιν
817 2981 877 3016 τε
904 2965 1001 3018 καὶ
1023 2965 1274 3034 μεθοδίαν
1292 2966 1319 3006 ⁸
1352 2967 1449 3018 καὶ
1475 2966 1704 3038 ἔρευναν
1735 2967 1849 3020 ἔστι
1879 2967 2009 3021 θεά-

423 3057 641 3110 σασθαι.
673 3054 898 3120 Τούτοις
945 3056 1042 3109 καὶ
1089 3059 1204 3120 τοῖς
1241 3056 1508 3121 τοιούτοις
1541 3057 1885 3128 ὲμμελετῶν,
1915 3061 2008 3113 καὶ

420 3149 546 3208 τοὺς
600 3147 897 3216 λογισμοὺς
958 3147 1462 3219 ἐγγυμναζόμενος,
1498 3149 1599 3219 τῆς
1648 3149 1911 3220 δοκούσης
1945 3155 2004 3206 ὲν

420 3241 530 3302 τοῖς
561 3240 828 3311 παροῦσιν
853 3241 1170 3313 ἀνωμαλίας
1199 3243 1294 3295 καὶ
1317 3242 1638 3312 συγχύσεως
1660 3245 1856 3297 σαυτὸν
1871 3248 2004 3299 ἀνα-

420 3328 688 3400 λάμϐανε,
745 3333 841 3385 καὶ
873 3331 943 3384 τὰ
972 3331 1101 3403 περὶ
1143 3333 1294 3402 ἡμᾶς
1323 3331 1506 3402 πάθη,
1542 3335 1637 3386 καὶ
1663 3333 1775 3386 τῶν
1804 3351 2004 3405 πειρα-

421 3425 631 3495 σμῶνὴ
661 3425 936 3495 συνέχεια,
973 3425 1139 3496 μηδέν
1169 3443 1228 3478 σε
1262 3424 1404 3478 κατὰ
1428 3427 1526 3494 τῆς
1556 3427 1817 3496 προνοίας
1847 3427 2006 3481 ὁπλι-

419 3517 580 3581 ζέτω.
619 3518 742 3570 Εἴτε
774 3521 903 3588 γὰρ,
930 3516 1007 3582 ὡς
1065 3518 1230 3588 ἡμεῖς
1276 3517 1570 3587 εὐχόμεθα,
1603 3517 1670 3572 δι’
1693 3518 1873 3572 αὐτῶν
1909 3519 2004 3573 τοῦ

419 3610 677 3665 πλείστου
721 3609 892 3681 ῥύπου
943 3609 1343 3682 καθαιρόμεθα,
1385 3610 1638 3664 ἐντεῦθεν
1697 3612 1901 3682 μᾶλλον
1946 3615 2007 3668 τὸ

418 3704 735 3774 ὑπέρσοφον
768 3705 863 3758 καὶ
887 3704 1277 3775 φιλάνθρωπον
1303 3706 1403 3775 τῆς
1441 3704 1698 3774 προνοίας
1729 3705 2008 3778 λαμπρῶς

417 3793 762 3863 διαφαίνεται
785 3811 800 3826 ο
826 3793 960 3856 εἴτε,
985 3794 1240 3863 καθάπερ
1288 3795 1452 3858 αὐτὸς
1499 3796 1776 3865 νομίζεις,
1810 3798 2007 3860 ἄθλους

421 3886 517 3937 καὶ
542 3885 759 3952 ἀγῶνας
817 3885 1193 3955 ὑπερχόμεθα,
1228 3887 1364 3954 μήτε
1422 3886 1532 3939 τῶν
1570 3887 1800 3941 ,ἐκεῖθεν
1860 3890 2008 3958 ἡμᾶς

424 3975 708 4042 στεφάνων
745 3975 1022 4044 φθονήσῃς
1061 3975 1157 4027 καὶ
1189 3973 1288 4042 τῆς
1325 3975 1588 4044 προνοίας
1629 3977 1688 4029 τὺ
1746 3977 1834 4030 διά
1871 3980 2008 4031 πάν-

417 4083 527 4119 των
553 4065 898 4136 ἀγαθουργὸν
953 4067 1048 4118 καὶ
1104 4066 1390 4134 μεγαλεῖον
1447 4066 1748 4130 ἐκθειάζων
1806 4062 2006 4139 μᾶλλον

419 4154 775 4222 ἐπιγίνωσκε.
817 4155 914 4226 Είη
945 4155 1002 4209 δὲ
1032 4153 1100 4208 τὰ
1122 4155 1368 4225 ἡμέτερα
1421 4155 1571 4227 πάθη
1616 4158 1854 4229 Χριστοῦ
1907 4161 2003 4214 τού

419 4247 556 4299 ε)εοῦ
587 4245 745 4317 ἡμῶν
778 4248 907 4318 περὶ
954 4248 1103 4318 ἡμᾶς
1158 4246 1688 4319 σπλαγχνιζομὲνου,
1723 4251 1832 4305 τῶν
1861 4268 1998 4320 προ-

419 4340 728 4410 ειρημένων
758 4341 819 4394 τὸ
849 4342 1039 4412 ἕτερον
1067 4357 1081 4372 ο
1118 4341 1256 4394 ἀλλά
1297 4341 1372 4412 μὴ
1397 4341 1704 4412 βαρυτέρας
1733 4345 2004 4415 τιμωρίας

419 4435 515 4487 καὶ
543 4434 937 4505 ἁπαρακλήτου
978 4435 1286 4506 προοίμιον.

2029 4299 2082 4356 D

2113 1865 2360 1920 feruntur
2386 1861 2590 1931 impiis,
2626 1871 2682 1914 ut
2709 1861 2753 1914 si
2786 1860 3076 1929 probitatis
3106 1859 3329 1930 aliquod
3354 1859 3423 1912 ab
3448 1858 3516 1913 iis
3533 1869 3700 1928 gesta:

2113 1960 2196 2014 vel
2225 1957 2515 2028 vestigium
2550 1955 2889 2025 apparuerit,
2923 1954 2996 2007 illi
3027 1955 3080 2007 in
3118 1953 3222 2007 hac
3269 1951 3378 2006 vita
3410 1953 3696 2021 pragmium

2113 2051 2410 2121 accipiant,
2448 2065 2570 2102 cum
2611 2047 2776 2102 nimis
2811 2047 2881 2102 sit
2912 2044 3222 2100 imbecillus
3257 2055 3432 2109 actus,
3474 2051 3535 2099 ut
3573 2059 3697 2114 per-

2113 2144 2285 2214 tingat
2310 2144 2375 2196 atl
2411 2141 2655 2195 futuram
2683 2139 2756 2192 ibi
2788 2138 3206 2192 retributionem
3241 2155 3254 2191 :
3285 2137 3376 2191 sed
3409 2145 3462 2190 et
3497 2151 3565 2191 ne
3597 2136 3700 2189 mi-

2111 2239 2293 2291 serias
2327 2234 2404 2288 illi
2435 2248 2591 2294 suas,
2627 2230 2692 2285 ad
2732 2229 3114 2300 praetexendas
3147 2229 3440 2299 allegat-ent
3491 2229 3699 2298 impro-

2111 2327 2313 2382 bitates
2373 2339 2524 2380 suas.
2580 2321 2936 2392 Nequaquam
2969 2336 3098 2376 vero
3126 2337 3250 2376 cum
3290 2320 3522 2390 singulis
3553 2330 3700 2374 recte

2113 2417 2386 2474 inceditur
2411 2456 2426 2482 ,
2479 2430 2546 2469 ne
2574 2416 2834 2468 vitiorum
2868 2412 2952 2466 via
2994 2411 3248 2467 diffusior
3284 2410 3448 2475 facta,
3493 2409 3699 2464 multos

2111 2509 2477 2580 prtecipitaret
2534 2505 2590 2559 in
2649 2504 3011 2569 barathrum;
3068 2517 3202 2556 neve
3265 2501 3438 2570 magis
3513 2499 3696 2554 adhuc

2112 2601 2398 2670 magisque
2432 2598 2524 2667 qui
2567 2595 2809 2666 peccatis
2837 2595 3208 2658 oblectantur,
3257 2591 3322 2645 ad
3364 2591 3697 2644 insensatio-

2113 2708 2235 2748 nem
2279 2691 2560 2745 deviarent
2585 2729 2599 2755 ,
2655 2702 2756 2743 nec
2791 2686 3060 2757 judicium
3100 2683 3190 2738 Dei
3228 2684 3529 2737 multorum
3560 2680 3700 2734 ludi-

2113 2784 2232 2838 ltrio
2257 2789 2654 2850 exponeretur;
2685 2788 2813 2832 sunt
2842 2788 2894 2830 et
2921 2777 3024 2830 alia
3055 2783 3336 2838 sexcenta,
3369 2773 3512 2826 unde
3543 2773 3702 2825 liceat

2117 2873 2480 2946 providentia:
2510 2873 2710 2927 divina:
2740 2870 2878 2926 bene
2909 2868 3146 2924 faciendi
3177 2867 3518 2937 propositum
3541 2903 3558 2928 ,
3607 2879 3696 2918 sa-

2111 2969 2374 3038 pientiam
2401 2985 2416 3035 ;
2465 2966 2766 3020 humanum
2794 2963 3064 3032 judicium
3092 3001 3106 3026 ,
3139 2975 3358 3014 omnem
3387 2972 3698 3020 censuram,

2111 3071 2167 3115 et
2204 3060 2702 3128 investigationem,
2746 3059 3096 3125 superantem
3127 3052 3345 3106 itttucri.
3381 3050 3544 3106 llisce
3566 3058 3622 3103 tu
3647 3058 3703 3102 et

2033 3139 2077 3196 ο
2111 3152 2492 3222 lmjuscemodi
2524 3151 2908 3205 meditationes
2939 3144 3441 3210 accommodando,
3467 3152 3523 3197 et
3549 3143 3702 3212 cogi-

2110 3246 2345 3300 tationes
2379 3254 2504 3300 tuas
2545 3243 2868 3312 occupando
2891 3282 2905 3304 ,
2942 3241 3012 3294 ab
3043 3239 3192 3294 illius
3229 3236 3596 3298 confusionis,
3646 3246 3700 3287 et

2107 3337 2396 3392 anomaliae
2413 3335 2765 3406 opinionibus
2787 3348 2952 3404 quam
2987 3333 3039 3386 in
3068 3330 3360 3401 praesentis
3386 3330 3509 3382 vitae
3536 3327 3700 3381 rebus

2107 3430 2295 3484 videre
2329 3429 2552 3491 videris,
2581 3437 2632 3482 te
2661 3426 2978 3495 expeditum
3003 3422 3233 3488 reddes;
3266 3435 3367 3475 nec
3392 3434 3515 3489 qua:
3543 3416 3701 3472 nobis

2109 3526 2384 3580 obvenere
2413 3522 2774 3584 calamitates,
2819 3528 2916 3573 aut
2965 3517 3298 3572 continuatae
3345 3511 3698 3570 Ientationes,

2113 3627 2307 3671 contra
2337 3615 2759 3686 providentiam,
2779 3610 2950 3666 armis
2975 3619 3029 3664 te
3047 3611 3355 3664 instruant:
3381 3609 3496 3660 sive
3525 3604 3696 3662 enim.

2109 3707 2258 3780 quod
2311 3708 2470 3762 nobis
2525 3707 2578 3760 in
2631 3707 2773 3760 votis
2831 3711 2952 3768 est,
3007 3701 3077 3756 ab
3116 3700 3242 3755 inde
3274 3699 3460 3768 plures
3511 3697 3700 3752 sordes

2110 3802 2423 3863 abluatnus,
2460 3801 2562 3853 hoc
2586 3798 2749 3852 modo
2776 3810 3030 3852 summus
3076 3793 3277 3847 divina:
3323 3789 3604 3860 sapientia!
3649 3801 3702 3843 et

2112 3891 2506 3946 misericordiae
2541 3889 2747 3959 gradus
2780 3902 2876 3958 per
2902 3885 3315 3940 Providentiam
3340 3883 3703 3938 collustratus

2111 3981 2421 4034 ostenditur
2451 3999 2466 4034 :
2505 3981 2641 4044 sive,
2671 3978 2819 4048 quod
2855 3984 2969 4031 tute
3007 3975 3255 4045 opinaris
3280 4014 3295 4038 ,
3333 3974 3518 4029 luctus
3573 3973 3704 4027 sub-

2111 4074 2254 4127 imus
2285 4081 2339 4126 et
2369 4074 2664 4126 certamina
2690 4088 2710 4137 ;
2736 4070 2844 4124 noli
2878 4069 3037 4124 nobis
3058 4081 3292 4122 coronas
3325 4067 3539 4121 futuras
3564 4064 3704 4120 invi-

2107 4163 2256 4232 dere,
2279 4163 2648 4218 Providentize
2664 4170 2847 4217 autem
2865 4177 2962 4230 per
2981 4161 3166 4216 omnia
3193 4158 3550 4229 permeantis,
3573 4172 3702 4227 ope-

2109 4273 2168 4310 ra
2191 4257 2334 4311 bona
2358 4267 2412 4311 et
2436 4257 2669 4310 illustria
2694 4255 2868 4324 magis
2900 4253 3043 4324 apud
3065 4252 3313 4306 animum
3346 4263 3699 4319 recognosce.

2115 4347 2328 4402 Nostrae
2387 4357 2570 4402 autem
2615 4347 2936 4417 passiones,
2995 4358 3091 4414 per
3140 4342 3352 4398 viscera
3387 4341 3702 4396 misericor-

2120 4440 2224 4492 dia:
2263 4437 2468 4492 Christi
2512 4437 2601 4490 Dei
2629 4436 2805 4492 nostri
2850 4451 2978 4505 erga
3022 4449 3146 4500 nos,
3180 4437 3232 4490 itt
3269 4435 3492 4490 alteram
3518 4447 3699 4487 rerum

422 4529 892 4599 praaallegatarum
928 4530 1253 4592 concedant,
1291 4546 1397 4584 non
1441 4539 1623 4584 autem
1657 4533 2008 4600 prootmiutn,
2051 4544 2146 4587 aut
2209 4535 2423 4588 initiutn
2459 4534 2589 4586 Iiant
2620 4531 2890 4604 gravioris
2921 4531 3238 4601 cujusdam,
3270 4539 3324 4586 et
3388 4528 3700 4584 inconsola-

420 4621 546 4676 bilis
585 4623 856 4693 supplicii.

951 4736 1290 4790 ΕΡΩΤΗΣῙΣ
1313 4737 1476 4790 ΡΟΡ.

979 4875 1120 4943 Περὶ
1172 4874 1435 4942 Τριάδος.

2134 4727 2465 4799 ΟυΑΞδΤΙΟ
2503 4725 2759 4782 CLXXIII
2796 4723 2982 4796 [CoisL
3017 4727 3169 4782 C(ZII.
3225 4728 3389 4784 Taur.
3434 4729 3695 4800 CXCIIII.

2715 4865 2786 4917 De
2815 4863 3093 4919 'l‘t't'ttt'tute.

1318 5036 1460 5086 Edita
1482 5053 1506 5086 a
1534 5036 1832 5086 Montacutio
1872 5037 1976 5101 (ep.
1999 5037 2060 5085 55
2085 5036 2145 5084 ad
2179 5037 2319 5084 Joan.
2348 5037 2597 5094 Utrysost.
2625 5048 2670 5094 ι».
2699 5032 2805 5089 93).

505 5187 568 5239 'II
620 5186 717 5255 τῆς
748 5183 980 5254 Τριάδος
1021 5183 1281 5252 σύγχυσις
1306 5222 1320 5247 ,
1344 5182 1628 5252 ἀναίρεσιν
1659 5183 1769 5237 τῶν
1817 5199 2001 5254 προσσ-

418 5277 587 5330 ώπων
616 5278 759 5328 ποιεῖ
784 5292 798 5304 ·
831 5277 864 5346 ἡ
899 5275 954 5328 δὲ
981 5275 1077 5344 τῆξ
1111 5275 1302 5339 οὐσίας
1332 5275 1614 5345 διαίρεσις,
1648 5274 2006 5346 ἀλλοτρίωσιν

421 5368 515 5419 καὶ
570 5367 884 5434 κατατομὴν
955 5366 1162 5418 ἐπινοεῖ
1217 5365 1318 5434 τῆς
1361 5365 1665 5436 Θεότητος·
1695 5365 1866 5435 φεῦγε
1913 5367 2004 5420 τὸν

419 5459 553 5523 παρ’
609 5457 850 5528 ἑκάτερα
906 5457 1007 5528 τῆς
1057 5457 1342 5527 βασιλικῆς
1391 5453 1511 5510 ὀδοῦ
1577 5456 1846 5528 κρημνὸν,
1909 5459 2005 5510 καὶ

419 5549 563 5602 κατά
615 5551 742 5613 τοὺς
785 5549 1278 5620 ἐκκλησιαστικοὺς
1318 5549 1477 5620 ὅρους
1523 5566 1584 5602 τε
1614 5548 1712 5604 καὶ
1741 5548 2003 5620 θεσμοὺς,

2186 5181 2510 5236 Trinitatem
2544 5180 3190 5248 contundere,personas
3219 5187 3299 5232 est
3321 5178 3529 5242 tollere,
3561 5179 3696 5232 sub-

2114 5276 2329 5331 stantia:
2368 5273 2606 5332 divulsio
2630 5272 2858 5326 Deitatis
2883 5271 3289 5336 alienationem,
3320 5280 3375 5325 et
3394 5271 3696 5326 consectio-

2115 5384 2238 5422 nem
2270 5367 2569 5422 introducit
2593 5385 2604 5419 :
2626 5365 2988 5436 pracipitiutn
3029 5375 3322 5434 utrumque
3349 5364 3520 5435 fugito
3543 5373 3693 5418 extra

2116 5461 2320 5530 regiam
2353 5460 2496 5514 viam
2527 5459 2887 5514 constitutum
2917 5497 2932 5523 ,
2965 5466 3019 5512 et
3041 5458 3198 5526 juxta
3232 5457 3376 5528 leges
3397 5496 3411 5521 ,
3454 5457 3614 5518 scita,
3643 5465 3696 5508 et

2115 5553 2603 5608 determinationcs
2630 5550 3055 5616 ecclesiasticas,
3086 5550 3302 5605 unicam
3332 5548 3692 5605 substantiam

1730 5729 1964 5786 VARIJE
1999 5730 2401 5788 LECTIO'N'ES.

500 5893 526 5934 ἀ
565 5895 634 5948 Μ.
670 5895 1120 5967 παρολισθήσασι.
1204 5908 1225 5934 ο
1250 5895 1317 5949 Μ.
1354 5897 1405 5950 τί
1443 5897 1582 5967 γὰρ;
1614 5897 1752 5964 ἐξόν.

1839 5897 1855 5936 ί
1893 5897 1959 5952 Μ.
1982 5896 2081 5951 ἔτι.

2163 5901 2186 5938 ε
2219 5897 2287 5952 Μ,
2327 5897 2628 5968 μεθοδείαν.
