4110 6426
3605 405 3712 469 876

446 420 553 485 875
1604 420 1871 485 PHOTII
1909 416 2416 482 PATRIARCHAE
2447 416 2555 477 CP.

444 542 499 587 et
538 532 803 590 Deitatem
837 533 892 587 in
929 534 1103 589 tribus
1139 530 1511 589 subsistentiis
1543 542 1597 587 et
1640 534 1891 602 personis
1935 545 2025 584 ve-

2136 526 2262 598 μίαν
2290 526 2481 580 οὐσίαν
2533 523 2629 579 καὶ
2667 522 2899 593 θεότητα
2954 520 3012 574 ἐν
3047 518 3380 575 ὑποστάσεσι
3414 515 3513 571 καὶ
3536 534 3710 587 προσ-

441 639 663 687 nerare,
692 634 747 679 et
773 624 926 690 cole;
964 632 1020 680 et
1044 623 1414 679 Christianam
1448 622 1513 677 de
1544 622 1655 676 Deo
1690 622 1849 676 fidem
1872 660 1888 686 ,
1941 620 2023 673 vel

2136 618 2302 682 ώποις
2323 618 2472 690 τρισὶ
2493 616 2775 688 λατρεύων
2801 614 2897 668 καὶ
2927 611 3250 684 προσκυνῶν
3268 652 3284 676 ,
3312 608 3413 679 τὴν
3450 608 3559 663 τῶν
3579 610 3712 679 Χρι-

445 716 774 789 theologiam
800 715 951 772 hisce
974 716 1431 787 comprehensam
1471 714 1786 785 praedicato.

442 889 770 957 QUIESTIO
796 890 1053 946 CLXXIV
1102 891 1293 964 [CoisL
1352 890 1529 958 CCIII,
1566 891 1731 945 'I’aur.
1770 886 2022 959 CXLIVI.

495 982 1203 1055 Quomodojntelligendum
1240 985 1309 1038 sit
1333 984 1473 1055 quod
1503 985 1567 1046 de
1596 982 1699 1055 Job
1724 982 1925 1035 dicitur
1952 996 1970 1033 :

723 1074 741 1105 ι
769 1053 957 1108 Pereat
984 1057 1098 1109 dies
1142 1056 1198 1108 in
1235 1053 1529 1124 qua—natus
1546 1054 1705 1106 sum?
1753 1072 1769 1103 ι

2134 708 2368 765 στιανῶν
2398 708 2680 777 θεολογίαν
2705 705 2919 769 τούτοις
2976 699 3553 774 συγκεφαλαιούμενος
3582 701 3715 755 ἀνα-

2132 799 2395 871 κήρυττε.

2635 887 2970 943 ΕΡΩΤΗΣΙΣ
3007 884 3169 939 ΡΟΔ’.

2129 981 2262 1049 Πῶς
2298 980 2395 1035 δεῖ
2412 981 2578 1035 νοεῖν
2603 980 2671 1034 τὸ
2700 979 2831 1048 περὶ
2855 980 2963 1031 τὸν
3005 977 3137 1049 ’ζὼίῖ
3162 976 3500 1049 είρημένονυ
3536 978 3717 1028 «Κατι-

2334 1052 2581 1120 αραθείη
2614 1051 2653 1119 ἡ
2684 1042 2875 1119 ἡμέρα
2908 1049 2979 1103 ἐν
3008 1042 3048 1121 ᾖ
3072 1042 3447 1118 ἐγενήθηνς
3480 1066 3498 1098 ι

1121 1167 1266 1217 Edita
1286 1182 1313 1217 a
1337 1166 1462 1216 Maio
1509 1167 1659 1227 (Nov.
1699 1163 1820 1214 Coll.
1848 1169 1883 1213 t.
1916 1163 1995 1223 IX,
2022 1162 2131 1225 105,
2154 1163 2287 1225 106).
2315 1190 2377 1200 -
2402 1165 2673 1228 Exegetica
2698 1164 2760 1213 In
2791 1161 2883 1212 Job
2906 1173 2975 1222 Ill,
2994 1160 3042 1210 5.

514 1268 621 1324 Job
660 1268 936 1325 maledicit
963 1268 1070 1325 diei
1100 1268 1403 1325 nativitatis
1426 1283 1561 1333 sure,
1591 1275 1653 1322 ut
1675 1266 1817 1322 inter
1841 1267 2031 1337 plures

2196 1267 2526 1339 Καταρᾶται
2552 1269 2652 1338 τὴν
2675 1267 2887 1337 ἡμέραν
2921 1265 3022 1335 τῆς
3045 1264 3315 1333 γενέσεως
3346 1260 3510 1317 αύτοῦ
3538 1262 3567 1315 ό
3595 1261 3715 1315 Ἰὼϐ

445 1377 645 1420 causas
678 1362 899 1433 eligam,
957 1362 1086 1432 quia
1126 1370 1308 1418 mente
1334 1361 1565 1415 multum
1599 1358 1928 1429 agitabatur,
1961 1373 2032 1413 ne

2136 1357 2197 1413 τά
2221 1375 2282 1413 τε
2313 1359 2448 1414 ἀλλα
2470 1360 2563 1413 καὶ
2589 1358 2650 1411 ού
2676 1357 2931 1411 τοσοῦτον
2948 1356 3030 1410 ὅτι
3055 1358 3168 1419 τοῖς
3187 1354 3469 1424 λογισμοῖς
3490 1354 3723 1424 ἐκυμαίρ

446 1454 591 1511 forte
646 1454 701 1509 in
750 1463 959 1507 tantam
991 1453 1210 1522 culpam
1260 1451 1565 1512 incidisset,
1606 1458 1665 1504 ut
1702 1456 1907 1504 tantam
1937 1447 2032 1503 Dei

2136 1466 2274 1505 νετο·
2336 1451 2413 1522 μή
2460 1451 2580 1503 ποτ’
2627 1448 2735 1520 ἄρα
2774 1449 2859 1518 είη
2908 1447 3001 1500 ἐπὶ
3047 1445 3305 1499 τοσοῦτον
3336 1444 3721 1516 πλημμελείας

451 1548 586 1600 iram
619 1553 814 1601 contra
845 1544 996 1599 illum
1035 1545 1349 1608 excitasset,
1406 1542 1460 1597 id
1499 1551 1582 1599 est
1612 1559 1627 1596 :
1664 1540 1719 1596 in
1760 1549 1971 1596 tantum
1998 1554 2027 1593 a

2136 1542 2413 1614 ἐληλακὼς
2441 1542 2516 1607 ὡς
2542 1540 2813 1613 τοσαύτην
2840 1540 3011 1611 ὀργὴν
3033 1538 3171 1592 Θεοῦ
3214 1538 3434 1609 κινῆσαι
3460 1537 3582 1591 κατ’
3623 1538 3720 1591 αὑ-

451 1636 759 1693 Dominicis
785 1636 1059 1693 mandatis
1088 1635 1313 1700 recessi,
1351 1643 1411 1689 ut
1437 1634 1573 1690 mihi
1616 1633 1781 1689 lateat
1816 1632 2032 1703 magni-

2136 1637 2232 1691 τοῦ
2254 1652 2269 1667 ·
2293 1634 2597 1699 τουτέστιν,
2621 1635 2716 1697 Εἰς
2738 1632 2994 1687 τοσοῦτον
3023 1628 3288 1696 ἐξώκειλα
3317 1627 3427 1682 τῶν
3456 1629 3720 1681 Δεσποτι-

448 1730 582 1785 tudo
614 1730 780 1797 mali;
826 1730 879 1785 in
936 1738 1152 1785 tantum
1211 1736 1395 1784 autem
1452 1726 1922 1799 longanimitatem
1971 1736 2025 1781 et

2137 1727 2253 1784 κῶν
2288 1725 2518 1783 ἐντολῶν
2558 1725 2699 1779 ὥστε
2746 1724 2932 1779 λαθεῖν
2982 1724 3082 1794 μὲν
3134 1720 3234 1792 ἐμὲ
3263 1720 3325 1774 τὸ
3364 1718 3593 1790 μέγεθος
3623 1718 3720 1773 τοῦ

450 1822 913 1893 pliiianthropiam
943 1821 1036 1878 Dei
1075 1821 1390 1893 provocavi,
1425 1829 1669 1876 uttantze
1701 1820 1798 1876 irae
1823 1820 2023 1891 subjici

2138 1819 2336 1885 κακοῦ,
2398 1820 2480 1882 είς
2526 1817 2786 1872 τοσοῦτον
2840 1815 2898 1869 δὲ
2928 1811 3231 1887 παροξῦναι
3264 1812 3325 1866 τὸ
3368 1810 3723 1883 μακρόθυμον

445 1913 703 1984 dignatus
748 1915 944 1970 fuerim
976 1955 992 1981 ,
1054 1923 1110 1971 et
1154 1913 1246 1970 tali
1290 1927 1465 1984 poena
1499 1914 1770 1969 submitti.
1803 1912 2031 1968 Maledi-

2136 1914 2230 1967 καὶ
2252 1910 2637 1984 φιλάνθρωπον
2659 1908 2752 1963 τοῦ
2782 1906 2945 1973 Θεοῦ,
2966 1907 3107 1960 ὥστε
3134 1905 3228 1960 καὶ
3256 1904 3528 1975 τοσαύτης
3555 1902 3724 1974 όργῆς

444 2006 590 2062 citur
624 2006 743 2063 dies
788 2006 914 2072 ista,
976 2007 1051 2062 ita
1091 2016 1272 2061 tamen
1325 2014 1386 2060 ut
1439 2005 1545 2060 ista
1573 2003 1885 2059 maledictio
1916 2020 2025 2059 non

2136 2005 2317 2076 ἔνοχον
2339 2003 2438 2075 ἐμὲ
2469 2002 2727 2075 κριθῆναι
2769 2000 2866 2054 καὶ
2903 1998 3238 2071 τηλικαύτας
3264 1996 3613 2054 ἀπαιτεῖσθαι
3646 1996 3712 2049 δίο

443 2106 589 2155 esset
627 2098 933 2169 indignatio
978 2107 1167 2153 contra
1210 2097 1304 2152 illa
1365 2111 1489 2167 quae
1532 2111 1727 2166 passus
1757 2105 1899 2160 erat,
1930 2097 2026 2152 sed

2136 2114 2256 2159 κας.
2278 2091 2728 2164 Ἐπικατάρατος
2767 2091 2801 2161 ἡ
2832 2089 3017 2160 ἡμέρα
3044 2089 3229 2158 ἐκείνη
3256 2086 3398 2142 ὥστε
3429 2087 3530 2141 οὐκ
3562 2086 3721 2155 ἀγαν-

444 2189 627 2260 potius
688 2190 1111 2245 lamentationes
1181 2198 1237 2245 et
1299 2187 1710 2245 obsecrationes
1776 2202 1878 2259 pro
1943 2188 2029 2244 bis

441 2284 644 2353 quibus
700 2282 875 2337 Deum
921 2282 1222 2336 offenderat
1297 2279 1455 2347 Quod
1504 2291 1558 2335 et
1597 2279 1744 2335 clare
1789 2280 2029 2350 explicat

443 2374 735 2442 Dominus,
757 2391 883 2432 eum
936 2375 1002 2430 ad
1052 2375 1202 2430 illum
1234 2374 1367 2431 dicit
1405 2394 1419 2430 :
1455 2394 1473 2426 ι
1497 2372 1666 2431 Putas
1695 2391 1782 2430 me
1814 2390 1921 2429 non
1953 2376 2025 2429 ita

442 2479 623 2524 tecum
671 2468 851 2539 egisse
913 2478 977 2524 ut
1020 2467 1203 2538 justus
1259 2466 1581 2533 videreris,»
1629 2482 1659 2521 e
1687 2475 1881 2520 contra
1915 2480 2025 2520 non

440 2569 570 2615 sunt
627 2560 725 2615 tibi
788 2569 1140 2630 peccatorum
1203 2560 1460 2630 repetitio
1521 2560 1808 2630 passiones
1886 2574 2027 2628 quas

443 2652 688 2709 habuisti
731 2653 1081 2720 subeundas,
1136 2651 1231 2708 sed
1277 2651 1597 2707 exercitium
1640 2652 1860 2724 quidem
1913 2650 2027 2705 vir-

443 2743 601 2807 tutis,
624 2742 981 2813 praemiorum
1011 2750 1066 2798 et
1098 2741 1475 2812 pulcbriorum
1505 2757 1835 2797 coronarum
1860 2758 2026 2810 quam

441 2848 544 2905 pro
573 2836 859 2893 doloribus
886 2848 938 2893 et
979 2838 1151 2910 plagis
1168 2840 1675 2908 compensationem
1696 2855 2026 2911 procurans.

440 2925 633 2998 Itaque
660 2944 769 2982 non
789 2929 869 2983 ira
891 2930 1181 3000 impulsus,
1208 2940 1259 2985 tc
1286 2931 1451 2985 tantis
1469 2932 1753 2988 laboribus
1769 2932 2025 3002 probavi;

442 3018 537 3073 sed
570 3018 754 3088 potius
798 3028 857 3073 ut
902 3031 992 3074 tua
1032 3020 1209 3075 virtus
1259 3019 1550 3090 fulgentior
1601 3030 1928 3091 appareret,
1975 3030 2031 3077 et

440 3115 639 3159 contra
698 3120 1050 3163 communem
1110 3121 1315 3163 nostra:
1363 3121 1575 3164 natura:
1620 3110 1831 3166 hostem
1871 3110 2030 3167 fortis

2130 2188 2416 2259 ακτὴσεως
2475 2180 2544 2257 ἦν
2568 2183 2711 2255 ὑπὲρ
2733 2176 2807 2239 ὧν
2836 2181 3075 2251 ἔπασχεν
3101 2181 3136 2251 ἡ
3176 2180 3309 2253 ἀρὰ,
3337 2177 3474 2233 ἀλλά
3512 2176 3727 2249 θρήνων

2128 2279 2227 2335 καὶ
2252 2276 2642 2345 ἐλεεινολογίας
2672 2274 2814 2344 ὑπὲρ
2846 2267 2923 2326 ὧν
2951 2271 3130 2326 ἐδόκει
3165 2270 3411 2342 λυπῆσαι
3433 2269 3526 2324 τὸν
3553 2269 3688 2324 Θεόν
3708 2287 3725 2304 ο

2128 2372 2224 2425 καὶ
2251 2371 2411 2424 τοῦτο
2442 2368 2741 2439 παρίστησι
2768 2364 2958 2434 σαφῶς
2996 2364 3031 2436 ἡ
3066 2363 3374 2434 Δεσποτικὴ
3408 2362 3560 2434 φωνὴ
3590 2361 3726 2432 πρὸς

2128 2462 2292 2516 αὑτὸν
2316 2463 2374 2517 ἐν
2400 2454 2482 2525 οἷς
2502 2475 2690 2532 φησιν’
2730 2459 2879 2513 (Οἴει
2911 2474 2977 2527 με
3006 2456 3183 2520 άλλως
3214 2474 3294 2509 σοι
3322 2454 3725 2526 κεχρηματικέ-

2132 2571 2221 2607 ναι
2260 2554 2293 2624 ῆ
2325 2553 2416 2607 ἵνα
2445 2551 2729 2621 ἀναφανῇς
2757 2547 2961 2611 δίκαιος
2990 2564 3037 2613 ;›
3065 2547 3187 2600 ἀντὶ
3211 2544 3329 2608 τοῦ,
3356 2544 3472 2598 Οὐκ
3494 2542 3609 2596 ἔστι
3644 2560 3727 2595 σοι

2130 2645 2241 2699 τῶν
2268 2643 2677 2716 ἡμαρτημένων
2698 2639 3000 2711 ἀπαίτησις
3026 2636 3094 2691 τά
3132 2636 3279 2708 πάθη
3311 2637 3368 2690 ἐν
3388 2629 3464 2699 οἷς
3483 2632 3724 2689 ἐναθλείν

2130 2734 2575 2808 παρεχωρήθης’
2634 2732 2772 2802 ἀλλά
2833 2729 3115 2802 γυμνασία
3174 2728 3271 2799 μὲν
3313 2728 3411 2798 τῆς
3471 2727 3671 2799 ἀρετῆς
3704 2743 3720 2759 ο

2130 2829 2383 2884 ἐπάθλων
2404 2827 2462 2882 δὲ
2492 2825 2588 2881 καὶ
2622 2822 2887 2897 μειζόνων
2916 2822 3198 2893 στεφάνων
3238 2822 3271 2893 ἢ
3306 2823 3448 2875 κατά
3471 2821 3572 2883 τὰς
3606 2818 3726 2873 όδύ-

2134 2941 2233 2987 νας
2288 2923 2384 2978 καὶ
2430 2920 2645 2992 πληγὰς
2680 2918 3051 2990 προξενοῦντα
3081 2916 3181 2988 τὴν
3225 2915 3481 2987 ἀμοιϐήν.
3514 2912 3724 2968 Οὐκοῦν

2130 3018 2231 3072 οὐκ
2253 3017 2422 3091 ὀργὴν
2452 3015 2658 3087 ἐκχέων
2689 3014 3002 3085 ὑπαχθῆναι
3034 3031 3093 3066 σε
3117 3013 3473 3083 συνεχώρησα
3490 3013 3610 3073 ταῖς
3638 3027 3724 3063 το-

2137 3105 2361 3171 σαύταις
2389 3107 2626 3172 ποιναῖς,
2662 3104 2778 3158 ἀλλ’
2817 3104 2905 3157 ⁶ίνα
2948 3102 3149 3175 μᾶλλον
3175 3104 3211 3175 ἡ
3248 3102 3316 3174 σὴ
3343 3101 3725 3173 λαμπρότερον

440 3207 497 3251 et
526 3198 789 3268 trophaeis
819 3213 1057 3257 onustus
1080 3202 1345 3259 omnibus
1370 3202 1656 3259 videreris.
1701 3203 1813 3260 Dici
1842 3216 2026 3260 autem

2136 3201 2383 3271 ἀναφανῇ
2443 3200 2640 3270 ἀρετὴ,
2691 3198 2787 3252 καὶ
2828 3197 2973 3251 κατά
3013 3196 3109 3251 τοῦ
3147 3195 3327 3250 κοινοῦ
3375 3196 3473 3266 τῆς
3511 3194 3727 3265 φύσεως

443 3287 746 3345 nativitatis
779 3292 1057 3348 maledicit
1083 3304 1139 3349 et
1169 3294 1273 3350 boc
1302 3310 1410 3351 non
1447 3296 1721 3363 absolute,
1766 3297 1861 3353 sed
1901 3298 2029 3370 quia

2136 3266 2296 3365 ἡμῶν
2343 3266 2541 3363 ἐχθροῦ
2592 3266 2899 3362 ἀριστεύων
2942 3288 3040 3344 καὶ⁴
3077 3286 3496 3359 τροπαιοφορῶν
3556 3287 3727 3340 πᾶσιν

442 3381 498 3436 in
533 3382 628 3437 illa
653 3384 741 3439 die
779 3385 1081 3455 splendidis
1097 3389 1361 3444 conviviis
1388 3389 1510 3444 illos
1548 3392 1640 3460 qui
1672 3392 1754 3445 vel
1789 3393 2031 3447 amicitia

447 3472 531 3527 vel
574 3475 842 3545 sanguine
884 3476 959 3531 illi
1010 3478 1505 3548 conjungebantur.
1574 3479 1692 3536 Mos
1747 3490 1832 3538 est
1883 3482 2031 3537 enim

445 3565 730 3636 splendide
757 3566 1004 3625 viventes
1038 3585 1159 3627 sese
1196 3572 1634 3641 spectaculorum
1677 3583 1734 3629 et
1768 3583 2030 3631 cantuum

446 3659 757 3730 aliquorum
781 3660 1127 3730 iucunditate
1162 3672 1215 3717 et
1242 3661 1459 3719 deliciis
1480 3665 1777 3730 delectare.
1797 3684 1895 3738 per
1912 3685 2035 3739 quae

444 3762 502 3806 et
539 3752 700 3808 visus
740 3761 797 3807 et
854 3752 1075 3808 auditus
1142 3752 1507 3811 fascinantnr.
1586 3756 1828 3829 Regibus
1884 3763 2032 3816 enim

445 3842 811 3910 conantibus,
865 3844 1199 3901 conveniens
1230 3854 1350 3901 erat
1391 3847 1519 3902 talia
1574 3848 1627 3903 in
1661 3852 1916 3908 convivio
1950 3854 2033 3908 in-

446 3934 598 3991 duci.
624 3935 919 4007 Propterea
952 3951 1085 3992 sane
1108 3947 1288 3993 mente
1316 3940 1639 3997 turbabalur
1679 3959 1746 3998 ne
1790 3943 1893 4000 ista
1923 3944 2035 4002 Deo

450 4025 691 4082 fuissent
737 4027 948 4093 odiosa,
974 4036 1029 4083 et
1050 4028 1187 4084 iram
1216 4029 1368 4087 illius
1388 4042 1577 4089 contra
1598 4048 1656 4090 se
1675 4034 2032 4092 excitassent.

447 4116 636 4190 Itaque
666 4119 942 4175 maledicit
972 4120 1277 4178 nativitatis
1314 4122 1443 4189 diei,
1479 4124 1532 4181 id
1576 4135 1681 4192 est,
1721 4126 1776 4182 in
1807 4143 1930 4199 quae
1982 4140 2037 4183 et

445 4209 590 4266 vires
616 4218 672 4265 et
702 4210 965 4281 vigorem,
1007 4219 1064 4267 et
1092 4212 1277 4268 anima
1315 4212 1664 4270 reﬂexionem
1714 4215 1769 4271 in
1822 4218 2034 4273 deliciis

446 4300 670 4358 allluere
714 4301 963 4367 sinebat,
1024 4312 1080 4360 et
1137 4304 1296 4361 vanis
1360 4307 1735 4377 voluptatibus
1792 4310 2032 4366 deliniri.

448 4389 602 4456 Quod
641 4398 827 4446 autem
848 4391 1011 4447 istam
1038 4393 1481 4451 maledictionem
1526 4398 1772 4454 exterius
1802 4399 2032 4469 profert,

445 4497 516 4536 ne
548 4481 807 4539 omnibus
839 4483 1179 4542 insensibilis
1200 4496 1308 4541 tam
1344 4489 1641 4545 terribilem
1667 4490 2033 4547 calamitatem

2136 3384 2472 3456 ἐπιδειχθῇςο
2504 3383 2814 3455 καταρᾶται
2842 3382 2899 3436 δὲ
2928 3382 3027 3452 τῆς
3058 3381 3331 3452 γενέσεως
3358 3380 3456 3452 τὴν
3485 3379 3724 3451 ἡμέραν’

2135 3480 2257 3534 οὐδὲ
2279 3479 2436 3533 τοῦτο
2467 3476 2674 3541 ἁπλῶς,
2700 3476 2835 3531 ἀλλά
2852 3476 3040 3547 ἐπειδὴ
3062 3476 3207 3530 κατά
3232 3473 3437 3547 ταύτην
3460 3474 3559 3544 τὴν
3589 3475 3621 3543 ἡ
3630 3472 3726 3543 μέ-

2139 3589 2246 3644 ραν
2279 3571 2565 3642 λαμπραῖς
2594 3569 2901 3623 ἑστιάσεσιν
2932 3569 3339 3640 ἐφιλοφρονεῖτο
3358 3568 3484 3630 τοὺς
3513 3566 3724 3637 ᾠκειω-

2142 3664 2336 3734 μένους
2362 3663 2442 3726 εἰς
2470 3661 2653 3732 φιλίαν
2670 3661 2819 3731 αὐτῷ
2850 3661 2945 3715 καὶ
2982 3660 3160 3724 ἄλλως
3192 3660 3515 3731 προσγενεῖς
3540 3674 3555 3688 ο
3581 3658 3727 3720 εῐκδς

2137 3754 2194 3808 δὲ
2212 3752 2535 3825 τρυφῶντας
2562 3754 2658 3807 καὶ
2684 3754 2796 3816 τοῖς
2828 3751 2916 3805 διὰ
2945 3750 3238 3821 θεαμάτων
3264 3749 3424 3803 τινῶν
3453 3746 3726 3817 ἀκουσμά-

2137 3863 2247 3900 των
2279 3844 2506 3916 τέρψεσι
2538 3845 2631 3899 καὶ
2655 3845 2871 3915 ἡδοναῖς
2900 3843 3251 3914 ψυχαγωγεῖν
3281 3841 3527 3905 ἑαυτοὺς,
3556 3839 3624 3894 δι’
3650 3832 3725 3893 ὧν

2136 3937 2399 4007 τέρπεται
2428 3935 2527 4007 μὲν
2553 3934 2713 4006 ἀκοὴ,
2750 3933 3012 4005 τέρπεται
3035 3933 3092 3986 δὲ
3123 3932 3245 4002 ὄψις
3275 3949 3289 3963 ο
3331 3930 3597 4003 βασιλέων
3619 3930 3726 4002 γὰρ

2141 4028 2585 4099 συνεστιωμένων
2604 4068 2619 4094 ,
2651 4026 2798 4090 εἰκὸς
2825 4021 2895 4097 ἦν
2927 4026 3022 4079 καὶ
3058 4025 3126 4078 τά
3152 4022 3379 4078 τοιαῦτα
3407 4023 3727 4092 συνεισάγε-

2139 4119 2267 4175 σθαι
2298 4122 2364 4193 τῇ
2400 4119 2692 4192 πανδαισίᾳ
2714 4136 2728 4150 ο
2771 4120 2859 4174 διὰ
2882 4118 3042 4173 τοῦτο
3076 4119 3186 4190 ἄρα
3211 4117 3465 4190 λογισμοὶ
3500 4118 3727 4172 συνετά-

2143 4228 2336 4285 ραττον
2375 4212 2559 4278 αὐτὸν,
2614 4212 2828 4283 μήποτε
2860 4211 3037 4266 ταῦτα
3086 4209 3295 4282 μισητά
3334 4211 3600 4280 γεγονότα
3650 4209 3729 4280 τῷ

2138 4303 2257 4375 Θεῷ
2284 4304 2384 4376 τὴν
2413 4304 2586 4376 ὀργὴν
2630 4305 2892 4375 ἐκίνησαν
2929 4306 3052 4359 κατ’
3084 4303 3250 4358 αὐτοῦ
3276 4319 3292 4334 ⁸
3322 4302 3412 4358 διὰ
3442 4301 3601 4357 τοῦτο
3628 4303 3731 4373 τῆς

2138 4397 2405 4466 γενέσεως
2441 4396 2540 4468 τὴν
2568 4396 2787 4468 ἡμέραν
2823 4398 3116 4468 ἐπαρᾶται,
3170 4395 3451 4449 τουτέστιν
3479 4396 3537 4449 ἐν
3636 4396 3730 4448 τὶν

2137 4488 2290 4543 τόνον
2317 4487 2416 4557 τῆς
2454 4485 2630 4558 ψυχῆς
2667 4487 2763 4541 καί⁵
2808 4487 2869 4540 τὸ
2917 4487 3395 4559 συνεστραμμένον
3429 4486 3525 4540 καὶ
3572 4484 3728 4541 νεῦον

445 4575 676 4632 sufferre
706 4576 977 4647 vrdeatur,
999 4594 1109 4635 non
1127 4589 1212 4637 est
1240 4579 1541 4637 absurdum
1569 4584 1834 4655 cogitare.
1868 4585 2032 4643 Male-

2141 4585 2278 4656 πρὸς
2335 4582 2500 4637 ἐαυτὸ
2550 4584 2630 4646 εἰς
2679 4579 2893 4653 τρυφὴν
2946 4580 3116 4634 ἐδίδου
3165 4580 3429 4652 διαρρεῖν,
3469 4579 3728 4649 καὶπρὸς

444 4669 741 4726 dictionem
769 4671 917 4726 enim
950 4670 1163 4742 profert
1195 4687 1305 4729 non
1336 4681 1528 4730 contra
1557 4675 1763 4746 aliquid
1789 4692 1916 4733 vere
1936 4696 2036 4736 ex-

445 4762 675 4827 sistens,
726 4764 819 4819 sed
853 4766 1000 4836 quod
1035 4775 1196 4822 antea
1234 4766 1439 4823 factum
1468 4767 1584 4838 jam
1634 4786 1741 4825 non
1792 4773 2036 4837 exsistit,

444 4862 701 4924 essetque
758 4854 898 4910 forte
930 4857 1242 4914 maledictio
1278 4860 1382 4915 ista
1431 4863 1865 4933 magnitudinem
1920 4881 2038 4936 pas-

445 4946 623 5003 sionis
662 4957 720 5004 et
786 4948 1037 5006 dolorum
1100 4951 1470 5009 sensationem
1537 4953 1928 5023 manifestans,
1983 4967 2039 5012 et

444 5039 864 5096 maledicentem
933 5043 1136 5099 nullius
1195 5044 1371 5115 culpae
1406 5061 1561 5101 reum
1625 5048 2034 5103 demonstrans.

444 5130 655 5188 Contra
684 5133 830 5188 enim
868 5134 1106 5190 nihilum
1156 5145 1274 5192 erat
1320 5136 1398 5192 illi
1445 5137 1768 5209 indignatio.
1832 5138 2037 5212 Siquis

451 5234 634 5280 autem
691 5225 893 5283 dixerit
952 5242 1079 5284 eum
1131 5229 1403 5285 Dotninici
1468 5232 1671 5287 decreti
1734 5247 2035 5289 memorem

451 5317 586 5373 illud
640 5318 889 5384 dixisse,
969 5320 1112 5392 piam
1166 5322 1494 5378 sententiam
1557 5324 1849 5394 amplexus
1907 5327 2033 5382 erit.

446 5409 748 5480 Cujnsnam
790 5427 920 5468 vero
967 5413 1213 5470 decreti?
1278 5414 1434 5471 Illius
1479 5431 1590 5487 quo
1632 5427 1825 5473 contra
1868 5416 2034 5473 Evam

450 5504 841 5575 promulgavit,
893 5521 1019 5562 cum
1059 5507 1152 5563 illa
1198 5507 1472 5565 Adamum
1504 5510 1826 5581 participem
1864 5511 2039 5582 culpa.-

451 5595 707 5653 reddidit.
762 5596 918 5653 Tunc
953 5598 1102 5655 enim
1149 5600 1304 5669 dicit,
1371 5586 1654 5659 doloribus
1683 5610 1738 5658 et
1775 5604 2039 5659 aerumnis

452 5687 737 5743 hominum
766 5699 988 5760 partum
1024 5699 1082 5746 et
1114 5700 1347 5749 mortem
1379 5693 1700 5765 subiiciens,
1731 5711 1799 5751 ex
1832 5696 2038 5767 quibus

451 5776 772 5832 occurrebat
820 5793 947 5849 spes
976 5779 1183 5849 gaudii,
1230 5781 1373 5839 tristi
1407 5783 1643 5842 domans
1692 5786 2035 5843 morositate.

456 5863 536 5920 Ad
561 5864 726 5920 istum
765 5882 896 5940 ergo
921 5868 1164 5926 dolorem
1195 5870 1299 5928 Job
1335 5883 1573 5931 mentem
1615 5877 1889 5943 attollens,
1925 5891 2033 5933 non

2140 4679 2240 4743 τάς
2270 4677 2624 4741 ἐπιπολαίους
2648 4676 2850 4741 ταύτας
2875 4677 3198 4748 ύπομειδιᾷν
3217 4677 3409 4748 ἡδονάς
3433 4693 3447 4708 ⁸
3475 4679 3523 4731 εἰ
3547 4676 3603 4730 δὲ
3634 4679 3729 4729 καὶ

2140 4770 2239 4840 τὴν
2278 4768 2418 4839 ἀρὰν
2440 4768 2530 4823 διά
2573 4769 2799 4838 χειλέων
2834 4768 3097 4840 προῆγεν,
3132 4770 3219 4823 ἵνα
3263 4768 3340 4840 μὴ
3368 4771 3481 4832 τοῖς
3513 4768 3730 4831 πολλοῖς

2140 4861 2483 4934 ἀναισθήτως
2518 4862 2646 4934 δόξῃ
2692 4861 2791 4933 τὴν
2832 4860 3070 4933 φοϐερὰν
3110 4861 3328 4933 ἐκείνην
3362 4862 3550 4933 φέρειν
3587 4880 3728 4932 συμ-

2143 4954 2318 5025 φοράν
2339 4992 2355 5020 ,
2383 4953 2537 5007 οὐδέν
2579 4954 2729 5006 ἐστιν
2754 4954 2955 5007 ἐννοεῖν
2986 4953 3215 5018 ἀπεικός
3238 4970 3254 4987 θ
3306 4954 3462 5025 φέρει
3494 4953 3601 5027 γάρ
3628 4955 3729 5023 τὴν

2138 5047 2280 5119 ἀράν
2307 5046 2370 5102 οὐ
2408 5045 2551 5101 κατά
2584 5063 2731 5110 τινος
2774 5046 3145 5118 ύφεστηκότος
3194 5047 3543 5118 πράγματος,
3576 5046 3731 5121 ’ἀλλά

2143 5138 2286 5210 μετά
2317 5138 2380 5192 τὸ
2417 5137 2675 5208 γενέσθαι
2713 5137 2978 5210 μηδαμῶς
3006 5138 3321 5208 ὑφεστῶτος
3355 5156 3369 5169 ο
3396 5140 3491 5194 καὶ
3528 5138 3616 5209 εῐη
3659 5137 3728 5193 ἂν

2140 5234 2176 5305 ἡ
2206 5232 2316 5304 ἀρὰ
2350 5231 2525 5285 καὶτὸ
2554 5231 2783 5303 μέγεθος
2814 5229 2908 5284 τοῦ
2933 5230 3140 5296 πάθους
3179 5232 3276 5284 καὶ
3302 5231 3402 5302 τὴν
3435 5232 3729 5301 συναίσθη-

2141 5341 2228 5380 σιν
2294 5325 2403 5379 τῶν
2448 5324 2716 5392 ἀλγεινῶν
2768 5323 3023 5394 ἐπίδηλον
3074 5325 3408 5394 ποιουμένη·
3474 5324 3571 5377 καὶ
3636 5325 3728 5377 τὸν

2140 5413 2501 5488 ἐπαρώμενον
2540 5414 2811 5486 μηδεμιᾶς
2838 5414 3023 5484 ἔνοχον
3063 5414 3450 5487 πλημμελείας
3488 5415 3728 5484 ἀποφαί-

2138 5525 2334 5563 νουσα·
2364 5507 2507 5562 κατά
2537 5506 2648 5579 γάρ
2673 5506 2783 5561 τῶν
2808 5507 3176 5579 ἀνυπάρκτων
3207 5502 3276 5578 ἧν
3308 5505 3457 5577 αύτῷ
3482 5508 3516 5578 ἡ
3553 5508 3727 5576 ἀγαν-

2140 5601 2371 5670 άκτησις
2396 5614 2410 5629 ·
2453 5600 2501 5653 εί
2532 5597 2590 5651 δέ
2615 5616 2699 5663 τις
2725 5598 2891 5653 αὐτὸν
2923 5600 3118 5671 φὴσειε
3139 5598 3353 5669 καὶτῆς
3386 5598 3729 5663 Δεσποτικῆς

2140 5693 2474 5763 ἀποφάσεως
2521 5692 2940 5766 ἀναμνησθέντα
3011 5693 3170 5749 τοῦτο
3232 5695 3430 5761 εἰπεῖν,
3499 5695 3603 5748 οὐκ
3660 5694 3726 5746 ἂν

2140 5785 2332 5856 ’τδρρω
2369 5782 2652 5854 θεοφιλοῦς
2698 5782 2926 5856 γνώμης
2973 5783 3219 5857 ἐνεχθείη
3252 5800 3267 5816 ο
3310 5784 3471 5849 ποίας
3511 5784 3713 5851 ἀποφά.

2143 5891 2315 5941 σεως;
2356 5874 2423 5947 ἢν
2453 5875 2633 5947 ἀφῆκε
2680 5875 2824 5931 κατά
2854 5876 2952 5948 τῆς
3010 5874 3177 5942 Εὔας,
3232 5875 3399 5948 ἡνίκα
3467 5876 3723 5931 κοινωνὸν
