  <div class='ocr_page' id='page_1' title='image "/cluster/home/n/w/nwhite01/storage/ocr_20150623/101:no.1/coo.31924054870054/466.png"; bbox 0 0 4110 6592; ppageno 0'>
   <div class='ocr_carea' id='block_1_1' title="bbox 417 411 3715 485">
    <p class='ocr_par' dir='ltr' id='par_1_1' title="bbox 417 411 3715 485">
     <span class='ocr_line' id='line_1_1' title="bbox 417 411 3715 485; baseline 0.002 -10"><span class='ocrx_word' id='word_1_1' title='bbox 417 414 532 477; x_wconf 75' lang='lat'><strong>877</strong></span> <span class='ocrx_word' id='word_1_2' title='bbox 1176 415 1274 475; x_wconf 80' lang='lat' dir='ltr'><strong>AD</strong></span> <span class='ocrx_word' id='word_1_3' title='bbox 1312 413 1911 476; x_wconf 81' lang='lat' dir='ltr'><strong>AMPHILOCHIUM</strong></span> <span class='ocrx_word' id='word_1_4' title='bbox 1963 411 2310 485; x_wconf 56' lang='lat' dir='ltr'><strong>QUZESTIO</strong></span> <span class='ocrx_word' id='word_1_5' title='bbox 2343 411 2954 477; x_wconf 68' lang='lat' dir='ltr'><strong>CLXXIV&#39;CLXXVL</strong></span> <span class='ocrx_word' id='word_1_6' title='bbox 3606 418 3715 481; x_wconf 77' lang='lat'><strong>878</strong></span> 
     </span>
    </p>
   </div>
   <div class='ocr_carea' id='block_1_2' title="bbox 421 522 2046 598">
    <p class='ocr_par' dir='ltr' id='par_1_2' title="bbox 421 522 2019 597">
     <span class='ocr_line' id='line_1_2' title="bbox 421 522 2019 597; baseline -0.001 -19"><span class='ocrx_word' id='word_1_7' title='bbox 421 522 619 594; x_wconf 78' lang='grc' dir='ltr'>ἐκείνη</span> <span class='ocrx_word' id='word_1_8' title='bbox 658 522 757 593; x_wconf 85' lang='grc' dir='ltr'>τῆς</span> <span class='ocrx_word' id='word_1_9' title='bbox 790 523 1008 597; x_wconf 81' lang='grc' dir='ltr'><strong>ἀπάτης</strong></span> <span class='ocrx_word' id='word_1_10' title='bbox 1052 524 1347 595; x_wconf 84' lang='grc' dir='ltr'>ἐποιήσατο</span> <span class='ocrx_word' id='word_1_11' title='bbox 1395 524 1488 578; x_wconf 89' lang='grc' dir='ltr'><strong>τὸν</strong></span> <span class='ocrx_word' id='word_1_12' title='bbox 1526 524 1698 595; x_wconf 79' lang='grc' dir='ltr'>Ἀδάμ</span> <span class='ocrx_word' id='word_1_13' title='bbox 1725 541 1740 555; x_wconf 78' lang='grc' dir='ltr'><strong>ο</strong></span> <span class='ocrx_word' id='word_1_14' title='bbox 1785 525 1880 578; x_wconf 76' lang='grc' dir='ltr'><strong>καὶ</strong></span> <span class='ocrx_word' id='word_1_15' title='bbox 1911 524 2019 594; x_wconf 80' lang='grc' dir='ltr'>γὰρ</span> 
     </span>
    </p>
   </div>
   <div class='ocr_carea' id='block_1_3' title="bbox 2130 522 3714 598">
    <p class='ocr_par' dir='ltr' id='par_1_3' title="bbox 2130 525 3714 593">
     <span class='ocr_line' id='line_1_3' title="bbox 2130 525 3714 593; baseline 0.003 -16"><span class='ocrx_word' id='word_1_16' title='bbox 2130 531 2336 578; x_wconf 89' lang='lat' dir='ltr'><strong>tantum</strong></span> <span class='ocrx_word' id='word_1_17' title='bbox 2369 525 2644 580; x_wconf 89' lang='lat' dir='ltr'><strong>decretum</strong></span> <span class='ocrx_word' id='word_1_18' title='bbox 2690 529 2947 593; x_wconf 82' lang='lat' dir='ltr'><strong>miratur,</strong></span> <span class='ocrx_word' id='word_1_19' title='bbox 2970 526 3063 583; x_wconf 85' lang='lat' dir='ltr'><strong>sed</strong></span> <span class='ocrx_word' id='word_1_20' title='bbox 3099 536 3153 584; x_wconf 88' lang='lat' dir='ltr'><strong>et</strong></span> <span class='ocrx_word' id='word_1_21' title='bbox 3178 528 3470 584; x_wconf 84' lang='lat' dir='ltr'><strong>Dominum</strong></span> <span class='ocrx_word' id='word_1_22' title='bbox 3502 529 3714 585; x_wconf 88' lang='lat' dir='ltr'><strong>laudat.</strong></span> 
     </span>
    </p>
   </div>
   <div class='ocr_carea' id='block_1_4' title="bbox 423 614 2046 692">
    <p class='ocr_par' dir='ltr' id='par_1_4' title="bbox 423 616 2029 689">
     <span class='ocr_line' id='line_1_4' title="bbox 423 616 2029 689; baseline -0.001 -17"><span class='ocrx_word' id='word_1_23' title='bbox 423 616 743 689; x_wconf 82' lang='grc' dir='ltr'>τηνικαῦτά</span> <span class='ocrx_word' id='word_1_24' title='bbox 783 635 950 689; x_wconf 85' lang='grc' dir='ltr'>φησιν</span> <span class='ocrx_word' id='word_1_25' title='bbox 992 618 1050 671; x_wconf 92' lang='grc' dir='ltr'><strong>ἐν</strong></span> <span class='ocrx_word' id='word_1_26' title='bbox 1085 617 1286 682; x_wconf 81' lang='grc' dir='ltr'>λύπαις</span> <span class='ocrx_word' id='word_1_27' title='bbox 1315 617 1409 671; x_wconf 75' lang='grc' dir='ltr'>καὶ</span> <span class='ocrx_word' id='word_1_28' title='bbox 1439 616 1655 682; x_wconf 82' lang='grc' dir='ltr'><strong>ὀδύναις</strong></span> <span class='ocrx_word' id='word_1_29' title='bbox 1692 618 1783 671; x_wconf 87' lang='grc' dir='ltr'><strong>τὸν</strong></span> <span class='ocrx_word' id='word_1_30' title='bbox 1814 616 2029 688; x_wconf 83' lang='grc' dir='ltr'>ἀνθρώ-</span> 
     </span>
    </p>
   </div>
   <div class='ocr_carea' id='block_1_5' title="bbox 2130 614 3710 692">
    <p class='ocr_par' dir='ltr' id='par_1_5' title="bbox 2137 614 3710 692">
     <span class='ocr_line' id='line_1_5' title="bbox 2137 614 3710 692; baseline 0.003 -23"><span class='ocrx_word' id='word_1_31' title='bbox 2137 615 2324 671; x_wconf 90' lang='lat' dir='ltr'><strong>dicens</strong></span> <span class='ocrx_word' id='word_1_32' title='bbox 2350 633 2363 669; x_wconf 91' lang='lat'>:</span> <span class='ocrx_word' id='word_1_33' title='bbox 2398 614 2682 672; x_wconf 83' lang='lat' dir='ltr'><strong>Maledicta</strong></span> <span class='ocrx_word' id='word_1_34' title='bbox 2704 618 2823 676; x_wconf 84' lang='lat' dir='ltr'><strong>dies</strong></span> <span class='ocrx_word' id='word_1_35' title='bbox 2852 620 2907 676; x_wconf 90' lang='lat' dir='ltr'><strong>in</strong></span> <span class='ocrx_word' id='word_1_36' title='bbox 2930 636 3057 692; x_wconf 86' lang='lat' dir='ltr'><strong>qua,</strong></span> <span class='ocrx_word' id='word_1_37' title='bbox 3088 632 3339 677; x_wconf 70' lang='lat' dir='ltr'><strong>materno</strong></span> <span class='ocrx_word' id='word_1_38' title='bbox 3368 622 3492 676; x_wconf 90' lang='lat' dir='ltr'><strong>sinu</strong></span> <span class='ocrx_word' id='word_1_39' title='bbox 3523 632 3710 691; x_wconf 89' lang='lat' dir='ltr'><strong>rupto,</strong></span> 
     </span>
    </p>
   </div>
   <div class='ocr_carea' id='block_1_6' title="bbox 429 703 2027 782">
    <p class='ocr_par' dir='ltr' id='par_1_6' title="bbox 429 703 2027 782">
     <span class='ocr_line' id='line_1_6' title="bbox 429 703 2027 782; baseline -0.001 -19"><span class='ocrx_word' id='word_1_40' title='bbox 429 726 591 765; x_wconf 73' lang='grc' dir='ltr'>πίνον</span> <span class='ocrx_word' id='word_1_41' title='bbox 621 709 1007 778; x_wconf 76' lang='grc' dir='ltr'>ὑποζευγνύων</span> <span class='ocrx_word' id='word_1_42' title='bbox 1044 710 1201 765; x_wconf 83' lang='grc' dir='ltr'>τόκον</span> <span class='ocrx_word' id='word_1_43' title='bbox 1226 709 1323 764; x_wconf 74' lang='grc' dir='ltr'><strong>καὶ</strong></span> <span class='ocrx_word' id='word_1_44' title='bbox 1342 710 1443 782; x_wconf 77' lang='grc' dir='ltr'>τὴν</span> <span class='ocrx_word' id='word_1_45' title='bbox 1468 709 1607 781; x_wconf 88' lang='grc' dir='ltr'>ἀράν</span> <span class='ocrx_word' id='word_1_46' title='bbox 1634 726 1649 741; x_wconf 77' lang='grc' dir='ltr'><strong>ο</strong></span> <span class='ocrx_word' id='word_1_47' title='bbox 1681 708 1740 774; x_wconf 82' lang='grc' dir='ltr'><strong>ἐξ</strong></span> <span class='ocrx_word' id='word_1_48' title='bbox 1761 703 1836 763; x_wconf 85' lang='grc' dir='ltr'>ὧν</span> <span class='ocrx_word' id='word_1_49' title='bbox 1890 726 2027 780; x_wconf 84' lang='grc' dir='ltr'>προ-</span> 
     </span>
    </p>
   </div>
   <div class='ocr_carea' id='block_1_7' title="bbox 2136 706 3149 779">
    <p class='ocr_par' dir='ltr' id='par_1_7' title="bbox 2136 706 3149 779">
     <span class='ocr_line' id='line_1_7' title="bbox 2136 706 3149 779; baseline 0.004 -17"><span class='ocrx_word' id='word_1_50' title='bbox 2136 706 2307 763; x_wconf 84' lang='lat' dir='ltr'><strong>homo</strong></span> <span class='ocrx_word' id='word_1_51' title='bbox 2345 706 2413 762; x_wconf 90' lang='lat' dir='ltr'><strong>ad</strong></span> <span class='ocrx_word' id='word_1_52' title='bbox 2453 707 2587 763; x_wconf 89' lang='lat' dir='ltr'><strong>solis</strong></span> <span class='ocrx_word' id='word_1_53' title='bbox 2609 710 2953 779; x_wconf 78' lang='lat' dir='ltr'><strong>Splendorem</strong></span> <span class='ocrx_word' id='word_1_54' title='bbox 2980 714 3149 767; x_wconf 85' lang='lat' dir='ltr'><strong>venit.</strong></span> 
     </span>
    </p>
   </div>
   <div class='ocr_carea' id='block_1_8' title="bbox 433 797 3721 875">
    <p class='ocr_par' dir='ltr' id='par_1_8' title="bbox 433 797 3721 875">
     <span class='ocr_line' id='line_1_8' title="bbox 433 797 3721 875; baseline 0 -18"><span class='ocrx_word' id='word_1_55' title='bbox 433 803 659 874; x_wconf 85' lang='grc' dir='ltr'>έτρεχον</span> <span class='ocrx_word' id='word_1_56' title='bbox 698 798 919 865; x_wconf 84' lang='grc' dir='ltr'>ἐλπίδες</span> <span class='ocrx_word' id='word_1_57' title='bbox 985 800 1180 872; x_wconf 81' lang='grc' dir='ltr'>χαρᾶς,</span> <span class='ocrx_word' id='word_1_58' title='bbox 1226 800 1647 872; x_wconf 84' lang='grc' dir='ltr'><strong>σκυθρωπότητι</strong></span> <span class='ocrx_word' id='word_1_59' title='bbox 1714 798 1995 870; x_wconf 82' lang='grc' dir='ltr'><strong>κρατύνων</strong></span> <span class='ocrx_word' id='word_1_60' title='bbox 2032 797 2295 870; x_wconf 81' lang='grc' dir='ltr'>λυπηρᾷ·</span> <span class='ocrx_word' id='word_1_61' title='bbox 2353 799 2434 862; x_wconf 88' lang='grc' dir='ltr'><strong>είς</strong></span> <span class='ocrx_word' id='word_1_62' title='bbox 2496 798 2703 870; x_wconf 88' lang='grc' dir='ltr'>ταύτην</span> <span class='ocrx_word' id='word_1_63' title='bbox 2775 797 2869 856; x_wconf 78' lang='grc' dir='ltr'>οὖν</span> <span class='ocrx_word' id='word_1_64' title='bbox 2915 802 3013 874; x_wconf 84' lang='grc' dir='ltr'><strong>τὴν</strong></span> <span class='ocrx_word' id='word_1_65' title='bbox 3054 803 3231 875; x_wconf 85' lang='grc' dir='ltr'>λύπην</span> <span class='ocrx_word' id='word_1_66' title='bbox 3281 805 3573 874; x_wconf 65' lang='grc' dir='ltr'>ἀναφεριιιν</span> <span class='ocrx_word' id='word_1_67' title='bbox 3629 804 3721 857; x_wconf 78' lang='grc' dir='ltr'><strong>τὸν</strong></span> 
     </span>
    </p>
   </div>
   <div class='ocr_carea' id='block_1_9' title="bbox 432 892 3719 970">
    <p class='ocr_par' dir='ltr' id='par_1_9' title="bbox 432 892 3719 970">
     <span class='ocr_line' id='line_1_9' title="bbox 432 892 3719 970; baseline 0.001 -21"><span class='ocrx_word' id='word_1_68' title='bbox 432 896 560 949; x_wconf 85' lang='grc' dir='ltr'><strong>νοῦν</strong></span> <span class='ocrx_word' id='word_1_69' title='bbox 600 895 630 947; x_wconf 86' lang='grc' dir='ltr'>ὁ</span> <span class='ocrx_word' id='word_1_70' title='bbox 662 892 804 962; x_wconf 85' lang='grc' dir='ltr'>Ἰὼϐ,</span> <span class='ocrx_word' id='word_1_71' title='bbox 836 893 1120 964; x_wconf 75' lang='grc' dir='ltr'>μονονουχὶ</span> <span class='ocrx_word' id='word_1_72' title='bbox 1157 892 1255 964; x_wconf 79' lang='grc' dir='ltr'>τὴν</span> <span class='ocrx_word' id='word_1_73' title='bbox 1292 894 1572 963; x_wconf 83' lang='grc' dir='ltr'>ἀπόφασιν</span> <span class='ocrx_word' id='word_1_74' title='bbox 1614 894 2000 965; x_wconf 77' lang='grc' dir='ltr'><strong>ἀποθαυμάζει</strong></span> <span class='ocrx_word' id='word_1_75' title='bbox 2039 894 2131 948; x_wconf 76' lang='grc' dir='ltr'><strong>καὶ</strong></span> <span class='ocrx_word' id='word_1_76' title='bbox 2166 894 2331 965; x_wconf 89' lang='grc' dir='ltr'>ὑμνεῖ</span> <span class='ocrx_word' id='word_1_77' title='bbox 2352 892 2445 947; x_wconf 79' lang='grc' dir='ltr'><strong>τὸν</strong></span> <span class='ocrx_word' id='word_1_78' title='bbox 2482 894 3037 965; x_wconf 80' lang='grc' dir='ltr'>Δεσπότην,’οντως,</span> <span class='ocrx_word' id='word_1_79' title='bbox 3077 899 3271 967; x_wconf 80' lang='grc' dir='ltr'>λέγων,</span> <span class='ocrx_word' id='word_1_80' title='bbox 3314 900 3719 970; x_wconf 79' lang='grc' dir='ltr'>ἐπικατάρατος</span> 
     </span>
    </p>
   </div>
   <div class='ocr_carea' id='block_1_10' title="bbox 434 983 3234 1059">
    <p class='ocr_par' dir='ltr' id='par_1_10' title="bbox 434 983 3234 1059">
     <span class='ocr_line' id='line_1_10' title="bbox 434 983 3234 1059; baseline 0 -18"><span class='ocrx_word' id='word_1_81' title='bbox 434 990 472 1058; x_wconf 80' lang='grc' dir='ltr'>ἡ</span> <span class='ocrx_word' id='word_1_82' title='bbox 502 986 690 1059; x_wconf 77' lang='grc' dir='ltr'>ἡμέρα</span> <span class='ocrx_word' id='word_1_83' title='bbox 718 986 840 1041; x_wconf 88' lang='grc' dir='ltr'>καθ’</span> <span class='ocrx_word' id='word_1_84' title='bbox 862 988 933 1058; x_wconf 81' lang='grc' dir='ltr'>ἢν</span> <span class='ocrx_word' id='word_1_85' title='bbox 954 985 1053 1050; x_wconf 80' lang='grc' dir='ltr'>τὰς</span> <span class='ocrx_word' id='word_1_86' title='bbox 1086 985 1362 1057; x_wconf 83' lang='grc' dir='ltr'>μητρικάς</span> <span class='ocrx_word' id='word_1_87' title='bbox 1393 985 1594 1050; x_wconf 84' lang='grc' dir='ltr'>ὠδῖνας</span> <span class='ocrx_word' id='word_1_88' title='bbox 1622 985 1767 1040; x_wconf 89' lang='grc' dir='ltr'>λύων</span> <span class='ocrx_word' id='word_1_89' title='bbox 1801 987 1831 1041; x_wconf 89' lang='grc' dir='ltr'><strong>ό</strong></span> <span class='ocrx_word' id='word_1_90' title='bbox 1858 986 2149 1057; x_wconf 85' lang='grc' dir='ltr'>ἄνθρωπος</span> <span class='ocrx_word' id='word_1_91' title='bbox 2177 984 2314 1054; x_wconf 86' lang='grc' dir='ltr'>πρὸς</span> <span class='ocrx_word' id='word_1_92' title='bbox 2348 983 2449 1048; x_wconf 85' lang='grc' dir='ltr'>τὰς</span> <span class='ocrx_word' id='word_1_93' title='bbox 2482 985 2576 1037; x_wconf 91' lang='grc' dir='ltr'><strong>τοῦ</strong></span> <span class='ocrx_word' id='word_1_94' title='bbox 2606 985 2758 1055; x_wconf 83' lang='grc' dir='ltr'>ήλίου</span> <span class='ocrx_word' id='word_1_95' title='bbox 2792 985 3012 1057; x_wconf 77' lang='grc' dir='ltr'>ἔρχεται</span> <span class='ocrx_word' id='word_1_96' title='bbox 3038 989 3234 1055; x_wconf 80' lang='grc' dir='ltr'>αὐγάς.</span> 
     </span>
    </p>
   </div>
   <div class='ocr_carea' id='block_1_11' title="bbox 1033 1103 1575 1159">
    <p class='ocr_par' dir='ltr' id='par_1_11' title="bbox 1033 1103 1575 1159">
     <span class='ocr_line' id='line_1_11' title="bbox 1033 1103 1575 1159; baseline 0.004 -2"><span class='ocrx_word' id='word_1_97' title='bbox 1033 1105 1371 1159; x_wconf 81' lang='grc' dir='ltr'><strong>ΕΡΩΤΗΣΙΣ</strong></span> <span class='ocrx_word' id='word_1_98' title='bbox 1408 1103 1575 1159; x_wconf 87' lang='lat' dir='ltr'><strong>POE&#39;.</strong></span> 
     </span>
    </p>
   </div>
   <div class='ocr_carea' id='block_1_12' title="bbox 527 1194 1950 1266">
    <p class='ocr_par' dir='ltr' id='par_1_12' title="bbox 527 1194 1950 1266">
     <span class='ocr_line' id='line_1_12' title="bbox 527 1194 1950 1266; baseline -0.003 -15"><span class='ocrx_word' id='word_1_99' title='bbox 527 1198 589 1251; x_wconf 84' lang='grc' dir='ltr'>Τί</span> <span class='ocrx_word' id='word_1_100' title='bbox 636 1198 767 1251; x_wconf 83' lang='grc' dir='ltr'>ἐστι</span> <span class='ocrx_word' id='word_1_101' title='bbox 812 1196 900 1259; x_wconf 84' lang='grc' dir='ltr'>τὸ,</span> <span class='ocrx_word' id='word_1_102' title='bbox 959 1214 977 1244; x_wconf 79' lang='grc' dir='ltr'><strong>ι</strong></span> <span class='ocrx_word' id='word_1_103' title='bbox 1012 1198 1150 1249; x_wconf 78' lang='grc' dir='ltr'>Κατ’</span> <span class='ocrx_word' id='word_1_104' title='bbox 1192 1194 1457 1266; x_wconf 82' lang='grc' dir='ltr'>ἐμαυτοῦ</span> <span class='ocrx_word' id='word_1_105' title='bbox 1511 1194 1738 1265; x_wconf 80' lang='grc' dir='ltr'>ὤμοσα,</span> <span class='ocrx_word' id='word_1_106' title='bbox 1789 1194 1950 1264; x_wconf 74' lang='grc' dir='ltr'>λέγει</span> 
     </span>
    </p>
   </div>
   <div class='ocr_carea' id='block_1_13' title="bbox 1083 1268 1381 1335">
    <p class='ocr_par' dir='ltr' id='par_1_13' title="bbox 1083 1268 1381 1335">
     <span class='ocr_line' id='line_1_13' title="bbox 1083 1268 1381 1335; baseline -0.01 -13"><span class='ocrx_word' id='word_1_107' title='bbox 1083 1268 1333 1335; x_wconf 82' lang='grc' dir='ltr'>Κύριος;</span> <span class='ocrx_word' id='word_1_108' title='bbox 1359 1285 1381 1319; x_wconf 74' lang='grc' dir='ltr'><strong>ι</strong></span> 
     </span>
    </p>
   </div>
   <div class='ocr_carea' id='block_1_14' title="bbox 2173 1098 3678 1177">
    <p class='ocr_par' dir='ltr' id='par_1_14' title="bbox 2173 1098 3678 1177">
     <span class='ocr_line' id='line_1_14' title="bbox 2173 1098 3678 1177; baseline 0.003 -21"><span class='ocrx_word' id='word_1_109' title='bbox 2173 1098 2502 1167; x_wconf 66' lang='lat' dir='ltr'><strong>QUAESTIO</strong></span> <span class='ocrx_word' id='word_1_110' title='bbox 2531 1100 2785 1157; x_wconf 76' lang='lat' dir='ltr'><strong>CLXXV.</strong></span> <span class='ocrx_word' id='word_1_111' title='bbox 2816 1102 3006 1175; x_wconf 75' lang='lat' dir='ltr'><strong>[CoisL</strong></span> <span class='ocrx_word' id='word_1_112' title='bbox 3042 1103 3223 1168; x_wconf 85' lang='lat' dir='ltr'><strong>cciv,</strong></span> <span class='ocrx_word' id='word_1_113' title='bbox 3258 1109 3417 1159; x_wconf 84' lang='lat' dir='ltr'><strong>Taur.</strong></span> <span class='ocrx_word' id='word_1_114' title='bbox 3445 1104 3580 1160; x_wconf 85' lang='lat' dir='ltr'><strong>cxc</strong></span> <span class='ocrx_word' id='word_1_115' title='bbox 3599 1104 3678 1177; x_wconf 58' lang='lat'><strong>4;]</strong></span> 
     </span>
    </p>
   </div>
   <div class='ocr_carea' id='block_1_15' title="bbox 2139 1195 3715 1268">
    <p class='ocr_par' dir='ltr' id='par_1_15' title="bbox 2139 1195 3715 1268">
     <span class='ocr_line' id='line_1_15' title="bbox 2139 1195 3715 1268; baseline 0.001 -20"><span class='ocrx_word' id='word_1_116' title='bbox 2139 1195 2279 1260; x_wconf 80' lang='lat' dir='ltr'><strong>Quid</strong></span> <span class='ocrx_word' id='word_1_117' title='bbox 2338 1198 2407 1251; x_wconf 78' lang='lat' dir='ltr'><strong>sit</strong></span> <span class='ocrx_word' id='word_1_118' title='bbox 2450 1195 2585 1250; x_wconf 83' lang='lat' dir='ltr'><strong>illud</strong></span> <span class='ocrx_word' id='word_1_119' title='bbox 2636 1213 2714 1251; x_wconf 72' lang='grc' dir='ltr'><strong>ει</strong></span> <span class='ocrx_word' id='word_1_120' title='bbox 2746 1196 2855 1268; x_wconf 69' lang='lat' dir='ltr'><strong>Rer</strong></span> <span class='ocrx_word' id='word_1_121' title='bbox 2907 1198 3271 1268; x_wconf 75' lang='lat' dir='ltr'><strong>meritelipsum</strong></span> <span class='ocrx_word' id='word_1_122' title='bbox 3321 1200 3530 1268; x_wconf 82' lang='lat' dir='ltr'><strong>juruvi,</strong></span> <span class='ocrx_word' id='word_1_123' title='bbox 3587 1198 3715 1251; x_wconf 84' lang='lat' dir='ltr'><strong>dicit</strong></span> 
     </span>
    </p>
   </div>
   <div class='ocr_carea' id='block_1_16' title="bbox 2768 1267 3109 1321">
    <p class='ocr_par' dir='ltr' id='par_1_16' title="bbox 2768 1267 3109 1321">
     <span class='ocr_line' id='line_1_16' title="bbox 2768 1267 3109 1321; baseline 0 -1"><span class='ocrx_word' id='word_1_124' title='bbox 2768 1267 3068 1321; x_wconf 79' lang='lat' dir='ltr'><strong>Dominus?</strong></span> <span class='ocrx_word' id='word_1_125' title='bbox 3090 1287 3109 1320; x_wconf 71' lang='grc' dir='ltr'><strong>ι</strong></span> 
     </span>
    </p>
   </div>
   <div class='ocr_carea' id='block_1_17' title="bbox 1145 1400 2046 1468">
    <p class='ocr_par' dir='ltr' id='par_1_17' title="bbox 1145 1400 2046 1467">
     <span class='ocr_line' id='line_1_17' title="bbox 1145 1400 2046 1467; baseline -0.004 -12"><span class='ocrx_word' id='word_1_126' title='bbox 1145 1402 1292 1455; x_wconf 83' lang='lat' dir='ltr'><strong>Edita</strong></span> <span class='ocrx_word' id='word_1_127' title='bbox 1320 1417 1347 1453; x_wconf 85' lang='lat' dir='ltr'><strong>a</strong></span> <span class='ocrx_word' id='word_1_128' title='bbox 1381 1403 1509 1454; x_wconf 76' lang='lat' dir='ltr'><strong>Maio</strong></span> <span class='ocrx_word' id='word_1_129' title='bbox 1548 1402 1587 1467; x_wconf 93' lang='lat' dir='ltr'><strong>(l</strong></span> <span class='ocrx_word' id='word_1_130' title='bbox 1630 1415 1672 1452; x_wconf 93' lang='lat' dir='ltr'><strong>c.</strong></span> <span class='ocrx_word' id='word_1_131' title='bbox 1697 1416 1746 1465; x_wconf 93' lang='lat' dir='ltr'><strong>p.</strong></span> <span class='ocrx_word' id='word_1_132' title='bbox 1778 1400 2046 1464; x_wconf 74' lang='lat'><strong>106,107).</strong></span> 
     </span>
    </p>
   </div>
   <div class='ocr_carea' id='block_1_18' title="bbox 2130 1400 3008 1468">
    <p class='ocr_par' dir='ltr' id='par_1_18' title="bbox 2167 1401 3008 1468">
     <span class='ocr_line' id='line_1_18' title="bbox 2167 1401 3008 1468; baseline -0.001 -15"><span class='ocrx_word' id='word_1_133' title='bbox 2167 1401 2439 1468; x_wconf 79' lang='lat' dir='ltr'><strong>Exegetica</strong></span> <span class='ocrx_word' id='word_1_134' title='bbox 2467 1406 2531 1456; x_wconf 83' lang='lat' dir='ltr'><strong>In</strong></span> <span class='ocrx_word' id='word_1_135' title='bbox 2558 1406 2747 1455; x_wconf 88' lang='lat' dir='ltr'><strong>Jerem.</strong></span> <span class='ocrx_word' id='word_1_136' title='bbox 2776 1417 2908 1464; x_wconf 71' lang='grc' dir='ltr'>χιιι,</span> <span class='ocrx_word' id='word_1_137' title='bbox 2934 1404 3008 1452; x_wconf 78' lang='grc'><strong>15.</strong></span> 
     </span>
    </p>
   </div>
   <div class='ocr_carea' id='block_1_19' title="bbox 510 1531 2027 1604">
    <p class='ocr_par' dir='ltr' id='par_1_19' title="bbox 510 1531 2027 1604">
     <span class='ocr_line' id='line_1_19' title="bbox 510 1531 2027 1604; baseline -0.001 -19"><span class='ocrx_word' id='word_1_138' title='bbox 510 1552 530 1585; x_wconf 78' lang='grc' dir='ltr'><strong>ι</strong></span> <span class='ocrx_word' id='word_1_139' title='bbox 568 1532 703 1587; x_wconf 83' lang='grc' dir='ltr'>Κατ’</span> <span class='ocrx_word' id='word_1_140' title='bbox 735 1531 978 1603; x_wconf 77' lang='grc' dir='ltr'><strong>ἐμαυτοῦ</strong></span> <span class='ocrx_word' id='word_1_141' title='bbox 1019 1531 1248 1604; x_wconf 90' lang='grc' dir='ltr'>ὤμοσα,</span> <span class='ocrx_word' id='word_1_142' title='bbox 1274 1531 1426 1601; x_wconf 80' lang='grc' dir='ltr'><strong>λέγει</strong></span> <span class='ocrx_word' id='word_1_143' title='bbox 1462 1531 1702 1603; x_wconf 76' lang='grc' dir='ltr'>Κύριοςο</span> <span class='ocrx_word' id='word_1_144' title='bbox 1732 1549 1752 1584; x_wconf 68' lang='grc' dir='ltr'><strong>ι</strong></span> <span class='ocrx_word' id='word_1_145' title='bbox 1786 1533 1883 1587; x_wconf 74' lang='grc' dir='ltr'>καὶ</span> <span class='ocrx_word' id='word_1_146' title='bbox 1921 1531 2027 1585; x_wconf 83' lang='grc' dir='ltr'><strong>ποῦ</strong></span> 
     </span>
    </p>
   </div>
   <div class='ocr_carea' id='block_1_20' title="bbox 434 1620 2026 1696">
    <p class='ocr_par' dir='ltr' id='par_1_20' title="bbox 434 1620 2026 1696">
     <span class='ocr_line' id='line_1_20' title="bbox 434 1620 2026 1696; baseline -0.001 -18"><span class='ocrx_word' id='word_1_147' title='bbox 434 1624 622 1678; x_wconf 85' lang='grc' dir='ltr'>λαϐεῖν</span> <span class='ocrx_word' id='word_1_148' title='bbox 672 1622 820 1677; x_wconf 79' lang='grc' dir='ltr'>ἐστιν</span> <span class='ocrx_word' id='word_1_149' title='bbox 864 1622 1201 1694; x_wconf 80' lang='grc' dir='ltr'>όμωμοκότα</span> <span class='ocrx_word' id='word_1_150' title='bbox 1232 1623 1324 1676; x_wconf 87' lang='grc' dir='ltr'><strong>τὸν</strong></span> <span class='ocrx_word' id='word_1_151' title='bbox 1358 1622 1494 1677; x_wconf 86' lang='grc' dir='ltr'>Θεὸν</span> <span class='ocrx_word' id='word_1_152' title='bbox 1523 1622 1557 1691; x_wconf 78' lang='grc' dir='ltr'>ἢ</span> <span class='ocrx_word' id='word_1_153' title='bbox 1582 1620 1707 1676; x_wconf 83' lang='grc' dir='ltr'>καθ’</span> <span class='ocrx_word' id='word_1_154' title='bbox 1746 1622 1964 1690; x_wconf 88' lang='grc' dir='ltr'>ἐαυτοῦ,</span> <span class='ocrx_word' id='word_1_155' title='bbox 1992 1624 2026 1696; x_wconf 85' lang='grc' dir='ltr'>ἢ</span> 
     </span>
    </p>
   </div>
   <div class='ocr_carea' id='block_1_21' title="bbox 434 1713 2027 1787">
    <p class='ocr_par' dir='ltr' id='par_1_21' title="bbox 434 1713 2027 1787">
     <span class='ocr_line' id='line_1_21' title="bbox 434 1713 2027 1787; baseline -0.002 -15"><span class='ocrx_word' id='word_1_156' title='bbox 434 1717 558 1773; x_wconf 83' lang='grc' dir='ltr'>καθ’</span> <span class='ocrx_word' id='word_1_157' title='bbox 583 1715 772 1787; x_wconf 83' lang='grc' dir='ltr'>ἐτέρου</span> <span class='ocrx_word' id='word_1_158' title='bbox 814 1714 1000 1781; x_wconf 86' lang='grc' dir='ltr'>τινός;</span> <span class='ocrx_word' id='word_1_159' title='bbox 1032 1714 1158 1777; x_wconf 85' lang='grc' dir='ltr'>ῐιῶς</span> <span class='ocrx_word' id='word_1_160' title='bbox 1185 1713 1232 1766; x_wconf 79' lang='grc' dir='ltr'>δ’</span> <span class='ocrx_word' id='word_1_161' title='bbox 1263 1713 1330 1768; x_wconf 82' lang='grc' dir='ltr'><strong>ἂν</strong></span> <span class='ocrx_word' id='word_1_162' title='bbox 1371 1713 1504 1778; x_wconf 79' lang='grc' dir='ltr'>Θεὸς</span> <span class='ocrx_word' id='word_1_163' title='bbox 1536 1714 1844 1786; x_wconf 86' lang='grc' dir='ltr'>όμωμόκει,</span> <span class='ocrx_word' id='word_1_164' title='bbox 1889 1716 2027 1770; x_wconf 83' lang='grc' dir='ltr'>πάν-</span> 
     </span>
    </p>
   </div>
   <div class='ocr_carea' id='block_1_22' title="bbox 436 1804 2027 1879">
    <p class='ocr_par' dir='ltr' id='par_1_22' title="bbox 436 1804 2027 1879">
     <span class='ocr_line' id='line_1_22' title="bbox 436 1804 2027 1879; baseline 0 -18"><span class='ocrx_word' id='word_1_165' title='bbox 436 1826 537 1871; x_wconf 89' lang='grc' dir='ltr'>τας</span> <span class='ocrx_word' id='word_1_166' title='bbox 558 1807 844 1879; x_wconf 84' lang='grc' dir='ltr'>άπείργων</span> <span class='ocrx_word' id='word_1_167' title='bbox 869 1806 961 1860; x_wconf 80' lang='grc' dir='ltr'>διὰ</span> <span class='ocrx_word' id='word_1_168' title='bbox 984 1804 1094 1859; x_wconf 84' lang='grc' dir='ltr'>τῶν</span> <span class='ocrx_word' id='word_1_169' title='bbox 1129 1805 1485 1875; x_wconf 85' lang='grc' dir='ltr'>Εὑαγγελίων</span> <span class='ocrx_word' id='word_1_170' title='bbox 1523 1806 1633 1860; x_wconf 87' lang='grc' dir='ltr'><strong>άπὸ</strong></span> <span class='ocrx_word' id='word_1_171' title='bbox 1650 1806 1853 1870; x_wconf 89' lang='grc' dir='ltr'>παντὸς</span> <span class='ocrx_word' id='word_1_172' title='bbox 1895 1807 2027 1861; x_wconf 88' lang='grc' dir='ltr'>ἐαυ-</span> 
     </span>
    </p>
   </div>
   <div class='ocr_carea' id='block_1_23' title="bbox 2208 1530 3716 1603">
    <p class='ocr_par' dir='ltr' id='par_1_23' title="bbox 2208 1530 3716 1603">
     <span class='ocr_line' id='line_1_23' title="bbox 2208 1530 3716 1603; baseline -0.001 -18"><span class='ocrx_word' id='word_1_173' title='bbox 2208 1552 2226 1585; x_wconf 83' lang='grc' dir='ltr'><strong>ι</strong></span> <span class='ocrx_word' id='word_1_174' title='bbox 2261 1534 2364 1589; x_wconf 87' lang='lat' dir='ltr'><strong>Per</strong></span> <span class='ocrx_word' id='word_1_175' title='bbox 2407 1534 2791 1603; x_wconf 89' lang='lat' dir='ltr'><strong>memetipsum</strong></span> <span class='ocrx_word' id='word_1_176' title='bbox 2820 1532 3022 1603; x_wconf 86' lang='lat' dir='ltr'><strong>iuravi,</strong></span> <span class='ocrx_word' id='word_1_177' title='bbox 3058 1531 3188 1585; x_wconf 85' lang='lat' dir='ltr'><strong>o.cit</strong></span> <span class='ocrx_word' id='word_1_178' title='bbox 3226 1530 3526 1599; x_wconf 85' lang='lat' dir='ltr'><strong>Dominus;</strong></span> <span class='ocrx_word' id='word_1_179' title='bbox 3553 1549 3572 1583; x_wconf 74' lang='grc' dir='ltr'><strong>ι</strong></span> <span class='ocrx_word' id='word_1_180' title='bbox 3608 1546 3716 1600; x_wconf 87' lang='lat' dir='ltr'><strong>quo</strong></span> 
     </span>
    </p>
   </div>
   <div class='ocr_carea' id='block_1_24' title="bbox 2128 1623 3713 1696">
    <p class='ocr_par' dir='ltr' id='par_1_24' title="bbox 2128 1623 3713 1696">
     <span class='ocr_line' id='line_1_24' title="bbox 2128 1623 3713 1696; baseline -0.004 -14"><span class='ocrx_word' id='word_1_181' title='bbox 2128 1642 2293 1682; x_wconf 89' lang='lat' dir='ltr'><strong>sensu</strong></span> <span class='ocrx_word' id='word_1_182' title='bbox 2325 1625 2495 1682; x_wconf 88' lang='lat' dir='ltr'><strong>Deum</strong></span> <span class='ocrx_word' id='word_1_183' title='bbox 2532 1628 2649 1683; x_wconf 88' lang='lat' dir='ltr'><strong>sive</strong></span> <span class='ocrx_word' id='word_1_184' title='bbox 2688 1641 2785 1696; x_wconf 91' lang='lat' dir='ltr'><strong>per</strong></span> <span class='ocrx_word' id='word_1_185' title='bbox 2836 1624 3194 1694; x_wconf 89' lang='lat' dir='ltr'><strong>semetipsum</strong></span> <span class='ocrx_word' id='word_1_186' title='bbox 3247 1623 3365 1679; x_wconf 87' lang='lat' dir='ltr'><strong>sive</strong></span> <span class='ocrx_word' id='word_1_187' title='bbox 3413 1639 3509 1694; x_wconf 77' lang='lat' dir='ltr'><strong>per</strong></span> <span class='ocrx_word' id='word_1_188' title='bbox 3544 1623 3713 1678; x_wconf 91' lang='lat' dir='ltr'><strong>alium</strong></span> 
     </span>
    </p>
   </div>
   <div class='ocr_carea' id='block_1_25' title="bbox 2128 1715 3715 1790">
    <p class='ocr_par' dir='ltr' id='par_1_25' title="bbox 2128 1715 3715 1790">
     <span class='ocr_line' id='line_1_25' title="bbox 2128 1715 3715 1790; baseline -0.004 -17"><span class='ocrx_word' id='word_1_189' title='bbox 2128 1717 2421 1789; x_wconf 85' lang='lat' dir='ltr'><strong>quemdam</strong></span> <span class='ocrx_word' id='word_1_190' title='bbox 2447 1719 2721 1790; x_wconf 87' lang='lat' dir='ltr'><strong>juravisse</strong></span> <span class='ocrx_word' id='word_1_191' title='bbox 2750 1717 3080 1772; x_wconf 89' lang='lat' dir='ltr'><strong>sumendum</strong></span> <span class='ocrx_word' id='word_1_192' title='bbox 3106 1715 3214 1771; x_wconf 86' lang='lat' dir='ltr'><strong>sit?</strong></span> <span class='ocrx_word' id='word_1_193' title='bbox 3260 1715 3551 1783; x_wconf 84' lang='lat' dir='ltr'><strong>Quomodo</strong></span> <span class='ocrx_word' id='word_1_194' title='bbox 3581 1731 3715 1770; x_wconf 84' lang='lat' dir='ltr'><strong>vero</strong></span> 
     </span>
    </p>
   </div>
   <div class='ocr_carea' id='block_1_26' title="bbox 2127 1808 3713 1881">
    <p class='ocr_par' dir='ltr' id='par_1_26' title="bbox 2127 1808 3713 1881">
     <span class='ocr_line' id='line_1_26' title="bbox 2127 1808 3713 1881; baseline -0.004 -16"><span class='ocrx_word' id='word_1_195' title='bbox 2127 1811 2271 1866; x_wconf 91' lang='lat' dir='ltr'><strong>Deus</strong></span> <span class='ocrx_word' id='word_1_196' title='bbox 2296 1811 2464 1881; x_wconf 87' lang='lat' dir='ltr'><strong>iuret,</strong></span> <span class='ocrx_word' id='word_1_197' title='bbox 2518 1827 2644 1866; x_wconf 89' lang='lat' dir='ltr'><strong>cum</strong></span> <span class='ocrx_word' id='word_1_198' title='bbox 2681 1810 2737 1864; x_wconf 91' lang='lat' dir='ltr'><strong>in</strong></span> <span class='ocrx_word' id='word_1_199' title='bbox 2772 1809 3067 1880; x_wconf 85' lang='lat' dir='ltr'><strong>Evangelio</strong></span> <span class='ocrx_word' id='word_1_200' title='bbox 3105 1824 3298 1863; x_wconf 88' lang='lat' dir='ltr'><strong>cavere</strong></span> <span class='ocrx_word' id='word_1_201' title='bbox 3341 1824 3372 1863; x_wconf 87' lang='lat' dir='ltr'><strong>a</strong></span> <span class='ocrx_word' id='word_1_202' title='bbox 3396 1808 3713 1879; x_wconf 85' lang='lat' dir='ltr'><strong>iuramento</strong></span> 
     </span>
    </p>
   </div>
   <div class='ocr_carea' id='block_1_27' title="bbox 436 1895 2046 1994">
    <p class='ocr_par' dir='ltr' id='par_1_27' title="bbox 436 1895 2027 1970">
     <span class='ocr_line' id='line_1_27' title="bbox 436 1895 2027 1970; baseline 0 -18"><span class='ocrx_word' id='word_1_203' title='bbox 436 1898 565 1962; x_wconf 85' lang='grc' dir='ltr'>τοὺς</span> <span class='ocrx_word' id='word_1_204' title='bbox 595 1897 889 1967; x_wconf 81' lang='grc' dir='ltr'>φυλάττειν</span> <span class='ocrx_word' id='word_1_205' title='bbox 935 1896 1101 1967; x_wconf 84' lang='grc' dir='ltr'>ὅρκου</span> <span class='ocrx_word' id='word_1_206' title='bbox 1154 1895 1248 1949; x_wconf 80' lang='grc' dir='ltr'><strong>καὶ</strong></span> <span class='ocrx_word' id='word_1_207' title='bbox 1304 1895 1380 1968; x_wconf 82' lang='grc' dir='ltr'>μὴ</span> <span class='ocrx_word' id='word_1_208' title='bbox 1419 1899 1486 1968; x_wconf 76' lang='grc' dir='ltr'>τῇ</span> <span class='ocrx_word' id='word_1_209' title='bbox 1526 1895 1743 1969; x_wconf 84' lang='grc' dir='ltr'><strong>γλώττῃ</strong></span> <span class='ocrx_word' id='word_1_210' title='bbox 1789 1897 2027 1970; x_wconf 81' lang='grc' dir='ltr'>χρῆσθαι</span> 
     </span>
    </p>
   </div>
   <div class='ocr_carea' id='block_1_28' title="bbox 2130 1895 3713 1994">
    <p class='ocr_par' dir='ltr' id='par_1_28' title="bbox 2130 1900 3713 1974">
     <span class='ocr_line' id='line_1_28' title="bbox 2130 1900 3713 1974; baseline -0.003 -17"><span class='ocrx_word' id='word_1_211' title='bbox 2130 1903 2318 1973; x_wconf 87' lang='lat' dir='ltr'><strong>iubeat</strong></span> <span class='ocrx_word' id='word_1_212' title='bbox 2351 1913 2407 1958; x_wconf 92' lang='lat' dir='ltr'><strong>et</strong></span> <span class='ocrx_word' id='word_1_213' title='bbox 2454 1903 2638 1974; x_wconf 84' lang='lat' dir='ltr'><strong>lingua</strong></span> <span class='ocrx_word' id='word_1_214' title='bbox 2669 1903 2746 1958; x_wconf 88' lang='lat' dir='ltr'><strong>uti</strong></span> <span class='ocrx_word' id='word_1_215' title='bbox 2779 1903 2847 1958; x_wconf 93' lang='lat' dir='ltr'><strong>ad</strong></span> <span class='ocrx_word' id='word_1_216' title='bbox 2872 1900 3248 1957; x_wconf 83' lang='lat' dir='ltr'><strong>auxiliandum</strong></span> <span class='ocrx_word' id='word_1_217' title='bbox 3288 1900 3557 1970; x_wconf 87' lang='lat' dir='ltr'><strong>iuratoris</strong></span> <span class='ocrx_word' id='word_1_218' title='bbox 3594 1901 3713 1954; x_wconf 91' lang='lat' dir='ltr'><strong>voci</strong></span> 
     </span>
    </p>
   </div>
   <div class='ocr_carea' id='block_1_29' title="bbox 435 1988 2027 2061">
    <p class='ocr_par' dir='ltr' id='par_1_29' title="bbox 435 1988 2027 2061">
     <span class='ocr_line' id='line_1_29' title="bbox 435 1988 2027 2061; baseline 0.001 -18"><span class='ocrx_word' id='word_1_219' title='bbox 435 1990 575 2061; x_wconf 85' lang='grc' dir='ltr'>πρὸς</span> <span class='ocrx_word' id='word_1_220' title='bbox 636 1989 948 2059; x_wconf 83' lang='grc' dir='ltr'><strong>ὑπηρεσίαν</strong></span> <span class='ocrx_word' id='word_1_221' title='bbox 1012 1988 1241 2058; x_wconf 90' lang='grc' dir='ltr'>ἐνόρκου</span> <span class='ocrx_word' id='word_1_222' title='bbox 1295 1989 1479 2059; x_wconf 82' lang='grc' dir='ltr'><strong>φωνῆς</strong></span> <span class='ocrx_word' id='word_1_223' title='bbox 1512 2007 1527 2057; x_wconf 89' lang='lat'><strong>;</strong></span> <span class='ocrx_word' id='word_1_224' title='bbox 1558 1988 1672 2043; x_wconf 76' lang='grc' dir='ltr'><strong>Καὶ</strong></span> <span class='ocrx_word' id='word_1_225' title='bbox 1721 1989 1830 2061; x_wconf 86' lang='grc' dir='ltr'>γὰρ</span> <span class='ocrx_word' id='word_1_226' title='bbox 1882 1990 2027 2045; x_wconf 83' lang='grc' dir='ltr'>κατὰ</span> 
     </span>
    </p>
   </div>
   <div class='ocr_carea' id='block_1_30' title="bbox 433 2079 2023 2153">
    <p class='ocr_par' dir='ltr' id='par_1_30' title="bbox 433 2079 2023 2153">
     <span class='ocr_line' id='line_1_30' title="bbox 433 2079 2023 2153; baseline 0.001 -18"><span class='ocrx_word' id='word_1_227' title='bbox 433 2083 615 2137; x_wconf 82' lang='grc' dir='ltr'>πάντα</span> <span class='ocrx_word' id='word_1_228' title='bbox 639 2080 930 2151; x_wconf 81' lang='grc' dir='ltr'>σύμφωνος</span> <span class='ocrx_word' id='word_1_229' title='bbox 963 2079 1045 2152; x_wconf 84' lang='grc' dir='ltr'>τῷ</span> <span class='ocrx_word' id='word_1_230' title='bbox 1078 2079 1255 2151; x_wconf 74' lang='grc' dir='ltr'>Πατρὶ</span> <span class='ocrx_word' id='word_1_231' title='bbox 1279 2082 1307 2134; x_wconf 90' lang='grc' dir='ltr'><strong>ό</strong></span> <span class='ocrx_word' id='word_1_232' title='bbox 1341 2080 1469 2146; x_wconf 84' lang='grc' dir='ltr'>Υἱός</span> <span class='ocrx_word' id='word_1_233' title='bbox 1500 2097 1516 2113; x_wconf 89' lang='grc'><strong>·</strong></span> <span class='ocrx_word' id='word_1_234' title='bbox 1550 2081 1646 2134; x_wconf 78' lang='grc' dir='ltr'><strong>καὶ</strong></span> <span class='ocrx_word' id='word_1_235' title='bbox 1672 2080 1817 2153; x_wconf 82' lang='grc' dir='ltr'>ἆπερ</span> <span class='ocrx_word' id='word_1_236' title='bbox 1843 2082 2023 2152; x_wconf 81' lang='grc' dir='ltr'><strong>λέγει,</strong></span> 
     </span>
    </p>
   </div>
   <div class='ocr_carea' id='block_1_31' title="bbox 439 2165 2025 2243">
    <p class='ocr_par' dir='ltr' id='par_1_31' title="bbox 439 2165 2025 2243">
     <span class='ocr_line' id='line_1_31' title="bbox 439 2165 2025 2243; baseline -0.001 -16"><span class='ocrx_word' id='word_1_237' title='bbox 439 2173 500 2237; x_wconf 82' lang='grc' dir='ltr'><strong>ἐξ</strong></span> <span class='ocrx_word' id='word_1_238' title='bbox 531 2170 698 2226; x_wconf 87' lang='grc' dir='ltr'>αὑτοῦ</span> <span class='ocrx_word' id='word_1_239' title='bbox 720 2169 904 2224; x_wconf 88' lang='grc' dir='ltr'>λαϐὼν</span> <span class='ocrx_word' id='word_1_240' title='bbox 933 2168 1049 2241; x_wconf 74' lang='grc' dir='ltr'>ἔχει</span> <span class='ocrx_word' id='word_1_241' title='bbox 1077 2185 1092 2200; x_wconf 91' lang='grc'><strong>·</strong></span> <span class='ocrx_word' id='word_1_242' title='bbox 1122 2165 1284 2224; x_wconf 84' lang='grc' dir='ltr'>τίοῦν</span> <span class='ocrx_word' id='word_1_243' title='bbox 1312 2172 1429 2223; x_wconf 89' lang='grc' dir='ltr'>ἐστι</span> <span class='ocrx_word' id='word_1_244' title='bbox 1460 2171 1545 2236; x_wconf 89' lang='grc' dir='ltr'><strong>τὸ,</strong></span> <span class='ocrx_word' id='word_1_245' title='bbox 1587 2170 1753 2225; x_wconf 78' lang='grc' dir='ltr'>«Κατ’</span> <span class='ocrx_word' id='word_1_246' title='bbox 1782 2171 2025 2243; x_wconf 77' lang='grc' dir='ltr'>ἐμαυτοῦ</span> 
     </span>
    </p>
   </div>
   <div class='ocr_carea' id='block_1_32' title="bbox 434 2260 2026 2335">
    <p class='ocr_par' dir='ltr' id='par_1_32' title="bbox 434 2260 2026 2335">
     <span class='ocr_line' id='line_1_32' title="bbox 434 2260 2026 2335; baseline -0.002 -17"><span class='ocrx_word' id='word_1_247' title='bbox 434 2264 647 2335; x_wconf 87' lang='grc' dir='ltr'>ὤμοσα,</span> <span class='ocrx_word' id='word_1_248' title='bbox 676 2261 829 2331; x_wconf 82' lang='grc' dir='ltr'>λέγει</span> <span class='ocrx_word' id='word_1_249' title='bbox 857 2261 1064 2333; x_wconf 80' lang='grc' dir='ltr'>Κύριος</span> <span class='ocrx_word' id='word_1_250' title='bbox 1098 2277 1147 2327; x_wconf 75' lang='grc' dir='ltr'>ς»</span> <span class='ocrx_word' id='word_1_251' title='bbox 1188 2261 1310 2315; x_wconf 78' lang='grc' dir='ltr'>ἀντὶ</span> <span class='ocrx_word' id='word_1_252' title='bbox 1339 2260 1457 2326; x_wconf 90' lang='grc' dir='ltr'>τοῦ,</span> <span class='ocrx_word' id='word_1_253' title='bbox 1486 2262 1575 2326; x_wconf 82' lang='grc' dir='ltr'>Ὠς</span> <span class='ocrx_word' id='word_1_254' title='bbox 1618 2262 1765 2315; x_wconf 85' lang='grc' dir='ltr'>ἐστιν</span> <span class='ocrx_word' id='word_1_255' title='bbox 1810 2262 2026 2335; x_wconf 87' lang='grc' dir='ltr'>ἀνθρώ-</span> 
     </span>
    </p>
   </div>
   <div class='ocr_carea' id='block_1_33' title="bbox 434 2350 2026 2425">
    <p class='ocr_par' dir='ltr' id='par_1_33' title="bbox 434 2350 2026 2425">
     <span class='ocr_line' id='line_1_33' title="bbox 434 2350 2026 2425; baseline 0.002 -21"><span class='ocrx_word' id='word_1_256' title='bbox 434 2368 558 2416; x_wconf 81' lang='grc' dir='ltr'>ποις</span> <span class='ocrx_word' id='word_1_257' title='bbox 590 2353 624 2422; x_wconf 84' lang='grc' dir='ltr'>ἠ</span> <span class='ocrx_word' id='word_1_258' title='bbox 661 2350 755 2407; x_wconf 88' lang='grc' dir='ltr'><strong>τοῦ</strong></span> <span class='ocrx_word' id='word_1_259' title='bbox 784 2350 948 2422; x_wconf 82' lang='grc' dir='ltr'>ὅρκου</span> <span class='ocrx_word' id='word_1_260' title='bbox 976 2350 1206 2421; x_wconf 88' lang='grc' dir='ltr'>δύναμις</span> <span class='ocrx_word' id='word_1_261' title='bbox 1238 2350 1534 2419; x_wconf 89' lang='grc' dir='ltr'>βεϐαιοῦσα</span> <span class='ocrx_word' id='word_1_262' title='bbox 1577 2352 1639 2405; x_wconf 90' lang='grc' dir='ltr'><strong>τὸ</strong></span> <span class='ocrx_word' id='word_1_263' title='bbox 1666 2352 2026 2425; x_wconf 86' lang='grc' dir='ltr'>ὑπισχνούμε-</span> 
     </span>
    </p>
   </div>
   <div class='ocr_carea' id='block_1_34' title="bbox 433 2442 2025 2518">
    <p class='ocr_par' dir='ltr' id='par_1_34' title="bbox 433 2442 2025 2518">
     <span class='ocr_line' id='line_1_34' title="bbox 433 2442 2025 2518; baseline 0.003 -21"><span class='ocrx_word' id='word_1_264' title='bbox 433 2460 546 2511; x_wconf 91' lang='grc' dir='ltr'>νον,</span> <span class='ocrx_word' id='word_1_265' title='bbox 595 2442 772 2507; x_wconf 77' lang='grc' dir='ltr'>οὑτως</span> <span class='ocrx_word' id='word_1_266' title='bbox 819 2443 938 2496; x_wconf 78' lang='grc' dir='ltr'>ἐστὶ</span> <span class='ocrx_word' id='word_1_267' title='bbox 980 2442 1083 2513; x_wconf 80' lang='grc' dir='ltr'>τῆς</span> <span class='ocrx_word' id='word_1_268' title='bbox 1126 2443 1269 2514; x_wconf 79' lang='grc' dir='ltr'>ἐμῆς</span> <span class='ocrx_word' id='word_1_269' title='bbox 1324 2444 1661 2514; x_wconf 76' lang='grc' dir='ltr'>ἐπαγγελίας</span> <span class='ocrx_word' id='word_1_270' title='bbox 1699 2444 1761 2499; x_wconf 92' lang='grc' dir='ltr'><strong>τὸ</strong></span> <span class='ocrx_word' id='word_1_271' title='bbox 1802 2446 2025 2518; x_wconf 86' lang='grc' dir='ltr'>ἀπαρά-</span> 
     </span>
    </p>
   </div>
   <div class='ocr_carea' id='block_1_35' title="bbox 2129 1993 3718 2068">
    <p class='ocr_par' dir='ltr' id='par_1_35' title="bbox 2129 1993 3718 2068">
     <span class='ocr_line' id='line_1_35' title="bbox 2129 1993 3718 2068; baseline -0.003 -18"><span class='ocrx_word' id='word_1_272' title='bbox 2129 1997 2453 2068; x_wconf 73' lang='lat' dir='ltr'><strong>prohibeat?</strong></span> <span class='ocrx_word' id='word_1_273' title='bbox 2499 1997 2713 2052; x_wconf 81' lang='lat' dir='ltr'><strong>Etenim</strong></span> <span class='ocrx_word' id='word_1_274' title='bbox 2768 1997 2995 2051; x_wconf 89' lang='lat' dir='ltr'><strong>omnino</strong></span> <span class='ocrx_word' id='word_1_275' title='bbox 3069 1993 3413 2050; x_wconf 83' lang='lat' dir='ltr'><strong>concordant</strong></span> <span class='ocrx_word' id='word_1_276' title='bbox 3459 1993 3622 2049; x_wconf 89' lang='lat' dir='ltr'><strong>Pater</strong></span> <span class='ocrx_word' id='word_1_277' title='bbox 3661 2002 3718 2045; x_wconf 75' lang='lat' dir='ltr'><strong>et</strong></span> 
     </span>
    </p>
   </div>
   <div class='ocr_carea' id='block_1_36' title="bbox 2128 2083 3716 2159">
    <p class='ocr_par' dir='ltr' id='par_1_36' title="bbox 2128 2083 3716 2159">
     <span class='ocr_line' id='line_1_36' title="bbox 2128 2083 3716 2159; baseline -0.003 -17"><span class='ocrx_word' id='word_1_278' title='bbox 2128 2088 2331 2154; x_wconf 85' lang='lat' dir='ltr'><strong>Filius,</strong></span> <span class='ocrx_word' id='word_1_279' title='bbox 2360 2097 2414 2143; x_wconf 90' lang='lat' dir='ltr'><strong>et</strong></span> <span class='ocrx_word' id='word_1_280' title='bbox 2435 2088 2583 2159; x_wconf 91' lang='lat' dir='ltr'><strong>quod</strong></span> <span class='ocrx_word' id='word_1_281' title='bbox 2627 2086 2799 2142; x_wconf 80' lang='lat' dir='ltr'><strong>Filius</strong></span> <span class='ocrx_word' id='word_1_282' title='bbox 2848 2086 2983 2142; x_wconf 88' lang='lat' dir='ltr'><strong>dicit</strong></span> <span class='ocrx_word' id='word_1_283' title='bbox 3006 2100 3071 2140; x_wconf 81' lang='lat' dir='ltr'><strong>ex</strong></span> <span class='ocrx_word' id='word_1_284' title='bbox 3102 2084 3267 2138; x_wconf 84' lang='lat' dir='ltr'><strong>Patre</strong></span> <span class='ocrx_word' id='word_1_285' title='bbox 3293 2084 3519 2139; x_wconf 85' lang='lat' dir='ltr'><strong>audivit.</strong></span> <span class='ocrx_word' id='word_1_286' title='bbox 3572 2083 3716 2149; x_wconf 89' lang='lat' dir='ltr'><strong>Quid</strong></span> 
     </span>
    </p>
   </div>
   <div class='ocr_carea' id='block_1_37' title="bbox 2128 2174 3722 2249">
    <p class='ocr_par' dir='ltr' id='par_1_37' title="bbox 2128 2174 3722 2249">
     <span class='ocr_line' id='line_1_37' title="bbox 2128 2174 3722 2249; baseline -0.004 -13"><span class='ocrx_word' id='word_1_287' title='bbox 2128 2181 2201 2236; x_wconf 87' lang='lat' dir='ltr'><strong>sit</strong></span> <span class='ocrx_word' id='word_1_288' title='bbox 2241 2194 2375 2249; x_wconf 80' lang='lat' dir='ltr'><strong>ergo</strong></span> <span class='ocrx_word' id='word_1_289' title='bbox 2419 2178 2551 2235; x_wconf 91' lang='lat' dir='ltr'><strong>illud</strong></span> <span class='ocrx_word' id='word_1_290' title='bbox 2578 2195 2593 2234; x_wconf 92' lang='lat'><strong>:</strong></span> <span class='ocrx_word' id='word_1_291' title='bbox 2640 2199 2657 2231; x_wconf 80' lang='grc' dir='ltr'><strong>ι</strong></span> <span class='ocrx_word' id='word_1_292' title='bbox 2685 2177 2792 2234; x_wconf 82' lang='lat' dir='ltr'><strong>Per</strong></span> <span class='ocrx_word' id='word_1_293' title='bbox 2818 2179 3205 2248; x_wconf 88' lang='lat' dir='ltr'><strong>memetipsum</strong></span> <span class='ocrx_word' id='word_1_294' title='bbox 3227 2176 3434 2247; x_wconf 88' lang='lat' dir='ltr'><strong>iuravi,</strong></span> <span class='ocrx_word' id='word_1_295' title='bbox 3456 2175 3589 2231; x_wconf 88' lang='lat' dir='ltr'><strong>dicit</strong></span> <span class='ocrx_word' id='word_1_296' title='bbox 3613 2174 3722 2229; x_wconf 85' lang='lat' dir='ltr'><strong>Do-</strong></span> 
     </span>
    </p>
   </div>
   <div class='ocr_carea' id='block_1_38' title="bbox 2129 2265 3718 2338">
    <p class='ocr_par' dir='ltr' id='par_1_38' title="bbox 2129 2265 3718 2338">
     <span class='ocr_line' id='line_1_38' title="bbox 2129 2265 3718 2338; baseline -0.004 -14"><span class='ocrx_word' id='word_1_297' title='bbox 2129 2269 2397 2325; x_wconf 67' lang='lat' dir='ltr'><strong>minus?)</strong></span> <span class='ocrx_word' id='word_1_298' title='bbox 2460 2268 2567 2324; x_wconf 90' lang='lat' dir='ltr'><strong>hoc</strong></span> <span class='ocrx_word' id='word_1_299' title='bbox 2606 2277 2725 2334; x_wconf 85' lang='lat' dir='ltr'><strong>est,</strong></span> <span class='ocrx_word' id='word_1_300' title='bbox 2767 2266 3232 2338; x_wconf 89' lang='lat' dir='ltr'><strong>quemadmodum</strong></span> <span class='ocrx_word' id='word_1_301' title='bbox 3278 2266 3422 2337; x_wconf 90' lang='lat' dir='ltr'><strong>apud</strong></span> <span class='ocrx_word' id='word_1_302' title='bbox 3466 2265 3718 2319; x_wconf 80' lang='lat' dir='ltr'><strong>homines</strong></span> 
     </span>
    </p>
   </div>
   <div class='ocr_carea' id='block_1_39' title="bbox 2127 2355 3719 2430">
    <p class='ocr_par' dir='ltr' id='par_1_39' title="bbox 2127 2355 3719 2430">
     <span class='ocr_line' id='line_1_39' title="bbox 2127 2355 3719 2430; baseline -0.003 -15"><span class='ocrx_word' id='word_1_303' title='bbox 2127 2360 2304 2417; x_wconf 88' lang='lat' dir='ltr'><strong>virtus</strong></span> <span class='ocrx_word' id='word_1_304' title='bbox 2339 2359 2638 2430; x_wconf 85' lang='lat' dir='ltr'><strong>iuramenti</strong></span> <span class='ocrx_word' id='word_1_305' title='bbox 2684 2358 3083 2429; x_wconf 89' lang='lat' dir='ltr'><strong>promissiones</strong></span> <span class='ocrx_word' id='word_1_306' title='bbox 3110 2357 3380 2411; x_wconf 81' lang='lat' dir='ltr'><strong>ﬁrmiores</strong></span> <span class='ocrx_word' id='word_1_307' title='bbox 3409 2355 3603 2419; x_wconf 88' lang='lat' dir='ltr'><strong>reddit,</strong></span> <span class='ocrx_word' id='word_1_308' title='bbox 3641 2356 3719 2411; x_wconf 85' lang='lat' dir='ltr'><strong>ita</strong></span> 
     </span>
    </p>
   </div>
   <div class='ocr_carea' id='block_1_40' title="bbox 2129 2446 3715 2517">
    <p class='ocr_par' dir='ltr' id='par_1_40' title="bbox 2129 2446 3715 2517">
     <span class='ocr_line' id='line_1_40' title="bbox 2129 2446 3715 2517; baseline -0.006 -8"><span class='ocrx_word' id='word_1_309' title='bbox 2129 2461 2185 2509; x_wconf 92' lang='lat' dir='ltr'><strong>et</strong></span> <span class='ocrx_word' id='word_1_310' title='bbox 2241 2466 2362 2507; x_wconf 90' lang='lat' dir='ltr'><strong>mea</strong></span> <span class='ocrx_word' id='word_1_311' title='bbox 2414 2450 2714 2508; x_wconf 89' lang='lat' dir='ltr'><strong>declaratio</strong></span> <span class='ocrx_word' id='word_1_312' title='bbox 2774 2449 3107 2505; x_wconf 85' lang='lat' dir='ltr'><strong>inviolabilis</strong></span> <span class='ocrx_word' id='word_1_313' title='bbox 3160 2457 3263 2504; x_wconf 87' lang='lat' dir='ltr'><strong>est.</strong></span> <span class='ocrx_word' id='word_1_314' title='bbox 3336 2446 3491 2517; x_wconf 76' lang='lat' dir='ltr'><strong>Saepe</strong></span> <span class='ocrx_word' id='word_1_315' title='bbox 3533 2457 3715 2500; x_wconf 85' lang='lat' dir='ltr'><strong>autem</strong></span> 
     </span>
    </p>
   </div>
   <div class='ocr_carea' id='block_1_41' title="bbox 435 2535 2046 2616">
    <p class='ocr_par' dir='ltr' id='par_1_41' title="bbox 435 2535 2026 2611">
     <span class='ocr_line' id='line_1_41' title="bbox 435 2535 2026 2611; baseline 0.005 -24"><span class='ocrx_word' id='word_1_316' title='bbox 435 2536 605 2590; x_wconf 86' lang='grc' dir='ltr'>ϐατον</span> <span class='ocrx_word' id='word_1_317' title='bbox 633 2552 649 2567; x_wconf 70' lang='grc' dir='ltr'><strong>ν</strong></span> <span class='ocrx_word' id='word_1_318' title='bbox 683 2535 848 2606; x_wconf 84' lang='grc' dir='ltr'>ὅρκου</span> <span class='ocrx_word' id='word_1_319' title='bbox 874 2536 985 2607; x_wconf 84' lang='grc' dir='ltr'>γὰρ</span> <span class='ocrx_word' id='word_1_320' title='bbox 1025 2535 1288 2599; x_wconf 84' lang='grc' dir='ltr'>πολλάκις</span> <span class='ocrx_word' id='word_1_321' title='bbox 1310 2535 1763 2608; x_wconf 81' lang='grc' dir='ltr'>προεληλυθότος,</span> <span class='ocrx_word' id='word_1_322' title='bbox 1781 2539 1816 2611; x_wconf 76' lang='grc' dir='ltr'><strong>ἢ</strong></span> <span class='ocrx_word' id='word_1_323' title='bbox 1847 2539 1908 2593; x_wconf 89' lang='grc' dir='ltr'><strong>τὸ</strong></span> <span class='ocrx_word' id='word_1_324' title='bbox 1928 2539 2026 2608; x_wconf 83' lang='grc' dir='ltr'>τῆς</span> 
     </span>
    </p>
   </div>
   <div class='ocr_carea' id='block_1_42' title="bbox 2130 2535 3716 2616">
    <p class='ocr_par' dir='ltr' id='par_1_42' title="bbox 2130 2539 3716 2616">
     <span class='ocr_line' id='line_1_42' title="bbox 2130 2539 3716 2616; baseline -0.006 -15"><span class='ocrx_word' id='word_1_325' title='bbox 2130 2545 2444 2616; x_wconf 90' lang='lat' dir='ltr'><strong>iuramento</strong></span> <span class='ocrx_word' id='word_1_326' title='bbox 2490 2546 2801 2615; x_wconf 64' lang='lat' dir='ltr'><strong>praemisso,</strong></span> <span class='ocrx_word' id='word_1_327' title='bbox 2854 2542 2937 2598; x_wconf 86' lang='lat' dir='ltr'><strong>vel</strong></span> <span class='ocrx_word' id='word_1_328' title='bbox 2997 2541 3200 2597; x_wconf 88' lang='lat' dir='ltr'><strong>mentis</strong></span> <span class='ocrx_word' id='word_1_329' title='bbox 3252 2539 3628 2594; x_wconf 84' lang='lat' dir='ltr'><strong>imbecillitate</strong></span> <span class='ocrx_word' id='word_1_330' title='bbox 3661 2539 3716 2592; x_wconf 87' lang='lat' dir='ltr'><strong>in</strong></span> 
     </span>
    </p>
   </div>
   <div class='ocr_carea' id='block_1_43' title="bbox 431 2626 2023 2702">
    <p class='ocr_par' dir='ltr' id='par_1_43' title="bbox 431 2626 2023 2702">
     <span class='ocr_line' id='line_1_43' title="bbox 431 2626 2023 2702; baseline 0.003 -22"><span class='ocrx_word' id='word_1_331' title='bbox 431 2626 660 2699; x_wconf 83' lang='grc' dir='ltr'>γνώμης</span> <span class='ocrx_word' id='word_1_332' title='bbox 703 2628 765 2681; x_wconf 90' lang='grc' dir='ltr'><strong>ού</strong></span> <span class='ocrx_word' id='word_1_333' title='bbox 798 2628 907 2697; x_wconf 77' lang='grc' dir='ltr'>πάγ</span> <span class='ocrx_word' id='word_1_334' title='bbox 920 2643 999 2682; x_wconf 92' lang='grc' dir='ltr'><strong>ιον</strong></span> <span class='ocrx_word' id='word_1_335' title='bbox 1022 2629 1104 2692; x_wconf 86' lang='grc' dir='ltr'><strong>είς</strong></span> <span class='ocrx_word' id='word_1_336' title='bbox 1134 2628 1422 2700; x_wconf 75' lang='grc' dir='ltr'>ἐπιορκίαν</span> <span class='ocrx_word' id='word_1_337' title='bbox 1450 2630 1542 2684; x_wconf 80' lang='grc' dir='ltr'><strong>τὸν</strong></span> <span class='ocrx_word' id='word_1_338' title='bbox 1569 2630 1731 2702; x_wconf 85' lang='grc' dir='ltr'>ὅρκον</span> <span class='ocrx_word' id='word_1_339' title='bbox 1760 2630 2023 2697; x_wconf 81' lang='grc' dir='ltr'>διέλυσεν,</span> 
     </span>
    </p>
   </div>
   <div class='ocr_carea' id='block_1_44' title="bbox 433 2720 2025 2795">
    <p class='ocr_par' dir='ltr' id='par_1_44' title="bbox 433 2720 2025 2795">
     <span class='ocr_line' id='line_1_44' title="bbox 433 2720 2025 2795; baseline 0.003 -21"><span class='ocrx_word' id='word_1_340' title='bbox 433 2722 468 2792; x_wconf 78' lang='grc' dir='ltr'><strong>ἢ</strong></span> <span class='ocrx_word' id='word_1_341' title='bbox 496 2720 556 2774; x_wconf 84' lang='grc' dir='ltr'><strong>τὸ</strong></span> <span class='ocrx_word' id='word_1_342' title='bbox 583 2722 706 2793; x_wconf 81' lang='grc' dir='ltr'>ῥέον</span> <span class='ocrx_word' id='word_1_343' title='bbox 741 2722 843 2792; x_wconf 80' lang='grc' dir='ltr'><strong>τῆς</strong></span> <span class='ocrx_word' id='word_1_344' title='bbox 868 2721 1000 2793; x_wconf 78' lang='grc' dir='ltr'>ὓλης</span> <span class='ocrx_word' id='word_1_345' title='bbox 1034 2722 1129 2777; x_wconf 71' lang='grc' dir='ltr'><strong>καὶ</strong></span> <span class='ocrx_word' id='word_1_346' title='bbox 1155 2721 1265 2790; x_wconf 75' lang='grc' dir='ltr'>τῶν</span> <span class='ocrx_word' id='word_1_347' title='bbox 1296 2723 1555 2793; x_wconf 82' lang='grc' dir='ltr'>ἐπιγείων</span> <span class='ocrx_word' id='word_1_348' title='bbox 1586 2724 1934 2795; x_wconf 82' lang='grc' dir='ltr'>πραγμάτων</span> <span class='ocrx_word' id='word_1_349' title='bbox 1964 2725 2025 2779; x_wconf 92' lang='grc' dir='ltr'><strong>τὸ</strong></span> 
     </span>
    </p>
   </div>
   <div class='ocr_carea' id='block_1_45' title="bbox 434 2812 2026 2887">
    <p class='ocr_par' dir='ltr' id='par_1_45' title="bbox 434 2812 2026 2887">
     <span class='ocr_line' id='line_1_45' title="bbox 434 2812 2026 2887; baseline 0.002 -19"><span class='ocrx_word' id='word_1_350' title='bbox 434 2813 667 2870; x_wconf 86' lang='grc' dir='ltr'>ἄστατον</span> <span class='ocrx_word' id='word_1_351' title='bbox 714 2814 940 2883; x_wconf 79' lang='grc' dir='ltr'>καὶτῆς</span> <span class='ocrx_word' id='word_1_352' title='bbox 982 2812 1210 2886; x_wconf 83' lang='grc' dir='ltr'>γνώμης</span> <span class='ocrx_word' id='word_1_353' title='bbox 1238 2815 1561 2887; x_wconf 75' lang='grc' dir='ltr'>ἐρρωμένης</span> <span class='ocrx_word' id='word_1_354' title='bbox 1615 2817 1723 2869; x_wconf 83' lang='grc' dir='ltr'><strong>τῶν</strong></span> <span class='ocrx_word' id='word_1_355' title='bbox 1765 2817 2026 2887; x_wconf 82' lang='grc' dir='ltr'>ώμοσμέ-</span> 
     </span>
    </p>
   </div>
   <div class='ocr_carea' id='block_1_46' title="bbox 433 2902 2026 2977">
    <p class='ocr_par' dir='ltr' id='par_1_46' title="bbox 433 2902 2026 2977">
     <span class='ocr_line' id='line_1_46' title="bbox 433 2902 2026 2977; baseline 0.002 -21"><span class='ocrx_word' id='word_1_356' title='bbox 433 2920 541 2957; x_wconf 90' lang='grc' dir='ltr'><strong>νων</strong></span> <span class='ocrx_word' id='word_1_357' title='bbox 570 2902 632 2957; x_wconf 90' lang='grc' dir='ltr'><strong>τὸ</strong></span> <span class='ocrx_word' id='word_1_358' title='bbox 688 2904 862 2976; x_wconf 87' lang='grc' dir='ltr'>πέρας</span> <span class='ocrx_word' id='word_1_359' title='bbox 891 2903 1172 2973; x_wconf 65' lang='grc' dir='ltr'>διέκοψεν·</span> <span class='ocrx_word' id='word_1_360' title='bbox 1230 2905 1325 2958; x_wconf 75' lang='grc' dir='ltr'>ἐπὶ</span> <span class='ocrx_word' id='word_1_361' title='bbox 1356 2904 1414 2958; x_wconf 83' lang='grc' dir='ltr'><strong>δὲ</strong></span> <span class='ocrx_word' id='word_1_362' title='bbox 1443 2905 1543 2976; x_wconf 83' lang='grc' dir='ltr'>τῆς</span> <span class='ocrx_word' id='word_1_363' title='bbox 1587 2905 1750 2976; x_wconf 72' lang='grc' dir='ltr'>ψιλῆς</span> <span class='ocrx_word' id='word_1_364' title='bbox 1791 2905 2026 2977; x_wconf 76' lang='grc' dir='ltr'>ὑποσχέ-</span> 
     </span>
    </p>
   </div>
   <div class='ocr_carea' id='block_1_47' title="bbox 435 2993 2021 3063">
    <p class='ocr_par' dir='ltr' id='par_1_47' title="bbox 435 2993 2021 3063">
     <span class='ocr_line' id='line_1_47' title="bbox 435 2993 2021 3063; baseline 0.001 -16"><span class='ocrx_word' id='word_1_365' title='bbox 435 3011 575 3058; x_wconf 89' lang='grc' dir='ltr'>σεως</span> <span class='ocrx_word' id='word_1_366' title='bbox 633 2994 730 3048; x_wconf 90' lang='grc' dir='ltr'><strong>τοῦ</strong></span> <span class='ocrx_word' id='word_1_367' title='bbox 785 2993 945 3061; x_wconf 86' lang='grc' dir='ltr'>Θεοῦ,</span> <span class='ocrx_word' id='word_1_368' title='bbox 1000 2994 1159 3049; x_wconf 85' lang='grc' dir='ltr'>οὑδέν</span> <span class='ocrx_word' id='word_1_369' title='bbox 1189 2993 1304 3048; x_wconf 81' lang='grc' dir='ltr'>ἐστι</span> <span class='ocrx_word' id='word_1_370' title='bbox 1336 2995 1579 3048; x_wconf 89' lang='grc' dir='ltr'>τοιοῦτον</span> <span class='ocrx_word' id='word_1_371' title='bbox 1628 2996 1749 3049; x_wconf 80' lang='grc' dir='ltr'>οὑδὲ</span> <span class='ocrx_word' id='word_1_372' title='bbox 1797 2996 2021 3063; x_wconf 86' lang='grc' dir='ltr'>ἐννοεῖν,</span> 
     </span>
    </p>
   </div>
   <div class='ocr_carea' id='block_1_48' title="bbox 437 3085 2025 3161">
    <p class='ocr_par' dir='ltr' id='par_1_48' title="bbox 437 3085 2025 3161">
     <span class='ocr_line' id='line_1_48' title="bbox 437 3085 2025 3161; baseline 0.001 -22"><span class='ocrx_word' id='word_1_373' title='bbox 437 3088 656 3158; x_wconf 86' lang='grc' dir='ltr'>μήτιγε</span> <span class='ocrx_word' id='word_1_374' title='bbox 689 3087 785 3139; x_wconf 72' lang='grc' dir='ltr'><strong>καὶ</strong></span> <span class='ocrx_word' id='word_1_375' title='bbox 836 3085 1019 3139; x_wconf 85' lang='grc' dir='ltr'>πίστει</span> <span class='ocrx_word' id='word_1_376' title='bbox 1073 3085 1286 3143; x_wconf 87' lang='grc' dir='ltr'>λαϐεῖν.</span> <span class='ocrx_word' id='word_1_377' title='bbox 1342 3085 1435 3139; x_wconf 91' lang='grc' dir='ltr'>Διὸ</span> <span class='ocrx_word' id='word_1_378' title='bbox 1482 3085 1581 3139; x_wconf 76' lang='grc' dir='ltr'>καὶ</span> <span class='ocrx_word' id='word_1_379' title='bbox 1613 3086 1820 3157; x_wconf 84' lang='grc' dir='ltr'>μηδένα</span> <span class='ocrx_word' id='word_1_380' title='bbox 1846 3106 2025 3161; x_wconf 77' lang='grc' dir='ltr'>παραο</span> 
     </span>
    </p>
   </div>
   <div class='ocr_carea' id='block_1_49' title="bbox 431 3177 2026 3250">
    <p class='ocr_par' dir='ltr' id='par_1_49' title="bbox 431 3177 2026 3250">
     <span class='ocr_line' id='line_1_49' title="bbox 431 3177 2026 3250; baseline 0.002 -19"><span class='ocrx_word' id='word_1_381' title='bbox 431 3178 728 3249; x_wconf 77' lang='grc' dir='ltr'>λαμϐάνων</span> <span class='ocrx_word' id='word_1_382' title='bbox 756 3179 919 3248; x_wconf 91' lang='grc' dir='ltr'>ὅρκον</span> <span class='ocrx_word' id='word_1_383' title='bbox 944 3178 973 3231; x_wconf 89' lang='grc' dir='ltr'><strong>ό</strong></span> <span class='ocrx_word' id='word_1_384' title='bbox 1014 3177 1147 3240; x_wconf 79' lang='grc' dir='ltr'>Θεὸς</span> <span class='ocrx_word' id='word_1_385' title='bbox 1173 3178 1296 3231; x_wconf 69' lang='grc' dir='ltr'>ἐπεὶ</span> <span class='ocrx_word' id='word_1_386' title='bbox 1335 3177 1540 3242; x_wconf 90' lang='grc' dir='ltr'>παντός</span> <span class='ocrx_word' id='word_1_387' title='bbox 1592 3180 1743 3232; x_wconf 91' lang='grc' dir='ltr'>ἐστιν</span> <span class='ocrx_word' id='word_1_388' title='bbox 1772 3180 1939 3250; x_wconf 84' lang='grc' dir='ltr'>ὅρκου</span> <span class='ocrx_word' id='word_1_389' title='bbox 1962 3180 2026 3234; x_wconf 89' lang='grc' dir='ltr'><strong>τὸ</strong></span> 
     </span>
    </p>
   </div>
   <div class='ocr_carea' id='block_1_50' title="bbox 2127 2631 3719 2709">
    <p class='ocr_par' dir='ltr' id='par_1_50' title="bbox 2127 2631 3719 2709">
     <span class='ocr_line' id='line_1_50' title="bbox 2127 2631 3719 2709; baseline -0.006 -15"><span class='ocrx_word' id='word_1_390' title='bbox 2127 2638 2430 2709; x_wconf 88' lang='lat' dir='ltr'><strong>periurium</strong></span> <span class='ocrx_word' id='word_1_391' title='bbox 2462 2637 2839 2709; x_wconf 88' lang='lat' dir='ltr'><strong>iuramentum</strong></span> <span class='ocrx_word' id='word_1_392' title='bbox 2885 2643 3157 2690; x_wconf 88' lang='lat' dir='ltr'><strong>mutatum</strong></span> <span class='ocrx_word' id='word_1_393' title='bbox 3208 2632 3332 2698; x_wconf 82' lang='lat' dir='ltr'><strong>iuit,</strong></span> <span class='ocrx_word' id='word_1_394' title='bbox 3366 2632 3452 2688; x_wconf 85' lang='lat' dir='ltr'><strong>vel</strong></span> <span class='ocrx_word' id='word_1_395' title='bbox 3476 2631 3719 2687; x_wconf 75' lang='lat' dir='ltr'><strong>materia:</strong></span> 
     </span>
    </p>
   </div>
   <div class='ocr_carea' id='block_1_51' title="bbox 2129 2727 3718 2801">
    <p class='ocr_par' dir='ltr' id='par_1_51' title="bbox 2129 2727 3718 2801">
     <span class='ocr_line' id='line_1_51' title="bbox 2129 2727 3718 2801; baseline -0.004 -13"><span class='ocrx_word' id='word_1_396' title='bbox 2129 2748 2296 2788; x_wconf 85' lang='lat' dir='ltr'><strong>cursu</strong></span> <span class='ocrx_word' id='word_1_397' title='bbox 2338 2741 2395 2788; x_wconf 92' lang='lat' dir='ltr'><strong>et</strong></span> <span class='ocrx_word' id='word_1_398' title='bbox 2437 2747 2621 2787; x_wconf 89' lang='lat' dir='ltr'><strong>rerum</strong></span> <span class='ocrx_word' id='word_1_399' title='bbox 2663 2740 3005 2787; x_wconf 87' lang='lat' dir='ltr'><strong>terrenorum</strong></span> <span class='ocrx_word' id='word_1_400' title='bbox 3038 2729 3355 2801; x_wconf 80' lang='lat' dir='ltr'><strong>fragilitate,</strong></span> <span class='ocrx_word' id='word_1_401' title='bbox 3401 2728 3485 2783; x_wconf 87' lang='lat' dir='ltr'><strong>vel</strong></span> <span class='ocrx_word' id='word_1_402' title='bbox 3517 2727 3718 2781; x_wconf 84' lang='lat' dir='ltr'><strong>mentis</strong></span> 
     </span>
    </p>
   </div>
   <div class='ocr_carea' id='block_1_52' title="bbox 2129 2821 3716 2897">
    <p class='ocr_par' dir='ltr' id='par_1_52' title="bbox 2129 2821 3716 2897">
     <span class='ocr_line' id='line_1_52' title="bbox 2129 2821 3716 2897; baseline -0.005 -16"><span class='ocrx_word' id='word_1_403' title='bbox 2129 2825 2428 2890; x_wconf 87' lang='lat' dir='ltr'><strong>oblivione,</strong></span> <span class='ocrx_word' id='word_1_404' title='bbox 2455 2824 2579 2881; x_wconf 89' lang='lat' dir='ltr'><strong>linis</strong></span> <span class='ocrx_word' id='word_1_405' title='bbox 2600 2824 2802 2897; x_wconf 86' lang='lat' dir='ltr'><strong>iuratis</strong></span> <span class='ocrx_word' id='word_1_406' title='bbox 2839 2823 2964 2879; x_wconf 84' lang='lat' dir='ltr'><strong>data</strong></span> <span class='ocrx_word' id='word_1_407' title='bbox 2992 2822 3115 2876; x_wconf 84' lang='lat' dir='ltr'><strong>fuit.</strong></span> <span class='ocrx_word' id='word_1_408' title='bbox 3164 2822 3238 2877; x_wconf 90' lang='lat' dir='ltr'><strong>Dc</strong></span> <span class='ocrx_word' id='word_1_409' title='bbox 3267 2821 3501 2891; x_wconf 85' lang='lat' dir='ltr'><strong>simplici</strong></span> <span class='ocrx_word' id='word_1_410' title='bbox 3531 2829 3716 2875; x_wconf 91' lang='lat' dir='ltr'><strong>autem</strong></span> 
     </span>
    </p>
   </div>
   <div class='ocr_carea' id='block_1_53' title="bbox 2129 2913 3721 2989">
    <p class='ocr_par' dir='ltr' id='par_1_53' title="bbox 2129 2913 3721 2989">
     <span class='ocr_line' id='line_1_53' title="bbox 2129 2913 3721 2989; baseline -0.003 -18"><span class='ocrx_word' id='word_1_411' title='bbox 2129 2917 2224 2974; x_wconf 92' lang='lat' dir='ltr'><strong>Dei</strong></span> <span class='ocrx_word' id='word_1_412' title='bbox 2248 2917 2634 2989; x_wconf 85' lang='lat' dir='ltr'><strong>promissione,</strong></span> <span class='ocrx_word' id='word_1_413' title='bbox 2677 2916 2817 2971; x_wconf 89' lang='lat' dir='ltr'><strong>nihil</strong></span> <span class='ocrx_word' id='word_1_414' title='bbox 2847 2914 3096 2984; x_wconf 90' lang='lat' dir='ltr'><strong>estquod</strong></span> <span class='ocrx_word' id='word_1_415' title='bbox 3122 2915 3429 2984; x_wconf 78' lang='lat' dir='ltr'><strong>cogitemus</strong></span> <span class='ocrx_word' id='word_1_416' title='bbox 3451 2913 3580 2976; x_wconf 89' lang='lat' dir='ltr'><strong>tale,</strong></span> <span class='ocrx_word' id='word_1_417' title='bbox 3620 2926 3721 2967; x_wconf 88' lang='lat' dir='ltr'><strong>nec</strong></span> 
     </span>
    </p>
   </div>
   <div class='ocr_carea' id='block_1_54' title="bbox 2129 3006 3719 3083">
    <p class='ocr_par' dir='ltr' id='par_1_54' title="bbox 2129 3006 3719 3083">
     <span class='ocr_line' id='line_1_54' title="bbox 2129 3006 3719 3083; baseline -0.003 -17"><span class='ocrx_word' id='word_1_418' title='bbox 2129 3011 2273 3083; x_wconf 92' lang='lat' dir='ltr'><strong>quod</strong></span> <span class='ocrx_word' id='word_1_419' title='bbox 2298 3013 2612 3066; x_wconf 87' lang='lat' dir='ltr'><strong>credamus.</strong></span> <span class='ocrx_word' id='word_1_420' title='bbox 2636 3007 2826 3080; x_wconf 85' lang='lat' dir='ltr'><strong>itaque</strong></span> <span class='ocrx_word' id='word_1_421' title='bbox 2845 3009 3057 3063; x_wconf 90' lang='lat' dir='ltr'><strong>nullum</strong></span> <span class='ocrx_word' id='word_1_422' title='bbox 3084 3007 3225 3063; x_wconf 87' lang='lat' dir='ltr'><strong>Deus</strong></span> <span class='ocrx_word' id='word_1_423' title='bbox 3246 3007 3534 3076; x_wconf 75' lang='lat' dir='ltr'><strong>proferens</strong></span> <span class='ocrx_word' id='word_1_424' title='bbox 3562 3006 3719 3077; x_wconf 84' lang='lat' dir='ltr'><strong>iura-</strong></span> 
     </span>
    </p>
   </div>
   <div class='ocr_carea' id='block_1_55' title="bbox 2128 3100 3720 3168">
    <p class='ocr_par' dir='ltr' id='par_1_55' title="bbox 2128 3100 3720 3168">
     <span class='ocr_line' id='line_1_55' title="bbox 2128 3100 3720 3168; baseline -0.003 -11"><span class='ocrx_word' id='word_1_425' title='bbox 2128 3114 2400 3168; x_wconf 85' lang='lat' dir='ltr'><strong>mentnm,</strong></span> <span class='ocrx_word' id='word_1_426' title='bbox 2455 3118 2580 3158; x_wconf 92' lang='lat' dir='ltr'><strong>cum</strong></span> <span class='ocrx_word' id='word_1_427' title='bbox 2622 3102 2870 3157; x_wconf 89' lang='lat' dir='ltr'><strong>divinum</strong></span> <span class='ocrx_word' id='word_1_428' title='bbox 2923 3100 3157 3156; x_wconf 84' lang='lat' dir='ltr'><strong>Verbum</strong></span> <span class='ocrx_word' id='word_1_429' title='bbox 3204 3100 3353 3154; x_wconf 83' lang='grc' dir='ltr'>οιιιιιί</span> <span class='ocrx_word' id='word_1_430' title='bbox 3405 3100 3720 3168; x_wconf 87' lang='lat' dir='ltr'><strong>iuramento</strong></span> 
     </span>
    </p>
   </div>
   <div class='ocr_carea' id='block_1_56' title="bbox 2126 3192 3718 3265">
    <p class='ocr_par' dir='ltr' id='par_1_56' title="bbox 2126 3192 3718 3265">
     <span class='ocr_line' id='line_1_56' title="bbox 2126 3192 3718 3265; baseline -0.003 -17"><span class='ocrx_word' id='word_1_431' title='bbox 2126 3204 2371 3264; x_wconf 65' lang='lat' dir='ltr'><strong>priestet,</strong></span> <span class='ocrx_word' id='word_1_432' title='bbox 2403 3195 2533 3250; x_wconf 88' lang='lat' dir='ltr'><strong>illud</strong></span> <span class='ocrx_word' id='word_1_433' title='bbox 2553 3194 2853 3265; x_wconf 85' lang='lat' dir='ltr'><strong>adiungere</strong></span> <span class='ocrx_word' id='word_1_434' title='bbox 2878 3194 3189 3256; x_wconf 87' lang='lat' dir='ltr'><strong>consuevit,</strong></span> <span class='ocrx_word' id='word_1_435' title='bbox 3220 3208 3317 3260; x_wconf 87' lang='lat' dir='ltr'><strong>per</strong></span> <span class='ocrx_word' id='word_1_436' title='bbox 3334 3192 3718 3261; x_wconf 89' lang='lat' dir='ltr'><strong>memetipsum</strong></span> 
     </span>
    </p>
   </div>
   <div class='ocr_carea' id='block_1_57' title="bbox 434 3266 2046 3355">
    <p class='ocr_par' dir='ltr' id='par_1_57' title="bbox 434 3266 2021 3339">
     <span class='ocr_line' id='line_1_57' title="bbox 434 3266 2021 3339; baseline -0.001 -17"><span class='ocrx_word' id='word_1_437' title='bbox 434 3269 579 3323; x_wconf 88' lang='grc' dir='ltr'>θεῖον</span> <span class='ocrx_word' id='word_1_438' title='bbox 632 3268 958 3339; x_wconf 77' lang='grc' dir='ltr'>ἐπάγγελμα</span> <span class='ocrx_word' id='word_1_439' title='bbox 1013 3266 1409 3339; x_wconf 86' lang='grc' dir='ltr'>δυνατώτερον,</span> <span class='ocrx_word' id='word_1_440' title='bbox 1439 3268 1668 3337; x_wconf 80' lang='grc' dir='ltr'>ἐπάγειν</span> <span class='ocrx_word' id='word_1_441' title='bbox 1726 3268 1885 3321; x_wconf 88' lang='grc' dir='ltr'>εῐωθε</span> <span class='ocrx_word' id='word_1_442' title='bbox 1936 3268 2021 3334; x_wconf 86' lang='lat' dir='ltr'><strong>rb,</strong></span> 
     </span>
    </p>
   </div>
   <div class='ocr_carea' id='block_1_58' title="bbox 2130 3266 3721 3355">
    <p class='ocr_par' dir='ltr' id='par_1_58' title="bbox 2130 3280 3721 3355">
     <span class='ocr_line' id='line_1_58' title="bbox 2130 3280 3721 3355; baseline -0.003 -17"><span class='ocrx_word' id='word_1_443' title='bbox 2130 3285 2339 3355; x_wconf 86' lang='lat' dir='ltr'><strong>iuravi;</strong></span> <span class='ocrx_word' id='word_1_444' title='bbox 2382 3285 2563 3355; x_wconf 88' lang='lat' dir='ltr'><strong>potius</strong></span> <span class='ocrx_word' id='word_1_445' title='bbox 2586 3293 2769 3338; x_wconf 83' lang='lat' dir='ltr'><strong>autem</strong></span> <span class='ocrx_word' id='word_1_446' title='bbox 2806 3285 3077 3353; x_wconf 66' lang='lat' dir='ltr'><strong>praaponit</strong></span> <span class='ocrx_word' id='word_1_447' title='bbox 3120 3282 3235 3336; x_wconf 90' lang='lat' dir='ltr'><strong>suis</strong></span> <span class='ocrx_word' id='word_1_448' title='bbox 3266 3280 3574 3350; x_wconf 89' lang='lat' dir='ltr'><strong>promissis,</strong></span> <span class='ocrx_word' id='word_1_449' title='bbox 3606 3280 3721 3334; x_wconf 87' lang='lat' dir='ltr'><strong>sive</strong></span> 
     </span>
    </p>
   </div>
   <div class='ocr_carea' id='block_1_59' title="bbox 438 3356 2023 3435">
    <p class='ocr_par' dir='ltr' id='par_1_59' title="bbox 438 3356 2023 3435">
     <span class='ocr_line' id='line_1_59' title="bbox 438 3356 2023 3435; baseline 0.001 -19"><span class='ocrx_word' id='word_1_450' title='bbox 438 3381 458 3416; x_wconf 78' lang='grc' dir='ltr'><strong>ι</strong></span> <span class='ocrx_word' id='word_1_451' title='bbox 483 3362 618 3418; x_wconf 81' lang='grc' dir='ltr'>Κατ’</span> <span class='ocrx_word' id='word_1_452' title='bbox 636 3361 877 3435; x_wconf 84' lang='grc' dir='ltr'>ἐμαυτοῦ</span> <span class='ocrx_word' id='word_1_453' title='bbox 894 3356 1088 3433; x_wconf 83' lang='grc' dir='ltr'>ὤμοσα</span> <span class='ocrx_word' id='word_1_454' title='bbox 1104 3379 1117 3392; x_wconf 73' lang='grc'><strong><em>⁸</em></strong></span> <span class='ocrx_word' id='word_1_455' title='bbox 1146 3380 1165 3414; x_wconf 70' lang='grc' dir='ltr'><strong>ι</strong></span> <span class='ocrx_word' id='word_1_456' title='bbox 1193 3361 1394 3433; x_wconf 80' lang='grc' dir='ltr'>μᾶλλον</span> <span class='ocrx_word' id='word_1_457' title='bbox 1408 3361 1465 3415; x_wconf 80' lang='grc' dir='ltr'>δὲ</span> <span class='ocrx_word' id='word_1_458' title='bbox 1483 3363 1579 3418; x_wconf 75' lang='grc' dir='ltr'>καὶ</span> <span class='ocrx_word' id='word_1_459' title='bbox 1596 3362 1891 3434; x_wconf 87' lang='grc' dir='ltr'>προτάττει</span> <span class='ocrx_word' id='word_1_460' title='bbox 1912 3362 2023 3418; x_wconf 85' lang='grc' dir='ltr'><strong>τῶν</strong></span> 
     </span>
    </p>
   </div>
   <div class='ocr_carea' id='block_1_60' title="bbox 435 3454 2020 3528">
    <p class='ocr_par' dir='ltr' id='par_1_60' title="bbox 435 3454 2020 3528">
     <span class='ocr_line' id='line_1_60' title="bbox 435 3454 2020 3528; baseline -0.002 -16"><span class='ocrx_word' id='word_1_461' title='bbox 435 3457 581 3512; x_wconf 86' lang='grc' dir='ltr'>ίδίων</span> <span class='ocrx_word' id='word_1_462' title='bbox 616 3458 991 3528; x_wconf 84' lang='grc' dir='ltr'>ὑποσχέσεων,</span> <span class='ocrx_word' id='word_1_463' title='bbox 1026 3456 1137 3509; x_wconf 74' lang='lat' dir='ltr'><strong>sire</strong></span> <span class='ocrx_word' id='word_1_464' title='bbox 1179 3454 1640 3527; x_wconf 63' lang='grc' dir='ltr'>σκυθρωπότητπ</span> <span class='ocrx_word' id='word_1_465' title='bbox 1680 3456 1775 3509; x_wconf 57' lang='grc' dir='ltr'><strong>καὶ⁸</strong></span> <span class='ocrx_word' id='word_1_466' title='bbox 1806 3454 2020 3526; x_wconf 82' lang='grc' dir='ltr'>ποινῆς,</span> 
     </span>
    </p>
   </div>
   <div class='ocr_carea' id='block_1_61' title="bbox 431 3547 2019 3622">
    <p class='ocr_par' dir='ltr' id='par_1_61' title="bbox 431 3547 2019 3622">
     <span class='ocr_line' id='line_1_61' title="bbox 431 3547 2019 3622; baseline -0.003 -17"><span class='ocrx_word' id='word_1_467' title='bbox 431 3551 545 3605; x_wconf 85' lang='grc' dir='ltr'>είτε</span> <span class='ocrx_word' id='word_1_468' title='bbox 587 3552 767 3622; x_wconf 82' lang='grc' dir='ltr'>χαρᾶς</span> <span class='ocrx_word' id='word_1_469' title='bbox 799 3550 895 3603; x_wconf 76' lang='grc' dir='ltr'>καὶ</span> <span class='ocrx_word' id='word_1_470' title='bbox 956 3547 1226 3620; x_wconf 80' lang='grc' dir='ltr'>θυμηδίας</span> <span class='ocrx_word' id='word_1_471' title='bbox 1273 3547 1580 3619; x_wconf 87' lang='grc' dir='ltr'>ὑπάρχουσι</span> <span class='ocrx_word' id='word_1_472' title='bbox 1631 3548 1968 3620; x_wconf 87' lang='grc' dir='ltr'>παρεκτικαί</span> <span class='ocrx_word' id='word_1_473' title='bbox 2003 3563 2019 3580; x_wconf 78' lang='grc' dir='ltr'><strong>ο</strong></span> 
     </span>
    </p>
   </div>
   <div class='ocr_carea' id='block_1_62' title="bbox 433 3642 2025 3717">
    <p class='ocr_par' dir='ltr' id='par_1_62' title="bbox 433 3642 2025 3717">
     <span class='ocr_line' id='line_1_62' title="bbox 433 3642 2025 3717; baseline -0.001 -17"><span class='ocrx_word' id='word_1_474' title='bbox 433 3647 616 3717; x_wconf 84' lang='grc' dir='ltr'>μάτην</span> <span class='ocrx_word' id='word_1_475' title='bbox 675 3645 788 3717; x_wconf 84' lang='grc' dir='ltr'>ἄρα</span> <span class='ocrx_word' id='word_1_476' title='bbox 821 3646 868 3698; x_wconf 86' lang='lat' dir='ltr'><strong>oi</strong></span> <span class='ocrx_word' id='word_1_477' title='bbox 924 3646 1037 3707; x_wconf 82' lang='grc' dir='ltr'>τοῖς</span> <span class='ocrx_word' id='word_1_478' title='bbox 1071 3645 1257 3715; x_wconf 85' lang='grc' dir='ltr'>ὅρκοις</span> <span class='ocrx_word' id='word_1_479' title='bbox 1304 3642 1785 3712; x_wconf 88' lang='grc' dir='ltr'>ἐνασελγαίνοντες</span> <span class='ocrx_word' id='word_1_480' title='bbox 1839 3642 1934 3698; x_wconf 75' lang='grc' dir='ltr'>ἐπὶ</span> <span class='ocrx_word' id='word_1_481' title='bbox 1961 3644 2025 3699; x_wconf 89' lang='grc' dir='ltr'><strong>τὸ</strong></span> 
     </span>
    </p>
   </div>
   <div class='ocr_carea' id='block_1_63' title="bbox 430 3735 2025 3811">
    <p class='ocr_par' dir='ltr' id='par_1_63' title="bbox 430 3735 2025 3811">
     <span class='ocr_line' id='line_1_63' title="bbox 430 3735 2025 3811; baseline -0.001 -20"><span class='ocrx_word' id='word_1_482' title='bbox 430 3738 795 3811; x_wconf 87' lang='grc' dir='ltr'>προκείμενον</span> <span class='ocrx_word' id='word_1_483' title='bbox 820 3736 1008 3807; x_wconf 82' lang='grc' dir='ltr'>σχῆμα</span> <span class='ocrx_word' id='word_1_484' title='bbox 1034 3736 1129 3790; x_wconf 93' lang='grc' dir='ltr'><strong>τοῦ</strong></span> <span class='ocrx_word' id='word_1_485' title='bbox 1155 3736 1315 3805; x_wconf 86' lang='grc' dir='ltr'>λόγου</span> <span class='ocrx_word' id='word_1_486' title='bbox 1343 3735 1788 3805; x_wconf 86' lang='grc' dir='ltr'>καταφεύγουσιν</span> <span class='ocrx_word' id='word_1_487' title='bbox 1820 3751 1835 3766; x_wconf 77' lang='grc'><strong>⁸</strong></span> <span class='ocrx_word' id='word_1_488' title='bbox 1864 3737 2025 3791; x_wconf 83' lang='grc' dir='ltr'>οὑδα-</span> 
     </span>
    </p>
   </div>
   <div class='ocr_carea' id='block_1_64' title="bbox 434 3825 2020 3902">
    <p class='ocr_par' dir='ltr' id='par_1_64' title="bbox 434 3825 2020 3902">
     <span class='ocr_line' id='line_1_64' title="bbox 434 3825 2020 3902; baseline 0 -21"><span class='ocrx_word' id='word_1_489' title='bbox 434 3826 540 3899; x_wconf 87' lang='grc' dir='ltr'><strong>μοῦ</strong></span> <span class='ocrx_word' id='word_1_490' title='bbox 566 3828 676 3897; x_wconf 79' lang='grc' dir='ltr'>γὰρ</span> <span class='ocrx_word' id='word_1_491' title='bbox 704 3825 829 3880; x_wconf 74' lang='grc' dir='ltr'>οὔτε</span> <span class='ocrx_word' id='word_1_492' title='bbox 860 3829 971 3890; x_wconf 86' lang='grc' dir='ltr'>τοῖς</span> <span class='ocrx_word' id='word_1_493' title='bbox 993 3826 1198 3899; x_wconf 85' lang='grc' dir='ltr'>ὅρκοις,</span> <span class='ocrx_word' id='word_1_494' title='bbox 1229 3826 1355 3879; x_wconf 76' lang='grc' dir='ltr'>οὔτε</span> <span class='ocrx_word' id='word_1_495' title='bbox 1376 3830 1491 3891; x_wconf 88' lang='grc' dir='ltr'>τοῖς</span> <span class='ocrx_word' id='word_1_496' title='bbox 1510 3830 1755 3899; x_wconf 85' lang='grc' dir='ltr'>όρκικοῖς</span> <span class='ocrx_word' id='word_1_497' title='bbox 1783 3830 2020 3902; x_wconf 75' lang='grc' dir='ltr'>ἐπιρρή-</span> 
     </span>
    </p>
   </div>
   <div class='ocr_carea' id='block_1_65' title="bbox 434 3914 1413 3987">
    <p class='ocr_par' dir='ltr' id='par_1_65' title="bbox 434 3914 1413 3987">
     <span class='ocr_line' id='line_1_65' title="bbox 434 3914 1413 3987; baseline 0.001 -17"><span class='ocrx_word' id='word_1_498' title='bbox 434 3935 568 3987; x_wconf 83' lang='grc' dir='ltr'>μασι</span> <span class='ocrx_word' id='word_1_499' title='bbox 592 3917 655 3970; x_wconf 86' lang='grc' dir='ltr'><strong>τὸ</strong></span> <span class='ocrx_word' id='word_1_500' title='bbox 680 3916 834 3971; x_wconf 87' lang='grc' dir='ltr'>Θεῖον</span> <span class='ocrx_word' id='word_1_501' title='bbox 856 3914 1013 3987; x_wconf 72' lang='grc' dir='ltr'>ὤφθη</span> <span class='ocrx_word' id='word_1_502' title='bbox 1043 3918 1413 3987; x_wconf 86' lang='grc' dir='ltr'>χρησάμενον.</span> 
     </span>
    </p>
   </div>
   <div class='ocr_carea' id='block_1_66' title="bbox 948 4026 1507 4096">
    <p class='ocr_par' dir='ltr' id='par_1_66' title="bbox 948 4026 1507 4096">
     <span class='ocr_line' id='line_1_66' title="bbox 948 4026 1507 4096; baseline 0.005 -16"><span class='ocrx_word' id='word_1_503' title='bbox 948 4028 1286 4081; x_wconf 72' lang='lat' dir='ltr'><strong>Epamth</strong></span> <span class='ocrx_word' id='word_1_504' title='bbox 1323 4026 1507 4096; x_wconf 78' lang='lat' dir='ltr'><strong>Poq&#39;.</strong></span> 
     </span>
    </p>
   </div>
   <div class='ocr_carea' id='block_1_67' title="bbox 439 4120 2025 4193">
    <p class='ocr_par' dir='ltr' id='par_1_67' title="bbox 439 4120 2025 4193">
     <span class='ocr_line' id='line_1_67' title="bbox 439 4120 2025 4193; baseline -0.008 -14"><span class='ocrx_word' id='word_1_505' title='bbox 439 4123 502 4179; x_wconf 83' lang='grc' dir='ltr'>Τί</span> <span class='ocrx_word' id='word_1_506' title='bbox 521 4122 675 4190; x_wconf 77' lang='grc' dir='ltr'>ἐστι,</span> <span class='ocrx_word' id='word_1_507' title='bbox 698 4140 718 4175; x_wconf 76' lang='grc' dir='ltr'><strong>ι</strong></span> <span class='ocrx_word' id='word_1_508' title='bbox 742 4120 853 4176; x_wconf 79' lang='lat' dir='ltr'><strong>Kal</strong></span> <span class='ocrx_word' id='word_1_509' title='bbox 884 4121 1001 4175; x_wconf 85' lang='grc' dir='ltr'><strong>σοῦ</strong></span> <span class='ocrx_word' id='word_1_510' title='bbox 1022 4120 1091 4174; x_wconf 79' lang='grc' dir='ltr'>δὲ</span> <span class='ocrx_word' id='word_1_511' title='bbox 1108 4120 1299 4189; x_wconf 78' lang='grc' dir='ltr'>αὐτῆς</span> <span class='ocrx_word' id='word_1_512' title='bbox 1330 4121 1447 4189; x_wconf 79' lang='grc' dir='ltr'><strong>τὴν</strong></span> <span class='ocrx_word' id='word_1_513' title='bbox 1476 4121 1690 4193; x_wconf 68' lang='grc' dir='ltr'>ψυχὴν</span> <span class='ocrx_word' id='word_1_514' title='bbox 1718 4123 2025 4180; x_wconf 51' lang='lat' dir='ltr'><strong>argustias.</strong></span> 
     </span>
    </p>
   </div>
   <div class='ocr_carea' id='block_1_68' title="bbox 998 4193 1469 4262">
    <p class='ocr_par' dir='ltr' id='par_1_68' title="bbox 998 4193 1469 4262">
     <span class='ocr_line' id='line_1_68' title="bbox 998 4193 1469 4262; baseline -0.008 -17"><span class='ocrx_word' id='word_1_515' title='bbox 998 4208 1092 4245; x_wconf 85' lang='grc' dir='ltr'><strong>ται</strong></span> <span class='ocrx_word' id='word_1_516' title='bbox 1112 4193 1412 4262; x_wconf 65' lang='grc' dir='ltr'>ρομραία;</span> <span class='ocrx_word' id='word_1_517' title='bbox 1432 4212 1469 4244; x_wconf 69' lang='grc' dir='ltr'><strong>ιΔ</strong></span> 
     </span>
    </p>
   </div>
   <div class='ocr_carea' id='block_1_69' title="bbox 2132 3371 3716 3445">
    <p class='ocr_par' dir='ltr' id='par_1_69' title="bbox 2132 3371 3716 3445">
     <span class='ocr_line' id='line_1_69' title="bbox 2132 3371 3716 3445; baseline -0.006 -12"><span class='ocrx_word' id='word_1_518' title='bbox 2132 3377 2418 3433; x_wconf 84' lang='lat' dir='ltr'><strong>tristitiam</strong></span> <span class='ocrx_word' id='word_1_519' title='bbox 2452 3386 2509 3432; x_wconf 91' lang='lat' dir='ltr'><strong>ct</strong></span> <span class='ocrx_word' id='word_1_520' title='bbox 2530 3375 2777 3431; x_wconf 89' lang='lat' dir='ltr'><strong>dolorem</strong></span> <span class='ocrx_word' id='word_1_521' title='bbox 2805 3374 2921 3430; x_wconf 87' lang='lat' dir='ltr'><strong>sive</strong></span> <span class='ocrx_word' id='word_1_522' title='bbox 2948 3374 3209 3445; x_wconf 83' lang='lat' dir='ltr'><strong>gaudium</strong></span> <span class='ocrx_word' id='word_1_523' title='bbox 3238 3382 3292 3427; x_wconf 92' lang='lat' dir='ltr'><strong>et</strong></span> <span class='ocrx_word' id='word_1_524' title='bbox 3314 3371 3716 3442; x_wconf 83' lang='lat' dir='ltr'><strong>iucunditatem</strong></span> 
     </span>
    </p>
   </div>
   <div class='ocr_carea' id='block_1_70' title="bbox 2131 3461 3717 3537">
    <p class='ocr_par' dir='ltr' id='par_1_70' title="bbox 2131 3461 3717 3537">
     <span class='ocr_line' id='line_1_70' title="bbox 2131 3461 3717 3537; baseline -0.007 -12"><span class='ocrx_word' id='word_1_525' title='bbox 2131 3470 2441 3525; x_wconf 88' lang='lat' dir='ltr'><strong>annuntiet.</strong></span> <span class='ocrx_word' id='word_1_526' title='bbox 2504 3467 2730 3524; x_wconf 86' lang='lat' dir='ltr'><strong>Frustra</strong></span> <span class='ocrx_word' id='word_1_527' title='bbox 2784 3476 2934 3522; x_wconf 88' lang='lat' dir='ltr'><strong>certe</strong></span> <span class='ocrx_word' id='word_1_528' title='bbox 2980 3468 3075 3537; x_wconf 86' lang='lat' dir='ltr'><strong>qui</strong></span> <span class='ocrx_word' id='word_1_529' title='bbox 3115 3464 3353 3534; x_wconf 86' lang='lat' dir='ltr'><strong>iurando</strong></span> <span class='ocrx_word' id='word_1_530' title='bbox 3400 3462 3511 3518; x_wconf 89' lang='lat' dir='ltr'><strong>Deo</strong></span> <span class='ocrx_word' id='word_1_531' title='bbox 3540 3461 3717 3517; x_wconf 88' lang='lat' dir='ltr'><strong>insul-</strong></span> 
     </span>
    </p>
   </div>
   <div class='ocr_carea' id='block_1_71' title="bbox 2131 3552 3718 3631">
    <p class='ocr_par' dir='ltr' id='par_1_71' title="bbox 2131 3552 3718 3631">
     <span class='ocr_line' id='line_1_71' title="bbox 2131 3552 3718 3631; baseline -0.008 -13"><span class='ocrx_word' id='word_1_532' title='bbox 2131 3572 2251 3623; x_wconf 80' lang='lat' dir='ltr'><strong>tant</strong></span> <span class='ocrx_word' id='word_1_533' title='bbox 2278 3562 2345 3617; x_wconf 87' lang='lat' dir='ltr'><strong>ad</strong></span> <span class='ocrx_word' id='word_1_534' title='bbox 2373 3562 2539 3617; x_wconf 91' lang='lat' dir='ltr'><strong>istum</strong></span> <span class='ocrx_word' id='word_1_535' title='bbox 2578 3559 2837 3631; x_wconf 89' lang='lat' dir='ltr'><strong>loquendi</strong></span> <span class='ocrx_word' id='word_1_536' title='bbox 2872 3557 3095 3613; x_wconf 89' lang='lat' dir='ltr'><strong>modum</strong></span> <span class='ocrx_word' id='word_1_537' title='bbox 3131 3556 3478 3627; x_wconf 80' lang='lat' dir='ltr'><strong>confugiunt.</strong></span> <span class='ocrx_word' id='word_1_538' title='bbox 3512 3552 3718 3609; x_wconf 86' lang='lat' dir='ltr'><strong>Nullibi</strong></span> 
     </span>
    </p>
   </div>
   <div class='ocr_carea' id='block_1_72' title="bbox 2130 3644 3718 3722">
    <p class='ocr_par' dir='ltr' id='par_1_72' title="bbox 2130 3644 3718 3722">
     <span class='ocr_line' id='line_1_72' title="bbox 2130 3644 3718 3722; baseline -0.008 -11"><span class='ocrx_word' id='word_1_539' title='bbox 2130 3655 2277 3711; x_wconf 89' lang='lat' dir='ltr'><strong>enim</strong></span> <span class='ocrx_word' id='word_1_540' title='bbox 2326 3654 2488 3722; x_wconf 90' lang='lat' dir='ltr'><strong>Deus,</strong></span> <span class='ocrx_word' id='word_1_541' title='bbox 2556 3668 2661 3709; x_wconf 86' lang='lat' dir='ltr'><strong>nec</strong></span> <span class='ocrx_word' id='word_1_542' title='bbox 2702 3653 3017 3722; x_wconf 87' lang='lat' dir='ltr'><strong>iuramento</strong></span> <span class='ocrx_word' id='word_1_543' title='bbox 3053 3666 3155 3708; x_wconf 92' lang='lat' dir='ltr'><strong>nec</strong></span> <span class='ocrx_word' id='word_1_544' title='bbox 3192 3651 3380 3722; x_wconf 82' lang='lat' dir='ltr'><strong>aliquo</strong></span> <span class='ocrx_word' id='word_1_545' title='bbox 3409 3644 3718 3704; x_wconf 89' lang='lat' dir='ltr'><strong>istiusmodi</strong></span> 
     </span>
    </p>
   </div>
   <div class='ocr_carea' id='block_1_73' title="bbox 2129 3749 2723 3808">
    <p class='ocr_par' dir='ltr' id='par_1_73' title="bbox 2129 3749 2723 3808">
     <span class='ocr_line' id='line_1_73' title="bbox 2129 3749 2723 3808; baseline -0.002 -1"><span class='ocrx_word' id='word_1_546' title='bbox 2129 3752 2297 3807; x_wconf 89' lang='lat' dir='ltr'><strong>verbo</strong></span> <span class='ocrx_word' id='word_1_547' title='bbox 2324 3766 2457 3808; x_wconf 89' lang='lat' dir='ltr'><strong>usus</strong></span> <span class='ocrx_word' id='word_1_548' title='bbox 2485 3749 2723 3806; x_wconf 89' lang='lat' dir='ltr'><strong>videtur.</strong></span> 
     </span>
    </p>
   </div>
   <div class='ocr_carea' id='block_1_74' title="bbox 2126 4030 3714 4109">
    <p class='ocr_par' dir='ltr' id='par_1_74' title="bbox 2126 4030 3714 4109">
     <span class='ocr_line' id='line_1_74' title="bbox 2126 4030 3714 4109; baseline -0.004 -19"><span class='ocrx_word' id='word_1_549' title='bbox 2126 4034 2449 4101; x_wconf 61' lang='lat' dir='ltr'><strong>QUA‘ZSTIU</strong></span> <span class='ocrx_word' id='word_1_550' title='bbox 2488 4034 2765 4091; x_wconf 79' lang='lat' dir='ltr'><strong>CLXXVI.</strong></span> <span class='ocrx_word' id='word_1_551' title='bbox 2820 4035 3011 4109; x_wconf 76' lang='lat' dir='ltr'><strong>[CoisL</strong></span> <span class='ocrx_word' id='word_1_552' title='bbox 3058 4035 3218 4102; x_wconf 75' lang='lat' dir='ltr'><strong>CCV,</strong></span> <span class='ocrx_word' id='word_1_553' title='bbox 3265 4034 3429 4088; x_wconf 83' lang='lat' dir='ltr'><strong>Taur.</strong></span> <span class='ocrx_word' id='word_1_554' title='bbox 3460 4030 3714 4103; x_wconf 74' lang='lat' dir='ltr'><strong>CXCVI.]</strong></span> 
     </span>
    </p>
   </div>
   <div class='ocr_carea' id='block_1_75' title="bbox 2203 4126 3647 4199">
    <p class='ocr_par' dir='ltr' id='par_1_75' title="bbox 2203 4126 3647 4199">
     <span class='ocr_line' id='line_1_75' title="bbox 2203 4126 3647 4199; baseline 0 -20"><span class='ocrx_word' id='word_1_555' title='bbox 2203 4126 2345 4192; x_wconf 83' lang='lat' dir='ltr'><strong>Quid</strong></span> <span class='ocrx_word' id='word_1_556' title='bbox 2375 4129 2445 4181; x_wconf 80' lang='lat' dir='ltr'><strong>sit</strong></span> <span class='ocrx_word' id='word_1_557' title='bbox 2474 4142 2493 4180; x_wconf 87' lang='lat'><strong><em>:</em></strong></span> <span class='ocrx_word' id='word_1_558' title='bbox 2523 4145 2542 4180; x_wconf 83' lang='grc' dir='ltr'><strong>ι</strong></span> <span class='ocrx_word' id='word_1_559' title='bbox 2586 4127 2655 4181; x_wconf 85' lang='lat' dir='ltr'><strong>Et</strong></span> <span class='ocrx_word' id='word_1_560' title='bbox 2676 4139 2822 4199; x_wconf 69' lang='lat' dir='ltr'><strong>tuum</strong></span> <span class='ocrx_word' id='word_1_561' title='bbox 2844 4131 3011 4193; x_wconf 71' lang='lat' dir='ltr'><strong>ipsius</strong></span> <span class='ocrx_word' id='word_1_562' title='bbox 3044 4132 3280 4183; x_wconf 82' lang='lat' dir='ltr'><strong>animam</strong></span> <span class='ocrx_word' id='word_1_563' title='bbox 3302 4127 3647 4199; x_wconf 78' lang='lat' dir='ltr'><strong>pertransibit</strong></span> 
     </span>
    </p>
   </div>
   <div class='ocr_carea' id='block_1_76' title="bbox 2755 4197 3082 4271">
    <p class='ocr_par' dir='ltr' id='par_1_76' title="bbox 2755 4197 3082 4271">
     <span class='ocr_line' id='line_1_76' title="bbox 2755 4197 3082 4271; baseline -0.006 -19"><span class='ocrx_word' id='word_1_564' title='bbox 2755 4197 2777 4227; x_wconf 65' lang='lat'>‘</span> <span class='ocrx_word' id='word_1_565' title='bbox 2796 4200 3009 4271; x_wconf 80' lang='lat' dir='ltr'><strong>gladius</strong></span> <span class='ocrx_word' id='word_1_566' title='bbox 3030 4202 3082 4255; x_wconf 70' lang='grc' dir='ltr'><strong>2ο</strong></span> 
     </span>
    </p>
   </div>
   <div class='ocr_carea' id='block_1_77' title="bbox 1302 4350 2850 4417">
    <p class='ocr_par' dir='ltr' id='par_1_77' title="bbox 1302 4350 2850 4417">
     <span class='ocr_line' id='line_1_77' title="bbox 1302 4350 2850 4417; baseline 0.003 -14"><span class='ocrx_word' id='word_1_567' title='bbox 1302 4351 1447 4403; x_wconf 86' lang='lat' dir='ltr'><strong>Edita</strong></span> <span class='ocrx_word' id='word_1_568' title='bbox 1478 4365 1508 4401; x_wconf 71' lang='grc' dir='ltr'><strong>ο</strong></span> <span class='ocrx_word' id='word_1_569' title='bbox 1532 4351 1658 4402; x_wconf 79' lang='lat' dir='ltr'><strong>Maio</strong></span> <span class='ocrx_word' id='word_1_570' title='bbox 1684 4350 1743 4412; x_wconf 92' lang='lat'><strong>(1.</strong></span> <span class='ocrx_word' id='word_1_571' title='bbox 1764 4364 1809 4402; x_wconf 93' lang='lat' dir='ltr'><strong>c.</strong></span> <span class='ocrx_word' id='word_1_572' title='bbox 1834 4365 1883 4415; x_wconf 89' lang='lat' dir='ltr'><strong>p.</strong></span> <span class='ocrx_word' id='word_1_573' title='bbox 1910 4352 2043 4417; x_wconf 84' lang='grc'><strong>107).</strong></span> <span class='ocrx_word' id='word_1_574' title='bbox 2065 4378 2128 4392; x_wconf 89' lang='lat'><strong>—-</strong></span> <span class='ocrx_word' id='word_1_575' title='bbox 2148 4352 2421 4417; x_wconf 77' lang='lat' dir='ltr'><strong>Exegetica</strong></span> <span class='ocrx_word' id='word_1_576' title='bbox 2446 4355 2511 4405; x_wconf 86' lang='lat' dir='ltr'><strong>In</strong></span> <span class='ocrx_word' id='word_1_577' title='bbox 2547 4354 2656 4406; x_wconf 82' lang='lat' dir='ltr'><strong>Luc.</strong></span> <span class='ocrx_word' id='word_1_578' title='bbox 2686 4367 2739 4415; x_wconf 85' lang='grc' dir='ltr'><strong>ιι,</strong></span> <span class='ocrx_word' id='word_1_579' title='bbox 2770 4351 2850 4407; x_wconf 80' lang='grc'><strong>55.</strong></span> 
     </span>
    </p>
   </div>
   <div class='ocr_carea' id='block_1_78' title="bbox 507 4458 2025 4532">
    <p class='ocr_par' dir='ltr' id='par_1_78' title="bbox 507 4458 2025 4532">
     <span class='ocr_line' id='line_1_78' title="bbox 507 4458 2025 4532; baseline -0.002 -16"><span class='ocrx_word' id='word_1_580' title='bbox 507 4462 616 4532; x_wconf 84' lang='grc' dir='ltr'><strong>Τῆς</strong></span> <span class='ocrx_word' id='word_1_581' title='bbox 642 4475 916 4530; x_wconf 75' lang='grc' dir='ltr'>παναγιας</span> <span class='ocrx_word' id='word_1_582' title='bbox 937 4458 1439 4531; x_wconf 72' lang='grc' dir='ltr'>καὶἊειπαρθένου</span> <span class='ocrx_word' id='word_1_583' title='bbox 1471 4459 1693 4531; x_wconf 87' lang='grc' dir='ltr'>Μαρίας</span> <span class='ocrx_word' id='word_1_584' title='bbox 1722 4460 1822 4528; x_wconf 83' lang='grc' dir='ltr'><strong>τὴν</strong></span> <span class='ocrx_word' id='word_1_585' title='bbox 1846 4458 2025 4531; x_wconf 80' lang='grc' dir='ltr'>ψυχὴν</span> 
     </span>
    </p>
   </div>
   <div class='ocr_carea' id='block_1_79' title="bbox 437 4550 2024 4628">
    <p class='ocr_par' dir='ltr' id='par_1_79' title="bbox 437 4550 2024 4628">
     <span class='ocr_line' id='line_1_79' title="bbox 437 4550 2024 4628; baseline -0.004 -18"><span class='ocrx_word' id='word_1_586' title='bbox 437 4554 683 4628; x_wconf 76' lang='grc' dir='ltr'>ῥομφαία</span> <span class='ocrx_word' id='word_1_587' title='bbox 728 4550 914 4623; x_wconf 83' lang='grc' dir='ltr'>διῆλθε</span> <span class='ocrx_word' id='word_1_588' title='bbox 941 4552 1065 4605; x_wconf 86' lang='grc' dir='ltr'>κατ’</span> <span class='ocrx_word' id='word_1_589' title='bbox 1112 4551 1245 4606; x_wconf 89' lang='grc' dir='ltr'>αὑτὸ</span> <span class='ocrx_word' id='word_1_590' title='bbox 1265 4551 1328 4605; x_wconf 91' lang='grc' dir='ltr'><strong>τὸ</strong></span> <span class='ocrx_word' id='word_1_591' title='bbox 1354 4553 1625 4623; x_wconf 82' lang='grc' dir='ltr'>σωτήριον</span> <span class='ocrx_word' id='word_1_592' title='bbox 1655 4551 1752 4607; x_wconf 89' lang='grc' dir='ltr'><strong>τοῦ</strong></span> <span class='ocrx_word' id='word_1_593' title='bbox 1782 4550 2024 4624; x_wconf 85' lang='grc' dir='ltr'>Χριστοῦ</span> 
     </span>
    </p>
   </div>
   <div class='ocr_carea' id='block_1_80' title="bbox 2205 4460 3721 4535">
    <p class='ocr_par' dir='ltr' id='par_1_80' title="bbox 2205 4460 3721 4535">
     <span class='ocr_line' id='line_1_80' title="bbox 2205 4460 3721 4535; baseline 0.005 -19"><span class='ocrx_word' id='word_1_594' title='bbox 2205 4460 2584 4519; x_wconf 70' lang='lat' dir='ltr'><strong>Sanctissimae</strong></span> <span class='ocrx_word' id='word_1_595' title='bbox 2631 4471 2687 4518; x_wconf 92' lang='lat' dir='ltr'><strong>et</strong></span> <span class='ocrx_word' id='word_1_596' title='bbox 2733 4477 2951 4533; x_wconf 86' lang='lat' dir='ltr'><strong>semper</strong></span> <span class='ocrx_word' id='word_1_597' title='bbox 2980 4462 3224 4535; x_wconf 81' lang='lat' dir='ltr'><strong>Virginis</strong></span> <span class='ocrx_word' id='word_1_598' title='bbox 3260 4462 3447 4521; x_wconf 67' lang='lat' dir='ltr'><strong>Maria:</strong></span> <span class='ocrx_word' id='word_1_599' title='bbox 3473 4467 3721 4523; x_wconf 84' lang='lat' dir='ltr'><strong>animam</strong></span> 
     </span>
    </p>
   </div>
   <div class='ocr_carea' id='block_1_81' title="bbox 2133 4552 3717 4629">
    <p class='ocr_par' dir='ltr' id='par_1_81' title="bbox 2133 4552 3717 4629">
     <span class='ocr_line' id='line_1_81' title="bbox 2133 4552 3717 4629; baseline 0.006 -23"><span class='ocrx_word' id='word_1_600' title='bbox 2133 4552 2347 4623; x_wconf 82' lang='lat' dir='ltr'><strong>gladius</strong></span> <span class='ocrx_word' id='word_1_601' title='bbox 2396 4554 2774 4625; x_wconf 87' lang='lat' dir='ltr'><strong>pertransivit,</strong></span> <span class='ocrx_word' id='word_1_602' title='bbox 2829 4554 2885 4608; x_wconf 91' lang='lat' dir='ltr'><strong>in</strong></span> <span class='ocrx_word' id='word_1_603' title='bbox 2936 4553 3054 4625; x_wconf 89' lang='lat' dir='ltr'><strong>ipsa</strong></span> <span class='ocrx_word' id='word_1_604' title='bbox 3098 4555 3330 4611; x_wconf 90' lang='lat' dir='ltr'><strong>salutari</strong></span> <span class='ocrx_word' id='word_1_605' title='bbox 3352 4556 3555 4613; x_wconf 83' lang='lat' dir='ltr'><strong>Christi</strong></span> <span class='ocrx_word' id='word_1_606' title='bbox 3587 4574 3717 4629; x_wconf 84' lang='lat' dir='ltr'><strong>pas-</strong></span> 
     </span>
    </p>
   </div>
   <div class='ocr_carea' id='block_1_82' title="bbox 436 4643 2046 4731">
    <p class='ocr_par' dir='ltr' id='par_1_82' title="bbox 436 4643 2023 4719">
     <span class='ocr_line' id='line_1_82' title="bbox 436 4643 2023 4719; baseline -0.004 -15"><span class='ocrx_word' id='word_1_607' title='bbox 436 4649 642 4713; x_wconf 88' lang='grc' dir='ltr'>πάθος,</span> <span class='ocrx_word' id='word_1_608' title='bbox 687 4647 790 4701; x_wconf 86' lang='grc' dir='ltr'><strong>οὑκ</strong></span> <span class='ocrx_word' id='word_1_609' title='bbox 834 4643 1247 4711; x_wconf 73' lang='grc' dir='ltr'>ἐπιδιστάζουσι</span> <span class='ocrx_word' id='word_1_610' title='bbox 1296 4645 1582 4718; x_wconf 88' lang='grc' dir='ltr'>λογισμοῖς</span> <span class='ocrx_word' id='word_1_611' title='bbox 1641 4645 2023 4719; x_wconf 85' lang='grc' dir='ltr'>βαλλομένης,</span> 
     </span>
    </p>
   </div>
   <div class='ocr_carea' id='block_1_83' title="bbox 2130 4643 3715 4731">
    <p class='ocr_par' dir='ltr' id='par_1_83' title="bbox 2134 4647 3715 4719">
     <span class='ocr_line' id='line_1_83' title="bbox 2134 4647 3715 4719; baseline 0.002 -17"><span class='ocrx_word' id='word_1_612' title='bbox 2134 4649 2321 4715; x_wconf 88' lang='lat' dir='ltr'><strong>sione;</strong></span> <span class='ocrx_word' id='word_1_613' title='bbox 2350 4663 2459 4701; x_wconf 90' lang='lat' dir='ltr'><strong>non</strong></span> <span class='ocrx_word' id='word_1_614' title='bbox 2493 4647 2639 4718; x_wconf 91' lang='lat' dir='ltr'><strong>quod</strong></span> <span class='ocrx_word' id='word_1_615' title='bbox 2672 4648 2900 4703; x_wconf 87' lang='lat' dir='ltr'><strong>incertis</strong></span> <span class='ocrx_word' id='word_1_616' title='bbox 2928 4648 3363 4719; x_wconf 83' lang='lat' dir='ltr'><strong>cogitationibus</strong></span> <span class='ocrx_word' id='word_1_617' title='bbox 3390 4648 3715 4719; x_wconf 80' lang='lat' dir='ltr'><strong>iactaretur,</strong></span> 
     </span>
    </p>
   </div>
   <div class='ocr_carea' id='block_1_84' title="bbox 434 4734 2029 4810">
    <p class='ocr_par' dir='ltr' id='par_1_84' title="bbox 434 4734 2029 4810">
     <span class='ocr_line' id='line_1_84' title="bbox 434 4734 2029 4810; baseline -0.002 -16"><span class='ocrx_word' id='word_1_618' title='bbox 434 4742 537 4794; x_wconf 84' lang='grc' dir='ltr'><strong>οὑκ</strong></span> <span class='ocrx_word' id='word_1_619' title='bbox 581 4738 841 4803; x_wconf 85' lang='grc' dir='ltr'>ἀπιστίας</span> <span class='ocrx_word' id='word_1_620' title='bbox 904 4738 1087 4810; x_wconf 85' lang='grc' dir='ltr'>βέλεσι</span> <span class='ocrx_word' id='word_1_621' title='bbox 1143 4739 1614 4810; x_wconf 84' lang='grc' dir='ltr'>τιτρωσκομένης,</span> <span class='ocrx_word' id='word_1_622' title='bbox 1660 4741 1762 4793; x_wconf 90' lang='grc' dir='ltr'><strong>οὑκ</strong></span> <span class='ocrx_word' id='word_1_623' title='bbox 1814 4740 1901 4808; x_wconf 81' lang='grc' dir='ltr'><strong>ἐφ’</strong></span> <span class='ocrx_word' id='word_1_624' title='bbox 1946 4734 2029 4803; x_wconf 77' lang='grc' dir='ltr'>οἷς</span> 
     </span>
    </p>
   </div>
   <div class='ocr_carea' id='block_1_85' title="bbox 435 4831 2031 4906">
    <p class='ocr_par' dir='ltr' id='par_1_85' title="bbox 435 4831 2031 4906">
     <span class='ocr_line' id='line_1_85' title="bbox 435 4831 2031 4906; baseline -0.001 -18"><span class='ocrx_word' id='word_1_625' title='bbox 435 4834 621 4906; x_wconf 78' lang='grc' dir='ltr'>ἔχαιρε</span> <span class='ocrx_word' id='word_1_626' title='bbox 658 4832 757 4904; x_wconf 84' lang='grc' dir='ltr'><strong>τὴν</strong></span> <span class='ocrx_word' id='word_1_627' title='bbox 789 4831 971 4904; x_wconf 90' lang='grc' dir='ltr'>λύπην</span> <span class='ocrx_word' id='word_1_628' title='bbox 1009 4831 1442 4902; x_wconf 85' lang='grc' dir='ltr'>ἀλλασσομένης,</span> <span class='ocrx_word' id='word_1_629' title='bbox 1496 4831 1634 4886; x_wconf 83' lang='grc' dir='ltr'>ἀλλὰ</span> <span class='ocrx_word' id='word_1_630' title='bbox 1668 4831 1738 4886; x_wconf 81' lang='grc' dir='ltr'><strong>τά</strong></span> <span class='ocrx_word' id='word_1_631' title='bbox 1784 4835 2031 4903; x_wconf 84' lang='grc' dir='ltr'>μητρικὰ</span> 
     </span>
    </p>
   </div>
   <div class='ocr_carea' id='block_1_86' title="bbox 437 4923 2027 4997">
    <p class='ocr_par' dir='ltr' id='par_1_86' title="bbox 437 4923 2027 4997">
     <span class='ocr_line' id='line_1_86' title="bbox 437 4923 2027 4997; baseline -0.002 -17"><span class='ocrx_word' id='word_1_632' title='bbox 437 4927 722 4997; x_wconf 86' lang='grc' dir='ltr'>σπλάγχνα</span> <span class='ocrx_word' id='word_1_633' title='bbox 752 4924 1006 4996; x_wconf 90' lang='grc' dir='ltr'>διδούσης</span> <span class='ocrx_word' id='word_1_634' title='bbox 1050 4924 1192 4996; x_wconf 90' lang='grc' dir='ltr'>πρὸς</span> <span class='ocrx_word' id='word_1_635' title='bbox 1221 4923 1323 4996; x_wconf 83' lang='grc' dir='ltr'><strong>τὴν</strong></span> <span class='ocrx_word' id='word_1_636' title='bbox 1355 4923 1601 4995; x_wconf 74' lang='grc' dir='ltr'>ἔμφυτον</span> <span class='ocrx_word' id='word_1_637' title='bbox 1654 4923 2027 4993; x_wconf 84' lang='grc' dir='ltr'>συμπάθειαν,</span> 
     </span>
    </p>
   </div>
   <div class='ocr_carea' id='block_1_87' title="bbox 434 5015 2009 5088">
    <p class='ocr_par' dir='ltr' id='par_1_87' title="bbox 434 5015 2009 5088">
     <span class='ocr_line' id='line_1_87' title="bbox 434 5015 2009 5088; baseline -0.001 -16"><span class='ocrx_word' id='word_1_638' title='bbox 434 5015 999 5088; x_wconf 81' lang='grc' dir='ltr'>ἁνασκολοπιζομένου</span> <span class='ocrx_word' id='word_1_639' title='bbox 1037 5018 1133 5070; x_wconf 89' lang='grc' dir='ltr'><strong>τοῦ</strong></span> <span class='ocrx_word' id='word_1_640' title='bbox 1177 5016 1345 5082; x_wconf 85' lang='grc' dir='ltr'>Υίοῦ,</span> <span class='ocrx_word' id='word_1_641' title='bbox 1396 5016 1663 5088; x_wconf 86' lang='grc' dir='ltr'>πράττειν</span> <span class='ocrx_word' id='word_1_642' title='bbox 1708 5015 1781 5070; x_wconf 82' lang='grc' dir='ltr'>τὰ</span> <span class='ocrx_word' id='word_1_643' title='bbox 1813 5017 2009 5071; x_wconf 73' lang='grc' dir='ltr'>οἰκεῖα.</span> 
     </span>
    </p>
   </div>
   <div class='ocr_carea' id='block_1_88' title="bbox 435 5107 2031 5182">
    <p class='ocr_par' dir='ltr' id='par_1_88' title="bbox 435 5107 2031 5182">
     <span class='ocr_line' id='line_1_88' title="bbox 435 5107 2031 5182; baseline -0.001 -19"><span class='ocrx_word' id='word_1_644' title='bbox 435 5109 502 5163; x_wconf 91' lang='grc' dir='ltr'>Τί</span> <span class='ocrx_word' id='word_1_645' title='bbox 541 5110 652 5182; x_wconf 76' lang='grc' dir='ltr'><strong>γὰρ</strong></span> <span class='ocrx_word' id='word_1_646' title='bbox 698 5111 882 5182; x_wconf 83' lang='grc' dir='ltr'>μήτηρ</span> <span class='ocrx_word' id='word_1_647' title='bbox 930 5110 1030 5163; x_wconf 89' lang='grc' dir='ltr'><strong>οὑκ</strong></span> <span class='ocrx_word' id='word_1_648' title='bbox 1059 5110 1126 5164; x_wconf 85' lang='grc' dir='ltr'><strong>ἂν</strong></span> <span class='ocrx_word' id='word_1_649' title='bbox 1157 5108 1320 5166; x_wconf 82' lang='grc' dir='ltr'>πάθοι</span> <span class='ocrx_word' id='word_1_650' title='bbox 1355 5108 1630 5179; x_wconf 85' lang='grc' dir='ltr'>βλέπουσα</span> <span class='ocrx_word' id='word_1_651' title='bbox 1654 5107 1745 5162; x_wconf 90' lang='grc' dir='ltr'><strong>τὸν</strong></span> <span class='ocrx_word' id='word_1_652' title='bbox 1779 5108 1895 5163; x_wconf 77' lang='grc' dir='ltr'>υἱὸν</span> <span class='ocrx_word' id='word_1_653' title='bbox 1933 5108 2031 5162; x_wconf 74' lang='grc' dir='ltr'>καὶ</span> 
     </span>
    </p>
   </div>
   <div class='ocr_carea' id='block_1_89' title="bbox 438 5200 2032 5277">
    <p class='ocr_par' dir='ltr' id='par_1_89' title="bbox 438 5200 2032 5277">
     <span class='ocr_line' id='line_1_89' title="bbox 438 5200 2032 5277; baseline -0.004 -17"><span class='ocrx_word' id='word_1_654' title='bbox 438 5206 676 5276; x_wconf 80' lang='grc' dir='ltr'>μάλιστα</span> <span class='ocrx_word' id='word_1_655' title='bbox 739 5207 838 5277; x_wconf 81' lang='grc' dir='ltr'><strong>τῆς</strong></span> <span class='ocrx_word' id='word_1_656' title='bbox 917 5204 1270 5276; x_wconf 83' lang='grc' dir='ltr'>ἀνθρωπίνης</span> <span class='ocrx_word' id='word_1_657' title='bbox 1324 5205 1544 5272; x_wconf 82' lang='grc' dir='ltr'>φύσεως</span> <span class='ocrx_word' id='word_1_658' title='bbox 1610 5200 2032 5269; x_wconf 84' lang='grc' dir='ltr'>πολιτευόμενον</span> 
     </span>
    </p>
   </div>
   <div class='ocr_carea' id='block_1_90' title="bbox 435 5293 2028 5370">
    <p class='ocr_par' dir='ltr' id='par_1_90' title="bbox 435 5293 2028 5370">
     <span class='ocr_line' id='line_1_90' title="bbox 435 5293 2028 5370; baseline -0.004 -17"><span class='ocrx_word' id='word_1_659' title='bbox 435 5301 706 5370; x_wconf 85' lang='grc' dir='ltr'>κρεῖττον,</span> <span class='ocrx_word' id='word_1_660' title='bbox 773 5298 875 5363; x_wconf 86' lang='grc' dir='ltr'>τὰς</span> <span class='ocrx_word' id='word_1_661' title='bbox 933 5298 1042 5352; x_wconf 83' lang='grc' dir='ltr'>τῶν</span> <span class='ocrx_word' id='word_1_662' title='bbox 1102 5296 1429 5368; x_wconf 89' lang='grc' dir='ltr'>κακούργων</span> <span class='ocrx_word' id='word_1_663' title='bbox 1490 5295 1765 5365; x_wconf 80' lang='grc' dir='ltr'>ὑπέχοντα</span> <span class='ocrx_word' id='word_1_664' title='bbox 1820 5293 2028 5357; x_wconf 86' lang='grc' dir='ltr'>δίκας;</span> 
     </span>
    </p>
   </div>
   <div class='ocr_carea' id='block_1_91' title="bbox 435 5382 2027 5458">
    <p class='ocr_par' dir='ltr' id='par_1_91' title="bbox 435 5382 2027 5458">
     <span class='ocr_line' id='line_1_91' title="bbox 435 5382 2027 5458; baseline -0.004 -17"><span class='ocrx_word' id='word_1_665' title='bbox 435 5387 609 5441; x_wconf 87' lang='grc' dir='ltr'>Τοῦτο</span> <span class='ocrx_word' id='word_1_666' title='bbox 665 5387 860 5457; x_wconf 73' lang='grc' dir='ltr'>γέγονε</span> <span class='ocrx_word' id='word_1_667' title='bbox 913 5389 981 5458; x_wconf 84' lang='grc' dir='ltr'>τῇ</span> <span class='ocrx_word' id='word_1_668' title='bbox 1037 5385 1406 5456; x_wconf 83' lang='grc' dir='ltr'>παναχράντῳ</span> <span class='ocrx_word' id='word_1_669' title='bbox 1444 5383 1634 5455; x_wconf 69' lang='grc' dir='ltr'>Μητρὶ</span> <span class='ocrx_word' id='word_1_670' title='bbox 1689 5382 1785 5438; x_wconf 88' lang='grc' dir='ltr'><strong>τοῦ</strong></span> <span class='ocrx_word' id='word_1_671' title='bbox 1852 5382 2027 5452; x_wconf 85' lang='grc' dir='ltr'>Λόγου</span> 
     </span>
    </p>
   </div>
   <div class='ocr_carea' id='block_1_92' title="bbox 437 5476 2030 5551">
    <p class='ocr_par' dir='ltr' id='par_1_92' title="bbox 437 5476 2030 5551">
     <span class='ocr_line' id='line_1_92' title="bbox 437 5476 2030 5551; baseline -0.002 -19"><span class='ocrx_word' id='word_1_672' title='bbox 437 5478 767 5551; x_wconf 85' lang='grc' dir='ltr'>πικρότερον</span> <span class='ocrx_word' id='word_1_673' title='bbox 837 5479 935 5533; x_wconf 73' lang='grc' dir='ltr'><strong>καὶ</strong></span> <span class='ocrx_word' id='word_1_674' title='bbox 993 5477 1323 5550; x_wconf 89' lang='grc' dir='ltr'>δριμύτερον</span> <span class='ocrx_word' id='word_1_675' title='bbox 1384 5476 1660 5547; x_wconf 78' lang='grc' dir='ltr'>ῥομφαίας</span> <span class='ocrx_word' id='word_1_676' title='bbox 1702 5477 1924 5546; x_wconf 85' lang='grc' dir='ltr'>ἀπάσης</span> <span class='ocrx_word' id='word_1_677' title='bbox 1969 5476 2030 5529; x_wconf 88' lang='lat' dir='ltr'><strong>rb</strong></span> 
     </span>
    </p>
   </div>
   <div class='ocr_carea' id='block_1_93' title="bbox 436 5563 2029 5640">
    <p class='ocr_par' dir='ltr' id='par_1_93' title="bbox 436 5563 2029 5640">
     <span class='ocr_line' id='line_1_93' title="bbox 436 5563 2029 5640; baseline -0.001 -19"><span class='ocrx_word' id='word_1_678' title='bbox 436 5569 647 5633; x_wconf 76' lang='grc' dir='ltr'>πάθοςο</span> <span class='ocrx_word' id='word_1_679' title='bbox 700 5570 751 5623; x_wconf 83' lang='grc' dir='ltr'><strong>εί</strong></span> <span class='ocrx_word' id='word_1_680' title='bbox 797 5570 909 5640; x_wconf 85' lang='grc' dir='ltr'>γὰρ</span> <span class='ocrx_word' id='word_1_681' title='bbox 967 5569 1063 5623; x_wconf 78' lang='grc' dir='ltr'>καὶ</span> <span class='ocrx_word' id='word_1_682' title='bbox 1115 5568 1248 5623; x_wconf 83' lang='grc' dir='ltr'>Θεὸν</span> <span class='ocrx_word' id='word_1_683' title='bbox 1299 5567 1502 5632; x_wconf 83' lang='grc' dir='ltr'>πολλὰς</span> <span class='ocrx_word' id='word_1_684' title='bbox 1551 5568 1841 5631; x_wconf 79' lang='grc' dir='ltr'>ὑποθέσεις</span> <span class='ocrx_word' id='word_1_685' title='bbox 1880 5563 2029 5638; x_wconf 74' lang='grc' dir='ltr'>εἶχεν</span> 
     </span>
    </p>
   </div>
   <div class='ocr_carea' id='block_1_94' title="bbox 438 5656 2030 5733">
    <p class='ocr_par' dir='ltr' id='par_1_94' title="bbox 438 5656 2030 5733">
     <span class='ocr_line' id='line_1_94' title="bbox 438 5656 2030 5733; baseline -0.003 -17"><span class='ocrx_word' id='word_1_686' title='bbox 438 5664 639 5717; x_wconf 75' lang='grc' dir='ltr'>εἰδέναι</span> <span class='ocrx_word' id='word_1_687' title='bbox 675 5662 770 5716; x_wconf 90' lang='grc' dir='ltr'><strong>τὸν</strong></span> <span class='ocrx_word' id='word_1_688' title='bbox 808 5662 936 5717; x_wconf 81' lang='grc' dir='ltr'>Υἱὸν</span> <span class='ocrx_word' id='word_1_689' title='bbox 978 5661 1421 5733; x_wconf 88' lang='grc' dir='ltr'>σεσαρκωμένον,</span> <span class='ocrx_word' id='word_1_690' title='bbox 1475 5660 1592 5714; x_wconf 85' lang='grc' dir='ltr'>ἀλλ’</span> <span class='ocrx_word' id='word_1_691' title='bbox 1638 5656 1734 5715; x_wconf 74' lang='grc' dir='ltr'><strong>οὖν</strong></span> <span class='ocrx_word' id='word_1_692' title='bbox 1786 5660 1887 5713; x_wconf 85' lang='grc' dir='ltr'><strong>οὐκ</strong></span> <span class='ocrx_word' id='word_1_693' title='bbox 1933 5658 2030 5712; x_wconf 68' lang='grc' dir='ltr'><strong>ἐπὶ</strong></span> 
     </span>
    </p>
   </div>
   <div class='ocr_carea' id='block_1_95' title="bbox 438 5751 2027 5824">
    <p class='ocr_par' dir='ltr' id='par_1_95' title="bbox 438 5751 2027 5824">
     <span class='ocr_line' id='line_1_95' title="bbox 438 5751 2027 5824; baseline -0.004 -14"><span class='ocrx_word' id='word_1_694' title='bbox 438 5758 660 5810; x_wconf 72' lang='grc' dir='ltr'>πὶντων</span> <span class='ocrx_word' id='word_1_695' title='bbox 695 5755 819 5809; x_wconf 75' lang='grc' dir='ltr'>ἔλυε</span> <span class='ocrx_word' id='word_1_696' title='bbox 849 5755 978 5820; x_wconf 78' lang='grc' dir='ltr'>τοὺς</span> <span class='ocrx_word' id='word_1_697' title='bbox 1020 5753 1120 5823; x_wconf 76' lang='grc' dir='ltr'>τῆς</span> <span class='ocrx_word' id='word_1_698' title='bbox 1167 5754 1383 5822; x_wconf 71' lang='grc' dir='ltr'>φύσεως</span> <span class='ocrx_word' id='word_1_699' title='bbox 1436 5754 1635 5824; x_wconf 90' lang='grc' dir='ltr'>νόμους</span> <span class='ocrx_word' id='word_1_700' title='bbox 1661 5768 1673 5782; x_wconf 89' lang='grc'><strong>·</strong></span> <span class='ocrx_word' id='word_1_701' title='bbox 1709 5752 1944 5807; x_wconf 83' lang='grc' dir='ltr'>ἐνεδίδου</span> <span class='ocrx_word' id='word_1_702' title='bbox 1970 5751 2027 5805; x_wconf 83' lang='grc' dir='ltr'>δὲ</span> 
     </span>
    </p>
   </div>
   <div class='ocr_carea' id='block_1_96' title="bbox 443 5843 2026 5920">
    <p class='ocr_par' dir='ltr' id='par_1_96' title="bbox 443 5843 2026 5920">
     <span class='ocr_line' id='line_1_96' title="bbox 443 5843 2026 5920; baseline -0.002 -21"><span class='ocrx_word' id='word_1_703' title='bbox 443 5848 535 5900; x_wconf 71' lang='grc' dir='ltr'><strong>καὶ</strong></span> <span class='ocrx_word' id='word_1_704' title='bbox 576 5849 646 5920; x_wconf 76' lang='grc' dir='ltr'>τῇ</span> <span class='ocrx_word' id='word_1_705' title='bbox 678 5846 839 5919; x_wconf 85' lang='grc' dir='ltr'>φύσει</span> <span class='ocrx_word' id='word_1_706' title='bbox 874 5848 986 5910; x_wconf 89' lang='grc' dir='ltr'>τοῖς</span> <span class='ocrx_word' id='word_1_707' title='bbox 1030 5844 1254 5909; x_wconf 86' lang='grc' dir='ltr'>οἰκείοις</span> <span class='ocrx_word' id='word_1_708' title='bbox 1295 5844 1683 5916; x_wconf 77' lang='grc' dir='ltr'>ἐνδιαπρέπειν</span> <span class='ocrx_word' id='word_1_709' title='bbox 1736 5846 1918 5915; x_wconf 85' lang='grc' dir='ltr'>ὅροις·</span> <span class='ocrx_word' id='word_1_710' title='bbox 1946 5843 2026 5897; x_wconf 82' lang='grc' dir='ltr'><strong>διὸ</strong></span> 
     </span>
    </p>
   </div>
   <div class='ocr_carea' id='block_1_97' title="bbox 2131 4736 3717 4810">
    <p class='ocr_par' dir='ltr' id='par_1_97' title="bbox 2131 4736 3717 4810">
     <span class='ocr_line' id='line_1_97' title="bbox 2131 4736 3717 4810; baseline 0.004 -19"><span class='ocrx_word' id='word_1_711' title='bbox 2131 4752 2235 4792; x_wconf 90' lang='lat' dir='ltr'><strong>nec</strong></span> <span class='ocrx_word' id='word_1_712' title='bbox 2264 4736 2563 4792; x_wconf 81' lang='lat' dir='ltr'><strong>diliidcntia</strong></span> <span class='ocrx_word' id='word_1_713' title='bbox 2591 4738 2713 4794; x_wconf 88' lang='lat' dir='ltr'><strong>telis</strong></span> <span class='ocrx_word' id='word_1_714' title='bbox 2741 4738 3150 4804; x_wconf 87' lang='lat' dir='ltr'><strong>vulneraretur,</strong></span> <span class='ocrx_word' id='word_1_715' title='bbox 3184 4754 3285 4794; x_wconf 90' lang='lat' dir='ltr'><strong>nec</strong></span> <span class='ocrx_word' id='word_1_716' title='bbox 3312 4740 3483 4809; x_wconf 85' lang='lat' dir='ltr'><strong>prima</strong></span> <span class='ocrx_word' id='word_1_717' title='bbox 3516 4740 3717 4810; x_wconf 85' lang='lat' dir='ltr'><strong>gaudia</strong></span> 
     </span>
    </p>
   </div>
   <div class='ocr_carea' id='block_1_98' title="bbox 2130 4829 3718 4900">
    <p class='ocr_par' dir='ltr' id='par_1_98' title="bbox 2130 4829 3718 4900">
     <span class='ocr_line' id='line_1_98' title="bbox 2130 4829 3718 4900; baseline 0.002 -16"><span class='ocrx_word' id='word_1_718' title='bbox 2130 4829 2186 4884; x_wconf 90' lang='lat' dir='ltr'><strong>in</strong></span> <span class='ocrx_word' id='word_1_719' title='bbox 2214 4829 2461 4885; x_wconf 87' lang='lat' dir='ltr'><strong>dolorem</strong></span> <span class='ocrx_word' id='word_1_720' title='bbox 2490 4840 2859 4894; x_wconf 87' lang='lat' dir='ltr'><strong>verterentur,</strong></span> <span class='ocrx_word' id='word_1_721' title='bbox 2905 4830 2998 4885; x_wconf 90' lang='lat' dir='ltr'><strong>sed</strong></span> <span class='ocrx_word' id='word_1_722' title='bbox 3032 4829 3182 4900; x_wconf 91' lang='lat' dir='ltr'><strong>quod</strong></span> <span class='ocrx_word' id='word_1_723' title='bbox 3224 4839 3472 4886; x_wconf 86' lang='lat' dir='ltr'><strong>materna</strong></span> <span class='ocrx_word' id='word_1_724' title='bbox 3505 4832 3718 4888; x_wconf 84' lang='lat' dir='ltr'><strong>viscera</strong></span> 
     </span>
    </p>
   </div>
   <div class='ocr_carea' id='block_1_99' title="bbox 2129 4920 3717 4993">
    <p class='ocr_par' dir='ltr' id='par_1_99' title="bbox 2129 4920 3717 4993">
     <span class='ocr_line' id='line_1_99' title="bbox 2129 4920 3717 4993; baseline 0.002 -17"><span class='ocrx_word' id='word_1_725' title='bbox 2129 4920 2199 4976; x_wconf 90' lang='lat' dir='ltr'><strong>ad</strong></span> <span class='ocrx_word' id='word_1_726' title='bbox 2226 4922 2529 4976; x_wconf 88' lang='lat' dir='ltr'><strong>naturalem</strong></span> <span class='ocrx_word' id='word_1_727' title='bbox 2564 4922 2958 4993; x_wconf 83' lang='lat' dir='ltr'><strong>sympathiam,</strong></span> <span class='ocrx_word' id='word_1_728' title='bbox 2990 4921 3253 4977; x_wconf 79' lang='lat' dir='ltr'><strong>cruciﬁxo</strong></span> <span class='ocrx_word' id='word_1_729' title='bbox 3287 4922 3447 4988; x_wconf 88' lang='lat' dir='ltr'><strong>Filio,</strong></span> <span class='ocrx_word' id='word_1_730' title='bbox 3476 4925 3717 4979; x_wconf 79' lang='lat' dir='ltr'><strong>sentien-</strong></span> 
     </span>
    </p>
   </div>
   <div class='ocr_carea' id='block_1_100' title="bbox 2129 5012 3716 5083">
    <p class='ocr_par' dir='ltr' id='par_1_100' title="bbox 2129 5012 3716 5083">
     <span class='ocr_line' id='line_1_100' title="bbox 2129 5012 3716 5083; baseline 0.003 -16"><span class='ocrx_word' id='word_1_731' title='bbox 2129 5014 2254 5067; x_wconf 80' lang='lat' dir='ltr'><strong>dam</strong></span> <span class='ocrx_word' id='word_1_732' title='bbox 2295 5013 2467 5068; x_wconf 88' lang='lat' dir='ltr'><strong>daret.</strong></span> <span class='ocrx_word' id='word_1_733' title='bbox 2522 5012 2665 5079; x_wconf 85' lang='lat' dir='ltr'><strong>Quid</strong></span> <span class='ocrx_word' id='word_1_734' title='bbox 2702 5012 2848 5066; x_wconf 91' lang='lat' dir='ltr'><strong>enim</strong></span> <span class='ocrx_word' id='word_1_735' title='bbox 2877 5020 3050 5067; x_wconf 91' lang='lat' dir='ltr'><strong>mater</strong></span> <span class='ocrx_word' id='word_1_736' title='bbox 3072 5028 3179 5066; x_wconf 89' lang='lat' dir='ltr'><strong>non</strong></span> <span class='ocrx_word' id='word_1_737' title='bbox 3212 5014 3454 5083; x_wconf 82' lang='lat' dir='ltr'><strong>patiatur</strong></span> <span class='ocrx_word' id='word_1_738' title='bbox 3477 5015 3716 5071; x_wconf 87' lang='lat' dir='ltr'><strong>videndo</strong></span> 
     </span>
    </p>
   </div>
   <div class='ocr_carea' id='block_1_101' title="bbox 2133 5103 3721 5174">
    <p class='ocr_par' dir='ltr' id='par_1_101' title="bbox 2133 5103 3721 5174">
     <span class='ocr_line' id='line_1_101' title="bbox 2133 5103 3721 5174; baseline 0.001 -14"><span class='ocrx_word' id='word_1_739' title='bbox 2133 5105 2329 5171; x_wconf 86' lang='lat' dir='ltr'><strong>lilium,</strong></span> <span class='ocrx_word' id='word_1_740' title='bbox 2373 5114 2427 5161; x_wconf 91' lang='lat' dir='ltr'><strong>et</strong></span> <span class='ocrx_word' id='word_1_741' title='bbox 2483 5103 2789 5174; x_wconf 69' lang='lat' dir='ltr'><strong>praesertim</strong></span> <span class='ocrx_word' id='word_1_742' title='bbox 2850 5104 3048 5157; x_wconf 89' lang='lat' dir='ltr'><strong>melius</strong></span> <span class='ocrx_word' id='word_1_743' title='bbox 3092 5118 3158 5159; x_wconf 86' lang='lat' dir='ltr'><strong>ac</strong></span> <span class='ocrx_word' id='word_1_744' title='bbox 3211 5114 3421 5160; x_wconf 67' lang='lat' dir='ltr'><strong>naturae</strong></span> <span class='ocrx_word' id='word_1_745' title='bbox 3464 5105 3721 5162; x_wconf 67' lang='lat' dir='ltr'><strong>humanae</strong></span> 
     </span>
    </p>
   </div>
   <div class='ocr_carea' id='block_1_102' title="bbox 2130 5195 3719 5267">
    <p class='ocr_par' dir='ltr' id='par_1_102' title="bbox 2130 5195 3719 5267">
     <span class='ocr_line' id='line_1_102' title="bbox 2130 5195 3719 5267; baseline 0.002 -16"><span class='ocrx_word' id='word_1_746' title='bbox 2130 5197 2396 5267; x_wconf 87' lang='lat' dir='ltr'><strong>possibile</strong></span> <span class='ocrx_word' id='word_1_747' title='bbox 2435 5205 2523 5252; x_wconf 64' lang='lat' dir='ltr'><strong>est</strong></span> <span class='ocrx_word' id='word_1_748' title='bbox 2547 5210 2667 5250; x_wconf 89' lang='lat' dir='ltr'><strong>sese</strong></span> <span class='ocrx_word' id='word_1_749' title='bbox 2696 5195 3025 5261; x_wconf 83' lang='lat' dir='ltr'><strong>habentem,</strong></span> <span class='ocrx_word' id='word_1_750' title='bbox 3083 5195 3455 5265; x_wconf 88' lang='lat' dir='ltr'><strong>pessimorum</strong></span> <span class='ocrx_word' id='word_1_751' title='bbox 3507 5198 3719 5266; x_wconf 90' lang='lat' dir='ltr'><strong>judicio</strong></span> 
     </span>
    </p>
   </div>
   <div class='ocr_carea' id='block_1_103' title="bbox 2129 5286 3719 5359">
    <p class='ocr_par' dir='ltr' id='par_1_103' title="bbox 2129 5286 3719 5359">
     <span class='ocr_line' id='line_1_103' title="bbox 2129 5286 3719 5359; baseline -0.001 -14"><span class='ocrx_word' id='word_1_752' title='bbox 2129 5290 2454 5359; x_wconf 86' lang='lat' dir='ltr'><strong>subiectum.</strong></span> <span class='ocrx_word' id='word_1_753' title='bbox 2542 5287 2676 5343; x_wconf 87' lang='lat' dir='ltr'><strong>Illud</strong></span> <span class='ocrx_word' id='word_1_754' title='bbox 2750 5286 2855 5341; x_wconf 81' lang='lat' dir='ltr'><strong>fuit</strong></span> <span class='ocrx_word' id='word_1_755' title='bbox 2913 5287 3281 5345; x_wconf 73' lang='lat' dir='ltr'><strong>immaculata:</strong></span> <span class='ocrx_word' id='word_1_756' title='bbox 3331 5286 3497 5343; x_wconf 88' lang='lat' dir='ltr'><strong>Verbi</strong></span> <span class='ocrx_word' id='word_1_757' title='bbox 3559 5287 3719 5344; x_wconf 79' lang='lat' dir='ltr'><strong>Matri</strong></span> 
     </span>
    </p>
   </div>
   <div class='ocr_carea' id='block_1_104' title="bbox 2129 5380 3720 5452">
    <p class='ocr_par' dir='ltr' id='par_1_104' title="bbox 2129 5380 3720 5452">
     <span class='ocr_line' id='line_1_104' title="bbox 2129 5380 3720 5452; baseline -0.001 -15"><span class='ocrx_word' id='word_1_758' title='bbox 2129 5384 2371 5437; x_wconf 87' lang='lat' dir='ltr'><strong>amarior</strong></span> <span class='ocrx_word' id='word_1_759' title='bbox 2401 5392 2453 5437; x_wconf 84' lang='lat' dir='ltr'><strong>et</strong></span> <span class='ocrx_word' id='word_1_760' title='bbox 2486 5382 2737 5436; x_wconf 84' lang='lat' dir='ltr'><strong>acerbior</strong></span> <span class='ocrx_word' id='word_1_761' title='bbox 2776 5381 2959 5451; x_wconf 86' lang='lat' dir='ltr'><strong>passio</strong></span> <span class='ocrx_word' id='word_1_762' title='bbox 2982 5396 3147 5450; x_wconf 79' lang='lat' dir='ltr'><strong>quam</strong></span> <span class='ocrx_word' id='word_1_763' title='bbox 3170 5380 3576 5451; x_wconf 88' lang='lat' dir='ltr'><strong>qualiscunque</strong></span> <span class='ocrx_word' id='word_1_764' title='bbox 3600 5381 3720 5452; x_wconf 81' lang='lat' dir='ltr'><strong>gla-</strong></span> 
     </span>
    </p>
   </div>
   <div class='ocr_carea' id='block_1_105' title="bbox 2130 5474 3717 5532">
    <p class='ocr_par' dir='ltr' id='par_1_105' title="bbox 2130 5474 3717 5532">
     <span class='ocr_line' id='line_1_105' title="bbox 2130 5474 3717 5532; baseline 0 -1"><span class='ocrx_word' id='word_1_765' title='bbox 2130 5478 2274 5532; x_wconf 88' lang='lat' dir='ltr'><strong>dius.</strong></span> <span class='ocrx_word' id='word_1_766' title='bbox 2329 5476 2555 5529; x_wconf 87' lang='lat' dir='ltr'><strong>Etiamsi</strong></span> <span class='ocrx_word' id='word_1_767' title='bbox 2577 5475 2723 5529; x_wconf 91' lang='lat' dir='ltr'><strong>enim</strong></span> <span class='ocrx_word' id='word_1_768' title='bbox 2756 5475 2957 5529; x_wconf 88' lang='lat' dir='ltr'><strong>multas</strong></span> <span class='ocrx_word' id='word_1_769' title='bbox 2996 5474 3252 5530; x_wconf 85' lang='lat' dir='ltr'><strong>habuerit</strong></span> <span class='ocrx_word' id='word_1_770' title='bbox 3275 5476 3523 5531; x_wconf 74' lang='lat' dir='ltr'><strong>rationes</strong></span> <span class='ocrx_word' id='word_1_771' title='bbox 3558 5476 3717 5531; x_wconf 91' lang='lat' dir='ltr'><strong>illum</strong></span> 
     </span>
    </p>
   </div>
   <div class='ocr_carea' id='block_1_106' title="bbox 2136 5564 3718 5634">
    <p class='ocr_par' dir='ltr' id='par_1_106' title="bbox 2136 5564 3718 5634">
     <span class='ocr_line' id='line_1_106' title="bbox 2136 5564 3718 5634; baseline 0.001 -15"><span class='ocrx_word' id='word_1_772' title='bbox 2136 5564 2336 5621; x_wconf 91' lang='lat' dir='ltr'><strong>Filium</strong></span> <span class='ocrx_word' id='word_1_773' title='bbox 2376 5582 2499 5621; x_wconf 83' lang='lat' dir='ltr'><strong>esse</strong></span> <span class='ocrx_word' id='word_1_774' title='bbox 2527 5565 2619 5619; x_wconf 85' lang='lat' dir='ltr'><strong>Dei</strong></span> <span class='ocrx_word' id='word_1_775' title='bbox 2668 5565 3013 5619; x_wconf 83' lang='lat' dir='ltr'><strong>incarnatuni</strong></span> <span class='ocrx_word' id='word_1_776' title='bbox 3064 5564 3437 5634; x_wconf 84' lang='lat' dir='ltr'><strong>diiudicandi,</strong></span> <span class='ocrx_word' id='word_1_777' title='bbox 3474 5575 3718 5621; x_wconf 83' lang='lat' dir='ltr'><strong>attamen</strong></span> 
     </span>
    </p>
   </div>
   <div class='ocr_carea' id='block_1_107' title="bbox 2136 5655 3719 5726">
    <p class='ocr_par' dir='ltr' id='par_1_107' title="bbox 2136 5655 3719 5726">
     <span class='ocr_line' id='line_1_107' title="bbox 2136 5655 3719 5726; baseline 0 -15"><span class='ocrx_word' id='word_1_778' title='bbox 2136 5673 2245 5711; x_wconf 91' lang='lat' dir='ltr'><strong>non</strong></span> <span class='ocrx_word' id='word_1_779' title='bbox 2274 5657 2328 5712; x_wconf 92' lang='lat' dir='ltr'><strong>in</strong></span> <span class='ocrx_word' id='word_1_780' title='bbox 2355 5655 2614 5711; x_wconf 89' lang='lat' dir='ltr'><strong>omnibus</strong></span> <span class='ocrx_word' id='word_1_781' title='bbox 2634 5656 2707 5709; x_wconf 91' lang='lat' dir='ltr'><strong>illi</strong></span> <span class='ocrx_word' id='word_1_782' title='bbox 2736 5655 2929 5711; x_wconf 72' lang='lat' dir='ltr'><strong>solutae</strong></span> <span class='ocrx_word' id='word_1_783' title='bbox 2950 5665 3079 5711; x_wconf 89' lang='lat' dir='ltr'><strong>sunt</strong></span> <span class='ocrx_word' id='word_1_784' title='bbox 3106 5657 3251 5726; x_wconf 74' lang='lat' dir='ltr'><strong>leges</strong></span> <span class='ocrx_word' id='word_1_785' title='bbox 3280 5666 3526 5723; x_wconf 57' lang='lat' dir='ltr'><strong>natura;</strong></span> <span class='ocrx_word' id='word_1_786' title='bbox 3552 5657 3719 5713; x_wconf 83' lang='lat' dir='ltr'><strong>daba-</strong></span> 
     </span>
    </p>
   </div>
   <div class='ocr_carea' id='block_1_108' title="bbox 2136 5747 3719 5820">
    <p class='ocr_par' dir='ltr' id='par_1_108' title="bbox 2136 5747 3719 5820">
     <span class='ocr_line' id='line_1_108' title="bbox 2136 5747 3719 5820; baseline -0.004 -14"><span class='ocrx_word' id='word_1_787' title='bbox 2136 5762 2225 5806; x_wconf 90' lang='lat' dir='ltr'><strong>tur</strong></span> <span class='ocrx_word' id='word_1_788' title='bbox 2272 5757 2455 5804; x_wconf 90' lang='lat' dir='ltr'><strong>antem</strong></span> <span class='ocrx_word' id='word_1_789' title='bbox 2514 5756 2722 5803; x_wconf 69' lang='lat' dir='ltr'><strong>natura:</strong></span> <span class='ocrx_word' id='word_1_790' title='bbox 2772 5748 2827 5802; x_wconf 92' lang='lat' dir='ltr'><strong>in</strong></span> <span class='ocrx_word' id='word_1_791' title='bbox 2860 5747 2975 5803; x_wconf 87' lang='lat' dir='ltr'><strong>suis</strong></span> <span class='ocrx_word' id='word_1_792' title='bbox 3007 5748 3210 5803; x_wconf 79' lang='lat' dir='ltr'><strong>ﬁnibus</strong></span> <span class='ocrx_word' id='word_1_793' title='bbox 3239 5750 3492 5820; x_wconf 88' lang='lat' dir='ltr'><strong>prodire,</strong></span> <span class='ocrx_word' id='word_1_794' title='bbox 3538 5749 3719 5816; x_wconf 57' lang='lat' dir='ltr'><strong>itaque</strong></span> 
     </span>
    </p>
   </div>
   <div class='ocr_carea' id='block_1_109' title="bbox 2136 5842 3717 5917">
    <p class='ocr_par' dir='ltr' id='par_1_109' title="bbox 2136 5842 3717 5917">
     <span class='ocr_line' id='line_1_109' title="bbox 2136 5842 3717 5917; baseline -0.005 -16"><span class='ocrx_word' id='word_1_795' title='bbox 2136 5844 2400 5901; x_wconf 86' lang='lat' dir='ltr'><strong>maternis</strong></span> <span class='ocrx_word' id='word_1_796' title='bbox 2439 5842 2612 5899; x_wconf 86' lang='lat' dir='ltr'><strong>oculis</strong></span> <span class='ocrx_word' id='word_1_797' title='bbox 2661 5842 2972 5917; x_wconf 83' lang='lat' dir='ltr'><strong>passionem</strong></span> <span class='ocrx_word' id='word_1_798' title='bbox 3027 5843 3334 5914; x_wconf 80' lang='lat' dir='ltr'><strong>spectacula</strong></span> <span class='ocrx_word' id='word_1_799' title='bbox 3368 5843 3717 5913; x_wconf 61' lang='lat' dir='ltr'><strong>prrposita&#39;n</strong></span> 
     </span>
    </p>
   </div>
  </div>
