4110 6498
408 393 515 457 879

1571 383 1837 461 PH‘OTII
1877 400 2386 462 PATRIARCH/E
2423 401 2513 460 cr

3593 401 3708 462 880

409 510 624 575 videns,
659 509 799 564 sicut
831 525 860 564 a
915 509 1072 581 plaga
1120 510 1284 580 gladii
1315 511 1686 583 dividebatur,
1722 526 1776 569 et
1814 531 2053 586 ampu—J

2135 517 2282 580 πάθος
2336 517 2524 587 ὁρῶσα
2599 520 2890 587 μητρικοῖς
2960 517 3262 587 ὀφθαλμοῖς
3341 519 3709 589 προκείμενον

419 615 472 660 ta
482 603 549 658 bu
559 621 603 657 ι’.

411 781 741 848 QUJESTIO
779 780 1064 838 CLXXVII
1096 782 1283 856 [CoisL
1313 781 1494 849 CCVI,
1554 783 1718 838 Tuur.
1751 785 2008 858 CXCVI].

456 898 602 962 Quid
638 900 705 952 sit
743 915 759 951 :
799 915 817 948 ι
841 897 1022 954 Nolite
1057 918 1396 956 murmurare
1448 902 1501 954 in
1540 903 1758 955 inricem
1788 913 1842 956 ut
1871 920 1977 957 non

989 972 1307 1038 jzult'cemt'ni
1333 975 1358 1025 ?
1383 993 1401 1025 ι

2115 605 2295 678 θέαμα
2331 608 2475 661 κατὰ
2509 607 2725 679 πληγὴν
2757 607 3034 678 ῥομφαίας
3066 609 3324 680 ὲτέμνετό
3356 626 3416 663 τε
3442 611 3538 664 καὶ
3581 628 3710 665 κατ-

2116 718 2141 752 ε
2150 719 2213 771 με
2225 701 2423 772 ρίζετο.
2456 720 2473 752 ι

2648 792 2989 847 ΕΡΩΤΗΣΙΣ
3035 795 3207 849 POZ'.

2122 905 2186 958 Τί
2221 906 2374 973 ἐστι,
2421 925 2439 956 ι
2480 905 2577 973 Μὴ
2633 904 2948 1031 στενὰζὲζε
2997 909 3125 960 κατ’
3151 907 3443 974 ἀλλήλων·
3497 907 3597 961 ἵνα
3621 905 3709 976 μὴ

2751 993 2843 1031 κοι
2887 994 3024 1031 nte:
3049 997 3067 1029 ι

2751 993 3024 1044 aptante;
3049 997 3067 1029 ι

1191 1084 1328 1134 Edita
1363 1101 1390 1135 a
1425 1088 1550 1138 Maio
1573 1091 1627 1151 (l.
1655 1103 1701 1139 c.
1725 1103 1772 1152 p.
1818 1089 1920 1148 107,
1956 1088 2087 1153 108).
2113 1115 2168 1125 ——
2198 1091 2466 1155 Exegetica
2499 1095 2562 1142 In
2594 1095 2733 1151 Jac.,
2762 1106 2809 1150 ν,
2833 1091 2884 1140 9.

487 1187 779 1252 Quomodo
819 1188 1080 1258 possibile
1144 1189 1218 1244 sit
1279 1191 1561 1249 hominem
1645 1193 2006 1249 contumeliis

418 1277 696 1346 affectum,
747 1281 831 1336 vel
868 1295 898 1334 a
941 1281 1180 1349 propriis
1233 1285 1544 1352 expulsum,
1573 1286 1656 1341 vel
1681 1301 2006 1356 percussum

418 1378 611 1425 contra
632 1371 860 1429 istorum
891 1384 1146 1432 auctores
1178 1394 1285 1432 non
1340 1379 1725 1435 murmurare?
1787 1378 2007 1434 Etenim

418 1475 529 1516 non
554 1462 764 1530 ulcisci,
790 1481 891 1520 nec
922 1482 1246 1537 repugnare,
1277 1466 1493 1522 diflicile
1526 1468 1750 1538 quidem
1782 1477 1888 1532 est,
1915 1468 2010 1523 sed

419 1553 703 1623 sapientiae
749 1557 1090 1618 amatoribus
1138 1565 1193 1613 et
1235 1556 1423 1612 divina
1460 1557 1712 1612 mandata
1774 1557 2011 1612 fideliter

422 1647 844 1704 observantibus
898 1649 1196 1719 possibile;
1246 1665 1356 1704 non
1415 1658 1598 1705 autem
1659 1665 2010 1705 murmurare

2190 1197 2299 1250 Καὶ
2333 1195 2452 1259 πῶς
2503 1196 2581 1250 ἔνι
2639 1195 3194 1267 προπηλακιζόμενον
3243 1197 3277 1267 ἢ
3333 1197 3442 1248 τῶν
3495 1197 3717 1250 οἰκείων

2118 1288 2479 1360 ἐλαυνόμενον
2508 1289 2540 1358 ἢ
2568 1289 2908 1358 τυπτόμενον
2953 1289 3027 1360 μὴ
3060 1288 3202 1342 κατά
3235 1288 3341 1341 τῶν
3369 1289 3557 1342 αἰτίων
3588 1307 3715 1343 στε-

2118 1381 2340 1448 νάζειν;
2384 1381 2460 1451 μὴ
2507 1379 2815 1451 ἀμύνεσθαι
2872 1381 2970 1449 μὲν
3021 1379 3131 1451 γὰρ
3165 1378 3287 1450 μηδ’
3314 1379 3712 1444 ἀντεπεξιέναι,

2120 1474 2172 1526 εἰ
2203 1471 2299 1526 καὶ
2326 1471 2588 1542 χαλεπὸν,
2639 1472 2790 1542 ὅμως
2836 1466 2930 1524 οὖν
2965 1472 3079 1532 τοῖς
3126 1487 3192 1537 γε
3233 1470 3585 1539 φιλοσοφοῦσι
3621 1472 3717 1523 καὶ

2119 1568 2240 1628 ταῖς
2270 1563 2447 1630 θείαις
2470 1565 2716 1627 ἐντολαῖς
2748 1562 3182 1633 ἠσφαλισμένοις
3230 1561 3409 1614 ἔνεστι
3448 1561 3675 1615 δυνατόν
3697 1578 3713 1594 ο

2120 1655 2180 1709 τὸ
2213 1655 2268 1708 δὲ
2305 1654 2440 1725 μηδὲ
2471 1654 2679 1707 στένειν
2726 1651 2870 1706 κατὰ
2917 1651 3029 1704 τῶν
3067 1650 3433 1722 ἠδικηκότων,
3490 1648 3619 1712 πῶς,
3649 1648 3718 1701 ἂν

421 1749 614 1795 contra
634 1740 754 1804 illos
779 1742 875 1811 qui
915 1743 1075 1798 nobis
1101 1742 1356 1812 injuriam
1385 1741 1617 1805 faciunt,
1645 1747 1927 1813 quomodo
1955 1745 2008 1799 in
2044 1771 2053 1831 1

2135 1749 2349 1820 εὑρήσει
2382 1746 2569 1820 χώραν
2599 1747 2656 1798 ὲν
2682 1744 2842 1814 φύσει
2875 1742 3072 1816 ῥεούσῃ
3098 1743 3194 1796 καὶ
3223 1743 3394 1812 θνητῇ
3421 1741 3516 1807 ;’Ὴ
3537 1740 3717 1811 πολλῷ

426 1843 624 1890 natura
657 1833 832 1906 fragili
874 1847 927 1890 et
988 1836 1205 1890 mortali
1251 1836 1404 1890 locus
1439 1835 1784 1891 invenietur?
1811 1835 2016 1892 illudne

2135 1841 2214 1895 ιοῦ
2244 1840 2515 1912 προτέρου
2550 1840 2680 1910 ῥᾷον
2705 1854 2720 1903 ;
2749 1836 2781 1907 ἦ
2814 1835 2926 1908 γὰρ
2958 1836 3052 1888 καὶ
3082 1835 3199 1900 ἐξὸν
3231 1834 3403 1905 θυμὸν
3438 1833 3720 1905 ἐμπλῆσαι

423 1929 596 1984 mttlto
640 1927 860 1984 facilius
899 1937 983 1984 est
1017 1944 1183 1998 quam
1226 1929 1488 2000 primum,
1532 1944 1656 1984 cum
1693 1930 1770 1982 ira
1798 1929 2015 1998 impleri

425 2032 481 2076 et
525 2021 720 2077 ulcisci
767 2028 821 2075 et
859 2037 1023 2076 omne
1077 2021 1465 2076 detrimentum
1517 2022 1856 2091 proclamare
1900 2038 2020 2092 per-

427 2114 780 2169 mittebatur?
838 2113 966 2168 Ilaec
1011 2126 1195 2169 autem
1229 2130 1352 2168 cum
1399 2122 1550 2168 tanta
1585 2115 1718 2178 siut,
1783 2123 1838 2168 et
1888 2112 2016 2167 forti

428 2208 612 2264 animo
635 2224 770 2276 opus
805 2208 878 2262 sit
904 2208 969 2262 ad
1012 2205 1380 2279 sympathiam
1429 2215 1482 2260 et
1531 2206 1892 2276 antipatltiam
1919 2205 2020 2258 hu-

429 2314 648 2354 manam
679 2301 1114 2355 contemnendas
1154 2307 1208 2354 et
1235 2299 1566 2362 domandas,
1615 2313 1753 2369 quas
1799 2298 2020 2368 quidem

429 2406 573 2458 saepe
604 2392 672 2446 ad
718 2393 1031 2460 superbiam
1067 2407 1374 2462 propensos
1404 2391 1627 2446 vincere
1662 2402 1717 2446 et
1751 2405 2020 2459 superare

428 2482 656 2545 scimus,
686 2485 938 2537 quamvis
966 2482 1188 2536 aliunde
1225 2483 1381 2537 multi
1421 2481 1706 2552 sapientiae
1753 2495 1945 2535 amore
1968 2489 2025 2536 et

427 2575 616 2630 divino
645 2575 839 2631 timore
866 2577 1219 2646 passionibus
1266 2577 1578 2642 superiores
1626 2573 1782 2638 fiant,
1823 2573 2025 2643 quibus

429 2681 561 2738 ergo
612 2667 966 2738 passionibus
1017 2668 1155 2722 adeo
1215 2667 1652 2722 intolerabilibus
1691 2666 1735 2721 si
1773 2667 2027 2737 superior

430 2759 662 2814 evadere
693 2759 960 2829 potueris,
999 2775 1182 2813 nonne
1212 2775 1243 2814 a
1279 2759 1493 2814 fortiori
1527 2760 2024 2822 murmurationes.

431 2865 556 2917 quae
583 2860 711 2906 sunt
747 2860 855 2906 tam
884 2851 1039 2922 parvi
1085 2852 1375 2914 momenti,
1444 2868 1544 2908 nec
1587 2851 1753 2906 ullam
1793 2861 2027 2921 possunt

434 2943 729 2999 utilitatem
758 2944 1010 3000 conferre
1040 2945 1280 3001 vitabis?
1313 2946 1548 2998 Aliunde
1578 2944 1672 3013 qui
1699 2951 2027 3006 murmurat,

433 3037 480 3090 si
518 3037 815 3092 vindictam
840 3053 1004 3108 quam
1027 3054 1092 3092 ex
1116 3039 1225 3093 alio
1254 3048 1497 3108 repetere
1523 3038 1697 3103 ardet,
1736 3054 1843 3092 non
1864 3036 2028 3106 cepit,

2119 1933 2215 1988 καὶ
2246 1932 2617 2002 ἀντιλυπῆσαι
2673 1931 2768 1984 καὶ¹
2815 1929 2915 1997 τὴν
2947 1928 3152 1998 ζημίαν
3197 1929 3380 1981 πᾶσαν
3441 1927 3716 1981 ἀνακαλέ-

2122 2024 2358 2088 σασθαι;
2401 2022 2608 2076 τούτων
2657 2021 2715 2075 δὲ
2769 2019 3106 2092 τηλικούτων
3159 2018 3328 2072 ὄντων
3367 2019 3463 2072 καὶ
3513 2018 3719 2088 σφόδρα

2122 2116 2381 2187 γενναίας
2411 2115 2589 2186 ψυχῆς
2611 2113 2886 2184 δεομένων
2916 2113 3058 2166 ὥστε
3081 2111 3331 2181 παριδεῖν
3362 2111 3458 2164 καὶ
3485 2111 3722 2181 κρείττω

2121 2207 2504 2282 προσπαθείας
2538 2206 2634 2260 καὶ
2657 2205 3017 2267 ἀντιπαθείας
3048 2202 3402 2274 ἀνθρωπίνης
3434 2201 3714 2270 γενέσθαι,

2122 2301 2159 2356 ἃ.
2208 2301 2274 2372 δὴ
2326 2298 2590 2362 πολλάκις
2644 2299 2740 2352 καὶ
2792 2297 2920 2359 τοὺς
2980 2296 3410 2367 μεγαλοφρονεῖν
3484 2293 3723 2363 σπουδὴν

2125 2393 2508 2464 ποιουμένους,
2551 2391 2950 2445 καταπαλαίειν
2980 2391 3147 2460 ἴσμεν
3187 2388 3284 2442 καὶ
3312 2385 3721 2458 περιγίνεσθαι,

2126 2490 2176 2540 εἰ
2205 2490 2299 2542 καὶ
2326 2486 2558 2549 πολλοὺς
2599 2487 2627 2538 ὁ
2678 2484 2780 2555 τῆς
2821 2483 3144 2553 φιλοσοφίας
3193 2482 3334 2555 ἔρως
3377 2483 3472 2534 καὶ
3515 2481 3544 2532 ό
3573 2479 3718 2540 θεῖος

2129 2579 2294 2652 φόϐος
2317 2579 2578 2648 ἀνωτέρω
2607 2576 2716 2631 τῶν
2754 2576 3064 2647 εἰρημένων
3112 2574 3343 2644 ἐποίησε
3393 2571 3582 2627 παθῶν
3607 2589 3620 2603 α
3674 2572 3724 2624 εί

2128 2672 2221 2727 οὖν
2252 2671 2462 2725 τούτων
2493 2671 2611 2723 τῶν
2641 2669 2888 2739 ἀσχέτων
2922 2668 3150 2730 δυνατὸς
3203 2666 3398 2735 ἐγένου
3442 2665 3725 2736 κρατῆσαι

2129 2765 2340 2831 παθῶν,
2397 2764 2515 2827 πῶς
2556 2763 2680 2833 οὐχὶ
2727 2760 2909 2832 πολλῷ
2969 2760 3172 2831 μᾶλλον
3219 2759 3408 2813 καὶτὸ
3443 2757 3726 2822 στενάζειν

2130 2857 2347 2921 ἐλάσεις
2371 2855 2481 2910 ἀπὸ
2507 2855 2602 2909 σού
2624 2896 2639 2920 ,
2687 2855 2925 2926 πρᾶγμα
2953 2853 3129 2916 οὕτως
3170 2852 3388 2915 εὐτελὲς
3429 2851 3528 2906 καὶ
3562 2851 3727 2922 μηδὲν

2130 2952 2323 3025 κέρδος
2351 2952 2650 3019 δυνάμενον
2685 2949 3026 3020 παρασχεῖν;
3069 2947 3284 3010 Ἀλλως
3315 2963 3374 2998 τε
3403 2946 3459 2999 δὲ
3478 2948 3506 2999 ό
3534 2944 3728 2997 στενά-

2133 3042 2242 3106 ζων
2275 3041 2325 3093 εί
2365 3040 2462 3110 μὲν
2493 3039 2578 3108 ἐφ’
2612 3033 2657 3108 ᾧ
2686 3037 2784 3109 τὴν
2813 3037 2972 3107 δίκην
3020 3036 3206 3090 λαϐεῖν
3267 3033 3588 3098 σπουδάζων
3626 3034 3728 3086 οὐκ

435 3129 554 3199 ipse
599 3145 701 3185 suo
728 3131 925 3185 ardore
985 3141 1040 3186 et
1097 3132 1304 3201 impetu
1358 3144 1413 3186 et
1475 3131 1733 3185 incursus
1767 3130 2053 3185 violentiat

2135 3132 2342 3196 ἐλαϐεν,
2373 3125 2527 3194 οὗτος
2560 3133 2626 3202 τῇ
2663 3128 2830 3183 αὐτοῦ
2871 3129 3020 3200 ῥύμῃ
3048 3128 3139 3180 καὶ
3174 3129 3354 3198 κρίσει
3384 3128 3478 3178 καὶ
3513 3125 3590 3194 τῷ
3629 3125 3730 3193 τῆς

437 3221 694 3287 reddidit,
751 3223 798 3277 si
824 3223 1006 3279 dicere
1054 3223 1136 3278 fas
1194 3233 1299 3290 est,
1342 3223 1506 3276 etiam
1543 3223 1750 3292 aliquid
1784 3223 2026 3289 gravius,

437 3315 482 3367 si
518 3314 740 3384 quidem
770 3316 1001 3372 ultionis
1035 3317 1240 3373 bonum
1280 3317 1486 3371 exitum
1525 3315 1671 3372 illius
1708 3316 1800 3384 qui
1845 3315 2033 3370 nocuit

439 3423 628 3463 casum
675 3409 974 3464 existimat.
1029 3409 1084 3464 Si
1142 3420 1330 3465 autem
1375 3409 1707 3478 ingemiscit,
1733 3408 2028 3462 vindictam

439 3505 619 3552 autem
677 3511 898 3552 sumere
943 3513 1049 3551 non
1090 3497 1245 3561 vult,
1299 3497 1442 3551 virili
1491 3507 1672 3551 mente
1734 3497 2030 3549 mulierum

443 3588 910 3658 contemptibilem
952 3604 1179 3644 sceuatn
1229 3589 1556 3659 ingreditur,
1602 3589 1677 3642 ita
1698 3599 1755 3644 ut
1780 3597 2032 3658 oporteat

439 3694 634 3750 sapere
685 3681 903 3746 solum,
953 3691 1008 3735 et
1061 3682 1114 3736 in
1161 3682 1403 3750 seipsum
1446 3681 1718 3742 converti,
1759 3691 1813 3736 et
1865 3696 2033 3736 scena

442 3770 608 3825 ﬁnem
659 3770 853 3836 habet,
901 3772 1047 3841 quod
1091 3773 1313 3842 sapiens
1363 3782 1450 3826 est
1499 3784 1552 3826 et
1602 3771 1847 3833 facilius.
1891 3781 1946 3828 et
1987 3771 2034 3827 si
2102 3767 2107 3772 ’

442 3861 685 3917 volueris
726 3863 893 3918 etiam
938 3863 1071 3918 utile
1110 3874 1164 3919 et
1212 3863 1456 3918 salutare
1507 3879 1572 3918 ex
1602 3863 1694 3917 Dei
1737 3876 1790 3917 et
1847 3863 2036 3921 fratris

443 3954 618 4009 nostri
649 3954 1036 4010 exhortatione
1056 3955 1255 4011 oritur.

889 4090 1222 4158 ρωΕεΤιε)
1262 4091 1574 4146 CLXXXIII

731 4185 927 4254 [Coisl.
953 4184 1174 4240 CCVII.
1219 4184 1384 4239 Tattr.
1421 4185 1726 4258 CXCVIII]

555 4298 697 4364 Quid
751 4302 818 4352 sit
856 4316 873 4354 :
911 4319 927 4349 ι
961 4298 1145 4353 illaec/ti
1199 4309 1248 4352 et
1302 4300 1514 4354 moralia:
1560 4301 1831 4369 (mlutteri
1871 4306 1920 4355 et

1053 4371 1330 4432 mlulterte)
1352 4373 1377 4421 ?
1405 4390 1421 4420 ι

2127 3227 2306 3300 ὁρμῆς
2364 3225 2752 3280 ἀνταπέδωκεν
2800 3224 3073 3295 ἀκρατεῖ*
3129 3223 3178 3274 εί
3234 3222 3393 3291 θέμις
3447 3220 3492 3272 δ’
3531 3221 3728 3279 εἰπεῖν,

2129 3319 2224 3374 καὶ
2277 3318 2618 3390 βαρύτερον·
2684 3317 2744 3380 ὃς
2805 3332 2868 3383 γε
2921 3315 3016 3367 καὶ
3042 3313 3331 3384 συμφορὰν
3377 3314 3599 3383 ἡγεῖται
3631 3311 3728 3364 τοῦ

2129 3411 2498 3480 ἀντιλυπῆσαι
2538 3410 2631 3462 τὸν
2661 3408 3006 3478 λελυπηκότα
3051 3409 3339 3460 ἐκπεσεῖν·
3390 3405 3516 3458 είδὲ
3555 3403 3732 3457 στένει

2135 3505 2255 3574 μὲν,
2285 3502 2348 3556 οὐ
2379 3501 2632 3572 βούλεται
2657 3499 2700 3552 δ’
2741 3499 2956 3570 ἄμυναν
2975 3497 3183 3560 λαϐεῖν,
3224 3498 3280 3550 ὲν
3323 3496 3555 3567 ἀνδρείῳ
3597 3511 3734 3564 (ppo-

2133 3597 2337 3666 νήματι
2413 3592 2691 3662 γυναικῶν
2753 3590 3048 3663 ὀλιγωρίας
3125 3589 3426 3660 ὑπέρχεται
3485 3588 3730 3656 σκηνήνο

2133 3683 2274 3738 ὥστε
2303 3683 2472 3753 νῆψαι
2521 3681 2603 3734 δεῖ
2650 3680 2809 3752 μόνον
2841 3681 2937 3734 καὶ
2965 3683 3042 3739 εἰς
3065 3680 3256 3734 ἑαυτὸν
3292 3677 3728 3748 ἐπιστραφῆναι,

2134 3776 2230 3828 καὶ
2281 3776 2315 3844 ἡ
2369 3774 2544 3844 σκηνὴ
2591 3772 2932 3826 διαλέλυταιο
2986 3771 3083 3825 καὶ
3121 3772 3183 3825 τὸ
3245 3771 3408 3840 σοφὸν
3461 3769 3572 3839 ἄρα
3639 3770 3736 3821 καὶ

2134 3868 2196 3921 τὸ
2250 3868 2452 3938 ῥᾴδιον,
2494 3869 2543 3920 εἰ
2595 3865 2776 3937 βούλει
2823 3864 2882 3917 δὲ
2911 3863 3094 3918 καὶτὸ
3121 3863 3437 3918 λυσιτελοῦν
3480 3861 3579 3915 καὶ
3626 3878 3735 3914 σωσ-

2145 3963 2356 4033 τήριον,
2401 3964 2433 4031 ἡ
2493 3963 2588 4014 τού
2632 3960 2958 4031 ἀδελφοθέου
2992 3958 3148 4031 βρύει
3181 3958 3525 4032 παραίνεσις.

2665 4097 3003 4156 ΕΡΩΤΗΣΙΣ
3042 4097 3217 4150 POII'.

2403 4301 2466 4354 Τι’
2491 4297 2900 4367 ἐστι,‹Μοιχοὶ
2935 4297 3029 4351 καὶ
3059 4295 3432 4368 μοιχαλίδες
3460 4315 3476 4347 ι

1224 4480 1365 4530 Edita
1399 4496 1426 4530 a
1462 4481 1582 4532 Maic
1613 4483 1668 4543 (l.
1697 4498 1742 4534 c.
1769 4499 1818 4546 ι).
1843 4483 1952 4544 108,
1991 4481 2121 4545 109).
2156 4504 2219 4517 ——
2241 4478 2515 4540 Exegetica
2552 4478 2615 4526 In
2647 4478 2782 4538 Jac,
2816 4491 2881 4536 tv,
2906 4476 2950 4524 4.

525 4596 779 4652 Nostram
824 4597 889 4650 ad
943 4597 1227 4666 passiones
1265 4597 1686 4666 peccaminosas
1717 4597 2040 4670 propensio-

2220 4594 2334 4664 Τὴν
2380 4591 2520 4662 πρὸς
2554 4588 2624 4643 τὰ
2669 4588 2818 4660 πάθη
2868 4586 2976 4641 τῶν
3027 4589 3452 4658 ἁμαρτηματων
3509 4603 3680 4658 ροπην
3714 4600 3743 4640 ο

454 4708 581 4748 nem
626 4691 924 4762 Apostolus
972 4688 1220 4745 induas
1274 4690 1487 4760 species
1541 4691 1755 4746 dividit.
1827 4690 2043 4746 Etenim

454 4785 707 4842 ιιιωοιιυε
747 4791 833 4840 est
879 4782 970 4838 ille
1013 4782 1108 4853 qui
1133 4796 1241 4836 nou
1275 4782 1454 4837 solum
1481 4784 1550 4838 ab
1575 4800 1760 4838 amore
1788 4793 1842 4838 et
1869 4783 2047 4838 socie-

457 4888 567 4932 tate
597 4875 691 4931 Dei
723 4875 976 4942 diseedit,
1006 4875 1100 4930 sed
1131 4883 1184 4931 et
1212 4873 1306 4944 qui
1336 4875 1403 4929 ad
1429 4874 1785 4944 coniunctam
1812 4875 2036 4930 Christo

457 4985 590 5025 vero
636 4982 841 5039 sponso
889 4967 1130 5022 animam
1185 4967 1562 5021 abducendam
1604 4983 1822 5022 omnem
1860 4983 2046 5024 :uram

459 5062 704 5128 confert,
760 5062 1026 5132 illamque
1103 5059 1211 5116 sibi
1264 5060 1652 5129 coniungendo
1716 5061 1768 5115 ci
1818 5061 2049 5115 incechae

457 5169 656 5209 nomen
687 5153 935 5222 imponit.
971 5152 1016 5205 A
1040 5150 1150 5206 Deo
1178 5151 1322 5204 enim
1349 5160 1661 5219 apostatare
1688 5160 1742 5206 et
1769 5152 2048 5208 mmcltum

458 5249 592 5309 facit
663 5256 968 5312 apostatam
1028 5254 1082 5299 et
1135 5245 1406 5300 moecham
1461 5263 1583 5316 quae
1635 5249 1782 5302 illius
1835 5264 2049 5304 errores

461 5345 645 5394 secuta
697 5343 782 5391 est
840 5335 1102 5390 animant.
1162 5330 1370 5388 Mmclta
1410 5346 1592 5389 autem
1643 5346 1790 5390 esSet
1836 5336 2052 5406 prottrie

465 5426 735 5497 loquendo
782 5425 870 5479 illa
924 5440 1047 5495 qua:
1092 5422 1347 5477 discessit
1378 5438 1406 5475 a
1440 5424 1640 5478 divinis
1695 5426 1956 5494 operibus
1999 5436 2055 5480 et

464 5518 761 5581 mandatis,
789 5527 841 5572 et
871 5517 938 5570 ad
973 5515 1162 5569 mundi
1208 5514 1436 5569 delicias
1473 5516 1779 5581 inclinavit,
1813 5518 1926 5572 sive
1950 5518 2053 5574 ali-

467 5627 578 5682 quo
611 5610 759 5665 illam
809 5609 1135 5678 decipiente,
1171 5611 1284 5665 sive
1333 5611 1648 5681 impellente
1697 5611 2057 5666 inclinatione

470 5700 712 5769 propria.
747 5698 928 5769 Nupta
957 5699 1102 5754 enim
1149 5699 1371 5755 Christo
1399 5716 1494 5770 per
1518 5700 1848 5770 baptismum
1878 5742 1892 5766 ,
1954 5716 2057 5754 nu-

472 5790 738 5870 ptialique
785 5800 840 5844 ct
889 5804 1028 5858 puro
1078 5800 1131 5842 ct
1204 5790 1554 5845 immaculato
1585 5799 1705 5844 toro
1747 5790 2056 5861 inquinate,

477 5881 672 5947 merito
699 5881 821 5942 talis
866 5880 1047 5936 anima
1077 5882 1303 5941 maxime
1333 5883 1554 5939 modum
1588 5884 1784 5957 agendi
1810 5884 2052 5950 imitans,

2148 4679 2477 4743 ’Λπόστολος
2509 4680 2590 4742 είς
2627 4676 2720 4730 δύο
2745 4676 2934 4748 τέμνει
2963 4675 3248 4747 δ.αφορὰς’
3277 4677 3373 4728 καὶ
3400 4676 3507 4746 γὰρ
3554 4676 3743 4746 μοιχός

2149 4780 2300 4832 ἐστιν
2326 4776 2355 4828 ὁ
2390 4773 2465 4844 μὴ
2497 4771 2659 4843 μόνον
2687 4771 2880 4825 ἑαυτὸν
2915 4769 3202 4834 διαζεύξας
3221 4769 3320 4840 τῆς
3337 4769 3488 4833 θείας
3507 4770 3744 4840 στοργῆς

2150 4865 2248 4921 καὶ
2277 4860 2601 4931 συναφείας,
2643 4857 2782 4913 ἀλλὰ
2811 4857 2909 4911 καὶ
2935 4860 2961 4911 ὸ
2989 4857 3089 4928 τὴν
3121 4857 3493 4929 ἁρμοσθεῖσαν
3521 4857 3746 4928 Χριστῷ

2151 4956 2227 5028 τῷ
2255 4952 2496 5025 ἀληθινῷ
2528 4949 2750 5022 νυμφίῳ
2772 4949 2950 5021 ψυχὴν
2981 4949 3191 5003 ἐκεῖθεν
3225 4950 3546 5005 ἀποσπάσαι
3578 4967 3746 5003 σπου·

2151 5049 2247 5120 δὴν
2298 5045 2711 5116 συνεισαγαγὼν
2758 5045 2854 5098 καὶ
2900 5045 2968 5115 τῇ
3029 5043 3166 5115 πρὸς
3225 5043 3418 5096 ἑαυτὸν
3478 5042 3746 5112 συναφείᾳ

2157 5143 2465 5217 μοιχαλίδος
2522 5143 2694 5211 αὐτὴν
2748 5141 3058 5212 ἐγκλήματι
3126 5137 3477 5209 περιϐαλών⁸
3527 5138 3586 5192 τὸ
3637 5138 3746 5209 γὰρ

2155 5237 2266 5292 ἀπὸ
2291 5235 2427 5289 Θεοῦ
2458 5233 2814 5298 ἀποστάσιον,
2871 5232 3059 5304 μοιχόν
3091 5248 3151 5284 τε
3189 5233 3339 5284 ποιεῖ
3364 5231 3454 5284 τὸν
3499 5230 3746 5298 ἀποστὴο

2158 5346 2326 5382 σαντα
2386 5328 2481 5380 καὶ
2533 5325 2820 5397 μοιχαλίδα
2863 5324 2962 5396 τὴν
3012 5323 3534 5393 ὲπακολουθήσασαν
3581 5319 3746 5374 αὑτοῦ

2156 5420 2278 5482 ταῖς
2312 5418 2550 5480 ἀπάταις
2595 5416 2776 5486 ψυχήν
2805 5432 2818 5446 ⁸
2883 5414 3133 5484 μοιχαλὶς
3181 5413 3226 5466 δ’
3271 5414 3337 5467 ἂν
3395 5412 3484 5482 εἴη
3519 5411 3748 5481 κυρίως,

2157 5510 2278 5580 ἥτις
2312 5508 2597 5580 διεζεύχθη
2645 5508 2744 5578 μὲν
2774 5507 2882 5560 τῶν
2917 5507 3080 5560 θείων
3109 5505 3290 5576 ἔργων
3346 5505 3444 5558 καὶ
3472 5520 3753 5575 προσταγ-

2163 5603 2350 5673 μάτων
2379 5601 2475 5655 καὶ
2525 5601 2661 5671 πρὸς
2706 5600 2806 5662 τὰς
2857 5600 3136 5670 κοσμικὰς
3185 5598 3483 5659 ,ἀπέκλινεν
3534 5598 3749 5667 ἡδονὰς,

2160 5693 2269 5746 εἴτε
2297 5693 2441 5755 τινὸς
2480 5691 2650 5763 αὐτὴν
2700 5690 3106 5756 ὲξαπατῶντος,
3147 5691 3259 5744 εἴτε
3287 5693 3382 5745 καὶ
3426 5689 3640 5744 οίκοθεν
3674 5690 3754 5741 oi-

2164 5786 2643 5858 στρηλατουμένης
2666 5802 2680 5815 ⁸
2720 5785 3160 5856 συναρμοσθεῖσα
3217 5785 3326 5857 γὰρ
3357 5783 3497 5856 αὕτη
3529 5783 3620 5837 διὰ
3655 5780 3750 5836 τοῦ

2166 5879 2542 5950 βαπτίσματος
2589 5877 2667 5949 τῷ
2730 5875 2971 5950 Χριστῷ,
3025 5879 3118 5931 καὶ
3162 5877 3263 5943 τὰς
3319 5876 3597 5950 νυμφικὰς
3657 5873 3754 5930 καὶ
