4110 6442
380 408 477 472 881

1155 404 1256 464 AD
1291 401 1887 462 AMPHILOCHIUM
1923 403 2270 477 QUIESTIO
2308 402 2964 465 CLXXVII-CLXXIX.

3567 402 3672 466 882

380 513 778 586 ἁειπαρθένους
809 513 902 568 καλ¹
935 511 1237 584 άμιάντους
1290 509 1630 580 ἐνυϐρίσασα
1675 509 1976 574 παστάδας,

2086 526 2282 564 nomen
2321 509 2480 565 factis
2525 525 2838 567 consonans
2897 513 3137 584 recipere
3181 514 3361 570 debet.
3414 513 3471 568 Si
3523 515 3667 569 enim

381 611 606 673 εἰκότως
657 609 689 678 ἡ
744 606 969 677 τοιαύτη
1038 604 1186 676 ψυχὴ
1249 603 1559 676 μοιχαλίδος
1617 602 1962 674 ὑποδυομένη

383 701 583 772 πρᾶξιν
637 701 730 753 καὶ
771 699 965 769 κλῆσιν
997 697 1115 752 ἐστι
1167 699 1232 768 τῇ
1286 695 1484 768 πράξει
1528 694 1973 766 ἐναρμοζομένην

381 789 775 860 ἀναδέχεσθαι·
828 788 1170 859 πολύτροπον
1201 787 1258 840 δὲ
1289 785 1384 840 καὶ
1425 785 1486 838 τὸ
1525 784 1619 838 τοῦ
1655 783 1845 855 μοιχοῦ
1881 786 1974 836 καὶ

381 885 440 936 τὸ
485 883 587 950 τῆς
639 880 992 950 μοιχαλίδος·
1044 879 1110 933 ἄν
1153 893 1214 930 τε
1271 877 1381 947 γὰρ
1431 875 1609 946 ἔρωτα
1671 874 1974 944 χρημάτων

382 975 701 1048 προτιμήσῃ
728 971 966 1045 Χριστοῦ
1011 972 1106 1025 καὶ
1160 969 1498 1040 παρακαλῶν
1530 967 1727 1030 ἄλλους
1759 969 1839 1028 εἰς
1872 966 1970 1036 τὴν

382 1068 575 1139 ὁμοίαν
616 1065 818 1136 πρᾶξιν
859 1064 1257 1134 παρεπιχειρῇ,
1319 1061 1515 1132 μοιχάς
1551 1063 1666 1112 ἐστι
1717 1059 1813 1112 καὶ
1849 1075 1970 1128 μοι-

382 1159 538 1233 χαλὶς
567 1160 601 1228 ἡ
636 1157 934 1227 πειθομένη
956 1173 969 1186 ·
1015 1155 1081 1210 ἄν
1112 1173 1170 1208 τε
1201 1153 1358 1218 δόξαν
1387 1154 1484 1224 τὴν
1530 1154 1587 1204 ἐν
1634 1150 1711 1221 τῷ
1748 1151 1868 1221 βίῳ,
1904 1151 1970 1204 ἄν

381 1270 440 1304 τε
471 1249 701 1322 ῤεὺσας
731 1249 897 1312 ἄλλας
928 1247 1144 1319 ἡδονὰς,
1191 1247 1256 1302 ἄν
1307 1246 1367 1299 τέ
1409 1263 1555 1308 τινος
1585 1244 1750 1310 ἄλλης
1781 1244 1972 1314 χρείας

384 1345 479 1399 καὶ
513 1343 757 1414 τέρψεως
793 1338 1308 1410 καταγοητευούσης
1365 1338 1426 1391 τὺ
1479 1336 1824 1403 αὐτεξούσιον
1871 1335 1974 1405 τῆς

383 1435 562 1505 ψυχῆς
592 1433 686 1487 καὶ
715 1430 1125 1502 ὑποταττούσης
1150 1429 1228 1500 τῷ
1262 1429 1574 1501 φρονήματι
1612 1427 1713 1497 τῆς
1745 1426 1970 1498 σαρκὸς,

391 1526 639 1599 μοιχαλίς
665 1529 812 1579 ἐστιν
839 1527 874 1596 ἡ
896 1524 1125 1595 τοιαύτη
1157 1523 1318 1577 ἀθλία
1348 1523 1518 1598 ψυχὴ,
1572 1522 1668 1574 καὶ
1706 1521 1813 1574 τῶν
1851 1538 1972 1591 μοι·

385 1619 619 1690 χαλίδων
671 1613 761 1681 αἷς
826 1617 1144 1689 ἐλέγχονται
1200 1603 1472 1688 χρεωστεῖ
1520 1616 1824 1684 παρασχεῖν
1871 1613 1971 1676 τὰς

385 1711 580 1774 ποινάς
606 1727 621 1743 ο
659 1710 856 1764 πολλαὶ
888 1709 988 1779 μὲν
1018 1708 1109 1762 οὖν
1140 1709 1246 1762 εἰσι
1294 1708 1626 1779 μοιχαλίδες,
1658 1707 1756 1760 καὶ
1789 1706 1969 1774 ὀλίγον

385 1803 644 1866 ἐλάττους
678 1802 856 1873 μοιχοί
881 1818 894 1830 ’
930 1802 1195 1872 πράττειν
1229 1800 1328 1870 μὲν
1355 1800 1464 1871 γὰρ
1494 1799 1529 1853 ἃ
1565 1799 1640 1870 μὴ
1670 1799 1752 1851 δεῖ
1773 1838 1786 1860 ,
1831 1797 1966 1851 πολε

382 1895 494 1959 λοῖς
523 1895 638 1948 ἔστι
665 1895 732 1948 δι’
768 1894 1102 1964 ἀπροσεξίαν
1133 1892 1350 1946 ἑλέσθαι
1372 1909 1384 1922 ·
1419 1892 1641 1961 ἑτέρους
1671 1890 1729 1942 δὲ
1762 1890 1842 1952 είς
1871 1889 1970 1958 τὴν

384 1987 558 2057 αὑτὴν
605 1987 939 2058 ἀνερεθίξειν
986 1985 1185 2057 πρᾶξιν
1239 1985 1334 2039 καὶ
1383 1987 1463 2049 είς
1497 1982 1847 2052 παράκλησιν
1875 1982 1976 2052 τῆς

384 2080 656 2148 ἐκθέσμου
718 2081 1010 2151 μιμήσεως
1077 2079 1238 2148 ἄγειν
1296 2079 1392 2133 καὶ
1443 2077 1801 2149 παράδειγμα
1862 2077 1976 2138 τοῖς

383 2171 563 2234 ἄλλοις
607 2173 873 2242 μηδαμῶς
937 2171 1278 2243 ἐπερυθριᾷν
1307 2170 1367 2223 τὸ
1411 2170 1613 2223 οἰκεῖον
1665 2168 1974 2238 ἁμάρτημα

385 2265 679 2326 ποιεῖσθαι,
715 2265 816 2317 οὑκ
845 2263 962 2318 ἐστι
986 2264 1092 2317 τῶν
1121 2263 1352 2327 πολλῶν,
1381 2262 1519 2316 ἀλλὰ
1543 2261 1653 2314 τῶν
1687 2261 1766 2324 εἰς
1797 2260 1975 2329 ἄκραν

384 2355 641 2421 πώρωσιν
689 2354 1071 2426 ἐληλακότωνο
1118 2355 1198 2407 διὸ
1247 2355 1390 2408 καὶὸ
1445 2353 1770 2416 Ἀπόστολός
1815 2369 1974 2422 φησι,

391 2449 615 2518 ιΜοιχοὶ
640 2453 735 2504 καὶ
763 2447 1089 2519 μοιχαλίδες·
1107 2467 1124 2499 ι
1149 2449 1210 2500 τὸ
1227 2449 1335 2500 τῶν
1374 2448 1577 2518 μοιχῶν
1594 2445 1668 2509 ὡς
1687 2447 1780 2498 ἐπὶ
1808 2445 1977 2514 κακία

385 2540 446 2593 τὸ
489 2545 756 2612 πρωτεῖον
822 2543 1055 2612 ἐχόντων
1118 2542 1412 2610 προτάττει
1464 2540 1570 2594 τῶν
1626 2539 1976 2610 μοιχαλίδων.

2079 615 2322 656 amorem
2375 601 2690 656 divitiarum
2731 603 2952 658 Christo
3004 607 3333 675 praetuleris,
3365 617 3419 662 et
3441 608 3576 662 alios
3602 609 3667 662 al

2076 692 2332 748 eumdem
2378 693 2574 763 agendi
2627 694 2848 749 modum
2891 697 3369 752 exhortationibus
3397 699 3668 754 adducere

2077 783 2395 846 tentaveris,
2451 784 2665 838 moecha
2698 794 2753 838 et
2803 787 3052 842 adultera
3093 798 3180 844 est
3219 807 3343 861 quae
3393 789 3558 845 fuerit
3590 792 3664 844 al-

2076 872 2238 938 lecta,
2282 874 2327 928 si
2364 875 2594 944 gloriam
2643 891 2764 945 quae
2807 887 2892 931 est
2922 878 2976 931 in
3008 879 3140 942 vita,
3169 891 3222 934 et
3271 880 3506 935 caducas
3534 881 3670 936 alias

2075 965 2303 1022 delicias
2349 966 2572 1022 Christo
2605 969 2936 1038 prmtuleris,
2987 982 3040 1026 et
3097 972 3141 1028 si
3177 973 3506 1042 quibusdam
3541 974 3666 1029 aliis

2075 1058 2445 1116 delinimentis
2475 1069 2529 1114 et
2554 1061 2848 1125 illecebris,
2882 1064 3081 1117 anima:
3111 1064 3342 1118 liberum
3373 1067 3665 1121 arbitrium

2076 1150 2454 1218 faseinaveris,
2501 1162 2554 1207 et
2603 1156 2788 1210 carnis
2833 1156 3124 1211 desideriis
3154 1157 3476 1223 subieceris,
3511 1160 3669 1214 adul-

2079 1253 2192 1298 tera
2257 1255 2341 1299 est
2390 1247 2493 1300 ista
2547 1246 2878 1302 miserabilis
2931 1249 3138 1312 anima,
3183 1257 3236 1302 et
3273 1250 3667 1304 adulteriorum

2074 1353 2308 1407 quorum
2339 1354 2428 1392 rea
2458 1346 2542 1392 est
2576 1355 2768 1409 pennas
2796 1341 2927 1395 dare
2955 1342 3134 1394 debet.
3160 1339 3340 1396 Multa:
3367 1351 3496 1396 sunt
3539 1357 3670 1413 ergo

2075 1431 2323 1495 mceehae,
2365 1440 2418 1484 et
2438 1432 2600 1500 paulo
2644 1433 2824 1486 minor
2863 1442 2946 1488 est
2997 1449 3262 1490 numerus
3306 1435 3668 1490 moechorum.

2071 1520 2248 1592 Agere
2276 1524 2420 1576 enim
2453 1539 2574 1594 quae
2607 1539 2712 1577 non
2760 1533 3012 1593 oportet,
3046 1525 3234 1581 multis
3266 1542 3362 1594 per
3392 1528 3673 1597 negligen-

2075 1613 2205 1666 tiam
2252 1613 2452 1680 eligere
2495 1611 2657 1668 facile
2684 1624 2786 1678 est,
2838 1625 3057 1669 exteros
3103 1622 3288 1669 autem
3319 1615 3388 1669 ad
3417 1616 3668 1671 eumdem

2072 1705 2264 1775 agendi
2297 1705 2520 1760 modum
2555 1706 2834 1760 attrahere
2877 1716 2931 1760 et
2975 1705 3043 1760 ad
3074 1707 3439 1763 imitationem
3473 1709 3670 1780 impie-

2076 1799 2205 1852 tatis
2236 1797 2490 1863 ineitare,
2523 1807 2576 1853 et
2605 1799 2727 1853 aliis
2758 1815 2857 1853 sua
2890 1799 3108 1869 propria
3137 1810 3360 1870 peccata
3391 1801 3445 1855 in
3469 1817 3665 1856 exem-

2084 1890 2230 1960 plum
2262 1889 2382 1946 sine
2407 1891 2607 1945 rubore
2652 1891 2918 1962 prazbere,
2966 1909 3073 1948 non
3104 1903 3188 1949 est
3219 1895 3540 1954 multorum,
3576 1894 3672 1950 sed

2081 1999 2274 2038 eorum
2316 1984 2410 2053 qui
2455 1983 2522 2038 ad
2554 1993 2862 2038 extremam
2911 1988 3212 2040 etecitatem
3257 1987 3478 2056 impulsi
3518 1997 3668 2042 sunt.

2083 2075 2268 2145 Itaque
2296 2077 2596 2145 Apostolus
2621 2077 2754 2132 dicit
2775 2076 3002 2132 «Moechi
3024 2088 3078 2133 et
3109 2080 3360 2133 mmchte.
3387 2096 3404 2130 ι
3431 2079 3672 2133 Mmchos

2072 2171 2134 2218 ut
2167 2166 2404 2233 primum
2459 2165 2638 2219 locum
2688 2166 2742 2219 in
2787 2167 2932 2220 malo
2978 2167 3231 2221 habentis
3271 2180 3397 2222 ante
3429 2168 3672 2222 moechas

2073 2259 2250 2328 ponit.
2313 2256 2505 2314 Omnis
2530 2259 2676 2313 enim
2713 2259 2919 2328 peccati
2955 2259 3240 2328 instigator
3269 2275 3462 2314 eorum
3490 2260 3582 2328 qui
3615 2259 3670 2312 in

2075 2348 2273 2417 seipsis
2304 2359 2586 2418 peccatum
2614 2349 3102 2414 circumscribunt,
3135 2351 3407 2420 duplicem
3438 2365 3673 2405 accusa-

2076 2442 2280 2496 tionem
2314 2443 2570 2508 incurrit,
2613 2451 2668 2497 et
2715 2442 2844 2512 quia
2879 2443 2995 2512 ipse
3025 2445 3208 2514 periit,
3247 2453 3300 2499 et
3325 2446 3454 2514 quia
3494 2450 3668 2499 caete-

2078 2551 2172 2590 ros
2206 2552 2331 2590 cum
2373 2537 2464 2590 illo
2500 2538 2728 2605 perdere
2765 2535 3015 2591 tentavit.

385 2637 501 2698 Πᾶς
530 2635 637 2704 γὰρ
677 2635 950 2705 ἁμαρτίας
978 2634 1299 2698 διδάσκαλος
1348 2634 1457 2688 τῶν
1491 2635 1571 2697 είς
1601 2633 1830 2694 ἐαυτοὺς
1863 2631 1960 2700 τὴν
2001 2629 2277 2699 ἁμαρτίαν
2345 2634 2822 2702 περιγράφοντων,
2856 2634 3079 2689 διπλοῦν
3143 2632 3294 2704 αὑτῷ
3329 2632 3387 2686 τὸ
3419 2631 3672 2704 ἔγκλημα

384 2725 772 2795 ἐπιγράφεται,
805 2725 902 2779 καὶ
935 2719 1016 2785 οἷς
1065 2726 1227 2790 αὑτὸς
1255 2725 1443 2790 ὄλωλε,
1492 2727 1586 2779 καὶ
1617 2718 1698 2788 οἷς
1753 2723 1978 2794 ἐτέρους
2017 2721 2347 2791 ἐπεχείρησε
2381 2723 2806 2780 συναπολλύναι.

890 2825 1114 2879 ΙΞΡΩΤΗ
1125 2825 1232 2876 ΣΙΣ
1267 2823 1434 2878 ΡΟΘ’.

391 2922 452 2976 Τί
483 2920 665 2987 δηλοῖ
693 2919 759 2972 τὸ
795 2918 901 2972 τοῦ
932 2917 1322 2987 Ἀποστόλουο
1363 2936 1380 2966 ι
1404 2913 1773 2987 Ὑποτάγητε
1804 2910 1976 2987 πάσῃ

458 2983 802 3059 ἀνθρωπίνῃ
856 2988 1050 3042 κτίσει
1085 2986 1183 3039 διὰ
1231 2989 1338 3039 τὸν
1367 2988 1627 3053 Κύριον,
1677 2985 1758 3050 ὠς
1809 2983 1982 3036 ἐλεύ-

455 3067 636 3130 θερος
667 3082 683 3113 ι

2084 2817 2417 2886 ρυτΕδΤιο
2434 2820 2714 2876 CLXXIX.
2737 2821 2924 2894 [Coisl.
2947 2821 3173 2888 CCVIII,
3198 2820 3674 2893 Taur.CXCLXI.]

2091 2911 2245 2979 Quid
2296 2915 2560 2982 signiﬁcat
2622 2916 2719 2968 hoc
2768 2916 3006 2984 Apostoli
3087 2920 3332 2970 verbum:
3391 2914 3675 2984 tSnbjecti

2163 2994 2332 3106 estalt}:
2367 2986 2509 3091 uppti
2537 2986 2785 3040 humana:
2815 2999 3091 3052 creaturas,
3125 2999 3337 3056 propter
3369 2987 3673 3049 Dominum,

2166 3065 2222 3106 ut
2283 3072 2296 3106 ι
2337 3071 2446 3106 ert.
2490 3074 2507 3105 ι

2166 3065 2222 3107 ut
2261 3065 2460 3106 ltbert!
2490 3074 2507 3105 ι

1131 3200 1274 3250 Edita
1298 3214 1323 3249 a
1351 3199 1478 3248 Maio
1504 3199 1557 3262 (1.
1586 3212 1628 3248 c.
1656 3199 1838 3262 p.109,
1865 3198 2358 3262 Ill).—Exegetiea
2380 3201 2442 3249 In
2481 3205 2505 3248 Ι
2536 3202 2645 3250 Pet.
2677 3217 2728 3262 ιι,
2762 3199 2929 3250 13-46.

457 3294 631 3348 Τοῦτο
657 3293 721 3364 δὴ
746 3293 808 3346 τὸ
847 3291 1008 3364 ῥητὸν
1031 3293 1144 3354 τοῖς
1167 3288 1424 3358 ἀνωτέρω
1449 3287 1781 3340 συνάπτεται
1798 3304 1811 3318 υ
1835 3281 1966 3352 οἷον,
1994 3294 2038 3354 C

391 3405 409 3438 ι
434 3385 773 3455 Ὑποτάγητε
809 3384 956 3453 πάσῃ
983 3380 1300 3451 ἀνθρωπίνῃ
1322 3379 1500 3432 κτίσει
1530 3378 1618 3431 διὰ
1639 3381 1730 3430 τον
1750 3377 1976 3448 Κύριον,

389 3473 466 3533 ὡς
515 3472 814 3541 ἐλεύθεροι,
849 3489 868 3521 ι
931 3469 1200 3532 τουτέστι,
1237 3469 1312 3539 μὴ
1355 3468 1444 3522 διὰ
1473 3467 1566 3520 τὸν
1597 3468 1981 3538 ἐπηρτημένον

388 3567 517 3635 ὑμῖν
542 3566 654 3620 ἀπὸ
679 3567 777 3637 τῆς
809 3565 1082 3628 πολιτείας
1113 3563 1296 3633 φόϐονο
1329 3563 1380 3616 οἱ
1429 3561 1540 3634 γάρ
1568 3561 1714 3616 οὕτω
1739 3563 1982 3616 ὑποτασ·

389 3663 609 3732 σόμενοι
685 3660 784 3732 τὴν
813 3660 921 3713 τῶν
951 3659 1155 3713 δούλων
1184 3656 1342 3722 τάξιν
1373 3657 1727 3727 ὑπέρχονται·
1765 3656 1861 3710 καὶ
1907 3656 1983 3720 ὡς

384 3751 566 3806 δοῦλοι
629 3751 730 3820 τὴν
775 3750 1058 3822 ὑποταγὴν
1123 3749 1561 3810 ὑποδείκνυνται,
1645 3748 1980 3820 φοϐούμενοι

396 3843 497 3913 μὲν
527 3844 627 3905 τὰς
657 3842 935 3894 δεσποτῶν
996 3841 1233 3910 πληγὰς,
1286 3841 1615 3912 φοϐούμενοι
1653 3841 1710 3894 δὲ
1747 3841 1846 3905 τὰς
1872 3841 1980 3894 τῶν

387 3934 569 4004 νόμων
616 3932 847 3996 ἀπειλὰς
900 3932 993 3985 καὶ
1047 3931 1126 4000 τῷ
1185 3930 1296 3983 δέει
1359 3932 1496 4001 πρὸς
1549 3932 1656 4000 τὴν
1693 3931 1980 4002 ὑποταγὴν

390 4025 812 4096 συνωθούμενοι.
851 4025 908 4078 '0
939 4024 994 4076 δὲ
1019 4022 1108 4075 διὰ
1147 4023 1239 4075 τὸν
1270 4023 1476 4093 Κύριον
1509 4024 1978 4092 ὑποτασσόμενος,

392 4113 504 4171 οἷον
534 4120 562 4172 ὀ
597 4117 912 4188 πειθαρχῶν
949 4117 1070 4178 ταῖς
1094 4117 1460 4178 Δεσποτικαῖς
1503 4116 1773 4178 ἐντολαῖς,
1830 4115 1981 4168 ἐλεύ-

393 4207 550 4275 θερος
605 4207 703 4278 μέν
769 4209 888 4261 ἐστι
925 4205 1131 4268 παντὸς
1180 4204 1428 4274 ἐπιγείου
1465 4203 1655 4273 φόϐου,
1695 4202 1980 4276 ἐλεύθερος

390 4305 446 4359 δὲ
505 4301 739 4372 ὑποψίας
789 4299 1136 4370 ἐπισειούσης
1192 4298 1414 4362 ποινάς·
1464 4296 1544 4368 τῷ
1595 4297 1746 4368 πόθῳ
1791 4297 1848 4350 δέ
1900 4297 1978 4368 τῷ

391 4394 710 4465 Δεσποτικῷ
757 4395 852 4448 καὶ
889 4397 955 4465 τῇ
1002 4393 1332 4464 συντηρήσει
1381 4390 1492 4446 τῶν
1541 4391 1770 4444 ἐντολῶν
1825 4390 1977 4458 ἐξευ-

390 4489 622 4558 γενίζων
647 4487 844 4540 ἐαυτοῦ
875 4485 973 4557 τὴν
999 4484 1198 4556 ψυχὴν,
1234 4485 1327 4538 καὶ
1350 4483 1526 4547 οὕτως
1550 4486 1616 4555 τῇ
1654 4484 1974 4555 ἀνθρωπίνῃ

391 4583 612 4654 ἐξουσίᾳ
659 4581 841 4652 φέρων
891 4579 1140 4632 ἐκούσιον
1190 4579 1286 4649 τὴν
1333 4579 1652 4648 ὑποταγὴν.
1679 4577 1891 4640 Ἀλλως
1915 4593 1974 4630 τε

2146 3288 2269 3342 llaec
2291 3288 2452 3341 verba
2473 3304 2596 3342 eum
2618 3305 2782 3358 supra
2808 3289 2966 3343 dictis
2987 3297 3414 3347 connectuntur.
3434 3293 3675 3365 Suhjeeti

2085 3386 2259 3432 estote
2288 3376 2436 3430 onmi
2469 3387 2737 3431 creaturae
2763 3377 3017 3432 humanae
3041 3419 3056 3441 ,
3091 3388 3315 3448 propter
3353 3380 3672 3450 Dominum,

2085 3468 2139 3523 id
2171 3478 2276 3532 est,
2315 3483 2423 3523 non
2468 3482 2690 3539 propter
2726 3471 3008 3525 incussum
3058 3471 3214 3526 vobis
3249 3487 3277 3524 a
3311 3475 3675 3542 gubernanti-

2086 3562 2188 3616 bus
2218 3563 2467 3616 timOrem
2498 3580 2512 3629 ;
2541 3563 2636 3632 qui
2667 3567 2814 3617 enim
2856 3565 2928 3617 ita
2957 3563 3362 3618 submittuntur
3389 3582 3672 3621 servorum

2082 3671 2346 3726 personas
2367 3665 2573 3726 agunt;
2605 3665 2658 3710 et
2687 3656 2825 3710 sicut
2847 3658 2990 3711 servi
3019 3657 3386 3712 obedientiam
3411 3661 3673 3726 praebent,

2086 3749 2338 3803 timentes
2360 3749 2707 3803 dominorum
2731 3749 2936 3819 plagas,
2961 3751 3215 3805 timentes
3245 3751 3423 3822 legum
3459 3753 3666 3817 minas,

2083 3852 2139 3896 et
2169 3843 2364 3897 timore
2388 3843 2453 3896 ad
2491 3842 2863 3896 obedientiam
2898 3841 3142 3911 impulsi.
3170 3841 3273 3908 Qui
3306 3855 3484 3898 autem
3515 3861 3678 3914 prop-

2084 3943 2166 3988 ter
2197 3933 2492 3988 Dominum
2528 3933 2840 4001 subjicitur,
2875 3935 2927 3988 id
2958 3944 3063 4000 est,
3099 3935 3194 4004 qui
3224 3937 3530 3991 voluntarie
3561 3937 3672 3989 Do-

2081 4025 2302 4079 minicis
2337 4025 2611 4079 mandatis
2656 4025 2861 4088 obedit,
2896 4027 3033 4081 liber
3061 4036 3145 4081 est
3176 4028 3246 4082 ab
3275 4030 3426 4084 omni
3455 4040 3674 4084 terreno

2082 4115 2300 4180 timore,
2339 4115 2478 4168 liber
2501 4125 2584 4169 est
2615 4115 2682 4168 ab
2713 4116 2861 4170 omni
2906 4116 3278 4180 accusatione,
3317 4119 3454 4172 liber
3488 4129 3573 4173 est
3606 4122 3676 4174 ab

2081 4207 2230 4260 omni
2270 4207 2584 4276 suspicione
2631 4222 2822 4275 pinnas
2872 4209 3199 4262 attrahente.
3251 4211 3450 4264 Amore
3489 4224 3670 4264 autem

2081 4299 2320 4364 Domini,
2355 4308 2410 4355 et
2449 4300 2832 4354 mandatorum
2876 4301 3192 4371 impletioue
3223 4303 3463 4355 animam
3549 4319 3666 4358 ma-

2081 4391 2324 4462 gniﬁcat,
2353 4402 2409 4447 et
2431 4395 2504 4447 ita
2541 4393 2797 4462 potentiae
2829 4393 3082 4446 humana:
3133 4393 3504 4449 voluntariam
3539 4397 3673 4449 ohe-.

2079 4487 2337 4542 dientiam
2369 4487 2588 4556 prazbet.
2617 4487 2852 4542 Aliunde
2882 4495 3063 4540 autem
3089 4503 3213 4541 cum
3249 4487 3417 4542 semel
3447 4504 3546 4542 nos
3585 4505 3672 4542 re.

2082 4581 2332 4648 demptos
2372 4595 2468 4649 per
2500 4594 2662 4633 suum
2696 4591 2949 4634 sanctum
2995 4581 3316 4648 sanguinem
3344 4597 3373 4634 a
3401 4589 3673 4649 potestate

390 4676 447 4728 δὲ
498 4674 732 4745 ἐπείπερ
781 4672 928 4739 ἅπαξ
977 4671 1448 4742 ἐξαγορασθέντας
1497 4671 1645 4741 ἡμᾶς
1698 4670 1776 4740 τῷ
1807 4669 1976 4740 τιμίῳ

2082 4670 2280 4724 diaboli
2315 4670 2516 4723 liberos
2557 4686 2655 4725 nos
2685 4669 2860 4724 ell‘ecit
2887 4669 3176 4735 Christus,
3211 4687 3280 4725 ne
3313 4671 3439 4739 quis
3476 4671 3621 4726 dicat
3656 4689 3669 4724 :

392 4768 587 4838 αἵματι
608 4765 772 4820 αὑτοῦ
792 4766 892 4836 τῆς
917 4765 1028 4818 τῶν
1044 4764 1306 4818 διαϐόλων
1326 4763 1641 4834 τυραννίδος
1659 4763 1979 4834 ἐλευθέρους

393 4860 672 4928 ἀπέφηνεν
699 4861 728 4912 ὁ
755 4857 988 4930 Χριστός
1011 4875 1025 4888 ·
1064 4857 1152 4910 ἵνα
1200 4858 1274 4928 μή
1317 4874 1401 4920 τις
1429 4857 1563 4926 λέγῃ
1591 4873 1604 4888 ⁸
1649 4857 1712 4910 Εἰ
1744 4856 1978 4924 γεγόνα-

397 4969 496 5023 μεν
521 4950 815 5022 ἐλεύθεροι,
840 4948 957 5013 πῶς
980 4949 1143 5003 πάλιν
1164 4948 1488 5011 ὑποτάττεις
1513 4950 1628 5011 τοῖς
1658 4949 1981 5017 ἐγκοσμίοις

393 5044 653 5114 ἄρχουσιν
698 5043 887 5112 quae;
934 5040 1022 5102 Ὠς
1053 5038 1520 5108 ἐλεύθεροι,λέγω,
1554 5039 1742 5107 φησιν,
1779 5037 1980 5091 ὑποτά-

393 5153 548 5207 γητε,
582 5135 862 5189 τουτέστιν
904 5133 1123 5196 ἑκόντες
1162 5132 1270 5186 ἀπὸ
1318 5131 1567 5202 γνώμης,
1621 5134 1685 5184 ἐκ
1720 5131 1980 5202 προαιρέ-

393 5243 562 5288 σεως·
601 5225 792 5294 ῶσπερ
821 5225 929 5295 γὰρ
958 5223 1160 5277 δούλων
1197 5225 1261 5277 τὸ
1287 5223 1541 5277 ἀκούσιον
1576 5225 1670 5276 καὶ
1701 5240 1980 5294 κατηναγ-

396 5317 670 5386 κασμένον
732 5317 828 5369 καὶ
878 5316 1242 5385 ἀπροαίρετον
1287 5331 1300 5345 °
1350 5314 1523 5378 οὕτως
1576 5313 1876 5384 ἐλευθέρων
1922 5314 1981 5367 τὸ

397 5408 666 5472 ἑκούσιον,
709 5407 805 5459 ml.
857 5408 1028 5478 χωρὶς
1076 5407 1323 5476 ἀνάγκης
1373 5409 1465 5460 καὶ
1495 5407 1976 5479 αὑτοπροαίρετον.

396 5498 570 5552 Ὀταν
615 5495 707 5552 οὖν
739 5499 956 5562 ἑκόντες
991 5499 1433 5570 ὑποτασσώμεθα
1477 5503 1590 5562 τοῖς
1621 5501 1979 5562 Δεσποτικοῖς

395 5593 580 5662 νόμοις
614 5591 946 5659 πειθόμενοι,
995 5589 1094 5661 τὴν
1137 5591 1452 5662 ἐλευθερίαν
1485 5591 1684 5662 μᾶλλον
1715 5591 1975 5662 κρατύνο-

397 5700 520 5752 μεν,
553 5683 647 5736 καὶ
679 5681 862 5746 ἀξίους
893 5683 1041 5751 ἡμᾶς
1070 5682 1171 5752 τῆς
1217 5683 1426 5754 δωρεᾶς
1459 5683 1664 5754 ταύτης
1697 5683 1977 5753 παριστῶ-

399 5791 498 5846 μεν
551 5775 645 5827 καὶ
709 5772 1152 5843 ἐπιδεικνύμεθα.
1207 5771 1302 5839 Οἷς
1362 5775 1471 5845 γὰρ
1530 5775 1621 5828 τὸν
1699 5775 1977 5844 Δεσπότην

398 5869 668 5940 τιμῶμεν,
719 5870 830 5932 τοῖς
886 5868 1050 5922 αὑτοῦ
1093 5869 1280 5933 νόμοις
1327 5869 1586 5939 ἀγόμενοι
1639 5868 1976 5942 περιχαρῶς,

2081 4750 2136 4814 Si
2172 4760 2329 4814 liberi
2367 4759 2494 4814 facti
2542 4776 2772 4824 sumus,
2824 4775 2996 4830 quare
3039 4759 3234 4814 iterum
3287 4761 3512 4814 obedias
3566 4761 3672 4815 illis

2078 4855 2170 4924 qui
2203 4853 2256 4907 in
2287 4853 2390 4908 hoc
2424 4853 2630 4907 mundo
2668 4853 2828 4907 nobis
2858 4853 3131 4922 imperant
3159 4869 3176 4919 ;
3222 4862 3281 4906 ut
3305 4853 3485 4919 liberi,
3524 4856 3669 4919 dico,

2079 4942 2276 5011 inquit,
2319 4942 2575 5009 obedite;
2617 4942 2668 4995 id
2712 4951 2830 5006 est,
2867 4943 3182 4997 voluntarie
3211 4960 3276 4998 ex
3309 4946 3668 5010 conscientia,

2079 5047 2146 5086 ex
2173 5033 2460 5087 electione.
2501 5031 2655 5087 Sicut
2698 5033 2844 5086 enim
2889 5049 3176 5088 servorum
3223 5047 3309 5089 est
3357 5036 3670 5090 involunta-

2081 5125 2223 5180 rium
2255 5134 2308 5178 et
2350 5127 2724 5180 noeessariutu
2755 5136 2809 5180 et
2836 5138 3112 5192 coactum,
3147 5129 3218 5181 ita
3251 5128 3546 5183 liberorum
3584 5142 3668 5184 est

2077 5217 2450 5273 voluntarium
2490 5229 2545 5274 et
2583 5220 2814 5275 liberum
2861 5231 2914 5276 et
2943 5223 3197 5276 electum.
3229 5222 3365 5277 Cum
3404 5238 3532 5291 ergo
3571 5241 3668 5274 ιυ-

2078 5311 2315 5367 luntarie
2338 5312 2547 5383 legibus
2567 5312 2862 5369 Dominicis
2884 5314 3173 5368 obedimus
3194 5331 3260 5369 ex
3286 5317 3664 5384 persuasione,

2080 5407 2386 5461 libertatem
2418 5407 2590 5477 magis
2629 5408 3056 5462 corroboramus
3094 5415 3147 5461 et
3177 5407 3339 5476 hujus
3378 5407 3507 5461 doni
3585 5409 3667 5462 di-

2081 5515 2218 5566 gnos
2246 5499 2747 5554 uosexbibemuset
2762 5500 3128 5554 Ostendimus.
3155 5498 3293 5552 Cum
3315 5500 3460 5552 enim
3485 5515 3666 5569 regem

2085 5594 2442 5660 honoramus,
2482 5594 2692 5663 legibus
2725 5593 2872 5647 illius
2904 5595 3047 5649 ultro
3087 5593 3424 5660 servientes,
3460 5593 3666 5647 donum

2086 5701 2188 5739 nos
2233 5686 2505 5754 recepisse
2548 5693 2603 5738 et
2652 5685 3032 5740 liberalitatem
3085 5684 3273 5739 mirari
3321 5688 3666 5750 confitemur,

2088 5777 2215 5832 hinc
2250 5779 2417 5832 decus
2454 5777 2706 5832 donatori
2749 5779 3116 5834 inenarrabile
3167 5779 3514 5834 adducimus.
3547 5778 3668 5832 Ca-

2090 5880 2264 5926 terum
2297 5886 2478 5925 nonne
2508 5869 2745 5925 salutare
2778 5880 2862 5926 (⁵51»
2885 5872 3086 5927 mentis
3111 5886 3385 5928 CODSCIISU
3420 5871 3659 5925 0;ἰ111ιί·ϊ
