4110 6456
443 382 550 445 883

1606 384 1874 447 PHOTII
1914 384 2424 448 PATRIARCH/E
2461 390 2571 453 CP.

3634 390 3743 455 88‘.

444 497 500 551 in
532 495 700 550 rebus
742 494 981 566 politicis
1018 511 1241 554 servare
1287 505 1341 551 et
1383 495 1533 567 quod
1573 494 1787 566 justum
1821 508 1908 554 est
1958 499 2045 556 his

2153 501 2524 574 ὁμολογοῦμεν
2553 502 2615 557 τὸ
2651 501 2825 574 δῶρον
2857 500 3223 568 ὐποδέξασθαι
3273 503 3367 558 καὶ
3408 504 3509 577 τὴν
3537 503 3745 573 φιλοτι-

439 590 534 659 qui
571 599 815 659 praesunt
844 591 979 647 dare
1004 591 1029 645 ?
1058 590 1257 646 etenim
1288 588 1540 660 profecto
1566 591 1661 661 qui
1688 591 1815 646 talia
1842 600 2029 662 agunt,

441 681 660 737 animas
689 682 759 737 ab
790 682 939 737 omni
983 682 1390 738 inordinatione
1434 692 1489 738 et
1523 683 1798 739 divisione
1827 684 2029 740 liberas

441 772 645 826 habent
671 780 723 826 et
760 787 880 828 sese
915 772 1187 829 libertatis
1219 787 1247 827 a
1286 771 1396 827 Deo
1432 773 1590 829 nobis
1621 774 1889 844 praestita:
1939 774 2025 827 di-

440 877 576 931 gnos
608 863 891 929 exhibent;
926 863 1022 934 qui
1054 873 1234 920 autem
1271 872 1454 919 mente
1485 879 1763 935 perversa,
1798 862 2027 919 audacia

440 955 583 1008 mala
622 965 678 1010 et
723 956 791 1011 de
828 957 1066 1012 tumultu
1116 958 1417 1029 gaudentes
1452 957 1758 1011 libertatem
1806 972 2025 1009 annun-

440 1045 615 1109 tiant,
645 1048 968 1104 dissidentia
1000 1048 1202 1103 bonum
1247 1048 1495 1103 ordinem
1546 1057 1866 1119 rumpentes
1892 1086 1906 1110 ,
1951 1048 2029 1103 illi

440 1136 713 1193 libertatis
744 1139 966 1195 nomine
997 1139 1261 1194 malitiam
1288 1150 1341 1194 et
1363 1138 1737 1211 arrogantiam
1762 1147 2027 1209 tegentes,

2139 593 2276 664 μίαν
2308 595 2615 666 θαυμάζειν
2635 614 2651 628 ο
2684 597 2752 650 δι’
2779 588 2855 650 ὧν
2888 596 2950 649 τὸ
2985 596 3149 660 σέϐας
3181 595 3262 669 τῷ
3286 595 3542 651 δεδωκότι
3566 613 3744 668 προσ·

2133 686 2343 759 άγομεν
2368 688 2782 759 ἀπροφάσιστον
2807 705 2821 719 ’
2855 687 2974 753 πῶς
3012 687 3070 741 δέ
3098 688 3195 742 καὶ
3225 688 3404 752 ἄλλως
3462 690 3525 742 οὐ
3572 692 3747 762 σωτή-

2133 797 2250 851 ριον
2308 779 2652 849 ἐκουσιότητι
2715 779 2946 852 γνώμης
3011 778 3111 850 τὴν
3165 779 3224 832 ἐν
3277 779 3530 850 πολιτείᾳ
3586 779 3745 844 τάξιν

2127 870 2511 941 διαφυλάττειν
2554 872 2650 926 καί⁸
2714 871 2778 925 τὸ
2829 870 2955 925 κατ’
3012 870 3170 936 ἀξίαν
3214 872 3403 941 νέμειν
3429 873 3545 931 τοῖς
3568 872 3740 941 ὑπερ-

2129 962 2312 1033 έχουσι
2343 980 2358 1025 ;
2390 965 2485 1017 καὶ
2511 964 2622 1033 γάρ
2655 963 2733 1027 ὡς
2767 962 2985 1034 ἀληθῶς
3014 964 3063 1016 oi
3088 961 3327 1017 τοιοῦτοι
3363 962 3658 1032 ἐλευθέρας
3676 980 3741 1016 τε

2132 1052 2392 1123 φέρουσιν
2423 1054 2488 1106 ἐκ
2511 1053 2692 1123 πάσης
2717 1053 2957 1120 ἀταξίας
2981 1055 3075 1106 καὶ
3123 1053 3366 1116 στάσεως
3407 1054 3500 1116 τὰς
3528 1053 3734 1125 ψυχὰς,

2135 1143 2233 1196 καὶ
2294 1146 2396 1213 τῆς
2455 1143 2642 1197 θεόθεν
2694 1144 2992 1215 δεδομένης
3052 1146 3190 1214 ἡμῖν
3240 1143 3559 1215 ἐλευθερίας
3603 1143 3745 1208 ἄξιοι

438 1230 582 1285 servi
605 1239 732 1285 sunt
756 1233 1070 1302 passionum
1096 1232 1519 1294 irrationalium,
1537 1230 1678 1286 servi
1700 1230 1968 1286 tumulttts
1983 1239 2039 1286 et

2153 1235 2306 1287 πᾶσιν
2361 1234 2807 1290 ἐπιδείκνυνται·
2850 1239 2900 1290 oi
2948 1236 3007 1288 δὲ
3058 1235 3254 1307 γνώμῃ
3303 1237 3401 1305 μὲν
3454 1236 3737 1308 μοχθηρᾷ,

439 1324 892 1393 perturbationis,
925 1326 1197 1382 libertatis
1221 1324 1437 1379 inimici
1472 1332 1524 1378 et
1542 1322 1663 1377 ideo
1688 1322 1778 1376 illa
1805 1322 2037 1393 indigni.

2138 1321 2316 1394 τόλμῃ
2339 1323 2396 1376 δὲ
2427 1324 2641 1394 πονηρᾷ
2696 1324 2793 1376 καὶ
2833 1326 3101 1394 ταραχαῖς
3133 1323 3406 1397 χαιρούσῃ
3445 1323 3543 1394 τὴν
3589 1324 3749 1377 ἐλευ-

442 1420 634 1492 θερίαν
702 1421 1169 1493 ἐπιφημίζοντες,
1237 1422 1328 1476 καὶ
1376 1421 1464 1474 διὰ
1522 1418 1687 1475 τοῦτο
1762 1420 1951 1473 στάσει
1985 1419 2086 1489 τὴν
2142 1419 2400 1489 εὐνομίαν
2448 1419 2692 1484 λύοντες,
2730 1413 2881 1473 οὗτοι
2936 1420 3315 1491 προκάλυμμα
3351 1419 3621 1491 πονηρίας
3647 1420 3745 1474 καὶ

437 1515 733 1581 αὐθαδείας
759 1519 859 1590 τὴν
881 1518 1198 1590 ἐλευθερίαν
1224 1517 1676 1590 προϐαλλόμενοι,
1726 1515 1906 1570 δοῦλοι
1970 1517 2071 1587 μέν
2141 1518 2281 1570 εἰσιν
2327 1517 2631 1586 ἀλογίστων
2681 1517 2893 1585 παθῶν,
2929 1517 3107 1572 δοῦλοι
3137 1517 3196 1571 δέ
3231 1519 3475 1590 ταραχῆς
3517 1516 3614 1572 καὶ
3645 1519 3743 1572 θο-

440 1609 644 1682 ρύϐων,
674 1612 769 1665 καὶ
799 1614 897 1684 τῆς
927 1610 1246 1682 ἐλευθερίας
1275 1611 1599 1683 κατήγοροι,
1629 1610 1726 1664 καὶ
1751 1609 1842 1663 διά
1868 1610 2028 1664 τοῦτο
2064 1609 2274 1681 ταύτης
2302 1610 2532 1676 ἀνάξιοι.

513 1704 643 1759 Vult
673 1717 851 1760 autem
875 1705 1194 1775 Apostolus,
1228 1720 1317 1776 pet
1358 1704 1521 1760 istam
1557 1704 2019 1770 exhortationem,

2220 1704 2481 1759 Βούλεται
2520 1704 2576 1758 δὲ
2615 1705 2763 1776 ἡμᾶς
2812 1705 2901 1759 διὰ
2960 1704 3167 1777 ταύτης
3219 1704 3322 1774 τῆς
3356 1700 3741 1775 παραινέσεως

442 1809 544 1849 nos
582 1794 635 1849 in
671 1796 933 1852 omnibus
965 1796 1090 1850 vin
1123 1794 1473 1866 pactionibus
1498 1834 1514 1857 ,
1552 1803 1607 1851 et
1648 1794 1703 1849 in
1738 1794 1861 1851 aliis
1908 1809 2030 1862 quae

442 1890 511 1944 ad
548 1904 663 1944 rem
692 1890 971 1960 politicam
1000 1890 1303 1961 pertinent,
1331 1889 1578 1960 quandiu
1623 1888 1844 1945 divinus
1874 1904 2031 1943 amor

442 1982 529 2037 vel
574 1981 706 2037 ﬁdes
760 1996 869 2037 non
916 1980 1310 2046 oﬂ‘enduntur,
1354 1980 1619 2036 doeibiles
1653 1995 1777 2035 esse
1819 1979 2032 2051 legibus

444 2087 773 2143 praeparare,
800 2083 855 2128 et
882 2072 990 2127 illis
1012 2070 1210 2141 quibus
1241 2070 1538 2126 commissa
1574 2077 1658 2126 est
1699 2070 1878 2140 legum
1934 2085 2034 2125 au-

445 2162 674 2217 ctoritas
709 2171 757 2216 et
784 2161 1107 2232 gubernatio
1130 2200 1145 2226 ,
1187 2160 1531 2231 indulgentes
1566 2177 1722 2228 esse,
1772 2175 1871 2217 nec
1909 2161 2032 2217 illos

445 2255 539 2324 qui
578 2264 819 2324 praesunt
844 2254 1145 2324 despicere,
1181 2256 1435 2325 quamvis
1458 2255 1510 2308 in
1542 2255 1852 2325 Oppositum
1887 2254 2034 2309 veri-

446 2346 575 2402 tatis
609 2348 911 2403 revcrentia
946 2347 1052 2403 illis
1080 2356 1287 2404 mutata
1324 2346 1527 2401 fuerit!
1559 2345 1770 2415 quare?
1806 2346 2034 2416 Propter

451 2452 621 2491 unum
652 2437 896 2505 quidem,
933 2445 993 2491 ut
1022 2436 1101 2491 illi
1137 2437 1232 2507 qui
1260 2435 1326 2491 ad
1357 2435 1690 2506 impietatem
1718 2435 2036 2491 discordant

450 2526 696 2583 videntes
716 2537 964 2583 nostram
995 2527 1416 2599 indulgentiam,
1449 2537 1504 2583 et
1525 2539 1767 2582 nostram
1792 2528 1843 2581 in
1869 2545 2036 2598 agen-

447 2618 519 2672 do
542 2617 883 2673 honestatem
918 2628 973 2675 et
1011 2618 1346 2674 docilitatem
1374 2657 1390 2683 ,
1438 2616 1604 2673 simul
1643 2617 1863 2687 quidem
1903 2617 2037 2671 visis

450 2709 653 2763 nostris
683 2710 928 2765 moribus
978 2718 1031 2765 et
1064 2718 1254 2765 nostra
1286 2709 1397 2764 vita
1437 2709 1802 2775 erubescant,
1847 2717 1901 2762 et
1934 2723 2036 2763 nos

449 2815 560 2855 non
590 2801 697 2856 illis
727 2801 950 2857 obedire
980 2802 1035 2856 in
1076 2802 1242 2857 rebus
1267 2801 1540 2870 religiosis
1560 2842 1576 2867 ,
1611 2816 1719 2854 non
1768 2800 2038 2870 superbiae

450 2908 619 2948 causa
650 2934 666 2960 ,
714 2909 816 2949 nec
863 2895 1064 2949 mentis
1102 2894 1359 2950 indocilis
1404 2894 1776 2949 ostentatione
1823 2900 2035 2963 putent,

451 2985 544 3039 sed
589 2994 810 3056 propter
845 2986 1016 3040 divini
1057 2986 1333 3043 sermonis
1356 3002 1601 3040 amorem
1627 3040 1639 3052 ,
1673 3001 1773 3040 nec
1805 3002 1911 3039 non
1944 3001 2042 3055 po-

2136 1796 2167 1849 ὁ
2212 1796 2535 1860 Ἀπόστολος
2565 1799 2622 1851 ἐν
2661 1800 2795 1852 πᾶσι
2826 1800 2939 1861 τοῖς
2969 1800 3111 1852 κατά
3136 1802 3226 1851 τδν
3283 1798 3398 1869 βίον
3434 1796 3737 1865 συναλλάγ-

2142 1907 2274 1961 μασι
2327 1893 2421 1944 καὶ
2468 1894 2581 1955 τοῖς
2639 1888 2820 1955 ἄλλοις
2882 1889 3303 1961 πολιτεύμασιν,
3350 1891 3453 1944 ὅσα
3507 1890 3583 1960 μὴ
3638 1888 3742 1961 τὴν

2140 1979 2296 2033 θείαν
2324 1979 2547 2050 ἀγάπην
2595 1979 2689 2033 καὶ
2719 1978 2903 2033 πίστιν
2948 1978 3393 2049 ἐπιλυμαίνεται,
3427 1976 3740 2047 πειθηνίους

2140 2063 2282 2122 εῖναι
2304 2070 2416 2132 τοῖς
2445 2068 2630 2139 νόμοις
2674 2066 3121 2137 παρασκευάζειν
3143 2082 3158 2097 ο
3208 2066 3303 2119 καί¹
3337 2059 3420 2129 οἷς
3453 2066 3486 2134 ἡ
3511 2063 3621 2117 τῶν
3650 2063 3738 2117 νόν

2143 2178 2261 2231 μων
2278 2158 2685 2230 κατεπιστεύθη
2711 2157 2972 2228 κυριότης
2993 2158 3087 2210 καὶ
3108 2157 3359 2227 πρόνοια,
3386 2154 3739 2226 εὐγνώμονάς

2140 2272 2201 2308 τε
2240 2249 2381 2308 εἶναι
2419 2256 2515 2308 καὶ
2553 2252 2629 2325 μὴ
2685 2252 2964 2323 ὐπερορᾷν
3016 2250 3144 2314 τοὺς
3173 2250 3573 2322 ὑπερέχοντας,
3635 2247 3739 2303 κᾶν

2141 2350 2224 2412 είς
2251 2347 2568 2403 τούναντίον
2619 2349 2805 2411 αὐτοῖς
2839 2347 2939 2417 τῆς
2979 2347 3241 2417 ἀληθείας
3292 2347 3355 2401 τὸ
3402 2346 3572 2410 σέϐας
3606 2347 3740 2399 ἀπο-

2141 2441 2510 2515 διακέκριται.
2571 2441 2672 2495 Διὰ
2701 2443 2794 2509 τί;
2864 2442 2960 2494 Ἓν
3015 2442 3113 2512 μὲν
3157 2441 3246 2495 ἵνα
3290 2439 3387 2493 καὶ
3417 2438 3571 2492 αὐτοὶ
3599 2438 3740 2509 πρὸς

2141 2532 2243 2605 τὴν
2303 2532 2562 2586 ἀσέϐειαν
2600 2533 2649 2585 οἱ
2696 2529 3098 2600 διαφωνοῦντες
3143 2529 3382 2602 ὁρῶντες
3434 2529 3594 2600 ἡμῶν
3639 2529 3740 2598 τὴν

2148 2620 2575 2692 εὐγνωμοσύνην
2606 2621 2702 2674 καὶ
2738 2621 2798 2674 τὸ
2832 2619 2941 2675 τῶν
2974 2620 3193 2690 τρόπων
3222 2618 3443 2688 εὐγενὲς
3471 2620 3567 2672 καὶ
3612 2635 3740 2672 πει-

2146 2720 2352 2792 θήνιον,
2382 2719 2500 2789 ἅμα
2542 2718 2641 2788 μὲν
2671 2717 2830 2788 ἡμῶν
2860 2716 3240 2789 ὐπερυθριῶσι
3267 2718 3334 2787 τῇ
3370 2714 3620 2785 πολιτεία
3645 2716 3741 2769 καὶ

2144 2811 2258 2870 τοῖς
2295 2807 2486 2878 ἤθεσιν
2513 2822 2529 2837 ·
2582 2806 2699 2877 ἅμα
2741 2806 2798 2859 δὲ
2830 2805 2889 2859 τὸ
2922 2805 2999 2876 μὴ
3029 2804 3321 2858 πείθεσθαι
3368 2804 3551 2864 αὐτοῖς
3600 2801 3744 2855 κατά

2147 2895 2208 2951 τὸ
2235 2896 2422 2960 σέϐας,
2466 2896 2539 2964 μὴ
2569 2894 2866 2957 αὐθαδείας
2898 2895 3060 2964 ἔργον
3085 2892 3372 2963 νομίζωσι,
3428 2890 3566 2961 μηδέ
3594 2888 3740 2957 γνώ·

2152 3006 2261 3060 μης
2288 2989 2626 3060 ἀτεράμονος
2657 2987 3020 3058 ἐπιτήδευμα,
3052 2985 3165 3041 ἀλλ’
3196 2985 3401 3055 ἔρωτος
3422 2984 3563 3055 ὑπὲρ
3584 2983 3745 3051 λόγον

452 3075 638 3131 tentia:
663 3076 997 3147 virtutisque
1047 3076 1246 3132 divinae
1280 3094 1293 3130 :
1326 3077 1492 3131 simul
1524 3076 1689 3131 etiam
1729 3085 1787 3129 ut
1817 3076 2046 3145 possint,

2154 3080 2302 3135 θείου
2333 3080 2428 3133 καὶ
2479 3079 2635 3142 θείας
2682 3078 2969 3147 δυνάμεως
3031 3077 3128 3131 καὶ
3178 3074 3501 3147 ἐνεργείας*
3547 3074 3665 3144 ἃμα
3688 3073 3747 3126 δέ

453 3182 552 3237 per
582 3179 833 3224 nostrum
871 3168 1090 3224 dulcem
1136 3178 1191 3223 et
1229 3169 1651 3224 convenientem
1707 3169 1899 3237 agendi
1934 3183 2053 3222 ino-

452 3259 622 3327 dum,
656 3260 700 3315 si
743 3260 884 3317 forte
942 3262 1246 3328 voluerint,
1305 3261 1555 3330 aspicere
1618 3260 1684 3314 ad
1724 3260 2053 3315 inell'abilem

454 3352 735 3421 religionis
785 3362 987 3409 nostrae
1038 3355 1508 3424 pulchritudinem
1557 3363 1609 3408 et
1659 3354 1806 3409 illius
1859 3369 2053 3409 arnore

454 3442 707 3506 excitati,
747 3443 1078 3499 diabolicnm
1108 3445 1775 3514 quidemetidololatrnm
1809 3445 2053 3499 furorem

456 3534 835 3602 detestentur,
893 3536 1213 3591 societatem
1258 3546 1440 3590 autem
1493 3546 1548 3590 et
1600 3551 1845 3591 amorem
1907 3536 2054 3591 illius

458 3624 582 3678 loco
635 3641 853 3695 sponsa:
896 3628 1101 3681 (Zhristi
1154 3628 1414 3682 Ecclesiw
1467 3628 1794 3697 suscipiant.
1845 3628 1920 3681 Ea
1971 3636 2056 3683 est

459 3716 680 3786 quidem
723 3718 898 3788 prima
943 3734 1108 3773 causa
1146 3720 1467 3789 apostolicae
1514 3720 1838 3781 sententiae;
1875 3721 1920 3774 si
1966 3736 2054 3775 se-

460 3810 696 3865 cundam
723 3821 903 3866 autem
933 3812 1197 3878 volueris,
1230 3821 1291 3866 ut
1312 3813 1403 3882 qui
1432 3812 1617 3867 ﬁdeles
1642 3823 2056 3884 persequuntur

459 3910 515 3956 et
545 3902 826 3971 expellunt
853 3913 906 3958 et
942 3902 1161 3974 ﬂagitiis
1187 3904 1455 3971 elliciunt,
1479 3904 1690 3959 cultum
1714 3920 2053 3976 paganorum

461 3992 806 4062 proﬁtentes,
843 4008 955 4047 non
989 3994 1055 4048 ad
1089 3993 1226 4049 alias
1253 3994 1522 4064 quasdam
1561 4009 1759 4050 causas
1793 4011 2055 4064 persecu-

462 4084 644 4139 tiones
670 4084 876 4140 rt-l'erre
906 4086 1185 4151 habeant,
1216 4101 1318 4141 nec
1349 4096 1405 4141 ut
1436 4086 1771 4143 dissidentes
1794 4097 1845 4143 et
1878 4088 2057 4159 agita-

464 4186 615 4233 tores
647 4179 700 4235 in
727 4178 1000 4249 judicium
1027 4194 1128 4235 nos
1156 4181 1447 4245 adducant,
1480 4181 1573 4235 sed
1598 4189 1824 4253 propter
1848 4182 2055 4251 ipsam-

466 4279 580 4326 met
614 4272 933 4344 religionem
957 4316 972 4337 ,
1007 4281 1063 4328 et
1102 4274 1233 4345 quia
1280 4290 1389 4328 non
1434 4274 1713 4344 potuimus
1762 4275 1959 4331 adduci
1988 4276 2055 4331 ad

466 4363 677 4418 cultum
715 4364 963 4419 divinum
997 4364 1269 4421 creaturis
1306 4374 1361 4420 et
1394 4367 1639 4420 materize
1688 4367 2051 4423 reddendum.

468 4455 625 4522 Quod
649 4465 703 4510 et
744 4456 859 4527 ipse
899 4458 1196 4528 explicavit
1240 4458 1479 4514 dicens:
1514 4459 1586 4516 Ut
1612 4458 1667 4513 in
1707 4460 1910 4531 quibus
1954 4476 2056 4516 nos

414 4557 426 4565 ‘
471 4557 735 4602 accusant
766 4549 924 4618 quasi
954 4550 1098 4603 male
1154 4562 1466 4619 sperantes,
1496 4566 1562 4605 ex
1590 4550 1750 4605 bonis
1797 4552 2059 4621 operibus

473 4635 805 4706 aspicientes
835 4638 1139 4707 gloriﬁcent
1179 4637 1349 4693 Deum
1382 4643 1434 4693 in
1476 4639 1564 4694 die
1606 4639 1823 4709 judicii.
1861 4638 1925 4693 Et
1956 4641 2061 4694 ite-

471 4740 598 4781 rum
629 4743 642 4778 :
672 4724 766 4780 Sic
805 4735 889 4782 est
918 4725 1176 4781 voluntas
1207 4725 1303 4781 Dei
1340 4738 1401 4781 ut
1444 4727 1582 4782 bene
1620 4737 1845 4797 agentes
1883 4728 2060 4782 rel‘re—

474 4828 670 4868 nemus
700 4812 1076 4884 iusipientium
1105 4813 1391 4869 hominum
1414 4814 1729 4870 stultitiam.
1771 4815 1853 4870 Ad
1886 4815 2062 4871 rebel-

477 4900 679 4957 lionem
705 4910 759 4954 te
788 4901 989 4972 aliquis
1019 4917 1267 4973 paganus
1294 4902 1377 4957 vel
1398 4900 1624 4958 Iudaeus
1649 4903 1843 4958 vocat?
1872 4919 2062 4974 pacem

478 4991 683 5048 indica.
712 4991 891 5048 Verba
926 4994 992 5047 ad
1028 4994 1383 5049 rebellionem
1424 5004 1479 5050 et
1519 4994 1920 5052 indocilitatetn
1968 5012 2066 5053 ex-

479 5082 705 5137 eitantia
743 5082 994 5153 profert?
1027 5100 1123 5155 per
1153 5083 1520 5139 obedientiam
1548 5084 1624 5138 illi
1653 5084 1933 5141 silentium
1962 5087 2067 5141 im-

483 5186 646 5240 pone.
686 5168 934 5241 Superba
982 5185 1035 5227 et
1079 5174 1397 5243 arrogantia
1454 5171 1707 5243 profert?
1769 5175 2068 5232 Dulcedine

479 5274 536 5319 ct
568 5265 875 5321 humilitate
912 5268 1111 5321 mentis
1147 5282 1347 5321 vanum
1388 5267 1647 5337 loquendi
1685 5269 1928 5323 studium
1972 5284 2066 5325 re-

482 5353 658 5411 frena.
690 5356 949 5412 Ordinem
975 5356 1257 5426 politienm
1284 5357 1624 5413 destruentia
1646 5358 1670 5413 ί
1692 5358 1835 5413 Nihil
1862 5359 1917 5415 in
1944 5360 2065 5418 istis

484 5463 819 5519 cognoscere
842 5450 1113 5516 dicendo,
1158 5451 1489 5523 hypocrisim
1534 5452 1587 5505 in
1624 5453 1790 5508 fama.
1828 5451 1907 5509 Ita
1934 5456 2074 5510 insi-

486 5540 644 5611 piens
673 5542 840 5598 hoino
885 5543 1150 5599 infrenari
1192 5556 1396 5615 potest,
1427 5546 1509 5601 sic
1550 5544 1644 5600 Dei
1684 5562 1881 5602 servus
1911 5547 2074 5619 glori-

492 5636 724 5701 licatur;
773 5637 855 5691 sic
899 5639 1162 5693 mundum
1217 5638 1420 5706 vincit,
1472 5639 1688 5696 etiarnsi
1749 5640 2074 5709 ﬂagelletur,

489 5728 707 5784 etiamsi
733 5738 1077 5798 torqueatur,
1108 5732 1322 5788 etiamsi
1351 5733 1730 5803 crucifigatur,
1760 5732 1852 5802 qui
1883 5740 2075 5788 contra

497 5828 780 5891 peccatum
804 5820 1127 5878 honorabile
1154 5824 1255 5880 sibi
1284 5825 1583 5895 trophaequ
1607 5834 1915 5881 conservat.
1945 5825 2075 5894 Qui-

2153 3172 2229 3236 ὡς
2273 3170 2339 3224 ἂν
2363 3169 2646 3240 δυνηθεῖεν
2673 3167 2762 3221 διὰ
2790 3167 2889 3237 τῆς
2920 3166 3130 3237 ἡμέρου
3156 3168 3250 3219 καὶ
3284 3163 3561 3227 ἐπιεικοῦς
3591 3164 3747 3235 ἡμῶν

2156 3262 2453 3325 πολιτείας,
2487 3261 2647 3332 εἴπερ
2682 3259 2790 3329 ἄρα
2827 3258 3138 3329 βουληθεῖεν
3172 3257 3482 3328 ἀναϐλέψαι
3511 3255 3652 3327 πρὸς
3684 3253 3745 3307 τὸ

2153 3355 2249 3409 τοῦ
2312 3353 2659 3423 σεϐασματος
2714 3349 2875 3422 ἡμῶν
2928 3348 3210 3421 ἄφραστον
3266 3347 3485 3412 κάλλος,
3550 3346 3644 3400 καλ⁵
3672 3343 3749 3415 τῷ

2154 3446 2365 3499 ἐκεῖθεν
2419 3445 2584 3516 ἔρωτι
2628 3441 3028 3514 πτερωθέντες,
3112 3440 3473 3512 βδελύξωνται
3512 3438 3612 3510 μὲν
3658 3436 3751 3490 τὸν

2154 3538 2480 3609 δαιμονιώδη
2540 3537 2637 3591 καὶ
2694 3534 2975 3589 είδωλικδν
3024 3528 3265 3604 οἶστρον,
3316 3532 3415 3603 τὴν
3448 3530 3751 3598 συνάφειαν

2154 3630 2213 3684 δέ
2260 3629 2354 3683 καὶ
2400 3629 2494 3682 τὸν
2547 3627 2714 3681 πόθον
2755 3625 3198 3693 ἀνταλλάξωνται
3241 3624 3340 3693 τῆς
3394 3621 3616 3692 νύμφης
3657 3621 3751 3674 τοῦ

2155 3718 2397 3792 Χριστοῦ
2448 3717 2816 3788 Ἐκκλησίας·
2868 3716 2996 3769 ἀλλ’
3055 3714 3205 3769 αἰτία
3253 3713 3354 3784 μέν
3384 3711 3525 3781 αὐτη
3557 3708 3752 3783 πρώτη

2155 3816 2257 3881 τῆς
2283 3811 2654 3881 ἀποστολικῆς
2686 3809 2996 3873 νουθεσίας.
3046 3809 3111 3862 Εἰ
3143 3806 3322 3878 βούλει
3351 3806 3411 3860 δέ
3444 3805 3541 3860 καὶ
3568 3803 3754 3857 δευτέ-

2160 3922 2281 3977 ραν,
2317 3902 2409 3959 Eva
2430 3901 2722 3965 διώκοντες
2754 3900 2851 3954 καὶ
2880 3898 3203 3962 ἐλαύνοντες
3228 3897 3324 3952 καὶ
3347 3893 3755 3967 τιμωρούμενοι

2156 3993 2283 4057 τούς
2306 3991 2535 4055 πιστοὺς
2569 3991 2617 4044 οί
2647 3988 2718 4043 τά
2760 3987 3030 4059 Ἑλλήνων
3052 3986 3343 4058 τιμῶντες,
3364 3984 3439 4056 μὴ
3483 3983 3565 4047 είς
3590 3980 3756 4045 ἄλλας

2156 4083 2311 4149 τινὰς
2345 4083 2531 4146 αίτίας
2551 4081 2644 4135 τὸν
2670 4080 2914 4151 διωγμὸν
2935 4078 3134 4151 ἔχωσιν
3171 4076 3470 4149 ἀναφέρειν
3491 4092 3506 4107 ο
3538 4073 3660 4146 μηδ’
3679 4073 3757 4137 ὡς

2158 4177 2478 4240 στασιώδεις
2505 4176 2601 4229 καὶ
2633 4175 3049 4246 ταραχοποιούς
3081 4174 3339 4241 ὑπάγωσι
3384 4169 3589 4235 δίκαις,
3618 4167 3758 4222 ἀλλά

2156 4272 2225 4326 δι’
2258 4269 2429 4341 αὐτὴν
2458 4269 2559 4339 τὴν
2588 4266 2910 4321 εὐσέϐειαν·
2963 4265 3061 4320 καὶ
3107 4265 3170 4320 τδ
3212 4264 3288 4337 μὴ
3333 4263 3668 4337 ἀνασχέσθαι
3697 4260 3757 4315 τὸ

2160 4363 2304 4422 θεῖον
2336 4362 2503 4425 σέϐας
2537 4361 2617 4424 είς
2641 4359 2742 4431 τὴν
2772 4357 2907 4429 ὓλην
2937 4359 3038 4412 καὶ
3068 4357 3137 4412 τά
3161 4356 3443 4426 κτίσματα
3467 4354 3753 4423 κατάγειν.

2161 4455 2334 4509 Τοῦτο
2361 4455 2417 4508 δὲ
2443 4454 2539 4508 καὶ
2568 4452 2731 4516 αὐτὸς
2762 4451 3035 4523 ἐδήλωσεν
3062 4452 3250 4505 εἰπών·
3279 4450 3402 4506 Ἵνα
3432 4451 3490 4504 ἐν
3518 4441 3564 4519 ᾧ
3589 4465 3758 4502 καταο

2157 4545 2395 4601 λαλῶσιν
2455 4544 2616 4616 ἡμῶν
2690 4542 2767 4608 ὡς
2846 4542 3167 4598 κακοποιῶν
3257 4544 3324 4597 ἐκ
3402 4542 3513 4595 τῶν
3578 4539 3759 4594 καλῶν

2159 4640 2339 4711 ἔργων
2371 4634 2817 4698 ἐποπτεύσαντες
2865 4633 3138 4701 δοξάσωσι
3197 4631 3291 4686 τὸν
3319 4631 3455 4686 Θεὸν
3482 4631 3540 4685 ἐν
3574 4629 3761 4701 ἡμέρᾳ

2160 4724 2469 4793 ἐπισκοπῆς
2491 4738 2505 4753 ’
2535 4724 2633 4777 καὶ
2664 4723 2827 4776 πάλιν
2914 4721 3103 4785 Οὐτως
3133 4720 3253 4774 ἐστὶ
3287 4720 3350 4774 τδ
3402 4720 3619 4790 θέλημα
3665 4717 3761 4772 τοῦ

2162 4814 2322 4882 Θεοῦ,
2351 4810 2825 4883 ἀγαθοποιοῦντας
2864 4810 3071 4882 φιμοῦν
3100 4811 3200 4882 τὴν
3234 4810 3345 4865 τῶν
3388 4809 3640 4880 ἀφρόνων
3671 4810 3764 4863 ἀν-

2166 4906 2403 4981 θρώπων
2452 4907 2751 4976 ἀγνωσίαν.
2788 4903 2990 4959 Στάσιν
3019 4921 3106 4967 τις
3160 4902 3269 4957 τῶν
3308 4901 3676 4973 Ἑλληνιστῶν
3726 4900 3761 4972 ἢ

2166 4998 2266 5053 καὶ
2301 4997 2559 5060 Ἰουδαῖος
2592 4997 2848 5049 ἐπικαλεῖ
2879 5011 2999 5059 σοις
3034 4993 3108 5047 Τὸ
3147 4992 3426 5063 εἰρηνικὸν
3452 4989 3721 5058 ἐπίδειξον
3743 5028 3759 5045 .

2179 5090 2437 5161 Ἀνήκοον
2472 5086 2751 5141 διαϐάλλει
2782 5086 2879 5140 καὶ
2908 5084 3156 5156 ἀπειθῆ;
3206 5083 3307 5138 Διά
3339 5086 3440 5155 τῆς
3480 5081 3761 5150 ὑποταγῆς

2170 5179 2528 5249 ἐπιστόμισον
2548 5196 2562 5210 ο
2598 5176 2837 5243 ἀλαζόνα
2870 5176 2967 5230 καὶ
2994 5174 3240 5244 αὐθάδη;
3270 5173 3363 5245 Τῷ
3388 5170 3636 5243 ταπεινῷ
3670 5174 3764 5225 καὶ

2175 5272 2369 5344 ἡμέρῳ
2398 5269 2496 5324 τοῦ
2519 5270 2875 5342 φρονήματος
2900 5268 3001 5339 τὴν
3033 5265 3417 5336 γλωσσαλγίαν
3452 5263 3760 5333 διέλεγξοψ

2176 5365 2334 5431 τάξιν
2361 5361 2649 5430 πολιτικὴν
2678 5359 3002 5421 διαλύοντας
3026 5357 3127 5411 Διά
3150 5357 3245 5412 τοῦ
3271 5356 3442 5429 μηδὲν
3465 5357 3523 5409 ἐν
3550 5353 3767 5418 τούτοις

2174 5457 2537 5527 ἀγνωμονεῖν,
2566 5454 2668 5523 τὴν
2718 5451 3090 5520 συκοφαντίαν
3146 5449 3538 5519 στηλίτευσονο
3590 5445 3766 5510 οὓτως

2177 5549 2370 5620 ἄφρων
2402 5546 2542 5616 ἀνὴρ
2576 5543 2803 5598 δύναται
2832 5541 3154 5614 φιμοῦιῑθαι⁸
3185 5540 3361 5605 οὓτως
3377 5539 3514 5595 Θεοῦ
3548 5538 3768 5603 δοξάζε-

2178 5659 2263 5693 ται
2293 5638 2499 5701 δοῦλος.
2535 5635 2719 5701 Οὐτως
2743 5637 2871 5707 νικᾷ
2900 5635 2990 5689 τὸν
3010 5634 3238 5705 κόσμον,
3272 5634 3379 5689 κᾶν
3410 5632 3764 5704 μαστίζηται,

2176 5730 2279 5785 κᾶν
2307 5728 2664 5800 στρεϐλῶται,
2719 5728 2824 5782 κᾶν
2878 5726 3397 5798 ἁνασκολοπίζηται,
3446 5727 3475 5778 ὁ
3530 5710 3593 5779 τὸ
3624 5723 3766 5777 κατά

2176 5821 2277 5893 τῆς
2332 5818 2606 5892 ἁμαρτίας
2670 5818 2933 5891 τρόπαιον
3006 5817 3333 5888 ἀνύϐριστον
3386 5813 3761 5877 συνδιασὼζων
