4110 6512
378 429 485 493 885

1298 423 1400 483 AD
1429 419 2023 481 AMPHILOCHIUM
2064 420 2414 490 QUAESTIO
2447 423 2721 487 CLXXX.

3539 431 3647 494 886

380 537 658 609 ὲαυτῷ.⁹0
707 534 848 589 κατά
894 534 1065 589 ταῦτα
1123 532 1544 603 πολιτευόμενος
1600 533 1669 585 τά
1732 530 1966 601 προστά-

2074 546 2287 596 cunque
2336 538 2638 590 secundum
2679 537 2778 592 ista
2813 541 3066 596 mandata
3111 557 3234 599 sese
3274 542 3547 610 habuerit,
3581 546 3647 599 li-

378 644 611 699 γματα,
668 624 930 696 ἐλεύθερα
977 624 1135 694 φέρει
1232 621 1490 692 καθαρῶς
1546 622 1641 673 καὶ
1688 637 1757 672 τα
1823 621 1962 690 ἔργα

380 720 476 773 καὶ
517 720 645 782 τοὺς
696 717 892 787 λόγους
951 720 1046 771 καὶ
1109 716 1214 787 πρό
1266 732 1331 784 γε
1377 713 1583 767 τούτων
1645 710 1815 784 αὐτὴν
1862 712 1961 783 τὴν

377 813 576 883 ψυχήνο

915 919 1249 975 ΕΡΩἸἩΣΙΣ
1284 920 1414 973 PII'.

576 1012 718 1083 Περὶ
748 1013 1066 1082 θεολογίας
1096 1011 1423 1082 ζητήματα*
1471 1011 1553 1077 τῷ
1579 1009 1761 1077 αὐτῷ.

2071 623 2265 677 bcrum
2299 624 2437 679 feret
2470 627 2524 680 in
2552 630 2790 697 puritate
2814 673 2829 695 ,
2867 643 2921 686 et
2957 634 3203 691 actiones
3238 645 3293 690 et
3339 651 3644 701 sermones,

2068 721 2124 768 et
2150 724 2277 771 ante
2301 716 2405 771 ista
2431 718 2607 786 ipsam
2638 722 2900 778 animam.

2063 915 2396 984 QUASSTIO
2424 922 2683 982 CLXXX.
2723 925 2909 997 [Coisl.
2938 927 3118 983 CCIX.
3176 929 3340 986 Tmtr.
3383 930 3518 1002 αλ]
3562 931 3641 1001 (Ι)

2133 1011 2209 1067 De
2252 1013 2534 1087 Tlteologia
2561 1022 2898 1090 qua'stiones.
2936 1020 3123 1075 Eidem
3152 1024 3593 1094 (Amphilochia).

658 1127 804 1175 Edita
831 1140 857 1174 a
882 1124 1130 1187 Basnagio
1156 1128 1173 1190 (
1195 1126 1357 1201 Canis.
1382 1123 1543 1188 Antiq.
1566 1123 1678 1174 lect.
1719 1129 1754 1173 t.
1780 1122 1851 1182 ll,
1886 1135 1937 1183 p.
1964 1134 2015 1181 ιι,
2036 1135 2149 1186 pag.
2176 1126 2430 1193 $23-$25).
2454 1159 2519 1169 —
2537 1130 2822 1196 Dogmatica
2856 1134 2918 1182 de
2946 1133 3229 1196 cognitione
3258 1134 3369 1185 Dei.

456 1214 734 1286 Ἀῤῥητον
782 1215 880 1282 μὲν
926 1213 986 1266 τὸ
1010 1214 1168 1267 Θεῖον
1208 1214 1399 1284 ὥσπερ
1425 1216 1521 1267 καὶ
1546 1214 1809 1284 ἄληπτον,
1835 1211 1970 1268 διότι

383 1304 507 1376 μηδ’
536 1304 685 1357 ἐστιν
708 1304 833 1375 μηδ’
856 1304 1124 1369 ἐπινοίαις
1150 1304 1334 1373 ψιλαῖς
1363 1305 1824 1374 προῦφεστηκότα
1850 1302 1971 1358 τινὰ

380 1397 587 1453 λαϐεῖν.
617 1398 699 1451 Δι’
725 1390 800 1450 ὧν
831 1398 861 1450 ὁ
891 1397 1047 1467 λόγος
1079 1397 1287 1469 προῖὼν
1319 1398 1418 1470 τὴν
1444 1398 1645 1467 γνῶσιν
1672 1396 1766 1451 καὶ
1794 1398 1970 1451 κατά-

380 1489 545 1561 ληψιν
591 1489 687 1543 τοῦ
731 1490 1004 1561 μακαρίου
1052 1490 1264 1544 ἐκείνου
1301 1490 1398 1546 καὶ
1434 1491 1744 1560 ἀφθέγκτου
1784 1488 1967 1561 παρά-

383 1598 501 1652 σχοι
528 1581 1111 1655 θεάματος.Ἀρρητον
1136 1584 1194 1637 δὲ
1224 1584 1317 1637 καὶ
1340 1584 1580 1654 ἄληπτον
1605 1584 1685 1647 ὃν,
1720 1583 1829 1637 ἀπὸ
1856 1582 1965 1637 τῶν

382 1672 629 1743 ὑστέρων
654 1673 805 1743 ὅμως
831 1674 939 1727 ἀπό
964 1692 1110 1739 τινος
1140 1675 1241 1744 τῆς
1268 1674 1477 1729 ἐκεῖθεν
1515 1676 1564 1728 εί
1600 1676 1694 1729 καὶ
1718 1675 1967 1745 ἀμυδρᾶς

384 1762 641 1831 ἀπαυγῆς
685 1764 743 1815 ὲν
790 1764 971 1826 αὐτοῖς
1023 1763 1344 1836 κατιούσης,
1392 1764 1487 1818 καὶ
1517 1764 1585 1817 δι’
1622 1763 1802 1817 αὐτῶν
1835 1764 1966 1833 ἡμῖν

384 1857 484 1926 τὴν
537 1857 776 1911 διάνοιαν
806 1856 1138 1921 ὲνατενίζειν
1185 1859 1324 1927 πρὸς
1359 1858 1421 1912 τὸ
1467 1858 1752 1929 ἀμήχανον
1792 1858 1968 1909 ἐκεῖνο

384 1946 578 2009 κάλλος
611 1946 1141 2017 παρασκευαζούσης
1171 1988 1185 2009 ,
1236 1948 1462 2001 δυνατὸδ
1490 1948 1607 2000 ἐστι
1662 1946 1817 2011 τινὰς
1854 1946 1971 1999 θεο-

385 2038 620 2107 πρεπεῖς
646 2037 947 2108 φαντασίας
983 2037 1347 2104 εἰσδέξασθαι.
1374 2036 1515 2092 Καθ’
1545 2036 1604 2091 ὃν
1634 2036 1743 2106 γάρ
1765 2035 1967 2106 τρόπον

382 2132 433 2185 οἱ
456 2131 608 2203 ζόφῳ
653 2132 820 2202 παχεῖ
852 2131 1271 2202 περικεχυμένῳ
1302 2130 1674 2201 ἐγκαθήμενοι
1705 2128 1968 2201 βραχεῖάν

380 2242 504 2280 τινα
532 2223 642 2279 τῶν
666 2223 911 2296 ἡλιακῶν
944 2224 1184 2277 ἀκτίνων
1234 2222 1329 2276 καὶ
1360 2221 1611 2293 ἀμυδρὰν
1644 2221 1969 2291 λαμπηδόνα

382 2317 783 2390 παραδέχονται
810 2357 825 2382 ,
864 2314 1039 2379 οὕτως
1070 2316 1121 2368 oi
1162 2314 1241 2385 τῷ
1272 2313 1484 2385 σαρκίῳ
1510 2312 1969 2385 περιϐεϐλημένοι

384 2412 448 2463 ἐκ
482 2413 581 2480 τῆς
609 2407 1112 2478 ἁπαυγῆςὲκείνης
1138 2406 1232 2461 τοῦ
1255 2405 1450 2478 νοητοῦ
1473 2404 1626 2478 ἡλίου
1649 2408 1730 2471 εἰς
1757 2405 1968 2459 ἔννοιάν

381 2521 503 2557 τινα
535 2502 631 2556 καὶ
665 2500 967 2571 φαντασίαν
997 2500 1280 2572 θεοπρεπῆ
1303 2498 1495 2572 ὥσπερ
1524 2501 1633 2553 ἀπό
1655 2517 1799 2563 τινος
1830 2517 1967 2554 κατ-

380 2594 643 2667 οπτρικοῦ
684 2595 1079 2665 μηχανήματος
1117 2591 1213 2646 τοῦ
1253 2609 1314 2646 τε
1350 2593 1517 2647 πόθου
1554 2593 1774 2663 καὶτῆς
1804 2592 1970 2661 συζη-

380 2690 595 2758 τήσεως
624 2689 939 2755 σκιοφανείς
984 2687 1213 2749 ἀκτῖνας
1242 2686 1497 2751 ἕλκοντες
1537 2684 1836 2754 ἀνάγεσθαι
1876 2683 1968 2738 δύ-

384 2797 593 2834 νανται.

463 2875 562 2927 Ὃν
594 2873 694 2943 μὲν
724 2872 816 2926 οῦν
847 2870 1105 2934 διασώζει
1134 2871 1339 2939 λόγονὸ
1368 2869 1523 2941 ἥλιος
1542 2872 1601 2925 ὲν
1630 2873 1743 2933 τοῖς
1769 2870 1968 2939 αἰσθη-

2143 1216 2262 1272 Non
2300 1220 2413 1289 (50)
2458 1232 2641 1293 potest
2668 1223 2939 1293 expromi,
2991 1225 3133 1278 sicut
3167 1240 3345 1291 neque
3396 1226 3650 1294 cognosci

2068 1305 2233 1375 Deus,
2276 1311 2404 1379 quia
2461 1328 2640 1383 neque
2683 1314 3006 1369 notionibus
3084 1323 3322 1380 tantum,
3380 1315 3651 1385 quaepiam

2068 1416 2191 1471 qua;
2227 1403 2381 1472 prius
2406 1406 2741 1473 exstiterint,
2777 1407 3058 1477 percipere
3094 1421 3410 1478 possumus,
3439 1422 3505 1461 ex
3531 1408 3655 1476 qui-

2069 1494 2173 1549 bus
2223 1496 2365 1551 ratio
2405 1514 2697 1569 progressa
2752 1500 2900 1555 illius
2938 1501 3085 1556 beati
3146 1500 3471 1571 spectaculi,
3503 1502 3650 1571 quod

2067 1585 2252 1641 verbis
2280 1588 2525 1656 expromi
2559 1604 2669 1642 non
2710 1599 2912 1659 potest,
2963 1590 3333 1661 cognitionem
3388 1590 3649 1659 praebeat.

2069 1675 2151 1732 Ex
2183 1679 2249 1733 iis
2314 1687 2519 1743 tamen,
2554 1696 2677 1751 quae
2726 1683 3034 1752 posteriora
3086 1692 3238 1749 sunt,
3288 1692 3550 1752 tanquam
3587 1699 3652 1736 ex

2071 1771 2309 1840 quodam
2339 1772 2628 1841 splendore
2654 1774 2824 1840 tenui,
2896 1790 2926 1829 a
2964 1774 3076 1829 Deo
3124 1776 3177 1829 in
3228 1775 3365 1845 ipsis
3420 1775 3657 1830 obscure

2076 1871 2320 1927 ostenso,
2374 1866 2466 1933 qui
2501 1864 2647 1931 facit,
2682 1879 2737 1920 ut
2764 1868 2939 1936 possit
2962 1883 3116 1922 mens
3148 1868 3200 1921 in
3235 1867 3381 1921 illam
3429 1867 3659 1922 immen-

2075 1971 2191 2011 sam
2224 1956 2687 2026 pulchritudinem
2722 1958 2949 2024 intueri,
2990 1959 3104 2013 ﬁeri
3138 1969 3340 2029 palest,
3382 1968 3442 2012 ut
3491 1974 3658 2029 quas.

2074 2045 2199 2102 dam
2227 2048 2593 2119 cogitationes
2620 2034 2789 2105 Deum
2832 2052 3087 2107 decentes
3118 2052 3474 2121 recipiamus.
3507 2051 3658 2108 Sient

2074 2139 2245 2205 enim,
2274 2140 2369 2210 qui
2403 2151 2536 2197 sunt
2586 2143 2831 2198 tenebris
2857 2143 3044 2199 densis
3096 2143 3446 2207 circumfusi,
3479 2143 3658 2214 fulgo-

2074 2248 2189 2287 rem
2222 2234 2513 2302 quemdam
2568 2252 2795 2305 parvum
2853 2244 2908 2290 et
2940 2244 3159 2290 tenuem
3189 2236 3471 2291 radiorum
3523 2237 3658 2291 solis

2077 2325 2394 2391 admittunt,
2434 2327 2514 2382 sic
2548 2328 2641 2398 qui
2682 2336 2811 2382 sunt
2864 2328 3109 2382 conclusi
3144 2328 3198 2382 in
3246 2344 3431 2394 carne,
3460 2344 3527 2383 ex
3566 2330 3659 2383 illo

2076 2420 2367 2491 splendore
2422 2421 2556 2477 solis
2602 2420 2957 2485 intellectilis,
3020 2429 3281 2490 tanquam
3359 2422 3656 2489 a-quodant

2075 2513 2301 2584 speculo
2330 2513 2465 2583 (5|),
2498 2513 2756 2568 desiderii
2784 2521 2839 2568 et
2889 2512 3267 2583 inquisitionis
3314 2513 3471 2567 radio
3537 2529 3660 2568 um-

2075 2604 2304 2660 bratiles
2347 2604 2650 2667 elicientes,
2684 2603 2750 2658 ad
2810 2603 3062 2659 notitiam
3105 2604 3398 2675 quamdam
3427 2614 3482 2661 et
3508 2606 3660 2676 cogi-

2077 2694 2337 2749 tationem
2369 2694 2568 2750 elevari
2601 2702 2854 2765 possunt.

2148 2872 2320 2940 Quam
2378 2872 2547 2940 igitur
2605 2872 2873 2927 rationem
2908 2871 2990 2927 sol
3040 2870 3095 2927 in
3133 2871 3221 2938 iis,
3256 2886 3378 2943 quae
3396 2870 3499 2926 sub
3537 2885 3662 2926 sen-

381 2970 530 3029 τοῖς,
564 2964 820 3035 τοιαύτην
854 2965 922 3017 ἂν
965 2965 1093 3035 περὶ
1135 2962 1229 3016 τοῦ
1263 2962 1423 3015 Θείου
1481 2962 1705 3016 δύναταί
1754 2980 1837 3025 τις
1884 2964 1969 3016 εν-

2077 2980 2200 3021 sum
2224 2965 2448 3029 cadunt,
2486 2964 2672 3029 habet,
2721 2965 2954 3018 similem
3005 2964 3374 3031 cognitionem
3428 2962 3524 3017 Dei
3560 2979 3660 3033 po-

382 3075 535 3112 νοιαν
593 3059 667 3121 ὼς
714 3054 775 3121 ἐξ
838 3054 1047 3118 εἰκόνος
1104 3055 1163 3105 ὲν
1209 3055 1322 3115 τοῖς
1372 3055 1585 3123 νοητοῖς
1635 3052 1821 3106 δοῦναι
1871 3054 1967 3106 καὶ

2074 3064 2181 3112 test
2203 3059 2330 3127 quis
2355 3057 2619 3126 praebere,
2644 3064 2699 3109 et
2735 3056 3003 3123 accipere,
3032 3066 3295 3122 tanquam
3325 3071 3392 3110 ex
3428 3056 3663 3128 imagine

383 3148 592 3201 λαϐεῖν.
1459 3234 1480 3239 ﬂ
1571 3234 1593 3239 Δ
1997 3177 2041 3239 C
2075 3148 2131 3203 in
2167 3149 2259 3212 iis,
2291 3164 2414 3220 qua:
2437 3146 2540 3202 sub
2576 3146 2985 3216 intelligentiam
3012 3149 3235 3202 cadunt.

467 3240 629 3293 Ἀλλά
661 3237 772 3309 γάρ
800 3236 898 3293 καὶ
947 3236 1007 3304 ἐξ
1054 3236 1382 3304 ἀποφάσεως
1414 3234 1522 3287 τῶν
1568 3234 1739 3288 ὄντων
1790 3236 1965 3289 ἀπάν-

2147 3238 2253 3293 Sed
2288 3238 2433 3292 enim
2461 3251 2526 3291 ex
2558 3238 2846 3305 negatione
2879 3237 3043 3289 etiam
3068 3238 3339 3303 omnium,
3364 3251 3486 3306 quae
3510 3247 3660 3301 sunt,

382 3349 491 3386 των
543 3333 623 3394 είς
672 3330 909 3401 θεωρίαν
958 3328 1275 3397 ἀναγόμεθα
1321 3327 1419 3397 τῆς
1468 3326 1815 3399 ἐξῃρημένης
1859 3327 1969 3381 τῶν

2074 3330 2399 3386 adducimur
2443 3327 2509 3382 ad
2545 3327 3070 3396 contemplationem
3103 3329 3448 3393 substantiae,
3506 3338 3659 3387 extra

382 3425 554 3479 ὄντων
602 3423 793 3486 οὐσίας
838 3439 898 3475 τε
948 3422 1043 3475 καὶ¹
1072 3420 1350 3490 θεότητος.
1391 3422 1456 3473 Ὃ
1491 3420 1599 3490 γὰρ
1637 3422 1803 3491 μηδέν
1852 3422 1969 3473 ἐστι

2074 3422 2259 3478 omnia
2299 3421 2513 3492 positae,
2546 3428 2602 3475 et
2642 3420 2987 3485 divinitatis;
3048 3420 3193 3488 quod
3219 3421 3366 3474 enim
3413 3421 3550 3474 nihil
3573 3431 3662 3475 est

384 3518 494 3571 τῶν
532 3516 771 3581 πάντων,
816 3517 1064 3586 κρεῖττον
1096 3511 1154 3565 δὲ
1197 3510 1293 3563 τοῦ
1342 3512 1565 3576 παντὲις,
1592 3510 1739 3563 τοῦτ’
1761 3512 1851 3578 ιἱῑιν
1883 3510 1969 3581 εἴη

2074 3529 2266 3569 eorum
2299 3512 2548 3567 omnium
2580 3526 2703 3582 quae
2727 3522 2876 3575 sunt,
2903 3522 2957 3564 et
2988 3512 3099 3581 (δὲ)
3125 3513 3272 3565 omni
3302 3512 3498 3567 melius
3550 3521 3658 3577 est,

385 3609 540 3673 Θεὸς,
568 3607 628 3671 ὃς
657 3605 974 3678 προήγαγέν
1001 3620 1061 3657 τε
1096 3604 1162 3655 ὲκ
1198 3604 1274 3672 μὴ
1303 3601 1472 3655 όντων
1502 3603 1581 3666 είς
1626 3604 1688 3654 τὸ
1732 3599 1870 3655 εἶναι
1908 3604 1971 3655 τὸ

386 3703 515 3764 πᾶν,
556 3702 652 3755 καὶ
688 3700 785 3769 τῆς
815 3698 922 3752 τῶν
953 3697 1319 3767 προηγμένων
1381 3694 1647 3767 διαμονῆς
1682 3697 1777 3748 καὶ
1806 3696 1974 3767 ὲναρ-

390 3793 577 3866 μονίου
600 3793 878 3862 κινήσεως
906 3791 1008 3860 τὴν
1035 3788 1289 3859 πρόνοιαν
1316 3787 1451 3857 ἔχει.

454 3890 568 3943 Καὶ
602 3888 707 3956 πρό
746 3903 810 3956 γε
840 3884 1068 3948 τούτων,
1113 3883 1203 3937 ὅτι
1242 3881 1357 3934 ἐστι
1401 3880 1555 3944 Θεὸς,
1585 3883 1740 3952 κοινῇ
1786 3882 1955 3937 πᾶσιν

388 3980 830 4049 ὲγκατέσπαρται
855 3979 977 4042 ταῖς
1001 3975 1371 4047 ἀνθρωπίναις
1398 3974 1681 4038 διανοίαις,
1697 3974 1797 4043 τῆς
1823 3975 1972 4030 ἐκεῖ·

391 4074 482 4127 θεν
513 4074 691 4142 αὐγῆς
720 4071 796 4135 ὡς
827 4069 896 4124 δι’
947 4070 1243 4141 ἐμφάσεων
1275 4068 1636 4139 διανιστὼσης
1686 4068 1843 4141 ἡμῶν
1881 4071 1973 4125 τὸν

389 4165 531 4231 νοῦν,
558 4167 652 4220 καὶ
685 4163 1135 4235 φωταγωγούσης
1162 4164 1212 4216 εί
1260 4163 1356 4216 καὶ
1400 4163 1476 4233 μὴ
1507 4163 1647 4233 πρὸς
1677 4163 1738 4215 τὸ
1773 4162 1972 4216 εἰδέναι

386 4259 438 4312 τί
474 4258 592 4311 ποτ’
622 4257 740 4311 ἐστὶ
770 4256 925 4321 Θεὸς,
955 4255 1072 4309 ἀλλ’
1105 4253 1197 4307 οῦν
1227 4272 1291 4324 γε
1323 4256 1399 4324 μὴ
1426 4255 1643 4323 ἀγνοεῖν
1678 4254 1815 4326 ὅπερ
1835 4253 1973 4317 ὅλως

389 4350 557 4406 ἐστίν.

457 4444 520 4497 Et
549 4442 658 4514 γὰρ
688 4441 911 4514 πλῆθος,
931 4441 1079 4495 ἅπαν
1104 4438 1214 4493 εἴτε
1244 4437 1345 4510 τὴν
1372 4437 1465 4491 τοῦ
1492 4436 1749 4508 συνεχοῦς
1772 4438 1974 4508 ὀνομα-

2077 3608 2181 3662 hoc
2212 3608 2403 3677 utique
2444 3606 2556 3661 erit
2606 3605 2773 3667 Deus.
2808 3604 2901 3675 qui
2945 3620 3009 3659 ex
3043 3604 3213 3658 nihilo
3254 3602 3384 3658 fecit
3474 3620 3660 3670 omne,

2077 3708 2133 3755 et
2156 3699 2506 3768 providentia
2562 3714 2683 3762 sua,
2714 3713 2837 3767 quae
2878 3697 3022 3752 facta
3062 3707 3216 3764 sunt,
3256 3707 3572 3761 conservat.
3607 3707 3661 3751 et

2078 3800 2140 3847 ut
2163 3801 2289 3863 apte
2311 3801 2364 3847 et
2398 3790 2668 3846 concinne
2694 3800 3037 3855 moveantur,
3070 3790 3222 3845 facit.

2150 3884 2221 3937 Et
2277 3882 2424 3953 quod
2486 3882 2837 3952 potissimum
2900 3891 3007 3947 est,
3067 3881 3315 3936 omnium
3373 3882 3660 3939 hominum

2080 3975 2361 4029 mentibus
2413 3974 2781 4028 communiter
2831 3972 3058 4027 insitum
3085 3983 3187 4039 est,
3220 3974 3387 4028 Deum
3435 3990 3579 4041 esse,
3609 3984 3663 4030 et

2080 4066 2231 4120 illinc
2284 4065 2485 4135 fulgor,
2540 4075 2800 4133 tanquam
2840 4079 2937 4133 per
2988 4064 3333 4118 ostensiones
3396 4068 3660 4135 quasdam

2078 4164 2315 4211 mentem
2339 4156 2564 4218 excitat,
2592 4165 2646 4210 et
2688 4155 2980 4220 illuminat,
3024 4155 3241 4209 tametsi
3275 4170 3382 4208 non
3426 4166 3483 4210 ut
3514 4158 3662 4210 scia-

2078 4263 2226 4314 mus,
2251 4249 2380 4318 quid
2414 4246 2629 4301 tandem
2676 4245 2823 4299 Deus
2859 4257 2962 4311 est,
2990 4254 3171 4301 tamen
3211 4257 3270 4301 ut
3301 4261 3411 4300 non
3441 4248 3660 4319 ignore-

2078 4355 2227 4406 mus,
2250 4355 2373 4394 esse
2396 4340 2616 4409 quidem
2649 4338 2895 4393 omnino.

2155 4433 2213 4487 Si
2249 4432 2395 4486 enim
2433 4431 2543 4499 ('53)
2583 4432 2766 4484 omnis
2815 4429 3118 4484 similitudo
3153 4429 3269 4485 sive
3298 4444 3494 4484 nomen
3527 4445 3662 4485 con-

388 4537 511 4590 σίαν
545 4535 862 4606 δεχόμενον,
908 4535 1019 4587 εἴτε
1056 4532 1134 4601 τῷ
1178 4531 1524 4603 διωρισμένῳ
1553 4533 1969 4603 περιγραφόμε-

2083 4525 2221 4580 ιίιιυί
2254 4523 2473 4585 habeat,
2518 4524 2633 4576 sive
2676 4522 2920 4585 discreti,
2969 4522 3113 4576 sicut
3165 4522 3219 4575 in
3253 4521 3526 4575 inlinitnm
3559 4538 3675 4591 po-_

386 4644 474 4680 νον
497 4667 510 4688 ,
542 4626 730 4696 ὥσπερ
764 4629 842 4689 εἰς
874 4626 1102 4696 ἄπειρον
1130 4624 1354 4678 δύναται
1381 4623 1675 4694 τέμνεσθαι
1716 4625 1811 4676 καὶ
1850 4640 1977 4675 σκε-

386 4718 662 4785 δάζεσθαι,
705 4718 849 4771 οὕτω
877 4719 973 4771 καὶ
1016 4716 1152 4787 πρὸς
1181 4714 1282 4787 τὴν
1339 4714 1547 4784 φθορὰν
1576 4714 1973 4784 ἀποφέρεσθαι.

2078 4629 2185 4674 test
2216 4618 2393 4675 secari
2435 4627 2488 4671 et
2519 4616 2800 4685 dissipari,
2837 4617 2919 4670 sic
2950 4616 3116 4670 etiam
3150 4618 3217 4667 ad
3270 4615 3565 4668 lluxionem
3605 4623 3660 4667 et

2076 4712 2359 4767 interitum
2432 4706 2654 4769 deferri.
2704 4708 2932 4761 omnino
2980 4716 3164 4761 tamen
3232 4704 3658 4774 participatione

387 4812 607 4883 Μετοχῇ
654 4814 872 4875 πάντως
924 4810 1043 4872 ἑνός
1077 4824 1228 4870 τινος
1277 4806 1482 4876 ἐξήρθη
1525 4804 1621 4858 τοῦ
1676 4806 1752 4877 μὴ
1804 4804 1969 4859 ταῦτα

2076 4805 2240 4859 unius
2282 4803 2568 4872 cujusdam
2630 4801 2916 4861 liberatur,
2957 4814 3025 4853 ne
3082 4799 3184 4853 ista
3227 4798 3468 4869 patiatur
3521 4798 3657 4866 (54),

389 4904 582 4958 παθεῖν
611 4904 813 4958 αὐτίκα
844 4903 937 4957 τοῦ
968 4901 1277 4974 προελθεῖν,
1309 4900 1447 4953 ἀλλὰ
1477 4898 1647 4970 μονῆς
1676 4896 1977 4951 ἀπολαύειν

2082 4896 2269 4953 Statim
2310 4904 2369 4950 ut
2402 4893 2754 4965 participatio
2787 4891 2952 4947 unius
2981 4888 3260 4960 prodivit:
3304 4889 3437 4959 quin
3474 4890 3656 4960 potius

1896 5114 2128 5173 NOTAS.

461 5238 737 5316 (50)7_1_\'on
774 5249 948 5316 potest
985 5250 1243 5316 expromt,
1304 5235 1445 5316 sicut
1493 5231 1977 5316 itaque‘coguoseit

390 5300 861 5383 Βεῖισίᾊρῤητον
896 5309 991 5379 μὲν
1025 5300 1085 5359 τι)
1110 5305 1263 5383 Θεῐον
1296 5301 1484 5383 ὥσπερ
1513 5303 1609 5355 καὶ
1636 5300 1899 5383 ἀληπτον.
1922 5301 1969 5383 Id

2080 5300 2277 5353 melius
2302 5308 2387 5379 est
2420 5337 2435 5351 .

2079 5230 2159 5290 είς
2209 5228 2270 5281 τὸ
2312 5223 2454 5282 εἶναι
2508 5226 2568 5279 τὸ
2623 5227 2752 5280 πᾶν.
2785 5225 2837 5280 Id
2889 5233 3020 5280 est:
3075 5244 3095 5277 ι
3129 5225 3193 5280 Ει
3246 5226 3351 5280 hoc
3407 5227 3661 5281 universo

2475 5337 2489 5350 .
2526 5337 2539 5349 .
2571 5313 2639 5350 ex
2674 5297 2843 5351 nihilo
2869 5296 2995 5350 fecit
3024 5298 3366 5363 universum,
3401 5313 3497 5352 seu
3521 5303 3661 5353 hanc

391 5368 475 5440 est
498 5368 523 5438 :7
553 5402 570 5436 ι
610 5368 766 5437 ubi.”
803 5368 983 5449 potest
1030 5377 1251 5447 quidem
1302 5368 1484 5429 verbis
1521 5371 1782 5441 exprimi,
1836 5372 1981 5425 sicut
2078 5368 2727 5449 rernm'udiversitatem.
2758 5385 2776 5418 ι

393 5471 574 5525 neque
605 5449 1060 5525 cognoscimus.
1099 5467 1119 5499 ι

465 5508 577 5597 iiii)
616 5508 907 5597 iD‘eaitLerii
954 5515 1405 5597 et‘inquisitionis
1454 5513 1607 5597 radio
1662 5508 1980 5597 utubi-alites

2153 5440 2230 5509 (1)
2265 5440 2357 5509 Est
2380 5436 2963 5509 dissertatiopsecunda
2986 5436 3133 5509 apud
3156 5435 3512 5509 Bjtsnagium.

2152 5506 2265 5579 (53)
2320 5508 2508 5563 Omnis
2550 5507 2868 5561 similitudo.
2899 5506 3109 5577 Πλῆθος
3177 5506 3361 5564 ἅπαν(
3409 5506 3465 5562 Id
3524 5517 3660 5562 est:

394 5579 685 5649 elicientes.
716 5590 824 5645 Τοῦ
873 5606 932 5641 τε
964 5579 1128 5641 πόθού
1161 5588 1257 5640 καὶ
1280 5584 1628 5654 συζητήσεως
1663 5583 1969 5654 σκιαφανεῖς

2087 5596 2106 5630 ι
2146 5580 2336 5654 omnis
2363 5579 2676 5654 multitudo.
2732 5595 2751 5654 ξ

394 5668 619 5728 ἀκτῖνας
642 5665 915 5722 ἕλκοντες.
990 5659 1042 5713 ld
1082 5668 1165 5713 est
1202 5675 1222 5728 :7
1270 5651 1596 5728 inDesidetii
1634 5661 1689 5706 et
1751 5651 1954 5720 inquisi

400 5735 566 5791 tionis
594 5726 779 5788 radios
814 5728 1129 5784 umbratiles
1158 5726 1459 5782 elicie'ntes.
1501 5741 1519 5773 ι

472 5806 585 5874 (52)
622 5801 852 5874 Etpnmi
876 5799 1057 5874 melius
1083 5806 1160 5851 est
1191 5836 1207 5851 .
1244 5835 1259 5850 .
1283 5836 1297 5850 .
1328 5811 1403 5874 επ.
1418 5792 1581 5847 nihilo
1627 5792 1767 5874 fecit
1804 5804 1975 5874 omne.

402 5861 664 5947 κρεῖττον
683 5872 740 5931 δὲ
756 5871 851 5926 τοῦ
888 5868 1088 5933 παντὸς
1118 5907 1132 5923 .
1169 5908 1183 5923 .
1217 5906 1231 5922 .
1269 5866 1595 5937 προήγαμεν
1623 5866 1686 5917 ὲκ
1709 5862 1785 5933 μὴ
1805 5861 1975 5914 ὄντων

2153 5649 2266 5717 (34)
2299 5647 2497 5703 Statim
2519 5656 2575 5717 ut
2596 5646 2946 5717 participatio
2979 5648 3139 5701 unius
3171 5647 3425 5715 pradivit.
3450 5646 3659 5701 Αὐτίκα

2083 5718 2175 5772 τοῦ
2208 5714 2512 5788 προελθεῖν.
2550 5714 2609 5771 ld
2644 5726 2727 5773 est
2758 5732 2772 5772 :
2800 5714 2823 5769 ⁷‹
2872 5716 3068 5773 Statim
3098 5714 3234 5773 utin
3266 5734 3453 5775 rerum
3499 5730 3661 5773 natu-

2084 5803 2201 5844 ram
2233 5788 2457 5859 prodiit.
2490 5804 2510 5839 ι
