4110 6522
463 442 571 505 887

1631 450 1896 510 ΡΙΙΟΤΠ
1933 452 2439 515 PATRIARCHJE
2471 456 2582 515 (ΣΡ.

3636 454 3744 516 883

464 550 778 619 duratioue,
835 561 890 607 et
934 555 1358 611 conservatione
1434 555 1685 614 fruatur:
1747 563 2050 632 participa-

2175 565 2253 618 tati.
2294 567 2546 634 συνοχῆς.
2580 565 2798 634 Μετοχῇ
2847 563 2892 616 δ’
2923 564 3042 629 ἑνὸς
3071 565 3164 618 τοῦ
3201 565 3405 637 κυρίως
3436 567 3531 619 καὶ
3568 567 3744 635 ὑπερ-

467 644 668 697 tionem
703 643 826 698 dico
868 644 1057 709 unius,
1107 661 1214 702 non
1273 647 1437 702 unius
1472 651 1714 719 proprie,
1768 652 1915 715 quod
1963 660 2051 706 est

466 749 632 803 supra
692 735 1088 802 substantiam,
1127 739 1388 807 quoniam
1431 741 1854 811 participatione
1887 741 2051 809 hujus

467 842 644 894 neque
682 829 858 882 secari
905 843 1084 898 neque
1141 829 1394 900 dissipari
1426 841 1671 901 possent,
1701 848 1800 887 nec
1835 846 2048 887 natura:

465 927 652 974 essent
702 920 931 976 omnino
965 921 1125 977 fluxae
1155 931 1208 977 et
1251 924 1544 990 mortalis;
1599 924 1692 979 sed
1753 926 2052 995 partleipa-

467 1013 670 1066 tionem
705 1013 870 1068 unius
911 1014 1058 1081 dico,
1091 1015 1238 1086 quod
1281 1016 1527 1085 quidem,
1572 1015 1668 1085 qui
1696 1015 1898 1071 dixerit
1932 1032 2056 1072 esse

467 1106 720 1160 umbram
766 1115 987 1162 tenuem
1044 1107 1218 1163 unius
1247 1107 1465 1179 proprie
1503 1117 1558 1162 et
1593 1123 1760 1178 supra
1791 1109 2058 1164 substan-

471 1197 625 1263 tiam,
666 1200 734 1252 ad
795 1201 1173 1270 conjecturam
1227 1201 1328 1255 iste
1358 1216 1527 1271 prope
1580 1204 1898 1267 accesserit,
1936 1220 2060 1273 quae

469 1289 602 1342 nihil
633 1291 812 1346 audax
847 1301 1222 1362 repraesentet,
1253 1293 1567 1362 hujusmodi
1613 1309 1749 1348 vero
1773 1305 1857 1349 est
1887 1311 2058 1350 unum

469 1381 612 1451 apud
645 1399 766 1447 nos,
821 1385 1002 1455 cujus,
1030 1388 1171 1441 sicut
1201 1384 1406 1441 dictum
1438 1394 1542 1451 est,
1601 1385 1746 1441 facta
1788 1389 2061 1458 particeps

2153 656 2342 708 ουσίαν
2373 654 2512 718 ἑνός.
2558 654 2713 706 Ἐπεὶ
2739 652 2864 706 οὐδὲ
2903 655 3088 726 τμητὰ
3131 656 3225 708 καὶ
3273 656 3566 711 σκεδαστά.
3605 658 3745 711 Οὐδὲ

2157 746 2388 819 ῥεούσης
2419 746 2485 800 ἂν
2513 747 2652 810 ὅλως
2703 747 2896 816 εἴησαν
2927 750 3025 801 καὶ
3077 749 3448 819 φθειρομένης
3500 750 3742 819 φύσεως,

2155 837 2270 890 ἀλλ’
2298 839 2417 900 ἑνὸς
2454 841 2682 908 μετοχῇ,
2710 838 2739 891 ὃ
2765 839 2830 909 δὴ
2863 839 3024 892 σκιάν
3050 856 3134 902 τις
3165 841 3417 910 ἀμυδρὰν
3447 843 3618 895 εἰπὼν
3645 841 3743 895 τοῦ

2157 929 2365 1002 κυρίως
2399 931 2494 982 καλ⁸
2524 929 2852 1000 ὑπερουσίου
2883 931 3023 996 ἐνὸς,
3060 933 3230 1001 ἐγγὺς
3262 933 3329 986 ἂν
3364 933 3621 998 εἰκασίας
3647 935 3745 1004 γέ·

2155 1037 2302 1074 νοιτο
2333 1021 2434 1091 τῆς
2463 1019 2632 1090 μηδὲν
2658 1020 3113 1093 ἀνατυπουμένης
3156 1024 3454 1095 τολμηρόν.
3485 1025 3745 1079 Τοιοῦτον

2155 1114 2202 1168 δ’
2225 1114 2345 1168 ἐστὶ
2379 1115 2440 1168 τὸ
2473 1115 2605 1184 παρ’
2636 1117 2770 1186 ἡμῖν
2799 1115 2876 1172 ἓν.
2909 1109 2984 1170 υῦ
3034 1117 3128 1171 καὶ
3157 1118 3218 1170 τὺ
3271 1119 3477 1189 πλῆθος
3504 1161 3517 1184 ,
3555 1118 3746 1190 ὥσπερ

2158 1204 2397 1278 εἴρηται,
2425 1206 2653 1276 μέτοχον
2687 1206 2894 1276 τμητὸν
2928 1208 3027 1279 μέν
3052 1209 3170 1262 ἐστι
3202 1210 3297 1264 καὶ
3333 1210 3626 1264 σκεδαστὸν
3653 1213 3747 1264 καὶ

2161 1295 2408 1365 ρευστὸν,
2441 1293 2597 1350 οὔπω
2634 1295 2692 1348 δὲ
2721 1299 2788 1368 τῇ
2820 1296 3059 1367 περιόδῳ
3091 1296 3531 1369 συνδιερῤύημεν
3555 1295 3745 1366 ὥσπερ

2161 1387 2284 1441 οὐδὲ
2316 1387 2698 1459 διατέτμηται.

469 1477 770 1531 multitudo
820 1479 1077 1532 secabilis
1135 1479 1356 1549 quidem
1384 1488 1467 1535 est
1498 1490 1552 1534 et
1596 1480 1955 1550 dissipabilis,
2005 1490 2059 1537 et
2096 1480 2265 1550 fluxa,
2316 1480 2561 1536 nondum
2605 1490 2788 1536 tamen
2821 1498 2888 1539 eo
2960 1485 3248 1555 processit,
3279 1495 3340 1538 ut
3404 1481 3624 1537 fluxerit
3649 1490 3747 1537 aut

470 1571 697 1640 disjecta
729 1571 819 1625 sit.

544 1663 760 1717 Idcirco
793 1663 910 1733 ipsa
940 1663 1256 1728 multitudo,
1301 1679 1422 1735 qua:
1475 1676 1674 1720 natura
1730 1680 1831 1721 sua
1865 1666 2065 1721 termi-

470 1757 695 1811 natione
733 1764 786 1810 et
817 1757 1003 1826 specie
1060 1763 1236 1822 caret,
1282 1769 1510 1826 propter
1563 1757 1698 1812 illud
1738 1775 1906 1813 unum
1965 1759 2064 1814 de-

473 1849 663 1903 linitur
696 1858 750 1902 et
785 1848 966 1917 specie
1027 1849 1276 1904 afﬁcitur.
1315 1849 1714 1916 Quatcrnarius
1769 1852 1916 1905 enim
1943 1891 1957 1916 ,
2014 1859 2067 1906 et

471 1943 836 2013 septenarius,
881 1952 936 1998 et
965 1944 1247 2010 denarius,
1282 1955 1335 2001 et
1361 1945 1710 2013 tricenarius,
1761 1948 1929 2002 veluti
1991 1947 2068 2004 si-

2237 1667 2426 1742 Ταύτῃ
2469 1685 2554 1722 τοι
2599 1669 2691 1722 καὶ
2735 1667 2873 1721 αὐτὸ
2927 1667 2990 1721 τὸ
3045 1667 3249 1739 πλῆθος
3279 1668 3500 1739 ἄριστον
3535 1667 3616 1732 ὃν,
3657 1670 3751 1722 καὶ

2172 1761 2411 1813 ἀνείδεον
2440 1762 2507 1832 τῇ
2541 1777 2604 1829 γε
2637 1760 2799 1829 φύσει
2839 1763 2903 1832 τῇ
2945 1760 3123 1832 οἰκείᾳ
3153 1761 3223 1812 δι’
3253 1760 3461 1813 ἐκείνου
3491 1778 3549 1813 τε
3591 1777 3750 1831 περι-

2163 1854 2410 1924 ορίξεται
2461 1855 2556 1907 καὶ
2603 1854 2978 1910 είδοποιεῖται.
3010 1855 3221 1924 Τετρὰς
3270 1857 3382 1923 γὰρ
3431 1854 3528 1907 καὶ
3579 1853 3752 1916 ὲτττὰς

2167 1947 2262 2000 καὶ
2288 1947 2474 2013 δεκὰς,
2528 1948 2622 2000 καὶ
2649 1947 2884 2017 τριακὰς
2932 1947 3027 2001 τοῦ
3073 1947 3203 2018 παρ’
3252 1949 3387 2018 ἡμῖν
3431 1946 3550 2009 ἑνός
3595 1947 3752 1999 εἰσιν.

471 2035 717 2089 mulacra
750 2043 900 2101 sunt,
957 2045 1011 2091 et
1055 2035 1199 2091 fetus
1243 2037 1426 2103 unius,
1472 2039 1616 2107 quod
1647 2039 1789 2108 apud
1835 2055 1937 2096 nos
1960 2049 2062 2105 est,

2175 2040 2380 2110 Ὥσπερ
2415 2040 2738 2110 ἰνδάλματα,
2777 2039 3048 2111 προϐολαὶ
3087 2040 3145 2093 τὸ
3176 2039 3380 2112 πλῆθος
3410 2039 3756 2094 ὲνοποιοῦσαι

472 2144 595 2197 qua:
633 2129 868 2196 speciem
907 2129 1176 2184 inducunt
1204 2129 1563 2198 multitudini,
1619 2141 1672 2187 et
1694 2148 1816 2187 eam
1868 2134 2068 2190 uniunt

471 2228 525 2273 et
561 2221 880 2282 terminant,
908 2235 971 2274 ac
1003 2221 1488 2278 circumscribunt.

543 2308 811 2363 Similiter
875 2321 1055 2365 autem
1117 2313 1232 2381 (5'5)
1289 2314 1333 2368 si
1374 2329 1538 2375 omne
1579 2313 1794 2368 unitum
1827 2330 1934 2369 nou
1960 2315 2067 2370 sibi

473 2401 578 2470 ipsi
629 2402 770 2468 unit,
819 2404 912 2456 sed
955 2405 1165 2461 unitate
1201 2407 1416 2460 unitum
1451 2415 1556 2471 est,
1583 2416 1638 2460 et
1691 2408 1869 2476 ipsutn
1897 2407 2066 2478 igitur

473 2493 901 2563 participatione
933 2499 1095 2551 unius
1122 2499 1355 2565 salvum,
1387 2508 1442 2554 et
1481 2498 1757 2552 incolume
1791 2510 2068 2564 servatur,

477 2585 642 2638 unius
692 2586 904 2639 scilicet
928 2603 1035 2639 non
1079 2587 1226 2643 illius
1261 2589 1508 2658 proprie,
1529 2595 1582 2642 et
1610 2602 1774 2657 supra
1807 2587 2070 2643 substan-

474 2677 632 2741 tiam,
673 2677 767 2731 sed
804 2678 1096 2734 sicutante
1119 2680 1326 2735 dictum
1360 2689 1464 2744 est,
1520 2679 1708 2744 unius,
1739 2678 1886 2746 quod
1922 2679 2072 2736 illius

477 2771 674 2824 umbra
702 2771 926 2826 fruitur.

548 2862 841 2930 Praeterea,
875 2866 922 2919 si
952 2864 1006 2918 in
1043 2863 1133 2930 iis,
1168 2879 1292 2934 quae
1310 2874 1458 2927 sunt,
1486 2865 1615 2920 licet
1643 2868 1889 2938 reperire
1915 2882 2067 2931 eum,

479 2956 574 3025 qui
606 2956 946 3023 dominatur,
992 2965 1047 3012 et
1082 2972 1210 3011 eum
1269 2958 1363 3026 qui
1420 2969 1505 3011 est
1553 2958 1838 3028 subjectus
1894 2959 2074 3013 domi--

481 3050 676 3114 nanti;
713 3059 767 3105 et
807 3052 924 3121 ipse
955 3051 1049 3121 qui
1106 3051 1466 3118 dominatur;
1523 3051 1570 3106 si
1620 3052 1771 3107 subit
1820 3053 2072 3108 ordinem

481 3141 620 3209 ejus,
654 3143 745 3212 qui
780 3143 1065 3212 subjectus
1109 3152 1194 3198 est
1214 3144 1541 3211 dominanti,
1574 3144 1786 3199 scilicet
1835 3160 1944 3198 non
1977 3143 2080 3198 do-

484 3235 750 3300 minans;
793 3249 898 3288 non
942 3236 1162 3305 proprie
1207 3237 1477 3300 dominat,
1525 3237 1654 3306 quia
1692 3237 1938 3306 privatus
1977 3235 2080 3289 do-

486 3328 695 3380 niinatu
729 3327 1009 3396 subjectus
1043 3337 1125 3381 est
1165 3327 1514 3395 dominanti;
1564 3331 1708 3398 quod
1762 3330 1807 3385 si
1849 3329 1924 3382 ita
1973 3335 2075 3391 est,

2170 2133 2264 2187 καὶ
2289 2133 2675 2199 εἰδοποιοῦσαι,
2703 2135 2800 2187 καὶ
2832 2133 3267 2205 περιορίζουσαι.

2252 2307 2530 2372 Ὡσαύτως
2563 2308 2642 2373 δὲ,
2689 2307 2785 2361 καὶ
2827 2307 2908 2369 εἰς
2956 2305 3018 2358 τὸ
3063 2302 3392 2375 ὴνωμένονδ
3464 2304 3609 2358 ἄπαν
3661 2302 3761 2373 οὐχ

2170 2403 2334 2456 ἑαυτὸ
2382 2403 2513 2465 ἑνοῖ,
2545 2401 2682 2454 ἀλλὰ
2723 2403 2792 2471 τῇ
2839 2400 3053 2467 ὲνότητι
3080 2399 3308 2466 ἥνωται.
3346 2397 3456 2448 Καὶ
3480 2395 3611 2449 αὐτὸ
3653 2394 3760 2466 ἄρα

2170 2497 2236 2566 τῇ
2281 2492 2377 2547 τοῦ
2424 2494 2544 2556 ἑνὸς
2605 2495 2805 2564 μετοχῇ
2842 2492 2903 2544 τὸ
2947 2491 3226 2562 ἡνωμένον
3266 2489 3377 2559 ἔχει
3427 2487 3759 2558 σωζόμενον.

2184 2585 2337 2650 Ἐνὸς
2369 2586 2427 2639 δὲ
2458 2584 2742 2638 κάνταῦθα
2788 2583 2847 2638 οὐ
2894 2583 2987 2636 τοῦ
3033 2582 3240 2652 κυρίως
3287 2581 3381 2634 καὶ
3433 2579 3762 2650 ὑπερουσίου

2173 2677 2323 2741 ἑνός’
2350 2676 2466 2730 ἀλλ’
2492 2675 2685 2746 ὥσπερ
2707 2674 2928 2746 εἴρηται
2961 2674 3053 2727 τοῦ
3089 2671 3456 2734 ἀπολαύοντος
3487 2670 3587 2740 τῆς
3621 2671 3766 2723 ἐκεῖ·

2175 2770 2265 2824 Οεν
2309 2771 2489 2832 σκιᾶς.

2251 2864 2372 2916 Ἔτι
2400 2863 2459 2916 δὲ
2490 2861 2608 2914 ἔστι
2641 2861 2739 2933 μὲν
2771 2863 2830 2914 ἐν
2867 2863 2981 2924 τοῖς
3007 2859 3126 2913 οὖσι
3158 2858 3346 2912 λαδεῖν
3377 2857 3436 2910 τὸ
3464 2857 3631 2927 ἄρχον
3670 2853 3765 2908 καὶ

2175 2955 2237 3009 τὸ
2258 2953 2584 3026 ἀρχόμενον.
2615 2954 2723 3006 Καὶ
2755 2953 2886 3006 αὐτὸ
2916 2953 2972 3005 δὲ
2996 2952 3056 3004 τὸ
3086 2951 3256 3022 ἄρχον
3314 2951 3413 3022 τὴν
3457 2948 3550 3002 τοῦ
3593 2949 3763 3020 ἀρχο-

2180 3047 2344 3117 μένου
2378 3045 2532 3110 τάΞιν
2563 3045 2956 3115 ὑποδυόμενον,
2984 3043 3144 3112 δῆλον
3175 3045 3256 3100 ὅτι
3286 3043 3347 3096 τὸ
3377 3041 3680 3112 ἄρχον,οὑκ
3701 3039 3768 3094 ἂν

2179 3140 2267 3210 εἴη
2300 3139 2509 3210 κυρίως
2544 3137 2713 3207 ἄρχον
2759 3137 2846 3190 διὰ
2876 3136 2971 3190 τοῦ
3018 3136 3285 3208 ἄρχεσθαι
3332 3132 3769 3204 καθαιρούμενον

2177 3230 2278 3301 τῆς
2317 3229 2516 3299 ἀρχῆς.
2563 3229 2698 3282 Οὐδὲ
2743 3227 2903 3280 τοῦτο
2938 3226 3053 3280 ἔστι
3099 3244 3182 3290 τις
3227 3221 3764 3296 ὑπερανῳκισμένηί

2180 3322 2277 3374 καὶ
2307 3320 2550 3391 ἄναρχος
2575 3321 2741 3391 ἀρχὴ,
2769 3319 2828 3383 ἐξ
2857 3312 2926 3390 ἦς
2957 3319 3018 3371 τὸ
3055 3317 3223 3389 ἄρχον
3262 3317 3363 3388 τὴν
3397 3315 3652 3386 ἀμυδρὰν
3676 3313 3770 3367 τοῦ

487 3419 756 3473 estetiam
809 3419 1010 3488 aliquis
1067 3420 1180 3489 ('56)
1221 3421 1538 3476 dominatus
1601 3422 1854 3489 superior
1909 3435 2072 3490 supra

2181 3412 2516 3481 εἰκάσματος
2549 3410 2846 3480 δεξάμενον
2877 3409 3056 3475 σκιὰν,
3089 3408 3191 3480 τὴν
3225 3409 3409 3480 σχέσιν
3432 3407 3653 3461 εἵλκυσε
3675 3408 3770 3461 καὶ

487 3510 807 3575 collocatus,
862 3510 958 3580 qui
999 3521 1106 3564 non
1135 3512 1300 3581 cmpit
1335 3527 1401 3566 ett
1456 3528 1564 3582 quo
1615 3514 1708 3584 qui
1744 3513 2082 3576 dominatur,

487 3603 728 3656 obseura
761 3601 1140 3656 similitudinis
1171 3601 1594 3657 adumbratione
1617 3613 1896 3671 suscepta,
1931 3601 2086 3656 babi-

493 3694 735 3748 tudinem
770 3703 823 3747 et
854 3694 1288 3748 nominationem
1325 3695 1644 3749 dominatus
1684 3695 1871 3748 traxit.

561 3775 778 3839 Rursus
813 3785 1006 3850 aliter;
1057 3784 1202 3839 sicut
1234 3786 1359 3841 licet
1402 3785 1587 3841 videre
1625 3785 1933 3852 subjectum
1966 3791 2090 3837 tau-

496 3887 610 3931 tum
647 3877 873 3931 alterius
898 3877 1282 3943 dominationi,
1314 3886 1369 3933 et
1411 3894 1520 3933 non
1567 3877 1968 3940 dominantem,
2007 3873 2089 3930 sic

496 3969 625 4028 licet
670 3970 1032 4039 contemplari
1081 3985 1204 4025 esse
1237 3971 1476 4040 aliquem
1546 3970 1662 4042 (37)
1714 3970 2084 4040 principatum

497 4062 784 4127 eximium,
833 4070 887 4116 et
912 4063 1126 4118 caeteris
1165 4063 1425 4117 omnibus
1489 4062 1929 4126 antecellentem,
1991 4058 2087 4130 qui

498 4168 608 4205 non
642 4152 868 4220 ceperit,
898 4153 990 4223 qui
1024 4169 1148 4207 eum
1180 4153 1358 4218 decet,
1389 4153 1482 4223 qui
1523 4153 1810 4207 divinitate
1849 4167 1948 4207 sua
1971 4165 2090 4204 ma—

493 4247 586 4322 jor
615 4257 720 4313 est,
773 4265 941 4318 quam
977 4257 1042 4304 ut
1089 4259 1276 4305 mente
1305 4259 1360 4304 et
1412 4249 1772 4320 intelligentia
1834 4260 2089 4318 compre-

498 4340 664 4395 hendi
695 4343 887 4410 possit.

572 4432 630 4488 Si
660 4449 954 4503 possumus
994 4434 1048 4489 in
1081 4444 1275 4490 natura
1322 4451 1505 4490 rerum
1564 4436 1805 4506 reperire
1856 4435 2087 4500 bonum,

501 4526 632 4593 quin
675 4527 857 4596 potius
904 4527 1074 4582 multa
1105 4538 1160 4582 et
1198 4528 1349 4583 varia
1388 4529 1533 4582 bona
1590 4528 1754 4598 (quod
1791 4527 1942 4581 enim
1977 4541 2089 4580 non

502 4613 705 4671 fruitur
731 4617 917 4686 aliquo
935 4622 1101 4686 bono,
1136 4619 1230 4674 sed
1261 4619 1327 4673 ad
1347 4635 1626 4674 summum
1655 4619 1876 4672 malitiae
1893 4617 2086 4682 evasit,

503 4723 604 4764 nec
635 4709 858 4763 omnino
889 4718 1072 4779 potest
1100 4709 1434 4776 consistere;
1461 4711 1722 4764 continuo
1755 4709 1899 4764 enim
1930 4708 2091 4762 dissi-

2186 3504 2284 3571 τὴν
2315 3500 2614 3572 ὀνομασίαν
2647 3502 2750 3572 τῆς
2782 3503 2976 3572 ἀρχῆς.

2261 3783 2372 3836 Καὶ
2417 3781 2594 3844 ἄλλως
2632 3781 2709 3848 δὲ,
2773 3780 2964 3852 ὥσπερ
3009 3779 3125 3834 ἔστι
3160 3779 3473 3834 τελευταῖόν
3505 3796 3556 3832 τι
3588 3778 3777 3832 λαϐεῖν

2189 3873 2494 3944 ἀρχόμενον
2557 3872 2737 3943 μόνον,
2789 3873 2890 3926 οὐκ
2921 3872 3090 3943 ἄρχον
3133 3871 3211 3938 δὲ,
3253 3870 3426 3932 οὕτως
3456 3869 3604 3923 ἔστιν
3643 3872 3777 3924 ἁνα-

2191 3966 2416 4036 θεωρεῖν
2456 3967 2530 4030 ὡς
2567 3966 2682 4021 ἔστι
2718 3984 2804 4031 τις
2868 3967 3148 4037 ὑπερτάτη
3193 3963 3291 4018 καὶ
3314 3963 3631 4036 ἐξῃρημένη
3667 3963 3778 4016 τῶν

2190 4060 2365 4114 ἄλλων
2395 4060 2653 4114 ἁπάντων
2680 4059 2916 4130 ἄναρχος
2942 4060 3110 4130 ἀρχὴ,
3138 4059 3260 4129 ἥτις
3289 4057 3356 4111 ἂν
3389 4057 3778 4126 ὲφαρμόζουσα

2191 4153 2277 4222 εἴη
2320 4157 2387 4223 τῇ
2415 4153 2557 4223 ὑπὲρ
2583 4153 2728 4219 νοῦν,
2771 4154 2866 4206 καὶ
2911 4153 3052 4220 ὑπὲρ
3104 4151 3315 4204 ἔννοιαν
3350 4151 3532 4203 πᾶσαν
3563 4150 3779 4221 Θεότητι

2191 4247 2287 4299 καὶ
2318 4245 2570 4318 ϐεαρχίᾳ.

2265 4431 2328 4483 El
2353 4428 2410 4481 δὲ
2450 4427 2597 4482 ἔστιν
2624 4429 2683 4480 ὲν
2713 4429 2777 4498 τῇ
2804 4427 2916 4480 τῶν
2944 4427 3114 4479 ὄντων
3139 4424 3297 4494 φύσει
3329 4425 3424 4478 καὶ
3456 4425 3662 4495 ἀγαθὸν
3686 4427 3778 4479 εὑ-

2197 4525 2330 4593 ρεῖν,
2370 4521 2571 4592 μᾶλλον
2599 4522 2654 4574 δὲ
2682 4522 2854 4574 πολλὰ
2888 4521 2982 4573 καὶ
3013 4519 3238 4573 ποικίλα
3271 4521 3340 4572 τὰ
3369 4520 3552 4588 ἀγαθὰ
3580 4520 3644 4592 (ὃ
3676 4522 3783 4589 γὰρ

2204 4616 2278 4686 μὴ
2325 4614 2593 4669 ἀπολαύει
2637 4615 2785 4679 τινὸς
2830 4613 3212 4684 ἁγαθότητος,
3249 4612 3367 4667 ἀλλ’
3414 4615 3496 4678 εἰς
3546 4614 3783 4684 ἄκρατον

2194 4711 2320 4780 ἥκει
2365 4709 2588 4774 κακίας,
2631 4709 2740 4762 οὐδ’
2786 4709 3085 4779 ὑφεστάναι
3114 4709 3251 4772 ὅλως
3293 4706 3558 4760 δύναται·
3587 4699 3782 4760 σκεδαο

503 4811 728 4876 paretur
753 4812 810 4857 et
842 4778 1111 4869 interiret,
1142 4803 1412 4872 siquidem
1441 4813 1526 4858 est
1556 4802 1812 4856 interitus
1845 4810 1900 4856 et
1921 4800 2072 4856 dissi-

2199 4778 2352 4873 σΘείη
2381 4805 2490 4872 γὰρ
2514 4801 2578 4855 ἂν
2609 4801 2806 4855 αὐτίκα
2836 4778 2936 4856 καὶ
2967 4799 3331 4871 διαφθαρείη,
3359 4800 3517 4870 εἴπερ
3543 4801 3576 4870 ἡ
3608 4799 3785 4870 φθορὰ

505 4894 652 4961 patio
678 4896 829 4966 mali)
857 4896 1030 4966 liquet
1069 4897 1174 4950 alia
1205 4895 1428 4966 quidem
1468 4895 1660 4963 magis,
1695 4893 1800 4947 alia
1822 4906 1954 4947 vero
1987 4892 2091 4946 mi-

2207 4895 2303 4947 καί
2326 4895 2355 4944 ὁ
2388 4893 2695 4965 σκεδασμὸς
2734 4893 2829 4947 τοῦ
2867 4893 3099 4966 κακοῦ),
3124 4892 3286 4964 δῆλον
3320 4892 3394 4957 ὡς
3427 4892 3543 4946 ἔστι
3577 4891 3647 4945 τὰ
3688 4891 3786 4962 μὲν

1800 5031 2038 5087 ΥΑΒΙᾹΞ
2064 5030 2480 5087 LECTIONES.

578 5129 604 5167 ιι
640 5128 764 5199 Leg.
797 5129 1182 5183 ut'l‘urrianus
1213 5127 1426 5197 legebat
1451 5127 1500 5178 εί
1536 5125 1597 5178 τὸ
1641 5126 1943 5196 ἡνωμένον.

507 5225 881 5295 ἁνῳκισμὲνος
912 5225 1133 5293 exponit
1169 5238 1264 5293 per
1291 5224 1371 5288 τὸ,
1393 5221 1506 5275 ἄνω
1525 5220 1716 5276 οἰκῶν.

2027 5127 2040 5165 i
2083 5125 2162 5179 Au
2186 5125 2443 5196 ὑπεράνω
2468 5121 2718 5192 κειμένη,
2756 5135 2814 5176 ut
2846 5138 2969 5192 pag.
3003 5138 3120 5192 seq.
3149 5121 3457 5191 lleyschius
3482 5127 3661 5174 tamen
3703 5118 3785 5185 τὸ,

1981 5337 2218 5395 NOTAE.

582 5460 777 5531 (255)81'
810 5478 960 5515 omne
989 5463 1198 5517 unitum
1234 5480 1338 5518 non
1380 5463 1481 5516 sibi
1523 5461 1659 5518 unit.
1695 5462 1788 5522 Et;
1842 5459 1985 5529 [lego
2012 5457 2084 5530 εἰ]

512 5535 568 5585 τὺ
603 5534 879 5602 ἡνωμένον
908 5533 1052 5586 ἅπαν
1085 5536 1184 5603 οὐχ
1213 5534 1373 5586 ἑαυτὸ
1401 5534 1528 5584 ἑνοῖ.
1568 5532 1618 5585 Id
1649 5544 1734 5586 est
1761 5550 1784 5603 εξ
1814 5549 1830 5580 t
1859 5531 1913 5582 Si
1934 5544 2096 5603 omne

514 5600 725 5674 unitum
763 5619 869 5656 non
900 5620 957 5658 Se
993 5600 1184 5674 ipsum
1208 5609 1343 5659 unit.
1380 5624 1397 5652 ι
1427 5604 1733 5656 'l‘urrinnns
1766 5601 1917 5674 forte
1971 5600 2101 5674 legit

514 5673 714 5742 ἐαυτῷ,
746 5685 801 5726 at
833 5669 1026 5729 nostra
1080 5677 1240 5729 lectio
1299 5675 1461 5728 ἑαυτό
1509 5675 1724 5728 videtur
1796 5669 1990 5724 melior
2030 5673 2101 5723 ob

517 5750 739 5797 verbum
769 5745 1007 5798 activum
1055 5748 1185 5799 ἑνοῖ.

587 5816 699 5884 (56)
743 5815 1063 5869 Dominatus
1095 5818 1338 5884 superior
1364 5815 1456 5878 qui
1485 5831 1588 5867 non
1613 5814 1788 5881 erepit.
1807 5809 2097 5884 'lfnspa'tvw

515 5881 744 5955 κειμένη
770 5887 865 5936 καὶ¹
888 5887 1123 5954 ἄναρχος
1151 5881 1313 5955 ἀρχή.
1349 5887 1402 5940 Id
1431 5894 1513 5938 est
1553 5900 1567 5939 :
1633 5903 1650 5935 ι
1685 5882 1942 5952 Superior
1996 5881 2094 5935 d0-

520 5954 761 6007 :uinatus
789 5962 842 6007 et
865 5955 998 6010 nulli
1023 5954 1322 6010 dominatni
1355 5957 1654 6024 subjectus.
1683 5974 1701 6008 ι

2269 5462 2380 5531 (37)
2414 5460 2783 5529 Principatum
2827 5464 3032 5514 ca-teris
3084 5459 3485 5512 mmmllentrm
3526 5455 3644 5531 qui
3687 5467 3788 5505 non

2197 5526 2427 5600 eruperit.
2447 5526 2792 5604 Ἒξῃρημένη
2819 5533 2927 5584 τῶν
2951 5531 3126 5604 ἄλλων
3150 5534 3380 5601 άνίιιρλυς
3405 5533 3428 5577 ὁ
3445 5526 3645 5604 ρχή-..Ιίξ
3669 5535 3786 5601 est:

2203 5621 2220 5654 ‹
2263 5595 2879 5668 Priiicipatiim"caeteris
2913 5595 3328 5657 antecellentem
3369 5610 3421 5652 et
3449 5599 3582 5651 nudi
3615 5595 3789 5648 domi-

2201 5675 2353 5745 natui
2389 5676 2718 5742 subjectum.
2766 5692 2782 5723 ι
2821 5743 2831 5745 _
3133 5722 3156 5745 ._
3241 5743 3250 5745 _
3677 5737 3687 5745 _
3775 5733 3787 5745 ,

2278 5737 2506 5797 Veritas
2558 5754 2759 5798 nostra:
2819 5742 3286 5811 interpretationis
3337 5747 3517 5810 potest
3573 5737 3786 5806 probari

2209 5830 2271 5869 ex
2305 5830 2392 5878 eo,
2431 5815 2578 5883 quod
2613 5815 2702 5870 hic
2732 5815 2836 5869 loci
2869 5816 3064 5870 statuit
3090 5815 3189 5868 tria
3223 5826 3418 5885 genera
3454 5824 3637 5864 rerum
3689 5821 3785 5859 cx-

2207 5886 2514 5939 sistcntium
2554 5905 2563 5939 :
