4110 6456
317 359 422 420 889

1169 355 1268 413 AD
1294 349 1889 413 AMPIIILOCIIIUM
1935 347 2286 419 QUJ’ESTIO
2324 349 2630 410 CLXXXI.

3469 352 3576 414 890

325 469 526 540 μᾶλλον
571 467 639 520 τά
687 467 743 520 δὲ
788 461 951 536 ἦττον
988 465 1289 536 μετέχοντα
1327 463 1421 517 τοῦ
1476 463 1702 532 ἀγαθοῦ.
1739 464 1800 515 Εἰ
1839 462 1895 514 δέ

2008 477 2106 515 nus
2135 461 2336 514 bonum
2390 461 2734 530 participare,
2789 462 2933 531 quod
2971 463 3014 518 si
3051 471 3202 526 sunt,
3236 479 3358 534 qua:
3396 469 3570 536 magis

321 563 439 614 ἐστι
465 559 532 613 τὰ
567 559 666 628 μὲν
699 557 900 628 μᾶλλον
931 557 997 610 τά
1026 556 1082 610 δὲ
1109 551 1272 628 ἦττον
1307 554 1604 625 μετέχοντα
1634 552 1728 608 τοῦ
1762 555 1901 622 ἀγα--

324 649 440 715 θοῦ,
475 650 574 701 οὐκ
607 645 908 717 ἀμφίϐολον
951 646 1060 698 οὐδ’
1104 645 1184 697 ὅτι
1226 644 1333 698 ἀπὸ
1364 645 1473 696 τῶν
1521 643 1901 714 μετασχόντων

322 740 466 794 κατά
495 740 738 810 πρώτην,
789 738 822 809 ἢ
877 736 1016 790 κατά
1045 736 1326 806 δευτέραν,
1360 735 1392 805 ἢ
1424 736 1546 787 κατ’
1577 734 1744 806 ἀλλην
1782 735 1903 788 τινὰ

323 834 478 900 τάξιν
535 827 867 900 ἀγαθῦνεται
925 829 994 882 τά
1046 826 1558 899 μεταλαμϐάνοντα.
1613 826 1800 880 Πάντα
1857 826 1902 878 δ’

325 931 474 1000 ὅμως
525 926 784 996 ὑπεράνω
815 923 1074 993 κειμένης
1101 921 1248 984 τινὸς
1297 920 1633 990 ἀγαθότητος
1667 919 1903 990 χορηγία

324 1022 418 1074 καὶ
471 1019 773 1074 ἀπολαύσει
801 1017 900 1087 τὴν
929 1016 1020 1068 τοῦ
1056 1014 1262 1083 ἀγαθοῦ
1293 1015 1350 1066 ὲν
1377 1014 1588 1075 ἑαυτοῖς
1617 1012 1774 1082 χάριν
1806 1011 1905 1080 φέ..

327 1096 520 1182 ρει.Εἰ
550 1111 608 1164 δὲ
642 1110 831 1175 τοῦτο,
861 1108 974 1160 ἔστι
1005 1125 1088 1170 τις
1114 1108 1221 1175 ἄρα
1254 1104 1600 1176 ὑπεράγαθος
1631 1105 1903 1173 ἀγαθότης

325 1207 382 1272 ἐξ
425 1195 493 1276 ἦς
532 1207 643 1266 τοῖς
679 1202 1108 1271 άγαθυνομένοις
1167 1202 1199 1271 ἡ
1231 1198 1325 1251 τοῦ
1357 1197 1721 1267 ἀγαθύνεσθαι
1759 1197 1902 1249 κατὰ

323 1297 616 1365 ἀναλογίαν
646 1296 755 1348 τῶν
787 1296 1096 1364 δεχομένων
1145 1292 1514 1364 παραδέχεται
1555 1290 1752 1360 δωρεά.
1807 1290 1902 1342 Ἐκ

322 1390 505 1442 τοίνυν
544 1389 654 1442 τῶν
704 1386 1010 1458 εἰρημένων
1060 1385 1295 1454 φανερόν
1339 1386 1455 1436 ἐστι
1495 1381 1716 1436 δυνατὸν
1763 1378 1902 1434 εἶναι

322 1481 557 1554 θεωρίαν
588 1480 998 1550 θηρᾶσαίτινα,
1046 1479 1128 1532 ὅτι
1169 1495 1227 1529 τε
1273 1477 1389 1529 ἔστι
1436 1477 1587 1540 Θεὸς,
1625 1475 1718 1527 καὶ
1748 1469 1903 1538 οὗτος

322 1576 651 1646 ὑπερούσιον
690 1573 770 1637 ἓν,
799 1573 898 1626 καὶ
929 1573 1266 1643 ὑπεράρχιος
1299 1571 1466 1642 ἀρχὴ,
1500 1571 1595 1624 καὶ
1629 1569 1907 1640 ὑπεράγα-

323 1669 416 1732 00.:
476 1669 788 1737 ἀγαθότης,
838 1667 914 1730 ὡς
974 1667 1124 1736 πηγὴ
1160 1664 1519 1732 άγαθότητος.
1572 1663 1683 1717 Καὶ
1723 1661 1899 1716 ἄλλων

321 1761 512 1833 ὥσπερ
547 1761 886 1828 ἰνδαλμάτων
921 1758 1173 1828 καθάπερ
1209 1757 1266 1823 ἐξ
1290 1757 1463 1826 ἀρχῆς
1495 1756 1709 1826 εἷρηται
1741 1754 1901 1807 δυνα-

2005 563 2058 608 et
2098 554 2282 608 minus
2313 555 2512 608 bonum
2543 556 2887 625 participant,
2916 573 3021 612 non
3053 559 3279 614 dubium
3304 569 3409 626 est,
3435 562 3581 628 quod

2011 645 2098 714 qui
2137 645 2486 714 participant,
2541 646 2593 700 in
2638 648 2814 716 primo
2870 649 3083 713 ordine,
3116 653 3198 705 vel
3233 653 3286 705 iu
3311 633 3618 716 secundm.

2006 739 2090 790 vel
2129 736 2184 791 in
2221 738 2328 792 alio
2382 738 2584 806 aliquo,
2630 739 2757 792 boui
2795 741 2957 808 ﬁunt;
2989 758 3178 798 omnes
3209 755 3388 799 autem
3422 748 3578 801 sitni-

2010 829 2132 881 liter
2164 829 2413 899 largitate
2447 829 2732 899 cujusdam
2775 832 3024 886 sublimis
3052 835 3308 890 bonitatis
3335 838 3580 893 fruentes

2008 921 2236 988 gratiam
2278 921 2403 974 boni
2437 921 2493 974 in
2538 922 2732 992 seipsis
2777 922 3038 991 fuerunt;
3075 927 3220 995 quod
3268 930 3312 981 si
3351 929 3454 984 hoc
3497 932 3577 984 sic

2007 1019 2110 1073 est,
2145 1019 2230 1064 est
2263 1011 2429 1079 igitur
2453 1011 2668 1066 bonitas
2696 1028 2859 1083 supra
2907 1015 3130 1079 bonum,
3168 1020 3310 1070 uuele
3359 1020 3449 1084 iis,
3487 1021 3582 1089 qui

2009 1100 2137 1154 boni
2197 1101 2349 1166 liant,
2383 1102 2587 1156 donum
2636 1107 2931 1174 praebetur,
2976 1123 3083 1176 quo
3128 1108 3258 1161 [iant
3298 1110 3421 1164 boni
3455 1129 3583 1180 pro-

2010 1193 2262 1261 portione
2317 1193 2585 1262 ipsorum,
2638 1198 2728 1265 qui
2765 1198 2967 1251 donum
3006 1212 3352 1268 acceperunt.
3398 1201 3474 1256 Ex
3512 1205 3581 1258 iis

2007 1285 2168 1355 igitur
2215 1300 2334 1354 quae
2368 1287 2511 1340 dicta
2547 1297 2696 1354 sunt,
2734 1299 2879 1358 patet
2941 1293 3201 1360 possibile
3234 1309 3357 1348 esse
3398 1298 3585 1351 venari

2005 1382 2298 1449 quamdam
2340 1383 2709 1453 cognitionem
2762 1388 2906 1455 quod
2946 1389 3088 1443 Deus
3117 1399 3223 1456 est,
3257 1401 3311 1445 et
3362 1393 3450 1446 hic
3501 1400 3586 1447 cst

2007 1489 2199 1538 unum,
2223 1477 2368 1544 quod
2391 1491 2555 1544 supra
2589 1479 2948 1534 substantiam
2989 1490 3094 1546 est,
3145 1492 3198 1537 et
3231 1483 3493 1540 Dominus
3520 1500 3588 1541 ac

2006 1567 2258 1637 princeps
2305 1568 2424 1622 sine
2465 1569 2642 1634 initio,
2669 1581 2723 1625 et
2764 1572 2981 1628 bonitas
3013 1590 3176 1644 supra
3203 1577 3427 1640 bonum,
3464 1587 3588 1632 tan-

2007 1678 2169 1731 quam
2211 1663 2322 1731 (58)
2363 1664 2580 1720 bonitas
2604 1667 2882 1732 bonitatis,
2907 1678 2961 1723 et
2986 1684 3052 1723 ex
3079 1670 3200 1724 aliis
3239 1681 3498 1741 tanquam
3518 1687 3587 1726 ex

2009 1756 2316 1812 simulacris
2357 1758 2707 1824 quibusdam,
2757 1771 2811 1815 et
2861 1761 3378 1829 assimilatiouibus,
3443 1765 3588 1820 sicut

327 1829 506 1924 μένων
535 1853 643 1906 ἀπὸ
664 1852 772 1904 τῶν
804 1849 1046 1919 ὑστέρων
1071 1847 1513 1919 παραληφθῆναι.
1549 1845 1627 1898 Δι’
1654 1839 1729 1898 ὧν
1752 1846 1900 1898 ἐστιν

2008 1847 2275 1916 principio
2305 1846 2569 1913 diximus,
2592 1866 2712 1917 qum
2745 1862 2976 1920 possunt
3007 1853 3151 1906 sumi
3200 1870 3227 1906 a
3265 1855 3584 1923 posteriori,

323 1946 403 2006 εἰς
431 1944 490 1995 τὸ
525 1943 812 2012 ἀμήχανον
841 1941 1018 1993 ἐκεῖνο
1047 1938 1142 1991 καὶ
1175 1938 1552 2007 ἀνέκφραστον
1584 1935 1780 1997 κάλλος
1802 1934 1904 2004 τῆς

323 2034 652 2104 ὑπερουσίου
717 2032 811 2084 καὶ
873 2028 1188 2101 ὑπερφυοῦς
1245 2027 1495 2097 θεότητος
1548 2024 1902 2088 ὲνατενίζειν,

328 2125 565 2196 μάλιστά
601 2141 686 2193 γε,
721 2124 816 2176 καὶ
843 2124 924 2176 ὅτι
962 2121 1099 2192 μηδὲ
1138 2119 1372 2191 χαλεπὸν
1403 2120 1491 2172 διά
1517 2119 1618 2188 τῆς
1645 2134 1909 2189 προειρη-

329 2217 497 2287 μένης
527 2217 752 2286 μεοόδου
782 2214 1008 2269 τοιαῦτα
1041 2213 1340 2282 συλλέγειν.
1374 2214 1517 2282 Πρός
1547 2229 1611 2281 γε
1639 2212 1739 2282 τὴν
1767 2228 1906 2281 παρ-

332 2309 490 2362 ιῦσαν
534 2309 744 2379 χρείαν,
780 2310 874 2361 καὶ
918 2307 1020 2378 τὴν
1061 2308 1394 2378 συνέχουσαν
1439 2307 1586 2375 ἡμᾶς
1628 2308 1738 2358 τῶν
1782 2305 1911 2358 ὐπο-

324 2402 583 2472 γραιρέων
627 2401 865 2471 ἐρημίαν
910 2400 1002 2453 καὶ
1044 2401 1153 2452 τῶν
1222 2399 1441 2469 βιϐλίων
1486 2402 1586 2468 τὴν
1619 2401 1904 2470 αἰχμαλω-

329 2495 468 2559 σίαν,
505 2495 666 2548 ἱκανά
699 2513 779 2548 σοι
809 2496 902 2548 καὶ
930 2495 1124 2548 ταῦτα.

841 2795 1179 2849 ΕΡΩἸἩΣΙΣ
1217 2797 1391 2850 PﬂA'.

327 2953 428 3006 Διὰ
481 2955 539 3006 τί
584 2953 763 3022 μέχρι
813 2953 1055 3018 Τριὰδες
1098 2953 1162 3005 τὸ
1207 2953 1378 3005 Θεῖον
1428 2967 1751 3020 προαγεεαι
1803 2951 1904 3006 καὶ

397 3025 533 3076 οὔτε
597 3025 772 3107 ὲγτὸς
832 3024 1296 3090 περιῃρὰφεται,
1360 3024 1498 3076 οὔτε
1559 3022 1977 3112 πορῤωτέρωο

394 3094 810 3160 “apati-tincta:
828 3108 848 3154 ;

2002 1939 2202 2008 quibus
2231 1939 2425 1994 clevati
2488 1942 2682 1996 intueri
2719 1958 3012 2012 possumus
3058 1946 3111 1998 in
3159 1945 3306 2000 illam
3358 1947 3590 2002 immen-

2005 2046 2122 2086 sam
2158 2031 2646 2100 pulchritudinem,
2680 2042 2735 2088 et
2777 2035 2926 2089 omni
2955 2037 3175 2091 ratione
3205 2037 3468 2108 majorem
3501 2039 3586 2092 di-

2004 2122 2273 2186 vinitatis,
2304 2139 2425 2193 qua:
2454 2140 2618 2193 supra
2648 2126 3033 2193 substantiam,
3061 2137 3113 2182 et
3139 2144 3300 2198 supra
3326 2139 3580 2187 naturam

2007 2225 2112 2282 est,
2143 2217 2446 2286 praasertim
2487 2234 2610 2274 cum
2638 2233 2744 2272 non
2775 2218 2848 2273 sit
2882 2219 3096 2275 dillicile
3127 2237 3213 2285 ea,
3244 2237 3368 2290 quae
3396 2221 3590 2291 lmjus-

2007 2309 2152 2363 modi
2183 2318 2334 2373 sunt,
2357 2324 2417 2363 ea
2459 2310 2673 2364 ratione
2700 2319 2755 2364 et
2795 2311 2905 2375 via,
2937 2328 3099 2380 quam
3133 2312 3398 2380 diximus,
3433 2314 3588 2368 colli-

2005 2417 2154 2472 gere,
2185 2411 2448 2470 quantum
2506 2417 2635 2456 vero
2665 2419 2761 2470 pro
2817 2406 3159 2468 necessitate,
3210 2421 3330 2474 quae
3359 2407 3413 2460 in
3449 2421 3589 2475 pra!-

2008 2493 2180 2547 sentia
2219 2503 2324 2556 est,
2359 2505 2414 2548 et
2459 2494 2570 2564 (59)
2608 2510 2706 2563 pro
2759 2496 2940 2564 inopia
2990 2497 3358 2563 librariorum,
3386 2498 3588 2567 quibus

2007 2587 2354 2653 carebamus,
2415 2599 2468 2642 ct
2498 2589 2783 2652 librorum,
2833 2591 2930 2659 qui
2977 2591 3178 2660 captivi
3228 2592 3376 2646 ducti
3427 2601 3582 2658 sunt,

2008 2677 2146 2731 satis
2176 2678 2271 2730 tibi
2315 2677 2426 2731 sint
2451 2678 2583 2733 ha'c.

2122 2787 2452 2854 QUASSTIO
2505 2789 2786 2844 CLXXXI.
2849 2790 3039 2857 ICoisl.
3103 2791 3260 2858 CCX,
3326 2791 3490 2847 Taur.

2603 2876 2657 2930 p.
2699 2861 2856 2933 CCI].
2896 2863 3009 2932 (ιο)

2015 2953 2195 3016 Quare
2222 2970 2384 3016 usque
2435 2955 2503 3007 ad
2535 2953 2854 3008 Trinitatem
2904 2957 3155 3021 procedat
3220 2957 3378 3022 Dens,
3416 2968 3463 3009 et
3499 2974 3592 3010 nec

2083 3025 2226 3075 intra
2273 3023 2590 3078 Trinitatem
2646 3023 3170 3092 circumscribatur;
3223 3045 3313 3082 nec
3370 3029 3592 3082 ulterius

2077 3093 2435 3145 extendatur?

987 3204 1129 3256 Edita
1156 3220 1184 3254 a
1208 3205 1450 3266 Basnagio
1477 3203 1532 3267 (l.
1557 3217 1602 3252 c.
1625 3216 1674 3266 p.
1703 3203 1816 3263 426,
1840 3202 1969 3265 450).
1993 3230 2055 3240 -
2079 3203 2364 3265 Dogmatica
2385 3205 2449 3255 de
2469 3213 2633 3257 sancta
2657 3206 2917 3257 Trinitate.

408 3315 468 3366 Ὀ
503 3313 601 3383 μὲν
627 3313 721 3367 οὖν
747 3316 807 3367 ὲν
847 3313 1182 3384 ἀπορρήτοις
1209 3311 1367 3379 λόγος
1398 3311 1491 3364 καὶ
1520 3310 1687 3364 νικῶν
1715 3311 1814 3380 τὴν
1848 3312 1906 3362 ὲν

323 3411 608 3482 ἐσόπτροις
636 3412 729 3461 καὶ
759 3407 1044 3476 αἰνίγμασι
1072 3403 1294 3473 γνῶσιν,
1317 3404 1486 3475 ὁρίοις
1513 3404 1579 3458 ἂν
1609 3403 1790 3466 ἄλλοις
1817 3402 1901 3474 εἴη

325 3502 776 3572 θεοπτικωτέρας
803 3517 863 3552 τε
893 3500 989 3550 καὶ
1017 3496 1277 3567 οὐρανίας
1309 3495 1700 3564 μυσταγωγίας
1741 3495 1908 3548 θαλαο

330 3601 626 3672 μευόμενος
676 3597 712 3650 ὃ.
749 3596 806 3648 δὲ
854 3593 1074 3664 βλέπειν
1127 3591 1217 3645 διὰ
1260 3590 1354 3643 τοῦ
1400 3590 1777 3660 παρασκηνίου
1812 3589 1907 3641 καὶ

326 3695 569 3766 πηλίνων
604 3689 785 3743 ἀκοῶν
811 3685 1036 3739 δυνατὸν
1067 3683 1437 3747 ὲνωτίζεσθαι.
1485 3681 1670 3734 Ταῦτα
1696 3681 1753 3734 δὲ
1792 3680 1901 3748 ἄρα

327 3784 698 3860 προτιθέντες,
730 3780 832 3833 κᾶν
863 3779 1065 3849 ὕστερα
1175 3775 1264 3828 διὰ
1311 3774 1422 3827 τῶν
1462 3775 1694 3845 πρώτων
1724 3772 1899 3843 θηρᾷν

327 3880 427 3932 οὐκ
456 3877 672 3946 ἔχοντες
705 3872 767 3926 τὸ
798 3868 1157 3940 ζητούμενον,
1190 3870 1293 3922 οὐκ
1325 3867 1392 3922 ἂν
1421 3869 1480 3920 ὲν
1510 3867 1761 3930 εὐθύναις
1794 3883 1904 3918 των

330 3968 699 4039 σεσιγηκότων
724 3962 982 4034 ἐσόμεθα.
1018 3962 1116 4013 Ἐν
1149 3960 1248 4031 μὲν
1277 3959 1371 4013 οὖν
1397 3959 1576 4012 αὐτῶν
1617 3962 1764 4012 ἐστιν
1805 3959 1902 4011 καὶ

331 4057 618 4129 ἱερώτερον
647 4057 814 4125 φάναι
839 4056 914 4117 ὡς
948 4055 977 4106 ὁ
1015 4051 1276 4122 μυστικὸς
1302 4048 1562 4119 ἀσίγητος
1592 4047 1760 4117 ὕμνος
1791 4048 1902 4100 τῶν

328 4152 607 4222 Χερουϐὶμ
635 4150 726 4202 διὰ
753 4147 851 4216 τῆς
881 4143 1168 4216 τριαδικῆς
1187 4141 1474 4212 ἁγιότητος
1499 4141 1579 4202 είς
1613 4139 1742 4210 μίαν
1779 4155 1904 4191 συν-

327 4245 594 4314 αγόμενος
639 4241 960 4311 κυριότητα,
1016 4235 1114 4307 τὴν
1167 4232 1453 4305 τριαδικὴν
1497 4231 1596 4300 τῆς
1644 4230 1906 4303 θεαρχίας

329 4337 636 4406 ὑπογράφει
660 4332 997 4402 τελειότητα.
1023 4329 1135 4383 Καὶ
1159 4327 1270 4380 τῶν
1299 4325 1578 4396 ὀνομάτων
1605 4326 1639 4394 ἠ
1667 4324 1906 4394 ἁπλότης

330 4429 470 4484 κατά
509 4427 794 4497 συνέχειαν
824 4421 1215 4494 προσαγομένη
1244 4419 1340 4472 καὶ⁹
1392 4416 1561 4488 μηδὲν
1591 4417 1753 4487 μέσον
1781 4432 1906 4468 συν-

2079 3309 2275 3364 Sermo
2300 3311 2516 3379 quidem
2541 3311 2608 3366 de
2625 3312 2841 3368 arcanis
2872 3311 2989 3380 Dei,
3012 3321 3065 3367 et
3085 3313 3174 3383 qui
3202 3314 3590 3382 cognitionem,

2003 3414 2126 3470 qua:
2157 3399 2209 3454 in
2257 3401 2483 3470 speculo
2511 3414 2567 3455 et
2596 3403 2884 3472 mgnimate
2933 3415 3206 3468 versatur,
3253 3417 3496 3474 supcrat,
3534 3409 3590 3462 in

2003 3491 2202 3546 divinae
2223 3503 2278 3548 et
2321 3494 2565 3548 et‘elestis
2592 3494 2945 3565 mystagOgize
2975 3497 3224 3562 secretis,
3269 3498 3470 3568 quibus
3497 3500 3596 3552 ab-

2005 3584 2152 3640 ditus
2209 3583 2361 3650 latet,
2397 3585 2615 3640 abditus
2659 3595 2995 3655 permaneat.
3049 3586 3183 3652 Quae
3208 3604 3336 3642 vero
3373 3605 3469 3658 per
3507 3591 3593 3644 lo—

2007 3690 2131 3729 cum
2161 3691 2338 3732 scena:
2364 3685 2615 3746 spectare
2657 3692 2974 3747 possumus,
3015 3689 3070 3735 et
3096 3681 3324 3736 auribus
3358 3683 3598 3737 terrenis

2006 3767 2219 3832 audire,
2251 3768 2368 3821 haec
2399 3767 2443 3821 si
2497 3768 2551 3822 in
2586 3769 2846 3824 secundis
2871 3779 2925 3824 et
2949 3771 3346 3839 posterioribus
3386 3787 3592 3842 propo-

2006 3875 2222 3923 namus,
2250 3859 2368 3928 qui,
2395 3860 2540 3927 quod
2577 3860 2860 3928 quieritur,
2911 3876 3006 3930 per
3040 3863 3212 3930 prima
3247 3863 3434 3916 venari
3473 3879 3582 3917 non

2007 3953 2274 4016 valemus,
2315 3967 2422 4007 non
2463 3952 2787 4006 debebimus
2821 3967 3014 4022 poenas
3053 3969 3268 4019 eorum,
3308 3958 3400 4024 qui
3425 3956 3594 4010 silue-

2008 4052 2159 4098 runt.
2202 4041 2380 4096 Unum
2427 4052 2608 4096 autem
2649 4058 2839 4096 eorum
2894 4053 2948 4098 et
3002 4043 3242 4098 divinius
3297 4045 3598 4100 dicendum

2010 4134 2279 4204 cst,quod
2313 4135 2577 4204 mysticus
2609 4143 2662 4189 et
2695 4136 2814 4189 sine
2839 4136 3244 4190 intermissione
3270 4135 3594 4191 decantatus

2014 4227 2250 4297 hymnus
2305 4226 2706 4282 Cberubiuicus
2757 4242 2854 4297 per
2912 4227 3076 4281 trium
3137 4229 3478 4282 sanctitatem
3535 4229 3591 4283 in

2014 4337 2179 4375 unam
2233 4319 2664 4376 dominationem
2719 4319 3028 4390 copulatus,
3053 4320 3254 4376 divina:
3301 4321 3598 4377 Trinitatis

2016 4412 2403 4482 perfectionem
2435 4409 2717 4475 describit,
2755 4417 2808 4466 et
2838 4410 3122 4466 nominum
3147 4411 3466 4480 simplicitas
3497 4429 3593 4482 per

327 4494 718 4590 επεισάγουσα,
767 4517 905 4571 ἀλλὰ
947 4517 1042 4568 καὶ
1079 4515 1140 4566 τὸ
1181 4511 1277 4566 τοῦ
1305 4513 1548 4582 ῥήματος
1574 4509 1896 4581 ἀπαράλλα-

2012 4506 2484 4562 continuationem
2523 4503 2792 4570 adhibita,
2846 4506 3093 4576 nihilque
3143 4507 3382 4561 medium
3421 4507 3594 4563 intro-

327 4632 476 4680 κτον,
498 4615 600 4668 οὐκ
635 4612 856 4665 ἔλαττον
896 4609 995 4678 μὲν
1030 4606 1286 4670 εἰκονίζει
1323 4604 1421 4675 τὴν
1443 4604 1544 4673 τῆς
1571 4604 1898 4674 ὑπερουσίου

326 4708 517 4771 οὐσίας
551 4705 852 4774 ἁπλότητα.
905 4697 1310 4771 Παραπλησίως
1357 4696 1418 4749 δὲ
1455 4696 1763 4750 ἐκδιδάσκει
1801 4697 1897 4749 καὶ

2012 4601 2238 4663 ducens,
2268 4599 2380 4654 imo
2427 4599 2740 4670 etiam-nil)
2771 4599 2860 4655 illa
2893 4599 3047 4655 verbi
3087 4599 3206 4655 sine
3271 4603 3378 4657 ulla
3407 4602 3591 4656 varia-

2015 4695 2162 4747 tione
2185 4693 2461 4761 repetitio,
2496 4707 2604 4747 non
2621 4692 2806 4748 minus
2820 4692 3226 4762 simplicitatem
3245 4694 3590 4759 substantiae,

1843 4849 2078 4938 Nam.

401 5050 451 5102 1.
491 5045 816 5116 ’Λρχόμενον
847 5043 1007 5116 μόνον
1036 5043 1136 5116 οὐκ
1167 5043 1332 5114 ἄρχον
1363 5041 1421 5097 δέ
1449 5057 1462 5070 ⁶
1501 5044 1653 5107 Quod
1687 5045 1905 5114 subjici-

329 5129 416 5172 tur
445 5114 764 5180 doniiriatui,
801 5131 892 5168 nec
921 5114 1246 5167 dominatur.

395 5189 454 5242 2.
483 5188 556 5238 Ὶδ
601 5189 764 5255 ἄρχον
820 5187 918 5255 τὴν
966 5183 1060 5235 τοῦ
1111 5184 1418 5254 ἀρχομένου
1467 5183 1621 5248 τάξιν
1670 5185 1904 5239 ὑποδυό-

331 5275 514 5340 μενον.
550 5229 705 5319 Quod
737 5259 813 5309 ita
846 5229 1498 5308 dominaturrittrsubditi
1525 5229 1764 5309 o‘rdinem
1823 5257 1906 5308 in-

328 5328 622 5397 grediatur.

335 5468 349 5482 .
397 5399 729 5482 ofAvapxo;
755 5398 917 5469 ἀρχή.
949 5395 1260 5449 Dominatus
1291 5394 1424 5449 nulli
1453 5396 1751 5449 dominatui
1782 5395 1908 5451 sub-

316 5479 516 5609 iecisti}
552 5538 807 5592 Dominus
836 5556 897 5592 ac
923 5539 1174 5606 Princeps
1209 5537 1323 5592 sine
1351 5537 1526 5590 initio.
1546 5537 1910 5609 Ὑπεράρχιος

350 5611 518 5681 ἀρχή.
553 5611 609 5664 ld
652 5619 766 5681 cst:
812 5629 830 5662 ι
870 5609 1136 5665 Dominus
1176 5624 1240 5664 ac
1272 5610 1526 5678 princeps
1585 5623 1746 5676 supra
1788 5624 1909 5661 om-

327 5680 455 5736 nem
501 5680 886 5748 principatum.

398 5747 511 5819 ('59)
556 5747 782 5820 Scripsit
815 5767 936 5822 ergo
972 5751 1083 5804 lucc
1113 5747 1334 5802 Photins
1362 5748 1594 5818 (injectus
1614 5749 1677 5803 de
1714 5748 1901 5800 (In-ouo

2012 5039 2419 5160 Constg‘ntiéiop,
2472 5047 2522 5092 et
2559 5037 2755 5106 ejeclus
2787 5039 2842 5089 in
2897 5036 3166 5090 exsilium.
3201 5032 3337 5089 Vide
3387 5033 3586 5089 Baron.

2012 5122 2144 5160 mm.
2239 5151 2253 5160 .
2329 5124 2414 5160 AN.

2011 5122 2144 5165 tom.
2185 5109 2253 5171 Χ,
2283 5109 2414 5162 CAN.

2081 5181 2196 5251 (40)
2232 5178 2325 5251 Est
2351 5179 2665 5251 dissertatio
2697 5175 2854 5251 tertia
2885 5175 3026 5251 apud
3054 5175 3408 5251 _Basnaginm.

2081 5246 2192 5318 (41)
2223 5249 2331 5302 Illa
2382 5248 2521 5302 verbi
2566 5249 2679 5301 sine
2710 5247 2822 5318 ulla
2873 5247 3162 5318 variatione
3216 5246 3488 5318 repetitio.
3524 5287 3538 5300 .
3570 5286 3583 5300 .

2006 5331 2054 5375 et
2077 5315 2188 5373 sine
2219 5320 2328 5372 ulla
2346 5319 2640 5372 variatione
2670 5317 3046 5371 substantiam.
3081 5317 3153 5367 Τὸ
3196 5315 3288 5367 τοῦ
3345 5317 3590 5385 ῥήματος

2010 5389 2427 5459 ἀπαράλλακτον
2461 5429 2474 5443 .
2508 5429 2523 5442 .
2560 5428 2574 5442 .
2625 5388 2719 5459 καὶ
2747 5388 2833 5459 ’το
2866 5389 2988 5459 κατῖ
3023 5385 3214 5459 οὐσίαν
3271 5386 3589 5459 ἀπαράλλα-

2010 5455 2158 5516 κτον.
2193 5461 2248 5513 ld
2280 5469 2400 5515 est:
2437 5477 2456 5510 ι
2491 5459 2583 5513 llla
2611 5455 2759 5512 verbi
2792 5457 2910 5510 sine
2940 5457 3049 5511 ulla
3080 5455 3399 5512 diﬂ'erentia
3434 5471 3588 5526 repe-

2009 5533 2129 5590 titio
2163 5570 2176 5583 .
2210 5572 2222 5584 .
2261 5569 2276 5583 .
2305 5531 2623 5584 substantiae
2656 5526 3015 5580 identilatem.

2079 5602 2256 5670 Supra
2292 5600 2403 5668 jam
2468 5599 2690 5668 probavi
2716 5596 2846 5650 illud
2902 5596 3322 5670 ἀπαράλλακτον
3353 5594 3585 5670 Theolo-

2005 5687 2198 5741 gorum
2231 5670 2547 5726 Graecorum
2575 5685 2686 5725 non
2709 5683 2829 5724 esse
2858 5669 3193 5725 reddendum
3247 5683 3343 5739 per
3401 5669 3586 5720 varia-

2006 5744 2162 5800 tionis
2185 5757 2413 5799 exsucrs.
