4110 6422
530 335 631 403 891

1693 326 1956 390 PHOTII
1992 324 2503 389 PATRIARCH/E
2528 325 2639 390 (ΣΡ.

3693 331 3804 395 892

530 463 655 517 quae
684 461 850 517 supra
889 443 1254 501 substantiam
1288 450 1396 506 est,
1447 440 1694 513 depingit
1729 453 1782 497 et
1820 441 2107 512 exprimit:

2224 437 2284 489 τὸ
2312 436 2418 490 τῶν
2444 435 2795 490 ὑποστάσεων
2822 435 2958 506 πρὸς
2989 436 3227 507 ἀλλήλας
3246 439 3591 509 ἀδιάστατον,
3620 446 3714 497 καὶ
3742 449 3805 500 τὸ

525 540 777 608 proxime
806 552 933 592 vero
970 536 1126 591 docet
1161 549 1519 604 personarum
1544 534 1684 588 inter
1715 549 1774 588 se
1805 549 1967 587 unam
1998 532 2119 587 sine

532 632 639 685 ulla
676 628 935 685 distantia
964 636 1240 692 naturam,
1275 636 1328 682 et
1361 628 1481 682 sine
1513 625 1621 681 ulla
1648 625 1952 681 variatione
1982 624 2116 679 sub-

528 725 805 780 stantiam.

599 814 872 869 Prarterea
912 813 965 868 in
1016 812 1107 879 lis,
1140 827 1263 882 qua:
1296 810 1533 882 perfecta
1568 818 1721 875 sunt,
1778 808 2119 865 conveniunt

528 908 877 979 principium,
912 906 1171 972 medium,
1204 914 1259 959 et
1292 905 1417 961 linis
1446 922 1459 959 :
1492 904 1703 974 primus
1758 913 1941 958 autem
1974 903 2118 956 inter

527 1016 720 1056 omnes
752 1001 891 1054 alios
921 1014 1203 1064 numeros,
1238 1013 1504 1052 numerus
1538 996 1703 1051 trium
1742 996 1860 1051 haec
1885 996 2115 1052 sortitus

524 1100 608 1146 est
641 1107 655 1157 ;
689 1098 1058 1145 consentanee
1107 1090 1252 1143 enim
1299 1087 1561 1142 divinitas
1618 1102 1845 1151 arcana,
1880 1094 1935 1141 et
1992 1101 2114 1153 qua:

526 1182 751 1251 cogitari
783 1195 893 1233 non
922 1188 1123 1249 potest,
1182 1194 1307 1232 cum
1343 1179 1501 1233 vellet
1536 1192 1634 1248 per
1682 1191 1768 1242 ea,
1803 1191 1926 1246 quae
1956 1176 2114 1231 nobis

526 1284 653 1326 nota
680 1280 831 1334 sunt,
871 1280 931 1325 ut
995 1270 1238 1342 symbola
1270 1270 1523 1338 quredam
1563 1278 1618 1324 et
1661 1268 1889 1339 vestigia
1927 1269 2113 1338 cogni-

524 1364 690 1419 tionis
722 1378 836 1418 suze
870 1363 1136 1426 lucerent,
1169 1362 1341 1417 voluit
1372 1377 1467 1432 per
1501 1376 1813 1417 sermonem
1865 1360 2110 1415 divinum

522 1461 590 1513 de
627 1457 804 1512 tribus
873 1456 1030 1511 nobis
1113 1464 1420 1511 notescere.
1483 1453 1691 1509 Deinde
1768 1468 2113 1524 quascunque

525 1550 691 1603 Deum
720 1548 969 1602 decentia
1006 1548 1059 1601 in
1123 1546 1233 1602 Deo
1284 1547 1744 1617 contemplamur,
1803 1548 2110 1617 reperimus

519 1654 551 1693 a
590 1639 865 1710 principio
916 1648 1170 1693 naturam
1204 1639 1505 1708 accepisse,
1545 1648 1603 1693 ut
1635 1640 1702 1693 ad
1738 1637 1845 1693 tria
1878 1653 2111 1693 revoca-

518 1742 729 1798 rentur,
772 1743 825 1788 et
858 1748 959 1787 nec
987 1732 1053 1786 ad
1108 1731 1389 1799 pauciora,
1423 1745 1524 1785 nec
1562 1731 1627 1785 ad
1670 1730 1847 1799 plura.
1888 1729 1956 1784 Et
1985 1747 2108 1802 quae

2222 527 2471 599 συμφυὲς
2503 528 2684 580 αύτῶν
2706 527 2802 581 καὶ
2827 527 2948 580 κατ’
2969 528 3159 582 οὐσίαν
3190 532 3631 604 ἀπαράλλακτον.

2291 791 2412 843 Ἐτι
2438 790 2493 844 δὲ
2526 790 2620 845 ἐπὶ
2643 792 2759 854 τοῖς
2787 790 3021 857 τελείοις
3043 792 3078 864 ἦ
3104 810 3164 846 τε
3189 794 3334 866 ἀρχὴ
3364 798 3509 867 καὶὴ
3542 802 3801 872 μεσότης,

2219 882 2310 936 καὶ
2339 884 2372 954 ἡ
2399 882 2677 953 τελειότης
2725 884 3058 956 πρόσφορον.
3111 886 3334 957 Πρῶτος
3371 889 3428 943 δὲ
3460 891 3573 945 τῶν
3617 893 3801 949 ἄλλων

2217 972 2469 1045 ἀριθμῶν
2499 976 2527 1027 ό
2552 976 2701 1045 τρεῖς
2749 973 3188 1047 ἀπεκληρώσατο
3217 976 3411 1047 ταῦτα,
3446 981 3672 1047 εἰκότως
3694 984 3805 1038 ἀπὸ

2215 1067 2323 1118 τῶν
2351 1065 2650 1136 γνωρίμων
2683 1067 2818 1138 ἡμῖν
2848 1065 3097 1137 σύμϐολά
3125 1086 3245 1123 τινα
3279 1070 3377 1125 καὶ
3409 1070 3530 1144 ίχνη
3562 1075 3596 1145 ἡ
3627 1074 3803 1147 ἀρρη-

2215 1174 2309 1221 τος
2341 1158 2437 1210 καὶ
2474 1158 2831 1227 ἀνεπινόητος
2859 1157 3052 1227 θεότης
3077 1198 3092 1223 ,
3120 1162 3220 1231 τῆς
3246 1162 3605 1231 ἐπιγνώσεως
3629 1166 3804 1235 αὐτῆς

2214 1249 2492 1320 ἐλλάμψαι
2540 1248 2919 1321 προνοουμένη
2967 1249 3059 1303 διὰ
3094 1252 3194 1323 τῆς
3238 1255 3529 1324 τριαδικῆς
3558 1258 3659 1311 οὐκ
3698 1259 3806 1313 ἀπ-

2212 1339 2446 1410 ηξίωσεν
2498 1337 2897 1410 ἐμφανίζεσθαι
2931 1338 3235 1411 θεολογίας.
3267 1342 3390 1397 Ἔτι
3424 1345 3481 1397 δὲ
3516 1348 3610 1400 καὶ
3633 1347 3804 1402 διότι-

2214 1446 2320 1500 περ
2349 1430 2449 1482 ὅσα
2478 1428 2760 1500 θεοπρεπῆ
2811 1429 3137 1502 καθορῶμεν
3169 1434 3227 1487 έν
3252 1433 3331 1505 τῷ
3372 1433 3512 1506 Θεῷ,
3557 1437 3639 1501 είς
3673 1439 3803 1511 τρία

2214 1522 2780 1593 συγκεφαλαιοῦσθαι,
2808 1523 2997 1591 φασὶν,
3024 1525 3281 1597 ἀπαρχῆς
3299 1527 3631 1600 εὑρίσκομεν
3652 1533 3803 1605 εἰλη-

2212 1614 2373 1683 φότα,
2403 1614 2497 1667 καὶ
2524 1613 2649 1667 οὔτε
2681 1615 2762 1678 είς
2792 1614 3052 1669 ἐλάττονα
3071 1658 3087 1684 ,
3123 1618 3246 1671 ούδέ
3288 1620 3369 1683 είς
3397 1620 3623 1676 πλείονα
3676 1641 3802 1679 συν-

2210 1706 2480 1777 αγόμενα.
2526 1708 2620 1770 El;
2657 1711 2790 1763 ποῖα
2821 1709 2879 1762 δὲ
2911 1709 3123 1778 ταῦτα;
3173 1714 3254 1777 είς
3292 1716 3503 1783 οὐσίαν,
3532 1718 3615 1781 είς
3641 1717 3801 1773 δύνα-

519 1825 622 1881 ista
654 1827 823 1881 sunt?
873 1840 1067 1894 nempe
1104 1823 1435 1889 substantia,
1470 1823 1645 1879 virtus
1694 1824 1809 1877 sive
1843 1824 2104 1893 potentia,

2213 1817 2330 1871 μιν,
2359 1800 2456 1854 καὶ
2490 1801 2796 1873 ἐνέργειαν.
2826 1800 2967 1856 Οὔτε
2997 1803 3108 1875 γάρ
3130 1806 3278 1860 ὅσιον
3310 1806 3566 1879 θεότητος
3587 1812 3687 1883 τὴν
3709 1813 3802 1867 δυ-

515 1927 572 1971 et
606 1916 891 1986 Operatio;
952 1929 1054 1970 nec
1110 1913 1255 1968 enim
1291 1912 1374 1968 fas
1420 1921 1505 1968 est
1557 1912 1777 1968 auferre
1807 1914 2107 1983 potentiam

2212 1910 2376 1964 ναμιν
2424 1894 2670 1964 ἀφελεῖν,
2721 1894 2847 1949 οὔτε
2898 1896 3006 1967 μὴν
3049 1898 3171 1952 ούδέ
3216 1899 3316 1970 τὴν
3357 1900 3662 1972 ἐνέργειαν,
3702 1905 3799 1959 καὶ

516 2009 833 2075 divinitati;
876 2008 987 2062 imo
1028 2022 1127 2062 nec
1180 2008 1577 2077 Operationem,
1620 2018 1676 2060 et
1723 2006 1896 2060 multo
1926 2006 2107 2062 minus

2208 1986 2391 2057 πολλῷ
2429 1986 2634 2056 μᾶλλον
2659 1988 2780 2042 οὐδὲ
2806 1990 2907 2059 τὴν
2935 1990 3147 2046 οὐσίαν.
3183 1993 3259 2045 Οὐ
3295 1993 3402 2064 μὴν
3427 1995 3538 2049 οὐδ’
3566 1998 3645 2060 είς
3667 2015 3799 2051 ταυ-

515 2101 908 2164 substantiam,
941 2098 1075 2169 quin
1117 2099 1285 2153 etiam
1327 2112 1505 2167 neque
1546 2097 1673 2151 licet
1710 2096 1815 2152 ista
1853 2096 1993 2152 idem
2028 2095 2109 2152 fa-

514 2208 659 2258 cere,
686 2202 741 2247 et
761 2193 814 2247 in
847 2208 1010 2247 unam
1046 2206 1337 2262 personam
1367 2190 1717 2255 contrahere,
1749 2204 1814 2245 ac
1835 2189 2105 2246 rationem

514 2299 682 2337 unam
717 2291 772 2337 et
824 2282 1074 2336 eamdem
1111 2281 1341 2336 reddere
1375 2280 1634 2352 potentiae
1664 2291 1718 2335 et
1757 2272 2102 2348 substantiae,

514 2372 599 2426 vel
651 2374 913 2442 potentiae
938 2381 995 2425 et
1029 2371 1389 2442 Operationis,
1423 2372 1535 2442 (42)
1579 2372 1663 2427 vel
1692 2373 2026 2443 operationis
2053 2382 2108 2429 et

513 2462 854 2518 substantiaa.
898 2463 1035 2517 Cum
1077 2477 1207 2532 ergo
1244 2464 1347 2517 tria
1402 2462 1536 2526 sint,
1571 2462 1639 2516 ad
1688 2478 1811 2533 qua:
1843 2464 1948 2516 alia
2003 2477 2105 2516 no-

512 2556 683 2622 mina,
714 2570 837 2625 qua:
870 2552 1041 2608 Deum
1067 2554 1282 2617 decent,
1311 2560 1366 2608 et
1400 2553 1760 2624 proprietates
1787 2553 2105 2608 referuntur

511 2659 567 2703 et
617 2649 983 2709 reducuntur.
1015 2656 1388 2701 eonscntanee
1420 2644 1564 2700 Deus
1591 2661 1693 2700 nec
1729 2646 1873 2699 intra
1913 2646 2103 2700 Trini-

512 2746 679 2794 tatem
715 2737 1037 2804 includitur,
1068 2751 1168 2791 nec
1200 2747 1356 2790 extra
1388 2735 1714 2790 Trinitatem
1738 2736 2027 2790 dilatatur.

585 2918 699 2989 (45)
732 2916 1019 2984 Quomodo
1061 2929 1243 2973 autem
1293 2918 1569 2973 ducantur
1618 2918 1801 2990 aliqua
1833 2920 1998 2975 etiam
2044 2919 2099 2974 in

2205 2078 2299 2133 τὸν
2328 2078 2445 2132 ἐστι
2480 2080 2577 2133 καί
2603 2079 2735 2150 μίαν
2760 2080 3061 2135 ὑπόστασιν
3089 2088 3420 2154 συναγαγεῖν
3449 2086 3628 2142 ταῦτα
3646 2127 3661 2152 ,
3701 2093 3800 2144 καὶ

2206 2170 2363 2239 λόγον
2395 2170 2493 2224 ἕνα
2543 2173 2637 2225 καὶ
2687 2172 2782 2226 τὸν
2838 2174 3000 2229 αὐτὸν
3038 2175 3355 2232 ἀποδοῦναι.
3399 2179 3697 2252 Δυνάμεὼς
3734 2200 3815 2237 τε.

2206 2268 2302 2321 καὶ
2329 2267 2539 2335 οὐσίας,
2567 2268 2600 2339 ἢ
2633 2268 2919 2340 δυνάμεως
2957 2271 3051 2325 καὶ
3081 2271 3386 2344 ἐνεργείας,
3431 2275 3464 2347 ἤ
3513 2278 3797 2347 ἐνεργείας

2206 2359 2302 2413 καὶ
2332 2358 2545 2423 οὐσίας.
2594 2359 2733 2413 Ἀλλ’
2762 2360 2884 2415 οὐδὲ
2917 2362 3118 2416 πολλοῦ
3144 2364 3226 2418 δεῖ
3253 2364 3348 2419 τοῦ
3389 2367 3797 2441 συναθροίσμα-

2203 2467 2296 2515 τος
2328 2450 2531 2506 αὐτῶν.
2569 2452 2755 2522 Τριῶν
2785 2453 2879 2508 οὖν
2905 2454 3075 2510 ὄντων
3106 2458 3187 2522 είς
3213 2458 3248 2512 ὃ.
3272 2459 3341 2512 τά
3368 2459 3505 2514 ἄλλα
3539 2461 3648 2515 τῶν
3676 2462 3798 2516 θεοο

2204 2543 2433 2612 πρεπιίν
2461 2544 2751 2613 ὀνομάτων
2782 2562 2842 2598 τε
2880 2548 2976 2600 καὶ
3010 2549 3318 2619 ἰδιωμάτων
3354 2551 3797 2621 συγκεφαλαιοῦ-

2202 2651 2293 2687 ται
2325 2635 2418 2688 καὶ
2454 2636 2745 2705 ἀνάγεται.
2778 2637 3021 2703 Εἰκότως
3054 2640 3116 2693 τὸ
3144 2641 3300 2695 Θεῖον
3347 2642 3472 2696 οὔτε
3505 2646 3657 2709 ἐντὸς
3694 2646 3797 2719 τῆς

2203 2727 2435 2798 Τριάδος
2477 2728 2884 2800 περικλείεται,
2929 2729 3056 2784 οὔτε
3094 2732 3204 2804 μὴν
3231 2734 3439 2806 ταύτης
3473 2735 3799 2806 ὑπερεκτεί-

2202 2837 2379 2875 νεται.
3587 2838 3589 2840 ’

2272 2911 2397 2975 Πῶς
2434 2911 2481 2966 δ’
2514 2911 2819 2983 ἀναχθείηὶ
2856 2913 2952 2967 καὶ
2982 2913 3104 2969 τίνα
3160 2916 3242 2980 είς
3292 2918 3524 2973 ἕκαστον
3548 2920 3655 2974 τῶν
3690 2921 3802 2975 θεον

514 3014 764 3103 singulas
806 3030 873 3070 ex
906 3015 1025 3069 istis
1054 3015 1231 3068 tribus
1262 3013 1614 3079 notionibus,
1646 3028 1826 3083 neque
1857 3014 2097 3069 laborio-

2205 3003 2545 3075 λογουμένων
2577 3003 2747 3075 τριῶν
2788 3005 3030 3071 ἐννοιῶν,
3072 3006 3200 3061 οὔτε
3227 3011 3391 3080 ἔργον
3421 3012 3628 3083 εὑρεῖν,
3670 3013 3799 3068 οὔτε

511 3121 634 3161 sum
673 3116 759 3161 est
786 3107 1047 3174 reperire,
1088 3121 1262 3175 neque
1293 3106 1527 3175 repertis
1561 3105 1702 3160 alios
1732 3104 1915 3160 facere
1946 3107 2097 3160 utili-

2207 3095 2317 3167 μὴν
2358 3095 2590 3165 εὑρόντα
2633 3095 2710 3166 μὴ
2762 3096 2859 3149 καὶ
2900 3095 3099 3162 ἄλλους
3142 3101 3373 3171 ποιῆσαι
3405 3103 3504 3174 τῆς
3533 3104 3800 3173 ὠφελείας

512 3200 640 3253 tatis
672 3199 1003 3269 participes;
1042 3213 1106 3253 ac
1136 3197 1375 3268 primum
1412 3196 1517 3251 hoc
1540 3212 1740 3251 nomen
1773 3211 1937 3266 supra
1968 3196 2102 3251 sub-

2206 3184 2524 3250 κοινωνούς.
2575 3186 2787 3240 Αὐτίκα
2836 3187 2897 3241 τὸ
2956 3188 3306 3260 ύπερούσιον,
3358 3194 3422 3247 τὸ
3467 3196 3698 3265 ἀγαθὸν,
3738 3199 3800 3252 τὺ

513 3290 809 3351 stantiam,
864 3290 1103 3354 bonum,
1168 3304 1359 3344 carere
1390 3288 1595 3359 ﬁgura,
1644 3304 1813 3342 unum
1842 3328 1857 3355 ,
1917 3304 2106 3343 carere

522 3381 905 3453 magnitudine
974 3390 1029 3436 et
1097 3381 1300 3437 similia
1374 3381 1743 3436 substantiam
1800 3380 2102 3446 declarant,

510 3476 730 3530 tametsi
752 3475 855 3529 alia
879 3475 1098 3544 quidem
1122 3475 1361 3544 primum
1394 3483 1448 3527 et
1477 3473 1596 3527 sine
1620 3472 1967 3537 intermedio,
1998 3474 2105 3528 alia

510 3582 643 3621 vero
674 3567 857 3621 medio
884 3569 1143 3636 quopiam
1176 3564 1339 3619 simul
1374 3564 1648 3635 cogitato;
1692 3578 1815 3618 esse
1848 3564 2103 3631 liberum,

509 3672 632 3712 esse
657 3672 772 3712 sua:
803 3657 1113 3727 potestatis.
1158 3656 1451 3711 Dominum
1476 3696 1490 3721 ,
1522 3654 1846 3709 Creatorem
1869 3694 1884 3721 ,
1927 3655 2106 3709 omni-

512 3756 826 3817 potentem,
874 3756 929 3801 et
978 3746 1178 3801 similia
1223 3747 1278 3801 in
1330 3747 1793 3817 contemplatione
1847 3748 2106 3817 potentiae

510 3839 907 3909 comprehensa
933 3848 1082 3893 sunt.
1112 3838 1331 3893 Creatio
1366 3854 1516 3903 vero,
1560 3849 1609 3894 et
1642 3838 2005 3911 providentia,
2053 3846 2106 3897 et

512 3933 764 3999 salvatio,
798 3941 853 3987 et
881 3932 1181 4003 gratiarum
1209 3932 1547 3996 distributio,
1574 3943 1628 3987 et
1651 3934 1878 3999 donum,
1906 3942 1960 3988 et
1986 3948 2107 4003 qua:

512 4022 601 4077 liis
636 4031 766 4077 sunt
797 4022 975 4077 vicina
997 4065 1012 4090 ,
1072 4023 1445 4093 operationem
1476 4023 1710 4078 diversis
1755 4034 1811 4078 et
1860 4023 2106 4095 mysticis

515 4114 701 4168 verbis
730 4114 1060 4185 signiﬁcant.
1102 4114 1162 4169 Si
1214 4130 1339 4185 quae
1370 4130 1501 4170 vero
1550 4115 1775 4169 nomina
1822 4115 2005 4172 divina
2052 4123 2109 4170 et

512 4206 765 4262 notiones
789 4206 926 4277 (44),
966 4224 1071 4262 non
1098 4208 1165 4262 ad
1196 4224 1365 4262 unum
1386 4225 1449 4263 ex
1476 4209 1597 4264 istis
1612 4208 1789 4265 tribus
1811 4209 2104 4279 pertinent,

511 4300 606 4353 sed
662 4299 717 4353 in
762 4306 875 4354 tota
911 4297 1182 4355 Trinitate
1218 4312 1547 4363 versantur,
1613 4316 1722 4355 non
1780 4301 1956 4355 solum
1997 4314 2105 4355 non

510 4397 718 4458 pugnat
748 4402 875 4442 cum
912 4387 1127 4443 ratione
1155 4388 1430 4451 veritatis,
1455 4402 1633 4459 neque
1654 4402 1780 4442 cum
1808 4384 2106 4454 Tlteologia

511 4481 579 4533 de
609 4478 898 4545 Trinitate,
937 4479 1032 4533 sed
1069 4480 1193 4549 plus
1225 4479 1392 4533 etiam
1436 4478 1728 4534 contirmat
1757 4492 1952 4532 eorum
1992 4486 2104 4532 sta-

512 4569 801 4636 bilitatem,
843 4578 897 4626 et
944 4569 1014 4624 ab
1056 4570 1207 4625 omni
1260 4570 1690 4639 reprehensione
1728 4569 2099 4634 vacationem,

510 4662 625 4716 imo
669 4660 835 4716 etiam
879 4661 1225 4716 occasionem
1277 4661 1481 4731 praebet
1526 4662 1895 4717 secundarum
1936 4662 2107 4717 ratio-

510 4768 667 4818 num,
704 4752 906 4823 quibus
935 4751 1386 4809 demonstramus
1435 4762 1805 4810 eonsentanee
1835 4754 2006 4809 Deum
2052 4756 2106 4809 in

510 4847 776 4902 ambitum
812 4846 976 4900 trium
1009 4860 1374 4916 personarum
1408 4847 1692 4917 explicari.

586 4938 856 4993 Similiter
884 4938 930 4993 si
956 4938 1083 5009 quis
1116 4938 1222 4991 alia
1257 4937 1699 4993 consideratione
1724 4939 1975 4993 ostendet
2006 4954 2104 4993 no-

512 5031 661 5086 mina
692 5031 875 5087 divina
901 5041 956 5087 et
986 5032 1239 5085 notiones
1283 5030 1337 5084 in
1378 5039 1491 5085 tres
1523 5045 1790 5102 personas
1815 5029 2102 5087 Trinitatis

2204 3278 2640 3348 ἀσχημάτιστον,
2677 3277 2739 3331 τὸ
2767 3276 2848 3345 ἓν,
2883 3278 2942 3333 τὸ
2970 3281 3197 3349 ἀπησον,
3258 3284 3355 3338 καὶ
3384 3285 3451 3339 τὰ
3477 3288 3668 3357 ὃμοια,
3701 3290 3799 3359 τὴν

2205 3372 2395 3427 οὐσίαν
2426 3372 2513 3443 εἴη
2542 3372 2611 3427 ἂν
2638 3374 3085 3445 παραδηλοῦντα.
3116 3377 3181 3429 Ei
3209 3377 3305 3432 καὶ
3335 3381 3403 3431 τὸ.
3425 3380 3525 3450 μὲν
3548 3382 3797 3452 ἀμέσως,

2204 3464 2273 3517 τὰ
2319 3464 2377 3517 δὲ
2423 3465 2569 3530 τινὸς
2620 3467 3205 3538 συνεπιθεωρουμένης
3249 3471 3569 3541 μεσότητος.
3615 3475 3687 3527 Τὸ
3739 3474 3799 3528 δὲ

2150 3578 2165 3585 κ
2204 3555 2580 3622 αὐτεξούσιον,
2622 3558 2683 3610 τὸ
2731 3559 3151 3626 αὐτοδὲσποτον,
3201 3560 3263 3614 τὸ
3309 3561 3552 3633 Κύριον,
3592 3564 3654 3617 τὺ
3696 3567 3801 3637 Δη-

2208 3647 2554 3719 μιουργικὸν,
2610 3649 2672 3703 τὸ
2716 3651 3157 3721 παντοδύναμον,
3189 3654 3283 3706 καὶ
3313 3653 3383 3706 τά
3416 3658 3797 3727 παραπλήσια,

2205 3740 2264 3792 ἐν
2290 3742 2357 3810 τῇ
2384 3743 2485 3810 τῆς
2526 3741 2817 3812 δυνάμεως
2872 3742 3345 3813 περιλαμϐάνεται
3380 3745 3583 3818 Οεωρέᾳ
3621 3750 3655 3817 ἡ
3704 3748 3801 3818 δη-

2209 3832 2510 3903 μιουργικὴ
2547 3832 2605 3885 δὲ
2636 3833 2731 3887 καὶ
2761 3834 2794 3903 ὴ
2827 3833 3058 3904 πρόνοια
3088 3837 3184 3889 καὶ
3230 3837 3264 3906 ὴ
3303 3837 3549 3908 σωτηρία
3574 3878 3590 3903 ,
3630 3840 3727 3891 καὶ
3765 3843 3797 3908 ἡ

2204 3923 2314 3977 τῶν
2344 3925 2704 3995 χαρισμάτων
2744 3926 2997 3997 διανομὴ,
3030 3927 3126 3981 καὶ
3181 3929 3215 3998 ἡ
3257 3927 3437 4000 δωρεὰ
3479 3930 3574 3984 καὶ
3605 3932 3674 3985 τὰ
3701 3931 3797 3985 σύ·-

2214 4030 2429 4086 στοιχα,
2470 4016 2572 4087 τὴν
2622 4017 2908 4088 ἐνέργειαν
2938 4018 3218 4091 διαφόροις
3246 4020 3343 4074 καὶ
3379 4026 3661 4091 μυστικοῖς
3701 4028 3799 4097 ῥή-

2214 4124 2379 4178 μασιν
2411 4108 2801 4180 ίερολογοῦσιν.
2846 4111 2910 4164 Εί
2944 4111 2990 4164 δ’
3038 4110 3119 4165 ἔτι
3170 4114 3296 4167 τινὰ
3330 4114 3440 4167 Ἰ’ὥν
3475 4114 3799 4189 θεοπρεπῶν

2207 4203 2491 4272 ὀνομάτων
2538 4220 2598 4257 τε
2645 4206 2740 4259 καὶ
2783 4206 3095 4276 νοημάτων,
3131 4208 3229 4260 καὶ
3265 4209 3343 4270 εἰς
3378 4207 3437 4260 ἓν
3476 4208 3584 4260 τῶν
3630 4210 3797 4279 τριῶν

2211 4295 2398 4364 μόνον,
2457 4296 2593 4351 ἀλλά
2621 4297 2689 4351 δι’
2720 4298 2850 4370 ὅλης
2881 4300 3087 4370 ἥκοντα
3116 4299 3218 4370 τῆς
3264 4301 3497 4372 Τριάδος
3533 4303 3595 4355 ού
3639 4305 3797 4372 μόνον

2210 4386 2365 4441 οὐδὲν
2392 4388 2601 4442 τούτων
2634 4392 2873 4461 μάχεται
2891 4391 2969 4462 τῷ
2992 4393 3091 4463 τῆς
3113 4393 3373 4465 ἀληθείας
3400 4394 3562 4465 λόγῳ,
3587 4395 3705 4449 οὐδὲ
3729 4399 3793 4466 τῇ

2126 4522 2181 4582 D
2211 4478 2417 4553 θεωρίᾳ
2444 4483 2545 4554 τῆς
2572 4483 2861 4556 τριαδικῆς
2887 4485 3191 4555 θεολογίας,
3239 4488 3357 4542 ἀλλ’
3401 4489 3497 4541 ἐπὶ
3534 4488 3693 4542 πλέον
3735 4506 3796 4542 τε

2210 4573 2413 4643 μᾶλλον
2466 4575 2650 4629 αὐτῶν
2692 4576 2754 4630 τὸ
2802 4579 3046 4648 ἀσφαλές
3089 4597 3148 4633 τε
3177 4582 3270 4633 καὶ
3303 4582 3671 4653 ἀνεπίληπτον
3705 4581 3797 4653 βε-

2206 4667 2370 4722 ϐαιοῖ.
2423 4667 2584 4722 Ἀλλὰ
2614 4670 2709 4725 καὶ
2745 4671 3014 4743 δευτέρων
3042 4672 3327 4745 λογισμῶν
3356 4674 3579 4729 δίδωσιν
3621 4678 3796 4748 ἀφορ-

2209 4759 2339 4831 μὴν,
2369 4759 2434 4813 δι’
2466 4752 2541 4813 ὧν
2571 4760 2632 4814 τὸ
2661 4763 2815 4817 Θεῖον
2849 4764 3227 4819 ἐπιδείκνυται
3260 4768 3344 4830 εἰς
3387 4766 3677 4838 τριαδικὴν
3715 4767 3798 4819 εύ-

2205 4848 2381 4918 λόγως
2414 4849 2829 4923 ἀναπλούμενον
2860 4857 3149 4927 περιοχήν.

2299 4938 2583 5004 Ὡσαύτως
2623 4941 2683 4994 δὲ
2715 4944 2811 4997 καὶ
2859 4944 2915 4997 εί
2955 4962 3042 5010 τις
3085 4947 3153 5000 δι’
3193 4947 3388 5018 ἐτέρας
3427 4948 3688 5017 ἐπιϐολῆς
3717 4948 3797 5010 είς

2208 5031 2498 5105 τριαδικὴν
2522 5033 2673 5107 δείξῃ
2701 5038 3108 5112 συναρίθμησιν
3136 5044 3204 5097 τά
3230 5044 3510 5113 θεοπρεπῆ
3537 5043 3646 5094 τῶν
3676 5041 3794 5092 ὀνο-

1819 5166 2061 5223 νΑΒῙᾸΞ
2092 5166 2499 5228 LECTIONES.

585 5257 601 5309 ἱ
636 5259 672 5313 l.
699 5257 967 5330 διαχθείη.
996 5257 1097 5312 Per
1139 5256 1581 5329 hypodiastolen.
1612 5257 1816 5313 Cum.

2037 5353 2275 5412 ΝΟΤᾸΕ.

582 5444 697 5515 (Ιιῖ)
722 5444 829 5518 ,νει
850 5445 1178 5518 operationis
1202 5459 1267 5518 et;
1292 5444 1639 5518 διιιιιιιαιιιίςιξ.Δ
1664 5441 1804 5518 cum
1829 5462 1951 5518 ergo
1987 5448 2093 5503 tria

509 5514 635 5587 sint.
668 5517 739 5587 '1}
761 5516 1040 5587 ἐνεργείας
1066 5517 1161 5569 καὶ
1216 5516 1427 5587 οὐσίας.
1502 5514 1641 5587 Ἀλλ]
1693 5514 1814 5587 ούδῌέ
1868 5514 2087 5586 (πολλοῦ

511 5586 612 5656 δεῖ)
643 5584 737 5638 τοῦ
763 5583 1229 5656 συναθροίσματος
1246 5585 1448 5640 αὐτῶν.
1500 5583 1683 5656 Τριῶν
1741 5583 1836 5639 οὖν
1879 5583 2084 5643 όντων.

513 5652 568 5709 ld
601 5665 724 5729 est:
758 5675 775 5707 ‹
824 5652 1283 5729 Veloperationis
1317 5665 1377 5729 et
1392 5652 1710 5729 substantiae
1738 5672 1751 5710 :
1790 5658 1886 5714 sed
1909 5674 2087 5729 neque

514 5726 767 5805 tmultum
797 5733 944 5782 certe
971 5726 1144 5797 abest)
1170 5725 1507 5786 collectionis
1534 5739 1745 5783 earum.
1785 5728 1924 5786 Cum
1954 5725 2084 5802 ergo

515 5803 618 5848 tria
648 5803 775 5849 sint.
792 5815 812 5847 ι

2297 5449 2387 5522 45)
2410 5452 2688 5517 Quomodo
2718 5466 2898 5508 autem
2921 5463 3190 5507 aucantur
3209 5453 3392 5523 aliqua
3416 5454 3580 5509 etiam
3606 5471 3657 5507 m
3679 5471 3793 5508 sm-

2198 5524 2347 5594 gulu.
2382 5524 2504 5584 Πῶς
2534 5524 2577 5575 δ’
2611 5526 2676 5576 ἂν
2707 5524 2900 5594 ἀχθείη
2932 5525 3029 5577 καὶ
3056 5526 3177 5577 τίνα
3212 5527 3290 5587 είς
3323 5527 3572 5578 ἕκαστον.
3596 5526 3649 5579 Id
3673 5536 3789 5579 est:

2204 5592 2523 5665 «Quomodo
2550 5592 3034 5649 autem‘ducantur
3052 5604 3105 5649 et
3134 5610 3383 5664 quaenam
3411 5595 3463 5648 in
3493 5594 3789 5665 singulas.»

2273 5663 2387 5733 (44)
2447 5662 2573 5717 Non
2611 5666 2679 5718 ad
2711 5682 2874 5718 unum
2900 5682 2966 5719 ex
2989 5666 3109 5719 istis
3136 5662 3304 5719 tribus
3334 5662 3622 5733 pertinent.
3679 5665 3792 5717 Οὐκ

2195 5732 2277 5806 εἰς
2313 5732 2372 5784 ἓν
2412 5734 2521 5786 τῶν
2553 5736 2718 5806 τριῶν
2756 5736 2916 5806 μόνον
2940 5775 2955 5790 .
2991 5775 3005 5789 .
3038 5776 3054 5791 .
3094 5732 3418 5805 ἥκονταριιί
3448 5744 3538 5806 est
3570 5752 3583 5789 :
3618 5753 3635 5787 ι
3673 5733 3787 5789 Non

2197 5802 2263 5857 ad
2295 5818 2462 5859 unum
2488 5802 2835 5863 solummodo
2858 5822 2924 5862 ex
2952 5807 3074 5863 istis
3106 5802 3281 5863 tribus
3317 5805 3617 5877 pertinent.
