4110 6480
411 374 522 451 893

1321 370 1418 430 AD
1455 368 2049 432 AMPHILOCHIUM
2082 367 2428 440 ΟυιΕΞΤῐΟ
2465 369 2769 432 CLXXXI.

3576 372 3681 437 894

417 483 607 556 μάτων
637 496 699 535 τε
728 480 823 535 καὶ
854 478 1146 550 νοημάτων
1186 481 1573 551 περατούμενα
1600 482 1699 552 οὐχ
1726 480 1890 546 ἑξάδα
1915 478 2003 531 διὰ

2106 478 2411 546 terminari,
2443 480 2674 535 multum
2704 482 2878 547 abest,
2917 492 2969 537 ut
3004 492 3293 554 propterca
3323 497 3542 539 causam
3581 484 3681 537 ha-

412 574 593 638 τοῦτο,
628 574 690 627 οὐ
721 573 820 644 μὲν
852 568 947 627 οὖν
972 570 1093 625 οὐδὲ
1120 570 1315 625 πολλοῦ
1345 574 1445 635 δεῖ,
1476 572 1593 626 ἀλλ’
1639 571 1761 626 οὐδὲ
1791 570 1999 640 πλῆθος

418 667 603 730 ὲνάδος
633 666 667 737 ἦ
699 682 843 728 τινος
867 664 1036 735 ἄλλης
1065 662 1310 733 πληθύος
1352 666 1656 734 παρασχεῖν
1694 663 1878 717 αίτίαν
1904 661 2001 713 λά-

418 758 503 811 ϐοι
533 758 1013 827 συνεπιφέρεσθαι.
1058 756 1387 811 Τούναντίον
1437 756 1494 809 δὲ
1528 756 1587 809 τὸ
1620 756 1723 825 τῆς
1766 753 2000 823 Τριάδος

418 850 854 921 ἀπαράγραπτον
885 848 1165 917 διαφόροις
1214 847 1472 912 ἐπιδείξει
1522 847 1700 915 λόγοις
1753 844 2003 917 βεϐαιού-

422 958 583 1011 μενον
612 940 707 994 καὶ
739 940 801 993 τὸ
828 941 1165 1012 ἀμετάθετον
1186 940 1267 994 ἔτι
1302 940 1502 1010 μᾶλλον
1533 940 1879 1011 παραστήσει
1901 937 2000 1007 τῆς

420 1030 698 1100 θεολογίας
741 1030 834 1084 καὶ
868 1030 1248 1086 ἀναλλοίωτον.
1282 1031 1355 1084 Τὸ
1401 1032 1511 1102 γὰρ
1547 1031 1623 1101 μὴ
1663 1031 1763 1101 μιᾷ
1794 1028 2001 1099 θεωρία

419 1123 481 1175 τὸ
510 1122 648 1192 πρὸς
676 1122 939 1194 συστολὴν
967 1124 1209 1194 ἀρρεπὲς
1238 1125 1334 1177 καὶ
1362 1123 1671 1189 ὲξάπλωσιν
1701 1124 1798 1192 τῆς
1827 1124 2000 1194 ὑπερ-

424 1212 594 1283 φυοῦς
622 1213 850 1285 Τριάδος
897 1214 1413 1286 καταλαμΰάνεσθαι
1433 1256 1450 1282 ,
1490 1214 1822 1285 πολλαχόθεν
1853 1215 1909 1269 δὲ
1942 1215 2003 1268 τὸ

422 1305 822 1377 ἀμετακίνητον
866 1308 1038 1379 αὐτῆς
1065 1308 1157 1361 καὶ
1189 1307 1585 1379 ὲστηριγμένον
1621 1308 2001 1363 ἀνακαλύπτε-

422 1397 570 1461 σθαι,
603 1396 722 1462 πῶς
756 1398 858 1451 οὐκ
887 1398 953 1452 ἂν
982 1398 1068 1470 είη
1117 1399 1218 1469 τῆς
1261 1398 1497 1471 ὲξαρχῆς
1528 1400 1883 1470 ἀποδοθείσης
1924 1401 2004 1453 αξ-

420 1487 540 1550 τίας
568 1488 858 1559 βεϐαίωσις
909 1486 1316 1558 ἀνεξέλεγκτος
1350 1491 1412 1543 Εί
1449 1490 1548 1561 μὲν
1575 1489 1684 1559 γὰρ
1716 1489 1802 1541 ἐπ’
1840 1489 1999 1545 ἄλλου

422 1580 516 1631 καὶ
544 1579 707 1632 ἄλλου
741 1578 1106 1648 ὑποκειμένου
1128 1618 1142 1643 ,
1174 1578 1309 1632 ἀλλὰ
1339 1580 1415 1650 μὴ
1454 1579 1548 1632 ἐπὶ
1578 1580 1673 1650 τῆς
1699 1579 1870 1650 αὐτῆς
1908 1582 2003 1633 καὶ

422 1671 628 1735 ἑνιαίας
662 1670 917 1742 θεότητος
947 1672 981 1741 ἡ
1012 1669 1265 1741 τριαδικὴ
1296 1670 1774 1740 συγκεφαλαίωσις
1819 1671 2002 1739 διαφό-

422 1779 539 1833 ροις
570 1761 824 1835 θεωρίαις
858 1761 1236 1826 ἐπεδείκνυτο,
1262 1762 1415 1816 οὐδὲν
1437 1762 1676 1816 ἐκώλυεν
1703 1762 1780 1833 τῷ
1805 1763 2000 1831 πλήθει

2104 569 2227 624 beat
2258 570 2527 625 inferendi
2566 590 2851 627 numerum
2901 591 2995 630 sex
3049 591 3446 646 personarum,
3502 591 3683 645 neque

2102 661 2269 716 unius
2306 661 2395 716 vel
2430 663 2593 716 aliam
2646 666 3046 721 multitudinem
3071 709 3084 733 ,
3116 668 3212 722 sed
3254 670 3436 738 potius
3483 667 3684 722 immu-

2104 752 2428 808 tabilitatem
2462 756 2831 812 inviolabilem
2879 758 3169 814 Trinitatis
3216 761 3449 816 diversis
3506 761 3681 814 ratio-

2104 844 2265 899 nibus
2313 846 3140 915 conﬁrmatamdemonstrabit,
3179 851 3466 921 magisque
3517 849 3681 905 ﬁxam

2102 945 2174 996 ek
2226 946 2572 993 constantem
2647 939 2955 994 doctrinam
3030 942 3339 1013 Theologiae
3396 944 3678 1009 ostendet;

2104 1029 2332 1102 intelligi
2359 1033 2504 1086 enim
2557 1047 2672 1087 non
2708 1047 2815 1087 una
2852 1033 3314 1102 contemplatione
3365 1050 3473 1088 non
3520 1048 3682 1103 posse

2103 1125 2351 1179 contrahi
2381 1122 2709 1181 Trinitatem
2758 1141 2859 1181 nec
2904 1125 3159 1192 dilatari;
3204 1142 3272 1180 ex
3324 1126 3505 1181 multis
3553 1141 3682 1179 vero

2103 1213 2239 1270 locis
2270 1230 2334 1270 ae
2362 1216 2668 1273 rationibus
2709 1218 2954 1287 patelieri
2990 1219 3150 1273 lixam
3194 1225 3249 1271 et
3288 1216 3680 1272 immutabilem

2102 1322 2246 1373 esse,
2266 1309 2545 1377 quomodo
2577 1325 2682 1363 non
2711 1310 2817 1364 erit
2845 1309 3217 1374 conﬁrmatio,
3240 1324 3362 1379 qua:
3384 1309 3553 1364 rel'elli
3576 1326 3680 1364 non

2103 1407 2306 1469 potest,
2328 1415 2509 1455 causae
2537 1416 2567 1455 a
2602 1402 2872 1472 principio
2900 1402 3168 1458 redditae?
3212 1401 3267 1457 Si
3305 1401 3417 1472 (45)
3448 1402 3594 1457 enim
3626 1402 3681 1457 in

2102 1493 2210 1547 alio
2240 1501 2294 1546 et
2334 1493 2441 1547 alio
2472 1493 2742 1563 subjecto,
2790 1505 2843 1549 et
2875 1510 2981 1548 non
3020 1495 3072 1549 in
3104 1496 3295 1549 eadem
3334 1495 3451 1563 ipsa
3496 1504 3549 1548 et
3575 1508 3684 1547 una

2103 1584 2388 1639 divinitate
2418 1600 2633 1640 summa
2684 1584 2973 1641 Trinitatis
3011 1586 3504 1650 demonstraretur,
3547 1582 3683 1637 nihil

2104 1676 2439 1746 prohiberet,
2474 1679 2605 1746 quin
2638 1677 2824 1731 multis
2851 1676 3166 1731 nationibus
3193 1677 3452 1731 divinitas
3475 1675 3683 1745 alioqui

2105 1784 2214 1823 non
2248 1768 2694 1838 multiplicabilis,
2737 1768 3214 1837 multiplicaretur.
3258 1766 3353 1823 Sin
3383 1782 3512 1821 vero
3546 1780 3684 1834 quo-

419 1830 529 1908 τῶν
558 1830 963 1925 ἐνθυμημάτων
994 1854 1070 1924 μὴ
1099 1852 1583 1923 συμπληθύνεσθαι
1608 1855 1703 1908 καὶ
1731 1830 1792 1907 τὸ
1820 1830 2002 1925 ἀπλή-

2107 1862 2208 1918 ties
2238 1830 2492 1931 gratia-et
2524 1830 2751 1915 munere
2780 1859 2873 1914 Dei
2900 1830 3058 1915 nobis
3093 1860 3431 1927 conceditur,
3472 1868 3533 1914 ut
3563 1830 3684 1912 Tri-

422 1947 612 2003 θυντον
640 1948 741 2017 τῆς
773 1947 1049 2017 θεότητος.
1079 1945 1248 1999 Οὐδὲν
1271 1944 1463 2009 ὁσάκις
1495 1946 1863 2016 ὲπισκοπῆσαι
1901 1963 2001 2017 χα-

425 2038 796 2110 ριτωθείημεν
821 2039 916 2091 ἐπὶ
944 2040 1043 2110 τῆς
1069 2036 1241 2107 αὐτῆς
1264 2037 1612 2108 ύπεραγάθου
1642 2038 1892 2107 Τριάδος,
1909 2036 2001 2091 τὸν

426 2132 569 2201 ίερὶν
590 2130 779 2183 τοῦτον
792 2132 885 2183 καὶ
900 2129 1135 2201 ἀριθμοῦ
1149 2130 1435 2201 κρείττονα
1450 2130 2002 2202 καταλαμϐανόμενον

422 2223 677 2295 ἀριθμὸν,
706 2222 831 2274 οὔτε
862 2222 1306 2291 συστελλόμενον,
1343 2221 1468 2276 οὔτε
1511 2224 1616 2294 μὴν
1667 2222 2004 2294 ὑπεραπλούο

422 2332 610 2386 μενον,
644 2315 760 2378 πῶς
787 2315 907 2385 οὐχὶ
944 2314 1147 2385 μᾶλλον
1174 2314 1236 2367 τὸ
1265 2314 1469 2386 πλῆθος
1492 2317 1599 2369 τῶν
1631 2317 2001 2387 ἐπιχειρημά-

420 2423 528 2460 των
561 2406 1001 2478 ἀπαρὰγραπτόν
1023 2424 1081 2459 τε
1111 2408 1205 2461 καὶ
1230 2407 1705 2478 παναληθὲστατον
1733 2408 1795 2460 τὸ
1823 2408 1998 2478 ἀπλή-

422 2496 611 2550 θυντον
640 2499 788 2568 ἡμᾶς
820 2498 915 2551 καὶ
946 2499 1280 2569 ἁναφέρετον
1300 2499 1325 2537 κ
1375 2498 1474 2569 τῆς
1503 2497 1789 2569 τριαδικῆς
1818 2496 2002 2552 Θεολο·

421 2588 546 2657 γίας
582 2588 683 2641 οὐκ
718 2588 1029 2644 ἐκδιδάσκει
1060 2606 1075 2653 ;

498 2681 655 2736 Ἔστι
702 2682 799 2754 μὲν
823 2679 915 2737 οὖν
940 2684 1036 2736 καὶ
1065 2682 1228 2752 ἕτερα
1258 2683 1326 2736 δι’
1349 2676 1424 2737 ὧν
1455 2684 1491 2755 ἡ
1518 2684 1689 2755 Τριὰς
1736 2682 1878 2738 κατὰ
1906 2683 2004 2754 τὴν

421 2774 723 2845 ὁμοιότητα
752 2774 848 2828 τοῦ
896 2776 1313 2849 τεθεωρημένου
1357 2777 1518 2844 λόγου
1550 2775 2001 2847 παραδείκνυται.

423 2866 637 2934 Ὥσπερ
668 2866 765 2921 καὶ
792 2866 863 2920 τὰ
906 2869 1154 2932 τοιαῦτα,
1183 2868 1306 2932 νοῦς
1326 2908 1341 2934 ,
1370 2868 1581 2939 νοητὸν,
1625 2868 1833 2937 νόησις,
1885 2861 2005 2919 εἶτα

421 2958 598 3027 λόγος,
643 2960 737 3012 καὶ
783 2958 1029 3028 Πνεῦμα,
1078 2960 1171 3014 καὶ
1214 2962 1275 3013 τὸ
1322 2960 1379 3025 ἐξ
1414 2952 1474 3011 οὗ
1506 2958 1683 3012 ταῦτα
1733 2958 2000 3029 πρόεισιν.

434 3048 596 3101 Ἀλλὰ
620 3048 729 3119 γὰρ
761 3049 855 3102 καὶ
888 3050 1241 3121 ύπεράρχιος,
1273 3054 1367 3104 καὶ
1394 3050 1609 3121 πρώτη,
1642 3050 1738 3102 καὶ
1763 3050 2005 3120 ἔμφυτος

2103 1955 2327 2009 nitatem
2368 1953 2803 2022 contemplemur
2826 1992 2840 2016 ,
2886 1952 2941 2005 in
2984 1952 3175 2005 eadem
3209 1951 3478 2006 Triniiate
3515 1966 3681 2020 supra

2102 2059 2266 2114 quam
2306 2044 2447 2099 bona
2484 2042 2627 2097 hunc
2658 2058 2873 2096 sacrum
2904 2056 3213 2106 numerum,
3245 2041 3337 2111 qui
3389 2056 3681 2095 numerum

2104 2134 2295 2198 vincit,
2331 2150 2510 2205 neque
2541 2136 2792 2190 contrahi
2828 2149 3006 2201 neque
3038 2133 3287 2205 ampliari
3330 2132 3683 2203 intelligentia

2103 2230 2645 2298 comprehendimus,
2693 2227 2973 2298 quomodo
3017 2242 3126 2281 non
3169 2225 3343 2296 magis
3388 2225 3685 2279 multitudo

2105 2332 2553 2393 argumentorum
2586 2324 2741 2377 docet
2787 2336 2884 2375 nos
2934 2320 3063 2374 illud
3121 2335 3225 2374 non
3274 2316 3686 2386 multiplicabile

2104 2412 2415 2479 Trinitatis,
2442 2413 2779 2476 inviolabile,
2800 2422 2855 2468 et
2885 2411 3225 2467 immutabile
3250 2426 3315 2466 ac
3337 2411 3682 2466 verissimum

2103 2520 2249 2571 esse,
2284 2514 2339 2561 et
2365 2506 2479 2561 tolli
2512 2520 2620 2560 non
2653 2520 2836 2575 posse.

2178 2687 2320 2742 Sunt
2363 2695 2418 2742 et
2474 2687 2581 2741 alia
2629 2686 2833 2757 quibus
2864 2684 3105 2740 Trinitas
3155 2684 3220 2739 ad
3275 2683 3683 2741 similitudinem

2107 2779 2411 2848 superioris
2428 2776 2907 2847 contemplationis
2925 2775 3357 2838 SUbOSlelldilltl‘,
3379 2773 3686 2842 cujusniodi

2107 2880 2236 2926 sunt
2266 2872 2405 2933 hIEC,
2438 2869 2771 2932 intellectus,
2807 2868 3122 2923 intellectile
3149 2874 3205 2921 et
3241 2866 3558 2943 intellectio,
3593 2865 3687 2919 de-

2109 2964 2235 3019 inde
2253 2963 2368 3033 (46)
2386 2961 2626 3018 Verbum
2648 2974 2702 3017 et
2734 2960 2997 3033 Spiritus,
3022 2972 3075 3015 et
3096 2974 3164 3015 ex
3193 2974 3303 3029 quo
3330 2959 3445 3013 hinc
3466 2967 3686 3013 exeunt.

2109 3053 2214 3107 Sed
2235 3055 2382 3108 enim
2404 3062 2459 3107 et
2487 3053 2835 3123 principatus
2856 3054 3090 3122 primus,
3114 3060 3169 3105 et
3194 3049 3415 3113 insitus,
3445 3059 3497 3103 et
3526 3064 3689 3118 supra

421 3138 588 3208 ἀρχὴ,
614 3141 709 3191 καὶ
734 3134 809 3192 ὦν
834 3138 976 3192 κατά
997 3142 1087 3193 τὸν
1109 3140 1267 3209 λόγον
1299 3142 1397 3211 τῆς
1427 3140 1707 3209 συμφυΐας
1729 3141 2003 3211 καθέστη-

2108 3145 2497 3214 principatum,
2541 3154 2595 3200 et
2641 3160 2878 3214 quorum
2913 3153 2997 3199 est
3021 3143 3360 3213 principatus
3391 3143 3689 3196 secundum

422 3244 517 3281 κεν
543 3230 710 3299 ἀρχή.
752 3229 844 3295 Ἐξ
879 3223 941 3283 οὗ
980 3232 1076 3284 καὶ
1107 3232 1143 3302 ἡ
1188 3234 1247 3283 ὲν
1281 3234 1391 3295 τοῖς
1432 3227 1587 3283 οὖσιν
1619 3230 1825 3284 ἅπασιν
1864 3233 2003 3285 κατὰ

2113 3236 2379 3289 rationein
2409 3235 2502 3286 τοῦ
2535 3236 2844 3304 συμφυΐας,
2890 3248 2955 3289 ex
3014 3249 3125 3302 quo
3177 3234 3292 3287 exit
3327 3232 3687 3300 principatus,

420 3317 742 3373 δεσποτείαν
785 3322 879 3374 καὶ
927 3320 1226 3391 κυριότητα
1266 3320 1514 3391 πρόεισιν
1558 3317 1721 3387 ἀρχή.
1773 3317 2008 3372 Ἔπειτα

426 3413 730 3482 γεννήτωρ,
762 3413 1031 3484 γέννημα,
1057 3412 1301 3481 Πνεῦμα⁸
1326 3412 1388 3464 οὐ
1417 3411 1528 3483 γὰρ
1558 3412 1750 3478 ἄγονον
1773 3412 1806 3481 ἡ
1833 3409 2005 3481 πηγὴ,

423 3504 517 3556 καὶ
549 3503 699 3558 αἰτία
738 3507 957 3558 πάντων
1002 3504 1110 3558 τῶν
1144 3503 1500 3575 γεννωμένων
1524 3544 1539 3569 ,
1582 3503 1691 3556 οὐδ’
1738 3504 1939 3565 ἄπνους
1973 3504 2006 3573 ἠ

431 3596 669 3666 χορηγία
704 3596 923 3650 πάντων
971 3597 1072 3667 τῆς
1112 3598 1303 3668 πνοῆς.
1348 3595 1486 3650 Οὐδὲ
1531 3595 1643 3650 τῶν
1690 3594 1863 3664 αὐτῆς
1913 3594 2008 3665 δη-

427 3689 860 3760 μιουργημάτων
902 3689 1268 3761 ἐνδεέστερον,
1305 3689 1386 3744 ἔτι
1434 3687 1734 3759 ζωογονοῦν
1776 3688 2009 3758 πρώτως

424 3782 523 3833 καὶ
557 3780 752 3851 πρῶτα
777 3818 793 3844 ,
827 3782 1127 3853 ὑπερφυῶς
1172 3782 1293 3852 μὲν,
1346 3781 1488 3836 κατὰ
1531 3782 1587 3835 δὲ
1633 3782 1734 3851 τὴν
1768 3781 2009 3852 ἔμφυτον

427 3873 600 3943 αὐτῆς
643 3875 738 3926 καὶ
796 3873 936 3946 ὑπὲρ
982 3874 1139 3942 λόγον
1171 3874 1428 3946 ἰδιότητα.
1462 3875 1554 3927 Δεῖ
1601 3872 1710 3945 γὰρ
1753 3875 2011 3945 προηγεῖ-

430 3964 553 4018 σθαι
606 3965 716 4019 τῶν
762 3965 1125 4037 δημιουργίας
1170 3964 1337 4036 λόγῳ,
1388 3966 1480 4018 καὶ
1514 3964 1833 4027 δεσποτείας
1875 3980 2009 4034 προ-

430 4054 705 4125 αχθέντων
750 4073 809 4109 τε
861 4057 957 4110 καὶ
1014 4056 1466 4126 ζωογονουμένων
1513 4055 1614 4126 τὴν
1667 4055 2008 4125 προάναρχον

427 4146 538 4199 τῶν
568 4148 867 4219 ὑπερφυῶν
891 4165 951 4201 τε
982 4150 1079 4203 καὶ
1136 4148 1478 4219 ὑπερουσίων
1508 4146 1671 4217 φύσιν
1703 4148 1798 4201 καὶ
1839 4146 2005 4217 ζωὴν,

428 4240 521 4294 καὶ
551 4242 629 4304 εἰς
654 4239 673 4279 ι
714 4240 1057 4312 ἀπαύγασμα
1086 4243 1181 4295 καὶ
1214 4241 1511 4311 μιμήματα
1539 4240 1635 4295 καὶ⁸
1690 4239 1824 4311 ἄλλη
1856 4240 2008 4293 πᾶσα

429 4331 774 4406 καθέστηκεν
798 4334 960 4403 φύσις
992 4336 1086 4387 καὶ
1112 4333 1247 4403 ζωὴ,
1278 4334 1401 4387 ἐπεὶ
1431 4335 1534 4387 κάν
1565 4335 1672 4397 τοῖς
1707 4332 2007 4404 περιγείοις

428 4424 462 4495 ἡ
493 4423 655 4492 φύσις
686 4424 785 4495 τῆς
819 4426 1015 4496 τέχνης
1057 4425 1378 4496 προῖδρυταί
1411 4441 1472 4477 τε
1516 4426 1609 4479 καὶ
1636 4423 2001 4494 προκάθηται.

2108 3326 2202 3396 qui
2238 3334 2323 3379 est
2356 3324 2410 3379 in
2442 3326 2722 3389 omnibus,
2758 3340 2880 3395 qua:
2923 3333 3054 3379 sunt
3088 3324 3388 3379 secundum
3438 3323 3690 3376 domina-

2110 3417 2335 3470 tionem.
2389 3416 2529 3469 Sunt
2566 3424 2774 3485 postea,
2810 3414 3050 3485 genitor,
3088 3428 3345 3484 germen,
3397 3428 3503 3465 non
3544 3411 3689 3464 enim

2108 3508 2313 3562 Stet-ilis
2346 3520 2450 3570 est,
2479 3516 2533 3561 et
2556 3522 2665 3561 non
2695 3506 2984 3570 fecundus,
3008 3505 3100 3575 qui
3133 3516 3215 3560 est
3236 3503 3361 3559 fons
3389 3512 3444 3558 et
3463 3502 3693 3558 eﬁ‘ector

2109 3599 2379 3663 omnium,
2433 3598 2527 3668 qui
2560 3598 2897 3668 gignuntur;
2935 3612 3110 3666 neque
3150 3596 3269 3650 sine
3297 3594 3500 3665 Spiritu
3528 3633 3545 3659 ,
3595 3594 3689 3663 qui

2112 3694 2314 3760 praebet
2362 3688 2627 3759 Spiritum
2686 3689 2981 3751 omnibus,
3029 3703 3209 3758 neque
3261 3687 3531 3741 creaturis
3576 3687 3693 3740 suis

2108 3784 2381 3854 egentior;
2426 3794 2509 3838 est
2550 3794 2815 3853 prieterea
2854 3782 3103 3836 viviﬁcus
3132 3781 3365 3850 primum
3398 3789 3451 3833 et
3484 3780 3695 3849 primo-

2109 3892 2276 3941 rum,
2332 3891 2497 3945 supra
2543 3885 2795 3930 naturam
2832 3874 3086 3945 quidem,
3128 3882 3321 3945 tamen
3385 3873 3690 3927 secundum

2108 3967 2500 4037 proprietatem
2549 3968 2651 4021 sibi
2704 3967 2925 4020 insitam
2974 3974 3077 4027 est,
3121 3975 3176 4018 et
3204 3979 3391 4032 supra,
3438 3976 3601 4033 quam
3636 3974 3694 4017 ut

2108 4060 2249 4112 ratio
2283 4074 2403 4113 eam
2438 4060 2657 4129 assequi
2692 4059 2888 4128 possit,
2950 4065 3166 4127 oportet
3222 4057 3369 4110 enim
3429 4057 3495 4110 iis
3522 4096 3539 4122 ,
3571 4073 3693 4126 qua:

2109 4149 2321 4202 ratione
2370 4148 2669 4202 creatioiiis
2705 4158 2761 4201 et
2804 4148 3197 4202 dominationis
3231 4144 3501 4215 producta
3541 4155 3688 4212 sunt,

2107 4249 2162 4294 et
2215 4239 2486 4293 vivilicata
2546 4240 2758 4293 anteire
2815 4239 2928 4309 (47)
2978 4247 3229 4292 naturam
3270 4246 3323 4292 et
3372 4238 3536 4292 vitam
3573 4238 3690 4292 sine

2109 4331 2265 4385 initio
2298 4332 2600 4401 principem
2634 4345 2846 4393 eorum,
2880 4345 3001 4400 qua:
3032 4338 3160 4385 sunt
3202 4329 3446 4400 eiusdem
3483 4341 3691 4383 natura:

2108 4432 2164 4477 et
2185 4422 2527 4488 substantiae,
2546 4432 2601 4478 et
2623 4423 2781 4491 cujus
2799 4422 3058 4492 splendor
3079 4429 3185 4484 est,
3204 4432 3255 4476 et
3282 4422 3348 4476 ad
3374 4422 3533 4491 cujus
3564 4421 3690 4474 imi-

433 4518 535 4570 Ἠν
564 4517 814 4589 ἀνάγκην
856 4520 1017 4574 πάλιν
1058 4518 1160 4571 οὐκ
1205 4517 1599 4571 αὑτοδὲσποτον
1634 4517 1742 4570 οὐδ’
1772 4514 2003 4586 ἄναρχον

2115 4516 2378 4571 tationem
2424 4525 2479 4571 et
2527 4516 2839 4585 exemplum
2877 4514 3058 4570 omnis
3109 4514 3215 4568 alia
3246 4526 3438 4569 natura
3471 4524 3525 4569 et
3578 4512 3689 4565 vita

1693 4668 1927 4725 VARle
1967 4667 2368 4727 LECTIONES.

508 4791 533 4832 ι
560 4792 943 4863 ἀναφαίρετον.
976 4790 1105 4847 Car.
1184 4801 1201 4844 ι
1238 4791 1272 4845 ι.
1304 4785 1390 4861 ἦς.
1425 4789 1552 4845 CAP.

1974 4928 2209 4985 ΝΟΤᾹΕ.

522 5066 863 5124 45lSi...

499 5065 614 5137 (45)
647 5066 711 5124 Si
742 5102 760 5122 .
792 5105 807 5120 .
844 5102 863 5120 .
946 5080 1153 5118 summa
1204 5065 1482 5118 Trinitatis
1525 5065 2001 5129 demonstraretur,

431 5138 563 5191 nihil
619 5134 1691 5207 prohiberetquiirinultisnationibus
1748 5135 2002 5207 divinitas

430 5205 632 5279 alioqui
656 5223 759 5261 non
782 5205 1215 5279 Amultiplicabilis
1254 5205 1724 5279 r_nultip_licar_etur.
1752 5205 1816 5279 Et
1858 5205 1957 5279 μεν
1985 5242 2000 5258 .

433 5318 448 5333 .
478 5313 494 5331 .
526 5274 599 5347 [ἡ
647 5274 1711 5347 τριαδικὴᾼΑσυγκεφαλαίωσιςᾷδιαφόροις
1750 5274 2005 5347 θεωρίαις

429 5344 797 5414 ἐπεδείκνυτο,
824 5344 976 5399 οὐδὲν
998 5344 1246 5416 Δἐκώλυεν
1273 5344 1351 5416 τῷ
1377 5345 1573 5416 πλήθει
1600 5344 1733 5416 ξτῷν
1772 5344 2007 5416 ἐνθυμη-

432 5418 621 5538 μάτων
656 5419 730 5488 μὴ
763 5413 1244 5496 συμπληθύνεσθαι
1279 5413 1372 5469 καὶ
1408 5413 1480 5467 τὸί
1518 5413 1857 5496 ᾁπλήθυντον
1914 5413 2012 5495 τῆς

466 5487 706 5538 εότητος.
737 5487 791 5538 Id
825 5496 946 5538 est:
1009 5502 1029 5537 ι
1071 5486 1129 5538 Si
1196 5500 1413 5538 summa
1449 5483 1734 5538 Trinitatis
1774 5484 2012 5538 diversis

466 5483 791 5557 εότητος.’1ιι
825 5483 946 5541 est:
973 5483 981 5485 ⁷
1009 5502 1043 5557 ιΔ
1071 5486 1129 5540 Si
1196 5500 1413 5540 summa
1449 5483 1734 5557 Trinitatis
1774 5484 2013 5557 diversis

431 5553 971 5613 considerationibus
1017 5555 1511 5619 demonstraretur,
1568 5554 1703 5609 nihil
1753 5553 2014 5624 prohibe-

432 5637 513 5679 ret
544 5630 674 5695 quin
714 5628 876 5683 simul
907 5642 1030 5682 cuin
1060 5635 1504 5696 argumentorum
1529 5625 1877 5696 multitudine
1898 5640 2009 5678 non

435 5694 889 5768 multiplicaretur
947 5694 1413 5753 etiam"divinitas
1470 5694 2009 5766 multiplicabilitatis

435 5780 648 5838 expers.

946 5080 1153 5118 summa
1204 5063 1482 5118 Trinitatis
1525 5065 2001 5129 demonstraretur,

2184 5065 2296 5136 (40)
2340 5066 2566 5121 Verbum
2593 5074 2643 5121 et
2666 5064 2899 5135 Spiritus
2929 5074 2979 5136 et
3005 5080 3069 5136 eg:
3097 5081 3156 5118 eo
3176 5080 3279 5136 gito
3322 5064 3432 5119 haec
3476 5074 3687 5136 excutit.

2111 5129 2288 5204 Λόγος
2314 5137 2405 5190 καὶ
2441 5137 2662 5205 Πνεῦμα
2691 5129 2867 5188 καὶτὸ
2902 5134 2962 5200 ἐξ
2992 5129 3053 5188 οὗ
3100 5129 3269 5187 ταῦτα
3311 5137 3577 5204 πρόεισιν.
3634 5133 3691 5188 Id

2110 5217 2193 5261 est
2219 5224 2233 5260 :
2274 5226 2292 5258 ι
2333 5208 2566 5262 Verbum
2596 5215 2650 5261 et
2679 5205 2919 5274 Spiritus
2940 5216 2993 5259 et
3027 5206 3160 5259 illud
3190 5220 3253 5259 ex
3277 5220 3388 5273 quo
3424 5206 3539 5258 haec
3564 5219 3691 5273 pro-

2111 5278 2331 5332 cedunt.
2371 5296 2390 5329 ι
2435 5277 2631 5349 Agitur
2669 5277 2815 5331 enim
2852 5277 2943 5332 hic
2970 5276 3037 5331 de
3082 5276 3287 5331 divinis
3323 5276 3690 5346 pmcessioni—

2109 5347 2213 5401 bus
2238 5364 2301 5401 ex
2336 5357 2506 5401 natre.

2150 5363 2213 5402 us
2238 5364 2301 5401 ex
2336 5357 2506 5402 patre.

2182 5418 2296 5487 (47)
2326 5412 2596 5471 Naturam
2621 5426 2669 5470 et
2700 5418 2865 5470 vitam
2886 5454 2999 5487 .L.
3029 5432 3210 5470 eorum
3234 5430 3353 5486 qius
3383 5423 3503 5487 siml
3547 5412 3692 5487 eius-

2108 5484 2225 5541 dem
2249 5484 2459 5543 natura:
2482 5498 2532 5542 et
2552 5488 2886 5558 substantiae.
2916 5485 3025 5558 Τὴν
3039 5488 3147 5539 τῶν
3177 5484 3471 5558 ὑπερφυῶν
3503 5501 3563 5537 τε
3593 5484 3691 5536 καὶ

2109 5558 2451 5627 ὑπερουσίων
2480 5557 2642 5626 φύσιν
2692 5559 2782 5609 καὶ
2834 5557 3002 5627 ζωήν.
3026 5558 3079 5612 Id
3104 5565 3191 5612 est
3222 5573 3236 5609 :
3272 5574 3290 5607 ι
3323 5557 3587 5609 Naturam
3635 5564 3686 5608 et

2108 5626 2275 5701 vitam
2316 5644 2506 5701 eorum
2542 5642 2665 5696 quae
2701 5636 2834 5683 sunt
2892 5626 3059 5698 supra
3113 5626 3365 5701 naturam
3420 5635 3477 5681 et
3520 5638 3686 5696 supra

2109 5699 2496 5755 substantiam.
2544 5714 2564 5749 ι
