4110 6436
433 342 545 407 8’35

1599 340 1862 402 PI—lO’l‘II
1896 339 2404 400 PATRIARCHAS
2443 339 2548 398 (ΣΡ.

3609 341 3715 406 896

391 493 394 495 λ
431 460 658 523 exstitit,
731 457 845 530 (48)
889 457 1018 513 licet
1056 458 1278 513 terrenis
1325 467 1521 512 natura
1561 458 1694 514 artis
1739 458 2021 528 prmposita

2133 455 2296 510 οὖσαν
2328 455 2463 526 πρὸς
2491 455 2686 526 ἑτέραν
2719 454 2952 508 ἀπασῶν
2983 453 3093 508 τῶν
3136 455 3351 521 φύσεων
3377 455 3708 528 δημιουργὸν

391 547 393 549 ’
440 564 491 608 et
515 553 751 608 antelata
780 559 948 614 esset,
972 566 1135 620 quam
1166 566 1391 606 necesse
1416 560 1564 606 esset
1592 567 1808 615 rursus,
1838 560 2026 620 utpote

432 660 542 698 non
574 643 821 707 liberam,
857 657 1036 712 neque
1069 641 1188 695 sine
1216 641 1374 695 initio
1401 641 1467 695 ad
1500 640 1914 696 similitudinem
1947 639 2025 693 al-

435 738 628 798 terius,
661 752 783 805 quae
818 745 966 789 esset
996 734 1240 788 omnium
1297 744 1622 788 naturarum
1669 733 1934 801 eﬂ'ectrix,
1971 741 2026 790 et

433 811 593 895 supra
636 843 796 894 quam
829 827 936 879 dici
974 834 1176 896 posset,
1214 827 1437 886 eximia,
1473 825 1585 895 (49)
1616 827 1782 880 veluti
1827 825 2024 897 imagi—

2134 549 2230 602 καὶ
2275 547 2622 618 ὲξηρημένην
2672 545 2853 599 αὑτῶν
2896 545 3228 616 ἀφθέγκτοις
3279 547 3577 618 ὑπεροχαῖς
3615 549 3720 620 τῆς

2133 640 2447 710 γεννήσεως
2472 639 2697 710 ἄγαλμα
2725 639 2788 692 τὸ
2817 639 3086 692 ποιεῖσθαί
3115 656 3174 692 τε
3204 640 3299 693 καὶ
3333 640 3715 700 συνίστασθαι.

2136 732 2312 786 Πολλά
2340 731 2382 784 δ’
2411 731 2477 785 ἂν
2510 734 2603 784 καὶ
2652 732 2820 801 ἕτερα
2851 732 2938 802 εἴη
2969 731 3105 803 πρὸς
3134 731 3231 803 τὴν
3269 731 3436 801 αὑτὴν
3480 731 3717 803 θεωρίαν

2132 824 2589 895 διοικονομεῖσθαι
2625 825 2920 895 δυνάμενα.

432 909 555 974 nem
591 916 812 971 formari
843 926 897 971 et
929 916 1215 971 constitui.
1263 915 1431 970 Multa
1493 917 1598 970 alia
1645 925 1991 985 essent,qua:
2038 926 2264 988 possent
2292 915 2356 970 ad
2377 915 2626 972 eamdem
2646 915 3167 984 contemplationem
3198 914 3565 971 adhiberi.....
3601 919 3714 988 (50)

504 1008 635 1062 Novi
673 1022 854 1063 autem
886 1010 1180 1063 nonnullos
1211 1008 1304 1076 qui
1337 1009 1498 1062 aliam
1529 1008 1823 1078 quamdam
1855 1008 2021 1077 hujus

436 1102 680 1170 mvSIerii
743 1103 1161 1170 explicationem
1236 1101 1595 1173 sytnbolicam
1667 1101 2016 1170 protulerint.

437 1198 596 1260 Deus,
632 1197 924 1263 inquiunt,
959 1195 1256 1249 virtutibus
1306 1204 1358 1248 cl
1392 1194 1621 1263 justitite
1666 1193 1864 1248 trutina
1901 1209 2021 1247 om-

435 1289 582 1340 nittm
631 1289 1026 1355 providentiam
1057 1287 1257 1351 librat;
1290 1286 1549 1355 quoniam
1576 1286 1745 1356 igitur
1773 1287 1918 1355 quod
1951 1285 2019 1340 ab

437 1381 748 1434 lmunnibus
771 1381 1140 1448 excogitatum
1177 1388 1259 1432 est
1287 1381 1352 1432 ad
1388 1379 1668 1431 ferendum
1694 1379 1759 1431 de
1792 1377 2014 1446 teqttali-

433 1471 536 1526 bus
569 1483 621 1525 et
655 1472 1015 1540 inaequalibus
1055 1471 1356 1539 judicium,
1410 1471 1515 1524 hoc
1548 1471 1766 1540 proprie
1815 1469 2019 1524 trutina

433 1563 654 1624 dicitur,
690 1563 846 1632 cujus
885 1563 1205 1616 extremitas
1230 1571 1460 1630 utraque
1510 1563 1687 1615 media
1733 1579 1796 1617 ex
1845 1574 2019 1632 parte,

2201 1006 2332 1063 Οἶδα
2364 1007 2421 1062 δέ
2453 1024 2604 1069 τινας
2636 1006 2890 1069 εἰπόντας
2922 1006 3016 1058 καὶ
3047 1005 3237 1073 ἑτέραν
3267 1006 3389 1058 τινὰ
3425 1006 3718 1076 συμϐουλι-

2131 1101 2234 1172 κην
2266 1100 2523 1171 θεωρίαν.
2542 1100 2812 1170 Ἀρεταῖς,
2849 1099 3003 1166 φασὶ,
3041 1097 3099 1150 τὸ
3131 1099 3285 1150 Θεῖον
3319 1099 3414 1150 καὶ
3449 1095 3601 1168 ζυγῷ
3635 1099 3715 1150 δι-

2130 1193 2426 1264 καιοσύνης
2445 1191 2544 1263 τὴν
2569 1191 2826 1262 πρόνοιαν
2854 1191 3073 1243 πάντων
3102 1190 3446 1243 ταλιαντεὺων
3469 1200 3528 1244 π’.
3564 1188 3717 1244 Ἐπεὶ

2126 1285 2220 1342 οὖν
2252 1289 2345 1341 καὶ
2372 1287 2400 1340 ὃ
2427 1288 2538 1349 τοῖς
2571 1284 2878 1355 ἀνθρώποις
2911 1283 3253 1352 ἐπινενόηται
3290 1287 3573 1354 κριτήριον
3607 1285 3717 1338 τῶν

2129 1381 2259 1434 ἴσων
2304 1397 2364 1432 τε
2415 1379 2510 1432 καὶ
2553 1378 2772 1442 ἀνίσων,
2819 1377 2982 1443 ζυγὸν
3017 1375 3062 1427 δ’
3104 1375 3235 1428 αὑτὸ
3283 1374 3711 1445 κυριολογοῦσιν.

2141 1473 2302 1526 Ἀλλά
2331 1473 2439 1543 γὰρ
2471 1469 2629 1524 τοῦτο
2654 1478 2680 1506 ιι
2714 1469 2782 1521 τὰ
2817 1471 2946 1540 παρ’
2975 1469 3209 1537 ἑκάτερα
3247 1466 3338 1548 δὺο
3372 1467 3586 1537 πέρατα
3617 1467 3716 1536 τῆς

2129 1566 2271 1617 κατά
2299 1561 2358 1614 τὸ
2395 1561 2558 1632 μέσον
2587 1559 2811 1630 κεραίας
2836 1557 3154 1629 ἐξήρτηται.
3186 1558 3294 1610 Καὶ
3321 1556 3585 1627 τριαδικῴ
3617 1557 3717 1624 μὲν

431 1668 595 1721 quam
629 1667 857 1705 examen
887 1659 1105 1716 vocant,
1141 1650 1409 1719 dependet
1436 1667 1450 1718 ;
1485 1661 1538 1705 et
1565 1652 1673 1721 (5|)
1705 1654 1850 1706 trina
1894 1655 2020 1724 qui-

2131 1654 2380 1726 ίδιώματι
2419 1654 2480 1708 τὸ
2518 1653 2661 1707 κατά
2697 1655 2796 1716 τὰς
2830 1653 3157 1714 ὑποστάσεις
3197 1651 3452 1721 διάφορον
3494 1649 3715 1702 ὑποδεί-

431 1743 553 1797 dem
590 1743 924 1811 proprietate
965 1758 1094 1804 sua,
1120 1742 1429 1796 divinarum
1465 1759 1827 1812 personarum
1860 1743 2016 1797 ditl‘e-

430 1836 661 1889 rentiam
685 1834 995 1889 subindicat
1031 1851 1044 1887 :
1077 1834 1267 1887 harum
1291 1844 1475 1889 autem
1510 1835 1732 1890 trutinae
1761 1836 2012 1905 proprie-

436 1936 611 1980 talum
648 1929 868 1980 unicum
925 1935 1009 1981 est
1053 1925 1362 1995 judicium,
1422 1933 1476 1980 et
1522 1927 1682 1980 unica
1732 1926 2014 1996 operatio;

2114 1765 2327 1803 κνυται.
2360 1749 2475 1802 Μία
2495 1747 2551 1799 δὲ
2579 1745 2786 1800 τούτων
2813 1747 2930 1798 ἐστὶ
2961 1745 3052 1798 καὶ
3078 1745 3112 1815 ἡ
3146 1743 3329 1814 κρίσις
3356 1759 3390 1795 κ
3408 1743 3463 1794 αὶ
3488 1743 3519 1812 ἡ
3556 1742 3712 1810 ἐνέρ-

2115 1857 2242 1909 γεια
2263 1882 2278 1905 ,
2313 1840 2409 1895 καὶ
2437 1838 2610 1910 ταύτῃ
2653 1836 2936 1909 τριαδικὴν
2970 1838 3026 1889 ὲν
3060 1836 3239 1908 ἑαυτῷ
3271 1835 3367 1889 καὶ
3418 1834 3712 1905 μοναδικὴν

2117 1932 2356 2003 θεωρίαν
2387 1930 2641 1996 είκονίζει
2667 1972 2681 1996 ,
2709 1931 2809 1984 οὑκ
2844 1931 3002 2000 ἔσχεν
3043 1928 3203 1998 ὕϐριν
3232 1930 3260 1982 ὁ
3286 1929 3393 1981 τῶν
3424 1928 3560 1982 ὅλων
3586 1945 3711 1997 κρι-

431 2019 622 2088 sicque
655 2019 858 2073 trutina
913 2027 969 2073 et
1015 2021 1179 2073 trium
1213 2033 1572 2088 personarum
1621 2027 1676 2072 et
1722 2018 2020 2087 singularis

2125 2025 2237 2096 τὴς,
2273 2026 2368 2079 καὶ
2399 2023 2741 2094 ζυγοστάτης
2775 2022 2926 2086 Θεὸς,
2961 2021 3049 2074 διὰ
3079 2020 3186 2074 τῶν
3223 2021 3352 2091 ἡμῖν
3395 2020 3712 2089 συντρόφων

432 2124 644 2167 natura:
675 2111 820 2185 [Dei]
855 2112 1349 2168 considerationem
1391 2111 1626 2181 quadam
1686 2111 1834 2166 velut
1884 2113 2022 2165 ima-

431 2208 554 2277 gine
582 2207 633 2260 in
671 2222 730 2261 se
762 2209 877 2276 ipsa
915 2205 1212 2275 exprimit,
1271 2221 1377 2259 non
1411 2205 1873 2260 contumeliosum
1911 2206 2018 2260 sibi

2123 2116 2318 2180 φωνῶν
2358 2116 2456 2185 τὴν
2504 2113 2888 2184 ἀκατάληπτον
2936 2110 3102 2165 αὑτοῦ
3158 2111 3488 2180 θεογνωσίαν
3534 2127 3714 2178 παρα-

2127 2207 2484 2262 πτὺσσεσθαι.

429 2316 552 2355 esse
581 2300 910 2354 existimavit
937 2301 1316 2353 universorum
1337 2298 1502 2367 judex
1530 2309 1583 2353 et
1609 2301 1769 2370 quasi
1799 2301 2028 2356 librator
2064 2301 2210 2359 Deus
2235 2303 2842 2374 incomprehensibiletn
2916 2299 3000 2355 sui
3066 2296 3316 2352 notitiam
3350 2312 3446 2352 uer
3476 2310 3711 2351 consue-

430 2401 515 2446 tas
543 2390 698 2444 nobis
729 2405 888 2443 voces
928 2390 1179 2458 detegere
1209 2399 1262 2443 et
1289 2391 1586 2460 explicare.

501 2484 688 2539 Possis
717 2485 881 2538 etiam
910 2485 1025 2553 ipse
1051 2485 1353 2547 advertere,
1392 2484 1446 2537 in
1474 2485 1579 2538 alio
1609 2484 1759 2538 nullo
1796 2484 2020 2555 [praeter

433 2576 758 2649 ternarium]
821 2592 1049 2632 numero
1110 2577 1249 2632 duas
1309 2578 1685 2632 extremitates
1742 2578 2017 2633 medietati

429 2670 684 2739 conjungi
719 2685 812 2739 per
828 2668 1159 2740 singularem
1184 2681 1236 2722 et
1267 2667 1592 2722 differentia:
1622 2669 1802 2723 omnis
1831 2684 2019 2738 exper-

435 2775 541 2816 tem
577 2761 948 2830 mqualitatcm
980 2799 995 2824 ,
1045 2761 1472 2813 indiversitatem
1533 2770 1588 2814 et
1642 2760 2015 2814 indistantiam

2200 2485 2325 2538 Οὐδ’
2355 2483 2421 2538 ἂν
2451 2482 2722 2554 ὲπιθεωρή
2736 2497 2854 2544 παις
2887 2479 2961 2542 ὡς
2994 2478 3080 2531 ἐπ’
3116 2475 3329 2535 οὑδενδς
3370 2473 3486 2526 ἔστι
3524 2471 3711 2527 λαϐεῖν

2125 2573 2232 2627 τῶν
2258 2573 2432 2627 ἄλλων
2458 2572 2707 2645 ἀριθμῶν
2737 2571 2876 2641 πλὴν
2907 2569 3004 2639 τῆς
3040 2568 3268 2639 Τριάδος
3288 2563 3697 2636 ἀπαραλλάκτῳ

2127 2669 2220 2719 καὶ
2254 2665 2433 2738 ἐνιαίᾳ
2469 2665 2673 2735 ἰσότητι
2719 2664 2785 2716 τὰ
2832 2664 2978 2733 ἄκρα
3010 2660 3087 2730 τῷ
3121 2661 3268 2730 μέσῳ
3302 2655 3706 2724 συναπτόμενα.

2133 2761 2198 2811 Ὃ
2232 2758 2413 2811 τοίνυν
2443 2759 2499 2811 ὲν
2527 2757 2781 2828 ἀριθμοῖς
2803 2754 2862 2808 τὸ
2895 2754 3007 2806 ἴσον
3040 2752 3132 2805 καὶ
3161 2749 3581 2820 ἀπαράλλακτον
3614 2747 3710 2799 καὶ

431 2865 530 2905 seu
563 2849 978 2918 inseparabilem
1029 2847 1107 2918 [in
1157 2865 1214 2903 re
1269 2858 1447 2902 tamen
1493 2848 1806 2920 inconl‘nsa]
1858 2850 2016 2904 nobis

2125 2852 2444 2905 ἀδιάστατον
2478 2851 2535 2902 ἐν
2580 2848 2658 2918 τῷ
2704 2845 2996 2916 ἀσυγχὺτῳ
3036 2843 3380 2912 ὑπογράφει,
3425 2839 3520 2893 καὶ
3555 2837 3708 2909 ἱεράν

433 2942 671 2996 delineat
717 2949 770 2994 et
832 2957 1046 2995 sacram
1096 2941 1393 3009 quamdam
1458 2949 1662 2996 nostra:
1707 2940 2021 3008 Tlieologia:

434 3034 617 3087 ideam
651 3033 798 3086 Velut
826 3031 880 3085 in
916 3032 1140 3101 speculo
1176 3033 1439 3096 exhibet,
1490 3049 1585 3102 per
1643 3033 1790 3088 hunc
1839 3033 2021 3102 potius

432 3141 600 3194 quam
656 3140 752 3193 per
805 3125 974 3177 alium
1026 3124 1338 3193 quempiam
1371 3141 1663 3179 numerum
1695 3126 2020 3196 explicatam

434 3216 615 3270 Trinae
639 3219 921 3284 tunicaeque
942 3217 1170 3274 Deitatis
1194 3215 1550 3291 Theologiam
1572 3219 1800 3276 edocere
1826 3220 2023 3275 merito

433 3308 645 3364 studuit
675 3307 931 3366 Ecclesiae
981 3325 1104 3381 qua:
1132 3312 1308 3367 sacris
1342 3329 1444 3367 nos
1490 3315 1768 3386 mysteriis
1819 3314 2020 3381 initiat,

428 3401 725 3471 judicium.

504 3494 573 3548 At
603 3492 746 3547 enim
779 3493 912 3547 illud
939 3509 1158 3563 quoque
1183 3495 1628 3551 manuductionis
1658 3496 1832 3550 instar
1863 3511 2024 3566 opor-

435 3596 513 3644 tet
541 3598 600 3642 ut
638 3599 888 3643 assumat.
924 3591 991 3653 is,
1029 3589 1125 3658 qui
1158 3592 1391 3645 voluerit
1428 3592 1734 3662 intelligere
1764 3607 1864 3645 cur
1895 3608 2024 3647 san-

432 3690 522 3737 cta
553 3680 796 3735 Trinitas
838 3696 1016 3750 neque
1049 3682 1404 3751 multiplicari
1445 3683 1680 3752 amplius
1714 3698 1893 3753 neque
1937 3683 2024 3737 in-

435 3773 748 3828 novationis
765 3773 1046 3842 quidpiam
1073 3775 1246 3840 possit
1277 3774 1328 3826 in
1353 3790 1410 3830 se
1432 3775 1692 3844 recipere.
1728 3773 1839 3830 Hoc
1859 3791 2024 3845 porro

434 3862 749 3932 enjusmodi
775 3864 897 3918 est?
923 3861 1380 3933 Quandoquidem
1415 3881 1603 3920 eorum
1649 3881 1773 3936 quae
1817 3881 1884 3920 ex
1915 3881 2024 3921 non

433 3951 780 4005 crutantibus
813 3952 878 4005 ad
905 3952 1289 4007 exsistentiam
1328 3955 1591 4023 producta
1626 3964 1785 4022 sunt,
1821 3972 2025 4009 unum-

437 4045 694 4115 quodque
727 4044 952 4099 materia
978 4053 1199 4100 constat
1236 4055 1290 4100 et
1333 4046 1527 4112 forma,
1563 4047 1644 4102 vel
1689 4049 1879 4103 saltem
1911 4049 2024 4105 ele-

437 4137 674 4192 mentari
707 4137 891 4207 aliqua
923 4139 1210 4203 dualitate,
1246 4156 1389 4210 qum,
1421 4143 1718 4212 quamdam
1747 4159 1872 4198 eum
1908 4160 2024 4198 ma-

2124 2960 2246 2995 τινα
2281 2939 2583 3010 φαντασίαν
2614 2939 2714 3009 τῆς
2739 2937 2896 3009 ἡμῶν
2931 2935 3210 3003 θεολογίας
3240 2930 3608 3002 ὲνοπτρίζειο,
3633 2929 3708 2980 ei.

2124 3037 2297 3099 κότως
2326 3033 2720 3104 ἐφιλοσόφησεν
2766 3034 2800 3102 ἡ
2830 3029 3191 3101 μυσταγωγὸς
3227 3028 3326 3097 τῆς
3382 3023 3710 3094 Ἐκκλησίας

2124 3132 2301 3203 χρίσις
2329 3140 2376 3194 Ρ,
2409 3129 2477 3181 δι’
2517 3126 2728 3180 ἐκείνου
2762 3124 2963 3194 μᾶλλον
2994 3122 3028 3194 ἢ
3070 3120 3137 3174 δι’
3170 3119 3359 3188 ἐτέρου
3393 3117 3535 3180 τινὸς
3577 3119 3712 3187 ἀρι-

2125 3223 2262 3297 θμοῦ
2298 3223 2395 3295 τὴν
2427 3231 2454 3274 (ι
2493 3218 2911 3292 ἀναπλουμένην
2952 3216 3052 3287 τῆς
3089 3214 3376 3287 τριαδικῆς
3408 3213 3710 3284 μοναρχίας

2125 3322 2482 3376 ἐκδιδάσκειν.

2215 3504 2375 3557 Ἀλλὰ
2406 3503 2514 3574 γὰρ
2565 3503 2646 3556 δεῖ
2688 3503 2915 3556 κάκεῖνο
2961 3498 3148 3551 λαϐεῖν
3188 3499 3562 3568 χειραγωγίαν
3591 3508 3710 3546 εσο-

2131 3614 2291 3668 μενον
2334 3598 2414 3656 είς
2446 3596 2508 3648 τὸ
2553 3597 2840 3648 κατανοεῖν
2874 3594 2934 3645 τὸ
2973 3595 3074 3660 τῆς
3104 3590 3336 3661 Τριάδος
3370 3587 3710 3656 ἁπλήθνντόν

2124 3705 2185 3742 τε
2205 3688 2300 3742 καὶ
2323 3687 2723 3758 ἀκενοτόμητον
2746 3696 2768 3723 ι’
2789 3702 2804 3716 ⁸
2835 3689 2985 3739 ποῖον
3016 3684 3080 3756 δὴ
3102 3684 3278 3748 τοῦτο,
3299 3683 3330 3753 ἦ
3361 3684 3408 3735 εἰ
3431 3693 3451 3720 ε
3481 3683 3710 3734 ἕκαστον

2125 3783 2234 3840 τῶν
2267 3783 2332 3836 ὲκ
2374 3781 2467 3834 τοῦ
2503 3781 2576 3852 μὴ
2618 3781 2768 3844 ὄντος
2813 3783 2892 3844 εἰς
2935 3780 2996 3832 τὸ
3036 3774 3176 3832 εἶναι
3223 3775 3618 3848 παραχθέντων
3649 3777 3708 3840 ἐξ

2128 3870 2261 3942 ὑλης
2293 3869 2411 3923 ἐστὶ
2444 3869 2538 3922 καὶ
2581 3869 2788 3935 εἴδους,
2827 3869 2859 3941 ἢ
2897 3869 2952 3935 ἐξ
2995 3867 3365 3936 ἀναλογοῦσης
3395 3883 3458 3936 γε
3494 3867 3712 3930 πάντως

2128 3964 2227 4036 ὕλῃ
2250 3965 2348 4019 καὶ
2370 3963 2499 4018 εῖδει
2527 3961 2900 4033 στοιχειώδους
2925 3962 3117 4024 δυάδος
3143 3962 3442 4030 ἀναγκαῖον
3467 3961 3565 4030 τῆς
3585 3961 3711 4014 δυα-

2125 4055 2283 4128 δικῆς
2339 4053 2792 4124 συναριθμήσεως
2833 4051 2941 4105 τῶν
2982 4050 3314 4122 κτησμάτων
3343 4053 3360 4088 ι
3396 4051 3489 4105 ἅτε
3517 4051 3581 4121 δὴ
3612 4068 3711 4119 χα-
3754 4059 3766 4076 ‘

2131 4144 2430 4218 μαιπετοῦς
2464 4145 2559 4198 καὶ
2597 4142 2865 4215 προσὺλου
2915 4142 3014 4213 τὴν
3055 4143 3217 4196 ἄῦλον
3258 4142 3352 4195 καὶ
3388 4141 3711 4212 ὑπεροὺσιον

440 4231 575 4286 teria
604 4239 657 4284 et
687 4229 859 4284 forma
890 4233 1298 4302 proportionem
1325 4235 1542 4299 habeat,
1575 4251 1802 4291 necesse
1838 4244 1922 4292 est
1967 4246 2021 4292 ut

2133 4239 2227 4292 καὶ
2275 4237 2610 4310 δημιουργὸν
2666 4235 2820 4289 τοῦδε
2866 4234 2960 4288 τοῦ
3005 4233 3208 4297 παντὸς
3245 4232 3406 4299 φύσιν
3435 4234 3713 4302 ὑπερανσι⁶

437 4324 713 4378 binarium
746 4325 900 4378 illum
938 4325 1031 4394 qui
1079 4325 1348 4381 creaturis
1397 4329 1653 4383 convenit
1681 4371 1696 4395 ,
1734 4345 2026 4384 numerum

440 4425 700 4486 tanquam
737 4425 1051 4472 terrestrem
1087 4433 1150 4473 ac
1183 4419 1520 4474 materialem
1558 4430 1778 4490 superet
1828 4431 2027 4476 natura

439 4510 684 4564 materiae
713 4510 895 4564 omnis
925 4526 1144 4579 expers.
1177 4527 1395 4566 onmem
1447 4529 1612 4582 supra
1659 4514 2024 4570 substantiam

439 4603 612 4673 posita
647 4614 700 4657 et
739 4602 905 4672 hujus
949 4603 1188 4658 universi
1220 4605 1478 4658 creatrix.
1531 4606 1688 4672 Quod
1728 4607 1773 4662 si
1817 4623 1906 4662 res
1954 4607 2027 4662 ita

439 4712 501 4752 se
536 4697 751 4762 habeat,
781 4713 878 4767 par
903 4705 988 4751 est
1025 4706 1081 4751 ut
1107 4697 1255 4752 duali
1288 4713 1516 4754 numero
1555 4701 1944 4771 comprehendi
1970 4715 2028 4755 se

2128 4330 2445 4399 ϐεϐηκέναι.
2489 4329 2551 4381 Εἰ
2585 4327 2640 4381 δὲ
2689 4326 2882 4389 τοῦτο,
2924 4325 3153 4388 είκότως
3201 4325 3311 4396 ἀρα
3360 4324 3498 4395 μετὰ
3525 4323 3622 4395 τὴν
3652 4326 3709 4376 ἐν

2077 4458 2080 4460 ~
2126 4422 2278 4476 δυάδι
2321 4421 2622 4492 ἀρίθμησιν
2681 4418 2931 4489 οὐδαμῶς
2978 4417 3230 4489 ἀνέχεται
3271 4418 3332 4471 τὸ
3378 4418 3532 4470 Θεῖον
3579 4433 3708 4471 συν·

2127 4513 2554 4585 απαρτίξεσθαι.
2571 4513 2649 4582 Τῇ
2672 4512 2726 4564 δὲ
2740 4512 2992 4582 τριαδικῇ
3014 4509 3264 4581 θεολογία
3286 4510 3438 4564 κάτω
3454 4509 3656 4562 λειπὼν
3681 4517 3711 4549 ν

2125 4608 2225 4676 τὴν
2257 4607 2411 4677 ὓλην,
2464 4607 2561 4659 καὶ
2603 4605 2670 4658 τὰ
2709 4604 2811 4674 τῆς
2855 4603 3018 4674 ὑλης,
3052 4604 3429 4673 ἐνυδριόμενον
3462 4603 3560 4674 τὴν
3593 4603 3710 4672 μετ’

2131 4699 2301 4768 αὑτὴν
2330 4697 2631 4767 ἀρίθμησιν
2661 4698 2721 4750 οὑ
2750 4697 3058 4769 προσίεται.
3092 4697 3209 4749 Ἵνα
3244 4696 3317 4768 μὴ
3361 4697 3498 4767 πρὸς
3525 4698 3586 4748 τὸ
3613 4712 3712 4767 χυ-

1751 4865 1986 4920 νΑιιιιιΕ
2028 4863 2438 4920 LECTIONES.

509 4963 550 5030 υτ
595 4959 650 5030 l._
689 4956 1035 5030 ταλαντεῦον.
1141 4969 1168 4997 ιι
1200 4959 1430 5030 legerem
1493 4961 1744 5015 lubente-
1784 4958 2005 5015 τούτου.

446 5100 698 5168 σμάτων.
776 5107 802 5136 τ
829 5099 1018 5152 λεῖπον
1042 5101 1126 5154 vel
1153 5101 1336 5156 λιπόν.

2084 4971 2110 4999 °
2147 4962 2180 5017 i.
2211 4961 2542 5017 ὲνοπτοίζει.

512 4979 550 4987 -
595 4979 629 5012 1.
689 4979 1035 5013 ταλαντευον.
1141 4979 1168 4997 ι·
1201 4979 1430 5030 tegerem
1494 4979 1744 5015 umente-
1788 4979 2005 5015 τουτου.
2084 4979 2110 4999 υ
2147 4979 2180 5017 t.
2211 4979 2512 5030 ενοπτριςει

441 5026 741 5101 θεολογίαν,
771 5028 930 5101 idque
958 5045 1052 5098 per
1087 5030 1316 5099 ﬁguram
1347 5047 1470 5101 qua:
1496 5041 1726 5088 vocatur
1753 5050 1784 5088 a
1813 5033 2018 5088 Graecis
2045 5033 2155 5087 ἀπὸ
2177 5033 2272 5086 τοῦ
2307 5034 2512 5087 κοινοῦ.

2622 4973 2650 5013 P
2684 4961 2722 5013 l.
2748 4962 2957 5032 κρίσις.
3030 4973 3058 5012 q
3085 4962 3222 5016 adde
3246 4965 3328 5018 vel
3361 4963 3712 5033 subintellige

2599 5041 2622 5070 ι·
2653 5033 3110 5104 ἀκαινοτόμητον.
3191 5042 3212 5068 ⁸
3246 5037 3282 5088 l.
3316 5035 3462 5088 ἐπεί.
3548 5038 3563 5070 ι
3591 5052 3707 5087 κτι⁴

1956 5197 2168 5254 ΝΟΤᾸΕ
2179 5237 2193 5253 .

513 5287 624 5357 (48)
644 5287 785 5340 Licet
819 5288 1039 5341 terrenis
1064 5296 1256 5340 natura
1287 5287 1419 5340 artis
1437 5289 1723 5358 pt'wposita
1752 5290 2022 5343 etanlela-

446 5368 502 5412 ta
529 5369 682 5420 esset,
723 5375 882 5428 quam
930 5375 1134 5413 necesse
1155 5367 1286 5412 esset
1329 5375 1532 5411 rursus.
1580 5359 1734 5412 Ἐπεὶ
1781 5361 1884 5412 κάν
1912 5364 2024 5424 τοῖς

444 5429 747 5500 περιγείοις
809 5431 842 5499 ἡ
891 5431 1051 5500 φύσις
1103 5429 1202 5498 τῆς
1234 5430 1430 5500 τέχνης
1455 5429 1781 5500 προΐδρυταί
1813 5446 1873 5481 τε
1923 5432 2020 5484 καὶ

445 5499 809 5570 προκάθηται,
843 5499 908 5570 ἢν
960 5499 1172 5568 ἀνάγκη
1220 5499 1402 5553 πάλιν.
1432 5499 1589 5554 ldest
1622 5499 1640 5552 ξ
1696 5519 1714 5552 ι
1749 5500 2017 5565 Quoniam

442 5567 500 5623 in
530 5567 760 5640 terrenis
783 5567 1003 5638 queque
1037 5567 1199 5624 rebus
1232 5570 1336 5623 arti
1363 5580 1558 5624 natura
1588 5572 1924 5640 praeponitur
1969 5580 2022 5626 et

443 5639 718 5708 praesidet,
753 5655 915 5708 quam
945 5654 1141 5693 rursus
1177 5654 1400 5694 necesse
1434 5649 1564 5706 est.,
1592 5651 1695 5694 etc.

517 5707 626 5780 (49)
683 5707 1172 5780 Velutiimaginem
1219 5711 1509 5780 constitui.
1575 5709 1688 5780 Τῆς
1749 5711 2021 5778 γενέσεως

445 5775 669 5845 ἄγαλμα
728 5779 789 5832 τὸ
839 5779 980 5849 (lego
1004 5775 1234 5847 ’ἄγαλμά
1283 5781 1356 5850 τι)
1391 5817 1406 5832 .
1437 5820 1449 5835 ,
1487 5819 1501 5834 .
1539 5775 1911 5836 συνίστασθαι.
1961 5782 2020 5835 ld

2129 5299 2214 5347 est
2243 5309 2256 5346 :
2296 5311 2314 5343 ι
2361 5292 2528 5365 veluti
2562 5293 2854 5363 quamdam
2885 5293 3255 5365 generationis
3284 5293 3579 5365 imaginem
3608 5334 3621 5348 .
3653 5335 3664 5348 .
3692 5330 3709 5346 .

2131 5363 2438 5418 constituit.

2193 5433 2322 5506 (50)_
2350 5431 2451 5487 Hic
2503 5433 2717 5489 deerant
2774 5435 3008 5506 plurima
3050 5436 3203 5506 iapud
3239 5434 3547 5499 Canisium,
3595 5452 3712 5506 qua:

2119 5503 2250 5576 nti/ti
2281 5502 2466 5576 (ἔπεσα
2496 5502 2900 5560 communicavit
2939 5504 3001 5557 D.
3035 5505 3460 5576 Caperronnier,
3509 5516 3557 5558 et
3603 5502 3712 5576 ipse

2119 5573 2316 5647 Latine
2339 5575 2503 5647 fecit,
2527 5592 2735 5628 summa
2767 5592 2886 5628 cum
2919 5575 3277 5640 humanitate.
3312 5575 3522 5647 (BASN.)

2193 5645 2306 5714 (51)
2342 5646 2609 5715 intelligit,
2643 5647 2862 5714 opinor,
2902 5648 3092 5703 ambas
3131 5645 3348 5702 trutina:
3389 5647 3706 5702 extremita-

2122 5723 2202 5771 tes
2223 5725 2277 5770 et
2307 5715 2364 5768 τὸ
2392 5731 2614 5769 examen
2642 5717 2874 5773 dictum.
