4110 6436
305 423 406 486 807

1195 426 1295 485 AD
1326 416 1920 484 AMPHILOCIIIUM
1958 411 2304 488 QUIESTIO
2332 407 2676 471 CLXXXII.

3469 395 3572 457 898

304 533 452 588 δαῖόν
489 549 547 585 τε
581 531 676 585 καί
710 532 998 610 ἀνίδρυτον
1030 537 1379 607 κατενεχθείη
1409 536 1511 604 τῆς
1543 533 1763 605 πρώτης
1799 545 1898 583 πε-

2026 541 2348 597 tequaquam
2409 524 2647 593 patiatur
2694 517 2956 572 Divinitas
2993 534 3002 571 :
3040 514 3134 570 sed
3185 510 3473 567 materiam
3525 524 3578 561 et

309 625 494 697 ριοχῆς
518 624 820 702 ἑτπορῤυὲν,
858 630 955 683 καὶ
981 628 1120 700 πρὸς
1145 627 1385 698 ἑκάστην
1411 626 1657 680 ἐπίνοιαν
1685 621 1896 692 cit/Opto-

309 717 475 794 πίνην
504 722 1018 793 διασκεδαζόμενον.

2003 634 2126 690 quae.
2147 620 2215 672 ad
2241 618 2381 670 hanc
2411 614 2704 684 pertinent,
2733 610 2873 665 infra
2903 626 2962 666 se
2987 609 3325 676 relinquens,
3351 604 3403 658 in
3439 603 3576 656 trina

2005 709 2279 778 theologia
2309 707 2489 763 sedem
2530 705 2675 774 ligat,
2708 717 2884 772 neque
2923 701 3072 755 i'.lum
3107 709 3228 769 post
3260 697 3579 752 Trinitatem

315 830 610 869 numerum
647 815 900 869 admittat
929 834 944 882 ;
978 829 1051 870 ne
1092 813 1158 868 ad
1198 811 1426 867 eﬂ'usam
1477 810 1917 879 ineﬂ‘abilemque
1955 805 2173 861 numeri
2244 803 2515 857 rationem
2551 797 2851 862 deferatur,
2889 796 2932 850 si
2974 811 3004 849 a
3047 796 3220 863 prima
3256 793 3343 846 illa
3375 791 3580 865 [Trini-

317 907 468 972 tatis]
500 909 994 978 comprehensione
1027 906 1322 963 deﬂuxerit
1351 913 1405 960 et
1436 905 1504 960 ad
1539 915 1988 973 unamquamque
2009 899 2295 955 hominum
2322 893 2785 965 excogitationem
2814 890 3178 958 dispergatur.

387 1003 555 1071 Τριὰς
585 1002 641 1054 δὲ
670 1003 764 1054 καὶ
792 999 915 1070 οὐχὶ
942 1000 1074 1064 δυὰς
1103 1003 1130 1054 ὁ
1161 1000 1294 1062 Θεὸς
1319 1040 1334 1064 ,
1367 998 1456 1052 ἵνα
1491 996 1567 1068 μὴ
1590 996 1689 1066 τὴν
1722 995 1902 1048 αἰτίαν

317 1094 413 1148 καὶ
441 1097 616 1166 ἀρχὴν
645 1095 742 1165 τῆς
788 1094 962 1164 τομῆς
1007 1093 1100 1147 καὶ
1147 1092 1241 1147 τοῦ
1289 1088 1597 1161 σκεδασμοῦ
1637 1089 1696 1140 ἐν
1725 1085 1904 1156 ἑαυτῷ

320 1191 502 1260 φέρων
531 1189 628 1260 τὴν
675 1188 881 1241 ἑνιαίαν
927 1188 1023 1241 καὶ
1065 1186 1309 1256 ἄτμητον
1356 1184 1452 1238 καὶ¹
1508 1181 1691 1252 πηγὴν
1725 1182 1907 1249 πάσης

322 1283 575 1352 ένότητος
615 1281 883 1352 ἐνυϐρίσῃ
932 1279 1114 1348 φύσιν.
1167 1279 1302 1332 Οὐδὲ
1335 1278 1614 1344 τέσσσαρα
1641 1275 1696 1327 δὲ
1728 1271 1908 1342 πολλῷ

327 1373 546 1442 μᾶλλον.
594 1372 765 1442 Διπλῆ
797 1372 906 1442 γὰρ
940 1371 1114 1424 ταῦτα
1144 1368 1309 1440 τομὴ,
1349 1370 1382 1438 ἡ
1419 1367 1519 1438 μὲν
1545 1366 1642 1436 τὴν
1693 1364 1906 1433 γένεσιν

329 1463 819 1534 προκαταλαόοὗσα
843 1504 857 1528 ,
896 1464 930 1533 ή
962 1463 1020 1515 δὲ
1057 1462 1156 1533 τὴν
1194 1461 1253 1527 ἐξ
1299 1459 1514 1529 ἐκείνης
1556 1457 1906 1512 συντεθεῖσαν

326 1555 602 1628 τέμνουσὰ
622 1573 682 1608 τε
709 1557 804 1615 καὶ
824 1553 1134 1608 διαλύουσα.
1165 1553 1299 1606 Οὐδὲ
1329 1551 1398 1606 τὰ
1429 1552 1590 1604 πέντε
1622 1549 1668 1603 δ’
1699 1550 1765 1604 ἂν
1797 1548 1908 1619 ἔχοι

325 1649 510 1719 χώραν
537 1647 899 1719 καθορᾶσθαι,
921 1646 1042 1699 οὐδὲ
1067 1646 1136 1698 τὰ
1161 1645 1308 1715 ἑξῆς.
1337 1644 1418 1698 Τὰ
1444 1644 1542 1714 μὲν
1566 1644 1648 1696 ὅτι
1678 1642 1908 1712 δεύτερα

2074 991 2193 1046 Jam
2219 1005 2349 1045 vero
2376 987 2700 1042 Trinitatem
2724 983 2888 1038 habet
2914 981 3077 1042 Deus,
3101 998 3207 1036 non
3237 980 3585 1038 dualitatem;

2003 1100 2074 1140 ne
2104 1083 2152 1140 si
2182 1080 2446 1139 sectionis
2492 1075 2968 1148 dispersionisque
3013 1089 3238 1128 causam
3285 1081 3340 1127 et
3385 1071 3587 1141 princi-

2003 1181 2154 1252 pium
2180 1180 2233 1232 in
2270 1193 2330 1232 se
2362 1177 2478 1247 ipso
2507 1175 2710 1239 ferret,
2765 1171 3098 1241 singularem
3147 1165 3472 1228 insectilem,
3536 1171 3592 1215 (ι

2006 1272 2188 1329 omnis
2219 1270 2445 1325 unitatis
2475 1268 2680 1323 fontem
2712 1273 2966 1320 naturam
2999 1257 3330 1316 contumelia
3358 1256 3588 1325 quadam

2015 1366 2275 1420 alliceret.
2309 1362 2477 1417 Multo
2511 1359 2686 1429 magis
2712 1357 3019 1412 excluditur
3041 1370 3070 1409 a
3095 1352 3203 1408 Deo
3232 1349 3591 1421 quateruitas.

2017 1457 2143 1513 llmc
2165 1457 2311 1512 enim
2344 1453 2540 1524 duplex
2570 1462 2652 1507 est
2677 1450 2882 1514 sectio;
2914 1461 3148 1517 quarum
3174 1459 3278 1498 una
3303 1442 3415 1515 (52)
3443 1456 3597 1496 crea-

2019 1551 2223 1605 tionem
2260 1545 2701 1618 praaoccupavit,
2760 1543 2932 1596 altera
2983 1537 3344 1607 compositam
3389 1549 3456 1588 ex
3507 1532 3598 1586 illa

2020 1649 2170 1697 secat
2208 1648 2261 1695 et
2287 1639 2561 1694 dissolvit.
2594 1635 2782 1705 Neque
2831 1632 2996 1688 etiam
3052 1631 3107 1684 in
3160 1627 3363 1684 divinis
3416 1626 3596 1680 locum

328 1741 426 1809 τῆς
461 1738 691 1808 Τριὰδος
717 1777 732 1802 ,
765 1738 857 1792 καὶ
894 1737 994 1806 τῆς
1045 1738 1164 1790 κατ’
1201 1736 1373 1805 αὐτὴν
1417 1734 1659 1806 ἀμεροῦς
1707 1734 1912 1796 ἐννοίας

2026 1734 2182 1789 habet
2211 1731 2502 1802 quinarius
2534 1743 2797 1782 numerus
2827 1740 3003 1794 neque
3031 1723 3209 1778 carteri
3235 1720 3330 1792 qui
3354 1735 3598 1788 sequun-

331 1830 703 1901 ὑποϐέϐηκεν.
732 1829 814 1882 Τὰ
835 1829 890 1882 δὲ
916 1829 996 1882 ὃτι
1021 1827 1113 1881 τοῦ
1139 1825 1448 1896 σκεδασμοῦ
1476 1829 1566 1880 καὶ
1595 1827 1694 1895 τῆς
1724 1825 1921 1894 τομῆς,

334 1922 430 1976 καὶ
455 1923 553 1992 τῆς
587 1921 720 1992 ὖλης
751 1921 874 1974 ὅσον
905 1923 984 1983 είς
1015 1919 1264 1973 σύνθεσιν
1294 1905 1542 1990 πρόεισιν
1595 1917 1760 1971 πλέον
1796 1934 1926 1986 μετ-

2015 1835 2138 1891 tur;
2190 1834 2307 1880 tum
2362 1822 2490 1893 quia
2554 1819 2828 1877 secundas
2878 1825 3068 1872 tenent
3125 1821 3249 1884 post
3300 1811 3600 1866 trinitatem

2017 1925 2224 1987 partes,
2265 1921 2321 1970 et
2353 1914 2540 1986 ipsius.
2563 1910 2696 1966 idea:
2727 1905 3043 1963 indivisibili
3079 1905 3238 1972 longe
3267 1909 3396 1957 sunt
3426 1900 3603 1969 impa-

339 2015 474 2086 ἔχει.
526 2013 736 2068 Οὐκοῦν
781 2015 1012 2076 εἰκότως
1048 2014 1081 2083 ἡ
1131 2012 1411 2080 θεολογία,
1445 2012 1544 2083 τὴν
1583 2011 1680 2082 μὲν
1716 2009 1923 2080 Τριάδα

2026 2025 2132 2072 res,
2161 2018 2275 2062 tum
2307 2008 2436 2076 quia
2461 2003 2856 2075 dispersionis,
2882 2011 2936 2056 et
2970 1998 3250 2060 sectionis,
3287 2005 3337 2050 ct
3360 1994 3606 2048 materiae

339 2105 478 2177 πρὸς
523 2106 886 2176 ὲκφαντορίαν
935 2108 1034 2175 τῆς
1077 2107 1136 2158 ὲν
1187 2107 1250 2176 τῇ
1298 2103 1460 2174 φύσει
1505 2102 1926 2174 παραλαμϐάνει

334 2199 716 2268 κρυφιὸτητος.
759 2198 832 2249 Τὸ
874 2197 931 2249 δὲ
965 2196 1022 2249 ἓν
1061 2197 1194 2251 διότι
1233 2196 1410 2250 οὐδενὶ
1456 2195 1630 2260 οὕτως
1678 2193 1822 2264 ἄλλῳ
1862 2193 1920 2246 τὸ

335 2291 476 2361 ὑπὲρ
508 2291 630 2346 νοῦν
660 2291 889 2362 κρύφιον
920 2293 1020 2362 τῆς
1055 2291 1307 2362 θεότητος
1339 2289 1414 2352 ὡς
1430 2288 1508 2360 τῷ
1538 2289 1619 2342 ἑνὶ
1648 2287 1918 2354 θεολογεῖ-

333 2401 424 2435 ται
471 2385 566 2436 καὶ
611 2383 1076 2454 παραδείκνυται’
1131 2383 1226 2436 καὶ
1271 2381 1404 2434 διότι
1441 2381 1592 2452 πηγή
1640 2380 1919 2450 συμφυΐας

337 2476 556 2546 ἁπάσης
584 2475 966 2545 ὑμνολογεῖται
1004 2475 1066 2528 τὸ
1097 2475 1252 2527 Θεῖον
1281 2473 1554 2542 ένότητος.

2018 2101 2309 2176 [quantum
2369 2099 2435 2153 ad
2494 2095 2949 2167 compositionem
2997 2087 3256 2160 pertinet]
3308 2093 3438 2141 sunt
3488 2098 3606 2137 am-

2026 2173 2170 2264 plius
2193 2191 2512 2262 participes.
2551 2187 2739 2258 Itaque
2767 2185 2892 2254 jure
2929 2182 3123 2236 merito
3161 2178 3433 2246 theologia
3479 2173 3605 2226 Tri-

2027 2284 2254 2339 nitatem
2288 2281 2509 2352 quidem
2542 2277 2779 2334 assumit
2804 2276 2870 2330 ad
2908 2274 3054 2328 illius
3111 2270 3256 2341 quod
3308 2269 3361 2323 in
3410 2276 3605 2320 natura

2028 2374 2262 2449 [divina]
2290 2371 2667 2436 absconditur,
2698 2368 2944 2439 mysterii
2970 2362 3398 2421 declarationem
3437 2375 3449 2410 :
3484 2356 3607 2410 uni-

2029 2479 2195 2524 tatem
2226 2481 2375 2532 vero,
2407 2481 2473 2521 eo
2502 2463 2645 2534 quod
2674 2462 2809 2516 nihil
2836 2459 3060 2531 perinde
3083 2471 3146 2511 ac
3170 2455 3353 2508 unitas
3380 2451 3611 2504 abscon-

342 2568 512 2621 ditam
545 2566 775 2622 Deitatis
804 2578 1054 2621 naturam
1083 2565 1233 2619 onmi
1264 2573 1447 2618 creata
1477 2571 1656 2619 mente
1680 2562 2016 2633 superiorem
2041 2559 2260 2624 indicet,
2281 2566 2416 2612 eteo
2468 2554 2562 2624 qui
2615 2553 2788 2607 Deum
2844 2553 3054 2607 deceat,
3108 2544 3271 2599 modo
3287 2542 3608 2610 eloquatur;

340 2672 536 2730 praeter
575 2673 742 2728 quam
801 2658 947 2728 quod
985 2657 1172 2712 divina
1201 2656 1429 2712 unitatis
1479 2655 1620 2710 ratio
1663 2666 1923 2723 tanquam
1965 2651 2087 2708 fons
2113 2639 2379 2722 cujusque
2414 2645 2682 2702 naturalis
2709 2641 3048 2712 cognationis
3072 2638 3391 2693 celebratur.

419 2755 540 2809 Ἔτι
573 2755 629 2808 δὲ
659 2755 692 2825 ἡ
721 2755 856 2818 δυὰς
875 2794 890 2820 ,
911 2753 983 2808 τά
1010 2771 1068 2807 τε
1095 2754 1218 2824 ἴχνη
1249 2752 1343 2806 τοῦ
1380 2752 1453 2822 μὴ
1482 2751 1634 2814 ὄντος
1669 2752 1725 2803 ὲν
1757 2750 1922 2820 ἑαυτῇ

341 2845 533 2920 πρώτῃ
564 2845 798 2917 μάλιστα
820 2846 996 2917 φέρει.
1017 2844 1240 2909 Λύσεώς
1261 2861 1321 2897 τε
1343 2844 1452 2915 γὰρ
1480 2844 1586 2914 πρὸ
1611 2842 1719 2896 τῶν
1745 2841 1922 2895 ἄλλων

340 2937 480 3009 αὕτη
512 2937 703 3008 πηγὴ,
745 2938 839 2990 καὶ
879 2937 1054 3007 τομῆς
1100 2938 1192 2989 καί¹
1226 2936 1574 3006 σκεδασμοῦ,
1623 2936 1718 2988 καὶ
1761 2937 1926 2987 πᾶσιν

341 3031 491 3083 αιτία
516 3030 701 3099 φέρειν
732 3033 788 3080 ὲν
816 3030 1028 3092 ἑαυτοῖς
1060 3029 1161 3097 τῆς
1197 3029 1402 3098 φθορᾶς
1436 3030 1503 3081 τὰ
1532 3029 1814 3097 προοίμια,
1861 3029 1922 3079 Ἠ

2101 2748 2184 2803 Ad
2236 2747 2352 2800 haec
2383 2744 2626 2800 dualitas
2655 2742 2833 2812 prima
2865 2737 3110 2792 omnium
3143 2732 3384 2787 maxime
3443 2728 3497 2780 in
3552 2740 3614 2782 sc

2034 2842 2141 2897 [ert
2183 2839 2366 2902 nihili,
2429 2853 2523 2894 seu
2575 2836 2697 2906 ejus
2752 2832 2898 2903 quod
2935 2846 3046 2885 non
3079 2827 3330 2888 exsistat,
3362 2821 3611 2892 vestigia.

2037 2931 2162 2987 llaac
2183 2931 2328 2987 enim
2357 2944 2473 3000 prae
2503 2926 2717 2983 caeteris
2750 2928 2874 2978 t‘ons
2910 2917 3289 2976 dissolutionis
3317 2921 3425 2979 est,
3475 2909 3616 2965 scis~

2034 3037 2177 3079 surae
2209 3031 2264 3077 et
2297 3019 2702 3090 dispersionis;
2743 3027 3078 3081 causamque
3107 3007 3364 3063 omnibus
3414 3001 3620 3074 prabet

343 3129 515 3198 Τριὰς
545 3097 600 3178 at
647 3127 708 3178 τὸ
757 3127 1000 3195 ἄτμητον
1047 3097 1315 3189 είκονίζει
1341 3126 1533 3196 πρώτη
1569 3127 1665 3179 καὶ
1695 3125 1923 3178 ἀσκέδα-

2032 3131 2131 3169 cur
2159 3115 2212 3167 in
2241 3113 2436 3181 seipsis
2457 3110 2706 3182 quaedam
2735 3106 2902 3162 veluti
2935 3101 3240 3174 primordia
3275 3097 3458 3154 ferant
3494 3110 3620 3150 cor-

346 3235 489 3271 στον.
535 3217 643 3269 Καὶ
683 3216 808 3270 εἴτι
848 3215 975 3269 ἄλλο
1015 3216 1234 3286 μετέχει
1263 3217 1361 3287 τῆς
1387 3215 1700 3287 ἀδιαιρέτου
1744 3232 1803 3268 τε
1833 3215 1928 3268 καὶ

345 3307 678 3360 ἁσκεδὰστου
729 3308 944 3375 φύσεως
987 3306 1048 3371 ἐξ
1089 3307 1261 3376 αὐτῆς
1306 3306 1629 3377 μετειληφὸς
1665 3303 1928 3372 ἐπιγινώ-

347 3409 559 3450 σιεται.
593 3395 684 3448 Διὸ
718 3396 778 3449 τὸ
801 3398 955 3448 Θείον
997 3397 1222 3458 εἰκότως
1257 3397 1357 3464 τῆς
1405 3397 1533 3465 ῥοῆς
1575 3395 1670 3449 καὶ
1719 3394 1929 3457 λύσεως

346 3485 444 3540 καὶ
502 3485 708 3556 φθορᾶς
768 3488 948 3540 αἰτίαν
993 3487 1293 3541 ἀπεσίσατο
1320 3500 1368 3541 ι.
1408 3488 1508 3541 Διὰ
1536 3486 1592 3540 δὲ
1633 3486 1736 3556 τῆς
1787 3486 1930 3538 εἰκο-

349 3576 606 3647 νιξούσης
636 3577 866 3648 Τριάδος
915 3577 979 3630 τὸ
1029 3579 1332 3650 ἅρῤευστόν
1370 3577 1550 3632 τεκαὶ
1597 3577 1930 3631 ἀσκέδαστον

351 3669 444 3723 καὶ
514 3667 795 3722 ἀδιάλυτον
864 3669 1327 3737 ὲπιγινὼσκεσθαι
1407 3669 1763 3739 κατηξίωσεν.
1823 3670 1932 3722 Καὶ

352 3760 463 3830 γὰρ
509 3759 570 3813 τὸ
619 3759 722 3830 μὲν
764 3759 861 3831 τὴν
890 3760 1068 3814 αἰτίαν
1104 3763 1202 3830 τῆς
1244 3760 1414 3830 τομῆς
1460 3762 1553 3814 καὶ
1584 3760 1794 3832 ῥύσεως
1826 3761 1933 3814 τῶν

352 3851 526 3905 ἄλλων
551 3851 840 3922 ὁμοταγῶν
877 3851 1065 3905 παθῶν
1095 3853 1390 3922 ὑπεριδεῖν,
1426 3855 1626 3906 οἰκεῖον
1655 3853 1929 3924 θεότητος.

357 3945 430 3996 Τὸ
457 3945 644 4016 δὲτὴν
675 3945 880 4017 Τριάδα
926 3946 1001 4014 μὴ
1055 3945 1413 4015 ὑπεριδόντας
1459 3944 1693 4014 πρώτως
1739 3945 1934 3998 εἰκονί-

359 4037 557 4098 ζουσαν
604 4039 864 4091 τάναντία
904 4039 1082 4091 πάντα
1129 4037 1238 4090 τῶν
1274 4036 1578 4108 εἰρημένων
1621 4036 1810 4090 παθῶν
1855 4038 1935 4101 είς

358 4129 590 4198 ἀπορίαν
630 4130 721 4183 τὸν
761 4129 1102 4198 ἀνθρώπινον
1145 4129 1270 4182 νοῦν
1311 4128 1614 4183 πλανᾶσθαι
1653 4128 1728 4199 μὴ
1758 4145 1935 4198 παρα-

361 4223 580 4292 χωρεῖν,
623 4221 1032 4293 φιλανθρωπίας
1060 4221 1120 4274 τέ
1157 4223 1275 4274 ἐστι
1304 4224 1402 4292 τῆς
1441 4220 1762 4292 πρεπούσης
1790 4219 1930 4288 Θεῷ,

361 4313 456 4366 καὶ
486 4313 585 4383 τῆς
626 4315 754 4382 περὶ
793 4315 943 4384 ἡμᾶς
977 4313 1240 4384 Προνοίας
1275 4312 1715 4384 περιφανεστάτη
1756 4312 1934 4382 παρά-

361 4421 570 4467 στασις.

2035 3203 2310 3273 ruptelm:
2352 3200 2592 3254 Trinitas
2622 3209 2804 3252 autem
2835 3237 2850 3260 ,
2904 3192 3052 3263 quod
3099 3190 3275 3246 secari
3314 3187 3621 3258 dispergive

2036 3296 2246 3365 nequit,
2281 3294 2410 3347 illud
2445 3294 2620 3361 prima
2653 3293 3046 3357 reprzesentat;
3110 3292 3164 3337 et
3207 3283 3253 3337 si
3302 3280 3433 3350 quid
3467 3278 3616 3334 aliud

2037 3387 2386 3443 indivisibilis
2435 3400 2534 3439 nec
2580 3380 2978 3450 dispersionem
3015 3375 3272 3447 patientis
3307 3381 3517 3426 natura:
3559 3371 3620 3423 lit

2036 3479 2332 3551 particeps,
2357 3492 2420 3530 ex
2448 3476 2566 3545 ipsa
2596 3473 2867 3543 particeps
2897 3469 3048 3524 illius
3081 3483 3206 3522 esse
3237 3463 3614 3536 cognoscitur.

2039 3574 2213 3638 Quam
2238 3571 2307 3625 ob
2330 3586 2446 3624 rem
2469 3567 2726 3622 divinitas
2756 3579 2979 3620 causam
3021 3563 3274 3627 etlluxus,
3303 3557 3620 3614 dissolutio-

2041 3667 2150 3729 nis,
2177 3674 2232 3719 et
2260 3660 2586 3731 corruptela:
2623 3676 2650 3712 a
2683 3674 2744 3712 se
2771 3657 2888 3726 ipsa
2918 3654 3128 3724 expulit
3165 3671 3178 3707 :
3212 3663 3268 3707 et
3312 3668 3408 3722 per
3441 3649 3623 3704 Trini-

2042 3766 2209 3810 tatem
2238 3769 2363 3824 qure
2392 3751 2793 3807 immunitatem
2827 3747 2896 3800 ab
2929 3746 3153 3809 ellluxu,
3184 3743 3547 3798 dissolutione
3568 3753 3624 3796 et

2041 3848 2382 3918 dispersione
2456 3852 2850 3914 repraesentet,
2927 3838 3154 3910 agnosci
3230 3836 3453 3907 dignata
3517 3843 3622 3890 est.

2041 3940 2252 3997 Etenim
2295 3939 2580 4002 sectionis,
2619 3935 2871 3999 etlluxus,
2899 3942 2955 3988 et
2987 3932 3217 3987 aliarum
3249 3929 3494 4000 ejusdem
3534 3942 3626 3982 or-

2040 4034 2188 4088 dinis
2211 4032 2564 4087 alfectionum
2591 4041 2813 4084 causam
2850 4027 3152 4095 despicere,
3191 4024 3296 4078 hoc
3321 4037 3454 4076 sane
3481 4021 3623 4075 divi-

2041 4126 2230 4181 nitatis
2253 4133 2338 4179 est
2376 4123 2702 4192 proprium:
2735 4119 2879 4188 quod
2945 4131 3077 4171 vero
3122 4113 3445 4168 Trinitatem
3502 4127 3625 4181 qua:

2041 4219 2226 4272 omnia
2259 4216 2532 4286 praediuis
2583 4210 2968 4268 aﬂ‘ectionihus
2994 4207 3275 4266 contraria
3310 4205 3458 4259 velut
3489 4206 3625 4258 ima-

2041 4310 2166 4380 gine
2193 4308 2430 4379 quadam
2488 4305 2768 4369 exhibeat,
2813 4317 2923 4357 non
2955 4298 3408 4369 despexeritnus,
3449 4310 3624 4365 neque

2029 4400 2351 4472 permiserit
2385 4400 2526 4454 Dens
2570 4408 2628 4452 ut
2672 4399 2908 4450 humana
2940 4408 3094 4448 mens
3125 4393 3178 4446 in
3221 4388 3620 4446 dubitationunt

360 4501 613 4571 angustia
643 4502 876 4556 adducta
906 4513 1148 4566 erraret;
1194 4501 1298 4554 hoc
1321 4499 1566 4570 proferto
1591 4499 1948 4572 benignitatis
1981 4508 2066 4554 est
2092 4514 2199 4569 qua
2246 4497 2414 4551 Deum
2476 4510 2602 4563 erga
2671 4489 2920 4546 homines
2968 4487 3113 4544 afﬁci
3154 4491 3308 4541 det-et
3351 4494 3404 4539 et
3445 4482 3620 4536 mani-

359 4595 723 4650 festissimum
752 4611 878 4664 erga
907 4612 1005 4650 nos
1034 4595 1401 4648 Providentiae
1425 4606 1838 4664 argumentum.

887 4711 1215 4764 ΕΙὮἹῊΣΙΣ
1255 4711 1422 4764 ΡΠΒ’.

597 4802 726 4870 Πῶς
751 4802 1008 4872 λέγομεν
1034 4803 1102 4856 ἓν
1138 4802 1235 4855 καὶ
1261 4804 1393 4870 τρία
1424 4801 1490 4855 τὸ
1518 4802 1718 4862 Θεῖον;

1966 4718 2019 4779 Ῑ)
2084 4702 2409 4774 ΟυιΕΞἸΊΟ
2447 4700 2728 4757 CLXXXII
2765 4699 2952 4772 [CoisL
2977 4696 3157 4763 CCXI,
3196 4694 3355 4748 Tuur.
3391 4692 3566 4767 εαξη.

2178 4793 2291 4865 (55)
2327 4791 2603 4859 Quomodo
2631 4791 2872 4842 dicamus
2908 4789 3074 4840 Deum
3099 4801 3260 4838 unum
3287 4794 3335 4836 et
3371 4783 3518 4835 tria?

1522 4918 1663 4968 Edita
1686 4932 1712 4967 a
1739 4915 1973 4980 Basnagio
1998 4915 2054 4979 (l.
2078 4927 2123 4964 c.
2151 4925 2198 4976 p.
2221 4909 2470 4971 451-455).

433 5003 533 5057 Ἓν
579 5002 674 5056 καὶ
713 5002 843 5057 τοία
883 5003 943 5056 τὸ
972 5003 1125 5056 Θεῖον
1156 5003 1535 5074 θεολογοῦμεν,
1581 5004 1642 5056 τὸ
1675 5003 1733 5056 ἒν
1762 5002 1818 5055 δὲ
1851 5003 1942 5055 καὶ

358 5095 438 5158 cdt
456 5097 584 5166 τρία
606 5098 686 5150 ἐνὶ
717 5097 816 5169 τῆς
845 5096 1162 5168 ὑπερφυοῦς
1189 5097 1392 5166 ταύτης
1423 5096 1681 5167 θεαρχίας
1706 5098 1796 5149 καὶ
1821 5096 1944 5150 καθ’

2119 4999 2300 5055 Unum
2335 5005 2389 5050 et
2419 4995 2522 5049 tria
2553 4993 2720 5047 Deum
2753 4990 3054 5059 tln-OIOgice
3079 4988 3332 5049 dicimus,
3368 4995 3419 5039 et
3454 5000 3621 5037 unum

2044 5102 2098 5163 et
2131 5091 2234 5144 tria
2268 5089 2321 5143 in
2352 5087 2657 5149 divinitate,
2692 5099 2812 5153 quae
2839 5096 3002 5150 supra
3025 5087 3274 5133 naturam
3306 5085 3411 5143 est,
3438 5083 3622 5128 uestra

361 5191 512 5257 ἡμᾶς
563 5189 826 5260 ίερολογεῖ
858 5189 1127 5260 θεολογία.
1161 5189 1234 5243 Οὺ
1267 5187 1326 5240 τὸ
1359 5187 1416 5240 ἓν
1445 5189 1502 5241 ἐν
1533 5187 1786 5259 ἀριθμοῖς
1814 5188 1846 5259 ἢ
1878 5187 1923 5240 τέ

2046 5181 2342 5252 Theologia
2379 5179 2531 5244 dicit,
2559 5191 2666 5231 non
2703 5189 2868 5230 unum
2898 5173 2954 5227 in
2984 5171 3244 5232 numeris,
3275 5170 3353 5222 vel
3379 5168 3478 5221 tria
3503 5182 3627 5236 pro-

361 5281 489 5351 τρία
518 5280 724 5351 κυρίως
763 5280 953 5353 ὥσπερ
976 5281 1070 5334 ἐπὶ
1101 5281 1211 5334 τῶν
1241 5278 1382 5332 κατὰ
1411 5278 1572 5347 φύσιν
1602 5281 1695 5332 καὶ
1735 5279 1945 5349 κυρίως

2052 5277 2172 5348 prie
2201 5279 2281 5332 sic
2301 5273 2597 5346 accipiens,
2626 5271 2770 5325 sicut
2802 5269 2855 5323 in
2878 5268 2967 5332 iis,
2995 5278 3118 5335 quae
3142 5261 3440 5318 secundmu
3469 5267 3626 5312 natu-

1665 5433 1897 5486 VMlH‘Z
1933 5431 2334 5488 LECTIONES.

441 5543 467 5569 ι
499 5529 853 5585 ἀπεσείσατο.

1891 5622 2119 5678 ΝΟΤᾺΕ.

448 5721 562 5788 (5‘2)
593 5719 752 5784 Nam,
777 5732 837 5776 ut
869 5737 1033 5791 supra
1061 5720 1251 5775 docuit
1279 5718 1527 5782 Photius,
1560 5717 1743 5791 omnis
1785 5715 1947 5791 Crea-
2122 5716 2248 5791 (551
2274 5715 2425 5766 lianc
2455 5715 2810 5782 quaestionem
2835 5721 2949 5791 'nec
2989 5715 3179 5783 nonet
3200 5715 3604 5791 'tllttasnsequen.

1687 5769 1747 5843 ei
1782 5769 1963 5857 aliqua
2060 5769 2432 5844 tesict'iormat
2471 5769 2686 5856 ’ψει-ιιι
2723 5795 2788 5832 ex
2832 5774 3321 5831 Dissct'tatimtibus
3356 5769 3630 5836 Basnagii.

366 5800 491 5846 tura
526 5802 742 5848 constat
765 5810 826 5846 ex
886 5790 1112 5846 materia
1148 5802 1200 5844 et
1255 5791 1464 5854 forma;
1545 5790 1628 5842 vel

367 5861 634 5917 duatitate
663 5878 786 5933 qua:
817 5865 1057 5916 materia:
1094 5878 1145 5916 et
1174 5863 1362 5914 turmae
1402 5859 1746 5930 respondeat.

708 5958 978 6017 Parnm.
1025 5958 1140 6017 Gtt.
1191 5955 1290 6016 ΕΙ.

2122 5716 2238 5784 (55)
2274 5712 2425 5766 lianc
2455 5710 2810 5782 quaestionem
2835 5721 2949 5784 _nec
2989 5701 3633 5784 nonet'dnasﬁseqneno

3239 5927 3315 5986 ‘29
