4110 6426
459 380 574 447 899
1633 383 1902 447 PHO'I‘II
1939 385 2057 448 PA'J

2159 387 2453 452 [ARCHIE
2490 391 2598 454 CP.
3657 387 3763 454 900

463 518 621 569 ram,
674 512 728 559 et
774 501 996 573 proprie
1057 499 1340 558 numerari
1406 510 1661 571 possunt,
1689 502 1805 575 (54)
1839 519 2057 559 omnem

2165 506 2489 580 ἀριθμητῶν
2519 506 3054 580 παραλαμὸἁνουσα.
3104 504 3368 579 ’Δριθμοῦ
3399 504 3510 578 γὰρ
3556 512 3760 576 παντὸς

464 595 610 650 enim
661 610 952 651 numerum
992 603 1046 650 et
1086 596 1375 660 unitatem,
1407 610 1531 664 quae
1565 604 1695 650 sunt
1738 605 1923 666 partes
1952 613 2057 653 nu-

2176 599 2271 652 καὶ
2302 599 2527 663 ἑνάδων,
2559 598 2616 654 αἳ
2659 599 2728 654 τὰ
2777 596 2873 652 τοῦ
2918 596 3160 670 ἀριθμοῦ
3225 598 3367 670 μέρη
3424 598 3520 653 καὶ
3577 599 3764 671 πάσης

465 687 627 751 meri,
656 698 711 742 et
741 702 959 743 omnem
992 687 1156 743 aliam
1184 687 1551 757 quantitatem
1583 687 1844 743 divinitas
1866 730 1881 754 ,
1910 704 2057 744 men-

2171 688 2339 761 ἄλλης
2361 688 2740 763 ἀναπληροῦσι
2770 689 3099 762 ποσότητος,
3132 689 3420 754 παντελῶς
3444 691 3479 761 ὴ
3515 690 3764 763 ὑττεράρ⁶

466 796 593 836 sura
634 796 855 845 arcana,
894 795 1017 849 quae
1039 780 1287 850 expromi
1317 795 1429 835 non
1458 788 1658 849 potest,
1697 790 1942 851 superat,
1969 781 2064 837 sed

466 873 770 947 symbolice
806 873 1032 929 nomine
1088 874 1253 927 unius
1298 872 1603 943 intelligere
1628 888 1927 944 possumus
1970 889 2064 930 oc-

466 969 671 1023 cultam
707 967 854 1022 illam
880 976 930 1023 et
956 966 1194 1021 abditam
1219 965 1419 1020 divinae
1447 974 1661 1020 naturre
1690 967 1985 1033 rationem,
2011 974 2065 1021 et

465 1059 534 1113 ab
570 1057 721 1112 omni
760 1072 896 1113 voce
929 1066 981 1112 et
1031 1065 1185 1111 extra
1220 1070 1280 1110 se
1310 1055 1631 1125 egressione
1667 1055 2058 1121 remotionem,

464 1157 519 1203 et
555 1157 611 1203 ut
640 1150 721 1204 sic
750 1149 965 1219 loquar,
1000 1147 1421 1202 inclinationem
1456 1153 1512 1200 et
1544 1146 1942 1217 ingressionem
1992 1146 2060 1200 ad

465 1240 853 1309 semetipsant;
908 1238 1364 1306 reconditumque
1421 1235 1554 1291 illud
1602 1246 1816 1291 naturae
1895 1252 2059 1306 supra

466 1346 686 1387 omnem
739 1331 1132 1401 cogitationem
1174 1337 1227 1382 et
1266 1326 1680 1397 intelligentiam
1705 1335 1929 1384 evectte.
1955 1328 2061 1382 No-

469 1441 590 1478 men
624 1439 753 1479 vero
785 1425 950 1478 trium
982 1422 1207 1493 mystice
1232 1420 1392 1476 docet
1423 1422 1743 1486 bonitatem,
1781 1437 1905 1492 qua:
1935 1437 2055 1476 eam

466 1514 598 1571 facit
631 1512 1002 1577 manifestam,
1035 1520 1090 1565 et
1118 1526 1225 1580 qua
1263 1510 1532 1580 procedit,
1565 1525 1734 1579 seque
1771 1511 2054 1581 expandit,

462 1620 519 1666 et
551 1610 810 1681 explicat,
883 1625 989 1663 non
1045 1616 1218 1661 totum
1277 1604 1548 1676 fulgorem
1621 1606 1909 1673 emitteus,
1960 1607 2056 1662 sed

463 1711 730 1773 quantum
773 1708 965 1755 natura
997 1699 1239 1753 humana
1262 1705 1443 1768 potest
1474 1695 1736 1767 recipere,
1768 1697 1822 1751 in
1853 1698 2056 1767 quibus

463 1793 689 1847 Creator
744 1800 800 1846 et
857 1790 1094 1860 potentia
1136 1789 1278 1859 ejus,
1306 1801 1377 1841 ac
1422 1786 1766 1858 providentia
1806 1803 1929 1858 qua:
1959 1804 2057 1859 per

2169 797 2288 851 χιος
2311 782 2625 855 ἀγαθαρχία
2646 823 2661 849 ,
2694 783 2921 856 ἀρρήτῳ
2961 783 3145 854 μέτρῳ
3176 782 3556 854 ὑπερίδρυται.
3603 783 3766 837 Ἀλλὰ

2171 873 2279 945 μὴν
2324 874 2413 928 διὰ
2467 874 2564 929 τοῦ
2619 875 2738 939 ἑνὸς
2793 874 2893 945 τὴν
2941 874 3282 946 κρυφιότητα
3337 875 3508 945 αὐτῆς
3556 876 3653 929 καὶ
3701 875 3764 928 τὸ

2165 964 2495 1034 ἄφθεγκτον,
2519 968 2615 1019 καὶ
2641 966 3002 1036 ἀνεκφοίητον
3034 975 3086 1029 1,
3119 967 3218 1020 καὶ
3247 965 3367 1029 πῶς
3401 966 3468 1019 άν
3498 983 3582 1030 τις
3613 967 3761 1019 εἴποι

2164 1056 2226 1109 τὸ
2254 1056 2478 1110 συνεῦον
2504 1060 2585 1121 είς
2614 1058 2817 1128 ἑαυτὴν
2851 1056 2943 1111 καὶ
2988 1057 3355 1129 σεσιγημένον
3384 1059 3483 1130 τῆς
3504 1056 3758 1127 τρύσεως,

2172 1150 2269 1204 καὶ
2307 1151 2511 1215 παντὸς
2569 1151 2830 1205 ἐπέκεινα
2880 1150 2976 1205 καὶ
3007 1151 3098 1204 νοῦ
3152 1153 3248 1204 καὶ
3293 1151 3558 1222 νοήσεως,
3616 1168 3761 1222 συμ-

2163 1242 2401 1306 ϐολικῶς
2454 1241 2733 1296 ἐνδίδωσιν
2774 1241 3244 1297 ἀναπτύσσεσθαι.
3278 1243 3353 1296 Τὸ
3394 1241 3452 1295 δὲ
3483 1222 3613 1315 τρία
3659 1243 3761 1315 τὴν

2161 1334 2569 1406 ἑκφαντορικὴν
2622 1334 2797 1405 αὐτῆς
2845 1334 3163 1404 ἀγαθότητα
3229 1336 3325 1388 atat
3382 1334 3611 1407 πρόοδον
3664 1336 3760 1389 καὶ

2160 1427 2474 1494 ἑξάπλωσιν
2559 1427 2913 1497 ίερολογικῶς
2972 1429 3331 1500 μυσταγωγεῖ
3386 1428 3481 1482 καὶ
3548 1430 3761 1483 ἀνακα-

2158 1520 2375 1574 λύπτει.
2432 1520 2546 1592 Οὐχ
2614 1520 2743 1591 ὃλην
2795 1522 2894 1591 τὴν
2946 1519 3144 1590 αἴγλην
3193 1520 3604 1590 ἑναυγάζουσα,
3641 1520 3758 1575 ἀλλ’

2160 1612 2294 1683 ὅσην
2353 1614 2387 1683 ὴ
2445 1612 2764 1685 ἀνθρωπίνη
2822 1612 2987 1682 φύσις
3051 1611 3255 1682 δυνατὴ
3320 1611 3755 1683 παραδέχεσθαι.

2157 1704 2225 1758 δι’
2256 1697 2331 1759 ὧν
2350 1705 2379 1758 ὃ
2405 1722 2466 1758 τε
2494 1704 2866 1776 Δημιουργὺς,
2893 1704 2989 1759 καὶ
3012 1706 3045 1776 ἡ
3079 1704 3499 1767 αὑθυπόστατος
3523 1703 3758 1775 δύναμίς

2159 1812 2218 1848 τε
2242 1796 2338 1849 καὶ
2362 1795 2592 1869 πρόνοια
2616 1799 2681 1867 τῇ
2706 1794 2962 1866 ζωογόνῳ
2989 1795 3085 1848 καὶ
3110 1796 3405 1867 συνεκτικῇ
3426 1794 3523 1848 τοῦ
3553 1795 3757 1859 παντδς

463 1902 521 1941 se
557 1885 795 1950 exsistit,
838 1893 963 1938 actu
986 1881 1203 1939 vivifico
1221 1882 1474 1937 etomnia
1510 1890 1871 1936 conservante
1893 1883 2057 1937 simul

2164 1863 2543 1960 συνεκλάμπει
2596 1863 2690 1942 καί
2724 1863 3184 1958 συναναιραίνεται
3217 1863 3492 1959 ἐνεργείᾳ.
3545 1886 3609 1939 Ἥ
3644 1887 3757 1956 γάρ

463 1978 794 2049 splendescit
817 1987 871 2033 et
902 1976 1194 2033 innotescit
1220 2018 1234 2043 ,
1267 1975 1419 2047 (55)
1449 1974 1540 2029 illa
1585 1966 1731 2029 enim
1780 1976 2057 2047 παντελὴς

462 2072 743 2143 ἀκινησία,
790 2070 844 2126 id
876 2079 980 2136 est,
1018 2070 1261 2142 perfecta
1305 2069 1467 2139 quies
1502 2074 1558 2122 et
1593 2066 1952 2124 immobilitas
2000 2070 2056 2124 in

462 2166 753 2223 mansione
805 2179 1006 2220 arcana
1054 2170 1110 2217 et
1160 2161 1366 2228 abdita,
1398 2177 1518 2232 qua:
1544 2161 1794 2231 expromi
1824 2174 1935 2215 non
1965 2175 2060 2232 po-

464 2268 590 2325 test,
626 2260 769 2314 sicut
820 2257 876 2311 in
932 2255 1187 2311 thalamis
1226 2254 1429 2310 silentii
1479 2256 1811 2319 occultatur,
1855 2255 1938 2310 sic
1987 2253 2059 2310 ab

460 2353 613 2408 omni
662 2359 843 2407 mente
904 2350 1153 2413 secessit,
1196 2348 1459 2418 quoniam
1490 2363 1591 2404 nec
1620 2357 1705 2404 est
1727 2362 1907 2417 mens,
1934 2363 2059 2418 quae

461 2447 531 2502 ad
586 2461 651 2501 ea
702 2443 1054 2515 intelligenda
1109 2442 1393 2509 ascendat,
1431 2457 1555 2514 qua:
1600 2456 1769 2513 supra
1816 2448 2057 2497 mentem

458 2547 608 2595 sunt.

532 2629 590 2684 In
623 2628 815 2700 primis
850 2627 1112 2698 cogitatio
1148 2635 1360 2694 nostra,
1401 2634 1460 2682 ut
1495 2627 1663 2683 Deum
1694 2628 1869 2697 decet,
1906 2646 2060 2687 man-

461 2719 674 2775 sionem
704 2726 760 2775 et
793 2719 1109 2785 stationem,
1136 2725 1189 2773 ct
1220 2716 1461 2788 quietem
1497 2717 1807 2786 immotam,
1828 2728 1881 2775 et
1907 2720 2061 2777 iden-

462 2812 696 2874 titatem,
730 2818 783 2864 et
812 2816 1078 2879 quantum
1111 2816 1293 2878 potest
1327 2807 1569 2862 humana
1594 2816 1791 2864 natura
1823 2825 2061 2880 superne

460 2903 764 2959 illuminari
795 2901 1087 2973 splendore
1117 2901 1269 2956 illinc
1309 2900 1502 2969 misso,
1538 2900 1650 2971 (56)
1682 2902 1979 2974 coniuncte
2004 2914 2060 2961 et

2160 1982 2220 2037 ἑν
2251 1983 2318 2052 τῇ
2344 1991 2369 2019 ι
2401 1981 2668 2051 ἀφράστῳ
2699 1983 2799 2052 τῆς
2832 1980 3199 2053 κρυφιότητος
3234 1978 3397 2051 μονὴ,
3430 1981 3528 2034 καὶ
3558 1996 3759 2033 παντε-

2159 2074 2260 2146 λὴς
2304 2074 2601 2145 ἀκινησία,
2653 2073 2844 2145 ὥσπερ
2883 2073 2949 2145 δὴ
2985 2076 3099 2137 τοῖς
3138 2072 3240 2143 τῆς
3285 2072 3445 2143 σιγῆς
3488 2072 3757 2144 θαλάμοις

2160 2167 2663 2241 ἑναποκρύπτεται,
2705 2166 2853 2223 οὓτω
2879 2166 2945 2239 δὴ
2993 2166 3090 2220 καὶ
3136 2165 3379 2229 διανοίας
3413 2165 3632 2237 πάσης,
3672 2166 3757 2219 ὅτι

2163 2262 2289 2335 μηδ’
2318 2260 2583 2335 ⁶’ίιντινοῦις
2606 2272 2625 2295 ⁸
2672 2264 2754 2327 εἰς
2796 2260 2868 2316 τὰ
2912 2260 3055 2332 ὑπὲρ
3097 2257 3226 2315 νοῦν
3264 2257 3435 2313 ἀνιὼν
3465 2257 3753 2329 ἀνακεχω-

2163 2371 2350 2428 ρηκεν.

2242 2628 2333 2682 Ἐν
2362 2628 2462 2700 μὲν
2490 2622 2585 2683 οῦν
2605 2627 2634 2668 ιι
2665 2629 2778 2691 τοῖς
2809 2624 3049 2699 πρώτοις
3077 2626 3112 2698 ἡ
3143 2622 3458 2696 θεοπρεπὴς
3480 2622 3755 2694 φαντασία

2158 2723 2259 2794 τὴν
2290 2721 2459 2795 μονὴν
2487 2722 2581 2777 καὶ
2622 2722 2833 2787 στάσιν,
2870 2720 2966 2774 καὶ
2990 2720 3051 2774 τὸ
3080 2718 3339 2790 ἀκίνητον
3366 2717 3462 2771 καὶ
3490 2716 3589 2788 τὴν
3618 2734 3753 2770 ταυ-

2159 2816 2384 2887 τότητα,
2419 2815 2514 2871 καὶ
2543 2816 2667 2870 ὅσον
2695 2815 2816 2869 ἑστι
2848 2813 3074 2868 δυνατὸν
3108 2812 3432 2884 ἀνθρωπίνῃ
3462 2809 3627 2880 φύσει
3668 2809 3755 2863 δὲ-

2162 2909 2360 2977 ξασθαι
2392 2908 2491 2972 τὰς
2529 2906 3087 2979 ὑπερανωσκειμένας
3118 2915 3141 2945 ο
3188 2904 3366 2974 αὐγὰς
3402 2904 3505 2976 τῆς
3541 2903 3755 2958 ἐκεῖθεν

461 2998 715 3067 copulate
737 2994 1161 3065 contemplatur.
1193 2991 1294 3048 Hic
1316 3007 1449 3048 vero
1471 2992 1705 3058 unitam,
1735 3003 1790 3050 et
1809 2995 2057 3052 deificam

2161 3000 2505 3073 ἑλλάμψεως,
2540 2999 2643 3068 τῆς
2698 2999 2868 3071 μονῆς
2916 2998 3017 3053 καὶ
3049 2998 3295 3061 στάσεως
3331 2997 3429 3051 καὶ
3464 2996 3756 3067 ἀκινησίας

461 3091 860 3153 diversitatem,
900 3096 953 3143 et
989 3086 1408 3157 inseparabilem
1442 3086 1554 3159 (57)
1589 3087 1645 3142 in
1675 3089 1925 3158 personis
1952 3088 2057 3143 im-

2161 3092 2221 3147 τὸ
2248 3091 2625 3165 συνῃρημένον
2652 3088 2950 3145 ἐποπτεύει
2972 3105 2989 3122 ο
3044 3088 3280 3143 ἐνταῦθα
3324 3088 3384 3142 δὲ
3416 3086 3516 3159 τὴν
3547 3086 3751 3158 ἑνοειδῆ

468 3184 657 3249 motis,
696 3191 755 3237 ut
785 3180 952 3236 Deum
985 3178 1160 3247 decet,
1185 3187 1522 3246 manentem,
1545 3188 1805 3250 tanquam
1828 3195 1894 3236 ex
1914 3181 2057 3237 fonte

2162 3187 2259 3239 καὶ
2304 3185 2567 3257 θεουργδν
2616 3184 2915 3256 ἑτερότητα
2939 3225 2954 3251 ,
3011 3184 3105 3238 καὶ
3160 3183 3260 3254 τὴν
3312 3181 3639 3236 ἀδιάστατον
3694 3181 3755 3231 ἐν

459 3290 666 3332 arcano
691 3282 744 3330 et
776 3273 983 3339 abdito,
1016 3273 1272 3326 decenter
1302 3270 1415 3327 Deo
1438 3271 1656 3342 aspicit.
1687 3270 1869 3328 Unum
1893 3271 2057 3344 igitur

2159 3279 2443 3350 ἀκινήτοις
2470 3278 2805 3332 ὑποστάσεσι
2836 3276 3071 3347 κίνησιν,
3107 3276 3367 3347 ἀρρήτως
3393 3290 3454 3327 τε
3485 3272 3585 3327 καὶ
3623 3272 3754 3343 ῥοῆς

458 3376 514 3424 et
537 3367 638 3423 tria
670 3375 752 3422 est
779 3364 943 3431 Deus,
971 3379 1083 3419 non
1130 3364 1429 3419 secundum
1464 3373 1637 3419 artem
1694 3364 2054 3432 numerandi,

2159 3369 2329 3438 χωρὶς
2382 3368 2603 3439 ἀπάσης
2652 3366 2975 3439 θεοπρεπῶς
3033 3364 3345 3420 ἑπιὸλὲπει.
3404 3362 3501 3416 Ἓν
3551 3360 3646 3415 οῦν
3692 3360 3755 3414 τὸ

457 3465 566 3521 hoc
592 3479 724 3519 sane
766 3472 893 3519 ante
922 3476 1025 3516 nos
1055 3460 1146 3515 ille
1172 3474 1502 3516 arcanorum
1534 3464 1797 3531 magister
1824 3476 2057 3531 magnus

2159 3459 2303 3513 θεῖον
2345 3459 2443 3514 καὶ⁵
2474 3459 2635 3531 τρία,
2661 3461 2725 3513 οὑ
2771 3458 2915 3514 κατά
2946 3458 3048 3531 τὴν
3094 3455 3467 3529 ἀριθμητικὴν
3508 3452 3754 3527 τεχνολο-

462 3555 757 3627 Dionysius
795 3553 864 3609 ab
890 3553 988 3609 illo
1023 3552 1330 3618 institutus,
1363 3552 1459 3622 qui
1492 3568 1615 3623 qua:
1654 3552 1903 3621 expromi
1945 3565 2054 3606 non

2159 3553 2303 3621 γίαν.
2336 3550 2509 3605 Τοῦτο
2538 3550 2595 3605 δὲ
2629 3551 2738 3623 ἀρα
2764 3551 2862 3606 καὶ
2890 3552 3000 3621 πρὸ
3032 3550 3193 3621 ήμῶν
3223 3551 3252 3604 ό
3277 3549 3388 3605 τῶν
3418 3547 3754 3620 ἀπορρήτων

460 3658 731 3721 possunt,
764 3662 891 3702 eum
941 3644 1149 3711 docuit,
1183 3644 1524 3717 signiﬁcans,
1577 3645 1789 3712 aiebat,
1832 3646 1925 3717 qui
1968 3654 2057 3701 est

459 3741 732 3806 omnium,
761 3754 884 3809 quae
920 3737 1024 3793 sub
1066 3736 1483 3806 intelligentiam
1512 3737 1712 3791 cadunt
1740 3737 1959 3802 eximie,
2002 3745 2057 3791 ct

457 3831 791 3889 excellenter
817 3829 1060 3892 effector,
1088 3843 1192 3883 nec
1222 3836 1305 3883 est
1340 3843 1535 3893 unum,
1572 3843 1674 3884 nec
1705 3830 1908 3893 unitas,
1939 3828 2057 3884 col-

459 3926 650 3982 locans
704 3940 832 3981 eum
894 3938 1058 3993 super
1105 3924 1312 3989 omnia,
1349 3938 1473 3994 quae
1513 3922 1658 3992 apud
1707 3938 1806 3976 nos
1838 3923 2055 3978 suntin

459 4019 668 4075 honore
710 4028 764 4072 et
798 4016 1009 4087 pretio,
1041 4016 1477 4086 declaransque,
1511 4024 1571 4070 ut
1599 4022 1685 4070 est
1729 4024 1857 4071 ante
1909 4017 2050 4084 alia,

460 4112 542 4169 sic
587 4112 753 4168 etiam
785 4125 908 4166 esse
943 4117 1068 4165 ante
1116 4110 1577 4165 numerationem.
1611 4106 1679 4163 Et
1708 4124 1934 4175 rursus,
1965 4108 2054 4163 itt-

457 4210 618 4279 quit,
676 4207 932 4263 videmus
980 4205 1321 4261 divinitatem
1380 4218 1537 4259 sacre
1590 4202 1865 4257 laudatam
1926 4214 2052 4259 tan-

456 4317 622 4373 quam
655 4302 967 4367 monadem,
1001 4307 1057 4355 et
1088 4298 1353 4354 unitatem
1389 4297 1605 4365 (Deum,
1644 4295 1892 4366 inquam,
1935 4306 2055 4353 tan-

457 4408 624 4464 quam
682 4393 863 4449 solum
912 4400 966 4446 et
1025 4390 1220 4459 unum)
1266 4397 1490 4459 propter
1537 4387 1945 4458 simplicitatem
1997 4399 2054 4444 et

459 4485 725 4541 unitatem
767 4482 1220 4556 impartibilitatis
1266 4497 1431 4554 supra
1501 4488 1776 4548 naturam,
1812 4497 1877 4535 ex
1918 4498 2047 4552 qua,

2160 3646 2375 3717 μύστης
2431 3644 2537 3699 ὑπὸ
2580 3644 2675 3699 τοῦ
2728 3643 2800 3697 τά
2849 3644 3209 3716 ἀνὲκφραστα
3254 3639 3753 3714 μυσταγωγοῦντος

2156 3740 2185 3793 ό
2218 3738 2395 3810 μέγας
2441 3737 2673 3810 μυηθεὶς
2705 3736 2987 3801 Διονύσιος
3015 3736 3395 3807 αἰνιττόμενος
3428 3734 3638 3806 ἔλεγεν,
3677 3732 3753 3789 ὼ;

2155 3833 2183 3885 ό
2203 3829 2406 3894 παντὸς
2430 3828 2624 3901 νοητοῦ
2651 3827 2776 3883 καθ’
2802 3827 3082 3900 ὑπεροχὴν
3104 3827 3281 3891 αἴτιος
3306 3826 3432 3881 οὔτε
3482 3825 3543 3880 ἓν
3577 3828 3748 3884 ἑστιν,

2154 3922 2279 3978 οὔτε
2309 3923 2524 3993 ἑνότης,
2553 3920 2869 3994 ὑπερτιθεὶς
2899 3920 3063 3974 αὑτὸν
3104 3918 3216 3973 τῶν
3246 3920 3304 3973 ὲν
3338 3919 3473 3990 ἡμῖν
3497 3917 3753 3972 ἁπάντων

2153 4017 2374 4089 τιμίων.
2408 4017 2520 4071 Καὶ
2550 4016 2615 4089 δὴ
2651 4016 2747 4071 καὶ
2790 4015 2951 4086 δῆλον
2994 4014 3071 4078 ὡς
3118 4013 3228 4082 πρὸ
3267 4011 3376 4066 τῶν
3418 4012 3616 4075 ἀλλων,
3657 4015 3753 4063 καὶ

2154 4110 2254 4179 τῆς
2287 4106 2767 4179 συναριθμήσεως,
2801 4106 2897 4159 καὶ
2920 4104 3083 4158 πάλιν
3108 4102 3328 4176 ὁρῶμεν
3359 4102 3462 4173 τὴν
3492 4100 3753 4172 θεαρχίαν

2157 4200 2319 4273 ἱερῶς
2340 4200 2719 4271 ὑμνουμένην,
2751 4198 2828 4262 ὡς
2852 4197 3061 4269 μονάδα
3090 4195 3191 4267 μὲν
3215 4196 3309 4249 καὶ⁵
3337 4194 3525 4258 ἑνάδα,
3542 4193 3631 4247 διὰ
3653 4194 3752 4262 τὴν

2156 4293 2435 4364 ἁπλότητα
2457 4293 2552 4346 καὶ
2574 4291 2803 4361 ἑνότητα
2824 4291 2923 4361 τῆς
2946 4288 3262 4362 ὑπερφυοῦς
3291 4288 3579 4359 άμερείας,
3600 4285 3662 4350 ἐξ
3684 4279 3752 4352 ἧς

2153 4388 2229 4452 ὡς
2263 4385 2512 4441 ἑνοποιοῦ
2553 4384 2838 4453 δυνάμεως
2869 4381 3186 4453 ἑνιζόμεθα,
3214 4380 3309 4435 καὶ
3338 4379 3447 4433 τῶν
3476 4377 3751 4450 μεριστῶν

2152 4486 2186 4555 ἡ
2197 4482 2314 4553 μῶν
2340 4480 2677 4551 ἑτεροτήτων
2705 4474 3098 4549 ὑπερκοσμίως
3138 4472 3623 4546 συμπυσσομὲνων
3641 4469 3749 4535 (1⁸⁸,

1736 4646 1975 4704 νΑῐὶΙᾸΞ
2010 4638 2421 4699 LECTIONES.

531 4774 558 4816 7
583 4767 617 4823 l.
655 4767 1064 4839 ἀνεκφοίτητον.
1113 4837 1120 4839 _
1145 4775 1170 4804 ι
1198 4765 1295 4837 τῷ.
1334 4836 1345 4839 _
1372 4778 1401 4807 ει
1422 4766 1459 4831 1,
1495 4766 1616 4838 μηδ’
1633 4762 1699 4838 ἦν
1728 4784 1812 4830 τις
1836 4766 1980 4829 νοῦς,
2002 4765 2086 4820 vel
2122 4763 2246 4835 μηδ’
2277 4757 2345 4833 ἦν
2369 4776 2514 4823 τινος
2538 4756 2686 4825 νοῦς,
2764 4758 2793 4799 1³
2817 4758 2937 4815 dele
2961 4752 3078 4813 οῦν.
3158 4768 3182 4799 ε
3204 4756 3241 4813 l.
3267 4756 3526 4827 ὑπεράνω
3557 4754 3751 4824 κειμέ-

458 4855 556 4902 νας
581 4840 664 4895 vel
695 4836 1255 4910 ὑπερανῳκισμέναςς
1322 4836 1408 4877 d‘e

1449 4840 1485 4893 Ι.
1540 4855 1603 4890 συ
1613 4855 1759 4908 μπτυ
1770 4839 2071 4908 σσομένων.

1977 4954 2216 5014 NOTAE.

675 5045 896 5128 Omnth
926 5046 1068 5128 enini
1102 5061 1385 5128 uiguerunt
1419 5054 1525 5128 etc.
1550 5054 1788 5128 superat.
1833 5045 2043 5128 ,Ἀριθ-

462 5114 562 5188 μοῦ
588 5114 694 5188 γὰρ
714 5117 916 5188 παντὸς
933 5117 1026 5170 καὶ
1051 5117 1274 5184 ἐνάδων,
1307 5116 1363 5169 αἶ
1388 5116 1457 5172 τὰ
1493 5117 1589 5171 τοῦ
1618 5114 1861 5188 ἀριθμοῦ
1903 5114 2046 5188 μέρη

458 5186 556 5261 καὶ
606 5186 788 5261 πάσης
818 5187 981 5261 ἄλλης
1002 5188 1381 5261 ἀναπληροῦσι
1410 5186 1731 5261 ποσότητος,
1759 5186 2049 5261 παντελῶς

457 5261 492 5330 ὴ
530 5257 1241 5341 ὑπ-εράρχιος,ηάγαθ.αρχία
1282 5259 1508 5332 ἀρρήτῳ
1537 5260 1721 5332 μέτρῳ
1748 5258 2048 5341 ὑπερ-ἱδρυ-

458 5277 492 5330 η
530 5277 885 5384 ὑπεραρχιος,
926 5277 1241 5341 αγαυαρχια
1282 5277 1508 5332 αρρητῳ
1537 5277 1721 5332 μετρῳ
1748 5277 2045 5341 υπεριορυ-

458 5347 569 5385 ται.
598 5328 637 5385 lt
689 5341 772 5385 est
802 5348 815 5384 :
850 5349 869 5381 ι
894 5328 1123 5385 Omnem
1152 5346 1297 5385 enim
1333 5345 1620 5384 numerum
1676 5340 1731 5387 et
1782 5339 2045 5393 unitates,

459 5417 582 5471 qua:
612 5400 826 5455 numeri
882 5410 937 5456 et
967 5402 1149 5457 omnis
1209 5402 1804 5471 alteriusquantitatis
1863 5411 2047 5471 partes

460 5472 1050 5573 adimplentntxnnino
1082 5480 1304 5573 superat
1334 5470 1595 5554 ineffabili
1632 5470 1888 5527 mensura
1946 5487 2048 5540 np-

488 5558 629 5573 Imnao
670 5560 681 5573 I
729 5558 759 5573 Δ
876 5552 1135 5573 ιιι-ηιοῆιιο
1212 5552 1548 5573 nul-Inlnnlnnn
1604 5558 1823 5573 nrnnnm
1882 5557 2045 5573 βιιηνη

463 5540 634 5616 timus
670 5543 759 5597 ille
800 5540 1168 5616 [Divinitatisi
1212 5543 1551 5614 principatus
1604 5558 1825 5598 omnem
1882 5557 2047 5611 supra

461 5614 829 5685 principatum
872 5614 1157 5683 positusJ

533 5684 645 5755 (55)
681 5684 787 5738 Ilia
830 5685 967 5737 enim
1014 5686 1249 5755 perfecta
1312 5685 1459 5754 quies
1510 5692 1560 5738 et
1597 5684 1941 5738 immobilitas
1984 5685 2047 5755 in

460 5752 736 5825 mansione
751 5770 949 5825 arcana
972 5752 1021 5808 et
1047 5752 1232 5810 abdita
1253 5752 1370 5825 qua:
1386 5757 1625 5824 expromi
1648 5772 1752 5808 non
1769 5764 1960 5824 potest.
1982 5752 2048 5807 Ἠ

462 5824 651 5896 γὰρ-ἑν
661 5828 728 5896 τῇ
751 5822 893 5893 [lego
907 5825 1008 5896 τῷ]
1033 5822 1298 5896 ἀφράστῳ
1310 5825 1409 5896 τῆς
1422 5822 1789 5896 κήρυφιότητος
1805 5825 1940 5895 μονὴ
1954 5826 2047 5877 καὶ

462 5890 734 5962 παντελὴς
755 5890 1044 5963 ἀκινησία.
1081 5890 1135 5951 id
1163 5890 1282 5951 esti
1312 5913 1328 5946 ι
1366 5890 1505 5948 Nam
1524 5890 1736 5951 titattsio
1757 5890 1817 5950 ἰιί
1831 5890 2045 5953 secreto

2154 5042 2440 5108 ineffabili,
2502 5049 2555 5097 et
2610 5040 2850 5111 perfecta
2904 5041 2995 5096 illa
3064 5039 3445 5097 immobililas.
3482 5059 3501 5092 ι

2225 5114 2338 5197 (56)
2371 5110 2662 5197 Coniupﬁcie
2693 5124 2740 5167 et
2770 5116 3025 5193 copulate
3044 5114 3456 5197 contemplatur.
3493 5110 3597 5197 Hie
3632 5129 3750 5167 vero

2146 5182 2358 5239 unitum
2391 5200 2439 5238 et
2472 5184 2741 5253 deiﬁcum,
2805 5194 2914 5239 etc.
2962 5183 3066 5251 τῆς
3097 5182 3274 5253 μονῆς
3330 5182 3428 5253 καὶ
3488 5183 3747 5245 στάσεως

2147 5257 2243 5328 καὶ
2288 5252 2593 5328 ,ἀκινησίας
2647 5255 2708 5328 τό
2741 5252 3494 5328 συνῃρημένον-ἐποπτεύει)-
3515 5254 3750 5328 ἐνταῦθα

2146 5326 2204 5380 δὲ
2233 5325 2347 5398 τὴν
2379 5321 2583 5398 ἐνόειδῆ
2617 5325 2711 5398 καί
2733 5321 3048 5398 Λθεοῦργόν.
3087 5322 3143 5377 Id
3179 5332 3263 5398 est
3295 5342 3308 5377 :
3384 5342 3403 5375 ι
3446 5321 3748 5379 Mansionis

2146 5395 2373 5467 quietis,
2434 5395 2922 5451 rtimmobilitalis
2990 5396 3436 5467 contractionem
3494 5404 3749 5449 contem-

2146 5465 2329 5538 platur
2370 5467 2515 5538 gliic
2546 5467 3047 5538 veroiunil'ormem
3084 5476 3139 5521 et
3164 5465 3440 5538 deificagt.
3476 5472 3636 5538 etc.)

2222 5539 2337 5609 (57)
2357 5537 2809 5609 Inseparabiiem,
2837 5547 2939 5609 etc.
2974 5537 3080 5609 Deo
3112 5536 3326 5609 aspicit.
3357 5535 3471 5609 ξΙξὴν
3488 5536 3750 5609 astam,

2144 5606 2239 5664 τον
2264 5606 2326 5662 ἑν
2355 5609 2638 5679 ἀκινήτοις
2668 5608 3004 5679 ὑποστάσεσι
3022 5606 3238 5679 κίνησιν
3262 5606 3535 5679 ἀρρήτως.
3561 5624 3636 5679 Δτε
3658 5608 3750 5659 καὶ

2148 5680 2280 5751 ῥοῆς
2308 5679 2484 5751 χωρὶςΔ
2505 5674 2747 5751 ’ἀπάσης
2779 5677 3113 5751 θεοπρεπῶς
3136 5674 3464 5751 {md/{enea
3520 5674 3577 5751 l_d
3616 5686 3701 5731 est
3735 5694 3756 5744 ε,

2151 5748 2636 5819 illiseparabilem
2681 5749 2734 5802 in
2784 5748 3040 5819 persOnis
3105 5748 3352 5803 immotis
3416 5748 3745 5814 motionem,

2146 5821 2496 5876 ineﬂ‘abiliter
2530 5831 2585 5875 et
2614 5820 2823 5891 absque
2852 5820 3007 5876 omni
3041 5820 3217 5890 fluxu,
3251 5826 3418 5890 prout
3451 5819 3625 5875 Deum
3653 5819 3752 5876 de-

2144 5901 2252 5963 cet,
2285 5892 2499 5963 aspicit.
2539 5908 2559 5943 ι
