4110 6488
315 418 452 484 θοι
1157 424 1258 483 AD
1288 421 1884 484 AMPHILOCHIUM
1922 420 2268 495 QUIESTIO
2297 422 2670 485 CLXXXIII.
3530 431 3638 494 902

321 536 430 597 εἰς
471 533 683 606 θεοειδῆ
728 536 936 607 μονάδα
981 536 1407 607 συναπτόμεθα,
1464 536 1561 591 καὶ
1613 536 1951 608 θεομίμητον

2051 546 2312 607 tanquam
2361 537 2562 592 uniﬁca
2606 537 2871 608 potentia,
2915 538 3190 595 efﬁcimur
3220 555 3412 604 unum,
3442 542 3557 614 (58)
3587 555 3643 600 et

321 624 571 683 ἒνωσιν.
2054 628 2258 684 nostris
2284 628 2698 685 dirersitatibus
2731 631 2915 687 divine
2943 633 3286 703 complicatis
3306 643 3363 690 et
3392 635 3447 690 in
3472 651 3640 691 unum

2053 719 2384 787 convolutis,
2422 720 2476 776 in
2514 720 2781 777 unitatem
2803 721 2895 777 Dei
2927 724 3185 790 similem,
3221 733 3275 781 et
3307 727 3634 790 unitionetn,

2053 826 2176 884 quae
2211 812 2380 868 Deum
2412 812 2678 880 imitatur,
2711 814 3052 883 copulamur.

2124 905 2448 961 Trinitatem
2481 921 2615 961 vero
2646 907 2884 973 attende,
2922 908 3034 979 (59)
3068 925 3175 965 non
3203 913 3348 967 enim
3379 921 3638 985 tanquam

2052 999 2413 1078 numerabile,
2468 999 2634 1068 dicit,
2690 1000 2786 1056 sed
2856 1010 3079 1072 propter
3136 1006 3637 1063 manifestationem

2054 1091 2220 1146 trium
2245 1108 2606 1162 personarum
2629 1109 2683 1149 tn
2708 1091 2800 1149 illa
2818 1109 2982 1163 supra
3006 1104 3256 1151 naturam
3285 1096 3638 1167 fecunditate,

422 904 629 977 Τριάδα
658 904 715 959 δὲ
735 946 750 970 ,
776 905 1019 978 πρόσχες
1039 921 1053 937 ·
1080 906 1143 960 ού
1174 906 1283 979 γὰρ
1311 907 1388 970 ὡς
1415 905 1726 979 ἀριθμητήν
1757 924 1944 978 φησιν,

328 996 488 1050 ἀλλὰ
516 996 604 1052 διὰ
636 996 733 1067 τὴν
762 997 1193 1069 τρισυπόστατον
1232 998 1334 1069 τῆς
1366 998 1693 1068 ὑπερουσίου
1724 999 1949 1070 γονιμὸ-

326 1105 515 1159 τητος
554 1090 808 1159 ἔκφασιν,
854 1090 915 1155 ἐξ
958 1086 1045 1161 ἧς»
1062 1092 1213 1144 πᾶσα
1260 1092 1470 1163 πατριὰ
1511 1093 1569 1145 ὲν
1598 1091 1816 1164 ούρανῷ
1852 1091 1948 1146 καὶ

332 1184 446 1236 ἐπὶ
481 1184 584 1253 γῆς
613 1183 730 1237 ἔστι
766 1200 825 1237 τε
871 1184 965 1237 καὶ
986 1181 1351 1253 ὀνομάζεταιο
1388 1186 1482 1238 καὶ¹
1510 1184 1682 1240 πολλὰ
1719 1186 1949 1241 τοιαῦτά

335 1276 506 1328 ἐστιν
536 1276 687 1346 παρὰ
728 1274 808 1347 τῷ
855 1274 1130 1346 Θεσπεσίῳ
1162 1274 1269 1328 τῶν
1320 1275 1569 1331 ἀθεάτων
1608 1276 1823 1350 empti),
1853 1278 1947 1330 καὶ

334 1370 453 1437 τῆς
481 1366 694 1421 Παύλου
726 1366 1120 1437 μυσταγωγίας
1146 1366 1376 1439 ἐπαξίῳ.
1404 1368 1527 1421 Ὀτι
1550 1368 1608 1421 δὲ
1630 1369 1691 1422 ού
1716 1369 1824 1422 τῶν
1845 1385 1946 1422 κυ-

343 1459 490 1529 ρίως
520 1459 842 1531 ἀριθμητῶν
882 1461 917 1531 ἠ
960 1460 1132 1532 Τριὰς
1160 1459 1224 1514 ἐκ
1251 1478 1313 1514 τε
1354 1461 1463 1515 τῶν
1491 1462 1798 1533 εἰρημένων
1829 1461 1947 1515 ἔστι

340 1551 605 1623 θεωρεῖν,
645 1553 739 1605 καὶ
774 1550 926 1605 ἄλλοι
956 1551 1205 1623 διάφοροι
1240 1551 1463 1621 δηλοῦσι
1496 1552 1667 1621 λόγοι.
1702 1552 1814 1607 Καὶ
1838 1553 1946 1626 γὰρ

339 1642 449 1694 ἐπὶ
495 1641 603 1696 τῶν
644 1641 852 1714 κυρίως
894 1643 1238 1715 ἀριθμητῶν,
1285 1637 1399 1698 οἷον
1437 1643 1767 1716 ἀνθρώπων,
1812 1645 1946 1718 φέρε

343 1736 552 1800 εἰπεῖν,
578 1735 611 1806 ἢ
637 1735 910 1806 ἀγγέλων,
932 1737 966 1808 ἢ
998 1736 1211 1808 μυρίων
1231 1736 1408 1791 ἄλλων
1430 1736 1711 1809 δυνάμεθα
1740 1737 1944 1807 λέγειν,

344 1826 450 1879 καὶ
499 1827 659 1897 τριὰς
715 1826 970 1897 ἀγγέλων
1027 1829 1127 1882 καὶ
1207 1832 1368 1899 τριὰς
1425 1828 1759 1901 ἀνθρώπων,
1813 1829 1949 1883 ἀλλὰ

2052 1199 2119 1239 ex
2153 1200 2260 1256 qua
2298 1186 2481 1244 omnis
2522 1187 2822 1257 paternitas
2866 1187 2920 1243 iu
2955 1188 3099 1245 caalo
3122 1190 3260 1246 etin
3302 1200 3443 1247 terra
3474 1203 3554 1249 est
3587 1203 3642 1249 et

2052 1279 2391 1334 nominatur.
2425 1277 2492 1332 Et
2520 1280 2688 1335 multa
2720 1280 2828 1336 alia
2874 1281 3194 1353 hujusmodi
3237 1283 3365 1339 licet
3400 1286 3643 1356 reperire

2052 1368 2195 1439 apud
2239 1369 2485 1423 divinum
2532 1370 3008 1441 inaspectabilium
3051 1384 3451 1444 spectatorem,
3481 1386 3538 1431 et
3585 1378 3641 1431 in

2054 1462 2332 1533 mysteriis
2364 1461 2519 1518 Pauli
2572 1464 2917 1520 institutione
2966 1466 3217 1538 dignum.
3255 1467 3411 1534 Quod
3453 1480 3639 1525 autem

2054 1552 2293 1611 Trinitas
2323 1571 2433 1610 non
2472 1556 2544 1612 sit
2571 1558 2794 1628 proprie
2839 1543 3286 1627 numerabilium,
3319 1569 3436 1617 tum
3475 1577 3541 1617 ex
3572 1563 3641 1619 iis

2054 1664 2176 1720 quae
2204 1648 2348 1703 dicta
2376 1658 2505 1705 sunt
2537 1650 2663 1705 licet
2692 1666 3027 1722 cognoscere
3058 1670 3072 1707 ε
3106 1663 3219 1708 tum
3244 1654 3365 1710 alia:
3398 1656 3642 1711 rationes

2054 1743 2204 1797 varie
2236 1742 2537 1808 declarant,
2584 1744 2849 1814 siquidem
2882 1745 2949 1815 [in
2998 1746 3101 1811 iis,
3127 1762 3249 1816 quat
3288 1748 3506 1819 proprie
3535 1765 3639 1803 nu-

2054 1832 2256 1888 merari
2306 1844 2558 1903 possunt,
2605 1842 2687 1899 ut,
2721 1835 2872 1890 verbi
2905 1837 3102 1905 gratia,
3139 1835 3195 1892 in
3244 1828 3559 1895 hominibus
3585 1851 3640 1896 et

346 1922 454 1971 καὶ
481 1920 628 1990 τρεῖς
659 1919 903 1989 ἄγγελοι,
941 1920 1038 1974 xal
1073 1919 1224 1994 τρεῖς
1259 1918 1562 1991 ἄνθρωποι.
1606 1922 1730 1975 Ἐπὶ
1758 1922 1815 1975 δὲ
1847 1924 1945 1993 τῆς

2052 1924 2280 1996 angelis,
2310 1935 2365 1981 et
2417 1926 2672 1981 similiter
2715 1926 2769 1981 in
2819 1926 3050 1983 inﬁnitis
3080 1929 3203 1984 aliis
3231 1929 3414 1985 dicere
3439 1945 3641 2001 possu-

347 2011 500 2082 ὑπὲρ
532 2011 714 2066 πάντα
748 2011 875 2066 νοῦν
908 2013 1002 2067 καὶ
1042 2011 1279 2083 ἀριθμὸν
1319 2013 1627 2083 ύπεραγίας
1673 2014 1904 2087 Τριάδος
1929 2055 1944 2080 ,

345 2102 482 2157 οὔτε
549 2103 720 2175 Τριὰς
770 2104 911 2160 θεῶν
960 2106 1169 2159 εἴποιεν
1205 2104 1226 2145 ί
1275 2105 1342 2160 ἄν
1386 2123 1471 2171 τις
1514 2106 1778 2173 εὐσεϐῶν,
1830 2107 1946 2162 ἀλλ’

350 2196 478 2250 οὐδὲ
505 2199 654 2266 τρεῖς
678 2196 811 2253 θεοί.
840 2198 1010 2253 Πάλιν
1032 2198 1101 2253 τὰ
1125 2199 1185 2253 ὲν
1213 2202 1279 2272 τῇ
1307 2199 1587 2271 ὑπεραγῑᾳ
1618 2199 1713 2253 xal
1756 2202 1949 2271 ὀμοου-

355 2284 461 2355 σιῳ
491 2284 684 2356 Τριάδι
735 2284 1125 2358 λαμϐανόμενα
1157 2289 1451 2360 πρόσωπα,
1484 2289 1725 2361 φανερὸν
1772 2289 1848 2354 ὡς
1879 2291 1946 2345 δι’

350 2375 604 2449 ἀλλήλων
626 2377 725 2441 τὰς
746 2378 1019 2449 ἰδιότητας
1041 2379 1350 2451 ἀχράντους
1376 2381 1474 2436 καὶ
1495 2383 1803 2454 ἀκηράτους
1831 2382 1948 2436 διαο

353 2468 601 2534 σώζοντα
633 2472 823 2542 χωρεῖ.
858 2470 1068 2543 Πληροῖ
1112 2471 1183 2525 τὰ
1212 2474 1393 2528 πάντα
1426 2476 1455 2527 6
1485 2475 1679 2545 Πατὴρ
1706 2515 1722 2540 ,
1748 2474 1949 2546 πληροῖ

352 2564 424 2614 τὰ
457 2563 637 2617 πάντα
660 2564 688 2615 6
716 2563 877 2629 Υἱὸς,
916 2562 1181 2628 ὡσαύτως
1206 2566 1302 2619 xal
1330 2566 1393 2619 τδ
1419 2567 1647 2639 Πνεῦμα
1676 2568 1737 2621 τὸ
1767 2567 1944 2637 ἅγιον.

354 2654 468 2708 Kal
494 2656 554 2708 τὸ
584 2656 878 2723 ἀνάπαλιν,
905 2655 1038 2710 ἔνθα
1070 2657 1307 2727 πάρεστι
1333 2658 1395 2711 τὸ
1422 2658 1651 2728 Πνεῦμα
1673 2699 1687 2722 ,
1715 2662 1831 2713 ἐκεῖ
1854 2662 1947 2714 καὶ

352 2749 380 2799 6
408 2748 637 2819 Πατὴρ,
685 2750 781 2803 καὶ
810 2751 839 2803 6
884 2749 1046 2813 Υἱός⁸
1079 2750 1218 2805 ἀλλὰ
1259 2752 1351 2806 καὶ
1392 2752 1452 2805 ὲν
1488 2749 1571 2815 οἷς
1614 2754 1878 2825 πάρεστιν
1918 2753 1946 2805 6

351 2838 503 2904 Υἱὸς,
536 2841 876 2913 συμπάρεισι
906 2841 1003 2895 καὶ
1034 2842 1063 2895 6
1096 2841 1289 2914 Πατὴρ
1315 2843 1411 2897 καὶ
1439 2844 1502 2897 τὸ
1528 2843 1775 2915 Πνεῦμα.
1823 2844 1948 2897 Ἐπὶ

350 2931 410 2985 δὲ
452 2932 561 2986 τῶν
595 2935 800 3005 κυρίως
827 2932 1155 3005 ἀριθμητῶν
1186 2934 1340 2989 οὐδὲν
1382 2934 1500 2991 ἐστι
1540 2936 1782 2990 τοιοῦτον
1821 2936 1946 2991 ούδὲ

350 3025 574 3083 ἐννοεῖν.

426 3206 549 3257 Ἔτι
576 3204 634 3258 δὲ
656 3206 749 3259 ἐπὶ
775 3207 886 3262 τῶν
914 3206 1123 3279 κυρίως
1154 3204 1499 3279 ἀριθμητῶν,
1528 3205 1624 3260 καὶ
1654 3205 1941 3277 προσθήκη

2050 2033 2197 2085 mus,
2228 2018 2527 2072 trinitatem
2561 2019 2885 2089 angelorum
2917 2029 2972 2075 et
2997 2021 3295 2076 trinitatem
3326 2022 3635 2090 hominum,

2050 2108 2161 2163 imo
2207 2118 2261 2164 et
2310 2116 2420 2166 tres
2464 2110 2708 2181 angelos,
2744 2119 2799 2165 et
2838 2118 2948 2167 tres
2982 2111 3260 2180 homines;
3292 2112 3344 2166 in
3370 2110 3639 2167 'I'rinitate

2048 2212 2182 2252 vero
2234 2213 2397 2268 supra
2438 2214 2601 2268 quam
2658 2206 2868 2264 sancta,
2918 2214 3097 2271 neque
3126 2199 3369 2255 Trinitas
3407 2199 3634 2254 deorum

2048 2289 2135 2357 pie
2165 2288 2273 2344 dici
2307 2297 2505 2358 potest,
2540 2304 2717 2359 neque
2756 2297 2867 2344 tres
2904 2289 3010 2344 Dii.
3037 2289 3254 2345 Rursus
3279 2289 3333 2343 in
3371 2288 3638 2347 Trinitate

2048 2396 2215 2452 supra
2244 2397 2413 2452 quam
2442 2390 2631 2437 sancta
2653 2390 2707 2437 et
2732 2382 2899 2438 unius
2927 2382 3287 2453 ejusdemque
3315 2382 3637 2438 substantiae

2048 2485 2298 2541 persona:
2359 2470 2414 2524 in
2474 2469 2669 2539 seipsis
2720 2479 2915 2524 mutuo
2976 2471 3261 2536 incedunt,
3303 2470 3531 2541 integris
3582 2482 3637 2526 et

2049 2562 2219 2618 salvis
2280 2563 2710 2633 proprietatibus
2761 2562 2949 2633 implet
2989 2562 3174 2616 omnia
3222 2562 3406 2627 Pater;
3448 2562 3637 2633 implet

2048 2656 2235 2710 omnia
2283 2654 2477 2718 Filius,
2528 2655 2784 2710 similiter
2814 2654 2974 2708 etiam
3007 2654 3247 2725 Spiritus
3280 2665 3526 2711 sanctus.
3570 2653 3638 2710 Et

2050 2762 2278 2812 rursus;
2318 2745 2419 2801 Ubi
2450 2747 2606 2801 adest
2633 2744 2894 2816 Spiritus,
2922 2746 3033 2802 illic
3063 2754 3118 2801 et
3149 2745 3342 2813 Filius,
3368 2757 3422 2803 et
3450 2745 3634 2812 Pater,

2047 2840 2178 2911 quin
2213 2840 2377 2895 etiam
2408 2838 2462 2893 in
2494 2839 2695 2908 quibus
2723 2848 2807 2894 est
2836 2836 3029 2905 Filius,
3053 2847 3181 2893 sunt
3214 2837 3380 2893 simul
3400 2846 3452 2892 et
3479 2836 3638 2893 Pater

2046 2942 2099 2987 ct
2136 2932 2376 3003 Spiritus
2405 2943 2651 2989 sanctus.
2683 2930 2742 2985 In
2772 2931 2840 2987 iis
2867 2947 3018 2996 vero,
3050 2947 3172 3002 qua:
3197 2931 3410 3001 proprie
3440 2946 3638 2985 nume-

2048 3024 2156 3078 rari
2184 3032 2438 3095 possunt,
2461 3024 2597 3079 nihil
2621 3023 2889 3094 ejusmodi
2915 3039 2984 3080 nc
3011 3022 3239 3095 intelligi
3275 3022 3496 3094 quidem
3534 3038 3637 3093 po-

2047 3124 2171 3171 test.

2118 3208 2199 3262 Ad
2233 3207 2349 3262 haec
2375 3207 2431 3261 in
2484 3207 2553 3262 iis
2606 3222 2728 3277 quae
2776 3216 2907 3263 sunt
2956 3206 3180 3278 proprie
3234 3206 3633 3271 numerabilia,

349 3295 558 3364 γίνεται
582 3298 679 3351 καὶ
707 3276 1004 3371 ἀφαίρεσις
1026 3299 1137 3353 τῶν
1168 3276 1612 3370 ἀριθμουμένωνο
1642 3299 1734 3350 ἐπὶ
1761 3296 1816 3349 δὲ
1967 3298 1970 3320 ⁴

2047 3300 2287 3356 accessio
2317 3299 2397 3365 ﬁt,
2423 3307 2479 3355 et
2517 3299 2805 3354 subductio
2828 3313 3042 3365 eorum,
3079 3313 3203 3368 qua:
3234 3306 3630 3363 numerantur;

349 3389 680 3461 ύπερουσίου
719 3392 816 3446 καὶ
851 3390 1244 3463 ἁκαταλήπτου
1270 3390 1501 3462 Τριάδος
1519 3430 1535 3455 ,
1564 3390 1680 3453 πῶς
1708 3390 1774 3443 ἂν
1803 3390 1941 3453 ὅλως

349 3481 645 3554 ὲννοειθείη
687 3482 875 3551 τοῦτο;
930 3484 1027 3537 καὶ
1084 3483 1259 3537 πολλὰ
1308 3484 1374 3538 ἄν
1415 3500 1500 3547 τις
1542 3482 1941 3554 ὲπιθεωρήσειε

336 3588 599 3628 τοιαυτα.

870 3693 1209 3747 ΕΡΩἸἩΣΙΣ
1248 3690 1420 3748 ΡΠΓ.

721 3784 864 3855 Περὶ
893 3784 1014 3839 τῶν
1045 3784 1248 3840 αὐτῶν
1277 3785 1356 3851 τῷ
1381 3784 1564 3853 αὐτῷ.

2049 3394 2105 3449 in
2161 3393 2431 3449 Trinitate
2488 3407 2620 3447 vero
2677 3406 2844 3461 supra
2897 3400 3170 3455 naturam,
3219 3398 3276 3445 et
3328 3388 3634 3458 incompre-

2048 3484 2257 3550 hensa,
2311 3484 2589 3555 quomodo
2644 3484 2749 3540 hoc
2791 3483 3009 3554 penitus
3054 3480 3423 3553 intelligatur?
3465 3478 3631 3535 Multa

2050 3578 2155 3632 alia
2187 3576 2457 3647 ejusmodi
2492 3575 2853 3646 contemplari
2885 3575 3011 3646 quis
3041 3583 3238 3646 potest.

2050 3693 2387 3762 QUASSTIO
2424 3691 2733 3749 CLXXXIII
2760 3690 2952 3764 [Ποία.
2993 3689 3202 3760 CCXII,
3231 3688 3394 3744 Taur.
3425 3684 3631 3760 0611ιά

2580 3785 2657 3841 De
2695 3785 2885 3840 iisdem
2913 3785 3101 3839 eidem.

1153 3903 1299 3954 Edita
1322 3919 1348 3954 a
1372 3905 1617 3968 Basnagio
1641 3907 1697 3969 (1.
1719 3919 1764 3955 c.
1788 3920 1839 3969 p.
1865 3904 2001 3968 455).
2021 3927 2086 3944 -ι-
2115 3903 2457 3955 Ρῐωοοόθιιῑὶε
2494 3898 2822 3952 continuatio.

425 3986 500 4039 Τὸ
529 3986 587 4039 ἓν
610 3986 708 4041 καὶ
730 3985 803 4040 τὰ
829 3985 960 4058 τρία
986 3986 1070 4041 ἐνὶ
1095 3988 1192 4057 τῆς
1217 3986 1515 4059 θεαρχικῆς
1547 3988 1948 4059 θεολογούμενα

355 4077 593 4145 φύσεως,
617 4078 717 4132 οὐκ
739 4078 972 4150 ἀριθμός
993 4080 1111 4133 ἐστι
1134 4080 1359 4151 κυρίως,
1382 4079 1492 4133 οὐδ’
1516 4080 1660 4152 ἀρχὴ
1682 4079 1939 4153 ἀριθμοῦ

350 4168 491 4223 ἀλλὰ
537 4169 600 4223 τὸ
635 4169 735 4241 μὲν
781 4170 840 4224 ἓν
886 4170 1156 4243 σύμϐολόν
1181 4172 1243 4225 τὲ
1290 4174 1407 4227 ἐστι
1448 4172 1548 4243 τῆς
1579 4174 1942 4244 ἀπερινοήτου

350 4263 737 4334 κρυφιότητος,
767 4264 865 4317 καὶ
890 4264 1261 4333 αἰνιγματίζει
1293 4264 1353 4318 τὸ
1374 4265 1616 4335 ἄρρητον
1640 4264 1742 4335 τῆς
1766 4264 1943 4332 ὑπάρ-

349 4352 507 4419 ξεως.
546 4355 659 4425 Τὴν
687 4354 1054 4427 ὲκφαντορίαν
1084 4357 1141 4409 δὲ
1172 4355 1239 4409 τὰ
1267 4356 1394 4426 τρια
1416 4356 1658 4421 διαπλοῑ,
1704 4356 1799 4410 καὶ
1833 4373 1938 4408 πα-

350 4450 626 4518 ραγυμνοῖ
664 4452 779 4512 τοῖς
827 4452 1105 4521 μεριστοῖς
1141 4450 1241 4521 τὴν
1267 4450 1467 4518 γνῶσιν
1501 4450 1601 4520 τῆς
1638 4449 1938 4520 ἀμερίστου

349 4541 446 4594 καὶ
478 4541 870 4611 ἁκαταλήπτου
902 4541 1177 4612 θεότητος.
1217 4542 1567 4611 Ἐκφαίνεται
1596 4542 1705 4612 γὰρ
1736 4544 1768 4612 ἡ
1801 4541 1939 4610 ὑπὲρ

350 4631 475 4686 νοῦν
534 4632 631 4686 καὶ
674 4633 858 4687 πᾶσαν
898 4634 1203 4705 κατάληψιν
1245 4634 1403 4688 οὐσία
1461 4637 1529 4705 τῇ
1582 4633 1677 4687 τοῦ
1727 4633 1941 4704 Πατρὸς

348 4725 747 4797 ἀναπλουμένη
778 4727 874 4780 καὶ
908 4727 1042 4780 Υῐοῦ
1073 4728 1418 4799 προσηγορίᾳ
1454 4728 1553 4780 xal
1595 4725 1936 4795 Πνεύματος.

2112 3987 2300 4044 Unum
2335 3986 2521 4056 itaque
2571 3992 2626 4040 et
2660 3985 2760 4039 tria
2800 3998 2909 4038 non
2945 3991 3075 4040 sunt
3105 3982 3324 4054 proprie
3342 3995 3630 4043 numerus.

2044 4093 2221 4149 neque
2251 4075 2585 4148 principium
2617 4073 2832 4130 numeri
2859 4072 2912 4127 in
2944 4082 3156 4129 naturae
3175 4073 3376 4129 divina:
3400 4073 3633 4128 Theolo—

2041 4173 2149 4243 gia,
2190 4172 2284 4226 sed
2329 4170 2514 4241 potius
2569 4184 2739 4224 unum
2777 4169 3088 4240 symbolum
3121 4175 3207 4223 est
3232 4183 3469 4235 arcanae,
3490 4176 3543 4221 et
3574 4169 3628 4223 in

2039 4262 2226 4318 abdito
2254 4261 2549 4317 recondita:
2577 4267 2804 4319 naturae.
2834 4274 2958 4328 qua:
2990 4257 3349 4327 intelligentia
3376 4273 3627 4328 compre-

2040 4352 2204 4407 hendi
2263 4368 2372 4406 non
2425 4360 2622 4422 potest,
2668 4349 3052 4421 signiﬁcatque
3101 4350 3153 4403 in
3183 4348 3471 4419 aenigmate
3518 4364 3627 4403 non

2036 4462 2200 4518 posse
2228 4444 2412 4500 eﬂ‘erri
2448 4453 2502 4499 et
2530 4443 2777 4513 expromi
2807 4442 3049 4497 divinam
3086 4440 3469 4497 substantiam.
3499 4440 3626 4495 Tria

2036 4553 2170 4593 vero
2201 4535 2704 4592 manifestationem
2752 4534 3064 4604 explicant;
3109 4544 3164 4589 et
3191 4533 3494 4589 divinitatis
3527 4533 3627 4587 im.

2037 4629 2333 4701 par-tibilis,
2363 4637 2523 4698 atque
2579 4627 3050 4697 incomprehensa:
3102 4625 3472 4696 cognitionem
3527 4626 3627 4678 ali—

2038 4731 2305 4793 quantum
2338 4720 2633 4790 exltlanant
2669 4718 2992 4773 hominibus
3026 4717 3121 4788 qui
3153 4725 3281 4772 sunt
3305 4717 3625 4786 partihiles;

352 4822 526 4875 ’Ὠσπε
536 4839 566 4893 ρ
596 4822 688 4875 ἐπὶ
712 4822 774 4876 τὸ
804 4822 1036 4895 κρύφιον
1067 4825 1162 4878 καὶ
1188 4823 1557 4893 ἀκατανόητον
1584 4822 1933 4876 συστέλλεται
1959 4813 1970 4873 ]

2047 4815 2223 4885 pateﬁt
2270 4812 2414 4868 enim
2474 4810 2811 4876 substantia,
2855 4826 2979 4879 qua:
3029 4825 3192 4879 supra
3257 4817 3523 4874 mentem,
3572 4820 3625 4865 et

349 4912 427 4984 τῷ
459 4914 543 4967 ἑνὶ
564 4913 663 4985 τῆς
690 4913 1006 4986 ὑπερφυοῦς
1043 4915 1166 4986 μηδ’
1194 4914 1410 4987 ἐπινοίᾳ
1443 4914 1775 4986 στερουμένη
1804 4931 1938 4983 κρυ-

2035 4922 2200 4978 supra
2248 4922 2466 4961 omnem
2518 4903 3069 4975 comprehensionem
3120 4911 3224 4966 est,
3261 4902 3627 4971 appellatione

347 5003 623 5074 φιότητος.
648 5006 761 5058 Kal
788 5004 898 5057 τῶν
926 5005 1209 5075 ὀνομάτων
1238 5005 1483 5075 ἀλλήλων
1508 5005 1872 5075 διισταμένων
1899 5004 1933 5074 ὴ

2047 5002 2235 5070 Patris,
2272 5012 2327 5058 et
2373 5002 2519 5067 Filii,
2551 5011 2607 5057 et
2662 5000 2901 5071 Spiritus
2940 4999 3137 5063 sancti,
3168 4996 3281 5068 (60)
3326 4998 3469 5053 sicut
3515 5013 3625 5051 uno

345 5096 587 5169 ᾶρῤητος
620 5096 691 5151 δι’
718 5097 899 5151 αὐτῶν
942 5098 1039 5153 καὶ
1065 5097 1422 5166 ἀσυναίρετος
1451 5095 1785 5150 Θεολονεῖται
1828 5094 1939 5150 τῶν

2036 5096 2247 5161 arcani,
2282 5093 2431 5166 quod
2472 5108 2639 5164 supra
2673 5100 2928 5148 naturam
2956 5098 3059 5154 est,
3103 5098 3158 5145 et
3190 5103 3369 5162 neque
3412 5088 3620 5160 cogita-

1660 5213 1897 5269 VABI/E
1938 5210 2344 5269 LECTIONES.

430 5298 450 5339 ί
476 5299 513 5355 Ι.
537 5301 703 5357 εἴποι.

1869 5401 2103 5459 NOTAE.

418 5508 553 5581 (58),
589 5508 657 5564 Et
690 5512 887 5565 nostris
924 5513 1322 5567 divcrsitatibus
1344 5514 1398 5567 in
1426 5529 1589 5567 unum
1613 5514 1927 5575 convolutis.

345 5580 459 5635 Kal
630 5583 901 5654 μεριστρν
930 5583 1087 5653 ήμῶν
1119 5584 1451 5654 ὲτεροτήτων
1501 5585 1928 5654 συμπτυσσομέ-

345 5669 476 5705 νων.
508 5648 566 5705 Id
593 5648 717 5706 esti
760 5668 778 5702 σ
816 5649 883 5705 Ει
909 5648 1112 5707 nostris
1156 5648 1586 5708 di'vers'itatihus'
1620 5670 1715 5708 seu
1774 5648 1931 5709 diffe-

2030 5511 2429 5569 numerabilem
2504 5509 2657 5565 dicit.
2698 5528 2719 5561 ι

2106 5583 2221 5655 (60)
2253 5582 2405 5638 Sicut
2431 5596 2538 5655 uno
2581 5580 2789 5655 arcani,
2812 5589 2912 5635 etc.
2946 5578 3254 5655 nominibus
3304 5582 3621 5655 signiﬁcan-

2029 5650 2131 5709 tur.
2189 5650 2397 5721 Ὥσπερ
2426 5651 2520 5723 ἐπὶ
2552 5651 2612 5723 το
2672 5650 3047 5723 κρύφιονῴκαὶ
3090 5650 3470 5723 κακατανόητον
3528 5672 3625 5707 suo

346 5722 547 5803 rep-gis
572 5737 697 5803 qua:
726 5729 856 5803 supt
893 5720 1218 5786 divisibiles,
1255 5724 1310 5776 in
1344 5739 1511 5803 unum
1539 5727 1877 5803 convolutis.
1904 5744 1923 5777 ι
2028 5724 2309 5803 στέλλεται
2330 5719 2509 5803 τῷενὶ
2542 5721 2641 5790 τῆς
2666 5719 2981 5803 saepem};
3002 5721 3127 5803 μηδ’
3151 5719 3372 5803 ἐπινοίᾳὶ
3390 5741 3623 5803 στερου-

417 5793 531 5865 (59)
564 5790 687 5865 Non
724 5793 866 5865 enim
905 5803 1158 5862 tanquam
1192 5794 1516 5865 navigabile
1537 5795 1696 5850 dicit.
1719 5797 1794 5850 Ού
1820 5799 1927 5865 γὰρ

344 5860 438 5927 ὡς
472 5862 786 5934 ἀριθμητήν
836 5878 987 5931 φησι.
1010 5860 1077 5920 ’Μ
1114 5874 1238 5922 est:
1275 5881 1293 5916 ι
1327 5862 1449 5921 Non
1477 5865 1623 5921 enim
1668 5860 1926 5937 tanquam

2072 5797 2166 5865 ἑνη
2228 5793 2638 5865 κρυφιότητοςῇ
2712 5793 2807 5865 ml
2837 5793 2972 5865 -τῷν
2998 5863 3019 5865 Α
3046 5793 3348 5862 ὀνομάτων
3376 5793 3621 5865 ἀλλήλων

2061 5861 2389 5938 ιισταμένων
2420 5864 2455 5933 ἡ
2505 5862 2742 5934 apem;
2782 5861 2850 5918 δι’
2880 5862 3061 5918 αὐτῶν
3114 5861 3207 5919 καὶ
3267 5861 3622 5939 ἀσυνσίρετης
