4110 6422
549 369 653 434 993
1702 375 1966 437 PHOTII
2005 376 2512 439 PATRIARCHIE
2531 379 2640 440 CP.
3700 381 3811 444 904

540 491 687 539 tione
741 485 1007 552 ﬁrmatur,
1040 486 1383 542 contrahitur
1434 488 1489 542 in
1542 503 1832 558 arcanum;
1869 499 1924 546 et
1975 492 2119 562 quod

2222 491 2531 553 νοουμένων
2563 491 2850 560 συνάφεια,
2887 491 2982 546 καὶ
3004 489 3067 545 τὸ
3094 487 3437 561 ἀπλήθυντον
3465 488 3566 543 οὑκ
3593 488 3807 556 tanta.

540 575 926 646 comprehendi
962 592 1070 630 non
1119 585 1332 646 potest;
1389 585 1444 632 et
1495 578 1810 636 nominibus
1875 580 2019 636 inter
2068 596 2128 637 se

2227 601 2392 652 μενον
2418 583 2516 653 τῆς
2545 582 2800 653 ἑνότητος
2821 623 2836 647 ,
2865 582 3114 654 περόεισιν
3147 579 3510 650 ἀπληθὺντως
3536 583 3601 650 τῇ
3632 581 3812 649 τριάδι

537 669 808 726 distinctis
837 671 1074 725 traditur
1102 670 1423 741 conjunctio
1455 671 1573 726 sine
1597 672 1862 743 synaeresi
1898 673 1976 744 (id
2015 684 2120 739 est,

2225 673 2632 745 πληθυνόμενον
2657 691 2671 705 ο
2720 675 2815 727 κα).
2861 674 2923 726 τὸ
2957 674 3058 744 μὲν
3104 672 3175 726 τὰ
3228 672 3356 742 τρία
3391 671 3701 741 βλαστάνει,
3739 672 3809 724 τὰ

536 762 911 817 contractione
965 763 1347 832 personarum)
1398 778 1627 831 eorum,
1658 763 1753 833 qui
1807 764 2124 820 nominibus

2218 765 2276 819 δὲ
2323 768 2424 834 τῆς
2466 764 2563 818 τοῦ
2611 765 2730 828 ἐνὸς
2770 764 3076 832 ἁπλότητος
3123 763 3223 818 καὶ
3267 762 3562 832 συναφείας
3621 764 3680 817 οὑ
3731 763 3806 816 6t-

537 856 934 926 signiticantur,
973 865 1030 910 et
1061 855 1462 925 intelliguntur,
1497 865 1549 911 et
1577 856 1722 926 quod
1755 856 2116 927 multiplicari
2223 857 2458 911 ίσταται.

537 949 645 1004 non
673 958 868 1017 potest,
890 964 996 1004 non
1026 949 1286 1005 recedens
1319 949 1388 1003 ab
1420 949 1653 1015 unitate,
1687 948 1799 1003 exit
1855 949 1974 1004 sine
2033 948 2513 1018 multiplicatione,
2569 947 2817 1004 trinitate
2849 939 3295 1018 mul'tiplicatum.
3362 949 3429 1003 Et
3456 949 3560 1003 hoc
3585 948 3808 1019 quidem

537 1059 708 1099 unum
755 1043 857 1098 tria
889 1044 1124 1114 profert;
1161 1044 1276 1099 haec
1310 1057 1441 1098 vero
1475 1044 1579 1098 tria
1611 1043 1681 1098 ab
1714 1043 1808 1098 illa
1861 1043 2213 1114 simplicitate
2245 1046 2412 1099 unius
2438 1053 2494 1099 et
2520 1043 2912 1113 conjunctione
2940 1057 3052 1098 non
3087 1054 3312 1106 exeunt.

604 1137 973 1204 Quamobrem
1032 1150 1158 1190 vere
1217 1145 1304 1189 est
1357 1133 1897 1189 incon‘imunicabilis
1947 1134 2117 1202 Deus,

2287 1135 2380 1188 Διὸ
2397 1135 2493 1190 καὶ
2513 1134 2850 1206 ἀκινὼνητον
2875 1137 2901 1177 ε
2929 1136 3005 1200 ὡς
3033 1134 3252 1206 ἀληθῶς
3281 1137 3308 1189 6
3329 1134 3484 1199 Θεός·
3519 1136 3674 1190 οὐδὲν
3701 1139 3810 1208 γὰρ

533 1230 669 1286 nihil
699 1231 845 1285 enim
875 1228 1140 1296 ejusmodi
1179 1237 1260 1283 est
1291 1227 1345 1280 iu
1381 1226 1684 1292 creaturis;
1719 1228 1764 1282 si
1791 1242 1919 1282 vero
1943 1243 2114 1282 unum

2213 1226 2456 1280 τοιοῦτον
2480 1230 2540 1282 ὲν
2561 1230 2673 1292 τοῖς
2696 1230 3016 1300 κτίσμασιν·
3052 1230 3099 1281 εί
3121 1228 3178 1280 δὲ
3203 1226 3261 1280 ἓν
3294 1228 3456 1298 μόνον
3482 1222 3548 1301 ἦν
3578 1230 3612 1299 ἢ
3641 1230 3770 1300 τρία
3791 1271 3807 1294 ,

534 1332 742 1377 tantum
786 1328 952 1381 esset,
984 1318 1066 1375 vel
1109 1317 1234 1384 tria,
1266 1317 1412 1372 Deus
1445 1316 1688 1374 inﬁnitos
1726 1317 1952 1372 haberet
1983 1333 2118 1373 con-

2215 1319 2278 1370 τὺ
2322 1319 2478 1374 Θεῖον
2523 1321 2756 1391 μυρίους
2800 1321 2866 1374 ἂν
2915 1320 3268 1388 συνεπείγετο
3309 1320 3598 1384 κοινωνοὺς
3645 1323 3741 1374 καὶ
3776 1325 3808 1393 ἡ

533 1423 707 1469 sortes
729 1421 781 1467 ct
808 1411 1120 1482 participes,
1147 1411 1655 1481 demonstraretque
1676 1417 1927 1465 creatura
1957 1409 2121 1467 Crea-

533 1519 704 1562 torem
734 1507 787 1562 iu
823 1507 945 1562 suis
971 1503 1400 1575 proprietatibus
1422 1504 1776 1558 collocatum.

530 1597 856 1666 QUAESTIO
885 1595 1194 1654 CLXXXIV
1225 1594 1417 1668 [CoisL
1450 1595 1678 1660 CCXIII,
1714 1595 1880 1652 Taur.
1903 1593 2105 1668 CCIV].

1222 1684 1434 1739 Eidem.

2217 1410 2394 1474 κτίσις
2415 1410 2505 1464 τὸν
2527 1413 2769 1482 Κτίστην
2797 1411 3008 1465 ἐδείκνυ
3032 1413 3142 1474 τοῖς
3170 1410 3368 1481 ἑαυτῆς
3399 1413 3808 1482 συναπτόμενον

2222 1499 2538 1571 ἱδιώμασιν.

2740 1591 3072 1646 ΕΡΩΤΗΣΙΣ
3114 1594 3281 1648 ΡΠΔ’.

2870 1684 2953 1750 Τῷ
2983 1685 3164 1751 αὐτῷ.

1333 1795 1477 1844 Edita
1498 1808 1527 1845 a
1552 1794 1796 1858 Basnagio
1821 1794 1876 1859 (I.
1899 1808 1941 1846 c.
1977 1809 2026 1858 p.
2057 1795 2167 1856 «I35,
2193 1797 2331 1859 45I).
2361 1825 2421 1835 —
2447 1799 2633 1849 Prtoris
2672 1801 2998 1849 continuatio.

600 1886 754 1953 Quod
782 1885 827 1940 si
864 1885 1002 1939 Deus
1028 1892 1082 1938 et
1109 1882 1365 1938 divinitas
1405 1883 1460 1937 in
1501 1883 1759 1938 omnibus
1785 1893 1891 1948 est,
1921 1893 1976 1939 et
2014 1899 2110 1954 per

2282 1887 2345 1940 Et
2379 1890 2408 1940 6
2430 1887 2563 1950 Θεὸς
2603 1889 2699 1942 καὶ
2726 1890 2760 1960 ἠ
2797 1888 2989 1958 θεότης
3020 1889 3078 1941 έν
3111 1890 3246 1942 πᾶσι
3279 1892 3395 1953 τοῖς
3433 1889 3554 1946 οὖσι
3585 1892 3682 1946 καὶ
3711 1892 3799 1948 διὰ

529 1981 711 2035 omnia
769 1987 936 2044 meat,
966 1977 1099 2048 quid
1140 1979 1337 2030 mirum
1371 1986 1473 2042 est,
1522 1976 1566 2031 si
1596 1983 1650 2030 et
1691 1976 1744 2029 in
1792 1976 2106 2033 hominibus

527 2079 611 2126 est
640 2080 901 2140 tanquam
929 2069 1114 2123 homo.
1140 2066 1271 2124 Esse
1301 2068 1466 2137 igitur
1499 2067 1552 2120 in
1582 2067 1860 2128 omnibus.
1895 2075 2009 2121 tum
2039 2082 2106 2122 ex

527 2163 670 2228 aliis,
719 2172 833 2217 tum
881 2175 947 2215 ex
995 2159 1206 2215 ratione
1251 2158 1548 2214 creationis
1608 2158 1950 2229 intelligitur,
1980 2175 2106 2216 esse

527 2268 656 2310 vero
703 2253 760 2308 in
811 2252 1148 2316 hominibus,
1195 2250 1546 2324 cognoscitur
1575 2266 1638 2306 ex
1689 2262 1970 2323 assumpta
1999 2253 2103 2308 hu-

526 2345 808 2411 manitate,
841 2358 1006 2414 quam
1055 2352 1279 2414 propter
1330 2344 1654 2398 charitatem
1686 2360 1816 2414 erga
1865 2361 1967 2402 nos
2011 2361 2103 2401 as-

524 2438 790 2506 sumpsit,
845 2434 956 2507 (6l)
988 2443 1042 2490 et
1087 2445 1340 2498 exortus,
1375 2449 1537 2504 quem
1581 2437 1772 2504 coepit,
1807 2436 2104 2505 participa-

523 2530 709 2593 tione,
770 2537 826 2584 et
868 2530 1252 2584 communione
1313 2537 1541 2591 nostra,
1617 2543 1738 2598 quae
1795 2529 2101 2583 secundum

526 2624 789 2676 honorem
843 2631 964 2689 post
1005 2621 1243 2690 primum
1273 2619 1413 2676 tulit.
1441 2618 1686 2686 Quorum
1722 2621 1952 2675 alterum
1981 2635 2102 2674 ma-

523 2730 626 2769 nus
689 2713 965 2769 Creatoris
1024 2713 1214 2782 largita
1265 2721 1383 2776 est;
1436 2712 1666 2766 alterum
1732 2712 1849 2782 ipse
1881 2711 1950 2767 ad
2001 2726 2102 2768 nos

525 2807 768 2862 veniens.
805 2803 959 2860 Sicut
995 2803 1163 2875 igitur
1197 2803 1310 2875 (62)
1359 2805 1567 2870 omnia,
1590 2819 1714 2857 cum
1749 2818 1854 2858 non
1888 2813 2096 2870 essent,

523 2895 730 2951 creatio
761 2895 879 2963 ejus
908 2894 1036 2948 fecit
1065 2902 1123 2948 ut
1146 2903 1354 2961 essent,
1373 2894 1456 2949 sic
1488 2895 1673 2959 etiam,
1693 2895 1818 2964 quia
1846 2895 2099 2951 homines

522 2988 785 3056 singulari
825 3002 987 3056 Supra
1020 2987 1254 3041 aliarum
1291 2996 1668 3042 creaturarum
1703 2989 1947 3042 onmium
1973 3003 2100 3057 pro-

521 3082 859 3134 curationem
894 3078 1246 3148 providentia:
1268 3078 1531 3134 benelicio
1561 3077 1760 3144 allecit,
1784 3080 1886 3134 etsi
1907 3088 2098 3150 partus

526 3170 784 3241 Virginis,
836 3181 890 3224 et
943 3169 1033 3225 ille
1091 3180 1264 3233 ortus,
1299 3171 1392 3240 qui
1452 3169 1696 3239 expromi
1761 3186 1870 3224 non
1920 3180 2098 3241 potest

520 3266 718 3328 verbis,
775 3279 940 3334 supra
989 3272 1169 3318 ortum
1207 3263 1504 3318 humanum
1557 3273 1659 3328 est,
1691 3264 1934 3334 genitum
1976 3278 2099 3319 esse

518 3357 750 3412 dicimus
806 3371 954 3421 eum,
992 3355 1087 3426 qui
1143 3370 1210 3410 ex
1254 3355 1557 3410 aeternitate
1585 3365 1692 3419 est,
1733 3362 1787 3409 et
1819 3353 2096 3409 hominem

520 3459 794 3513 vocatum,
836 3449 930 3519 qui
979 3459 1232 3504 naturam
1280 3448 1576 3523 humanam
1612 3447 1771 3502 tinxit
1799 3463 1864 3502 ac
1893 3447 2098 3502 forma-

517 3543 613 3598 vit.
653 3542 770 3596 Non
822 3541 1054 3597 facimus
1087 3541 1362 3595 hominem
1396 3539 1587 3604 Deum,
1608 3554 1798 3610 apage,
1824 3540 1929 3594 hoc
1951 3539 2096 3594 enim

519 3633 631 3689 fere
659 3634 776 3688 ﬁeri
812 3651 918 3688 non
960 3642 1159 3702 potest,
1194 3643 1246 3687 et
1272 3632 1538 3702 judicium
1578 3632 1807 3688 rationis
1847 3632 1953 3686 hoc
1987 3645 2094 3685 non

516 3725 739 3794 patitur,
770 3724 865 3778 sed
897 3723 1066 3777 Deum
1093 3723 1418 3777 conﬁtemur
1453 3722 1665 3777 venisse
1704 3729 1764 3774 ut
1794 3721 2070 3776 hominem

516 3817 658 3886 quod
710 3815 870 3870 facile
923 3824 1006 3871 est
1062 3815 1315 3884 Deo,qui
1362 3824 1573 3868 natura:
1625 3823 1815 3869 auctor
1863 3812 1999 3879 fuit,
2038 3813 2090 3868 id

513 3905 658 3975 quod
691 3905 834 3960 illius
861 3904 915 3959 in
942 3920 1042 3959 nos
1069 3905 1354 3959 charitatis
1389 3906 1494 3957 vim
1533 3921 1779 3974 tttngnatn
1814 3905 2090 3972 praedicat.

514 4016 837 4084 eumsrto
864 4017 1148 4073 CLXXXV
1185 4018 1376 4092 [σοξει.
1411 4017 1640 4081 ccxrv,
1677 4017 1841 4073 Taur.
1885 4017 2089 4090 ccvq.

514 4112 624 4180 (ϋὸ)
663 4112 937 4178 Quomodo
969 4113 1184 4166 omnino
1212 4112 1634 4220 cogitariiposait
1667 4111 1829 4166 Deum
1859 4127 1966 4165 esse
2006 4112 2092 4164 in-

1142 4194 1419 4220 rnrnunnn
1443 4184 1454 4200 ¹

1142 4184 1454 4236 carnulunti

2210 1983 2450 2050 πάντων,
2484 1985 2536 2037 τί
2584 1985 2900 2054 θαυμαστὸν
2943 1986 2993 2037 εί
3035 1985 3130 2037 καὶ¹
3157 1986 3217 2038 ἐν
3244 1985 3556 2056 ἀνθρώποις
3589 1987 3665 2051 ὡς
3703 1989 3796 2044 ἆν-

2209 2072 2463 2144 θρωπος;
2505 2075 2578 2127 Τὸ
2604 2074 2710 2144 μὲν
2750 2070 2844 2127 οὑν
2875 2076 2932 2126 έν
2981 2075 3148 2128 πᾶσιν
3173 2069 3314 2128 εἶναι
3343 2075 3414 2130 τά
3440 2093 3502 2128 τε
3531 2077 3666 2131 ἄλλα
3701 2081 3798 2132 καὶ

2206 2166 2306 2236 τῆς
2329 2167 2691 2239 δημιουργίας
2720 2171 2747 2222 6
2785 2168 2944 2237 λόγος
2977 2168 3290 2234 ἐπίσταται,
3321 2170 3383 2224 τὸ
3410 2170 3468 2223 δὲ
3497 2173 3556 2224 ἐν
3582 2172 3795 2244 ἀνθρώ-

2207 2261 2387 2332 ποιςή
2424 2259 2511 2313 διὰ
2542 2260 2954 2332 φιλανθρωπίαν
2979 2260 3075 2314 τοῦ
3111 2261 3409 2330 κτίσματος
3440 2262 3754 2334 πρόσληψις
3773 2305 3788 2330 ,

2207 2351 2430 2422 καὶτῆς
2475 2355 2785 2424 γεννήσεως
2817 2355 2884 2423 ἢν
2933 2352 3096 2417 αὑτὸς
3138 2353 3414 2422 ὑπέστησε
3452 2359 3655 2427 μετοχῇ
3697 2359 3791 2410 καὶ

2205 2444 2460 2515 κοινωνίᾳ
2502 2443 2811 2516 δευτέρας-ιι
2849 2446 3017 2516 τιμῆς
3065 2446 3448 2517 ἀπολαυοὺσης
3504 2449 3644 2518 μετὰ
3692 2448 3792 2519 τὴν

2205 2531 2449 2605 πρώτην.
2489 2525 2591 2587 Ὧν
2626 2533 2723 2606 τὴν
2767 2534 2866 2605 μὲν
2909 2536 2944 2604 ἡ
2996 2534 3325 2606 δημιουργὸς
3378 2537 3534 2607 χεὶρ,
3584 2536 3684 2608 τὴν
3733 2537 3792 2592 δὲ

2205 2623 2518 2695 προσελθὼν
2540 2625 2706 2690 αὑτὸς
2725 2625 3037 2697 ἐχαρίσατο.
3066 2627 3238 2679 ’Ὠσπε
3246 2644 3278 2697 ρ
3300 2625 3392 2680 οὖν
3418 2627 3553 2681 διότι
3573 2626 3643 2681 τὰ
3661 2627 3790 2683 ὅντα

2202 2715 2268 2768 ὲκ
2298 2715 2374 2786 μὴ
2400 2715 2567 2770 ὄντων
2591 2716 2868 2788 ὑπέστησε
2897 2718 3242 2789 Δημιουργδν
3273 2718 3438 2774 αὑτὸν
3466 2718 3717 2791 λέγομεν,
3741 2721 3788 2773 εξ

2203 2808 2296 2858 καὶ
2311 2806 2572 2877 κρείττων
2592 2808 2772 2880 πολλῷ
2795 2809 3161 2880 δημιουργίας
3185 2811 3218 2880 ὴ
3253 2810 3508 2882 πρόοδοςο
3527 2811 3672 2865 οὑτω
3697 2813 3793 2866 καὶ

2199 2897 2289 2951 διὰ
2314 2898 2374 2952 τὸ
2404 2899 2530 2962 τοὺς
2568 2900 2897 2972 ἀνθρώπους
2929 2901 3247 2974 ἐξῃρημένη
3284 2903 3392 2958 τῶν
3427 2903 3601 2958 ἄλλων
3631 2906 3792 2976 563;.-

2201 2988 2432 3059 γετῆσαι
2455 2992 2680 3062 προνοίᾳ
2701 3033 2714 3058 ,
2747 2993 2794 3044 εἰ
2829 2993 2930 3045 καὶ
2953 2993 3220 3063 κρείττων
3248 2995 3396 3048 ἐστὶν
3425 2995 3737 3067 ἀνθρωπίνη
3768 2999 3782 3036 ί

2203 3082 2512 3152 γεννήσεως
2543 3083 2570 3134 6
2620 3084 2684 3136 ἐκ
2735 3083 3016 3154 Παρθένου
3067 3085 3248 3151 τόκος,
3291 3087 3387 3140 καὶ
3435 3088 3469 3157 ἡ
3513 3087 3792 3160 ἄφραστος

2202 3169 2486 3242 γέννησις,
2516 3172 2849 3244 γεννηθῆναι
2892 3173 3128 3245 λέγομεν
3155 3176 3248 3230 τὸν
3294 3179 3660 3249 προάναρχον,
3695 3180 3789 3232 καὶ

2122 3241 2166 3302 C
2199 3241 2482 3333 ἄνθρωπον
2511 3241 2848 3337 χρηματίσαι
2878 3241 2978 3321 τὸν)
2997 3241 3250 3341 [ίλάστην
3279 3241 3379 3343 τῆς
3408 3241 3654 3341 φύσεως..
3677 3274 3791 3326 Οὐκ

2195 3352 2482 3425 ἄνθρωπον
2525 3357 2885 3430 θεοποιοῦμεν
2921 3361 3148 3432 (ἄπαγε’
3186 3361 3448 3418 ἀδύνατόν
3491 3381 3550 3418 τε
3581 3365 3690 3439 γὰρ
3715 3366 3792 3428 ὡς

2194 3444 2411 3515 ἀληθῶς
2442 3446 2618 3514 τοῦτο,
2643 3453 2739 3503 καὶ
2765 3451 2924 3519 λόγου
2972 3452 3154 3523 κρίσιν
3193 3453 3293 3525 οὑχ
3343 3455 3764 3526 ὑφιστάμενον),

2194 3536 2333 3590 ἀλλὰ
2385 3537 2520 3593 Θεὸν
2584 3541 2962 3613 ὁμολογοῦμεν
3015 3544 3303 3615 προελθεῖν
3350 3547 3424 3612 ὡς
3474 3548 3787 3620 ἄνθρωπον,

2195 3627 2332 3698 ὅπερ
2363 3631 2493 3701 ῥᾷόν
2538 3631 2597 3684 τέ
2635 3634 2754 3686 ἐστι
2785 3634 2904 3704 Θεῷ
2936 3635 3015 3706 τῷ
3049 3637 3149 3708 τὴν
3186 3636 3349 3708 φύσιν
3399 3640 3786 3713 πλαστουργή-

2198 3735 2387 3784 σαντι,
2439 3722 2532 3774 καὶ
2571 3723 2772 3795 πολλὴν
2809 3725 3219 3796 φιλανθρωπίας
3262 3727 3633 3799 ἀνακηρύττει
3665 3731 3784 3783 διά·-

2201 3807 2367 3864 θεσιν.

2716 4022 3054 4076 ΕΡΩΤΗΣΙΣ
3088 4025 3260 4080 PHE'.

2195 4112 2327 4179 Πῶς
2351 4113 2482 4168 ἐστι
2514 4111 2780 4168 δυνατὸν
2809 4114 2965 4241 ὄλΐς
2991 4114 3226 4171 ἐννοεῖν
3254 4119 3318 4173 τὸ
3355 4118 3524 4174 Ocior
3552 4134 3780 4188 σαρκω-

2929 4201 3103 4241 ἠναιε

2929 4201 3067 4255 ηνιιι
3084 4203 3103 4252 ;

1647 4294 1790 4346 Edita
1808 4311 1833 4346 a
1861 4297 2100 4359 Basnagio
2127 4296 2178 4360 (I.
2209 4309 2253 4346 c.
2281 4311 2328 4360 p.
2352 4297 2472 4358 454,
2495 4297 2626 4359 455).

583 4380 867 4438 Neminem
927 4383 1184 4440 existimo
1241 4384 1315 4438 ita
1367 4400 1398 4439 a
1452 4386 1635 4439 divina
1690 4385 2091 4440 illmninatione

507 4489 751 4541 vacasse,
786 4486 843 4530 ut
871 4491 978 4530 non
1015 4477 1088 4532 sit
1111 4478 1159 4532 ei
1197 4479 1446 4542 insitum,
1475 4485 1528 4531 et
1559 4479 1837 4532 communi
1865 4479 2086 4532 notione

2263 4385 2399 4439 Θεοῦ
2431 4385 2530 4458 μὲν
2573 4386 2694 4439 οὐδὲ
2743 4385 2892 4450 θείας
2932 4387 3255 4459 ὲλλάμψεως
3295 4390 3488 4444 οὐδένα
3523 4390 3775 4446 τοσοῦτον

2195 4478 2570 4548 κεκενωμένον
2593 4476 2736 4532 εἶναι
2759 4479 2986 4548 νομίζω,
3009 4481 3065 4544 ὃς
3098 4482 3173 4552 μὴ
3208 4483 3485 4553 πανταχοῦ
3516 4488 3772 4555 παρεῖναι

1791 4605 2026 4660 VARIAS
2063 4599 2470 4661 LECTIONES.

583 4725 605 4761 ε
649 4722 683 4774 l.
729 4723 1117 4792 ἀκοινώνητον.
1195 4719 1220 4759 ιι
1259 4722 1293 4776 I.
1331 4723 1561 4794 δευτέρα
1613 4725 1667 4778 in
1703 4724 2062 4778 nominativo.

2149 4723 2162 4761 ί
2203 4721 2236 4774 I.
2269 4719 2646 4792 ἀνθρωπίνης.

2019 4833 2252 4889 NOTAE.

502 4958 835 5037 θεολογειται
861 4958 969 5037 τῷν
994 4956 1600 5037 νοουμένωνσυνάφεια.
1625 4956 1680 5037 Id
1707 4968 1841 5037 est__:
1877 4976 1895 5037 ς
1926 4956 2080 5012 Sicut
2104 4937 2158 4997 Ῑ)
2255 4950 2714 5037 Ῑυιτὶθιιυείριςὶι
2759 4955 2812 5008 in
2841 4956 3098 5037 ablativo
3137 4963 3338 5032 μετοχῇ
3372 4971 3427 5017 et
3489 4972 3764 5037 κοινωνίᾳ,

504 5045 596 5097 per
623 5031 891 5099 unita;me
910 5029 961 5081 in
999 5033 1276 5099 occultum
1301 5037 1357 5083 et
1379 5029 1928 5099 incomprehensibile
1950 5045 2081 5083 conc

503 5095 744 5170 trahitur
779 5095 895 5168 [Dei
941 5097 1274 5170 substantia]
1302 5114 1369 5153 ne
1399 5114 1497 5168 per
1543 5095 1800 5155 subtilem
1854 5099 2076 5168 quidem

503 5168 702 5238 utentis
734 5169 1116 5235 cogitationem
1157 5168 1371 5237 privata
1405 5170 1810 5238 supernaturali
1841 5177 2076 5234 secreto,

499 5248 553 5290 et
574 5237 848 5308 distinctis
871 5238 1012 5292 inter
1047 5253 1106 5292 se
1155 5237 1494 5304 nominibus,
1554 5255 1651 5307 per
1683 5255 1744 5293 ea
1776 5241 2078 5308 theologice

499 5307 828 5378 prtedicatur
858 5308 1147 5380 ineﬁ‘abilis
1179 5317 1234 5380 et
1254 5314 1902 5380 contractionisexspers
1941 5307 2076 5362 con-

494 5380 707 5444 junctio
729 5393 921 5449 eorum
953 5380 1047 5447 qui
1087 5379 1465 5448 signiﬁcantur
1522 5388 1575 5434 et
1614 5379 2012 5449 intelliguntur.
2049 5398 2068 5430 ο

571 5450 683 5521 (ω)
717 5446 784 5521 Et
809 5446 1050 5521 exortus,
1091 5446 1190 5502 etc.
1225 5449 1369 5502 tulit.
1408 5451 1516 5521 Καὶ
1545 5450 1642 5520 τῆς
1673 5446 1979 5519 γεννῆσεως
2012 5451 2078 5521 ἢν

497 5519 658 5581 αὐτὸς
716 5519 1016 5590 ὑπέστησε,
1083 5522 1287 5589 μετοχὴ
1338 5520 1433 5573 καὶ
1490 5519 1768 5586 κοινωνία,
1818 5519 2078 5590 δευτέρας

494 5589 659 5664 τιμῆς
739 5589 1118 5664 ἀπολαυούσης
1172 5589 1312 5659 μετὰ
1358 5591 1456 5660 τὴν
1510 5591 1756 5664 πρώτην.
1822 5590 1878 5644 Id
1939 5589 2073 5646 CSt:

501 5659 1160 5731 clitexparticipatione
1191 5675 1256 5715 ac
1307 5659 1700 5716 communione
1758 5665 2074 5731 generatio-

497 5727 582 5801 nis
611 5727 680 5782 ab
711 5729 831 5801 ipso
886 5727 1042 5801 faeno
1099 5746 1221 5797 quae
1265 5735 1584 5801 secundum
1635 5727 1896 5785 honorem
1955 5743 2076 5801 post

488 5797 726 5860 primam
756 5798 902 5849 illam
930 5798 1286 5868 [creationem
1319 5800 1592 5871 videlicet]
1623 5804 1762 5854 tulit.
1805 5821 1823 5850 ιι

2181 5025 2274 5077 sed
2343 5027 2627 5107 sequentia
2651 5033 2851 5107 docent
2911 5025 3199 5101 legendum
3261 5025 3404 5098 esse,
3463 5037 3667 5107 μετοχὴ
3713 5025 3766 5090 et

2179 5093 2458 5156 κοινωνία,
2491 5095 2544 5147 in
2578 5095 2935 5151 nominativo.

2251 5164 2364 5237 (62)
2401 5162 2553 5237 Sicut
2581 5165 2750 5234 igitur
2779 5169 2957 5220 omnia
3009 5184 3128 5222 cum
3185 5188 3290 5226 non
3333 5183 3546 5237 essent,
3613 5190 3762 5228 crea-

2179 5233 2269 5308 tio'
2297 5233 2639 5308 ejusﬂfecitu’t
2682 5249 2875 5308 essent.
2930 5239 3142 5308 ’Ὠσπερ
3201 5238 3295 5296 οὖν
3339 5243 3476 5296 διότι
3533 5233 3603 5297 τὰ
3637 5245 3763 5299 ὄντα

2177 5305 2240 5385 ἐκ
2273 5307 2346 5385 μη
2408 5306 2578 5385 ὄντων
2613 5306 2908 5385 ὑπέστησε,
2934 5305 3278 5385 Δημιου-ργὺν
3325 5313 3485 5385 αὑτὸν
3533 5313 3764 5385 λέγομεν

2178 5373 2348 5454 sinat
2375 5373 2639 5454 κρείττων
2656 5373 2834 5454 πολλῷ
2855 5373 3214 5449 δημιουργίας
3244 5384 3277 5452 ἡ
3306 5383 3554 5454 πρόοδος.
3575 5373 3631 5439 Id
3648 5373 3760 5442 esu

2186 5445 2396 5524 :Sincut
2426 5445 2612 5514 igitur,
2652 5445 3191 5524 quiacrca’turasex
3252 5445 3424 5506 nihilo
3479 5445 3759 5524 produxit,

2177 5510 2944 5594 ppiticem'tpsum'dicimus,
2971 5521 3224 5594 quamvis
3255 5510 3493 5592 Opiticio'
3524 5510 3763 5594 quolzlei

2178 5584 2339 5660 longe
2379 5587 2726 5660 prastantior
2750 5589 2823 5641 sit
2857 5584 3170 5660 hujuSmodi
3206 5584 3520 5660 productio.

2298 5660 2554 5727 uri-ianus
2583 5656 2672 5711 hic
2694 5656 2962 5727 qumpiatn
2991 5661 3200 5715 omisit.

2247 5725 2362 5793 (υῦ)
2393 5723 2490 5778 Est
2517 5723 3057 5793 quinta—dissertatio
3081 5732 3224 5800 apud
3261 5732 3613 5804 Basnagium.
