4110 6420
302 346 408 410 9ῦὸ

986 353 1085 411 AD
1122 348 1727 415 AMPHILOCHIUM'
1758 353 2100 424 QUzESTIO
2140 355 2862 418 CLXXXIV-CLXXXVI.

3466 355 3570 415 9-06

303 460 364 510 rb
383 458 535 509 Θεῖον
558 458 917 525 ἀδιαστάτως,
942 463 1072 539 μηδὲ
1091 463 1159 515 τὰ
1180 463 1483 531 πάνταπλη
1494 463 1642 531 ροῦν,
1669 458 1886 532 ὲμφὺτῳ

1996 465 2351 534 anticipatum
2374 505 2388 527 ,
2422 465 2590 519 Deum
2638 480 2759 519 esse
2786 465 2988 533 ubique
3039 465 3156 519 sine
3193 464 3300 517 ulla
3334 463 3567 517 interea-

306 551 399 604 καὶ
429 554 580 622 κοινῇ
613 551 909 604 κατέλαϐεν
932 554 1233 622 ἀντιλήψει.
1271 555 1331 606 Εί
1362 554 1418 606 δὲ
1452 554 1587 607 πᾶσι
1614 554 1876 625 πάρεστιν

306 646 333 694 ὁ
365 643 494 704 Θεὸς
534 646 644 706 τοῖς
674 640 847 709 οὖσιν,
890 645 1043 698 οὐδὲν
1076 646 1176 716 τῆς
1218 645 1533 715 ὑπερφυοῦς
1562 645 1732 699 αὑτοῦ
1781 646 1879 715 φύ-

305 753 442 798 σεως
469 738 535 788 ὲκ
570 736 667 807 τῆς
709 737 835 808 περὶ
868 736 936 791 τά
964 738 1423 810 δημιουργήματα
1460 739 1625 792 αὑτοῦ
1659 755 1881 808 παρου-

307 828 426 891 σίας
482 829 995 901 συναλλοιουμένης,
1040 832 1263 884 ἐκείνων
1300 832 1718 901 ἀλλοιουμένων,
1756 830 1880 883 οὔτε

304 921 417 981 τοῖς
448 918 567 971 καθ’
597 920 863 975 ὑπόϐασιν
894 924 1080 993 ἐτέρου
1130 923 1264 993 πρὸς
1296 923 1480 994 ἕτερον
1508 922 1883 993 ἐλαττώμασιν

305 1010 836 1081 συνελαττουμένης,
872 1013 992 1066 οὑδὲ
1025 1016 1143 1076 ταῖς
1171 1017 1227 1068 ὲν
1266 1017 1379 1078 τοῖς
1407 1015 1701 1085 κτίσμασιν
1752 1015 1885 1069 ἀνα·-

304 1099 479 1167 φυομέ
496 1117 604 1163 λαις
645 1100 861 1171 κηλῖσιν
900 1102 1347 1174 ὲνυϐριζομένης,
1373 1103 1489 1156 ἀλλ’
1517 1104 1576 1157 ὲν
1595 1107 1662 1174 τῇ
1705 1104 1884 1177 ἀφρά-

306 1204 419 1258 atq)
449 1192 541 1243 καὶ
568 1192 913 1262 ἀπερινοήτῳ
950 1193 1050 1262 τῆς
1080 1194 1483 1265 μακαριότητος
1509 1195 1750 1267 ὑπεροχῇ
1786 1198 1881 1249 καὶ

304 1280 575 1342 ἀπαθείας
620 1282 1051 1354 ὑπεριδρυμένος
1104 1286 1334 1355 πάρεστί
1377 1303 1437 1338 τε
1463 1289 1575 1350 τοῖς
1601 1286 1717 1340 οὖσι
1742 1329 1755 1353 ,
1789 1288 1883 1341 κα)¹

306 1373 522 1442 συνέχει
550 1373 724 1426 ταῦτα
754 1375 848 1428 καὶ
871 1375 1141 1445 διεξάγειν
1170 1377 1287 1442 πῶς
1312 1378 1378 1432 ἂν
1410 1379 1667 1434 ἀδύνατον
1700 1381 1783 1451 εἴη
1806 1420 1820 1445 ,
1850 1381 1883 1450 ἦ

303 1480 428 1514 τινα
449 1462 614 1531 φέρον
644 1460 826 1531 ὕϐριν,
850 1464 928 1533 τῷ
953 1464 1281 1536 ἀνθρωπίνῳ
1305 1470 1558 1536 παρεῖναι
1582 1468 1882 1537 φυράμασι,

305 1554 403 1606 καὶ
449 1553 548 1623 τὴν
597 1553 909 1624 ἀπόρρητον
954 1554 1120 1608 αὑτοῦ
1163 1556 1576 1630 φιλανθρωπίαν
1619 1560 1715 1613 κα).
1750 1561 1889 1630 πρό-

305 1662 456 1697 νοιαν
499 1644 590 1697 διὰ
636 1645 734 1714 τῆς
777 1645 1109 1716 σαρκώσεως
1152 1649 1553 1713 ἑπιδείξασθαις
1604 1651 1803 1720 μᾶλλον
1829 1651 1885 1704 δὲ

308 1738 430 1800 πῶς
463 1738 523 1790 οὐ
566 1737 768 1803 καλόν;
807 1737 933 1804 Πῶς
957 1738 1003 1791 δ’
1032 1740 1131 1811 οὑχ
1160 1741 1448 1812 ἀρμόδιον;
1479 1742 1621 1795 Ἀλλ’
1664 1745 1693 1795 ὁ
1732 1743 1887 1810 λόγος

303 1824 483 1893 οὗτος.

385 1922 543 1985 Ἴσως
571 1922 639 1976 ἀν
681 1940 765 1987 τις
799 1923 1211 1995 ὑποκρούσειεν,
1243 1926 1305 1979 οὑ
1336 1926 1497 1996 μόνον
1531 1926 1886 1996 ὲνανθρωπῆ-

306 2031 399 2066 σαι
425 2014 486 2066 τὸ
509 2015 665 2068 Θεῖον
686 2018 905 2087 φρονεῖν
927 2016 1267 2083 ὑποτίθεται,
1296 2019 1432 2072 ἀλλά
1464 2022 1557 2072 καὶ
1580 2020 1684 2072 τῶν
1708 2019 1882 2073 ἄλλων

309 2107 565 2159 ἁπάντων
605 2109 926 2176 κτισμάτων
966 2108 1061 2178 τὴν
1090 2108 1252 2178 φύσιν
1287 2109 1559 2179 ὑπελθεῖν,
1620 2111 1713 2163 καὶ
1745 2109 1884 2180 πρὸς

308 2198 564 2251 οὑσίωσιν
598 2198 981 2264 ἀναδέξασθαι.
1038 2200 1200 2254 Ἀλλά
1253 2217 1314 2269 γε
1358 2203 1458 2271 τῆς
1505 2202 1604 2271 σῆς
1645 2202 1883 2266 διανοίας

309 2289 371 2340 τὸ
394 2286 717 2358 εὔστροφον,
752 2291 781 2341 ὁ
824 2289 1139 2356 γενναῖος-3,
1175 2291 1595 2362 ἀποδεχόμενος,
1621 2293 1721 2345 οὑκ
1750 2295 1888 2345 ἀπο-

310 2381 542 2452 δέχομαι
586 2382 688 2449 τῆς
723 2381 890 2452 ἄλλης
947 2382 1246 2452 ἐπιϐολῆς,
1295 2385 1376 2437 ὅτι
1428 2386 1502 2454 μὴ
1548 2384 1743 2438 θᾶττον
1784 2386 1887 2436 ὲπ-

311 2473 485 2539 έγνως
550 2472 687 2543 μηδὲ
738 2475 1043 2544 προσέσχες
1094 2474 1282 2545 βιαίως
1327 2476 1427 2547 τὴν
1464 2477 1704 2548 ὲξαρχῆς
1738 2476 1889 2531 θέσιν

310 2562 731 2634 ἐξαρνούμενος.
777 2563 839 2619 Ὀ
880 2564 991 2635 γὰρ
1026 2564 1287 2620 ἀδύνατον
1318 2567 1723 2638 διατεινόμενος
1757 2568 1892 2623 Θεὸν

313 2653 683 2724 σαρκοῦσθαι,
711 2656 806 2709 καὶ
849 2656 1199 2727 ἀνθρωπίνην
1246 2658 1460 2730 μορφὴν
1498 2659 1890 2729 ἀναδέχεσθαι,

310 2740 567 2795 τοσοῦτον
596 2742 685 2795 διὰ
723 2742 826 2811 τῆς
857 2743 1118 2815 δευτέρας
1153 2746 1388 2816 ἀπορίας
1441 2747 1692 2815 φαίνεται
1737 2748 1896 2802 τοῦτο

313 2832 718 2903 συνομολογῶν,
780 2834 857 2897 ὠς
885 2835 1008 2887 οὐδὲ
1029 2835 1137 2889 τῶν
1156 2836 1331 2890 ἄλλων
1352 2840 1664 2908 κτισμάτων
1685 2840 1897 2904 οὐδενὸς

313 2923 411 2993 τὴν
454 2918 939 2993 φύσινδὰναλαϐεἶν
970 2926 1133 2981 αὑτὸν
1168 2928 1548 2995 ἀποφαίνεται,
1582 2932 1677 2984 καὶ
1710 2934 1738 2984 ὁ
1772 2933 1895 2984 καθ’

312 3014 433 3078 ἑνὸς
460 3016 600 3085 ὁρῶν
638 3016 699 3068 τὸ
746 3014 1009 3069 ἀδύνατον
1037 3017 1179 3070 κατὰ
1214 3019 1432 3070 πάντων
1476 3022 1611 3088 ὁμοῦ
1643 3022 1705 3073 τὸ
1734 3020 1895 3074 δυνα-

310 3106 404 3159 τὸν
433 3108 738 3176 ἐψηφίσατο
757 3124 769 3137 ·
826 3106 967 3161 ὥστε
1000 3107 1060 3160 τὸ
1082 3107 1305 3161 δυνατὸν
1334 3107 1473 3163 εἶναι
1507 3110 1640 3163 Θεὸν
1674 3129 1894 3183 σαρκω-

1984 555 2198 625 pedine,
2253 557 2567 626 replereque
2622 557 2827 610 omnia.
2874 555 3027 622 Quod
3088 557 3132 609 si
3201 555 3253 608 in
3298 554 3556 608 omnibus

1989 646 2153 702 rebus
2204 646 2357 701 adest
2403 645 2571 709 Deus,
2601 646 2713 717 (64)
2750 647 2895 700 nulla
2943 648 3242 701 "nutatione
3278 644 3419 700 facta
3446 659 3570 714 pro-

1988 747 2108 809 pter
2155 737 2503 807 praesentiam
2536 738 2780 807 ejusdem
2811 738 2864 791 in
2899 740 3082 804 rebus,
3122 754 3221 793 nec
3251 738 3356 792 ulla
3390 737 3570 791 varia-

1988 829 2136 885 tione
2168 837 2346 885 status
2374 830 2430 884 in
2477 843 2603 884 eum
2644 829 2887 895 indueta,
2920 846 2983 883 ex
3018 845 3103 897 eo,
3140 830 3284 901 quod
3313 830 3402 883 alii
3430 826 3569 882 infra

1989 924 2127 980 alios
2176 924 2309 989 sint,
2366 939 2469 980 nec
2528 924 2637 979 ulla
2691 925 3024 979 contumelia
3078 940 3299 994 aspersa
3350 934 3568 994 propter

1989 1014 2254 1080 maculas,
2293 1030 2415 1085 quae
2458 1016 2511 1069 in
2556 1018 2826 1072 creaturis
2868 1016 3076 1081 insunt,
3125 1017 3255 1085 quin
3306 1016 3484 1084 potius
3514 1014 3569 1068 in

1991 1110 2082 1164 illa
2126 1109 2479 1165 beatitudinis
2510 1111 2850 1176 excellentia,
2888 1126 3065 1181 neque
3097 1111 3202 1164 dici
3227 1150 3241 1176 ,
3281 1124 3380 1163 nec
3407 1108 3570 1162 intel-

1991 1202 2087 1272 ligi
2117 1210 2337 1272 potest,
2395 1218 2561 1272 supra
2602 1218 2769 1273 quam
2821 1218 2943 1272 quae
2994 1202 3173 1271 eloqui
3230 1202 3394 1263 licet,
3456 1199 3572 1253 col-

1990 1295 2201 1349 locatus
2230 1294 2488 1351 omnibus
2535 1308 2779 1364 praesens
2808 1294 3057 1360 interest,
3106 1291 3397 1347 etomnia
3443 1306 3572 1343 con-

1991 1387 2125 1440 tinet
2164 1397 2219 1441 et
2247 1386 2548 1457 gubernat;
2584 1385 2859 1456 quomodo
2891 1385 3055 1440 fuerit
3089 1383 3446 1454 impossibile,
3480 1391 3573 1435 aut

1991 1480 2266 1548 quomodo
2290 1481 2777 1544 contumeliosum,
2804 1480 2995 1534 adesse
3024 1480 3077 1532 in
3105 1479 3345 1532 humana
3369 1490 3572 1534 massa,

1992 1580 2045 1624 et
2084 1585 2241 1625 suam
2300 1572 2621 1627 cliaritatem
2678 1571 2980 1641 majorem,
3023 1584 3189 1639 quam
3240 1577 3298 1622 ut
3341 1565 3570 1635 exprimi

1992 1670 2174 1731 queat,
2203 1670 2259 1716 et
2302 1662 2697 1733 providentiam
2750 1677 2846 1733 per
2877 1661 3309 1716 incarnationem
3345 1660 3575 1713 demon-

1995 1752 2233 1806 strasse?
2284 1752 2417 1822 quin
2468 1752 2580 1806 imo
2630 1751 2907 1821 quomodo
2941 1766 3049 1805 non
3081 1750 3348 1821 optimum
3383 1756 3497 1811 est,
3522 1754 3575 1799 et

1917 1844 1962 1902 B
1992 1845 2361 1915 aptissimum.
2390 1844 2494 1899 Sed
2521 1845 2637 1899 Itaac
2663 1846 2927 1899 hactenus
2959 1842 3094 1914 (65).

2060 1934 2334 1991 Fortassis
2366 1936 2561 2006 aliquis
2590 1950 2778 1991 eorum
2801 1976 2816 2000 ,
2851 1934 2946 2004 qui
2997 1931 3430 1989 incarnationem
3462 1928 3557 1983 Dei

1990 2026 2406 2096 impossibilem,
2448 2034 2502 2081 et
2532 2026 2641 2080 Deo
2690 2024 2966 2094 indignam
3007 2031 3304 2093 reputant,
3351 2018 3563 2075 refellet

1993 2135 2137 2183 eam,
2174 2118 2415 2174 sentiens
2450 2134 2556 2171 non
2590 2118 2767 2171 solum
2800 2116 2970 2171 Deum
3002 2114 3203 2169 factum
3235 2128 3361 2168 esse
3393 2112 3575 2167 homi-

1991 2227 2114 2265 nem
2140 2251 2154 2275 ,
2198 2210 2291 2264 sed
2324 2210 2485 2263 etiam
2520 2208 2766 2263 omnium
2796 2208 3027 2262 aliarum
3053 2216 3434 2262 creaturarum
3470 2220 3572 2257 na-

1993 2312 2171 2355 turam
2214 2301 2452 2355 subiisse
2478 2340 2491 2363 ,
2543 2309 2598 2355 et
2636 2300 2771 2370 πρὸς
2812 2299 3067 2352 οὑσίωσιν
3112 2296 3488 2361 ἀναδέξεσθαι,
3521 2294 3573 2347 id

1991 2398 2076 2445 est
2099 2430 2113 2452 ,
2158 2404 2253 2444 eas
2283 2388 2348 2443 ad
2383 2387 2496 2458 (66)
2526 2388 2943 2442 sunstantialem
2976 2386 3236 2441 unionem
3272 2385 3571 2453 recepisse.

1997 2478 2101 2534 Sed
2139 2493 2235 2548 age
2264 2487 2346 2542 tu,
2380 2478 2464 2531 vir
2500 2477 2909 2545 valentissime,
2941 2476 3054 2547 (67)
3082 2476 3175 2546 qui
3223 2473 3423 2529 mentis
3469 2481 3575 2527 tua;

1997 2564 2213 2621 facilem
2235 2565 2595 2619 mobilitatem
2620 2565 2992 2634 amplecteris,
3014 2579 3122 2618 non
3153 2562 3394 2631 approbo
3414 2560 3573 2615 aliam

1997 2652 2411 2720 cogitationem,
2439 2650 2567 2721 quia
2604 2666 2713 2705 non
2750 2650 3019 2720 agnovisti
3051 2650 3183 2710 cito,
3214 2648 3327 2719 (68)
3361 2664 3460 2702 nec
3488 2649 3577 2702 atl-

1995 2739 2214 2794 vertisti
2249 2740 2427 2804 ﬁrme,
2459 2737 2607 2807 quod
2642 2752 2672 2792 a
2705 2736 2974 2807 principio
3003 2738 3242 2806 positum
3275 2735 3399 2799 fuit,
3432 2736 3575 2804 quod

2000 2844 2189 2900 negas.
2219 2828 2325 2895 Qui
2356 2829 2503 2883 enim
2547 2826 2830 2882 contendit
2873 2826 3211 2897 impossibile
3242 2840 3364 2880 esse
3408 2824 3576 2877 Deum

2002 2932 2224 2973 carnem
2248 2916 2639 2986 assumpsisse,
2662 2924 2716 2971 et
2741 2917 3034 2971 humanam
3053 2915 3282 2972 formam
3308 2914 3577 2977 induisse,

2004 3023 2180 3079 usque
2203 3009 2340 3064 adeo
2362 3009 2580 3064 videtur
2607 3009 2711 3063 hoc
2734 3024 2837 3078 per
2862 3010 3157 3065 secundam
3184 3008 3579 3062 dubitationem

2000 3100 2279 3167 conﬁteri,
2316 3110 2370 3155 et
2413 3100 2810 3171 comprobare,
2841 3100 2954 3171 (69)
2998 3108 3059 3155 ut
3089 3100 3438 3170 pronuntiet,
3480 3112 3582 3153 nec

312 3173 663 3265 eavea—eoas
718 3198 870 3269 παρά
924 3198 1008 3252 σοὶ
1054 3198 1164 3252 τῶν
1197 3199 1475 3255 ἀδυνάτων
1521 3173 1886 3273 φιλολογοῦντι

2002 3198 2255 3246 naturam
2296 3191 2460 3246 ullius
2513 3203 2780 3247 creaturae
2817 3205 2886 3247 ex
2937 3191 3194 3245 omnibus
3233 3190 3357 3244 aliis
3431 3204 3587 3244 sum-

312 3286 696 3360 εὑρεθήσεται.

822 3550 1158 3604 ΕΡΩΤΗΣΙΣ
1196 3553 1387 3620 ruq'.

758 3701 920 3755 Διατί
951 3702 1095 3768 Θεὸς
1126 3702 1437 3771 ἐσαρκώθη
1459 3722 1477 3769 ;

2005 3279 2209 3351 psisse,
2243 3291 2297 3337 et
2329 3282 2423 3351 qui
2462 3283 2515 3336 in
2550 3297 2661 3337 uno
2691 3282 2841 3339 vides
2872 3281 2975 3337 hoc
3000 3280 3357 3351 impossibile,
3389 3294 3579 3335 rursus

1999 3373 2260 3444 possibile
2292 3390 2413 3430 esse
2454 3375 2622 3430 Deum
2654 3373 3025 3443 assumpsisse
3067 3386 3289 3428 carnem
3322 3372 3378 3425 in
3406 3371 3578 3425 omni-

1998 3464 2103 3520 bus
2123 3465 2306 3530 simul,
2336 3481 2457 3535 quae
2483 3481 2582 3520 nec
2598 3465 2741 3533 apud
2767 3472 2821 3519 te
2843 3473 2969 3520 sunt
2990 3463 3376 3533 impossibilia,
3405 3462 3579 3517 vides.

2218 3555 2547 3622 QUAasTIo
2588 3554 2907 3626 (διλιχξίδνι⁸
2950 3554 3141 3626 [ουνξκι.
3179 3552 3383 3609 ccxv.

2508 3626 2672 3679 Tanr.
2727 3623 2931 3697 CCVI].
2954 3623 3089 3693 (70}

2293 3714 2471 3779 Quare
2511 3714 2645 3767 Dens
2688 3728 2898 3766 carnem
2926 3712 3309 3781 assumpserit?

1075 3817 1215 3867 Edita
1236 3834 1261 3868 a
1286 3821 1527 3881 Basnagio
1564 3821 1619 3884 (l.
1646 3834 1689 3871 c.
1724 3836 1770 3884 p.
1796 3825 1907 3887 453,
1930 3826 2063 3891 456).
2090 3856 2153 3867 -
2172 3831 2247 3880 De
2270 3832 2433 3880 causis
2458 3828 2830 3879 lncarnationis.

399 3904 615 3974 Ἐπειδὴ
644 3904 765 3957 λίαν
794 3904 993 3973 ὀλίγων
1025 3905 1144 3958 ἐστὶ
1175 3905 1263 3958 διὰ
1293 3906 1383 3958 νοῦ
1416 3910 1511 3960 καὶ
1545 3907 1783 3978 θεωρίας
1817 3912 1898 3973 εἰς

2079 3916 2215 3982 Quia
2276 3933 2673 3987 perpauconum
2741 3927 2824 3971 est
2881 3918 3340 3986 comemptatione
3391 3919 3588 3974 mentis

1624 4023 1858 4079 VARUE
1901 4024 2294 4081 LECTIONES

1832 4161 2068 4220 ΝΟΤᾹΞ.

396 4099 409 4139 t
436 4089 471 4143 l.
504 4082 548 4142 ὦ
570 4094 836 4159 γενναῖος.

415 4258 504 4329 64)
543 4257 708 4312 Nulla
740 4260 1032 4329 mutatione
1058 4258 1224 4327 facta,
1268 4269 1369 4329 etc.
1413 4258 1557 4328 infra
1604 4260 1741 4314 alios
1763 4260 1892 4315 sint.

321 4327 492 4401 οεδιν
521 4328 621 4397 τῆς
664 4328 993 4401 ὑπερφυοῦς,
1025 4329 1192 4401 αὑτοῦ
1224 4327 1441 4401 φύσεως
1474 4327 1558 4383 ἐκ
1615 4333 1718 4401 τῆς
1769 4331 1896 4399 περὶ

318 4399 387 4451 τὰ
416 4398 877 4468 δημιουργήματα
941 4398 1108 4451 αὑτοῦ
1176 4398 1506 4468 παρουσίας,
1547 4398 1895 4453 συναλλοιου-

2001 4258 2245 4330 διανοίας
2275 4257 2655 4330 τὸλεὺστροφον
2683 4260 3100 4330 ἀποδεχόμενος,
3120 4261 3219 4314 οὑκ
3251 4259 3587 4330 ἀποδέχομαι

2008 4329 2107 4397 τῆς
2142 4328 2311 4395 ἄλλης
2335 4328 2587 4397 ἐκϐολῆς.
2622 4329 2671 4382 Id
2700 4340 2783 4383 est
2816 4328 2888 4384 :‘c
2923 4328 3028 4397 Qui
3063 4334 3260 4384 mentis
3295 4340 3400 4383 tua:
3449 4328 3583 4383 faci—

2006 4398 2109 4451 lem
2144 4397 2501 4470 mobilitatem
2535 4399 2857 4468 amplector,
2889 4416 2999 4456 non
3030 4402 3271 4470 approbo
3308 4400 3469 4454 aliam
3495 4416 3587 4454 co-

322 4467 481 4542 μένη,
512 4468 734 4542 ἐκείνων
761 4468 1175 4542 ἀλλοιουμένων,
1195 4467 1318 4542 οὕτε
1338 4470 1452 4532 τοῖς
1480 4471 1608 4542 κατῖ
1628 4471 1895 4542 ὑπόϐασιν
1934 4488 1973 4542 D
2004 4469 2343 4542 gitationem.
2384 4485 2402 4518 ι

319 4537 541 4610 ἑτέρου,
598 4539 736 4607 πρὸς
783 4539 967 4610 ἕτερον
1017 4537 1403 4606 ἐλαττώμασι,
1469 4541 1895 4610 συνελαττουμέ-

318 4626 440 4677 νης.
487 4608 539 4679 Id
579 4619 702 4662 est:
744 4627 762 4659 ι
796 4609 902 4663 Nec
926 4618 1106 4679 tamen
1140 4610 1576 4679 supernaturalis
1630 4611 1750 4679 ejus
1793 4608 1893 4663 na-

319 4687 443 4731 tura
476 4678 548 4732 ob
578 4680 921 4746 praesentiam
956 4678 1127 4747 ipsius
1158 4678 1211 4731 in
1244 4680 1407 4733 rebus
1446 4678 1902 4735 creatis'altera-

322 4758 432 4811 tur,
466 4749 595 4801 dum
628 4750 927 4802 alter-antur
958 4748 1061 4802 illae
1091 4764 1105 4812 ;
1134 4763 1311 4816 neque
1350 4750 1409 4803 iit
1439 4750 1619 4803 minor
1667 4760 1761 4804 aut
1812 4749 1929 4801 in-~

319 4818 508 4879 ferior,
542 4822 669 4871 dum
706 4828 970 4872 creatura:
996 4820 1299 4889 secundum
1344 4819 1702 4889 subjectionis
1744 4819 1895 4875 ordi-

320 4903 443 4941 nem
473 4889 592 4942 alia:
640 4890 777 4943 liunt
829 4889 949 4941 aliis
981 4888 1293 4943 inferiores.
1324 4908 1344 4940 ι
1378 4944 1385 4949 ,

319 5026 363 5080 Τ
392 4958 788 5040 Pluraomissa
824 4960 911 5013 hic
937 4958 1215 5012 observari
1266 4966 1496 5029 possunt
1548 4960 1601 5014 in
1654 4959 1907 5015 versione

370 5043 598 5080 urnam.

370 5043 598 5083 urriant.

398 5100 512 5164 (65)
566 5096 670 5152 Sed
705 5098 815 5152 haec
851 5100 1127 5154 hactenus.
1200 5097 1489 5162 Fortassis,
1523 5107 1622 5149 etc.
1676 5096 1905 5151 Factum

318 5163 431 5221 esse
482 5163 766 5223 hominem.
805 5170 943 5223 Ἀλλ’
1005 5174 1031 5223 ὁ
1081 5170 1236 5237 λόγος
1300 5163 1481 5230 οὗτος,
1531 5168 1659 5229 ἴσως
1706 5169 1770 5221 ἄν
1819 5186 1904 5231 τις

322 5239 740 5307 ὑποκρούσειεν,
758 5239 818 5291 οὑ
858 5240 1019 5307 μόνον
1039 5239 1460 5306 ὲνανθρωπῆσαι
1500 5237 1561 5289 τὺ
1587 5238 1740 5290 Θείον
1770 5256 1905 5308 φρο-

321 5311 435 5360 νεῖν
464 5310 801 5363 ὑποτίθεται.
845 5310 900 5363 Id
932 5320 1051 5364 est:
1090 5327 1108 5361 ι
1144 5310 1249 5362 Sed
1278 5308 1394 5362 haec
1429 5308 1907 5367 ratiocinatiomb-

319 5378 472 5445 jiciet
504 5380 741 5434 fortasse
771 5381 1068 5449 quispiam,
1105 5394 1214 5434 non
1251 5380 1429 5433 solum
1477 5377 1644 5430 Deum
1700 5377 1907 5433 factum

322 5464 444 5503 esse
475 5451 749 5503 hominem
778 5450 1019 5519 suggerit
1054 5461 1112 5504 ut
1131 5450 1477 5519 sentiamus.
1498 5464 1531 5519 ιν
1734 5510 1737 5515 γ

397 5519 515 5588 (66)
543 5522 623 5573 Ad
650 5517 1055 5573 substantialem
1112 5521 1383 5572 unionem.
1438 5518 1579 5590 Πρὸς
1627 5517 1903 5571 οὑσίωσιν.

324 5587 378 5640 ιρι
404 5587 526 5644 est:
557 5609 575 5641 ‹
615 5594 692 5644 Ad
730 5590 1247 5645 substantiationem
1278 5605 1378 5644 seu
1416 5587 1737 5644 substantiae
1784 5603 1908 5658 pro-

324 5670 658 5712 υιιριιοιιειιι.
691 5681 710 5712 ι

399 5730 509 5797 (67)
546 5731 649 5794 Qui
679 5730 864 5784 maniis
931 5740 1034 5782 tua:
1102 5728 1310 5792 facilem
1367 5728 1716 5782 mobilitatem
1794 5743 1909 5779 ant-

327 5800 597 5868 ρίστων-ιδ,
636 5818 737 5854 non
782 5808 1015 5868 approbo
1044 5800 1209 5852 aliam
1239 5800 1629 5869 cogitationem.
1665 5798 1777 5866 Τῆς
1809 5798 1906 5860 σῆς

2079 4537 2191 4610 (68)
2231 4534 2343 4590 Nec
2370 4537 2646 4610 aduertisti
2668 4540 2807 4605 quod
2837 4557 2869 4593 a
2899 4542 3161 4610 principio
3201 4540 3428 4610 positum
3462 4539 3585 4610 fuit,

2007 4608 2376 4681 quodknegaa.
2408 4608 2919 4681 Μηδὲ-προσέσχες
2938 4650 2955 4681 ν.
2987 4651 3001 4665 .
3034 4650 3047 4664 .
3074 4608 3182 4681 ’τὴν
3201 4608 3267 4672 ’ἐξ
3296 4612 3471 4678 ἀρχῆς
3498 4608 3588 4681 θέε

2009 4676 2094 4731 σιν
2125 4676 2630 4750 ἐξαρνούμενος-ἰαὶ
2658 4676 2777 4750 est:
2819 4676 2871 4750 "tr
2903 4680 3091 4750 Neque
3139 4676 3586 4750 animadvertisti

2008 4757 2062 4820 te
2089 4748 2421 4820 propositam
2460 4748 2529 4799 ab
2553 4748 2709 4801 initio
2736 4749 2936 4811 thesin.
2957 4748 3052 4803 siin
3084 4751 3230 4820 quod
3249 4748 3586 4817 pmpositum

2009 4818 2167 4872 initio
2204 4817 2398 4889 fuerat,
2438 4832 2667 4884 prorsus
2718 4833 2962 4889 negasse.
3004 4838 3021 4869 ι

2084 4890 2193 4955 (69)
2236 4884 2303 4939 Ut
2333 4890 2658 4954 pronuntiet,
2708 4884 2813 4943 etc:
2872 4887 3232 4955 [inpossibilia
3286 4887 3451 4940 vides.
3501 4885 3589 4947 Ὠς

2008 4958 2131 5011 οὑδὲ
2161 4957 2268 5008 τῶν
2294 4956 2471 5027 ἄλλων
2521 4958 2839 5027 κτισμάτων
2872 4959 3085 5021 οὐδενὸς
3122 4959 3221 5027 τὴν
3258 4956 3421 5027 φύσιν
3458 4956 3590 5027 ἀνα-

2007 5027 2190 5080 λαϐεῖν
2210 5026 2370 5080 αὑτὸν
2384 5026 2766 5097 ἀποφαίνεται,
2785 5028 2877 5081 καὶ
2894 5031 2921 5081 ὁ
2938 5028 3059 5081 καθ’
3083 5026 3199 5090 ἑνὸς
3220 5028 3360 5097 ὁρῶν
3378 5026 3439 5077 τὸ
3464 5026 3592 5097 ἀλδὺ-

2009 5113 2200 5168 νατονἈ
2221 5097 2363 5168 κατά
2396 5094 2614 5168 πάντων
2638 5099 2774 5168 ὁμοῦ
2804 5100 2865 5151 τὸ
2886 5099 3107 5151 δυνατὸν
3141 5094 3463 5168 ἐψηφίσατο),
3482 5094 3591 5168 ὦσέ

2010 5186 2069 5223 τε
2094 5167 2155 5219 τὸ
2180 5166 2408 5238 δυνατὸν
2441 5164 2580 5220 εἶναι
2607 5164 2740 5238 Θεὸν
2769 5170 3117 5238 σαρκωθῆναι
3142 5164 3267 5220 οὑδὲ
3315 5166 3463 5238 παρὰ
3507 5165 3590 5216 σοὶ

2010 5238 2119 5307 τῶν
2168 5236 2448 5289 ἀδυνάτων
2499 5236 2867 5305 φιλολογοῦντι
2926 5238 3302 5307 εὑρεθήσεται.
3357 5236 3407 5289 Id
3470 5243 3589 5288 est:

2016 5329 2034 5360 ι
2073 5306 2143 5361 Ut
2170 5307 2491 5374 pronuntiet
2534 5308 2785 5363 eumdem
2827 5306 3149 5362 caeteraer
3206 5315 3584 5360 creaturarum

2012 5379 2214 5432 nullam
2247 5392 2353 5429 non
2394 5378 2760 5445 assmnpsissc
2789 5386 3065 5439 naturam,
3103 5386 3156 5428 et
3216 5377 3308 5445 qui
3362 5377 3414 5427 in
3484 5390 3588 5426 una

2013 5465 2125 5501 rem
2192 5444 2593 5515 impossibilth
2630 5462 2754 5501 esse
2805 5448 3040 5508 videbat,
3120 5448 3166 5501 is
3227 5450 3279 5499 in
3332 5444 3590 5498 omnibus

2013 5518 2175 5573 simul
2227 5518 2535 5585 possibilem
2594 5532 2716 5571 eSsc
2774 5517 2985 5571 censuit
3019 5517 3156 5570 adeo
3223 5526 3282 5570 ut
3350 5514 3490 5584 apud
3544 5523 3591 5565 to

2012 5587 2373 5642 ratiocinandi
2411 5586 2715 5640 studiosum
2741 5603 2846 5640 non
2892 5586 3250 5656 impossibilis
3283 5585 3592 5642 inveniatur

2012 5659 2213 5712 divinae
2245 5657 2647 5711 incarnationis
2676 5657 3031 5725 possibilitas.
3073 5676 3090 5707 ι

2085 5730 2195 5797 (70)
2243 5728 2337 5781 Est
2372 5728 2683 5781 dissertatio
2734 5737 2889 5781 sexta
2941 5728 3081 5797 apud
3114 5724 3473 5795 Basnagium.
