4110 6486
427 334 534 399 909

940 455 1277 513 ΕΡΩΤΗΣΙΣ
1311 463 1491 518 ΡΠΠ’.

421 626 527 682 Διά
575 629 634 683 τί
670 634 979 708 ὁμοφυοῦς
1012 636 1111 708 καὶ
1160 638 1433 708 ἰσοτίμου
1462 638 1572 706 τῆς
1609 642 1857 708 Τριάόος
1901 658 2009 708 κη-

486 702 880 778 Ρυζτίζμᾷνηςε
908 709 941 759 ὀ
968 706 1084 773 μὲν
1104 702 1575 778 Πατὴρ’λέτετᾰι
1614 702 1714 765 δίὰ
1742 702 1848 765 τοῦ
1875 702 2012 765 Υἰοῦ

380 820 392 852 δ
494 770 892 898 ἴτὲίιιὶιιέἐξοῦ
930 770 1284 847 Πνεύματοξ
1316 770 1725 851 δημιουργεῖν,
1756 784 1868 837 οὐκ
1906 780 2011 851 ἔμ-

382 908 393 934 ’
495 885 663 896 *ηπ-υ
709 885 772 898 νυ
788 885 804 909 ν

1069 347 1170 407 AD
1226 348 1821 414 AMPHILOCHIUM
1857 351 2203 425 QUIESTIO
2240 352 3065 414 CLXXXVII-CLXXXVIII.

2040 470 2092 527 A

3596 355 3704 423 910

2272 465 2601 531 QUASSTIO
2639 465 3019 522 CLXXXVIII.
3055 466 3249 539 [CoisL
3280 467 3532 526 CCXVII.

2616 557 2782 613 Taur.
2818 559 3074 633 CCVIII.]
3108 560 3243 631 (74).

2120 643 2300 710 Quare
2331 662 2456 719 cum
2481 647 2790 719 Trinitatem
2820 650 3185 718 homogeneam
3213 666 3325 704 esse
3362 653 3583 719 parique
3619 651 3707 705 Ito-

2191 731 2317 767 nore
2348 717 2457 788 frui
2487 716 2543 770 in
2573 718 2810 785 confesso
2838 720 2907 772 sit
2928 759 2943 781 ,
2978 716 3143 773 Pater
3179 716 3474 788 tamen-per
3502 716 3704 776 Filium

2189 795 2240 839 et
2265 802 2356 854 per
2370 786 2631 893 Spiritum
2654 798 2895 841 sanctum
2917 805 3096 844 creare
3124 790 3368 859 dicatur,
3384 786 3503 846 'non
3527 805 3703 847 autem

2192 872 2340 893 ﬂorea
2367 861 2474 893 nim

2192 872 2341 910 versa
2367 872 2503 911 vice:

1524 964 1668 1017 Edita
1691 980 1719 1016 a
1747 964 1872 1017 Maio
1895 964 2042 1027 (Nov.
2068 964 2193 1017 σοιι.
2221 972 2258 1016 t.
2280 967 2364 1030 IX,
2385 982 2435 1031 p.
2460 968 2595 1033 I51).

496 1040 564 1096 α’.
616 1044 711 1108 Εἰς
743 1046 981 1117 ἀπορίαν
1033 1049 1183 1115 τινές
1231 1068 1398 1120 φασιν
1439 1052 1617 1117 ἐνίους
1662 1051 2014 1122 ὑπάγεσθαι,

2191 1052 2244 1108 I.
2276 1054 2457 1109 Audio
2492 1054 2788 1110 nonnullos
2829 1054 2883 1109 in
2912 1055 3272 1126 perplexitate
3301 1058 3533 1125 versari,
3570 1075 3701 1114 cur-

421 1134 569 1197 τίνος
607 1137 769 1208 χάριν
798 1141 897 1209 τῆς
928 1140 1239 1211 ὑπεραγίας
1263 1143 1492 1214 Τριάδος
1518 1144 1796 1216 ὁμοφυοῦς
1830 1161 1891 1199 τε
1924 1144 2009 1198 καὶ

2118 1161 2267 1209 nam,
2293 1162 2417 1201 cum
2438 1147 2786 1204 sanctissima
2809 1146 3052 1204 Trinitas
3069 1150 3313 1204 eamdem
3339 1152 3702 1207 substantiam

418 1227 482 1279 16
514 1228 758 1300 ἰσότιμον
782 1233 1238 1306 κεκληρωμένης,
1262 1237 1359 1291 καὶ
1384 1236 1622 1307 μάλιστά
1652 1255 1717 1307 γε
1737 1239 1840 1309 τῆς
1864 1238 2009 1304 θείας

2118 1238 2486 1308 eumdemque
2527 1240 2756 1296 honoris
2795 1241 3022 1311 gradum
3076 1242 3269 1296 sortita
3303 1244 3395 1307 sit,
3437 1243 3599 1311 idque
3648 1244 3702 1297 in

417 1318 583 1373 τοῦτο
620 1321 1019 1395 διατρανούσης
1062 1327 1317 1399 Γραφῆς,
1361 1329 1709 1401 Δημιουργὸς
1753 1330 2009 1400 μᾶλλονᾶ

2118 1327 2311 1399 primis
2356 1330 2644 1399 perspicua
2691 1329 2878 1385 divina
2915 1328 3199 1402 Scriptura
3234 1331 3463 1397 doceat,
3501 1332 3701 1386 nihilo-

420 1411 552 1477 Υἱὸς
579 1402 876 1488 ὑπἀὐτῆς
914 1418 1278 1489 δοξολογεῖται
1324 1423 1533 1495 ταύτης
1566 1424 1663 1477 καὶ
1692 1424 2010 1495 ἀνακηρύσ-

420 1520 574 1557 σεται
604 1505 750 1577 ἥπερ
782 1508 811 1560 6
842 1509 1071 1581 Πατήρ;
1106 1512 1156 1564 εί
1202 1512 1313 1584 γὰρ
1343 1515 1436 1568 καὶ
1470 1516 1499 1568 6
1538 1514 1730 1586 Πατὴρ
1767 1516 2014 1588 εὑρίσκε-

418 1612 535 1660 ται,
575 1596 693 1651 ἀλλ’
723 1599 818 1652 ἐπὶ
851 1600 1053 1670 μᾶλλον
1081 1604 1111 1657 6
1146 1603 1275 1668 Υἱός
1299 1620 1312 1635 ·
1350 1605 1469 1669 πῶς
1502 1606 1559 1660 δὲ
1590 1608 1755 1661 πάλιν
1782 1608 1849 1662 δι’
1881 1607 2009 1660 Υἱοῦ

425 1687 526 1755 μὲν
565 1687 783 1756 λέγεται
813 1692 1170 1765 δημιουργεῖν
1203 1696 1232 1748 6
1266 1698 1478 1768 Πατὴρ,
1516 1699 1618 1751 οὐκ
1654 1700 1894 1769 ἔμπαλιν
1932 1700 2010 1764 δὲ,

418 1778 548 1833 οὔτε
578 1779 666 1835 διὰ
704 1783 800 1837 τοῦ
844 1786 1059 1858 Πατρὸς
1093 1789 1122 1840 6
1164 1789 1322 1855 Υἱός;
1370 1791 1431 1843 οὐ
1488 1790 1595 1862 μὴν
1639 1791 1754 1846 ἀλλ’
1787 1794 1910 1848 οὐδὲ
1951 1795 2014 1848 16

422 1872 651 1943 Πνεῦμα
698 1875 823 1932 οὔτε
867 1878 957 1933 διὰ
988 1881 1084 1935 τοῦ
1116 1882 1332 1952 Πατρὸς
1364 1882 1491 1938 οὔτε
1520 1884 1609 1938 διὰ
1640 1886 1735 1940 τοῦ
1764 1887 1934 1955 Υἱοῦ;
1976 1888 2009 1960 ἢ

417 1964 510 2019 διὰ
535 1967 627 2022 τοῦ
654 1970 869 2041 Πατρδς
898 1970 999 2042 μὲν
1022 1972 1138 2027 ἔστι
1169 1974 1501 2030 καταλαϐεῖν
1520 2015 1536 2042 ,
1574 1978 1882 2050 παράδοξον
1912 1980 2012 2050 μὲν

422 2059 683 2125 ἀκοῦσαι,
732 2062 928 2134 νοῆσαι
973 2065 1031 2127 δὲ
1095 2067 1158 2120 οὐ
1212 2069 1545 2142 παράδοξον;
1585 2071 1780 2143 ὅτιπερ
1822 2073 1851 2125 ὅ
1888 2089 1949 2126 τε
1983 2074 2013 2126 6

418 2151 551 2216 Υἱὸς
581 2152 758 2207 καὶτὸ
789 2156 1017 2228 Πνεῦμα
1046 2160 1095 2213 εἰ
1134 2161 1229 2213 καὶ
1261 2162 1340 2233 μὴ
1376 2162 1734 2236 δημιουργεῖ,
1766 2166 1883 2220 ἀλλ’
1917 2167 2013 2221 οὖν

418 2245 506 2313 ἐφ’
537 2246 749 2318 ἑτέροις
779 2248 965 2318 ἔργοις
997 2252 1345 2307 ἀποστέλλων
1370 2257 1534 2310 αὑτὸν
1579 2258 1731 2330 ὅμως
1758 2262 2007 2331 ἐνεργεῖ·

420 2338 541 2402 πῶς
570 2338 663 2394 οὖν
689 2342 789 2397 οὐκ
818 2342 1006 2411 ἄδοξον
1046 2346 1108 2400 16
1146 2350 1489 2421 παράδοξον;
1524 2352 1622 2408 καὶ
1646 2353 1732 2418 τίς
1760 2356 1789 2409 6
1830 2355 2011 2422 δόξαις

418 2430 651 2498 ὑπάγων
696 2434 860 2502 αὑτό;
907 2437 1007 2491 οὐκ
1032 2428 1212 2505 ἄλλος,
1257 2441 1372 2495 ἀλλ’
1406 2443 1571 2508 αὐτὸς
1616 2448 1644 2500 6
1677 2447 2009 2502 ἀποστελλό-

422 2540 587 2592 μενος
622 2525 813 2598 Πατήρ
833 2545 848 2559 ’
868 2527 1017 2599 λέγει
1055 2532 1163 2605 γὰρ
1192 2537 1258 2607 τῇ
1288 2542 1604 2612 προφητικῇ
1645 2539 1742 2594 τοῦ
1785 2540 2009 2597 Ἡσαΐου

418 2614 705 2686 χρώμενος
734 2623 919 2692 φωνῇ,
957 2642 975 2675 ι
1019 2625 1218 2681 Ἀκουὲ
1254 2645 1379 2699 μου,
1414 2630 1612 2686 Ἰακὼό
1636 2633 1731 2687 καὶ
1766 2634 2007 2707 Ἰσραὴλ,

417 2707 480 2760 ὃν
501 2708 613 2777 ἐγὼ
641 2711 816 2778 καλῶ,
842 2714 953 2785 ἐγὼ
970 2716 1104 2783 Θεὸς
1124 2720 1363 2792 πρῶτος,
1389 2723 1483 2778 καὶ
1509 2724 1621 2795 ἐγὼ
1645 2726 1786 2797 μετά
1811 2727 2005 2796 ταῦτα,

418 2798 517 2892 καὶ
550 2802 694 2875 πλὴν
725 2805 861 2876 ἐμοῦ
892 2809 1024 2875 Θεὸς
1058 2812 1159 2867 οὐκ
1189 2813 1327 2870 ἔστι.
1368 2834 1388 2869 ι
1449 2818 1595 2886 Ἐγὼ
1633 2822 1701 2891 τῇ
1730 2820 1874 2892 χειρί
1906 2839 2009 2891 μου

417 2890 764 2963 ὲθεμελίωσα
790 2898 889 2971 τὴν
912 2903 1052 2974 γῆν,
1084 2906 1177 2959 καὶ
1202 2906 1265 2960 16
1294 2907 1527 2979 Πνεῦμά
1562 2927 1667 2981 μου
1702 2890 2010 2984 ἐστερέωσε

2120 1422 2305 1477 minus
2338 1423 2560 1478 creandi
2588 1424 2707 1478 laus
2737 1423 2805 1478 ab
2825 1425 3015 1480 eadem
3046 1423 3326 1495 Scriptura
3354 1423 3422 1479 de
3445 1422 3584 1479 Filio
3608 1441 3705 1494 po-

2120 1514 2231 1569 tius
2274 1528 2439 1585 quam
2481 1515 2548 1569 de
2577 1513 2741 1570 Patre
2774 1516 3150 1585 pradicetur?
3192 1532 3319 1569 nam
3355 1517 3456 1571 etsi
3488 1514 3703 1569 Patrem

2119 1623 2338 1677 quoque
2370 1607 2686 1662 Creatorem
2727 1609 2835 1661 dici
2880 1608 3346 1678 deprehendimus
3370 1647 3386 1673 ,
3421 1608 3593 1662 multo
3623 1618 3705 1663 ta-

2123 1712 2246 1751 men
2280 1696 2453 1767 magis
2478 1696 2701 1752 Filium.
2746 1694 2961 1753 Rursus
2990 1713 3218 1752 curnam
3256 1714 3352 1767 per
3384 1697 3584 1753 Filium
3618 1699 3706 1754 di-

2121 1796 2276 1841 catur
2314 1802 2503 1842 creare
2535 1786 2720 1852 Pater,
2757 1804 2864 1843 non
2896 1797 3079 1843 autem
3109 1804 3140 1843 e
3164 1790 3445 1844 contrario
3473 1804 3571 1859 per
3600 1791 3707 1845 Pa-

2121 1888 2258 1933 trem
2293 1876 2506 1944 Filius;
2561 1894 2739 1950 neque
2770 1879 2897 1933 item
2930 1878 3170 1949 Spiritus
3201 1895 3300 1950 per
3330 1880 3547 1935 Patrem
3592 1881 3707 1937 sive

2120 1986 2217 2041 per
2242 1970 2487 2025 Filium?
2512 1972 2593 2026 An
2624 1988 2720 2042 per
2744 1972 2960 2028 Patrem
2982 1973 3204 2043 quidem
3227 1973 3533 2045 intelligere
3556 1975 3705 2039 licet,

2120 2061 2313 2115 auditu
2345 2062 2548 2115 mirum
2569 2101 2585 2127 ,
2617 2061 2893 2117 intellectu
2947 2078 3055 2117 non
3088 2062 3459 2133 impervium?
3489 2064 3617 2134 quia
3653 2072 3707 2119 et

2118 2153 2293 2210 Filius
2337 2154 2554 2209 etiamsi
2588 2152 2856 2222 Spiritum
2890 2153 3118 2210 minime
3147 2162 3335 2220 creat,
3358 2154 3488 2208 dum
3522 2164 3701 2209 tamen

2120 2248 2186 2303 ad
2210 2249 2315 2302 alia
2347 2262 2514 2319 Opera
2540 2248 2688 2304 hunc
2714 2248 2906 2309 mittit,
2936 2247 3101 2301 simul
3132 2257 3416 2317 operatur.
3441 2248 3553 2301 Cur
3576 2263 3706 2318 ergo

2118 2354 2228 2396 nan
2268 2352 2353 2396 est
2386 2341 2705 2396 incredibile
2738 2341 3063 2396 miraculum
3102 2340 3252 2395 hoc?
3287 2350 3341 2396 et
3373 2342 3499 2411 quis
3541 2341 3704 2395 ﬁdem

2119 2435 2249 2490 huic
2302 2434 2379 2490 rei
2434 2433 2805 2489 facit?nemo
2849 2435 3178 2504 quisquam,
3228 2444 3425 2505 praeter
3462 2432 3703 2501 Patrem,

2119 2529 2212 2598 qui
2253 2528 2463 2583 scilicet
2513 2528 2630 2597 ipse
2674 2543 2896 2598 quoque
2950 2528 3209 2583 mittitur.
3266 2528 3357 2582 Ait
3398 2529 3548 2583 enim
3582 2544 3707 2597 pro-

2119 2614 2331 2684 phetica
2352 2626 2512 2671 utens
2536 2616 2691 2671 Isaiae
2712 2632 2843 2671 voce
2867 2635 2881 2672 :
2915 2617 3086 2671 «Audi
3120 2632 3228 2681 me,
3245 2616 3415 2672 Jacob
3440 2628 3493 2672 et
3516 2616 3703 2682 Israel,

2118 2723 2282 2777 quem
2320 2723 2422 2778 ego
2456 2707 2717 2778 appello:
2753 2707 2866 2779 Ego
2907 2707 3052 2763 Deus
3096 2708 3309 2779 primus
3353 2720 3410 2764 et
3459 2725 3560 2781 ego
3602 2727 3703 2765 no-

2117 2800 2381 2856 vissimus
2407 2840 2422 2864 ,
2466 2808 2523 2855 et
2557 2810 2753 2871 praeter
2793 2816 2882 2856 me
2938 2816 3102 2856 nemo
3138 2799 3280 2857 Deus
3325 2812 3410 2857 est
3429 2801 3494 2856 ³⁵.
3530 2820 3549 2854 ι
3596 2802 3710 2872 Ego

2118 2909 2286 2949 manu
2333 2909 2452 2948 mea
2492 2894 2704 2950 telluris
2752 2892 3108 2949 fundamenta
3150 2894 3257 2965 jeci
3287 2935 3302 2959 ,
3360 2894 3710 2965 Spiritusquo

418 2984 513 3080 ⁸’τὸν
533 2988 784 3080 οὐρανόν.
816 2992 959 3062 Ὅρα
988 2994 1106 3057 πῶς
1136 2995 1489 3068 δημιουργῶν
1516 2999 1607 3054 διά
1628 2999 1724 3054 τοῦ
1755 3002 1886 3055 Υίοῦ
1916 3005 2009 3057 καὶ

2120 3003 2275 3043 meus
2308 2986 2505 3042 coelum
2529 2987 2787 3042 ﬁrmavit.
2824 2986 3016 3043 Viden’
3047 2997 3107 3042 ut
3130 3003 3350 3053 creans,
3386 3004 3484 3058 per
3507 2987 3707 3044 Filium

420 3076 744 3148 Πνεῦματος
779 3082 1127 3155 δημιουργεῖ.
1173 3087 1316 3157 Ἐγὼ
1352 3091 1488 3145 πᾶσι
1526 3094 1641 3155 τοῖς
1675 3092 1900 3165 ἄστροις
1926 3096 2011 3148 ὲν-

419 3171 739 3243 ετειλάμην.
772 3174 959 3228 Ταῦτα
998 3177 1085 3230 διὰ
1138 3178 1234 3232 τοῦ
1287 3181 1577 3251 Προφήτου
1620 3183 1789 3238 εἰπὼν
1828 3188 1858 3240 6
1899 3186 2010 3240 τῶν

419 3262 560 3319 ὅλων
603 3265 770 3333 Θεὸς,
816 3268 913 3321 καὶ
955 3267 1044 3323 διὰ
1080 3269 1191 3323 τῶν
1231 3272 1539 3342 εἰρημένων
1571 3274 1796 3347 ἐμφανῆ
1838 3294 2010 3332 κατα-

423 3358 630 3427 στήσας
659 3359 882 3425 ὲαυτὸν,
917 3362 1108 3432 ὅτιπερ
1146 3364 1175 3415 6
1200 3363 1375 3419 ταῦτα
1415 3366 1593 3437 λέγων
1657 3369 1823 3434 αὐτός
1860 3373 2008 3427 ἐστιν

418 3450 451 3501 6
484 3449 709 3521 Πατήρ·
743 3452 839 3505 καὶ
870 3452 981 3524 γὰρ
1005 3453 1159 3519 δεξιά
1195 3456 1295 3525 μὲν
1322 3458 1488 3511 αὑτοῦ
1524 3462 1552 3513 6
1585 3458 1750 3527 Υἱὸς,
1781 3462 2010 3533 Πνεῦμα

419 3540 481 3593 δὲ
515 3541 681 3596 αὐτοῦ
713 3543 777 3596 16
805 3543 1032 3615 Πνεῦμα
1063 3548 1123 3600 16
1156 3546 1334 3616 ἆγιον.

497 3636 564 3706 β’.
594 3638 659 3688 Ὢ
690 3638 955 3708 ῥημάτων
977 3643 1378 3712 κεκρυμμένων
1404 3644 1417 3697 I
1452 3645 1653 3715 μᾶλλον
1683 3647 1741 3701 δὲ
1771 3647 2011 3716 διανοίας

419 3728 525 3782 οὐκ
568 3729 849 3799 ἐμφανοῦς
900 3731 1034 3801 μὲν,
1085 3734 1529 3808 ὲμφανιζομένης
1566 3737 1625 3790 δὲ
1682 3739 1874 3811 ῥᾳδίας
1928 3744 2011 3806 εἰς

420 3820 730 3891 κατάληψιν
770 3822 993 3892 ὲπάγει’
1025 3841 1045 3876 ι
1086 3825 1198 3877 Καὶ
1233 3825 1330 3879 νῦν
1372 3826 1576 3897 Κύριος
1600 3830 1891 3884 ἀπέστειλέ
1942 3850 2010 3904 με

419 3914 519 3965 καὶ
548 3913 608 3967 τὸ
640 3912 864 3983 Πνεῦμα
890 3914 1079 3969 αὐτοῦ.
1118 3934 1136 3966 ι
1170 3915 1380 3970 Οὐκοῦν
1408 3917 1469 3970 τὸ
1498 3919 1727 3990 Πνεῦμα
1754 3920 1945 3995 ὥσπερ
1981 3926 2010 3978 6

419 4001 554 4063 Υἱὸς
587 4004 781 4070 ἐκεῖνο,
824 4004 969 4060 οὕτω
996 4007 1093 4060 καὶ
1118 4007 1251 4060 αὐτὸ
1289 4008 1818 4082 ἑξαποστελλόμενος
1857 4016 2009 4086 παρὰ

418 4094 518 4148 τοῦ
549 4097 778 4167 Πατρὸς,
822 4097 918 4153 νῦν
952 4100 1273 4153 ἀποστέλλει
1306 4102 1396 4155 τὸν
1422 4103 1674 4175 Πατέραο
1715 4101 1840 4159 εἷπε
1875 4107 2004 4177 γὰρ,

422 4206 442 4239 ι
494 4191 602 4244 Καὶ
652 4189 748 4246 νῦν
797 4191 1004 4263 Κύριος
1059 4193 1375 4247 ἀπέσταλκε
1411 4211 1481 4263 με
1531 4196 1645 4259 καὶ,
1671 4198 1731 4249 16
1779 4198 2008 4270 Πνεῦμα

416 4284 611 4339 αὐτοῦ.
651 4302 669 4335 ι
701 4284 871 4355 Δῆλον
910 4281 1003 4340 οὖν
1029 4287 1093 4340 ὲκ
1124 4287 1327 4340 τούτων
1357 4289 1452 4341 καὶ
1486 4292 1600 4353 τοῖς
1626 4289 1700 4361 μὴ
1734 4290 1856 4346 λίαν
1879 4293 2006 4358 ὀξυ-

2122 3078 2501 3149 Spiritumque
2537 3088 2687 3136 creet
2728 3080 2753 3134 ?
2797 3078 2911 3151 Ego
2962 3082 3179 3136 cunctis
3228 3082 3396 3136 astris
3448 3083 3706 3152 praecepi.

2118 3171 2247 3227 Haec
2284 3188 2381 3228 ore
2405 3171 2693 3243 Propheta:
2713 3174 2758 3206 ³⁵
2803 3176 2880 3229 ait
2908 3176 3154 3230 omnium
3197 3174 3342 3230 Dens
3369 3216 3384 3242 ,
3418 3192 3587 3247 seque
3622 3177 3707 3232 his

2117 3266 2285 3322 dictis
2313 3266 2601 3322 manifeste
2630 3268 2866 3331 revelat,
2919 3283 3118 3338 nempe
3147 3269 3295 3339 quod
3333 3270 3496 3322 verba
3528 3273 3643 3324 hzec
3675 3285 3704 3323 a

2115 3361 2281 3419 Patre
2306 3359 2563 3416 dicuntur
2594 3377 2609 3414 :
2644 3376 2771 3414 nam
2809 3362 3033 3416 dextera
3062 3361 3181 3431 ejus
3212 3360 3382 3416 Filius
3420 3368 3503 3416 est
3530 3378 3544 3428 ;
3576 3361 3671 3432 Spi

2116 3456 2258 3512 ritus
2283 3470 2413 3511 vero
2449 3453 2589 3525 ejus,
2623 3452 2863 3526 Spiritus
2890 3461 3131 3511 sanctus.

2187 3630 2245 3685 2.
2284 3628 2330 3686 Ο
2378 3629 2542 3685 verba
2577 3628 2857 3683 recondita
2898 3629 2913 3682 ί
2967 3628 3077 3682 imo
3121 3629 3305 3699 pOIius
3345 3644 3544 3685 sensus
3601 3629 3705 3683 mi-

2118 3724 2267 3781 nime
2309 3732 2500 3794 patens
2539 3724 2551 3776 ί
2582 3721 2675 3793 qui
2721 3722 2767 3776 si
2797 3731 2977 3776 tamen
3013 3721 3337 3791 explantetur
3363 3763 3379 3789 ,
3408 3719 3587 3778 facilis
3620 3724 3701 3776 in~

2121 3820 2334 3875 tellectu
2362 3827 2466 3875 est.
2496 3837 2514 3870 ι
2543 3816 2610 3871 Et
2639 3831 2781 3870 nunc
2806 3813 3069 3870 Dominus
3096 3814 3248 3870 misit
3277 3831 3363 3870 me
3392 3826 3447 3870 et
3467 3816 3705 3886 Spiritus

2117 3914 2238 3985 ejus
2263 3913 2364 3968 ³⁸.»
2408 3910 2553 3981 Ergo
2584 3908 2852 3979 Spiritus,
2892 3909 3052 3963 sicuti
3104 3907 3249 3961 hunc
3281 3905 3453 3963 Filius
3479 3950 3494 3975 ,
3541 3909 3614 3963 ita
3648 3918 3705 3964 et

2117 4006 2234 4074 ipse
2258 4005 2474 4060 Patrem
2507 4001 2694 4055 mittit.
2722 3998 2860 4053 Nam
2894 4012 3084 4067 reapse
3114 3996 3385 4054 Dominus
3425 4017 3573 4056 nunc
3606 3999 3701 4055 Fi-

2115 4097 2222 4151 lius
2271 4096 2511 4157 dicitur,
2552 4093 2647 4163 qui
2700 4091 2957 4146 similiter
2990 4109 3018 4145 a
3056 4095 3217 4147 Patre
3263 4093 3471 4147 missus
3500 4134 3515 4158 ,
3554 4110 3703 4148 nunc

2116 4188 2286 4243 mittit
2314 4188 2551 4243 Patrem.
2594 4185 2687 4238 Ait
2713 4184 2859 4237 enim
2885 4203 2898 4237 :
2935 4204 2954 4237 ι
2989 4187 3055 4239 Ει
3086 4199 3233 4239 nunc
3262 4186 3529 4241 Dominus
3552 4187 3702 4241 misit

2114 4297 2204 4336 me
2236 4289 2292 4335 et
2327 4278 2567 4349 Spiritus
2608 4277 2749 4347 ejus.
2778 4294 2795 4327 ι
2834 4274 2913 4329 Ex
2957 4276 3042 4330 his
3086 4276 3254 4345 igitur
3285 4285 3501 4331 constat
3536 4278 3702 4346 paulo

417 4375 740 4447 δορκοῦσιν,
795 4377 987 4447 ὅτιπερ
1037 4379 1071 4447 ὴ
1138 4378 1415 4449 ἀποστολὴ
1460 4378 1584 4433 οὔτε
1631 4382 1723 4435 τὸν
1764 4382 1895 4436 Υίὸν
1927 4386 2008 4449 είς

2118 4377 2277 4434 etiam
2309 4372 2708 4437 obtusioribus,
2741 4385 2917 4439 neque
2950 4370 3213 4424 missione
3234 4368 3436 4424 Filium
3465 4370 3699 4440 deprimi

415 4466 627 4521 ἐλάττω
694 4468 923 4536 κατάγει
984 4465 1149 4534 φύσιν
1207 4469 1303 4521 καὶ
1347 4468 1542 4538 τιμὴν,
1598 4470 1715 4525 ἀλλ’
1767 4473 1890 4528 οὐδὲ
1942 4477 2006 4530 16

2118 4471 2173 4526 td
2203 4469 2475 4524 minorem
2512 4463 2596 4517 vel
2642 4470 2851 4516 natura:
2891 4462 2974 4516 vel
3026 4461 3251 4516 honoris
3296 4463 3527 4532 gradum
3557 4478 3573 4527 ;
3603 4478 3699 4515 ne-

417 4560 646 4630 Πνεῦμα
667 4577 682 4594 ·
722 4560 857 4613 ὅπου
883 4576 947 4629 γε
979 4560 1076 4613 καὶ
1108 4560 1272 4625 αὐτὸς
1294 4564 1322 4615 6
1351 4562 1543 4635 Πατὴρ
1572 4566 2003 4623 ἀποστέλλεσθαι

2118 4578 2210 4633 lue
2259 4561 2389 4615 item
2436 4557 2747 4628 Spiritum;
2792 4556 3051 4624 quoniam
3100 4562 3155 4608 et
3197 4554 3311 4623 ipse
3352 4552 3514 4608 Pater
3554 4555 3696 4624 mitti

414 4653 639 4722 λέγεται
695 4652 828 4724 παρ’
880 4652 1181 4725 ἑκατέρου·
1235 4653 1556 4708 ἀποστέλλει
1615 4658 1644 4709 6
1701 4659 1894 4730 Πατὴρ
1942 4663 2003 4715 16

2118 4652 2304 4707 licitur
2338 4650 2406 4704 ab
2454 4659 2713 4717 utroque.
2766 4644 2933 4698 Mittit
2973 4645 3134 4698 Pater
3181 4642 3490 4713 Spiritum;
3528 4644 3698 4698 mittit

414 4747 674 4816 Πνεῦμα,
729 4743 1055 4798 ἀποστέλλει
1101 4744 1197 4799 καὶ
1242 4747 1270 4799 6
1318 4745 1484 4813 Υἱὸς,
1537 4748 1861 4806 ἀποστέλλει
1912 4756 2004 4811 τὸν

2118 4752 2155 4798 at
2187 4740 2386 4796 Filius.
2426 4739 2592 4794 Mittit
2635 4735 2835 4791 Filium
2871 4736 3035 4790 etiam
3068 4734 3305 4804 Spiritus
3340 4751 3356 4803 ;
3401 4753 3418 4785 ι
3452 4732 3696 4803 Spiritus

414 4837 545 4891 Υίὸν
575 4837 671 4900 καὶ
695 4836 756 4889 16
782 4833 1030 4904 Πνεῦμα.
1064 4852 1083 4887 ι
1124 4836 1352 4908 Πνεῦμα
1376 4838 1486 4910 γὰρ
1519 4842 1725 4910 Κυρίου
1753 4844 1843 4898 ἐπ’
1874 4847 1996 4917 ἐμὲ,

2118 4834 2256 4891 enim
2279 4831 2493 4887 Domini
2533 4844 2699 4899 super
2764 4844 2892 4895 me;
2937 4827 3297 4897 quamobrem
3347 4828 3507 4880 unxit
3559 4843 3692 4887 me;

426 4925 491 4984 οῦ
526 4929 690 4983 εἵνεκ’
719 4927 903 4999 ἔχρισε
941 4945 1009 4998 με
1036 4944 1053 4960 ο
1109 4929 1571 4998 εὐαγγελίσασθαι
1631 4940 1869 5007 πτωχοῖς
1898 4940 2007 4993 ἀπο

2118 4926 2492 4997 evangelizare
2518 4922 2852 4994 pauperibus
2884 4921 3034 4975 misit
3074 4935 3161 4975 me
3190 4922 3257 4975 ³⁷.
3284 4940 3302 4973 ι
3335 4920 3498 4975 Mittit
3526 4921 3693 4976 etiam

412 5018 650 5074 ἐσταλκέ
684 5036 773 5091 με.
804 5038 827 5071 ›
875 5017 1225 5074 Ἀποστέλλει
1257 5022 1351 5075 καὶ
1381 5021 1475 5077 τὸν
1503 5024 1745 5097 Πατέρα.
1799 5026 2009 5085 Οὔκουν

2118 5022 2345 5077 Patrem.
2368 5015 2487 5072 Non
2507 5030 2638 5086 ergo
2657 5014 3005 5069 imminuitur
3023 5014 3283 5069 missione
3304 5014 3564 5083 Spiritus.
3584 5013 3692 5069 Nc-

410 5110 735 5166 ὲλαττοῦται
759 5111 848 5165 διὰ
874 5109 975 5181 τῆς
1013 5112 1324 5182 ἀποστολῆς
1352 5113 1414 5167 16
1439 5115 1666 5187 Πνεῦμα
1685 5134 1698 5148 ·
1732 5119 1834 5173 οὐκ
1866 5122 2005 5175 ἁπο-

2118 5129 2213 5181 que
2248 5110 2627 5167 tantummodo
2678 5107 2844 5162 mittit
2876 5146 2891 5172 ,
2935 5105 3031 5160 sed
3078 5107 3245 5160 etiam
3280 5107 3435 5177 ungit
3465 5104 3690 5161 Filium.

409 5204 624 5257 στέλλει
655 5204 713 5257 δὲ
749 5203 933 5274 μόνον,
976 5203 1113 5257 ἀλλά
1146 5204 1241 5257 καὶ
1268 5204 1413 5275 χρίει
1441 5206 1535 5260 τὸν
1565 5207 1718 5263 Υίόν.
1748 5210 1877 5276 Πῶς
1910 5208 2004 5267 οῦν

2118 5205 2396 5273 Quomodo
2424 5218 2555 5275 ergo
2588 5201 2779 5257 missio
2805 5198 3077 5271 Spiritum
3105 5198 3365 5267 deprimit
3389 5199 3413 5251 ?
3443 5198 3563 5253 Non
3597 5213 3691 5253 so-

407 5299 443 5369 ὴ
511 5297 786 5372 ἀποστολῇ
843 5295 1207 5352 καταϐιϐάσει
1263 5298 1326 5351 16
1380 5299 1607 5372 Πνεῦμα
1627 5318 1653 5369 ;.
1702 5304 1765 5357 οὐ
1841 5306 2003 5377 μόνον

2118 5316 2217 5355 υιη
2254 5298 2402 5354 enim
2438 5297 2581 5351 hanc
2628 5295 2803 5365 ipsam
2848 5291 3100 5347 retribuit
3129 5290 3366 5362 Spiritus
3401 5290 3558 5355 Filio,
3602 5306 3693 5346 ve-

484 5438 528 5470 “
560 5438 667 5494 lsa.
692 5456 882 5509 XLVIII,
916 5439 973 5494 2.
1050 5439 1096 5472 ³⁵
1126 5439 1235 5498 lsa.
1266 5455 1393 5508 va,
1425 5441 1513 5497 I2.
1589 5444 1634 5477 ³⁸
1668 5442 1773 5500 lsa.
1805 5462 1996 5513 XLVIII,

2119 5491 2129 5503 .
2205 5445 2250 5475 "
2287 5442 2390 5497 lsa.
2430 5456 2540 5504 th,
2585 5438 2636 5493 I.
2677 5436 2811 5491 Luc.
2853 5451 2927 5501 tv,
2962 5432 3047 5488 18.

1932 5559 2169 5618 NOTAE-

480 5720 602 5798 (Ἱέί)⁸
621 5718 887 5790 Pleraque
914 5720 1552 5798 Photius__desunipsisse
1586 5740 1648 5780 ex
1694 5726 1814 5781 .Inbi
1864 5728 2119 5787 monachi
2152 5726 2433 5798 depcrdlto
2467 5735 2632 5795 opere
2663 5723 2741 5779 De
2774 5720 3142 5778 incarnatione
3208 5717 3300 5771 lib.
3344 5713 3410 5770 Ill
3474 5732 3525 5771 c.
3593 5716 3683 5779 τυ,

412 5793 554 5859 qu'td
590 5792 707 5863 ipse
740 5803 992 5848 recenset
1019 5796 1073 5850 in
1105 5792 1454 5859 bibliotheca,
1486 5796 1622 5852 Cod.
1659 5798 1782 5851 2°22.
