4110 6476
468 290 567 356 911

1625 299 1890 360 ΡΗΟΤΙΙ
1921 299 2429 360 PATRIARCH/E
2463 299 2573 362 CP.

3616 303 3728 370 912

465 423 588 461 rum
622 408 785 462 etiam
814 408 962 464 addit
995 410 1327 466 unt-tionem.
1363 410 1672 468 Proiundus
1696 429 1916 478 sermo;
1953 414 2046 468 sed

2152 413 2316 466 αὑτοῦ
2360 414 2568 484 ταύτην
2627 413 3068 477 ἁνταποδιδόντος
3110 413 3187 486 τῷ
3239 416 3388 486 Υίῷ,
3442 417 3577 473 ἀλλὰ
3632 426 3726 475 καὶ

467 515 578 570 quo
608 500 952 570 profundior,
983 518 1048 555 eo
1071 503 1244 572 magis
1269 504 1647 559 haereticorum
1665 507 1905 560 obstruit
1925 522 2043 561 ora.

468 593 585 647 Huc
617 593 782 646 etiam
824 602 1059 649 mentem
1094 595 1314 651 intende
1343 613 1356 650 :
1391 605 1576 652 manet
1603 597 1654 651 in
1690 597 1862 663 Filio;
1901 603 2045 652 hunc

465 703 494 738 a
533 687 765 740 mortuis
792 687 1042 741 suscitat.
1087 687 1234 754 Haec,
1265 690 1509 758 inquam,
1545 691 1830 746 nobilioris
1859 705 1927 746 ne
1974 706 2043 745 an

466 777 754 833 deterioris
787 779 1000 836 ordinis
1047 789 1173 835 sunt
1219 796 1385 852 quam
1433 783 1692 837 mittere?
1726 781 1832 837 Sed
1869 798 2046 852 neque

470 871 584 923 haec
617 867 882 938 Spiritum
911 887 1076 942 supra
1109 871 1308 928 Filium
1344 874 1620 940 exaltant;
1646 890 1823 945 neque
1853 874 2045 928 missio

468 960 535 1012 ab
581 959 893 1029 aequalitate
938 976 1064 1016 cum
1101 961 1240 1018 Filio
1272 961 1537 1034 Spiritum
1586 965 1814 1018 missum
1859 963 2042 1032 depri-

467 1051 566 1103 mit
584 1049 650 1102 ⁸⁸.

539 1232 592 1284 5.
619 1231 687 1285 At
720 1232 864 1285 enim
905 1247 1130 1302 ungere,
1170 1235 1341 1301 dices,
1379 1243 1433 1288 et
1473 1237 1687 1291 mittere
1714 1247 1768 1292 et
1798 1240 2038 1294 exsusci-

470 1332 587 1376 tare
613 1366 626 1390 ,
665 1333 788 1393 post
819 1340 1034 1380 sacram
1083 1327 1445 1381 oeconomiam
1501 1329 2047 1402 inearnatiooemquc

471 1418 605 1469 litmt
643 1435 655 1470 :
703 1432 825 1486 quae
870 1417 916 1473 si
959 1420 1215 1488 praedicta
1253 1435 1472 1490 quoque
1504 1420 1756 1487 fuerunt,
1805 1426 2048 1480 oraculis

471 1507 721 1560 vitii-licet
774 1522 862 1561 res
913 1506 1098 1562 futura
1141 1509 1623 1578 przedieahatur”.
1677 1542 1746 1552 —
1782 1511 2047 1566 Prmclare

469 1600 569 1653 ais.
607 1599 907 1654 Considera
954 1614 1154 1669 porro,
1203 1601 1523 1655 missionem
1561 1618 1777 1672 quoque
1809 1602 2047 1672 Spiritus

471 1707 501 1745 a
521 1689 657 1745 Filio
678 1706 802 1746 cum
831 1691 1091 1748 Servator
1107 1693 1314 1758 docuit,
1349 1695 1611 1766 illumque
1638 1712 1668 1751 a
1698 1696 1856 1752 Patre
1877 1698 2047 1755 fuisse

469 1785 702 1841 missum
739 1794 794 1841 et
842 1786 979 1841 nihil
1023 1803 1052 1842 a
1113 1803 1172 1843 se
1225 1788 1347 1860 ipso
1393 1789 1580 1860 loqui,
1633 1799 1764 1846 tunc
1827 1791 2047 1847 missio-

473 1895 595 1934 nem
633 1880 762 1934 item
795 1877 1031 1952 Spiritus
1063 1880 1168 1936 sibi
1205 1881 1576 1939 vindicavisse
1610 1901 1622 1937 :
1665 1899 1902 1954 eumque
1934 1885 2050 1954 ipse

473 1974 678 2029 missus
701 1981 804 2039 est,
838 1983 968 2028 tunc
1001 1973 1249 2029 mittendi
1291 1990 1511 2045 quoque
1539 1973 1851 2030 facultatem
1889 1991 2049 2032 acee~

474 2065 636 2132 pisse.
673 2064 859 2121 Viden’
891 2078 949 2122 ut
977 2067 1089 2121 haec
1115 2067 1296 2121 omnia
1332 2084 1500 2122 saera:
1534 2069 1852 2124 meonomize
1887 2069 2048 2124 verba

471 2159 598 2220 sint,
624 2173 730 2210 non
755 2158 1093 2212 auctoritas?
1118 2159 1312 2228 Specta
1347 2161 1511 2232 igitur
1545 2159 1690 2230 quod
1727 2163 2050 2218 weenomiae

471 2257 571 2313 est,
595 2260 757 2318 atque
780 2250 849 2304 ab
871 2264 934 2304 eo
959 2251 1225 2320 quidquid
1249 2262 1328 2306 est
1380 2254 1744 2318 auctoritatis,
1774 2254 2045 2310 discerne.

473 2339 663 2395 Missio
729 2357 837 2395 non
905 2342 1143 2398 destruit
1194 2345 1862 2402 consubstantialitatem:
1913 2347 2046 2402 sub-

471 2435 637 2487 stanti
705 2434 1041 2506 homogenea
1119 2451 1227 2491 non
1307 2437 1473 2491 trahit
1533 2437 1598 2491 ad
1661 2437 2045 2494 dill‘erentiam.

469 2525 604 2579 Cum
647 2528 815 2580 exivit
854 2542 881 2581 a
918 2527 1077 2584 Patre
1110 2531 1368 2600 venitque
1429 2530 1622 2595 Filius,
1699 2539 1827 2588 tunc
1882 2532 2050 2588 mittit

467 2628 521 2671 et
551 2617 838 2687 Spiritum.
871 2619 1058 2691 Neque
1087 2621 1141 2675 in
1167 2623 1312 2678 exitu
1350 2623 1409 2678 ﬁt
1438 2624 1747 2689 distractio,
1782 2641 1960 2696 neque
1991 2626 2046 2680 in

471 2709 732 2764 missione
775 2713 1069 2780 separatio.
1149 2713 1330 2768 Exivit
1374 2730 1640 2781 manens,
1675 2716 1936 2788 misitque
1964 2733 2050 2773 re-

469 2801 652 2856 tinens
694 2803 837 2870 apud
885 2819 963 2858 se.
1014 2803 1254 2860 Suscitat
1296 2806 1575 2861 Christum
1625 2806 1899 2877 Spiritus;
1938 2825 2046 2864 non

469 2891 615 2960 quod
653 2891 924 2947 inﬁrmior
967 2894 1020 2948 in
1053 2895 1146 2950 illo
1194 2897 1453 2951 divinitas
1484 2909 1662 2964 esset,
1700 2901 1793 2954 sed
1829 2915 1897 2954 ne
1937 2902 2046 2955 vim

472 2983 703 3037 activam
741 2984 978 3053 Spiritus
1011 3001 1040 3040 a
1071 2987 1355 3043 divinitate
1376 2987 1498 3043 Filii
1533 2990 1768 3045 alienam
1803 3001 2045 3062 putares.

2149 501 2534 572 προστιθέντος
2565 501 2644 572 τῷ
2690 503 2989 573 χρίσματι·
3022 501 3188 572 βαθὺς
3225 506 3252 556 ό
3280 503 3460 572 λόγος,
3491 505 3606 558 ἀλλ’
3646 509 3726 570 είς

2151 597 2275 648 ὅσον
2323 595 2449 665 ἥκει
2511 594 2710 663 βάθους
2768 595 2836 648 τὰ
2887 594 2995 648 τῶν
3052 597 3345 665 αἱρετικῶν
3389 599 3728 669 ἀποφράττει

2151 687 2417 756 στόματα.
2476 687 2798 741 Ἐπισκόπει
2846 687 2903 742 δὲ
2948 689 3043 742 καὶ
3085 690 3264 744 τοῦτο.
3310 691 3434 744 Ἐπὶ
3466 690 3558 746 τὸν
3598 691 3729 744 Υἰὸν

2152 775 2340 846 μένει·
2383 775 2590 845 ἐγείρει
2619 777 2779 829 αὑτὸν
2818 777 2928 831 ἀπὸ
2958 779 3068 832 τῶν
3111 779 3341 851 νεκρῶν.
3382 773 3528 850 *Αρα
3554 779 3728 833 ταῦτα

2147 867 2406 938 δευτέραν
2431 868 2544 921 ἀλλ’
2563 868 2683 939 οὐχὶ
2710 869 2807 939 τὴν
2831 869 3055 941 πρώτην
3076 870 3182 941 ἢτὺ
3209 870 3560 924 ἀποστέλλειν
3575 871 3730 936 τάξιν

2147 958 2509 1030 κατείληφεν;
2559 959 2699 1013 Ἀλλ’
2725 959 2849 1014 οὕτε
2882 961 3057 1015 ταῦτα
3087 962 3150 1015 τὸ
3195 961 3418 1032 Πνεῦμα
3449 966 3596 1016 ποιεῖ
3633 963 3728 1016 τοῦ

2147 1052 2280 1108 Υἱοῦ
2313 1051 2726 1124 ὑπερκείμενον,
2758 1053 2866 1106 οὐδ’
2895 1053 3218 1125 ήὰποστολὴ
3250 1054 3606 1120 καταϐιϐάζει
3625 1054 3732 1128 τῆς

2151 1145 2419 1216 ἰσοτιμίας
2452 1142 2545 1198 τοῦ
2584 1141 2713 1196 Υἱοῦ
2752 1143 2814 1196 τὸ
2847 1141 3072 1214 Πνεῦμα
3101 1144 3162 1197 τὸ
3195 1144 3680 1216 ἁποστελλόμενον.

2217 1244 2286 1306 γ’.
2335 1236 2494 1290 Ἀλλὰ
2521 1235 2580 1288 τὸ
2605 1233 2779 1306 χρίειν
2811 1234 2957 1304 ἐρεῖς
2979 1235 3330 1288 ἀποστέλλειν
3362 1237 3455 1289 καὶ
3495 1236 3733 1306 ἐγείρειν

2151 1332 2290 1400 μετὰ
2317 1328 2415 1401 τὴν
2445 1327 2762 1397 οἰκονομίαν
2789 1327 2926 1398 μετὰ
2952 1327 3052 1398 τὴν
3087 1327 3366 1398 σάρκωσιν
3387 1342 3400 1357 ·
3435 1329 3484 1381 εί
3504 1328 3614 1398 γὰρ
3635 1329 3733 1381 καὶ

2149 1419 2509 1493 προείρηται,
2573 1419 2710 1473 ἀλλὰ
2761 1418 3002 1488 χρησμοὶ
3040 1417 3101 1470 τὸ
3149 1416 3341 1487 μέλλον
3387 1416 3728 1488 ἐκήρυττον·

2151 1515 2346 1587 μενοῦν
2380 1531 2465 1583 γε.
2513 1513 2718 1568 Ἐννόει
2761 1510 2818 1566 δὲ
2853 1511 2929 1574 ὼς
2967 1510 3062 1563 καὶ
3100 1509 3160 1562 τὸ
3207 1506 3637 1564 ἀποστέλλεσθαι
3671 1506 3734 1560 τὸ

2149 1606 2373 1676 Πνεῦμα
2405 1603 2557 1675 παρὰ
2593 1602 2687 1658 τοῦ
2729 1600 2860 1656 Υἱοῦ
2898 1601 3061 1672 ἡνίκα
3112 1600 3395 1654 ἐδίδασκεν
3440 1602 3468 1654 ό
3498 1599 3693 1672 Σωτὴρ
3715 1638 3731 1662 ,

2153 1701 2216 1752 ἐκ
2259 1698 2350 1751 τοῦ
2399 1696 2613 1768 Πατρὺς
2662 1694 2822 1749 αὐτὸν
2875 1689 3214 1748 ἀπεστάλθαι
3273 1693 3367 1746 καὶ
3418 1691 3586 1764 μηδὲν
3637 1691 3732 1761 ἀφ’

2154 1789 2348 1846 ἐαυτοῦ
2377 1789 2576 1858 λέγειν,
2601 1784 2904 1858 τηνικαῦτα
2932 1784 3026 1837 καὶ
3053 1783 3152 1854 τὴν
3174 1783 3477 1854 ἀποστολὴν
3497 1781 3734 1837 οἰκειοῦ-

2149 1905 2238 1942 ται
2271 1885 2364 1940 τοῦ
2406 1882 2725 1952 Πνεύματος
2747 1894 2762 1909 ⁶
2809 1880 2898 1932 ὅτε
2932 1876 3093 1940 αὐτὸς
3127 1875 3509 1939 ἀπεστέλλετο,
3544 1873 3642 1927 καὶ
3671 1870 3734 1924 τὸ

2150 1976 2506 2031 ἀποστέλλειν
2535 1973 2837 2040 ἀνεδέχετο.
2872 1969 3035 2040 Ὀρᾷς
3062 1968 3138 2031 ὡς
3171 1967 3346 2020 ταῦτα
3374 1969 3556 2022 πάντα
3587 1966 3735 2018 οἰκο-

2149 2071 2344 2141 νομίας
2381 2069 2549 2132 ἐστὶν,
2574 2065 2805 2120 ἀλλὀὐκ
2832 2062 3123 2125 αύθεντίας
3149 2060 3216 2113 τὰ
3242 2060 3464 2131 ῥήματα
3489 2075 3504 2124 ;
3535 2057 3646 2110 νόει
3668 2053 3732 2107 τὺ

2147 2163 2248 2233 τῆς
2293 2159 2626 2230 οἰκονομίας,
2677 2159 2773 2211 καὶ⁹
2813 2157 3059 2226 διάκρινε
3095 2155 3155 2206 τὸ
3193 2153 3292 2222 τῆς
3335 2151 3660 2213 αύθεντίας·
3695 2151 3729 2219 ἡ

2150 2254 2422 2323 ἀποστολὴ
2453 2252 2514 2305 ού
2534 2251 2654 2304 λύει
2678 2249 2739 2302 τὸ
2760 2248 3046 2319 ὁμοούσιον
3065 2261 3080 2276 ο
3108 2244 3168 2298 τὸ
3191 2244 3430 2315 ὁμοφυές
3449 2244 3508 2296 οὐ
3539 2242 3732 2313 τρέπει

2149 2347 2287 2419 πρὸς
2346 2345 2681 2416 ἑτερότηταο
2729 2341 2817 2393 ὅτε
2873 2338 3096 2409 ἐξῆλθεν
3141 2339 3205 2390 ἐκ
3244 2336 3339 2388 τοῦ
3385 2335 3599 2405 Πατρδς
3639 2337 3735 2388 καὶ

2148 2437 2283 2512 ἧκεν
2314 2439 2343 2492 ό
2382 2437 2534 2501 Υἱὸς,
2575 2435 2697 2487 τότε
2727 2431 3051 2487 ἀποστέλλει
3086 2429 3181 2483 καὶ
3217 2429 3278 2481 τὸ
3307 2427 3565 2498 Πνεῦμα·
3606 2427 3733 2482 οὔτε

2150 2535 2208 2585 ἐν
2233 2532 2298 2601 τῇ
2335 2526 2607 2593 ἐξελεύσει
2630 2524 2944 2586 διάστασις,
2981 2519 3103 2574 οὔτε
3135 2523 3191 2573 ἐν
3222 2522 3288 2589 τῇ
3317 2518 3588 2590 ἀποστολῇ
3625 2535 3734 2590 χω.

2152 2623 2346 2698 ρισμός
2370 2637 2383 2651 °
2435 2618 2625 2691 ἐξῆλθε
2670 2616 2879 2688 μένων,
2911 2614 3008 2669 καὶ
3049 2614 3337 2668 ἀπέστειλε
3379 2614 3508 2684 παρ’
3554 2611 3733 2684 ἐαυτῷ

2149 2719 2287 2787 ἔχων
2312 2734 2325 2745 ⁸
2368 2715 2564 2785 ἀνιστᾷ
2589 2712 2683 2765 τὸν
2716 2710 2953 2781 Χριστὸν
2984 2708 3046 2762 τὸ
3087 2706 3331 2776 Πνεῦμα,
3360 2706 3459 2775 οὐχ
3488 2705 3563 2768 ὡς
3604 2707 3733 2759 άτο-

2148 2809 2347 2880 νούσης
2370 2808 2471 2877 τῆς
2497 2808 2552 2858 ἐν
2579 2803 2728 2873 αὐτῷ
2761 2802 3037 2871 θεότητος,
3070 2796 3185 2852 ἀλλ’
3213 2797 3299 2850 ἵνα
3325 2796 3421 2867 τὴν
3450 2796 3734 2862 ἐνέργειαν

2147 2903 2241 2955 τοῦ
2279 2897 2634 2969 Πνεύματος,
2667 2895 2768 2965 τῆς
2808 2893 2865 2946 ἐν
2905 2891 2984 2964 τῷ
3037 2889 3151 2960 Υἱῷ
3189 2891 3392 2961 νοήσῃς
3430 2888 3531 2942 οὐκ
3574 2889 3734 2942 ἀλλο-

2149 3011 2302 3064 τριου
2314 2993 2482 3063 μένην
2521 2989 2774 3058 θεότητος
2795 3001 2809 3018 ο
2841 2980 2959 3039 εἶτα
2991 2983 3052 3036 τὸ
3084 2982 3305 3052 Πνεῦμα
3344 2981 3442 3051 μὲν
3467 2980 3735 3034 ἀποστέλ-

471 3067 673 3127 Deinde
704 3073 940 3142 Spiritus
971 3075 1189 3144 quidem
1223 3073 1441 3132 Patrem
1480 3078 1644 3132 mittit
1673 3096 1688 3144 ;
1725 3095 1830 3134 non
1867 3089 2048 3137 tamen

2153 3088 2233 3141 λει
2267 3086 2357 3140 τὸν
2406 3083 2626 3154 Πατέρα
2650 3097 2664 3112 ·
2707 3079 2767 3133 ού
2801 3078 3061 3139 πολλάκις
3093 3076 3151 3129 δέ
3174 3088 3191 3107 ⁶
3239 3075 3328 3127 ἵνα
3369 3073 3458 3127 διὰ
3506 3072 3606 3142 μὲν
3638 3071 3733 3125 τοῦ

470 3180 867 3234 smpenumero.
909 3167 983 3222 Ita
1019 3179 1242 3239 propter
1281 3171 1421 3227 hanc
1464 3173 1783 3229 missionem
1818 3193 1924 3232 non
1955 3194 2050 3232 ex-

469 3257 603 3311 cidit
635 3257 893 3327 Spiritus,
927 3275 1088 3316 secus
1105 3278 1169 3317 ac
1199 3263 1439 3320 haeretici
1462 3265 1752 3334 blateraut,
1777 3269 1846 3324 ab
1866 3286 2052 3341 arqua-

471 3349 622 3402 Iitate
658 3358 712 3404 et.
745 3351 1053 3409 divinitate.
1107 3354 1258 3422 Quos
1293 3368 1472 3414 autem
1521 3377 1630 3416 non
1679 3377 1820 3432 saepe
1857 3364 2048 3431 mittit,

471 3443 521 3498 id
548 3445 755 3501 scilicet
788 3435 1004 3513 accidit,
1040 3464 1108 3503 ne
1141 3449 1194 3505 in
1217 3449 1487 3506 Trinitate
1507 3455 1616 3508 vim
1647 3455 1924 3510 causalem
1955 3459 2050 3512 tri-

467 3532 573 3586 hus
599 3547 948 3588 communem
974 3536 1373 3592 existimemus.
1408 3539 1614 3596 Idcirco
1643 3540 1802 3597 Pater
1830 3545 2048 3612 quidem

469 3621 672 3676 dicitur
703 3639 1084 3690 saepenumero
1127 3642 1222 3696 per
1256 3627 1518 3696 Spiritum
1565 3647 1762 3699 agere;
1800 3634 2053 3688 similiter

469 3711 630 3764 etiam
664 3726 758 3778 per
788 3711 1011 3768 Filium.
1052 3712 1188 3767 Illud
1217 3725 1398 3770 autem
1426 3733 1568 3787 saepe
1597 3721 1709 3773 fieri
1744 3722 1964 3786 dicitur,
1994 3731 2054 3777 ut

475 3801 617 3856 Patri
651 3803 893 3859 causalis
923 3805 1007 3858 vis
1035 3806 1390 3862 confirmetur
1417 3827 1429 3862 :
1457 3811 1636 3864 rarius
1659 3821 1856 3866 autem
1893 3828 2054 3884 agere

473 3910 566 3964 per
594 3895 808 3950 Putrem
844 3896 1085 3967 Spiritus
1119 3898 1320 3954 dicitur
1358 3901 1441 3955 vel
1475 3901 1684 3969 Filius,
1721 3919 1788 3958 ne
1821 3905 1866 3959 si
1912 3921 2054 3974 saepe

472 3997 567 4051 per
598 3983 816 4038 Patrem
847 4000 1010 4055 agere
1046 3985 1282 4055 Spiritus
1315 3997 1477 4056 atque
1511 3988 1684 4045 Filius
1713 3990 2051 4059 dicerentur,

472 4075 742 4130 malitiosa
771 4085 935 4146 atque
974 4087 1190 4133 versuta
1225 4079 1604 4135 haereticorum
1637 4081 1814 4138 rabies
1841 4085 2056 4141 minore

469 4169 658 4221 ordine
685 4183 978 4238 personam
1010 4171 1353 4242 gloriamque
1386 4173 1560 4229 Patris
1590 4176 1886 4233 collocaret
1912 4195 1927 4245 ;
1960 4191 2054 4235 aut

467 4261 612 4328 quod
657 4263 832 4327 magis
861 4263 1080 4317 obvium
1113 4273 1298 4330 esset,
1341 4267 1715 4322 causalitatem
1755 4270 1830 4324 illi
1873 4273 2055 4341 eripe-

471 4361 568 4410 ret.
608 4351 770 4408 Mittit
800 4354 960 4409 Pater
989 4355 1252 4425 Spiritum
1301 4369 1465 4429 atque
1497 4358 1718 4416 Filium.
1751 4359 1918 4418 Mittit
1945 4365 2052 4418 Pa-

471 4455 610 4499 trem
659 4446 824 4500 etiam
877 4447 1120 4515 Spiritus
1164 4449 1402 4518 itemque
1434 4449 1607 4506 Filius

469 4537 775 4607 aequalitas.
804 4538 872 4593 At
904 4540 1053 4593 enim
1087 4543 1287 4608 saepius
1326 4541 1493 4596 mittit
1523 4543 1681 4598 Pater
1717 4561 1730 4598 :
1760 4560 1826 4600 en
1859 4561 2053 4600 causa-

470 4630 638 4684 litatis
679 4632 1061 4700 praerogativa.
1105 4631 1179 4686 lta
1230 4633 1349 4688 sine
1395 4635 1504 4689 ulla
1551 4635 1870 4691 diversitate
1917 4639 2053 4692 sub-

469 4724 686 4778 stantiae
724 4724 900 4794 patria
949 4726 1260 4795 proprietas
1305 4727 1519 4794 elucet;
1548 4729 1852 4800 eademque
1886 4731 2056 4785 simul

468 4817 686 4873 elucere
718 4817 852 4872 sinit
883 4817 1126 4884 illorum,
1155 4818 1248 4889 qui
1281 4834 1310 4872 a
1344 4834 1402 4874 se
1428 4822 1752 4889 procedunt,
1793 4821 2058 4893 homoge-

470 4907 730 4965 neitatem
762 4910 1102 4980 honorisque
1124 4911 1441 4980 paritatem.

535 5003 590 5057 4.
627 5001 840 5057 Dicitur
882 5019 1014 5074 ergo
1047 5003 1214 5059 Pater
1245 5019 1343 5074 per
1375 5003 1576 5058 Filium
1621 5019 1710 5061 res
1743 5017 1959 5063 creatas
1989 5023 2057 5063 ex

2152 3179 2504 3237 ἀποστέλλειν
2524 3219 2537 3239 ,
2575 3176 2715 3238 ὅλως
2745 3175 2844 3242 τῆς
2878 3170 3050 3239 αὐτῆς
3085 3168 3160 3239 μὴ
3191 3166 3429 3237 διαπέσῃ
3464 3165 3607 3219 κατὰ
3635 3164 3735 3234 τὴν

2153 3269 2436 3343 αἰρετικὴν
2471 3263 2854 3336 γλωσσαλγίαν
2881 3260 3154 3330 ἰσοτιμίας
3200 3259 3293 3312 καὶ
3326 3257 3605 3328 θεότητοςο
3645 3255 3738 3308 διὰ

2151 3362 2206 3416 δὲ
2245 3361 2340 3416 τοῦ
2371 3361 2446 3431 μὴ
2484 3357 2744 3420 πολλάκις
2766 3397 2780 3422 ,
2821 3354 2883 3407 τὸ
2906 3355 2964 3406 ἐν
2994 3355 3058 3423 τῇ
3096 3350 3288 3421 Τριάδι
3325 3349 3500 3402 αἴτιον
3538 3349 3612 3419 μὴ
3647 3364 3736 3401 νο-
3775 3377 3778 3380 ~

2157 3451 2322 3524 μισθῇ
2354 3449 2537 3504 κοινὸν
2565 3447 2678 3503 τῶν
2702 3445 2872 3518 τριῶν
2891 3462 2904 3476 ·
2929 3444 3016 3497 διὰ
3039 3442 3198 3496 τοῦτο
3227 3441 3446 3510 λέγεται
3479 3440 3577 3510 μὲν
3604 3438 3736 3493 πολ-

2151 3545 2308 3605 λάκις
2341 3543 2369 3594 ὁ
2405 3542 2600 3611 Πατὴρ
2638 3537 2728 3591 διὰ
2760 3534 2855 3589 τοῦ
2888 3533 3209 3603 Πνεύματος
3237 3531 3480 3601 ἐνεργεῖν
3503 3543 3518 3558 '
3553 3528 3736 3582 ὡσαύ-

2151 3652 2261 3699 τως
2288 3634 2346 3688 δὲ
2373 3633 2468 3688 καὶ
2497 3632 2587 3685 διὰ
2614 3629 2710 3684 τοῦ
2743 3627 2876 3682 Υἱοῦ
2895 3645 2908 3656 ·
2943 3625 3204 3687 πολλάκις
3241 3622 3339 3693 μὲν
3370 3623 3455 3675 ἵνα
3477 3621 3539 3674 τὸ
3563 3621 3740 3674 αἴτιον

2151 3726 2231 3797 τῷ
2269 3724 2447 3796 Πατρὶ
2479 3721 2782 3794 βεϐαιωθῇο
2817 3718 2882 3772 οὐ
2920 3717 3182 3779 πολλάκις
3209 3715 3267 3768 δὲ
3301 3713 3363 3767 τὸ
3395 3710 3622 3781 Πνεῦμα
3650 3709 3738 3764 διὰ

2153 3817 2248 3872 τοῦ
2289 3815 2535 3886 Πατρδς,
2570 3811 2694 3868 οὔτε
2728 3813 2757 3865 ὁ
2788 3810 2948 3876 Υἱὸς,
2991 3809 3080 3862 ἵνα
3117 3807 3191 3878 μὴ
3221 3805 3310 3859 διὰ
3347 3803 3442 3858 τοῦ
3476 3801 3739 3865 πολλάκις

2154 3912 2400 3983 ἐνεργεῖν
2433 3908 2519 3963 διὰ
2555 3907 2648 3961 τοῦ
2685 3905 2899 3976 Πατρὸς
2928 3905 2988 3956 τὸ
3015 3901 3242 3972 Πνεῦμα
3271 3899 3368 3952 καὶ
3402 3899 3494 3951 τὸν
3525 3896 3676 3958 Υίὸν,
3702 3897 3735 3964 ἡ

2155 4003 2540 4074 κακομήχανος
2569 4001 2666 4054 καὶ
2710 3997 3053 4068 πολύτροπος
3095 3993 3270 4047 λύσσα
3299 3991 3410 4045 τῶν
3445 3986 3739 4060 αἱρετικῶν

2153 4098 2235 4160 είς
2268 4096 2475 4150 ἐλάττω
2519 4091 2674 4159 τάξιν
2703 4091 2803 4161 τὴν
2834 4088 3134 4142 ὑπόστασιν
3165 4086 3198 4156 ἢ
3229 4085 3330 4156 τὴν
3362 4082 3522 4149 δόξαν
3563 4095 3739 4134 κατα-

2155 4190 2355 4260 ϐιϐάσῃ
2387 4187 2483 4241 τοῦ
2516 4183 2730 4255 Πατρός
2751 4198 2763 4214 ’
2799 4181 2832 4253 ἢ
2863 4183 2924 4235 τό
2956 4197 3019 4250 γε
3050 4177 3492 4250 προχειρότερον,
3519 4172 3614 4244 τὴν
3645 4170 3739 4225 τοῦ

2155 4283 2332 4338 αἰτίου
2369 4278 2615 4351 περιέλοι
2652 4277 2842 4346 τιμήν.
2888 4271 3239 4326 Ἀποστέλλει
3281 4269 3310 4322 ὀ
3341 4269 3531 4337 Πατὴρ
3559 4266 3652 4319 καὶ
3681 4263 3743 4318 τὸ
3804 4328 3812 4335 .

2157 4371 2384 4444 Πνεῦμα
2408 4370 2504 4424 καὶ⁹
2532 4369 2626 4422 τὸν
2649 4368 2808 4421 Υίόν·
2842 4362 3165 4418 ἀποστέλλει
3192 4360 3283 4412 τὸν
3315 4358 3534 4427 Πατέρα
3565 4355 3657 4409 καὶ
3681 4353 3742 4406 τὸ

1658 4470 1672 4505 Ζ
1727 4468 1794 4508 en
1841 4464 2049 4510 natura:

2162 4434 2388 4534 Πνεῦμα
2429 4462 2524 4516 καὶ
2567 4462 2594 4512 ὁ
2625 4459 2775 4523 Υἱός.
2823 4455 2955 4516 Ἰδοὺ
3001 4453 3102 4524 τῆς
3133 4452 3348 4523 φύσεως
3379 4450 3441 4503 τὺ
3479 4449 3738 4518 ἰσότιμον.

2172 4558 2335 4613 Ἀλλὰ
2369 4555 2626 4618 πολλάκις
2649 4555 2676 4607 ὁ
2706 4551 2894 4622 Πατὴρ
2910 4548 3228 4603 ἀποστέλλει
3250 4561 3264 4576 ·
3300 4544 3408 4597 ἰδοὺ
3438 4541 3536 4595 τοῦ
3567 4540 3740 4593 αἰτίου

2161 4651 2222 4704 τὸ
2239 4648 2534 4719 ἐξαίρετον.
2551 4645 2735 4708 Οὕτως
2753 4645 2811 4696 ἐν
2827 4642 2905 4712 τῷ
2923 4637 3327 4710 ἅπαραλλάκτῳ
3347 4635 3445 4702 τῆς
3473 4632 3663 4696 οὐσίας
3682 4633 3743 4684 τὸ

2164 4740 2428 4812 πατρικὸν
2454 4741 2584 4792 ἴδιον
2611 4737 2905 4804 ἐκλάμπει,
2925 4734 3019 4786 καὶ
3040 4727 3519 4799 συνεκλάμπεσθαι
3555 4725 3741 4778 δίδωσι

2161 4833 2270 4886 τῶν
2289 4832 2349 4896 ἐξ
2365 4829 2532 4886 αὐτοῦ
2558 4826 3006 4899 προεληλυθότων
3031 4824 3092 4878 τὸ
3107 4822 3345 4894 ὀμοφυὲς
3363 4821 3457 4874 καὶ
3476 4819 3738 4886 ἰσότιμον.

2232 5012 2294 5066 δ’.
2337 5011 2570 5079 Λέγεται
2595 5009 2775 5062 τοίνυν
2795 5007 2862 5060 δι’
2893 5005 3025 5060 Υίοῦ
3044 5007 3142 5074 τὴν
3170 5005 3345 5059 κτίσιν
3374 5006 3438 5057 ἐκ
3473 5001 3549 5073 μὴ
3574 5001 3744 5055 ὄντων

468 5095 643 5150 nihilo
674 5095 1044 5165 produxisse;
1079 5107 1337 5168 praeterea
1372 5097 1583 5153 Veteris
1617 5114 1838 5169 quoque
1863 5100 2049 5155 Testa-

2159 5105 2497 5174 ὑποστῆναι,
2543 5103 2681 5156 ἀλλὰ
2725 5100 2946 5170 καὶτῆς
2983 5099 3224 5162 Παλαιᾶς
3269 5093 3745 5168 ἀνακηρύττεσθαι

391 5177 404 5184 ’
471 5188 642 5243 menti
666 5187 1037 5258 legislatorem
1069 5191 1324 5246 eumdem
1355 5189 1618 5260 praedicat
1644 5208 1659 5244 :
1694 5192 1877 5247 divina
1901 5193 2049 5246 nimi-

2157 5195 2455 5267 νομοθέτην
2477 5211 2490 5224 ο
2520 5195 2620 5262 τῆς
2650 5193 2802 5255 θείας
2840 5189 3122 5262 πόρρωθεν
3157 5188 3420 5258 Προνοίας
3461 5189 3745 5254 ἐπιστομι-

471 5295 592 5335 rum
618 5279 969 5336 Providentia
998 5281 1171 5337 multo
1203 5291 1362 5337 antea
1396 5280 1674 5338 refutante
1703 5283 2049 5354 funditusun

2160 5273 2360 5358 ζούσης
2407 5304 2470 5339 τε
2511 5287 2606 5339 καὶ
2637 5284 2934 5356 πρόρριζον
2976 5282 3079 5353 τὴν
3118 5280 3377 5334 ἀπόνοιαν
3410 5277 3745 5346 ἁνασπώσης

471 5381 749 5429 evertente
799 5375 1016 5428 illorum
1067 5375 1342 5429 insaniam
1369 5417 1384 5439 ,
1421 5376 1514 5445 qui
1546 5374 1712 5432 Vetus
1741 5375 2049 5448 Novumqut

2157 5380 2267 5431 τῶν
2306 5379 2385 5439 είς
2414 5377 2802 5445 ἀντικειμένας
2827 5371 3002 5442 ἀρχὰς
3035 5370 3129 5423 δύο
3155 5367 3477 5437 τολμώντων
3505 5365 3604 5434 τὴν
3635 5365 3747 5417 Πα-

474 5462 883 5520 Testamentum
945 5467 1013 5520 ad
1063 5467 1172 5521 duo
1211 5469 1487 5524 contraria
1537 5469 1806 5539 principia
1855 5469 2049 5525 referre

2164 5469 2320 5522 λαιὰν
2348 5466 2640 5538 ἀναφέρειν
2669 5465 2765 5518 καὶ
2805 5463 2904 5532 τὴν
2925 5461 3089 5514 Νέαν.
3126 5461 3187 5512 Εἰ
3221 5461 3331 5529 γὰρ
3375 5458 3464 5512 τὸν
3490 5455 3618 5509 Υίὺν
3646 5454 3748 5523 τῆς

475 5555 696 5611 audent.
729 5555 866 5610 Nam
896 5558 940 5613 si
962 5557 1211 5613 Ecclesia
1253 5559 1455 5615 diserte
1481 5559 1608 5616 licet
1643 5559 1870 5627 fatente,
1893 5559 2049 5614 Chri-

2178 5558 2506 5629 Ἐκκλησίας
2564 5554 2837 5626 λαμπρῶς
2881 5550 3320 5622 ἀνομολογούσης
3361 5549 3488 5611 τούς
3535 5562 3596 5599 τε
3642 5563 3748 5598 πα-

477 5655 518 5705 st
530 5661 616 5698 um
639 5649 987 5703 oraculorum
1011 5658 1252 5704 veterum
1269 5651 1554 5706 veritatem
1570 5650 2049 5715 demonstravisse,

2165 5649 2349 5713 λαιούς
2391 5648 2675 5721 χρησμοὺς
2705 5645 3015 5716 ἀποφῆναι,
3045 5645 3136 5697 καὶ
3176 5645 3274 5714 τῆς
3302 5641 3428 5704 νέας
3457 5639 3547 5694 τὸν
3583 5637 3749 5691 αὐτὸν

548 5755 591 5793 ³³
623 5755 786 5816 Marc.
833 5776 869 5824 1,
906 5761 992 5816 10.
1030 5761 1188 5819 Rom.
1222 5780 1337 5826 rm,
1377 5767 1464 5818 ll.
1543 5766 1585 5798 ’9
1620 5763 1774 5820 Joan.
1811 5781 1899 5828 xv,
1932 5765 2036 5830 9.6;
2074 5781 2185 5827 ενι,
2225 5765 2305 5820 l5.
