4110 6444
398 313 505 378 913

1287 321 1386 379 AD
1423 321 2024 384 AMPHILOCHIUM
2054 324 2402 393 QUIESTIO
2435 325 2794 386 CLXXXIX‘

3578 336 3680 402 914

400 431 702 502 εἰσηγητὴν
737 431 1042 500 γεγονέναι,
1102 433 1200 486 καλ⁹
1247 433 1356 503 πρό
1401 451 1466 500 γε
1500 434 1708 489 τούτων
1745 436 1844 506 τὴν
1876 438 1984 490 τῶν

2087 438 2324 506 novique
2357 436 2583 490 fmderis
2618 438 2873 492 eumdem
2914 436 3086 495 fuisse
3126 453 3406 496 auctorem
3433 483 3449 508 ,
3499 447 3677 513 quod-

401 524 716 592 κτισμάτων
751 523 912 590 φύσιν
953 526 1018 578 ἐκ
1051 525 1124 594 μὴ
1155 524 1327 577 ὄντων
1376 525 1640 580 οὐσιῶσαι
1663 568 1678 590 ,
1709 530 1859 598 ὅμως
1892 525 1985 583 οῦν

402 612 463 663 τὸ
508 612 828 683 Μανιχαίων
870 613 1218 684 μισόχριστον
1247 613 1341 665 καὶ
1377 612 1647 684 θεομάχον
1687 615 1838 680 ἔθνος
1873 619 1983 689 (75)

401 703 497 756 καὶ
519 707 566 756 οἱ
598 704 926 775 Μαρκίωνες
947 705 1008 756 οὐ
1034 704 1352 775 φρίττουσιν
1373 707 1452 769 εἰς
1473 707 1665 776 ἑτέραν
1692 709 1789 778 μὲν
1810 708 1985 779 ἀρχὴν

398 793 460 845 τὸ
511 795 867 862 εὐαγγελικὸν
905 795 1172 865 κήρυγμα
1213 795 1465 863 ἀνάγειν,
1518 796 1616 867 τὴν
1667 799 1984 868 μαχομένην

399 887 456 941 δὲ
501 887 569 939 τὰ
608 888 903 953 Μωσαῖκά,
949 889 1071 942 τίνα
1121 890 1188 942 ἂν
1236 891 1587 960 παρέδραμον
1632 890 1986 961 βλασφημίας

400 974 586 1041 ὄγκον,
623 978 670 1028 εί
695 963 812 1029 ’τῶν
856 976 1114 1030 Παλαιῶν
1149 977 1250 1046 μὲν
1281 978 1636 1048 Γραμμὰτων
1665 981 1986 1050 ἀφωρισμέ-

401 1082 508 1128 νως
534 1065 837 1138 νομοθέτης
859 1069 886 1120 6
912 1067 1102 1138 Πατὴρ
1129 1069 1552 1140 ἀνεκηρύττετο,
1584 1072 1987 1142 ἀφωρισμένως

401 1156 458 1208 δὲ
485 1156 585 1224 τῆς
614 1157 836 1228 χάριτος
877 1161 905 1212 ὁ
935 1159 1096 1226 Υἱός;
1154 1159 1316 1214 Ἀλλά
1357 1161 1533 1215 ταῦτα
1563 1162 1753 1232 ἑτέρου
1789 1162 1983 1232 καιροῦ

405 1247 606 1315 μᾶλλον
653 1251 747 1302 καὶ
779 1250 1091 1314 ὑποθέσεως
1128 1251 1315 1322 ἄλλης.
1360 1257 1454 1304 Δεῖ
1492 1253 1548 1305 δὲ
1578 1254 1742 1307 πάλιν
1775 1258 1854 1317 εἰς
1887 1255 1986 1325 τὴν

401 1341 499 1394 ἀπ’
533 1343 708 1413 ἀρχῆς
759 1343 995 1414 ἀπορίαν
1027 1345 1364 1410 ἐπανελθεῖν,
1423 1345 1540 1409 πῶς
1577 1349 1605 1398 6
1643 1348 1739 1415 μὲν
1794 1348 1986 1419 Πατὴρ

400 1434 487 1486 διὰ
529 1433 625 1487 τοῦ
659 1435 789 1487 Υίοῦ
835 1435 1181 1506 δημιουργεῖ,
1221 1439 1251 1491 6
1294 1437 1350 1490 δὲ
1382 1438 1508 1501 Υἱὸς
1555 1440 1736 1492 οὐκέτι
1773 1440 1861 1493 διὰ
1890 1440 1986 1492 τοῦ

402 1528 638 1597 Πατρός.
679 1529 741 1580 Ἦ
773 1529 882 1598 γὰρ
928 1530 1192 1600 εἰρημένη
1222 1529 1378 1594 λύσις
1400 1529 1556 1582 έλυσε
1591 1531 1690 1600 μὲν
1721 1531 1988 1600 λαμπρῶς

402 1621 462 1673 τὸ
496 1621 658 1691 μέρος
692 1621 792 1690 τῆς
817 1622 1074 1693 ἀπορίας,
1103 1624 1346 1677 ἐπέτεινε
1384 1624 1440 1677 δὲ
1471 1624 1672 1694 μᾶλλον
1695 1624 1755 1677 τὸ
1781 1624 1984 1680 λοιπόν.

402 1713 548 1782 Πλὴν
597 1713 828 1784 ἐπείπερ
856 1716 1080 1783 ἄμεινον
1126 1718 1200 1788 μὴ
1238 1717 1399 1786 μόνον
1429 1719 1548 1778 ταῖς
1578 1717 1821 1786 εὐλόγοις
1881 1720 1986 1770 ἐπ-

2089 543 2196 598 que
2227 537 2394 597 caput
2437 540 2521 584 est
2550 529 2800 584 creandte
2833 544 2901 584 ex
2933 531 3108 587 nihilo
3138 544 3349 590 natura:
3379 535 3491 588 vim
3522 551 3677 590 suam

2089 618 2464 687 impendisse,
2516 617 2877 674 nihilominus
2926 619 3145 677 Christo
3199 622 3416 694 Deoqne
3480 624 3677 679 infensi

2087 708 2380 763 Manichaii
2411 709 2656 779 itemque
2688 708 2930 765 Marcion
2961 727 3070 766 non
3100 724 3429 770 venerentur
3457 716 3676 785 quomi-

2089 815 2194 856 nus
2239 800 2398 855 alteri
2449 800 2723 870 principio
2777 801 3137 871 Evangelium
3186 807 3468 873 tribualnt,
3522 806 3679 860 alteri

2087 902 2273 946 autem
2317 892 2598 948 contrario
2631 891 2905 947 Mosaicas
2950 893 3358 964 institutiones;
3409 897 3463 951 in
3507 913 3682 967 quan-

2087 991 2203 1040 tum
2250 984 2486 1054 denique
2537 984 2891 1053 blasphemiae
2931 1000 3218 1041 excessum
3270 988 3568 1053 venissent,
3625 987 3673 1042 si
3756 995 3759 997 '

2087 1085 2332 1130 veterum
2357 1076 2579 1144 quidem
2607 1075 3017 1144 Scripturarum
3047 1093 3296 1133 seorsum
3326 1091 3518 1132 auctor
3541 1093 3680 1148 prae-

2087 1162 2366 1218 dicaretur
2390 1161 2573 1226 Pater,
2609 1163 2799 1233 gratiae
2835 1178 3030 1218 rursus
3062 1179 3312 1219 seorsum
3334 1165 3505 1220 Filius
3531 1183 3544 1229 ;
3573 1165 3678 1218 Scd

2087 1254 2233 1308 enim
2278 1255 2394 1308 haec
2443 1255 2586 1308 alius
2628 1256 2895 1324 temporis
2938 1257 3254 1326 diversique
3291 1257 3474 1326 potius
3516 1273 3680 1326 argu-

2089 1346 2258 1401 menti
2313 1357 2460 1402 sunt.
2513 1346 2916 1404 Revertendum
2981 1351 3149 1420 igitur
3212 1350 3278 1404 ad
3336 1352 3677 1420 propositam

2089 1441 2250 1495 initio
2300 1441 2746 1508 dubitationem,
2797 1444 3080 1512 quomodo
3131 1444 3293 1498 Pater
3343 1459 3438 1512 per
3481 1441 3678 1496 Filium

2091 1541 2278 1598 creet;
2330 1531 2504 1586 Filius
2549 1542 2731 1587 autem
2778 1549 3126 1604 nequaquam
3158 1550 3252 1603 per
3282 1534 3523 1589 Patrem.
3550 1533 3674 1588 Jam

2092 1622 2362 1678 hactenus
2399 1625 2610 1693 prolata
2641 1625 2842 1680 solutio
2872 1626 3036 1682 sicuti
3071 1627 3222 1680 dubii
3259 1638 3465 1696 partem
3499 1627 3682 1696 splen-

2091 1716 2216 1770 dide
2241 1715 2500 1779 illustrat,
2533 1717 2606 1770 ita
2633 1717 2804 1786 magis
2827 1716 3085 1772 obscurat
3113 1718 3368 1772 alteram.
3407 1718 3512 1773 Sed
3531 1717 3679 1772 enim

400 1803 704 1871 ερείδεσθαι
726 1803 1002 1875 θεωρίαις,
1036 1808 1284 1862 ἀλλὰκαὶ
1312 1811 1377 1880 τῇ
1408 1808 1519 1861 τῶν
1549 1809 1762 1878 Λογίων
1795 1813 1984 1880 χρήσει

2093 1813 2350 1875 praestat,
2406 1820 2513 1859 non
2575 1806 2952 1875 probabilibus
2997 1807 3379 1862 tantummodo
3427 1807 3524 1861 niti
3561 1823 3681 1863 ser-

402 1897 496 1948 καὶ
533 1895 862 1968 διδασκαλίᾳ
906 1899 1408 1969 κατασφαλίζεσθαι
1441 1903 1667 1967 ταύτας.
1703 1903 1990 1973 Χρησμοῐς

399 1988 506 2058 γὰρ
554 1987 643 2040 τοῦ
681 1990 951 2059 παναγίου
999 1992 1317 2063 Πνεῦματος
1343 1995 1414 2046 τά
1444 1994 1690 2066 ἡμέτερα
1730 1995 1989 2066 περιεχό-

402 2096 562 2147 μενα,
613 2081 736 2134 ὅσον
798 2085 1281 2154 προσλαμϐάνουσι
1333 2086 1393 2140 τὸ
1455 2087 1692 2159 κράτος,
1731 2086 1988 2143 τοσοῦτον

398 2173 555 2242 νικᾷν
587 2175 882 2242 ἀνάγονται
915 2177 1008 2228 τὸν
1054 2176 1265 2246 μῶμον.

909 2268 1250 2322 ΕΡΩΤΗΣΙΣ
1287 2271 1461 2324 ΡΠΘ¹.

396 2355 500 2431 Διᾲ
547 2360 622 2431 τί,
663 2359 906 2431 Πνεῦμα
949 2362 1067 2428 μὲν
1111 2363 1340 2431 Πατρός
1390 2365 1489 2415 καὶ
1554 2362 1797 2431 Πνεῦμα
1847 2363 1984 2417 Υῑοῦ

467 2427 1177 2502 ἱερρᾷργρῦμβνέρύκέτι
1232 2427 1304 2484 δὲ
1350 2435 1580 2499 Πατέρα
1636 2427 1984 2502 Πνῖεύματος

465 2497 610 2550 οὐδέ
639 2499 773 2551 Flor
797 2499 1194 2554 ἀποδίδοσθαι
1224 2497 1809 2573 συνομολογοῦμενιή

2092 1899 2273 1952 monis
2302 1898 2664 1968 argumentis,
2693 1913 2882 1952 verum
2917 1899 3081 1953 etiam
3121 1900 3535 1977 Scripturarnm
3575 1917 3676 1955 usu

2089 2006 2156 2045 ac
2185 1991 2504 2062 magisterio
2543 2007 2654 2045 rem
2691 1991 3043 2046 conﬁrmare.
3076 1990 3264 2047 Nostri
3311 1993 3458 2046 enim
3501 1995 3676 2047 sancti

2087 2081 2332 2152 Spiritus
2362 2083 2607 2138 oraculis
2641 2083 2777 2137 freta
2809 2093 3135 2154 argumenta
3157 2123 3171 2148 ,
3207 2094 3418 2153 quanto
3449 2084 3677 2139 fortiora

2085 2177 2348 2237 evadunt,
2390 2185 2542 2230 tanto
2579 2177 2871 2231 calumniae
2895 2177 3182 2246 superiora
3217 2177 3374 2230 ﬁunt.

2092 2266 2419 2333 QUIESTIO
2439 2267 2768 2323 CLXXXIX.
2789 2267 2978 2339 [CoisL
3005 2267 3279 2332 CCXVIII,
3304 2267 3466 2321 Taur.
3495 2266 3676 2340 CCX.]

2093 2360 2204 2416 Cur
2234 2361 2493 2430 Spiritum
2520 2361 2705 2414 Patris
2725 2370 2772 2414 et
2806 2359 3068 2428 Spiritum
3100 2357 3232 2430 Filii
3257 2360 3547 2430 theologica
3577 2377 3680 2413 scr-

2163 2428 2315 2486 morie
2375 2433 2654 2490 dicamus;
2713 2447 2878 2497 neque
2930 2439 3105 2482 tamen
3161 2428 3376 2483 Patrem
3447 2428 3678 2500 Spiritus

2166 2519 2328 2574 neque
2356 2502 2583 2568 Filium,
2619 2517 2869 2555 conversa
2899 2501 3027 2566 vice,
3059 2500 3323 2570 fateamur
3343 2503 3369 2555 .9

1646 2619 1787 2668 Edita
1812 2633 1839 2668 a
1867 2619 1993 2668 Maio
2015 2621 2070 2685 (1.
2095 2632 2139 2670 c.
2167 2618 2275 2678 185,
2301 2618 2432 2680 184).

477 2701 910 2774 Ἱίοὺπεράρχιος
934 2704 1028 2758 καὶ
1058 2704 1324 2774 ὑπέρθεος
1359 2703 1466 2757 τῶν
1495 2704 1803 2777 θεαρχικῶν
1851 2708 1969 2760 ὑπο-

398 2798 643 2850 στάσεων
699 2797 890 2868 θεότης
921 2798 990 2852 τὰ
1025 2798 1254 2850 πλεῖστα
1306 2797 1404 2866 μὲν
1438 2795 1628 2866 ὥσπερ
1655 2795 1734 2867 τῷ
1779 2798 1986 2850 ἀκατα-

394 2888 611 2960 λήπτῳ,
634 2887 778 2941 οὕτω
809 2889 875 2959 δὴ
904 2889 999 2942 καὶ
1028 2888 1105 2958 τῷ
1129 2887 1423 2957 ἀφθέγκτῳ
1455 2886 1892 2957 περιστέλλεται,
1923 2887 1984 2939 οὐ

394 2983 460 3050 τῇ
486 2979 628 3033 κατά
661 2982 758 3048 τὴν
784 2979 948 3049 φύσιν
977 2980 1136 3048 μόνον
1165 2979 1388 3049 θεωρίᾳ,
1418 2977 1555 3032 ἀλλά
1592 2995 1658 3047 γε
1692 2978 1758 3050 δὴ
1792 2979 1888 3032 καὶ
1920 2981 1984 3050 τῇ

393 3072 730 3141 ἀνεπινοήτῳ
750 3071 857 3122 τῶν
876 3070 1182 3139 ἰδιωμάτων
1201 3070 1302 3121 ὑπε
1311 3069 1462 3141 ριδρυ
1471 3069 1608 3140 μένῃ
1639 3069 1982 3140 κρυφιότητι”

2161 2704 2370 2759 Eximia
2399 2715 2454 2759 et
2489 2703 2739 2759 eminens
2769 2719 3158 2774 supremarum
3207 2711 3569 2772 personarum
3603 2701 3682 2754 di-

2082 2795 2285 2850 vinitas
2320 2795 2556 2863 plurima
2584 2793 2779 2858 habet,
2813 2809 2936 2862 quae
2979 2809 3158 2863 neque
3191 2794 3466 2846 intellectu
3505 2807 3683 2861 neque

2083 2899 2338 2940 sermone
2385 2883 2774 2954 comprehendi
2831 2891 3082 2953 queunt;
3133 2898 3245 2937 non
3309 2883 3484 2938 solum
3535 2882 3682 2952 quod

2084 2978 2281 3030 attinet
2331 2977 2400 3030 ad
2449 2985 2666 3031 natura;
2709 2975 2831 3045 ejus
2875 2976 3437 3046 contemplationem,
3493 2990 3681 3031 verum

2082 3069 2247 3123 etiam
2301 3077 2526 3138 propter
2576 3068 3188 3137 incomprehensibilem
3236 3069 3684 3139 reconditamque

396 3162 490 3212 καὶ
509 3159 687 3230 πολλῷ
702 3159 766 3230 δὴ
791 3159 992 3228 μᾶλλον
1023 3157 1442 3227 αἰτιολογεῖσθαι
1459 3159 1712 3228 γηγενῶν
1739 3159 1982 3222 διανοίας

2087 3160 2485 3228 proprietatum
2536 3159 2929 3214 obscuritatem
2967 3178 2981 3216 :
3019 3161 3194 3214 multo
3245 3176 3374 3215 vero
3426 3161 3685 3230 impossi-

392 3250 786 3322 ἀνακεχωρηκε
817 3267 828 3280 ·
860 3251 998 3321 πλὴν
1028 3250 1176 3304 ἐστιν
1206 3251 1604 3320 φιλανθρώπως
1637 3251 1735 3321 τῆς
1767 3251 1979 3304 ἐκεῖθεν

2089 3249 2256 3304 bilius
2305 3259 2433 3316 est,
2477 3257 2538 3303 ut
2581 3251 2901 3304 earumdem
2948 3264 3146 3304 causas
3194 3265 3349 3304 mens
3405 3252 3684 3305 terrestris

333 3379 354 3397 .
394 3345 586 3415 αἴγλης
609 3347 739 3414 ἡμῖν
756 3343 854 3405 τὰς
878 3345 1105 3406 ἀκτῖνας
1129 3343 1637 3414 έναστραπτούσης,
1677 3343 1754 3405 ὡς
1791 3343 1882 3396 διὰ
1908 3360 1989 3396 τι-

393 3453 484 3500 νος
513 3436 799 3506 ἐσόπτρου,
837 3435 938 3504 τῆς
963 3435 1292 3506 εἰλικρινοῦς
1316 3435 1474 3505 ἡμῶν
1497 3437 1736 3504 ἐφέσεως
1768 3436 1860 3488 καὶ
1889 3435 1986 3505 τῆς

393 3529 452 3580 ἐν
480 3531 547 3597 τῇ
599 3527 781 3581 πίστει
822 3527 1104 3595 διαυγείας
1137 3529 1233 3598 τὴν
1281 3529 1576 3596 ἐπίγνωσιν
1612 3527 1984 3598 φωτιζόμεθα.

395 3620 468 3672 Τὸ
491 3620 598 3690 γὰρ
622 3620 902 3683 παντελῶς
921 3619 1258 3691 ἀθεώρητον,
1293 3622 1386 3674 καὶ
1406 3619 1724 3689 ἀνέραστον,
1749 3619 1842 3672 καὶ
1863 3619 1986 3672 οὐδὲ

396 3712 669 3783 σπινθῆρα
695 3711 1024 3767 καταϐαλεῖν
1054 3713 1242 3778 πόσου,
1271 3713 1366 3766 καὶ
1389 3713 1468 3776 εἰς
1500 3712 1678 3783 φλόγα
1709 3713 1800 3764 τὸν
1823 3710 1986 3766 πόθον

394 3803 617 3874 ἀνάψαι,
649 3804 744 3858 καὶ
779 3805 913 3875 πρὸς
934 3804 1098 3857 ἑαυτὸ
1127 3803 1529 3872 ὲφελκύσασθαι
1561 3804 1820 3873 οὐδεμίαν
1841 3821 1987 3874 παρ-

394 3897 514 3964 έχον
557 3894 996 3965 ἐπιτηδειότητα.
1041 3895 1275 3947 Σπάνιον
1305 3895 1362 3946 δὲ
1389 3895 1490 3964 τῆς
1521 3893 1731 3949 ἄνωθεν
1763 3894 1986 3948 κατιού-

396 4004 498 4056 σης
526 3988 837 4052 ἐπιπνοίας,
862 3988 956 4041 καὶ
984 3987 1082 4058 τὴν
1115 3985 1457 4058 ὑψηλοτέραν
1491 3985 1726 4056 μάθησιν
1748 4002 1985 4057 παρεχο-

397 4079 568 4148 μένης
605 4079 665 4132 τὸ
718 4079 931 4150 χρῆμα,
969 4081 1065 4132 καὶ
1100 4078 1358 4148 δεόμενον
1402 4076 1820 4147 κεκαθαρμένης
1865 4078 1983 4131 δια-

392 4169 564 4235 νοίας,
583 4170 792 4241 καὶτῆς
814 4170 920 4224 τῶν
940 4169 1150 4223 πολλῶν
1180 4169 1604 4239 ἀνακεχωρηκὸς
1636 4168 1978 4238 ὑπολήψεως.

391 4256 539 4312 ’Ὀσα
569 4259 625 4313 δὲ
642 4258 880 4328 καθορᾷν
903 4260 1034 4328 ἡμῖν
1060 4257 1168 4311 τῶν
1185 4257 1392 4311 ἄνωθεν
1429 4256 1724 4327 προϊόντων
1741 4256 1801 4308 τὺ
1822 4256 1984 4310 ἀσθε-

389 4350 479 4414 νὲς
505 4351 604 4420 τῆς
625 4349 841 4419 φύσεως
869 4351 972 4404 οὐκ
999 4349 1296 4417 ἐνδίδωσιν,
1321 4351 1385 4403 ὲκ
1413 4349 1522 4401 τῶν
1557 4348 1678 4402 καθ’
1705 4349 1855 4419 ἡμᾶς
1887 4345 1986 4401 καὶ

392 4443 641 4514 συνήθων
678 4442 978 4510 ἀνάγεσθαι
1016 4441 1153 4513 πρὸς
1203 4441 1302 4513 τὴν
1352 4442 1492 4512 ὑπὲρ
1551 4439 1760 4494 ἔννοιαν
1811 4438 1986 4509 αὐτῆς

2089 3341 2365 3409 explicare
2403 3349 2590 3411 queat.
2625 3339 3015 3396 Verumtamen
3050 3341 3362 3412 splendoris
3402 3343 3551 3396 illius
3593 3358 3684 3397 ra-

2087 3435 2196 3490 diis
2235 3433 2304 3488 ad
2345 3449 2446 3489 nos
2475 3435 2770 3489 clementer
2810 3433 2936 3488 inde
2980 3434 3369 3500 manantibus,
3421 3445 3680 3504 tanquam

2086 3525 2350 3594 speculo,
2407 3539 2542 3593 pura
2575 3533 2764 3578 nostra
2797 3523 3099 3591 cupiditate
3147 3523 3382 3594 ﬁdeique
3439 3523 3682 3578 illustra-

2089 3614 2272 3676 tione,
2325 3613 2575 3666 notitiam
2630 3613 3030 3667 nanciscimur.
3073 3611 3206 3667 Nam
3238 3614 3384 3683 quod
3426 3624 3510 3668 est
3542 3630 3682 3684 qua-

2087 3719 2392 3775 quaversus
2450 3704 3038 3772 incomprehensibile,
3087 3705 3138 3759 id
3172 3721 3240 3759 ne
3295 3705 3530 3759 amabile
3556 3706 3683 3775 qui-

2086 3795 2212 3851 dem
2264 3805 2380 3862 est,
2426 3811 2604 3866 neque
2653 3810 2780 3866 erga
2829 3797 2881 3850 id
2917 3797 3120 3853 amoris
3168 3797 3464 3852 scintillam
3513 3799 3679 3852 ullam

2086 3891 2378 3960 concipere
2415 3904 2714 3959 possumus
2746 3905 2763 3946 :
2794 3889 2996 3959 quippe
3019 3893 3167 3958 quod
3207 3905 3385 3959 neque
3412 3889 3681 3959 igniculos

2086 3982 2405 4053 cupiditatis
2453 3981 2693 4047 emittit,
2752 3996 2952 4050 neque.
2978 3982 3084 4037 sibi
3136 3981 3380 4051 cujusvis
3431 3981 3678 4036 animum

2085 4074 2417 4131 conciliandi
2468 4075 2578 4128 vim
2629 4075 2812 4130 habet.
2853 4074 2950 4129 Est
2989 4084 3170 4128 tamen
3219 4075 3337 4130 haec
3384 4091 3475 4130 res
3524 4076 3682 4130 valde

2086 4167 2269 4239 indiga
2308 4180 2546 4235 superne
2585 4164 2771 4220 ﬁantis
2801 4165 3206 4234 inspirationis,
3241 4181 3363 4235 quae
3395 4167 3681 4221 sublimio-

2086 4275 2204 4315 rem
2253 4258 2564 4315 doctrinam
2619 4259 2828 4318 tradat:
2875 4259 3224 4328 postulatth
3280 4273 3472 4328 puram
3525 4273 3680 4312 men-

2087 4361 2222 4418 tem,
2257 4359 2422 4422 atque
2459 4366 2489 4405 a
2521 4350 2667 4420 vulgi
2698 4350 3060 4420 intelligentia
3082 4351 3367 4406 abhorret.
3402 4349 3524 4405 Jam
3546 4366 3680 4405 vero

2087 4456 2208 4512 quae
2233 4439 2479 4495 coelestia
2510 4439 2669 4495 nobis
2707 4440 2957 4495 contueri
3005 4449 3214 4495 natura
3246 4441 3534 4496 inﬁrmitas
3565 4456 3675 4494 non

391 4535 657 4604 θεωρίαν,
719 4536 877 4606 χάριν
937 4537 1069 4606 ἡμῖν
1146 4536 1451 4605 παρασχεῖν
1504 4535 1538 4604 ἡ
1599 4533 1983 4604 φιλάνθρωπος

2090 4533 2363 4600 concedit,
2392 4547 2456 4587 ea
2492 4539 2552 4588 ut.
2589 4548 2690 4602 per
2714 4532 3018 4587 familiares
3049 4533 3210 4588 nobis
3241 4548 3325 4588 res
3355 4534 3425 4588 ad
3459 4533 3677 4587 abstru-

391 4625 674 4695 ἀγαθότης
709 4624 1040 4696 κατηξίωσε,
1066 4625 1132 4678 δι’
1162 4625 1346 4680 αὐτῶν
1377 4626 1526 4695 ἡμᾶς
1563 4622 1984 4696 χειραγωγοῦσα

390 4720 486 4773 καὶ
520 4718 797 4788 ἀνάγουσα
844 4720 923 4782 εἰς
972 4719 1073 4790 τὴν
1122 4719 1252 4788 περὶ
1286 4718 1501 4790 Πατρὸς
1569 4719 1662 4772 καὶ
1704 4717 1834 4771 Υίοῦ
1886 4718 1984 4771 καὶ

391 4809 532 4864 Πνεύ
542 4827 711 4881 ματος
733 4811 1010 4881 θεοπρεπῆ
1033 4810 1336 4880 φαντασίαν
1355 4826 1369 4838 °
1407 4810 1503 4863 καὶ
1535 4810 1626 4864 τὸν
1659 4811 1816 4881 ἡμῶν
1839 4811 1980 4864 θεῖον

390 4904 570 4976 ἔρωτα
602 4905 670 4958 δι’
697 4903 987 4972 ἀναλογίας
1012 4900 1417 4972 ψυχαγωγοῦσιν.
1451 4903 1544 4956 καὶ
1585 4901 1979 4974 ἀναπληροῦσα

389 4997 527 5067 πρὸς
553 4997 756 5065 γνῶσιν
785 4997 890 5050 ὑπὸ
920 4995 1019 5062 τῆς
1049 4993 1346 5056 παντελοῦς
1385 4993 1661 5062 ἀγνωσίας
1710 5011 1980 5064 στενοχω-

392 5087 658 5158 ρούμενον
681 5105 693 5117 ·
723 5089 810 5142 διὰ
844 5087 1018 5142 ταῦτα
1046 5085 1339 5158 τοιγαροῦν
1377 5087 1472 5140 καὶ
1508 5085 1735 5157 Πνεῦμα
1769 5087 1866 5157 μὲν
1886 5087 1978 5139 τοῦ

2087 4627 2291 4682 siorem
2345 4627 2866 4695 contemplationem
2921 4627 3063 4696 rapti
3113 4627 3482 4696 intelligamus
3532 4640 3674 4695 quo-

2086 4718 2414 4783 dammodo,
2457 4719 2700 4774 clemens
2731 4717 2825 4772 Dei
2858 4717 3075 4772 bonitas
3110 4717 3377 4787 largitur;
3413 4725 3576 4786 atque
3608 4717 3675 4770 ad

2084 4809 2264 4866 Patris
2309 4819 2363 4865 et
2407 4808 2530 4864 Filii
2587 4821 2641 4865 et
2688 4809 2925 4879 Spiritus
2961 4811 3136 4864 sancti
3169 4825 3275 4863 non
3309 4809 3671 4877 incongruam

2084 4902 2433 4970 phantasiam
2464 4901 2755 4967 subvehit;
2787 4914 3036 4955 nostrum
3070 4900 3308 4968 denique
3335 4915 3462 4969 erga
3506 4899 3674 4954 Deum

2083 5008 2326 5046 amorem
2359 4993 2612 5063 analogia
2647 4995 2886 5062 quadam
2915 4993 3064 5048 fovet
3095 5011 3160 5048 ac
3181 4996 3364 5060 satiat,
3394 4996 3487 5064 qui
3519 5005 3678 5050 caete-

2080 5084 2240 5154 roqui
2280 5083 2512 5139 inscitia:
2534 5086 2805 5155 angustiis
2830 5086 3073 5154 undique
3093 5096 3426 5141 coarctatur.
3458 5085 3668 5141 Idcirco

390 5181 602 5251 ΙΙατρὸς
627 5182 722 5235 καὶ
757 5180 851 5233 τοῦ
883 5178 1014 5231 Υἰοῦ
1033 5178 1093 5230 τὸ
1123 5178 1387 5246 πανάγιον
1417 5178 1645 5248 Πνεῦμα
1670 5178 1846 5244 λέγειν
1879 5178 1981 5231 οὐκ

2087 5175 2246 5244 igitur
2277 5190 2348 5230 ne
2381 5176 2559 5230 Patris
2607 5179 2828 5247 quidem
2857 5187 2912 5231 et
2947 5176 3069 5232 Filii
3113 5189 3362 5232 sanctum
3401 5178 3666 5248 Spiritum
3703 5183 3718 5193 '

389 5272 810 5343 ἐπιδιστάζομεν
837 5289 851 5302 ο
895 5269 1083 5340 ἐπειδὴ
1140 5271 1244 5322 κάν
1280 5273 1392 5334 τοῖς
1448 5271 1572 5325 καθ’
1620 5272 1769 5341 ἡμᾶς
1801 5272 1894 5324 τόν
1921 5286 1978 5324 τε

2087 5270 2262 5324 dicere
2308 5269 2653 5325 dubitamus.
2703 5270 2956 5340 Namque
3011 5271 3065 5324 in
3132 5272 3389 5326 humanis
3453 5287 3674 5341 quoque

392 5364 612 5432 Πατέρα
644 5366 737 5417 καὶ
767 5364 859 5418 τὸν
887 5363 1016 5415 Υίὸν
1043 5402 1058 5429 ,
1097 5361 1327 5432 Πνεῦμά
1355 5378 1414 5414 τε
1447 5361 1594 5432 ἔχειν
1623 5362 1839 5433 ὁρῶμεν
1882 5364 1977 5415 καὶ

2087 5363 2242 5417 rebus
2278 5371 2390 5416 tum
2433 5362 2584 5417 Patri
2619 5373 2734 5417 tum
2772 5363 2912 5417 Filio
2946 5363 3210 5433 Spiritum
3252 5364 3433 5419 inesse
3463 5371 3517 5417 et
3545 5379 3669 5419 cer-

1921 5541 2153 5599 NOTAE.

464 5633 791 5705 (75)7Photii
817 5637 1225 5705 amplnmopus
1252 5645 1442 5690 contra
1480 5636 1813 5692 Manichaeos
1857 5637 1977 5691 edi-

395 5716 506 5776 tum
534 5723 560 5755 a
593 5704 1616 5776 MontfauconioWolﬁoquelegimus.
1663 5706 1779 5760 I’id.
1817 5710 1976 5775 hujus

396 5771 602 5828 Putrol.
639 5783 678 5828 t.
709 5775 793 5830 Cll
814 5817 827 5843 ,
857 5778 960 5832 col.
995 5775 1027 5828 9
1053 5790 1166 5843 seq.
1207 5771 1278 5829 De
1310 5771 1581 5831 Marciane
1613 5771 1977 5849 Hieronymus

2085 5653 2153 5723 ep
2195 5637 2467 5723 1251.23:
2509 5638 2639 5723 Παίς
2661 5637 2890 5720 dicimus
2925 5653 3030 5723 .non
3069 5649 3374 5723 separontcs
3414 5635 3576 5723 legem
3601 5644 3669 5723 et

2087 5707 2456 5779 Evangelium,
2492 5720 2549 5762 ut
2588 5709 2824 5761 Marcion
2851 5709 3242 5779 calumniatur,
3274 5711 3365 5762 sed
3396 5721 3556 5760 unum
3583 5713 3670 5755 at-

2085 5796 2184 5848 que
2207 5778 2450 5834 eumdem
2483 5780 2824 5850 suscipientes
2849 5778 3040 5843 Deum,
3078 5788 3178 5832 etc.
