4110 6466
459 324 567 389 915

1624 322 1892 384 PHOTII
1929 322 2439 385 PATRIARCHJE
2470 324 2578 384 CP.

3639 321 3747 387 916

460 436 642 488 nimus
681 441 736 488 et
782 430 1030 488 confiteri
1071 431 1357 487 solemus:
1404 429 1550 502 quod
1593 441 1776 486 autem
1820 432 2046 501 Spiritui

2154 433 2538 504 συνομολογεῖν
2588 430 2930 504 ἐπιστάμεθα
2962 449 2977 465 ·
3013 433 3074 488 τὸ
3107 434 3291 506 μέντοι
3330 434 3590 506 Πνεῦμα,
3623 436 3753 491 Υίὺν

457 527 634 584 Filius
665 528 740 584 sit
773 525 856 581 vel
887 525 1072 590 Pater,
1107 526 1158 580 id
1186 541 1363 595 neque
1393 526 1576 582 dicere
1602 527 1840 596 patimur
1872 542 2048 595 neque

2154 525 2181 596 ἢ
2209 526 2442 598 ⁵Πατέρα
2474 526 2640 596 ἔχειν,
2675 524 2801 580 οὔτε
2850 527 3031 595 λέγειν
3064 528 3393 599 ἀνεχόμεθα,
3425 529 3551 583 οὔτε
3601 530 3749 599 λεγι-

459 632 641 676 mente
687 620 1042 691 percipimus.
1075 617 1179 673 Sed
1213 629 1393 673 tamen
1445 633 1653 683 rermn,
1707 634 1829 686 quae
1880 628 2049 674 certae

2154 619 2311 687 σμοῖς
2342 617 2793 688 παραδεχόμεθα·
2825 618 2892 671 ἐκ
2914 618 2977 689 δὴ
3006 619 3108 689 τῆς
3135 620 3244 673 τῶν
3281 622 3407 675 καθ’
3434 622 3585 691 ἡμᾶς
3614 622 3749 693 όμο-

457 714 599 782 apud
629 728 731 767 nos
774 722 926 773 sunt,
966 712 1217 784 analogia
1264 712 1331 765 ad
1364 710 1668 781 theologice
1710 711 2046 780 loquendum

2154 710 2495 781 λογουμένων
2521 712 2840 781 ἀναλογίας,
2870 713 2951 777 εἰς
2976 714 3077 783 τὴν
3096 714 3236 785 ὑπὲρ
3268 716 3415 786 ἡμᾶς
3446 713 3755 785 ἱερολογίαν

458 808 527 862 de
561 806 927 862 ineﬂ‘abilibus
962 816 1126 877 atque
1158 805 1529 861 eminentibus
1559 805 1762 859 divinis
1794 804 2047 874 personis

2154 802 2259 856 τῶν
2284 803 2631 874 ὑπερουσίων
2656 810 2721 858 τε
2740 806 2837 859 καὶ¹
2868 806 3153 878 ὑπερθέων
3180 806 3487 879 θεαρχικῶν
3518 808 3758 861 ὑποστά-
3835 795 3838 797 λ

458 898 628 963 ducti,
664 914 770 953 non
799 898 1076 953 immerito
1110 898 1374 968 Spiritum
1411 897 1589 954 Patris
1619 896 1832 967 Fliique
1863 897 2047 953 dicere

459 989 763 1056 discimus;
795 989 1011 1044 Patrem
1053 1005 1181 1045 vero
1204 990 1288 1044 vel
1335 988 1531 1043 Filium
1581 987 1856 1059 Spiritus,
1904 986 2050 1042 haud

455 1079 571 1150 jam
603 1095 906 1150 agnoscere
928 1082 1291 1135 sustinemus.

529 1194 858 1261 QUJESTIO
912 1196 1046 1252 CXC
1097 1197 1286 1270 [CoisL
1328 1194 1561 1262 CCXIX,
1596 1195 1758 1249 Taur.
1799 1192 1982 1266 CCX].

460 1311 695 1365 Curnam
754 1330 872 1367 rum
924 1313 1176 1377 Pater,ct
1217 1312 1394 1367 Filius
1451 1322 1500 1367 et
1545 1322 1759 1365 sanctus
1819 1310 2055 1378 Spiritus

530 1383 1010 1438 consubstantiales
1036 1401 1292 1453 paresque
1338 1386 1404 1448 vi,
1440 1384 1713 1437 voluntate
1735 1392 1782 1435 et
1821 1382 2057 1453 potentia

530 1454 671 1576 sibnt,
723 1465 895 1508 tamen
939 1457 993 1508 in
1036 1450 1367 1509 numerando
1408 1457 1638 1525 primunt
1689 1453 1864 1506 locum
1894 1450 2059 1505 Pater

532 1542 562 1576 0
602 1527 812 1576 liueat?

532 1536 799 1582 ootmeati

2152 910 2291 947 σεων
2313 895 2667 967 ἀναγόμενοι,
2685 898 2914 963 εἰκότως
2933 899 3158 971 Πνεῦμα
3181 900 3277 970 μὲν
3291 900 3504 971 Πατρὸς
3515 899 3609 953 καὶ
3621 899 3755 953 Υἱοῦ

2160 984 2341 1055 λέγειν
2392 987 2793 1059 διδασκόμεθα·
2851 992 3071 1061 Πατέρα
3118 992 3177 1045 δὲ
3229 993 3615 1065 Πνεῦματοςῆ
3663 996 3757 1048 τὸν

2156 1078 2283 1133 Υἰὸν
2304 1120 2318 1146 ,
2359 1080 2543 1134 οὑκέτι
2582 1083 2775 1152 μαθεῖν
2806 1085 3171 1154 ὑφιστάμεθα.

2710 1198 3047 1251 crurum
3085 1198 3205 1266 PL].

2160 1308 2221 1363 Τί
2252 1310 2481 1375 δήποτε
2516 1311 2749 1380 Πατρός
2781 1313 2879 1366 καὶ
2903 1315 3041 1367 Υιου
3074 1315 3172 1368 καὶ
3201 1313 3375 1380 ἁγίου
3406 1314 3756 1383 Πνεύματος

2229 1384 2574 1454 ὀμοορσίων
2605 1400 2669 1436 τε
2712 1383 2808 1436 καὶ
2856 1383 3168 1454 ὁμοταγῶν
3200 1384 3363 1441 κατά
3394 1402 3459 1452 γε
3493 1384 3754 1454 δύναμιν

2229 1452 2329 1504 καὶ
2358 1452 2611 1519 ,ϐουλὴν
2642 1455 2741 1507 καὶ
2782 1452 3102 1524 κυριότητα
3146 1456 3507 1523 πεφυκότων
3529 1497 3541 1513 .
3573 1452 3655 1507 ἐν
3676 1455 3752 1524 τῇ

2230 1524 2673 1591 συναριθμήσει
2714 1523 2958 1593 πρώτην
2988 1524 3166 1590 τάξιν
3206 1529 3238 1580 ό
3271 1525 3477 1595 Πατὴρ
3516 1523 3749 1596 ἐπέχει,

1706 1670 1851 1722 Edita
1872 1684 1900 1719 a
1920 1664 2047 1718 Maio
2072 1665 2130 1731 (l.
2155 1680 2200 1716 c.
2229 1669 2338 1731 185,
2362 1669 2494 1731 195).

531 1795 585 1845 1.
624 1789 780 1844 Alius
807 1788 1037 1843 fortasse
1066 1786 1257 1843 nescio
1291 1786 1416 1856 quis
1457 1784 1817 1841 abstrusioris
1847 1779 2053 1836 theolo-

2236 1785 2307 1834 α’.
2352 1781 2546 1848 Ἄλλος
2593 1783 2695 1855 μὲν
2738 1780 2832 1840 οῦν
2866 1786 2933 1841 ἀν
2974 1804 3061 1851 τις
3099 1789 3232 1853 ίσως
3265 1788 3752 1863 θεολογικωτέραις

458 1882 560 1952 giae
587 1880 921 1951 cogitatibus
943 1878 1128 1944 nixus,
1158 1877 1367 1948 quique
1388 1876 1652 1932 virtutum
1682 1874 2052 1946 perfectarum

459 1972 672 2028 meritis
735 1971 804 2027 ad
871 1969 1226 2039 excipiendos
1292 1968 1533 2025 coalestis
1590 1966 1813 2021 luminis
1868 1963 2055 2019 radios

459 2065 727 2135 aptiorem
778 2079 837 2119 se
887 2062 1208 2126 reddiderit,
1251 2062 1320 2128 is,
1379 2062 1630 2131 inquam,
1692 2056 1893 2114 mentis
1941 2070 2056 2112 suae

458 2158 868 2227 perceptionem
909 2156 1236 2211 sublimiore
1274 2155 1489 2210 theoria
1525 2153 1847 2209 subvectam
1877 2148 2056 2219 expli-
2088 2151 2093 2155 ’

460 2248 607 2304 cabit
628 2290 642 2314 ,
677 2265 977 2319 rerumque
1010 2248 1380 2303 ineliabilium
1413 2261 1611 2303 causas
1629 2244 1874 2310 evolvet;
1908 2241 2054 2313 quod

459 2342 682 2411 quidem
718 2341 756 2396 ii
786 2356 1135 2412 nequaquam
1166 2340 1387 2411 aggredi
1425 2347 1688 2410 possunt,
1737 2336 1833 2407 qui
1874 2350 1932 2390 se
1956 2348 2057 2389 ne-

459 2435 734 2504 gotiorum
770 2434 1008 2489 colluvie
1039 2434 1284 2488 nondum
1321 2432 1740 2503 expediverunt.
1785 2428 1899 2498 Ego
1929 2440 2058 2480 vero

459 2523 554 2592 qui
583 2524 716 2578 nihil
746 2525 1026 2580 excelsum
1056 2524 1113 2579 in
1142 2540 1227 2579 me
1257 2523 1396 2587 scio,
1427 2536 1602 2592 neque
1632 2518 1813 2573 adhuc
1855 2515 1923 2571 ab
1953 2514 2058 2569 hac

458 2616 743 2671 communi
788 2618 1213 2672 conversatione
1261 2625 1499 2671 mentem
1544 2614 1811 2677 abstraxi,
1847 2610 1894 2667 si
1926 2606 2056 2703 quid

458 2713 641 2758 tamen
666 2705 1127 2774 cScripturarum
1151 2704 1507 2760 meditatione
1534 2713 1590 2759 et
1612 2703 1814 2769 studio,
1846 2701 2057 2757 caelesti

458 2798 680 2853 favente
728 2812 852 2867 ope,
885 2796 1184 2864 condidici,
1220 2813 1328 2851 non
1363 2796 1634 2867 gravabor
1659 2794 1804 2866 apud
1834 2809 1930 2850 eos
1962 2795 2058 2865 qui

458 2889 594 2944 mihi
628 2889 911 2944 communi
948 2889 1212 2960 religione
1238 2890 1467 2960 zeloque
1495 2888 1742 2958 ejusdem
1776 2886 2058 2957 conjuncti

459 2988 612 3047 sunt,
639 2996 851 3052 mquam
887 2981 1191 3053 symbolam
1249 2980 1303 3035 in
1362 2994 1711 3034 communem
1764 2977 2058 3032 utilitatem

459 3074 734 3130 conferre.
786 3073 928 3129 Sunt
981 3074 1149 3144 igitur
1200 3072 1525 3143 homogenei
1568 3070 1751 3135 Pater,
1786 3069 1958 3124 Filius
1999 3078 2056 3123 et

461 3164 719 3235 Spiritus,
751 3182 929 3236 neque
956 3165 1251 3220 voluntatis
1279 3174 1372 3219 aut
1399 3163 1614 3219 virtutis
1639 3172 1735 3218 aut
1764 3162 2052 3233 potestatis

457 3257 817 3312 differentiam
852 3258 1018 3311 ullam
1058 3257 1110 3310 in
1148 3257 1281 3327 ipsis
1313 3256 1498 3311 videre
1535 3266 1652 3321 est;
1685 3270 1863 3323 neque
1894 3254 2050 3309 deni-

457 3364 566 3418 que
590 3349 926 3421 reliquorum
962 3347 1281 3402 sublimium
1309 3356 1365 3402 et
1389 3347 1715 3402 eximiorum
1742 3346 2051 3410 nominum,

458 3442 660 3511 quibus
717 3439 931 3495 excelsa
978 3449 1033 3494 et
1060 3439 1310 3494 omnium
1347 3440 1566 3494 domina
1602 3439 1784 3494 divina
1816 3438 2053 3509 dignitas

457 3534 736 3588 titulatur.
791 3531 896 3587 Sed
936 3542 1120 3587 tamen
1167 3533 1331 3587 Pater
1361 3533 1445 3587 vis
1495 3532 1733 3587 causalis
1769 3539 1855 3588 est
1892 3548 1960 3587 ex
1995 3546 2056 3587 se

457 3624 855 3680 dimanantium
874 3663 890 3689 ,
938 3622 1105 3678 unius
1131 3622 1351 3692 quidem
1387 3636 1484 3691 per
1513 3620 1943 3691 generationem,
1974 3622 2055 3677 al—

459 3717 630 3771 terius
660 3730 755 3785 per
786 3714 1226 3783 processionem;
1258 3713 1351 3783 qui
1380 3728 1514 3769 sane
1541 3714 1608 3768 ad
1635 3728 1760 3768 eum
1792 3723 2052 3784 tauquam

458 3810 525 3865 ad
552 3809 766 3863 initium
799 3807 1150 3878 congenitum
1182 3807 1548 3877 potentiaeque
1570 3806 1780 3863 socium
1811 3805 2055 3861 referun-

458 3911 568 3958 tur.
597 3900 761 3970 Atqui
791 3900 906 3954 haec
935 3899 1050 3969 ipsa
1080 3900 1271 3953 relatio
1303 3900 1542 3968 perbelle
1572 3900 1812 3956 ostendit
1843 3914 2054 3970 praapo—

458 3999 708 4053 nendum.
743 4010 866 4051 esse
906 3995 1330 4064 procedentibus
1378 3995 1447 4049 ab
1493 3994 1612 4064 ipso
1642 3993 1855 4049 Patrem
1889 4012 1903 4051 :
1941 4010 2047 4048 non

456 4095 644 4141 tamen
704 4085 893 4139 eadem
944 4085 1287 4138 demonstrat
1336 4084 1764 4153 praeponendum
1821 4082 2049 4154 Spiritui

457 4181 677 4235 Filium.
714 4179 858 4248 Ergo
893 4178 1034 4233 ratio
1088 4178 1274 4233 notior
1317 4177 1585 4232 videbitur
1619 4180 1893 4233 sermonis
1929 4178 2050 4249 ejus

457 4278 551 4347 qui
583 4276 948 4331 sanctissima:
979 4273 1265 4329 Trinitatis
1294 4274 1733 4329 numerationem
1765 4290 1830 4329 eo
1856 4277 2049 4331 ordine

456 4369 664 4433 fecerit,
696 4385 861 4439 quem
903 4368 1242 4439 singularum
1284 4382 1647 4436 personarum
1678 4367 1872 4422 notitia
1900 4366 2049 4423 desi-

2155 1869 2521 1943 ἐποχούμενος
2570 1876 2826 1943 ἐννοίαις,
2860 1879 2955 1932 καὶ
3001 1879 3103 1950 τῆς
3152 1880 3363 1935 ἀνωθεν
3412 1882 3609 1954 αἴγλης
3651 1886 3753 1950 τάς

2154 1965 2384 2030 ἀκτῖνας
2409 1967 2771 2040 ὑποδέχεσθαι
2798 1972 2889 2026 διὰ
2907 1975 3007 2044 τῆς
3027 1973 3137 2027 τῶν
3160 1975 3376 2046 ἀρετῶν
3401 1977 3749 2048 τελειότητος

2156 2059 2597 2134 ἐπιτηδειότερον
2617 2064 2808 2118 ἐαυτὸν
2828 2066 3283 2137 παρασκευάσας,
3307 2068 3384 2132 είς
3408 2067 3751 2141 ὑψηλοτέραν

2156 2155 2538 2226 ἀνηνεγμένην
2559 2154 2799 2228 θεωρίαν
2824 2158 2926 2229 τὴν
2950 2157 3117 2213 αὑτοῦ
3144 2159 3453 2230 κατάληψιν
3478 2160 3747 2232 ἐπιδείξῃ·

2156 2247 2255 2301 καὶ
2288 2246 2446 2316 λόγον
2476 2247 2587 2302 τῶν
2625 2248 2997 2321 ἠπορημένων
3024 2249 3319 2318 ἀποδώσει,
3347 2252 3435 2321 ἐφ’
3468 2251 3529 2305 ὃν
3560 2253 3621 2306 οὑ
3648 2253 3744 2324 ῥᾴ-

2155 2339 2269 2393 διον
2317 2340 2633 2395 ἀναϐαίνειν
2665 2341 2816 2405 ὅσοις
2854 2337 2955 2414 τῆς
2997 2341 3106 2396 τῶν
3151 2342 3359 2413 γηΐνων
3394 2344 3749 2414 ἀναστροφῆς

2158 2428 2545 2501 ἀπαλλαγῆναι
2570 2429 2648 2502 μὴ
2674 2429 2921 2499 γέγονεν.
2959 2431 3114 2501 Ἐμοὶ
3138 2431 3195 2485 δὲ
3219 2431 3387 2502 μηδὲν
3413 2431 3524 2486 τῶν
3544 2432 3748 2504 ὑψηλο-

2156 2523 2334 2595 τέρων
2359 2523 2583 2595 ἐμαυτῷ
2611 2524 2898 2588 συνειδότι,
2919 2525 3134 2596 καὶτῆς
3157 2525 3298 2579 κατά
3327 2524 3426 2597 τὴν
3450 2527 3748 2599 παροικίαν

2158 2617 2385 2688 ἀγωγῆς
2433 2616 2588 2672 οὔπω
2632 2619 2745 2683 τοῖς
2791 2618 3074 2689 λογισμοῖς
3119 2619 3552 2688 μεταναστάντι,
3596 2618 3634 2674 ἀ
3680 2618 3746 2690 δὴ

2160 2710 2425 2780 πάρεστιν
2453 2708 2517 2764 ἐκ
2550 2727 2611 2764 τε
2638 2709 2743 2781 τῆς
2778 2709 2887 2763 τῶν
2920 2710 3132 2777 Δογίων
3166 2709 3396 2782 μελέτης
3428 2710 3526 2765 καὶ
3554 2710 3656 2780 τῆς
3688 2711 3748 2763 ἐν

2159 2803 2344 2865 αὑτοῖς
2373 2802 2707 2871 γυμνασίας,
2738 2802 2840 2870 τῆς
2864 2802 3072 2857 ἀνωθεν
3099 2805 3233 2874 ἡμῖν
3259 2802 3749 2874 συνεφαπτομένης

2160 2895 2560 2968 περιγεγονότα
2599 2896 2898 2967 προνοίας,
2942 2898 3056 2960 τοῖς
3088 2896 3203 2949 ὅσοι
3238 2896 3424 2967 κοινὴν
3460 2896 3563 2969 τὴν
3590 2896 3748 2949 εὑσέ-

2161 2983 2335 3050 6ειαν,
2370 2983 2467 3039 καὶ
2496 2986 2587 3038 τὸν
2618 2986 2707 3039 ἐπ’
2739 2986 2877 3057 αὑτῇ
2915 2984 3078 3055 ζῆλον
3108 2985 3493 3056 κεκτημένοις,
3529 2986 3746 3040 ἰσοστά-

2164 3092 2279 3131 σιον
2310 3078 2391 3141 είς
2423 3077 2613 3149 κοινὴν
2651 3076 2923 3147 ὠφέλειαν
2956 3078 3237 3149 προθεῖναι
3276 3078 3339 3132 τὸ
3372 3078 3653 3150 πρόθυμον
3684 3078 3746 3134 οὑ

2154 3168 2609 3240 περιοφθήσεται.
2669 3170 2916 3240 Ὀμοφυῆ
2969 3171 3070 3241 μὲν
3118 3166 3213 3225 οὑν
3252 3171 3371 3224 ἐστι
3421 3171 3613 3243 Πατὴρ
3653 3172 3749 3225 καὶ

2156 3261 2284 3324 Υἱὸς
2316 3261 2411 3316 καὶ
2443 3260 2668 3332 Πνεῦμα
2688 3302 2703 3326 ,
2735 3264 2829 3317 καὶ
2859 3263 2922 3316 τὸ
2962 3263 3063 3333 τῆς
3099 3262 3293 3334 βουλῆς
3324 3265 3422 3317 καὶ
3459 3264 3748 3334 δυνάμεως

2155 3355 2251 3410 καὶ
2292 3355 2573 3426 βασιλείας
2620 3356 2817 3427 ἐνορᾷν
2857 3355 3007 3410 ἐστιν
3049 3357 3235 3419 αὑτοῖς
3281 3356 3744 3428 ἀπαράλλακτον·

2154 3449 2252 3503 καὶ
2279 3448 2344 3517 δὴ
2378 3450 2474 3502 καὶ
2512 3448 2625 3503 τῶν
2661 3440 2840 3503 ἀλλων
2867 3448 3195 3519 θεοπρεπῶν
3223 3465 3283 3501 τε
3313 3449 3408 3503 καὶ
3447 3450 3747 3521 ὑπερφυῶν

2154 3542 2459 3613 ὀνομάτων,
2485 3541 2553 3595 δι’
2580 3534 2655 3597 ὧν
2682 3544 2715 3613 ἡ
2741 3541 3077 3612 ὑπεράρχιος
3098 3541 3195 3595 καὶ
3219 3541 3487 3613 ὑπέρθεος
3516 3542 3749 3614 θεαρχία

2153 3632 2625 3702 κατονομάζεται·
2660 3631 2775 3684 ἀλλ’
2808 3626 2901 3684 οὖν
2930 3634 2957 3684 ὁ
2992 3632 3181 3702 Πατὴρ
3215 3630 3391 3695 αἴτιος
3414 3631 3526 3686 τῶν
3553 3631 3612 3698 ἐξ
3646 3633 3745 3685 αὑ-

2153 3724 2249 3779 τοῦ
2284 3724 2608 3795 πεφυκότων
2628 3764 2642 3789 ,
2671 3724 2766 3777 τοῦ
2810 3725 2910 3794 μὲν
2948 3726 3090 3778 κατὰ
3121 3725 3221 3794 τὴν
3262 3726 3531 3796 γέννησιν,
3563 3724 3658 3778 τοῦ
3687 3726 3744 3778 δὲ

2154 3814 2298 3869 κατά
2324 3814 2424 3887 τὴν
2454 3816 2783 3886 ἐκπόρευσιν
2804 3857 2818 3879 ,
2857 3816 2936 3878 εἰς
2966 3816 3131 3871 αὑτὸν
3174 3816 3251 3880 ὼς
3282 3817 3363 3879 εἰς
3395 3816 3571 3888 ἀρχὴν
3602 3835 3744 3888 συμ-

2154 3906 2325 3976 φυοῦς
2356 3922 2417 3958 τε
2459 3906 2555 3959 καὶ
2593 3904 2866 3975 συνάρχου
2902 3906 3239 3977 προαγωγῆς
3287 3907 3741 3977 ἀναφερομένων.

2165 3997 2308 4052 Ἀλλ’
2356 3997 2496 4067 αῦτη
2546 3995 2647 4068 μὲν
2689 3998 2723 4067 ἠ
2773 3996 3035 4060 ἀπόδοσις
3072 3996 3163 4049 τὸν
3210 3996 3433 4067 Πατέρα
3468 3996 3743 4051 δείκνυσιν

2152 4089 2393 4158 εὐλόγως
2431 4088 2540 4142 τῶν
2587 4088 2646 4155 ἐξ
2680 4090 2849 4143 αὑτοῦ
2899 4087 3304 4158 προτετάχθαι,
3336 4088 3525 4142 οὑκέτι
3554 4090 3612 4142 δὲ
3648 4090 3743 4146 καὶ

2150 4180 2287 4235 διότι
2329 4178 2425 4234 τοῦ
2472 4180 2794 4251 Πνεύματος
2823 4183 2850 4234 ὁ
2892 4179 3043 4243 Υἱός.
3095 4181 3399 4253 Κοινοτιξρεξ⁹
3427 4181 3485 4235 δὲ
3529 4181 3741 4253 μεθόδῳ

2150 4271 2539 4346 προεληλυθὼς
2568 4272 2598 4325 ὁ
2624 4272 2796 4340 Λόγος
2821 4271 3124 4342 ἀναφανείη
3153 4274 3180 4327 ὁ
3210 4272 3307 4343 τὴν
3340 4273 3741 4346 συναρίθμησιν

2150 4366 2251 4436 τῆς
2299 4366 2600 4439 ὑπεραγίου
2654 4365 2884 4436 Τριάδος
2943 4366 3023 4428 είς
3075 4365 3176 4437 τὴν
3234 4364 3337 4435 τῆς
3391 4365 3742 4435 ἐπιγνώσεως

455 4466 602 4531 gnat.
629 4460 814 4515 Primo
846 4460 993 4515 enim
1024 4460 1310 4514 hominum
1342 4460 1551 4514 notioni
1594 4460 1838 4514 occurrit
1864 4459 2045 4525 Pater,

2157 4461 2391 4514 ἑκάστου
2421 4457 2888 4531 καταρρυθμίζων
2912 4457 3091 4524 τάξιν.
3140 4456 3328 4544 Πατὴρ
3368 4457 3469 4529 μὲν
3497 4457 3606 4530 γὰρ
3648 4459 3744 4512 ἀν·

455 4554 652 4608 dcinde
685 4551 880 4617 Filius,
932 4562 987 4606 et
1034 4567 1130 4621 per
1173 4550 1375 4605 Filium
1412 4549 1651 4621 Spiritus
1701 4561 1950 4607 sanctus.
1988 4550 2052 4604 Et

454 4647 675 4717 quidem
723 4661 753 4699 a
787 4644 990 4701 divinis
1025 4652 1218 4698 mutuo
1266 4644 1515 4712 personis
1544 4642 1780 4698 revelata
1810 4642 1914 4697 fuit
1954 4642 2054 4697 ho-

456 4738 697 4794 minibus
732 4736 1073 4807 singularum
1113 4736 1345 4802 notitia;
1389 4734 1551 4789 Patre
1602 4733 1821 4789 caelitus
1850 4732 2050 4788 Filium

457 4831 811 4897 ostendente;
866 4829 1077 4898 Spiritu
1121 4839 1305 4882 autem
1347 4827 1601 4882 eumdem
1631 4843 1729 4897 per
1754 4829 2050 4882 adventum

454 4939 617 4979 suum
660 4932 1036 4990 contestante;
1088 4920 1227 4975 Filio
1273 4936 1468 4976 rursus
1515 4919 1731 4975 Patrem
1788 4920 2053 4974 honorifi-

453 5023 645 5080 cante,
680 5022 844 5083 atque
902 5013 1258 5067 illustriorem
1314 5010 1487 5067 sacris
1526 5010 1642 5065 suis
1697 5011 2052 5067 sermonibus

453 5105 756 5167 efficiente,
819 5102 1198 5174 Spiritumque
1262 5101 1329 5157 ad
1399 5102 1703 5172 discipulos
1761 5102 2049 5171 mittente;

394 5186 410 5197 ’
456 5196 662 5266 Spiritu
711 5196 950 5268 denique
1004 5196 1125 5267 ipso
1159 5194 1283 5250 Filii
1323 5196 1708 5251 auctoritatem
1740 5196 2051 5267 proprieta-

452 5298 674 5360 temque
714 5289 968 5345 lirmante
998 5308 1012 5344 :
1052 5305 1215 5345 nemo
1241 5289 1386 5345 enim
1420 5299 1602 5360 potest
1640 5288 1825 5346 dicere
1861 5290 2048 5347 Domi-

453 5396 587 5436 num
617 5380 830 5447 Jesum,
858 5383 961 5440 nisi
1002 5382 1059 5437 in
1094 5381 1298 5454 Spiritu
1330 5391 1540 5439 sancto.

2151 4551 2393 4624 θρώποις
2422 4550 2545 4604 κατ’
2575 4550 2752 4621 ἀρχὰς
2784 4549 2863 4611 είς
2893 4548 3096 4617 γνῶσιν
3134 4540 3302 4617 ἦκεν·
3349 4546 3543 4601 ἔπειτα
3582 4548 3740 4611 Υἱός.

2150 4647 2245 4701 καὶ
2274 4645 2364 4698 διὰ
2384 4642 2479 4698 τοῦ
2504 4642 2636 4697 Υίοῦ
2666 4641 2726 4694 τὸ
2750 4640 2977 4711 Πνεῦμα
3002 4639 3062 4694 τὸ
3091 4640 3267 4708 ἀγιον.
3300 4640 3365 4694 Εἰ
3390 4640 3500 4711 γὰρ
3524 4640 3622 4698 καὶ
3648 4641 3741 4694 ὑπ’

2151 4738 2401 4808 ἀλλήλων
2428 4735 2537 4789 τῶν
2569 4733 2880 4805 θεαρχικῶν
2905 4732 3260 4786 ὑποστάσεων
3289 4734 3403 4795 τοῖς
3426 4732 3739 4806 ἀνθρώποις

2151 4833 2187 4904 ἡ
2222 4829 2427 4900 γνῶσις
2460 4826 2695 4881 ἑκάστου
2748 4824 3108 4895 ἀπεκαλύφθη
3137 4866 3152 4890 ,
3183 4824 3399 4895 Πατρδς
3444 4824 3544 4895 μὲν
3578 4825 3743 4894 οὐρα-

2151 4922 2310 4977 νόθεν
2343 4921 2437 4975 τὸν
2471 4918 2601 4972 Υἱὸν
2626 4918 3059 4980 ἐπιδεικνύντος·
3088 4914 3184 4969 τοῦ
3213 4914 3557 4987 Πνεύματος·
3582 4916 3640 4970 δὲ
3672 4919 3738 4989 τῇ

2150 5014 2496 5085 ἐπιφοιτήσει
2547 5008 3074 5083 συμμαρτυροῦντος
3100 5025 3116 5040 ·
3149 5006 3282 5061 Υἱοῦ
3332 5007 3391 5062 δὲ
3438 5008 3603 5062 πάλιν
3648 5009 3742 5062 τὸν

2150 5107 2375 5177 Πατέρα
2400 5104 2718 5172 δοξάζοντός
2742 5120 2801 5155 τε
2824 5102 2919 5156 καὶ
2940 5102 3412 5174 περιφανέστερον
3432 5098 3740 5169 θλεολογοῦν⁸

2147 5215 2264 5263 τος,
2295 5199 2388 5252 καὶ
2425 5198 2533 5270 μὴν
2556 5197 2651 5252 καὶ
2677 5197 2739 5250 τὸ
2770 5196 3000 5266 Πνεῦμα
3028 5196 3141 5258 τοῖς
3169 5194 3442 5267 μαθηταῖς
3470 5194 3740 5249 ἀποστέλ-

2148 5287 2334 5353 λοντος
2354 5304 2368 5319 ·
2397 5288 2534 5341 ἀλλὰ
2561 5287 2672 5359 γὰρ
2701 5286 2797 5339 καὶ
2841 5283 2938 5338 τοῦ
2968 5282 3292 5352 Πνεύματος
3333 5284 3426 5339 τὸν
3476 5285 3605 5339 Υἱὺν
3635 5303 3737 5337 κυ-

2158 5380 2552 5454 ριολογοῦντος.
2608 5378 2803 5441 Οὐδεὶς
2852 5378 2961 5447 γὰρ
3014 5376 3241 5429 δύναται
3295 5378 3473 5432 εἰπεῖν
3533 5375 3739 5449 Κύριον

2165 5473 2397 5546 Ἰησοῦν,
2436 5476 2483 5528 εί
2512 5484 2541 5525 q
2571 5473 2645 5545 μὴ
2676 5475 2734 5527 ἐν
2767 5471 2908 5544 ἀγίῳ
2939 5473 3236 5544 Πνεύματι.

1752 5648 1987 5705 νΑιιῐιιΕ
2028 5647 2431 5707 [ιΕΟΤΙΟΝΕδ.

534 5799 606 5870 (τι)
636 5800 906 5856 l’articula
932 5800 980 5855 εί
1010 5799 1353 5858 dcsrderatur
1380 5801 1433 5858 in
1463 5800 1670 5858 codice.
