4110 6434
434 328 536 393 917

1396 333 1498 392 AD
1534 330 2130 393 AMPHILOCHIUM
2179 333 2526 406 QUIESTIO
2564 336 2726 399 CXC.

3593 333 3701 400 918

507 443 572 512 β’.
605 444 668 496 Εἰ
692 438 785 497 οῦν
815 444 911 498 καὶ
939 444 1007 497 δι’
1050 443 1294 514 ἀλλήλων
1332 443 1365 514 ἦ
1414 443 1533 509 ένός
1562 445 1740 500 αὐτῶν
1775 445 2008 499 ἑκάστου

2181 446 2235 500 2.
2272 446 2414 517 Ergo
2474 457 2590 503 tum
2625 448 2865 505 vicissim
2924 457 3036 504 tum
3070 447 3235 504 ctiam
3266 463 3332 503 ex
3361 463 3469 503 una
3501 464 3697 518 perso-

438 534 685 606 πρόεισιν
716 535 1046 606 ὲκφαντορία
1077 535 1170 589 καὶ
1218 534 1545 605 κατάληψις,
1577 536 1652 599 ὼς
1679 535 1746 590 ἂν
1794 537 1890 591 καὶ
1921 537 2011 591 διά

434 625 640 679 τούτων
672 626 753 688 είς
786 626 847 678 τὸ
876 626 975 693 τῆς
1006 626 1285 695 συμφυΐας
1314 626 1736 697 ἀπαράλλακτον
1762 626 1853 681 τὸν
1886 627 2010 682 νοῦν

433 719 657 786 ἀνάγειν
675 717 858 772 εὐοδού
867 735 1026 789 μενον
1049 717 1282 788 ἔχωμεν*
1302 720 1397 773 καὶ
1415 720 1609 789 ὅτιπερ
1628 714 1709 781 οἷς
1753 719 2012 789 καθαρῶς

432 826 493 863 τε
525 809 617 862 καλ¹
645 810 956 880 εἰλικρινῶς
987 810 1117 879 μίαν
1150 810 1261 863 τῶν
1306 810 1591 881 μακαρίων
1623 810 1718 864 καὶ
1750 810 2013 881 δημιουρ-

433 900 547 968 γῶν
570 901 923 956 ὑποστάσεων
945 902 1141 956 εἰδέναι
1173 904 1513 973 κεχάρισται,
1541 904 1750 967 τούτοις
1780 906 1874 957 καὶ
1904 902 2013 957 τῶν

435 991 637 1045 λοιπῶν
675 992 708 1063 ἡ
758 992 961 1060 γνῶσις
1004 993 1447 1058 συνδιασώζεται.
1490 995 1550 1047 '0
1583 994 1689 1065 γὰρ
1731 994 1887 1057 εἰδὼς
1921 994 2014 1048 τὸν

435 1082 657 1151 Πατέρα
688 1079 798 1136 οἶδε
832 1086 926 1137 καὶ
958 1084 1051 1137 τὸν
1086 1084 1233 1138 Υἱόν·
1264 1085 1360 1138 καὶ
1388 1087 1416 1139 ὁ
1460 1086 1550 1139 τὸν
1591 1086 1718 1139 Υίὸν
1755 1088 2013 1155 ἐπιγνοὺς

436 1173 577 1226 κατὰ
603 1174 704 1244 τὴν
729 1174 805 1238 ὡς
833 1176 891 1229 ὲν
917 1177 1227 1249 ἀνθρώποις
1255 1179 1357 1248 τῆς
1387 1178 1641 1247 γνώσεως
1668 1181 2010 1251 τελειότητα,

436 1266 561 1321 οὐδὲ
592 1267 690 1336 τῆς
723 1267 913 1338 ὁμοίας
946 1269 1296 1338 ἐπιγνώσεως
1330 1272 1425 1323 τοῦ
1456 1273 1669 1342 Πατρὸς
1702 1272 2013 1344 ἀπεστέρη-

434 1375 548 1412 ται.
579 1356 859 1422 Ὡσαύτως
900 1359 957 1414 δὲ
986 1361 1080 1413 καὶ⁸
1109 1361 1203 1414 τοῦ
1236 1361 1578 1432 Πνεύματος,
1609 1363 1637 1416 ὂ
1663 1364 1732 1417 τὰ
1754 1363 1891 1432 βάθη
1918 1363 2014 1416 τοῦ

436 1448 573 1503 Θεοῦ
611 1450 864 1522 διερευνᾷ
908 1451 1003 1505 καὶ
1037 1452 1418 1507 ἀποκαλύπτει
1456 1457 1567 1517 τοῖς
1594 1452 1903 1525 ἀνθρώποις
1944 1454 2015 1508 τὰ

438 1541 647 1614 κρύφιά
673 1559 732 1595 τε
764 1542 874 1597 τῶν
904 1542 1245 1613 μαθημάτων
1283 1544 1377 1598 καὶ
1400 1545 1739 1615 τελειότερα,
1768 1549 1794 1599 ὁ
1821 1546 2013 1599 τούτου

436 1634 536 1703 τὴν
570 1634 806 1705 μάθησιν
843 1633 1111 1706 εἰλικρινῆ
1142 1635 1344 1702 λαϐὼν,
1376 1636 1499 1691 οὐδὲ
1530 1636 1630 1705 τῆς
1660 1637 2018 1709 θεολογούσης

2115 552 2311 592 narum
2348 540 2544 594 harum
2606 550 2789 595 manat
2831 542 3125 612 cujuslibet
3162 541 3485 597 earumdem
3519 542 3699 595 mani-

2114 631 2330 685 festatio
2382 642 2546 701 atque
2599 635 3054 701 comprehensio;
3106 634 3180 688 ita
3231 643 3291 688 ιιι
3328 648 3425 702 per
3504 634 3601 687 has
3630 632 3696 687 ad

2113 723 2454 792 congenitarn
2510 723 3018 795 indiﬂ‘erentemque
3052 735 3300 780 naturam
3360 732 3541 779 mente
3570 739 3694 793 pcr-

2116 813 2322 881 tingere
2354 813 2583 868 feliciter
2609 816 2902 883 possimus.
2938 817 3058 871 Jam
3093 818 3294 886 quibus
3323 831 3459 885 pure
3534 824 3699 883 atque

2115 910 2399 977 perspicue
2427 925 2590 962 unam
2618 926 2683 963 ex
2716 909 2802 964 his
2835 910 3008 964 beatis
3056 910 3526 978 creatricibusque
3577 924 3701 977 per-

2116 999 2268 1053 sonis
2317 1014 2649 1068 cognoscere
2709 1001 2896 1055 datum
2958 1010 3061 1066 est,
3116 1001 3308 1056 iisdem
3366 1002 3698 1070 reliquarum

2116 1105 2334 1159 quoque
2392 1091 2629 1159 cognitio
2685 1101 2903 1159 peracta
2952 1098 3057 1147 est.
3100 1092 3237 1146 Nam
3285 1092 3376 1160 qui
3413 1092 3562 1147 novit
3596 1090 3698 1144 Pa-

2116 1188 2277 1245 trem,
2334 1182 2474 1238 idem
2538 1183 2692 1238 novit
2729 1194 2779 1237 et
2842 1182 3083 1237 Filium:
3132 1192 3185 1238 et
3231 1185 3323 1252 qui
3356 1182 3553 1237 Filium
3598 1198 3699 1252 pro

2117 1272 2369 1342 possibili
2430 1274 2755 1329 mortalibus
2785 1274 3118 1344 cognitionis
3147 1275 3316 1343 gradu
3350 1274 3521 1339 novit,
3557 1274 3602 1327 is
3637 1289 3704 1328 ne

2116 1364 2234 1434 pari
2268 1365 2488 1434 quidem
2550 1367 2728 1423 Patris
2778 1368 2973 1421 notitia
3023 1376 3192 1421 caret.
3250 1366 3511 1420 Similiter
3539 1365 3702 1419 etiam

2120 1456 2377 1525 Spiritus,
2444 1458 2538 1526 qui
2583 1457 2852 1528 profunda
2890 1458 2979 1513 Dei
3016 1458 3361 1514 scrutatur“
3408 1466 3571 1527 atque
3603 1457 3701 1510 ho-

2119 1548 2361 1603 minibus
2417 1549 2738 1603 sublimiora
2797 1550 3170 1604 doctrinarum
3206 1564 3407 1603 arcana
3441 1548 3644 1603 revelat
3682 1566 3697 1605 :

2121 1639 2306 1709 hujus,
2340 1640 2589 1709 inquam,
2625 1641 2671 1694 si
2708 1641 2832 1711 quis
2886 1641 3178 1710 perspicua
3239 1640 3433 1694 notitia
3459 1639 3706 1693 imbutus

436 1725 527 1777 τὸν
568 1725 790 1795 Πατέρα
836 1726 1151 1796 θεοσοφίας,
1189 1728 1251 1780 οὐ
1298 1727 1406 1799 μὴν
1441 1728 1564 1782 οὐδὲ
1608 1728 1707 1798 τῆς
1752 1730 1842 1781 τὸν
1891 1728 2018 1781 Υίὸν

2131 1729 2309 1795 fuerit,
2361 1729 2504 1784 idem
2535 1746 2604 1785 ne
2635 1729 2818 1785 Patris
2864 1730 3085 1800 quidem
3127 1731 3487 1801 theologicam
3516 1730 3707 1799 cogni-

440 1792 1028 1888 συμμυσταγωγούσης
1071 1792 1451 1888 ἠλλοτρίωται.
1506 1792 1782 1871 Ἀλλ’-οῦν
1831 1819 1879 1871 εἰ
1925 1819 2021 1871 καὶ

2131 1792 2329 1873 tionem
2394 1817 2690 1885 desiderat,
2748 1792 2924 1889 neque
2964 1818 3114 1875 illius
3163 1835 3285 1889 quae
3318 1792 3443 1872 Filii
3504 1792 3708 1887 pariter

439 1907 582 1960 οὕτω
628 1909 801 1960 ταῦτα
854 1909 1162 1980 ἐναρμονίῳ
1202 1913 1467 1982 συναφείᾳ
1520 1910 1874 1965 διαπλέκεται
1923 1910 2021 1965 καὶ

441 1998 802 2064 ἀναπλοῦται,
834 2000 933 2053 οὐκ
962 2000 1155 2066 ἄδηλον
1183 2000 1259 2064 ὡς
1292 2002 1325 2072 η
1359 2002 1459 2073 μὲν
1497 2000 1591 2054 τοῦ
1623 2002 1839 2072 Πατρὸς
1868 2000 2022 2070 φωνὴ

442 2090 619 2160 χρόνῳ
663 2090 930 2161 πρότερον
962 2089 1277 2162 ἀνθρώποις
1312 2091 1655 2163 ἐπεγνώσθη,
1690 2093 1785 2145 καὶ
1820 2091 2021 2162 μᾶλλον

441 2180 585 2250 ἥπερ
629 2181 663 2250 ή
709 2181 802 2234 τὸν
854 2181 984 2235 Υίὸν
1021 2182 1257 2254 δηλοῦσα
1309 2183 1547 2254 συνήθης
1588 2184 1782 2245 ἀκοαῖς
1829 2183 2024 2251 ἐγεγό-

442 2288 523 2324 νει
550 2271 685 2340 (76)'
714 2274 775 2326 τὸ
800 2273 857 2326 δέ
884 2289 947 2341 γε
980 2273 1135 2344 ῥῆμα
1162 2273 1255 2327 τοῦ
1290 2273 1610 2345 Πνεύματος
1629 2315 1645 2340 ,
1672 2275 1720 2326 εί
1755 2273 1850 2328 καὶ
1882 2273 2021 2344 μᾶλ-

442 2364 533 2417 λον
571 2364 606 2435 ἢ
656 2367 759 2435 τὴν
802 2364 896 2418 τοῦ
947 2365 1076 2419 Υίοῦ
1128 2365 1323 2437 κλῆσιν
1361 2368 1394 2438 ἡ
1445 2366 1691 2429 Μωσέως
1739 2366 2023 2420 ἐδίδασκεν

447 2453 679 2526 ἱστορία,
727 2455 867 2527 πλὴν
910 2456 1013 2510 οὐκ
1054 2450 1124 2526 ἦν
1167 2454 1311 2510 οὕτω
1346 2455 1573 2509 δυνατὸν
1619 2454 1809 2527 ὥσπερ
1852 2456 1885 2526 ή
1929 2452 2023 2508 τοῦ

446 2546 579 2601 Υίοῦ
629 2546 974 2619 προσηγορία
1024 2546 1117 2601 τοῦ
1149 2545 1561 2600 αὑθυπόστατον
1609 2548 2026 2616 συνεισαγαγεϊν

445 2638 533 2691 ἐπ’
564 2637 732 2707 ἄμφω
757 2637 855 2708 τὴν
891 2638 1085 2709 ῥοπήν·
1120 2636 1225 2707 τῆς
1256 2639 1438 2708 φωνῆς
1469 2637 1760 2709 ἀδιάφορον
1795 2638 2027 2708 ἐχούσης

446 2729 539 2783 ἐπί
572 2745 632 2781 τε
670 2728 781 2781 τῶν
812 2728 1240 2781 αύθυποστάτων
1290 2727 1555 2801 φέρεσθαι
1579 2769 1594 2792 ,
1625 2729 1723 2783 καὶ¹
1774 2729 1868 2783 ἐπὶ
1918 2729 2028 2782 τῶν

450 2820 649 2893 μέρους
705 2820 827 2875 τινὰ
878 2819 1038 2887 λόγον
1087 2822 1187 2891 τῆς
1243 2821 1598 2884 ὑποστάσεως
1649 2818 2031 2891 ἀναπληρούν-

444 2929 554 2966 των
576 2911 711 2981 (77)°
738 2912 833 2964 καὶ
854 2910 1110 2964 τοσοῦτον
1142 2911 1312 2963 ἐνέδει
1349 2912 1449 2979 τὴν
1480 2910 1757 2982 θεοπρεπῆ
1793 2911 2031 2982 μάθησιν

447 3002 542 3057 τοῦ
574 3001 892 3072 Πνεύματος
921 3003 954 3072 ἡ
985 3001 1179 3070 κλῆσις
1219 3000 1508 3070 παρέχειν,
1542 3001 1619 3065 ὡς
1649 3002 1746 3055 καὶ
1784 3002 1896 3055 τῶν
1928 3004 2027 3056 ἀν-

2121 1909 2400 1964 notionem
2438 1908 2698 1979 impertit.
2760 1909 2866 1964 Sed
2914 1910 3060 1965 enim
3104 1926 3418 1980 quanquam
3474 1910 3575 1965 bac
3612 1911 3711 1964 do-

2125 2003 2316 2056 ctrina:
2349 2000 2668 2056 harmonica
2693 2001 2890 2073 copula
2944 2002 3088 2057 inter
3139 2017 3199 2057 se
3229 2003 3507 2057 cohaerent
3538 2011 3707 2069 atque

2124 2094 2357 2149 invicem
2411 2094 2743 2161 illuminant,
2788 2109 2898 2148 non
2946 2103 3127 2148 tamen
3162 2092 3501 2163 ignoramus,
3530 2089 3710 2143 Patris

2124 2186 2451 2241 vocabulum
2505 2186 2691 2257 priore
2738 2194 2983 2256 tempore
3020 2184 3335 2239 hominibus
3379 2183 3707 2246 innotuisse,

2126 2273 2580 2344 frequentiusque
2626 2288 2788 2329 aures
2845 2272 3332 2336 circumsonuisse,
3374 2286 3539 2341 quam
3586 2270 3710 2324 Filii

2128 2382 2348 2422 nomen.
2383 2365 2503 2421 Jam
2538 2378 2594 2423 et
2626 2365 2866 2436 Spiritus
2896 2366 3223 2419 vocabulum
3251 2363 3355 2418 etsi
3397 2362 3710 2417 evidentius

2128 2472 2291 2528 quam
2351 2455 2475 2511 Filii
2506 2456 2744 2511 Mosaica
2780 2455 3009 2510 historia
3051 2454 3258 2515 docuit.
3294 2453 3344 2507 id
3380 2460 3560 2505 tamenn
3597 2465 3706 2504 non

2128 2553 2299 2608 tantis
2330 2554 2539 2607 viribus
2562 2553 2819 2622 pollebat,
2860 2550 3080 2620 quantis
3117 2548 3239 2603 Filii
3285 2546 3599 2617 appellatio,
3644 2544 3712 2599 ad

2131 2642 2468 2699 suadendam
2530 2643 2821 2711 utriusque
2874 2640 3213 2696 individuam
3271 2637 3709 2694 subsistentiam.

2129 2733 2392 2789 Vocabuli
2426 2734 2571 2789 enim
2615 2731 2854 2802 Spiritus
2882 2732 3212 2801 ambiguitas
3256 2739 3371 2784 tum
3403 2728 3470 2782 ad
3503 2742 3566 2782 ea
3592 2741 3715 2797 qua:

2132 2841 2229 2896 per
2278 2842 2338 2882 se
2394 2826 2705 2881 subsistunt
2764 2825 3019 2889 trahitur,
3069 2832 3185 2877 tum
3233 2821 3303 2876 ad
3353 2836 3417 2876 ea
3445 2835 3569 2889 quae
3598 2820 3715 2873 vice

2133 2919 2541 2990 quodammodo
2594 2917 2918 2974 substantiae
2992 2914 3313 2985 funguntur.
3344 2913 3522 2981 Atque
3579 2911 3716 2965 adeo

2134 3014 2314 3081 impar
2354 3018 2474 3065 erat
2514 3008 2803 3079 appellatio
2843 3008 2958 3061 hinc
2990 3005 3310 3061 exhibendae
3333 3003 3511 3073 digna:
3540 3000 3717 3071 Spiri-

450 3091 684 3163 θρώπων
716 3092 874 3161 μερὶς
913 3090 976 3144 οὐ
1019 3090 1248 3160 βραχεῖα
1289 3092 1403 3153 τοῖς
1437 3092 1753 3155 Μωσαῖκοῖς
1794 3093 2027 3159 ἐγκατα-

2137 3108 2223 3156 tus
2267 3102 2495 3165 notitiae,
2543 3108 2603 3153 ut
2652 3114 2780 3169 pars
2816 3097 3097 3152 hominum
3153 3112 3262 3150 non
3296 3096 3495 3164 exigua
3524 3108 3712 3148 eorum

447 3176 737 3246 γηράσασα
771 3176 977 3247 νόμοις,
1000 3177 1251 3247 οὐδαμῶς
1276 3176 1435 3247 ἔσχεν
1460 3179 1793 3248 ἀνασχέσθαι
1816 3179 1915 3250 τὴν
1934 3180 2027 3233 τοῦ

451 3266 715 3335 παναγίου
760 3268 1081 3338 Πνεύματος
1131 3267 1427 3322 ὑπόστασιν
1461 3270 1783 3338 ὁμολογεῖν
1837 3269 2029 3340 ὥσπερ

450 3359 573 3411 οὐδὲ
601 3358 699 3430 τὴν
727 3358 836 3413 τῶν
868 3358 1117 3428 ἀγγέλων
1148 3357 1330 3427 φύσιν.
1359 3357 1516 3412 Οὕτω
1561 3359 1669 3412 τῶν
1712 3359 2028 3414 Μωσαῖκῶν

449 3450 795 3520 γραμμάτων
838 3450 900 3504 τὸ
931 3451 1058 3522 περὶ
1090 3449 1190 3521 τὴν
1226 3450 1530 3518 ὀνομασίαν
1570 3449 1667 3503 τοῦ
1710 3449 2028 3521 [Ῑνεύματος

449 3542 775 3614 πρόχειρον,
823 3541 1096 3612 ἄχρηστον
1138 3542 1234 3595 καὶ
1263 3542 1450 3604 αὐτοῖς
1495 3559 1561 3610 γε
1600 3544 1716 3605 τοῖς
1756 3540 2031 3605 Ἰουδαίοις

450 3635 712 3704 κατέστη·
762 3633 839 3696 ὡς
886 3634 1009 3687 κατ’
1052 3633 1185 3687 αὐτό
1213 3649 1277 3701 γε
1321 3633 1480 3687 τοῦτο
1526 3633 1600 3704 μὴ
1655 3635 1815 3704 μόνον
1866 3633 2032 3688 αὐτοῦ

452 3724 853 3795 προτάττεσθαι
896 3724 986 3778 τὸν
1016 3724 1165 3788 Υἱὺν,
1201 3725 1339 3779 ἀλλὰ
1379 3726 1474 3780 καὶ
1524 3725 1624 3779 ὅσα
1673 3728 1754 3789 είς
1796 3725 1893 3796 τὴν
1938 3722 2033 3779 τοῦ

456 3816 583 3871 Υίοῦ
616 3817 810 3887 κλῆσιν
846 3816 1177 3886 συνάγεσθαί
1207 3834 1269 3870 τε
1314 3817 1410 3871 καὶ
1438 3816 1740 3886 ἀνάγεσθαι
1772 3817 2033 3882 δύναται,

456 3910 708 3981 ἀφορμὴν
736 3909 1109 3983 ὑπερεχούσης
1126 3908 1354 3975 τάξεως,
1373 3910 1423 3962 εί
1450 3910 1545 3963 καὶ
1574 3910 1648 3979 μὴ
1677 3909 1915 3978 φύσεως,
1939 3910 2033 3962 εὐ-

460 4003 687 4074 ρίσκειν.
721 4002 869 4055 Διότι
905 4002 1015 4055 τῶν
1052 4000 1323 4054 Ἰουδαίων
1354 3999 1534 4054 οὐδενὶ
1581 3999 1717 4071 πρὸς
1752 4001 2035 4071 ἀμφισϐή-

457 4111 615 4166 τησιν
649 4096 942 4166 περιέστη,
981 4094 1010 4146 ό
1036 4092 1215 4161 λόγος,
1244 4093 1408 4162 λέγω,
1440 4092 1532 4145 καλ¹
1573 4094 1606 4162 ἡ
1651 4091 1833 4156 δεξιὰ,
1875 4092 1972 4145 καὶ
2002 4094 2035 4163 ἡ

456 4185 715 4256 δύναμις,
747 4186 842 4239 καὶ
873 4187 944 4239 τά
983 4186 1145 4255 ὅμοια
1165 4200 1178 4215 ·
1205 4184 1383 4247 οὐδεὶς
1419 4183 1529 4254 γὰρ
1572 4180 1777 4235 τούτων
1812 4181 2037 4252 ἔξαρνος

455 4277 648 4350 ὤφθη,
701 4279 809 4331 οὐδ’
860 4277 1192 4347 ἐφαρμόζειν
1247 4275 1729 4346 ἀπηναισχύντησε
1778 4273 2036 4342 λέγεσθαι

456 4366 632 4422 ταῦτα
658 4368 749 4421 τοῦ
774 4369 1007 4439 Πατρόςο
1033 4369 1081 4421 εἰ
1102 4368 1195 4421 καὶ
1212 4368 1348 4439 ὅπερ
1371 4366 1582 4430 τούτοις
1603 4367 1720 4419 ἐστὶ
1746 4360 2041 4436 πρόϐλημα

2132 3189 2226 3259 qui
2260 3188 2508 3243 Mosaicae
2567 3188 2669 3257 legi
2729 3187 3099 3247 adhaarebant,
3154 3198 3502 3254 nequaquam
3556 3184 3720 3236 vellet

2134 3278 2372 3349 Spiritus
2425 3277 2600 3333 sancti
2636 3292 2927 3347 personam
2959 3275 3247 3341 conﬁteri;
3302 3273 3462 3340 sicuti
3516 3287 3583 3327 ne
3615 3288 3718 3325 an-

2136 3370 2379 3440 gelorum
2412 3369 2631 3439 quidem
2666 3377 2939 3423 naturam.
2970 3365 3044 3420 lta
3078 3366 3343 3435 quidquid
3373 3364 3426 3418 in
3459 3362 3714 3419 Mosaicis

2135 3462 2334 3517 litteris
2357 3460 2426 3515 ad
2460 3475 2662 3515 nomen
2694 3459 2924 3529 spiritus
2968 3457 3291 3527 pertinebat,
3334 3454 3537 3510 Iudaeis
3585 3453 3721 3523 ipsis

2135 3551 2192 3608 in
2223 3567 2445 3609 cassum
2510 3560 2649 3607 erat.
2686 3550 2867 3616 Quare
2894 3550 2965 3604 ob
2993 3548 3050 3602 id
3079 3563 3187 3602 non
3216 3548 3395 3603 solum
3432 3545 3574 3601 Filio
3605 3561 3715 3601 non

2134 3652 2221 3701 est
2251 3642 2652 3713 praeponendus
2672 3642 2934 3711 Spiritus,
2964 3654 3153 3694 verum
3178 3640 3348 3693 etiam
3378 3652 3721 3708 quaecunque

2136 3736 2193 3793 in
2239 3736 2365 3791 Filii
2412 3734 2833 3807 appellationem
2892 3731 3116 3802 congeri
3177 3739 3432 3800 possunt,
3487 3743 3720 3799 quaeque

2137 3829 2329 3885 eodem
2382 3829 2677 3893 deducunt,
2712 3825 2912 3896 prioris
2944 3823 3154 3878 ordinis
3204 3824 3315 3892 jus,
3342 3823 3387 3878 si
3414 3823 3595 3876 minus
3625 3836 3723 3874 na-

2138 3927 2295 3983 turae,
2360 3918 2778 3973 nanciscuntur.
2850 3915 3218 3982 Quamobrem
3280 3912 3471 3968 Iudaeo
3519 3911 3724 3965 nemini

2141 4019 2491 4067 controversa
2523 4008 2745 4063 fuerunt
2775 4008 2909 4072 haac,
2945 4010 3173 4063 verbum
3232 4020 3449 4072 nempe,
3475 4004 3722 4066 dextera,

2141 4102 2337 4165 virtus,
2364 4108 2419 4154 et
2438 4099 2659 4155 similia.
2700 4097 2869 4152 Nemo
2914 4098 3114 4166 quippe
3169 4096 3264 4165 qui
3300 4096 3415 4149 hzec
3445 4094 3726 4164 negaverit

2141 4197 2456 4259 compertus
2518 4198 2621 4253 est,
2678 4195 2775 4241 aut
2828 4188 2921 4256 qui
2955 4185 3479 4255 Patri‘impudenter
3502 4198 3723 4237 accom-

2141 4281 2482 4347 modaverit;
2517 4280 2769 4349 quamvis
2801 4278 2924 4332 Filii
2951 4292 3211 4347 persona,
3243 4291 3366 4346 qua:
3396 4275 3592 4329 horum
3625 4288 3723 4327 no-

2143 4370 2355 4424 minum
2391 4383 2590 4436 scopus
2637 4375 2691 4422 et
2722 4367 3085 4422 summarium
3114 4375 3217 4432 est,
3254 4379 3362 4419 non
3394 4380 3550 4434 atque
3579 4364 3722 4432 apud

461 4460 556 4512 καὶ
616 4459 1095 4527 συγκεφαλαίωσις
1146 4456 1209 4509 τδ
1268 4456 1560 4527 πρόσωπον
1605 4455 1701 4508 τοῦ
1752 4454 1883 4507 Υἱοῦ
1937 4455 2027 4525 οὐχ

2141 4479 2333 4520 omnes
2365 4464 2419 4517 in
2446 4462 2698 4517 confesso
2732 4460 2917 4515 fuerit.
2951 4460 3162 4515 Idcirco
3209 4460 3393 4530 itaque
3422 4460 3725 4514 secundum

460 4551 721 4618 ὁμοίωσις
771 4551 1213 4621 συνομολογεῖται
1255 4551 1421 4604 πᾶσιο
1455 4548 1630 4619 ταύτῃ
1671 4548 1780 4620 ἄρα
1814 4549 2042 4613 εἰκότως

460 4642 559 4713 τὴν
583 4642 839 4710 δευτέραν
871 4642 1013 4695 κατὰ
1041 4641 1139 4713 τὴν
1182 4642 1482 4713 ἀρίθμησιν
1511 4642 1540 4694 ὁ
1568 4641 1697 4705 Υἱὸς
1720 4681 1735 4707 ,
1776 4640 1892 4694 ἀλλ’
1921 4640 2047 4711 οὐχὶ

462 4733 524 4788 τὸ
551 4732 779 4802 Πνεῦμα
802 4773 817 4799 ,
852 4733 1040 4802 ἐπέχει
1068 4732 1246 4798 τάξιν.

534 4832 609 4896 γ’.
648 4826 722 4879 Οὐ
767 4825 874 4897 μὴν
912 4825 1050 4879 ἀλλὰ
1093 4824 1188 4878 καὶ
1222 4824 1356 4878 διότι
1394 4822 1533 4896 μετὰ
1572 4823 1671 4896 τὴν
1716 4824 1876 4895 χάριν
1926 4823 2048 4895 ἣτις

465 4920 558 4972 τὸν
610 4918 741 4972 Υίὸν
786 4918 1104 4989 ὲθεολόγησε
1166 4918 1467 4989 διαρρήδην
1515 4919 1549 4989 ἡ
1594 4918 1689 4971 τοῦ
1728 4915 2048 4986 Πνεύματος

466 5009 767 5081 εἰλικρινὴς
795 5008 1030 5080 μάθησις
1059 5005 1302 5080 προῆλθε
1320 5022 1334 5037 ·
1360 5006 1456 5060 καὶ
1480 5006 1589 5077 γὰρ
1610 5008 1775 5078 ἡνίκα
1799 5007 2042 5077 πυρίνων

539 5123 585 5156 ⁸ο
618 5123 794 5182 lCor.
837 5140 897 5190 ιι,
931 5123 1019 5178 10.

2140 4559 2197 4614 in
2247 4557 2588 4613 numerando
2636 4556 2889 4612 ordinem
2926 4553 3101 4610 Filius
3127 4552 3362 4619 obtinet,
3399 4566 3510 4607 non
3551 4551 3727 4622 Spiri-

2143 4658 2255 4704 tus.

2214 4826 2268 4880 3.
2312 4824 2408 4880 Est
2435 4825 2600 4880 etiam
2632 4825 2739 4880 alia
2769 4825 2844 4880 rei
2876 4840 3071 4891 causa,
3121 4823 3253 4894 quia
3297 4821 3549 4877 videlicet
3604 4830 3729 4891 post

2152 4932 2273 4972 eam
2305 4921 2535 4987 gratiam
2582 4933 2705 4988 quas
2746 4915 2867 4971 Filii
2900 4932 3116 4972 sacram
3150 4916 3400 4971 notitiam
3434 4915 3591 4969 nobis
3624 4914 3732 4967 im-

2146 5010 2386 5095 pertivit,
2447 5021 2562 5065 tum
2593 5011 2812 5066 demum
2864 5009 3105 5082 Spiritus
3145 5008 3436 5081 perspicua
3484 5004 3733 5062 doctrina

2017 5215 2252 5274 NOTIE.

547 5340 658 5411 ('16)
683 5336 885 5393 Confer
902 5334 1080 5411 sancti
1103 5334 1381 5411 Hippolyti
1413 5335 1617 5411 dictum
1648 5334 1704 5390 in
1728 5334 1953 5391 scholiis
1974 5337 2054 5411 _a_d

478 5406 756 5466 Danieleni
803 5423 856 5477 p.
892 5407 980 5460 Μ.
1030 5406 1383 5477 Ιιειιιιιεεὸιε
1414 5406 1668 5461 Photium
1716 5414 1913 5477 quaest.
1960 5408 2052 5462 45.

480 5483 584 5537 Sed
619 5474 1079 5535 tamen'divinnm
1110 5475 1674 5546 Verbumgprophetis
1691 5474 1849 5546 certe
1881 5474 2053 5533 fuisse

479 5552 779 5676 gigznitrm,
809 5547 1031 5632 copiose
1059 5546 1314 5602 adﬁrmat
1342 5544 1616 5603 Eusebius
1654 5545 1799 5601 Hist.
1833 5547 1963 5603 εει-ι.
1998 5548 2051 5605 Ι.

553 5691 666 5761 (77)
704 5687 841 5761 lliuc
877 5699 1106 5761 magnus
1150 5685 1659 5761 Lactantiierror,
1685 5694 1821 5748 teste
1855 5690 2053 5746 lliero-

553 5702 666 5761 (Π)
705 5702 841 5742 ιιιιιε
878 5702 1106 5809 ιηεῗιιιε
1152 5702 1420 5741 ιιιιειειιιιι
1458 5702 1634 5753 error,
1685 5702 1821 5748 teste
1856 5702 2053 5746 lliero-

485 5778 650 5830 nymo
679 5758 839 5825 epist.
877 5757 942 5810 7:
1022 5757 1289 5812 actantius
1319 5757 1374 5811 in
1404 5756 1556 5813 libris
1578 5760 1712 5826 suis,
1740 5773 1787 5815 ct
1821 5761 2053 5817 maxime

2155 5339 2210 5392 in
2234 5336 2469 5406 epistolis
2509 5337 2578 5389 ad
2607 5336 3031 5398 Demetrianum.
3061 5335 3296 5406 Spiritus
3325 5336 3499 5391 sancti
3520 5337 3734 5393 omnino

2153 5417 2308 5477 negat
2341 5407 2738 5471 substantiam;
2782 5419 2830 5461 et
2860 5422 3042 5477 errore
3071 5406 3307 5461 Judaico
3335 5409 3466 5460 dicit
3498 5424 3618 5461 eum
3654 5412 3734 5464 vel

2152 5474 2236 5531 ad'
2264 5477 2485 5531 Patrem
2534 5478 2725 5548 referri
2778 5478 2855 5548 vet
2912 5474 2955 5529 F
2960 5477 3135 5548 ilium,
3170 5488 3221 5530 et
3262 5478 3733 5546 sanctiﬁcationem

2152 5549 2428 5617 utriusque
2474 5547 2713 5616 persana:
2769 5547 2866 5601 sub
2918 5547 3037 5615 ejus
3082 5549 3292 5601 nomine
3353 5549 3730 5617 demonstrari.

2150 5616 2419 5688 Eumdem
2479 5631 2722 5673 errorem
2772 5617 3060 5672 Lactantio
3108 5618 3299 5688 objicit
3340 5616 3730 5688 _Hieronymus

2151 5688 2328 5815 etiami
2382 5687 2440 5814 i6n
2498 5688 2900 5747 commentario
2963 5688 3127 5759 epist.
3180 5686 3257 5744 ad
3324 5686 3446 5745 Gal.
3504 5686 3600 5744 lib.
3667 5704 3728 5743 ιι.

2151 5772 2272 5815 can.
2335 5797 2351 5815 .
2427 5797 2441 5813 .

2150 5772 2272 5829 cap.
2296 5772 2351 5825 Ii,
2386 5772 2441 5814 ο.
