4110 6464
411 339 518 407 θέθ

1569 341 1834 403 PHOTII
1865 341 2375 403 PATRIARCIL‘E
2413 341 2522 403 (ΣΡ.

3576 343 3681 406 920

405 452 584 522 palam
625 451 880 507 innotuit.
919 449 1130 508 Etenim
1183 469 1307 509 cum
1340 455 1516 527 igneis
1541 457 1743 528 linguis
1773 459 1989 514 caelitus

2093 458 2358 527 γλωσσῶν
2389 455 2681 528 οὐρανόθεν
2717 455 2983 528 ἐπιδημία
3031 455 3450 523 πολυγλώσσους
3492 461 3679 526 φωνὰς

405 544 593 600 missis
651 544 970 614 multiplicis
1005 546 1288 616 apostolos
1333 548 1606 602 sermonis
1635 563 1865 604 munere
1890 551 1988 604 do-

405 638 556 691 navit
590 636 848 707 Spiritus,
882 648 1050 708 atque
1077 639 1222 709 apud
1253 654 1445 696 omnes
1473 650 1664 712 gentes
1700 653 1987 715 extempo-

407 729 550 784 rales
568 739 814 785 oratores
848 728 976 785 fecit
1008 731 1104 800 qui
1147 747 1321 802 nuper
1350 733 1616 788 illitterati
1646 744 1825 801 erant,
1860 746 1990 791 tunc

406 820 693 889 potissrme
742 821 942 876 accidit
994 823 1238 877 humano
1300 826 1507 895 generi,
1568 833 1627 880 ut
1683 827 1985 882 divinitatis
2020 854 2049 889 ,ι

407 912 649 979 ejusdem
682 911 918 982 Spiritus
939 910 1342 971 accura’tiorem
1374 918 1621 971 notitiam
1654 918 1990 987 adipiscere-

411 1011 518 1056 tur.
579 1003 721 1074 Ergo
777 1007 906 1074 quia
949 1007 1274 1062 vocabulum
1319 1007 1497 1062 Patris
1533 1008 1848 1062 hominibus
1877 1007 1989 1076 pri-

408 1111 559 1148 mum
601 1097 870 1164 innotuit;
901 1109 955 1153 et
1005 1102 1132 1168 quia
1165 1101 1338 1172 gratia
1388 1101 1583 1156 deinde
1625 1116 1836 1156 sacram
1866 1099 1984 1155 Filii

409 1187 659 1240 notitiam
685 1188 918 1253 detulit;
971 1200 1024 1245 et
1054 1194 1182 1262 quia
1214 1203 1490 1262 postremo
1532 1194 1707 1249 sancti
1751 1195 1986 1263 Spiritus

407 1276 594 1331 divina
647 1278 880 1347 dignitas
939 1297 1038 1351 per
1087 1284 1462 1340 admirabilem
1520 1301 1647 1356 erga
1703 1288 1985 1356 apostolos

407 1382 628 1436 operam
682 1380 855 1425 semet
912 1374 1212 1441 revelavit;
1255 1376 1379 1444 jure
1423 1378 1728 1447 meritoque
1760 1379 1985 1434 nomina

407 1457 525 1514 haac
545 1462 797 1515 eumdem
855 1465 1103 1519 ordinem
1139 1467 1191 1521 in
1226 1471 1566 1524 numerando
1617 1481 1855 1526 servant.
1894 1472 1986 1529 Sic

407 1556 589 1601 autem
628 1551 878 1605 notitiam
921 1554 1063 1609 hanc
1096 1556 1342 1624 pateﬁeri
1369 1560 1685 1615 consultum
1743 1561 1867 1627 fuit,
1920 1580 1986 1620 ne

408 1638 576 1694 homo
607 1640 808 1697 idolico
835 1646 1009 1700 errori
1058 1647 1296 1714 deditus,
1334 1651 1516 1706 audita
1571 1654 1751 1708 subito
1789 1664 1845 1710 et
1874 1672 1990 1710 ma-

407 1729 607 1785 nifeste
662 1749 1017 1803 personarum
1079 1738 1363 1808 Trinitate,
1398 1745 1598 1814 aegrius
1628 1762 1690 1800 ac
1709 1745 1985 1803 diliicilius

2094 549 2447 620 ἐδημιούργει
2472 549 2586 610 τοῖς
2633 546 2954 610 ἀποστόλοις
2989 548 3048 601 τὸ
3080 547 3324 618 Πνεῦμα,
3357 551 3453 602 καὶ
3478 552 3678 615 παντὸς

2091 640 2278 704 ἔθνους
2297 642 2531 711 ῥήτορας
2543 636 2920 708 αὐτοσχεδίους
2935 639 3305 704 κατεσκεύαζε
3320 640 3446 703 τοὺς
3460 639 3678 710 ἀγραμ-

2093 733 2319 804 μάτους,
2345 732 2466 784 τότε
2491 730 2574 801 δὴ,
2598 731 2720 783 τότε
2743 730 2945 801 μᾶλλον
2961 731 3184 800 γέγονεν
3209 731 3514 802 ἀνθρώπων
3534 733 3680 800 γένει

2095 825 2196 893 τῆς
2227 822 2395 877 αὑτοῦ
2427 823 2681 892 θεότητος
2711 824 2792 886 εἰς
2852 822 3251 892 ἀκριϐεστέραν
3282 824 3555 894 ἀνείδησιν
3583 825 3675 878 ἁνο

2092 913 2406 983 ενεχθῆναι.
2428 911 2639 966 Οὐκοῦν
2667 912 2742 975 ὡς
2774 913 2871 984 μὲν
2898 914 2997 985 τῆς
3019 913 3111 966 τοῦ
3135 914 3347 985 Πατρός
3375 910 3561 984 φωνῆς
3585 915 3678 968 ἀν-

2090 1005 2334 1076 θρώποις
2373 1005 2868 1075 προεγνωσμένης,
2903 1005 2993 1058 τὸν
3033 1004 3090 1058 δὲ
3138 1006 3268 1059 Υἱδν
3318 1006 3419 1075 τῆς
3455 1007 3680 1078 χάριτος

2092 1097 2520 1168 θεολογησάσης,
2552 1097 2652 1166 τῆς
2686 1097 2742 1151 δὲ
2769 1096 2866 1150 τοῦ
2902 1097 3170 1166 παναγίου
3203 1099 3519 1168 Πνεύματος
3553 1099 3672 1152 θεό-

2089 1207 2252 1260 τητος
2286 1191 2343 1242 τὸ
2373 1189 2590 1258 ἀξίωμα
2622 1189 2762 1260 μετὰ
2795 1189 2969 1243 ταῦτα
3006 1189 3095 1242 διὰ
3128 1189 3226 1259 τῆς
3262 1191 3320 1241 ἐν
3362 1193 3474 1253 τοῖς
3538 1192 3675 1242 ἁπο-

2091 1283 2300 1344 στόλοις
2335 1280 2677 1352 θεοπρεποῦς
2711 1282 2991 1352 ἐνεργείας
3030 1282 3512 1352 ἅνακαλυφθείσης
3533 1323 3549 1348 ,
3599 1285 3679 1335 εἰ-

2089 1372 2265 1435 κότως
2291 1373 2392 1425 κὰν
2413 1374 2480 1443 τῇ
2510 1371 2908 1442 συναριθμήσει
2934 1369 3032 1441 τὴν
3055 1371 3226 1442 αὐτὴν
3250 1369 3678 1435 συνδιασώζουσι

2087 1465 2265 1532 τάξιν.
2324 1465 2388 1517 Ἦ
2431 1465 2488 1518 δὲ
2533 1463 2736 1533 γνῶσις
2785 1463 2929 1517 οὕτω
2970 1463 3255 1534 προελθεῖν
3300 1462 3678 1534 διῳκονομήθη

2089 1560 2166 1623 ὡς
2195 1558 2261 1612 ἂν
2296 1556 2371 1629 μὴ
2401 1558 2596 1628 ἀθρόον
2633 1559 2661 1610 6
2692 1559 2758 1628 τῇ
2786 1555 2896 1609 τῶν
2927 1554 3160 1609 εἰδώλων
3194 1555 3370 1628 πλάνῃ
3405 1572 3681 1626 προσανα-

2089 1647 2342 1718 κείμενος
2364 1647 2672 1717 ἄνθρωπος,
2705 1645 2913 1718 Τριάδα
2942 1645 3128 1714 σαφῶς
3165 1643 3478 1713 προσώπων
3510 1643 3679 1697 ἁκού-

2091 1758 2192 1804 σας
2217 1781 2232 1806 ,
2278 1739 2578 1794 δυσανέλκυ
2590 1755 2709 1801 στος
2743 1737 2839 1790 καὶ
2871 1737 3258 1806 δυσανάγωγος
3289 1736 3384 1789 τοῦ
3414 1735 3556 1789 κατὰ
3579 1734 3679 1806 τὴν

378 1821 477 1876 .ab
508 1822 776 1878 idolorum
837 1830 1226 1897 superstitione
1267 1834 1702 1891 abstraheretur.
1743 1837 1879 1892 Nam
1911 1840 1980 1905 si,

2095 1829 2512 1900 εἰδωλολατρίαν
2547 1829 2915 1898 ὀλισθήματος
2941 1828 3193 1898 γένηται.
3227 1828 3288 1880 Εἰ
3320 1826 3430 1897 γὰρ
3460 1827 3555 1880 καὶ
3581 1825 3682 1895 τῆς

409 1909 674 1970 'l'rinitate
703 1917 828 1972 licet
858 1920 1243 1992 pedetemptim
1271 1935 1325 1980 et
1371 1941 1466 1996 per
1503 1928 1792 1997 aetiigmata
1824 1939 1987 2000 atque

409 2013 736 2063 transenuas
787 2009 944 2066 initio
1000 2015 1298 2081 insinuata,
1337 2019 1425 2072 vix
1455 2029 1637 2074 tamen
1675 2020 1926 2078 homines
1957 2039 1990 2078 a

407 2097 774 2168 polytheismo
828 2106 1220 2174 discedebant;
1275 2113 1318 2166 si
1379 2125 1584 2184 aperte,
1653 2118 1902 2188 inquam,
1937 2129 1992 2175 et

407 2188 590 2244 subito
621 2191 859 2250 Trinitas
891 2201 1139 2256 nuntiata
1182 2204 1396 2271 inisset,
1435 2224 1616 2263 nonne
1650 2211 1866 2266 illorum
1898 2229 1990 2267 su-

405 2281 654 2346 perstitio
707 2287 1084 2356 magisterium
1151 2307 1312 2349 omne
1364 2307 1527 2366 atque
1575 2301 1641 2354 ad
1702 2303 1867 2357 unius
1897 2301 1990 2358 Dei

406 2370 615 2426 cultum
645 2373 1083 2436 adhortationem
1121 2386 1418 2454 respnisset
1451 2389 1718 2460 ﬂoccique
1746 2393 1986 2459 fecisset,

405 2472 461 2514 et
493 2479 590 2516 sua
618 2467 845 2522 exitiosa
877 2486 1029 2526 sacra
1058 2477 1366 2542 praedicata
1402 2482 1567 2534 saluti
1605 2485 1988 2540 autetulisset?

407 2551 574 2607 llecte
636 2557 802 2626 igitur
869 2559 1049 2617 Patris
1096 2568 1332 2634 primum
1367 2572 1557 2625 notitia
1607 2575 1820 2643 vulgata
1861 2577 1984 2642 fuit,

406 2645 603 2701 deinde
633 2653 904 2719 gradatim
967 2655 1089 2711 Filii
1119 2675 1183 2714 ac
1215 2661 1470 2729 Spiritus.
1514 2666 1687 2736 Atque
1722 2669 1849 2725 hinc
1892 2687 1990 2741 pro

407 2750 474 2789 eo
534 2740 741 2794 notitia:
807 2745 1022 2808 ordine,
1068 2763 1177 2816 quo
1227 2765 1440 2804 sacram
1491 2762 1652 2823 atque
1691 2740 1986 2826 pretiosam

408 2829 688 2899 religionis
711 2837 1055 2906 suscepimus
1111 2841 1530 2910 institutionem,
1566 2849 1617 2902 in
1657 2857 1990 2907 recensendo

407 2937 626 2993 quoque
653 2928 899 2982 ean‘tdem
949 2946 1236 2988 servamus
1275 2949 1639 3008 congruenter
1673 2948 1991 3015 praerogati-

405 3027 468 3061 κ’ἑί
479 3026 550 3065 ιη.

477 3206 532 3259 4.
576 3206 880 3275 (ἶιιξῑει-οίιιιί
923 3207 1138 3265 Patrem
1202 3224 1448 3270 nostrum
1483 3221 1756 3286 appellare
1796 3226 1987 3300 Deum,

404 3312 582 3365 mque
617 3296 930 3352 indecorum
964 3312 1046 3356 est
1087 3319 1262 3373 neque
1291 3307 1476 3360 auditu
1507 3312 1796 3370 molestum
1827 3336 1840 3384 ;
1879 3296 1989 3379 imp

405 3385 458 3439 id
487 3387 649 3458 vulgo
681 3391 1018 3460 litlenterque
1072 3391 1326 3449 facimus.
1361 3396 1558 3453 Filium
1583 3418 1711 3458 vero
1743 3418 1988 3465 nostrum

403 3477 585 3532 dicere
617 3479 696 3532 vel
726 3480 904 3548 ipsum
967 3481 1162 3538 Filium
1210 3488 1291 3540 vel
1321 3499 1569 3546 sanetum
1602 3493 1887 3565 Spiritum,
1924 3519 1992 3559 ne

407 3587 562 3626 mens
593 3572 809 3639 quidem
843 3576 950 3643 pati
980 3585 1158 3644 potest
1191 3596 1203 3632 :
1233 3579 1340 3634 imo
1371 3582 1682 3642 ahsurditas
1713 3589 1991 3658 impietate

406 3661 604 3714 comite
644 3661 782 3715 hanc
820 3667 1241 3733 appellationem
1303 3672 1754 3742 subsequeretur.
1811 3679 1990 3739 Patris

403 3763 534 3818 ergo
567 3766 766 3805 nomen
794 3755 910 3808 sive
937 3756 1253 3823 quotidiana
1287 3765 1686 3821 consuetudine
1731 3769 1846 3824 sive
1883 3788 1984 3826 na-

405 3842 568 3895 turali
608 3843 867 3900 instinctu
901 3863 1054 3903 mens
1091 3849 1329 3907 humana
1363 3853 1504 3909 haud
1535 3859 1763 3916 moleste
1793 3863 1990 3919 admit-

407 3933 491 3987 tit.
527 3932 644 3990 Jam
679 3938 843 4008 hujus
875 3943 1113 3999 nominis
1149 3948 1347 4015 praevia
1403 3951 1558 4006 notio
1610 3953 1788 4009 eiii-cit
1819 3965 1875 4011 ut
1902 3973 1991 4012 sa-

408 4043 623 4082 crarum
661 4046 881 4102 quoque
926 4033 1331 4106 Scripturarum
1390 4042 1636 4099 doctrina
1667 4063 1806 4102 nexu
1849 4065 1988 4118 quo-

404 4120 530 4173 dam
563 4138 626 4176 ex
681 4123 847 4193 hujus
883 4129 1134 4183 vocabuli
1200 4143 1464 4190 consueto
1505 4152 1606 4191 usu
1639 4141 1985 4209 proveniens,

409 4212 552 4267 haud
600 4230 744 4287 azgre
782 4219 939 4275 nobis
1004 4221 1295 4291 inspiraret
1333 4227 1608 4296 provisam
1642 4230 1754 4300 jam
1791 4249 1982 4304 super-

408 4308 740 4362 naturalium
797 4326 982 4366 rerum
1045 4315 1412 4384 disciplinam.
1465 4319 1679 4377 Rursus
1707 4323 1750 4379 si
1785 4326 1981 4394 mavis,

405 4401 668 4466 quoniam
724 4416 899 4473 neque
948 4407 1218 4462 naturalis
1271 4410 1431 4479 ratio,
1503 4430 1680 4484 neque
1725 4416 1981 4486 loquendi

2003 3162 2051 3220 ϐ

2090 1921 2323 1990 Τριάδος
2346 1921 2489 1974 κατὰ
2511 1919 2736 1989 πρόοδον
2756 1917 2901 1972 οὕτω
2925 1918 3020 1971 καὶ
3041 1918 3107 1972 δι’
3134 1919 3477 1988 αἰνιγμάτων
3502 1935 3561 1970 τε
3587 1920 3680 1971 καὶ

2091 2014 2616 2084 παραπετασμάτων
2671 2011 2794 2065 κατ’
2862 2011 3038 2082 ἀρχὰς
3094 2010 3677 2082 μυσταγωγουμένης,

2094 2106 2248 2176 μόλις
2278 2105 2510 2175 μετέστη
2541 2105 2641 2172 τῆς
2668 2102 2960 2166 πλυθεῖας
2983 2103 3042 2155 τὸ
3065 2103 3426 2172 ἀνθρώπινον,
3463 2102 3582 2165 πῶς
3613 2103 3679 2157 ἂν

2092 2196 2353 2267 ἐμφανῶς
2383 2213 2444 2248 τε
2478 2197 2574 2249 καὶ
2603 2195 2796 2266 ἀθρόον
2825 2192 3363 2263 καταγγελλομένης,
3392 2194 3425 2263 ἡ
3453 2193 3680 2246 ἐκείνων

2090 2284 2488 2354 δεισιδαιμονία
2517 2285 2700 2336 πᾶσαν
2731 2281 3082 2336 διδασκαλίαν
3114 2283 3208 2334 καὶ
3242 2282 3570 2353 παραίνεσιν
3599 2283 3680 2347 εἰς

2095 2377 2393 2448 μοναρχίαν
2425 2375 2844 2448 χειραγωγοῦσα
2897 2375 2995 2446 οὐχ
3052 2376 3302 2447 ὑπερεῖδέ
3335 2393 3396 2428 τε
3442 2377 3538 2429 καὶ
3566 2377 3680 2430 ἀπ-

2091 2469 2293 2532 ώσατο,
2317 2471 2410 2522 καὶ
2431 2469 2530 2541 τὴν
2561 2471 2888 2540 συνέχουσαν
2916 2467 3191 2523 ἀπώλειαν
3221 2468 3320 2537 τῆς
3343 2485 3410 2538 κη
3419 2467 3680 2538 ρυττομέ-

2092 2579 2190 2630 νης
2225 2560 2501 2630 σωτηρίας
2533 2559 2594 2612 ού
2646 2558 2946 2627 προέθετο;
2999 2559 3211 2611 Οὐκοῦν
3248 2558 3474 2620 εἰκότως
3506 2559 3539 2628 ἡ
3585 2554 3679 2609 τοῦ

2092 2651 2306 2722 Πατρὸς
2337 2650 2699 2720 ἀπεκαλύφθη
2739 2651 2954 2721 πρῶτον
2987 2651 3210 2718 γνῶσις,
3248 2649 3341 2701 καὶ
3375 2649 3518 2702 κατὰ
3549 2665 3682 2719 προσ

2091 2745 2269 2816 κοπτὴν
2300 2743 2448 2815 ήτοῦ
2479 2743 2610 2795 Υἰοῦ
2638 2743 2730 2795 καὶ
2761 2741 2853 2794 τοῦ
2887 2743 3025 2795 Πνεύ
3036 2759 3224 2812 ματος·
3260 2740 3471 2794 ἐκεῖθέν
3497 2758 3556 2793 τε
3584 2740 3682 2810 τῆς

2091 2840 2150 2890 ἐν
2193 2838 2260 2907 τῇ
2290 2837 2490 2905 γνώσει
2531 2834 2738 2902 τάξεως
2782 2834 2842 2887 τὸ
2881 2835 3024 2905 ἱερὸν
3056 2834 3214 2903 ἡμῶν
3246 2835 3340 2886 καὶ
3379 2832 3683 2904 θεοπρεπὲς

2090 2933 2192 3004 τῆς
2226 2933 2634 3004 μυσταγωγίας,
2667 2933 2803 2985 κάπὶ
2831 2932 2929 3002 τῆς
2962 2931 3418 3002 συναριθμήσεως
3451 2927 3681 2982 ἀκολού-

2093 3027 2203 3090 θως
2241 3027 2302 3080 τὸ
2337 3027 2471 3079 αὐτὸ
2503 3024 2965 3096 συνεφειλκύσατο
2994 3023 3311 3094 προνόμιον.

2166 3208 2231 3264 δ’.
2267 3209 2481 3272 ’Ἄλλως
2506 3225 2568 3260 τε
2592 3207 2648 3260 δὲ
2672 3206 2892 3278 Πατέρα
2916 3205 3074 3277 ἡμῶν
3104 3205 3390 3277 ὀνομάζειν
3415 3207 3505 3261 τὸν
3527 3211 3676 3268 Θεὸν.

2093 3302 2220 3358 οὔτε
2262 3301 2550 3370 δύσφημον
2599 3299 2724 3352 οὗτε
2763 3298 3010 3369 λυπηρὸν
3035 3301 3173 3370 ἀκοῇ
3195 3339 3209 3363 ,
3242 3299 3356 3351 ἁλλ’
3393 3302 3495 3354 ἀνὰ
3529 3304 3686 3373 χεῖρά

2093 3413 2153 3449 τε
2199 3395 2296 3448 καὶ
2339 3396 2440 3463 τὴν
2495 3393 2812 3464 παρρησίαν
2861 3392 2961 3444 οὐκ
2994 3392 3417 3462 αἰσχυνόμενονσ
3462 3394 3590 3447 Υἱὸν
3629 3395 3686 3448 δὲ

2091 3487 2252 3555 ἡμῶν
2284 3484 2606 3555 ἀποφαίνειν
2635 3484 2726 3536 τὸν
2758 3483 2888 3537 Υίὸν
2921 3483 2953 3555 ἢ
2999 3484 3061 3536 τὺ
3106 3484 3376 3552 πανάγιον
3421 3486 3682 3556 Πνεῦμα,

2090 3579 2216 3633 οὔτε
2271 3579 2481 3650 διανοίᾳ
2515 3576 2761 3643 ἀνεκτὸν,
2811 3576 2950 3631 ἀλλά.
2987 3594 3050 3645 γε
3097 3577 3235 3648 μετὰ
3283 3578 3382 3648 τῆς
3429 3577 3686 3641 ἀσεϐείας

2091 3670 2188 3726 καὶ
2219 3669 2280 3722 τὸ
2312 3669 2603 3722 ἀλλόκοτον
2638 3670 2671 3739 ὴ
2719 3667 2872 3739 φωνὴ
2912 3668 3330 3736 συνεφέλκεται.
3379 3667 3591 3721 Οὐκοῦν
3622 3668 3685 3720 τὸ

2090 3769 2260 3837 ὄνομα
2287 3765 2382 3818 τοῦ
2414 3764 2629 3834 Πατρδς
2659 3763 2722 3831 τῇ
2766 3777 2825 3813 τε
2859 3759 3080 3830 συνήθει
3111 3759 3310 3829 χρήσει
3339 3759 3435 3810 καὶ
3464 3757 3542 3826 τῷ
3577 3758 3680 3826 ἐμ-

2091 3859 2244 3930 φύτῳ
2269 3859 2367 3928 τῆς
2399 3855 2677 3924 ἐπιϐολῆς,
2714 3854 2742 3906 6
2775 3849 3119 3920 ἀνθρώπινος
3157 3849 3283 3912 νοῦς
3309 3850 3408 3901 οὐκ
3440 3849 3684 3917 ἐργῶδες

2090 3952 2202 4022 ἔχει
2234 3945 2656 4018 παραδέχεσθαι.
2701 3943 2765 3997 Ἠ
2798 3941 2854 3994 δὲ
2882 3941 3082 4010 γνῶσις
3117 3939 3283 3992 αὑτοῦ
3323 3938 3678 4010 προκαταλα-

2089 4043 2186 4096 δοῦ
2197 4060 2283 4104 σα,
2313 4043 2410 4093 καὶ
2431 4040 2539 4091 τῶν
2571 4036 2734 4108 ἱερῶν
2757 4035 2973 4103 Λογίων
2997 4033 3097 4103 τὴν
3123 4031 3475 4085 διδασκαλίαν
3496 4029 3678 4102 είρμῷ

2088 4134 2404 4205 παρέστησε
2437 4133 2736 4202 προϊοῦσαν
2767 4130 2832 4182 ἐκ
2860 4128 2959 4199 τῆς
3010 4127 3148 4198 πρὸς
3187 4123 3286 4196 τὴν
3331 4123 3518 4196 φωνὴν
3552 4141 3681 4177 συν-

2088 4227 2300 4300 ηθείας,
2329 4224 2389 4278 οὐ
2419 4223 2696 4295 δυσχερῶς
2727 4223 2858 4292 ἡμῖν
2893 4219 3093 4273 ἐνιέναι
3120 4219 3218 4290 τὴν
3245 4218 3352 4271 τῶν
3386 4216 3683 4288 ὑπερφυῶν

2088 4317 2543 4390 προνοησαμένην
2577 4314 2835 4386 μάθησιν.
2861 4311 2925 4365 Εἰ
2959 4310 3138 4381 βούλει
3162 4309 3219 4362 δὲ
3242 4308 3336 4361 καὶ
3355 4308 3490 4362 δίοτι
3514 4307 3680 4361 πάλιν

2088 4409 2213 4463 οὔτε
2242 4409 2400 4478 λόγος
2430 4409 2458 4461 ὁ
2482 4407 2742 4477 ἔμφυτος,
2769 4401 2892 4456 οὔτε
2923 4403 3030 4474 μὴν
3054 4401 3087 4472 ἡ
3113 4401 3201 4454 διὰ
3231 4397 3328 4453 τοῦ
3354 4399 3512 4462 ἔθους
3542 4398 3678 4470 χρῆ-

409 4493 748 4547 consuetudo
795 4511 1022 4563 prorsus
1071 4499 1184 4554 vult
1233 4498 1449 4557 Patrem
1482 4520 1511 4558 a
1542 4504 1678 4562 Filio
1710 4507 1985 4578 Spirituve

2092 4519 2194 4566 σις,
2227 4502 2286 4554 οὐ
2323 4500 2422 4572 μὲν
2447 4495 2540 4552 οὖν
2566 4499 2666 4552 οὐκ
2694 4496 2868 4549 ἐθέλει
2891 4494 2982 4548 τὸν
3003 4493 3225 4564 Πατέρα
3257 4492 3546 4564 προελθεῖν
3580 4492 3677 4545 τοῦ

410 4585 724 4652 procedere,
751 4587 844 4641 sed
883 4591 1219 4645 contrarium
1254 4609 1470 4665 semper
1515 4601 1687 4663 novit,
1727 4611 1888 4671 atque
1917 4605 1990 4658 ita

411 4675 594 4730 ﬁdeles
620 4677 838 4731 erudire
860 4693 968 4733 non
997 4681 1238 4748 dubitat;
1271 4684 1396 4739 hinc
1429 4685 1507 4750 lit,
1536 4696 1596 4741 ut
1627 4704 1751 4743 cum
1773 4689 1988 4747 Patrem

409 4765 548 4821 Filio
582 4777 637 4823 et
693 4769 919 4837 Spiritui
977 4772 1030 4826 in
1090 4778 1425 4832 recensendo
1480 4795 1797 4850 praeponere
1831 4786 1988 4853 solet,

407 4873 623 4913 sacram
678 4862 988 4918 doctrinam
1047 4883 1395 4938 nequaquam
1444 4872 1631 4927 violet.
1701 4875 1992 4946 Propterea

409 4947 580 5004 Filius
615 4953 837 5008 dextera
877 4971 1098 5027 quoque
1157 4961 1356 5016 dicitur
1383 4972 1437 5016 et
1464 4964 1690 5019 verbum
1727 4975 1782 5020 et
1819 4968 1991 5024 virtus

404 5053 461 5096 et
487 5045 754 5113 sapientia
782 5045 956 5103 Patris
983 5064 1036 5105 et
1065 5052 1262 5108 similia
1295 5071 1310 5109 :
1357 5053 1518 5110 Pater
1550 5067 1731 5112 autem
1777 5063 1990 5118 etiamsi

408 5148 656 5192 naturam
691 5142 838 5196 nullo
867 5145 1027 5197 modo
1052 5144 1122 5199 ab
1147 5161 1212 5200 eo
1237 5147 1571 5204 dill‘erentem
1594 5151 1773 5218 habet,
1808 5162 1990 5210 tamen

407 5245 583 5298 neque
613 5233 942 5301 cogitatione
972 5250 1150 5305 neque
1180 5252 1431 5293 sermone
1469 5241 1534 5295 ad
1566 5239 1688 5295 Filii
1723 5243 1988 5298 rationem

407 5321 547 5375 trahi
599 5333 799 5391 potest.
855 5322 973 5379 Jam
1004 5327 1130 5396 quia
1157 5329 1224 5384 ad
1257 5327 1455 5384 Filium
1483 5331 1640 5386 Pater
1674 5348 1783 5387 non
1821 5335 1991 5388 trahi-

408 5427 518 5482 tur,
545 5421 711 5474 veluti
745 5423 809 5476 ad
845 5424 1172 5494 principium
1204 5438 1298 5483 aut
1327 5444 1551 5484 causam
1578 5431 1663 5484 vel
1701 5433 1768 5484 ad
1798 5447 1992 5501 quam-

409 5508 539 5563 libet
571 5513 734 5582 hujus
766 5513 1047 5570 relativam
1105 5521 1517 5587 pr0prietatem,
1556 5521 1684 5576 hinc
1709 5537 1810 5577 nos
1841 5522 1992 5576 vide-

411 5601 537 5656 licet
568 5603 875 5673 theologice
906 5605 1141 5661 dicimus
1169 5605 1387 5664 Patrem
1425 5625 1520 5678 per
1549 5606 1748 5664 Filium
1771 5611 1987 5680 operari

411 5693 497 5749 vel
526 5695 688 5750 etiam
719 5711 817 5766 per
849 5696 1110 5766 Spiritum
1131 5700 1395 5771 quidquid
1427 5702 1588 5757 beata
1619 5710 1810 5756 natura
1834 5702 1947 5771 agit
1974 5721 1990 5758 .'

418 5799 597 5854 neque
622 5787 964 5841 contrarium
1022 5789 1204 5844 dicere
1248 5791 1524 5861 patimur:
1582 5806 1757 5861 neque
1793 5789 1988 5845 Filium

2093 4591 2224 4646 Υἱοῦ
2258 4592 2371 4645 ἀλλ’
2405 4591 2527 4644 οὐδὲ
2567 4589 2661 4642 τοῦ
2707 4587 3049 4656 Πνεύματος.
3091 4587 3205 4641 Ἀεὶ
3243 4586 3301 4638 δὲ
3343 4586 3406 4638 τὸ
3440 4584 3680 4656 ἔμπαλιν

2091 4681 2232 4746 οἶδε,
2265 4683 2358 4737 καὶ
2397 4684 2522 4744 τοὺς
2567 4679 2924 4750 πειθομένους
2964 4677 3236 4734 διδάσκειν
3281 4678 3380 4748 οὐχ
3410 4677 3680 4730 ὑποστέλ-

2091 4756 2263 4828 λεταιο
2301 4772 2360 4837 ἐξ
2387 4766 2447 4826 οὗ
2475 4773 2539 4843 δὴ
2571 4772 2664 4825 καὶ
2693 4773 2726 4837 ἡ
2759 4770 3158 4843 συναρίθμησις
3184 4769 3274 4823 τὸν
3304 4769 3552 4839 Πατέρα,
3581 4767 3677 4820 τοῦ

2092 4867 2224 4921 Υἱοῦ
2267 4868 2361 4919 καὶ
2397 4865 2491 4918 τοῦ
2526 4863 2846 4934 Πνεύματος
2889 4865 3214 4934 προτάττειν
3257 4858 3674 4931 παραλαϐοῦσα,

2092 4961 2190 5032 τὴν
2237 4960 2474 5031 μάθησιν
2509 4959 2609 5010 οὐκ
2658 4955 2931 5026 ἐνύϐρισε.
2983 4955 3081 5007 Διὰ
3135 4954 3294 5008 τοῦτο
3328 4953 3385 5006 δέ
3428 4953 3538 5024 ἄρα
3585 4951 3674 5004 καὶ

2092 5049 2242 5115 δεξιᾶ
2276 5051 2374 5118 μὲν
2405 5032 2621 5116 λέγεται
2662 5045 2756 5099 καὶ
2789 5046 2946 5114 λόγος
2984 5047 3081 5099 καὶ
3117 5044 3347 5114 δύναμις
3382 5045 3476 5096 καὶ
3515 5041 3674 5111 σοφία

2091 5143 2185 5196 τοῦ
2218 5141 2429 5214 Πατρὸς
2457 5141 2485 5192 6
2511 5140 2662 5204 Υἱὸς,
2697 5138 2793 5193 καὶ
2825 5139 2896 5191 τὰ
2927 5139 3312 5208 παραπλήσια·
3345 5139 3374 5190 6
3402 5136 3459 5190 δὲ
3488 5135 3675 5204 Πατὴρ

2093 5235 2269 5290 καίτοι
2316 5234 2481 5304 μηδὲν
2521 5233 2655 5302 πρὸς
2703 5231 2865 5287 αὑτὸν
2912 5231 3009 5301 τὴν
3055 5229 3215 5296 φύσιν
3251 5229 3433 5299 φέρων
3461 5227 3674 5298 παραλο

2091 5327 2414 5388 λάττουσαν,
2447 5322 2560 5376 οὔτ’
2585 5321 2651 5375 ἂν
2685 5320 3007 5390 θεωρεῖσθαι
3037 5318 3156 5373 οὔτε
3188 5317 3443 5388 λέγεσθαι
3471 5317 3553 5380 εἰς
3584 5314 3674 5367 λό-

2092 5435 2188 5485 γον
2216 5417 2360 5470 έλθοι
2386 5415 2479 5468 τοῦ
2510 5413 2662 5466 Υἱοῦ’
2695 5415 2774 5476 εἰς
2803 5413 2911 5482 γὰρ
2939 5412 3028 5465 τὸν
3054 5412 3179 5464 Υἰὲλν
3206 5411 3306 5463 οὐκ
3337 5407 3676 5479 ἀναγόμενος

2093 5511 2168 5574 ὡς
2193 5512 2272 5573 εἰς
2301 5509 2477 5580 ἀρχὴν
2508 5509 2600 5561 καί¹
2643 5507 2843 5568 αἰτίαν,
2875 5505 2983 5558 οὐδ’
3014 5507 3113 5558 ὅσα
3154 5507 3234 5569 εἰς
3272 5505 3435 5557 αὐτὸν
3469 5504 3677 5564 ἐκεῖνος

2094 5601 2498 5673 ἀναφερόμενος
2521 5597 2899 5664 ὲξοικειοῦται,
2924 5597 3076 5651 ἐνθεν
3099 5598 3205 5667 ἄρα
3225 5597 3320 5649 καὶ
3342 5595 3432 5649 τὸν
3456 5594 3679 5663 Πατέρα

2095 5692 2473 5762 θεολογοῦντες
2505 5691 2593 5746 διὰ
2625 5689 2719 5744 τοῦ
2766 5690 2895 5744 rio-3
2939 5690 3203 5761 πράττειν
3243 5687 3275 5758 ἢ
3322 5687 3415 5740 καὶ
3453 5687 3543 5738 διὰ
3581 5685 3676 5739 τοῦ

2095 5787 2411 5858 Πνεύματος
2445 5788 2545 5841 ὅσα
2576 5786 2818 5856 πέφυκεν
2847 5785 2879 5856 ἡ
2919 5784 3162 5854 μακαρία
3198 5781 3356 5850 φύσις
3389 5779 3482 5833 καὶ
3508 5776 3679 5848 ὑπὲρ.
