4110 6450
371 419 470 486 921

1322 413 1419 472 AD
1453 409 2052 471 AMPHILOCHIUM
2089 411 2438 483 QUIESTIO
2474 413 2636 473 CXC.

3525 425 3633 488 922

365 531 488 594 θεος
511 529 774 599 ἐνεργεῖν·
810 525 928 597 οὐχὶ
956 525 1013 578 δὲ
1045 524 1106 578 τὸ
1140 520 1411 579 ἀνάπαλιν
1450 519 1826 590 ἀναδεχόμεθα
1863 518 1951 571 λέ-

2055 528 2149 573 aut
2178 519 2440 588 Spiritum
2477 537 2573 591 per
2607 522 2820 578 Patrem
2869 527 3082 596 operari
3119 527 3174 581 in
3222 531 3397 586 sacris
3429 540 3633 590 nostris

365 637 513 692 γειν·
551 619 673 674 οὔτε
702 620 814 690 γὰρ
839 619 930 672 τὸν
955 617 1084 671 Υίδν
1107 615 1230 671 οὑτε
1261 615 1321 668 τὸ
1344 611 1569 682 Πνεῦμα
1592 609 1681 664 διὰ
1707 609 1803 664 τοῦ
1834 611 1948 665 Πα-

365 715 491 787 τρὸς
517 714 761 784 ἐνεργεῖν
792 706 1305 782 μυσταγωγοὺμεθα
1326 701 1697 776 δογματίζειν.

437 813 498 860 ε’.
536 806 720 876 Χωρὶς
745 804 802 858 δὲ
833 802 941 855 τῶν
970 799 1277 871 εἰρημένων
1303 798 1404 852 οὑκ
1443 793 1714 856 Ἰουδαίοις
1750 794 1945 864 μόνον,

365 897 503 952 ἀλλὰ
547 895 643 950 καὶ¹
672 896 818 958 ὅσοις
851 895 886 965 ἡ
918 893 1026 947 τῶν
1071 890 1307 944 εἰδώλων
1348 889 1525 958 πλάνη
1559 887 1808 959 λατρεία,
1847 886 1944 958 ἡδύ

366 1006 425 1043 τε
453 987 550 1042 καὶ
576 986 802 1057 ἐπίχαρι
836 985 1020 1040 καλεῖν
1046 983 1138 1037 τὸν
1171 982 1306 1036 Θεὸν
1337 980 1548 1034 ἑαυτῶν
1580 980 1818 1052 Πατέρα·
1853 980 1948 1033 καὶ

366 1083 453 1135 ἵνα
477 1081 538 1134 τὸ
569 1080 678 1133 τῶν
707 1078 947 1149 ποιητῶν
977 1076 1276 1146 αὐτόνομον
1310 1073 1678 1145 παραδράμω,
1715 1072 1830 1127 ἀλλ’
1855 1071 1946 1125 οὖν

366 1174 588 1229 ἀκούειν
616 1171 834 1225 ἔστιτὸν
860 1170 1180 1242 Ἀρίστωνος
1207 1168 1320 1238 (78)
1345 1167 1442 1237 τῆς
1466 1167 1526 1220 ὲν
1541 1165 1769 1236 Ἕλλησι
1797 1164 1946 1234 φιλο-

366 1266 560 1336 σοφίας
593 1264 732 1336 μετὰ
767 1263 978 1316 πολλῶν
1016 1262 1111 1314 καὶ
1145 1261 1322 1316 ἄλλων
1349 1259 1448 1330 τὴν
1494 1259 1666 1327 αὑτὴν
1709 1257 1946 1328 σπουδὴν

366 1357 831 1427 ἀναδεδεγμένων,
862 1354 1081 1425 Πατέρα
1109 1354 1204 1406 καὶ
1234 1351 1473 1422 Ποιητὴν
1502 1350 1656 1404 τοῦδε
1680 1349 1774 1402 τοῦ
1807 1365 1946 1401 παν-

365 1451 454 1514 τὸς
481 1450 572 1502 τὸν
601 1449 734 1501 Θεὸν
773 1446 1175 1516 ὑμνολογοῦντα
1197 1487 1213 1511 ,
1248 1443 1307 1498 ὃν
1350 1444 1449 1498 καὶ
1478 1444 1660 1514 εὑρεῖν
1699 1441 1859 1512 ἔργον
1885 1457 1946 1493 τε

366 1541 530 1605 εἶναι,
577 1542 672 1595 καὶ
722 1540 954 1612 εὑρόντα
997 1540 1075 1601 εἰς
1131 1537 1343 1600 πάντας
1392 1536 1630 1601 ἐξειπεῖν
1681 1535 1946 1590 ἀδύνατον

367 1632 710 1703 ὲφιλοσόφει’
765 1631 860 1683 καὶ
906 1631 1019 1692 τοῖς
1065 1627 1342 1690 Ἰουδαίοις
1370 1627 1428 1680 δὲ
1459 1626 1750 1698 πρόχειρός
1787 1643 1845 1678 τε
1877 1621 1946 1696 ἦν

367 1728 459 1779 καὶ
490 1725 721 1793 γλυκεῖα
749 1724 782 1794 ἡ
811 1722 963 1794 φωνὴ
996 1721 1088 1776 καὶ
1115 1721 1444 1791 σεμνότητος
1469 1721 1712 1791 ἀφορμή.
1741 1720 1832 1771 Διὸ
1851 1719 1946 1773 καὶ

364 1819 464 1882 τὰς
501 1817 669 1887 ὀφρῦς
714 1815 1088 1878 ἀνασπῶντες,
1127 1815 1242 1868 ἀνθ’
1275 1806 1351 1868 ὧν
1399 1815 1657 1886 ὲρυθριᾷν
1691 1813 1788 1867 καὶ
1821 1831 1945 1866 συν-

2051 611 2492 670 institutionibus
2518 615 2800 671 docemus.

2117 793 2170 849 εἰ.
2209 792 2408 848 Verum
2448 793 2536 849 bis
2581 794 2744 850 etiam
2789 800 3169 865 praetermissis
3199 839 3216 864 ,
3270 817 3380 857 non
3427 802 3633 858 Iudaeis

2048 885 2432 941 tantummodo
2491 887 2585 942 sed
2639 887 2821 942 idolici
2879 903 3100 960 quoque
3152 895 3356 949 erroris
3409 897 3634 952 asseclis

2049 979 2204 1033 dulce
2228 978 2615 1049 acjucundum
2636 979 2739 1035 fuit
2765 979 2978 1036 Patrem
3003 983 3106 1037 sibi
3132 985 3408 1042 vindicare
3438 987 3629 1042 Deum.

2047 1074 2227 1141 Atque
2256 1081 2316 1126 ut
2344 1080 2628 1142 poetarum
2669 1073 2944 1130 licentiam
2971 1076 3242 1140 omittam,
3278 1079 3468 1133 audire
3497 1079 3634 1132 licet

2047 1163 2320 1218 Aristuuis
2352 1164 2520 1218 lilium
2573 1179 2697 1219 eum
2720 1166 2842 1221 aliis
2895 1167 3082 1223 multis
3119 1169 3349 1224 elhniere
3393 1171 3636 1240 philoso-

2047 1257 2189 1326 phim
2211 1272 2365 1326 aeque
2389 1257 2673 1321 studiosis,
2692 1259 2784 1328 qui
2811 1259 2980 1313 Deum
3005 1257 3221 1314 Patrem
3242 1260 3636 1331 Factoremque

2049 1349 2216 1418 hujus
2246 1349 2488 1404 universi
2530 1351 2881 1405 concelebrat
2908 1365 2924 1405 :
2965 1367 3127 1421 quem
3157 1351 3379 1423 quidem
3414 1364 3468 1407 et
3492 1368 3635 1424 aegre

2048 1441 2295 1511 intelligi,
2325 1451 2380 1496 et
2410 1442 2742 1497 intellectum
2771 1443 2914 1497 haud
2939 1444 3143 1515 vulgari
3170 1445 3442 1500 universis
3475 1460 3638 1515 posse

2049 1534 2332 1589 censebat.
2365 1533 2584 1589 Interim
2613 1532 2818 1590 Iudaeis
2849 1536 2964 1590 hac
3009 1537 3302 1605 appellatio
3347 1536 3636 1592 familiaris

2047 1634 2163 1679 erat
2216 1633 2272 1679 et
2317 1624 2558 1694 jucunda
2612 1640 2677 1679 ac
2727 1627 3008 1681 sumendae
3065 1627 3345 1697 dignitatis
3393 1629 3635 1684 occasio.

2049 1716 2232 1783 Quare
2263 1724 2317 1771 et
2343 1717 2582 1772 adducto
2609 1718 2906 1786 supercilio
2938 1721 3082 1791 (cum
3112 1721 3294 1789 potius
3318 1722 3522 1790 pudere
3544 1739 3638 1777 eos

2048 1809 2262 1864 deceret
2294 1809 2604 1879 mentisque
2633 1817 2904 1864 tumorem
2935 1810 3162 1880 ponere)
3208 1829 3341 1878 nos,
3385 1813 3636 1882 glorianti

364 1878 618 1962 εστάλθάι
645 1878 740 1959 τοῦ
775 1905 1012 1975 θράσους
1047 1905 1177 1971 ἔδει,
1224 1878 1442 1976 Ἡμεῖς,
1487 1878 1677 1975 ὥσπερ
1716 1905 1944 1972 ἐπιγαυ-

2052 1900 2290 1955 dictione
2336 1878 2590 1965 aiebant,
2636 1917 2804 1956 unum
2855 1902 3073 1957 Patrem
3123 1878 3410 1959 habemus
3437 1907 3628 1959 Deum.

369 2000 591 2070 ριῶντες
634 1997 711 2066 τῷ
747 1998 950 2068 ῥήματι
995 1995 1203 2065 ἔλεγον,
1231 1996 1326 2050 ἕνα
1371 1997 1590 2066 Πατέρα
1624 1996 1822 2066 ἔχομεν
1854 1997 1946 2049 τὸν

365 2093 519 2146 Θειίν.
566 2090 732 2160 Ὁρᾷς
777 2090 924 2151 ὅπως
960 2087 1058 2159 ἡδύ
1090 2105 1150 2141 τε
1199 2088 1295 2142 καὶ
1338 2087 1700 2158 ἐπαφρόδιτον
1737 2089 1805 2158 τῇ
1853 2087 1948 2139 ἁν-

367 2185 630 2254 θρωπίνῃ,
667 2183 825 2250 φύσει
880 2179 1104 2251 Πατέρα
1154 2179 1338 2232 καλεῖν
1383 2179 1593 2232 ἑαυτῶν
1639 2179 1732 2233 τὸν
1778 2179 1945 2245 Θεόν;

369 2276 506 2348 Περλ⁵
535 2276 592 2329 δὲ
627 2275 720 2328 τοῦ
751 2273 884 2328 Υἱοῦ
915 2274 948 2345 ἢ
974 2273 1069 2328 τοῦ
1103 2274 1442 2342 Πνεύματος,
1473 2271 1527 2324 τί
1565 2271 1629 2325 ἄν
1659 2288 1741 2335 τις
1773 2270 1949 2324 τοιοῦ-

364 2385 461 2423 τον
503 2367 688 2420 λαϐεῖν
726 2367 986 2438 εὑρήσει,
1017 2365 1052 2435 ἢ
1091 2366 1263 2418 εἰπεῖν
1301 2363 1402 2417 οὑκ
1447 2363 1780 2434 ἐρυθριάσῃ;
1840 2361 1951 2414 Καὶ

365 2459 455 2513 διὰ
479 2448 648 2512 ’τοῦτο
680 2457 788 2526 ἄρα
831 2457 951 2510 κατ’
995 2456 1171 2528 ἀρχὰς
1202 2457 1302 2511 οὑκ
1336 2452 1404 2527 ἦν
1447 2455 1649 2526 ὁμοίως
1688 2455 1778 2508 τὸν
1822 2453 1952 2506 Υἱὸν

367 2549 516 2603 ὥσπε
527 2567 558 2620 ρ
585 2550 677 2602 τὸν
712 2549 934 2618 Πατέρα
963 2547 1425 2617 καταγγέλλεσθαι
1451 2548 1651 2619 ῥᾴδιονο
1681 2546 1797 2600 ἀλλ’
1832 2543 1951 2598 έτέ-
1981 2555 1990 2564 ’

373 2659 495 2715 ραις
525 2638 976 2712 ίσοδυναμοὺσαις
1004 2643 1208 2709 φωναῖς
1234 2642 1348 2702 τοῖς
1371 2639 1470 2692 οὐκ
1499 2639 1739 2704 ἀναξίοις
1764 2639 1798 2708 ἠ
1822 2637 1952 2707 περὶ

368 2732 534 2787 αὑτοῦ
581 2731 940 2802 μυσταγωγία
968 2731 1316 2802 παρεδίδοτο,
1346 2729 1612 2802 βραχίονι,
1648 2730 1816 2798 λέγω,
1857 2729 1954 2783 καὶ

369 2826 518 2897 δεξιᾷ
542 2830 634 2879 καὶ
661 2826 845 2896 σοφίᾳ,
881 2825 975 2878 καὶ
1003 2827 1116 2888 τοῖς
1147 2823 1542 2896 παραπλησίαν
1573 2821 1950 2891 ὑποϐαλλομέ-

369 2936 481 2982 νοις
509 2919 607 2988 τὴν
636 2917 885 2988 δύναμιν.
926 2917 993 2971 Ἦ
1019 2917 1076 2970 δὲ
1104 2916 1197 2969 τοῦ
1237 2915 1370 2968 Υἱοῦ
1406 2913 1752 2985 προσηγορία
1792 2913 1953 2982 σιγῆς

370 3011 539 3082 ὁρίοις
568 3009 954 3079 ὲθαλαμεὺετο.
979 3010 1078 3060 Διὰ
1107 3006 1188 3072 τί;
1223 3007 1367 3059 Διότι
1396 3006 1458 3058 τὸ
1489 3005 1590 3076 μὲν
1631 3005 1763 3070 Υἱὸς
1793 3003 1954 3056 αὑτό-

373 3102 463 3156 θεν
490 3119 550 3153 τε
593 3101 688 3153 καὶ
727 3099 927 3153 αὐτίκα
965 3097 1230 3168 διαφορὰν
1265 3095 1560 3167 προσώπου
1593 3094 1952 3164 συνεπιφέρε-

263 3206 266 3208 ’
369 3209 501 3254 ται,
535 3191 563 3242 ὃ
612 3191 740 3252 τοὺς
785 3188 1210 3258 ἀσθενεστέρους
1259 3187 1292 3256 ἢ
1350 3185 1837 3255 φιλοτιμουμένους
1893 3182 1953 3236 τὸ
1981 3228 2024 3287 C

373 3285 676 3353 φιλόνεικον
719 3281 857 3353 πρὸς
898 3281 958 3333 τὸ
1003 3279 1264 3332 πολύθεον
1297 3276 1660 3341 ὑποσκελίζει.
1707 3275 1772 3328 Ἡ
1803 3275 1955 3339 δεξιὰ

371 3377 429 3430 δὲ
466 3376 560 3431 καὶ
589 3377 691 3428 ὅσα
721 3372 1014 3442 ἐφάμιλλα,
1049 3369 1247 3440 μικροῦ
1278 3369 1378 3440 τὴν
1409 3367 1582 3439 ῥοπὴν
1607 3366 1948 3431 ὲξισάζοντα,

371 3470 636 3539 διαφοράν
675 3486 735 3522 τε
771 3465 1115 3539 παραδηλοῦν
1150 3464 1522 3524 ὑποστάσεων,
1558 3464 1652 3514 καὶ
1695 3457 1956 3530 πρὸςτὴν

373 3560 544 3631 αὐτὴν
575 3560 670 3613 καὶ
719 3559 848 3628 μίαν
878 3554 1238 3624 συνάγεσθαι,
1271 3552 1454 3606 οὑκέτι
1487 3550 1598 3612 τοῖς
1633 3550 1768 3618 πρὸς
1801 3547 1958 3600 εἰδωο

374 3650 693 3722 λολατρείαν
754 3647 1038 3719 κεχηνόσιν
1111 3644 1334 3715 ἀφορμὴ
1400 3641 1499 3710 τῆς
1560 3639 1681 3709 ἴσης
1754 3638 1957 3708 βλάϐης

374 3745 604 3798 ἐγίνετο.

557 3763 665 3885 ἵξαὶ
702 3829 884 3900 μέντοι
925 3827 1020 3879 καὶ
1071 3823 1164 3877 τοῦ
1218 3823 1536 3891 Πνεὺματος
1577 3821 1610 3889 ἡ
1653 3819 1804 3888 φωνὴ
1836 3820 1958 3870 ἐπι..

343 3954 346 3957 ·
381 3923 700 3996 μερίζεσθαι
735 3919 1009 3990 δυναμένη
1049 3916 1186 3987 πρός
1223 3911 1283 3967 τε
1325 3914 1386 3966 τὸ
1424 3913 1832 3967 αὑθυπόστατον
1865 3910 1959 3962 καὶ

379 4014 516 4086 πρός
538 4031 601 4080 γε
636 4017 698 4066 τδ
730 4012 1113 4072 ὲνυπόστατον,
1151 4009 1250 4078 οὑχ
1275 4005 1466 4077 ὥσπερ
1498 4009 1530 4076 ἠ
1559 4006 1831 4076 ’ὀνομασία
1861 4005 1956 4059 τοῦ

381 4105 510 4158 Υἱοῦ
566 4105 691 4168 τοὺς
738 4104 812 4175 μὴ
864 4101 1222 4173 βουλομένους
1268 4101 1431 4156 αὑτὸν
1480 4099 1600 4154 καθ’
1657 4099 1957 4152 ὑπόστασιν

377 4198 639 4267 αὐτοτελῆ
687 4195 1091 4267 παραδέχεσθαι
1135 4192 1532 4263 συναναγκάζει
1589 4192 1684 4246 καλ⁵
1730 4191 1955 4261 μετάγει

378 4289 517 4360 πρὸς
580 4287 1012 4357 συγκατάθεσιν,
1049 4285 1162 4339 ἀλλ’
1199 4283 1279 4336 ἔτι
1338 4283 1509 4336 δεῖται
1560 4281 1663 4352 τῆς
1716 4279 1806 4334 διὰ
1847 4280 1958 4334 τῶν

2056 1993 2246 2049 Viden”
2285 2002 2345 2048 ut
2367 1994 2530 2048 dulce
2559 2009 2837 2062 suaveque
2879 1995 2953 2050 sit
2980 1997 3234 2050 humanae
3277 2006 3488 2052 natura:
3534 1997 3640 2051 Pa-

2049 2098 2188 2141 trem
2227 2087 2329 2142 sibi
2366 2100 2561 2142 vocare
2597 2085 2806 2141 Deum!
2861 2085 2978 2142 Jam
3027 2087 3096 2142 de
3146 2086 3284 2142 Filio
3325 2096 3382 2141 et
3432 2087 3637 2158 Spiritu

2049 2178 2176 2248 quis
2205 2177 2500 2247 quidquam
2528 2177 2840 2246 hujusmodi
2891 2181 3145 2234 molietur
3173 2180 3515 2249 impudenter
3557 2181 3632 2236 di-

2051 2287 2177 2326 cere
2213 2271 2236 2325 ?
2278 2271 2487 2327 Idcirco
2520 2271 2676 2326 initio
2705 2272 2849 2326 haud
2890 2271 3088 2328 Filium
3134 2288 3289 2342 teque
3335 2273 3494 2328 facile
3535 2272 3640 2326 fuit

2053 2365 2346 2430 nuntiare,
2379 2373 2438 2418 ut
2473 2364 2685 2418 Patrem
2716 2381 2731 2418 :
2777 2364 2868 2418 sed
2901 2363 3023 2419 aliis
3050 2363 3502 2432 aequivalentibus
3537 2377 3638 2417 vo—

2052 2457 2210 2513 cibus
2249 2471 2403 2511 sacra
2445 2455 2688 2524 ejusdem
2718 2455 2913 2511 notitia
2945 2455 3011 2509 ad
3045 2470 3208 2510 aures
3237 2470 3341 2508 non
3385 2454 3641 2523 indigno-

2054 2565 2174 2604 rum
2199 2548 2529 2604 elferebatur
2559 2565 2574 2601 :
2607 2547 2924 2613 vocabulis,
2959 2548 3213 2616 inquam,
3243 2546 3474 2610 brachii,
3508 2549 3640 2601 der.

2051 2648 2204 2706 terte,
2231 2639 2532 2709 sapientiae,
2571 2647 2736 2709 atque
2761 2639 2884 2693 aliis
2915 2639 3254 2692 consimilem
3288 2638 3400 2692 vim
3433 2639 3643 2692 haben-

2055 2734 2230 2800 tibus;
2264 2733 2482 2788 interim
2512 2733 2642 2787 dum
2684 2735 2860 2802 ipsutn
2888 2731 3008 2785 Filii
3037 2747 3235 2786 nomen
3266 2732 3405 2786 intra
3437 2732 3641 2786 silentii

2055 2827 2191 2882 lines
2231 2826 2637 2882 continebatur.
2673 2825 2784 2880 (Zur
2817 2826 3022 2895 porro?
3061 2825 3189 2895 quia
3236 2825 3409 2880 Filius
3447 2834 3501 2880 et
3541 2840 3635 2895 per

2054 2935 2115 2975 se
2151 2929 2206 2975 et
2243 2929 2490 2974 actutum
2533 2917 2853 2973 diﬂerentiaa
2901 2933 3195 2988 personam
3228 2917 3439 2972 invehit
3471 2935 3484 2970 :
3517 2932 3641 2986 quae

2055 3027 2146 3066 res
2176 3010 2508 3065 infirmiores
2542 3009 2754 3064 animos
2785 3019 2950 3078 atque
2980 3024 3232 3063 morosos
3264 3009 3316 3062 in
3347 3009 3646 3079 polytheis-

2056 3118 2205 3156 mum
2278 3102 2584 3172 praecipites
2642 3101 3023 3170 pertraxisset.
3082 3099 3418 3155 Vocabulum
3461 3112 3642 3154 autem

2056 3194 2282 3248 dextera
2313 3201 2368 3245 et
2406 3191 2607 3246 similia
2642 3191 2848 3259 qumvis
2874 3232 2889 3253 ,
2938 3206 3061 3244 cum
3103 3192 3158 3243 in
3187 3198 3474 3259 utramque
3518 3206 3646 3259 par-

2059 3295 2166 3340 tem
2220 3283 2393 3339 ferme
2427 3283 2684 3345 valeant,
2739 3298 2929 3352 nempe
2966 3292 3020 3336 et
3058 3282 3124 3335 ad
3157 3281 3643 3335 demonstrandam

2057 3392 2416 3447 personarum
2449 3376 2860 3431 distinctionem
2889 3417 2904 3442 ,
2944 3385 2999 3430 et
3032 3375 3099 3427 ad
3138 3373 3474 3428 suadendatn
3505 3374 3597 3430 div
3619 3403 3644 3412 -

2058 3469 2247 3524 nitatis
2278 3469 2547 3522 unitatem
2576 3509 2590 3533 ,
2640 3468 2960 3522 idololatriae
2996 3465 3259 3522 studiosis
3293 3480 3641 3536 nequaquam

2057 3561 2208 3632 paris
2233 3560 2551 3616 detrimenti
2583 3575 2750 3616 causa
2786 3560 3041 3615 fuissem.

2131 3825 2185 3880 6.
2222 3825 2456 3896 Insuper
2489 3825 2724 3892 Spiritus
2753 3839 2974 3894 quoque
3003 3824 3328 3879 vocabulum
3360 3839 3484 3879 cum
3523 3840 3648 3893 pro-

2059 3918 2298 3972 nuntiari
2327 3919 2502 3986 possit
2526 3927 2578 3970 et
2616 3919 2682 3971 de
2716 3933 2772 3971 re
2811 3934 2905 3985 per
2939 3933 2998 3971 se
3030 3919 3458 3973 subsistente'et
3490 3918 3557 3972 de
3591 3933 3650 3972 re

2059 4011 2354 4064 etsistente
2394 4010 2447 4063 in
2493 4009 2797 4064 substantia
2837 4010 3036 4075 aliena,
3071 4010 3214 4065 haud
3245 4025 3400 4080 teque
3423 4026 3487 4064 ac
3524 4011 3668 4074 Filii

2060 4102 2350 4172 appellatio
2405 4101 2654 4157 nolentes
2692 4101 2921 4170 impellit
2964 4110 3019 4155 et
3068 4102 3216 4173 cogit
3261 4104 3327 4156 ad
3369 4102 3645 4170 fatendam

2059 4192 2335 4248 definitam
2367 4208 2465 4262 per
2488 4207 2549 4248 se
2580 4206 2897 4263 personam,
2934 4191 3029 4248 sed
3063 4204 3184 4263 eget
3217 4193 3398 4248 adhuc
3425 4194 3652 4248 ratioci-

2060 4285 2139 4340 nii
2200 4284 2547 4354 argumentis
2603 4292 2660 4340 et
2705 4284 3228 4340 consultationibus.
3281 4284 3489 4340 Idcirco
3543 4286 3648 4340 etsi

377 4381 610 4450 λογικῶν
653 4381 997 4449 κατασκευῆς
1036 4377 1130 4430 καὶ
1177 4375 1627 4444 συνεπικρίσεως.
1658 4373 1758 4427 Διὰ
1800 4374 1951 4427 τοῦτο

2061 4376 2304 4446 Spiritus
2336 4377 2516 4430 ratius
2545 4391 2708 4445 quam
2734 4375 2917 4442 Pater,
2943 4375 3286 4446 frequentius
3315 4393 3448 4432 vero
3479 4393 3645 4447 quam

378 4473 487 4544 ἄρα
529 4473 579 4524 εί
629 4473 724 4524 καὶ
755 4471 817 4523 τὸ
863 4469 1084 4539 Πνεῦμα
1131 4462 1295 4539 ἦττον
1334 4467 1433 4538 μὲν
1473 4468 1618 4538 ἥπερ
1655 4467 1684 4518 ὁ
1724 4466 1951 4539 Πατὴρ,

2060 4465 2233 4519 Filius
2258 4504 2271 4528 ,
2321 4466 2450 4520 olim
2483 4467 2809 4536 praedicatus
2844 4467 2989 4532 fuit,
3040 4482 3150 4522 non
3183 4476 3365 4522 tamen
3398 4469 3487 4524 hic
3513 4470 3652 4524 ordo

370 4563 582 4633 ’μᾶλλον
618 4563 675 4616 δὲ
708 4563 852 4632 ἥπερ
897 4564 924 4615 ὁ
953 4562 1099 4626 Υἱὸς,
1129 4559 1247 4613 κατ’
1278 4558 1451 4631 ἀρχὰς
1501 4557 1852 4631 ὲκηρύττετο,
1892 4556 1951 4610 οὑ

2061 4554 2469 4625 praedicationis
2500 4557 2751 4612 eumdem
2782 4557 2836 4611 in
2874 4558 3256 4613 numeratione
3285 4575 3502 4628 quoque
3525 4576 3650 4629 gra-

378 4657 591 4710 δίδωσιν
637 4654 788 4726 αὑτῷ
831 4655 926 4708 τοῦ
971 4653 1325 4725 κηρύγματος
1367 4654 1400 4724 ἡ
1445 4652 1601 4719 τάξις
1639 4651 1737 4724 τὴν
1789 4649 1951 4722 αὑτὴν

2057 4648 2188 4703 dum
2216 4657 2534 4704 conservat.
2556 4647 2692 4703 Nam
2721 4649 2884 4705 Pater
2913 4659 2968 4706 et
2993 4649 3164 4708 Filius
3190 4652 3373 4706 statim
3405 4667 3472 4707 ac
3510 4668 3651 4721 pra:-

379 4749 437 4799 ὲν
481 4750 548 4818 τῇ
583 4747 980 4817 συναριθμήσει
1025 4745 1380 4799 κατάστασιν.
1445 4743 1504 4797 '0
1550 4744 1649 4816 μὲν
1697 4743 1806 4814 γὰρ
1841 4743 1951 4796 Πα-

2058 4747 2312 4799 dicantur
2340 4781 2356 4808 ,
2389 4742 2722 4796 individuam
2749 4740 3163 4796 subsistentiam
3197 4756 3308 4810 pra:
3334 4755 3394 4796 se
3426 4741 3644 4795 ferunt:

377 4837 484 4908 τὴρ
567 4837 660 4890 καὶ
723 4837 852 4900 Υἱὸς
923 4836 1355 4907 κηρυττόμενοι,
1427 4834 1491 4888 τὺ
1553 4833 1951 4889 αὑθυιτόστοιτοιΙ

2061 4837 2300 4908 Spiritus
2355 4847 2534 4890 autem
2585 4833 2912 4889 vocabulum
2953 4849 3272 4904 quanquam
3311 4833 3651 4888 iudividuam

379 4929 818 5000 ἁνεπιμερίστως
880 4928 1226 4996 εἰσάγουσινο
1293 4929 1327 4997 ή
1382 4925 1441 4979 δὲ
1501 4925 1594 4980 τοῦ
1646 4926 1951 4996 Πνεὺματος

2059 4930 2266 5000 pariter
2299 4928 2720 4984 subsistentiam
2755 4927 3020 4982 denotare
3053 4937 3233 4996 potest
3261 4965 3278 4990 ,
3320 4941 3425 4980 non
3466 4935 3653 4980 tamen

382 5021 536 5093 φωνὴ
571 5021 848 5091 δυναμένη
874 5019 973 5093 μὲν
999 5018 1197 5089 ὁμοίως
1217 5015 1413 5086 δηλοῦν
1439 5017 1500 5071 τὸ
1526 5017 1951 5080 αὑθυπόστατον1

2064 5022 2132 5076 ad
2177 5036 2470 5092 personam
2517 5019 2898 5081 tantummodo
2935 5019 3210 5085 refertur;
3255 5019 3488 5088 idecque
3515 5034 3654 5087 pra:-

381 5115 481 5182 οὑχ
527 5113 729 5181 ὁμοίως
778 5113 835 5165 δὲ
884 5111 1018 5182 πρὸς
1057 5111 1224 5182 μόνην
1258 5110 1558 5163 ὑπόστασιν
1592 5109 1951 5174 ἀποδίδοσθαι,

2065 5113 2298 5170 cedendi
2360 5113 2679 5184 dignitatem
2731 5128 2839 5167 non
2885 5121 3085 5168 servat.
3137 5109 3408 5166 Pra'terea
3465 5111 3509 5165 si
3558 5124 3658 5180 per

382 5202 443 5254 οὑ
475 5201 828 5267 συνδιασώζει
857 5202 950 5256 τοῦ
974 5201 1371 5273 προτάττεσθαι
1405 5201 1465 5254 τὸ
1494 5200 1732 5270 ἀξίωμα.
1762 5201 1884 5253 Ἔτι
1905 5200 1951 5254 δὲ

2068 5205 2266 5262 Filium
2303 5204 2546 5276 Spiritus
2590 5209 2657 5260 ad
2702 5205 3003 5274 disripulos
3043 5205 3250 5260 missus
3283 5203 3426 5269 fuit,
3461 5213 3654 5258 natura

385 5295 434 5344 εἰ
458 5292 547 5346 διὰ
567 5293 662 5346 τοῦ
678 5294 809 5348 Υίοῦ
832 5295 891 5347 τὸ
909 5293 1132 5364 Πνεῦμα
1151 5294 1262 5357 τοῖς
1288 5291 1557 5364 μαθηταῖς
1577 5292 1951 5358 ἀπεστέλλετο1

2069 5299 2190 5370 ejus
2222 5299 2493 5354 mittendo
2525 5313 2634 5354 non
2673 5299 2962 5354 imminuta
2996 5298 3093 5354 sed
3129 5306 3333 5354 statum
3367 5311 3528 5352 suum
3564 5311 3656 5350 re-

384 5385 483 5452 τῆς
512 5384 818 5456 ἀποστολῆς
845 5385 944 5456 τὴν
975 5387 1136 5454 φύσιν
1161 5384 1310 5437 οὐδὲν
1352 5383 1704 5452 ἐλαττοὺσης,
1733 5383 1870 5436 ἀλλὰ
1901 5383 1951 5437 τὲ

2071 5392 2301 5454 tineute,
2331 5391 2467 5446 ordo
2497 5407 2715 5460 quoque
2747 5392 3104 5461 proprietates
3124 5389 3444 5460 personales
3475 5402 3658 5443 recen-

387 5476 809 5546 ἀπαράλλακτον
857 5476 1267 5549 συντηροῦσης,
1310 5477 1344 5542 ἡ
1383 5474 1524 5529 κατὰ
1566 5475 1951 5546 συναοίθμησιι

2074 5478 2230 5533 sendi
2259 5478 2548 5548 designare
2581 5477 2786 5548 pariter
2817 5494 2882 5534 ac
2913 5478 3209 5550 praedicare
3237 5476 3438 5548 poterit
3460 5476 3659 5530 immu-

1897 5679 2131 5737 ΝΟΤᾸΞ.

393 5872 404 5882 ⁸
461 5799 574 5924 ι’ῑιιῗ)
612 5801 783 5881 Plato
847 5800 1005 5870 epist.
1067 5795 1152 5854 VI.
1215 5807 1268 5853 ct
1321 5797 1468 5852 alibi.
1528 5796 1661 5851 Nam
1722 5795 2000 5853 Platonem
2042 5798 2318 5856 Aristonis
2362 5799 2534 5854 lilium
2567 5797 2658 5854 hic
2686 5797 2961 5870 designari
2996 5813 3025 5853 a
3069 5798 3262 5853 Photio
3328 5811 3489 5852 nemo
3555 5811 3661 5849 non

393 5882 504 5924 tttlc
554 5883 665 5924 ιιειι.

392 5882 665 5942 ιιιιυιιιειι.
