4110 6434
429 391 538 455 923

1597 394 1860 456 ΡΗΟΤῙΙ
1888 392 2405 456 ΡΑΤΒΙΑΒΟΗᾸΞ
2444 394 2555 456 CP.

3607 394 3714 460 924

432 504 756 561 tabilitatem
789 519 855 562 ac
876 505 1308 562 distinctionem.
1345 505 1597 572 Addesis,
1629 506 1779 577 quod
1806 506 2020 561 theolo-

2131 505 2275 573 τάξις
2306 505 2416 559 τῶν
2450 504 2592 559 κατὰ
2626 503 2725 569 τὰς
2754 504 3087 573 ὑποστάσεις
3122 504 3433 577 ἰδιωμάτων
3467 506 3712 560 συνδιευ-

434 597 612 668 gicam
655 595 897 668 Spiritus
937 598 1189 654 notitiam
1221 614 1254 655 a
1293 597 1434 653 Filio
1463 598 1792 664 didicimus;
1827 612 2024 667 nempe

432 688 585 743 illum
619 705 650 745 a
676 686 837 746 Patre
868 691 1165 761 procedere
1189 732 1206 759 ,
1246 700 1301 747 et
1328 691 1381 747 in
1413 691 1533 762 pari
1565 691 1758 746 ordine
1786 690 2026 745 colloca-

434 789 548 834 tum
575 797 698 837 esse
726 798 848 837 cum
877 784 1040 839 Patre
1068 783 1319 854 Filioque
1341 826 1355 851 ,
1390 793 1445 839 et
1472 784 1707 855 denique
1731 782 2023 855 perfectio-

434 886 566 924 num
596 886 720 927 esse
752 874 1101 944 magistrum.
1130 872 1266 929 Nam
1298 890 1442 944 qua,
1472 882 1696 945 propter
1723 872 2022 929 humanam

435 959 809 1016 inﬁrmitatem
845 964 1088 1019 nondum
1116 964 1444 1035 perfectiora
1475 965 1782 1034 capientem
1808 1004 1824 1029 ,
1854 964 2026 1020 disci-

434 1050 596 1119 pulos
628 1049 889 1107 Servator
922 1069 1031 1108 non
1056 1055 1265 1120 docuit,
1296 1070 1361 1109 ea
1395 1053 1525 1124 ipsis
1557 1069 1589 1109 a
1619 1052 1903 1108 Paracleto
1932 1052 2027 1107 de-

434 1152 804 1199 monstratum
857 1145 925 1201 iri
984 1148 1259 1217 promisit.
1300 1146 1444 1217 Ergo
1504 1146 1668 1215 huius
1721 1145 2027 1216 perspicua:

434 1234 582 1290 circa
614 1236 880 1307 Spiritum
907 1240 1194 1309 theologiae
1217 1278 1233 1303 ,
1280 1240 1345 1294 ad
1386 1255 1551 1310 quam
1593 1239 1846 1293 humanae
1878 1236 2024 1293 vires

436 1342 544 1381 non
573 1331 975 1400 pertingebant,
997 1342 1318 1402 praesentem
1341 1332 1395 1386 in
1421 1332 1555 1387 orbe
1584 1331 1784 1386 Filium
1810 1337 2027 1385 constat

434 1415 606 1475 fuisse
633 1424 1075 1492 antesignanum.

2126 601 2336 669 κρινεῖν
2364 615 2425 652 τε
2458 599 2553 653 καὶ
2595 596 3097 670 συνανακηρύττειν
3128 598 3332 653 δύναιτ’
3360 598 3429 655 ἂν
3460 598 3524 652 τὸ
3553 600 3713 653 ἀναλ-

2123 687 2347 743 λοίωτον
2378 688 2473 741 καὶ
2510 686 2839 758 ἅσύγχυτον.
2872 689 2984 743 Καὶ
3015 689 3124 762 μὴν
3169 690 3266 744 καὶ
3306 689 3444 745 διότι
3477 689 3714 761 μάλιστα

2122 776 2223 849 τὴν
2253 777 2533 848 θεολογίαν
2560 776 2657 831 τοῦ
2698 779 3020 850 Πνεύματος
3050 780 3204 852 παρά
3231 780 3327 835 τοῦ
3358 780 3490 833 Υίοῦ
3529 797 3713 852 μεμα-

2127 869 2376 942 θήκαμεν
2398 887 2413 903 ⁸
2442 871 2839 942 ἐκπορεύεσθαι
2876 872 2986 944 γὰρ
3031 874 3165 927 αὐτὸ
3200 872 3297 927 τοῦ
3334 875 3571 944 Πατρδς,
3623 872 3716 926 καὶ

2126 964 2265 1035 πρὸς
2305 965 2551 1037 ὁμοταγῆ
2592 963 2746 1029 τάξιν
2792 964 3087 1037 ἀνηνέχθαι
3111 965 3189 1036 τῷ
3217 984 3276 1019 τε
3307 966 3485 1037 Πατρὶ
3511 966 3608 1020 καὶ
3636 964 3714 1035 τῷ

2125 1056 2260 1127 Υίῴο
2292 1058 2386 1110 καὶ
2420 1057 2501 1112 ὁτι
2532 1057 2639 1112 τῶν
2670 1058 3026 1128 τελειοτήτων
3056 1057 3190 1112 αὐτὸ
3220 1056 3589 1129 χρηματίζειν
3631 1057 3712 1110 δι-

2123 1147 2411 1203 δάσκαλον·
2441 1148 2477 1203 ἃ
2504 1150 2614 1221 γάρ
2634 1149 2761 1213 τοὺς
2785 1149 3034 1221 μαθητὰς
3050 1151 3152 1222 τῆς
3180 1150 3531 1222 ἀνθρωπίνης
3558 1150 3718 1205 ἀσθερ

2123 1259 2181 1295 νε
2191 1242 2273 1305 ίας
2295 1240 2452 1295 οὔπω
2472 1242 2541 1295 τὰ
2561 1241 2869 1313 τελεώτερα
2887 1243 3341 1315 παραδεχομένης
3376 1244 3478 1296 οὐκ
3513 1245 3538 1295 ἐ
3546 1260 3719 1314 μυστ-

2125 1332 2421 1405 αγώγησεν
2449 1336 2477 1387 ὁ
2511 1336 2726 1407 Σωτὴρ,
2753 1334 2844 1388 τὸν
2879 1335 3240 1408 Παράκλητον
3279 1336 3465 1399 αὐτοῖς
3488 1336 3717 1390 ἐκείνων

2134 1425 2391 1493 γενέσθαι
2434 1426 2752 1481 διδάσκαλον
2796 1428 3167 1498 ἐπηγγείλατο
3190 1446 3203 1459 ·
3236 1428 3442 1499 ταύτης
3484 1428 3580 1482 οὖν
3618 1428 3719 1499 τῆς

434 1514 764 1583 εἰλικρινοῦς
798 1516 930 1586 περὶ
957 1517 1053 1570 τοῦ
1093 1517 1412 1588 Πνεύματος
1433 1518 1735 1587 θεολογίας,
1766 1517 1863 1572 καὶ
1924 1516 2062 1588 πρὸς
2098 1518 2165 1589 ἢν
2194 1519 2256 1572 τὸ
2320 1520 2661 1591 ἀνθρώπινον
2704 1520 2804 1574 ούκ
2834 1523 3066 1592 ἀνήγετο
3086 1562 3101 1587 ,
3153 1522 3182 1575 ὁ
3210 1521 3337 1586 Υίὸς
3367 1522 3720 1593 ἐπιδημήσας

433 1610 632 1681 ὁρᾶται
665 1612 1143 1683 καθηγησάμενος.

507 1704 559 1760 7.
602 1704 773 1774 Igitur
805 1714 859 1760 et
899 1707 1029 1776 quia
1068 1707 1216 1777 prior
1244 1714 1328 1761 est
1362 1706 1538 1763 Patris
1559 1707 1785 1774 notitia;
1816 1715 1871 1762 et
1898 1706 2025 1777 quia

2207 1704 2273 1769 ζ’.
2314 1703 2412 1757 Διά
2441 1721 2498 1757 τε
2535 1697 2631 1757 οὖν
2664 1701 2727 1755 τδ
2765 1700 3209 1773 προκαταλαϐεῖν
3249 1700 3349 1772 τὴν
3380 1702 3582 1770 γνῶσιν
3620 1702 3717 1756 τοῦ

433 1809 502 1849 ex
551 1796 669 1866 ipso
710 1796 884 1853 Filius
923 1797 1272 1868 Spiritusque
1321 1799 1658 1869 procedunt;
1703 1809 1757 1854 et
1798 1800 1928 1870 quia
1968 1800 2023 1854 lii

2134 1798 2368 1869 Πατρὸς,
2413 1797 2507 1850 καὶ
2534 1798 2615 1849 ὅτι
2648 1795 2706 1862 ἐξ
2736 1794 2903 1850 αὑτοῦ
2944 1794 3044 1866 τὴν
3070 1794 3296 1866 πρόοδον
3325 1796 3354 1849 ὅ
3382 1812 3442 1848 τε
3469 1796 3595 1860 Υίδς
3626 1797 3720 1849 καὶ

435 1888 653 1955 quidem
684 1889 752 1944 ab
782 1890 875 1945 illo
908 1905 1133 1945 manare
1162 1890 1271 1946 dici
1300 1900 1545 1961 queunt,
1576 1891 1681 1947 iste
1708 1892 1778 1946 ab
1806 1893 1892 1948 his
1918 1908 2026 1947 non

2131 1891 2191 1944 τὸ
2217 1890 2444 1959 Πνεῦμα
2474 1888 2610 1959 ἔχει·
2648 1890 2741 1943 καὶ
2769 1889 2838 1942 τὰ
2868 1888 2991 1958 μὲν,
3023 1889 3083 1953 ἐξ
3112 1887 3281 1942 αύτοῦ
3311 1888 3597 1960 προελθεῖν
3627 1890 3720 1942 δύ-

436 1977 604 2048 item;
659 1992 713 2037 et
749 1983 878 2053 quia
929 1982 1023 2038 Dei
1068 1981 1250 2037 Patris
1283 1999 1483 2039 nomen
1526 1985 1578 2037 in
1612 1984 1895 2039 hominum
1926 2000 2029 2041 usu

2131 1998 2286 2034 ναται
2317 1979 2598 2048 λέγεσθαι,
2640 1981 2669 2033 ὁ
2703 1978 2760 2032 δέ
2803 1979 3017 2032 οὐκέτι·
3067 1978 3163 2032 καὶ
3200 1978 3293 2033 τὸν
3340 1980 3459 2050 μὲν,
3501 1982 3559 2033 ἐν
3606 1978 3718 2033 ἐθει

438 2085 729 2143 versatur,
780 2075 945 2147 idque
995 2076 1134 2131 adeo
1179 2091 1447 2147 usurpare
1493 2078 1785 2147 gestimus;
1835 2088 2031 2134 caetera

434 2170 546 2226 duo
578 2184 645 2223 ne
677 2178 859 2223 mente
895 2169 1112 2239 quidem
1155 2169 1263 2225 sibi
1299 2170 1573 2241 quispiam
1606 2170 1893 2227 vindicare
1929 2186 2025 2242 po-

437 2268 582 2328 test;
617 2269 671 2315 et
694 2261 825 2330 quia
856 2260 951 2315 Dei
981 2259 1160 2317 Patris
1184 2276 1383 2319 nomen
1408 2263 1567 2320 dulce
1588 2274 1917 2336 gratumque
1941 2272 2028 2320 est

434 2360 705 2408 creaturae
738 2351 845 2407 sibi
875 2352 929 2407 id
960 2352 1283 2409 inscribenti
1306 2395 1322 2422 ,
1368 2354 1459 2410 illa
1484 2370 1617 2412 vero
1659 2356 1866 2412 aditum
1897 2356 2025 2412 nul-

438 2444 551 2499 lum
582 2443 899 2514 patiuntur;
942 2452 1000 2500 et
1026 2446 1263 2517 denique
1292 2456 1514 2517 propter
1548 2447 1658 2503 alia
1683 2448 1797 2519 jam
1838 2447 1985 2504 dicta
2007 2486 2024 2514 ,

438 2535 588 2591 hunc
620 2535 863 2591 Ecclesia
890 2538 1140 2594 ordinem
1174 2540 1227 2594 in
1262 2542 1615 2597 recensendis
1659 2542 2028 2598 consubstan-

435 2626 660 2682 tialibus
698 2626 1169 2698 homogeneisque
1211 2630 1463 2699 personis
1503 2638 1821 2685 constanter
1848 2630 2027 2684 admi-

435 2720 529 2777 sit.
561 2718 667 2775 Sed
694 2720 812 2775 haec
831 2720 900 2775 de
920 2720 1265 2776 numerando
1293 2722 1455 2777 Patre
1478 2730 1532 2777 et
1560 2721 1699 2777 Filio
1726 2732 2029 2794 sanctoque

441 2810 651 2882 Spiritu
683 2812 1040 2868 elementaria
1068 2813 1281 2869 theoria
1315 2814 1580 2870 hactenus
1609 2833 1625 2870 :
1662 2831 1900 2887 namque
1931 2815 2029 2871 ab-

437 2903 672 2960 solutior
698 2905 1123 2975 accuratiorque
1148 2914 1412 2963 tractatus
1443 2906 1721 2977 peculiare
1754 2907 1858 2965 sibi
1887 2921 2028 2980 opus

437 2996 681 3066 postulat
715 3007 882 3067 atque
913 2998 1105 3067 exigit.

438 3124 770 3193 QUALsTio
808 3124 967 3183 CXCI
1008 3127 1198 3202 [CoisL
1234 3129 1446 3196 ccxx,
1490 3129 1656 3188 Taur.
1690 3131 1890 3207 CCXI].
1913 3134 2028 3206 (79)

439 3238 554 3293 Cur
597 3242 817 3320 [inmani
864 3244 1067 3320 generis
1118 3242 1406 3320 redemptio
1459 3262 1623 3318 neque
1664 3264 1758 3317 per
1799 3247 2026 3320 aliquem

512 3314 930 3390 ea§_incor,_i02-e_is
974 3315 1254 3390 virtutibus
1284 3314 1544 3390 genium,
1574 3314 1737 3389 neque
1772 3335 1865 3390 per
1888 3314 2029 3376 ἰίιη-

516 3382 702 3450 plicem
757 3382 1060 3455 hominem,
1111 3386 1202 3440 sed
1249 3382 1345 3455 per
1409 3386 1566 3443 Verbi
1611 3382 2029 3447 easina'nidonem

517 3464 731 3523 peracta
763 3454 948 3523 fuerit.

2127 2070 2494 2143 χρηματίζειν
2514 2072 2626 2135 τοῖς
2646 2070 2957 2141 ἀνθρώποις
2977 2070 3378 2137 ἐξοικειοῠσθαι
3405 2071 3501 2125 καὶ
3528 2071 3721 2125 ἑαυτὸν

2126 2163 2553 2234 ἐπιγράφεσθαι,
2585 2162 2659 2217 τὰ
2682 2162 2740 2216 δέ
2772 2161 2947 2226 οὐδεὶς
2976 2162 3312 2217 ἐπινοεῖσθαι
3347 2163 3595 2239 δύναται·
3621 2164 3719 2216 καὶ

2128 2258 2157 2311 ὁ
2188 2257 2312 2329 μὲν,
2339 2256 2514 2326 γλυκύ
2564 2274 2623 2312 τε
2664 2256 2761 2313 καὶ
2790 2256 3017 2330 ἐπίχαρι
3043 2256 3122 2329 τῷ
3170 2257 3450 2327 πλάσματι
3491 2257 3723 2328 ἐπιγρά-

2127 2350 2358 2420 φεσθαιο
2388 2349 2458 2404 τὰ
2489 2350 2568 2417 δὲ,
2603 2349 2837 2423 πάροδον
2865 2349 3127 2421 οὐδεμίαν
3152 2350 3484 2421 ἐπιδέχεται’
3517 2350 3611 2403 καὶ
3631 2349 3720 2402 διά

2127 2460 2193 2513 γε
2245 2442 2314 2497 τά
2352 2442 2489 2497 ἀλλα
2523 2443 2633 2498 τῶν
2682 2442 3024 2515 εἰρημένων,
3071 2442 3332 2513 τοιαύτην
3387 2441 3568 2496 αὐτῶν
3619 2442 3720 2513 τὴν

2132 2537 2533 2609 συναρίθμησιν
2568 2538 2873 2609 ὁμοουσίων
2911 2538 3081 2592 ὅντων
3105 2537 3201 2593 καὶ
3230 2536 3488 2608 ὁμοφυῶν
3522 2537 3556 2608 ή
3596 2535 3719 2589 Ἐκ-

2131 2630 2334 2703 κλησία
2357 2630 2646 2695 διασώζειν
2665 2630 2742 2696 ώς
2766 2630 2971 2685 ἐπίπαν
3001 2630 3241 2698 ἐδέξατοο
3264 2630 3403 2685 ἀλλά
3435 2629 3545 2699 γὰρ
3574 2628 3713 2698 αὕτη

2135 2724 2233 2797 μὲν
2258 2725 2397 2789 τέως
2430 2724 2574 2778 κατὰ
2597 2724 2688 2778 τὸν
2719 2722 3035 2795 στοιχειώδη
3054 2703 3448 2793 λόγοεῖῐῐατρὸς
3472 2721 3565 2774 καὶ
3586 2719 3717 2773 Υίοῦ

2130 2816 2227 2869 καὶ
2256 2814 2414 2885 ἀγίου
2444 2815 2766 2885 Πνεύματος
2803 2817 2837 2886 η
2866 2814 3073 2885 θεωρία
3105 2814 3208 2884 τῆς
3237 2813 3716 2884 συναριθμήσεωςο

2130 2909 2163 2976 ἡ
2193 2907 2253 2960 δὲ
2278 2908 2597 2979 τελειοτέρα
2624 2907 2720 2962 καὶ
2746 2908 3115 2978 ἀκριϐεστέρα
3146 2905 3453 2975 διάσκεψις,
3491 2903 3721 2969 ἰδιαζού-

2132 3017 2233 3072 σης
2257 3001 2644 3073 πραγματείας
2671 3000 2828 3069 λόγον
2851 3000 3077 3053 ἀπαιτεί
3102 2998 3197 3053 καὶ
3222 2997 3612 3068 ἀπεκδέχεται.

2656 3134 2996 3187 ΕΡΩΤΗΣΙΣ
3032 3128 3196 3200 Ρί-,Α’.

2131 3255 2236 3309 Διά
2263 3254 2321 3307 τί
2350 3252 2459 3325 τοῦ
2490 3251 2769 3325 meum)
2808 3250 3142 3325 ardgawggc
3162 3248 3255 3325 9:2
3276 3244 3377 3325 δςά
3409 3262 3571 3325 τινος
3600 3243 3723 3325 fit”

2203 3316 2539 3402 ᾀσωμάςωᾷθ
2573 3316 2889 3402 δρκάιὶεων
2917 3316 3095 3402 ’ᾒιὸί
3143 3316 3459 3402 ἀνθρώπου
3507 3316 3718 3402 ψιλιοῦ,

2203 3385 2522 3536 ἀλλὶῖὃοιῖιὰ
2574 3392 2686 3463 τῆς
2727 3385 2861 3448 ’τοῦ
2917 3385 3114 3462 Λόγου
3187 3386 3499 3454 κενώσεως
3564 3385 3725 3457 ydro—

2205 3483 2317 3521 νεν
2474 3479 2488 3495 ο

1680 3667 1826 3718 Edita
1846 3682 1874 3719 a
1900 3668 2027 3720 Maio
2053 3671 2110 3734 (ι.
2148 3684 2191 3722 ο..
2217 3670 2472 3733 ist-199).

518 3818 569 3873 ι.
603 3820 687 3875 Ab
712 3822 946 3877 eruditis
972 3819 1257 3877 nonnullis
1278 3821 1451 3893 (μιαιτί
1486 3822 1602 3879 scio
1630 3838 1859 3880 curnam
1885 3840 2029 3881 com-

2208 3844 2241 3881 α
2263 3868 2278 3884 .
2304 3825 2615 3899 Ζητοῦντας
2641 3821 2764 3883 οἶδά
2793 3845 2944 3891 τινας
2964 3827 3073 3883 τῶν
3103 3828 3422 3900 φιλολόγων,
3455 3829 3543 3886 διὰ
3573 3830 3625 3885 τί
3648 3833 3723 3904 μὴ

442 3911 630 3966 munis
662 3911 836 3982 culpae
869 3913 1185 3969 emendatio
1221 3914 1293 3969 ab
1337 3914 1524 3985 aliquo
1573 3915 1796 3973 homine
1826 3921 2033 3974 lcurata

444 4017 553 4057 non
584 4002 787 4071 fuerit;
828 4005 1276 4077 quandoquidem
1309 4007 1647 4079 homogenea
1685 4019 1880 4065 natura
1916 4011 2035 4082 pla-

442 4096 619 4164 cando
650 4096 1148 4168 persuadendoque
1186 4100 1366 4170 aptior
1390 4108 1494 4156 est.
1536 4100 1704 4171 Atqui
1740 4102 1795 4156 hi
1829 4101 1991 4159 facile
2014 4144 2031 4170 ,

445 4188 493 4243 si
526 4189 712 4245 minus
740 4195 926 4258 antea;
958 4202 1108 4248 certe
1134 4208 1282 4248 nunc
1317 4204 1650 4265 cognoscent
1689 4202 1859 4250 totam
1892 4196 2035 4253 hanc

442 4277 712 4333 rationem
758 4280 1140 4336 incarnatione
1201 4281 1369 4337 Verbi
1402 4282 1670 4338 contineri
1702 4300 1715 4337 :
1757 4293 1869 4339 tum
1900 4300 2032 4341 vero

444 4369 645 4423 mirum
681 4369 852 4435 illud,
896 4372 1043 4441 quod
1072 4373 1511 4429 exinanitionem
1546 4374 1766 4431 abunde
1812 4377 2029 4447 explet,

443 4477 719 4530 nusquam
767 4466 1015 4533 potuisse
1046 4466 1309 4531 inveniri,
1360 4468 1407 4523 si
1438 4468 1724 4525 hominum
1754 4470 2033 4541 quispiam

444 4554 514 4609 ab
562 4555 803 4608 humano
832 4570 1035 4625 genere
1078 4556 1442 4613 universalem
1474 4560 1821 4632 tyrannidem
1848 4560 2035 4631 depel-

445 4645 557 4703 lere
587 4646 862 4702 ‘voluisset
913 4646 1033 4702 Jam
1063 4650 1300 4718 primum
1328 4651 1374 4705 is
1398 4653 1490 4721 qui
1523 4668 1636 4708 rem
1672 4661 1877 4708 tantam
1902 4670 2032 4725 per—

443 4741 709 4810 agendam
738 4779 753 4806 ,
792 4755 1257 4812 communemque
1308 4743 1539 4799 salutem
1593 4746 1874 4816 sapientia:
1923 4762 2036 4802 suae

444 4832 651 4887 divitiis
672 4832 989 4903 eximiaque
1013 4833 1258 4889 bonitate
1280 4837 1682 4907 procurandam
1706 4841 2030 4910 susciperet,

446 4924 591 4979 haud
614 4939 682 4979 ex
706 4939 896 4979 eorum
916 4940 1150 4981 numero
1175 4927 1499 4998 deligendus
1524 4942 1659 4995 erat,
1688 4931 1782 5000 qui
1815 4932 2035 4988 aliunde

447 5017 655 5072 servari
688 5015 907 5085 ipsimet
937 5028 1101 5089 atque
1116 5018 1399 5074 emendari
1426 5019 1706 5076 deberent.
1732 5020 1906 5077 Porro
1934 5024 2031 5079 ho-

447 5107 658 5161 minum
688 5107 944 5165 universa
978 5120 1178 5166 natura
1209 5123 1433 5181 peccato
1457 5122 1577 5169 erat
1607 5114 1866 5184 obnoxia,
1891 5117 2035 5172 mul-

446 5207 669 5272 tamque
697 5217 885 5257 curam
909 5203 1255 5262 desiderabat
1283 5218 1450 5278 atque
1471 5210 1863 5280 expiationem.
1883 5211 2029 5280 Quo-

2136 5213 2230 5267 τοῦ
2276 5215 2679 5287 ἁμαρτήματος

448 5291 611 5346 modo
641 5291 806 5361 igitur
825 5290 945 5349 ﬁeri
970 5301 1209 5367 poterat,
1236 5306 1298 5354 ut
1324 5298 1418 5369 qui
1451 5300 1504 5355 in
1526 5301 1716 5359 eadem
1745 5304 2033 5361 medicinae

2136 3918 2232 3973 τοῦ
2269 3919 2453 3974 κοινοῦ
2497 3919 2795 3991 πτώματος
2829 3921 2861 3991 ή
2899 3920 3186 3992 διόρθωσις
3218 3921 3287 3975 δι’
3332 3920 3452 3986 ἐνὸς
3485 3922 3596 3977 τῶν
3629 3924 3725 3977 ἀν-

2138 4009 2375 4083 θρώπων
2408 4011 2665 4081 ἐγένετο·
2706 4011 2769 4065 τὸ
2806 4012 2915 4085 γὰρ
2960 4013 3203 4084 ὁμοφυές
3249 4013 3469 4084 ἀγωγὸν
3524 4015 3726 4086 μᾶλλον

2136 4104 2232 4158 καὶ
2260 4104 2399 4177 πρὸς
2430 4104 2602 4158 πειθὼ
2633 4105 3043 4177 πλησιαίτερον.
3090 4106 3252 4161 Ἀλλά
3281 4107 3392 4180 γὰρ
3421 4109 3521 4163 οὐκ
3550 4109 3727 4180 ἐργῶ-

2134 4197 2222 4261 δες
2255 4199 2461 4264 αὐτοῖς,
2509 4200 2557 4252 εί
2598 4201 2692 4253 καὶ
2735 4198 2810 4271 μή
2843 4200 3145 4273 πρότερον,
3180 4200 3275 4255 νῦν
3303 4200 3439 4271 γοῦν
3482 4203 3724 4273 καθορᾷν

2134 4288 2210 4353 ὡς
2236 4290 2331 4343 καὶ
2359 4290 2532 4344 ταῦτα
2560 4291 2660 4362 μὲν
2684 4294 2748 4363 τῇ
2784 4290 2880 4345 τοῦ
2920 4292 3099 4362 Λόγου
3139 4294 3413 4366 σαρκώσει
3440 4297 3724 4367 περιείλη-

2138 4401 2292 4439 πται·
2326 4383 2363 4439 ἂ
2392 4384 2451 4438 δὲ
2474 4386 2533 4439 τὸ
2559 4386 2875 4457 θαυμαστὸν
2905 4387 3083 4441 ἐκεῖνο
3104 4380 3204 4457 τῆς
3236 4388 3524 4452 κενώσεως
3558 4389 3721 4442 πλου-

2135 4480 2239 4543 τεῖ,
2271 4479 2423 4533 οὐδὲν
2470 4479 2621 4533 ἐστιν
2649 4480 2832 4551 εὑρεῖν
2876 4483 2925 4534 εί
2974 4480 3083 4534 τῶν
3127 4481 3434 4554 ἀνθρώπων
3464 4483 3524 4535 τὸ
3567 4483 3724 4551 γένος

2136 4566 2218 4633 εἷς
2244 4570 2427 4625 αὐτῶν
2454 4571 2823 4642 ἐλευθερῶσαι
2851 4572 2951 4644 τῆς
2982 4572 3124 4627 κατὰ
3159 4576 3378 4629 πάντων
3408 4574 3723 4646 τυραννίδος

2135 4664 2530 4737 ἐπεχείρησεν·
2582 4666 2719 4719 ἀλλὰ
2768 4666 2989 4738 πρῶτον
3045 4667 3144 4738 μὲν
3194 4667 3223 4721 6
3264 4667 3363 4738 τὴν
3416 4668 3722 4737 τηλικαῦτα

2136 4754 2339 4825 πρᾶξιν
2380 4754 2627 4809 ὑπελθὼν
2657 4757 3054 4828 ἀναδεχόμενος
3077 4799 3092 4824 ,
3119 4760 3211 4812 καὶ
3234 4759 3335 4829 τὴν
3369 4760 3586 4814 πάντων
3617 4777 3724 4812 σω-

2134 4848 2335 4917 τηρίαν
2378 4850 2571 4916 σοφίας
2604 4848 2822 4920 πλούτῳ
2854 4850 2951 4904 καὶ⁵
2985 4850 3385 4923 ἀνυπερϐλήτῳ
3416 4851 3724 4922 φιλανθρω-

2137 4940 2237 5010 πίᾳ
2270 4942 2750 5012 κατεργάσασθαι,
2779 4943 2841 4995 ού
2871 4942 2979 4997 τῶν
3003 4945 3275 5014 δεομένων
3304 4945 3467 5009 αὐτὸς
3498 4947 3599 5014 τῆς
3627 4945 3722 4999 ἀλ-

2136 5030 2367 5100 λαχόθεν
2431 5033 2707 5102 σωτηρίας
2783 5035 2878 5088 καὶ
2939 5035 3299 5108 ἀνορθώσεως
3360 5038 3723 5110 χρηματίζειν

2136 5122 2365 5192 ὀφείλει.
2444 5124 2789 5197 Ἀνθρωπίνη
2833 5127 2890 5180 δὲ
2935 5130 3087 5182 πᾶσα
3116 5129 3278 5197 φύσις
3306 5129 3723 5202 ὑπόχρεως,μέν

2700 5256 2716 5283 ,
2767 5219 2971 5288 πολλῆς
3010 5220 3068 5274 δὲ
3108 5220 3340 5294 δεομένη
3389 5225 3488 5293 τῆς
3530 5222 3723 5293 ὁμοίας

2137 5308 2399 5381 προνοίας
2425 5325 2485 5362 τε
2508 5309 2604 5365 καὶ
2629 5310 2972 5382 καθάρσεως
2992 5313 3089 5367 καὶ
3120 5313 3238 5378 πῶς
3263 5314 3329 5369 ἂν
3354 5314 3382 5367 6
3405 5314 3463 5367 ἐν
3490 5316 3557 5384 τῇ
3581 5313 3721 5383 αὐτῇ

1974 5486 2212 5546 NOTAE.

526 5675 639 5747 (79)
668 5678 734 5736 Et
768 5679 857 5738 hic
883 5680 1021 5739 Jobo
1051 5685 1323 5741 monacho
1351 5688 1446 5744 lib.
1474 5689 1519 5744 li
1544 5689 1622 5745 De
1648 5689 2033 5749 Incarnatione

449 5747 645 5873 {:rhot.
693 5751 953 5810 Biblioth.
993 5755 1109 5812 Cod
1148 5755 1292 5827 ass)
1343 5760 1500 5830 plura
1541 5763 1796 5835 decerpta
1843 5747 2034 5821 viden;-

2215 5696 2578 5775 (80)Copiose
2601 5709 2784 5775 versat
2815 5702 2920 5758 hoc
2939 5712 3320 5775 argumentum
3350 5703 3515 5758 etiam
3558 5704 3728 5763 Euse-

2138 5768 2261 5827 bius
2294 5768 2348 5828 in
2377 5769 2608 5827 Iriccnn.
2639 5768 3139 5845 Coristantin.cap.
3174 5773 3310 5830 Xlll.
3341 5790 3463 5845 sqq.
