4110 6440
336 369 443 436 925

1296 372 1397 432 AD
1432 370 2034 434 AMPHILOCHIUM
2070 371 2417 444 QU/ESTIO
2465 371 2664 434 CXCI.

3503 370 3613 436 926

334 485 435 554 τῆς
493 482 792 555 θεραπείας
850 483 1012 555 χρεία
1059 484 1382 552 καθεστὼς,
1429 486 1642 555 ἑτέροις
1686 484 1921 556 ἠδύνατο

2025 495 2267 556 egestate
2315 486 2676 549 versabatur,
2730 486 2779 541 is
2819 485 2946 541 aliis
2991 485 3377 557 purgationem
3412 502 3615 561 suppe-

333 575 695 648 διοικονομεῖν
739 575 842 648 τὴν
874 576 1147 649 κάθαρσιν
1171 620 1187 645 ,
1233 577 1330 631 καὶ
1368 577 1607 650 χορηγὸς
1650 572 1789 632 εἶναι
1820 578 1919 648 τῆς

336 671 535 735 ἰάσεως
561 688 577 739 ;

406 763 473 833 β’.
513 764 779 832 Δεύτερον
824 765 882 819 δὲ
917 764 1055 820 Θεοῦ
1100 766 1195 819 καὶ
1225 764 1365 820 θεῖον
1412 764 1575 838 ἔργον
1603 768 1700 821 καὶ
1734 767 1921 822 καινὸν

335 856 441 910 ὑπὸ
478 856 571 911 τὸν
600 856 774 929 ἥλιον,
807 858 926 921 πῶς
959 857 1025 911 ἂν
1064 854 1134 929 ἦν
1176 857 1453 932 ἀνθρώπῳ
1485 859 1919 931 διαπράξασθαις

332 949 397 1002 Εἰ
426 948 485 1002 δέ
512 966 635 1003 τινα
655 950 847 1004 θέσθαι
873 951 1187 1023 φιλοτιμίαν
1217 952 1374 1008 λάϐοι
1403 955 1494 1008 καὶ
1517 957 1656 1027 ὅπερ
1683 956 1779 1025 ούχ
1809 949 1921 1010 οἷόν

330 1055 392 1092 τε
425 1040 729 1111 προελθεῖν,
753 1043 945 1097 θᾶττον
970 1044 1036 1097 ἂν
1055 1044 1116 1098 τὸ
1146 1046 1347 1116 πτῶμα
1370 1047 1465 1101 καὶ
1494 1048 1693 1119 ῥᾳδίως
1716 1048 1749 1118 ἢ
1782 1047 1919 1119 πρὸς

330 1129 491 1183 ἑαυτὸ
518 1131 946 1203 ὲπανέστρεφεν,
978 1134 1012 1207 ἢ
1051 1135 1188 1206 πρὸς
1218 1136 1279 1191 τδ
1324 1138 1506 1208 χεῖρον
1532 1139 1825 1209 ηὐξάνετο·
1858 1138 1921 1192 τὸ

334 1222 454 1292 μὲν,
485 1222 547 1275 οὐ
593 1225 737 1293 μέγα
778 1226 949 1280 κακὸν
987 1228 1309 1298 ἡγουμένων
1349 1229 1456 1283 τῶν
1493 1231 1593 1301 τῆς
1626 1230 1919 1303 εὺργεσίας

329 1312 787 1369 ἀπολελαυκότων
823 1318 1130 1387 ὁμοιοπαθῆ
1171 1318 1239 1372 δι’
1268 1320 1594 1390 ἀχαριστίας
1629 1321 1920 1394 ἄνθρωπον

329 1401 518 1471 ἄγειν·
548 1404 609 1457 τὸ
637 1405 715 1468 δὲ,
747 1405 845 1477 τὴν
874 1406 951 1476 τῷ
973 1406 1094 1477 Θεῷ
1119 1408 1437 1480 πρέπουσαν
1462 1412 1628 1481 τιμὴν
1658 1412 1919 1465 ἀνάπτειν

330 1494 679 1567 ὡρμημένων
717 1496 795 1567 τῷ
836 1498 1124 1552 σεσωκότι.
1178 1500 1242 1553 Ei
1294 1500 1402 1571 γὰρ
1454 1502 1822 1556 Μωσέαοκαθ’
1857 1498 1919 1558 06

331 1586 597 1651 πολλάκις
629 1588 952 1656 ἐγόγγιζον,
988 1590 1085 1643 καὶ
1113 1589 1212 1662 τὴν
1236 1592 1445 1647 ἄνωθεν
1477 1594 1547 1647 δι’
1580 1594 1744 1647 αὑτοῦ
1786 1611 1919 1648 κατ-

333 1675 526 1729 ιοῦσαν
582 1679 860 1749 σωτηρίαν
887 1678 997 1732 τῶν
1036 1681 1095 1734 ὲν
1125 1681 1389 1754 Αἰγύπτῳ
1418 1683 1606 1737 κακῶν
1638 1684 1920 1738 ἐποιοῦντο

328 1770 551 1841 χείρονα
571 1812 586 1836 ,
617 1771 766 1841 ὅμως
793 1771 926 1825 Θεὸν
956 1773 1202 1827 ἀνειπεῖν
1239 1774 1376 1846 μετά
1398 1775 1627 1830 θάνατον
1654 1777 1917 1850 ἐμελέτη-

332 1879 453 1930 σαν,
489 1864 562 1927 ὼς
605 1867 858 1935 μυστικοὶ
893 1865 987 1919 καὶ
1022 1867 1159 1938 ίεροὶ
1195 1867 1342 1937 λόγοι
1371 1869 1680 1925 διδάσκουσι
1713 1872 1822 1940 (δι’
1855 1873 1921 1945 ἣν

330 1956 513 2010 αἰτίαν
543 1956 639 2010 καὶ
678 1958 707 2011 6
754 1957 926 2027 τάφος
962 1959 1263 2030 ὀφθαλμοῖς
1305 1962 1581 2016 Ἰουδαίων
1627 1963 1792 2035 μέχρι
1826 1964 1922 2019 νῦν

330 2049 560 2114 ἀθέατός
591 2067 651 2103 τε
680 2051 773 2104 καὶ
796 2051 1201 2121 ἀνεπίγνωστος
1229 2052 1466 2124 ἔμεινεν.
1529 2055 1922 2129 Ἀγχίστροφος

329 2141 441 2213 γὰρ
477 2143 505 2195 6
549 2141 742 2213 ἐχθρὸς
773 2145 1189 2216 κακουργῆσαι,
1224 2146 1320 2200 καὶ
1348 2147 1437 2201 διὰ
1474 2148 1583 2202 τῶν
1606 2150 1789 2204 ὃπλων
1810 2151 1921 2205 τῶν

329 2252 390 2287 τε
421 2235 614 2302 δεξιῶν
642 2236 871 2289 καὶτῶν
905 2238 1209 2308 ἀριστερῶν
1242 2238 1584 2312 ἐξαπατῆσαι
1617 2242 1678 2295 τὸ
1708 2242 1922 2314 ἀνθρώ-

332 2326 535 2399 πινον),
557 2326 674 2392 πῶς
698 2329 798 2383 οὐκ
817 2327 884 2383 ἂν
908 2330 1003 2383 τὸν
1036 2330 1287 2399 μείζονος
1306 2332 1698 2397 ἀπαλλάξαντα
1722 2351 1925 2407 τυραν-

333 2420 496 2483 νίδος,
518 2420 681 2474 εἰκαί
696 2419 799 2491 τῆς
818 2421 992 2492 αὐτῆς
1025 2421 1246 2492 φύσεως
1280 2424 1522 2495 ᾔδεισαν,
1561 2425 1623 2478 ού
1649 2426 1785 2480 Θεὸν
1829 2428 1925 2481 ἀν-

333 2511 676 2582 ηγόρευσαν;
717 2511 804 2566 ἵνα
832 2512 928 2565 νῦν
947 2514 1298 2586 παραδράμω
1321 2513 1533 2569 Παῦλον
1567 2518 1684 2581 τοῖς
1727 2518 1924 2590 Ἐλλη-

331 2606 546 2667 νισταῖς
577 2603 1017 2676 θεοποιούμενον.
1041 2606 1213 2661 Τοῦτο
1232 2606 1289 2660 δὲ
1306 2606 1466 2678 δῆλον
1495 2607 1572 2673 ὡς
1608 2610 1710 2664 οὐκ
1738 2606 1804 2681 ἦν
1829 2612 1922 2665 τοῦ

333 2694 627 2766 πτώματος
654 2695 869 2767 ἐγερσις
886 2738 902 2765 ,
932 2696 1070 2752 ἀλλὰ
1091 2698 1453 2771 χαλεπωτέρα
1474 2703 1568 2755 καὶ
1596 2702 1927 2775 ἀδιόρθωτος

332 2788 641 2853 ἔκπτωσις
680 2790 774 2842 καὶ
817 2789 926 2860 γὰρ
970 2793 1270 2861 χρεωστείν
1314 2792 1426 2845 066’
1470 2791 1665 2861 ἄλογον
1695 2794 1762 2847 ἂν
1794 2796 1925 2861 ἴσως

334 2879 533 2945 ἐδόκει,
563 2879 623 2933 ὃν
644 2880 847 2950 τρόπον
876 2880 946 2933 τὰ
963 2880 1427 2951 δημιουργήματα
1454 2880 1548 2933 τὸν
1574 2881 1923 2953 Δημιουργδν

331 2972 420 3026 διά
439 2971 869 3043 σεϐασμιότητός
900 2988 959 3025 τε
982 2974 1076 3024 καὶ
1096 2970 1375 3039 θειότητος
1389 2975 1649 3039 ποιεῖται,
1667 2971 1811 3026 οὕτω
1833 2972 1922 3043 δὴ,

339 3065 484 3119 οὕτω
517 3066 614 3118 καὶ
644 3064 737 3117 τὸν
771 3064 1053 3118 σεσωκότα
1077 3065 1206 3127 τοὺς
1239 3065 1641 3134 σεσωσμένους,
1674 3064 1925 3128 καὶτοὺς

333 3157 721 3229 συντριϐέντας
740 3156 832 3211 τὸν
863 3156 1277 3211 ἀναπλάσανταο
1297 3156 1474 3230 ταύτῃ
1500 3174 1583 3209 τοι
1614 3156 1722 3210 οὐδ’
1756 3157 1923 3225 ἀγγέ-

331 3252 440 3305 λων
472 3249 633 3320 φύσις
676 3250 779 3320 τὴν
808 3248 903 3302 τοῦ
932 3249 1125 3316 γένους
1155 3248 1315 3320 ἡμῶν
1347 3248 1624 3320 σωτηρίαν
1660 3249 1918 3319 ὑποδέχε-

331 3360 445 3409 ται,
467 3343 580 3396 ἀλλ’
603 3344 631 3396 ό
662 3341 875 3405 πλάσας
905 3340 1069 3406 αὐτὸς
1104 3342 1300 3413 ὁρᾶται
1333 3340 1678 3413 Δημιουργὸς
1708 3341 1921 3410 καὶτῆς

333 3434 712 3502 ἀναπλάσεως.

2025 576 2228 633 ditaret
2256 575 2591 647 medelaeque
2622 584 2902 633 auctorem
2932 594 2992 634 se
3024 580 3268 650 gereret?

2100 758 2155 813 2.
2217 756 2426 815 Deinde
2473 758 2721 814 divinum
2775 758 2867 815 Dei
2923 774 3060 828 opus
3117 771 3282 834 atque
3336 764 3441 818 sub
3496 763 3610 818 sole

2027 868 2229 906 novum
2294 869 2426 907 num
2481 853 2847 907 humanarum
2908 856 3109 912 virium
3166 864 3287 911 erat
3352 857 3614 928 aggredi?

2027 940 2185 1009 Quod
2213 943 2390 1012 siquis
2429 943 2677 998 annulari
2706 945 3115 1014 quodaminodo
3151 963 3377 1017 remque
3403 948 3610 1019 impos-

2027 1035 2243 1090 sibilem
2279 1044 2489 1089 tentare
2520 1035 2809 1101 voluisset,
2848 1036 2895 1091 is
2924 1038 3108 1106 potius
3135 1041 3339 1094 malum
3375 1041 3503 1094 illud
3530 1041 3612 1096 vel

2028 1127 2081 1182 in
2118 1135 2283 1198 caput
2313 1128 2596 1197 proprium
2640 1129 3027 1195 convertisset,
3058 1130 3143 1186 vel
3184 1140 3333 1186 certe
3370 1132 3611 1189 deterius

2027 1216 2272 1273 fecisset.
2309 1217 2526 1273 Etenim
2559 1218 2636 1273 illi
2687 1219 2784 1288 qui
2825 1219 3094 1275 beneﬁcio
3135 1220 3259 1289 ejus
3303 1229 3609 1285 uterentur,

2026 1312 2226 1381 partim
2275 1311 2421 1365 haud
2481 1326 2812 1380 magnopere
2858 1325 2917 1365 se
2966 1325 3195 1380 peccare
3242 1321 3516 1382 putarent,
3566 1315 3613 1368 si

2027 1402 2294 1457 adversus
2344 1401 2493 1471 paris
2550 1411 2760 1456 naturae
2803 1402 3083 1456 hominem
3140 1402 3341 1472 ingrati
3379 1405 3615 1458 exsiste-

2026 1502 2182 1558 rent;
2217 1494 2415 1562 partim
2452 1507 2584 1547 vero
2621 1508 2687 1547 eo
2720 1502 3067 1561 proruerent,
3102 1503 3162 1547 ut
3194 1494 3340 1563 quod
3378 1496 3486 1550 Deo
3516 1496 3616 1549 oh-

2027 1585 2279 1655 sequium
2312 1585 2531 1649 debent,
2570 1584 2619 1638 id
2652 1582 2931 1638 Servatori
2963 1599 3066 1640 suo
3096 1587 3442 1642 exhiberem.
3477 1586 3613 1641 Nam

2027 1678 2072 1733 si
2101 1676 2362 1732 Israelita:
2401 1675 2632 1741 Mosem,
2666 1685 2858 1730 contra
2899 1693 3062 1747 quem
3105 1694 3250 1748 saepe
3295 1679 3610 1733 tumultuati

2028 1770 2268 1833 fuerant,
2304 1769 2378 1823 ita
2414 1778 2472 1823 ut
2504 1768 2779 1824 ctelestem
2812 1784 3033 1840 quoque
3065 1779 3311 1825 curatam
3349 1770 3435 1827 his
3458 1773 3527 1826 ab
3548 1788 3614 1826 eo

1954 1861 1997 1918 B
2028 1861 2258 1917 salutem
2291 1860 2476 1932 pejore
2524 1861 2842 1917 conditione
2871 1877 3038 1932 quam
3069 1861 3425 1933 ASgyptiacas
3466 1865 3614 1919 cala-

2024 1956 2243 2011 mitates
2274 1955 2574 2023 baberent;
2601 1956 2646 2011 si
2673 1955 2907 2021 Mosem,
2944 1958 3189 2026 inquam,
3230 1967 3352 2028 post
3373 1959 3611 2028 obitum,

2025 2045 2121 2101 Dei
2149 2049 2321 2102 instar
2347 2048 2603 2102 venerari
2648 2048 3033 2107 moliebantur.
3070 2059 3127 2103 nt
3159 2064 3189 2104 a
3233 2051 3481 2121 mysticis
3518 2066 3613 2106 sa-

2024 2140 2245 2209 crisque
2290 2139 2511 2195 Litteris
2556 2139 2870 2206 discimus;
2904 2141 3090 2210 (quam
3126 2141 3197 2195 ob
3240 2156 3465 2196 causam
3524 2156 3615 2197 se-

2024 2233 2277 2304 pulcrum
2311 2233 2434 2304 ejus
2454 2232 2769 2288 Iudaeorum
2793 2235 2969 2288 oculis
3007 2234 3072 2289 ad
3100 2234 3244 2288 hanc
3269 2230 3441 2303 usque
3464 2234 3612 2289 diem

2024 2323 2303 2379 invisibile
2339 2323 2796 2394 incognitumque
2829 2323 2953 2377 fuit.
2995 2321 3131 2377 Mire
3166 2324 3312 2378 enim
3356 2335 3614 2379 versutus

2023 2425 2108 2472 est
2155 2416 2222 2471 ad
2276 2416 2589 2470 nocendum
2642 2402 2919 2483 diabolus,
2964 2417 3246 2487 armisque
3295 2416 3465 2471 utitur
3498 2426 3612 2471 tum

2024 2509 2231 2564 dextris
2266 2515 2382 2561 tum
2411 2508 2577 2562 etiam
2618 2509 2864 2565 sinistris
2894 2520 2952 2565 ut
2984 2511 3286 2564 humanum
3317 2526 3490 2580 genus
3521 2511 3615 2565 de-

2024 2601 2216 2672 cipiat)
2263 2616 2447 2656 nonne
2489 2602 2774 2656 hominem
2815 2603 2907 2672 qui
2960 2602 3223 2671 majorem
3270 2602 3613 2673 tyrannidem

2024 2694 2338 2757 avertisset,
2389 2693 2607 2749 etiamsi
2654 2692 2906 2764 ejusdem
2954 2704 3167 2748 natura:
3208 2710 3334 2750 esse
3386 2698 3614 2761 scirent,

2024 2785 2119 2841 Dei
2156 2786 2278 2842 loco
2299 2785 2642 2841 coluissent?
2664 2787 2817 2841 Mitto
2845 2803 2994 2841 nunc
3024 2785 3179 2842 Pauli
3213 2788 3524 2857 exemplum
3545 2787 3616 2853 δ’,

2024 2881 2113 2935 cui
2162 2880 2381 2934 Ethnici
2446 2880 2790 2949 apotheosim
2853 2879 3248 2936 decernebant.
3286 2881 3420 2937 Illud
3471 2890 3620 2936 certe

2022 2972 2373 3042 exploratum
2396 2983 2503 3036 est,
2538 2972 2684 3026 haud
2722 2970 2965 3026 futuram
2997 2987 3029 3027 a
3056 2971 3211 3042 lapsu
3252 2975 3620 3031 resurrectio-

2023 3078 2149 3117 nem
2179 3102 2196 3125 ,
2255 3064 2351 3119 sed
2416 3063 2728 3133 graviorem
2781 3063 3323 3136 desperatioremque
3374 3067 3618 3122 ruinam.

2028 3153 2286 3209 Profecto
2332 3155 2633 3210 debitorem
2679 3169 2739 3210 se
2789 3155 3032 3225 profiteri
3070 3157 3213 3212 haud
3245 3158 3479 3215 fortasse
3518 3160 3619 3214 ab-

2030 3248 2264 3303 surdum
2317 3248 2618 3313 videretur,
2669 3247 2743 3301 ita
2802 3255 2862 3302 ut
2913 3248 3060 3318 quod
3112 3265 3241 3319 erga
3302 3248 3616 3306 Creatorem

2027 3348 2255 3411 propter
2303 3339 2568 3395 eximiam
2621 3338 2942 3409 dignitatem
2987 3338 3440 3411 divinitatemque
3497 3344 3619 3413 ejus

2028 3432 2236 3487 faciunt
2275 3442 2563 3498 creatum,
2609 3430 2753 3486 idem
2796 3446 3025 3500 prorsus
3083 3447 3213 3501 crga
3269 3431 3617 3490 Servatorem

333 3529 559 3594 servati,
588 3542 715 3598 erga
743 3525 1172 3580 iustauratorem
1203 3525 1499 3591 confracti,
1531 3524 1801 3582 facerent.
1835 3525 2016 3597 Atque
2051 3527 2168 3581 haec
2218 3541 2389 3581 causa
2436 3534 2522 3580 est
2587 3525 2945 3595 quamobrem
3010 3540 3081 3579 ne
3145 3528 3462 3595 angelorum
3491 3530 3619 3600 qui-

333 3623 457 3678 dem
514 3632 709 3677 natura
766 3621 996 3677 salutem
1054 3621 1273 3691 generis
1332 3623 1509 3679 nostri
1561 3623 1925 3694 reparandum
1964 3624 2309 3694 susceperit;
2347 3625 2443 3678 sed
2471 3620 2565 3693 qui
2595 3621 2823 3677 Creator
2854 3620 2981 3687 fuit,
3015 3620 3157 3676 idem
3228 3632 3421 3678 auctor
3478 3642 3621 3697 quo-

334 3736 441 3791 que
477 3718 894 3774 instaurationis
925 3718 1283 3788 conspicitur.

404 3812 477 3883 γ¹.
513 3814 724 3879 Ἀλλως
754 3833 815 3869 τε
846 3817 967 3871 οὐδὲ
1004 3816 1209 3872 δούλων
1238 3818 1387 3873 ἐστὶν
1419 3818 1541 3872 οὐδὲ
1580 3818 1920 3889 κτισμάτων,

332 3904 522 3974 ὥσπερ
550 3905 672 3958 οὐδὲ
694 3904 840 3959 λύειν
860 3906 1149 3977 βασιλικὰς
1179 3906 1276 3962 καὶ
1305 3907 1635 3971 δεσποτικὰς
1666 3908 1915 3974 ἐντολὰς,

331 3996 509 4061 οὕτως
535 3997 644 4050 οὐδ’
676 3997 831 4067 ἄγειν
862 3999 955 4051 ἐπὶ
980 3999 1042 4052 τὸ
1068 3999 1315 4070 ἄμεινον.
1364 3998 1476 4052 Καὶ
1500 3999 1611 4070 μὴν
1634 4000 1924 4072 ἄνθρωπος

332 4091 362 4143 6
393 4088 629 4159 Χριστὸς
662 4088 906 4159 γεγονὼς
952 4091 1092 4162 μετὰ
1122 4090 1231 4144 τῶν
1264 4090 1441 4145 ἄλλων
1475 4091 1680 4156 καλῶν,
1720 4089 1924 4162 μᾶλλον

330 4179 389 4233 δὲ
429 4181 525 4233 καὶ
554 4179 663 4251 πρὸ
705 4179 917 4233 πολλῶν
955 4180 1132 4235 ἀλλων
1170 4179 1521 4252 εὐεργεσιῶν,
1561 4180 1690 4244 τοὺς
1729 4199 1927 4251 πατριο

2102 3816 2158 3871 5.
2199 3814 2417 3885 Alioqui
2458 3829 2636 3885 neque
2679 3829 2966 3870 servorum
3011 3822 3302 3882 estneque
3339 3823 3621 3868 creatura-

2031 3922 2154 3960 rum
2188 3905 2336 3976 regia
2368 3914 2422 3960 et
2464 3904 2742 3960 dominica
2792 3904 3048 3959 mandata
3092 3902 3175 3957 vel
3227 3905 3493 3973 abrogare
3534 3906 3619 3959 vel

2025 3999 2192 4053 etiam
2249 3997 2459 4067 majore
2527 3996 2862 4067 perfectione
2920 3996 3147 4050 donare.
3218 3994 3386 4063 Atqui
3451 3997 3620 4049 homo

2026 4088 2284 4145 Christus
2315 4087 2564 4152 effectus,
2604 4088 2709 4143 hoc
2759 4088 2904 4143 inter
2944 4099 3139 4143 caetera
3176 4088 3464 4154 beneficia,
3503 4089 3616 4142 imo

2024 4196 2137 4253 pra
2164 4180 2287 4236 aliis
2317 4180 2527 4247 multis,
2556 4180 2772 4250 insigne
2805 4179 2954 4243 fecit,
2978 4179 3181 4248 patrias
3215 4194 3412 4248 nempe
3446 4182 3614 4251 leges,

333 4272 463 4335 κους
493 4271 691 4341 νόμους
720 4271 817 4325 καὶ
841 4272 891 4324 οἱ
913 4271 1216 4342 τηνικαῦτα
1241 4275 1356 4336 τοῖς
1392 4272 1760 4344 Ἰσραηλίταις
1787 4273 1921 4344 μᾶλ-

2024 4289 2147 4344 quae
2180 4284 2489 4344 temporum
2535 4273 2755 4330 illorum
2788 4273 3053 4329 Israelitis
3082 4276 3615 4333 accommodatiores

329 4366 422 4419 λον
447 4364 715 4437 ἥρμοζον,
734 4366 828 4419 ἐπὶ
857 4366 918 4418 τὸ
942 4365 1271 4438 τελεώτερον
1297 4366 1753 4439 μεταρῤυθμίζει.
1799 4369 1921 4440 Ἐρο

334 4457 473 4528 ρήθη
516 4455 649 4527 γὰρ,
705 4457 863 4525 φησὶ,
914 4458 1027 4520 τοῖς
1058 4456 1331 4529 ἀρχαίοις,
1388 4475 1406 4508 r
1443 4457 1517 4511 O6
1552 4456 1857 4525 φονεύσεις,
1893 4475 1912 4510 ι

2027 4377 2205 4433 erant,
2249 4365 2529 4421 meliorem
2563 4366 2630 4421 ad
2666 4366 3038 4422 conditionem
3074 4370 3369 4439 promovit.
3400 4371 3614 4427 Dictum

2029 4461 2232 4532 quippe
2282 4458 2460 4516 fuerat
2522 4460 2786 4532 antiquis,
2852 4480 2871 4513 ι
2910 4460 3027 4517 Νοιι
3079 4463 3299 4520 occides
3322 4464 3404 4533 “;
3438 4485 3456 4517 ι
3513 4482 3615 4537 ego

334 4548 444 4612 ἐγὼ
478 4547 536 4601 δὲ
582 4547 727 4617 λέγω
759 4549 888 4619 ὑμῖν
909 4550 1037 4604 τάδε
1057 4565 1071 4580 ο
1112 4569 1131 4602 ι
1165 4550 1241 4603 U6
1273 4549 1620 4621 μοιχεύσεις,
1661 4569 1680 4602 ι
1719 4549 1833 4621 ἐγὼ
1864 4549 1921 4604 δὲ

2028 4568 2157 4608 vero
2200 4551 2325 4608 dico
2353 4552 2511 4607 vobis
2562 4552 2665 4608 sic.
2728 4573 2747 4604 ‹
2774 4552 2893 4607 Non
2942 4554 3413 4623 moechaberis";
3446 4575 3465 4607 ι
3513 4572 3617 4625 ego

330 4639 480 4693 τάδε’
522 4658 542 4690 ι
592 4639 902 4712 Ὀφθαλμὸν
950 4641 1073 4695 ἀντὶ
1104 4641 1423 4714 ὀφθαλμοῦ.
1467 4661 1487 4696 ι
1527 4644 1638 4712 ἐγὼ
1668 4642 1725 4695 δὲ
1758 4642 1918 4697 τάδε·

330 4733 428 4787 καὶ
449 4733 519 4786 τὰ
544 4733 716 4804 μυρία
744 4735 929 4788 ἐκεῖνα
954 4732 989 4787 δι
1016 4733 1153 4806 πρὸς
1177 4733 1278 4805 τὴν
1299 4734 1551 4789 ἀτέλειαν
1576 4735 1688 4788 τῶν
1714 4737 1923 4807 ἀκροα-

331 4825 442 4878 τῶν
484 4826 905 4898 ὲνενομοθέτητο
950 4826 1157 4889 πάλαι,
1187 4828 1283 4881 ἐπὶ
1324 4826 1386 4881 τὸ
1417 4829 1665 4899 κρεῖττον
1704 4827 1821 4881 ἐστι
1853 4830 1919 4899 τῇ

332 4918 638 4990 Δεσποτικῇ
684 4918 963 4989 ἐπικρίσει
1007 4918 1486 4990 όρᾷνάνηγμέναο
1515 4917 1612 4972 καὶ
1641 4917 1803 4973 τοῦτο
1834 4919 1924 4974 διά

330 5026 391 5062 τε
415 5008 552 5064 ἄλλα
585 5009 775 5081 μυρία,
807 5011 902 5065 καὶ
928 5011 1063 5065 διότι
1090 5011 1199 5065 τῶν
1229 5011 1475 5066 παλαιῶν
1503 5011 1683 5083 νόμων
1710 5013 1924 5083 ἀμετα-

332 5101 572 5171 κινήτων
602 5101 882 5164 παντελῶς
917 5102 1209 5172 μενόντων,
1245 5102 1341 5157 καὶ
1373 5104 1407 5174 ή
1438 5101 1686 5155 πολιτεία
1718 5105 1752 5174 ἠ
1784 5103 1923 5176 αύτὴ

331 5193 493 5261 λόγον
538 5188 684 5262 εἶχεν
720 5194 1021 5262 ἀναγκαῖον
1051 5198 1166 5259 τοῖς
1195 5196 1383 5266 νόμοις
1417 5195 1882 5261 συνδιασώςεσθαι
1906 5214 1921 5229 ο

331 5290 366 5358 ἡ
385 5287 441 5341 δὲ
461 5287 614 5341 οὐδὲν
628 5287 739 5341 τῶν
767 5287 1063 5359 ὑπερφυῶν
1084 5289 1179 5342 καὶ
1200 5286 1488 5361 ἀπερβστε
1498 5305 1589 5360 ρον
1610 5288 1925 5360 (impacti.-

330 5382 433 5451 ψεν
479 5378 609 5433 οὗτε
652 5379 882 5451 δύναμιν
938 5380 1190 5434 ἐπλούτει
1238 5380 1681 5452 παραδέξασθαι·
1734 5381 1922 5453 ῶσπερ

330 5472 454 5526 οὐδὲ
484 5471 751 5542 πρότερον
800 5472 1013 5543 μυρίων
1056 5472 1231 5544 αὐτὴν
1261 5472 1799 5545 παιδαγωγησάντων
1836 5489 1924 5527 νο-

334 5566 582 5640 μοθετῶν
608 5569 701 5619 καὶ
735 5565 1036 5638 προφητῶν
1069 5568 1164 5621 καὶ
1191 5565 1403 5621 πολλῶν
1434 5566 1610 5622 ἄλλων
1642 5565 1805 5639 ἱερῶν
1837 5565 1923 5620 δι-

329 5658 653 5729 δαγμάτων,
693 5654 805 5710 οὔτ’
850 5658 917 5712 ἂν
967 5657 1049 5722 είς
1083 5656 1235 5722 τέλος
1286 5658 1581 5731 προέϐαινε
1633 5656 1697 5711 τὸ
1742 5657 1923 5732 ἐγχεί-

2027 4660 2162 4699 vero
2192 4645 2318 4700 sic:
2357 4663 2376 4696 ι
2408 4642 2642 4699 Oculum
2694 4659 2793 4715 pro
2832 4646 2992 4701 oculo
3017 4646 3101 4712 “;
3142 4665 3161 4699 ι
3206 4663 3306 4717 ego
3340 4662 3469 4702 vero
3512 4649 3610 4703 sic.

2028 4735 2097 4790 Et
2123 4736 2230 4790 alia
2254 4736 2511 4807 plurima,
2539 4750 2662 4806 quae
2691 4753 2816 4793 cum
2850 4738 2980 4793 olim
3017 4754 3115 4807 pro
3139 4739 3480 4794 audientium
3510 4740 3615 4794 im-

2027 4828 2365 4899 perfectione
2400 4829 2607 4897 perlata
2638 4827 2896 4895 fuissent,
2937 4830 3163 4884 meliora
3195 4830 3320 4885 dein
3362 4846 3394 4885 a
3422 4830 3614 4885 Domi-

2028 4919 2168 4975 nicis
2207 4919 2445 4977 decretis
2495 4919 2635 4975 facta
2685 4935 2811 4977 esse
2858 4921 3131 4976 videmus.
3169 4921 3222 4976 ld
3252 4932 3436 4977 autem
3484 4937 3612 4977 cum

2026 5012 2097 5067 ob
2123 5011 2260 5067 alias
2289 5012 2591 5082 permultas
2617 5028 2815 5069 causas
2850 5012 3157 5070 factitatum
3194 5022 3295 5079 est,
3329 5023 3444 5069 tum
3469 5031 3614 5087 prae-

2025 5104 2187 5175 cipue
2210 5105 2341 5175 quia
2381 5105 2425 5160 si
2458 5105 2655 5175 prisca:
2693 5107 2841 5177 leges
2870 5106 3090 5161 intactae
3113 5120 3342 5177 prorsus
3373 5109 3611 5164 mansis-

2024 5206 2171 5264 sent,
2211 5212 2370 5253 sacra
2417 5213 2641 5269 quoque
2673 5198 2985 5270 respublica
3023 5199 3338 5254 necessario
3372 5215 3499 5255 cum
3530 5201 3611 5255 le-

2026 5288 2189 5357 gibus
2234 5288 2615 5343 conservanda
2673 5287 2907 5357 fuisset;
2952 5304 3075 5359 quae
3120 5292 3413 5362 caeteroqui
3462 5291 3612 5345 nulla

2022 5381 2076 5435 vi
2108 5380 2346 5450 pollebat
2372 5384 2440 5435 ad
2473 5380 2791 5451 recipienda
2812 5383 3254 5453 supernaturalia
3277 5397 3400 5454 quae
3425 5394 3612 5452 postea

2021 5472 2347 5528 effulserunt
2376 5473 2541 5528 bona.
2584 5471 2756 5529 Sicuti
2786 5489 2855 5529 ne
2887 5482 3049 5530 antea
3084 5475 3330 5547 quidem,
3370 5474 3615 5545 permul-

2024 5565 2094 5622 tis
2139 5566 2267 5621 licet
2302 5565 2684 5622 erudientibus
2731 5582 2852 5623 eam
2901 5567 3379 5640 legumlatoribus,
3430 5577 3614 5622 orato-

2024 5658 2195 5717 ribus,
2258 5667 2422 5730 atque
2477 5659 2784 5730 prophetis,
2835 5659 3072 5734 aliisque
3125 5660 3379 5734 pluribus
3437 5658 3615 5717 sacris

403 5836 450 5871 η
476 5839 595 5894 Act.
630 5852 745 5905 xiv,
784 5836 867 5891 l0.
958 5838 1003 5870 “
1028 5836 1222 5895 Matth.
1254 5854 1307 5907 v,
1341 5839 1435 5894 2f.
1510 5838 1558 5873 “
1579 5838 1714 5896 ibid.
1747 5840 1838 5895 27.
1915 5838 1921 5867 ‘

2024 5838 2125 5898 rid.
2157 5839 2249 5895 '58.
2282 5840 2349 5873 “'
2383 5841 2403 5897 Ι
2439 5840 2589 5925 Petr.
2626 5858 2666 5910 ι,
2699 5842 2787 5899 12.
