4110 6478
401 328 515 394 929

1326 321 1427 380 AD
1480 318 2070 379 AMPHILOCIIIUM
2109 320 2452 391 QUsliSTIO
2491 321 2717 382 CXCII.

3557 327 3662 392 930

405 426 784 502 σαρκωθέντος
813 426 1171 500 ἐντρυφῶμεν
1199 427 1294 482 καὶ
1328 427 1674 496 ἀπολαύομεν
1713 427 1821 481 τῶν
1852 428 1973 497 aut,

2094 428 2184 482 illa
2230 428 2374 482 bona
2420 429 2634 496 liceret,
2673 429 2872 498 quibus
2916 445 3083 495 nunc,
3131 431 3309 488 Verbo
3352 433 3658 501 incarnato,

402 523 633 576 ἔννοιαν.
687 519 799 574 Ποῦ
829 520 939 590 γὰρ
967 521 1002 591 ἦ
1032 521 1152 584 πῶς
1183 519 1249 574 ἂν
1281 519 1359 590 τῷ
1393 520 1649 591 ἡμετέρῳ
1678 520 1828 588 γένει
1856 520 1981 571 ἐκε-

406 614 655 684 χάριστο,
705 611 1057 683 ἀνθρωπίνης
1086 611 1300 680 φύσεως
1330 611 1363 682 ἢ
1400 611 1699 682 ἀγγελικῆς
1725 611 1825 682 τὴν
1858 611 1986 682 περὶ

404 707 552 778 ἡμᾶς
595 705 911 777 οἰκονομίαν
945 705 1357 776 ύπερχομένης,
1410 707 1467 758 ἐν
1500 704 1648 775 δεξιᾷ
1698 703 1792 756 τοῦ
1848 703 1986 757 Θεοῦ

404 797 501 850 καὶ
540 796 754 866 Πατρδς
805 796 1118 866 ἰδρυνθῆναι
1172 798 1269 852 καὶ
1309 796 1491 867 πάσης
1539 796 1839 868 ἀγγελικῆς
1892 796 1986 848 καὶ

403 890 766 960 ἀρχαγγέλων
821 888 1183 959 χοροστασίας
1235 889 1491 958 ὑπεράνω
1547 888 1836 955 γενέσθαι,
1888 887 1984 942 καὶ

402 982 570 1049 τιμῆς
590 981 683 1032 καλ⁸
705 979 864 1049 δόξης
886 977 1196 1033 ἀπολαῦσαι
1216 978 1485 1049 τοσαύτης
1508 978 1603 1031 καὶ
1629 978 1980 1048 τηλικαύτης,

401 1072 478 1134 ὡς
515 1070 610 1124 καὶ
636 1071 812 1126 αὐτῶν
833 1070 943 1122 τῶν
967 1068 1080 1124 ἄνω
1107 1069 1386 1140 δυνάμεων
1418 1070 1513 1124 καὶ
1538 1071 1825 1138 ἐγγυτάτω
1847 1066 1982 1122 Θεοῦ

401 1161 738 1232 ἑστηκότων,
759 1159 1168 1230 ἐπιθυμούντων
1184 1160 1282 1225 μὲν
1308 1165 1387 1224 είς
1401 1161 1502 1230 τὴν
1526 1160 1800 1231 ἡμετέραν
1825 1160 1983 1226 δόξαν

400 1250 469 1326 ἧς
496 1254 585 1307 διά
621 1253 714 1307 τοῦ
745 1253 1069 1324 φυράματος
1097 1253 1442 1322 ἀπολαύομεν
1469 1252 1823 1324 παρακύψαι,
1860 1254 1982 1324 μεί-

403 1347 533 1411 ζονα
569 1345 627 1398 δέ
659 1346 756 1414 τὴν
791 1345 1076 1414 ἐπιτυχίαν
1109 1347 1208 1414 τῆς
1238 1343 1534 1414 ἐπιθυμίας
1579 1346 1977 1411 εὖρισκόντων;

403 1437 617 1507 Ταύτης
649 1437 707 1488 δέ
745 1451 810 1505 γε
849 1436 949 1506 τῆς
997 1435 1276 1505 μακαρίας
1317 1435 1410 1490 καὶ
1457 1436 1834 1505 ἀνεκφράστου
1886 1435 1982 1488 καὶ

402 1531 546 1601 ὑπὲρ
595 1529 804 1582 ἔννοιαν
859 1528 1066 1600 λήξεως
1107 1527 1203 1582 τοῦ
1258 1527 1600 1601 ἀνθρωπίνου
1653 1529 1845 1597 γένους
1879 1531 1981 1598 τὴν

402 1623 663 1694 στέρησιν
704 1621 1091 1692 ὑπομένοντος,
1130 1621 1226 1675 ἆτε
1269 1620 1335 1692 δὴ
1364 1620 1500 1690 μηδέ
1534 1620 1627 1675 τοῦ
1656 1622 1980 1692 φυράματος

398 1717 432 1784 ἡ
442 1715 559 1782 μῶν
587 1713 652 1766 δι’
678 1713 1080 1784 ἀνθρωπίνηςῆ
1107 1712 1402 1782 ἀγγελικῆς
1424 1710 1672 1774 ἐνὼσέως
1698 1710 1798 1781 τῆς
1819 1710 1978 1782 δόξης

2091 519 2436 575 abundamus
2465 533 2629 592 atque
2657 521 2988 591 perfruimur
3018 536 3184 592 supra
3231 541 3394 592 quam
3431 530 3658 600 cogitari

2088 618 2288 680 potest.
2319 611 2551 676 Quando
2592 611 2736 666 enim
2779 622 2874 667 aut
2909 613 3190 684 quomodo
3237 621 3427 669 nostro
3473 622 3658 686 generi

2087 716 2409 756 concessum
2442 701 2665 767 fuisset,
2704 706 2751 757 si
2779 703 3018 756 humana
3053 713 3245 757 natura
3285 711 3381 757 aut
3418 704 3656 774 angelica

2086 793 2515 862 redemptionem
2572 805 2814 850 nostram
2864 796 3264 863 procurandam
3312 798 3660 864 sumpsisset,

2086 883 2140 937 in
2179 884 2270 938 Dei
2299 884 2587 954 Patrisque
2616 886 2840 941 dextera
2870 886 3147 952 collocari,
3176 902 3448 957 superque
3469 903 3662 943 omnes

2085 973 2404 1044 angelorum
2479 985 2645 1046 atque
2719 976 3174 1045 archangelorum
3249 977 3448 1032 choros
3509 979 3660 1032 exal-

2087 1068 2189 1121 tari
2216 1067 2318 1133 “',
2371 1067 2576 1137 talique
2606 1077 2662 1122 et
2701 1077 2847 1122 tanta
2900 1067 3068 1138 gloria
3111 1066 3244 1132 frui,
3291 1078 3351 1122 ut
3389 1068 3519 1138 ipsae
3563 1084 3663 1123 su-

2088 1170 2270 1224 pernae
2300 1157 2529 1211 virtutes
2561 1173 2682 1226 quac
2711 1155 2880 1212 Deum
2926 1158 3173 1227 proxime
3225 1158 3662 1224 circumsistunt,

2091 1245 2472 1301 desiderarent
2507 1247 2726 1317 quidem
2771 1248 2825 1302 in
2875 1257 3120 1304 nostram
3148 1247 3402 1318 gloriam,
3451 1261 3558 1318 qua
3604 1249 3662 1304 in

2088 1352 2254 1392 carne
2285 1340 2613 1403 frueremur,
2657 1341 3006 1410 prospicere;
3040 1341 3134 1396 sed
3171 1357 3284 1396 rem
3319 1352 3498 1394 tamen
3533 1351 3663 1396 voto

2083 1447 2185 1486 suo
2235 1431 2573 1499 superiorem
2635 1446 2758 1486 esse
2824 1431 3126 1486 sentirent?
3189 1432 3304 1502 Age
3367 1446 3500 1486 vero
3559 1432 3665 1487 hac

2087 1523 2246 1577 beata
2276 1532 2330 1575 ct
2357 1521 2617 1576 inell'abili
2651 1538 2814 1592 supra
2851 1538 3013 1592 quam
3045 1522 3271 1592 cogitari
3303 1531 3484 1594 potest
3515 1533 3664 1578 sorte

2083 1612 2385 1666 luunanum
2438 1627 2610 1682 genus
2663 1613 2708 1666 si
2754 1612 2948 1668 fuisset
2997 1613 3318 1680 exclusum;
3367 1628 3563 1683 nempe
3612 1615 3661 1668 si

2088 1718 2219 1757 caro
2259 1713 2468 1770 nostra,
2507 1713 2728 1773 propter
2759 1704 3016 1758 humanae.
3050 1705 3420 1774 angelicazque
3448 1713 3665 1760 natura:

399 1807 459 1858 ἐν
572 1804 667 1858 νῦν
703 1805 973 1876 ἐκλάμπει
1023 1804 1121 1875 τὴν
1166 1805 1466 1858 ἀπόλαυσιν
1518 1802 1973 1882 προσειληφότας,

2085 1792 2560 1862 conjunctiouem,
2591 1795 2818 1862 gloriam
2851 1795 2997 1849 illam
3030 1811 3138 1866 qua
3169 1811 3317 1851 nunc
3348 1795 3520 1866 fulget
3551 1812 3658 1850 non

403 1899 541 1968 μηδέ
573 1898 712 1968 πρὸς
755 1897 854 1968 τὴν
880 1895 1140 1968 τοιαύτην
1172 1895 1334 1966 ήμῶν
1358 1895 1781 1967 ἀναδραμόντων
1823 1895 1980 1964 ἰσχὺν

398 1991 494 2044 καὶ
527 1988 715 2060 ῥώμην
736 1989 829 2040 καὶ
851 1987 949 2058 τῆς
976 1987 1142 2056 τιμῆς
1169 1986 1231 2039 τὸ
1261 1984 1558 2057 ἐξαίρετον,
1587 1986 1708 2039 τίνα
1737 1985 1803 2039 ἂν
1829 2001 1978 2057 παρ-

383 2081 621 2150 ,ἧκενὸ
668 2078 860 2149 ἐχθρὸς
903 2077 1025 2131 καθ’
1077 2076 1232 2148 ἡμῶν
1290 2076 1526 2148 τόλμανς
1583 2076 1734 2139 τίνας
1786 2077 1829 2130 δ’
1878 2078 1980 2130 οὑκ

399 2171 642 2226 ἀνεκίνει
703 2169 985 2242 μηχανὰς,
1035 2169 1107 2221 δι’
1144 2159 1219 2222 ὧν
1254 2165 1415 2220 πάλιν
1467 2167 1691 2230 ἐλπίδας
1755 2166 1981 2237 ἔτρεφεν

400 2262 708 2331 ὑποχείριον
737 2259 924 2314 λαϐεῖν
962 2259 1024 2312 τὸ
1059 2258 1255 2327 γένος,
1297 2257 1391 2310 καλ⁹
1439 2257 1546 2310 ὑπὸ
1595 2257 1694 2329 τὴν
1741 2257 1980 2328 ἀρχαίαν

399 2349 564 2403 αὑτοῦ
612 2349 947 2403 καθελκῦσαι
989 2349 1318 2418 τυραννίδα;
1371 2348 1515 2400 κατά
1568 2349 1730 2402 τίνων
1778 2348 1873 2401 καὶ
1917 2348 1980 2402 τὺ

396 2439 602 2512 κράτος
634 2438 925 2493 ἀναλαϐεῖν
956 2438 1056 2491 οὑκ
1087 2437 1341 2510 ἐπήρθης
1382 2439 1478 2492 καὶ
1505 2438 1566 2490 τὸ
1592 2438 1860 2509 φρύαγμα
1884 2438 1979 2490 τοῦ

399 2526 672 2599 προτέρου
702 2526 889 2596 μεῖζον
933 2528 1035 2579 οὑκ
1075 2527 1464 2592 ἐναπεδείκνυ;
1499 2527 1593 2581 καὶ
1623 2527 1714 2580 τὸν
1751 2527 1980 2599 οὐρανὸν

398 2619 562 2672 αὑτὸν
595 2618 1076 2687 πολυπραγμονεῖν
1108 2616 1206 2685 οὑχ
1233 2616 1420 2685 ἠγεῖτο
1467 2615 1701 2686 τόλμαν;
1733 2618 1819 2671 διὰ
1847 2617 1978 2686 γοῦν

395 2707 570 2762 ταῦτα
601 2706 695 2761 καὶ
721 2706 891 2759 πολλὰ
920 2705 1168 2768 τοιαῦτα,
1196 2705 1471 2774 θεοσόφως
1497 2706 1604 2777 ἄρα
1633 2707 1728 2760 καὶ
1753 2707 1979 2777 θεοπρε-

396 2799 513 2862 πῶς
541 2801 568 2852 ὁ
597 2797 690 2851 τοῦ
725 2797 861 2850 Θεοῦ
894 2795 1067 2866 Λόγος
1104 2797 1199 2849 καὶ
1237 2797 1357 2859 Υἱὸς
1386 2798 1481 2850 καὶ
1514 2797 1647 2862 Θεὸς
1691 2798 1976 2868 ἀληθινὸς,

395 2892 490 2945 καὶ
517 2891 618 2960 οὑχ
645 2887 834 2958 ἐτερός
865 2904 949 2948 τις
984 2885 1115 2956 παρ’
1139 2885 1304 2940 αὑτὸν
1324 2925 1340 2951 ,
1370 2888 1468 2956 τὴν
1506 2888 1780 2960 ἡμετέραν
1815 2907 1982 2960 προσ.

395 2975 636 3048 ειληφὼς
666 2976 844 3044 σάρκα
865 2973 963 3046 τὴν
998 2974 1182 3043 κοινὴν
1209 2972 1305 3026 τοῦ
1330 2975 1518 3043 γένους
1549 2979 1825 3048 σωτηρίαν
1859 2982 1976 3048 είρ-

393 3069 624 3137 γάσατο.

908 3181 1247 3236 EPoTnsts
1297 3183 1460 3249 PtJt'.

397 3277 460 3331 Τί
482 3275 707 3345 δήποτε
729 3274 880 3329 κατὰ
897 3277 1004 3329 τὸν
1019 3275 1325 3346 μέλλοντα
1349 3273 1536 3346 αίῶνα
1563 3271 1772 3342 κριτὴς
1784 3273 1973 3342 μόνος

889 3345 1189 3406 καθέζεται
1227 3347 1261 3399 ό
1303 3345 1438 3410 Υἱός
1456 3360 1474 3408 ;

2088 1885 2282 1939 fuisset
2333 1885 2547 1953 adepta,
2591 1899 2769 1954 neque
2813 1885 2879 1939 ad
2933 1887 3029 1940 has
3077 1886 3221 1941 vires
3275 1895 3441 1957 atque
3491 1887 3663 1941 robur

2086 1977 2428 2048 honorisque
2472 1978 2688 2032 culmen
2739 1961 2840 2032 nos
2885 1993 3132 2035 essemus
3179 1981 3384 2046 evecti;
3431 1993 3661 2034 curnam

2085 2067 2336 2123 diabolus
2385 2068 2667 2122 audaciam
2702 2083 2856 2122 suam
2891 2069 2944 2121 in
2998 2085 3098 2123 nos
3130 2084 3238 2124 non
3284 2070 3666 2140 expromeret?

2084 2175 2222 2229 quas
2254 2160 2539 2215 machinas
2569 2175 2676 2214 non
2709 2161 2993 2215 moveret?
3023 2176 3161 2230 quas
3190 2161 3368 2216 adhuc
3398 2177 3523 2232 spes
3553 2176 3665 2216 non

2087 2254 2345 2318 nutriret,
2379 2254 2495 2307 fore
2532 2264 2590 2307 ut
2619 2254 2814 2307 iterum
2855 2268 3026 2322 genus
3059 2263 3305 2309 nostrum
3349 2253 3453 2308 sibi
3486 2253 3664 2324 subji-

2088 2350 2256 2408 ceret,
2303 2341 2582 2411 veterique
2630 2342 2904 2413 tyrannidi
2956 2343 3300 2396 vindicaret?
3347 2357 3507 2410 quem
3551 2355 3662 2396 non

2084 2431 2341 2503 potentia:
2360 2447 2472 2487 sua:
2495 2432 2701 2488 viribus
2754 2433 3176 2504 attemperaret?
3206 2449 3314 2486 non
3348 2433 3662 2500 superbiam

2088 2523 2271 2592 priore
2303 2523 2567 2593 majorem
2600 2524 2876 2578 sumeret?
2910 2540 3040 2579 sane
3084 2540 3182 2580 nec
3214 2526 3312 2595 ipsi
3345 2525 3484 2581 cmlo
3531 2524 3664 2580 insi-

2085 2616 2224 2669 diari
2276 2616 2628 2670 temerarium
2685 2616 2790 2671 sibi
2841 2617 3106 2671 crederet.
3157 2615 3240 2672 Ob
3291 2617 3405 2672 haec
3454 2625 3510 2671 et
3557 2617 3663 2672 alia

2083 2707 2464 2777 hujuscemodi
2518 2707 2774 2778 plurima,
2825 2707 3228 2777 sapientissime
3287 2710 3567 2762 enimvero
3611 2718 3664 2762 et

2085 2797 2608 2853 convenientissime
2659 2797 2751 2853 Dei
2803 2797 3045 2853 Verbum
3100 2810 3156 2853 et
3204 2799 3376 2855 Filius
3419 2809 3474 2854 et
3519 2800 3664 2855 Deus

2086 2905 2275 2956 verus,
2310 2906 2416 2943 non
2449 2889 2591 2944 alius
2619 2891 2917 2960 quispiam,
2951 2907 3116 2947 carne
3144 2893 3248 2948 sibi
3275 2895 3663 2966 circumposita

2085 2998 2436 3037 communem
2465 2984 2680 3053 generis
2705 2985 2936 3038 salutem
2972 2994 3230 3056 operatus
3256 2997 3358 3043 est.

2079 3179 2409 3246 QUIESTIO
2447 3178 2630 3234 CXCII
2699 3179 2887 3251 {CoisL
2929 3180 3161 3236 CCXXI.
3218 3183 3381 3238 Taur.
3425 3186 3658 3258 CCXII].

2079 3271 2189 3326 Cur
2219 3273 2274 3324 in
2300 3271 2484 3340 futuro
2513 3270 2708 3324 seculo
2740 3271 2885 3326 solus
2923 3273 3095 3340 judex
3130 3273 3309 3327 Filius
3356 3277 3536 3330 sedeat
3571 3278 3660 3331 ”?

1637 3451 1780 3502 Edita
1808 3467 1835 3502 a
1858 3452 1984 3502 Maio
2011 3452 2068 3513 (1.
2094 3464 2137 3502 c.
2159 3449 2252 3500 200
2273 3449 2424 3512 seq.).

461 3566 532 3615 a'.
559 3559 718 3613 Πᾶσα
770 3558 870 3628 μὲν
921 3556 1253 3628 δημιουργία
1309 3557 1404 3610 καὶ
1455 3557 1606 3610 πᾶσα
1636 3555 1858 3627 πρᾶξις,
1907 3556 1975 3626 ἢν

380 3639 639 3721 ’ἐνεργεῖν
657 3648 876 3716 λέγεται
901 3647 996 3718 μία
1018 3646 1129 3700 τῶν
1142 3647 1495 3701 ύποστάσεων
1515 3645 1623 3699 τῶν
1642 3646 1970 3716 θεαρχικιίιν,

390 3741 572 3794 κοινὸν
626 3738 787 3810 ἔργον
846 3737 964 3789 ἐστὶ
1025 3739 1120 3790 καὶ
1170 3736 1282 3790 τῶν
1316 3737 1526 3799 ἄλλων,
1593 3736 1695 3789 ὅσα
1757 3753 1822 3804 γε
1892 3737 1973 3799 είς

391 3831 490 3902 τὴν
535 3830 727 3899 ὁμοίαν
769 3827 1026 3899 πρόνοιαν
1070 3823 1194 3898 ἧκε,
1229 3827 1324 3882 καὶ
1369 3827 1431 3881 τδ
1457 3829 1556 3898 τῆς
1593 3827 1842 3892 ἐξουσίας
1873 3829 1970 3882 καὶ

391 3920 729 3990 ἀγαθότητος
761 3918 1182 3989 ἀπαράλλακτον
1234 3919 1330 3971 καὶ
1369 3919 1569 3972 ἐνιαῐον
1613 3918 1715 3986 τῆς
1741 3918 1936 3988 βουλῆς
1956 3932 1971 3947 °

390 4011 469 4081 τῷ
495 4011 552 4064 δέ
605 4027 670 4078 γε
717 4010 832 4080 Υίῷ
859 4010 959 4080 τῆς
1007 4009 1310 4080 μελλούσης
1359 4009 1595 4080 κρίσεως
1653 4009 1974 4081 ἀφορίζεται

388 4105 450 4157 τὸ
477 4103 698 4172 ἀξίωμα
737 4101 824 4155 διὰ
859 4101 1060 4164 πολλὰς
1093 4101 1190 4156 καὶ
1241 4101 1563 4170 θεοπρεπεῖς
1617 4102 1849 4166 ἐννοίας,
1873 4102 1972 4172 οὑχ

387 4196 462 4260 ὡς
496 4194 826 4264 ἀφεστώτων
873 4195 966 4248 τοῦ
1005 4193 1221 4263 Πατρὸς
1270 4193 1304 4264 ἢ
1356 4193 1449 4246 τοῦ
1493 4193 1814 4263 Πνεύματος
1869 4196 1969 4265 τῆς

387 4289 697 4358 συνεργίας,
731 4287 824 4340 τὸν
862 4286 920 4339 δὲ
963 4287 1091 4341 Υίδν
1123 4289 1303 4358 κρίσιν
1329 4288 1727 4358 ἀναδεξάμενον
1759 4287 1966 4358 ταύτης

386 4379 532 4450 ἔχειν
560 4377 660 4449 τὴν
694 4379 1020 4449 ἡγεμονίαν·
1057 4379 1276 4451 πρῶτον
1311 4380 1407 4449 μὲν
1451 4379 1587 4432 διότι
1620 4379 1964 4449 Δημιουργὸς

384 4470 482 4524 καὶ⁵
510 4469 791 4538 οἰκονόμος
815 4469 976 4532 αὑτὸς
1004 4469 1223 4536 λέγεται
1252 4467 1359 4521 τῶν
1389 4486 1446 4521 τε
1467 4467 1963 4538 δημιουργημάτων

2156 3554 2210 3609 1.
2265 3552 2486 3607 Creatio
2520 3551 2705 3607 omnis
2754 3563 2918 3622 atque
2967 3555 3134 3622 actio,
3186 3573 3350 3626 qualn
3402 3573 3657 3616 exserere

2078 3645 2282 3703 dicitur
2307 3647 2615 3700 divinarum
2650 3661 3010 3715 personarum
3038 3664 3167 3711 una,
3197 3665 3489 3707 commune
3518 3669 3654 3723 opus

2077 3751 2397 3793 caeterarum
2453 3746 2557 3803 est,
2593 3737 2722 3805 quia
2771 3737 3026 3792 videlicet
3065 3739 3130 3792 ad
3172 3741 3421 3794 eamdem
3464 3744 3654 3811 provi-

2075 3831 2320 3886 dentiam
2351 3837 2585 3900 spectat,
2617 3839 2780 3900 atque
2813 3845 2878 3884 ex
2912 3830 3102 3885 eodem
3139 3833 3452 3900 potestatis,
3495 3835 3651 3890 boni-

2075 3922 2206 3976 tatis
2245 3929 2409 3990 atque
2452 3919 2670 3975 consilii
2719 3928 2868 3972 certo
2913 3929 2969 3975 et
3008 3922 3172 3976 unico
3206 3923 3355 3978 fonte
3389 3926 3648 3994 procedit.

2071 4009 2344 4064 Caeterum
2398 4009 2539 4064 Filio
2571 4007 2740 4062 futuri
2800 4009 2988 4078 judicii
3041 4012 3278 4081 dignitas
3327 4015 3527 4069 multas
3583 4017 3648 4070 ob

2075 4116 2273 4157 causas
2303 4116 2687 4172 congruasque
2716 4101 2997 4168 tribuitur,
3037 4119 3143 4156 non
3172 4112 3354 4158 tamen
3389 4108 3515 4175 quia
3545 4107 3651 4160 Pa-

2070 4203 2153 4249 ter
2205 4203 2259 4248 et
2307 4190 2547 4262 Spiritus
2596 4209 2628 4247 a
2682 4194 2944 4248 societate
2991 4193 3175 4262 eperis
3227 4195 3428 4250 absint.
3480 4196 3649 4254 Filius

2072 4296 2254 4340 autem
2317 4285 2684 4354 principatum
2733 4283 2898 4354 hujus
2954 4284 3138 4354 operis
3194 4293 3360 4352 tenet,
3409 4289 3646 4356 primum

2070 4378 2198 4446 quia
2247 4375 2478 4430 Creator
2522 4376 3044 4445 administratorque
3098 4377 3294 4430 dicitur
3337 4391 3648 4434 creatarum

2070 4484 2280 4533 rerum,
2306 4483 2444 4538 quas
2477 4467 2631 4522 initio
2660 4484 2690 4521 c
2722 4467 2892 4521 nihilo
2923 4468 3145 4533 eduxit;
3177 4468 3304 4522 item
3331 4471 3458 4540 quia
3485 4486 3651 4541 gene-

382 4560 421 4617 ἃ
467 4562 589 4615 κατ’
634 4561 810 4632 ἀρχὰς
846 4563 911 4614 ἐκ
959 4563 1035 4632 μὴ
1075 4562 1244 4614 ὄντων
1299 4561 1530 4631 ὑπέστη,
1563 4560 1660 4614 καὶ
1689 4560 1790 4629 τῆς
1824 4559 1963 4630 μετά

2078 4563 2148 4613 ris
2186 4560 2412 4614 humani
2445 4569 2570 4630 post
2596 4559 2807 4628 lapsum
2847 4561 3142 4614 renovandi
3195 4561 3648 4632 instaurandique

383 4655 483 4724 τὴν
518 4655 808 4726 συντριὸὴν
850 4653 946 4706 τοῦ
993 4653 1332 4723 ἀνθρωπίνου
1381 4652 1572 4720 γένους
1615 4650 1966 4714 ἀνανεώσεως

382 4763 442 4799 τε
473 4748 568 4799 καὶ
606 4746 985 4808 ἀναπλάσεως.
1013 4745 1158 4797 Ἔδει
1184 4745 1240 4796 δὲ
1269 4744 1378 4817 ἄρα
1399 4744 1456 4807 ὃς
1482 4744 1582 4814 τὴν
1600 4743 1965 4814 δημιουργίαν

383 4835 478 4888 καὶ
507 4837 766 4904 πρόνοιαν
802 4839 903 4904 τῆς
952 4835 1254 4906 ἀνθρώπων
1286 4835 1500 4903 φύσεως
1536 4833 1660 4888 καθ’
1689 4835 1964 4905 ἑκατέραν

381 4927 716 4999 προαγωγὴν
761 4928 1086 4995 ἀνεδέξατο,
1141 4927 1328 4979 τοῦτον
1385 4929 1569 4990 αὑτοῖς
1618 4927 1714 4980 καὶ
1771 4925 1964 4998 κριτὴν

380 5020 734 5075 καθεστάναυ
773 5022 1058 5090 συνέχεται
1115 5019 1220 5090 γὰρ
1260 5020 1356 5072 καὶ
1402 5018 1851 5072 συνδιαπλέκεται
1893 5021 1960 5088 τῇ

377 5109 712 5180 δημιουργίᾳ
762 5110 860 5179 μὲν
907 5112 940 5182 ἡ
993 5109 1242 5180 πρόνοια,
1291 5111 1358 5180 τῇ
1405 5110 1635 5180 προνοίᾳ
1682 5110 1739 5162 δὲ
1779 5113 1812 5181 ὴ
1854 5111 1962 5165 τῶν

377 5203 795 5273 προνοουμένων
824 5203 1006 5273 κρίσις
1041 5203 1134 5256 καὶ
1172 5201 1439 5266 ἐξέτασις.
1492 5204 1695 5274 Διόπερ
1727 5205 1963 5274 εὐλόγως

376 5310 436 5344 τε
460 5295 556 5346 καὶ
582 5294 808 5358 δικαίως
831 5288 875 5362 ᾧ
903 5294 965 5347 τὸ
991 5293 1202 5358 κτίζειν
1231 5298 1325 5348 καὶ
1354 5296 1730 5360 ἀνακαινίζειν
1761 5296 1962 5366 πρᾶξις

376 5385 594 5454 γέγονε,
629 5388 766 5458 πρὸς
812 5386 1003 5440 τοῦτον
1055 5390 1148 5442 καὶ
1173 5388 1274 5458 τὴν
1303 5388 1486 5459 κρίσιν
1507 5388 1602 5441 τοῦ
1641 5389 1961 5458 πλάσματος

375 5478 748 5546 ἀναφέρεσθαι
774 5493 787 5506 ·
825 5476 1077 5547 δεύτερον
1105 5478 1182 5540 δέ,
1212 5482 1260 5530 εί
1295 5479 1586 5548 νομοθέτου
1621 5479 1858 5549 μάλιστα
1895 5479 1956 5533 τὸ

375 5567 583 5638 κρίνειν
605 5569 731 5630 τοὺς
745 5564 824 5632 οἷς
850 5568 988 5621 κατά
1011 5568 1172 5639 χάριν
1189 5570 1554 5644 ἐνομοθετήθη
1579 5570 1953 5628 πολιτεύεσθαι

445 5710 463 5728 ‘
487 5705 532 5737 “
565 5703 750 5761 chtr.
792 5720 831 5771 ι,
867 5705 956 5758 1°).
1033 5703 1078 5736 “'
1105 5705 1222 5761 Act.
1257 5722 1309 5771 κ,
1343 5708 1429 5761 49..

688 5799 960 5858 PATROL.
1008 5797 1123 5857 Ge.
1173 5801 1270 5862 Cl.

2070 4661 2264 4706 auctor
2296 4651 2526 4706 exstitit.
2558 4650 2703 4721 Ergo
2749 4650 3057 4719 oportebat,
3091 4651 3182 4718 qui
3229 4652 3542 4706 Creatorem
3588 4667 3649 4707 se

2063 4744 2548 4815 providentemque
2603 4744 2860 4798 humanae
2914 4753 3124 4798 naturae
3184 4751 3420 4814 utroque
3485 4761 3647 4814 opere

2063 4837 2414 4902 exhibuerat,
2452 4838 2598 4891 hunc
2628 4837 2678 4890 ei
2705 4836 2944 4906 judiccm
2994 4852 3213 4906 quoque
3249 4837 3389 4891 dari.
3427 4837 3642 4892 Etenim

2063 4929 2330 4985 creationi
2376 4944 2562 4984 comes
2613 4937 2778 4998 atque
2826 4929 3089 4998 implicita
3136 4938 3218 4983 cst
3251 4930 3587 4999 providentia
3626 4950 3640 4986 :

2063 5021 2464 5092 providentiam
2515 5020 2872 5089 consequitur
2914 5020 3180 5088 judicatio
3230 5021 3644 5090 exploratioque

2065 5129 2264 5170 earum
2285 5129 2466 5169 rerum
2500 5114 2700 5183 quibus
2729 5115 3064 5183 providetur.
3103 5113 3282 5178 Quare
3324 5123 3448 5182 apte
3473 5115 3644 5183 jUSll'-

2065 5221 2172 5276 quo
2219 5206 2308 5261 cui
2365 5207 2572 5260 rreatio
2621 5206 3009 5272 renovatioque
3069 5213 3296 5274 accepta
3329 5204 3516 5269 fertur,
3574 5207 3642 5259 ad

2064 5313 2191 5354 eum
2232 5297 2503 5367 judicitttn
2543 5312 2764 5365 quoque
2798 5297 2878 5349 rei
2913 5297 3070 5350 facta:
3113 5295 3364 5352 refertur.
3411 5295 3638 5362 Deinde,

2069 5390 2115 5445 si
2148 5373 2482 5460 legislatoris
2515 5390 2752 5442 cilicium
2781 5395 2864 5442 est
2889 5388 3139 5457 judicare
3180 5405 3274 5443 eos
3314 5390 3520 5459 quibus
3554 5405 3634 5443 se-

2065 5482 2306 5537 cundum
2343 5482 2570 5546 gratiam
2603 5480 2785 5534 vivere
2821 5481 3132 5534 mandatum
3172 5481 3276 5535 fuit
3307 5483 3503 5550 (genus
3551 5481 3638 5534 iu-

2067 5574 2248 5643 tellige
2302 5571 2658 5641 humanum);
2699 5571 2974 5643 lcgislator
3015 5581 3197 5628 autem
3253 5575 3376 5628 novi
3422 5573 3638 5629 foederis

3269 5805 3348 5864 30
