4110 6446
436 352 538 418 931

1587 346 1850 405 ΡΗΟΤΙΙ
1876 345 2384 405 ΡΑΤΒΙΑΠΟΙΙᾸΞ
2424 345 2532 407 CP.

3585 343 3690 405 932

437 461 743 532 praecipuus
779 456 947 511 Filius
972 462 1074 518 est,
1124 453 1340 507 etiamsi
1376 454 1557 509 Patris
1585 456 1839 510 voluntas
1885 470 2010 508 cum

2123 453 2294 523 [τοῦτο
2316 454 2373 506 δέ
2398 456 2519 507 ἐστι
2546 453 2608 507 τὸ
2625 454 2780 523 γένος
2812 454 2872 508 τὸ
2901 454 3289 526 ἀνθρώπινον),
3312 453 3608 524 νομοθέτης
3636 455 3693 507 δὲ

436 567 504 608 eo
538 557 815 621 operatur,
854 558 1031 612 neque
1074 545 1252 599 sancti
1286 544 1522 615 Spiritus
1556 546 1792 601 societas
1835 545 2009 610 deest,

438 649 583 698 recte
614 633 787 689 Filius
815 633 1272 690 demandatarum
1312 651 1497 692 rerum
1529 637 1695 707 judex
1724 637 2017 692 constitui-

434 738 549 784 tur.
594 725 826 797 Insuper
855 726 985 796 quia
1027 729 1269 782 humana
1299 743 1467 784 carne
1511 728 1615 784 sibi
1655 728 2012 792 circumdata,

435 820 874 890 experimentum
922 819 1177 874 humanae
1229 830 1442 876 naturae
1488 823 1655 891 cepit,
1702 821 2018 892 duplicique

436 919 716 980 gestarum
754 924 939 964 rerum
989 910 1183 964 notitia
1215 925 1274 965 se
1321 911 1539 965 imbuit.
1590 911 1682 966 Sic
1714 912 1826 966 fere
1856 912 2016 967 divus

436 1002 639 1058 Paulus
652 999 698 1034 “
715 1000 937 1067 clamat,
964 1000 1395 1057 misericordiam
1413 1002 1534 1071 ejus
1561 1016 1690 1074 erga
1711 1017 1811 1057 nos
1831 1003 2017 1073 propi-

439 1091 838 1160 tiationemque
865 1105 965 1161 pro
1005 1091 1165 1146 nobis
1197 1092 1587 1147 commendans
1619 1109 1633 1145 :
1661 1094 1920 1162 quoniam
1962 1094 2016 1146 in

438 1185 529 1251 iis,
565 1199 687 1254 qum
726 1183 843 1252 ipse
874 1198 1073 1252 passus
1099 1192 1204 1249 est,
1238 1193 1502 1249 tentatus,
1535 1199 1690 1253 opem
1720 1183 1862 1239 ferre
1901 1193 2021 1239 ten-

2123 544 2360 614 μάλιστα
2374 545 2472 615 τῆς
2490 546 2699 615 Καινῆς
2718 545 3033 617 Διαθήκηςό
3046 548 3193 613 Υἱὸς,
3211 549 3261 600 εἰ
3277 548 3371 601 καὶ
3393 546 3493 616 τῆς
3510 564 3697 618 πατρι-

2120 636 2225 705 κῆς
2242 636 2438 705 βουλῆς
2456 638 2550 689 καὶ
2567 639 2860 707 συνεργίας
2876 641 2969 693 καὶ
2981 640 3074 693 τοῦ
3097 640 3363 706 παναγίου
3382 638 3523 692 Πνεῦ
3531 656 3697 709 ματος

2120 728 2153 796 ή
2186 726 2443 779 κοινωνία
2464 726 2539 796 μὴ
2567 727 2596 780 δ
2605 728 2918 798 ιασχίζοιτο,
2939 730 3162 793 εἰκότως
3180 731 3210 781 6
3230 729 3357 792 Υἱὸς
3378 730 3569 799 κριτὴς
3593 728 3697 781 τῶν

2122 814 2600 885 νομοθετουμένων
2647 817 2992 873 καθίσταται.
3032 820 3093 871 Ei
3126 818 3181 871 δὲ
3211 818 3307 872 καὶ
3348 819 3482 872 διότι
3511 817 3571 870 τὺ
3601 818 3698 870 άνο

2124 908 2398 980 θρώπινον
2437 909 2667 981 φύραμα
2707 912 3099 982 προσελάϐετο,
3155 913 3243 967 διὰ
3276 913 3470 982 πείρας
3498 928 3559 964 τε
3601 914 3700 980 τῆς

2123 1000 2474 1073 ἀνθρωπίνης
2505 1002 2720 1073 φύσεως
2755 1004 3016 1075 κατέστη,
3064 1004 3160 1058 καὶ
3201 985 3411 1074 διπλῆν·
3441 1003 3542 1074 τὴν
3573 1003 3702 1073 περὶ¹

2122 1092 2231 1146 τῶν
2287 1094 2630 1164 κρινομένων
2669 1097 2940 1169 ἐκτήσατο
2990 1098 3212 1165 γνῶσινο
3270 1095 3345 1160 ὦς
3393 1113 3498 1149 που
3537 1095 3631 1148 καὶ
3674 1096 3703 1148 6

2140 1184 2281 1248 θεῖος
2312 1186 2524 1249 Παῦλος
2546 1185 2668 1257 βοᾷ,
2699 1186 2789 1241 τὸν
2815 1187 2944 1258 περὶ
2962 1190 3109 1259 ἡμᾶς
3132 1189 3279 1242 ἔλεον
3298 1188 3464 1242 αὑτοῦ
3494 1188 3588 1241 καὶ
3612 1188 3703 1240 τὸν

441 1278 570 1334 tatis
607 1286 811 1348 potest.
849 1276 928 1333 Ne
962 1279 1079 1333 haec
1123 1278 1367 1348 quidem,
1413 1279 1660 1349 inquam,
1698 1280 1837 1334 ratio
1870 1294 1899 1333 a
1930 1280 2018 1349 pia

2125 1277 2266 1348 ὑπὲρ
2295 1280 2326 1348 ή
2336 1279 2453 1348 μῶν
2485 1279 2713 1350 ἱλασμὸν
2763 1280 3081 1351 ὑμνολογῶν
3108 1282 3202 1351 (ἐν
3236 1274 3407 1352 ᾧγὰρ
3434 1279 3705 1333 πέπονθεν

440 1371 883 1428 consideratione
914 1371 1191 1426 abhorret.
1242 1372 1347 1425 Sed
1382 1387 1557 1441 neque
1600 1387 1686 1435 ea,
1717 1386 1881 1439 quam
1925 1372 2018 1425 ad—

2126 1371 2293 1432 αὑτὸς
2325 1370 2668 1444 πειρασθείς,
2702 1372 2928 1427 δύναται
2985 1377 3099 1437 τοῖς
3134 1372 3552 1445 πειραζομένοις
3578 1373 3703 1442 βοη-

442 1462 593 1525 dam,
636 1460 869 1515 fortasse
911 1460 1146 1515 absurda
1185 1459 1424 1530 cogitatu
1476 1460 1749 1519 videbitur
1781 1478 1795 1514 :
1827 1475 2018 1531 nempe

2128 1460 2341 1531 θῆσαι)’
2376 1462 2498 1515 οὑδὲ
2530 1462 2686 1517 τοῦτ’
2707 1462 2773 1518 ἂν
2802 1465 2887 1535 εῐη
2918 1464 3107 1537 πόρρω
3131 1464 3362 1536 θεωρίας
3394 1464 3703 1528 θεοσεϐοῦςο

442 1552 573 1622 quia
618 1567 678 1607 se
708 1552 879 1607 Filius
910 1551 977 1605 ad
1014 1560 1124 1606 tam
1171 1550 1499 1607 inc-ﬂabilem
1549 1552 2018 1621 inexplicabilem-

2128 1552 2258 1616 ἴσως
2286 1553 2331 1607 δ’
2367 1555 2467 1607 οὐκ
2519 1554 2750 1619 ἀπεικὸς
2778 1555 2873 1609 καὶ
2903 1556 3063 1608 τοῦτο
3089 1556 3427 1625 λογίσασθαι,
3459 1556 3534 1620 ὡς
3557 1558 3707 1610 ὲπει-

441 1655 551 1710 que
593 1640 961 1695 humilitatem
1009 1640 1303 1710 depressit,
1353 1640 1483 1695 dum
1543 1641 1777 1696 similem
1822 1651 2018 1697 nostrae

2126 1642 2303 1714 δήπερ
2332 1644 2701 1699 ἐταπείνωσεν
2748 1645 2940 1699 ἑαυτὸν
2979 1647 3010 1699 6
3046 1646 3175 1710 Υίδς
3223 1649 3304 1711 είς
3335 1648 3615 1719 άφραστόν
3644 1664 3706 1699 τε

443 1744 666 1784 carnem
706 1729 1141 1799 sanguinemque
1188 1729 1488 1798 adoptavit,
1538 1729 1745 1785 idcirco
1776 1731 2018 1784 universi

2129 1735 2227 1790 καὶ
2251 1735 2642 1808 ἀνεκδιήγητον
2675 1738 3027 1803 ταπείνωσιν,
3072 1739 3275 1809 σαρκὸς
3304 1738 3707 1808 παραπλησίως

442 1821 595 1877 orbis
623 1820 887 1890 judicium
924 1820 1100 1876 eidem
1127 1821 1382 1886 traditur,
1410 1836 1523 1892 quo
1560 1837 1624 1877 ex
1662 1822 1753 1877 illa
1798 1822 2018 1877 humili-

2124 1828 2258 1899 ἡμῖν
2305 1830 2598 1899 μετασχεῖν
2650 1829 2749 1882 καὶ¹
2791 1830 3044 1900 αἵματος,
3087 1829 3246 1901 ήτοῦ
3296 1828 3493 1893 παντὸς
3526 1830 3706 1899 κρίσις

441 1921 556 1968 tate
598 1921 751 1967 tanta
798 1912 1092 1978 exaltetur,
1158 1926 1223 1968 ac
1267 1912 1570 1968 divinitatis
1614 1912 1735 1982 ejus
1784 1912 2021 1983 dignitas

442 2001 858 2073 depradicetur.
910 2000 1192 2058 Przedictis
1238 2002 1473 2071 denique
1524 2003 1709 2057 causis
1741 2001 1890 2057 haud
1931 2017 2031 2075 se-_

443 2094 696 2164 quiorem
729 2093 859 2149 audi
910 2093 1055 2148 hanc
1088 2112 1102 2148 :
1132 2093 1574 2164 quandoquidem
1625 2094 1679 2148 in
1728 2093 2023 2149 universali

444 2184 849 2240 resurrectione
905 2184 1049 2239 haud
1109 2184 1269 2239 nudae
1309 2185 1505 2238 animae
1550 2184 1643 2239 sed
1696 2184 2022 2254 corporibus

442 2276 561 2331 suis
593 2276 861 2346 copulata:
887 2284 1197 2346 resurgent,
1233 2286 1397 2345 atque
1422 2275 1493 2330 ita
1520 2276 1777 2330 tribunali
1806 2276 2022 2347 judica-

443 2376 574 2423 turo
621 2367 916 2433 sistentur,
952 2376 1119 2438 atque
1154 2367 1254 2421 hoc
1290 2382 1537 2435 personae
1569 2367 1756 2422 habitu
1804 2377 2022 2423 senten-

440 2458 575 2512 tiam
628 2456 820 2528 judicii
884 2456 1166 2525 referent;
1217 2472 1445 2529 prorsus
1495 2460 1736 2527 oportuit
1800 2458 2019 2513 illarum

439 2564 662 2620 quoque
698 2550 940 2617 judicem
981 2551 1035 2605 in
1090 2551 1193 2605 hac
1244 2551 1415 2622 ﬁgura
1440 2548 1534 2621 jus
1579 2549 1794 2617 dicere;
1844 2551 1918 2607 ita
1965 2559 2024 2607 ut

437 2638 668 2709 iudicati
718 2640 972 2695 homines
1012 2640 1353 2709 judicantem
1396 2655 1623 2695 cernere
1669 2642 1916 2710 possint;
1964 2652 2023 2696 ut

441 2746 540 2801 per
581 2731 800 2801 cognita
846 2732 957 2786 illis
989 2732 1154 2787 verba
1187 2732 1459 2803 judicium
1508 2741 1852 2797 exerceatur,
1896 2748 2023 2789 sen-

441 2824 737 2893 tentiaeque
772 2823 965 2878 notitia
999 2824 1065 2879 ad
1106 2825 1455 2894 praasentium
1496 2840 1659 2881 aures
1706 2836 2023 2897 mentesque

440 2913 746 2969 clarissima
775 2913 1076 2969 deferatur.
1116 2914 1291 2970 Porro
1322 2914 1553 2986 ﬁguram
1595 2924 1843 2970 nostram
1887 2916 2023 2970 nulli

441 3005 749 3060 divinarum
793 3020 1179 3076 personarum,
1216 3015 1413 3077 praeter
1451 3020 1616 3076 quam
1662 3005 1824 3073 Filio,
1864 3023 2022 3063 com-

441 3110 667 3153 munem
698 3111 822 3153 esse
847 3097 1077 3153 scimus.

439 3457 770 3529 QUASS'I‘IO
795 3457 1003 3515 cxcul
1039 3454 1229 3530 [σοιει.
1259 3450 1520 3525 CCXXII,
1538 3441 1547 3446 ’
1568 3454 1734 3511 Taur.
1766 3453 2021 3527 CCXIII].

2123 1918 2276 1986 αὑτῷ
2322 1918 2705 1989 παρατίθεται,
2739 1920 2838 1991 τῆς
2895 1921 3098 1991 πολλῆς
3158 1921 3375 1990 ἐκείνης
3424 1920 3708 1990 ἀνυψοῦσα.

2121 2008 2542 2074 ταπεινώσεως,
2592 2012 2688 2066 καὶ¹
2730 2012 2792 2065 τὸ
2842 2013 2984 2067 κατὰ
3022 2012 3119 2083 τὴν
3163 2012 3392 2084 θεότητα
3436 2012 3708 2084 λαμπρῶς

2122 2099 2343 2172 ἀξίωμα
2379 2103 2793 2173 διαγγέλλουσαο
2834 2104 2932 2159 καὶ
2956 2105 3017 2158 τό
3047 2118 3112 2174 γε
3146 2106 3256 2159 τῶν
3280 2105 3587 2176 εἰρημένων
3615 2106 3708 2159 οὑ-

2121 2193 2274 2258 δενδς
2307 2193 2550 2257 ἔλαττον,
2579 2197 2879 2268 ἐπειδήπερ
2909 2197 3051 2251 κατὰ
3086 2196 3185 2268 τὴν
3211 2196 3554 2266 παγκόσμιον
3577 2195 3709 2249 ἀνά-

2126 2303 2316 2339 στασιν
2342 2287 2402 2339 οὑ
2426 2286 2596 2357 ψυχαὶ
2613 2290 2841 2359 γυμναὶ,
2863 2290 3247 2360 συνηνωμέναι
3271 2289 3329 2342 δὲ
3348 2292 3458 2353 τοῖς
3484 2289 3709 2352 οἰκείοις

2126 2377 2344 2449 σώμασι
2378 2381 2693 2434 κοινωνοῦσι
2741 2383 2842 2452 τῆς
2894 2382 3265 2446 ἀναστάσεως,
3306 2382 3401 2435 καὶ
3440 2382 3584 2435 οὑτω
3628 2382 3708 2451 τῷ

2122 2467 2225 2537 τῆς
2270 2470 2509 2541 κρίσεως
2543 2474 2910 2543 παρίστανται
2963 2474 3195 2545 βήματι,
3243 2476 3337 2529 καὶ
3381 2476 3440 2528 ὲν
3481 2475 3708 2545 τοιαύτῃ

2124 2562 2459 2616 καταστάσει
2502 2562 2597 2616 τοῦ
2649 2566 3028 2637 συγκρίματος
3058 2566 3155 2638 τὴν
3185 2567 3343 2636 δίκην
3390 2567 3707 2637 ὑπέχουσιν,

2124 2651 2232 2706 ἔδει
2260 2654 2478 2718 πάντως
2507 2656 2690 2711 αὐτῶν
2720 2658 2815 2713 καὶ
2840 2658 2931 2712 τὸν
2956 2660 3151 2732 κριτὴν
3185 2660 3241 2712 ἐν
3268 2658 3491 2730 τοιαύτῃ
3526 2662 3707 2730 μορφῇ

2126 2745 2587 2814 προκαθέζεσθαι’
2645 2749 2723 2812 ὡς
2777 2750 2844 2804 ἂν
2901 2752 3000 2804 καὶ
3053 2755 3166 2814 τοῖς
3224 2752 3566 2823 κρινομένοις
3620 2752 3709 2821 εἴη

2125 2835 2390 2892 δύνασθαι
2435 2839 2528 2892 τὸν
2557 2841 2814 2911 κρίνοντα
2840 2843 2992 2914 όρᾷν,
3021 2845 3115 2897 καὶ
3146 2844 3243 2916 τὴν
3271 2844 3453 2915 κρίσιν
3477 2845 3569 2899 διὰ
3591 2844 3701 2897 τῶν
3788 2912 3793 2915 ι

2126 2927 2491 2998 ἐγνωσμένων
2533 2933 2719 2997 αὐτοῖς
2759 2936 3025 3005 ῥημάτων
3072 2937 3166 2990 καὶ
3223 2938 3583 3009 προάγεσθαι,
3614 2939 3712 2991 καὶ

2125 3017 2223 3089 τὴν
2254 3018 2364 3073 τῶν
2392 3023 2675 3093 κριμάτων
2705 3024 2911 3091 γνῶσιν
2946 3028 3025 3090 είς
3054 3027 3115 3080 τὸ
3148 3029 3488 3098 σαφέστατον
3514 3031 3711 3095 ἀκοαῖς

2126 3125 2187 3160 τε
2212 3110 2305 3162 καὶ
2327 3114 2447 3175 ταῖς
2467 3113 2750 3180 διανοίαις·
2776 3117 2876 3186 τὴν
2902 3117 2959 3171 δέ
2988 3136 3051 3188 γε
3072 3121 3288 3191 μορφὴν
3309 3121 3410 3193 τὴν
3434 3122 3714 3193 ἡμετέραν

2124 3203 2355 3276 οὐδεμιᾷ
2402 3206 2511 3260 τῶν
2563 3208 2860 3279 ὑπερφυῶν
2903 3210 3259 3266 ὑποστάσεων
3289 3212 3474 3286 ἑτέρᾳ,
3517 3213 3636 3268 ἀλλ’
3672 3214 3709 3283 ἢ

2127 3297 2194 3367 τῇ
2222 3296 2319 3350 τοῦ
2355 3298 2509 3365 Υἱοῦ,
2539 3302 2742 3366 πάντες
2770 3303 2933 3373 ῖσμεν
2959 3304 3430 3375 ὲφαρμόττουσαν.

2654 3468 2992 3521 sparum
3028 3467 3187 3536 Ρι,ιν.

937 3573 1080 3623 Edita
1106 3589 1133 3624 a
1156 3574 1454 3625 Montacutlo
1479 3574 1583 3640 (ep.
1607 3573 1669 3622 54
1690 3572 1750 3622 ad
1776 3572 1919 3623 Joan.
1942 3571 2112 3637 Chrys.
2138 3590 2186 3642 p.
2213 3578 2316 3645 95).
2336 3607 2399 3621 -
2422 3583 2495 3634 De
2514 3582 2755 3636 Trinitate
2780 3592 2833 3637 et
2855 3587 3217 3638 Incarnalione.

515 3701 983 3770 Quemadmodum
1025 3701 1079 3756 in
1111 3701 1434 3772 Theologia,
1465 3710 1578 3757 tres
1610 3696 1855 3756 confiteri
1887 3700 2024 3754 sub-

440 3793 695 3857 stantias,
724 3793 926 3847 multos
957 3790 1089 3847 deos
1122 3792 1354 3857 inducit,
1394 3803 1449 3846 et
1480 3801 1765 3861 propterea
1819 3789 2025 3844 atheis-

439 3900 614 3951 mum,
664 3884 737 3938 ita
768 3899 932 3937 unam
988 3898 1190 3953 ponere
1217 3882 1556 3954 hypostasin,
1598 3892 1691 3937 aut
1719 3882 2022 3937 subsisten-

438 3976 594 4039 tiam,
633 3974 972 4029 Judaismum
998 3976 1186 4045 resipit
1209 3982 1264 4029 et
1290 3974 1795 4029 Sabellianismum.
1820 3973 2022 4025 Eodem

437 4065 601 4119 modo
632 4077 685 4118 et
733 4064 787 4117 in
846 4063 1248 4118 incarnationis
1308 4060 1752 4132 dispensatione,
1804 4058 2023 4112 unicam

436 4166 690 4211 naturam
739 4164 795 4210 et
855 4155 1172 4228 bypostasin
1217 4153 1553 4224 imaginari,
1615 4146 2019 4207 Manichaicum

435 4246 627 4316 resipit
658 4262 675 4300 :
713 4245 853 4300 duas
902 4256 1125 4300 naturas
1174 4254 1228 4299 et
1258 4244 1584 4315 hypostases
1629 4242 1767 4297 duas
1801 4240 2022 4296 Paulia—

435 4336 605 4391 nistas
638 4335 848 4404 resipit,
912 4349 1105 4390 osores
1140 4334 1375 4390 Christi.
1411 4332 1554 4400 Quid
1594 4333 1760 4403 igitur
1806 4330 2013 4386 facien-

435 4424 612 4479 dum?
649 4424 765 4481 Hoc
799 4441 1040 4495 nempe:
1088 4434 1152 4480 ut
1195 4426 1433 4481 mediam
1498 4425 1638 4479 viam
1695 4422 2012 4478 insistentes

433 4517 695 4571 omnibus
724 4516 969 4585 vestigiis
1000 4516 1195 4587 dogma
1226 4530 1540 4586 premamus
1569 4514 2009 4571 ecclesiasticum

2195 3709 2407 3780 Ὥσπερ
2447 3713 2541 3766 ἐπὶ
2574 3712 2675 3782 τῆς
2711 3712 3027 3783 θεολογίας,
3074 3715 3168 3771 καὶ
3196 3713 3293 3781 τὸ,
3334 3717 3485 3786 τρεῖς
3508 3716 3709 3788 όμολο-

2123 3801 2240 3865 γεῖν
2273 3800 2481 3867 οὐσίας,
2514 3804 2799 3873 πολύθεον,
2848 3808 2944 3861 καὶ
2973 3808 3062 3862 διὰ
3088 3808 3248 3863 τοῦτο
3275 3808 3468 3864 ἄθεονο
3513 3814 3609 3864 καὶ
3645 3813 3711 3865 τὸ
3814 3806 3833 3827 ⁸

2127 3888 2257 3956 μίαν
2291 3889 2469 3959 λέγειν
2520 3893 2844 3959 ὑπόστασιν,
2893 3898 3184 3951 Ἰουδαϊκὸν
3232 3898 3327 3951 καὶ
3378 3898 3709 3952 Σαϐέλλιονο

2124 3978 2268 4033 οὕτω
2298 3982 2391 4034 καὶ
2430 3983 2527 4037 ἐπὶ
2556 3987 2655 4056 τῆς
2682 3988 3024 4058 οἰκονομίας,
3054 3989 3115 4042 τό
3142 4006 3202 4042 τε
3229 3990 3357 4059 μίαν
3385 3991 3545 4060 φύσιν
3574 4008 3711 4061 φρο-

2123 4070 2255 4133 νεῖν,
2291 4072 2388 4125 καὶ⁹
2433 4074 2562 4143 μίαν
2608 4076 2929 4145 ὑπόστασιν,
2963 4079 3301 4149 Μανιχαῖκδν
3334 4084 3427 4134 καὶ
3464 4080 3710 4152 ἀπόϐλη-

2119 4174 2213 4211 τον
2232 4175 2246 4190 '
2279 4161 2375 4215 καὶ
2402 4164 2484 4229 τὸ,
2520 4165 2614 4220 δύο
2657 4166 2887 4236 φύσεις,
2915 4170 3011 4223 κοιὶ⁵
3053 4171 3146 4224 δύο
3175 4171 3523 4236 ὑποστάσεις,
3558 4174 3709 4226 Παυς-

2118 4248 2414 4308 λιανιστῶν
2449 4257 2545 4310 καὶ
2578 4259 2952 4331 μισόχριστον.
2993 4262 3060 4314 Τί
3088 4258 3181 4316 οὖν
3206 4262 3313 4334 χρὴ
3352 4266 3559 4329 ποιεῖν;
3592 4263 3705 4334 Τὴν

2119 4342 2294 4413 μέσην
2347 4346 2443 4398 καὶ
2488 4347 2953 4422 ἐκκλησιαστικὴν
2996 4350 3155 4415 δόξαν
3211 4352 3538 4423 ίχνηλατεῖν,
3582 4354 3704 4424 ἧτις

2116 4433 2217 4505 τὴν
2244 4437 2586 4510 ἑκατέρωθεν
2615 4443 2983 4498 ἀποκλίνουσα
3000 4444 3098 4498 καὶ
3122 4445 3500 4516 ὲκτρεπομένη
3533 4446 3703 4516 βλασ-

2124 4525 2358 4595 φημίαν,
2393 4530 2523 4598 μίαν
2548 4531 2847 4586 ὑπόστασιν
2873 4533 2969 4586 ἐπὶ
2994 4531 3255 4603 Χριστοῦ,
3280 4534 3375 4588 δύο
3411 4535 3469 4588 δὲ
3513 4535 3707 4605 φύσεις

431 4609 582 4681 quod
641 4608 1038 4679 blasphemiam
1080 4623 1147 4663 ex
1202 4618 1435 4677 utraque
1469 4618 1623 4679 parte
1677 4608 1936 4677 declinat,
1966 4616 2018 4667 et

2123 4613 2428 4688 θεοφρόνως
2450 4621 2705 4691 ὁμολογεῖ
2735 4623 3162 4694 δογματίζουσα.

430 4706 657 4772 devitat,
689 4706 824 4761 illud
863 4714 1045 4761 autem
1075 4706 1257 4773 docet,
1300 4721 1468 4760 unam
1502 4706 1557 4760 in
1589 4705 1811 4762 Christo
1876 4707 2218 4779 hypostasin,
2286 4723 2541 4772 naturam
2604 4717 2872 4789 duplicem
2921 4721 3224 4776 secundum
3291 4720 3532 4777 divinum
3580 4737 3706 4777 sen-

432 4809 556 4850 sum
588 4795 857 4866 profiteri.

501 4954 830 5024 QUIESTIO
882 4953 1091 5011 CXCIV
1151 4954 1341 5027 [CaisL
1410 4953 1691 5023 CCXXIII,
1752 4955 1914 5014 Taur.

1089 5047 1343 5119 CCXIV].

2650 4966 2985 5020 ΕΡοτιιΣιΣ
3021 4968 3175 5036 Pw.

986 5163 1127 5213 Edita
1151 5177 1178 5212 a
1199 5162 1498 5212 Montacutio
1530 5163 1630 5225 (ep.
1656 5162 1717 5211 55
1738 5163 1797 5212 ad
1818 5162 1956 5213 Joan.
1983 5159 2250 5222 Chrysoch.
2280 5172 2327 5221 p.
2352 5160 2432 5220 95,
2455 5160 2561 5225 96).
2591 5189 2652 5199 ——
2672 5166 2748 5216 De
2785 5167 3144 5220 Incarnatione.

498 5298 968 5364 Quemadmodum
998 5297 1286 5355 Nestorius
1312 5299 1380 5355 de
1412 5299 1801 5355 contaminatis
1828 5301 2015 5356 calici—

428 5396 528 5443 bus
585 5388 737 5444 Pauli
779 5390 1182 5447 Samosatensis
1216 5391 1427 5455 bibens,
1488 5392 1675 5446 ebrius
1701 5392 1874 5446 evasit
1907 5392 2012 5445 im-

429 5482 650 5549 pietate,
714 5484 787 5537 ita
816 5493 869 5537 et
895 5484 1131 5554 propria:
1153 5483 1434 5553 religionis
1470 5485 1681 5538 semina
1712 5481 2004 5555 Eutyches,

429 5574 496 5626 de
525 5574 739 5630 acerbis
785 5573 1016 5632 Manetis
1082 5575 1407 5648 parapltyasi
1447 5576 1709 5647 colligens
1736 5617 1751 5642 ,
1800 5576 2008 5632 doloris

498 5742 543 5773 ⁸⁸
568 5742 729 5795 Rom.
765 5758 847 5807 ιιι,
881 5743 971 5799 25.

2196 5300 2412 5367 ’Ὠσπερ
2458 5297 2749 5368 Νεστόριος
2779 5298 2889 5351 τῶν
2922 5297 3158 5370 θολερῶν
3196 5300 3455 5371 ναμάτων
3486 5302 3702 5365 σπάσας

2117 5388 2212 5442 τοῦ
2240 5387 2622 5457 Σαμωσατέως
2649 5388 2886 5456 Παύλου,
2910 5390 2991 5453 είς
3036 5389 3208 5460 μέθην
3234 5390 3489 5456 ἀσεϐείας
3513 5393 3702 5457 ἐξέπε-

2120 5498 2212 5535 σεν
2233 5498 2246 5509 ⁸
2276 5480 2447 5545 οὕτως
2480 5480 2727 5551 Εὐτυχὴς
2754 5481 2854 5551 τῆς
2881 5480 3090 5545 οἰκείας
3112 5481 3410 5553 θρησκείας
3438 5483 3506 5538 τὰ
3537 5484 3704 5556 σπέρ-

2121 5594 2270 5649 ματα
2295 5577 2360 5647 ἐκ
2389 5576 2485 5651 τῆς
2507 5576 2695 5649 Μανοῦ
2726 5578 2933 5648 πικρᾶς
2958 5578 3313 5648 παραφυάδος
3336 5577 3703 5650 δρεψάμενος,
