4110 6446
469 325 576 387 933

1252 316 1351 376 AD
1383 313 1979 374 AMPIIILOCHIUM
2019 311 2364 386 QUIESTIO
2403 310 2951 372 CXCIII-CXCVII.

3619 317 3725 381 934

468 433 661 505 ὀδύνης
709 432 874 502 ἄρτον
914 428 1008 483 καὶ
1044 425 1322 490 ἀπωλείας
1372 424 1551 495 ἑαυτῷ
1585 425 1681 478 καλ⁴
1722 427 1836 488 τοῖς
1868 424 2086 489 πειοοοι

2162 424 2258 479 sibi
2289 439 2482 493 panem
2518 432 2572 476 et
2601 422 2944 492 perditionis,
2976 437 3186 480 necnon
3237 425 3566 496 sequacibus
3610 430 3727 483 suis

474 523 679 592 μένοις,
705 518 1125 589 κατειργάσατο·
1154 519 1181 569 ὁ
1212 516 1269 568 δὲ
1297 515 1405 568 τῶν
1431 514 1727 586 ὀρθοδὸξων
1755 515 1934 582 χορὸς,
1953 515 2046 568 τὸν

469 612 768 682 κορυφαῖον
814 609 1041 679 Πέτρον,
1093 608 1292 678 μᾶλλον
1335 606 1392 659 δὲ
1423 606 1513 658 τὸν
1542 604 1708 658 αὐτοῦ
1746 604 1843 658 καὶ
1893 603 2048 674 ἡμῶν

471 703 650 759 κοινὸν
686 703 964 772 Δεσπότην
1011 702 1104 753 καὶ
1135 698 1395 770 Ποιητὴν,
1436 696 1756 751 διδάσκαλον
1806 713 2050 766 προστη-

475 798 698 867 σάμενοι
734 798 790 866 (I
833 795 1021 865 Ὑμεῖς
1051 793 1183 864 γὰρ,
1217 791 1382 862 φησὶ,
1425 791 1498 860 μὴ
1531 789 1796 860 καλέσητε
1829 790 1923 842 ἐπὶ
1948 789 2049 860 τῆς

473 890 576 958 γῆς
629 887 852 940 Ῥαϐϐί·
913 881 994 947 εἷς
1041 883 1151 954 γάρ
1200 885 1349 936 ἐστιν
1391 883 1420 934 ὁ
1473 882 1796 944 διδάσκαλος
1836 882 1990 952 ὑμῶν
2021 883 2049 934 ὁ

474 981 706 1051 Χριστὸς
734 981 803 1046 I),
827 978 934 1031 τῶν
965 977 1057 1030 δύο
1087 976 1302 1044 φύσεων
1331 979 1389 1030 ὲν
1415 978 1482 1047 τῇ
1510 978 1608 1047 μιᾷ
1633 976 1928 1030 ὑποστάσει
1956 975 2050 1029 τοῦ

475 1074 672 1140 Λόγου,
700 1073 799 1142 τῆς
825 1088 883 1122 τε
921 1071 1174 1140 θεότητος
1200 1070 1292 1122 καὶ
1317 1072 1416 1140 τῆς
1442 1068 1882 1140 ἀνθρωπότητος,
1907 1069 2051 1138 λαμ-

475 1167 630 1236 πρῶς
668 1165 1060 1234 ἀνομολογοῦσι
1097 1164 1158 1216 τὸ
1188 1164 1513 1234 ἀσύγχυτον.
1550 1161 1721 1215 Τοῦτο
1753 1162 1860 1233 γὰρ
1889 1161 2053 1225 αὐτὸς

475 1258 712 1323 ἐδίδαξεν
775 1259 808 1326 ὴ
864 1257 1152 1326 Ἀλήοεια’
1201 1257 1330 1309 Υἱὸν
1377 1256 1488 1327 γὰρ
1531 1255 1820 1324 ἀνθρώπου
1860 1253 2054 1306 ἑαυτὸν

477 1347 738 1416 ἀνειπὼν,
769 1348 862 1400 καὶ
891 1347 1042 1416 παρὰ
1075 1345 1168 1400 τοῦ
1203 1345 1499 1416 κορυφαίου
1535 1346 1778 1415 Πέτρου,
1800 1344 1929 1408 Υἱὸς
1960 1343 2052 1396 τοῦ

478 1442 681 1506 ζῶντος
710 1440 844 1493 Θεοῦ
871 1439 1200 1510 ἀναῤῥηθείς
1221 1457 1236 1470 ⁶
1267 1438 1330 1492 τὸ
1361 1440 1478 1508 μὲν,
1514 1436 1596 1502 οἷς
1627 1437 1788 1501 αύτδς
1811 1434 1963 1491 εἷπε·
1997 1435 2057 1489 τὸ

478 1532 572 1592 δὲ,
615 1525 697 1593 οἷς
735 1529 1069 1597 ἀπεδέξατο,
1111 1529 1443 1582 ἐϐεϐαίωσεο
1493 1530 1574 1582 διδ
1617 1527 1714 1582 καὶ⁹
1757 1527 1948 1598 μισθὸν
1977 1526 2055 1598 τῷ

483 1625 673 1692 Πέτρῳ
695 1621 794 1690 τῆς
823 1620 990 1692 ὀρθῆς
1018 1620 1341 1690 ὁμολογίας,
1374 1621 1473 1683 τάς
1500 1636 1558 1673 τε
1586 1619 1732 1682 κλεῖς
1764 1620 1862 1688 τῆς
1901 1617 2056 1689 βασι-

481 1713 634 1775 λείας
669 1713 999 1783 ἐνεχείρισε,
1039 1713 1135 1765 καὶ
1176 1713 1270 1765 ἐπὶ
1301 1715 1368 1783 τῇ
1397 1711 1560 1765 αὐτοῦ
1591 1712 1850 1782 ὁμολογίᾳ
1899 1713 2058 1782 ἐστη-

2149 515 2466 584 apparavit:
2498 515 2929 569 orlhodoxorum
2969 530 3096 570 vero
3145 517 3370 583 chorus,
3416 520 3590 574 ascito
3619 522 3725 576 sibi

2150 605 2399 667 doctore,
2459 618 2567 656 non
2618 614 2730 657 tam
2786 605 2948 659 Petro
3008 606 3384 676 apostolorum
3427 612 3722 680 coryphaao

2150 709 2314 765 quam
2353 695 2469 764 ipso
2509 694 2742 749 Domino
2790 697 3092 758 communi,
3132 707 3187 751 et
3222 706 3492 761 creatore,
3549 717 3569 751 ι
3619 699 3730 759 Vos

2150 785 2542 855 enim,inquit,
2587 801 2655 840 ne
2711 786 2766 840 in
2814 786 2975 840 terris
3022 787 3286 843 vocabitis
3333 786 3529 855 Rahbi,
3585 805 3732 844 unus

2151 879 2295 932 enim
2329 880 2521 931 doctor
2547 885 2726 931 vester
2773 875 3027 932 Christus
3071 889 3155 932 est
3171 877 3264 944 ⁸⁸⁸,
3303 897 3321 930 I
3365 880 3599 934 duarum
3629 895 3732 934 na-

2150 978 2400 1023 turarum
2427 969 2479 1022 in
2510 984 2614 1022 una
2648 967 2927 1038 hypostasi
2946 968 3129 1034 Verbi,
3151 977 3206 1024 et
3225 971 3446 1027 deitatis
3467 971 3728 1025 nimirum

2155 1070 2210 1116 ct
2233 1061 2610 1125 humanitatis,
2634 1061 2940 1116 clarissime
2968 1063 3324 1130 profitentur;
3354 1063 3518 1133 idque
3547 1062 3733 1118 incon-

2160 1151 2350 1217 fnsim,
2402 1153 2474 1206 ita
2503 1152 2648 1207 enim
2704 1152 2938 1222 ipsamct
2965 1169 3066 1208 nos
3090 1155 3312 1209 edocuit
3357 1156 3598 1210 veritas:
3644 1153 3734 1208 Fi-

2155 1243 2290 1297 lium
2357 1243 2503 1296 enim
2554 1242 2798 1296 hominis
2840 1258 2898 1297 se
2944 1243 3245 1312 appellans,
3279 1253 3353 1310 et,
3391 1259 3484 1313 per
3509 1243 3731 1299 Petrum

2156 1334 2498 1404 coryphaeum
2533 1335 2908 1404 apostolorum
2957 1336 3130 1390 Filius
3180 1336 3412 1391 viventis
3461 1337 3554 1390 Dei
3589 1338 3736 1390 salu-

2158 1433 2325 1488 tatus,
2374 1435 2666 1494 utrumque
2703 1428 3056 1483 conﬁrmavit
3090 1445 3104 1481 :
3134 1429 3366 1483 alterum
3403 1428 3454 1482 in
3488 1443 3555 1484 eo
3591 1431 3737 1497 quod

2159 1517 2274 1586 ipse
2327 1515 2482 1580 dixit,
2540 1518 2770 1572 alterum
2817 1518 2964 1588 quod
3015 1518 3222 1574 dictum
3272 1521 3339 1575 de
3388 1535 3448 1575 se
3497 1519 3736 1589 agno’vit.

2163 1607 2437 1674 Quocirca
2485 1618 2647 1663 rectze
2702 1610 3072 1666 confessionis
3106 1612 3390 1680 prmmium
3434 1610 3617 1675 Petro,
3655 1626 3743 1666 re-

2160 1699 2250 1770 gni
2283 1699 2546 1754 ccelorum
2580 1701 2760 1755 claves
2785 1701 2838 1755 in
2872 1716 3064 1756 manus
3090 1701 3273 1770 dedit;
3299 1710 3352 1758 et
3383 1703 3436 1756 in
3463 1703 3584 1773 ejus
3613 1717 3745 1756 con-

484 1773 668 1876 ρίχθαι
715 1773 814 1874 την
849 1773 1216 1874 ζΕκκλησίαν·
1263 1773 1526 1856 καίκατά
1567 1773 1778 1855 πύλῶί
1803 1773 1929 1872 ᾇδου
1966 1773 2058 1855 καὶ

2163 1790 2403 1846 fessione
2461 1789 2760 1845 Ecclesiam
2831 1791 3003 1849 fuisse
3068 1795 3391 1862 stabilitam,
3440 1803 3507 1863 et,
3550 1804 3743 1851 contra

484 1898 666 1967 πάσης
693 1895 979 1968 αἱρετικῆς
1009 1895 1412 1968 ἀθυροστομίας
1431 1934 1448 1961 ,
1498 1894 1729 1966 λαμπρά
1769 1895 1958 1965 φέρειν
1989 1895 2058 1947 τὰ

484 1989 777 2060 νικητήρια
799 1987 1194 2062 ἐκραταίωσεν.

1007 2275 1342 2329 sperum}:
1381 2275 1539 2342 Ριιεν.

2161 1893 2354 1956 portas
2405 1881 2607 1937 inferni
2665 1886 3062 1940 communitam
3093 1924 3109 1950 ,
3164 1887 3302 1942 adeo
3363 1895 3425 1940 ut
3472 1887 3747 1942 obturatis

2162 1970 2544 2027 hmreticorum
2598 1971 3020 2042 quibuscunque
3050 1972 3228 2034 labiis,
3261 1973 3582 2029 lemniscata
3615 1973 3742 2028 inde

2163 2073 2364 2133 tropaea
2426 2063 2650 2131 tulerit,
2707 2063 2877 2118 multa
2952 2066 3362 2121 asseveratione
3449 2064 3744 2121 conﬁrma-

2162 2155 2260 2210 vit.

2165 2268 2494 2337 QUIESTIO
2523 2268 2730 2325 cxcv.
2765 2269 2961 2342 [CoisL
2989 2269 3276 2341 ccxxw,
3308 2270 3474 2328 Taur.
3513 2272 3746 2345 ccxv.1

1257 2389 1401 2441 Edita
1423 2403 1451 2438 a
1474 2387 1772 2439 Montacutio
1794 2388 1898 2453 (ep.
1923 2386 1985 2436 36
2007 2386 2190 2450 eidem,
2211 2401 2258 2450 p.
2282 2387 2385 2450 96).
2407 2412 2471 2423 —
2499 2386 2575 2437 De
2615 2387 2977 2440 lncarnatione.

556 2476 619 2529 El
650 2474 747 2546 μία
777 2471 941 2543 φύσις
968 2473 1061 2526 ἐπὶ
1085 2473 1323 2543 Χριστοῦ
1353 2471 1682 2542 ἐγνωρίζετο
1701 2511 1717 2536 ,
1769 2472 1827 2526 ἓν
1855 2473 1921 2526 ἂν
1964 2472 2059 2526 καί

484 2566 547 2620 τὸ
575 2566 635 2631 ἐξ
669 2566 840 2634 αὐτῆς
869 2564 1116 2633 ἐπήγαζε
1142 2563 1351 2635 θέλημα
1370 2580 1386 2596 ο
1411 2563 1533 2617 ἐπεὶ
1561 2564 1618 2617 δὲ
1643 2563 1738 2618 δύο
1758 2565 1813 2619 αἱ
1845 2563 2057 2634 φύσεις,

486 2658 584 2711 καὶ
607 2657 699 2710 δύο
723 2657 830 2728 ἀρα
866 2654 1293 2711 συναναϐλύουσι
1322 2655 1390 2708 τά
1434 2655 1735 2726 θελήματα.
1781 2657 1844 2710 Εἰ
1871 2655 1928 2708 δὲ
1961 2655 2062 2709 ούκ

486 2749 604 2802 ἔστι
649 2747 810 2818 φύσις
855 2747 1216 2818 ἀνενέργητος
1235 2786 1250 2812 ,
1288 2748 1383 2802 καὶ
1416 2747 1654 2820 ἑκατέρᾳ
1683 2748 1896 2811 πάντως
1921 2748 1955 2817 ἡ
1981 2749 2061 2800 ol-

489 2841 612 2894 κεία
649 2839 1014 2908 συνανακύψει
1043 2840 1314 2909 ἐνέργεια.
1357 2840 1568 2909 Ὥσπερ
1597 2839 1653 2892 δὲ
1679 2842 1712 2910 ὴ
1745 2839 2061 2911 ἀνθρωπίνη

489 2931 653 2999 φύσις
680 2933 746 3002 τῇ
777 2931 931 3001 Θεῖκῇ
961 2931 1054 2983 τοῦ
1079 2931 1253 2999 Λόγου
1310 2931 1471 2999 φύσει
1502 2931 1805 2994 συνείπετο,
1839 2930 1934 2984 καὶ
1963 2931 2064 2985 ὐπ-

490 3023 689 3074 ἐκειτο⁶
713 3021 858 3075 οὕτω
877 3022 1141 3092 δηλονότι,
1175 3022 1268 3075 καὶ
1295 3022 1356 3074 τὸ
1383 3022 1723 3092 ἀνθρώπινον
1749 3023 1961 3093 Θέλημα
1985 3023 2064 3094 τῷ

491 3111 680 3184 θεῖκῷ,
705 3117 798 3167 καὶ
823 3117 890 3184 τῇ
918 3114 1169 3184 ἐνεργείᾳ
1193 3116 1227 3184 ἡ
1257 3113 1531 3185 ἐνέργεια.

1001 3409 1337 3465 ΕΡοτηΣιΣ
1377 3409 1554 3476 Ριιςν.

1057 3500 1195 3570 Περὶ
1235 3501 1504 3554 εἰκόνων.

2235 2469 2293 2526 Si
2350 2472 2406 2526 in
2453 2472 2676 2527 Christo
2722 2482 2914 2528 natura
2980 2475 3140 2530 unica
3199 2487 3624 2545 agnosceretur,
3694 2488 3751 2534 et

2163 2565 2321 2618 unica
2351 2563 2546 2618 exinde
2575 2565 2829 2620 voluntas
2853 2565 3096 2622 eﬂlucret
3137 2585 3151 2622 :
3201 2569 3296 2623 sed
3327 2586 3452 2624 cum
3481 2571 3603 2626 duae
3635 2571 3747 2626 sint

2165 2663 2394 2718 naturae,
2441 2665 2496 2710 et
2542 2656 2739 2726 duplex
2785 2673 3006 2729 quoque
3054 2661 3304 2716 voluntas
3351 2662 3481 2717 hinc
3534 2665 3747 2721 ebullit.

2163 2745 2319 2812 Quod
2367 2745 2413 2801 si
2453 2761 2560 2800 non
2602 2747 2675 2801 sit
2705 2757 2902 2803 natura
2937 2751 3257 2820 operatione
3313 2767 3507 2817 vacua,
3562 2755 3752 2825 utique

2166 2836 2530 2905 proculdubio
2591 2839 2812 2908 propria
2864 2842 3110 2909 operatio
3154 2858 3261 2898 una
3307 2844 3599 2914 proditura
3642 2857 3747 2902 est.

2164 2927 2632 2994 Quemadmodum
2711 2947 2843 2986 vero
2918 2933 3156 2989 humana
3230 2944 3423 2991 natura
3506 2938 3751 2993 divinam

2166 3019 2332 3074 Verbi
2384 3031 2641 3076 naturam
2689 3026 3147 3094 consequebatur,
3182 3029 3470 3098 eidemque
3491 3030 3752 3100 subjace-

2090 3150 2134 3208 c
2168 3113 2282 3177 bat,
2334 3113 2401 3167 ad
2434 3115 2688 3170 eumdem
2719 3117 2878 3186 plane
2901 3118 3125 3172 modum
3152 3127 3206 3174 et
3236 3120 3476 3175 humana
3501 3123 3752 3177 voluntas

2174 3204 2441 3258 voluntati
2515 3204 2733 3272 divinae,
2783 3215 2840 3262 et
2884 3211 3188 3279 operationi
3247 3212 3446 3268 divinae
3512 3214 3748 3270 humana

2175 3296 2421 3363 operatio
2462 3296 2805 3367 subiacebat.

2175 3407 2505 3474 QUIESTIO
2527 3410 2738 3466 CXCVI
2786 3411 2974 3484 [CoisL
3012 3414 3268 3486 CCXXV,
3298 3418 3460 3475 Taur.
3494 3420 3748 3497 CCXVI].

2737 3505 2818 3560 De
2846 3509 3186 3577 imaginibus.

1651 3611 1793 3662 Edita
1815 3625 1843 3660 a
1868 3611 2170 3664 Montacutio
2194 3615 2298 3678 (ep.
2321 3616 2401 3678 57,
2425 3631 2476 3680 p.
2494 3619 2598 3681 96).

566 3705 832 3774 Ἕλληνες
858 3701 948 3755 τὸν
990 3698 1226 3770 Χριστὸν
1272 3696 1368 3751 καὶ
1397 3695 1530 3750 Θεὸν
1561 3695 1718 3765 ήμῶν
1764 3695 2074 3758 εἰκονίζειν,

497 3795 581 3848 ὅτι
610 3791 747 3864 μηδὲ
781 3790 1108 3855 θειάζουσιν,
1145 3789 1245 3841 οὐκ
1273 3788 1576 3858 ἀνέχονται.
1621 3784 1886 3848 Ἰουδαῖοι,
1915 3783 2074 3838 πλέον

497 3883 745 3948 ἐκείνων,
788 3884 888 3950 τὴν
935 3879 1056 3931 κατ’
1087 3876 1252 3931 αὑτοῦ
1303 3877 1503 3944 μανίαν
1545 3877 1908 3946 νοσήσαντες,
1951 3875 2074 3928 οὐδὲ

502 3976 667 4046 μέχρι
699 3973 862 4043 ψιλῆς
908 3971 1079 4040 ἀκοῆς
1120 3969 1218 4040 τὴν
1264 3969 1464 4035 πρᾶξιν
1503 3967 1862 4035 ὑφίστανται·
1893 3966 2073 4035 ἕτεροι

497 4070 590 4135 δὲ,
645 4071 809 4138 μοῖρα
839 4065 1052 4136 πονηρὰ
1092 4069 1185 4117 καὶ
1218 4062 1539 4131 ἐξάγιστος,
1579 4062 1626 4114 οἱ
1672 4060 1772 4130 μὲν
1812 4059 1978 4114 αὐτοῦ
2007 4059 2069 4112 τὸ

500 4159 661 4229 σῶμα
709 4153 1150 4209 ἐναποτεθείσθαι
1190 4151 1268 4220 τῷ
1306 4150 1444 4222 ἡλίῳ
1483 4149 1899 4221 τερατεύονταιο
1935 4149 1985 4201 οἱ
2013 4147 2072 4201 δὲ

464 4288 466 4290 τ
499 4253 582 4313 εἰς
605 4251 694 4314 τὰ,
730 4248 790 4313 ἐξ
813 4243 887 4300 ὧν
919 4247 1050 4301 αὐτὸ
1077 4243 1402 4308 συνιστῶσι,
1433 4242 1770 4296 διαλύουσιν·
1805 4242 1856 4295 oi
1885 4241 1930 4294 δ’
1965 4239 2074 4294 ἀπὸ

497 4341 709 4406 IlI-aucti,
739 4339 848 4393 οὐδ’
878 4337 1170 4392 ἀναλαϐεῖν
1192 4336 1353 4390 αὐτὸν
1377 4336 1513 4399 ὅλως
1538 4335 1697 4405 σῶμα
1718 4333 1779 4387 τὸ
1806 4332 2072 4404 ἡμέτερον

497 4431 850 4485 διατείνονται
870 4446 886 4462 ο
915 4424 995 4493 οἷς
1022 4429 1082 4494 ἐξ
1107 4429 1409 4497 ἀναγκαίου
1446 4427 1741 4482 ἀκόλουθον
1776 4426 1910 4497 μηδὲ
1930 4427 2070 4497 Χρι-

500 4523 624 4578 στὸν
662 4520 1044 4585 είκονίζεσθαι.
1074 4519 1456 4572 Σκοπείτωσαν
1496 4518 1676 4571 τοίνυν
1705 4519 1755 4570 οἱ
1775 4516 1877 4586 τῆς
1898 4515 2067 4568 πολυ-

498 4615 734 4677 πλανοῦς
759 4617 853 4667 καὶ
889 4612 1151 4684 μοιχιδίου
1185 4613 1391 4682 σπορᾶς
1423 4611 1707 4678 ἀπόγονοι,
1746 4608 1814 4661 τὰ
1840 4606 1935 4660 νέα
1959 4605 2069 4659 τῶν

497 4704 882 4774 Είκονομάχων
943 4702 1086 4771 λέγω
1133 4702 1474 4772 γεννήματα,
1507 4700 1658 4764 τίνας
1703 4697 1914 4752 ἑαυτῶν
1961 4713 2071 4749 πα-

497 4797 661 4867 τέρας
708 4794 1110 4865 ὲπιγράφουσι,
1156 4791 1252 4844 καὶ
1306 4791 1451 4854 τίνος
1503 4790 1720 4862 μερίδος
1783 4786 2069 4860 αἱροῦνται

499 4885 651 4954 παρὰ
677 4887 788 4948 τοῖς
813 4883 1152 4954 Χριστιανοῖς
1185 4881 1448 4936 θιασῶται
1472 4881 1567 4935 καὶ
1599 4880 1841 4951 μαθηταὶ
1866 4877 2068 4949 ὀνομά-

502 4975 711 5038 ζεσθαι.

1020 5263 1354 5320 urorum:
1390 5264 1547 5334 PL,Z'.

1064 5438 1204 5506 Περὶ
1233 5441 1502 5493 εἰκόνων.

2249 3696 2451 3768 Pagani
2515 3698 2798 3755 Christum
2844 3699 3135 3759 Dominum
3187 3715 3240 3762 et
3281 3707 3450 3765 Deum
3502 3722 3751 3770 nostrum

2175 3800 2274 3854 per
2333 3788 2628 3856 imaginem
2679 3791 2935 3862 eﬂingere
2984 3795 3198 3862 nolunt,
3253 3797 3466 3853 scilicet
3502 3815 3570 3855 eo
3602 3805 3748 3872 quod

2174 3876 2318 3932 haud
2345 3882 2708 3948 proﬁteantur
2755 3882 2944 3939 Deum.
2974 3882 3168 3952 Judaei,
3214 3887 3309 3958 qui
3330 3889 3530 3958 majori
3561 3904 3752 3948 contra

2171 3982 2296 4022 cum
2329 3970 2557 4025 insanire
2601 3973 2791 4027 morbo
2837 3975 3110 4042 laborant,
3166 3993 3235 4032 ne
3264 3981 3332 4036 de
3365 3984 3510 4039 nudo
3531 3986 3752 4054 quidem

2170 4057 2392 4113 nomine
2415 4075 2525 4113 rem
2559 4060 2876 4118 admittunt.
2903 4065 3042 4120 Sunt
3070 4067 3184 4132 alii,
3207 4084 3334 4138 pars
3359 4073 3519 4142 impia
3548 4085 3602 4130 et
3617 4077 3756 4133 diris

2168 4148 2500 4213 devovenda,
2573 4152 2662 4220 qui
2699 4156 2782 4208 vel
2831 4156 3121 4226 insigniter
3159 4162 3488 4230 mentiendo,
3546 4181 3751 4237 corpus

2171 4239 2348 4310 ipsius
2377 4241 2668 4298 includunt
2697 4245 2799 4299 soli
2833 4263 2847 4311 ;
2885 4248 2966 4302 vel
3003 4249 3055 4302 in
3099 4249 3188 4304 illa
3223 4251 3549 4310 dissolutum
3596 4267 3749 4321 eunt,

2169 4347 2200 4387 e
2231 4333 2432 4402 quibus
2457 4334 2559 4404 ipsi
2590 4336 2987 4392 conﬂaverunt.
3039 4339 3392 4400 Contendunt
3442 4347 3535 4416 qni
3570 4346 3754 4405 Mane-

2172 4432 2278 4479 tem
2331 4435 2637 4496 sequuntur
2687 4429 2877 4485 ducem
2938 4433 3089 4488 nullo
3153 4439 3316 4490 modo
3364 4451 3488 4492 eum
3551 4455 3753 4511 corpus

2171 4528 2419 4572 nostrum
2453 4521 2840 4589 assumpsisse,
2896 4525 2986 4579 cui
3020 4527 3271 4597 sequitur
3297 4531 3528 4586 omnino
3557 4549 3751 4589 neces-

2173 4609 2341 4676 sario,
2375 4610 2652 4666 Christum
2689 4628 2797 4668 non
2828 4628 2951 4670 esse
2980 4631 3075 4686 per
3119 4617 3413 4689 imaginem
3441 4622 3754 4692 exprimen-

2177 4699 2329 4753 dum.
2361 4697 2596 4754 Videant
2624 4716 2756 4772 ergo
2785 4706 3030 4775 prognati
3054 4721 3083 4760 a
3114 4709 3488 4777 multipliciter
3518 4712 3755 4767 erratico

2174 4798 2230 4842 et
2277 4788 2582 4844 adulterino
2646 4791 2875 4855 semine,
2935 4803 2990 4849 et
3054 4796 3158 4851 sibi
3200 4808 3428 4853 caveant
3459 4800 3753 4870 (genimina

2173 4879 2378 4934 novitia
2442 4879 2932 4939 lconomachorum
2988 4885 3137 4955 dico)
3180 4903 3319 4957 quos
3356 4899 3409 4944 et
3437 4891 3627 4960 quales
3651 4892 3755 4947 sibi

2173 4970 2453 5026 ascribunt
2509 4974 2905 5044 progenitores,
2957 4988 3011 5031 ct
3066 4980 3133 5032 de
3189 4995 3296 5049 qua
3369 4978 3605 5035 factione
3637 4998 3754 5054 my-

2177 5071 2277 5117 stae
2329 5071 2384 5117 et
2435 5062 2690 5135 discipuli
2743 5069 3016 5123 voluerint
3060 5071 3203 5126 inter
3249 5070 3595 5128 Christianos
3631 5091 3759 5129 ccn-

2177 5167 2306 5205 SCI’I.

2277 5259 2604 5326 QUAESTIO
2650 5266 2879 5322 CXCVII
2943 5269 3134 5343 [CoisL
3175 5274 3457 5343 CCXXVI,
3522 5276 3686 5335 Taur.

2822 5362 3100 5435 ccxvnt

2746 5453 2823 5508 De
2853 5456 3194 5525 imaginibus.

1665 5532 1801 5582 Edita
1825 5546 1851 5582 a
1877 5527 2174 5590 Monlaculio
2195 5542 2298 5606 (ep.
2322 5543 2400 5601 58,
2423 5539 2596 5604 p.97).

571 5635 753 5706 Σίμων
783 5635 812 5688 ὁ
839 5635 1024 5705 Μάγος
1056 5639 1147 5689 καὶ
1185 5639 1518 5712 Καρποκρᾶέ
1547 5641 1908 5698 ἐϐαπτίσαντο
1929 5660 1942 5676 ’
1978 5645 2068 5700 διὰ

572 5748 636 5778 ⁸⁸⁸
671 5747 860 5804 Matth.
891 5765 1047 5814 XXIII,
1085 5749 1238 5804 8-10.

2252 5649 2441 5704 Simon
2463 5649 2648 5722 Magus
2664 5650 3034 5722 etCarpocras
3058 5654 3330 5726 baptismo
3361 5656 3753 5714 initiahantur:
