4110 6434
517 305 620 368 935

1666 304 1928 365 ΡΗΟΤΙΙ
1967 304 2470 365 ΡΛΤΒῘΑΠΟΙΙΕ
2499 304 2606 364 CP.

3659 302 3771 363 936

516 419 726 472 obeam
760 429 982 471 causam
1035 423 1090 469 et
1134 414 1340 470 Christi
1391 416 1685 486 imaginem
1711 417 2073 488 circumgesta

2203 415 2362 470 τοῦτο
2414 417 2510 470 καὶ
2562 412 2803 486 Χριστοῦ
2854 412 3039 466 είκόνα
3081 411 3438 482 περιέφερον,
3501 409 3638 464 ἀλλὰ
3680 415 3779 482 τῆς
3859 429 3863 433 '

517 509 667 572 haut,
699 507 790 561 sed
845 523 876 561 a
917 508 1144 578 magicis
1197 508 1548 565 illusiouibus
1605 521 1659 562 et
1701 509 1924 564 lascivia
1983 524 2094 565 non

514 599 839 653 recedebant
891 619 903 652 :
972 601 1230 667 quocirca
1291 609 1345 654 et
1423 601 1654 655 aliorqu
1721 603 2091 670 quorumdam

516 692 781 761 imagines
835 705 943 744 una
1004 690 1485 748 circumferebant.
1540 690 1755 747 Pudore
1832 694 2090 760 quocirca

513 780 899 836 sulluudantur
941 779 1426 835 lconomaehorum
1484 780 1776 849 primipili,
1822 796 1888 836 eo
1943 781 2092 850 quod

513 871 776 926 insensati
805 871 978 940 magis
1006 886 1129 926 esse
1151 872 1572 936 eonvincantur,
1626 887 1789 942 quam
1833 882 1988 926 erant
2013 872 2092 926 illi

511 963 1066 1034 superstitiosissimi,
1113 975 1168 1020 ct
1213 975 1320 1019 tam
1367 964 1715 1036 degmatibus
1763 979 1927 1035 quam
1980 963 2094 1020 vita

508 1063 563 1109 et
593 1055 1008 1110 conversatione
1041 1055 1246 1124 decepti
1275 1064 1328 1110 et
1351 1071 1597 1111 errones.

579 1147 886 1219 Interrogas
903 1163 1001 1201 cur
1023 1146 1294 1202 haereticis
1321 1147 1709 1217 turpitudinem
1743 1147 2087 1217 exprobrem.

511 1240 568 1296 Si
591 1256 698 1295 non
730 1249 782 1295 te
812 1240 1085 1295 turbarent
1115 1241 1759 1310 rcsponso,doccrem"ab
1782 1241 2090 1310 insipienti-

506 1333 610 1388 bus
638 1331 962 1403 interrogari
998 1331 1077 1388 sic
1105 1332 1301 1386 debere
1327 1349 1340 1385 :
1371 1348 1545 1402 eoque
1575 1332 1747 1402 magis
1776 1332 1919 1402 quod
1954 1331 1998 1386 si
2030 1342 2087 1386 tu

505 1423 751 1496 patieris,
782 1423 851 1478 ab
883 1423 1032 1478 omni
1074 1439 1169 1478 eos
1231 1438 1395 1480 sensu
1447 1439 1554 1478 non
1603 1424 1786 1478 minus
1837 1439 2002 1494 quam
2054 1437 2085 1478 a

503 1517 706 1588 pietate
732 1523 946 1571 emotos
977 1515 1394 1570 demousuabo.
1435 1513 1492 1568 In
1518 1529 1584 1568 eo
1607 1514 1747 1584 ipso.
1784 1529 1894 1582 quo
1925 1527 2087 1568 scan-

503 1609 628 1662 dalo
661 1607 819 1662 iidem
855 1606 1216 1661 orthodoxam
1252 1604 1464 1661 allicere
1493 1605 1803 1669 voluerunt,
1838 1613 2084 1658 vetusta-

503 1707 611 1762 tem
653 1697 1026 1768 deprzedicant
1059 1697 1360 1766 imaginum
1411 1694 1875 1749 fabricandarum.
1923 1694 2084 1750 Certe

2205 506 2448 577 μαγικῆς
2485 505 2770 576 τερθρείας
2811 504 2907 556 καὶ
2947 505 3056 558 τῶν
3088 504 3277 560 παθῶν
3306 505 3408 556 οὐκ
3446 503 3776 572 ἀφίσταντω

2197 599 2286 652 διὰ
2310 598 2467 652 τοῦτο
2495 599 2588 652 καὶ
2628 599 2833 670 ἐτέρων
2860 596 3024 651 τινῶν
3053 597 3268 662 εἰκόνας
3313 597 3775 668 συμπεριέφερον.

2196 693 2653 764 Αίσχυνέσθωσαν
2692 692 2982 764 τοιγαροῦν
3011 693 3119 746 τῶν
3146 693 3530 762 Εἰκονομάχων
3559 691 3608 745 οί
3645 690 3778 760 πρό-

2199 799 2364 854 μαχοι
2383 824 2397 848 ,
2433 785 2516 838 ὅτι
2547 783 2643 836 καὶ
2671 785 2780 837 τῶν
2805 784 3382 854 δεισιδαιμονεστάτων
3414 783 3640 838 ἐκείνων
3685 785 3776 838 καὶ

2194 875 2320 945 δόξῃ
2340 877 2434 928 καὶ
2464 875 2566 946 βίῳ
2595 876 3031 947 πεπλανημένων
3045 877 3518 948 ἀγνωμονέστεροι
3535 876 3776 944 ἀπελέγ-

2195 984 2384 1037 χονται
2395 1009 2406 1022 .
3044 980 3054 990 ’

2275 1143 2518 1217 Ἐρωτᾷς
2541 1144 2627 1199 διὰ
2657 1145 2709 1198 τί
2733 1144 2832 1218 τὴν
2855 1147 3118 1216 αἰσχύνην
3145 1147 3259 1210 τοῖς
3288 1145 3585 1219 αἱρετικοῖς
3611 1146 3775 1218 ἐνηρ-

2194 1235 2442 1306 μόσαμεν
2465 1255 2478 1266 ·
2503 1236 2615 1306 ἐγὼ
2643 1237 2720 1303 δὲ,
2756 1239 2805 1291 εί
2829 1239 2903 1310 μή
2929 1255 2986 1291 σε
3020 1239 3209 1292 λυπεῖν
3237 1237 3485 1306 ἔμελλον,
3518 1240 3772 1309 ἀνοήτων

2189 1328 2255 1381 ἂν
2288 1328 2548 1396 ἀπέδειξα
2587 1330 2647 1382 τὸ
2695 1329 2994 1402 ἐρώτημα,
3030 1331 3127 1384 καὶ
3163 1329 3438 1395 τοσοῦτον,
3474 1331 3556 1383 ὅτι
3585 1331 3680 1384 καὶ
3710 1330 3774 1383 τὸ

2188 1419 2514 1492 ἀναίσθητον
2540 1422 2756 1487 αὐτοὺς,
2783 1421 2850 1476 ἂν
2876 1424 2984 1493 ἄρα
3015 1421 3178 1494 βούλῃ
3201 1461 3217 1486 ,
3253 1423 3393 1491 μετὰ
3418 1420 3513 1474 τοῦ
3537 1420 3770 1485 ἀσεϐοῦς

2187 1512 2440 1577 ἐπιδείξω
2492 1514 2887 1584 περιέποντας⁸
2933 1513 3000 1566 δι’
3053 1507 3128 1567 ὧν
3174 1513 3288 1584 γὰρ
3321 1513 3636 1582 δυσφημίαν
3669 1530 3770 1565 πε-

2191 1604 2438 1674 ριάπτειν
2466 1607 2532 1676 τῇ
2565 1603 2845 1676 ὀρθοδοεία
2872 1605 3230 1676 ἐμελέτησαν,
3261 1604 3350 1656 διὰ
3369 1604 3576 1656 τούτων
3607 1605 3771 1673 μάλι-

2188 1711 2287 1748 στα
2315 1696 2420 1766 τῆς
2445 1698 2818 1770 είκονουργίας
2845 1698 2945 1769 τὴν
2974 1697 3312 1769 ἀρχαιότητα
3341 1697 3766 1768 μαρτυροῦντες,

502 1808 612 1846 non
645 1790 956 1858 intelligunt
1007 1803 1119 1842 rem
1153 1802 1274 1842 esse
1306 1785 1730 1841 Christianismo
1758 1785 2079 1855 contempo-

2183 1787 2245 1840 ού
2279 1789 2604 1860 συνῄσθοντο
2648 1790 2945 1860 σύγχρονον
2990 1789 3159 1860 αὐτὴν
3209 1789 3288 1860 τῷ
3317 1789 3764 1861 Χριστιανισμῷ,

501 1895 747 1944 raucam,
772 1890 828 1934 et
853 1879 1164 1949 baptismati
1207 1879 1478 1932 instituto.
1513 1876 1626 1932 Hoc
1672 1887 1864 1932 contra
1899 1877 2090 1931 volun-

2185 1878 2278 1929 καὶ
2308 1878 2386 1946 τῷ
2419 1878 2792 1950 βαπτίσματι,
2821 1880 2914 1933 καὶ
2954 1881 3180 1943 ἄκοντες
3215 1879 3722 1952 ἀνομολογήσαντες
3751 1897 3765 1910 ·

503 1983 669 2028 latent
696 1973 854 2027 nobis
878 1971 1189 2026 concedunt
1221 1988 1234 2024 :
1263 1983 1502 2038 cumque
1525 1983 1619 2038 per
1652 1968 1932 2023 Simonem
1971 1967 2079 2022 Ma-

2182 1967 2248 2021 δι’
2281 1961 2355 2023 ὧν
2381 1969 2437 2022 δέ
2475 1970 2611 2043 μηδὲ
2644 1972 2770 2035 τοὺς
2810 1973 2939 2043 περὶ
2969 1971 3189 2042 Σίμωνα
3227 1972 3431 2044 ταύτην
3483 1971 3766 2042 ἐνυϐρίσαι

500 2082 628 2136 gum
677 2065 984 2134 baptizatus
1033 2064 1086 2117 in
1129 2061 1512 2118 contumeliam
1554 2059 1853 2130 imaginum
1890 2060 2085 2114 subin-

2182 2060 2581 2130 βαπτισθέντας
2603 2062 3054 2134 παρεισάγουσιν,
3089 2064 3315 2117 ἐκείνων
3348 2065 3508 2116 πλέον
3539 2064 3767 2126 ἑαυτοὺς

501 2155 823 2220 trodueunt,
852 2155 1106 2224 ignorant
1141 2152 1463 2222 semetipsos
1505 2158 1899 2222 reprtesentare
1937 2151 2079 2206 ultra

2181 2151 2518 2223 νοσήσαντας
2562 2152 2662 2224 τὴν
2702 2153 3101 2223 ἀγνωμοσύνην
3151 2156 3528 2225 παριστῶντες
3565 2155 3766 2208 ἐπελά-

497 2248 582 2303 vel
613 2261 708 2303 eos
738 2247 886 2317 ipsos
927 2244 1277 2314 impudentiae
1309 2243 1498 2298 morbo
1536 2242 1866 2297 laborantes.

569 2356 898 2426 eumsrto
963 2356 1222 2413 cxcvm
1269 2353 1458 2425 [CoisL
1498 2353 1802 2422 ccxxvn,
1839 2353 2005 2408 Taur.

1139 2449 1442 2521 ccxvuu.

936 2563 1017 2618 De
1060 2563 1421 2634 pugnantibus
1451 2559 1643 2615 verbis.

2186 2242 2362 2300 θοντο.

2685 2357 3026 2413 sparum:
3079 2360 3244 2430 mir.

2537 2561 2669 2628 Περὶ
2700 2561 3060 2631 μαχομένων
3089 2564 3310 2632 ῥητῶν.

1238 2652 1382 2703 Edita
1409 2666 1436 2701 a
1461 2651 1762 2702 Montacutio
1785 2651 1889 2711 (ep.
1911 2650 1970 2698 45
1993 2650 2052 2700 ad
2075 2649 2231 2701 Leon.
2253 2666 2304 2716 p.
2329 2651 2432 2714 99).
2455 2678 2518 2689 —
2537 2650 2591 2700 In
2619 2651 2786 2702 Matth.
2816 2667 2919 2713 xu,
2945 2653 3025 2704 2L

566 2759 746 2819 Grave
800 2761 942 2814 reris
991 2767 1046 2812 et
1106 2758 1510 2812 intolerandum
1565 2756 1880 2810 mandatum
1925 2755 2082 2816 illud,

501 2872 521 2908 ι
563 2853 748 2910 Vende
764 2867 886 2922 qua:
917 2851 1083 2905 habes
1118 2859 1171 2904 et
1209 2851 1274 2902 da
1307 2849 1661 2919 pauperibus.
1691 2865 1709 2898 ι
1747 2847 1859 2917 Ego
1891 2857 2076 2900 autent

495 2948 568 3002 ob
596 2947 701 3002 hoc
735 2945 912 3016 ipsum
938 2943 1130 3014 jugnm
1174 2941 1390 2996 Domini
1457 2948 1517 2994 ut
1551 2939 1821 3010 placidum
1858 2948 1912 2994 et
1944 2954 2084 2993 onus

495 3040 616 3096 leve
647 3038 960 3094 existimare
1019 3045 1074 3090 te
1111 3049 1390 3104 cuperem.
1441 3031 1602 3087 Jubet
1634 3033 1780 3087 enim
1813 3048 1954 3086 unus
1987 3032 2084 3084 de-

495 3144 701 3201 ponere
728 3126 1013 3194 Dominus,
1047 3137 1101 3181 et
1130 3140 1384 3180 curarum
1423 3131 1656 3194 segetem
1694 3132 1858 3192 atque
1905 3130 2083 3174 tenta-

498 3224 708 3278 tionum
757 3229 1038 3284 excutere,
1078 3234 1187 3273 non
1223 3228 1402 3272 autem
1439 3217 1684 3272 humeris
1725 3231 1868 3270 onus
1900 3214 2073 3283 impo-

497 3317 661 3372 situm
701 3326 938 3384 chIare.
983 3310 1146 3366 Jubet
1178 3310 1270 3364 illa
1303 3309 1678 3380 indigentibus
1717 3307 2074 3373 distribuere,

494 3417 552 3464 et
581 3407 653 3462 ob
687 3406 778 3461 illa
809 3405 999 3460 relicta
1045 3405 1309 3458 thesauro
1340 3403 1548 3458 caelesti
1587 3401 1855 3458 ditescere
1884 3400 2073 3454 donat.

497 3500 630 3568 Qua:
677 3499 724 3554 si
770 3513 880 3553 non
918 3497 1340 3560 distribuantur,
1387 3497 1561 3550 otiosa
1593 3504 1646 3548 et
1686 3495 1898 3549 inutilia
1948 3493 2078 3547 huic

495 3591 752 3663 praesenti
777 3590 904 3644 vita:
937 3588 1240 3643 redduntur
1268 3587 1680 3647 iueumbentia;
1713 3595 1767 3640 et
1796 3585 2077 3639 cumhinc

497 3678 914 3742 recesserimus,
955 3675 1252 3730 destituent
1287 3688 1406 3728 nos.
1455 3673 1725 3739 Quocirca
1784 3672 1914 3726 mihi
1946 3683 2075 3726 nota

497 3769 716 3824 Domini
775 3765 1210 3822 miscricordiam
1249 3775 1306 3818 et
1349 3764 1752 3834 incaplicabilis
1786 3765 2076 3833 providen-

500 3862 586 3915 tia:
629 3859 946 3913 varietatem
989 3855 1383 3925 multiplicem;
1414 3854 1563 3925 quod
1607 3869 1671 3909 ea
1701 3870 1824 3924 qua:
1849 3868 1945 3908 nos
1982 3869 2078 3907 ne-

496 3951 742 4007 cessario
765 3960 818 4005 et
844 3950 1175 4004 reluctantes
1205 3954 1633 4014 consequentur,
1662 3946 1750 3999 illa
1773 3944 2076 4014 (voluntate

495 4052 709 4097 tantum
751 4039 1062 4108 accedente)
1105 4049 1364 4107 tanquam
1395 4037 1644 4107 proprios
1680 4051 1803 4091 cum
1862 4037 2074 4090 labores

461 4144 606 4206 tum
632 4134 841 4188 fruetus
894 4131 1326 4201 amplectamur,
1363 4140 1417 4184 et
1462 4138 1720 4198 tanquam
1751 4127 1933 4182 omnia
1988 4143 2075 4180 re-

493 4226 741 4280 ctissime
782 4225 1254 4287 administrantes,
1285 4221 1374 4291 qui
1436 4219 1784 4276 solummodo
1820 4218 2070 4288 proposi-

489 4325 608 4372 tum
627 4315 1064 4376 adhibuerimus,
1080 4316 1135 4368 in
1157 4327 1382 4382 regnum
1402 4312 1667 4368 caelorum
1689 4321 1974 4377 susceptus
1992 4311 2074 4363 in-

492 4406 818 4461 troduxerit.
844 4423 862 4456 ι
896 4403 1090 4459 Venite
1119 4403 1287 4474 (enim
1321 4403 1551 4473 inquiet)
1579 4401 1846 4457 benedicti
1890 4399 2072 4454 Patris

491 4496 618 4562 uici,
653 4495 929 4566 possidete
957 4510 1184 4565 regnum
1215 4492 1367 4547 vobis
1392 4491 1767 4564 apparatum“s
1788 4494 1882 4544 “.2

488 4629 819 4699 ρυΑεεΤιο
841 4627 1047 4684 CXCIX
1083 4627 1272 4700 [CoisL
1293 4624 1613 4690 CCXXVlll,
1631 4623 1794 4678 Taur.
1810 4621 2072 4694 CXXIX].

2257 2773 2276 2806 ι
2320 2754 2578 2825 Πὼλησόν
2607 2773 2702 2810 σου
2733 2759 2800 2812 τὰ
2827 2757 3142 2829 ὑπάρχοντα
3190 2759 3286 2812 καὶ
3331 2757 3419 2822 δὸς
3450 2762 3707 2831 πτωχοῖς,
3741 2776 3757 2806 ι

2186 2845 2326 2916 βαρὺ
2360 2846 2602 2917 νομίζεις
2628 2849 2723 2902 καὶ
2745 2848 3152 2904 δυσϐάστακτον
3180 2851 3244 2904 τὸ
3277 2851 3579 2923 ἐπίταγμα.
3625 2853 3766 2922 Ἐγὼ

2183 2936 2239 2990 δέ
2278 2955 2337 2990 σε
2373 2939 2462 2992 διὰ
2494 2938 2687 2993 τούτου
2732 2941 2933 3012 μᾶλλον
2965 2944 3099 3014 ὁρᾷν
3149 2943 3287 3010 ἀξιῶ
3328 2943 3420 2997 τὸν
3451 2944 3613 3013 ζυγὸν
3645 2946 3762 2998 Κυ-

2185 3030 2324 3100 ρίου,
2359 3033 2434 3096 ὼς
2461 3032 2675 3104 ἀληθῶς
2704 3033 2962 3106 χρηστὸν,
2997 3036 3092 3090 καὶ
3144 3036 3204 3089 τὸ
3232 3035 3451 3107 φορτίον
3498 3037 3753 3108 ἐλαφρὸν.

2181 3119 2383 3191 Φόρτον
2411 3120 2519 3191 γὰρ
2541 3123 2862 3190 ἀποθέσθαι,
2899 3125 2994 3178 καὶ
3027 3128 3133 3179 τῶν
3172 3127 3466 3198 φροντίδων
3491 3126 3587 3179 καὶ
3640 3143 3764 3180 πει-

2185 3213 2410 3286 ρασμῶν
2456 3213 2589 3286 ὕλην
2641 3217 3094 3283 ἀποτινάξασθαι,
3143 3219 3260 3274 ἀλλ’
3294 3219 3392 3273 οὐκ
3447 3220 3760 3286 ἀναλαϐεῖν,

2179 3305 2555 3375 ἐγκελεύεταν
2610 3309 2843 3363 κάκεῖνα
2894 3313 3006 3374 τοῖς
3077 3311 3344 3382 χρῄζουσι
3402 3313 3609 3383 νέμειν,
3667 3313 3764 3366 καὶ

2180 3396 2304 3450 ἀντὶ
2327 3396 2532 3450 τούτων
2566 3398 2840 3470 θησαυρὸν
2865 3401 3118 3455 πλουτεῖν
3147 3403 3238 3456 τὸν
3280 3404 3536 3474 οὐράνιον
3577 3406 3762 3475 ἐχαρί-

2181 3504 2312 3540 σατο
2335 3503 2349 3522 ⁸
2377 3488 2413 3543 ἃ
2441 3488 2534 3542 καὶ
2561 3490 2638 3560 μὴ
2671 3491 3041 3562 διανεμόντων
3073 3493 3222 3561 ἀργὰ
3263 3493 3359 3546 καὶ
3401 3496 3650 3565 ἄχρηστα
3683 3497 3762 3566 τῷ

2179 3579 2410 3649 παρόντι
2469 3580 2570 3652 βίῳ
2622 3583 3000 3646 ἐνατιόκειται,
3063 3586 3289 3638 κάκεῖσε
3343 3587 3761 3658 μεθισταμένων

2177 3670 2416 3725 ἐνταῦθα
2467 3674 2970 3744 καταλιμπάνεται’
3025 3676 3093 3729 δι’
3125 3677 3152 3729 ὃ
3187 3694 3280 3748 μοι
3324 3678 3518 3732 σκόπει
3560 3681 3761 3750 μᾶλλον

2177 3762 2280 3830 τὴν
2329 3765 2666 3836 Δεσποτικὴν
2735 3766 3184 3838 φιλανθρωπίαν,
3236 3769 3331 3822 καὶ
3391 3769 3492 3838 τῆς
3549 3771 3758 3840 ἀφάτου

2179 3854 2446 3924 Προνοίας
2471 3857 2533 3909 τὸ
2581 3859 2829 3914 ποικίλον
2873 3859 2964 3912 καὶ
2996 3859 3357 3931 πολύτροπον,
3398 3863 3481 3916 ὅτι
3525 3863 3668 3933 ᾇπερ
3699 3861 3760 3928 ἐξ

2177 3946 2426 4018 ἀνάγκης
2471 3949 2567 4002 καὶ
2625 3951 2784 4021 ἡμῶν
2839 3951 3082 4005 ἀκόντων
3121 3953 3512 4008 ἐπακολουθεῖν
3565 3955 3756 4020 εἴωθε,

2176 4039 2373 4104 ταῦτα,
2404 4040 2632 4111 γνώμης
2658 4043 3053 4114 προστεθείσης
3082 4045 3271 4116 μόνης,
3297 4045 3372 4109 ὡς
3391 4048 3626 4111 οἰκείους
3657 4048 3758 4102 πό-

2177 4143 2300 4190 νους
2330 4129 2424 4180 καὶ
2457 4131 2706 4200 καρποὺς
2736 4130 3120 4200 ἀποδέχεσθαι·
3161 4131 3258 4184 καὶ
3289 4133 3366 4195 ὡς
3394 4133 3455 4186 τὸ
3481 4135 3590 4186 πᾶν
3619 4153 3756 4190 κατ-

2176 4218 2525 4287 ωρθωκότας,
2566 4221 2694 4284 τοὺς
2757 4223 2924 4291 μόνην
2951 4223 3464 4291 συνεισενεγκόντας
3493 4226 3758 4297 προαίρε-

2178 4326 2263 4362 σιν
2327 4313 2407 4374 εἰς
2465 4312 2667 4382 κλῆρον
2716 4313 2816 4382 τῆς
2870 4313 3036 4366 αὑτοῦ
3087 4313 3362 4383 βασιλείας
3411 4315 3733 4386 ὑποδέχεται

2182 4418 2200 4450 ι
2240 4400 2405 4453 Δεῦτε
2430 4403 2561 4470 γὰρ,
2590 4408 2776 4471 φησιν,
2798 4406 2846 4456 οί
2867 4403 3228 4474 εὐλογημένοι
3252 4404 3346 4457 τοῦ
3377 4406 3592 4476 Πατρός
3623 4424 3750 4477 μου,

2105 4511 2148 4566 D
2179 4490 2631 4562 κληρονομήσατε
2657 4495 2756 4564 τὴν
2786 4496 3200 4566 ἡτοιμασμένην
3235 4497 3364 4566 ὑμῖν
3396 4496 3696 4567 βασιλείαν.
3729 4517 3750 4550 ι

2701 4629 3038 4682 ΕΡΩΤηΣιΣ
3068 4629 3229 4698 me.

733 4747 879 4798 Edita
898 4762 926 4797 a
957 4745 1259 4797 Illontacutio
1288 4743 1388 4807 (ep.
1413 4744 1473 4793 50
1493 4743 1552 4792 ad
1575 4742 1822 4804 Sergium,
1844 4754 1893 4804 p.
1918 4741 2053 4801 103).
2077 4765 2136 4776 -—
2161 4739 2236 4790 De
2257 4739 2506 4789 solutione
2530 4739 2658 4804 legis
2680 4754 2736 4791 ac
2759 4741 2823 4790 de
2848 4742 3011 4791 verbis
3038 4743 3208 4793 Matth.
3245 4757 3292 4805 v,
3317 4743 3476 4795 13-17.

557 4857 678 4915 Non
703 4868 787 4912 est
829 4856 1104 4913 sideribus
1141 4871 1208 4911 ex
1247 4853 1503 4926 opposito
1537 4852 1643 4915 sol,
1683 4869 1790 4907 nou
1846 4860 2070 4906 eontra-

485 4954 660 5010 riatur
680 4951 783 5007 diei
819 4967 950 5017 uox,
993 4965 1093 5004 nec
1131 4949 1340 5004 solares
1382 4946 1520 5002 radii
1559 4945 1837 5016 splendori
1885 4945 2066 5014 ignis;

485 5044 577 5099 sed
608 5059 708 5097 nec
737 5043 1069 5097 adolescenti
1120 5040 1402 5095 hominum
1437 5047 1648 5093 natura:
1693 5037 1986 5108 perfectior
2017 5044 2070 5090 ct

483 5135 657 5189 virilis
683 5144 835 5188 tetas.
861 5133 1128 5203 Adjiciam
1175 5131 1220 5186 si
1255 5131 1429 5200 placet
1458 5145 1472 5195 ;
1506 5129 1599 5184 sed
1626 5143 1726 5183 nec
1754 5129 2066 5194 astringens

483 5228 745 5296 qualitas,
780 5240 903 5296 qua:
965 5225 1030 5278 ad
1064 5225 1359 5278 tincturam
1403 5221 1718 5275 coccineam
1755 5219 2063 5286 subjectum

483 5328 732 5390 apparat,
775 5317 1146 5371 contrariatur
1176 5314 1294 5369 ﬂori
1346 5327 1605 5383 purpura:
1639 5329 1652 5365 :
1687 5311 1778 5366 sed
1813 5325 1914 5363 nec
1958 5308 2066 5362 nti—

487 5415 598 5465 xtio
669 5411 940 5476 colorum,
1001 5423 1103 5462 nec
1165 5405 1492 5462 assimilatio
1551 5403 1874 5474 imaginum,
1935 5391 2062 5454 a’nte

556 5544 602 5576 ’⁸⁸
631 5541 886 5596 “Matth.
928 5557 1052 5604 xxv,
1083 5540 1173 5594 54.

551 5741 631 5779 q-r
665 5725 800 5790 εἶδος
839 5727 902 5785 ll.

2246 4850 2361 4904 Οὐκ
2395 4849 2543 4906 ἔστιν
2573 4851 2816 4905 ἐναντίον
2844 4854 3111 4924 ἀστράσιν
3148 4854 3322 4924 ἥλιος,
3360 4854 3483 4908 οὐδὲ
3504 4857 3568 4926 τῇ
3601 4857 3752 4911 νυκτὶ

2172 4943 2373 5014 ἡμέρα,
2395 4943 2516 4996 οὐδὲ
2547 4945 2719 5012 πυρὸς
2759 4944 2921 5015 αἴγλῃ
2952 4947 3008 4998 αἱ
3034 4947 3258 5016 ἡλιακαὶ
3282 4949 3498 5012 ἀκτῖνες
3517 4964 3530 4978 ·
3549 4949 3609 5001 οὐ
3642 4952 3748 5019 μὴν

2171 5034 2293 5086 οὐδὲ
2341 5033 2611 5106 νεαζούσῃ
2644 5033 2838 5102 φύσει,
2894 5037 2927 5106 ή
2979 5037 3102 5088 κατ’
3138 5037 3306 5105 ἄνδρα
3346 5038 3654 5106 τελειότης’
3702 5039 3751 5088 εἰ

2174 5124 2353 5195 βούλει
2377 5125 2452 5187 δὲ,
2483 5125 2607 5179 οὐδὲ
2637 5127 2670 5195 ὴ
2704 5125 2986 5195 στύφουσα
3022 5127 3266 5198 ποιότης,
3311 5129 3447 5199 πρὸς
3486 5127 3750 5199 ἁλουργὸν

2180 5217 2359 5288 βαφὴν
2374 5217 2772 5286 εὐτρεπίζουσα
2784 5220 2884 5290 τὴν
2915 5220 2969 5273 ὓ)
2981 5239 3069 5291 ην,
3099 5221 3235 5292 πρὸς
3251 5221 3312 5273 τδ
3342 5222 3444 5290 τῆς
3464 5221 3754 5291 πορφύρας

2173 5309 2330 5373 ἄνθος
2348 5319 2429 5359 φτ
2452 5324 2465 5338 ο
2491 5309 2600 5363 οὐδ’
2623 5311 2656 5379 ἡ
2679 5310 2786 5364 τῶν
2817 5313 3125 5382 χρωμάτων
3158 5312 3376 5381 κρᾶσις,
3405 5313 3499 5364 καὶ
3535 5313 3759 5382 μόρᾳω-

2175 5417 2258 5462 σις
2288 5399 2397 5453 τῶν
2432 5401 2851 5473 είκονισμάτων,
2897 5407 3018 5468 ταῖς
3063 5403 3546 5476 προτυπωθείσαις
3573 5419 3754 5474 γραμ-

1777 5627 2010 5684 ΥΛΒΙᾹΞ
2053 5624 2456 5684 LECTIONES.
