4110 6432
409 443 515 507 937

1192 444 1290 502 AD
1324 440 1920 501 AMPHILOCHIUM
1956 439 2301 511 QUKESTIO
2335 442 2642 516 CXCVIII,
2682 443 2929 502 CXCIX.

3568 439 3671 501 938

416 550 546 621 μαῖς
575 546 670 601 καὶ
700 548 1020 620 χαράγμασι
1040 546 1150 601 τῶν
1183 547 1557 616 σκιασμάτων.
1577 547 1643 600 Τί
1666 547 1722 600 δὲ
1740 546 1986 616 βούλεται

2090 545 2269 602 ductis
2324 548 2483 602 lineis
2556 557 2607 602 et
2665 548 3139 603 adumbrationum
3203 546 3667 615 descriptionibus

413 642 449 712 ἡ
471 638 581 692 τῶν
603 639 906 693 δοκούντων
929 637 1265 693 ἀντικεῖσθαι
1290 638 1615 708 παράθεσις,
1647 638 1743 708 τὴν
1766 638 1986 709 δόκησιν

413 733 514 800 τῆς
549 730 919 795 ἐναντιώσεως
958 733 1015 799 ἐξ
1059 733 1228 801 αὐτῆς
1262 732 1643 801 ἀνατρέπουσα
1675 742 1697 769 ³
1746 731 1989 802 παραθέο

418 840 589 891 σεως;
619 824 751 891 οὐδ’,
795 825 933 896 ὅπερ
983 825 1144 887 αὐτὸς
1192 826 1438 893 ἀπορεῖς,
1472 823 1580 875 οὐδ’
1629 826 1661 892 ἡ
1709 823 1870 894 χάρις
1913 822 1988 894 τῷ

417 915 568 987 νόμῳ
612 917 947 971 ἀντίκειται·
1012 922 1357 987 χειραγωγτα
1393 916 1451 969 δὲ
1501 918 1593 970 καὶ
1628 916 1985 985 προάγγελος,

418 1008 706 1076 συμφωνία
753 1026 813 1061 τε
864 1010 959 1062 καὶ
992 1008 1434 1080 προκατασκευὴ,
1466 1011 1560 1062 καὶ
1604 1010 1722 1074 ὁδὸς
1755 1010 1989 1081 ὑπάρχει

419 1098 515 1150 καὶ
563 1101 911 1170 παρασκευὴ,
950 1100 1046 1154 καὶ
1074 1100 1143 1153 τὰ
1171 1101 1306 1153 ἄλλα
1341 1101 1551 1165 πάντα,
1602 1104 1629 1154 ὁ
1678 1102 1841 1172 νόμος
1892 1103 1990 1173 τῆς

419 1186 664 1257 χάριτος.
715 1187 1011 1253 Τελείωσις
1067 1189 1167 1259 μὲν
1201 1190 1310 1260 γάρ
1341 1191 1487 1243 ἐστιν
1530 1191 1564 1259 ἡ
1596 1190 1782 1260 χάρις’
1812 1190 1990 1244 πάντα

416 1277 493 1342 δὲ,
525 1278 628 1332 ὅσα
668 1279 768 1350 τῆς
809 1281 1165 1348 τελειώσεως,
1198 1281 1613 1353 προῦφέστηκεν
1636 1297 1648 1310 ·
1680 1283 1989 1353 ὑπηρετού-

421 1387 582 1438 μενος
620 1371 649 1424 6
679 1374 842 1441 νόμος
905 1374 1121 1444 ἐδείχθη
1171 1377 1238 1445 τῇ
1286 1376 1499 1446 χάριτιο
1554 1376 1988 1448 ἐχειραγὼγησε,

402 1460 783 1531 .προεκήρυξε,
810 1463 1222 1534 προητοίμασεν
1243 1480 1257 1496 ⁸
1292 1466 1409 1529 ὁδὸς
1445 1466 1540 1519 καὶ
1564 1466 1732 1529 τύπος
1751 1468 1986 1534 ἐγένετο,

418 1548 478 1600 ἐν
508 1549 687 1621 ἐαυτῷ
727 1553 1081 1623 σχηματίζων
1113 1554 1207 1609 καὶ
1234 1556 1554 1621 ὑποδεικνὺς
1570 1557 1669 1628 τὴν
1699 1558 1987 1630 ἀλήθειαν·

416 1641 568 1694 οὐδὲν
611 1643 720 1697 τῶν
785 1647 1424 1717 προπαρασκευαζόντων
1465 1649 1785 1720 ὑστέρησεν.
1847 1652 1989 1705 Ἀλλ’

414 1728 580 1803 ἦλθεν
608 1735 643 1806 ἠ
682 1735 840 1807 χάρις
866 1754 882 1769 ·
939 1739 1230 1809 ἐσχόλασεν
1278 1740 1501 1805 εἰκότως
1549 1744 1576 1796 6
1604 1743 1767 1814 νόμος
1786 1761 1799 1775 ο
1830 1744 1989 1813 φύσις

416 1823 526 1894 γὰρ
551 1825 709 1880 τοῦτο
756 1829 1111 1898 προτελείων,
1160 1831 1555 1897 ὑπεξίστασθαι
1588 1835 1683 1888 καὶ
1729 1854 1990 1908 παραχωο

416 1918 532 1985 ρεῖν
569 1920 635 1989 τῇ
674 1919 994 1991 τελειότητι.
1024 1922 1136 1976 Καὶ
1185 1925 1271 1977 ἵνα
1299 1926 1327 1979 6
1352 1924 1430 1995 τῷ
1459 1926 1610 1997 νόμῳ
1637 1929 1989 1999 προσανέχων

415 2006 563 2073 λαὸς,
595 2010 687 2062 τὸν
725 2014 784 2064 ἐν
813 2016 881 2083 τῇ
918 2014 1099 2084 χάριτι
1130 2015 1263 2069 Θεὸν
1294 2017 1524 2088 ἐπιγνῷ,
1561 2020 1652 2073 καὶ
1690 2021 1791 2091 τῆς
1830 2039 1989 2092 νομο-

414 2096 602 2163 θεσίας
626 2099 756 2154 ὄντα
809 2102 1022 2175 Κύριον
1050 2104 1097 2174 (ι
1153 2106 1462 2177 Σχολάσατε
1498 2108 1629 2181 γὰρ,
1678 2114 1831 2182 φησὶ,
1894 2115 1988 2168 καὶ

421 2190 617 2257 γνῶτε,
638 2194 723 2247 ’ὅτι
754 2194 865 2264 ἐγώ
886 2199 1000 2268 εἰμι
1028 2200 1055 2253 6
1080 2198 1235 2264 Θεὸς,
1264 2202 1357 2254 καὶ
1388 2203 1752 2275 ύψωθήσομαι
1787 2208 1845 2260 ἐν
1874 2210 1988 2273 τοῖς

414 2277 613 2346 ἔθνεσι,
644 2283 1002 2355 ύψωθήσομαι
1031 2289 1090 2341 ἐν
1117 2291 1180 2359 τῇ
1205 2292 1274 2360 γῇ
1311 2288 1383 2361 ›),
1411 2286 1573 2361 ἦλθεν
1601 2294 1633 2363 ἡ
1664 2294 1844 2365 χάρις,
1882 2296 1988 2349 ὑπ-

411 2388 439 2424 ε
450 2371 697 2444 χώρησεν
726 2378 755 2429 6
779 2378 942 2448 νόμος
961 2394 979 2410 ο
1008 2379 1084 2443 ὼς
1112 2382 1363 2453 ἀστέρες,
1393 2383 1546 2455 ἡλίου
1574 2385 1877 2454 φαίνοντος·
1911 2389 1989 2454 ὡς

411 2470 528 2535 νὺξ,
551 2473 875 2545 τῆςήμέρας
891 2475 1358 2550 διαυγ[αζ]ούσης·
1378 2480 1453 2544 ὡς
1479 2483 1532 2534 αἱ
1561 2481 1653 2535 τοῦ
1671 2484 1842 2554 πυρὸς
1861 2484 1988 2554 φλό-

412 2579 529 2629 γες,
559 2564 619 2627 ἐξ
676 2565 913 2637 αἰθρίας,
962 2569 1057 2622 καὶ
1103 2571 1160 2621 ἐν
1204 2570 1446 2642 σταθερᾷ
1505 2572 1846 2646 μεσημϐρίᾳ,
1904 2574 1999 2645 τῷ.

411 2655 621 2727 ἡλιακῷ
686 2659 827 2726 φωτὶ
889 2661 1338 2732 ἀμαυρούμεναι·
1384 2663 1460 2728 ὡς
1512 2669 1874 2736 καταργεῖται
1925 2670 1987 2723 τὸ

408 2748 625 2816 νήπιον,
661 2750 742 2812 είς
779 2749 946 2822 ἄνδρα
991 2752 1091 2822 τῆς
1141 2753 1357 2823 ἡλικίας
1406 2756 1862 2828 ἀναδραμούσηςο
1909 2761 1988 2825 ὡς

410 2839 443 2908 ἡ
482 2841 703 2913 ποιότης
753 2842 848 2896 τοῦ
890 2844 1209 2916 στύφοντος,
1269 2848 1371 2918 τῆς
1425 2851 1759 2921 πορφυρίδος
1806 2852 1986 2924 βαφῆς

408 2930 898 3004 ἐπικρατησάσηςο
950 2936 1026 2999 ὡς
1084 2939 1141 2991 αἱ
1191 2941 1450 3009 γραμμαὶ⁸
1504 2941 1598 2993 καὶ
1653 2940 1721 2995 τά
1773 2959 1981 3013 προχα-

413 3023 692 3093 ράγματα,
745 3027 825 3089 εἰς
869 3027 1244 3099 διαμόρφωσιν
1273 3031 1370 3100 τῆς
1404 3032 1613 3095 εἰκόνος
1646 3050 1985 3104 συναπαρτι-

410 3112 669 3185 σθείσης’
740 3117 971 3173 ἕκαστον
1000 3121 1109 3191 γὰρ
1162 3120 1271 3175 τῶν
1300 3122 1359 3175 ἐν
1409 3124 1648 3195 ἑκατέρᾳ
1698 3128 1983 3198 συστοιχίᾳ

2089 637 2466 691 adversantur.
2501 638 2641 702 Quid
2668 653 2794 691 vero
2822 638 2926 692 sibi
2958 640 3069 692 vult
3115 653 3297 692 rerum
3331 652 3453 707 qua:
3483 638 3673 692 viden—

2092 738 2179 785 tur
2200 730 2268 784 ad
2301 731 2609 800 oppositum
2640 731 2877 793 collatio,
2912 746 3032 799 quae
3055 730 3463 786 contrarietatis
3502 746 3672 800 appa-

2090 823 2321 877 rentiam
2397 839 2491 891 per
2568 823 2741 893 ipsam
2825 822 3289 891 comparationem
3371 821 3676 877 subvertit?

2090 914 2292 986 Nempe
2351 932 2459 970 non
2526 914 3009 987 (quemadmodum
3054 915 3150 968 tibi
3213 914 3463 971 dubitare
3494 915 3671 968 visum

2090 1010 2193 1077 εει)
2221 1010 2392 1074 gratia
2446 1009 2547 1078 legi
2590 1008 2979 1062 contrariatur.
3006 1005 3168 1062 Certe
3198 1008 3285 1061 lex
3311 1006 3670 1062 manuductio

2093 1102 2339 1168 quazdam
2361 1109 2465 1166 est,
2496 1100 2979 1171 prmannuntiatio,
3037 1100 3420 1165 consonantia,
3454 1116 3663 1169 praepa—

2092 1191 2252 1254 ratio,
2318 1193 2402 1246 via
2456 1201 2509 1246 et
2569 1200 2880 1261 apparatus,
2914 1200 2970 1246 et
3008 1191 3053 1246 si
3093 1205 3215 1260 quae
3270 1190 3376 1244 alia
3420 1198 3570 1257 sunt,
3602 1191 3670 1244 ad

2092 1285 2343 1354 gratiam.
2372 1283 2469 1340 Est
2493 1284 2636 1339 enim
2666 1283 2838 1355 gratia
2874 1283 3276 1338 consummatio
3308 1300 3320 1334 :
3349 1296 3472 1351 quae
3502 1282 3672 1351 perti-

2092 1390 2221 1434 nent
2250 1379 2317 1433 ad
2348 1377 2898 1442 consummationem,
2932 1376 3118 1430 omnia
3158 1390 3384 1431 necesse
3414 1383 3498 1429 est
3529 1389 3667 1442 pra:-

2090 1472 2381 1526 exstitisse.
2420 1472 2830 1525 Demonstratnr
2856 1470 3026 1539 legem
3067 1468 3379 1524 subservire
3433 1467 3668 1537 gratiae:

2093 1561 2432 1627 manutluxit,
2473 1562 2951 1631 prmannuntiavit,
2990 1562 3131 1615 viam
3165 1560 3265 1630 ipsi
3299 1560 3525 1626 stravit;
3559 1561 3669 1619 via,

2092 1654 2287 1720 forma,
2350 1664 2404 1709 et
2432 1671 2688 1724 expressa
2722 1657 2901 1725 imago
2957 1654 3077 1717 fuit,
3111 1654 3288 1722 seipsa
3349 1654 3588 1721 figurans
3617 1660 3672 1706 et

2092 1747 2444 1802 subindicans
2494 1748 2796 1802 veritatem.
2864 1745 3010 1800 Nihil
3062 1745 3224 1814 plane
3277 1744 3450 1798 abfuit
3478 1758 3669 1798 eorum

2091 1855 2213 1909 qum
2254 1840 2320 1893 ad
2368 1840 2822 1909 praeparationem
2871 1838 3213 1907 spectabant.
3284 1836 3445 1891 Venit
3473 1836 3668 1905 gratia,

2098 1931 2277 1987 inanis
2307 1930 2407 1985 fuit
2459 1932 2582 2001 (nec
2617 1931 2835 2002 injuria)
2867 1930 2973 1985 lex.
3024 1929 3118 1985 Est
3146 1930 3286 1985 enim
3319 1929 3667 1999 congenitum

2096 2021 2476 2076 antecedaneis
2498 2021 2774 2085 omnibus,
2808 2030 2867 2075 ιιι
2901 2022 3021 2076 loco
3052 2022 3267 2082 cedant.
3299 2023 3667 2076 submovean-

2095 2120 2292 2181 turque
2318 2112 2656 2181 perfectioni.
2683 2111 2750 2165 Et
2786 2122 2844 2167 ut
2876 2112 2965 2167 ille
2999 2114 3231 2183 p0pnlus
3262 2115 3354 2182 qui
3396 2112 3461 2167 ad
3490 2113 3661 2183 legem

2094 2204 2426 2268 attendebat,
2456 2204 2625 2261 Deum
2651 2215 2972 2276 agnosceret
3034 2206 3137 2261 sub
3194 2206 3365 2275 gratia
3400 2220 3669 2275 apparen—

2095 2303 2224 2359 tem,
2281 2304 2337 2350 et
2387 2294 2678 2351 Dominum
2715 2311 2930 2366 quoque
2991 2297 3125 2366 legis
3154 2298 3433 2353 exstitisse
3468 2319 3479 2354 :
3512 2318 3529 2350 ι
3568 2301 3664 2353 At-

2092 2386 2298 2441 tendite
2325 2386 2492 2453 enim,
2545 2387 2743 2458 inquit,
2779 2397 2833 2442 et
2869 2389 3150 2458 intelligite
3187 2388 3333 2458 quod
3368 2403 3469 2458 ego
3521 2387 3667 2442 Deus

2093 2480 2218 2546 sim,
2242 2492 2296 2535 et
2321 2481 2600 2535 exaltabor
2623 2482 2762 2536 inter
2784 2491 2990 2553 gentes,
3020 2483 3299 2537 exaltabor
3320 2482 3371 2535 in
3398 2490 3542 2537 terra
3558 2482 3624 2538 ³⁷.
3640 2501 3659 2535 ι

2092 2574 2324 2629 Advenit
2369 2574 2562 2646 gratia,
2618 2575 2847 2631 secessit
2907 2575 3016 2630 lex.
3080 2577 3159 2630 lta
3193 2576 3360 2630 stellae
3398 2577 3665 2631 recedunt

2093 2675 2348 2735 surgente
2386 2667 2521 2727 sole.
2549 2675 2599 2720 et
2632 2681 2739 2720 nox
2774 2667 2867 2721 ubi
2894 2666 3013 2722 dies
3040 2667 3348 2733 illucescit;
3378 2676 3437 2721 ut
3483 2667 3667 2736 ignita:

2091 2757 2344 2821 flammae,
2374 2771 2469 2826 per
2497 2757 2693 2811 sudum
2728 2758 2951 2825 coelum,
3002 2765 3057 2813 et
3091 2758 3372 2814 meridiem
3406 2759 3661 2823 mediam,

2092 2864 2122 2903 a
2155 2848 2427 2909 solaribus
2480 2850 2649 2905 radiis
2701 2851 3110 2915 obscurantur;
3160 2866 3269 2905 non
3301 2851 3458 2904 aliter
3491 2866 3659 2920 quam

2092 2940 2359 2996 infantilis
2385 2954 2516 2997 aetas
2536 2957 2630 3011 per
2660 2941 2869 2996 virilem
2914 2942 3185 3009 aboletur,
3215 2956 3340 2997 cum
3378 2956 3669 2996 succreve-

2092 3032 2162 3087 rit
2191 3049 2205 3085 :
2236 3041 2296 3086 ut
2321 3032 2556 3101 qualitas
2595 3032 2966 3104 astringentis,
3015 3032 3107 3086 ubi
3146 3033 3382 3086 tinctura
3410 3046 3667 3099 purpura:

2091 3123 2415 3193 praevaluit:
2474 3132 2532 3176 ut
2586 3123 2744 3177 lineze
2786 3132 2838 3177 et
2864 3123 3368 3192 prmdelineationes
3397 3137 3495 3192 per
3522 3122 3663 3176 ima-

408 3205 752 3296 εἰρημένων,
805 3208 866 3262 τὸ
902 3210 1002 3280 μὲν
1055 3212 1131 3275 ὡς
1177 3213 1365 3277 ἀτελὲς
1419 3217 1790 3287 προηγήσατο,
1828 3219 1888 3271 τὺ
1927 3219 1985 3272 δὲ

2090 3216 2230 3284 ginis
2286 3213 2664 3267 formationem
2738 3214 3121 3269 absorbentur.
3196 3214 3421 3284 Singula
3481 3222 3662 3267 autem

409 3293 486 3357 ὡς
518 3295 723 3352 τέλειον
767 3300 1060 3368 ἐπεγένετο
1097 3303 1145 3339 τ’
1182 3304 1276 3356 καὶ
1303 3302 1427 3358 οὕτε
1457 3305 1536 3377 τῷ
1568 3308 1981 3378 προϋπάρξαντι

410 3387 471 3438 τὸ
499 3387 817 3459 ἐπιγεγονὸς
854 3393 1093 3464 ὑπάρχει
1125 3395 1417 3465 πολέμιον’
1455 3398 1659 3467 μᾶλλον
1692 3411 1719 3439 ιι
1759 3399 1860 3470 μὲν
1891 3400 1986 3454 οὖν

412 3479 583 3550 πολλὴ
604 3482 741 3553 πρὸς
763 3484 968 3555 ἄλληλα
989 3486 1195 3540 τούτων
1224 3490 1514 3558 συμφωνία
1540 3492 1632 3545 καὶ
1652 3493 1941 3561 συγγένεια
1966 3509 1982 3525 ’

410 3570 537 3625 οὔτε
570 3575 721 3644 μένει
754 3575 824 3629 τὰ
859 3579 1123 3649 πρότερα,
1150 3578 1258 3633 τῶν
1293 3581 1517 3635 τελείων
1561 3582 1982 3654 ἐπιγινομένων.

411 3662 666 3727 Τοιοῦτός
693 3666 841 3720 ἐστιν
865 3670 893 3721 6
924 3668 1087 3739 νόμος
1125 3670 1225 3739 τῆς
1257 3669 1494 3739 φύσεως,
1520 3675 1618 3745 τῆς
1649 3674 1987 3746 τελειότητος

410 3753 809 3829 ἐνεργουμένης
840 3761 1032 3830 ἀργεῖν
1057 3764 1156 3816 ὅσα
1189 3765 1265 3827 είς
1295 3765 1394 3835 τὴν
1432 3767 1604 3838 αὐτῆς
1641 3770 1986 3841 κατασκευὴν

410 3844 503 3898 καὶ
535 3847 843 3903 συντέλειαν
873 3852 1347 3921 παρελαμϐἀνετο.
1377 3857 1539 3910 Ὥστε
1571 3861 1665 3912 καὶ
1697 3862 1984 3933 κατήργη-

408 3953 499 3991 ται
533 3938 562 3989 ὁ
607 3937 792 4008 νόμος,
825 3943 925 4009 τῆς
960 3942 1183 4012 χάριτος
1212 3946 1534 4018 ἐπιστάσης,
1563 3952 1655 4003 καὶ
1716 3952 1776 4004 οὐ
1813 3970 1985 4007 κατα-

408 4028 660 4083 λέλυται·
697 4031 790 4083 καὶ
840 4032 1136 4099 πέπαυται,
1196 4038 1289 4089 καὶ
1338 4039 1398 4089 ού
1452 4039 1837 4111 διαϐέϐληται·
1889 4044 1985 4098 καὶ

412 4123 777 4193 πεπλήρωκεν
798 4124 960 4178 αὐτὴν
981 4129 1006 4179 ὁ
1020 4128 1255 4197 Χριστὸς
1278 4131 1552 4202 μηδεμίαν
1566 4135 1794 4205 κεραίαν
1817 4137 1985 4202 λύσας

410 4210 472 4277 ἐξ
510 4212 675 4266 αὑτοῦ
696 4230 710 4245 ο
748 4216 842 4267 καὶ
873 4216 991 4268 ὅλον
1020 4218 1274 4287 ἠφάνισε,
1312 4221 1607 4287 τελειώσας
1646 4227 1811 4290 αύτόν
1835 4243 1849 4258 ⁸
1881 4229 1982 4282 ούκ

407 4301 528 4355 εστι
561 4311 589 4340 ν
622 4303 730 4375 γὰρ
780 4304 873 4357 τοῦ
909 4307 1387 4378 παιδαγωγοῦντος
1423 4314 1612 4384 χρεία,
1644 4315 1811 4369 αὐτοῦ
1841 4334 1985 4389 παρ-

408 4396 561 4459 όντος
618 4396 714 4449 τοῦ
771 4397 1123 4453 διδασκάλου·
1193 4402 1496 4457 καταλῦσαι
1546 4405 1645 4475 μὲν
1687 4408 1795 4479 γάρ
1851 4411 1968 4463 ἐστι

410 4490 505 4542 καὶ
537 4488 791 4559 διαϐολῆς
820 4487 1001 4559 ἔνοχον
1046 4490 1284 4559 ἐλέγξαι,
1337 4494 1396 4546 τὸ
1426 4495 1492 4548 ἐκ
1551 4495 1768 4568 βάθρων
1819 4500 1981 4554 αὐτὸν

2088 3321 2277 3361 eorum
2330 3321 2453 3373 qua:
2502 3304 2554 3357 in
2588 3315 2821 3373 utraque
2870 3304 3280 3374 comparatione
3319 3313 3449 3360 sunt
3476 3306 3662 3371 allata,

2086 3393 2166 3445 vel
2194 3401 2255 3446 ut
2285 3391 2599 3461 imperfecta
2619 3404 3033 3460 prtecesserunt,
3058 3392 3140 3447 vel
3173 3394 3499 3449 subinducta
3533 3405 3663 3450 sunt

2088 3492 2147 3539 ut
2176 3484 2414 3553 perfecta
2448 3499 2463 3538 :
2498 3484 2588 3538 ubi
2617 3500 2793 3554 neque
2831 3486 2976 3554 quod
3020 3485 3492 3542 subintroducitur
3523 3504 3663 3558 prae-

2085 3578 2365 3632 exsistenti
2400 3577 2721 3631 adversatur
2760 3578 2965 3648 (potius
3012 3578 3204 3634 multis
3228 3580 3405 3635 modis
3434 3580 3573 3636 inter
3604 3597 3662 3636 se

2086 3670 2405 3738 conspirant
2433 3678 2485 3723 et
2510 3669 2857 3739 copulantur)
2893 3686 3069 3741 neque
3102 3680 3280 3725 tamen
3314 3673 3494 3742 priora
3529 3677 3661 3730 sub.

2087 3761 2292 3816 sistunt
2326 3758 2749 3829 perfectioribus
2780 3760 3233 3816 subintroductis.
3266 3760 3659 3831 Hujuscemndi

2085 3860 2169 3906 est
2200 3860 2390 3904 natura
2429 3849 2563 3920 legis
2608 3863 2866 3920 operante
2916 3849 3290 3920 perfectione;
3322 3853 3502 3906 inania
3532 3863 3662 3907 sunt

2084 3952 2138 3996 et
2166 3942 2386 4004 frustra,
2424 3957 2761 4012 quaecunque
2784 3942 2852 3996 ad
2888 3942 3062 4012 ipsius
3090 3954 3409 4012 apparatum
3447 3952 3501 3999 et
3531 3960 3663 3999 con-

2084 4036 2504 4088 summationem
2537 4035 2977 4089 assumebanlur.
3005 4036 3084 4089 Ad
3122 4036 3268 4091 hunc
3301 4038 3522 4091 modum
3550 4038 3658 4103 lex,

2086 4126 2413 4179 adventante
2440 4126 2633 4196 gratia,
2662 4135 2978 4192 evacuatur,
3017 4140 3115 4179 nec
3156 4127 3406 4180 aboletur
3437 4136 3659 4191 tamen;

2085 4224 2283 4279 cessat,
2311 4214 2404 4269 sed
2436 4229 2542 4268 non
2576 4213 2935 4283 improbatur,
2984 4210 3303 4281 adimplevit
3342 4230 3461 4269 eam
3500 4215 3659 4269 Chri-

2085 4313 2225 4370 stus,
2255 4304 2349 4375 qui
2381 4320 2479 4360 nec
2505 4305 2713 4375 apicem
2756 4304 2904 4359 illius
2947 4303 3188 4369 violavit,
3218 4303 3314 4359 sed
3365 4313 3536 4358 totam
3568 4320 3660 4357 sev

2084 4396 2274 4462 movit,
2329 4397 2418 4451 ubi
2466 4397 2782 4468 impleverat
2812 4411 2954 4451 eam.
2994 4393 3183 4465 Neque
3230 4397 3374 4452 enim
3408 4410 3547 4466 opus
3576 4404 3661 4451 est

2086 4488 2400 4559 paedagogo,
2433 4488 2525 4543 ubi
2557 4488 2783 4559 ipsemet
2810 4488 3027 4542 advenit
3062 4486 3407 4543 informator.
3439 4486 3661 4543 Solvere

409 4579 734 4649 ἀνατρέψαι,
761 4580 953 4651 μηδενὶ
978 4581 1087 4634 τῶν
1113 4583 1279 4637 αὐτοῦ
1301 4584 1683 4656 δικαιωμάτων
1703 4608 1982 4664 προσχρη-

2090 4578 2307 4648 quidem
2339 4594 2481 4646 eam,
2514 4590 2567 4635 et
2598 4588 2856 4649 tanquam
2887 4577 3051 4649 justa:
3074 4579 3365 4634 obnoxiam
3396 4579 3657 4633 crimina-

410 4672 679 4741 σάμενον·
723 4671 928 4724 παῦσαι
958 4672 1016 4725 δὲ
1065 4674 1160 4726 καὶ
1190 4675 1429 4746 ἀργῆσαι
1467 4676 1646 4747 μόνον,
1700 4680 1840 4749 μετὰ
1883 4683 1984 4753 τῆς

2090 4670 2215 4724 tioni
2244 4668 2488 4725 funditus
2508 4685 2628 4724 eam
2654 4670 2941 4734 subruere,
2969 4680 3051 4726 est
3080 4670 3247 4737 illius,
3286 4671 3379 4740 qui
3410 4671 3558 4724 nulla
3590 4685 3656 4726 ex

408 4761 729 4832 πρεπούσης
752 4762 1029 4832 εὐφημίας
1050 4778 1064 4793 ’
1090 4763 1149 4816 τὸ
1182 4763 1493 4836 διακονῆσαι
1519 4768 1638 4835 μὲν,
1666 4764 1747 4833 οἷς
1773 4772 1980 4837 ἐκεῖνος

2090 4770 2233 4831 parte
2288 4762 2407 4832 ejus
2478 4777 2612 4817 usus
2658 4761 2824 4817 fuerit
2870 4761 3379 4832 justiticationibus.
3454 4762 3658 4816 Facere

408 4852 742 4923 ἐνομοθέτει,
781 4853 1081 4923 ἐπαγαγεῖν
1125 4856 1182 4910 δὲ
1243 4856 1342 4927 τὴν
1388 4859 1570 4929 χάριν,
1607 4862 1703 4915 καὶ⁸
1758 4862 1847 4916 διὰ
1888 4865 1981 4918 τοῦ

2090 4861 2258 4907 autem
2278 4862 2338 4909 ut
2372 4854 2783 4923 interquiescat,
2806 4862 2860 4908 et
2888 4852 3068 4908 inanis
3094 4853 3372 4918 reddatur,
3407 4867 3516 4907 non
3550 4853 3658 4908 nisi

410 4939 619 4993 τελείου
648 4941 709 4994 τὸ
760 4940 949 5005 ἀτελὲς
975 4943 1400 5014 ἀποκρύψασθαι
1420 4963 1434 4976 ο
1469 4950 1565 5001 καί⁸
1611 4951 1873 5005 καταλύει
1902 4954 1979 5019 δὲ,

2090 4960 2208 5000 cum
2265 4947 2587 5017 congruenti
2621 4946 2933 5001 laudatione
2976 4946 3092 4999 fieri
3133 4955 3332 5016 potest.
3384 4947 3657 5001 lnservire

408 5031 506 5099 ούχ
538 5031 566 5082 ὁ
599 5030 675 5102 μὴ
707 5031 1064 5101 παραϐαίνων
1095 5034 1223 5097 τοὺς
1271 5035 1364 5088 τοῦ
1393 5038 1559 5109 νόμου
1600 5040 1822 5111 νόμους,
1866 5044 1983 5097 ἀλλ’

2090 5038 2151 5093 iis
2180 5055 2301 5109 qua:
2322 5040 2438 5111 lege
2461 5040 2803 5105 sanciuntur,
2832 5039 3062 5109 gratiam
3095 5040 3406 5095 subinferre
3449 5050 3653 5103 tamen,

410 5121 439 5172 6
468 5121 840 5190 παραϐαίνων.
876 5124 1212 5196 Παραϐαίνει
1254 5128 1330 5192 δὲ,
1373 5130 1471 5200 οὐχ
1502 5133 1529 5184 ὁ
1558 5132 1842 5201 σχολάζειν
1882 5136 1983 5188 αύ-

2090 5143 2139 5185 et
2176 5133 2553 5201 imperfectum
2590 5132 2734 5202 quod
2769 5140 2853 5187 est
2881 5132 2983 5187 sub
3014 5133 3252 5200 perfecto
3298 5132 3653 5187 abscondcrt'.

410 5210 536 5272 τοὺς
562 5212 656 5264 καὶ
684 5214 876 5284 ἀργεῖν
903 5214 1219 5283 ὀφείλοντας
1249 5218 1433 5282 εἰδώς·
1463 5219 1577 5273 ἀλλ’
1612 5224 1639 5274 6
1666 5223 1802 5291 μηδὲ
1824 5225 1917 5277 τοῦ
1930 5244 1982 5279 ιο

2090 5226 2262 5281 Solvit
2316 5226 2569 5296 quidem,
2624 5241 2732 5280 non
2789 5226 2882 5297 qui
2924 5241 3265 5295 nequaquam
3321 5226 3455 5295 legis
3521 5228 3654 5275 ςγδι..

411 5300 564 5366 εἰδὼς
616 5303 634 5373 (
664 5304 846 5358 καίτοι
904 5306 1174 5378 πολλαχοὺ
1208 5310 1302 5381 τὴν
1340 5312 1548 5365 οἰκείαν
1580 5314 1777 5384 ἀργίαν
1806 5318 1986 5372 αὐτῶν

2090 5319 2505 5388 transgreditur,
2536 5318 2630 5373 sed
2662 5319 2756 5387 qui
2787 5317 3205 5386 transgreditur.
3233 5315 3657 5385 Trans-greditur

412 5392 636 5447 ἐκείνων
663 5393 1150 5471 διακεκραγότων),
1186 5402 1279 5455 καὶ
1308 5402 1407 5473 ούχ
1435 5404 1463 5456 6
1492 5404 1631 5475 μετά
1650 5404 1748 5477 τὴν
1786 5408 1983 5479 σχολὴν

2090 5401 2273 5478 porPo,
2309 5422 2416 5461 non
2449 5407 2542 5476 qui
2593 5408 2744 5461 novit
2780 5414 3030 5476 oportere
3079 5404 3200 5460 illas
3232 5419 3447 5461 cessare
3481 5412 3535 5457 et
3564 5404 3663 5455 tte-

482 5527 526 5560 ⁴⁷
559 5527 703 5587 Psal.
738 5547 864 5598 xcv,
895 5534 984 5591 ll.

1707 5718 1941 5775 VARIIE
1972 5719 2373 5777 LECTiONES.

489 5864 514 5895 ⁸
557 5859 987 5933 παρατρέπουσα
1018 5860 1084 5919 ll.
1168 5862 1185 5901 ⁸
1212 5864 1505 5933 ἀπεγένετο
1535 5864 1600 5921 Π,
1681 5878 1703 5906 υ
1728 5866 1865 5937 μείω
1897 5865 1961 5923 ll.
2063 5876 2089 5906 ν
2116 5867 2298 5922 οὐκέτι
2332 5867 2399 5922 ll.
