4110 6424
459 421 564 485 939

1612 420 1875 480 PIIOTlI
1920 421 2419 483 PATRIARCHE
2462 428 2571 489 CP.

3628 432 3732 497 910

455 546 734 596 suescere,
796 530 890 586 sed
936 530 1031 601 qui
1085 544 1193 585 non
1228 531 1378 585 novit
1428 530 1571 585 istud
1630 533 1797 602 (certe
1854 534 2034 589 multis

2146 536 2244 588 xui.
2296 538 2397 609 τὴν
2448 541 2608 610 χάριν
2665 541 2977 613 ἀχρήστους
3028 542 3208 610 εἰδὼς,
3240 544 3357 599 ἀλλ’
3409 548 3438 600 ό
3489 548 3598 616 πρὸ
3630 550 3731 618 τῆς

454 624 509 676 in
544 622 679 676 locis
715 620 992 691 propriam
1022 620 1381 689 ipsarummct
1406 621 1767 677 cessationem
1801 623 1933 689 ipsae
1966 623 2042 678 le-

452 729 547 783 ges
576 713 913 783 proclamant
948 715 967 781 )
998 732 1011 765 :
1051 726 1158 765 non
1217 713 1307 780 qui
1348 724 1471 782 post
1499 714 1732 784 gratiam
1766 725 1820 769 et
1857 730 2041 770 cessa-

453 806 659 860 tionem
710 803 931 858 inutiles
963 803 1235 873 agnoscit,
1271 807 1365 861 sed
1421 807 1517 876 qui
1570 814 1699 862 ante
1722 806 1911 876 gratia:
1943 807 2040 862 ad-

449 914 696 969 ventum,
726 901 857 956 dum
896 901 1079 956 adhuc
1115 901 1427 955 obtinerent
1455 900 1828 968 operationem
1857 913 2035 965 suam,

450 1007 712 1067 tanquam
767 992 1027 1065 profanas
1075 1000 1445 1048 aversnrctur.
1496 990 1701 1046 Sancta
1758 990 1924 1061 igitur
1948 991 2036 1045 lex

447 1097 553 1155 est,
581 1087 752 1157 justa,
786 1087 951 1150 bona,
983 1099 1012 1137 a
1048 1084 1193 1139 bono
1225 1082 1486 1137 nimirum
1516 1080 1779 1150 profecta,
1815 1096 2033 1136 summe

447 1188 659 1243 sancto,
689 1188 744 1233 et
771 1177 1143 1231 omnimodam
1162 1175 1433 1246 justitiam
1459 1172 1865 1243 perfectissime
1901 1188 2037 1242 ope-

447 1280 626 1328 rante.
692 1270 911 1326 Exstitit
961 1270 1291 1339 praenuntia,
1354 1277 1411 1321 at
1461 1282 1608 1322 nunc
1668 1274 1729 1319 ut
1797 1266 2035 1331 inutilis,

444 1365 681 1436 quiescit
715 1375 769 1418 et
798 1362 1057 1418 cessavit.
1101 1359 1157 1415 In
1214 1360 1448 1414 adventu
1478 1358 1623 1413 enim
1662 1356 1877 1412 Domini
1912 1373 2040 1428 pro-

443 1458 720 1514 curatoris
766 1456 1004 1511 oﬂicium
1044 1468 1262 1509 cessare
1320 1452 1501 1507 debet.
1531 1450 1643 1506 Nec
1679 1461 1799 1520 post
1829 1452 2035 1505 contir-

443 1560 647 1606 matam
678 1548 1044 1604 valetudinem
1081 1546 1147 1600 ad
1183 1546 1479 1615 pliarmaca
1505 1542 1777 1613 quispiam
1806 1558 1866 1598 se
1897 1557 2036 1597 con-

444 1639 622 1698 feret:
673 1656 781 1696 non
811 1641 904 1711 qui
937 1640 1062 1695 cibo
1092 1639 1171 1693 uti
1207 1645 1385 1708 potest
1417 1636 1655 1702 fortiori,
1710 1636 1779 1691 de
1818 1635 2035 1691 nutrice

444 1733 669 1790 habebit
715 1732 1187 1797 sollicitudinem;
1246 1745 1353 1784 non
1394 1728 1490 1799 qui
1532 1728 1808 1785 rhetorice
1852 1729 2039 1784 decla-

442 1837 582 1894 mat,
610 1825 943 1897 syllabarum
989 1822 1396 1894 grammatistas
1443 1820 1755 1891 indagando
1780 1817 2030 1891 quaeret;

444 1935 610 1974 nemo
640 1919 735 1988 qui
769 1918 928 1973 ducis
958 1916 1139 1971 locum
1164 1914 1461 1970 obtinuerit
1494 1914 1548 1967 in
1585 1913 1724 1979 acie,
1768 1913 2029 1968 militari-
2066 1897 2107 1953 Β

440 2013 547 2068 bus
606 2012 833 2067 inscribi
890 2010 1178 2065 ordinibus
1235 2009 1458 2077 cupiet;
1526 2023 1688 2061 nemo
1718 2008 2027 2063 cmlestium

440 2117 669 2172 compos
696 2101 896 2165 factus,
929 2100 1069 2154 bona
1100 2107 1312 2153 terrena
1354 2098 1423 2154 iis
1466 2097 1715 2169 praeferet
1756 2117 1769 2154 :
1809 2099 1902 2154 sed
1935 2115 2035 2157 nec

442 2194 593 2264 regio
653 2202 850 2247 ornatu
888 2192 1219 2253 instructus,
1267 2190 1540 2260 privatam
1590 2189 1854 2256 tunicam,
1896 2192 2032 2246 sub-

436 2286 712 2357 jectorum
742 2284 948 2347 locum,
987 2298 1087 2353 pro
1127 2290 1273 2337 statu
1323 2281 1726 2351 superioritatis
1756 2297 1819 2336 ac
1854 2282 2033 2337 domi-

441 2379 682 2435 nationis
752 2378 1086 2434 immutabit.
1138 2376 1337 2443 llabes,
1373 2381 1428 2432 ni
1476 2377 1658 2444 fallor,
1693 2388 1751 2432 ut
1782 2394 1879 2449 per
1915 2380 2033 2449 epi-

350 2492 357 2498 ’
441 2473 705 2528 stolarem
732 2470 989 2536 formam,
1017 2470 1199 2525 dubiae
1234 2470 1560 2539 qmestionis
1599 2484 1805 2539 susque
1855 2471 2033 2540 deque

436 2567 675 2643 jactatm,
717 2574 772 2621 et
803 2565 994 2620 multis
1021 2563 1302 2619 multotics
1327 2564 1740 2619 inextricabiles
1772 2567 2034 2635 quaestio-

441 2674 542 2715 nes
576 2656 887 2713 exbibentis
935 2657 1238 2712 solutiones
1274 2656 1628 2711 suliicientes.
1671 2656 1810 2710 llinc
1834 2656 2028 2723 Judaei,

442 2750 664 2822 Pagani,
700 2749 994 2804 Marcionis
1022 2749 1360 2805 asset-tiones
1432 2749 1864 2812 confundentur,
1901 2751 2026 2819 qui-

442 2855 552 2909 que
580 2855 678 2909 per
704 2839 975 2910 ejusmodi
1018 2838 1422 2908 oppositionem
1460 2839 1812 2892 multifariaui
1841 2850 2030 2894 contra

442 2929 745 2986 Ecclesiam
770 2929 930 2985 divisi
955 2930 1402 2986 insurrexerunt.
1429 2930 1850 2985 Consummavit
1873 2932 2033 2986 Cbri-

443 3032 589 3088 stus,
651 3038 761 3078 non
815 3024 1071 3079 dissolvit
1098 3023 1272 3094 legem
1304 3041 1317 3076 :
1348 3023 1509 3077 otiari
1558 3022 1709 3086 fecit,
1751 3040 1860 3078 non
1900 3040 2033 3079 con-

442 3115 773 3171 demnavit:
834 3116 1155 3186 conspirant
1208 3131 1385 3185 usque
1438 3115 1575 3169 adeo
1632 3116 1803 3186 gratia
1836 3128 1891 3171 et
1921 3118 2029 3181 lex,

2143 628 2386 697 χάριτος,
2431 632 2526 685 καὶ
2554 635 2613 686 ἐν
2659 633 2811 705 αύτῷ
2841 637 2942 706 τῆς
2973 636 3255 705 ἐνεργείας
3297 637 3376 707 τῷ
3420 638 3619 709 καιρῷ,
3655 640 3732 703 ὡς

2143 718 2406 791 βεϐήλους
2445 722 2950 795 ἀποστρεφόμενος.
2983 726 3176 795 ’Ἄγιος
3207 723 3302 781 οὖν
3347 730 3376 782 ό
3418 729 3603 799 νόμος,
3636 732 3731 784 καὶ

2140 812 2369 879 δίκαιος,
2401 815 2495 869 καὶ
2523 815 2727 884 ἀγαθός
2750 833 2763 847 ·
2794 818 3002 885 ἀγαθοῦ
3041 820 3172 889 γὰρ,
3223 820 3302 883 ὡς
3350 820 3590 891 ἀληθῶς,
3634 825 3731 877 καὶ

2140 905 2469 976 ὑπεραγίου,
2500 907 2595 960 καὶ
2625 908 2807 961 πᾶσαν
2850 909 3204 980 δικαιοσύνην
3236 911 3533 983 ὑπερφυῶς
3573 914 3729 968 τελε-

2142 998 2377 1068 σαμένου
2408 1000 2621 1070 ὑπῆρχε
2668 1002 3005 1070 προάγγελος
3025 1018 3038 1031 ·
3081 1000 3354 1073 ἄχρηστος
3378 1004 3433 1057 δὲ
3465 1006 3561 1059 καὶ
3600 1025 3728 1078 σχο-

2141 1090 2296 1155 λάζει
2339 1092 2432 1146 καὶ
2478 1092 2774 1147 πέπαυται.
2820 1093 3159 1163 Ἐφεστῶτος
3202 1092 3311 1165 γὰρ
3344 1095 3440 1147 τοῦ
3490 1098 3729 1168 Κυρίου,

2140 1184 2435 1256 ἡσυχάζειν
2486 1184 2568 1237 δεῖ
2590 1184 2660 1238 τὰ
2693 1183 2786 1238 τοῦ
2823 1184 3162 1257 ἐπιτρόπου·
3216 1186 3310 1238 καὶ
3357 1186 3535 1249 οὐδεὶς
3588 1188 3729 1257 μετά

2139 1274 2239 1345 τὴν
2266 1273 2514 1346 καθαρὰν
2548 1275 2768 1343 ὑγίειαν
2816 1276 2910 1328 ἐπὶ
2931 1279 3001 1330 τὰ
3033 1276 3303 1348 φάρμακα
3352 1280 3533 1349 τρέχει
3557 1294 3571 1308 °
3604 1280 3726 1333 οὐδέ

2143 1367 2370 1436 στερεᾶς
2382 1366 2587 1437 τροφῆς
2608 1365 2922 1433 ἀπολαύων,
2946 1366 3048 1437 τὴν
3065 1366 3408 1438 θηλάζουσαν
3429 1372 3728 1441 περιεργά-

2142 1457 2329 1522 ζεται·
2368 1457 2491 1511 ούδέ
2525 1457 2861 1530 ῥητορεύων,
2894 1459 3023 1522 τοὺς
3073 1459 3183 1511 τῶν
3229 1459 3512 1514 συλλαϐῶν
3537 1477 3723 1532 γραμ-

2143 1552 2409 1621 ματιστὰς
2435 1552 2613 1622 ζητῶν
2633 1551 3016 1621 περιέρχεται·
3047 1552 3106 1605 οὐ
3138 1554 3250 1624 μὴν
3278 1552 3387 1605 οὐδ’
3406 1554 3487 1615 είς
3518 1570 3725 1623 στρατ-

2137 1643 2308 1712 ηγοὺς
2357 1642 2635 1712 ἀναχθεὶς,
2681 1642 2782 1713 τὴν
2815 1641 2922 1695 τῶν
2949 1642 3299 1714 στρατιωτῶν
3348 1644 3504 1713 λῆξιν
3528 1645 3727 1698 ἐπιπο-

2140 1734 2377 1805 θήσειεν.
2408 1734 2542 1787 Οὐδὲ
2567 1734 2696 1797 τοὺς
2733 1733 3001 1803 οὐρανοὺς
3046 1733 3250 1799 λαϐὼν,
3285 1734 3355 1787 τὰ
3387 1733 3572 1804 ἀγαθὰ
3618 1735 3719 1804 τῆς

2139 1827 2242 1896 γῆς
2287 1827 2716 1896 προτιμήσειενο
2766 1824 2957 1895 ὥσπερ
2991 1825 3098 1878 οὐδ’
3140 1826 3169 1878 ό
3216 1824 3501 1895 βασιλείαν
3545 1826 3723 1889 ἐνδὺς,

2134 1918 2226 1970 τὸν
2255 1916 2472 1988 ἰδιώτην
2505 1916 2730 1987 χιτῶνα,
2760 1919 2854 1970 καὶ
2881 1917 2981 1986 τὴν
3007 1916 3249 1987 ὑπήκοον
3269 1913 3443 1981 τάξιν,
3470 1917 3595 1972 ἀντὶ
3622 1917 3723 1988 τῆς

2136 2011 2543 2081 ἐπιστατούσης
2569 2011 2665 2063 καὶ
2688 2009 2907 2081 κυρίας,
2938 2008 3248 2073 ἀλλάξαιτο.
3285 2010 3472 2079 Ἔχεις
3498 2009 3721 2073 ἱκανῶς,

2135 2102 2316 2176 οἶμαι,
2353 2104 2449 2159 καὶ
2484 2104 2748 2174 μάλιστα,
2774 2103 2849 2167 ὡς
2892 2104 2949 2156 ἐν
2979 2102 3275 2170 ἐπιστολῆς
3300 2101 3474 2172 τόπῳ,
3508 2102 3723 2173 ἀπορή-

2138 2212 2313 2267 ματος
2342 2195 2456 2249 ἇνω
2488 2195 2582 2247 καὶ
2608 2195 2759 2248 κάτω
2791 2192 3118 2263 φερομένου,
3159 2191 3256 2245 καὶ
3284 2190 3488 2261 πολλὴν
3522 2189 3721 2245 πολλά-

2136 2306 2224 2352 κις
2262 2287 2578 2358 ἀμηχανίαν
2610 2286 3056 2357 παρεσχημένου,
3082 2283 3180 2347 τὰς
3200 2283 3381 2347 λύσεις
3412 2282 3678 2351 ἀφθόνους
3696 2299 3712 2313 ⁸

2134 2383 2201 2436 δι’
2228 2376 2303 2435 ὧν
2339 2382 2435 2435 καὶ
2480 2380 2751 2445 Ἰουδαῖοι,
2784 2378 2880 2432 καὶ
2916 2378 3204 2446 Ἕλληνες,
3234 2378 3329 2431 καὶ
3368 2376 3417 2429 oi
3453 2364 3720 2446 Μαρκίω-

2134 2491 2226 2536 νος
2252 2473 2401 2541 λόγοι
2446 2470 2915 2541 συγχυθήσονται’
2958 2469 3113 2523 αὐτοὶ
3147 2466 3399 2533 δόξαντες
3439 2466 3722 2531 πολλάκις,

2128 2565 2227 2619 διὰ
2248 2567 2344 2636 τῆς
2378 2563 2636 2633 τοιαύτης
2664 2561 3046 2634 παρατάξεως,
3072 2561 3174 2630 τῆς
3221 2559 3554 2628 Ἔκκλησίας
3580 2576 3717 2613 κατ-

2135 2656 2541 2721 εξανίστασθαι.
2593 2654 2909 2707 Ἐτελείωσε
2946 2652 3054 2720 γὰρ
3082 2654 3174 2704 τὸν
3199 2652 3364 2721 νόμον
3410 2652 3439 2702 ὁ
3464 2644 3721 2721 Χριστὸς,

2139 2749 2253 2804 ἀλλ’
2290 2751 2353 2802 οὐ
2388 2747 2653 2802 κατέλυσε
2677 2765 2691 2779 ο
2724 2748 2817 2800 καὶ
2852 2745 3111 2809 ἔπαυσεν,
3154 2744 3267 2797 ἀλλ’
3295 2744 3395 2796 οὐκ
3421 2742 3684 2811 ἀνέτρεψε
3707 2758 3719 2770 ·

2134 2844 2229 2896 καὶ
2242 2842 2393 2904 τέλος
2412 2842 2558 2894 ἐστὶν
2576 2840 2763 2900 αὑτοῦ,
2778 2838 2893 2892 ἀλλ’
2909 2839 3009 2892 οὐκ
3030 2836 3323 2905 ἀναίρεσις⁸
3341 2837 3435 2889 καὶ
3450 2836 3596 2905 ῆργή
3608 2850 3722 2899 σεν,

2133 2934 2248 2990 ἀλλ’
2269 2935 2329 2987 ού
2355 2932 2621 2985 διέϐαλλε’
2645 2931 2739 2983 καὶ
2765 2929 3197 2999 συμφωνοῦσινή
3222 2928 3379 2998 χάρις
3400 2929 3492 2980 καὶ
3515 2928 3543 2979 ὁ
3559 2927 3721 2996 νόμος

2134 3026 2250 3079 ἀλλ’
2277 3026 2339 3079 οὐ
2365 3026 2650 3096 μάχονται.
2674 3024 2738 3077 Εἰ
2769 3022 2825 3075 δέ
2854 3039 2939 3085 τις
2978 3023 3071 3074 καὶ
3109 3020 3267 3073 τοῦτο
3303 3020 3472 3088 λέγοι,
3498 3019 3590 3072 τὸν
3622 3019 3722 3088 μὲν

2133 3121 2191 3173 ἐν
2210 3117 2290 3189 τῷ
2311 3118 2599 3189 γράμματι
2627 3116 2792 3188 νόμον
2832 3115 3113 3168 λελυκέναι
3136 3114 3225 3168 τὸν
3263 3112 3487 3183 Κύριον,
3514 3110 3725 3180 πεπληο

441 3222 552 3262 non
583 3216 845 3278 pugnant.
875 3206 930 3263 Si
957 3209 1081 3278 quis
1120 3216 1332 3263 asserat
1380 3207 1670 3262 Dominum
1706 3209 2029 3266 dissolvisse

2136 3212 2373 3282 ρωκέναι
2414 3209 2471 3262 δὲ
2519 3209 2610 3262 τὸν
2643 3210 2702 3263 ἐν
2747 3207 3041 3279 πνεύματι,
3096 3206 3250 3260 οὐδὲν
3277 3204 3387 3258 τῶν
3415 3202 3721 3257 ἀπεικότων

440 3300 578 3369 legis
612 3302 872 3367 litteram,
909 3302 1222 3372 implevisse
1250 3309 1434 3355 autem
1468 3301 1806 3371 spiritualcm
1834 3303 2028 3373 legem,

441 3408 552 3447 non
582 3392 793 3448 abludit
813 3409 844 3448 a
874 3410 1000 3448 vero
1031 3394 1175 3464 quod
1195 3394 1273 3448 sic
1300 3393 1623 3447 aliirmatur.
1663 3393 1731 3448 At
1754 3394 2029 3450 allirmare

440 3483 586 3553 quod
648 3483 784 3553 legis
862 3484 1185 3538 deuterosin
1252 3482 1552 3545 dissolvit,
1599 3482 1778 3550 primo
1839 3491 2027 3537 autem

439 3574 709 3629 sancitam
770 3574 947 3645 legem
994 3573 1281 3644 implevit,
1334 3572 1622 3628 delirantis
1666 3582 1751 3628 est
1808 3582 2030 3630 senten-

440 3665 539 3721 tia.

538 3776 863 3844 QUAESTIO
892 3776 979 3833 CC
1008 3776 1195 3849 [Coisl.
1223 3776 1505 3840 CCXXIX,
1536 3775 1699 3831 Taur.
1728 3775 1957 3848 CCXX].

441 3869 577 3932 Cum
605 3870 862 3924 Dominus
887 3871 1031 3923 dicat
1063 3887 1081 3924 :
1118 3889 1135 3920 ι
1172 3870 1351 3924 Nolite
1392 3871 1717 3939 margaritas
1776 3870 2034 3939 projicere

616 3942 814 4020 parcis,
848 3961 866 3993 ›
905 3940 1165 4011 quomodo
1195 3941 1415 3994 docendi
1454 3952 1575 3995 sunt
1606 3941 1882 4010 inﬁdeles?

2130 3306 2265 3375 ἐρεῖ.
2291 3303 2362 3356 Τὸ
2389 3303 2445 3355 δὲ
2467 3302 2667 3372 λέγειν,
2691 3302 2773 3355 ὅτι
2794 3300 2886 3355 τὸν
2915 3303 3013 3371 μὲν
3034 3300 3128 3370 τῆς
3150 3296 3529 3368 δευτερώσεως
3556 3294 3721 3365 νόμον

2130 3396 2324 3463 ἔλυσε,
2356 3395 2451 3449 τὸν
2498 3395 2555 3448 δὲ
2601 3396 2701 3464 τῆς
2755 3392 2979 3467 πρώτης
3029 3392 3350 3464 νομοθεσίας
3412 3389 3720 3460 ἐπλήρωσε,

2128 3487 2439 3559 ληρούντων
2477 3487 2647 3542 ἐστίν..
2974 3494 2977 3495 ⁷

2712 3771 3050 3825 ΕΡΩΤΗΣΙΣ
3084 3771 3158 3824 Σ⁹.

2148 3864 2262 3919 Τοῦ
2289 3863 2512 3929 Κυρίου
2540 3860 2852 3930 λέγοντος,
2892 3880 2911 3912 ε
2939 3860 3033 3928 Μὴ
3058 3859 3326 3930 βάλλετε
3354 3856 3722 3930 μαργαρίτᾳς

2210 3924 2699 4003 ἔμπροσθεν-,τῶν
2737 3924 2974 4002 χοίρων,
3020 3924 3039 3983 ὀ
3075 3949 3132 3985 κ.
3168 3924 3491 3998 ἐξῆςρτὥξ
3514 3927 3605 3982 δεῖ
3634 3924 3722 3977 δι·-

2199 4002 2452 4058 ὃᾶσκειν
2476 4002 2619 4070 τοὺς
2638 4003 2939 4066 ἀπίστους
2952 4018 2971 4067 ;

1116 4141 1260 4199 Edita
1282 4157 1308 4192 a
1334 4142 1630 4192 Montacutio
1657 4143 1759 4204 (ep.
1786 4141 1849 4191 54
1878 4142 1936 4191 ad
1962 4143 2213 4206 Sergium,
2236 4155 2285 4203 p.
2315 4139 2568 4203 107-110).
2594 4167 2657 4179 —-
2679 4140 2852 4189 Matth.
2884 4152 2969 4201 vn,
2990 4138 3037 4189 6.

509 4243 712 4307 Sancta
744 4251 798 4303 et
816 4241 1151 4314 margaritie,
1182 4258 1305 4307 cum
1338 4242 1507 4297 divini
1537 4242 1687 4297 verbi
1723 4242 2037 4312 praedicatio

439 4349 544 4403 est,
595 4348 709 4391 tum
759 4343 814 4391 et
862 4352 1064 4406 corpus
1118 4336 1463 4398 Dominicum
1513 4344 1566 4391 et
1600 4336 2035 4390 immaculatum.

441 4427 772 4498 Margaritae,
818 4442 885 4482 eo
919 4426 1066 4496 quod
1106 4428 1345 4495 pretiosa
1381 4428 1512 4490 sint,
1550 4437 1603 4480 et
1647 4426 1793 4495 quod
1823 4425 2037 4497 fulgen-

440 4529 553 4575 tem
600 4519 794 4575 salutis
828 4518 1171 4588 splendorem
1213 4518 1281 4579 ab
1318 4519 1384 4573 iis
1426 4518 1715 4581 emittunt,
1763 4519 1857 4588 qui
1909 4533 2033 4573 cum

2209 4243 2376 4311 Ἀγια
2405 4242 2499 4295 καὶ
2524 4245 2884 4314 μαργαρῖται,
2911 4242 2939 4296 ὃ
2977 4259 3037 4296 τε
3065 4241 3160 4296 τοῦ
3190 4241 3337 4295 θείου
3361 4243 3720 4313 κηρύγματος

2134 4334 2313 4402 λόγος,
2340 4334 2436 4386 καὶ
2484 4333 2544 4386 τὸ
2573 4334 2905 4388 Δεσποτικὸν
2934 4336 3029 4387 καὶ
3069 4336 3340 4406 ἄχραντον
3386 4335 3716 4406 χρηματίζει

2136 4427 2329 4497 σῶμα’
2367 4428 2708 4497 μαργαρῖται
2744 4427 2842 4496 μέν
2870 4428 2952 4481 ὅτι
2996 4427 3176 4498 τίμια,
3209 4429 3302 4482 καὶ
3340 4429 3423 4481 ὃτι
3453 4428 3714 4499 λαμπρὰν

2133 4516 2233 4585 τῆς
2261 4516 2537 4586 σωτηρίας
2568 4516 2668 4586 τὴν
2688 4514 2885 4586 αἴγλην
2916 4518 3030 4580 τοῖς
3060 4517 3371 4588 εἰλικρινῶς
3400 4518 3717 4586 προσιοῦσιν

440 4614 657 4668 sincero
699 4612 887 4666 animo
930 4611 1151 4673 adeunt.
1192 4610 1390 4671 Sancta
1440 4622 1642 4675 autem,
1676 4611 1817 4680 quod
1854 4619 1907 4664 et
1935 4626 2028 4665 ve-

2138 4607 2521 4679 ἐκπέμπουσιν
2545 4623 2559 4636 ⁸
2592 4608 2724 4676 ἆγια
2761 4609 2841 4672 δὲ,
2868 4609 2951 4662 ὅτι
2988 4608 3056 4662 τὰ
3080 4617 3107 4645 ι
3150 4610 3325 4664 σεπτὰ
3385 4611 3481 4663 καὶ
3509 4612 3591 4663 ὅτι
3621 4611 3719 4678 τῆς

442 4705 708 4768 neranda,
744 4714 798 4759 et
836 4702 981 4773 quod
1029 4717 1265 4757 excusso
1300 4717 1487 4760 errore
1530 4701 1746 4765 veritati
1794 4716 1896 4757 nos
1929 4716 2029 4770 ap-

444 4793 707 4863 pendunt.
760 4792 937 4855 Canes
989 4800 1117 4851 sunt
1165 4800 1220 4846 et
1262 4791 1500 4854 hmretici
1547 4803 1601 4845 et
1642 4792 1873 4862 pagani,
1934 4791 2030 4860 qui

441 4901 568 4941 cum
597 4900 740 4958 saepe
780 4885 1059 4955 religionis
1102 4885 1413 4947 rudimenta
1456 4884 1630 4958 prima
1661 4885 1840 4940 infusa
1871 4884 2033 4939 audi-

441 4976 642 5039 verint,
687 4992 793 5029 non
830 4985 1041 5034 tantum
1074 4975 1288 5037 meliori
1322 4984 1468 5038 statu
1515 4991 1622 5031 non
1675 4984 1822 5038 sunt,
1857 4975 1950 5030 sed
1982 4984 2037 5030 et

445 5068 651 5122 rabiem
693 5082 850 5122 suam
874 5067 1113 5141 produnt
1147 5068 1318 5127 multo
1356 5068 1575 5139 quidem
1609 5067 1871 5122 furiosius
1899 5082 2035 5122 con-

445 5167 528 5211 tra
570 5172 782 5211 sacram
815 5163 869 5210 ct
898 5167 1142 5220 sanctam
1176 5167 1421 5213 nostram
1456 5159 1736 5237 pietatem,
1772 5158 1913 5213 ultra
1944 5174 2038 5213 ca-

450 5266 547 5305 nes
576 5248 918 5303 allatrantes.
960 5248 1118 5304 Porci
1150 5260 1414 5309 vocantur
1435 5291 1449 5317 ,
1492 5261 1762 5327 quotquot
1800 5264 1960 5304 emno
1983 5259 2038 5305 et

444 5343 558 5398 luto
586 5342 904 5413 passionum
943 5344 1313 5408 convolutati,
1355 5361 1483 5415 erga
1516 5344 2034 5415 admonitionesin-

446 5445 665 5489 sensate
712 5446 767 5489 et
812 5435 931 5490 sine
968 5437 1343 5509 rcsipisccntia
1380 5448 1553 5493 semet
1598 5447 1812 5509 gerunt.
1874 5438 2037 5491 lliscc

448 5526 708 5591 omnibus
762 5541 873 5588 non
924 5541 1046 5583 esse
1097 5528 1283 5591 divina
1343 5529 1703 5607 impertienda
1750 5528 2015 5599 mysteria

2138 4700 2347 4769 πλάνης
2399 4698 2750 4769 ἀφορίζοντες
2782 4702 2850 4771 τῇ
2886 4700 3115 4772 ἀληθείᾳ
3148 4701 3466 4755 ἀνατιθέασι
3490 4717 3505 4732 ⁸
3560 4701 3721 4764 κύνες

2130 4794 2207 4858 δὲ,
2242 4794 2338 4847 καλ⁹
2368 4793 2478 4847 τῶν
2509 4794 2824 4864 αἱρετικῶν,
2873 4795 2967 4849 καὶ
3002 4795 3113 4849 τῶν
3150 4795 3417 4861 ἀπίστων,
3448 4796 3563 4848 ὅσοι
3592 4795 3720 4847 πολ-

2131 4884 2290 4947 λάκις
2316 4885 2407 4938 τὸν
2433 4885 2530 4954 τῆς
2547 4886 2830 4950 εὐσεϐείας
2846 4886 3250 4958 κατηχηθέντες
3269 4888 3450 4956 λόγον,
3470 4889 3531 4939 ού
3559 4888 3715 4957 μόνον

2133 4976 2287 5029 οὐδὲν
2336 4978 2559 5045 ἄμεινον
2617 4978 2963 5047 διετέθησαν,
2995 4979 3133 5033 ἀλλὰ
3209 4981 3305 5033 καὶ
3359 4981 3459 5051 τὴν
3512 4979 3712 5031 λύσσαν

2134 5069 2315 5123 αὐτῶν
2346 5070 2486 5123 κατὰ
2506 5070 2606 5140 τῆς
2625 5071 2777 5137 ἱερᾶς
2797 5073 2829 5143 ἡ
2838 5072 2952 5143 μῶν
2986 5072 3286 5144 θρησκείας
3310 5072 3714 5143 ἐμμανέστερον

2136 5161 2315 5215 κυνῶν
2364 5162 2742 5217 ὑλακτούντων
2782 5165 3148 5230 ἐπεδείξαντο’
3183 5167 3354 5237 χοῖροι
3387 5167 3465 5231 δὲ,
3494 5166 3608 5219 ὅσοι
3641 5164 3717 5235 τῷ

2138 5254 2385 5326 βορϐόρῳ
2437 5255 2547 5309 τῶν
2607 5256 2799 5311 παθῶν
2853 5258 3353 5328 ἐγκαλινδούμενοι,
3413 5260 3553 5330 πρὸς
3616 5257 3715 5317 τὰς

2136 5346 2489 5415 παραινέσεις
2523 5349 2866 5421 ἀναισθήτως
2894 5368 2953 5404 τε
2997 5352 3091 5403 καὶ
3119 5351 3532 5421 ἀνεπιστρόφως
3562 5350 3718 5419 ἔχου-

2138 5450 2244 5488 σιν.
2272 5429 2369 5498 Οἷς
2414 5436 2619 5490 ἅπασιν
2649 5440 2677 5491 ὁ
2715 5438 2857 5503 θεῖος
2908 5440 3272 5504 ἀποθεσπίζει
3324 5440 3597 5512 χρησμὸς,
3643 5441 3719 5509 μὴ

2136 5527 2451 5597 προτιθέναι
2478 5530 2546 5584 τά
2585 5529 2705 5587 θεῖα
2732 5533 3011 5605 μυστήρια
3034 5575 3050 5603 ,
3083 5534 3339 5603 ἀναξίους
3371 5534 3619 5597 ἑαυτοὺς,
3651 5530 3719 5584 δι’

1755 5708 1986 5765 νΛῐίΙΑιῖ
2022 5711 2424 5770 LECTIONES.
