4110 6460
428 366 529 431 941

1398 371 1497 430 AD
1520 371 2115 432 AMPHILOCHIUM
2155 376 2500 445 QU.‘EST[O
2534 379 2641 439 CC.

3588 375 3695 441 942

428 471 506 530 ὧν
533 474 798 547 ἔπραξαν,
840 474 1331 546 παρεσκευακότας
1355 475 1456 543 τῆς
1482 475 1801 546 ὑπερφυοῦς
1828 493 2007 547 σωτη-
2035 530 2036 533 η

2137 479 2290 536 liviua
2325 485 2549 537 oracula
2597 486 2917 554 prodidere;
2968 485 3168 557 quippe
3202 488 3293 559 qui
3324 488 3436 559 jam
3472 488 3601 543 olim
3639 500 3699 544 se

433 569 557 641 ρίας
585 569 679 621 καὶ
715 567 936 639 χάριτος
962 584 978 599 ο
1027 567 1145 621 ἀλλ’
1198 568 1247 621 εἰ
1304 567 1429 637 μηδ’
1468 567 1680 637 έτέροις
1722 577 1751 617 γ
1804 569 2012 623 τούτων

433 660 635 722 δοτέον,
661 660 789 722 ἴσως
823 658 889 713 ἀν
921 676 1006 723 τις
1037 658 1413 729 διαπορήσειε,
1454 657 1599 711 τίσιν
1633 659 1772 722 ὅλως
1796 660 2008 727 δοτέον;

430 753 581 825 Φημὶ
604 751 919 822 τοιγαροῦν,
952 753 1070 815 τοῖς
1100 767 1161 804 τε
1188 752 1401 814 πιστοῖς
1427 751 1523 804 καὶ
1554 749 1881 821 ὀρθοδόξοις,
1916 753 2013 806 καὶ

433 840 562 908 οἷςό
586 843 701 914 βίος
728 845 794 914 τῇ
846 842 1027 896 πίστει
1063 842 1499 912 συμφθέγγεται.
1562 842 1723 897 Ἀλλά
1761 846 1858 897 καὶ
1900 843 2011 897 τῶν

433 935 702 1000 ἀπίστων,
728 937 822 987 καὶ
864 934 930 1005 δὴ
974 935 1072 989 καὶ
1100 935 1209 988 τῶν
1239 934 1552 1007 αἰρετικῶν,
1602 936 1699 988 καὶ
1753 936 1863 1007 μὴν
1915 936 2012 991 καὶ

434 1027 544 1078 τῶν
570 1027 707 1095 πρὸς
737 1026 1089 1098 καθαρότητα
1120 1027 1395 1091 πολιτείας
1441 1027 1885 1099 διαῦεόλημένων
1917 1029 2015 1083 καὶ

436 1114 642 1184 ταύτης
666 1116 1100 1183 όλισθαινόντων,
1114 1118 1359 1182 ἐκείνους
1378 1117 1457 1188 τῷ
1481 1118 1626 1190 λόγῳ
1651 1121 2012 1192 κατηχητέον,

440 1204 534 1258 καὶ
566 1210 925 1280 χειραγωγεῖν
955 1207 1337 1279 προθυμητέον
1360 1225 1375 1241 ο
1406 1209 1605 1272 οἵτινές
1644 1211 1784 1265 εἰσιν
1824 1210 2014 1283 ὥσπερ

441 1298 695 1367 πρόϐατα
724 1302 802 1372 μὴ
829 1301 1025 1374 ἔχοντα
1053 1300 1307 1372 ποιμένα,
1338 1301 1435 1356 καί
1463 1300 1669 1373 σφόδρα
1687 1301 1897 1358 δέονται
1917 1303 2018 1372 τῆς

444 1394 815 1466 ποιμαντικῆς
845 1390 1170 1455 ἐπιστασίας
1200 1391 1299 1445 καὶ
1321 1394 1699 1463 κατηχήσεως.
1754 1393 1877 1447 Ἐπὶ
1894 1393 2019 1447 τού-

440 1497 557 1545 τοις
583 1481 694 1554 γὰρ
721 1484 817 1538 καὶ
869 1484 899 1538 6
952 1481 1159 1555 Κύριος
1205 1482 1657 1554 σπλαγχνίζεται,
1700 1485 1796 1538 καὶ
1826 1485 2019 1558 τρέφει

442 1573 655 1641 τροφὴν
699 1575 762 1628 τό
809 1591 870 1628 τε
910 1575 1071 1644 σῶμα
1129 1574 1484 1645 συνέχουσαν,
1538 1577 1635 1631 καί⁹
1691 1579 1792 1649 τὴν
1839 1578 2020 1650 ψυχὴν

444 1659 759 1728 βελτιοῦσάν
794 1681 851 1717 τε
912 1665 1007 1718 καὶ
1042 1665 1405 1735 στηρίζουσαν
1433 1682 1449 1697 ⁸
1504 1663 1653 1722 εἷενο
1717 1668 1855 1724 ἀλλά
1904 1672 2022 1735 πῶς

448 1750 733 1821 ῥίπτουσιν
782 1757 1216 1827 ἐπιστραφέντες
1276 1759 1326 1813 οἱ
1378 1760 1553 1831 χοῖροι
1614 1760 1710 1814 καὶ
1756 1764 1806 1816 οἰ
1859 1761 2023 1825 κύνες

446 1818 593 1909 τοὺς,
621 1845 755 1910 εἴτις
783 1818 967 1912 αὐτοῖς
1000 1818 1227 1920 ⁴προθείη
1326 1818 1412 1922 μη.
1449 1818 1646 1922 θέμις;
1674 1851 1709 1923 ἢ
1733 1852 1912 1923 δῆλον,
1948 1818 2023 1917 ὡς
2058 1818 2095 1872 Β

444 1937 494 1987 οἰ
527 1936 626 2006 μὲν
654 1939 1047 2009 κωμῳδοῦντες
1091 1942 1188 1995 καὶ
1214 1943 1580 2011 ὲπιγελῶντες
1608 1946 1705 1999 καὶ
1731 1945 2024 2017 χλευάζον-

444 2044 536 2090 τες
555 2027 625 2082 τὰ
654 2029 838 2101 πάσης
868 2032 1150 2105 εὐφημίας
1174 2035 1474 2108 ὑπέρτερα,
1510 2038 1561 2091 οἰ
1587 2038 1667 2103 δὲ,
1702 2040 1764 2093 τὸ
1786 2040 2027 2109 καθαρὸν

446 2120 627 2175 αὐτῶν
650 2124 742 2175 καὶ
759 2124 1180 2198 ὑπέρλαμπρον,
1197 2128 1288 2183 διὰ
1304 2130 1404 2200 τῆς
1422 2132 1632 2196 οἰκείας
1655 2134 2024 2206 ἀκαθαρσίας,

447 2213 546 2264 καὶ
595 2213 999 2286 ἀνεπιστρόφου
1047 2219 1416 2291 φαυλότητος,
1451 2221 1811 2294 βεϐηλοῢντές
1842 2242 1903 2278 τε
1932 2226 2029 2280 καὶ

448 2305 1013 2377 καταρῤυπαίνοντες.
1039 2304 1139 2364 Ὧν
1167 2310 1427 2382 ἑκάτερον
1455 2315 1754 2386 ἀνατρέχον
1793 2318 1874 2382 εἰς
1901 2319 2029 2383 τοὺς

446 2396 873 2465 ἀπερισκέπτως
918 2402 1013 2455 καὶ
1069 2404 1240 2473 χωρὶς
1274 2404 1531 2475 προνοίας
1561 2408 2029 2478 οἰκονομήσαντας

447 2485 510 2538 τὸ
568 2489 892 2561 μυστήριον,
953 2492 1160 2547 πτῶσιν
1194 2494 1376 2548 αὐτῶν
1417 2496 1666 2567 χαλεπὴν
1722 2499 1821 2553 καί⁵
1884 2501 2029 2570 μέγα

446 2574 651 2637 ὄνειδος
683 2579 1081 2652 ἀπεργάζεται.
1114 2583 1321 2654 Εῖησαν
1354 2585 1401 2639 δ’
1443 2585 1511 2639 ἂν
1561 2590 1900 2659 μαργαρῖται
1932 2590 2030 2643 καὶ

449 2664 605 2734 ἅγια,
633 2670 694 2721 οὐ
721 2670 791 2723 τά
823 2672 1093 2743 εἰρημένα
1127 2673 1308 2745 μόνον,
1340 2676 1476 2730 ἀλλά
1513 2694 1579 2747 γε
1625 2680 1723 2735 καὶ
1752 2680 1861 2734 τῶν
1899 2680 2032 2737 θαυ-

451 2759 640 2828 μάτων
676 2763 747 2817 τά
774 2766 1126 2837 χαρίσματα·
1161 2770 1258 2821 καὶ
1299 2770 1439 2841 πρὸς
1482 2770 1717 2836 τούτοις,
1771 2774 1913 2829 αὐτά
1960 2776 2030 2830 τά

452 2851 736 2923 θαύματα·
772 2855 868 2909 καὶ
899 2858 1103 2929 τρίτον,
1137 2860 1186 2913 εἰ
1229 2859 1432 2930 βούλει,
1462 2862 1524 2914 τὸ
1547 2863 1908 2919 ἀποστολικὸν
1934 2869 2031 2922 καί⁵

452 2943 597 2998 θεῖον
637 2946 877 3018 ἀξίωμα,
930 2950 960 3003 δ
988 2953 1131 3006 κατά
1162 2952 1411 3024 διαδοχὴν
1438 2954 1501 3008 τὸ
1542 2956 1846 3027 ἀρχιερέων
1875 2959 2032 3027 γένος

451 3036 651 3105 ὁρᾶται
678 3038 1073 3113 κληρούμενον.
1109 3045 1273 3099 Οὐδὲν
1303 3046 1411 3119 γὰρ
1447 3048 1674 3113 τούτων,
1709 3051 1771 3104 οὐ
1815 3053 1915 3122 μὲν
1936 3050 2032 3107 οὖν

2114 573 2370 644 indignos
2398 586 2706 646 gesserunt,
2743 594 2839 647 per
2885 594 3051 649 opera
3105 595 3229 645 sua,
3269 581 3559 636 excellenti
3608 581 3698 636 illa

2115 665 2287 735 gratia
2323 676 2376 720 et
2401 665 2596 722 salute.
2631 666 2785 734 Quod
2821 670 2865 724 si
2907 670 3115 726 neutris
3147 672 3376 727 istorum
3414 672 3530 727 lucc
3552 686 3703 728 com-

2114 753 2449 809 municanda
2496 755 2627 819 sint,
2677 771 2786 811 nou
2830 758 3067 814 absurde
3105 760 3377 829 quispiam
3417 761 3705 818 dubitave-

2116 844 2205 908 rit,
2240 860 2310 898 an
2360 844 2638 915 aliquibus
2666 845 2893 900 omnino
2942 848 3054 902 sint
3077 848 3536 903 communicanda
3574 866 3588 903 :
3621 857 3703 903 et-

2116 936 2183 1001 si,
2236 947 2352 990 tum
2405 937 2645 1007 quibus?
2698 936 2797 992 Hic
2858 938 3087 1003 aﬂirmo,
3125 938 3377 995 ﬁdelibus
3421 950 3477 996 et
3514 940 3706 995 ortho-

2116 1029 2305 1094 doxis,
2334 1044 2568 1100 quorum
2606 1029 2717 1084 vita
2770 1028 3101 1100 professioni
3149 1032 3461 1101 respondet.
3513 1030 3620 1088 Sed
3654 1042 3709 1087 et

2118 1119 2408 1185 increduli,
2448 1131 2505 1177 et
2548 1120 2814 1186 haeretici,
2862 1129 2918 1176 ct
2951 1121 3046 1191 qui
3095 1122 3206 1176 vita
3251 1138 3443 1191 parum
3485 1138 3621 1192 pura
3654 1134 3708 1176 et

2120 1209 2346 1266 honesta
2394 1210 2887 1277 commendantur,
2949 1213 3045 1266 sed
3094 1210 3342 1267 defectus
3402 1211 3707 1281 patiuntur,

2118 1303 2288 1358 verbo
2315 1313 2444 1359 sunt
2470 1303 2817 1368 instituendi,
2849 1312 2904 1358 et
2931 1318 3099 1359 manu
3131 1304 3323 1359 sedula
3352 1303 3657 1359 deducendi
3696 1322 3709 1356 :

2121 1402 2248 1450 sunt
2276 1396 2421 1450 enim
2460 1405 2720 1466 tanquam
2772 1410 2906 1453 oves
2934 1406 3207 1467 pastorem
3250 1412 3358 1451 non
3409 1397 3711 1464 habentes,

2121 1486 2325 1556 quibus
2355 1486 2504 1541 omni
2541 1485 2703 1541 modo
2744 1501 2884 1556 opus
2912 1495 3001 1541 est
3049 1487 3335 1556 pastoritia
3367 1485 3714 1557 praesidentia

2122 1590 2169 1634 et
2197 1578 2609 1633 informatione.
2642 1579 2779 1649 Erga
2818 1578 2955 1636 istos
2990 1580 3384 1635 misericordiae
3414 1579 3717 1636 visceribus

2124 1679 2373 1725 movetur
2413 1669 2677 1726 Dominus
2708 1688 2721 1725 :
2754 1670 2937 1725 cibum
2966 1670 3078 1726 illis
3108 1680 3358 1741 apparat,
3391 1672 3487 1741 qui
3519 1679 3573 1728 et
3598 1686 3721 1728 cor-

2125 1779 2227 1833 pus
2256 1761 2583 1828 consolidet,
2617 1770 2671 1817 et
2703 1762 2942 1817 animam
2974 1764 3239 1818 redditam
3278 1764 3561 1819 meliorem
3591 1780 3719 1820 con-

2127 1849 2322 1904 firmet.
2360 1848 2467 1903 Sed
2517 1856 2637 1903 esto
2683 1858 2888 1912 tamen,
2943 1851 3222 1919 quomodo
3278 1852 3428 1921 porci
3468 1855 3718 1909 conversi

2127 1942 2393 2011 dejiciunt
2429 1941 2542 2004 illa,
2576 1951 2630 1997 et
2663 1957 2829 1997 canes
2876 1942 2923 1997 si
2975 1943 3099 2013 quis
3133 1944 3200 1997 iis
3232 1945 3552 2013 opposuerit
3598 1961 3723 2015 qua:

2128 2050 2238 2089 non
2269 2034 2645 2089 conveniunt?
2691 2034 2773 2089 An
2824 2043 2973 2104 patet
3020 2036 3169 2104 quod
3220 2036 3434 2091 comico
3476 2036 3591 2091 sale
3624 2036 3724 2090 fri-

2128 2133 2277 2190 caut,
2317 2134 2371 2179 et
2404 2123 2644 2179 ludibrio
2664 2124 2887 2189 habent,
2910 2124 3235 2180 etlubeutiae
3264 2135 3565 2194 exponunt,
3601 2142 3725 2196 quae

2129 2216 2316 2273 omnia
2365 2215 2544 2271 laudis
2597 2216 2976 2286 cujuscunque
3010 2218 3281 2287 prmemria
3325 2228 3590 2287 superant
3631 2212 3726 2272 isti

2132 2308 2184 2362 id
2215 2306 2359 2377 quod
2392 2306 2717 2362 defaecatum
2764 2317 2817 2362 et
2846 2308 3170 2378 pellucidum
3201 2318 3304 2375 est,
3337 2325 3434 2379 per
3478 2310 3725 2379 ipsorum

2130 2401 2411 2470 prepriam
2447 2400 2849 2454 immunditiem
2888 2408 2941 2455 et
2971 2401 3375 2471 improbitatem
3428 2400 3723 2471 incorrigi-

2130 2491 2318 2558 bilem,
2343 2490 2696 2561 profanautes
2716 2492 3132 2548 etsordidautes
3156 2493 3476 2563 persistunt.
3499 2491 3729 2548 Utrum-
3773 2543 3780 2550 .

2132 2601 2239 2655 que
2271 2600 2435 2655 porro
2470 2595 2756 2655 postquam
2792 2585 3058 2641 invaserit
3108 2602 3226 2651 eos,
3267 2587 3361 2657 qui
3412 2585 3726 2641 inconside-

2134 2681 2309 2734 ratius
2340 2687 2396 2733 et
2423 2679 2543 2733 sine
2576 2678 2727 2733 omni
2757 2694 2892 2734 cura
2932 2688 2987 2735 et
3024 2679 3363 2749 providentia
3406 2679 3726 2750 mysterium

2132 2773 2473 2842 dispensant,
2518 2772 2732 2843 lapsum
2764 2771 2945 2842 ipsum
2973 2772 3197 2837 durum,
3228 2772 3645 2842 deplorandum,
3675 2780 3732 2825 et

2134 2877 2259 2916 cum
2291 2861 2559 2916 dedecore
2610 2861 2967 2931 conjunctum
3016 2870 3298 2931 procurat.
3345 2859 3474 2915 Esto
3520 2868 3730 2922 autem,

2135 2955 2246 3010 sint
2272 2954 2585 3025 margaritae
2614 2969 2703 3009 res
2735 2968 2930 3018 sacrm,
2965 2968 3066 3008 nec
3100 2968 3178 3007 eae
3207 2952 3385 3007 solum
3413 2966 3551 3022 quas
3580 2964 3734 3005 com-

2135 3048 2595 3111 memoravimus,
2661 3046 2757 3101 sed
2826 3054 2882 3101 et
2942 3046 3337 3100 miraculorum
3401 3044 3729 3099 charisma!

452 3124 581 3179 οὐτε
634 3130 763 3183 κυσὶ
816 3132 1157 3201 προτιθέναι,
1206 3135 1327 3189 οὐδὲ
1384 3140 1495 3200 τοῖς
1533 3142 1738 3210 χοίροις
1785 3141 2028 3213 θεμιτόν.

2137 3140 2301 3194 etiam
2336 3139 2453 3208 ipsa
2484 3138 2751 3193 miracula
2782 3153 2798 3191 :
2839 3144 2914 3203 et,
2954 3138 2999 3192 si
3034 3139 3105 3192 ita
3144 3138 3342 3207 placet,
3389 3136 3551 3190 tertio
3584 3135 3733 3199 loco,

454 3216 567 3270 Καὶ
597 3220 774 3283 κοινὸς
813 3222 911 3293 μὲν
959 3225 1088 3295 περὶ
1133 3226 1354 3281 πάντων
1383 3228 1549 3299 νόμος
1597 3233 1630 3299 ἡ
1660 3233 2035 3306 προειρημένη

2141 3234 2516 3301 apostolorum
2545 3231 2765 3286 caelitus
2793 3229 3039 3284 instituta
3065 3229 3306 3298 dignitas
3337 3246 3351 3282 :
3385 3228 3544 3297 cujus
3568 3228 3734 3282 sortis

457 3309 552 3362 τοῦ
586 3312 862 3389 Δεσπότου
904 3314 1083 3387 ψῆφος
1110 3319 1205 3372 καὶ
1251 3320 1548 3390 ἀπόφασις.
1582 3322 1745 3394 Εὐροι
1787 3325 1832 3378 δ’
1864 3324 1928 3379 ἄν
1958 3344 2040 3391 τις

457 3401 555 3455 καὶ
602 3403 735 3474 περί
765 3406 883 3470 ἐνὸς
911 3408 1145 3463 ἑκάστου
1178 3411 1357 3465 αὐτῶν
1394 3412 1495 3477 τὰς
1547 3415 1856 3486 μαρτυρίας
1886 3416 2041 3471 οὐδὲν

456 3494 885 3568 ἐργωδέστερον.
937 3500 1147 3555 Αὐτίκα
1192 3502 1325 3572 γοῦν
1377 3506 1491 3568 τοῖς
1536 3506 1716 3560 κυνῶν
1738 3506 1894 3579 δίκην
1942 3508 2042 3578 τὴν

458 3586 737 3641 ἀναίδειαν
783 3591 1283 3664 προϐεϐλημένοις,
1345 3597 1439 3650 καὶ
1493 3602 1720 3669 σημεῖον
1768 3600 2038 3666 αἰτοῦσιν,

457 3678 615 3735 οὔπω
646 3681 832 3752 σχεδὸν
874 3684 973 3756 τῆς
1002 3686 1181 3757 ὅψεως
1214 3688 1397 3743 αὐτῶν
1430 3690 1541 3744 τῶν
1573 3692 2045 3763 προδεδειγμένων

461 3772 896 3843 ἀπαλλαγείσης,
930 3777 992 3830 οὐ
1044 3779 1206 3847 μόνον
1250 3781 1403 3834 οὐδὲν
1440 3784 1468 3835 6
1496 3782 1586 3835 τοῦ
1628 3784 1821 3852 γένους
1853 3785 2045 3858 Σωτὴρ

461 3863 716 3934 οὐδαμῶς
738 3866 1072 3933 ἐπεδείξατο,
1096 3869 1233 3923 ἀλλά
1256 3873 1351 3924 καί¹
1366 3873 1569 3926 ἀπεῖπε
1598 3874 1672 3944 μὴ
1698 3875 2043 3945 δοθήσεσθαι,

464 3953 561 4005 καὶ
607 3954 707 4025 τὴν
751 3955 933 4010 αἰτίαν
974 3956 1070 4009 τοῦ
1119 3959 1194 4030 μὴ
1248 3964 1558 4032 παρασχεῖν
1610 3964 2042 4027 ἀποκαλύπτων,

465 4043 659 4112 γενεὰν
684 4045 885 4109 αὐτοὺς
928 4049 1173 4118 πονηρὰν
1202 4050 1299 4103 καὶ
1334 4052 1623 4121 μοιχαλίδα
1651 4054 1933 4124 ὠνόμασε·
1978 4057 2046 4110 δι’

467 4138 732 4209 ἐκατέρου
766 4138 973 4205 πάθους
998 4144 1383 4213 παραστήσας,
1417 4144 1501 4198 ὅτι
1526 4146 1707 4200 κυνῶν
1731 4149 1825 4200 καὶ
1846 4148 2047 4219 χοίρων

466 4229 619 4283 οὐδὲν
648 4229 909 4301 ἀμείνους
937 4231 1254 4303 ἐτύγχανον.
1296 4234 1407 4287 Καὶ
1454 4236 1615 4290 πάλιν
1639 4239 1700 4290 ὲν
1731 4240 1798 4309 τῇ
1829 4238 2049 4310 πατρίδι

465 4320 632 4374 αὐτοῦ
654 4323 754 4375 οὐκ
771 4323 995 4394 ἐποίησε
1016 4324 1275 4396 δυνάμεις
1306 4327 1527 4395 πολλάς,
1550 4330 1640 4383 διὰ
1666 4331 1767 4401 τὴν
1789 4330 2050 4384 ἀπιστίαν

466 4413 673 4468 αὐτῶν.
695 4415 807 4468 Καὶ
826 4416 1098 4487 πολλαχοῦ
1128 4418 1380 4486 φαίνεται
1412 4420 1596 4473 πίστιν
1628 4422 2043 4492 προσαπαιτῶν,

2146 3321 2543 3387 hereditatem,
2576 3320 2893 3390 pontificale
2937 3329 3187 3374 nostrum
3219 3333 3390 3387 genus
3420 3317 3736 3387 agnoscitur

2144 3413 2445 3484 possidere.
2477 3411 2623 3467 Nihil
2652 3412 2797 3466 enim
2827 3427 2892 3465 eo
2923 3420 3198 3481 spectans,
3233 3410 3315 3463 vel
3354 3409 3586 3464 canibus
3615 3422 3737 3479 pro-

2138 3505 2439 3576 jiciendum
2466 3512 2569 3572 est,
2596 3505 2679 3559 vel
2713 3504 2878 3558 etiam
2918 3502 3120 3573 porcis.
3150 3501 3478 3556 Communis
3514 3501 3581 3555 de
3614 3500 3733 3555 istis

2144 3598 2404 3652 erunibus
2448 3598 2558 3663 lex,
2593 3597 2888 3666 praedictus
2930 3595 3145 3650 Domini
3177 3594 3426 3649 ealculus
3470 3603 3524 3647 et
3556 3592 3737 3647 deter—

2148 3692 2376 3745 minatio
2403 3692 2475 3745 sit
2508 3711 2523 3745 τ
2552 3705 2789 3760 quarum
2825 3705 3012 3743 rerum
3047 3688 3391 3758 singularum
3423 3686 3735 3741 testimonia

2148 3784 2308 3839 facile
2346 3783 2524 3839 cuivis
2581 3783 2748 3838 fuerit
2805 3782 3072 3836 invenire.
3121 3780 3232 3837 Illis
3276 3780 3441 3851 igitur
3488 3780 3580 3850 qui
3627 3796 3735 3835 non

2148 3891 2306 3932 secus
2328 3892 2494 3946 quam
2526 3890 2693 3931 canes
2722 3890 2993 3929 summam
3032 3890 3142 3943 prae
3180 3889 3241 3929 se
3281 3873 3527 3928 ferebant
3558 3872 3739 3942 impu-

2146 3970 2413 4034 dentiam,
2442 3969 2515 4023 ita
2546 3977 2604 4023 ut
2633 3969 2849 4037 signum
2883 3966 2989 4021 sibi
3026 3966 3140 4020 dari
3186 3966 3559 4035 postularent,
3610 3980 3737 4019 cum

2148 4059 2238 4112 vix
2260 4058 2314 4110 in
2348 4064 2645 4125 conspectu
2686 4056 2932 4126 ipsorum
2966 4054 3195 4124 patratis
3243 4054 3522 4108 miraculis
3553 4068 3749 4107 move-

2152 4154 2361 4209 rentur,
2430 4144 2650 4213 generis
2714 4142 2892 4197 nostri
2948 4140 3101 4195 salus
3169 4149 3223 4194 et
3274 4139 3566 4205 Servator,
3625 4153 3737 4194 non

2149 4234 2314 4291 modo
2347 4234 2557 4289 nullum
2599 4235 2815 4302 signum
2850 4230 3237 4294 manifestavit,
3269 4233 3363 4285 sed
3408 4246 3467 4285 se
3512 4230 3737 4284 minime

2148 4340 2544 4386 concessurum
2596 4323 2937 4395 respondet:
2981 4332 3036 4378 et
3081 4337 3305 4378 causam
3349 4322 3596 4377 indicans
3636 4338 3737 4376 cur

2154 4421 2367 4476 nullum
2389 4418 2555 4473 vellet
2579 4416 2883 4472 concedere
2909 4415 3150 4486 signum,
3180 4415 3482 4485 improbam
3506 4422 3560 4469 et
3582 4413 3739 4469 adul-

468 4502 570 4560 εἷθ’
600 4506 771 4571 οὕτως
796 4507 968 4572 ἰάσεις
995 4509 1279 4564 ἐπιτελῶν.
1310 4512 1476 4565 Ὥστε
1496 4515 1523 4567 ὁ
1553 4513 1923 4584 κυνογνώμων
1955 4516 2036 4572 καί

2154 4523 2326 4567 teram
2358 4511 2765 4583 generationem
2795 4516 2990 4564 vocat:
3026 4523 3122 4578 per
3151 4516 3445 4577 utrumque
3482 4507 3737 4562 affectum

468 4599 735 4672 χοιρὼδης
776 4599 1086 4672 ἄνθρωπος,
1128 4602 1349 4669 ἀνάξιός
1376 4605 1493 4659 ἐστι
1524 4605 1624 4673 τῆς
1658 4607 1767 4660 ἀπὸ
1807 4607 1917 4662 τῶν
1949 4626 2045 4679 ση-

472 4693 642 4765 μείων
693 4694 1037 4763 εὐεργεσίας.
1098 4696 1163 4750 Εἰ
1190 4696 1247 4749 δὲ
1277 4697 1456 4765 τοῦτο,
1492 4698 1674 4770 πολλῷ
1721 4699 1922 4770 μᾶλλον
1953 4704 2049 4756 καὶ

470 4787 637 4841 αὐτοῦ
668 4787 763 4841 τοῦ
794 4790 853 4842 ὲν
881 4790 997 4851 τοῖς
1018 4789 1268 4859 σημείοις
1302 4792 1662 4862 χαρίσματος.
1701 4792 1862 4848 Ἀλλά
1891 4793 2053 4849 τοῦτο

477 4882 575 4952 μὲν
625 4883 720 4935 καὶ
750 4881 980 4936 αὐτόθεν
1008 4881 1197 4951 δῆλον·
1248 4883 1403 4937 οὐδὲν
1438 4885 1497 4938 δὲ
1550 4880 1715 4957 ἦττον
1758 4887 1909 4957 ὅμως
1957 4889 2053 4942 καὶ

473 4975 704 5045 Πέτρος,
737 4977 765 5029 6
788 4975 899 5029 τῶν
936 4975 1195 5045 μαθητῶν
1221 4980 1545 5047 κορυφαῖος,
1577 4978 1645 5031 δι’
1685 4971 1759 5033 ὧν
1784 4980 2048 5053 ἐπιτιμή-

478 5080 578 5127 σας
627 5064 961 5118 ἀπεσείσατο
1010 5064 1102 5119 τὸν
1133 5064 1505 5135 δεισιδαίμονα
1543 5069 1637 5121 καὶ
1664 5069 1905 5140 πονηρὸν
1960 5070 2056 5124 καὶ

478 5154 631 5224 φιλόχ
639 5173 702 5226 ρυ
710 5171 801 5209 σον
816 5154 1059 5226 Σίμωνα,
1081 5155 1482 5227 ἀκριδεστάτην
1500 5157 1805 5229 παρέσχετο
1815 5158 1910 5230 τὴν
1922 5160 2057 5214 ἀπόο

477 5245 639 5309 δειξιν
656 5263 669 5277 ·
693 5248 775 5300 δτι
799 5247 858 5301 δὲ
885 5247 996 5301 οὐδ’
1022 5246 1390 5318 ἀποστολικῆς
1419 5248 1577 5316 ἀξίας
1609 5250 1641 5321 ἢ
1664 5252 2057 5323 ἀρχιερατικῆς

478 5340 645 5408 τιμῆς
680 5337 856 5402 οὐδείς
902 5340 1019 5392 ἐστι
1054 5339 1164 5392 τῶν
1205 5339 1464 5393 τοιούτων
1514 5341 1763 5411 μετέχειν
1811 5342 2055 5410 δίκαιος,

479 5429 639 5493 αὐτὸς
661 5429 826 5483 πάλιν
845 5431 874 5482 6
900 5431 1197 5502 Δεσπότης,
1232 5431 1379 5504 ἔργῳ
1409 5432 1503 5485 καὶ
1523 5431 1667 5503 λόγῳ
1698 5433 2053 5505 παρίστησιν,

478 5515 560 5583 οἷς
587 5520 679 5572 τὸν
704 5520 1018 5577 ἀκολουθεῖν
1044 5522 1193 5592 αὐτῷ
1220 5523 1606 5594 αἰτησάμενον,
1649 5523 1742 5576 καὶ
1768 5523 1876 5577 τῶν
1914 5524 2053 5578 ἀπο-

482 5612 684 5666 στόλων
713 5612 966 5666 ὑπελθεῖν
1011 5613 1105 5667 τὺν
1128 5614 1327 5685 κλῆρον
1349 5656 1363 5681 ,
1394 5614 1567 5668 καὶτὸ
1598 5614 1895 5687 προνόμιον
1939 5616 2053 5669 δια-

482 5702 899 5775 μηχανώμενον,
918 5706 979 5758 οὐ
1007 5705 1169 5777 μόνον
1192 5706 1254 5761 οὐ
1295 5706 1659 5777 προσεδέξατο
1677 5746 1692 5774 ν
1723 5706 1859 5763 ἀλλὰ
1885 5707 1953 5763 δι’
1981 5701 2056 5762 ὧν

552 5829 579 5867 γ
612 5817 945 5890 μηδετέροις.

2142 4605 2367 4669 docens,
2408 4602 2556 4674 quod
2601 4601 2774 4657 nihilo
2818 4601 3013 4656 melius
3061 4615 3225 4670 quam
3259 4614 3425 4654 canes
3475 4609 3528 4653 et
3576 4596 3734 4667 porci

2143 4692 2598 4762 disponebantur.
2625 4688 2761 4743 Hinc
2796 4687 3001 4745 factum
3035 4688 3181 4757 quod
3216 4687 3273 4741 in
3305 4703 3405 4741 sua
3442 4686 3614 4756 ipsius
3645 4701 3738 4755 pa-

2146 4784 2253 4840 tria
2300 4782 2473 4838 multa
2522 4781 2677 4852 signa
2729 4781 2873 4835 haud
2918 4778 3185 4843 ediderit,
3227 4787 3450 4848 propter
3491 4778 3737 4848 ipsorum

2151 4874 2610 4931 incredulitatem.
2651 4870 2760 4927 Sed
2787 4880 2844 4927 et
2874 4870 3153 4941 plerisque
3192 4869 3249 4925 in
3276 4869 3413 4923 locis
3446 4868 3577 4923 licet
3619 4870 3742 4923 ani—

2155 4967 2518 5032 madvertere,
2549 4966 2707 5022 fidem
2733 4965 2912 5035 ipsum
2942 4963 3095 5035 prius
3126 4963 3543 5033 pnvrequirere,
3579 4972 3742 5029 atque

2155 5060 2229 5114 ita
2258 5060 2481 5115 demum
2505 5058 2820 5114 curationes
2850 5055 3109 5110 edidisse.
3138 5054 3231 5109 Est
3260 5054 3429 5124 igitur
3460 5052 3549 5107 ille
3577 5052 3742 5105 homo

2154 5155 2248 5224 qui
2302 5154 2495 5208 eodem
2554 5152 2717 5208 modo
2768 5149 2998 5205 afficitur
3043 5159 3207 5218 atque
3253 5162 3421 5203 canes
3458 5154 3513 5200 et
3564 5144 3738 5215 porci,

2156 5247 2414 5316 indignus
2452 5246 2631 5316 plane,
2662 5244 2824 5314 cujus
2852 5242 3024 5314 gratia
3054 5240 3318 5296 miracula
3346 5238 3739 5309 procudautur.

2158 5340 2225 5394 Et
2251 5347 2398 5394 certe
2424 5338 2471 5392 si
2504 5337 2589 5393 his
2622 5337 2820 5409 dignus
2849 5350 2956 5390 non
2984 5334 3169 5399 fuerit,
3206 5331 3381 5386 multo
3412 5330 3591 5384 minus
3617 5342 3743 5397 gra-

2161 5426 2237 5482 tia
2267 5426 2357 5481 illa
2385 5435 2445 5481 ut
2480 5425 2777 5491 imbuatur,
2809 5438 2929 5493 qua:
2960 5422 3167 5477 relucet
3204 5420 3257 5473 in
3292 5428 3347 5473 et
3374 5434 3470 5489 per
3497 5417 3741 5471 miracu-

2160 5519 2232 5573 la.
2264 5514 2378 5575 Hoc
2404 5533 2501 5590 per
2523 5532 2584 5573 se
2612 5516 2745 5571 satis
2789 5516 2934 5572 clare
2980 5522 3151 5585 patet.
3194 5511 3376 5567 Nihilo
3420 5520 3600 5567 tamen
3646 5506 3745 5564 mi-

2162 5630 2285 5675 nus,
2318 5621 2373 5668 et
2414 5610 2610 5666 Petrus
2641 5607 3037 5679 discipulorum
3092 5604 3441 5676 coryphazus,
3477 5603 3567 5657 ubi
3616 5618 3741 5657 cum

2163 5705 2467 5765 vehementi
2512 5702 2912 5772 increpatione,
2954 5698 3235 5755 Simonem
3274 5696 3424 5752 illum
3477 5695 3747 5768 supersti-
