4110 6438
437 355 541 419 943

1593 361 1854 422 PHOTII
1892 364 2405 425 PATRIARCHA‘)
2430 365 2539 425 CP.

3584 364 3689 429 9M

435 478 569 532 tioni
625 476 901 542 deditum,
971 476 1474 546 improbissimum,
1544 486 1595 532 et
1642 480 1761 533 auri
1829 496 1990 534 amori

2091 544 2093 549 ν
2120 481 2516 553 ἐθριάμϐευσεν
2565 478 2729 534 αὑτοῦ
2767 478 2836 534 τὰ
2864 479 2961 549 τῆς
2976 477 3202 550 καρδίας
3237 479 3562 556 ἀπόρρητα,
3588 485 3687 553 τῆς

433 581 673 642 captum,
699 588 728 627 a
757 585 818 626 se
843 572 1104 634 excussit,
1133 568 1578 625 manifestissime
1607 570 1748 625 idem
1780 570 1967 625 docuit
1993 588 2007 625 :

433 666 692 721 nimirum
720 663 1090 734 apostolorum
1124 662 1245 715 loco
1276 662 1556 731 indignum
1583 676 1705 716 esse
1728 670 1781 715 et
1806 660 2017 729 episco-

431 758 542 829 pali
589 758 796 811 honore
834 756 986 809 illum
1027 753 1119 823 qui
1167 754 1293 807 talis
1343 754 1506 808 fixerit
1542 753 1815 807 inventus.
1858 750 2013 818 Quod

2120 572 2419 645 μαθητείας
2462 572 2759 625 ἀπώσατο·
2797 570 3014 641 πτηνῶν
3040 576 3149 642 γὰρ
3195 572 3357 626 αὐτὸν
3407 577 3502 628 καὶ
3542 575 3685 628 ἁλω-

2116 666 2321 730 πέκων,
2359 666 2389 716 ὁ
2422 663 2597 716 πάντα
2628 664 2723 716 καὶ
2748 662 2854 733 πρὸ
2877 662 3144 730 γενέσεως
3166 663 3344 730 είδὼς,
3368 667 3686 737 οἰκητήριον

2116 757 2263 827 ἐώρα
2302 758 2396 810 καὶ
2439 757 2875 827 κατασκήνωσιν,
2910 754 3185 809 καὶτοῦτο
3216 756 3348 810 αὐτὸ
3376 757 3683 828 αἰτησάμε-

431 852 575 906 idem
609 849 867 903 Scrvator
893 864 1000 901 non
1046 847 1211 900 verbo
1247 854 1479 910 tantum,
1512 846 1605 900 sed
1642 854 1697 900 et
1723 859 1888 914 opere
1917 845 1990 898 do

2113 866 2202 911 νος
2228 858 2249 885 τ
2268 863 2281 877 ·
2310 849 2392 901 ὅτι
2411 848 2558 901 δόλου
2583 848 2767 917 γέμων
2793 847 2887 900 καὶ
2913 846 3246 917 κουφότητος
3265 849 3358 901 καὶ⁷
3374 848 3674 913 ἀναιδείας,

430 940 587 994 cuit:
623 938 713 994 ubi
756 938 1058 1002 hominem,
1090 935 1183 1005 qui
1234 936 1408 1005 ipsum
1444 935 1594 1005 sequi
1625 950 1684 991 se
1722 936 1857 990 velle
1882 950 2010 1004 pro-

430 1030 705 1093 ﬁteretur,
752 1037 805 1083 et
861 1027 993 1081 sorti
1047 1039 1107 1080 se
1162 1033 1325 1094 atque
1373 1024 1657 1093 privilegio
1712 1022 2010 1093 apostolico

428 1122 697 1193 ingerere,
730 1135 838 1175 non
870 1118 1153 1173 admisit“
1185 1134 1200 1172 :
1234 1133 1332 1174 nec
1381 1118 1511 1174 illud
1544 1126 1776 1182 tantum,
1823 1118 1917 1172 sed
1954 1117 2009 1173 in

426 1218 631 1287 quibus
686 1216 864 1271 adhuc
912 1208 1141 1269 ulterius
1192 1214 1260 1269 de
1314 1214 1539 1269 secretis
1594 1213 1767 1281 ipsius
1826 1213 2007 1269 cordis

426 1309 603 1378 palam
638 1305 986 1361 enuntiandis
1020 1305 1169 1358 velut
1215 1304 1551 1372 triumphum
1602 1303 1731 1372 egit,
1772 1316 1802 1354 a
1835 1301 2007 1355 disci-

424 1397 611 1465 pulatu
645 1394 897 1448 scmovit.
935 1392 1037 1459 Qui
1070 1392 1214 1444 enim
1240 1390 1444 1455 omnia,
1470 1389 1786 1459 priusquam
1818 1397 2002 1442 exsta-

426 1486 578 1547 bant,
620 1485 966 1546 intuebatur,
1018 1483 1233 1536 videbat
1263 1482 1413 1535 illum
1467 1495 1588 1535 esse
1627 1480 1911 1534 volucrum
1950 1487 2006 1534 et

426 1576 668 1645 vulpium
706 1575 1098 1641 habitaculum,
1136 1584 1298 1643 atque
1330 1574 1449 1628 ideo
1477 1573 1545 1627 ab
1580 1573 1671 1628 illo
1708 1573 1810 1626 hoc
1838 1572 2004 1641 petie—

426 1676 530 1734 rat,
564 1671 734 1739 quod,
771 1668 961 1723 fraude
1000 1668 1240 1737 repletus
1278 1676 1332 1721 et
1359 1666 1620 1729 vanitate,
1652 1680 1862 1720 necnon
1899 1666 2002 1717 im-

425 1760 682 1831 pudentia
717 1759 1000 1830 singulari,
1041 1757 1282 1813 avaritiae
1310 1765 1567 1828 praeterea
1600 1758 1789 1811 morbo
1823 1755 2003 1824 subja-

2112 940 2206 993 καὶ
2234 938 2391 992 πάθει
2413 937 2766 1009 προσανέχων
2792 936 3252 1008 φιλοχρηματίας,
3277 940 3406 1010 πρὶν
3437 939 3470 1010 ἢ
3512 938 3683 992 ταῦτα

2109 1030 2178 1083 τὰ
2210 1029 2374 1101 θηρία
2399 1028 2659 1081 ἀπελάσει
2692 1030 2790 1097 τῆς
2818 1028 3017 1099 ψυχῆς,
3053 1029 3355 1099 ἐτόλμησεν
3381 1030 3572 1084 ἑαυτὸν
3601 1033 3681 1093 είς

2109 1122 2211 1192 τὴν
2226 1121 2334 1174 τῶν
2358 1119 2615 1189 μαθητῶν
2640 1120 2832 1190 κλῆσιν
2850 1120 3115 1181 είσωθεῖν,
3139 1121 3233 1175 καὶ
3255 1122 3363 1175 τῶν
3384 1121 3681 1193 ὑπερφυῶν

2108 1214 2334 1267 ἐκείνων
2357 1214 2452 1268 καὶ
2474 1214 2821 1268 Δεσποτικῶν
2854 1213 3209 1285 χαρισμάτων
3241 1213 3446 1284 δοχείον
3474 1213 3679 1281 φαντά-

2108 1305 2317 1370 ζεσθαι.
2361 1306 2437 1369 ὡς
2466 1306 2805 1377 πορρωτάτω
2829 1306 2929 1375 τῆς
2948 1304 3185 1367 ἐλπίδος,
3209 1307 3238 1358 ό
3266 1306 3475 1368 πάντας
3504 1303 3680 1359 ἕλκων

2107 1396 2244 1465 πρὸς
2291 1395 2521 1460 ἑαυτὸν,
2592 1395 2688 1447 καὶ
2739 1393 2945 1456 πάντας
2998 1392 3237 1463 σωθῆναι
3293 1393 3483 1456 θέλων,
3568 1393 3680 1446 ἀπ-

2107 1486 2409 1556 επέμψατο.
2431 1486 2542 1540 Καὶ
2571 1486 2631 1539 τὸ
2651 1484 2842 1548 σκεῦος
2871 1484 2929 1538 δὲ
2952 1484 3050 1552 τῆς
3075 1484 3327 1555 ἐκλογῆς,
3351 1485 3379 1536 ὁ
3400 1483 3492 1537 τὸν
3516 1483 3680 1553 οὐρά-

2106 1595 2217 1631 νιον
2252 1579 2415 1630 πόλον
2463 1578 2538 1640 ὡς
2585 1577 2826 1644 ἐπίγειον
2861 1575 3073 1628 στάδιον
3108 1574 3429 1646 διατρέχων,
3463 1576 3557 1629 καὶ
3582 1575 3680 1645 τὴν

2104 1668 2434 1739 οἰκουμένην
2478 1667 2773 1722 σταδιεύων
2810 1667 2889 1738 τῷ
2930 1666 3024 1720 τοῦ
3065 1666 3421 1738 κηρύγματος
3466 1654 3691 1737 δρόμῳξ

2105 1759 2337 1822 καὶτοῖς
2374 1759 2516 1830 ὑπὲρ
2559 1758 2844 1820 εὐσεϐείας
2882 1756 3169 1826 παθήμασι
3209 1756 3277 1810 τὰ
3307 1757 3448 1809 αὐτά
3475 1756 3552 1827 τῷ
3592 1756 3676 1809 δι-

421 1860 587 1918 ceret,
635 1862 925 1921 antequam
959 1853 1090 1905 istas
1142 1866 1173 1905 e
1212 1850 1375 1905 corde
1404 1857 1721 1904 excusserat
1771 1847 1990 1911 bestias,

2101 1850 2354 1920 δασκάλῳ
2383 1851 2474 1903 καὶ
2497 1850 2763 1919 Δεσπότῃ,
2803 1849 2870 1902 δι’
2910 1844 2985 1901 ὧν
3011 1849 3260 1920 Τιμοθέῳ
3278 1847 3503 1919 γράφει,
3539 1865 3677 1917 συμ-

420 1958 591 1998 ausus
625 1940 801 1997 fuerat
832 1942 1189 2011 semeptisum
1232 1941 1285 1994 in
1324 1938 1718 2009 discipulorum
1759 1939 2000 1991 vocatio-

418 2049 543 2088 nem
581 2032 905 2096 subinl‘erre.
938 2048 1106 2102 seque
1137 2032 1536 2102 receptaculum
1582 2030 1835 2085 idoneum
1869 2028 2004 2081 ima-

417 2125 591 2195 ginari
622 2125 998 2180 excellentium
1033 2126 1248 2179 illorum
1275 2134 1328 2179 et
1363 2121 1804 2194 magisterialium
1861 2120 1993 2174 cha-

2108 1941 2442 2010 φθέγγεται·
2488 1959 2506 1993 ι
2573 1942 2777 2011 Χεῖρας
2826 1940 2935 2010 γὰρ
2991 1940 3230 2011 ταχέως,
3280 1942 3433 2011 φησὶ,
3489 1939 3676 2010 μηδενὶ

2110 2031 2376 2086 ἐπιτίθει·
2422 2030 2555 2102 μηδὲ
2611 2029 2860 2084 κοινώνει
2912 2028 3211 2100 ἁμαρτίαις
3258 2029 3608 2097 ἀλλοτρίαιςο
3650 2046 3672 2083 ο

2106 2125 2201 2178 καὶ
2230 2123 2400 2195 μυρία
2423 2124 2578 2177 ἄλλα.
2615 2122 2754 2176 Ἀλλ’
2773 2122 2866 2176 ἐπὶ
2888 2121 3141 2175 τοσοῦτον
3170 2122 3268 2192 μὲν
3298 2122 3427 2191 περὶ
3449 2122 3674 2179 τούτων.

420 2218 736 2273 rismatum.
769 2219 1038 2285 Quocirca
1071 2229 1345 2273 semotum
1376 2219 1534 2288 longe
1571 2234 1601 2273 a
1633 2234 1730 2274 sua
1794 2219 1881 2273 illa
1951 2235 2067 2289 spe,
2106 2220 2174 2284 is,
2207 2219 2297 2290 qui
2335 2218 2577 2288 alioquin
2610 2232 2799 2273 omnes
2832 2216 2899 2272 ad
2942 2231 3001 2271 se
3031 2216 3315 2279 trahebat,
3349 2225 3401 2271 et
3432 2215 3676 2285 singulos

415 2310 646 2368 salutem
676 2312 939 2381 consequi
975 2312 1210 2375 volebat,
1247 2312 1475 2367 dimisit.
1506 2312 1608 2367 Sed
1640 2321 1695 2367 ct
1738 2312 1870 2367 illud
1902 2327 1997 2369 vas
2036 2313 2343 2376 electionis,
2384 2311 2479 2381 qui
2513 2310 2764 2366 cmlestes
2829 2310 2986 2380 polos
3045 2324 3155 2362 non
3188 2308 3344 2362 aliter
3374 2323 3536 2377 quam
3569 2318 3677 2362 ter-

414 2414 588 2460 restre
623 2404 855 2459 stadium
889 2404 1228 2467 decurrebat,
1260 2404 1354 2474 qui
1419 2404 1680 2459 mundum
1740 2405 2054 2460 universum
2097 2420 2259 2459 cursu
2296 2402 2699 2473 pnedicationis
2740 2399 3040 2465 transibat,
3078 2410 3131 2454 et
3185 2400 3279 2469 qui
3337 2398 3389 2452 in
3434 2398 3502 2455 iis
3552 2417 3675 2471 qua:

414 2509 514 2564 pro
535 2495 738 2566 pietate
770 2510 972 2564 passus
998 2493 1120 2558 fuit,
1157 2494 1388 2549 Domino
1413 2505 1466 2550 et
1492 2495 1699 2551 doctori
1730 2511 1833 2551 suo
1855 2496 2285 2558 assimilabatur,
2314 2495 2367 2548 in
2402 2494 2469 2549 iis
2517 2493 2717 2563 quibus
2762 2478 3127 2546 'Timotheum
3193 2488 3391 2544 aﬂ‘atur
3450 2490 3671 2560 scriptis

413 2587 691 2642 consentit
720 2601 734 2637 :
774 2605 793 2637 ‹
830 2584 1023 2641 Manus
1054 2587 1356 2656 (inquiens)
1391 2588 1575 2643 subito
1604 2588 1808 2642 nemini
1840 2588 2189 2657 imposueris,
2224 2603 2325 2642 nec
2356 2602 2480 2642 cum
2518 2586 2752 2641 aliorum
2805 2585 3047 2656 peccatis
3113 2583 3494 2641 communices
3550 2584 3618 2638 δ’.
3647 2605 3665 2637 ι

415 2681 553 2735 Sunt
580 2687 634 2732 et
665 2677 770 2732 alia
800 2679 1014 2748 generis
1041 2679 1269 2747 hujusce
1297 2691 1573 2735 sexcenta.
1608 2680 1787 2751 Atque
1818 2682 2079 2738 hactenus
2110 2681 2178 2737 de
2218 2680 2391 2736 hisce.

485 2772 595 2843 Ego
628 2781 677 2827 te
710 2780 925 2836 autem,
955 2786 1079 2826 cum
1122 2773 1334 2827 videam
1372 2773 1681 2829 istiusmodi
1731 2775 1972 2828 narratio

412 2878 511 2916 nes
542 2862 596 2916 in
627 2877 816 2917 amore
848 2862 966 2926 tibi,
1012 2862 1243 2927 deliciis,
1295 2872 1458 2932 atque
1507 2862 1610 2917 sub
1660 2863 1835 2918 oculis
1871 2878 1994 2917 esse

412 2955 649 3022 positas,
692 2953 759 3007 ad
809 2952 1036 3008 alterius
1068 2953 1168 3018 rei,
1211 2969 1314 3007 non
1350 2954 1560 3019 alienae,
1595 2955 1992 3009 consideratio-

414 3061 537 3099 nem
563 3060 671 3099 non
694 3046 963 3114 gravabor
983 3046 1282 3111 deducere;
1318 3055 1595 3115 utcunque
1622 3046 1765 3116 leges
1794 3046 1993 3112 episto-

412 3135 547 3190 licas
576 3136 787 3191 videam
830 3152 917 3191 me
966 3137 1292 3192 invitissime
1324 3153 1391 3192 eo
1434 3138 1609 3208 sequi.
1643 3139 1691 3193 ls
1721 3139 1813 3207 qui
1846 3155 1992 3193 mar-

412 3227 616 3297 garitas
641 3243 807 3296 puras
827 3238 880 3283 et
896 3228 1185 3284 tlefzecatas
1201 3229 1270 3284 de
1289 3230 1489 3283 virtute
1508 3230 1952 3287 ratiocinationes
1972 3271 1987 3296 ,

412 3328 598 3375 sancta
631 3333 811 3375 autem
835 3361 851 3387 ,
901 3323 1116 3392 piarum
1164 3332 1218 3377 et
1247 3324 1677 3380 orthodoxarum
1716 3326 1988 3380 rationum

411 3412 788 3467 honorabilem
837 3422 891 3468 et
938 3416 1309 3470 venerandum
1358 3426 1665 3486 respectum
1702 3428 1755 3472 et
1780 3419 1993 3473 noverit

409 3515 465 3558 et
489 3508 800 3572 vocaverit,
851 3507 1273 3579 haudquaquam
1329 3510 1607 3565 aberrabit
1657 3526 1685 3564 a
1716 3512 1987 3577 veritate;

410 3614 575 3652 canes
605 3598 845 3668 alioquin
868 3640 884 3665 ,
924 3600 1121 3669 impias
1150 3610 1204 3654 et
1249 3600 1536 3656 haereticas
1578 3603 1940 3672 cogitationes
1970 3622 1984 3658 :

408 3700 628 3753 porcos,
688 3687 1060 3755 voluptatibus
1100 3688 1330 3754 deditos,
1375 3689 1515 3743 male
1551 3690 1762 3745 olentes
1815 3700 1869 3746 et
1905 3692 1986 3746 af-

408 3772 581 3826 fectus
613 3788 809 3841 pravos
837 3785 1187 3842 reputarent.
1221 3778 1488 3843 Quocirca
1522 3778 1832 3834 istiusmodi
1860 3796 1986 3851 por-

405 3859 486 3913 cis
511 3869 565 3913 et
591 3862 822 3917 canibus
850 3879 955 3916 non
993 3874 1212 3932 oportet
1248 3866 1570 3934 margaritas
1599 3876 1653 3922 et
1678 3879 1865 3923 sancta
1899 3870 1983 3923 vel

404 3946 674 4016 projicere
717 3950 801 4004 vel
835 3966 1157 4020 proponere,
1212 3954 1279 4007 ad
1315 3955 1691 4010 contentiones
1723 3956 1985 4014 fovendas

403 4049 458 4093 et
488 4040 831 4111 litigandum.
864 4040 1015 4097 Multi
1052 4044 1199 4098 enim
1244 4046 1359 4101 hate
1398 4047 1514 4116 ipsa
1547 4049 1652 4103 illis
1692 4049 1821 4103 dum
1854 4064 1982 4119 pro-

402 4139 635 4201 ponunt,
671 4141 727 4187 et
757 4132 884 4188 dum
921 4134 974 4188 in
1005 4136 1256 4191 rationali
1296 4154 1411 4193 suae
1444 4141 1639 4194 auimze
1668 4152 1822 4211 parte
1856 4158 1984 4197 con-

405 4220 702 4278 tcntionem
735 4223 999 4289 excitant,
1042 4236 1103 4279 ut
1136 4226 1188 4279 iu
1225 4244 1385 4283 scena
1424 4229 1820 4294 introductam,
1856 4234 1981 4303 qni-

401 4314 503 4369 bus
530 4330 653 4369 cum
698 4329 921 4386 propter
952 4319 1361 4377 inclinationem
1402 4338 1674 4377 summam
1711 4326 1775 4379 ad
1808 4327 1978 4379 animi

400 4403 710 4487 passiones,
734 4405 1003 4474 judicium
1035 4409 1310 4463 sincerum
1342 4426 1685 4481 nequaquam
1719 4414 1975 4478 habeant,

400 4491 699 4559 improviso
737 4494 1059 4563 semetipsos
1104 4496 1459 4564 subruerunt,
1495 4508 1552 4553 el.
1600 4500 1753 4569 lapsu
1787 4501 1978 4556 formi-

397 4579 590 4634 doloso
642 4580 963 4651 praecipitati
1023 4594 1199 4639 sunt:
1237 4584 1465 4642 devictis
1513 4604 1635 4656 qua:
1683 4590 1973 4645 meliorum

397 4674 554 4720 erant
582 4669 837 4736 partium,
870 4685 899 4724 a
931 4670 1241 4739 pejoribus;
1279 4674 1351 4728 ita
1399 4684 1456 4730 ut
1483 4678 1852 4745 spectaculum
1882 4694 1973 4733 se-

395 4775 509 4821 met
562 4770 745 4838 potius
793 4772 1088 4841 tragicum,
1149 4790 1312 4842 quam
1374 4786 1706 4845 spectatores
1748 4781 1966 4836 tandem

395 4858 929 4923 reprzesentaverint.
966 4858 1121 4924 Quod
1153 4863 1198 4916 si
1234 4863 1303 4916 ab
1337 4864 1568 4919 invicem
1598 4870 1967 4936 pugnantibus

394 4942 848 5014 cogitationibus.
908 4958 964 5002 et
1007 4950 1176 5003 animi
1240 4952 1593 5021 opinionibus
1634 4958 1968 5024 processeris

393 5032 461 5085 ad
516 5033 759 5091 actiones
813 5048 1002 5092 mutuo
1052 5040 1366 5106 allidentcs,
1422 5054 1475 5097 et
1526 5043 1767 5113 ipsorum
1820 5047 1964 5104 circa

392 5121 635 5193 actiones
660 5126 778 5181 illas
792 5128 1202 5198 dispositiones,
1235 5147 1578 5202 prOgressum
1609 5136 1797 5191 eodem
1824 5140 1968 5193 ince-

2171 2771 2313 2841 Ἐγὼ
2337 2772 2395 2826 δέ
2425 2789 2506 2826 σοι
2528 2775 2625 2825 καὶ
2652 2770 2787 2842 πρὸς
2811 2769 3005 2841 ἑτέραν
3038 2768 3292 2840 θεωρίαν,
3326 2771 3388 2824 ὲκ
3417 2770 3672 2838 γειτόνων

2087 2865 2200 2926 τοῖς
2230 2863 2537 2933 εἰρημένοις
2571 2863 2733 2917 οὖσαν
2758 2861 2901 2933 (ἐπεί
2944 2880 3026 2915 σοι
3053 2862 3121 2915 τὰ
3145 2860 3369 2916 τοιαῦτα
3397 2862 3533 2934 ἔρως
3554 2863 3672 2916 ἐστὶ

2088 2958 2182 3009 καὶ
2216 2959 2395 3027 τρυφὴ
2436 2959 2530 3008 καὶ
2572 2955 2865 3025 θεάματα),
2896 2955 2997 3008 οὐκ
3021 2955 3316 3026 ὀκνήσαιμι
3342 2955 3666 3025 καθηγήσα-

2088 3044 2240 3099 σθαι*
2280 3046 2328 3096 εἰ
2363 3046 2459 3097 καὶ
2491 3045 2585 3114 τῆς
2607 3044 2895 3113 ἐπιστολῆς
2928 3044 3109 3115 ἡρέμα
3149 3062 3265 3107 πως
3305 3045 3432 3108 τοὺς
3470 3046 3670 3114 νόμους

2085 3137 2197 3207 ὁρῶ
2224 3136 2705 3206 διευλαϐουμένους
2736 3154 2827 3206 μοι
2866 3136 3122 3191 ἕπεσθαιο
3153 3137 3290 3192 ἀλλὰ
3309 3138 3418 3210 γὰρ
3448 3155 3665 3209 μαργαο

2089 3228 2241 3298 ρίτας
2264 3227 2383 3301 μὲν,
2404 3227 2498 3281 καὶ
2524 3230 2649 3291 τοὺς
2666 3230 2792 3299 περὶ
2809 3230 3009 3301 ἀρετῆς
3031 3229 3305 3300 καθαροὺς
3335 3230 3632 3300 λογισμούς
3648 3245 3664 3260 ·

2087 3317 2219 3386 ἅγια
2258 3300 2338 3382 δέ,
2379 3319 2486 3372 τῶν
2531 3319 2770 3373 εὐσεϐῶν
2813 3321 2907 3373 καὶ
2961 3320 3256 3392 ὀρθοδὸξων
3286 3320 3560 3391 λογισμῶν
3605 3320 3668 3374 τὸ

2085 3408 2267 3479 τίμιον
2298 3411 2391 3463 κα)⁸
2413 3412 2633 3477 σεπτὸν,
2666 3412 2765 3465 οὐκ
2797 3411 2863 3465 ἄν
2899 3429 2983 3474 τις
3016 3413 3359 3484 ἀποσφαλείη
3384 3415 3486 3481 τῆς
3529 3412 3666 3484 ἀλη-

2091 3501 2242 3565 θείας
2268 3503 2363 3554 καὶ
2394 3501 2551 3565 εἰδὼς
2582 3503 2677 3556 καὶ
2704 3503 2883 3557 καλῶν
2904 3520 2917 3533 ο
2947 3504 3137 3575 ὥσπερ
3166 3505 3337 3569 κύνας
3366 3506 3494 3569 τοὺς
3534 3506 3662 3560 δυσο

2013 3568 2058 3631 C
2090 3591 2271 3653 σεϐετς
2329 3591 2425 3644 καὶ
2477 3592 2857 3661 αίρετίζοντας
2913 3568 3245 3664 λογισμοὺς,
3307 3568 3402 3647 καὶ
3448 3594 3666 3665 χοίρους

2092 3681 2253 3735 πάλιν
2291 3683 2417 3745 τοὺς
2447 3681 2764 3753 φιληδόνους
2797 3683 2892 3735 καὶ
2937 3683 3196 3747 δυσώδεις
3234 3685 3329 3737 καὶ
3370 3685 3661 3754 ἐμπαθεῖς.

2090 3774 2164 3826 Οὐ
2193 3773 2273 3826 δεῖ
2306 3774 2599 3843 τοιγαροῦν
2633 3774 2843 3837 τοῦτοις
2872 3777 2983 3839 τοῖς
3014 3776 3223 3846 χοίροις
3253 3776 3375 3829 οὐδὲ
3402 3779 3516 3839 τοῖς
3538 3777 3663 3831 κυσὶ

2086 3866 2212 3930 τοὺς
2247 3866 2594 3938 μαργαρίτας
2624 3867 2721 3919 καὶ
2740 3866 2809 3919 τὰ
2839 3867 2993 3934 ἆγια,
3023 3872 3101 3931 εἰς
3131 3866 3247 3936 ἔριν
3281 3868 3376 3920 καὶ
3417 3868 3661 3936 ζυγομα-

2086 3958 2232 4028 χίαν,
2265 3958 2480 4029 ῥίπτειν
2502 3960 2597 4013 καὶ
2628 3959 3043 4030 προϐάλλεσθαι.
3075 3958 3266 4013 Πολλοὶ
3289 3958 3397 4029 γὰρ
3432 3958 3661 4022 ἐκείνοις

2082 4050 2257 4104 ταῦτα
2302 4050 2615 4120 προθέντες,
2658 4052 2754 4105 καὶ
2807 4051 2905 4124 τὴν
2935 4051 3137 4105 τούτων
3168 4054 3225 4105 ὲν
3256 4052 3335 4122 τῷ
3364 4051 3660 4123 λογιστικῷ

2080 4140 2184 4210 τῆς
2203 4142 2380 4211 ψυχῆς
2420 4141 2677 4211 ἅμιλλαν,
2714 4141 2790 4206 ὡς
2830 4142 3093 4214 σκηνικὴν
3128 4141 3256 4197 θέαν
3303 4144 3657 4215 ποιούμενοι,

2082 4232 2177 4285 καὶ
2205 4232 2269 4301 δὴ
2301 4232 2393 4284 καὶ
2424 4232 2529 4285 ὑπὸ
2551 4231 2649 4301 τῆς
2691 4232 2820 4302 περὶ
2847 4232 2916 4285 τὰ
2962 4232 3109 4303 πάθη
3140 4233 3515 4303 προσπαθείας
3558 4232 3658 4303 τὴν

2081 4322 2265 4393 κρίσιν
2288 4323 2589 4377 ἀδέκαστον
2622 4324 2724 4377 οὐκ
2756 4324 2997 4394 ἔχοντες,
3042 4322 3231 4377 ἔλαθον
3262 4324 3489 4384 ἑαυτοὺς
3517 4324 3652 4382 diva:

2078 4410 2378 4481 τρέψαντες
2408 4412 2504 4465 καὶ
2530 4414 2785 4476 πεσόντες
2812 4412 3014 4483 πτῶμα
3045 4413 3302 4478 ἐξαίσιον,
3342 4414 3658 4482 ὲκνικηθέν-

2077 4514 2186 4550 των
2231 4498 2415 4561 αὐτοῖς
2461 4500 2570 4551 τῶν
2615 4498 2943 4572 κρειττόνων
2986 4503 3099 4563 τοῖς
3130 4499 3362 4570 χείροσι,
3393 4500 3487 4554 καὶ
3525 4500 3655 4553 θέαν

2079 4588 2281 4656 μᾶλλον
2302 4591 2573 4660 τραγικὴν
2601 4591 2831 4654 ἑαυτοὺς
2865 4592 2897 4662 ἢ
2932 4591 3134 4656 θεατὰς
3171 4592 3561 4660 ἐπιδείξαντες.
3590 4594 3652 4646 El

2074 4679 2129 4732 δὲ
2154 4680 2248 4733 καὶ
2270 4681 2378 4734 ἀπὸ
2408 4680 2517 4735 τῶν
2543 4682 2869 4752 μαχομένων
2901 4683 3116 4737 ἐννοιῶν
3156 4683 3251 4736 καὶ
3273 4684 3649 4754 ἐνθυμήσεων,

2074 4771 2164 4824 ἐπ’
2193 4772 2367 4834 αὑτὰς
2399 4773 2723 4845 προσέλθοις
2746 4774 2847 4839 τὰς
2868 4775 3252 4844 ἀντικειμένας
3285 4774 3535 4846 πράξεις,
3558 4776 3651 4829 καὶ

2074 4862 2201 4927 τοὺς
2224 4864 2363 4918 κατὰ
2404 4865 2503 4929 τὰς
2542 4866 2771 4935 πράξεις
2833 4868 3005 4931 αὐτὰς
3052 4857 3448 4935 διακειμένους,
3500 4867 3649 4919 οὐδὲν

2072 4951 2234 5026 ἦττον
2265 4957 2521 5028 εὑρήσεις
2567 4958 2667 5027 τὴν
2711 4958 2946 5030 θεωρίαν
2981 4960 3404 5032 προϐαίνουδαν.
3447 4958 3505 5012 't)
3540 4958 3645 5026 γὰρ

2075 5050 2366 5112 σπουδαῖος
2423 5051 2537 5119 βίος
2586 5050 2683 5103 καὶ
2759 5050 3075 5123 όρθόδοξος,
3135 5050 3494 5122 μαργαριτῶν
3550 5050 3644 5101 καὶ

2076 5144 2248 5209 ἁγίων
2274 5142 2430 5213 δίκην
2445 5143 2809 5207 ἀποστίλϐων,
2838 5144 2939 5197 οὐκ
2969 5143 3175 5213 ὀφείλει
3205 5145 3324 5204 ταῖς
3342 5141 3646 5208 αἱρετικαῖς

388 5216 604 5271 dentem
654 5220 1081 5279 animadvertes.
1134 5224 1255 5280 Vita
1291 5228 1555 5295 honesta,
1602 5238 1657 5284 et
1706 5246 1829 5286 cum
1866 5233 1972 5286 ﬁde

2091 5236 2164 5286 :al
2188 5233 2445 5287 δυσώδεσι
2471 5236 2565 5288 καὶ
2597 5235 2879 5305 ρυπὼσαις
2906 5234 3202 5296 πολιτείαις
3237 5228 3646 5285 συνδιαιτᾶσθαι

388 5307 694 5365 orthodoxa
720 5313 1037 5383 conjuncta,
1063 5317 1117 5371 in
1140 5333 1261 5387 quas
1293 5335 1397 5373 non
1425 5336 1585 5376 secus
1605 5338 1767 5392 quam
1792 5324 1970 5378 solent

2091 5325 2165 5377 ιαὶ
2220 5326 2714 5395 συναναφύρεσθαι.
2752 5345 2771 5379 ι
2834 5325 3111 5391 Ἐξέλθετε
3161 5326 3291 5394 γὰρ,
3332 5323 3531 5392 φησὶν,
3585 5322 3650 5373 ἐκ

390 5400 698 5487 margaritae.
727 5411 781 5457 et
829 5419 916 5458 res
948 5416 1153 5461 sanctae
1184 5408 1369 5464 radios
1413 5410 1632 5476 emittit,
1670 5428 1778 5466 non
1809 5412 1968 5469 debet

2091 5418 2241 5469 ιέσου
2315 5418 2495 5471 αὐτῶν
2554 5420 2651 5471 καὶ
2718 5417 3078 5487 ἀφορίσθητε,
3121 5435 3140 5469 ι
3202 5415 3355 5482 λέγει
3411 5411 3643 5481 Κύριος,

387 5484 663 5557 haeretica,
699 5491 908 5557 foetida,
943 5497 1163 5552 sordida
1194 5501 1607 5558 conversatione
1628 5506 1855 5570 versari,
1875 5514 1971 5560 aut

2132 5508 2288 5577 κάγὼ
2335 5509 2646 5581 εἰσδέξομαι
2700 5484 2865 5581 ὑμᾶς.
2926 5527 2947 5561 ι
2979 5484 3134 5577 -Καὶ,
3178 5526 3199 5563 t
3258 5506 3356 5571 Τίς
3394 5501 3647 5558 κοινωνία

454 5621 500 5655 ⁸⁸
528 5624 659 5683 Luc.
694 5643 766 5693 ix,
810 5630 899 5685 58.
976 5634 1020 5664 δ’
1048 5635 1065 5688 l
1095 5635 1235 5691 Titii.
1270 5653 1321 5694 v.
1355 5638 1441 5691 2‘2.

1608 5730 1841 5786 V’ABIIE
1902 5731 2296 5792 LECTIONES.

458 5794 482 5823 ι
508 5789 897 5858 αἰτησάμενον.
