4110 6428
384 395 491 460 945
1274 407 1375 466 AD
1408 407 2006 470 AMPHILOCHIUM
2048 408 2397 480 QUIESTIO
2433 409 2788 472 CCI-CCIII.
3553 408 3663 474 946

385 509 530 581 φωτὶ
561 511 697 583 πρὸς
741 514 966 582 σκότος;
1006 534 1024 568 ι
1075 517 1188 583 καὶ,
1224 538 1244 572 ι
1305 519 1567 590 Ἐεάρατε
1591 521 1684 576 τὸν
1738 521 1975 594 πονηρδν

2098 523 2447 580 :ommisceri.
2495 544 2514 576 ι
2585 523 2922 597 Egredimini
2956 524 3145 597 (enim)
3180 525 3249 584 de
3294 523 3475 581 medio
3511 523 3662 595 ipso-

388 605 454 658 ἐκ
508 603 680 675 μέσου
728 607 914 676 ὑμῶν’
953 626 973 660 ι
1016 611 1131 677 καὶ,
1180 629 1198 662 ι
1238 611 1328 681 Τῷ
1369 612 1597 685 τοιούτῳ
1645 614 1783 686 μηδὲ
1834 631 1980 668 συν-

2100 630 2229 681 -υιιι,
2286 624 2344 671 et
2400 617 2793 686 separemini“
2843 639 2860 670 ι
2917 619 3015 692 (ait
3064 619 3374 689 Dominus);
3436 626 3512 683 et,
3562 634 3666 690 ego

387 694 637 750 εσθίειν’
673 717 692 750 ι
740 701 834 753 καὶ
884 699 1014 756 ἄλλο
1063 702 1264 773 πλῆθος
1293 703 1545 778 ἄπειρον.
1589 705 1754 760 Ἀλλά
1804 705 1981 761 ταῦτα

2098 707 2380 776 :useipiam
2406 723 2506 763 vos
2524 709 2592 774 δίς
2621 719 2693 774 et,
2725 727 2743 761 ι
2772 708 2906 777 Quae
2934 712 3251 766 communio
3275 711 3515 766 tenebris
3539 727 3664 764 cum

393 789 494 858 μὲν
526 790 625 861 σὴν
666 792 1121 864 πεφιλοτιμήσθω
1153 795 1313 867 χάριν
1334 812 1350 829 ·
1407 791 1518 866 οἶδε
1570 795 1628 850 δὲ
1658 797 1755 851 καὶ⁸
1783 796 1846 850 τὸ
1875 800 1978 868 τῆς

2105 813 2203 852 uce
2227 796 2314 848 ⁵²⁶ἰ
2345 816 2364 848 ι
2391 794 2480 862 Ει,
2505 794 2704 852 Tollite
2726 797 2953 868 impium
2977 799 3044 854 de
3066 799 3247 853 medio
3275 809 3523 854 vestrum
3560 801 3624 854 ⁸³,
3642 819 3662 852 ι

387 882 745 953 ἀναγωγικῆς
768 882 1004 954 θεωρίας
1031 885 1252 956 χωρίον,
1284 887 1362 958 τῷ
1382 888 1575 944 πλάτει
1598 890 1695 944 καὶ
1719 891 1787 960 τῇ
1821 888 1979 957 εὑρέ-

2098 884 2167 950 Ξι,
2211 882 2428 938 «Nolite
2452 899 2578 939 cum
2618 883 2929 939 istiusmodi
2970 900 3164 955 panem
3196 886 3549 942 comedere“
3587 904 3601 942 :
3643 906 3660 938 ι

391 988 474 1026 σει
503 973 614 1026 τῶν
643 972 1022 1045 θεωρημάτων
1053 978 1586 1047 ἐγκαλλωπίζεσθαι.

2098 984 2130 1028 :t
2158 973 2425 1030 similium
2478 973 2671 1043 ingens
2719 974 3033 1029 multitudo.
3079 972 3186 1030 Sed
3229 975 3343 1031 haec
3388 976 3670 1031 sufﬁciant

389 1083 511 1138 qua:
537 1075 684 1122 tuam
713 1070 943 1139 gratiam
974 1072 1381 1130 demereantur.
1406 1076 1568 1132 Certe
1596 1074 1869 1131 familiare
1895 1081 1982 1130 est
2018 1079 2080 1127 ut
2111 1067 2442 1140 anagogices
2488 1067 2970 1138 contemplationis
3017 1084 3270 1139 campus,
3334 1069 3536 1126 dilatus
3601 1071 3671 1124 ab

391 1160 703 1216 istiusmodi
747 1162 1160 1222 inventionibus
1201 1178 1256 1224 et
1295 1168 1766 1239 speculationibus
1826 1168 2152 1226 eﬂlorescat.

933 1277 1272 1335 ΕΡΩΤΗΣΙΣ
1302 1281 1423 1336 ΣΑ’.

2141 1271 2470 1345 ουΑιδΤιο
2495 1271 2604 1331 CCI
2634 1272 2822 1346 [CoisL
2845 1271 3106 1339 CCXXX,
3154 1271 3319 1329 Taur.
3349 1272 3606 1347 CCXXI].

390 1365 526 1434 Πῶς
587 1367 686 1423 δεῖ
727 1368 958 1440 κρίνειν
1022 1373 1098 1426 τὰ
1144 1373 1297 1428 κατὰ
1346 1375 1455 1429 τὸν
1514 1375 1664 1440 βίον
1715 1373 1974 1444 συμϐαί-

1066 1459 1254 1490 νοντα
1279 1460 1298 1490 _'

2098 1369 2356 1441 Iuomodo
2411 1366 2778 1439 iudicandum
2828 1366 2894 1419 de
2947 1367 3015 1420 iis
3071 1381 3190 1437 qute
3247 1366 3324 1436 ιἱιι
3388 1367 3488 1421 hac
3561 1367 3674 1422 vita

2739 1435 3035 1490 accidunt?

1066 1459 1254 1498 νοντα
1277 1460 1298 1511 ς
2739 1459 3022 1493 αεσιιιιιηιι

763 1553 903 1604 Edita
923 1569 952 1604 ε
972 1553 1272 1606 Montacutio
1298 1562 1400 1619 (ep.
1424 1555 1486 1605 58
1507 1557 1567 1606 ad
1585 1555 1741 1606 Leon.
1767 1569 1818 1619 p.
1841 1555 1953 1615 tu,
1979 1553 2112 1617 115).
2133 1577 2198 1588 -
2214 1551 2293 1602 De
2317 1546 2657 1600 retributione
2683 1545 2926 1598 bonorum
2957 1552 3012 1598 et
3041 1547 3304 1598 malorum.

471 1659 772 1733 ’Υπέχουσί
802 1679 950 1728 τινες
976 1663 1087 1718 τῶν
1119 1665 1476 1736 ἀδικημάτων
1509 1667 1666 1731 δίκας
1691 1668 1750 1720 ἐν
1776 1666 1854 1739 τῷ
1881 1665 1979 1721 νῦν

2151 1660 2441 1731 ΙηῙυειὶῑίω
2475 1673 2670 1730 ρωηεε
2736 1658 2960 1729 quidam
3008 1657 3062 1712 in
3094 1657 3197 1714 hac
3224 1658 3338 1714 vita
3365 1657 3519 1714 dant.
3567 1656 3678 1713 Ha-

396 1753 497 1826 βίῳ
519 1771 533 1784 ·
561 1756 705 1826 ἐχεις
729 1759 1136 1828 ἐναργεστάτην
1175 1758 1454 1824 ἀπόδειξιν
1496 1759 1580 1812 ὃτι
1611 1757 1727 1811 ἐστι
1747 1757 1982 1830 Πρόνοια

393 1847 682 1916 ἐφεστῶοα
719 1848 816 1902 καὶ
845 1848 1209 1917 λογοθετοῦσα
1263 1850 1358 1902 κα)⁸
1402 1851 1745 1922 περιέπουσα
1789 1849 1861 1903 τὰ
1895 1851 1982 1903 ἐν-

393 1937 593 1992 ταῦθα.
624 1939 744 1992 Οὐκ
805 1938 1015 1993 ἔδωκαν
1067 1940 1256 1995 πολλοὶ
1295 1940 1454 2005 δίκας
1497 1941 1608 1996 τῶν
1652 1941 1984 2014 ἀδικώτερον

394 2029 873 2101 πολιτευσαμένων
893 2048 908 2063 ο
941 2031 1102 2085 τοῦτο
1131 2033 1336 2104 μείζων
1385 2033 1666 2100 ἀπόδειξις
1689 2073 1704 2098 ,
1733 2035 1816 2086 ὅτι
1846 2033 1985 2102 πρὸς

395 2122 593 2194 ἑτέραν
619 2122 738 2177 τινὰ
770 2124 1107 2196 πικροτέραν
1139 2125 1234 2178 καὶ⁵
1265 2125 1663 2198 χαλεπωτέραν
1682 2127 1986 2198 συνετηρή-

395 2213 572 2286 θησαν
627 2215 832 2287 κρίσιν.
867 2215 1220 2286 Εὐδαιμόνως
1264 2215 1498 2270 ἐϐίωσαν
1538 2217 1727 2271 πολλοὶ
1752 2217 1864 2270 τῶν
1892 2215 1985 2269 δι·-

395 2307 568 2362 καίων
588 2323 604 2338 ⁸
641 2309 800 2380 δέχου
825 2309 990 2363 πάλιν
1002 2309 1265 2383 προοίμια
1282 2309 1378 2363 καὶ
1406 2309 1651 2381 σύμϐολα
1673 2309 1776 2376 τῆς
1803 2310 1984 2363 ἐκεῖσε

399 2401 1024 2471 μισθαποδοσίας.Ἀλλά
1056 2403 1153 2455 καὶ
1189 2401 1376 2456 πολλοὶ
1411 2401 1636 2465 πολλαῖς
1680 2402 1985 2473 ἐνήθλησαν

394 2492 832 2563 ταλαιπωρίαιςο
864 2495 1026 2548 τοῦτο
1070 2495 1164 2548 καὶ
1199 2495 1327 2559 τοὺς
1367 2495 1488 2548 λίαν
1518 2494 1861 2566 ἐπιστομίζει
1893 2512 1986 2564 φι-

397 2585 698 2654 λονείκους,
730 2588 814 2641 ὅτι
840 2588 1059 2652 πάντως
1087 2588 1246 2653 ἄλλος
1277 2588 1426 2660 ἡμᾶς
1451 2585 1712 2657 ἀναμένει
1746 2585 1862 2656 βίος
1893 2586 1989 2638 καὶ

395 2682 682 2753 κριτήριον
715 2680 866 2748 ἄλλο,
897 2683 956 2735 ἐν
979 2674 1024 2750 ᾧ
1053 2681 1162 2735 τῶν
1195 2682 1317 2736 κατ’
1347 2679 1507 2748 ἀξίαν
1529 2679 1763 2743 ἕκαστος
1792 2677 1990 2748 βεϐιω-

399 2772 580 2843 μένων
612 2772 958 2845 ἀπολήψεται
984 2774 1086 2845 τὴν
1116 2771 1493 2844 ἀντιμισθίαν.

946 2969 1287 3022 ΕΡΩΤΗΣῙΣ
1323 2969 1440 3026 ΣΒ’.

397 3055 533 3124 Πῶς
554 3059 610 3113 οἱ
630 3059 965 3115 ἀπόστολοι
997 3061 1222 3149 ἰδιῶται
1256 3063 1428 3129 ὄντες
1438 3064 1717 3133 ῥητόρων
1743 3063 1994 3119 πάντων

948 3148 1405 3202 κατεκριιτησαν
1427 3149 1446 3198 ;

2090 1755 2185 1811 bes
2201 1752 2637 1809 efﬁcacissimam
2655 1750 3180 1806 demonstrationem
3213 1751 3355 1806 hanc
3387 1749 3680 1820 providen.

2089 1850 2220 1904 tiam
2255 1845 2641 1918 praesidentem
2670 1843 2856 1909 rebus,
2889 1843 3134 1897 rationes
3156 1843 3460 1909 ineuntem,
3485 1843 3678 1899 sedulo

2088 1949 2371 1998 curantem
2397 1954 2523 2008 qua:
2551 1937 2641 1992 hic
2677 1945 2938 2008 aguntur.
2984 1936 3085 1992 Ast
3129 1936 3286 1990 multi
3335 1951 3528 2006 pmnas
3569 1952 3679 1992 non

2088 2033 2308 2098 dedere,
2343 2029 2436 2101 qui
2465 2030 2642 2102 magis
2671 2028 2941 2098 injuriose
2967 2028 3276 2084 convcrsati
3309 2037 3457 2084 sunt.
3501 2028 3680 2083 Etiam

2089 2104 2195 2178 hoc
2238 2122 2416 2192 major
2454 2129 2540 2176 est
2577 2119 3014 2184 demonStratio,
3070 2135 3267 2190 nempe
3320 2119 3510 2190 reponi
3559 2120 3682 2176 illos

2088 2215 2456 2274 reservaudos
2484 2213 2696 2285 judicio
2736 2212 3008 2269 acerbiori
3052 2211 3269 2268 cuidam
3311 2222 3365 2267 ct
3417 2214 3680 2283 graviori.

2087 2305 2356 2377 Prospere
2405 2306 2662 2361 vixerunt
2720 2306 3017 2376 proborum
3073 2305 3248 2360 multi.
3303 2304 3444 2360 Hinc
3502 2304 3684 2375 arripe

2091 2399 2286 2455 iterum
2311 2398 2535 2469 praemia
2564 2407 2618 2452 et
2643 2407 2882 2454 tesseras
2912 2396 3292 2452 retributionis
3323 2396 3434 2450 illic
3461 2395 3681 2452 futuras.

2089 2489 2245 2545 Multi
2295 2505 2420 2543 cum
2461 2487 2650 2543 multis
2690 2487 2933 2544 miseriis
2981 2488 3265 2544 conuelati
3299 2496 3447 2543 sunt.
3482 2485 3547 2543 Et
3579 2487 3686 2543 hoc

2090 2579 2180 2635 vel
2220 2577 2634 2634 obluctantibus
2681 2575 2955 2646 imprimis
3002 2592 3066 2632 os
3111 2577 3352 2640 obturat,
3393 2585 3448 2631 et
3482 2574 3686 2630 conﬁr—

2091 2675 2226 2733 mat,
2260 2666 2424 2720 aliam
2469 2680 2571 2720 nos
2608 2673 2931 2734 exspectare
2983 2664 3150 2718 \itam
3173 2705 3188 2728 ,
3223 2664 3460 2719 tribunal
3510 2663 3684 2726 aliud,

2092 2757 2159 2812 ad
2211 2754 2359 2827 quod
2400 2753 2638 2824 quisque
2690 2765 3012 2825 recepturus
3041 2761 3126 2808 est
3181 2753 3493 2809 mercedem
3524 2753 3690 2809 retri-

2093 2845 2282 2901 butam
2309 2846 2464 2916 juxta
2495 2860 2619 2915 quae
2644 2843 2700 2898 in
2725 2843 2831 2898 hac
2857 2844 2968 2898 vita
2999 2843 3188 2914 gessit.

2096 2960 2428 3031 QUAESTIO
2456 2959 2591 3017 CCII
2654 2957 2844 3033 [CaisL
2876 2953 3160 3022 CCXXXI,
3209 2956 3370 3013 Taur.
3401 2955 3686 3029 CCXXII].

2161 3055 2437 3123 Quomodo
2485 3053 2736 3124 apostoli,
2787 3069 2905 3105 cum
2935 3051 3119 3106 idiota
3167 3063 3362 3124 essent,
3400 3053 3635 3109 rhetores

2601 3139 2778 3177 armies
2833 3123 3196 3192 superarunt?

1290 3283 1435 3335 Edita
1453 3297 1481 3335 a
1505 3286 1805 3336 Montacntio
1825 3285 1932 3348 (ep.
1951 3283 2004 3333 6i
2019 3319 2033 3345 ,
2054 3281 2114 3332 ad
2137 3279 2320 3342 Georg.
2340 3275 2489 3336 diac.,
2514 3289 2564 3338 p.
2588 3276 2722 3339 114).

473 3363 539 3419 Ei
572 3364 698 3431 νοῦς
725 3366 824 3436 μὲν
844 3364 1214 3439 γραμμάτων,
1247 3368 1340 3423 νοῦ
1357 3369 1415 3423 δὲ
1436 3372 1471 3442 ἠ
1491 3370 1614 3426 θεία
1633 3371 1794 3442 χάρις
1815 3372 1990 3439 ἀσυγ-

401 3459 576 3531 κρίτῳ
637 3459 823 3530 μέτρῳ
881 3460 1220 3528 πλεονεκτεῖ,
1284 3464 1449 3533 μηδὲν
1502 3463 1826 3536 θαυμάζῃς,
1858 3465 1909 3517 εἰ
1944 3465 1995 3518 οἱ

403 3551 718 3617 ἀπόστολοι,
767 3551 830 3605 τὸ
874 3551 1036 3606 πλέον
1088 3553 1185 3606 καὶ
1240 3555 1501 3624 μέγιστον
1553 3555 1850 3624 λαϐόντες,
1881 3556 1994 3610 τῶν

403 3640 500 3694 ἐπὶ
523 3640 602 3713 τῷ
618 3641 885 3714 ἐλαχίστῳ
908 3645 1052 3715 μέγα
1081 3646 1494 3717 φρονησάντων,
1522 3648 1792 3718 ῥητόρων,
1819 3646 1986 3714 λέγω,

405 3733 502 3788 καὶ
538 3733 866 3806 φιλοσόφων,
899 3736 1044 3791 κατά
1067 3738 1270 3809 κράτος
1301 3739 1706 3808 περιεγένοντο.

965 3935 1296 3990 ΕΡΩἸἨΣΙΣ
1324 3938 1441 3993 EI".

408 4027 513 4082 Διὰ
538 4027 599 4080 τί
626 4025 868 4094 Παῦλος
883 4027 1223 4094 Ἀθηναίοις
1246 4027 1695 4097 διαλεγόμενος.
1725 4029 1846 4082 ἀπὸ
1868 4028 1991 4082 τῶν

537 4097 704 4153 ἰδίων
763 4097 1121 4168 ποαμμὰτων
1168 4096 1376 4164 αὐτοῖς
1434 4096 1828 4166 διαλέγετιιυ

2164 3365 2223 3420 Si
2262 3379 2420 3419 mens
2453 3363 2596 3417 ultra
2634 3362 2866 3425 litteras,
2903 3363 3046 3415 ultra
3077 3370 3315 3415 mentem
3348 3374 3478 3413 vero
3502 3359 3688 3415 divina

2091 3457 2288 3528 gratia,
2325 3471 2454 3511 cum
2498 3469 2760 3510 mensura
2811 3453 3232 3524 incomparabili
3268 3453 3548 3519 abundet;
3579 3454 3690 3507 noli

2094 3549 2300 3613 mirari,
2346 3547 2394 3603 si
2443 3546 2665 3617 quidem
2719 3545 2989 3616 apostoli,
3051 3545 3146 3615 qui
3194 3545 3570 3615 plenissimam
3633 3555 3692 3600 et

2091 3641 2388 3695 maximam
2437 3654 2754 3695 mensuram
2806 3648 3158 3708 aeceperunt,
3212 3639 3334 3695 illos
3366 3637 3689 3708 longissime

2093 3732 2498 3802 superaverint,
2529 3731 2624 3802 qui
2646 3732 2714 3787 de
2746 3731 2977 3786 minimo
3003 3745 3232 3800 magnos
3267 3739 3495 3785 sumunt
3521 3729 3687 3801 spiri-

2103 3836 2191 3882 tus
2210 3865 2227 3890 ,
2263 3826 2516 3880 rhetoras
2545 3840 2648 3896 ego
2687 3825 2928 3896 intelligo
2950 3835 3004 3879 et
3034 3824 3414 3894 pbi|050pbos.

2105 3937 2433 4005 ρυΑΞδΤΙΟ
2471 3935 2629 3992 CCIII
2665 3937 2853 4009 [CoisL
2874 3933 3182 3999 CCXXXII,
3205 3933 3691 4006 Tuur.CCXX||I].

2102 4030 2213 4085 Cur
2242 4029 2448 4084 Paulus
2478 4029 2548 4082 ad
2574 4030 2917 4084 Athenienses
2965 4029 3122 4082 verba
3153 4029 3353 4097 faciens
3379 4046 3413 4080 a
3458 4029 3694 4098 propriis

2261 4116 2441 4152 eorum
2469 4101 2898 4169 inscriptionibus
2918 4110 3232 4169 argumenta
3255 4101 3486 4153 desumit
3505 4100 3531 4152 2’

1340 4210 1485 4261 Edita
1504 4224 1532 4258 a
1551 4210 1848 4259 Montaculio
1875 4213 1978 4273 (ep.
2000 4209 2064 4257 6'2
2083 4210 2144 4258 ad
2163 4212 2306 4259 Joan.
2336 4207 2520 4258 Philos.
2547 4223 2594 4270 p.
2623 4207 2754 4270 ιιι).

487 4322 628 4386 Τοὺς
663 4322 762 4394 μὲν
795 4322 991 4387 ἄλλους
1030 4323 1180 4388 εἰκός
1213 4323 1363 4376 ἐστιν
1401 4323 1669 4394 ἀπορεῖν,
1705 4323 1759 4376 τί
1791 4322 1994 4394 δήποτε

2177 4319 2482 4378 Verisimile
2507 4329 2592 4376 est
2621 4319 2760 4375 alios
2793 4317 3139 4382 addubitare,
3169 4333 3334 4388 quam
3371 4318 3443 4374 ob
3465 4333 3694 4375 causam

409 4416 441 4468 ὸ
469 4413 758 4478 Θεσπέσιος
805 4413 1037 4480 Παῦλος,
1071 4417 1100 4469 ό
1143 4415 1572 4484 πνευματικοῖς
1619 4415 1998 4478 πνευματικά

414 4508 731 4579 συγκρίνειν
757 4507 1024 4562 διδάσκων
1048 4525 1062 4538 ·
1089 4510 1119 4562 ό
1139 4509 1232 4562 καὶ
1256 4509 1358 4562 αὐτ
1368 4509 1427 4581 ὴν
1451 4511 1552 4578 τὴν
1574 4509 1878 4580 Μωσαῖκὴν
1909 4527 2001 4578 φι-

411 4601 690 4672 λοσοφίαν,
724 4601 864 4672 πρὸς
886 4603 986 4672 τὴν
1004 4601 1385 4673 ὑπερέχουσαν
1413 4602 1507 4656 τοῦ
1529 4601 1770 4674 Χριστοῦ
1803 4604 1999 4672 σοφίαν

413 4693 662 4748 σκύϐαλα
695 4692 1021 4763 ἡγούμενος,
1050 4693 1105 4747 τί
1133 4694 1327 4766 δήποτ’
1349 4693 1442 4748 οῦν
1476 4697 1506 4748 ό
1529 4694 1757 4749 τοιαῦτα
1786 4696 1881 4749 καὶ
1907 4697 1998 4750 λέ-

412 4800 528 4850 γων
573 4784 670 4838 καὶ
721 4783 1015 4850 διδάσκων,
1051 4782 1162 4838 ἀπὸ
1222 4784 1334 4839 τῶν
1387 4784 1833 4857 ἐπιγραμμάτων
1883 4787 1998 4849 τοῖς

413 4878 758 4950 Ἀθηναίοις,
799 4876 835 4931 ἃ
866 4876 946 4948 τῷ
980 4875 1114 4948 παρ’
1137 4877 1327 4940 αὐτοῖς
1378 4876 1768 4948 ἐπεγέγραπτο
1805 4876 2000 4949 βωμῷ,

415 4973 710 5042 διελέγετο·
738 4969 960 5035 ἀνάξιον
976 4972 1088 5040 γὰρ
1110 4969 1211 5040 τῆς
1228 4971 1287 5022 ἐν
1307 4969 1504 5039 Παύλῳ
1521 4968 1670 5032 Θείας
1691 4969 2003 5036 ἐπιπνοίας,

413 5064 480 5120 ἐκ
509 5065 695 5135 μύθων
736 5065 1059 5134 συγκροτεῖν
1088 5063 1191 5134 τὴν
1227 5063 1516 5133 ἀλήθειαν.
1562 5061 1724 5117 ’Λλλά
1747 5063 1875 5127 τοὺς
1907 5064 2006 5134 μὲν

415 5155 610 5222 ἄλλους
641 5156 804 5210 τοῦτο
832 5154 1231 5226 διαποροῦντας
1250 5155 1310 5208 οὐ
1330 5155 1454 5209 λιαν
1486 5155 1618 5219 ἴσως
1659 5154 1728 5208 ἂν
1761 5155 2004 5224 μεμφοί-

420 5264 549 5319 μην·
584 5248 644 5302 σὲ
671 5249 732 5303 δὲ
765 5251 832 5303 ἐκ
855 5248 1068 5320 μυρίων
1099 5247 1332 5319 γραφῶν
1352 5265 1412 5302 τε
1431 5249 1526 5302 καὶ
1555 5249 1835 5320 λογισμῶν
1870 5249 2012 5320 ἔχων

415 5340 610 5394 εύθύνε
620 5357 686 5409 ιν,
717 5341 811 5395 τὸν
838 5341 1106 5414 διάπυρον
1128 5342 1227 5413 τῆς
1246 5341 1598 5412 διαλεκτικῆς
1621 5342 1884 5413 ἐραστὴν,
1913 5342 2012 5412 μά-

415 5430 576 5486 λιστα
602 5433 669 5486 ἂν
695 5431 756 5498 ἐξ
788 5433 907 5498 ἐνὸς
932 5435 1042 5488 τῶν
1075 5433 1185 5489 σῶν
1203 5434 1524 5490 δικαιότατα
1548 5436 1616 5491 ἂν
1654 5436 2002 5508 μεμψοίμην,

413 5522 494 5588 ὡς
531 5523 756 5579 κάκεῖνο
783 5524 1214 5596 ἐπιλελησμένον
1265 5525 1538 5597 δήπουθεν
1579 5526 1642 5581 τὸ
1692 5527 2006 5598 σοφώτατον

415 5614 590 5685 αὐτῆς
619 5615 714 5669 καὶ
737 5616 1156 5688 χρησιμώτατον
1186 5617 1539 5688 νομοθέτημα
1561 5633 1575 5648 ο
1601 5618 1664 5672 τὸ
1691 5621 1846 5672 ποῖον
1871 5637 1886 5688 ;
1919 5621 2006 5690 ἐφ’

414 5698 494 5762 ὦν
526 5708 561 5778 ἡ
585 5708 696 5762 τῶν
727 5707 1016 5780 ἀκροατῶν
1067 5709 1345 5779 αἴσθησις,
1397 5710 1457 5776 ἐξ
1496 5710 1719 5764 οἰκείων
1750 5713 1844 5766 καὶ
1869 5712 2008 5783 ἀλη-

417 5797 530 5852 θῶν
578 5799 1034 5872 ἐπιδεικνυμένην
1079 5800 1142 5854 οὗ
1188 5799 1550 5872 προσδέχεται
1591 5802 1688 5872 τὴν
1723 5801 2006 5875 ἀλήθειαν,

415 5890 532 5946 ἀλλ’
562 5890 975 5965 ἀποτυφλώττει
1027 5893 1165 5965 πρὸς
1200 5892 1302 5964 τὴν
1334 5893 1529 5969 αἴγλην
1569 5895 1761 5966 αὐτῆς,
1811 5896 1908 5953 καὶ
1939 5898 2000 5951 τὸ

2107 4412 2328 4466 divinus
2354 4410 2559 4467 Paulus
2613 4411 2709 4482 qui
2777 4409 3090 4480 spiritualia
3117 4411 3494 4480 spiritualibus
3547 4411 3694 4482 judi-

2109 4518 2238 4559 care
2267 4502 2546 4575 praecepit,
2574 4502 2666 4573 qui
2693 4511 2744 4558 et
2762 4500 3058 4558 Mosaicam
3093 4505 3236 4558 illam
3260 4505 3692 4574 pbilosoithiam,

2106 4608 2363 4668 respectu
2391 4596 2710 4653 excellentis
2738 4596 2944 4652 Christi
2972 4598 3278 4667 sapientiae,
3305 4599 3695 4669 rejectsmeuta

2109 4690 2461 4760 opinabatur,
2498 4705 2766 4760 quorsum
2807 4690 3079 4761 (inquam)
3113 4691 3181 4752 is,
3214 4691 3310 4760 qui
3346 4689 3448 4746 ista
3478 4700 3533 4746 ct
3559 4690 3699 4745 dixit

2109 4792 2164 4836 et
2212 4781 2422 4845 docuit,
2478 4797 2606 4836 cum
2659 4783 2803 4853 apud
2863 4784 3227 4838 Athenienses
3268 4783 3596 4846 dissereret,
3629 4785 3699 4837 ab

2103 4873 2482 4944 inscriptione,
2547 4890 2672 4944 quae
2733 4875 2892 4929 altari
2953 4876 3095 4946 apud
3155 4877 3305 4945 ipsos
3353 4877 3693 4946 adigebatur,

2104 4975 2488 5037 argumentum
2529 4969 2846 5033 sumpserit.
2901 4966 3191 5039 Indignum
3227 4967 3376 5022 enim
3402 4969 3574 5022 videri
3610 4969 3698 5022 di-

2101 5057 2231 5110 vina
2280 5045 2370 5111 i'ila
2424 5056 2480 5110 iu
2509 5056 2678 5112 Paulo
2740 5059 3096 5128 aspiratione,
3152 5075 3185 5114 a
3227 5058 3430 5115 fabulis
3476 5061 3697 5114 veritati

2105 5164 2396 5205 assensum
2426 5167 2694 5221 quaerere.
2757 5150 3149 5207 Verumtamen
3185 5153 3345 5217 alios,
3371 5153 3463 5224 qui
3498 5154 3566 5208 de
3593 5153 3699 5208 hoc

2105 5242 2450 5307 addubitant,
2482 5259 2591 5298 non
2621 5259 2722 5314 ego
2753 5247 2984 5299 multum
3022 5245 3366 5301 incusavero.
3399 5245 3478 5302 'I‘e
3510 5255 3694 5302 autem

2103 5333 2386 5389 ardentem
2441 5333 2760 5391 dialeCtices
2815 5345 3144 5400 amatorem,
3207 5351 3335 5391 cum
3375 5351 3407 5392 e
3440 5335 3696 5407 plurimis

2108 5427 2334 5498 scriptis
2362 5437 2415 5482 et
2438 5428 2716 5483 rationum
2749 5431 3040 5486 momentis
3077 5430 3312 5502 dirigere
3334 5430 3568 5501 possim,
3588 5429 3696 5485 im-

2104 5519 2298 5589 primis
2351 5527 2530 5575 tamen
2579 5521 2650 5575 ab
2701 5537 2812 5576 uno
2863 5537 2930 5576 ex
2973 5522 3040 5578 iis
3069 5537 3194 5592 quae
3229 5532 3383 5580 tenes
3411 5523 3549 5594 ipse,
3588 5536 3697 5578 nec

2105 5627 2242 5668 sme
2291 5612 2481 5667 intimo
2531 5613 2953 5682 reprehendam,
2997 5615 3093 5686 qui
3123 5615 3332 5672 oblitus
3353 5615 3474 5686 ejus
3495 5613 3696 5682 fueris,

2108 5722 2235 5762 cum
2261 5717 2315 5763 et
2335 5707 2805 5777 sapientissimum
2824 5710 3024 5765 scitum
3050 5711 3217 5767 fuerit
3232 5719 3288 5767 et
3311 5710 3696 5766 utilissimum.

2108 5800 2400 5867 Quodnam
2433 5802 2567 5858 illud
2598 5804 2818 5859 autem?
2874 5803 3144 5861 Nimirum
3190 5821 3316 5862 cum
3345 5804 3689 5861 audientium

2108 5909 2327 5966 ocitsus,
2363 5896 2650 5956 veritatem
2681 5913 2790 5956 non
2811 5898 3051 5957 admittit
3074 5898 3505 5957 demonstratam
3523 5912 3555 5955 e
3575 5899 3693 5956 suis
