4136 6458
478 365 582 427 947

1635 371 1899 431 PHOTII
1942 373 2445 437 PATRIARCHXE
2484 378 2592 437 CP.

3638 381 3743 445 948

477 473 733 543 propriis,
792 488 913 542 qua!
941 480 1090 541 sunt,
1120 484 1175 528 et
1214 473 1524 544 conjunctis
1549 489 1674 530 cum
1698 492 1758 530 re
1790 476 1930 546 ipsa,
1958 479 2052 533 sed

2159 480 2397 551 καθαρὸν
2430 481 2525 535 τοῦ
2557 482 2851 553 νοήματος,
2877 484 2968 538 ἐπὶ
3000 484 3208 539 τούτων
3237 486 3297 551 ἐξ
3320 480 3396 541 ὧν
3427 489 3739 558 πεφύκασιν

475 566 545 621 ad
574 568 693 634 ejus
724 565 1067 633 splendorem
1108 574 1161 619 et
1194 566 1485 635 puritatem
1539 567 1845 623 intellectus
1880 583 2053 624 occa:-

478 665 658 720 catur,
719 658 880 710 etiam
914 657 966 709 in
1000 657 1065 711 iis
1096 657 1162 711 ad
1193 673 1313 727 quae
1340 674 1447 711 non
1476 668 1604 713 sunt
1636 658 2057 728 impossibiliter

477 762 508 800 a
540 756 732 800 natura
761 747 1042 801 constituti
1084 766 1097 801 :
1155 765 1221 803 ex
1257 749 1323 803 iis
1383 765 1505 819 quae
1556 750 1742 804 haberi
1794 760 2050 819 possunt,

476 839 733 893 convenit
761 856 927 893 manu
964 840 1299 910 apprehensa
1330 840 1552 903 ducere,
1603 849 1658 895 et
1702 855 1797 908 per
1826 856 1889 894 ea
1919 856 2057 896 con-

476 933 701 988 stituere
721 936 1023 1000 veritatem,
1055 944 1108 989 et
1125 951 1218 1004 per
1240 936 1485 1005 ipsorum
1502 935 1882 1004 cogitationes,
1909 937 2053 992 veri-

476 1027 604 1082 tatis
642 1027 945 1082 claritatem
978 1028 1382 1083 subillustrare.

546 1160 876 1230 QUAESTIO
934 1162 1092 1220 ccw
1156 1162 1346 1235 [CoisL
1403 1161 1756 1229 ccxxxnt,
1819 1161 1988 1216 Taur.

1110 1250 1423 1323 ccxxnvi.

475 1344 585 1401 Cur
605 1347 883 1418 prophetia
919 1347 1154 1401 obscuris
1184 1344 1498 1415 imaginibus
1540 1343 1856 1399 obumbrata
1909 1346 2062 1415 fuit?

2159 572 2261 626 οὐκ
2292 572 2545 626 ἀδύνατοι
2574 590 2586 603 ’
2621 577 2685 628 ὲκ
2728 575 2935 630 τούτων
2985 577 3085 630 ὅσα
3141 578 3439 648 ἐνδέχεται,
3493 585 3741 654 προσῆκε

2158 670 2522 737 χειραγωγεῖν
2549 668 2642 722 καὶ
2662 670 3095 735 κατασκευάζειν
3123 673 3309 737 αὐτοῖς
3330 674 3430 743 τὴν
3455 675 3737 746 ἀλήθειαν,

2158 759 2253 810 καὶ
2281 760 2401 823 ταῖς
2434 759 2615 815 αὐτῶν
2639 761 2901 827 διανοίαις
2917 764 3253 833 ύπαυγάζειν
3280 766 3449 838 αὐτῆς
3472 768 3575 839 τὴν
3598 769 3741 841 λαμ-

2158 848 2426 922 πρότητα.

2702 1166 3039 1222 ΕΡΩΤΗΣΙΣ
3062 1168 3178 1225 ΣΔ⁹.

2146 1340 2265 1401 Διά
2293 1341 2349 1395 τί
2369 1341 2407 1409 ἡ
2436 1340 2768 1412 προφητεία
2807 1344 2935 1410 τοῖς
2967 1345 3102 1418 τῆς
3153 1346 3455 1418 ἀσαφείας
3500 1351 3742 1418 τρόποις

2710 1428 2945 1470 συνεσκ
2953 1416 3155 1470 facta:
3181 1435 3200 1482 ,-

974 1518 1115 1569 Edita
1139 1531 1167 1566 a
1198 1517 1496 1570 Montacutio
1519 1518 1621 1584 (ep.
1650 1518 1713 1568 65
1732 1518 1792 1568 ad
1811 1519 1953 1569 Joan.
1974 1519 2162 1569 Philos.
2185 1534 2233 1583 p.
2263 1521 2393 1583 115).
2433 1548 2480 1561 ρ
2502 1524 2578 1574 De
2604 1524 2904 1575 obscuritate
2930 1528 3231 1589 prophetiae.

544 1624 630 1679 Ad
684 1626 1163 1696 interrogationem
1214 1627 1363 1681 illam
1408 1637 1581 1692 tuam,
1635 1643 1899 1697 quorsum
1929 1642 2053 1697 pro-

2230 1630 2528 1703 Πυθομένῳ
2579 1650 2682 1697 σοι,
2724 1633 2779 1686 τί
2820 1632 3021 1704 δήποτε
3074 1635 3108 1706 ἡ
3154 1635 3464 1707 προφητεία
3498 1638 3613 1701 τοῖς
3640 1638 3741 1709 τῆς

476 1718 660 1787 phetia
691 1719 1040 1774 obscuritatis
1060 1720 1233 1789 tr0pis
1266 1720 1588 1774 obvclatur?
1618 1720 1806 1789 paucis
1827 1736 2054 1789 respon-

478 1812 580 1864 dco
607 1827 621 1864 :
652 1825 719 1865 eo
750 1811 894 1880 quod
921 1809 1156 1866 historia
1184 1826 1289 1865 non
1322 1820 1405 1867 est
1428 1811 1731 1881 prophetia.
1751 1812 2051 1867 Historiam

473 1910 645 1966 certe,
702 1901 748 1957 si
793 1917 913 1972 qua:
969 1902 1072 1957 alia
1113 1903 1312 1967 virtus,
1363 1906 1729 1969 commendat,
1767 1905 2055 1974 perspicue

475 1995 662 2048 omnia
688 1995 1000 2060 enuntiare,
1056 2011 1157 2051 nec
1211 1997 1507 2067 quidquam
1540 1997 1724 2052 aﬂ‘oris
1750 1998 2054 2067 cogitatum

478 2082 845 2139 introducere.
907 2084 1073 2139 Docet
1094 2087 1379 2157 cnimqua:
1414 2088 1467 2141 in
1504 2090 1683 2143 medio
1711 2090 1896 2160 populi
1935 2106 2055 2145 ver-

475 2184 694 2239 santur,
729 2191 959 2245 quaaque
985 2191 1177 2231 omnes
1205 2192 1271 2231 ex
1300 2194 1479 2248 aequo,
1520 2179 1699 2248 ignavi
1731 2189 1786 2236 et
1814 2181 2055 2253 impigri,

476 2268 573 2335 qui
601 2267 652 2318 in
686 2274 868 2321 rert‘nn
899 2277 1091 2321 natura
1132 2279 1442 2336 versantur,
1492 2271 1821 2341 intelligunt,
1865 2288 1964 2328 nec
1990 2274 2058 2328 ab

476 2372 667 2411 eorum
727 2358 1000 2412 intellectu
1052 2375 1198 2414 nunc
1241 2360 1406 2431 aliqui
1443 2362 1859 2418 submoventur.
1925 2364 2057 2418 νιος

475 2446 663 2517 plietia
701 2456 884 2503 autem
915 2460 1020 2514 est,
1076 2450 1235 2520 cujus
1277 2468 1413 2521 opus
1439 2470 1604 2524 quam
1647 2455 2057 2511 convenientis—

479 2539 620 2593 sime
651 2542 960 2611 peragitur,
1003 2544 1244 2614 indignis
1297 2546 1594 2601 revelando
1632 2563 1753 2616 qum
1785 2559 1918 2602 sunt
1957 2550 2059 2602 oh-

476 2646 666 2698 scura,
719 2633 966 2703 profanis
1015 2645 1195 2691 autem
1251 2636 1513 2708 impervia
1556 2648 1818 2708 prmstare
1845 2641 2059 2705 eadem,

478 2722 740 2792 quocirca
801 2724 1154 2782 adumbratas
1208 2744 1316 2794 res,
1340 2737 1395 2783 et
1412 2729 1752 2799 aanigtnatice
1779 2745 1872 2799 per
1906 2731 2062 2785 invo-

2158 1720 2426 1790 ἀσαφείας
2456 1724 2681 1794 τρόποις
2713 1727 3120 1788 συνεσκίασται,
3170 1727 3259 1781 διὰ
3296 1729 3547 1799 βραχέων
3578 1731 3740 1800 ἀμεί-

2157 1811 2323 1881 ϐομαι
2347 1828 2364 1845 ο
2398 1814 2543 1867 Διότι
2571 1815 2671 1868 ούκ
2704 1814 2851 1869 ἔστιν
2896 1818 3107 1888 ἱστορία
3153 1820 3185 1888 ἡ
3226 1821 3557 1891 προφητεία.
3588 1820 3742 1875 Ἱστο-

2161 1902 2283 1970 ρίας
2326 1904 2428 1974 μὲν
2484 1905 2627 1975 γὰρ,
2665 1906 2824 1977 εἴπερ
2848 1924 2902 1960 τι
2946 1907 3097 1974 ἄλλο,
3132 1909 3325 1980 ἀρετὴ,
3354 1911 3542 1981 σαφῶς
3570 1929 3629 1965 τε
3660 1914 3741 1966 «εἰ--

2157 1997 2301 2058 πεῖν,
2333 1996 2427 2049 καὶ
2462 1996 2627 2066 μηδὲν
2677 1998 3126 2070 περινενοημένον
3186 1999 3607 2071 ἐξεργάσασθαι.
3661 2003 3742 2055 Τά

2158 2086 2266 2155 γάρ
2306 2089 2363 2139 ὲν
2386 2086 2463 2157 τῷ
2489 2087 2640 2157 μέσῳ
2661 2089 3004 2159 γεγενημένα
3040 2090 3303 2151 διδάσκει.
3327 2094 3421 2146 καὶ
3451 2093 3691 2156 ἅπαντες
3711 2106 3740 2136 ι

2157 2175 2359 2245 ὁμοίως
2376 2178 2469 2231 καὶ
2486 2178 2764 2232 σπουδαῖοι
2786 2180 2880 2231 καὶ
2902 2178 3096 2249 φαῦλοι
3123 2183 3244 2235 κατ’
3265 2183 3440 2235 ἐκεῖνο
3462 2183 3692 2253 καιροὺς
3710 2182 3739 2223 1)

2159 2265 2486 2335 ἠπίσταντο,
2512 2268 2607 2320 καὶ
2630 2266 2728 2321 νῦν
2753 2266 2953 2325 εἰδέναι
2980 2272 3081 2325 οὐκ
3104 2272 3462 2342 ἀπείργονται
3480 2289 3497 2304 ο
3527 2290 3741 2346 προφη-

2158 2358 2281 2409 τεία
2309 2357 2386 2423 δὲ,
2415 2353 2485 2428 ἦς
2518 2358 2680 2431 ἔργον
2711 2362 2823 2423 τοῖς
2851 2360 3025 2427 ἀξίοις
3057 2362 3472 2417 ἀποκαλύπτειν
3505 2365 3577 2418 τά
3608 2365 3741 2433 ἄδη-

2160 2449 2247 2513 λα,
2274 2453 2385 2515 τοῖς
2414 2451 2471 2505 δὲ
2501 2451 2748 2523 βεϐήλοις
2770 2453 2946 2507 ἇὸατα
2989 2455 3189 2518 ποιεῖν,
3237 2454 3297 2508 τὸ
3337 2457 3737 2526 συνεσκιασμέ-

2161 2559 2251 2596 νον
2286 2544 2380 2597 καὶ
2409 2544 2825 2614 αἰνιγματῶδες,
2856 2546 2947 2598 καὶ
2978 2545 3039 2599 τὸ
3079 2545 3168 2598 διὰ
3214 2547 3737 2618 παραπετασμάτων

2162 2637 2652 2708 πρεπωδέστατον
2677 2635 2738 2702 ἐξ
2765 2631 2861 2703 ὧν,
2892 2636 3069 2709 οἶμαι,
3110 2639 3368 2693 λελῦσθαί
3417 2657 3511 2693 σου
3562 2640 3657 2693 καὶ
3683 2641 3747 2693 τὸ

2163 2727 2390 2797 ἄπορον,
2430 2728 2505 2791 ὡς
2556 2728 2621 2782 Εἰ
2652 2728 2727 2800 μὴ
2774 2728 2880 2781 ἔδει
2915 2730 3125 2798 μαθεῖν,
3156 2730 3264 2783 οὐδ’
3289 2730 3424 2793 ὅλως
3470 2730 3636 2800 ἐχρῆν
3666 2733 3745 2783 εἰ-

479 2816 636 2870 lucra
671 2818 941 2887 proponit.
996 2817 1135 2875 Hinc
1160 2821 1290 2875 mihi
1324 2822 1539 2876 videtur
1570 2833 1674 2876 tum
1708 2823 1889 2878 dubia:
1915 2839 2056 2893 qua:-

2168 2822 2324 2873 πεῖν’
2360 2821 2408 2873 εἰ
2445 2820 2489 2872 δ’
2513 2819 2709 2891 ἐκρίθη
2769 2822 2986 2890 μαθεῖν,
3033 2823 3134 2875 οὐκ
3188 2822 3416 2891 ἀσαφῶς
3456 2822 3600 2893 ἔχειν
3648 2825 3747 2893 τὴν

479 2907 648 2962 stioni
678 2909 1053 2979 satisfactum,
1106 2913 1387 2981 nimirum,
1438 2912 1494 2967 Si
1554 2914 1907 2983 intelligenda
1955 2930 2056 2967 non

2170 2911 2526 2981 προφητείαν,
2549 2911 2642 2964 καὶ
2670 2912 2863 2974 ὲνίσως
2892 2923 2915 2952 ε
2943 2913 3147 2984 σχεδὸν,
3177 2914 3270 2967 τοῦ
3295 2915 3430 2985 μηδὲ
3463 2915 3740 2985 εἰρῆσθαι,

479 3008 658 3068 erant,
714 3001 859 3056 haud
898 3001 1117 3058 fuerant
1147 3019 1403 3059 sermone
1434 3005 1771 3061 enuntianda
1800 3023 1813 3059 :
1851 3006 1935 3060 sin
1967 3005 2056 3059 ad-

2165 2974 2352 3074 éx'pﬁ'v.
2415 2974 2653 3075 Διῃτήθη
2685 3004 2794 3076 γὰρ
2825 3006 2888 3058 ἐκ
2921 2974 3030 3059 τῶν
3060 2974 3387 3077 εἰρημένωύ,
3422 2974 3622 3059 (“Secxa-ti.
3646 2974 3751 3077 pa;

482 3091 743 3148 discenda
765 3104 942 3161 erant,
979 3110 1088 3150 non
1121 3097 1365 3166 oportuit
1402 3097 1742 3168 prophetiam
1768 3098 2056 3152 obscuram

2164 3092 2275 3145 θεῖν
2307 3093 2585 3163 προσῆκον
2631 3090 2730 3163 ἦν,
2765 3094 2857 3146 καὶ
2903 3095 3200 3164 ἀναγκαῖον
3243 3095 3318 3167 μὴ
3363 3095 3607 3175 βεδήλως
3653 3095 3750 3149 καὶ

478 3199 627 3250 esse,
654 3194 749 3241 aut
780 3202 935 3258 aeque
959 3203 1083 3245 esse
1110 3204 1175 3244 ac
1205 3190 1249 3243 si
1278 3190 1422 3245 edita
1453 3205 1560 3244 non
1586 3189 1801 3245 fuisset.
1837 3189 1969 3243 Nam
1997 3204 2056 3244 ex

2161 3184 2358 3246 κοινῶς
2392 3184 2568 3236 εἰπεῖν
2593 3199 2609 3215 ο
2643 3185 2781 3238 ἀλλὰ
2812 3187 2925 3249 τοῖς
2945 3185 3046 3256 μὲν
3079 3186 3313 3257 μύσταις
3349 3186 3605 3258 εἰρῆσθαι
3643 3203 3743 3240 σα-

481 3285 609 3332 ante
662 3277 823 3334 dictis
889 3289 1155 3335 statutum
1216 3290 1321 3346 est,
1386 3282 1721 3337 conveniens
1775 3281 1946 3338 fuisse
2004 3290 2056 3336 ut

2160 3277 2260 3347 φῆ.
2290 3276 2460 3330 ἄδυτα
2505 3275 2564 3329 δὲ
2594 3279 2706 3341 τοῖς
2739 3277 3006 3348 ἀμυήτοις
3044 3278 3440 3351 διατηρηθῆναι
3462 3318 3479 3343 ,
3530 3279 3625 3333 καὶ
3650 3278 3753 3333 οὐκ

480 3366 807 3439 disceretur,
841 3381 894 3426 et
920 3372 1293 3429 necessarium
1324 3374 1632 3443 utprofano
1663 3382 1759 3429 aut
1779 3373 2061 3429 connnuni
2162 3370 2387 3438 ὲφικτά.

483 3477 638 3516 more
666 3480 775 3518 non
806 3464 1189 3520 enuntiaretur
1222 3481 1238 3520 :
1266 3466 1359 3521 sed
1374 3466 1567 3536 mystis
1597 3465 1744 3521 clare
1771 3474 1831 3520 ut
1852 3466 2070 3531 edatur,
2106 3464 2322 3519 occulta
2375 3472 2559 3517 autem
2602 3469 2658 3517 et
2705 3461 2932 3517 minime
2967 3462 3153 3533 pervia
3209 3462 3456 3519 nondum
3518 3461 3754 3518 initiatis

481 3564 858 3611 conservetur.

482 3665 814 3732 QUIESTIO
844 3666 978 3724 CCV
1011 3667 1197 3742 [CoisL
1216 3667 1549 3736 CCXXXIV,
1588 3668 1755 3725 Taur.
1783 3666 2065 3741 CCXXV].

485 3757 565 3812 De
593 3759 950 3830 e/iiguratione
976 3770 1026 3815 et
1066 3762 1369 3817 charactere
1407 3762 1705 3832 imaginum
1734 3770 2062 3816 sanctarum.

2740 3656 3074 3711 ΕΡΩΤΗΣΙΣ
3116 3657 3235 3714 ΣΕ’.

2173 3750 2316 3822 Περί
2354 3748 2818 3820 διαμορφώσεως
2865 3748 2999 3874 rapid
3018 3748 3400 3820 χαρακτῆρος
3427 3750 3546 3808 τῶν
3571 3751 3758 3825 ἁγίων

2871 3838 2901 3873 ε
2928 3838 2961 3874 κ
3000 3838 3141 3874 νων.

2871 3838 3141 3875 amamur.

700 3935 843 3986 Edita
862 3950 888 3986 a
916 3934 1213 3985 Montacutio
1239 3935 1344 3998 (ep.
1376 3933 1438 3984 64
1459 3935 1520 3985 ad
1540 3933 1730 3983 Theod.
1751 3934 1955 3998 hegum.
1982 3949 2034 3998 p.
2061 3934 2195 4000 115).
2216 3960 2279 3972 -
2299 3935 2374 3985 De
2394 3934 2548 3982 forma
2572 3938 2625 3983 et
2643 3933 2933 3982 charactere
2956 3938 3237 3983 sanctarum
3255 3936 3541 3998 imaginum.

560 4044 925 4102 Sciscitantur
971 4042 1198 4114 (inquis)
1235 4042 1327 4113 qui
1370 4042 1511 4097 inter
1543 4043 1938 4099 lconomachos
1966 4059 2056 4099 au-

2241 4040 2643 4113 Προτείνουσιν,
2672 4039 2829 4111 ἔφης,
2847 4038 2956 4093 τῶν
2982 4041 3373 4112 Εἰκονομάχων
3403 4044 3518 4097 ὅσοι
3546 4044 3756 4116 θρασύ-

487 4140 738 4196 daciores
769 4147 897 4194 sunt
936 4146 990 4192 et
1029 4135 1375 4201 tnaleferiati,
1428 4136 1635 4206 quique
1687 4135 2056 4191 curiositatem

2170 4153 2319 4207 τεροι
2348 4135 2443 4189 καὶ
2469 4132 2816 4202 κακόσχολοι,
2846 4133 2943 4185 καὶ
2973 4131 3136 4200 σοφὸν
3160 4132 3423 4202 ἡγοῦνται
3443 4134 3504 4187 τὸ
3528 4136 3759 4207 περίερ-

490 4232 812 4302 sapientiam
844 4230 1183 4285 arbitrantur
1208 4242 1352 4293 esse,
1403 4244 1655 4298 quamam
1688 4230 1761 4284 sit
1801 4243 2056 4298 germana

2167 4244 2286 4296 γον,
2318 4225 2449 4279 ποία
2475 4224 2585 4277 τῶν
2618 4223 2845 4278 εἰκόνων
2886 4221 3124 4294 Χριστοῦ
3170 4223 3376 4295 ἀληθὴς
3399 4263 3416 4288 ,
3451 4227 3679 4294 πότερον
3722 4228 3758 4297 ἠ

488 4326 697 4381 Christi
721 4324 943 4396 eiligies,
980 4331 1163 4378 utrttm
1196 4322 1284 4377 illa
1311 4338 1476 4393 quam
1506 4323 1784 4379 delineant
1813 4320 2056 4385 Romani1

2173 4318 2325 4390 παρὰ
2362 4317 2655 4388 Ῥωμαίοις
2679 4315 2756 4385 ,ἢ
2806 4314 2988 4385 ἤνπερ
3051 4315 3208 4368 Ἰνδοὶ
3267 4317 3607 4387 γράφουσιν,
3639 4318 3673 4389 ἢ
3724 4320 3759 4389 ἡ

490 4432 562 4471 an
597 4431 762 4487 quam
791 4414 925 4480 indi,
966 4430 1036 4469 an
1066 4429 1229 4485 quam
1262 4414 1460 4477 Graeci,
1529 4429 1598 4468 an
1632 4429 1797 4484 quam
1829 4411 2056 4483 Egyptij

2173 4411 2305 4483 παρ’
2338 4409 2597 4480 Ἕλλησιν
2623 4449 2637 4473 ,
2671 4407 2706 4479 ἢ
2731 4409 2764 4477 ἡ
2787 4407 2917 4478 παρ’
2937 4406 3280 4476 Αἰγυπτίοις,
3321 4410 3421 4479 οὐχ
3453 4410 3636 4480 ὅμοιαι
3664 4411 3763 4465 άλ-

494 4515 908 4577 reprzescntant,
954 4521 1079 4561 cum
1127 4506 1269 4562 inter
1296 4521 1356 4562 se
1405 4506 1769 4562 similitudine
1796 4521 1909 4560 non
1937 4520 2056 4559 con-

2172 4503 2362 4575 λήλαις
2394 4502 2579 4567 αὐταὶ,
2612 4500 2707 4554 καὶ
2734 4498 2923 4553 ὁποίαν
2945 4499 3010 4554 ἄν
3035 4516 3121 4563 τις
3148 4498 3323 4553 αὐτῶν
3346 4500 3524 4571 ἀληθῆ
3545 4501 3759 4573 φήσειε,

494 4598 753 4655 sentiant.
784 4597 1181 4669 Quamcunque
1218 4600 1445 4655 istarum
1467 4601 1762 4669 genuinam
1790 4612 1913 4653 esse
1946 4596 2056 4667 quis

2174 4594 2414 4665 δηλονότι
2462 4590 2891 4663 παραγράφεται
2943 4589 3046 4654 τὰς
3095 4587 3291 4652 λοιπάς
3318 4606 3331 4621 ·
3362 4590 3500 4643 ἀλλὰ
3555 4591 3763 4662 ταύτην

496 4690 719 4757 dixerit,
742 4690 965 4744 omnino
994 4688 1083 4745 ille
1125 4690 1382 4760 reprobat
1406 4704 1601 4744 omnes
1644 4688 1906 4758 reliquas.
1969 4686 2056 4742 Set

2177 4689 2360 4744 αὐτῶν
2406 4687 2507 4759 τὴν
2558 4685 2815 4756 ἀπορίαν,
2850 4683 3050 4755 μᾶλλον
3083 4682 3142 4736 δὲ
3192 4682 3295 4754 τὴν
3345 4681 3766 4753 κακομηχανίαν

496 4781 907 4852 hancipsorum
948 4781 1335 4851 objectionem,
1396 4790 1491 4836 aut
1531 4780 1862 4835 malitiosam
1896 4778 2056 4849 potin:

2181 4773 2247 4851 (ὦ
2276 4778 2440 4833 καλὸν
2478 4775 2794 4847 ὁρθοδοξίας
2850 4774 3073 4845 ἄγαλμα
3134 4772 3222 4843 σὺ)
3275 4772 3566 4843 πολλαχῶς
3613 4772 3766 4825 ἐστιν

498 4873 960 4928 machinationem
992 4872 1046 4943 (ο
1073 4881 1130 4927 ιιι
1168 4873 1427 4943 praeclara
1454 4872 1795 4927 orthodoxire
1820 4871 2002 4940 imago
2024 4885 2055 4925 e

2180 4868 2567 4942 ἐπιρραπίσαι,
2603 4866 2696 4919 καὶ
2730 4864 2932 4935 πολλῆς
2971 4862 3251 4933 γέμουσαν
3322 4863 3626 4934 παρανοίας
3670 4862 3767 4915 καὶ

505 4965 957 5034 repraesentatio),
989 4964 1175 5019 multis
1201 4963 1380 5017 modis
1413 4964 1643 5032 colapho
1674 4960 1879 5015 inflicto
1896 4959 2056 5029 repel

2178 4959 2496 5022 δυσσεϐείας
2521 4956 2840 5025 άπελέγξαι.
2867 4957 2976 5010 Καὶ
3004 4954 3221 5026 πρῶτον
3246 4953 3395 5007 ἔστιν
3414 4955 3590 5007 εἰπεῖν
3628 4952 3765 5025 πρὸς

507 5052 620 5107 lere
642 5069 959 5123 possumus,
987 5052 1347 5123 etmultiplici
1388 5054 1643 5108 refertam
1678 5066 1805 5105 cum
1844 5049 2056 5106 stultiti.‘

2192 5054 2415 5116 αὐτοὺς,
2442 5054 2525 5106 ὅτι
2570 5050 2742 5115 Τέως,
2771 5049 2830 5114 ἐξ
2852 5041 2927 5102 ὧν
2967 5048 3168 5117 ἔγνωτε
3191 5051 3258 5120 τῇ
3291 5046 3639 5118 είκονουργίᾳ
3667 5046 3767 5116 μά-

505 5153 621 5200 tum
654 5147 929 5217 impietate
956 5148 1301 5203 convincere.
1348 5145 1415 5201 Et
1440 5144 1707 5216 imprimis
1736 5144 1804 5198 ad
1849 5158 1943 5200 eos
1975 5142 2056 5197 hor

2188 5146 2406 5217 χεσθαι,
2433 5146 2528 5199 καὶ
2560 5142 2787 5207 ἄκοντες
2810 5142 2980 5211 αὐτῆς
2999 5139 3388 5213 πανταχοῦτῆς
3416 5138 3765 5208 οἰκουμένης,

502 5234 790 5289 dicendum
845 5243 968 5291 est:
1035 5233 1114 5290 Ex
1139 5236 1229 5290 illo
1275 5236 1394 5305 ipso
1424 5234 1569 5289 unde
1604 5232 1803 5289 bellum
1845 5232 2056 5287 indicerl

2186 5238 2316 5292 ἔνθα
2370 5238 2431 5290 τὸ
2458 5234 2801 5307 Χριστιανῶν
2851 5233 3009 5302 γένος
3044 5234 3146 5302 τὴν
3191 5231 3428 5301 ὓπαρξιν
3468 5231 3567 5285 καὶ
3594 5246 3767 5302 προσ-

506 5327 805 5399 imaginum
866 5327 1195 5383 confectioni
1249 5326 1651 5399 proposuistis,
1728 5325 1882 5379 inviti
1930 5325 2056 5379 licet

2188 5330 2414 5401 κύνησιν
2473 5330 2923 5400 ἐμαρτυρήσατεο
2966 5326 3108 5380 ὥστε
3137 5325 3166 5379 ὅ
3209 5326 3500 5396 καθαιρεῖν
3562 5324 3771 5394 ἐπιχει-

505 5428 687 5474 tamen
712 5419 956 5476 fatemini
979 5437 1078 5497 per
1113 5422 1429 5477 universum
1452 5419 1664 5484 orbem,
1700 5419 1790 5474 ubi
1822 5418 2056 5473 Christia

2192 5422 2367 5494 ροῦσι,
2422 5420 2622 5491 μᾶλλον
2663 5418 2977 5484 συνιστῶσι,
3010 5418 3106 5472 καὶ
3155 5419 3269 5482 τοῖς
3305 5417 3529 5481 οἰκείοις
3576 5415 3765 5485 λόγοις

504 5508 721 5575 nismus
743 5511 980 5581 exsistit,
1034 5511 1334 5583 imaginum
1382 5511 1759 5568 exsistcntiam
1799 5518 1853 5565 et
1878 5509 2056 5565 cultun

2190 5513 2525 5568 ἁλίσκονται.
2575 5509 2834 5582 Δεύτερον
2873 5511 2957 5564 ὄτι
2993 5508 3286 5582 λελήθασιν
3312 5508 3564 5577 ἑαυτοὺς,
3593 5508 3663 5563 δι’
3694 5499 3769 5563 ὧν

1783 5666 2018 5723 νΑιιιΑε
2055 5668 2459 5726 LECTIONES.

580 5795 607 5825 ιι
631 5781 665 5835 3t
701 5780 898 5847 πάντες
931 5784 1150 5841 liccsch.
1220 5786 1245 5827 ι’
1285 5786 1377 5840 τοῦ
1403 5783 1593 5856 καιροῦ
1620 5782 1846 5839 llcesch.
1945 5793 1967 5820 ε
2008 5782 2090 5837 ia.
2123 5783 2179 5837 ἓν
2212 5784 2338 5847 ἴσως
2364 5783 2583 5840 ila-scit.
