4136 6486
411 453 518 519 94'.)

1287 452 1387 510 AD
1417 443 2014 510 AMl’I-IILOCZHUM
2043 442 2389 514 QU.‘EST10
2413 445 2599 520 CCIV,
2631 445 2785 505 CCV.

3595 437 3700 502 950

421 563 596 618 ταῦτα
627 561 898 630 λέγουσιν,
925 561 1004 624 εἰς
1031 561 1129 630 τὴν
1157 559 1265 613 τῶν
1307 561 1577 631 Ἐλλήνων
1601 559 1755 624 τάξιν
1779 555 2009 618 ἑαυτοὺς

2117 556 2324 610 haberi.
2371 557 2444 611 lta
2471 557 2526 611 in
2550 573 2615 610 eo
2638 555 2784 626 quod
2809 554 2998 610 tollere
3017 551 3323 615 voluerunt,
3359 548 3531 620 magis
3559 564 3699 604 con-

420 655 764 716 ὲντάττοντες
782 669 798 684 ’
831 652 918 704 ἐπ’
954 651 1074 720 ἴσης
1091 652 1200 722 γάρ
1227 653 1346 705 ὲστι
1365 652 1434 705 τὰ
1457 651 1724 721 εἰρημένα
1745 649 1876 720 περὶ
1901 648 2010 702 τῶν

426 745 640 800 σεπτῶν
659 744 883 798 εἰκόνων
905 743 1077 795 εἰπεῖν
1101 744 1195 795 καὶ
1220 759 1289 795 πε
1299 743 1352 813 ρὶ
1373 742 1482 795 τῶν
1496 743 1670 796 ἄλλων
1696 740 2011 812 μυστηρίων

419 836 599 908 ήμῶν.
633 835 826 896 Ποίους
852 832 962 904 γὰρ
995 832 1189 900 λόγους
1213 831 1547 901 Εὑαγγελίου
1583 830 2004 893 θεοπνεύστους,

425 929 632 982 εἴποιεν
660 926 747 992 ἂν,
783 926 817 996 ἦ
875 922 1012 987 ὅλως
1059 924 1394 992 Εὑαγγέλιον
1459 925 1611 977 ποῖον
1663 921 2007 993 όνομάζετες

423 1021 605 1082 ἄλλοις
633 1019 744 1089 γὰρ
768 1019 1010 1088 σχήμασι
1039 1016 1134 1070 καλ¹
1163 1017 1358 1081 τύποις
1384 1017 1731 1088 γραμμάτων
1764 1017 1825 1069 τὸ
1871 1016 2008 1068 Ῥω·-

425 1112 624 1185 μαῖκὺν
643 1152 659 1178 ,
701 1110 883 1172 ἄλλοις
907 1110 965 1162 δὲ
995 1110 1055 1164 τὸ
1100 1110 1300 1176 Ἰνδῶν,
1333 1109 1429 1163 καὶ
1455 1109 1666 1180 ἑτέροις
1693 1109 1755 1162 τὸ
1785 1108 2007 1180 Ἐϐραῖ-

424 1203 541 1267 κὺν,
595 1201 694 1255 καὶ
755 1199 937 1264 ἄλλοις
967 1201 1025 1254 τὸ
1050 1198 1325 1256 Αἰθιόπων
1356 1200 1771 1272 ἁπαρτίξονται.
1807 1200 1919 1254 Καὶ
1942 1199 2005 1252 οὐ

426 1295 586 1364 μόνον
609 1291 803 1355 τύποις
851 1292 1226 1362 γραμμάτων,
1269 1293 1364 1346 καὶ
1410 1295 1687 1363 σχήμασιν
1729 1291 2006 1363 ἀνομοίοις

421 1384 748 1455 γράφονται,
779 1381 916 1436 ἀλλὰ
949 1383 1044 1437 καὶ
1089 1384 1367 1454 ἀπηχήσει
1402 1386 1497 1437 καὶ
1533 1383 1784 1454 σημασίᾳ
1818 1385 2004 1453 φωνῆς

423 1477 710 1549 ὲτεροειδεῖ
767 1495 828 1531 τε
877 1477 975 1532 καὶ
1023 1475 1430 1549 ἀλλοτριωτάτῃ
1470 1476 1875 1548 προφέρονται·
1902 1475 2004 1528 οὐκ

422 1565 518 1623 οὖν
555 1571 712 1638 φαῖεν
743 1568 830 1635 ἂν,
865 1568 1087 1625 Μᾶλλον
1125 1568 1183 1620 δὲ
1213 1569 1303 1623 διὰ
1331 1569 1385 1622 τί
1414 1569 1489 1638 μὴ
1537 1568 1749 1637 λέγοιτε
1793 1567 1869 1630 ὼς
1911 1565 2003 1619 οὐ-

422 1660 536 1714 δενὶ
563 1660 832 1730 προσήκει
863 1658 1199 1730 πείθεσθαιῆ
1227 1659 1630 1730 προσέρχεσθαι
1655 1656 2000 1727 Εὐαγγελίῳ,

423 1754 507 1808 ὅτι
533 1752 812 1822 ἀνομοίοις
853 1752 947 1805 καὶ
977 1734 1279 1822 σχημάτων
1301 1751 1494 1814 τύποις
1551 1751 1644 1804 καὶ
1671 1750 1864 1820 φωνῶν
1893 1751 2003 1804 ἀπ-

425 1847 532 1917 ηχή
543 1845 658 1898 σεσί
687 1861 749 1898 τε
772 1845 865 1899 καὶ
902 1845 1196 1915 σημασίαις
1218 1845 1651 1915 ἀπαγγέλλονται
1672 1861 1688 1910 ;
1718 1843 1840 1899 Τῶν
1861 1843 2000 1914 ὑμε-

2121 649 2342 704 lirmant
2368 649 2654 720 imagines,
2687 656 2741 705 et
2764 646 3003 718 propriis
3032 645 3227 701 irretiti
3251 653 3502 699 tenentur
3529 643 3698 696 ratio-

2116 744 2300 798 ciniis.
2363 741 2638 808 Secundo,
2694 740 2987 796 dicendum
3044 737 3190 808 quod
3241 737 3370 790 dum
3412 735 3519 790 ista
3567 749 3698 804 pro-

2119 836 2321 901 ferunt,
2361 835 2512 889 inviti
2546 849 2604 889 se
2637 835 2690 888 in
2718 834 2965 888 ordinem
3003 847 3342 902 paganorum
3366 830 3694 885 inscribunt.

2117 929 2193 983 Ex
2229 942 2386 997 aequo
2434 929 2579 981 enim
2634 925 2760 980 licet
2825 939 2890 979 ea
2933 938 3056 994 quae
3113 932 3303 977 contra
3350 922 3694 976 venerandas

2118 1020 2389 1090 imagines
2423 1019 2745 1083 afferuntur,
2801 1028 2856 1072 et
2905 1023 3096 1070 contra
3125 1014 3334 1082 reliqua
3359 1022 3545 1067 nostra
3574 1028 3696 1081 my-

2117 1112 2286 1166 steria
2315 1125 2532 1181 urgere.
2587 1107 2746 1174 Nam,
2783 1122 2992 1178 quaeso,
3031 1119 3168 1175 quas
3200 1103 3277 1157 illi
3307 1111 3490 1172 partes
3513 1100 3697 1154 Evan-

2115 1203 2242 1274 gelii
2275 1202 2536 1257 divinitus
2568 1200 2864 1270 inspiratas
2919 1197 3118 1254 dicturi
3172 1195 3337 1252 sunt?
3391 1205 3487 1248 aut
3515 1195 3698 1263 potius

2116 1297 2398 1367 quodnam
2449 1296 2808 1365 Evangelium
2858 1293 3081 1348 nomine
3133 1287 3469 1358 suscipiant?
3542 1285 3699 1339 Certe

2112 1389 2350 1444 diversis
2372 1388 2569 1443 formis
2599 1385 2857 1458 etfiguris
2883 1384 3213 1446 litterarum,
3233 1378 3491 1434 Latinum
3518 1375 3698 1429 Evan-

2112 1481 2336 1550 gelium,
2367 1481 2489 1536 aliis
2523 1479 2804 1542 Indorum,
2853 1473 3297 1545 discrepantibus
3346 1467 3696 1529 llebraicum,

2115 1581 2174 1626 et
2200 1570 2381 1627 adhuc
2410 1571 2534 1625 aliis
2564 1568 2935 1639 Ethiopicum
2961 1574 3240 1622 exaratnr.
3264 1561 3451 1632 Neque
3481 1567 3696 1614 tantum

2109 1665 2420 1720 litterarum
2475 1661 2868 1718 diversimodis
2911 1658 3102 1729 ﬁguris
3139 1666 3196 1713 et
3233 1649 3694 1710 delineationibus

2107 1756 2494 1812 describuntur
2519 1756 2645 1819 ista,
2670 1755 2768 1810 sed
2803 1755 3026 1823 insuper
3049 1751 3201 1807 sonis
3231 1757 3287 1806 et
3319 1742 3678 1817 significatio-

2111 1851 2278 1906 nibus
2327 1849 2480 1906 vocis
2503 1849 2663 1905 valde
2679 1846 3209 1918 discrepantibus,et
3228 1859 3260 1898 a
3287 1857 3346 1898 se
3368 1839 3672 1898 dissentieu

426 1939 600 2008 τέρων
635 1936 744 2008 γὰρ
797 1936 1202 2010 ἐνθυμημάτων
1243 1939 1341 1992 καὶ
1395 1939 1558 1993 τοῦτο
1603 1938 1666 1991 τὸ
1715 1937 2006 2008 τόλμημα·

2119 1946 2266 2001 tibus
2293 1943 2671 2000 enuntiantur.
2718 1942 2990 2008 Quocirca
3039 1954 3149 1993 non
3197 1934 3433 1990 absurde
3465 1933 3695 1988 dixero:

427 2033 552 2086 οὐδὲ
578 2033 688 2104 γὰρ
710 2030 818 2084 οὐδ’
846 2031 1048 2101 Ἕλλην
1075 2050 1156 2096 τις
1179 2034 1312 2102 ἡμῖν
1344 2032 1472 2103 ῥᾷον
1505 2029 1574 2084 τὰ
1625 2029 1850 2084 τοιαῦτα
1880 2045 2016 2098 προ-

430 2124 680 2176 τείνειεν.
720 2121 902 2175 Πολλὰ
935 2124 1045 2192 γὰρ
1073 2122 1168 2176 καὶ
1199 2123 1330 2190 παρ’
1352 2121 1539 2184 αὐτοῖς
1561 2121 1672 2172 τῶν
1698 2119 2014 2188 σεϐασμίων

433 2215 816 2284 παραπλήσια.
846 2215 957 2267 Καὶ
985 2213 1174 2285 ὥσπερ
1207 2214 1356 2266 ἐστὶν
1409 2213 1592 2275 αὐτοῖς
1641 2210 1805 2282 φύσις
1858 2210 2015 2282 κοινὴ

432 2306 568 2376 πρὸς
601 2306 768 2376 ἡμᾶς,
796 2307 892 2360 καὶ
925 2306 1082 2372 νοῦς,
1111 2306 1205 2359 καὶ
1256 2305 1435 2374 λόγος,
1492 2304 1586 2358 καὶ
1641 2303 1832 2374 ψυχῆς
1874 2302 2015 2372 πρὸς

437 2397 600 2466 σῶμα
631 2395 934 2468 σύγκρασις
962 2398 1320 2467 ὁμοιότροπος
1342 2397 1436 2450 καὶ
1462 2395 1631 2468 μυρία
1666 2396 1802 2450 ἄλλα
1821 2413 1837 2429 ο
1872 2393 2017 2447 οὕτω

433 2489 528 2542 καλ⁸
560 2493 690 2561 περὶ
719 2488 821 2560 τὴν
845 2489 941 2543 τοῦ
975 2490 1134 2543 Θείου
1167 2490 1446 2556 ὑπόνοιαν,
1475 2489 1577 2542 κᾶν
1600 2491 1713 2552 τοῖς
1743 2488 2017 2550 πλείστοις

432 2583 526 2634 καὶ
557 2582 918 2653 κυριωτάτοις
946 2582 1252 2636 διίστανται
1275 2599 1288 2613 ·
1319 2581 1434 2635 ἀλλ’
1461 2577 1554 2634 οὗν
1575 2581 1725 2634 ἔστιν
1752 2581 1903 2650 ὅμως
1933 2573 2018 2642 οἷς

430 2673 521 2727 διὰ
569 2673 668 2744 τὴν
715 2676 1006 2746 ἐνάργειαν
1050 2675 1156 2727 τῶν
1198 2673 1395 2728 κοινῶν
1447 2673 1688 2739 ἐννοιῶν,
1723 2672 1833 2726 οὐδ’
1863 2672 2018 2724 αὐτοὶ

431 2764 676 2835 τολμῶσι
738 2765 1124 2836 διαμάχεσθαι.
1179 2766 1389 2819 Οὐκοῦν
1423 2765 1533 2818 οὐδ’
1573 2764 1778 2835 Ἕλλην
1838 2765 2014 2834 ἀμφια

435 2858 764 2928 σῦητήσειεν
817 2858 952 2927 ἡμῖν
982 2856 1112 2929 περὶ
1137 2856 1354 2921 τούτου,
1384 2856 1522 2910 ἀλλά
1545 2874 1630 2920 τις
1674 2855 1836 2916 ἄλλος
1878 2857 2018 2919 ὅλως

433 2947 594 3008 ἄθεος
621 2948 714 3000 καὶ
741 2947 1144 3016 ἀθρήσκευτος,
1205 2948 1347 3018 μήτε
1380 2947 1524 3001 θείου
1589 2947 1822 3013 ἔννοιαν,
1879 2949 2017 3017 μήτε

432 3036 692 3104 λατρείαν
736 3037 874 3099 ὅλως
917 3035 1384 3105 παραδεξάμενος.
1429 3037 1627 3106 Τρίτον
1679 3037 1758 3102 δὲ,
1791 3033 2017 3088 καὶτοῦ

433 3127 690 3198 δευτέρου
728 3127 1048 3196 σύστοιχον,
1105 3130 1257 3180 ποῖον
1313 3127 1547 3198 σταυρὸν
1606 3125 2016 3198 προσερήσεσθε

432 3218 654 3280 πάντως
677 3217 772 3270 τοῦ
807 3218 1170 3289 πρωτοτύπου
1207 3218 1501 3289 νομιοῦμεν
1549 3219 1755 3288 ὅμοιον,
1783 3219 1839 3281 ὃς
1875 3217 2018 3288 μετὰ

432 3308 531 3361 τοῦ
593 3308 774 3361 τίτλου
806 3307 1224 3378 σχηματίζεται,
1253 3309 1286 3380 ἧ
1333 3309 1394 3374 ὃς
1428 3311 1556 3364 ἄνευ
1586 3309 1796 3364 ἐκείνου
1828 3310 2014 3363 διατυ-

433 3399 632 3452 ποῦται
690 3400 786 3453 καὶ
836 3395 1373 3469 διαγράφεται;*Ων
1431 3400 1540 3469 γὰρ
1595 3400 1662 3453 διν
1691 3403 1725 3471 ἡ
1754 3400 2014 3471 ὁμοιότης

434 3494 568 3562 ἡμῖν
607 3491 993 3564 ὁμολογηθείη,
1029 3494 1094 3546 ὲκ
1136 3492 1327 3546 τούτου
1374 3492 1536 3563 (κατὰ
1587 3493 1683 3547 τὸν
1750 3494 2016 3563 ὑμέτερον

438 3587 602 3654 σοφὸν
633 3585 1017 3656 συλλογισμὸν)
1045 3587 1078 3656 ἡ
1105 3585 1213 3638 τῶν
1237 3586 1445 3639 λοιπῶν
1477 3585 1696 3657 ποίησις
1727 3587 1822 3640 καὶ
1846 3603 2016 3658 προσ-

435 3677 667 3750 κύνησις
721 3678 860 3749 (ἀλλ’
887 3678 1016 3748 ύμῖν
1044 3695 1108 3746 γε
1132 3680 1245 3743 τοῖς
1267 3678 1496 3732 τοιαῦτα
1524 3678 1652 3750 περὶ
1677 3678 2017 3750 τηλικούτων

433 3769 730 3839 τολμῶσιν)
778 3767 1265 3840 ἀπαρνηθήσεταιο
1333 3769 1366 3839 ἢ
1413 3771 1510 3824 καὶ
1558 3771 1660 3842 ἤδη
1689 3771 2014 3842 ὲξήρνηται.

435 3862 731 3930 Τέταρτον,
759 3861 858 3931 τὴν
885 3860 1149 3931 διαφορὰν
1169 3863 1302 3930 ἡμῖν
1334 3863 1431 3915 καὶ
1453 3862 1820 3933 ἀνομοιότητα
1835 3863 1934 3934 τὴν
1959 3865 2017 3917 έν

435 3955 558 4015 ταῖς
590 3953 880 4021 μυστικαῖς
907 3951 1141 4016 θυσίαις,
1170 3952 1266 4004 καὶ
1295 3953 1414 4013 ταῖς
1441 3952 1630 4016 ἄλλαις
1654 3954 2011 4025 ἱερουργίαις,

437 4045 518 4107 είς
569 4043 823 4115 διαϐολὴν
883 4043 1104 4114 ἁπάσης
1183 4043 1278 4096 καὶ⁹
1334 4045 1646 4115 ἀνατροπὴν
1699 4049 1796 4115 τῆς
1858 4046 2017 4119 ἡμῶν

437 4135 709 4207 ἀχράντου
741 4134 966 4204 τελετῆς
996 4136 1090 4188 καὶ
1113 4135 1371 4204 λατρείας
1401 4135 1793 4206 προκομιεῖσθε
1814 4154 1830 4169 ο
1858 4137 1917 4204 ἐξ
1942 4132 2018 4191 ὧν

438 4229 550 4298 γὰρ
583 4225 725 4281 κατὰ
741 4228 838 4298 τῆς
861 4224 1106 4297 Χριστοῦ
1127 4225 1340 4289 είκόνος
1367 4225 1611 4296 πονηρὰν
1641 4226 1875 4298 μελέτην
1898 4229 2018 4291 ταῖς

440 4319 595 4390 ὑμῶν
618 4318 876 4381 διανοίαις
901 4317 1290 4388 ὲμελετήσατε,
1311 4317 1491 4370 πᾶσαν
1511 4317 1611 4389 τὴν
1628 4317 1737 4370 τῶν
1757 4319 2018 4390 Χριστια-

438 4411 546 4466 νῶν
581 4413 734 4485 ίερὰν
773 4411 1020 4480 τελετὴν,
1051 4410 1149 4463 καὶ
1175 4410 1246 4464 τὰ
1272 4410 1392 4463 θεῖα
1422 4411 1699 4482 μυστήρια
1716 4411 1780 4464 ὲκ
1802 4409 2018 4481 βάθρων

438 4503 621 4558 αὐτῶν
657 4502 962 4574 ὴλέγχθητε
1011 4501 1416 4565 κατασείοντες.
1472 4502 1728 4572 Πέμπτον
1763 4501 1958 4574 ῥητέον
1990 4501 2018 4554 ὃ

438 4599 536 4651 καὶ
560 4572 690 4652 λίαν
705 4572 899 4650 αὐτῶν
915 4595 1223 4666 στηλιτεύει
1242 4596 1305 4649 τὸ
1348 4595 1605 4657 δυσσεϐὲς
1636 4595 1732 4649 καὶ¹
1763 4572 2016 4666 μισόχρι-

439 4705 586 4743 στον·
607 4689 674 4742 Τί
706 4688 816 4759 γὰρ
848 4687 943 4741 ἐπὶ
964 4689 1065 4758 τῆς
1083 4687 1290 4749 εἰκόνος
1310 4686 1556 4750 ἴστασθε,
1581 4687 1822 4750 καὶτοὺς
1842 4686 2018 4741 τοιού-

439 4800 568 4846 τους
620 4781 935 4854 φληνάφους
979 4780 1331 4847 ἀνελίσσετε,
1363 4779 1482 4833 δέον
1532 4779 1670 4850 πρὸς
1722 4779 1888 4833 αὐτὸν
1926 4779 2020 4832 τὸν

438 4873 862 4944 εἰκονιζόμενον,
893 4872 920 4925 ὂ
948 4871 1250 4943 κρύπτουσι
1275 4872 1436 4935 τέως,
1461 4871 1870 4938 ἁποδύσασθαι;
1902 4871 2021 4924 Ἵνα

437 4965 491 5019 τί
530 4964 640 5035 γὰρ
676 4963 705 5017 ὃ
735 4965 857 5027 ταῖς
888 4962 1146 5026 διανοίαις
1172 4962 1326 5032 ὑμῶν
1359 4961 1600 5027 ὠδίνετε,
1633 4961 1724 5017 τὸν
1749 4962 2017 5017 ἄσπονδον

441 5055 583 5109 κατὰ
606 5052 843 5125 Χριστοῦ
875 5052 1136 5122 πόλεμον,
1167 5051 1358 5104 τοῦτον
1391 5051 1466 5122 μὴ
1512 5053 1606 5104 καὶ
1653 5053 1764 5116 τοῖς
1815 5052 2020 5122 χείλεσι

442 5146 537 5199 καὶ
583 5145 779 5216 γυμνῷ
824 5143 903 5214 τῷ
954 5143 1253 5215 προσώπῳ,
1310 5143 1426 5196 ἀλλ’
1459 5143 1564 5196 ὑπὸ
1596 5142 1927 5214 προσωπείῳ
1950 5146 2016 5213 τῇ

442 5237 634 5304 εἰκόνι,
677 5236 1094 5300 ἑπιδείκνυσθες
1156 5234 1480 5305 Λεγέτωσαν
1515 5236 1673 5306 γὰρ,
1707 5234 1784 5298 ὡς
1831 5235 2021 5306 ἐπειδὴ

442 5328 703 5401 Ἕλληνες
745 5330 846 5399 μὲν
870 5330 1054 5392 αὐτοῖς
1069 5329 1253 5398 ὅμοιον
1271 5327 1364 5382 ἐπὶ
1383 5328 1486 5397 γῆς
1509 5330 1744 5398 φανῆναι
1770 5327 1862 5382 τὸν
1883 5328 1928 5381 Χ
1937 5345 2016 5399 ρι-

442 5424 567 5477 στὸν
599 5419 880 5491 νομίζουσι
898 5436 913 5449 ⁶
949 5419 1212 5491 Ῥωμαῖοι
1239 5419 1296 5473 δὲ
1322 5419 1523 5490 μᾶλλον
1540 5421 1754 5484 ἑαυτοῖς
1776 5421 2017 5474 ἐοικότα’

451 5514 605 5570 Ἰνδοὶ
631 5513 688 5567 δὲ
718 5513 881 5568 πάλιν
906 5515 1089 5585 μορφῇ
1127 5516 1192 5584 τῇ
1226 5512 1406 5567 αὐτῶν
1433 5554 1450 5580 ,
1492 5513 1586 5566 καὶ
1621 5511 1875 5577 Αἰθίοπες
1922 5514 2020 5582 δῆ-

438 5609 534 5670 λον
581 5607 658 5671 ὡς
704 5608 956 5670 έαυτοῖςο
993 5607 1118 5659 ἐπεὶ
1167 5607 1362 5671 ταῦτα,
1422 5606 1506 5668 τίς
1547 5607 1698 5659 ἐστιν
1751 5609 1779 5660 ὁ
1809 5607 2020 5679 ἀληθὴς

441 5701 700 5774 Χριστὸς,
729 5701 757 5753 ὁ
785 5699 935 5770 παρᾲ
969 5698 1079 5752 τίσι
1106 5697 1485 5770 νομιζόμενος,
1514 5699 1614 5753 ούκ
1643 5701 1753 5772 ἄρα
1784 5701 1864 5753 δεῖ
1884 5702 2016 5772 ὁμου

441 5794 620 5862 λογεῖν
670 5790 794 5844 οὐδὲ
843 5791 1119 5844 πιστεύειν
1182 5791 1345 5861 σαρκὶ
1391 5792 1730 5863 ἐπιδημῆσαι
1754 5794 1843 5847 τὶν
1882 5796 2018 5866 Χρι-

445 5887 600 5953 στόν;
631 5883 798 5949 ὅντως
845 5883 953 5955 γὰρ
985 5885 1166 5948 αὐτοῖς
1190 5886 1303 5948 τοῖς
1354 5883 1558 5948 ἀθλίοις
1594 5885 1704 5938 οὐδ’
1733 5887 2015 5958 ἑπεδήμηυ

2123 2038 2237 2094 Cur
2269 2052 2380 2092 non
2421 2034 2722 2099 affirmatis,
2748 2033 2893 2104 quod
2933 2030 3145 2087 nullum
3191 2027 3481 2084 admittere
3517 2025 3702 2079 Evan-

2119 2131 2343 2202 gelium,
2374 2138 2472 2184 aut
2493 2128 2970 2194 illiobtemperare
2997 2129 3264 2192 oporteat,
3290 2134 3356 2175 eo
3378 2117 3524 2188 quod
3542 2114 3705 2171 dissi-

2117 2221 2363 2276 millimis
2421 2219 2719 2290 figurarum
2777 2215 3014 2282 formis,
3062 2227 3323 2270 sonorum
3363 2208 3589 2264 vocibus
3646 2214 3704 2259 et

2119 2309 2612 2381 signiﬁcationibus
2660 2303 3062 2378 publicantur?
3111 2297 3270 2356 Certe
3307 2296 3506 2354 vestris
3531 2296 3704 2349 ratio-

2120 2402 2489 2459 cinationibus
2527 2401 2781 2471 congruit
2820 2400 2923 2453 hoc
2970 2395 3205 2451 facinus.
3266 2393 3505 2448 Omnino
3541 2389 3702 2445 nobis

2119 2514 2363 2570 paganus
2390 2497 2662 2568 quispiam
2681 2495 2839 2550 facile
2868 2493 2998 2548 talia
3025 2491 3305 2559 obiiceret.
3363 2485 3503 2541 Sunt
3550 2483 3700 2539 enim

2119 2589 2262 2659 apud
2293 2604 2389 2643 eos
2445 2590 2632 2641 multa).
2672 2582 2988 2654 hujusmodi
3037 2575 3408 2636 venerationis
3458 2574 3698 2644 species.

2119 2682 2187 2736 Et
2238 2680 2698 2753 quemadmodum
2772 2677 2852 2732 illi
2911 2686 3162 2730 naturam
3214 2672 3503 2726 nobiscum
3547 2681 3704 2721 com-

2119 2791 2338 2832 munem
2367 2775 2590 2838 habent,
2610 2780 2867 2835 mentem,
2900 2768 3164 2823 rationem
3199 2763 3470 2824 eamdem,
3505 2760 3704 2814 animae.

2121 2866 2190 2922 ad
2230 2879 2432 2935 corpus
2480 2861 2767 2934 syncrasin
2820 2857 3108 2928 aequalem,
3163 2861 3216 2907 et
3274 2859 3529 2906 sexcenta
3560 2848 3700 2902 alia:

2121 2959 2196 3014 ita
2214 2966 2483 3028 quantum
2514 2953 2706 3009 attinet
2733 2951 2801 3006 ad
2843 2950 3089 3004 rationes
3112 2945 3180 3000 de
3210 2944 3342 3011 Deo,
3379 2943 3430 2995 in
3452 2940 3704 3011 plurimis

2119 3058 2173 3105 et
2200 3046 2491 3119 praecipuis
2525 3043 2860 3100 dissentiunt
2921 3062 2936 3094 :
3003 3045 3088 3092 est
3118 3046 3298 3091 tamen
3333 3033 3448 3096 ubi,
3485 3038 3705 3100 propter

2121 3140 2494 3198 communium
2519 3135 2913 3209 principiorum
2941 3127 3284 3184 manifeszam
3305 3123 3701 3193 operationem,

2043 3264 2088 3326 ρ
2122 3252 2228 3290 non
2255 3234 2457 3288 audent
2503 3246 2533 3284 a
2567 3229 2725 3284 nobis
2751 3225 3060 3281 dissentire.
3094 3220 3366 3287 Quocirca
3403 3234 3500 3270 nec
3534 3231 3702 3285 paga-

2124 3341 2228 3381 nus
2259 3325 2545 3380 nobiscum
2577 3321 2644 3376 de
2679 3319 2800 3373 istis
2858 3321 3286 3378 contestarctur,
3341 3310 3435 3364 scd
3463 3309 3550 3362 ille
3578 3317 3702 3361 tan-

2125 3429 2240 3472 tum
2272 3418 2366 3487 qui
2421 3416 2579 3486 plane
2622 3408 2995 3475 atheus,jsine
3041 3407 3153 3460 ullo
3199 3402 3478 3473 religionis
3512 3400 3700 3454 cultu:

2123 3508 2217 3578 qui
2252 3522 2428 3577 neque
2447 3504 2700 3560 Numinis
2730 3499 3160 3562 venerationem,
3197 3513 3262 3550 ne
3292 3495 3512 3564 quidem
3549 3493 3703 3561 cogi-

2125 3603 2384 3657 tationem
2424 3599 2589 3654 ullam
2622 3595 2892 3651 admittet.
2946 3591 3130 3647 Tertia
3177 3590 3410 3660 obiectio
3449 3588 3706 3643 secundae

2125 3693 2320 3750 similis
2366 3698 2450 3747 est
2483 3688 2819 3759 :Ecqualem
2858 3700 3077 3741 crucem
3124 3683 3374 3738 statuetis
3418 3687 3706 3750 prototypo

2125 3785 2350 3840 omnino
2373 3783 2630 3846 similem,
2665 3796 2732 3834 an
2768 3779 3052 3846 illamqure
3083 3791 3207 3830 cum
3229 3774 3386 3828 titulo
3408 3771 3702 3842 elligiatur,

2125 3875 2418 3947 autpotius
2454 3889 2575 3945 qua:
2613 3873 2732 3928 sine
2770 3871 2864 3925 illo
2893 3869 3198 3924 delineatur
3251 3875 3305 3921 ct
3342 3865 3709 3919 eﬂormatur?

2125 3967 2297 4036 Cujus
2325 3965 2468 4020 enim
2511 3979 2728 4033 cunque
2757 3960 3170 4017 similitudinem
3205 3954 3564 4020 conlitemini,
3610 3969 3708 4024 per

2125 4057 2272 4111 illam
2316 4053 2431 4124 (qui
2475 4062 2654 4108 vester
2697 4061 2782 4107 est
2826 4050 3086 4120 praeclare
3133 4055 3423 4101 contextus
3481 4043 3707 4114 syllogi~

2125 4149 2300 4219 sinus)
2323 4149 2558 4216 aliarum
2590 4144 2910 4200 fabrefactio
2939 4153 2993 4197 et
3023 4141 3320 4204 veneratin,
3348 4155 3444 4208 per
3473 4154 3592 4200 vos,
3611 4140 3705 4208 qui

2125 4242 2242 4296 inec
2267 4239 2392 4294 talia
2421 4237 2633 4293 audetis
2659 4236 2949 4302 afﬁrmare,
2987 4232 3212 4288 omnino
3247 4231 3557 4301 negabitur,
3614 4241 3710 4285 aut

2125 4332 2310 4403 potius
2338 4332 2450 4400 jam
2480 4336 2729 4396 negatur.
2780 4328 2990 4393 Quarto
3018 4324 3137 4377 loco
3165 4322 3530 4377 differentiam
3557 4323 3705 4376 illam

2125 4432 2181 4479 et
2207 4419 2710 4478 dissimilitudinem
2737 4433 2876 4488 quas
2902 4415 2958 4470 in
2991 4414 3235 4484 mysticis
3264 4413 3516 4470 videmus
3539 4413 3710 4469 sacri-

2128 4516 2267 4571 ficiis
2298 4521 2353 4569 et
2397 4512 2517 4568 aliis
2546 4510 2885 4582 quibuslibet
2915 4506 3120 4562 sanctis
3150 4504 3362 4570 olliciis,
3417 4505 3468 4560 in
3528 4520 3710 4574 reprc-

2043 4608 2448 4677 Dhensionem
2497 4615 2552 4660 et
2616 4603 3030 4660 subversionem
3098 4600 3264 4654 totius
3337 4598 3708 4654 immaculata:

2120 4699 2416 4756 oblationis
2450 4706 2649 4752 nostrae
2680 4703 2737 4750 et
2764 4694 2937 4749 latrize
2965 4693 3316 4762 praetendetis
3345 4711 3358 4747 :
3402 4708 3527 4746 nam
3565 4692 3711 4748 unde

2120 4793 2382 4847 adversus
2439 4787 2640 4843 Christi
2687 4785 3007 4856 imaginem.
3069 4784 3296 4852 impiam
3357 4783 3409 4837 in
3463 4783 3709 4836 animum

2119 4893 2360 4940 vestrum
2444 4879 2832 4950 cogitationem
2905 4874 3319 4939 subintulistis,
3393 4875 3707 4928 universam

2119 4973 2557 5031 Christianorum
2587 4978 2642 5025 et
2670 4977 2942 5025 sacratam
2982 4965 3288 5036 liturgiam,
3325 4967 3418 5020 scd
3446 4974 3500 5021 et
3527 4966 3710 5019 divina

2121 5079 2463 5135 quaecunque
2511 5066 2793 5134 mysteria,
2836 5059 3199 5115 fundamento
3231 5071 3390 5114 tenus
3416 5067 3713 5112 concutere

2119 5153 2545 5210 convincemini.
2625 5151 2887 5217 Quintam
2944 5147 3313 5217 adjiciemus,
3379 5162 3500 5217 quae
3556 5147 3712 5201 valde

2120 5247 2364 5316 ipsorum
2383 5245 2740 5314 impietatem,
2770 5243 2900 5296 etin
2927 5240 3213 5296 Christum
3234 5240 3420 5295 odium
3442 5241 3712 5309 propalat.

2121 5338 2258 5394 Nam
2288 5351 2553 5408 quorsum
2586 5332 2890 5391 consistitis
2926 5333 2980 5386 in
3021 5332 3285 5404 imagine,
3311 5341 3366 5388 et
3395 5332 3712 5388 istiusmodi

2122 5447 2296 5503 nugas
2318 5427 2708 5486 deblateratis?
2739 5434 2957 5496 oportet
2995 5437 3053 5481 ut
3081 5428 3135 5482 in
3181 5427 3357 5482 aciem
3398 5425 3712 5495 procedatis

2119 5534 2312 5581 contra
2341 5538 2468 5577 eum
2502 5521 2596 5593 qui
2637 5520 2876 5589 imagine
2895 5528 3353 5590 reprwsentatur,
3385 5518 3478 5589 qui
3529 5526 3709 5571 tamen

2121 5617 2300 5672 adhuc
2327 5614 2526 5670 latetis.
2567 5613 2870 5680 Quorsum,
2903 5613 3054 5680 quod
3072 5612 3255 5668 tacitis
3283 5609 3711 5681 cogitationibus

2120 5709 2262 5764 bella
2301 5715 2491 5762 contra
2519 5703 2800 5760 Christum
2833 5705 3200 5772 meditamini,
3229 5704 3362 5758 illud
3389 5719 3498 5757 non
3523 5703 3702 5764 labiis,

2121 5812 2177 5856 et
2215 5799 2415 5854 nudata
2440 5796 2601 5863 facie,
2640 5797 2734 5852 sed
2765 5806 2983 5853 tantum
3026 5797 3326 5868 personati,
3378 5813 3473 5866 per
3507 5796 3698 5862 imagir

2124 5903 2248 5945 nem
2277 5885 2552 5942 indicitis?
2611 5885 2799 5941 Dicant
2845 5888 3012 5957 enim,
3045 5887 3487 5959 quandoquidem
3525 5885 3696 5940 erei
