4136 6488
427 441 530 505 951

1584 437 1847 498 PHOTII
1876 436 2384 499 PATRIARCHE
2421 439 2529 502 ΟΡ.

3587 437 3692 501 952

422 559 765 616 asseverant,
818 548 1099 605 Christum
1170 547 1223 602 in
1263 547 1423 603 terris
1452 547 1558 604 sibi
1593 549 1829 605 similem
1857 564 2008 604 com-

2123 566 2222 605 τεν.
2257 551 2323 603 Ὃ
2359 550 2468 621 γάρ
2489 548 2629 604 κατὰ
2659 549 2761 615 τῆς
2802 550 3012 615 εἰκόνος
3043 549 3505 621 έπονηρεύσαντο,
3529 552 3690 607 τοῦτο

429 642 702 711 paruisse,
730 637 1154 692 Romaniautem
1174 635 1279 690 sibi
1304 637 1508 705 potius,
1528 634 1642 690 ludi
1673 636 1849 706 ﬁgura
1878 652 2003 703 sua,

430 731 717 800 Ethiopes
749 745 848 784 sua
882 744 899 784 :
929 744 1056 783 cum
1086 728 1204 783 hazc
1240 726 1315 781 ita
1346 727 1617 793 dicantur,
1648 742 1759 781 non
1791 734 2009 782 constat

428 825 552 893 quis
586 839 683 893 pro
729 838 859 876 vero
894 820 1132 885 Christo,
1174 835 1205 874 a
1236 820 1437 889 quibus
1459 819 1722 874 habeatur
1754 835 1771 883 ;
1803 819 2010 874 idcirco

430 932 538 969 non
563 923 775 984 oportet
794 912 1064 972 confiteri.
1123 926 1233 966 non
1268 910 1513 972 credere,
1560 910 1707 979 quod
1757 910 2011 966 Christus

431 1007 482 1059 in
506 1020 672 1061 carne
692 1013 939 1059 versatus
963 1004 1033 1059 sit
1055 1004 1078 1057 ἲ
1098 1002 1257 1058 Certe
1279 1002 1422 1072 apud
1444 1000 1715 1056 infaustos
1734 1001 1872 1056 istos
1899 1017 2011 1056 non

428 1105 514 1150 est
547 1098 773 1151 omnino
806 1106 1073 1151 versatus.
1130 1094 1190 1149 ιιι
1225 1110 1336 1166 quo
1372 1096 1514 1149 enim
1547 1093 1784 1165 improbi
1816 1104 2007 1149 contra

430 1187 723 1259 imaginem
750 1188 1101 1252 exstiterunt,
1122 1186 1175 1240 in
1200 1186 1303 1241 hoc
1330 1187 1449 1255 ipso
1481 1184 1634 1254 prius
1656 1194 1845 1241 contra
1876 1186 2016 1239 ima-

432 1281 679 1351 ginatum
713 1282 1042 1336 insolentius
1069 1280 1283 1349 opinati
1314 1278 1820 1349 deprehenduntur.
1871 1276 2010 1332 Nam

432 1391 464 1431 a
509 1375 879 1443 discrepantia
934 1373 1253 1442 opinionum
1300 1371 1657 1436 concludunt,
1705 1371 2007 1426 tollendum

432 1480 662 1536 prorsus
681 1480 806 1519 eum
838 1464 931 1534 qui
970 1463 1322 1534 opinionibus
1371 1462 1635 1532 subjacet.
1690 1461 1853 1517 Vides
1888 1464 2013 1532 quis

434 1557 650 1611 illorum
686 1570 887 1624 scopus
918 1553 1103 1619 fuerit,
1137 1564 1191 1609 et
1240 1567 1507 1623 quorsum
1529 1562 1737 1623 spectet
1768 1552 2011 1623 ipsorum

434 1656 625 1702 contra
652 1647 945 1715 imaginem
966 1644 1488 1699 machinamentum.
1541 1642 1645 1699 Sed
1682 1643 1911 1700 ulterius
1943 1643 2011 1699 ad

432 1754 497 1793 ea
536 1754 661 1809 qua:
690 1737 836 1792 dicta
867 1744 1017 1800 sunt,
1059 1734 1424 1803 adjiciendum
1451 1735 1585 1790 illud
1606 1734 1854 1806 quidem,
1902 1752 2013 1791 non

434 1831 543 1887 illis
582 1830 734 1901 (sunt
756 1830 902 1884 enim
934 1827 1189 1899 indigni).
1229 1828 1326 1884 sed
1354 1828 1603 1883 ﬁdelibus
1637 1838 1691 1883 et
1724 1828 2008 1884 Christum

2112 640 2248 695 πολὺ
2275 641 2543 712 πρότερον
2564 641 2705 696 κατὰ
2737 641 2833 694 τοῦ
2877 641 3280 712 εἰκονιζομένου
3333 641 3691 713 πεφώρανται

2112 731 2506 802 φρυαξάμενοι,
2553 733 2662 786 ἀπὸ
2712 732 2813 803 τῆς
2851 733 2961 786 τῶν
3014 734 3354 803 νομισάντων
3406 732 3689 802 διαφοράς,

2113 825 2397 896 ἀναίρεσιν
2444 824 2686 895 παντελῆ
2759 825 2853 878 τοῦ
2905 824 3252 895 νομισθέντος
3296 824 3690 894 ψηφισάμενοι.

2122 917 2291 990 Ὁρᾷς
2337 912 2450 981 οἷος
2497 917 2677 972 αὐτῶν
2704 919 2733 971 ό
2756 917 2959 981 σκοπὸς
2982 956 2999 982 ,
3031 916 3125 969 καὶ
3168 917 3249 980 εἰς
3280 911 3391 971 οἷον
3422 916 3603 979 αὐτοῖς
3631 914 3695 967 τὸ

2113 1012 2255 1063 κατὰ
2310 1009 2412 1080 τῆς
2464 1009 2671 1073 εἰκόνος
2722 1008 2999 1083 ἀπέσλεπε
3055 1008 3355 1079 τέχνασμα.
3420 1007 3560 1061 Ἀλλ’
3600 1009 3696 1062 ἐπὶ

2112 1105 2224 1166 τοῖς
2265 1102 2597 1172 εἰρημένοις,
2658 1101 2835 1155 ἐκεῖνο
2871 1100 3087 1172 ῥητέον,
3130 1100 3230 1153 οὐκ
3273 1100 3502 1163 ἐκείνοις
3535 1097 3695 1170 (ἀνά-

2112 1195 2216 1260 ξιοι
2268 1195 2438 1266 γὰρ),
2473 1194 2611 1248 ἀλλά
2642 1210 2706 1263 γε
2755 1192 2869 1257 τοῖς
2914 1194 3126 1256 πιστοῖς
3182 1192 3276 1247 καὶ
3307 1192 3690 1263 φιλοχρίστοις,

2112 1284 2305 1356 ὅτιπερ
2325 1285 2384 1338 οὐ
2413 1285 2633 1350 πάντως
2691 1285 3016 1355 λυμαίνεται
3053 1285 3161 1339 τῶν
3210 1286 3605 1356 εἰκονισμάτων
3632 1286 3695 1340 τὸ

2114 1377 2368 1446 ἀνόμοιον
2396 1378 2496 1447 τὴν
2525 1379 2626 1448 τῆς
2657 1377 2865 1440 εἰκόνος
2898 1375 3058 1445 φύσιν
3114 1376 3210 1430 καὶ
3257 1376 3356 1448 τὴν
3410 1377 3692 1447 ἀλήθειαν.

2114 1468 2189 1521 Οὐ
2224 1468 2334 1538 γάρ
2366 1468 2512 1537 μόνῳ
2562 1469 2804 1538 σχήματι
2837 1466 3089 1537 σώματος
3139 1468 3231 1519 καὶ
3258 1467 3473 1539 μορφῆς
3496 1469 3698 1524 εἰκονί·

2114 1560 2268 1624 ζεται
2301 1559 2555 1631 χρώματι
2596 1560 2658 1613 τὸ
2688 1559 3118 1629 εἰκονιζόμενον,
3147 1559 3283 1613 ἀλλὰ
3305 1560 3399 1612 καὶ
3423 1562 3555 1631 ποιᾷ
3575 1561 3693 1614 δια-

2117 1650 2287 1715 θέσει,
2316 1651 2411 1705 καὶ
2446 1652 2808 1724 παρεπομένῃ
2842 1652 3061 1719 πράξει,
3085 1651 3179 1705 καὶ
3220 1652 3407 1705 παθῶν
3436 1654 3694 1723 έμφάσει,

2115 1745 2212 1797 καὶ
2244 1743 2425 1797 τόπων
2458 1742 2618 1813 ἱερῶν
2643 1742 2918 1808 ἀναθέσει,
2973 1742 3070 1797 καὶ
3109 1743 3549 1813 ἐπιγραμμάτων
3596 1745 3694 1814 ἑρ-

2121 1836 2341 1908 μηνείᾳ,
2372 1837 2470 1890 καὶ¹
2508 1836 2800 1906 συμϐόλοις
2858 1834 3159 1906 ἐξαιρέτοις
3196 1836 3399 1903 ἄλλοις,
3428 1830 3505 1893 ὧν
3530 1836 3697 1908 μηδὲν

434 1921 770 1976 amantibus.
815 1918 1217 1974 Dissimilitudo
1255 1934 1378 1990 quae
1417 1920 1662 1974 cernitur
1705 1919 1851 1974 inter
1875 1921 2011 1974 ima-

2123 1931 2390 2000 παρεῖναι,
2429 1929 2567 1999 ἢμὴ
2604 1927 2671 1981 τὰ
2711 1927 2935 1981 πλείονα
2984 1930 3101 1992 ταῖς
3149 1929 3301 2001 παρά
3327 1928 3437 1983 τῶν
3487 1930 3697 1984 πιστῶν

435 2015 611 2085 gines,
650 2028 758 2068 nou
792 2022 1022 2068 evacuat
1064 2028 1290 2082 prorsus
1318 2012 1575 2083 imaginis
1620 2020 1877 2067 naturam
1915 2021 2015 2069 aut

2123 2022 2316 2077 εἰκόσιν
2375 2022 2666 2084 παντελῶς
2727 2020 3011 2075 ἀδύνατον.
3044 2022 3123 2073 Δι’
3145 2014 3242 2087 ὧν,
3275 2020 3427 2074 οὐδὲν
3450 2020 3696 2086 ἔλαττον,

434 2106 740 2160 veritatem.
792 2104 911 2159 Non
947 2104 1093 2158 enim
1140 2114 1348 2159 tantum
1384 2119 1479 2173 per
1506 2105 1758 2175 corporis
1784 2104 2015 2176 ﬁguram

2123 2115 2149 2185 ἢ
2185 2115 2281 2169 καὶ
2308 2113 2489 2168 πάντα
2518 2114 2748 2184 προσῆν,
2787 2115 2868 2176 εἰς
2910 2112 3120 2166 ἔννοιαν
3170 2113 3267 2165 καί
3296 2112 3461 2182 τιμὴν
3493 2109 3586 2164 τοῦ
3618 2111 3699 2164 εἰ·

435 2206 487 2252 et
520 2197 763 2251 habitum
800 2196 1079 2252 coloribus
1111 2195 1440 2265 exprimitur
1496 2195 1877 2263 imaginatum,
1919 2196 2015 2251 sed

2123 2205 2479 2270 κονισθέντος,
2531 2205 2671 2275 ὅπερ
2724 2204 2843 2257 ἐστὶ
2887 2207 2987 2275 τῆς
3034 2203 3415 2274 είκονουργίας
3472 2202 3696 2265 σκοπὸς,

438 2289 674 2359 quadam
715 2287 803 2345 sui
831 2288 1219 2358 dispositione;
1270 2288 1591 2357 congruenti
1638 2288 1821 2358 aliqua
1849 2288 2015 2342 actio-

2123 2296 2462 2367 ἀναγόμεθα.
2506 2296 2669 2349 Ἀλλά
2719 2295 2896 2349 ταῦτα
2956 2297 3054 2366 μὲν
3106 2296 3227 2349 κατ’
3251 2295 3570 2364 ἐπιδρομὴν,
3603 2295 3701 2347 καὶ

440 2398 531 2451 ne,
559 2383 878 2453 passionum
911 2383 1184 2453 emphasi,
1219 2392 1271 2438 et
1300 2383 1354 2437 in
1398 2383 1533 2438 locis
1562 2385 1764 2439 sanctis
1799 2384 2015 2438 dedica-

2123 2386 2195 2449 ὡς
2227 2386 2284 2438 ὲν
2315 2386 2603 2455 ἐπιστολῆς
2625 2386 2807 2457 τύπῳ.
2850 2386 2918 2439 Ἢ
2965 2386 3023 2440 δὲ
3071 2386 3171 2455 τῆς
3227 2386 3489 2458 ἐργασίας
3541 2385 3701 2455 ἀκρί-

438 2475 607 2540 tione,
639 2475 1056 2545 inscriptionum
1082 2475 1445 2545 expositione,
1480 2475 2013 2545 etaliisquibusdam

2123 2477 2256 2539 ὄεια,
2286 2476 2422 2529 Θεοῦ
2448 2476 2738 2541 διδοῦντος,
2780 2479 2861 2541 εἰς
2909 2476 3006 2550 τὴν
3057 2476 3264 2531 οἰκείαν
3308 2476 3567 2531 ὑπόθεσιν
3603 2478 3701 2532 ἅν·

436 2566 828 2637 insignioribus
857 2567 1143 2638 symbolis,
1204 2582 1328 2637 quae
1380 2568 1465 2620 vel
1500 2582 1609 2620 non
1640 2566 1885 2631 omnino,
1916 2576 2013 2622 aut
2110 2569 2433 2640 αχθήσεται.

435 2659 629 2713 saltem
668 2673 775 2713 non
810 2673 842 2712 e
879 2658 1074 2728 majori
1101 2667 1275 2728 parte,
1334 2673 1364 2712 a
1396 2657 1639 2712 ﬁdelium
1674 2657 2005 2727 imaginibus
2042 2662 2237 2716 abesse
2304 2660 2504 2715 debent
2533 2678 2548 2714 :
2577 2675 2674 2729 per
2695 2675 2837 2730 quae,
2871 2676 2979 2715 non
3007 2661 3191 2716 minus
3212 2676 3378 2730 quam
3443 2659 3488 2715 si
3514 2663 3701 2716 omnia

434 2751 713 2817 adessent,
766 2750 821 2805 in
852 2751 1173 2805 memoriam
1201 2760 1254 2805 et
1289 2751 1550 2805 honorem
1588 2749 1867 2820 imaginati
1902 2750 2013 2822 (qui
2054 2752 2179 2807 ﬁnis
2208 2765 2291 2808 est
2320 2752 2587 2823 imagines
2623 2752 3034 2823 fabrefacicndi)
3103 2752 3460 2809 deducemur.
3523 2755 3703 2819 Atque

437 2843 556 2898 haec
613 2843 913 2906 succincte,
960 2851 1015 2898 et
1053 2842 1108 2898 in
1153 2842 1438 2913 epistolari
1499 2841 1701 2895 forma.
1760 2838 2014 2897 Exactior
2055 2853 2237 2898 autem
2271 2845 2537 2914 operatio,
2568 2859 2693 2898 cum
2728 2844 2872 2899 bono
2906 2843 3040 2906 Deo,
3092 2843 3146 2899 in
3210 2844 3494 2916 proprium
3567 2845 3705 2899 sub‘

429 2939 643 3010 jectum
674 2939 996 2994 deducetur.

434 3051 937 3121 QUAESTIOCCVI
986 3052 1170 3124 [CoisL
1193 3050 1497 3115 CCXXXV,
1522 3051 1686 3105 Taur.
1707 3048 2018 3123 CCXXVI].

435 3144 549 3200 Cur
576 3148 765 3201 umbra
795 3155 845 3201 et
876 3146 1141 3201 somnium
1182 3155 1229 3198 et
1260 3144 1434 3212 fumus
1469 3153 1517 3196 et
1552 3146 1758 3198 uanitas
1787 3143 2020 3213 appella-

970 3226 1057 3269 tur
1096 3215 1205 3269 vita
1241 3214 1473 3267 humana
1496 3216 1522 3269 ?

2655 3050 2991 3103 ΕΡΩΤΗΣΙΣ
3038 3051 3172 3118 squ

2120 3140 2225 3195 Διὰ
2261 3142 2317 3195 τί
2342 3140 2506 3203 σκιὰ,
2541 3142 2636 3194 καὶ
2669 3141 2816 3209 ὄναρ
2844 3142 2941 3194 καὶ
2978 3141 3210 3206 καπνὸς
3254 3139 3350 3193 καὶ
3376 3140 3705 3209 ματαιότης

2403 3215 2435 3265 ό
2465 3210 2837 3277 ἀνθρώπινος
2871 3212 3013 3278 ,ϐίος
3044 3209 3420 3280 ὀνομάζεται;

588 3374 733 3425 Edita
757 3387 785 3422 a
810 3372 1108 3424 Montacutio
1141 3372 1245 3435 (ep.
1267 3371 1332 3420 72
1355 3370 1414 3420 ad
1439 3370 1586 3433 Serg.
1613 3384 1662 3433 p.
1692 3369 1798 3429 12l,
1826 3368 1954 3429 122).
1980 3394 2043 3404 —-
2070 3365 2147 3417 De
2173 3370 2286 3417 vitae
2310 3341 2709 3416 hnmaneivariis
2744 3366 2797 3414 in
2832 3364 2985 3413 sacris
3012 3363 3218 3413 Litteris
3246 3362 3548 3413 nominibus.

504 3457 628 3514 Non
660 3460 943 3513 rhetorum
1005 3472 1160 3536 more
1219 3466 1412 3511 contra
1447 3455 2015 3525 contemptibilitatem

2192 3455 2265 3506 οὐ
2317 3449 2838 3523 καταρητορεύουσα
2886 3450 2986 3519 τῆς
3033 3449 3307 3519 ἡμετέρας
3346 3448 3619 3509 εὐτελείας
3669 3451 3704 3521 ἠ

436 3562 682 3609 nostram
721 3552 1025 3607 declamant
1052 3564 1222 3605 sacra:
1251 3548 1487 3615 Litterae,
1510 3564 1630 3619 qua:
1669 3550 1943 3615 umbram,
1966 3557 2019 3602 et

438 3662 715 3710 somnum,
749 3653 805 3699 et
839 3643 1073 3708 fumum,
1107 3651 1162 3697 et
1192 3642 1509 3706 vanitatem,
1551 3651 1605 3695 et
1633 3641 1903 3697 similibus
1948 3642 2019 3695 ti-

440 3737 571 3792 tulis
600 3737 767 3790 vitam
795 3736 1090 3790 humanam
1117 3733 1535 3803 insigniverunt.
1579 3732 1699 3799 Quo
1728 3732 1873 3786 enim
1900 3733 2021 3786 loco

440 3828 729 3883 habiturus
756 3841 815 3881 es
852 3825 1115 3896 puerilem
1143 3823 1465 3879 aetatulam?
1503 3822 1709 3893 Ecquid
1755 3838 1816 3877 ea
1849 3823 2021 3893 magis

439 3933 668 3982 vanum,
704 3917 886 3983 inane,
916 3926 971 3971 et
1005 3914 1390 3970 inseusatum?
1421 3915 1534 3969 imo
1563 3923 1619 3968 et
1671 3915 2019 3984 juventutem

441 4009 641 4082 ipsam,
682 4026 802 4079 quae
830 4008 930 4063 llos
958 4008 1181 4079 quidam
1217 4015 1429 4062 natura:
1466 4005 1684 4061 videtur
1719 4021 1865 4069 esse,
1926 4004 2019 4060 sed

441 4100 629 4156 multis
651 4100 890 4155 abundat
922 4098 1339 4168 tempestatibus
1370 4113 1385 4164 ;
1416 4096 1511 4154 sed
1538 4098 1785 4152 levitates
1812 4096 2019 4158 multae,

438 4192 708 4247 vanitates
721 4200 774 4246 et
789 4190 1155 4245 inconstantia
1172 4190 1223 4242 in
1237 4188 1423 4242 eadem
1436 4197 1595 4243 sunt:
1616 4188 1708 4244 sed
1726 4187 1879 4242 ocius
1892 4201 2021 4256 quo-

438 4282 525 4336 vis
546 4280 819 4337 insomnio
842 4279 1178 4350 prazterﬂuit,
1199 4279 1335 4333 nihil
1365 4289 1627 4349 praeterea
1651 4278 1798 4332 aliud
1822 4278 2013 4347 largita

440 4373 523 4427 vel
541 4373 989 4438 subministratis,
1009 4389 1172 4443 quam
1191 4372 1337 4442 quod
1359 4371 1625 4426 tumultus
1654 4372 1942 4433 ﬂuctuum,
1966 4379 2019 4424 et

437 4465 857 4518 exaestuationes
874 4466 1189 4534 passionum
1203 4471 1391 4519 contra
1406 4465 1651 4518 animum
1668 4463 2017 4531 concitando,

439 4556 679 4626 primum
711 4556 1009 4627 incoeptum
1043 4557 1110 4611 ad
1149 4558 1366 4612 virtutis
1416 4572 1641 4613 cursum
1709 4556 2020 4611 institutum

441 4649 696 4706 [luctibus
735 4652 1114 4706 submerserit.
1156 4650 1227 4705 De
1252 4651 1431 4706 medio
1463 4650 1638 4705 aetatis
1669 4659 1858 4705 tenore
1887 4649 2020 4719 quid

436 4741 588 4797 aliud
627 4742 937 4806 dicendum,
970 4756 1132 4811 quam
1158 4741 1303 4811 quod
1340 4757 1368 4795 a
1406 4740 1542 4795 l‘umi
1586 4741 1769 4795 volatu
1824 4754 2017 4810 parum

2127 3546 2249 3600 θεία
2276 3544 2489 3618 Γραφὴ,
2520 3543 2709 3609 σκιὰν,
2760 3544 2855 3596 καὶ
2882 3542 3036 3611 ὄναρ,
3085 3541 3179 3595 καὶ
3216 3542 3442 3606 καπνὸν,
3472 3540 3568 3595 καὶ
3601 3559 3707 3611 μα-

2124 3635 2405 3704 ταιότητα,
2460 3634 2556 3687 καὶ
2611 3631 2834 3685 τοιαῦτα
2878 3631 3013 3685 ἄλλα
3060 3632 3152 3685 τὸν
3201 3630 3536 3701 ἀνθρώπινον
3588 3630 3707 3699 βίον

2127 3727 2377 3798 ὠνόμασε
2417 3724 2501 3797 (τί
2546 3724 2654 3794 γὰρ
2693 3722 2757 3777 ἂν
2788 3724 2966 3787 εἴποις
2994 3723 3091 3793 τὴν
3126 3725 3182 3775 ὲν
3217 3723 3407 3776 παισὶν
3436 3722 3651 3795 ἡλικίαν
3686 3742 3701 3790 ;

2128 3820 2223 3875 καλ⁵
2252 3818 2305 3872 τί
2331 3818 2520 3872 τούτου
2547 3814 2955 3886 ματαιότερονῆ
2988 3813 3443 3885 άναισθητότερον
3465 3811 3530 3883 ;),
3566 3814 3704 3868 ἀλλὰ

2126 3913 2226 3983 τὴν
2247 3912 2494 3980 νεότητα·
2525 3909 2554 3963 ὃ
2574 3908 2668 3963 καὶ
2695 3907 2854 3971 ἄνθος
2879 3907 3078 3969 δόξειεν
3096 3907 3161 3960 ἂν
3185 3901 3326 3961 εἶναι
3342 3908 3441 3977 τῆς
3466 3906 3705 3976 φύσεως,

2127 4004 2263 4059 ἀλλὰ
2293 4004 2453 4074 γέμει
2497 4002 2666 4072 ζάλης
2703 4017 2717 4032 ⁶
2764 4000 2901 4055 ἀλλὰ
2954 3999 3088 4052 πολὺ
3136 3999 3198 4052 τὸ
3228 3998 3428 4068 κοῦφον
3462 4001 3520 4052 ἐν
3566 3999 3704 4069 αὐτῇ

2128 4098 2223 4154 καὶ
2249 4097 2511 4151 ὑπόκενον
2546 4096 2639 4149 καὶ
2671 4093 2987 4164 εύρίπιστον
3018 4110 3032 4123 ο
3082 4090 3221 4145 ἀλλὰ
3259 4091 3461 4155 παντὸς
3492 4090 3705 4161 ὀνείρου

2131 4190 2320 4244 θᾶττον
2354 4188 2705 4261 παρέρχεται,
2742 4185 2894 4239 οὐδὲν
2921 4185 3050 4238 ἄλλο
3073 4182 3416 4254 χαρισαμένη
3447 4184 3541 4236 καὶ
3573 4200 3709 4253 προ-

2134 4282 2423 4353 ξενήσασα.
2454 4281 2592 4351 πλὴν
2615 4280 2696 4332 ὅτι
2728 4277 2894 4332 πολὺν
2914 4277 3074 4331 σάλον
3106 4276 3204 4330 κα)⁸
3232 4275 3485 4330 κλύδωνα
3515 4274 3707 4328 παθῶν
3776 4324 3779 4327 ,

2132 4376 2199 4444 τῇ
2243 4373 2387 4445 ψυχῇ
2455 4371 2859 4441 ὲπικυμήνασα,
2897 4368 3065 4439 αὐτὴν
3122 4368 3221 4437 τὴν
3267 4366 3489 4439 πρώτην
3526 4366 3708 4438 ὁρμὴν

2132 4466 2231 4537 τῆς
2259 4467 2343 4520 ἐπ’
2388 4464 2588 4536 ἀρετὴν
2629 4464 2931 4534 κινήσεως,
2974 4461 3123 4513 ἔστιν
3159 4454 3239 4523 οἷς
3278 4459 3533 4529 ἐποίησεν
3577 4460 3710 4511 ὑπο-

2130 4557 2372 4630 ϐρύχιον.
2417 4556 2483 4610 Τί
2525 4556 2581 4609 δὲ
2622 4558 2682 4608 τδ
2723 4555 2822 4625 τῆς
2853 4553 3068 4625 ἡλικίας
3119 4552 3408 4623 μεθόριον;
3446 4551 3583 4605 ἀλλὰ
3612 4549 3711 4604 καὶ

2128 4649 2287 4703 τοῦτο
2324 4647 2534 4702 καπνοῦ
2570 4646 2740 4718 φορᾶς
2782 4646 2934 4700 οὐδὲν
2973 4645 3312 4715 διενήνοχεν,
3342 4638 3444 4697 ὦδε
3481 4643 3709 4696 κακεῖσε

2130 4742 2363 4805 διᾶττον,
2392 4738 2487 4793 καὶ
2521 4738 2777 4810 καθαρῶς
2794 4737 3030 4807 οὐδαμοῦ
3060 4736 3484 4807 καθιστάμενον.
3515 4734 3629 4803 Τῆς
3650 4750 3709 4787 τε

437 4834 714 4888 dissidet?
749 4834 856 4889 huc
877 4834 1019 4888 enim
1055 4832 1183 4887 illuc
1213 4832 1516 4888 cxsiliendo
1544 4833 1794 4898 cursitat,
1860 4833 2015 4903 plane

2124 4832 2233 4903 γάρ
2285 4830 2423 4885 κατὰ
2452 4829 2551 4902 τὴν
2578 4829 2807 4900 νεότητα
2834 4828 3043 4899 κούφης
3091 4826 3189 4880 καί⁵
3216 4827 3452 4880 ἀτάκτου
3485 4824 3705 4895 μετέχει

432 4930 625 4976 autem
656 4938 929 4993 nusquam
962 4922 1233 4977 consistit.
1263 4923 1543 4993 Particeps
1574 4923 1720 4978 enim
1755 4927 2023 4994 quodam-

440 5015 603 5068 modo
642 5024 725 5069 est
756 5014 1045 5070 levissimae
1072 5024 1126 5068 et
1159 5016 1483 5069 inordinatze
1530 5015 1678 5070 illius
1742 5014 2021 5080 motionis,

438 5123 564 5177 quae
589 5108 818 5178 juvenili
847 5110 989 5162 aetati
1017 5108 1298 5174 convenit,
1328 5123 1430 5163 nec
1484 5107 1628 5162 enim
1664 5104 1902 5177 perfecte
1927 5121 2023 5160 ex-

442 5199 646 5270 pedivit
673 5201 951 5255 hominem
980 5203 1048 5255 ab
1079 5201 1186 5256 illis
1245 5201 1482 5257 tenebris
1549 5208 1605 5256 et
1664 5200 2014 5255 tumultibus.

439 5292 579 5346 Cum
604 5306 732 5346 vero
771 5293 1035 5348 senectuti
1079 5293 1257 5348 vicina
1290 5292 1476 5357 fuerit,
1506 5292 1787 5347 cineribus
1815 5291 2017 5347 exinde

440 5382 654 5451 ejectis,
684 5383 898 5439 occulte
926 5392 981 5438 et
1010 5384 1216 5438 sensim
1258 5383 1376 5439 sine
1407 5399 1571 5439 sensu
1606 5383 1971 5453 subimpletur
1996 5398 2011 5448 ;

444 5474 589 5529 unde
625 5473 1016 5531 dellorescendi
1067 5474 1448 5545 delluendique
1481 5472 1810 5544 principium
1853 5474 2021 5529 sorti-

404 5571 414 5595 τ
447 5577 537 5622 tur
563 5584 577 5622 :
610 5566 824 5623 videtur
852 5568 1071 5638 quidem
1102 5567 1364 5623 remotior
1396 5582 1519 5623 esse
1547 5582 1578 5621 a
1608 5566 1757 5621 malo
1816 5574 1871 5620 ct
1924 5564 2021 5620 dc--

448 5658 727 5724 trimento,
754 5656 902 5728 quod
931 5655 999 5713 ab
1058 5656 1318 5715 extremis
1358 5657 1617 5730 utrinque
1663 5655 1894 5712 infertur
1930 5662 2024 5711 :et

2124 4942 2243 4988 πως
2272 4924 2353 4977 ἔτι
2388 4924 2679 4995 κινήσεως,
2716 4921 2776 4975 οῦ
2788 4939 2871 4975 πω
2900 4920 3122 4984 τελείως
3153 4920 3252 4991 τῆς
3276 4918 3485 4973 ἐκεῖθεν
3510 4917 3710 4988 ἀχλύος

2123 5021 2218 5073 xal
2259 5018 2505 5087 ταραχῆς
2560 5014 2880 5081 άπαλλάξαν
2927 5015 3020 5067 τὸν
3082 5011 3371 5083 ἄνθρωπον
3421 5027 3437 5044 ο
3482 5010 3581 5065 καὶ
3630 5008 3709 5081 τῷ

2122 5111 2260 5181 πρὸς
2300 5110 2363 5162 τὸ
2390 5110 2569 5179 γῆρας
2626 5108 2983 5178 γειτονήματι
3032 5103 3133 5174 τῆς
3164 5102 3224 5169 ἐξ
3258 5098 3421 5156 αὐτοῦ
3456 5100 3707 5172 αἰθάλης,

2122 5203 2305 5273 ἡρέμα
2328 5219 2446 5265 πως
2475 5201 2571 5254 καλ.
2598 5198 3013 5269 ἁνεπαισθήτως
3049 5194 3564 5265 ὑπο-πιμπλάμενον,
3605 5211 3707 5247 κα-

2129 5296 2354 5365 ταρρεῖν
2413 5292 2591 5363 ἀρχὴν
2633 5289 2865 5364 παρέχει
2908 5288 3003 5342 καὶ
3036 5284 3509 5358 ὑπομαραίνεσθαι
3546 5301 3559 5316 ·
3616 5287 3711 5338 καὶ

2129 5387 2278 5440 δοκεῖ
2315 5386 2413 5456 μὲν
2458 5385 2557 5455 τῆς
2594 5384 2686 5454 ἀφ’
2714 5382 2975 5453 ἐκατέρου
3024 5379 3130 5432 τῶν
3180 5381 3366 5450 ἄκρων
3400 5376 3607 5449 βλάϐης
3648 5394 3709 5430 τε

2134 5476 2229 5528 καὶ
2256 5474 2453 5537 κακίας
2475 5474 2776 5543 ἀφεστάναι
2805 5486 2820 5503 ⁶
2870 5470 3023 5524 οὐδὲν
3043 5469 3097 5523 δὲ
3115 5463 3277 5542 ἦττον
3307 5468 3405 5539 τῆς
3430 5470 3487 5521 ἐν
3506 5469 3711 5539 ἀμφοῖν

2135 5565 2518 5635 θεωρουμένης
2572 5562 2873 5634 μοχθηρίας
2936 5559 3186 5632 μετέχον,
3245 5560 3326 5624 εἰς
3372 5559 3599 5626 καπνὸν,
3633 5559 3711 5623 ὡς

2131 5652 2370 5721 άληθῶς,
2401 5652 2495 5706 καὶ
2533 5653 2613 5717 εἰς
2644 5650 2821 5723 ὄναρά
2842 5648 3149 5705 διαλύεται*
3183 5649 3315 5704 αὐτὸ
3344 5647 3399 5703 δὲ
3438 5648 3499 5703 τὸ
3529 5646 3709 5720 γῆρας

1720 5767 1952 5827 νΛΒΙΑΕ
1996 5765 2404 5826 LECTIONES.

554 5862 581 5903 ‘
611 5859 669 5914 τὺ
706 5863 903 5939 γῆραςο
