4136 6436
368 325 474 392 953

1232 319 1332 380 AD
1353 314 1945 379 AMPIIILOCI-IIUM
1977 311 2324 385 QUASSTIO
2361 311 2492 373 CCV
2500 311 2549 386 Ι,
2580 311 2802 373 CCVII.

3544 315 3651 382 954

367 441 457 503 τίς
495 434 596 489 κᾶν
629 430 779 486 οὐδὲν
808 429 970 500 ἡμεῖς
1013 425 1270 498 ἐροῦμεν,
1307 424 1442 478 αὐτὸ
1471 425 1638 477 πᾶσιν
1673 421 1840 476 αὑτοῦ
1890 422 1997 488 τὰ,

2082 425 2254 471 tamen
2291 416 2526 470 miseria:
2551 431 2715 484 quam
2753 416 3010 486 utrinque
3042 416 3167 474 licet
3221 417 3269 473 ιιι
3292 419 3650 489 prehendere,

370 529 541 598 πάθη,
570 525 664 578 καὶ
691 523 753 575 τὸ
779 521 964 592 βάρος,
997 521 1089 571 καὶ
1109 517 1208 588 τὴν
1228 515 1576 586 χαλεπότητα
1598 514 1953 584 διακέκραγε·

369 619 468 675 καὶ¹
521 618 602 670 ὅτι
644 615 738 668 καλ¹
801 608 1082 680 κονιορτοῦ
1133 607 1227 660 καὶ
1265 604 1475 660 καπνοῦ
1519 604 1613 656 καὶ
1661 606 1820 668 σκιᾶς
1862 603 1958 656 καὶ

371 711 606 782 ὀνείρου,
637 709 732 762 καὶ
764 705 982 759 πάντων
1005 702 1150 754 ἐστὶν
1176 697 1560 768 εὐτελέστερόν
1593 714 1653 750 τε
1686 697 1782 750 καί
1813 698 1959 766 ἀμυ-

373 803 649 874 δρότερον.
704 797 832 859 Πῶς
859 793 953 848 οὖν
987 793 1102 846 ἔστι
1125 793 1319 861 φυγεῖν
1342 789 1410 842 τὰ
1436 789 1585 844 κακά
1607 805 1622 855 ;
1645 787 1805 842 Κατὰ
1829 788 1960 840 παῖ-

373 896 442 948 δα
501 893 622 962 μὲν,
664 889 886 958 ἀγωγῆς
939 887 1169 956 τυχόντα
1216 884 1460 956 χρηστῆς
1508 882 1603 936 καὶ
1644 880 1962 951 σωφρόνων

377 977 743 1045 παιδαγωγῶν
778 991 792 1006 ⁸
830 976 968 1044 ὅπερ
995 972 1102 1026 οὐδ’
1131 974 1188 1025 ἐν
1227 973 1359 1043 ἡμῖν
1393 974 1566 1033 ἐστιν,
1610 969 1725 1024 ἀλλ’
1755 971 1812 1023 ἐν
1841 971 1960 1032 ταῖς

337 1087 341 1092 ·
376 1071 483 1124 τῶν
511 1069 780 1121 τεκόντων
814 1067 846 1136 ἢ
879 1065 992 1119 τῶν
1028 1064 1346 1136 ἐπιτρόπων
1371 1064 1653 1135 φροντίσιν
1679 1079 1693 1094 ·
1736 1063 1794 1115 ἐν
1841 1060 1963 1114 νεό-

375 1177 498 1230 τητι
524 1159 603 1223 δὲ,
632 1157 736 1211 καθ
754 1158 769 1180 ’
794 1159 860 1228 ἢν
888 1157 1117 1227 ἄρχεται
1149 1156 1243 1208 καὶ
1271 1154 1333 1207 τὺ
1382 1153 1685 1225 ἡμέτερον,
1712 1151 1800 1206 διὰ
1828 1169 1963 1220 σφο-

375 1254 638 1325 δροτάτου
675 1252 896 1323 χαλινοῦ
932 1252 1025 1305 καὶ
1063 1248 1469 1322 ἀκριϐεστάτης
1516 1245 1858 1310 παιδεύσεώς
1905 1262 1964 1299 τε

376 1348 475 1400 καὶ
496 1345 807 1416 γυμνασίας
837 1344 932 1397 καὶ
956 1342 1346 1412 συνασκήσεως
1372 1358 1384 1371 ·
1410 1340 1554 1394 κατὰ
1577 1339 1634 1393 δὲ
1665 1339 1762 1408 τὴν
1791 1339 1967 1408 μέσην

378 1436 618 1507 ἠλικίαν,
652 1435 742 1488 διά
771 1451 828 1486 τε
853 1434 944 1487 τοῦ
975 1431 1538 1504 προκαταρτισθεντος
1573 1429 1668 1484 καὶ
1702 1446 1968 1500 προεντυ-

379 1528 655 1590 πωθέντος
689 1530 753 1597 τῇ
789 1525 932 1596 ψυχῇ
964 1524 1120 1588 ἔθους
1149 1539 1162 1554 ·
1199 1524 1226 1577 ὃ
1257 1525 1350 1578 καὶ
1380 1522 1646 1594 μεγίστην
1690 1520 1800 1592 ἔχει
1829 1520 1968 1590 πρὸς

379 1619 451 1672 τά
483 1618 609 1689 ἑξῆς
639 1618 1043 1691 κατορθώματα
1071 1617 1171 1686 τὴν
1203 1617 1382 1685 ἰσχὺν,
1406 1614 1500 1667 καὶ
1527 1613 1615 1667 διὰ
1641 1613 1744 1680 τῆς
1776 1611 1969 1682 ὁμοίας

382 1711 621 1780 σπουδῆς
648 1711 742 1764 καὶ
770 1708 1088 1780 ἐπιμελείας
1107 1710 1208 1778 τῆς
1238 1707 1356 1760 κατ’
1382 1705 1584 1777 ἀρετὴν
1611 1702 1964 1766 τελειώσεως.

2061 506 2335 576 particeps
2366 504 2445 568 tit,
2474 504 2650 558 donec
2707 504 2760 558 in
2793 516 3156 574 senectutem,
3214 506 3422 563 fumum
3459 518 3514 564 et
3564 511 3651 564 iu-

2062 597 2335 653 somnium
2366 611 2578 649 merum
2624 597 2975 654 dissolvatur.
3034 598 3172 654 Nam
3227 601 3358 670 quid
3419 602 3652 673 (quaeso)

2063 689 2181 759 ipsa
2210 697 2468 744 senectus
2514 690 2830 744 censenda?
2856 691 3142 761 Utcunque
3179 707 3281 746 nos
3321 692 3411 747 hic
3461 706 3651 748 tacue—

2063 781 2260 845 rimus,
2299 781 2418 850 ipsa
2451 794 2548 849 per
2571 795 2628 834 se
2659 779 2890 849 singulis
2942 797 3073 837 suas
3123 785 3430 853 passiones,
3486 801 3652 855 grave

2065 886 2226 931 onus.
2265 868 2611 922 diﬂicultates
2647 868 3049 938 proclamabit;
3081 885 3205 924 esse
3275 871 3449 940 ipsam
3487 872 3654 925 nimi-

2065 977 2186 1016 rum
2217 961 2458 1031 pulvere,
2495 959 2668 1025 fumo,
2700 960 2916 1027 umbra,
2949 977 3160 1026 somno,
3197 963 3455 1019 omnibus
3485 965 3654 1020 rebus

2066 1054 2242 1123 magis
2313 1052 2700 1121 despicabilem
2779 1063 2834 1106 et
2903 1053 3300 1112 obscuriorem.
3365 1057 3654 1122 Quomodo

2067 1145 2340 1213 possimus
2381 1145 2551 1215 igitur
2600 1144 2742 1206 mala
2797 1143 3086 1199 devitarc?
3133 1143 3388 1212 Omnino,
3445 1146 3491 1201 si
3557 1161 3656 1216 per

2068 1245 2284 1291 atatem
2321 1236 2584 1306 puerilem
2621 1245 2772 1291 recta
2834 1245 3057 1290 utamur
3119 1236 3486 1299 institutione.
3523 1253 3656 1307 pru-

2068 1330 2259 1385 dentes
2302 1329 2445 1384 nacti
2483 1328 2890 1384 inl’ormatores.
2919 1327 3036 1383 Non
3063 1337 3147 1385 est
3197 1329 3302 1384 hoc
3363 1330 3416 1384 in
3470 1340 3656 1384 nostra

2069 1423 2232 1476 situm
2262 1430 2553 1491 poteState,
2585 1420 2678 1475 sed
2714 1429 2924 1491 spectat
2961 1421 3027 1474 ad
3057 1429 3313 1490 parentes
3330 1420 3416 1475 vel
3448 1429 3660 1476 tutores

2071 1514 2122 1566 ἱιΙ
2162 1529 2376 1567 curare.
2424 1512 2527 1566 Per
2578 1512 3001 1568 adolescentiam
3063 1528 3216 1576 vero,
3271 1527 3394 1566 cum
3453 1522 3660 1568 nostra:

2069 1616 2251 1674 partes
2303 1604 2387 1674 agi
2442 1607 2744 1674 eruperint,
2803 1619 2897 1674 per
2943 1604 3264 1659 adductiora
3315 1603 3501 1671 frena,
3560 1620 3660 1658 ex-

2071 1696 2404 1750 artissimam
2438 1696 2871 1758 institutionem,
2903 1697 3226 1750 exercitium
3247 1707 3300 1750 et
3330 1696 3543 1751 ascesin
3564 1709 3660 1751 eo-

382 1803 475 1874 Τῷ
520 1803 565 1856 δ’
596 1802 739 1857 οὕτω
786 1801 972 1856 λοιπὸν
1017 1799 1440 1870 οἰκονομήσαντι
1483 1797 1579 1850 καὶ
1615 1795 1972 1866 διακυϐερνῆ-

2082 1798 2299 1842 euntem
2347 1789 2491 1843 :sul)
2555 1798 2710 1843 :etate
2767 1798 3003 1853 matura,
3060 1804 3155 1858 per
3207 1788 3547 1856 compositos
3603 1797 3664 1843 et.

384 1912 538 1950 σαντι
561 1895 652 1948 τὸν
683 1895 820 1964 βίον,
845 1893 1008 1964 λιμὴν
1040 1893 1344 1962 ἀπαντήσει
1369 1891 1431 1943 τὸ
1456 1890 1656 1961 γῆρας,
1680 1890 1774 1941 καὶ
1795 1888 1974 1940 πόνων

386 1986 720 2050 ἀνάπαυσις.
749 1985 847 2054 τῆς
868 1986 1010 2038 κατὰ
1038 1982 1217 2053 ψυχὴν
1246 1982 1460 2052 ἡδονῆς,
1483 1981 1578 2033 καὶ
1603 1980 1754 2041 θείας
1780 1979 1977 2048 εὐφρο-

389 2079 557 2148 σύνης
586 2078 684 2142 τὰς
716 2077 828 2130 άπὸ
849 2077 944 2129 τοῦ
973 2076 1228 2146 σώματος
1257 2073 1432 2137 λέπας
1459 2072 1890 2144 παρωθουμένης
1915 2088 1974 2123 τε

386 2171 484 2224 καὶ
512 2169 1003 2240 ἀποκρυπτούσης,
1035 2169 1131 2222 καὶ
1161 2169 1452 2238 μακάριον,
1479 2166 1554 2229 ὡς
1580 2164 1815 2234 ἀληθῶς,
1841 2165 1977 2216 dmo-

387 2262 689 2332 φαινούσης
716 2261 806 2314 τὸν
840 2260 1148 2331 ἄνθρωπον.
1177 2259 1249 2311 Σὺ
1277 2258 1335 2311 δέ
1379 2275 1491 2329 μοι,
1523 2257 1735 2319 τέκνον,
1768 2255 1843 2326 μὴ
1872 2254 1969 2324 μό-

385 2369 477 2408 νον
495 2351 531 2406 ἃ
553 2354 750 2423 γράφω
771 2351 1067 2423 προθύμως
1094 2351 1458 2418 ἀναγίνωσκε,
1489 2348 1625 2403 ἀλλὰ
1645 2347 1737 2402 καὶ
1759 2347 1846 2400 διὰ
1863 2347 1972 2401 τῶν

385 2442 566 2521 ἕργωγ
603 2442 1014 2515 προθυμότερον
1048 2441 1402 2508 ἐπιγίνωσκε.

2076 1891 2426 1950 comparatos
2463 1883 2633 1950 prius,
2667 1891 2722 1936 et
2759 1883 2926 1937 menti
2978 1881 3395 1952 praeinsculptos
3429 1897 3609 1938 mores
3641 1899 3658 1937 :

2073 1974 2220 2028 unde
2251 1988 2466 2027 summa
2497 1983 2546 2027 et
2578 1973 2850 2043 praecipua
2870 1983 3114 2043 poteSIas
3135 1975 3398 2029 accrescit
3425 1975 3492 2028 ad
3515 1982 3664 2030 recte

2075 2066 2467 2137 consequentia
2499 2064 2918 2130 conformanda,
2959 2075 3017 2121 ut
3051 2067 3310 2122 nimirum
3343 2083 3441 2137 per
3471 2067 3660 2124 cousi-

2075 2163 2203 2216 mile
2225 2161 2465 2216 studiqu
2489 2168 2543 2214 et
2568 2158 2906 2227 diligentiam
2944 2158 3270 2225 adhibitam,
3303 2163 3484 2216 virtus
3537 2168 3665 2216 lan-

2077 2257 2198 2310 dem
2226 2265 2659 2310 consummetur.
2698 2253 2755 2306 Ei
2787 2268 2974 2324 porro,
3002 2253 3095 2323 qui
3129 2255 3195 2308 a-‘l
3233 2254 3380 2309 hunc
3437 2254 3663 2309 modum

2081 2348 2251 2401 Vitam
2313 2362 2468 2402 suam
2538 2347 2910 2411 composuerit
2961 2353 3016 2400 et
3081 2347 3356 2412 direxerit,
3406 2346 3668 2401 oll‘eretur

2083 2441 2300 2493 tandem
2353 2453 2453 2508 pro
2495 2447 2654 2508 portu
2693 2447 2970 2503 senectus,
2999 2437 3245 2493 laborum
3273 2438 3514 2508 requies,
3537 2453 3670 2508 gau-

386 2538 460 2593 dii
490 2539 658 2610 (quod
684 2538 987 2595 secundum
1037 2537 1206 2593 Deum
1237 2534 1341 2608 est)
1400 2536 1814 2609 repositorium,
1865 2549 1976 2604 quo
2017 2549 2046 2588 a
2075 2523 2305 2604 corpore
2334 2535 2556 2590 dolores
2608 2534 2998 2596 amandanlur,
3045 2532 3409 2595 oet-nitantur,
3435 2532 3669 2601 etplane

389 2639 581 2694 beatus
613 2636 780 2690 homo
807 2634 1024 2689 tandem
1060 2634 1430 2690 renuntiatur.
1476 2635 1556 2691 Tu
1593 2645 1803 2698 autem,
1860 2632 1957 2697 ﬁli,
2000 2629 2107 2696 fac,
2149 2646 2259 2684 non
2325 2639 2536 2686 tantum
2580 2637 2642 2684 ut
2690 2628 2969 2684 lubentius
3024 2628 3272 2698 perlegas
3308 2641 3432 2694 quae
3496 2639 3528 2680 a
3579 2639 3671 2680 me

391 2731 712 2786 scribuntur
738 2747 755 2798 ;
785 2729 879 2784 sed
912 2728 1086 2781 multo
1108 2729 1406 2783 studiosius
1431 2729 1624 2784 eadem
1661 2743 1756 2798 per
1787 2725 2137 2797 operationes
2157 2724 2326 2794 ipsas
2355 2738 2708 2794 recognosce.

950 2861 1288 2917 ΕΡΩΤΗΣΙΣ
1313 2864 1427 2918 ΣΖ’.

346 3024 355 3030 -
391 2996 530 3064 Περὶ
572 2996 716 3050 τοῦ·
765 3016 783 3049 ι
833 2997 943 3064 Θὲς
975 2997 1091 3064 τὴν
1121 2998 1291 3066 χεῖρά
1328 3013 1446 3053 σου
1485 3001 1606 3055 ὑπὸ
1649 3000 1760 3054 τὸν
1781 2992 1978 3071 μηρόν

1070 3087 1213 3136 μου.
1244 3088 1261 3120 ι

2189 2853 2531 2924 QUASSTIO
2555 2854 2986 2982 (ζειτιέηὲςέοέἝῄ
3007 2852 3344 2982 1CCXXX“,
3386 2851 3562 2911 Taur.

2707 2925 3048 2997 CCXXVII].

2081 3018 2159 3074 De
2224 3019 2340 3074 loco
2395 3020 2511 3087 illo,
2563 3039 2579 3072 ι
2613 3018 2754 3074 Pone
2801 3034 3019 3072 manum
3084 3025 3230 3069 tuam
3285 3033 3443 3087 super
3496 3017 3675 3086 femur

2759 3105 2874 3142 meu
2884 3106 2954 3142 m.
2988 3106 3006 3141 ι

759 3184 902 3234 Edita
926 3198 955 3233 a.
974 3184 1272 3235 Montacutio
1295 3188 1397 3250 (ep.
1421 3186 1482 3236 τί
1501 3188 1560 3237 ad
1585 3187 1810 3252 Eulamp.
1845 3205 1891 3254 p.
1930 3196 1997 3245 12;

2082 3205 2196 3269 :25).
2215 3230 2270 3241 —
2291 3206 2586 3269 Explanatio
2612 3206 2876 3255 verborum
2903 3206 3029 3257 Gen.
3055 3220 3192 3264 xxiv,
3217 3206 3266 3256 2.

472 3307 491 3341 ι
529 3289 631 3352 Ηὲς
655 3295 757 3362 τὴν
787 3293 947 3361 χεῖρά
977 3307 1069 3344 σου
1093 3291 1199 3345 ὑπὸ
1230 3293 1320 3347 τὸν
1357 3297 1530 3366 μηρόν
1563 3315 1686 3367 μου,
1718 3317 1736 3350 ι
1763 3301 1928 3371 φησιν
1954 3305 1983 3356 ὁ
2014 3296 2057 3353 C

394 3383 742 3454 πατριάρχης
757 3383 1010 3454 Ἀϐραάμ
1034 3383 1156 3436 ’δύο
1176 3385 1347 3439 ταῦτα
1369 3389 1700 3458 παραδηλῶν
1711 3392 1786 3463 τῷ
1803 3412 1986 3466 νυμφ-

399 3472 605 3542 αγωγῷ
643 3474 972 3543 προστάττει
1015 3472 1312 3542 θεράποντι
1342 3491 1359 3508 ο
1395 3475 1453 3528 ἓν
1495 3477 1592 3546 μὲν
1636 3481 1732 3531 καὶ
1765 3482 1987 3552 πρόχει-

399 3579 515 3634 ρον,
548 3564 636 3616 τὸν
667 3566 832 3635 ὅρκον
859 3565 938 3627 εἰς
981 3564 1042 3617 τὺ
1066 3566 1162 3634 τῆς
1189 3569 1492 3637 περιτομῆς
1543 3570 1840 3641 σεϐάσμιον
1875 3575 1988 3626 εἰσ-

399 3654 780 3723 πραττόμενος
801 3671 814 3685 ·
854 3653 1110 3726 δεύτερον
1147 3655 1203 3708 δὲ
1231 3657 1325 3710 καὶ
1351 3657 1659 3728 νοούμενον,
1709 3664 1787 3724 εἰς
1809 3663 1900 3716 τὸν
1929 3663 1990 3728 ἐξ

400 3745 568 3801 αὐτοῦ
629 3746 1036 3817 τεχθησόμενον
1079 3747 1314 3818 Χριστὸν
1356 3751 1449 3803 καὶ
1484 3751 1618 3804 Θεὸν
1662 3753 1822 3823 ἡμῶν
1849 3775 1860 3786 -
1905 3757 1990 3808 δε-

403 3837 622 3906 σμεύων
641 3838 827 3903 αὐτὸν,
843 3841 936 3892 καὶ
965 3840 1214 3911 εὐορκεῖν
1232 3842 1326 3894 ἐπὶ
1350 3843 1513 3897 πλέον
1530 3845 1984 3918 ἀσφαλιζόμενος,

400 3931 518 4000 ἅμα
565 3930 621 3983 δὲ
658 3933 752 3984 καὶ⁵
791 3931 1202 4003 προθυμότερον
1232 3934 1396 3988 αὐτὸν
1435 3935 1839 4005 ἐργαζόμενος,
1891 3941 1988 3994 ἅτε

399 4022 466 4090 δὴ
498 4021 691 4090 ἔφορον
715 4023 810 4074 καὶ
843 4023 1098 4094 μάρτυρα
1131 4024 1238 4076 τῶν
1262 4024 1353 4077 ἐπὶ
1378 4030 1746 4099 νυμφαγωγίᾳ
1787 4031 1987 4100 ὅρκων,

400 4113 502 4167 οὐκ
548 4112 706 4165 ἄλλον
749 4113 898 4185 αὐτῷ
940 4115 1328 4182 ἐφιστάμενος,
1372 4115 1486 4170 ἀλλ’
1528 4117 1757 4185 ἐκεῖνον,
1808 4121 1868 4184 ὃς
1894 4123 1990 4174 καὶ

404 4204 826 4275 προϋπέσχετο,
879 4206 954 4270 ὠς
1001 4205 1070 4260 τὰ
1133 4208 1308 4278 ἄστρα
1362 4210 1456 4264 τοῦ
1504 4210 1760 4279 οὐρανοῦ,
1832 4213 1894 4266 τὸ
1930 4215 1990 4268 ὲν

414 4294 600 4349 Ἰσαὰκ
633 4296 799 4348 αὑτοῦ
833 4296 1054 4369 σπέρμα
1088 4297 1562 4368 πληθυνθήσεσθαι
1599 4317 1613 4331 ·
1652 4301 1749 4355 καὶ
1767 4302 1990 4369 δυνατός

403 4388 519 4439 ἐστι
557 4387 730 4456 πέρας
761 4389 1026 4442 ἐπιθεῖναι
1056 4391 1175 4452 ταῖς
1207 4390 1553 4462 ὑποσχέσεσι,
1594 4395 1687 4446 καί
1711 4395 1992 4466 ἁμεταμε-

403 4477 602 4548 λήτους
626 4474 736 4532 οἶδε
766 4479 864 4538 τὰς
909 4480 1117 4550 δωρεὰς
1156 4485 1250 4536 καὶ
1275 4484 1374 4547 τὰς
1402 4485 1630 4555 χάριτας
1656 4503 1670 4516 ·
1707 4488 1990 4559 μονονουχὶ

405 4566 501 4620 καὶ
530 4567 881 4639 ἐννοούμενος
902 4570 996 4623 καὶ
1030 4570 1225 4638 λέγων,
1257 4567 1328 4624 Ὦ
1357 4576 1457 4626 παῖ
1471 4573 1564 4627 τοῦ
1598 4574 1734 4645 ἐμοῦ
1763 4578 1988 4646 γνησίου

406 4658 746 4725 νυμφαγωγὲ
809 4658 1038 4727 παιδὸς,
1100 4659 1524 4731 προθυμηθῆναι
1555 4662 1667 4716 δέοι
1699 4667 1859 4734 μόνον
1919 4670 1986 4737 τῇ

410 4748 712 4820 ὑπηρεσίᾳ,
753 4751 1082 4822 προαίρεσιν
1113 4751 1409 4806 σπουδαίαν
1461 4755 1816 4823 εἰσενεγκεῖν,
1854 4757 1923 4810 τὰ
1947 4758 1992 4811 δ’

406 4842 543 4897 ἄλλα
585 4844 784 4914 ῥᾷστον
815 4843 1004 4897 άνύσει
1035 4845 1064 4896 ὁ
1113 4844 1331 4914 καὶτῆς
1359 4846 1707 4916 ὁρκωμοσίας
1749 4849 1994 4917 ἐπόπτης

405 4935 499 4988 καὶ
523 4934 754 5005 μάρτυς,
783 4935 879 4987 καλ⁸
906 4937 1004 4998 τὰς
1035 4935 1135 5005 τῆς
1161 4934 1521 4998 πολυπαιδίας
1544 4938 1869 5008 ὑποσχέσεις
1894 4939 1995 4994 δω-

410 5025 741 5095 ρησάμενος.
782 5026 894 5079 Καὶ
932 5027 1032 5097 ὅρα
1061 5026 1138 5090 ὼς
1185 5027 1448 5096 φιλοθέως
1478 5026 1597 5082 λίαν
1633 5028 1727 5080 καὶ
1768 5030 1994 5094 εἰκότως

406 5117 497 5169 τὸν
529 5118 622 5171 ἐπὶ
664 5118 982 5190 παιδογονίᾳ
1027 5118 1120 5173 τοῦ
1155 5119 1288 5173 Υίοῦ
1316 5121 1543 5192 μεσίτην
1577 5121 1857 5190 ἐσόμενον,
1891 5120 1992 5191 τῆς

410 5212 704 5281 σφραγῖδος
735 5213 1062 5284 ἁπτόμενον,
1100 5211 1169 5284 ἢν
1208 5213 1309 5283 τῆς
1356 5214 1414 5265 ἐν
1453 5212 1635 5266 πίστει
1668 5212 1993 5281 πολυγονίας

412 5304 639 5372 σημεῖον
672 5303 889 5372 ἐλαϐεν,
910 5305 1133 5375 ὀμνύειν
1161 5304 1528 5376 προσέταττεν
1554 5322 1570 5336 ο
1600 5305 1689 5358 ἵνα
1708 5304 1891 5376 εἴπῃς,
1931 5304 1993 5356 Ὃ

408 5392 534 5457 δούς
563 5411 654 5464 μοι
681 5395 782 5466 τὴν
815 5395 1137 5466 περιτομὴν,
1176 5396 1338 5460 αὐτὸς
1372 5396 1541 5449 ἔδωκε
1586 5397 1648 5450 τὸ
1683 5397 1782 5466 μὲν
1811 5397 1992 5450 Χανα-

409 5490 558 5542 ναῖον
587 5487 770 5558 γένος,
791 5488 892 5557 μεθ
909 5489 924 5511 ’
943 5481 1018 5542 ὧν
1040 5487 1151 5557 ἐγὼ
1179 5488 1452 5560 παροικῷ,
1477 5489 1774 5560 ἐπάρατον,
1800 5488 1858 5540 ἐν
1894 5487 1988 5541 εὐ-

407 5578 618 5648 λογίαις
633 5580 690 5632 δὲ
717 5579 776 5633 τὸ
791 5580 1076 5652 ἡμέτερον.
1095 5581 1226 5635 Ἰδοὺ
1252 5581 1431 5634 τοίνυν
1459 5580 1560 5650 τῆς
1584 5581 1734 5642 θείας
1753 5577 1990 5648 ἐφαπτό-

410 5688 572 5740 μενον
606 5671 924 5742 σφραγῖδος,
948 5671 1039 5725 τδν
1068 5670 1365 5741 νομοθέτην
1403 5670 1607 5741 ταύτης
1633 5669 1862 5740 ὀμνύναι
1893 5685 1988 5722 κε-

406 5762 573 5828 λεύω,
608 5761 682 5834 μὴ
710 5761 776 5816 ἂν
802 5761 979 5825 ἄλλως
1002 5763 1197 5830 ποιεῖν,
1226 5761 1357 5832 ἢὼς
1381 5761 1575 5832 ἐκείνῳ
1600 5760 1680 5832 τῷ
1706 5759 1804 5831 τῆς
1824 5759 1992 5814 πολυ-

2019 4629 2067 4689 D

2168 3314 2186 3345 ι
2217 3294 2366 3349 l’oue
2401 3311 2622 3350 manum
2656 3304 2805 3349 tuam
2848 3295 2953 3350 sub
3001 3295 3206 3349 femore
3236 3308 3379 3358 meo,
3415 3310 3435 3345 ι
3491 3292 3672 3364 inquit

2088 3384 2441 3441 Abrahamus
2474 3387 2786 3457 patriarcha
2822 3404 2836 3439 :
2873 3387 2983 3441 duo
3008 3387 3109 3441 ista
3164 3385 3520 3440 subiudicans
3563 3385 3670 3440 mi-

2090 3476 2265 3530 nistro
2293 3477 2693 3546 nymphagogo,
2728 3476 2779 3529 iu
2811 3476 3084 3530 mandatis
3109 3476 3200 3528 dat
3232 3494 3246 3529 ι
3285 3475 3433 3546 prius
3455 3486 3560 3539 εει,
3615 3485 3671 3530 et

2092 3565 2145 3619 iu
2185 3576 2464 3635 promptu,
2511 3567 2655 3635 quod
2681 3566 3068 3636 jusjurandum
3108 3567 3161 3620 in
3190 3567 3399 3621 honore
3431 3567 3669 3622 circum-

2090 3657 2315 3712 cisionis
2367 3657 2620 3724 inducit;
2658 3658 2958 3713 secundum
3007 3669 3088 3713 est
3125 3668 3180 3713 et
3206 3659 3668 3724 subintellectum,

2091 3749 2143 3804 id
2175 3750 2320 3819 quod
2350 3751 2415 3805 ad
2457 3765 2582 3806 eum
2624 3750 2858 3806 refertur
2881 3750 2972 3821 qui
3005 3766 3069 3805 cx
3098 3766 3158 3805 se
3188 3751 3499 3805 nasciturus
3527 3760 3671 3816 erat,

2092 3840 2372 3896 Christum
2401 3841 2570 3896 Deum
2613 3857 2898 3910 nostrum;
2930 3843 3167 3898 vinculis
3221 3859 3346 3897 cum
3404 3843 3675 3898 constrin-

2091 3945 2247 4000 gens,
2276 3941 2330 3985 et
2359 3940 2507 3986 recte
2532 3933 2770 4000 juraudo
2812 3934 3144 3988 confirmans
3177 3933 3355 3995 illum,
3391 3948 3456 3987 ae
3487 3934 3669 4002 ipsum

2090 4021 2324 4074 reddens
2347 4021 2740 4090 promptiorem
2773 4021 2839 4075 ad
2864 4023 3210 4091 exsequenda
3263 4024 3541 4088 mandata,
3589 4025 3672 4077 iu-

2091 4120 2397 4180 spectorem
2443 4120 2497 4166 et
2519 4119 2734 4177 testem,
2787 4113 3145 4166 concilianda:
3172 4113 3362 4166 uxoris
3417 4114 3470 4167 in
3503 4131 3676 4184 nego-

2091 4204 2190 4266 tio,
2218 4202 2580 4272 iurisiurandi
2608 4218 2758 4268 eum,
2791 4203 3039 4271 inquam,
3072 4203 3456 4272 prmponendo,
3479 4212 3534 4258 et
3561 4219 3673 4260 non

2093 4294 2283 4361 alium,
2315 4293 2412 4363 qui
2455 4293 2612 4364 prius
2673 4294 3004 4364 promiserat
3057 4293 3327 4360 futurum,
3387 4303 3445 4350 ut
3484 4310 3671 4352 semen

2093 4386 2268 4455 ipsius
2294 4387 2363 4442 de
2433 4387 2622 4442 Isaaco
2688 4387 3148 4455 multiplicaretur
3212 4389 3672 4458 quemadmodum

2093 4480 2213 4533 coeli
2269 4479 2498 4534 sidera:
2553 4466 2756 4550 quibus
2816 4479 3102 4550 promissis
3143 4480 3672 4535 consummationem

2093 4573 2356 4628 inducere
2386 4583 2603 4642 poterat
2633 4572 2727 4642 qui
2762 4573 2906 4637 dona
2941 4587 3036 4626 sua
3072 4580 3238 4642 atque
3291 4571 3497 4642 gratias
3553 4572 3674 4627 sine

2093 4665 2416 4735 poenitentia
2453 4664 2738 4732 elargitur,
2776 4672 2985 4718 tantum
3020 4679 3129 4718 non
3157 4664 3491 4731 cogitatione
3521 4679 3674 4718 com-

2089 4756 2282 4826 plexus
2313 4765 2367 4809 et
2401 4754 2597 4810 ell‘atus
2637 4755 2742 4808 ista
2771 4771 2786 4808 :
2817 4755 2859 4807 Ο
2906 4753 3112 4809 famule
3165 4752 3546 4825 nymphagoge
3575 4768 3672 4822 ge-

2091 4847 2245 4902 nuini
2273 4848 2380 4901 mei
2413 4847 2533 4913 lilii,
2561 4861 2696 4916 opus
2736 4855 2945 4900 tantum
2979 4845 3072 4899 tibi
3107 4855 3194 4900 est
3223 4853 3283 4898 ttt
3313 4853 3565 4915 prompto
3595 4845 3673 4900 sis

2092 4938 2277 4992 animo
2308 4945 2361 4990 et
2395 4937 2737 5007 propositum
2773 4935 3020 4989 sedulum
3049 4934 3104 4988 in
3130 4935 3483 5004 exSequendo
3526 4951 3671 5003 pra:-

2093 5040 2204 5085 stes
2233 5029 2560 5094 ministerio,
2605 5035 2798 5082 caetera
2833 5027 2933 5081 levi
2964 5025 3191 5081 brachio
3217 5025 3528 5096 perticietis,
3578 5028 3670 5095 qui

2082 5120 2394 5191 jusjurandi
2429 5128 2651 5174 curator
2681 5127 2736 5172 et
2769 5119 2921 5172 testis
2971 5117 3279 5179 adhibetur,
3311 5119 3404 5188 qui
3441 5118 3508 5172 de
3532 5118 3673 5171 mul-

2092 5211 2387 5278 tiplicanda
2421 5209 2573 5279 prole
2605 5209 2901 5278 stipulatus
2926 5219 3030 5263 est.
3067 5207 3286 5263 Videsis
3319 5218 3502 5262 autem
3537 5207 3671 5262 mihi

2089 5313 2298 5371 quanto
2323 5316 2448 5355 cum
2481 5314 2668 5354 amore
2696 5298 2811 5364 Dei,
2838 5307 2892 5352 et
2916 5315 3080 5369 quant
3111 5299 3258 5368 juste
3311 5299 3672 5353 mediatorem

2091 5384 2336 5448 futurum
2365 5390 2792 5462 multiplicandze
2841 5391 2893 5445 in
2926 5391 3036 5444 lilio
3101 5390 3270 5456 prolis
3334 5405 3432 5461 per
3477 5398 3672 5445 conta-

2096 5495 2245 5539 ctum
2278 5485 2466 5554 sigilli,
2499 5482 2646 5554 quod
2684 5483 2946 5538 indicium
2981 5482 3256 5538 ﬁdelitatis
3289 5484 3344 5538 in
3391 5483 3494 5539 ﬁde
3521 5482 3675 5554 poly-

2095 5575 2273 5644 gonia:
2310 5583 2617 5645 acceperat,
2638 5573 2827 5643 jurare
2852 5572 3038 5641 jussit,
3097 5573 3254 5644 quasi
3283 5574 3489 5629 diceret
3519 5591 3532 5628 :
3568 5571 3675 5639 Qui

2096 5667 2244 5722 dedit
2268 5666 2403 5722 mihi
2438 5665 2939 5730 circumcisionetu,
2965 5663 3401 5720 Chauanaaorum
3460 5673 3676 5736 gentem

2103 5760 2248 5814 inter
2301 5773 2443 5827 quos
2498 5757 2800 5828 inquilinus
2835 5769 3046 5824 versor,
3079 5767 3422 5815 exsecratam
3491 5755 3672 5822 habet,
