4136 6446
455 299 561 361 955

1613 292 1881 352 ΡΗΟΤΙΙ
1910 292 2419 353 PATRIARCILE
2447 296 2555 356 (ΣΡ.

3612 300 3718 362 9ἰῶ

453 424 697 468 nostram
739 425 868 464 vero
925 408 1290 462 benedictam.
1330 406 1465 462 Vide
1494 406 1681 477 igitur,
1710 418 1767 461 ut
1795 417 1846 463 te
1867 408 2033 462 divini

2149 410 2359 473 τεκνίας
2388 411 2596 481 δοτῆρι,
2642 412 3000 483 χαριούμεθα,
3024 413 3081 479 ἐξ
3103 414 3392 483 ὁμογενοῦς
3424 433 3636 487 νυμφαγ
3651 439 3721 470 ω⁸

457 504 620 573 sigilli
682 509 937 557 contactu
983 500 1347 569 legislatorem
1395 501 1515 567 ejus
1563 501 1819 571 adjurare
1845 502 2033 572 jubeo.

455 609 506 653 te
534 614 641 651 non
674 598 836 650 aliter
876 595 1146 648 facturum
1195 610 1359 663 quam
1394 602 1452 649 ut
1480 595 1584 663 ipsi
1633 597 1801 664 prolis
1850 595 2037 649 multi-

453 692 666 760 plicatae
701 688 945 755 largitori
978 696 1194 756 gratum
1224 695 1277 739 et
1338 695 1621 755 acceptum
1687 687 1873 751 fuerit,
1936 686 2041 740 hoc

453 792 557 844 est,
590 789 649 834 ιιι
676 780 742 834 de
780 781 1104 845 cognatione
1140 777 1374 847 puellam
1408 793 1527 831 meo
1564 777 1674 830 filio
1744 785 2037 845 nupturam

456 871 743 925 concilies.
776 868 829 921 In
870 868 971 921 hoc
1002 876 1186 920 autent
1242 867 1361 935 ipso
1418 866 1469 920 id
1513 877 1771 936 prmstare
1830 866 2042 920 videtur

455 964 611 1027 mihi,
645 961 790 1031 quod
820 960 885 1022 is,
916 961 1006 1028 qui
1046 958 1235 1013 eodem
1290 959 1451 1011 modo
1479 959 1734 1027 pietatem
1782 957 1834 1010 in
1869 955 2040 1010 Deum

456 1057 607 1116 colit,
640 1055 743 1109 sub
782 1053 952 1123 gratia
990 1053 1201 1113 vivens,
1248 1060 1465 1103 curaret
1507 1050 1817 1118 diligenter,
1844 1063 2041 1116 nempe

457 1151 509 1202 in
550 1147 790 1201 medium
832 1142 1139 1213 produceus
1168 1142 1338 1194 divini
1369 1149 1423 1192 et
1467 1140 1725 1193 salutaris
1781 1138 2038 1207 baptismi

456 1237 711 1306 insignia,
748 1244 799 1288 et
822 1235 1087 1305 symbola.
1122 1234 1223 1285 hoc
1252 1240 1357 1295 est,
1399 1232 1593 1284 stolam
1618 1231 1888 1295 albam,et
1918 1245 2040 1298 qua:

456 1336 650 1381 caetera
699 1333 946 1394 spectant
978 1323 1044 1375 ad
1072 1322 1203 1375 illud
1251 1321 1480 1384 donum,
1532 1334 1596 1373 ac
1645 1318 1902 1387 deinceps
1957 1318 2040 1373 his

456 1417 724 1471 contactis
750 1416 967 1485 juberet
1001 1431 1124 1467 cum
1157 1413 1250 1482 qui
1282 1413 1629 1481 proﬁteretur
1674 1425 1734 1464 se
1768 1410 2037 1464 facturum

457 1511 602 1581 quod
657 1510 996 1565 mandaverit
1047 1510 1328 1576 conceptis
1378 1507 1560 1561 verbis
1602 1505 1810 1574 jurare.
1865 1505 2038 1559 Habes

457 1601 556 1669 ita,
591 1603 808 1671 opinor,
848 1615 943 1670 per
990 1599 1276 1668 epistolam
1346 1597 1727 1666 przescriptam'
1756 1612 1920 1665 quam
1955 1612 2043 1648 sc-

2134 504 2299 574 γῆσαι
2340 505 2509 573 κόρην
2537 503 2614 574 τῷ
2643 505 2816 557 παιδί.
2846 505 3103 558 Τοιοῦτόν
3133 508 3188 559 τί
3229 525 3320 577 μοι
3347 508 3609 578 πράττειν
3637 511 3723 563 δο-

2136 596 2270 660 κῶν,
2297 596 2480 649 ὁποῖόν
2532 615 2584 649 τι
2622 597 2732 649 τῶν
2760 599 2983 668 ὁμοίων,
3030 600 3263 671 εὐσεϐὴς
3296 601 3455 670 ἀνὴρ,
3495 602 3723 655 καὶτῶν

2138 689 2195 738 ὲν
2226 690 2292 757 τῇ
2326 688 2528 758 χάριτι,
2561 688 2964 759 διαπραχθῆναι
2996 691 3324 760 ποιούμενος
3372 692 3720 764 σπούδασμα,

2140 779 2280 831 αὺτά
2340 798 2443 831 που
2507 781 2843 851 προθέμενος
2890 784 2958 835 τὰ
3006 784 3100 836 τοῦ
3144 784 3289 836 θείου
3321 784 3416 836 καὶ
3454 788 3722 854 σωτηρίου

2143 871 2521 940 βαπτίσματος
2556 875 2825 944 σύμϐολα,
2859 878 2958 946 τήν
2992 894 3050 929 τε
3092 878 3293 949 λευκήν
3322 896 3464 948 φημι
3508 880 3722 950 στολὴν,

2142 961 2236 1012 καὶ
2282 963 2351 1014 τὰ
2397 962 2560 1016 λοιπά
2606 964 2700 1016 τοῦ
2757 966 2930 1034 δώρου
2991 969 3317 1037 παράσημα,
3352 966 3471 1021 εἶτα
3519 969 3725 1022 τούτων

2146 1053 2474 1122 ἀπτόμενον,
2509 1056 2590 1117 είς
2615 1055 2755 1109 αὐτὰ
2777 1057 2868 1110 τὸν
2897 1059 3059 1127 ὅρκον
3083 1060 3305 1129 ὑπέχειν
3329 1060 3588 1129 ἀπαιτοίη
3636 1061 3727 1113 τὸν

2142 1142 2521 1212 ὑπεσχημένον
2565 1145 3013 1217 ὑπηρετήσασθαι
3056 1149 3135 1219 τῷ
3176 1150 3495 1221 βουλήματι.
3542 1152 3727 1221 Ἔχεις

2138 1236 2451 1306 τοιγαροῦν,
2478 1239 2597 1289 κατ’
2619 1238 2928 1307 ἐπιστολὴν,
2953 1242 3017 1293 ἐκ
3050 1241 3158 1294 τῶν
3178 1243 3506 1312 εἰρημένων,
3538 1238 3724 1311 οἶμαι,

2143 1327 2207 1379 τό
2253 1345 2310 1379 τε
2338 1327 2561 1393 εὔλογον
2609 1330 2705 1382 καὶ
2736 1330 3030 1384 ἀκόλουθον
3077 1335 3173 1386 καί
3228 1333 3474 1402 θεοφιλὲς
3496 1334 3595 1404 τῆς
3631 1332 3726 1386 τοῦ

2148 1422 2340 1473 πιστοῦ
2382 1422 2635 1493 Ἀϐραὰμ
2664 1424 2900 1485 διανοίας
2928 1428 3021 1479 καὶ
3050 1428 3303 1498 πράξεως
3331 1444 3346 1459 ’
3376 1428 3443 1479 δι’
3471 1422 3546 1481 ὧν
3576 1428 3727 1495 λογι-

2151 1512 2284 1580 σμὸς
2316 1511 2460 1573 ἄπας
2487 1514 2705 1582 χυδαῖος
2740 1516 2832 1569 καὶ
2860 1520 3247 1588 πεπατημένος
3287 1518 3380 1571 καὶ
3411 1518 3728 1587 ἀντικείμε-

2148 1614 2236 1660 νος
2264 1598 2645 1659 ἀπελαύνεται.

458 1699 697 1751 anulum
731 1709 934 1752 rectam
958 1698 1247 1759 rationem,
1319 1710 1481 1764 quam
1550 1693 1751 1763 justam
1825 1695 2272 1762 consequentiam
2324 1707 2374 1752 et
2418 1700 2671 1768 pietatem
2725 1701 2778 1754 in
2822 1700 2991 1755 Deum
3050 1702 3227 1757 ﬁdelis
3279 1701 3574 1768 Abraham,
3612 1701 3729 1756 hate

458 1792 746 1847 meditatus
813 1800 869 1845 et
934 1797 1192 1860 operatus
1240 1787 1471 1841 fuerat:
1528 1802 1658 1856 ergo
1722 1788 1987 1857 cogitatio
2043 1790 2223 1843 omnis
2278 1792 2433 1856 vilis,
2476 1793 2761 1863 projecta,
2826 1802 2880 1849 et
2944 1794 3171 1849 adversa
3241 1795 3454 1849 veritati
3541 1795 3730 1849 exclu-

456 1886 639 1939 datur.

528 1996 857 2065 QUIESTIO
911 1996 1112 2053 CCVIII
1168 1994 1358 2069 [CoisL
1411 1995 1771 2065 CCXXXVII,
1803 1995 1969 2051 Taur.

1043 2087 1354 2143 ccxxvut
1385 2088 1425 2161 1.

2687 1996 3023 2051 ΕΡΩἸἮΣΙΣ
3067 1999 3190 2051 ΣῘΡ.

1030 2218 1173 2270 Edita
1192 2234 1218 2268 a
1246 2219 1546 2269 Montaeutio
1571 2221 1674 2284 (ep.
1706 2222 1769 2271 75
1793 2222 1852 2271 ad
1876 2196 2140 2272 Euschem.
2167 2236 2218 2284 p.
2249 2222 2381 2285 ιιι).
2402 2246 2465 2257 -
2490 2221 2544 2270 In
2573 2220 2720 2270 Mare.
2746 2234 2845 2282 vui,
2870 2223 2946 2283 l5,
2981 2223 3059 2278 l7.
3086 2223 3161 2272 l8.

531 2308 674 2376 Quid
705 2319 786 2364 est
818 2308 961 2380 quod
990 2317 1274 2379 tantopere
1297 2308 1518 2364 miraris
1560 2309 1953 2379 discipulorum
1976 2311 2041 2364 de
2071 2316 2118 2374 Β

459 2405 694 2473 panibus
718 2402 1157 2467 obdurationem,
1179 2411 1241 2456 ut
1259 2402 1430 2468 dicas,
1445 2402 1653 2457 Annon
1670 2403 1955 2457 viderant?
1973 2420 2040 2457 an

460 2512 570 2551 non
604 2496 841 2565 ipsorum
871 2494 1013 2549 oculi
1039 2505 1089 2549 et
1118 2510 1313 2549 manus
1341 2495 1726 2549 ministrabant
1754 2496 2054 2549 miraculo?

463 2603 729 2655 quorsum
765 2587 872 2642 illis
902 2603 1010 2641 non
1042 2585 1315 2640 credunt?
1339 2587 1613 2655 quomodo
1637 2603 1746 2641 non
1784 2587 2049 2656 intellige

468 2680 631 2733 bant?
660 2679 937 2749 quomodo
982 2677 1132 2731 obliti
1159 2687 1285 2732 sunt
1306 2677 1327 2730 ?
1348 2676 1508 2732 Certe
1542 2687 1740 2747 potest,
1774 2678 1900 2732 licet
1934 2692 2045 2731 non

467 2782 768 2839 tantopere,
792 2768 1121 2831 addubitari,
1144 2769 1235 2823 sed
1261 2768 1442 2837 petius
1458 2769 1559 2823 rite
1580 2769 1704 2823 huic
1720 2768 2047 2824 dubitationi

466 2863 887 2918 occurrendum.
940 2861 1073 2927 Quae
1136 2861 1464 2932 gerebantur
1508 2862 1763 2915 videbant
1815 2862 2047 2932 propriis

464 2970 500 3010 0
521 2955 639 3008 -ulis
663 2962 715 3008 et
738 2953 991 3007 manibus
1010 2953 1437 3019 eontreetabant,
1461 2969 1559 3008 nec
1584 2953 1913 3021 dillidebant,
1947 2970 2050 3008 nec

465 3056 657 3101 contra
674 3046 1016 3115 pugnabant;
1041 3060 1155 3098 rem
1177 3054 1380 3115 gestam
1406 3046 1775 3110 intuebantur,
1794 3055 1848 3099 et
1874 3046 2045 3100 visam

467 3138 867 3205 obstupebant,
903 3151 1029 3190 nam
1064 3152 1172 3189 non
1223 3135 1498 3205 quomodo
1522 3138 1862 3206 insipientes,
1890 3137 2047 3191 oblu-

467 3238 706 3292 ctantes,
748 3228 1091 3297 impudentes
1138 3228 1192 3282 in
1218 3229 1473 3283 omnibus
1499 3226 1669 3283 Judaei
1698 3238 1752 3283 et
1783 3230 1884 3299 ipsi
1925 3230 2048 3283 ani-

466 3320 600 3377 mati
622 3330 799 3387 erant,
843 3335 1032 3375 verum
1058 3335 1166 3374 non
1196 3321 1263 3375 ad
1313 3320 1664 3390 perfectionis
1716 3323 1943 3392 gradum
1990 3338 2050 3377 a-

468 3415 815 3477 scenderant,
849 3414 942 3468 sed
973 3414 1127 3467 illum
1164 3414 1442 3483 quomodo
1469 3430 1499 3468 e
1530 3414 1735 3468 sanctis
1765 3416 1894 3469 olim
1926 3430 2050 3484 pro-

469 3508 650 3578 phetis
692 3507 916 3577 quidam
954 3506 1049 3560 ubi
1077 3515 1131 3559 et
1167 3506 1387 3574 quando
1420 3506 1602 3559 divina
1627 3508 1799 3576 gratia
1831 3508 2050 3561 alIlave-

2220 2310 2262 2361 Τ
2269 2310 2283 2361 ί
2320 2307 2620 2376 θαυμάζεις
2647 2308 2770 2361 λίαν
2794 2311 2894 2377 τὴν
2925 2310 3016 2361 ἐπὶ
3056 2311 3170 2372 τοῖς
3200 2309 3387 2380 ἄρτοις
3409 2310 3517 2363 τῶν
3548 2312 3729 2384 μαθη-

2146 2402 2255 2455 τῶν
2284 2400 2563 2468 πώρωσιν,
2588 2401 2680 2453 καὶ
2714 2399 2912 2468 λέγεις,
2946 2396 3095 2472 ’Λρα
3116 2402 3224 2473 γὰρ
3244 2404 3342 2472 οὐχ
3373 2403 3595 2476 ἑώρωνς
3621 2404 3730 2477 ἆρα

2148 2497 2254 2565 γὰρ
2279 2496 2390 2553 τοῖς
2437 2493 2659 2555 οἰκείοις
2684 2493 2985 2562 ὀφθαλμοῖς
3012 2495 3107 2547 καὶ
3139 2497 3258 2558 ταῖς
3303 2499 3492 2567 χερσὶν
3523 2499 3739 2569 ὑπηρε-

2147 2589 2437 2658 τουμέναις
2471 2586 2733 2655 ἠπίστουν
2768 2586 2846 2657 τῷ
2872 2586 3145 2657 θαύματις
3183 2588 3299 2651 πῶς
3323 2590 3384 2642 οὐ
3420 2590 3685 2661 συνῄεσαν
3714 2608 3728 2655 ;

2148 2677 2268 2740 πῶς
2302 2675 2664 2741 ὲπελάθοντο;
2712 2675 2867 2728 Ἐστι
2894 2676 2993 2745 μὲν
3021 2676 3153 2745 γὰρ,
3183 2679 3229 2729 εί
3254 2678 3349 2730 καὶ
3374 2679 3448 2748 μὴ
3482 2681 3573 2732 ἐπὶ
3602 2697 3729 2731 τοσ-

2150 2766 2326 2826 οῦτον,
2360 2766 2586 2836 ἀπορεῖν
2617 2782 2631 2797 '
2688 2765 2803 2819 ἀλλ’
2828 2767 2944 2819 ἐστι
2977 2765 3137 2819 πλέον
3159 2767 3335 2838 ὀρθῶς
3356 2770 3449 2822 καὶ
3480 2770 3730 2839 ἐννοῆσαι

2151 2859 2248 2912 καὶ
2292 2857 2672 2920 ἐπιλύσασθαι.
2716 2860 2798 2912 ὅτι
2829 2860 2924 2913 καὶ
2964 2858 3036 2913 τὰ
3083 2862 3433 2931 πραττόμενα
3477 2862 3729 2925 ἔϐλεπον,

2152 2950 2245 3004 καί
2277 2948 2401 3002 οὔτε
2424 2952 2535 3012 τοῖς
2563 2948 2827 3019 ὄμμασιν,
2848 2948 2969 3002 οὔτε
2991 2954 3112 3012 ταῖς
3143 2951 3373 3012 οἰκείαις
3396 2952 3552 3021 χερσὶ
3572 2952 3737 3022 διημι-

2153 3041 2449 3111 ιρισϐήτουν
2500 3040 2594 3093 καὶ
2639 3041 2988 3110 ἀπεμάχοντο
3016 3057 3029 3071 ·
3081 3040 3216 3093 ἀλλὰ
3284 3039 3459 3094 ταῦτα
3505 3040 3606 3111 μὲν
3641 3042 3735 3093 καὶ

2153 3130 2363 3200 ἐώρων,
2386 3129 2479 3182 καὶ
2506 3129 2745 3199 ᾔδεισαν,
2772 3129 2867 3181 καὶ
2893 3127 3224 3197 ἐθαύμαζον.
3268 3127 3404 3181 Οὔτε
3434 3129 3543 3198 γὰρ
3568 3128 3734 3199 ἀνοή-

2150 3239 2285 3287 τοις,
2313 3219 2439 3273 οὔτε
2468 3220 2706 3289 τυφλοῖς,
2736 3218 2860 3272 οὔτε
2875 3221 2986 3283 τοῖς
3004 3220 3139 3290 πρὸς
3162 3221 3377 3274 ἅπαντα
3403 3223 3735 3291 μαχομένοις

2153 3314 2249 3368 καὶ
2276 3313 2724 3383 ἀναισχυντοῦσιν
2740 3313 3012 3375 Ἰουδαίοις
3036 3312 3429 3382 παραπλησίως
3448 3313 3726 3368 διέκειντο.

2165 3405 2306 3458 Ἀλλ’
2336 3403 2489 3457 οὓπω
2518 3405 2652 3473 πρὸς
2679 3402 2741 3455 τὸ
2772 3403 2975 3455 τέλειον
3009 3402 3446 3474 ἀναϐεϐηκότες,
3485 3404 3604 3456 καθ’
3638 3403 3735 3456 ἕνα

2153 3496 2276 3548 τινὰ
2298 3494 2407 3548 τῶν
2436 3494 2606 3546 πάλαι
2631 3493 2799 3562 ἁγίων
2826 3494 2920 3547 καὶ
2952 3494 3269 3564 προφητῶν,
3304 3495 3396 3547 καὶ
3425 3495 3574 3548 ὁπότ’
3604 3495 3670 3548 ἀν
3699 3497 3732 3561 ἡ

472 3600 566 3663 rit,
602 3613 709 3653 non
751 3607 1011 3667 tauquam
1064 3595 1233 3651 Deum
1290 3597 1698 3651 arbitrabantur
1732 3599 2047 3669 magistrqu

2154 3586 2359 3642 ἄνωθεν
2393 3586 2555 3656 χάρις
2579 3584 2860 3657 ἐπινεύσῃ,
2897 3584 3012 3637 ἀλλ’
3045 3586 3142 3653 οὐχ
3167 3584 3241 3648 ὡς
3269 3584 3425 3650 Θεὸν,
3467 3587 3561 3638 καὶ
3593 3586 3737 3638 κατὰ

470 3702 629 3743 suum
661 3702 786 3741 cum
814 3685 979 3739 omni“
1006 3695 1276 3755 potestate
1301 3697 1355 3739 et
1381 3687 1626 3740 dominio
1654 3688 1837 3741 divina
1895 3688 2050 3757 signa

470 3776 1059 3846 patrarezquocirca,
1124 3790 1247 3830 cum
1308 3778 1530 3831 unicum
1592 3787 1802 3832 tantum
1864 3793 2049 3833 secum

471 3881 667 3939 panem
719 3868 1039 3930 attulerant,
1107 3867 1197 3919 uhi
1244 3881 1369 3921 eum
1411 3868 1693 3922 audissent
1734 3870 2049 3924 dicentem:

476 3974 499 4009 ι
529 3957 797 4011 (lavereut
825 3970 853 4009 a
878 3954 1149 4009 fermento
1181 3955 1606 4023 Pharismorum,
1648 3976 1666 4009 ι
1696 3973 1820 4012 cum
1858 3958 2052 4027 nequi-

473 4058 614 4114 rent,
654 4048 798 4117 quod
821 4046 1085 4109 diximus,
1114 4061 1332 4116 capere,
1371 4048 1515 4116 quod
1545 4064 1609 4103 ex
1631 4048 1812 4118 seipso
1838 4064 2052 4117 semper

470 4156 571 4211 pro
618 4154 832 4195 summa
888 4146 1159 4209 potestate
1215 4149 1425 4209 poterat
1469 4140 1655 4195 omnia
1712 4156 1835 4209 qua:
1879 4140 2052 4194 voluit

470 4234 672 4297 facere,
707 4232 758 4284 in
794 4230 1238 4300 disquisitionem
1266 4232 1414 4285 illam
1440 4230 1711 4286 devenere
1738 4232 1883 4287 unde
1933 4233 2048 4286 ale-

472 4331 677 4376 rentur.
708 4318 822 4374 lloc
852 4319 1105 4375 incusato
1131 4320 1397 4376 Dominus
1430 4336 1537 4374 non
1568 4321 1767 4391 injuria
1792 4322 2049 4377 duritiem

472 4412 580 4465 illis
632 4411 887 4479 imputat,
932 4412 1077 4480 quod
1124 4413 1368 4466 nondum
1417 4412 1614 4479 divina:
1654 4423 1862 4469 natura:
1918 4430 2053 4469 con-

472 4516 665 4571 gruam
726 4510 782 4555 et
829 4500 1131 4556 humanum
1190 4503 1474 4559 modulum
1525 4514 1924 4577 transgressam
1982 4509 2051 4563 de

473 4598 592 4662 ipso
616 4593 928 4663 Opinionem
962 4603 1270 4650 tuerentur.

543 4685 872 4753 QUIESTIO
910 4686 1069 4742 cctx
1121 4686 1763 4759 [,Ceirsl.i‘,CCXXXVlll,
1811 4691 1976 4749 Taur.

1100 4758 1405 4831 ccxxut].

572 4849 761 4906 Eidem
798 4850 1092 4916 dubitanti,
1135 4854 1232 4905 «Αι
1268 4852 1368 4920 ipsi
1396 4870 1498 4906 non
1530 4853 1921 4910 intellexerunt.
1956 4874 1973 4907 ι

2154 3682 2335 3732 πᾶσαν
2352 3678 2602 3744 ἐξουσίαν
2632 3675 2727 3729 καὶ
2744 3676 3062 3747 κυριότητα,
3089 3678 3180 3729 τὸν
3210 3676 3525 3730 διδάσκαλον
3554 3678 3735 3730 αὐτῶν

2153 3769 2421 3823 ἐπιτελεῖν
2449 3769 2547 3831 τὰς
2579 3768 2925 3838 θεοσημείας,
2966 3767 3217 3837 ἐνόμιζον
3250 3784 3263 3797 ο
3310 3767 3377 3821 δι’
3402 3768 3430 3821 ὃ
3472 3769 3565 3821 καὶ
3595 3768 3736 3839 πλὴν

2153 3864 2271 3926 ἑνὸς
2328 3862 2404 3933 μὴ
2460 3862 2911 3931 συνεπιφέροντες
2968 3862 3185 3925 ἑαυτοῖς
3237 3861 3457 3932 ἄρτους,
3502 3864 3736 3933 ἐπείπερ

2152 3956 2391 4025 ἥκουσαν
2434 3954 2566 4025 παρ’
2599 3953 2786 4017 αὐτοῦ,
2820 3953 3108 4024 προσέχειν
3129 3953 3236 4007 ἀπὸ
3262 3953 3361 4023 τῆς
3403 3954 3582 4024 ζύμης
3627 3955 3737 4007 τῶν

2151 4044 2483 4114 Φαρισαίων,
2534 4045 2634 4098 οὐκ
2680 4044 2918 4115 ἔχοντες,
2950 4045 3088 4116 ὅπερ
3139 4044 3387 4115 ἔφημεν,
3420 4046 3495 4107 ὼς
3546 4045 3605 4109 ἐξ
3638 4047 3740 4096 αὺ-

2153 4137 2271 4200 τοῦ,
2304 4138 2400 4191 καὶ
2422 4138 2530 4202 ἀεὶ,
2582 4138 2679 4190 καὶ
2711 4138 2999 4199 αὐθεντίας
3044 4138 3236 4209 κράτει
3271 4138 3496 4201 δυνατός
3522 4140 3669 4191 ἐστιν
3700 4139 3737 4193 ἃ

2155 4228 2402 4300 βούλεται
2436 4229 2718 4300 πράττειν,
2749 4230 2827 4292 είς
2850 4229 3235 4299 διαλογισμοὺς
3277 4230 3371 4282 τοῦ
3396 4229 3512 4292 πῶς
3538 4232 3603 4283 ἂν
3626 4230 3733 4283 δια·

2153 4324 2412 4393 τραφεῖεν
2453 4321 2840 4393 ἀπηνέχθησαν
2874 4338 2888 4352 ο
2946 4325 3041 4375 καί
3084 4322 3245 4376 τοῦτο
3289 4323 3675 4393 αἰτιασάμενος
3708 4328 3739 4376 ὁ

2152 4412 2452 4481 Δεσπότης,
2483 4412 2565 4464 ὃτι
2596 4416 2670 4483 μή
2704 4430 2789 4465 πω
2814 4413 3092 4486 θεοπρεπῆ
3130 4417 3225 4467 καὶ
3250 4417 3354 4468 τῶν
3378 4416 3737 4487 ἀνθρωπίνων

2154 4504 2593 4574 ὑπερανέχουσαν
2619 4505 2854 4576 μέτρων,
2897 4508 2996 4577 τὴν
3030 4512 3159 4579 περὶ
3190 4507 3355 4562 αὑτοῦ
3382 4508 3539 4575 δόξαν
3570 4510 3736 4577 ἐκτή-

2154 4609 2336 4661 σαντο,
2384 4593 2608 4657 εἰκότως
2649 4594 2834 4656 αὐτοῖς
2902 4596 3000 4665 τὴν
3046 4596 3305 4668 πώρωσιν
3373 4597 3734 4651 ἐπεκάλεσεν.

2710 4687 3045 4741 ΕΡΩἸἩΣΙΣ
3072 4689 3190 4744 ΣΘ’.

2158 4860 2243 4927 Τῷ
2280 4862 2441 4929 αὐτῷ
2462 4864 2787 4933 ἀποροῦντι
2813 4882 2825 4895 ο
2864 4886 2881 4916 ‹
2921 4866 3027 4920 Καὶ
3050 4868 3219 4921 αὐτοὶ
3248 4870 3320 4922 οὐ
3350 4871 3671 4925 συνίεσαν.
3712 4889 3730 4920 ι

1148 4966 1291 5014 Edita
1312 4980 1337 5015 a
1364 4965 1663 5017 Montaeutio
1686 4969 1789 5030 (ep.
1817 4969 1876 5020 76
1898 4970 1955 5018 ad
1981 4968 2240 5022 Euschem.
2268 4988 2317 5037 p.
2344 4976 2554 5038 125).-
2578 4977 2633 5026 In
2664 4976 2780 5026 Luc.
2806 4990 2939 5038 an,
2976 4979 3056 5027 5i.

542 5073 741 5130 lterum
773 5074 1014 5139 dubitas,
1046 5088 1099 5130 et
1126 5076 1454 5145 interrogas,
1492 5076 1643 5132 Unde
1682 5079 1865 5145 ﬁebat,
1902 5083 2045 5150 quod
2074 5093 2129 5151 Β

2237 5084 2488 5157 Ἀπορεῖς
2528 5085 2689 5139 πάλιν
2726 5089 2819 5139 καὶ
2858 5088 3141 5159 διερωτᾷς,
3179 5088 3298 5152 πῶς
3332 5089 3427 5143 τοῦ
3460 5093 3735 5145 Δεσπότηυ

466 5181 590 5221 cum
626 5165 894 5221 Dominus
945 5166 1106 5236 plane
1145 5176 1199 5222 et
1243 5170 1526 5238 perspicue
1562 5170 1850 5239 discipulis
1887 5188 2049 5225 enar-

2149 5176 2355 5246 τρανῶς
2416 5179 2509 5230 καὶ
2541 5180 2726 5246 σαφῶς
2770 5182 2883 5242 τοῖς
2913 5181 3183 5251 μαθηταῖς
3245 5184 3736 5251 προαγγέλλοντος,

470 5265 550 5309 ret
576 5258 938 5312 contumelias
986 5273 1124 5326 quas
1162 5260 1231 5313 ab
1262 5260 1574 5315 hominibus
1616 5277 1879 5330 passurus
1910 5274 2048 5331 erat,

469 5347 677 5417 plagas,
701 5362 941 5413 crucem,
978 5358 1230 5415 mortem,
1271 5351 1375 5421 ipsi
1411 5362 1591 5408 tamen
1631 5371 1739 5409 non
1772 5356 2053 5414 iutellexe-

470 5438 632 5491 runt?
670 5438 747 5492 Ita
777 5440 919 5493 enim
954 5440 1164 5509 inquit:
1208 5459 1226 5492 ι
1254 5442 1323 5495 At
1364 5444 1465 5513 ipsi
1509 5462 1615 5499 non
1658 5447 2050 5520 intelligebant,

468 5537 522 5582 et
571 5539 691 5584 erat
743 5531 847 5586 hoc
879 5534 1104 5587 verbum
1138 5535 1206 5589 ab
1243 5536 1375 5604 ipsis
1406 5539 1760 5608 occultatum,
1797 5559 1897 5597 nec
1926 5560 2049 5613 quae

470 5621 791 5675 dicebantur
824 5625 1219 5695 percipiebant.
1252 5647 1270 5679 ι
1311 5627 1389 5682 Tu
1413 5640 1594 5685 autem
1630 5633 1759 5687 illud
1792 5635 1928 5689 mihi
1953 5652 2048 5690 co-

470 5707 660 5775 gitato,
699 5711 841 5778 quod
871 5710 1130 5767 Servatur
1159 5727 1214 5769 ut
1256 5717 1500 5773 redderet
1556 5723 1828 5777 acutiores
1878 5724 2047 5778 disci-

2148 5270 2245 5329 τὰς
2280 5267 2339 5330 ἐξ
2359 5268 2662 5340 ἀνθρώπων
2709 5268 2916 5340 ὕϐρεις,
2950 5268 3046 5324 καὶ
3089 5271 3190 5335 τὰς
3228 5273 3473 5343 πληγὰς,
3513 5275 3609 5326 καὶ
3644 5276 3739 5327 τὸν

2152 5361 2408 5431 σταυρὸν,
2441 5363 2536 5414 καὶ
2565 5362 2658 5416 τὸν
2693 5362 2946 5429 θάνατον,
2987 5363 3143 5417 αὐτοὶ
3189 5363 3250 5415 οὐ
3284 5364 3553 5435 συνῄεσαν
3585 5382 3600 5397 ο
3642 5365 3740 5419 καὶ

2151 5455 2258 5526 γάρ
2312 5471 2469 5525 φησι,
2518 5474 2537 5506 ι
2598 5457 2709 5509 Καὶ
2767 5457 2920 5509 αὐτοὶ
2969 5457 3029 5509 οὐ
3093 5457 3335 5527 συνῆκαν
3365 5475 3380 5489 ⁸
3425 5458 3522 5513 καὶ
3560 5454 3628 5530 ἦν
3680 5459 3740 5511 τὸ

2159 5547 2311 5616 ρἧα
2339 5546 2500 5599 τοῦτο
2556 5547 2936 5617 κεκρυμμένον
2969 5547 3065 5601 ἀπ’
3092 5548 3291 5614 αὐτῶν,
3351 5549 3447 5602 καὶ
3489 5551 3589 5603 οὐκ
3624 5550 3737 5617 ἐγί-

2156 5654 2364 5697 νωσκον
2391 5638 2461 5689 τὰ
2493 5637 2781 5707 λεγόμενα.
2831 5656 2848 5688 ι
2903 5639 3044 5691 Ἀλλ’
3076 5640 3253 5693 ἐκεῖνό
3287 5658 3378 5711 μοι
3424 5642 3616 5705 ἐννόει,
3659 5644 3737 5694 ὅτι

2156 5729 2250 5782 καὶ
2285 5730 2411 5791 τοὺς
2447 5728 2694 5798 μαθητὰς
2733 5732 2762 5782 ὁ
2792 5732 2983 5803 Σωτὴρ
3009 5731 3295 5805 ὀξυτέρους
3326 5733 3521 5801 ποιῶν,
3548 5733 3727 5787 πολλὰ·
