4136 6448
366 321 474 384 957

1200 320 1300 379 AD
1344 319 1941 380 AMPHILOCHIUM
1981 321 2330 392 QU/ESTIO
2363 321 2784 384 CCVIII-CCX.

3532 329 3639 395 958

366 450 456 495 κις
515 429 700 493 αὐτοῖς
742 429 802 483 ἐν
842 425 1183 498 παραϐολαῖς
1239 425 1440 480 ἐλάλει.
1496 428 1606 480 Καὶ
1651 426 1733 478 ὅτι
1771 426 1956 480 καὶτὸ

2061 427 2242 496 pulos,
2278 427 2620 497 frequentius
2657 429 2806 498 ipsos
2845 427 2901 483 in
2935 429 3209 499 parabolis
3239 432 3638 504 alloquebatur,

368 524 602 594 πρᾶγμα
639 516 709 592 ἦν
749 519 926 582 ἄλλως
967 517 1289 588 παράδοξον,
1316 518 1545 587 νεκροὺς
1568 517 1825 586 ἐγείρειν,
1857 519 1954 570 καὶ

369 603 649 683 βασιλείαν
705 611 879 664 ἀΐδιον
942 608 1336 682 ἐπαγγέλλειν,
1387 606 1483 658 καὶ
1544 607 1771 660 θάνατον
1827 607 1958 660 ἴδιον

368 702 785 774 προαγγέλλειν.
845 700 922 753 Οὐ
952 701 1113 770 μόνον
1141 697 1221 764 δέ,
1247 697 1364 750 ἀλλ’
1397 698 1478 751 ὅτι
1508 699 1682 752 καὶτὸ
1706 699 1841 770 πρὸς
1862 699 1956 753 τὸν

367 792 687 847 διδάσκαλον
738 793 852 853 τοῖς
893 789 1164 860 μαθηταῖς
1221 788 1464 860 φίλτρον,
1496 789 1574 860 τῷ
1619 789 1798 860 χρόνῳ
1851 790 1955 859 ἤδη

370 885 678 958 ἐρῤώννυτο
699 883 797 937 καὶ
818 879 1095 951 ὲνήκμαζε
1122 881 1216 934 καὶ
1248 880 1424 934 δεινὸν
1452 882 1644 933 παθεῖν
1672 881 1824 934 οὐδὲν
1853 881 1955 934 αὐ·-

368 981 460 1032 τὸν
487 977 696 1048 ἤθελον.
758 976 823 1027 Ὃ
847 975 904 1028 δέ
931 991 1014 1037 τις
1043 975 1103 1027 οὐ
1136 973 1410 1044 βούλεται,
1446 974 1601 1044 μόλις
1649 975 1741 1028 καὶ
1779 975 1954 1044 παρὸν

370 1066 730 1136 ἐφεστηκέναι
757 1064 1090 1118 συντίθεται.
1150 1065 1251 1117 Διά
1283 1064 1455 1118 ταῦτα
1479 1065 1680 1128 πάντα,
1707 1067 1953 1133 παραϐο-

370 1160 470 1229 λήν
497 1174 640 1222 τινα,
683 1157 776 1210 καὶ
799 1157 858 1209 οὐ
886 1155 996 1209 τῶν
1026 1156 1306 1226 δυσχερῶν
1350 1157 1577 1210 ἐκείνων
1611 1157 1956 1228 προαγόρευ-

373 1265 478 1313 σιν,
500 1248 570 1300 τὰ
591 1248 722 1319 περὶ
745 1247 840 1301 τοῦ
867 1248 1073 1313 πάθους
1104 1248 1357 1319 ἐνόμιζον
1391 1250 1442 1301 οἱ
1497 1249 1825 1314 ἀπόστολοι,
1858 1251 1954 1302 καὶ

370 1339 457 1392 διὰ
485 1337 646 1392 τοῦτο
685 1338 946 1402 συνιέναι,
969 1339 1075 1392 κᾶν
1112 1340 1287 1402 ἄλλως
1319 1340 1466 1408 σαφῆ
1497 1340 1591 1393 καὶ
1625 1341 1834 1412 φανερὰ
1861 1335 1950 1410 ἦν,

370 1431 471 1484 οὐκ
494 1430 778 1500 ἠδύναντο,
805 1431 1004 1500 μᾶλλον
1029 1431 1084 1485 δὲ
1110 1433 1210 1485 οὐκ
1241 1431 1542 1496 ἐϐούλοντο,
1568 1433 1636 1487 τὰ
1662 1433 1952 1503 λεγόμενα.

373 1525 438 1578 El
458 1524 513 1578 δὲ
537 1524 633 1578 καὶ
654 1524 717 1576 τὸ
753 1524 852 1594 τῆς
880 1523 1152 1594 ἐγέρσεως
1181 1524 1364 1586 αὐτοῖς
1394 1527 1777 1594 προσεπινοεῖν
1837 1525 1954 1578 ἐθε-

372 1616 579 1687 λήσεις,
605 1617 841 1687 πρᾶγμα
873 1617 1059 1686 μεῖζον
1083 1615 1182 1686 μὲν
1217 1615 1473 1682 πίστεως,
1497 1617 1592 1669 καὶ
1633 1617 1756 1670 καθ’
1793 1617 1955 1670 ἑαυτὸ

373 1707 859 1778 διασκοπούμενοι),
885 1707 1102 1778 ἑγερσις
1130 1708 1576 1779 αὐτουργουμένη
1608 1708 1686 1777 τῷ
1699 1709 1953 1779 τελευτή-

2059 526 2173 570 ιιιηι
2206 518 2351 586 quod
2388 519 2722 587 paradoxum
2753 529 2892 588 erat,
2931 531 3178 578 mortuos
3205 526 3551 593 resuscitare,
3584 541 3640 584 et

2056 625 2284 679 regnum
2318 611 2582 665 caelorum
2611 612 2880 680 polliceri,
2912 622 2966 668 et
2987 616 3263 685 propriam
3289 616 3460 687 ipsius
3489 635 3640 674 mor-

2057 707 2166 755 tem
2203 702 2526 771 praedicare.
2561 701 2668 757 Nec
2713 703 2815 758 ista
2849 714 3058 760 tantum
3087 746 3102 770 ,
3141 709 3234 763 sed
3289 725 3413 764 cum
3469 711 3637 767 etiam

2057 793 2201 862 apud
2231 792 2531 863 discipulos
2559 807 2716 848 amor
2758 808 2886 865 erga
2928 796 3248 866 magistrum
3297 814 3455 855 suum
3507 817 3639 872 pro-

2056 901 2248 956 gressu
2281 887 2543 957 temporis
2575 886 2964 954 roborarctur,
3015 900 3070 944 et
3119 891 3358 960 ﬂoreret,
3397 904 3454 950 ut
3500 896 3637 950 nihil

2057 974 2210 1030 illum
2243 991 2406 1046 grave
2456 977 2665 1046 perpeti
2701 977 2922 1032 vellent.
2956 977 3112 1044 Quod
3143 997 3273 1035 vero
3306 985 3431 1052 quis
3478 987 3636 1051 nolit,

2056 1065 2147 1120 vix
2180 1067 2346 1121 etiam
2384 1083 2510 1122 cum
2545 1067 2814 1122 incumbit
2855 1067 3125 1123 instanter
3176 1071 3488 1126 adfuturum
3538 1091 3638 1144 ap-

2056 1159 2396 1228 prehendere
2429 1166 2630 1228 potest.
2669 1159 2795 1214 Ideo
2843 1160 3157 1230 parabolam
3207 1163 3523 1230 quamdam,
3587 1175 3642 1218 ιι

2056 1267 2165 1306 non
2207 1251 2793 1320 praedeuuntiationem
2825 1252 3095 1306 malorqu
3141 1256 3504 1319 quorumdam
3559 1259 3644 1310 lt:-

2057 1344 2493 1404 tolerandorum,
2555 1361 2676 1415 quae
2732 1345 3047 1414 passionem
3100 1345 3272 1411 ipsius
3327 1350 3640 1417 tangebant,

2055 1436 2317 1490 rebantur
2356 1437 2614 1505 apostoli.
2641 1437 2912 1503 Quocirca
2946 1438 3033 1492 illa
3067 1437 3366 1508 intelligere
3397 1457 3502 1494 non
3546 1457 3644 1510 po-

2057 1535 2257 1592 terant,
2291 1527 2417 1582 licet
2447 1528 2570 1582 aliis
2599 1537 2783 1596 aperta
2821 1538 3009 1583 essent
3055 1538 3104 1583 et
3158 1531 3448 1600 pet-Spicua
3471 1572 3491 1597 ,
3546 1542 3644 1587 aut

2057 1618 2239 1688 potius
2271 1616 2360 1671 illa
2392 1617 2693 1687 intelligere
2724 1617 3004 1672 nolebant.
3037 1618 3192 1684 Quod
3229 1622 3271 1675 si
3334 1622 3419 1676 his
3449 1625 3644 1694 adjun-

2059 1723 2184 1776 gere
2221 1707 2461 1762 volueris
2504 1708 2946 1763 resuscitationis
2993 1711 3270 1780 negotium
3296 1754 3314 1779 ,
3376 1729 3490 1767 rem
3540 1715 3645 1768 [ide

375 1817 531 1853 σαντι
555 1815 568 1829 ·
599 1801 834 1870 μάλιστα
855 1800 912 1853 δὲ
953 1800 1094 1869 μετὰ
1128 1799 1238 1853 τῶν
1272 1801 1448 1852 ἄλλων
1483 1798 1826 1870 σκυθρωπῶν
1862 1800 1959 1854 καὶ

2061 1799 2349 1866 majorem,
2389 1814 2484 1868 per
2530 1799 2768 1867 seipsam
2811 1799 3240 1868 consideratam,
3284 1804 3643 1857 resurrectio-

383 1891 451 1944 ἐκ
520 1890 816 1961 διαμέτρου
876 1891 1204 1962 μαχομένων
1274 1891 1817 1962 συμπαρατιθέμενον
1867 1892 1964 1944 καὶ.

2062 1903 2185 1942 nem
2216 1889 2285 1943 ab
2323 1889 2557 1958 ipsumet
2598 1890 2856 1944 defuncto
2899 1902 3283 1959 procuratam,
3338 1908 3643 1964 agnosces;

372 1979 903 2050 προαγγελλόμενον,
930 1979 1115 2033 οὐκέτι
1171 1978 1306 2032 διότι
1357 1980 1433 2049 μὴ
1481 1977 1777 2050 συνῄεσαν,
1822 1980 1960 2043 ὅλως

366 2060 702 2142 Ἀπορήσεις.

939 2271 1274 2325 ΕΡΩΤΗΣΙΣ
1293 2271 1392 2324 ΣΥ.

2059 1979 2237 2049 magis
2263 1989 2444 2033 autem
2478 1981 2522 2034 si
2572 1988 2946 2049 comparatum
2996 1996 3122 2036 cum
3165 1981 3287 2036 aliis
3316 1984 3644 2052 quibusdam

2061 2071 2338 2132 tristibus,
2381 2079 2434 2124 et
2465 2085 2496 2124 e
2529 2071 2799 2126 diametro
2833 2073 3204 2142 pugnantibus
3239 2077 3644 2142 praeannuntie-

2055 2171 2167 2226 tur,
2204 2178 2549 2232 nequaquam
2583 2162 2898 2217 dilliteberis
2927 2179 3022 2219 eos
3059 2164 3359 2233 ignorasse.

2061 2275 2386 2344 ΟΠΑΞΞΤΙΟ
2413 2277 2546 2332 CCX
2577 2275 2766 2349 [CoisL
2790 2276 3122 2343 CCXXXIX,
3165 2278 3311 2332 Taur
3353 2280 3642 2354 CCXXX].

667 2413 807 2464 Edita
839 2427 865 2463 a
890 2413 1187 2463 Montacutio
1208 2416 1309 2475 (ep.
1339 2412 1418 2474 77,
1450 2412 1510 2462 ad
1536 2413 1795 2476 lgnatium,
1817 2413 1999 2475 p.125,
2025 2413 2159 2478 126).
2182 2441 2246 2452 —
2267 2417 2319 2466 ιη
2339 2415 2489 2467 verba
2508 2416 2678 2464 Matth.
2703 2430 2785 2474 ιιι,
2815 2416 2874 2476 9;
2907 2413 3026 2464 Luc.
3051 2429 3125 2475 tu,
3147 2415 3178 2463 8
3205 2414 3347 2478 (82').

443 2519 538 2586 Τὸ,
601 2539 620 2572 ι
655 2520 894 2576 Δύναται
941 2523 970 2574 6
994 2522 1127 2586 Θεὸς
1162 2526 1255 2576 καί⁵
1297 2525 1361 2578 ἐκ
1393 2523 1503 2577 τῶν
1554 2523 1719 2576 λίθων
1749 2521 1956 2576 τούτων

371 2609 584 2680 ἐγεῖραι
621 2611 786 2665 τέκνα
804 2612 884 2685 τῷ
921 2612 1202 2686 Ἀϐραὰμ,
1241 2634 1259 2666 r
1299 2616 1348 2668 oi
1378 2617 1475 2686 μὲν
1503 2615 1613 2686 πρὸ
1641 2615 1797 2685 ἡμῶν
1829 2613 1958 2678 τοὺς

371 2701 434 2766 ἐξ
456 2701 626 2756 ἐθνῶν
663 2707 1096 2770 πεπιστευκότας
1123 2705 1497 2777 ἐξειλήφασιν,
1539 2706 1589 2759 οἳ
1644 2708 1740 2759 καὶ
1767 2745 1782 2771 ,
1817 2706 1960 2759 κατὰ

373 2793 556 2858 λίθους
600 2797 697 2850 καὶ
739 2800 970 2868 πέτρας,
1032 2801 1450 2870 πεπωρωμένην
1493 2801 1586 2852 καὶ
1630 2798 1960 2868 ἀναίσθητον

374 2887 476 2958 τὴν
511 2889 740 2958 καρδίαν
781 2889 1000 2961 ἔχοντες
1034 2890 1108 2962 (τί
1141 2892 1248 2960 γὰρ
1285 2893 1402 2957 τοῦ,
1433 2892 1601 2954 λίθοις
1635 2894 1730 2944 καὶ
1774 2891 1952 2955 ξύλοις

374 2985 724 3051 προσκυνεῖν,
754 2985 834 3045 είς
869 2981 1129 3053 πώρωσιν
1157 2985 1250 3036 καὶ
1279 2984 1640 3052 ἀναισθησίαν
1677 2983 1962 3036 ἀτοπώτε-

379 3089 471 3142 ρον
495 3075 560 3141 ;),
601 3075 773 3144 ὅμως,
812 3074 1024 3128 ἐκεῖθεν
1056 3075 1465 3148 διαρραγέντες,
1497 3077 1577 3136 είς
1620 3076 1842 3146 σπέρμα
1885 3075 1964 3145 τῷ

387 3161 643 3232 Ἀϐραὰμ
695 3163 784 3216 διὰ
813 3163 913 3232 τῆς
941 3163 1177 3227 πίστεως
1232 3164 1632 3230 ἐξανίστανται.
1684 3165 1748 3216 El
1779 3164 1836 3217 δὲ
1869 3165 1964 3217 καὶ

373 3255 474 3325 τῆς
514 3253 713 3320 λέξεως
755 3259 932 3310 εἰπεῖν
971 3258 1068 3310 καὶ¹
1095 3258 1192 3327 τῆς
1233 3257 1474 3326 ίστορίας
1523 3256 1820 3326 ἐγγύτερον
1864 3257 1964 3309 οὐκ

2132 2524 2267 2579 Illud
2289 2564 2304 2588 ,
2344 2543 2363 2576 ι
2394 2523 2583 2579 Potest
2616 2525 2759 2580 Deus
2793 2523 2880 2578 vel
2913 2538 2944 2577 e
2978 2522 3249 2594 lapidibus
3290 2521 3409 2576 istis
3442 2520 3649 2574 liberos

2061 2616 2375 2672 Ahrahamo
2410 2618 2679 2672 suscitare
2706 2656 2721 2680 ,
2756 2635 2773 2667 ι
2812 2624 2944 2670 sunt
2972 2630 3037 2670 ex
3066 2614 3308 2683 antiquis
3349 2612 3515 2682 aliqui
3550 2611 3648 2681 qui

2063 2709 2371 2763 retulerunt
2402 2708 2469 2762 ad
2496 2708 2782 2762 credentes
2814 2723 2844 2762 e
2872 2707 3148 2776 gentibus,
3183 2705 3277 2774 qui
3311 2719 3570 2759 saxorum
3593 2713 3650 2759 et

2062 2804 2342 2866 petrarum
2399 2811 2551 2852 more
2601 2797 2768 2850 corda
2827 2796 3101 2850 habebant
3153 2795 3442 2850 obdurata.
3504 2793 3647 2872 Quid

2062 2890 2208 2942 enim
2237 2889 2411 2959 magis
2445 2889 2767 2954 absurdum,
2797 2904 2961 2958 quam
2994 2889 3279 2942 obﬁrmate
3309 2896 3362 2941 et
3401 2889 3519 2942 sine
3549 2903 3652 2957 pu-

2063 2980 2218 3044 dore,
2259 2981 2468 3050 lapides
2517 2991 2571 3034 et
2611 2980 2758 3051 ligna
2819 2980 3084 3034 adorare?
3113 2977 3179 3033 Et
3209 2987 3388 3032 tamen
3441 2980 3509 3034 ab
3547 2979 3652 3034 hac

2060 3071 2458 3127 consuetudine
2490 3072 2751 3125 abstracti
2792 3087 2888 3139 per
2918 3071 3103 3133 (idem,
3135 3071 3186 3123 in
3211 3085 3398 3126 scmen
3417 3071 3650 3124 Abralue

2061 3169 2404 3232 consurgunt
2431 3162 2720 3216 homines:
2745 3162 2829 3216 sin
2857 3170 3038 3216 autem
3071 3175 3176 3215 non
3207 3171 3290 3214 est
3328 3160 3650 3229 improban-

2061 3253 2192 3307 dum
2230 3251 2377 3307 aliud
2400 3293 2416 3318 ,
2465 3253 2610 3323 quod
2646 3268 2771 3306 cum
2811 3251 2994 3307 verbis
3033 3259 3086 3305 et
3117 3251 3378 3306 historica
3422 3251 3650 3305 veritate

374 3343 654 3414 ἀδόκιμον,
682 3345 790 3398 οὐδ’
819 3348 996 3398 ἐκεῖνο
1023 3349 1350 3416 παροπτέον,
1406 3347 1487 3398 ὅτι
1511 3347 1573 3398 τὸ
1599 3345 1840 3418 ἄρρητον
1861 3347 1956 3399 καὶ

2061 3345 2284 3415 pronius
2306 3354 2389 3400 est
2409 3343 3041 3415 coniunctum,edicere,
3066 3359 3172 3398 non
3193 3351 3275 3398 est
3300 3343 3524 3413 insuper
3549 3343 3650 3416 ha;

377 3435 658 3506 ὑπερφυὲς
716 3439 814 3489 καὶ
865 3438 1206 3508 παντουργὸν
1255 3438 1352 3490 καὶ
1405 3437 1812 3508 παντοδύναμον
1860 3437 1960 3508 τῆς

375 3527 910 3599 θείαςεβουλήσεως,
971 3529 1000 3580 6
1054 3528 1373 3599 Βαπτιστὴς
1433 3531 1789 3600 παραστῆσαι
1832 3530 1959 3599 βου-

375 3619 624 3690 λόμενος,
670 3620 846 3674 ταῦτα
890 3621 1196 3690 ἐφθέγξατο
1247 3636 1260 3650 ο
1297 3621 1474 3674 ἐκεῖνο
1516 3620 1830 3690 ὑποδηλῶν,
1878 3623 1961 3675 ὅτι

375 3713 566 3784 ὥσπερ
609 3714 912 3784 καταρχὰς,
951 3713 1232 3784 βουληθεὶς
1272 3716 1300 3766 6
1323 3699 1508 3776 Θεὸς,
1568 3715 1633 3766 ἐκ
1667 3711 1838 3783 πηλοῦ
1870 3713 1960 3766 τὸν

375 3806 663 3877 ἄνθρωπον
689 3806 1036 3870 διεπλάσατο,
1055 3805 1198 3860 οὕτω
1225 3807 1320 3859 καὶ
1345 3805 1444 3858 νῦν
1465 3807 1531 3858 ἐκ
1548 3807 1656 3859 τῶν
1682 3806 1961 3874 συγγενῶν

376 3896 540 3948 λίθων
567 3893 664 3950 καὶ
723 3894 1160 3965 ὁμοστοίχωντῷ
1210 3895 1389 3964 πηλῷ,
1425 3898 1575 3966 ῥᾷον,
1623 3899 1672 3948 εί
1720 3897 1963 3967 βούλοιτο

381 3987 762 4058 μεταπλάσας,
788 3989 867 4049 είς
892 3988 1112 4057 σπέρμα
1132 3986 1230 4038 καὶ
1242 3989 1405 4039 τέκνα
1422 3987 1500 4057 τῷ
1525 3986 1800 4058 Ἀϐραὰμ,
1827 3991 1962 4043 ἁνα-

383 4081 620 4151 στήσειε.
662 4080 734 4133 Σὺ
768 4079 827 4133 δέ
871 4097 961 4150 μοι
1017 4079 1114 4132 καὶ
1154 4079 1562 4147 τρίτονέννόει,
1590 4080 1698 4135 τῶν
1730 4081 1959 4151 εἰρημέ-

381 4188 510 4234 νων,
541 4171 626 4223 ἵνα
668 4171 745 4240 μὴ
783 4170 928 4238 λέγω
955 4169 1272 4240 ἐγγύτερον,
1298 4169 1410 4222 οὐδ’
1445 4171 1632 4241 ἐτέρου
1689 4172 1828 4233 τέως
1858 4188 1962 4242 μα-

377 4262 671 4333 κρότερον·
703 4261 780 4324 ὡς
808 4260 869 4326 ἐξ
894 4262 1120 4315 ἐκείνων
1148 4260 1256 4314 τῶν
1316 4262 1504 4326 λίθων,
1552 4261 1645 4326 οὓς
1668 4265 1696 4316 6
1723 4263 1960 4335 Πρόδρο-

378 4371 481 4427 μος
525 4355 856 4419 ὑποδεικνὺς
891 4354 1066 4424 ἔλεγε,
1111 4373 1130 4407 ι
1179 4355 1414 4409 Δύναται
1444 4358 1472 4409 6
1499 4355 1632 4420 Θεὸς
1669 4357 1733 4408 ἐκ
1753 4355 1961 4408 τούτων

375 4450 590 4518 ἐγεῖραι
613 4449 782 4503 τέκνα
811 4447 890 4519 τῷ
924 4447 1199 4519 Ἀϐραὰμ,
1228 4466 1247 4498 ›
1288 4447 1376 4502 ἐπ’
1417 4450 1603 4512 αὐτοῖς
1630 4447 1815 4520 ἔργοις
1841 4449 1960 4501 ἔστι

375 4539 698 4607 θεάσασθαι,
747 4542 844 4594 καὶ
875 4540 1047 4595 τέκνα
1071 4541 1151 4611 τῷ
1191 4540 1448 4612 Ἀϐραὰμ
1477 4541 1835 4611 ἀνιστάμενα,
1863 4541 1959 4594 καὶ

372 4633 792 4704 περατουμένην
823 4632 923 4702 τὴν
951 4634 1280 4706 πρόρρησιν.
1330 4634 1458 4686 Ὅτε
1480 4631 1590 4704 γὰρ
1630 4632 1690 4686 τὸ
1731 4631 1828 4686 τοῦ
1869 4633 1958 4685 κό-

378 4741 519 4796 σμου
551 4725 820 4796 σωτήριον
853 4724 1088 4777 ἐτελεῖτο
1117 4724 1308 4788 πάθος,
1336 4725 1458 4778 τότε
1482 4724 1591 4777 τῶν
1617 4723 1784 4777 λίθων
1816 4723 1962 4776 ἐκεί-

371 4835 478 4871 νων
509 4815 606 4871 καὶ
635 4815 872 4888 πετρῶν,
904 4818 1044 4888 μετὰ
1070 4817 1178 4870 τῶν
1201 4816 1374 4870 ἄλλων
1394 4857 1413 4882 ,
1440 4815 1796 4887 σχιζομένων,
1827 4815 1954 4868 πολ-

1986 4678 2041 4738 D

2062 3438 2300 3492 bendum
2325 3436 2471 3505 quod
2493 3436 2754 3501 divinam,
2773 3436 3221 3500 inenarrabilem,
3253 3443 3646 3505 supernatura-

2062 3528 2190 3592 lem,
2230 3528 2415 3582 omnia
2450 3537 2783 3597 operantem,
2830 3534 2885 3580 et
2911 3526 3094 3580 omnia
3127 3535 3406 3595 potentem
3447 3526 3648 3580 volun-

2066 3628 2259 3686 tatem,
2285 3620 2534 3688 Baptista
2563 3633 2687 3673 cum
2719 3616 2882 3671 vellet
2912 3615 3304 3683 insinuare,ita
3332 3617 3650 3686 prolocutus

2062 3719 2166 3766 est.
2195 3709 2333 3766 Illud
2363 3708 2624 3762 nimirum
2669 3706 3054 3771 subindicans,
3091 3701 3237 3775 quod
3290 3706 3650 3775 quemadmo—

2064 3802 2193 3855 dum
2224 3799 2293 3854 ab
2320 3799 2479 3853 initio
2512 3797 2626 3853 sola
2656 3812 2754 3852 sua
2786 3796 3092 3860 voluntate,
3140 3811 3171 3850 e
3223 3795 3334 3868 luto
3371 3795 3648 3849 hominem

2065 3890 2394 3954 cll'ormavit,
2427 3891 2503 3943 ita
2535 3897 2588 3943 et
2619 3903 2765 3942 nunc
2795 3889 2961 3942 etiam
3002 3901 3032 3940 e
3070 3885 3472 3956 congeneribus
3499 3886 3652 3940 saxis

2062 3990 2117 4035 et
2141 3981 2226 4034 his
2254 3979 2605 4049 coarquandis
2637 3977 2817 4041 facile,
2849 3975 3010 4029 modo
3036 3975 3293 4037 voluerit,
3311 3974 3365 4027 in
3385 3988 3570 4028 semen
3593 3984 3650 4030 et

2061 4073 2268 4127 liberos
2297 4071 2610 4124 Ahrahamo
2662 4068 2970 4124 suscitabit.
3039 4065 3120 4120 Tu
3171 4075 3352 4120 autem
3393 4065 3648 4120 conside-

2066 4163 2215 4219 rabis
2243 4172 2298 4218 et
2329 4162 2544 4217 tertiam
2573 4159 2975 4229 expositionem
3005 4172 3073 4212 ne
3093 4157 3271 4210 dicam
3307 4159 3644 4226 prepriorem

2066 4255 2134 4310 iis
2170 4269 2291 4325 qua:
2320 4261 2445 4307 ante
2479 4252 2642 4307 dictae
2681 4258 2832 4314 sunt,
2882 4258 3027 4303 certe
3061 4256 3242 4302 tamen
3285 4247 3432 4301 nulla
3475 4249 3646 4302 altera

2063 4346 2455 4409 remotiorem;
2488 4343 2631 4414 quod
2663 4357 2693 4397 e
2729 4340 3004 4410 lapidibus
3030 4340 3138 4395 illis
3162 4355 3302 4409 quos
3333 4339 3647 4393 Praecursor

2063 4441 2231 4511 digito
2261 4437 2604 4492 monstrabat
2629 4436 2853 4500 dicens,
2906 4453 2924 4484 ι
2954 4432 3105 4487 Potis
3152 4442 3237 4488 est
3277 4431 3420 4486 Deus
3465 4431 3548 4486 vel
3577 4446 3644 4484 ex

2064 4533 2186 4589 istis
2215 4530 2488 4600 lapidibus
2523 4530 2793 4583 suscitare
2819 4527 3023 4582 liberos
3045 4526 3390 4590 Ahrahamo,
3427 4542 3445 4575 ι
3480 4538 3646 4592 opere

2065 4626 2250 4680 videre
2275 4625 2402 4680 licet
2427 4623 2804 4692 adimpletum,
2829 4619 3034 4674 liberos
3072 4617 3385 4672 Ahrahamo
3410 4615 3645 4670 suscita-

2073 4728 2157 4773 tos
2185 4728 2238 4772 et
2273 4715 2682 4786 praedictionem
2728 4711 2836 4766 line
2884 4709 3254 4780 adimpletam.
3312 4706 3448 4761 Cum
3493 4706 3640 4759 enim

2061 4810 2247 4880 passio
2270 4809 2361 4862 illa
2389 4807 2596 4862 mundo
2623 4802 2907 4860 salutifera
2934 4801 3318 4867 compleretur,
3343 4807 3454 4850 tum
3489 4797 3640 4850 saxis

373 4908 458 4962 λοὶ
481 4911 575 4963 καὶ
604 4909 712 4962 τῶν
743 4908 970 4963 ἐθνικῶν
994 4907 1220 4962 καὶτῶν
1247 4908 1540 4972 Ἰουδαίων,
1577 4907 1747 4976 μέσας
1783 4905 1953 4969 αὑτάς

2061 4903 2170 4957 illis
2197 4913 2251 4956 et
2279 4900 2479 4971 petris,
2536 4913 2644 4952 una
2696 4910 2822 4951 cum
2863 4894 2988 4948 aliis
3036 4891 3293 4961 diruptis,
3345 4889 3502 4944 multi
3530 4899 3582 4943 et
3610 4905 3642 4943 c

375 5019 478 5055 που
521 5001 621 5066 τὰς
679 5000 1096 5072 πεπωρωμένας
1150 4998 1377 5068 καρδίας
1429 4997 1822 5070 διαρῤαγέντες

378 5093 639 5164 θαύματι,
671 5095 751 5158 είς
780 5093 878 5164 τὴν
894 5091 990 5146 τοῦ
1013 5091 1255 5163 Χριστοῦ
1278 5091 1462 5144 πίστιν
1489 5088 1956 5160 ἐθεμελιὼθησαν,

377 5185 475 5238 καὶ
524 5186 633 5238 τῶν
666 5185 876 5238 τέκνων
913 5183 1008 5237 τοῦ
1052 5183 1324 5254 Ἀϐραὰμ,
1356 5182 1434 5251 τῷ
1459 5198 1520 5234 τε
1548 5181 1696 5249 γένει
1727 5181 1818 5232 καὶ
1848 5184 1960 5242 τοῖς

379 5276 601 5347 κλήροις
645 5278 1131 5347 ἐναπεγράφησαν.
1184 5273 1463 5344 Προῆκταί
1523 5288 1605 5324 σοι
1637 5271 1851 5336 τοίνυν,
1885 5271 1959 5333 ὡς

376 5371 529 5440 ὁρᾷς,
559 5372 700 5421 κατὰ
720 5386 778 5422 τε
819 5370 1050 5439 θεωρίαν
1081 5369 1175 5421 καὶ
1202 5364 1466 5437 ἱστορίαν,
1494 5366 1527 5434 ἠ
1560 5363 1846 5434 ἑρμηνεία·
1874 5363 1956 5414 δι-

377 5462 521 5534 πλῆν
548 5463 604 5516 δὲ
635 5464 734 5534 τὴν
776 5464 1039 5534 ἱστορίαν,
1076 5461 1175 5534 τὴν
1214 5460 1314 5532 μὲν
1345 5457 1832 5530 προγεγενημένην
1859 5457 1957 5525 τὴν

1875 4995 1954 5065 τῷ
2055 4993 2309 5064 gentibus
2339 5000 2394 5046 et
2438 4989 2674 5052 ludatis,
2708 4986 2971 5041 habentes
2999 4984 3164 5039 corda
3198 4998 3296 5036 sua
3337 4983 3490 5052 prius
3541 4982 3640 5035 ob-

2055 5087 2271 5145 durata,
2311 5098 2407 5152 per
2432 5081 2671 5136 medium
2699 5078 2916 5132 divulsa
2953 5076 3048 5131 illo
3081 5075 3368 5137 miraculo,
3395 5073 3447 5128 iu
3479 5071 3642 5128 Chri-

2057 5181 2125 5233 sti
2158 5178 2320 5232 [idem
2349 5176 2508 5246 quasi
2543 5175 2594 5228 in
2619 5174 3038 5228 fundamentum
3062 5169 3408 5232 locabantur,
3436 5176 3489 5221 et
3514 5166 3641 5220 ﬁliis

2058 5271 2312 5336 Abrahae,
2360 5285 2484 5325 cum
2521 5283 2718 5339 genere
2751 5277 2862 5320 tum
2918 5275 3065 5320 sorte
3111 5260 3638 5316 annumerahantur.

2066 5362 2142 5417 Ita
2177 5363 2327 5417 vides
2354 5377 2642 5432 quousque
2669 5361 2764 5416 tibi
2805 5359 3070 5430 producta
3109 5363 3195 5411 est
3241 5351 3639 5422 interpretatio,

2067 5464 2120 5508 ct
2172 5452 2353 5523 quoad
2404 5452 2946 5524 contemplationem,
2982 5458 3036 5504 et
3083 5445 3266 5518 quoad
3310 5442 3641 5506 historiam;

1885 5589 2122 5646 ΝΟΤᾹΞ.

483 5741 626 5815 (82')
659 5740 914 5812 Ejusdem
940 5739 1242 5810 argumenti
1275 5737 1633 5809 quaestionem
1664 5751 1826 5804 supra
1859 5751 1915 5788 n.
1955 5731 2128 5788 XXXI
2155 5732 2301 5789 dedit
2339 5729 2589 5788 Pbotius.
