4136 6452
492 289 599 354 959

1642 284 1907 345 ΡΗΟΤΙΙ
1944 285 2455 346 ΡΑΤΒΙΑΒΟΠᾸΞ
2493 284 2601 344 CP.

3652 281 3718 345 9f:
3724 285 3760 348 0

495 400 779 457 historiam
811 412 975 470 porro
994 396 1291 468 geminam,
1314 397 1721 451 antecedentem
1743 412 1927 462 unam,
1950 401 2072 451 sult-

2186 397 2243 450 δὲ
2268 398 2670 463 ἐπιγεγονυῖαν,
2698 394 2791 447 καὶ
2817 395 2882 447 δι’
2899 394 3187 466 ἑκατέρας,
3218 395 3277 450 τὸ
3306 392 3638 467 δημιουργὸν
3662 394 3765 446 καὶ

491 500 809 563 sequentem
838 491 1084 553 alteram,
1115 497 1169 542 et
1200 488 1253 542 in
1293 500 1524 557 utraque
1549 486 1746 541 divina:
1776 488 2073 543 voluntatis

494 582 859 637 conditoriam
895 589 1221 651 potestatem
1248 588 1302 634 et
1332 578 1631 649 potentiam
1657 578 1983 631 illimitatam
2015 578 2074 632 in

491 673 683 727 oculos
726 673 1122 725 incurrentem.

494 780 822 850 QUASSTIO
873 781 1031 837 cex:
1080 780 1272 853 [CoisL
1309 779 1517 845 CCXL,
1562 779 1724 833 Taur.
1758 777 2067 849 ccxxxn.

495 882 577 933 Ad
606 881 1018 949 interrogantem
1037 918 1053 941 ,
1080 878 1337 947 quomodo
1365 892 1475 949 non
1506 878 1755 949 mentitus
1789 876 2076 943 deprehen-

565 950 713 1021 ditur
735 945 944 1003 diuinas
959 945 1263 1021 Apostolus,
1286 947 1375 1021 qui
1398 963 1451 998 se
1465 963 1583 1021 cum
1607 945 1997 1021 Jutlteutit.tu_nt
2022 953 2074 1021 et

564 1018 860 1073 Romanum
893 1013 1137 1082 dicebat;
1179 1028 1227 1071 et
1271 1013 1560 1085 aliquando
1600 1017 1793 1069 dixerit
1828 1031 1882 1067 se
1917 1013 2073 1067 Tarsi

564 1099 769 1153 natum,
802 1088 1093 1159 aliquando
1125 1097 1302 1141 autem
1327 1084 1508 1139 Romae
1538 1085 1675 1155 (83).

2179 487 2611 557 ἀπειροδύναμον
2660 486 2762 555 τῆς
2831 485 2981 549 θείας
3040 486 3380 558 βουλήσεως,
3443 484 3764 556 θεωρούαε-

2178 595 2287 632 νον.

2702 757 3040 809 ΕΡΩΤΗΣΙΣ
3081 756 3229 809 Σ1Α’.

2175 848 2330 917 Πρὸς
2347 848 2455 919 τον
2477 848 2959 919 ἐπερωτήσαντα,
2984 847 3109 913 πῶς
3130 848 3395 903 δυνατὸν
3414 850 3501 919 μὴ
3534 849 3764 904 ἁλῶναι

2249 918 2457 987 ψεύδει
2496 919 2605 970 τὸν
2628 917 2791 971 θεῖον
2828 918 3192 971 Ἀπόστολον
3230 917 3518 974 Ἰουδαῖον
3543 922 3766 976 ἑαυτὸν

2253 989 2352 1042 καὶ
2412 988 2700 1056 Ῥωμαῖον
2730 987 3204 1058 ἀποφηνάμενον
3244 1004 3259 1019 ·
3313 992 3411 1042 καὶ
3446 991 3591 1043 ποτὲ
3643 992 3767 1058 μὲν

2256 1055 2526 1131 Ταρσοὺς
2553 1058 2717 1125 ἔχειν
2746 1055 3024 1125 πατρίδα,
3056 1055 3203 1113 ποτὲ
3248 1057 3318 1111 δὲ
3351 1059 3421 1113 ἐν
3448 1059 3524 1129 τῇ
3565 1055 3763 1131 Ῥώμη

2256 1126 2618 1198 γεννηθῆναι
2646 1142 2665 1191 ;

1549 1240 1693 1291 Edita
1718 1253 1745 1289 a
1774 1238 2080 1288 Montacutio
2121 1237 2358 1303 (ep.102,
2380 1251 2429 1300 p.
2463 1237 2710 1299 145-148).

566 1348 817 1405 Veritatis
847 1347 939 1401 ille
969 1347 1277 1418 discipulus
1298 1349 1505 1405 Paulus
1524 1350 1788 1404 mentitus
1825 1362 1933 1402 non
1968 1356 2077 1411 est,

491 1456 592 1496 nec
619 1456 741 1495 cum
771 1454 831 1494 se
857 1437 1108 1492 Judaeum
1143 1440 1380 1505 diceret,
1428 1454 1529 1493 nec
1562 1454 1687 1494 cum
1717 1438 2028 1493 Romanum
2062 1454 2077 1493 :

494 1529 837 1599 impossibile
863 1528 1009 1582 enim
1056 1527 1155 1581 fuit
1180 1569 1194 1591 ,
1232 1529 1411 1599 ipsum
1462 1544 1586 1583 cum
1648 1537 1797 1584 esset
1828 1528 2079 1583 veritatis

490 1638 693 1692 prteeo,
722 1621 1008 1675 mendacio
1050 1620 1208 1674 inniti
1239 1662 1253 1684 ,
1292 1622 1562 1690 imprimis
1594 1631 1706 1675 ttttn
1740 1636 1864 1677 cum
1902 1622 2076 1676 tribu-

492 1713 599 1767 nali
628 1713 933 1776 sisteretur,
953 1720 1004 1766 et
1024 1726 1119 1781 per
1139 1710 1357 1767 Judzros
1380 1713 1434 1766 in
1455 1711 1727 1781 judicium
1757 1723 2066 1775 vocaretur,
2096 1749 2144 1809 Β

491 1817 681 1871 ptrnas
712 1802 989 1857 soluturus
1016 1801 1229 1857 fraudis
1263 1811 1317 1856 et
1346 1804 1625 1873 nequitiae,
1664 1819 1800 1873 quas
1826 1803 1915 1857 ille
1947 1816 2069 1857 om-

491 1894 715 1945 nimodo
748 1892 1092 1946 deturbabat.
1127 1891 1417 1959 Quomodo
1466 1894 1558 1948 ille
1583 1895 1809 1950 auderet
1843 1893 2071 1949 menda-

489 1985 632 2038 cium
656 1983 933 2049 adhibere,
960 1992 1056 2039 aut
1077 1984 1490 2056 sycophantiam
1514 1986 1838 2041 conﬁrmare
1853 1983 2070 2041 Judazo-

488 2091 609 2128 rum
648 2090 811 2145 quam
838 2076 895 2130 in
932 2075 1112 2145 ipsum
1165 2076 1669 2133 concinnaverant?
1713 2080 1908 2134 Annon
1939 2094 2072 2134 con-

488 2168 643 2221 tinuo
669 2167 1069 2224 eonvictionem
1126 2167 1551 2235 reformidaret,
1610 2178 1706 2224 aut
1753 2179 2068 2225 secuturam

490 2258 787 2328 deinceps?
813 2274 923 2314 non
952 2258 1300 2330 praevideret,
1329 2276 1454 2317 cum
1489 2262 1729 2317 revelata
1770 2270 1917 2318 esset
1944 2279 2070 2333 per-

488 2364 621 2403 sona
645 2389 659 2413 ,
692 2348 896 2404 nullam
938 2350 1043 2406 sibi
1076 2352 1388 2422 acquireret
1418 2351 1708 2407 utilitatem
1730 2392 1747 2419 ,
1794 2353 1887 2407 sed
1942 2368 2069 2408 reus

490 2437 1012 2513 haberetur'duplici
1043 2444 1316 2514 supplicio
1351 2444 1591 2515 dignus?
1637 2460 1850 2513 nempe,
1906 2446 1977 2499 ob
2006 2460 2068 2499 ea

491 2548 612 2601 quae
643 2531 813 2588 Judaei
845 2534 1304 2602 criminabantur,
1338 2544 1393 2589 et
1419 2549 1483 2589 ea
1506 2550 1630 2604 qua:
1657 2535 1920 2589 mentitus
1953 2536 2069 2590 fue-

488 2634 594 2677 rat.
623 2621 913 2689 Quomodo
941 2634 996 2679 et
1024 2624 1218 2695 Lysias
1244 2625 1483 2695 quicum
1515 2625 1571 2679 in
1594 2626 1910 2695 magistratu
1929 2638 2065 2692 erat,

486 2722 544 2767 et
585 2711 744 2768 facile
788 2723 1003 2784 poterat
1029 2715 1315 2771 veritatem
1365 2717 1676 2785 expiscari,
1724 2727 1997 2772 cessasset
2037 2733 2068 2772 a

487 2804 832 2871 verberibus,
870 2806 917 2861 si
962 2820 1072 2860 non
1104 2806 1395 2863 aﬁirmanti
1430 2810 1792 2865 credidisset?
1842 2810 1900 2863 ltt
1947 2825 2069 2864 ere-

487 2897 772 2953 dulitatem
814 2899 1097 2969 quomodo
1132 2915 1229 2970 per
1253 2902 1529 2970 captivum
1562 2911 1616 2956 et
1649 2916 1945 2972 pauperem
1980 2901 2068 2954 itt-

487 2990 797 3055 duceretur,
822 2992 867 3046 si
886 3007 993 3046 non
1018 2991 1134 3062 ipsa
1162 3007 1286 3046 eum
1312 2993 1558 3063 adigeret
1577 3009 1643 3049 eo
1666 2994 1866 3048 vet-itas
1882 2994 1904 3046 ?
1920 2996 2067 3060 Quo-

488 3081 654 3134 modo
700 3090 755 3136 et
785 3079 957 3136 Felici
990 3080 1259 3147 scribens,
1315 3080 1547 3137 Paulum
1582 3083 1844 3139 Romanis
1874 3099 2073 3139 accen-

487 3170 719 3226 sendum
762 3172 1191 3242 pronuntiaret?
1252 3191 1272 3225 ι
1304 3174 1587 3230 lntellecto
1635 3174 1820 3241 enim,
1868 3176 2068 3244 inquit,

490 3262 634 3332 quod
665 3261 948 3319 Romanus
977 3270 1117 3329 erat,
1133 3262 1280 3319 adfui
1312 3280 1436 3320 cum
1464 3265 1751 3331 militibus,
1773 3276 1828 3321 et
1847 3267 2071 3323 liberavi

487 3369 614 3409 eum
640 3354 721 3422 ‘3;
757 3372 776 3406 ι
821 3356 915 3411 sed
944 3354 1096 3412 fraus
1125 3366 1242 3413 erat
1267 3356 1412 3414 facta
1442 3358 1668 3432 decepto
1704 3357 1903 3432 Lysiae,
1939 3376 2069 3431 qua,

488 3461 678 3518 quaeso
708 3456 827 3503 arte
852 3447 876 3501 ?
904 3450 1179 3517 quomodo
1204 3452 1565 3506 subinducta?
1586 3451 1738 3507 Felix
1764 3461 1944 3507 autem
1971 3468 2072 3507 cur

489 3553 601 3593 non
643 3537 1004 3608 imposluram
1038 3539 1335 3605 detexerit,
1384 3544 1686 3610 praesertim
1720 3559 1847 3598 cum
1880 3554 2072 3597 contra

489 3632 638 3702 leges
688 3630 893 3688 Iudaeis
951 3633 1507 3704 gratiﬁcabatur2An
1560 3637 1613 3689 ili
1666 3637 1868 3706 quibus
1898 3637 2072 3706 gratia

490 3723 656 3779 ﬁebat
687 3735 876 3780 contra
901 3725 1072 3795 leges,
1112 3734 1166 3780 et
1209 3741 1238 3779 a
1266 3727 1481 3782 ratione
1504 3727 1701 3793 aliena,
1737 3729 1963 3783 sedulus
1990 3728 2075 3781 in-

491 3816 726 3878 cubuit;
788 3832 911 3871 cum
965 3832 1095 3871 vero
1148 3819 1446 3887 gratiﬁcari
1517 3820 1710 3874 iisdem
1767 3820 2071 3875 secundum

493 3916 695 3961 rectam
724 3908 991 3962 rationem
1019 3918 1254 3978 poterat,
1312 3910 1542 3980 ignavus
1574 3920 1628 3966 et
1669 3911 1961 3966 remissior
1990 3912 2074 3965 vi-

492 3998 747 4065 debatur,
779 3999 849 4053 ita
876 4000 1017 4068 quod
1047 4015 1268 4068 operam
1289 4000 1515 4065 dederit,
1537 4010 1715 4056 utnec
1740 4002 2070 4072 principium

490 4091 678 4160 gratia:
707 4090 911 4160 justum
928 4101 982 4145 et
1003 4100 1209 4145 rectum
1238 4091 1471 4146 voluerit
1505 4093 2071 4163 auspicari?Ecquam

492 4183 611 4237 haec
649 4183 854 4236 habent
881 4183 1297 4252 persuasionem
1329 4193 1424 4239 aut
1445 4186 1935 4254 consequentiam?
1967 4186 2071 4241 Sed

489 4284 544 4328 et
572 4273 665 4343 qui
692 4284 806 4327 tum
834 4274 1063 4329 aderant
1094 4285 1283 4329 contra
1315 4290 1439 4330 eum
1470 4276 1671 4331 caedem
1694 4278 1989 4348 spirantes,
2018 4286 2074 4332 et

490 4360 710 4418 Judazos
738 4366 888 4418 omni
925 4364 1086 4419 modo
1108 4367 1472 4432 concitantes,
1509 4368 1615 4422 hoc
1655 4379 1740 4424 est
1775 4368 1976 4437 Judaei,
2020 4369 2067 4424 si

489 4470 587 4526 per
615 4455 959 4509 mendacium
1014 4468 1245 4513 conatus
1304 4458 1499 4515 fuisset
1548 4458 1751 4516 Paulus
1801 4471 2068 4516 tormenta

493 4556 761 4612 avertere,
797 4549 1074 4618 quomodo
1098 4566 1206 4605 non
1224 4566 1411 4607 vocem
1429 4553 1799 4618 sustulissent,
1833 4540 2074 4609 clamare

494 4641 771 4695 theatrum
804 4642 1164 4711 replevissent
1194 4661 1207 4698 :
1235 4636 1537 4700 intuemini
1588 4662 1688 4702 vos
1739 4656 2076 4716 quantopere

498 4733 837 4798 mentiatur;
868 4735 1138 4803 imposlor
1156 4744 1260 4799 est,
1293 4736 1548 4805 deceptor
1576 4746 1680 4803 est,
1711 4754 1820 4793 non
1850 4749 1933 4795 est
1964 4737 2073 4795 Ro-

494 4840 713 4887 manus,
738 4826 1003 4880 rationem
1038 4827 1244 4882 invenit
1268 4844 1375 4898 qua
1398 4846 1497 4884 vos
1524 4831 1816 4901 deciperet.
1870 4840 1921 4887 et
1953 4832 2074 4902 pla-

495 4934 592 4987 gas
622 4918 957 4983 declinaret;
990 4929 1045 4974 at
1078 4936 1196 4987 vos,
1222 4933 1509 4992 propterea
1543 4924 1687 4993 quod
1713 4940 1881 4980 ausus
1908 4924 2073 4979 fuerit

496 5010 569 5062 ita
600 5010 910 5082 prodigiose
938 5012 1222 5068 vobiscum
1257 5030 1437 5083 agere,
1479 5024 1697 5071 nostras
1721 5017 2070 5086 probationes

496 5105 766 5159 admittite
794 5121 983 5161 eorum
1010 5106 1075 5161 de
1100 5109 1299 5177 quibus
1325 5125 1650 5164 accusamus
1670 5150 1684 5173 ,
1725 5126 2071 5165 communem

501 5195 782 5251 hominum
806 5197 1148 5264 societatem,
1174 5214 1205 5253 a
1226 5200 1503 5255 conunnni
1528 5207 1681 5271 peste
1710 5201 1809 5255 ista
1827 5200 2074 5256 liberate.

600 5338 646 5367 ⁸³
674 5336 797 5390 Aet.
832 5353 980 5407 um,
1010 5337 1101 5393 27.

2250 1344 2387 1399 Οῦτε
2431 1342 2703 1408 Ἰουδαῖον,
2726 1342 2851 1396 οὔτε
2881 1342 3154 1414 Ῥωμαῖον
3174 1343 3367 1399 ἑαυτὸν
3390 1342 3582 1407 είπὼν,
3608 1344 3637 1396 ὁ
3661 1343 3765 1414 τῆς

2175 1436 2435 1505 ἀληθείας
2476 1436 2726 1507 μαθητὴς
2764 1435 2977 1500 Παῦλος
3021 1436 3310 1506 ἐψεύσατο.
3348 1436 3483 1490 Οὐδὲ
3511 1435 3622 1506 γὰρ
3647 1431 3764 1489 οἶόν

2174 1547 2233 1583 τε
2262 1526 2353 1600 ἦν,
2388 1529 2549 1582 αὐτὸν
2578 1528 2832 1598 ἀληθείας
2863 1527 2992 1583 ὅντα
3009 1529 3250 1598 κήρυκα,
3281 1527 3657 1598 ὲπερείδεσθαι
3679 1527 3761 1597 τῷ

2174 1623 2363 1694 ψεύδει
2392 1639 2407 1655 ο
2443 1622 2679 1692 μάλιστὰ
2705 1638 2768 1690 γε
2795 1620 3067 1692 κριτηρίῳ
3096 1622 3526 1691 παριστάμενον.
3559 1622 3655 1675 καὶ
3680 1621 3763 1674 δί-

2173 1733 2274 1777 κας
2304 1712 2520 1783 ἀπάτης
2576 1714 2671 1767 καὶ
2720 1712 3077 1783 κακουργίας,
3134 1706 3211 1766 ὧν
3273 1709 3341 1783 ἦν
3400 1712 3760 1785 καθαιρετης,

2173 1806 2279 1861 ὑπὸ
2341 1805 2612 1860 Ἰουδαίων
2684 1804 3168 1876 είσπραττόμενον.
3240 1805 3363 1865 Πῶς
3400 1806 3510 1874 γὰρ
3549 1804 3616 1859 ἂν
3661 1806 3761 1859 καὶ⁸

2171 1900 2445 1973 ἐθάρρησε
2467 1898 2654 1969 ψεύδει
2675 1898 3005 1969 χρήσασθαι,
3037 1900 3131 1952 καὶ
3160 1897 3260 1968 τὴν
3300 1897 3422 1951 κατ’
3450 1898 3617 1952 αὐτοῦ
3653 1916 3755 1951 συ-

2171 1989 2489 2061 κοφαντίαν,
2533 1983 2614 2051 οἷς
2673 1989 2949 2059 ἐξηπάτα,
2996 1989 3414 2055 πιστώσασθαι;
3472 1986 3582 2061 ἆρα
3645 1990 3758 2061 γὰρ

2170 2083 2289 2153 οὐχὶ
2316 2082 2406 2135 τὸν
2436 2080 2751 2150 παραυτίκα
2789 2080 3047 2134 ἐδεδοίκει
3091 2080 3347 2152 ἐλεγχονς
3395 2081 3455 2134 οὑ
3484 2081 3577 2135 τὸν
3615 2081 3760 2153 μετά

2171 2175 2344 2229 ταῦτα
2365 2193 2380 2242 ;
2410 2175 2485 2228 Οὐ
2515 2173 2765 2245 συνεώρα
2788 2173 2866 2235 δὲ,
2894 2175 2977 2228 ὅτι
3001 2173 3479 2245 ὲκκαλυπτομένου
3504 2173 3597 2228 τοῦ
3620 2174 3755 2245 δρά-

2177 2284 2370 2336 ματος,
2410 2267 2546 2338 πρὸς
2575 2266 2653 2336 τῷ
2688 2267 2855 2337 μηδὲν
2886 2267 3275 2338 ἀποκερδᾶναι,
3300 2266 3392 2320 καὶ
3409 2267 3601 2337 διπλῆς
3624 2269 3757 2321 ἑαυ-

2169 2358 2263 2411 τὸν
2302 2358 2571 2431 τιμωρίας
2612 2359 2795 2430 ἔνοχον
2825 2361 3259 2431 παραστήσειεν,
3303 2351 3378 2413 ὧν
3423 2375 3484 2411 τε
3529 2359 3589 2413 τὸ
3627 2358 3758 2413 Ἰου-

2170 2452 2317 2505 δαῖον
2342 2452 2495 2515 ἔθνος
2517 2453 2795 2516 ἐπεκάλει,
2829 2454 2921 2505 καὶ
2955 2447 3030 2506 ὧν
3057 2452 3216 2517 αὐτὸς
3248 2451 3443 2505 ἑαυτοῦ
3485 2451 3757 2522 κατεψεύ-

2170 2540 2290 2592 δετο
2323 2557 2338 2606 ;
2372 2541 2494 2603 Πῶς
2556 2541 2613 2593 δὲ
2653 2542 2745 2594 καὶ
2786 2542 2814 2595 ὁ
2869 2541 3092 2605 Λυσίας,
3150 2541 3328 2611 ἀρχῆς
3369 2539 3630 2608 ἐφεστὼς,
3658 2540 3759 2594 καὶ

2169 2631 2403 2699 τάληθὲς
2426 2629 2667 2700 ἐξευρεῖν
2701 2630 2881 2701 ῥᾴδιον
2920 2631 3079 2700 ἔχων,
3111 2630 3321 2702 ἀπέστη
3366 2630 3461 2683 τοῦ
3504 2630 3754 2696 τύπτειν,

2171 2720 2220 2772 εἰ
2252 2718 2327 2789 μὴ
2367 2719 2690 2783 ὲπέπειστο;
2742 2719 2857 2782 πῶς
2893 2718 2936 2771 δ’
2998 2721 3063 2773 ἂν
3091 2721 3383 2773 ἐπέπειστο
3405 2720 3509 2773 ὐπὲ
3531 2718 3757 2790 δεσμίου

2170 2811 2264 2865 καὶ
2290 2811 2541 2881 πένητος,
2569 2813 2618 2864 εἰ
2654 2812 2726 2883 μὴ
2761 2810 2830 2863 τὰ
2862 2812 2958 2881 τῆς
2979 2812 3236 2883 ἀληθείας
3269 2812 3433 2866 αὑτὸν
3461 2811 3709 2875 ἐϐιάζετο
3735 2828 3752 2876 ;

2172 2902 2288 2966 πῶς
2314 2901 2370 2953 δὲ
2410 2902 2502 2954 καὶ
2529 2901 2725 2970 Φήλικι
2749 2901 2977 2971 γράφων
3006 2905 3085 2965 εἰς
3120 2902 3426 2973 Ῥωμαίους
3457 2902 3630 2957 τελεῖν
3661 2902 3757 2955 τὸν

2172 2993 2388 3046 Παῦλον
2435 2994 2866 3063 ἀπισχυρίζετο;
2925 3013 2943 3046 ι
2996 2993 3201 3048 Μαθὼν
3249 2995 3379 3065 γὰρ,
3428 2997 3615 3064 φησὶν,
3671 2996 3757 3049 ὅτι

2100 3083 2144 3140 C
2188 3086 2458 3157 Ῥωμαῖός
2481 3088 2649 3149 ἐστιν,
2676 3089 2902 3150 ἐπιστὰς
2930 3087 3026 3140 σὺν
3054 3087 3132 3159 τῷ
3163 3087 3532 3158 στρατεύματι
3556 3087 3758 3153 €520.6-

2176 3196 2284 3250 μην
2319 3180 2502 3234 αὐτόν.
2547 3198 2566 3233 ι
2614 3178 2751 3233 Ἀλλ’
2795 3179 3007 3249 ἐκλάπη
3042 3181 3136 3232 καὶ
3185 3179 3472 3250 παρεσύρη
3504 3179 3709 3243 Λυσίας
3740 3195 3755 3209 ·

2170 3270 2277 3326 τίνι
2306 3272 2504 3345 τέχνῃ;
2537 3271 2633 3328 καὶ
2665 3271 2784 3336 πῶς
2815 3270 3115 3342 ὑπαχθείςς
3160 3273 3189 3325 ὁ
3219 3272 3394 3343 Φῆλιξ
3417 3272 3475 3325 δὲ
3510 3272 3627 3337 πῶς
3654 3273 3759 3327 οὐκ

2174 3363 2425 3435 ἐφώρασε
2453 3365 2513 3418 τὸ
2545 3363 2931 3435 κακούργημα,
2974 3363 3155 3418 καίτοι
3203 3363 3299 3417 καὶ
3356 3363 3588 3436 χάριτας
3641 3366 3758 3428 τοῖς

2184 3455 2460 3518 Ἰουδαίοις
2498 3455 2801 3525 ὲκθέσμους
2830 3456 3143 3519 κατατιθείς
3175 3474 3190 3522 ;
3234 3456 3373 3510 Ἀλλ’
3423 3458 3485 3511 ὲν
3520 3451 3602 3520 οίς
3654 3458 3757 3527 μὲν

2173 3548 2376 3618 ἄνομος
2398 3549 2431 3617 ἡ
2465 3548 2644 3619 χάρις,
2678 3549 2775 3602 καὶ
2807 3548 2967 3616 λόγον
3022 3549 3123 3602 οὐκ
3158 3549 3378 3618 ἔχουσα,
3413 3549 3614 3620 θερμὸς
3652 3550 3757 3603 ὑπ-

2172 3638 2376 3709 ηρέτης
2403 3654 2417 3669 °
2444 3640 2503 3692 ὲν
2546 3634 2628 3701 οἷς
2656 3641 2713 3694 δὲ
2744 3640 2883 3710 μετά
2912 3639 3005 3694 τοῦ
3044 3640 3206 3712 ὀρθοῦ
3236 3641 3393 3710 λόγου
3425 3643 3755 3712 χαρίσασθαι

2171 3724 2261 3799 ἦν,
2294 3730 2507 3793 τούτοις
2531 3730 2588 3783 δὲ
2625 3729 2736 3801 ἄρα
2789 3730 3030 3802 ῥᾴθυμος
3067 3731 3162 3784 καὶ
3188 3731 3620 3795 ἀναπεπτωκὼς,
3656 3733 3756 3785 καὶ

2172 3822 2280 3875 οὐδ’
2323 3823 2403 3886 είς
2440 3823 2613 3893 ἀρχὴν
2651 3823 2745 3875 τοῦ
2792 3823 3121 3894 βουληθῆναι
3161 3823 3375 3877 δικαίαν
3418 3824 3754 3878 καταθέσθαι

2173 3915 2332 3987 χάριν
2368 3916 2779 3986 διανιστάμενος
2813 3933 2827 3948 ο
2855 3918 2949 3971 καὶ
2988 3918 3110 3971 τίνα
3142 3917 3207 3969 ἂν
3234 3916 3346 3987 ἔχοι
3367 3916 3542 3972 ταῦτα
3580 3917 3754 3971 πειθὼ

2173 4009 2271 4064 καὶ
2307 4007 2670 4073 ἀκολουθίαν;
2724 4006 2858 4062 Εἶτα
2888 4010 3043 4062 αὐτοὶ
3072 4009 3129 4061 δὲ
3161 4010 3425 4080 παρόντες
3463 4010 3511 4062 οἱ
3548 4009 3754 4077 φονῶν-

2172 4117 2264 4163 τες
2290 4099 2409 4152 κατ’
2440 4098 2601 4152 αὐτοῦ
2626 4099 2723 4152 καὶ
2756 4099 2929 4152 πάντα
2956 4100 3103 4153 λίθον
3132 4100 3433 4166 κινοῦντες,
3453 4102 3577 4163 τοὺς
3619 4101 3753 4153 ἰου-

2172 4193 2356 4255 δαίους
2382 4191 2546 4260 λέγω,
2576 4194 2624 4245 εἰ
2654 4191 2743 4244 διὰ
2775 4191 3005 4261 ψεύδους
3040 4194 3067 4244 ὁ
3118 4191 3330 4255 Παῦλος
3359 4192 3455 4255 τάς
3484 4192 3753 4262 βασάνους

2173 4285 2491 4355 ἐτεχνάζετο
2520 4283 2986 4355 διακρούσασθαι,
3018 4283 3134 4346 πῶς
3165 4284 3266 4337 οὐκ
3296 4284 3531 4356 ἔρῤηξαν
3568 4285 3752 4353 φωνὴν

2177 4377 2492 4448 πληροῦσαν
2522 4377 2580 4430 τὸ
2614 4377 2865 4448 θέατρον,
2912 4375 3131 4448 Ὁρᾶτε,
3162 4376 3374 4449 ἄνδρες,
3405 4378 3594 4448 ἡλίκον
3638 4372 3752 4430 οἷον

2174 4469 2440 4540 ἐψεύσατο
2463 4486 2477 4501 ·
2510 4469 2816 4522 ἀπαιταιὼν
2841 4471 2957 4523 ἐστι
2984 4470 3079 4524 καὶ
3108 4468 3240 4538 γόης
3267 4481 3311 4535 ο,
3348 4470 3447 4522 οὐκ
3476 4468 3596 4522 ἔστι
3615 4469 3750 4522 Ῥω·-

2176 4564 2356 4630 μαίος,
2390 4554 2547 4631 εὗρεν
2576 4561 2726 4624 ὅπως
2773 4561 2867 4615 καὶ
2902 4562 3047 4631 ὑμᾶς
3087 4561 3479 4632 ἀποπλανήσας
3517 4562 3620 4629 τὴν
3643 4561 3753 4613 τῶν

2176 4652 2457 4723 μαστίγων
2498 4654 2695 4726 πεῖραν
2759 4653 3099 4724 διαδράσειεν
3131 4668 3146 4685 ο
3208 4653 3322 4707 ἀλλ’
3374 4653 3535 4722 ὑμεῖς
3574 4652 3633 4718 ἐξ
3677 4644 3752 4705 ὧν

2173 4743 2438 4813 ἐτόλμησε
2487 4746 2579 4797 καὶ
2633 4743 2766 4815 πρὸς
2808 4741 3004 4816 ήμᾶςί
3050 4743 3518 4814 τερατεύσαοοαι,
3562 4744 3656 4795 καὶ
3678 4736 3752 4795 ὧν

2173 4839 2335 4907 ἡμεῖς
2372 4835 2807 4908 κατηγοροῦμεν,
2828 4836 3105 4906 ξλαὸὀντες
3150 4836 3249 4897 τὰς
3278 4838 3527 4900 πίστεις,
3572 4834 3754 4887 κοινιῦ

2178 4930 2240 4983 λυ
2249 4930 2454 4999 μεῶνος
2478 4929 2572 5000 τὴν
2594 4931 2782 4998 κοινὴν
2813 4929 2923 4984 τῶν
2950 4930 3046 4982 ἀνθ
3055 4927 3253 4999 ρώπων
3279 4927 3554 4981 πολιτείαν
3575 4926 3754 4982 ἀπαλ-

2178 5019 2413 5086 λάξατε;
2471 5019 2610 5072 Ἀλλ’
2646 5019 2796 5072 οὐδὲν
2826 5018 3051 5082 τούτων,
3089 5019 3150 5072 οὐ
3198 5018 3295 5089 μὲν
3323 5013 3415 5070 οὖν
3439 5018 3540 5069 οὐκ
3580 5016 3754 5068 εἰπεῖν

2180 5107 2345 5180 εἶχον,
2394 5107 2517 5163 οὒτε
2553 5109 2859 5179 ἐτόλμησαν
2891 5124 2904 5140 ·
2964 5108 3025 5161 οὐ
3065 5108 3221 5172 τότε,
3272 5108 3330 5161 οὑ
3363 5107 3501 5178 μετὰ
3537 5104 3707 5158 ταῦτα
3736 5119 3752 5134 ⁸

2187 5202 2363 5257 καίτοι
2412 5202 2508 5256 καὶ
2552 5201 2907 5271 δικαστηρίου
2943 5201 3106 5256 πάλιν
3142 5202 3325 5266 αὐτοῖς
3371 5198 3754 5273 κροτηθέντος,

1800 5427 2035 5483 "Alli/li
2066 5427 2464 5484 Li‘ICTlONES.

606 5550 631 5579 ε
659 5557 747 5611 γρ.
780 5541 1031 5596 ἀπατεὼν
1055 5534 1211 5606 οὗτός
1240 5542 1376 5605 ἐστι,
1415 5541 1547 5614 γόης
1572 5541 1711 5596 ἐστί,
1792 5541 1811 5580 ι
1841 5542 2005 5613 ὑμᾶς.

2000 5634 2229 5690 NOTAE.

614 5702 729 5772 (83)
765 5703 850 5759 Cf.
880 5719 1001 5759 cum
1032 5705 1136 5758 hac
1165 5705 1467 5775 quaestione
1493 5721 1546 5777 q.
1580 5703 1762 5759 CXVI.
