4136 6434
359 392 457 459 961
1338 388 1436 445 AD
1467 381 1992 442 AMPHILOCHIU

2005 382 2061 441 M
2094 380 2440 452 QU/ESTIO
2457 381 2651 440 CCXI.
3515 373 3633 433 ’962

360 509 577 567 καὶτοῦ
615 506 769 577 φίλου
811 507 1044 573 Φήλικος
1071 506 1150 567 εἱς
1178 503 1362 573 κρίσιν
1409 499 1887 571 προκαθεζομένου
1925 512 1937 524 ·
1975 510 1993 557 ε

2002 518 2015 556 ι
2049 497 2115 548 At
2153 493 2581 562 uihilejusmodi
2616 493 2697 546 \el
2727 492 2908 544 dicere
2948 495 3220 558 poterant,
3244 498 3336 541 aut
3361 485 3635 540 audebam

362 605 476 660 ἀλλ’
528 603 700 666 οὕτως
735 599 803 673 ἦν
856 600 1096 670 ἐναργὴς
1148 596 1243 650 καὶ
1291 595 1410 656 ταῖς
1458 591 1714 646 ἁπάντων
1761 588 1941 653 δόξαις

2051 601 2334 648 accusare,
2367 600 2476 638 non
2513 585 2571 638 in
2612 583 2890 654 praesenti,
2928 596 3037 636 non
3079 579 3357 646 deinceps.
3396 593 3495 633 nec
3520 589 3632 632 tum

363 697 643 771 κρατοῦσα
667 698 702 767 ἡ
749 669 970 749 Παύλου
993 689 1246 760 ἀλήθεια,
1276 687 1352 749 ὡς
1387 684 1482 740 καὶ
1510 685 1621 738 τῶν
1646 681 1942 752 ἀναισχύν-

2052 693 2177 732 cum
2218 674 2516 731 tribunalia
2548 682 2796 744 paterent
2820 674 2886 728 iis
2913 673 3156 734 demum,
3181 679 3235 724 et
3253 669 3400 723 Felix
3429 669 3644 722 amicus

362 808 471 843 των
508 787 776 843 Ἰουδαίων
806 827 821 852 ,
859 785 956 837 καὶ
989 782 1166 835 πάντα
1181 779 1362 848 λέγειν
1408 780 1488 840 είς
1515 776 1575 829 τὸ
1603 784 1628 824 8
1680 775 1944 844 πράττειν

2053 782 2154 836 pro
2183 766 2442 820 tribunali
2480 765 2716 829 sederet,
2752 773 2861 818 tam
2913 769 3098 833 aperte
3128 759 3480 816 manifestum
3525 759 3644 812 eral

365 879 821 951 ἀπο-τολμώντων,
881 873 1158 945 ἐμφράξαι
1204 873 1273 926 τὰ
1327 870 1572 939 στόματα
1611 885 1623 897 ·
1661 867 1803 919 οὕτω
1847 865 1945 934 μὲν

2057 857 2285 911 Paulum
2318 857 2612 927 protulisse
2645 855 2953 918 veritatem,
2988 860 3044 906 et
3092 853 3233 921 apud
3276 867 3468 905 omnes
3512 851 3649 904 adeo

363 976 457 1029 οῦν
484 943 813 1040 πολλαχόθεν
873 943 1228 1036 ψευδολογίας
1255 963 1437 1031 πάσης
1465 959 1736 1029 ἀνώτερος
1762 998 1776 1020 ,
1814 957 1949 1010 Ῥω.

2060 951 2151 1004 illa
2174 948 2456 1003 obtinebat
2478 947 2686 1017 opinio,
2704 945 3091 1000 utJudaeorum
3115 958 3212 997 ora
3230 943 3650 1022 obturarentur’

371 1066 529 1132 μαῖον
549 1059 739 1114 ἐαυτὸν
762 1056 930 1110 εἰπὼν
951 1056 981 1108 ό
1005 1053 1293 1114 θεσπέσιος
1309 1049 1692 1104 ἀποδείκνυται
1712 1045 1947 1106 Παῦλος.

2060 1041 2186 1095 licet
2237 1047 2422 1093 essent
2455 1036 2817 1105 impudentes,
2862 1045 2916 1088 et
2969 1033 3033 1087 ad
3079 1031 3308 1101 quodvis
3340 1031 3648 1085 audendum

369 1125 512 1208 iam
541 1155 590 1206 εί
627 1151 897 1220 Ῥωμαῖος
923 1144 994 1219 ἦν
1013 1189 1028 1214 ,
1066 1146 1222 1216 φησὶ,
1251 1144 1372 1208 πῶς
1404 1143 1566 1204 αὐτὸς
1588 1143 1647 1194 ἐν
1670 1139 1851 1201 ἄλλοις
1889 1154 1950 1190 τε

2065 1132 2337 1203 projecti:
2373 1141 2539 1200 atque
2565 1133 2637 1184 ita
2671 1128 2874 1181 Paulus
2908 1126 2996 1180 ille
3022 1125 3261 1187 divinus,
3285 1125 3413 1178 dum
3444 1139 3503 1178 se
3525 1137 3650 1192 pro-

369 1247 466 1302 καὶ
496 1248 554 1298 ἐν
596 1246 661 1315 τῇ
690 1211 825 1312 αύτῇ
858 1211 1195 1310 δημηγορίᾳ,
1259 1234 1510 1296 Ἰουδαῖός
1554 1250 1616 1285 τε
1665 1227 1822 1293 εἶναι,
1859 1229 1955 1282 καὶ

2066 1223 2249 1277 litetur
2280 1221 2621 1284 Romanum,
2660 1217 2976 1288 longissime
3013 1231 3042 1268 a
3073 1213 3363 1267 mendacio
3413 1211 3654 1266 abfuisse

369 1299 825 1408 Ταρσουςηὲχειιῗ
863 1299 1120 1401 πᾶτρἐδοὶ,
1148 1299 1533 1398 ’δἰισχυρίσατο
1573 1323 1768 1390 λέγων,
1808 1320 1955 1388 Ἐγὼ

2065 1321 2426 1368 monstratur.
2453 1311 2519 1363 At
2545 1310 2590 1364 si
2620 1308 2900 1361 Romanus
2943 1312 3082 1370 erat,
3117 1303 3351 1362 dicetur,
3373 1299 3657 1366 Quomodo

376 1428 476 1497 μέν
525 1429 644 1497 εἰμι
683 1425 963 1487 Ἰουδαῖος,
1008 1422 1259 1492 Ταρσεὺς
1295 1420 1321 1457 h
1374 1417 1475 1487 τῆς
1531 1415 1810 1475 Κιλικίας,
1856 1415 1956 1464 οὑκ

2066 1422 2192 1460 cum
2231 1405 2381 1468 alibi,
2417 1414 2527 1456 tum
2558 1402 2612 1455 in
2640 1401 2758 1469 ipsa
2785 1401 2992 1453 illamet
3025 1398 3291 1451 concione
3315 1393 3566 1449 Judaeum
3599 1406 3659 1446 se

371 1486 597 1590 δισήμου·
639 1518 866 1581 πόλεως,
906 1486 1165 1584 πολίτης
1195 1513 1320 1575 Πῶς
1359 1486 1452 1564 οῦν
1475 1509 1620 1562 ἔστιν
1669 1507 1958 1578 ἀμφότερα

2067 1504 2422 1571 pronuntiat,
2479 1506 2533 1551 et
2563 1495 2795 1566 patriam
2826 1494 2930 1548 sibi
2957 1493 3192 1547 Tarsum
3219 1488 3552 1560 proﬁtetur?
3580 1486 3659 1541 ait

375 1614 725 1684 συνδραμεῖν,
767 1610 860 1664 καὶ
922 1609 1190 1678 Ῥωμαῖον
1233 1605 1330 1658 καὶ
1377 1603 1633 1658 Ἰουδαῖον
1662 1601 1756 1654 τὸν
1796 1598 1958 1652 αὐτὸν

2067 1593 2254 1646 enim:
2289 1589 2402 1660 Ego
2429 1589 2651 1659 quidem
2683 1601 2803 1640 sum
2839 1584 3082 1645 Judazus,
3129 1581 3328 1644 Tarsi,
3375 1595 3499 1651 qua:
3528 1579 3658 1632 ιιι·ιέ

375 1675 750 1778 χρηματίσαις
783 1702 928 1773 Πρὸς
955 1703 983 1754 ὅ
1011 1675 1213 1769 φαμεν,
1244 1701 1326 1752 ὅτι
1355 1697 1558 1751 ἄτοπον
1588 1691 1741 1745 οὐδέν
1767 1707 1780 1723 ·
1813 1690 1961 1757 γένει

2070 1691 2155 1736 est
2183 1697 2280 1736 nec
2315 1680 2589 1750 ignobilis,
2623 1677 2829 1733 Cilicia:
2857 1677 3012 1730 civis.
3041 1675 3162 1740 Qua
3189 1675 3404 1727 ratione
3426 1686 3661 1726 concur-

378 1762 503 1868 .
530 1799 658 1867 γὰρ,
688 1762 784 1849 καὶ
803 1762 867 1865 ei“)
897 1762 1207 1847 κατ’-αῦτδν
1228 1789 1522 1844 Μωσαῦιὸν
1553 1787 1716 1855 νόμον
1746 1783 1959 1868 ἀγωγῇ,
2000 1867 2004 1868 ν

2074 1787 2193 1827 rere
2224 1772 2340 1826 haec
2373 1780 2607 1838 utraque
2637 1775 2900 1838 possunt,
2953 1776 3013 1819 ut
3058 1779 3182 1820 cum
3221 1762 3501 1818 Romanus
3543 1771 3659 1816 tum

374 1856 1030 1958 Ἰουδαῖοςέχρηματιζε,
1068 1883 1306 1953 πατρίδα
1347 1880 1598 1952 Τάρσους
1628 1876 1789 1946 ἔχων,
1836 1877 1894 1926 ἐν
1997 1867 2007 1920 1

2026 1869 2038 1920 ι
2067 1864 2290 1919 Judaaus
2322 1863 2632 1918 habeatur?
2661 1860 2905 1915 Dicimus
2933 1858 3020 1912 hic
3044 1857 3118 1910 nil
3141 1857 3368 1912 subesse
3393 1856 3616 1910 absurdi
3643 1871 3659 1920 ;

375 1982 473 2044 τὰς
520 1946 988 2051 μητριιέἇςΠαύτὺς
1019 1946 1210 2030 ἐλυσεῦ
1250 1946 1477 2036 ὠδῖνας·
1509 1970 1588 2040 τῷ
1607 1970 1664 2022 δὲ
1700 1971 1713 2009 ί
1747 1969 1840 2020 τὸν
1866 1967 1963 2018 αὺ-

2068 1956 2427 2027 ortuquidem
2456 1955 2692 2026 generis,
2726 1964 2781 2008 et
2805 1953 2940 2021 legis
2967 1949 3222 2005 Mosaica:
3256 1949 3556 2004 secundum
3581 1946 3663 2000 in-

376 2040 472 2128 τοῦ
517 2040 731 2144 πατέρα
774 2040 1059 2142 Ῥωμαϊκῇ
1106 2066 1409 2139 φιλοτιμίᾳ,
1458 2065 1492 2136 ἢ
1543 2063 1638 2117 καὶ
1692 2062 1961 2132 χρήμασι,

2071 2051 2444 2115 stitutionem,
2469 2047 2692 2102 Jndmus
2711 2045 2816 2099 fuit
2842 2062 2856 2111 ;
2901 2043 3134 2098 Tarsum
3160 2040 3659 2110 habebatpatriam,

389 2132 1059 2235 'I’wpatov.éy-{pa:pijvat:
1116 2132 1390 2229 ξΡωμαῖος
1417 2132 1510 2209 καὶ
1535 2153 1694 2216 αὐτὸς
1720 2149 1968 2205 ἐκαλεῖτό

2074 2143 2170 2197 ubi
2203 2151 2382 2196 mater
2427 2151 2626 2211 partus
2664 2137 2952 2192 doloribus
2983 2138 3223 2191 relevata
3251 2151 3376 2191 eum
3409 2132 3618 2204 peperit
3645 2147 3662 2195 ;

380 2275 440 2311 τε
475 2258 568 2312 καὶ¹
591 2256 904 2326 ἐτύγχανεν.

2071 2243 2284 2302 patrem
2311 2231 2523 2286 civibus
2553 2219 2822 2284 Roinanis
2841 2228 3168 2298 ascriptum,
3191 2226 3274 2282 vel
3289 2227 3662 2280 Romanorum

2075 2320 2415 2392 indulgentia
2477 2320 2563 2374 vel
2619 2319 2829 2374 nummi
2887 2317 3158 2372 numerati
3213 2317 3467 2382 edidere;
3539 2313 3668 2369 hinc

2074 2414 2356 2468 Romanus
2383 2413 2498 2483 ipse
2522 2413 2829 2478 dicebatur,
2861 2421 2916 2466 et
2938 2419 3077 2466 erat.

455 2503 532 2558 Δι’
561 2504 589 2556 ὃ
608 2502 620 2555 i
640 2544 655 2568 ,
675 2503 768 2557 καὶ
792 2503 887 2556 τοῦ
922 2501 1122 2555 Λυσίου
1171 2499 1310 2571 πρὸς
1339 2498 1500 2552 αὑτὸν
1533 2495 1806 2560 εἰπόντος,
1827 2493 1971 2562 Ἐγὼ

2148 2504 2421 2572 Quocirca
2445 2520 2570 2559 cum
2596 2503 2664 2558 ad
2695 2519 2819 2558 eum
2847 2502 3038 2573 Lysias
3084 2502 3314 2564 diceret,
3345 2500 3536 2569 Magna
3567 2516 3668 2570 ego

380 2597 443 2650 δὲ
480 2595 676 2649 πολλοῦ
711 2592 1011 2663 κεφαλαίου
1042 2591 1142 2661 τὴν
1179 2588 1459 2643 πολιτείαν
1491 2587 1696 2657 ταύτην
1738 2585 1974 2656 ἐκτησά-

2078 2600 2307 2668 pecunia
2329 2597 2646 2653 civilitatem
2680 2597 2820 2650 hanc
2835 2596 2968 2660 emi,
3004 2594 3289 2663 respondit.
3311 2612 3324 2648 :
3346 2593 3457 2662 Ego
3483 2603 3667 2648 autem

391 2706 518 2760 μην,
550 2687 711 2750 αὐτὸς
739 2687 1041 2754 ἐπήγαγεν,
1081 2682 1224 2750 Ἐγὼ
1253 2681 1311 2735 δέ
1355 2681 1448 2735 καὶ
1474 2680 1841 2749 γεγέννημαι·
1875 2677 1976 2730 οὐκ

2074 2704 2132 2748 et
2169 2703 2331 2748 natus
2367 2707 2530 2753 sum;
2597 2705 2705 2743 non
2770 2698 2956 2743 autem
2994 2687 3184 2742 Romae
3211 2701 3271 2742 se
3299 2698 3488 2741 natum
3519 2687 3669 2751 vult;

387 2783 446 2833 ἐν
472 2782 538 2850 τῇ
577 2776 768 2850 Ῥώμῃ
815 2777 1099 2847 δηλονότι*
1141 2775 1265 2828 οὐδὲ
1309 2773 1419 2844 γὰρ
1468 2773 1576 2826 οὐδ’
1600 2772 1628 2824 ὁ
1670 2771 1874 2832 Λυσίας
1919 2771 1976 2822 ἐν

2080 2799 2186 2839 non
2212 2787 2359 2839 enim
2385 2799 2443 2838 se
2472 2782 2662 2852 Lysias
2713 2781 2914 2835 ibidem
2945 2788 3134 2833 natum
3160 2778 3521 2848 gloriabatur,
3580 2786 3675 2831 aut

385 2872 563 2942 ταύτῃ
583 2869 912 2942 γεννηθῆναι
941 2867 1344 2939 ἐμεγαληγόρει
1394 2865 1489 2918 καὶ
1517 2863 1824 2926 διετείνετο,
1859 2861 1974 2915 ἀλλ’

2078 2877 2464 2939 contendebat,
2520 2875 2616 2930 sed
2684 2875 2739 2927 in
2811 2875 2914 2928 hac
2975 2871 3225 2926 Romana
3281 2870 3673 2941 appellatione,

390 2967 449 3018 ἐν
479 2962 652 3034 ταύτῃ
682 2964 749 3031 τῇ
796 2962 1078 3032 Ῥωμαϊκῇ
1127 2959 1320 3029 κλήσει
1353 2957 1447 3010 καὶ
1497 2957 1565 3026 τῇ
1620 2955 1884 3025 πολιτείᾳ,
1919 2956 1977 3006 ἐν

2079 2981 2134 3026 et
2174 2970 2320 3024 civili
2375 2970 2498 3038 ejus
2551 2976 2721 3032 statu,
2784 2965 2838 3018 in
2893 2980 3002 3036 qua
3049 2973 3104 3018 et
3132 2968 3250 3034 ipse
3281 2978 3340 3018 se
3375 2964 3676 3017 consistere

389 3049 426 3128 ᾗ
453 3055 702 3116 κάκεῖνος
728 3053 902 3105 τελεῖν
931 3049 1367 3119 ἀπεσεμνὺνετο.
1397 3047 1538 3117 Πρὺς
1565 3046 1625 3100 ὃν
1659 3047 1754 3099 καὶ
1778 3048 1807 3100 ό
1836 3045 1978 3107 θεῖος

2085 3079 2199 3133 prae
2241 3077 2300 3116 se
2341 3061 2569 3115 ferebat.
2619 3059 2718 3113 Cui
2749 3058 2972 3114 divinus
2999 3057 3200 3113 Paulus
3227 3058 3435 3112 directo
3464 3068 3679 3111 sermo-

393 3144 603 3208 Παῦλος
633 3143 1051 3212 ἀποτεινόμενος
1093 3140 1246 3208 ἔλεγε
1286 3139 1570 3209 μονονουχὶ
1602 3137 1847 3210 φάσκων,
1882 3136 1977 3190 καὶ
2014 3205 2026 3221 Δ

2040 3204 2051 3219 ,
2087 3172 2157 3209 ne
2185 3156 2281 3217 ait,
2336 3163 2548 3208 tantum
2606 3167 2715 3207 non
2767 3151 2886 3221 ejus
2921 3151 3152 3220 spiritus
3186 3150 3509 3220 deprimens
3545 3167 3558 3204 :
3592 3147 3673 3202 Tu

392 3203 672 3306 καθαιρῶν
694 3234 859 3288 αὐτοῦ
890 3203 951 3287 τὸ
990 3203 1392 3303 φρόνημαξὸτι
1421 3230 1494 3283 Σὺ
1669 3229 1982 3300 πρόσφατον
2013 3205 2025 3256 ⁴

2044 3237 2327 3319 'quidem
2368 3246 2502 3298 mihi
2564 3245 2826 3298 novitiam
2888 3258 3084 3296 narras
3139 3242 3501 3305 nobilitatem,
3568 3249 3677 3296 eta

394 3328 492 3382 καὶ
522 3327 629 3380 ἀπὸ
660 3325 753 3379 σοῦ
791 3325 1040 3396 προϊέναι
1091 3320 1460 3390 ἀπαγγέλλεις
1491 3317 1552 3373 τὸ
1590 3320 1830 3389 ἀξίωμα,
1859 3321 1986 3389 ἐμοὶ

2091 3317 2376 3405 temetipso
2404 3345 2673 3399 exortam,
2706 3344 2762 3391 at
2789 3334 2924 3389 mihi
2960 3335 3103 3389 cedit
3132 3335 3248 3387 haec
3283 3335 3674 3403 praerogativa,

393 3419 451 3472 δὲ
479 3417 685 3473 ἄνωθεν
706 3415 1078 3487 ἐρῤιζωμένον
1119 3415 1214 3468 καὶ
1243 3415 1306 3467 ἐκ
1355 3413 1560 3484 πατρὸς
1609 3413 1985 3482 καταγόμενον

2089 3442 2118 3480 a
2149 3424 2451 3494 majoribus
2485 3422 2735 3489 fundata,
2779 3429 2834 3478 et
2867 3438 2965 3491 per
2993 3431 3274 3491 paternam
3305 3422 3538 3491 gloriam
3575 3437 3676 3474 no-

394 3509 498 3579 τῆς
528 3506 687 3578 δόξης
714 3505 918 3576 ταύτης
961 3509 1053 3557 xuii.
1092 3503 1192 3572 τῆς
1219 3501 1592 3573 προσηγορίας
1613 3499 1902 3570 ἐκληρώθη
1924 3500 1986 3552 τὸ

2091 3516 2293 3570 minata
2337 3515 2402 3569 ad
2428 3529 2516 3568 me
2548 3514 2816 3568 derivata.
2849 3513 2966 3570 Hoc
2998 3514 3089 3569 ille
3118 3513 3334 3577 audito,
3367 3521 3421 3568 et
3455 3528 3681 3582 persna-

395 3601 713 3672 προνόμιον.
733 3599 834 3653 Διά
849 3615 930 3652 τοι
943 3596 1099 3651 τοῦτο
1121 3597 1371 3658 κάκεῖνος
1388 3595 1523 3648 ἀκού
1534 3610 1631 3656 σας
1654 3595 1746 3646 καὶ
1764 3593 1987 3663 βεϐαιω-

2092 3623 2189 3662 sus
2218 3606 2364 3676 quod
2395 3605 2681 3660 Romanus
2711 3612 2850 3669 erat,
2912 3616 3206 3674 propterea
3249 3603 3394 3672 quod
3436 3602 3683 3657 verberi-

399 3693 550 3758 θεὶς,
611 3694 692 3746 ὅτι
748 3691 1018 3760 Ῥωμαῖον
1087 3689 1218 3742 ὄντα
1285 3686 1508 3740 τύπτειν
1560 3685 1857 3756 ἐπεχείρει,
1907 3685 1988 3747 είς

2088 3696 2193 3750 bus
2243 3694 2570 3757 cecidisset,
2643 3693 2700 3746 in
2736 3694 2992 3747 timorem
3053 3701 3112 3746 et
3170 3691 3680 3761 pusillanimitatem

390 3784 601 3838 δειλίαν
630 3783 726 3836 καὶ
759 3781 923 3849 φόϐον
955 3780 1015 3832 τὸ
1062 3779 1260 3850 θράσος
1289 3779 1382 3832 καὶ
1411 3777 1508 3848 τὴν
1536 3777 1707 3849 ὀργὴν
1733 3776 1986 3838 διαλύων,

2091 3801 2368 3843 conversa
2445 3783 2752 3850 iracundia,
2818 3784 3234 3849 coarctabatur;
3290 3798 3416 3838 nam
3465 3797 3561 3852 per
3594 3783 3683 3838 illa

402 3875 802 3930 συνεστέλλετο.
843 3872 1022 3943 Τιμῆς
1055 3872 1162 3941 γὰρ
1204 3870 1486 3941 ἁπήλαυον
1509 3871 1631 3924 κατ’
1662 3871 1838 3923 ἐκεῖνο
1865 3887 1987 3922 και-

2089 3897 2338 3954 tempora
2395 3881 2747 3937 deferebatur
2814 3880 2992 3934 honor
3046 3896 3157 3936 non
3209 3879 3388 3935 solum
3422 3879 3685 3935 Romanis

399 3968 521 4040 poi},
552 3967 650 4037 οὐχ
672 3967 786 4019 ὅσοι
819 3964 978 4034 μόνον
1003 3963 1266 4032 ἰθαγενεῖς
1291 3963 1391 4033 τῆς
1422 3961 1642 4032 Ῥώμης
1668 3961 1984 4034 ἐτύγχανον,

2090 3976 2387 4044 indigenis,
2442 3974 2535 4029 sed
2578 3981 2634 4028 et
2682 3973 2749 4027 iis
2812 3973 3016 4042 quibus
3088 3973 3177 4027 illa
3249 3974 3540 4044 appellatio
3599 3975 3685 4029 vel

399 4059 538 4114 ἀλλὰ
566 4059 660 4114 καὶ
681 4059 826 4119 ὅσοις
854 4055 996 4126 αὐτὴ
1042 4056 1076 4126 ἡ
1119 4054 1313 4124 κλῆσις
1339 4053 1491 4124 νόμῳ
1518 4055 1756 4125 χαρίτων
1784 4055 1816 4124 ἢ
1848 4073 1986 4126 χρη-

2091 4084 2188 4138 per
2219 4067 2476 4139 gratiam,
2509 4066 2594 4121 vel
2631 4080 2729 4134 per
2763 4066 3053 4133 pecuniam
3103 4080 3134 4121 e
3159 4065 3280 4136 lege
3311 4066 3564 4134 cederet;
3596 4069 3681 4120 ni-

402 4153 616 4223 μάτων,
671 4149 1015 4205 ἐπολιτεύετο
1043 4164 1058 4180 °
1113 4147 1268 4200 οὐδὲν
1331 4143 1424 4200 οὖν
1466 4147 1725 4200 δύσκολον
1772 4149 1987 4201 καὶτὸν

2091 4161 2170 4215 hil
2213 4173 2344 4229 ergo
2401 4159 2620 4222 obstat,
2688 4156 2938 4211 divinum
2994 4157 3248 4221 Paulum,
3279 4172 3406 4210 cum
3462 4156 3685 4214 Judams

403 4245 546 4298 θεῖον
577 4242 790 4297 Παῦλον
829 4240 1082 4294 Ἰουδαῖον
1118 4239 1267 4303 ὄντα,
1315 4239 1412 4292 καὶ
1451 4238 1725 4310 Ῥωμαῖον
1766 4255 1988 4310 χρημα-

2090 4261 2256 4318 esset,
2285 4250 2596 4305 Romanum
2643 4249 2920 4304 nominari
2950 4266 2964 4303 :
3016 4263 3141 4302 nam
3174 4257 3229 4304 et
3268 4248 3471 4303 viritim
3506 4249 3683 4312 multi,

402 4341 573 4395 τίσαι.
607 4339 718 4393 Καὶ
749 4338 858 4408 γὰρ
880 4335 976 4391 καὶ
999 4337 1118 4390 κατ’
1154 4335 1343 4406 ἄνδρα,
1377 4335 1567 4406 ὥσπερ
1589 4338 1617 4389 ὁ
1645 4336 1872 4401 Λυσίας,
1894 4336 1990 4390 καὶ

2095 4356 2154 4400 ιιι
2225 4344 2441 4415 Lysias,
2507 4353 2562 4398 et
2615 4344 2843 4414 integrae
2899 4340 3190 4398 confertim
3256 4343 3509 4398 civitates
3559 4359 3686 4398 cum

405 4433 589 4496 πόλεις
618 4430 924 4503 ὁλόκληροι,
949 4429 1049 4501 τὴν
1091 4429 1382 4498 Ῥωμαίων
1420 4428 1633 4498 κλῆσιν,
1680 4427 1990 4497 ἀλλογενεῖς

2091 4445 2365 4494 extranea!
2389 4446 2596 4500 essent,
2640 4435 2862 4489 titulum
2892 4433 3274 4490 Romanorum
3305 4435 3504 4490 civium
3546 4435 3602 4489 in
3628 4451 3688 4491 se

401 4525 582 4593 οὖσαι,
605 4527 686 4590 είς
715 4526 914 4588 ἑαυτὰς
937 4523 1346 4595 ἐφειλκύσαντο.
1383 4523 1491 4576 Καὶ
1525 4523 1611 4576 ἶνα
1637 4521 1731 4576 νῦν
1759 4522 1828 4576 τὰ
1855 4522 1990 4576 ἄλλα
2017 4538 2034 4597 ]

2054 4529 2436 4594 iderivarunt.
2467 4526 2538 4582 Ut
2565 4539 2763 4583 caetera
2803 4527 3245 4597 praetermittam,
3299 4528 3430 4582 audi
3479 4527 3687 4597 Philip-

407 4620 586 4692 παρῶ,
622 4620 856 4674 ἄκουσον
875 4616 1272 4688 Φιλιππησίους
1288 4617 1436 4680 ὅπως
1453 4616 1678 4679 ἑαυτοὺς
1694 4617 1998 4686 Ῥωμαίους

2098 4637 2312 4690 penses,
2347 4630 2408 4675 ut
2446 4635 2504 4677 se
2534 4621 2680 4675 cives
2705 4621 2986 4674 Romanos
3021 4620 3364 4691 gloriantur:
3390 4636 3512 4674 cum
3539 4622 3687 4673 enim

404 4712 890 4784 ἁποσεμνύνουσιν.
964 4709 1158 4763 Ἦνίκα
1205 4709 1316 4780 γὰρ
1369 4707 1580 4771 Παῦλος
1629 4707 1691 4761 τὸ
1744 4708 1996 4773 Πυθῶνος

2095 4711 2300 4768 Paulus
2323 4713 2368 4744 ³⁶
2397 4713 2653 4782 spiritum
2685 4710 3052 4782 Pythonieum
3091 4728 3122 4766 e
3167 4712 3351 4781 puella
3387 4711 3689 4781 expulisset

407 4805 626 4874 πνεῦμα
668 4805 769 4874 τῆς
809 4800 1100 4871 παιδίσκης
1145 4799 1415 4869 ἀπήλασε,
1470 4798 1566 4853 καὶ
1615 4799 1752 4870 πρὸς
1800 4799 1990 4870 ὀργὴν,

2095 4805 2356 4876 illiusque
2389 4804 2648 4860 dominus
2682 4803 2776 4874 qui
2821 4803 3031 4874 gratias
3059 4804 3310 4870 debebat,
3337 4803 3406 4859 ob
3427 4819 3546 4858 eam
3574 4819 3688 4857 rem

409 4895 580 4966 αὐτῆς
600 4896 649 4948 οἱ
679 4894 884 4965 κύριοι,
908 4892 1025 4946 δέον
1049 4891 1414 4962 εὐχαριστεῖν,
1440 4888 1873 4961 ἀνεφλέχθησαν,
1901 4890 1993 4944 καὶ

2093 4897 2174 4951 ira
2206 4894 2576 4972 inﬂammatus
2619 4893 2998 4951 benefactores
3034 4895 3091 4949 in
3142 4894 3324 4950 forum
3381 4896 3448 4951 ad
3490 4895 3690 4966 magis-

409 4992 535 5054 τοὺς
572 4987 870 5060 εὐεργέτας
914 4986 995 5050 εἰς
1041 4984 1138 5056 τὴν
1179 4981 1387 5052 ἀγορὰν
1421 4985 1515 5036 ἐπὶ
1554 4982 1682 5047 τοὺς
1725 4983 1993 5055 ἄρχοντας

2101 4997 2305 5044 tratum
2369 4987 2669 5054 adductos,
2732 4987 2996 5043 tribunali
3051 4987 3304 5043 sisteret:
3341 4987 3461 5054 Isti,
3489 4988 3687 5058 inquit,

409 5083 644 5146 εῖλκυον,
687 5080 832 5134 οῦτω
869 5078 1055 5149 φασίν·
1108 5070 1267 5130 Οὗτοι
1307 5075 1359 5128 οἱ
1405 5075 1682 5146 ἄνθρωποι
1725 5076 2001 5147 ἐκταράσ-

2101 5081 2375 5146 homines,
2431 5095 2556 5136 cum
2610 5080 2723 5135 sint
2747 5079 2942 5147 Judaei,
2996 5081 3267 5136 civitatem
3301 5093 3546 5136 nostram
3575 5091 3691 5137 tur-

411 5190 593 5227 σουσιν
627 5173 783 5244 ήμῶν
831 5171 929 5242 τὴν
959 5170 1135 5236 πόλιν,
1174 5167 1422 5221 Ἰουδαῖοι
1455 5167 1811 5238 ὑπάρχοντες.
1858 5165 1994 5222 Εἶτα

2098 5173 2268 5240 bant;
2317 5171 2652 5226 annuntiant
2699 5172 2846 5227 enim
2898 5187 3040 5227 nova
3077 5172 3239 5228 nobis
3290 5173 3540 5229 inStituta
3567 5189 3692 5244 quae

408 5267 505 5320 καὶ
544 5266 1007 5334 καταγγέλλουσιν
1045 5263 1144 5334 ἔθη
1177 5263 1215 5318 ἃ
1259 5262 1361 5316 οὐκ
1408 5261 1617 5329 ἔξεστιν
1649 5264 1782 5334 ἡμῖν
1811 5280 1996 5334 παρα-

2099 5265 2396 5322 admittere
2429 5281 2541 5321 non
2570 5265 2722 5332 licet,
2788 5281 2914 5321 cum
2978 5265 3212 5321 Romani
3264 5265 3460 5321 simus.
3493 5266 3687 5330 Audis.

408 5357 660 5430 δέχεσθαι
699 5357 820 5411 οὐδὲ
859 5359 1056 5423 ποιεῖν,
1099 5356 1392 5429 Ῥωμαίοις
1427 5351 1597 5410 οὖσιν.
1659 5356 1822 5428 Ὁρᾷς
1851 5358 2000 5420 ὅπως

2095 5369 2157 5414 ιιι
2223 5359 2606 5431 Philippenses
2665 5359 2894 5415 Romani
2953 5357 3304 5424 dicebantur,
3369 5368 3424 5414 et
3473 5360 3578 5430 ipsi
3632 5376 3692 5415 se

408 5453 458 5505 οί
498 5450 855 5520 Φιλιππήσιοι
899 5449 1157 5522 Ῥωμαῖοί
1187 5467 1246 5503 τε
1294 5449 1686 5520 ἐχρημάτιζον,
1714 5449 1810 5503 καὶ
1855 5449 1991 5503 Ῥω-

2093 5450 2374 5507 Romanos
2426 5453 2745 5520 nominant;
2796 5450 3173 5524 Pliilippenses
3225 5466 3256 5506 a
3310 5451 3488 5523 patria
3539 5451 3692 5508 dicc-

468 5621 516 5652 "
549 5619 670 5676 Act.
701 5630 856 5680 xxnt,
885 5616 972 5670 27.

1677 5722 1913 5781 VARIIE
1947 5721 2358 5780 LECTIONES.

481 5829 506 5867 ε
535 5826 647 5880 καί.
726 5823 750 5862 h
778 5823 1013 5892 Τάρσου.
1097 5821 1112 5860 ἱ
1143 5820 1232 5872 τὸν
1262 5817 1340 5873 δέ.
1425 5814 1436 5866 i
1476 5815 1616 5871 ὅθεν.

767 5918 1038 5977 Ρλτιιοι..
1075 5917 1192 5976 (ιιι,
1225 5911 1328 5973 Cl.
3230 5918 3307 5979 31
