4136 6440
471 369 578 434 963

1634 366 1902 429 ΡΗΟΤΙΙ
1935 367 2444 430 PATRIARCH/E
2472 372 2580 432 CP.

3631 379 3743 445 96$

467 487 690 551 bantur,
705 482 935 540 Romani
954 497 1051 555 per
1069 480 1367 539 decretum.
1387 479 1528 548 Quid
1556 480 1782 553 impedit
1799 499 1953 554 ergo,
1972 498 2064 555 po-

2172 486 2366 555 μαίους
2395 487 2623 550 ἑαυτοὺς
2656 484 3043 558 ὲξονομάζουσι
3062 503 3078 519 ⁸
3109 487 3170 542 τὸ
3194 487 3294 559 μὲν
3318 488 3534 560 ἔχοντες
3555 492 3621 546 ἐκ
3642 512 3749 548 πα-

467 574 579 629 tius
606 575 748 628 unde
777 588 884 628 non
902 572 1050 628 clare
1079 578 1315 637 constat,
1346 571 1567 627 beatum
1587 570 1815 627 Paulum
1838 574 1931 642 qui
1963 571 2062 627 .lu-

466 663 616 718 datus
631 669 771 727 erat,
790 662 1168 718 etRomanum
1188 660 1365 717 fuisse
1380 662 1403 716 ἲ
1420 660 1620 732 Liquet
1639 664 1784 718 enim
1797 676 1905 717 non
1934 662 2066 720 fuis-

467 770 529 812 se
544 756 907 827 imposturam
928 766 1023 811 aut
1037 755 1307 811 mendacii
1326 764 1673 826 praetextum,
1690 757 1837 826 quod
1862 756 2063 814 Paulus

467 849 702 903 Romani
733 849 953 903 titulum
1003 848 1109 904 sibi
1137 847 1457 903 vindicarit.
1483 846 1857 902 Si-nonuullis
1883 862 1942 903 se
1969 850 2067 903 Ju-

465 940 644 995 dazum
710 941 1079 1012 proﬁteretur,
1147 940 1275 996 aliis
1338 956 1400 996 se
1454 950 1676 997 vocaret
1724 940 2059 1004 Romanum,

470 1033 616 1089 ﬁctio
650 1033 743 1089 illa
804 1034 873 1088 de
927 1034 1248 1103 deceptione
1301 1033 1544 1103 aliquam
1587 1032 1822 1102 speciem
1852 1047 1964 1102 pra:
2000 1048 2061 1088 se

468 1125 692 1180 ferret:
751 1125 897 1197 quod
952 1125 997 1181 si
1022 1125 1165 1193 apud
1219 1125 1443 1181 eosdem
1501 1133 1805 1194 utrumque
1837 1140 1896 1181 se
1932 1139 2058 1181 esse

470 1218 785 1284 contendat,
823 1226 971 1273 certe
1025 1217 1179 1272 valde
1224 1218 1452 1273 stultum
1507 1216 1652 1273 foret
1712 1217 2056 1285 exisﬁmare,

470 1311 619 1382 quod
652 1310 1000 1366 mendacium
1082 1310 1395 1379 meditatus,
1439 1310 1572 1365 illud
1612 1310 1884 1382 imprimis
1928 1326 2059 1381 pro-

466 1409 715 1471 poneret,
743 1409 799 1455 et
826 1384 956 1455 au°te
988 1400 1094 1454 alia
1125 1400 1413 1466 fateretur,
1449 1402 1594 1456 unde
1628 1418 1795 1473 quam
1826 1401 2058 1472 expedi-

468 1492 687 1548 tissime
734 1491 862 1546 ﬁcta
913 1490 1159 1561 proferre
1207 1492 1649 1547 convinceretur.
1689 1492 1864 1565 Magis
1894 1494 2060 1564 perti-

470 1586 654 1652 nebat,
715 1583 785 1639 ad
843 1586 1119 1640 hominem
1164 1586 1291 1655 jure
1352 1585 1719 1642 conﬁdentem
1751 1588 2055 1644 secundum

468 1674 547 1729 rei
574 1681 851 1740 naturam,
883 1682 937 1729 et
969 1674 1256 1729 veritatem
1289 1673 1496 1738 dicere,
1520 1691 1642 1746 qua:
1666 1678 1821 1731 omni
1849 1678 2056 1734 calum-

470 1764 583 1830 nia,
616 1767 952 1836 suspicione,
981 1765 1221 1820 falsitate
1247 1764 1526 1821 etlicacior
1551 1775 1729 1839 est‘ct
1762 1770 2051 1834 illustrior,

2164 576 2367 647 τρίδος,
2414 577 2474 629 τὸ
2510 576 2587 641 δὲ,
2633 578 2742 631 ἀπὸ
2796 577 3183 649 ψηφισμάτων.
3214 577 3281 632 Τί
3322 576 3413 634 οὖν
3462 582 3745 651 ἐμποδώνς

2167 666 2368 738 μᾶλλον
2400 665 2477 731 δὲ,
2518 666 2637 730 πῶς
2661 668 2721 720 οῦ
2757 669 3049 738 γεγένηται
3084 670 3342 741 φανερὸν,
3376 675 3472 727 καὶ
3519 674 3612 727 τδν
3643 693 3750 746 μα-

2164 760 2353 829 κάριον
2382 757 2593 811 Παῦλον
2637 759 2886 813 Ἰουδαῖον
2924 760 3073 826 ὅντα,
3104 763 3201 815 καὶ
3246 762 3518 834 Ῥωμαῖον
3563 761 3745 835 εἷναις

2167 849 2330 918 Δῆλον
2358 848 2415 900 δὲ
2456 848 2770 913 κάντεῦθεν,
2797 849 2873 914 ὡς
2917 852 3017 904 οὐκ
3048 852 3261 924 ἀπάτης
3317 850 3387 925 ἦν
3428 856 3463 926 ἢ
3518 856 3747 923 ψεύδους

2161 940 2461 1010 πρόσχημα
2510 940 2588 1010 τῷ
2649 940 2865 1012 Παύλῳ,
2921 943 3020 1013 τῆς
3061 943 3379 1018 Ῥωμαῖκῆς
3432 949 3678 1021 κλήσεως
3710 954 3743 1022 ή

2161 1033 2457 1096 οἰκείωσις.
2490 1034 2553 1086 El
2581 1033 2691 1105 γὰρ
2720 1035 2857 1105 πρὸς
2897 1034 3089 1101 ἄλλους
3124 1039 3224 1108 μὲν
3270 1039 3520 1094 Ἰουδαῖον
3556 1042 3749 1096 ὲαυτὲν

2160 1124 2369 1189 ἐκάλει,
2415 1125 2689 1197 Ῥωμαῖον
2732 1126 2789 1180 δὲ
2828 1126 2966 1196 πρὸς
3010 1128 3252 1202 ἐτέρους,
3296 1128 3443 1202 εῖχεν
3474 1133 3539 1187 ἂν
3584 1135 3619 1205 ἡ
3647 1136 3749 1204 τῆς

2160 1217 2380 1288 ἀπάτης
2409 1219 2581 1290 σκηνή
2622 1236 2747 1272 τινα
2776 1218 2955 1289 λόγον.
2994 1221 3058 1274 El
3102 1222 3161 1275 δὲ
3193 1222 3331 1293 πρὸς
3378 1225 3509 1288 τοῦς
3550 1226 3749 1290 αὐτοὺς

2159 1307 2446 1381 ἀμφότερα
2486 1309 2796 1375 διετείνετο,
2843 1311 2960 1376 πῶς
2985 1312 3046 1366 ού
3086 1311 3208 1366 λίαν
3232 1312 3429 1384 εὔηθες
3474 1316 3747 1383 ὑπονοεῖν,

2160 1396 2244 1450 ὅτι
2270 1396 2464 1465 ψεῦδος
2490 1398 2667 1451 εἰπεῖν
2710 1399 3039 1471 μελετήσας,
3091 1401 3268 1455 ἐκεῖνο
3325 1401 3607 1474 προῦθηκε
3651 1406 3749 1459 καὶ

2160 1486 2730 1561 προδιωμολογήσατο,
2763 1490 2832 1543 δι’
2852 1486 2914 1546 οὗ
2946 1491 3149 1561 μᾶλλον
3182 1492 3249 1548 άν
3278 1512 3364 1559 τις
3385 1495 3748 1568 πεπλασμένα

2159 1577 2334 1648 λέγων
2377 1579 2756 1652 ὲξελέγχοιτο;
2787 1581 3132 1654 Θαρῤοῦντος
3168 1585 3279 1657 γάρ
3322 1587 3525 1656 μᾶλλον
3569 1585 3639 1659 ἦν
3671 1591 3750 1655 ὡς

2157 1670 2377 1742 ἀληθῶς
2411 1674 2479 1744 τῇ
2506 1672 2615 1726 τῶν
2652 1675 2996 1744 πραγμάτων
3019 1676 3199 1746 φύσει,
3237 1678 3333 1732 ml
3362 1681 3461 1751 τὴν
3487 1679 3748 1751 ἀλήθειαν

2158 1762 2395 1831 ἔχοντος,
2425 1763 2678 1837 διαϐολῆς
2708 1766 2929 1838 ἀπάσης
2956 1768 3052 1821 καὶ
3090 1769 3345 1835 ὑπονοίας
3385 1774 3478 1825 καὶ
3518 1772 3748 1842 ψεύδους

470 1856 614 1927 apud
658 1857 807 1927 ipsos
848 1859 1153 1928 praesertim
1203 1857 1256 1912 in
1292 1858 1455 1927 pleno
1489 1872 1753 1915 consessu
1809 1859 2055 1925 Judaeos,

2166 1856 2562 1927 ἐναργεστέραν
2605 1875 2665 1911 τε
2709 1860 2804 1912 καὶ
2858 1859 3271 1933 λαμπροτέραν,
3318 1863 3379 1917 τὺ
3434 1865 3573 1935 πρὸς
3619 1868 3748 1931 τοὺς

475 1967 537 2008 se
558 1949 807 2006 Judaeum
843 1952 1143 2016 declarare,
1203 1961 1255 2007 et
1287 1953 1435 2022 quod
1462 1950 1751 2008 Tarsensis
1779 1955 1974 2023 patria,
2006 1963 2061 2010 ct

471 2043 546 2098 ita
601 2043 823 2099 demum
887 2044 1036 2114 quod
1084 2044 1367 2099 Romanus
1419 2054 1578 2099 erat:
1627 2059 1810 2113 eoque
1871 2048 2058 2117 potius

471 2135 619 2206 quod
645 2150 753 2190 non
797 2136 987 2200 semel,
1034 2151 1133 2190 nec
1178 2137 1393 2192 occulte
1417 2152 1477 2192 se
1522 2133 1830 2191 Romanum
1890 2139 2055 2209 proﬁ-

472 2235 705 2291 teretur,
756 2227 851 2283 sed
902 2228 988 2282 bis
1030 2236 1181 2282 terve
1234 2228 1524 2282 tribunum
1561 2227 1934 2295 terrefaciens,
1966 2228 2062 2299 qui

470 2319 697 2374 omnino
719 2319 772 2374 in
806 2317 1049 2375 furorem
1084 2335 1388 2376 conversus
1421 2320 1638 2387 fuisset,
1680 2321 1726 2376 si
1762 2319 2059 2377 falsitatem

474 2421 599 2482 post
630 2420 945 2468 accuratam
974 2412 1357 2483 quaestionem,
1412 2414 1478 2467 ad
1513 2428 1679 2484 quam
1728 2414 2062 2470 incitabatur

477 2520 579 2576 per
609 2506 759 2561 illam
795 2504 1236 2570 aﬂirmationem,
1276 2506 1598 2575 reperisset.
1630 2504 1816 2561 Facile
1855 2507 2062 2563 idcirco

478 2598 729 2654 ediscere
755 2596 1062 2668 poterimus
1100 2611 1132 2652 e
1178 2596 1366 2651 multis
1413 2598 1785 2666 praeostensis,
1840 2598 2059 2654 beatum

475 2688 706 2745 Paulum
764 2688 1075 2743 Romanum
1108 2687 1434 2755 exstitisse;
1488 2689 1761 2758 imprimis
1814 2693 1882 2745 ab
1931 2691 2064 2745 insi-

472 2781 635 2835 dente
668 2780 773 2849 ipsi
805 2780 1052 2843 veritate,
1087 2779 1246 2847 cujus
1284 2793 1460 2848 pracco
1492 2783 1917 2849 agnoscebatur,
1947 2792 2060 2838 tuin

471 2872 621 2943 quod
678 2886 804 2926 cum
864 2869 1077 2925 sistitur
1134 2870 1419 2935 tribunali,
1459 2871 1697 2940 seipsum
1753 2871 2062 2929 Romanum

472 2962 798 3033 proclamat.
837 2959 1022 3016 Tertio
1054 2961 1200 3031 quod
1244 2974 1371 3015 cum
1411 2960 1477 3015 de
1530 2961 1837 3031 itnpostura
1877 2973 1932 3019 et
1962 2963 2064 3019 fal-

473 3053 630 3108 laciis
657 3051 1047 3122 postularetur,
1084 3067 1194 3106 non
1227 3052 1331 3105 nisi
1370 3051 1602 3107 ridicule
1628 3062 1683 3106 et
1713 3055 2065 3123 impudenter

2161 1948 2383 2012 αὐτοὺς,
2437 1949 2536 2002 καὶ
2583 1948 2642 2000 ὲν
2694 1949 2977 2021 ὁλοκλήρῳ
3015 1950 3196 2022 δήμῳ,
3249 1951 3504 2007 Ἰουδαῖον
3551 1956 3746 2007 ἑαυτὸν

2160 2040 2477 2107 ἀνειπόντα,
2508 2042 2602 2094 ml
2637 2040 2736 2112 τήν
2770 2042 3010 2113 πατρίδα
3038 2042 3119 2095 ὅτι
3158 2041 3431 2113 Ταρσεὺς,
3471 2043 3748 2113 Ῥωμαῖα

2162 2132 2361 2202 ἐφεξῆς
2388 2132 2808 2202 ἀποφήνασθαι·
2837 2133 2933 2186 καὶ
2963 2132 3201 2202 μάλιστά
3236 2149 3322 2203 γε,
3366 2133 3448 2187 ὅτι
3476 2133 3575 2203 ούχ
3601 2131 3750 2198 ἅρπαξ

2160 2224 2283 2278 οὐδὲ
2297 2224 2487 2297 ὥσπερ
2502 2224 2800 2293 λανθάνων,
2823 2226 2906 2292 τὸ,
2937 2225 3241 2295 Ῥωμαῖος,
3263 2227 3589 2297 ἐπήνεγκεν·
3612 2225 3751 2280 ἀλλά

2161 2314 2256 2369 καὶ
2284 2314 2384 2380 δὶς,
2416 2317 2612 2379 και·είς
2636 2314 2838 2387 τρίτον,
2875 2316 2971 2369 ml
2998 2316 3091 2371 τὸν
3121 2316 3399 2389 χιλίαρχον
3439 2316 3751 2387 δεδιττόμε-

2161 2421 2253 2469 νος
2272 2420 2288 2435 ·
2322 2403 2352 2458 ὃ
2382 2404 2619 2472 μάλιστα
2647 2405 2742 2459 ml
2768 2406 2848 2469 είς
2869 2405 3038 2476 ὀργὴν
3079 2404 3292 2459 ἐκκαίει
3313 2402 3407 2458 ml
3428 2403 3565 2473 πρὸς
3585 2403 3751 2473 ἀκρι-

2163 2497 2452 2569 ϐεστέραν,
2479 2500 2575 2551 καὶ
2605 2498 2732 2561 τούς
2764 2515 2828 2567 γε
2861 2498 2935 2568 μὴ
2971 2498 3351 2568 βουλομένους,
3394 2496 3638 2550 ἀνακινεῖ
3657 2494 3752 2549 καὶ

2165 2588 2500 2660 διανίστησιν
2520 2589 2768 2660 ἔρευναν.
2801 2591 2958 2643 Ἔστι
2979 2589 3157 2642 τοίνυν
3182 2588 3273 2642 τὸν
3296 2587 3579 2640 θεσπέσιον
3601 2584 3751 2640 Παῦ-

2166 2681 2278 2745 λον,
2300 2680 2387 2734 διά
2409 2680 2670 2734 πλειόνων
2691 2680 2765 2743 ὡς
2788 2679 3024 2750 ἐδείχθη,
3055 2680 3325 2749 Ῥωμαῖον
3341 2672 3481 2733 εἶναι
3505 2695 3755 2748 καταμα-

2166 2772 2298 2825 θεῖν*
2318 2771 2534 2841 πρῶτον
2564 2772 2664 2841 μὲν
2686 2771 2795 2824 ἀπὸ
2823 2771 2923 2842 τῆς
2958 2770 3266 2842 προσούσης
3285 2770 3433 2842 αύτῷ
3461 2769 3751 2840 ἀληθείαςο

2164 2862 2259 2915 ml
2300 2863 2381 2916 ὅτι
2414 2861 2586 2932 κήρυξ
2620 2863 2790 2934 αὐτῆς
2821 2862 3166 2932 ὲγνωρίξετο.
3211 2861 3498 2934 Δεύτερον,
3542 2861 3625 2915 ὅτι
3656 2862 3756 2914 ml

2165 2955 2433 3026 κριτηρίῳ
2468 2955 2829 3025 παρεστηκὼς
2856 2956 3047 3009 ἑαυτὸν
3078 2956 3346 3026 Ῥωμαῖον
3390 2954 3752 3025 ἀνεκήρυττε.

2166 3047 2273 3099 Kal
2291 3045 2490 3116 τρίτον,
2511 3048 2591 3100 ὅτι
2606 3048 2685 3110 εἰς
2701 3046 2914 3116 ἀπάτην
2931 3046 3025 3099 ml.
3042 3045 3376 3118 κακουργίαν
3391 3044 3758 3112 συκοφαντού-

472 3149 694 3204 mentiri
724 3156 934 3218 poterat
965 3165 980 3203 :
1015 3156 1069 3202 et
1097 3149 1240 3217 quod
1277 3161 1407 3211 non,
1444 3157 1502 3202 ut
1534 3148 1613 3213 ﬁt,
1651 3147 1882 3204 fortuito
1913 3151 2062 3205 illam

2170 3155 2352 3208 μενος,
2372 3139 2429 3192 ὲν
2444 3131 2487 3204 ᾧ
2501 3138 2624 3191 οὐδὲ
2642 3138 2732 3191 τὸν
2754 3138 2874 3192 λίαν
2892 3138 3064 3208 εὐήθη
3082 3138 3175 3191 καὶ
3190 3137 3383 3207 ἀναιδῆ
3402 3135 3759 3207 ἐνῆνδιαψεύ-

473 3253 663 3295 vocem
687 3239 991 3302 emittebat,
1028 3247 1124 3292 aut
1148 3237 1384 3307 jocnlari
1428 3241 1666 3309 quadam
1711 3241 2068 3296 simulatione

476 3346 631 3398 usus,
663 3330 810 3402 quod
849 3333 976 3402 quis
1006 3330 1280 3401 suspicari
1315 3332 1509 3401 possit,
1541 3332 1635 3386 sed
1665 3340 1723 3386 ut
1770 3347 1831 3388 se
1860 3334 2071 3389 exime-

476 3435 561 3478 ret
599 3438 629 3477 a
660 3423 971 3487 tormentis,
1025 3431 1079 3477 et
1136 3421 1454 3493 pra-fectum
1492 3421 1868 3478 terrel‘areret.
1900 3424 2070 3479 Porro

477 3511 627 3582 quod
657 3510 878 3582 Lysiam
914 3511 970 3565 in
998 3526 1130 3566 suas
1157 3520 1338 3581 partes
1390 3512 1678 3581 pertraxit,
1720 3522 1781 3567 ut.
1807 3529 1838 3568 a
1868 3523 2068 3569 contu—

478 3603 643 3659 melia
670 3602 953 3658 inferenda
979 3602 1280 3657 abstineret
1307 3619 1323 3668 ;
1370 3610 1426 3656 et
1457 3604 1604 3672 quod
1644 3602 1838 3675 Lysias
1862 3606 1930 3661 ad
1960 3605 2068 3660 Fe-

480 3693 643 3748 licem
676 3694 918 3764 scripsit,
947 3708 1009 3749 se
1044 3693 1273 3750 Paulum
1318 3692 1628 3748 Romanum
1660 3695 1835 3749 civem
1883 3711 1914 3750 a
1968 3694 2068 3752 Ju-

480 3787 724 3840 daeorum
772 3784 1082 3855 sanguineo
1113 3783 1300 3839 furore
1331 3784 1626 3840 exemisse.
1659 3786 1726 3840 Et
1750 3794 1897 3841 certe
1919 3784 2073 3842 Felix

482 3877 610 3931 licet
638 3875 875 3931 voluerit
920 3872 1126 3930 Judaeis
1156 3874 1475 3946 gratiﬁcari,
1514 3877 1581 3929 de
1628 3876 1723 3930 tali
1758 3876 2073 3947 suspicione

473 3982 553 4023 ne
607 3967 884 4037 cogitabat
916 3966 1135 4037 quidem
1185 3984 1200 4023 :
1255 3967 1526 4035 imprimis
1564 3968 1737 4023 refelli
1758 3984 1869 4023 non
1894 3978 2074 4041 potest

483 4059 637 4126 illud,
673 4060 822 4130 quod
862 4074 996 4130 gens
1018 4058 1331 4114 Judaeorutn
1363 4068 1477 4114 tum
1502 4075 1768 4131 praesens,
1797 4071 1853 4117 et
1881 4071 2071 4119 contra

482 4164 610 4207 eum
648 4148 850 4206 caedem
883 4149 1126 4221 Spirans,
1157 4161 1211 4205 et
1259 4151 1335 4207 nil
1366 4166 1474 4205 non
1510 4167 1733 4219 ausura,
1762 4168 1871 4208 non
1904 4155 2073 4209 audc-

486 4244 619 4299 bant
672 4243 753 4299 illi
801 4243 980 4298 dicam
1054 4243 1365 4298 istiusmodi
1416 4244 1687 4299 mendacii
1742 4244 2069 4300 inscribere.

484 4334 712 4389 Accedit
764 4335 911 4405 quod
968 4335 1111 4404 apud
1160 4335 1381 4390 cosdcm
1446 4344 1742 4404 utrumque
1791 4336 2073 4406 professus

485 4425 673 4490 fuerit,
704 4439 901 4495 nempe
943 4425 1090 4495 quod
1117 4423 1341 4479 Judazus
1366 4434 1421 4478 et
1446 4427 1592 4495 quod
1627 4427 1906 4481 ltomanus
1931 4434 2069 4492 erat;

2173 3229 2387 3281 σασθαι.
2402 3230 2511 3282 Kal
2526 3230 2607 3283 ὅτι
2623 3230 2721 3299 οὐχ
2732 3230 2919 3293 ἁπλῶς
2935 3231 3112 3300 ἀφῆκε
3129 3229 3333 3299 ταύτην
3348 3229 3449 3300 τὴν
3466 3226 3647 3297 φωνὴν
3660 3226 3758 3280 καὶ

2171 3321 2568 3392 θρυπτόμενος,
2593 3322 2729 3392 ὅπερ
2756 3322 2822 3376 ἄν
2845 3338 2928 3385 τις
2956 3322 3085 3385 ἴσως
3116 3322 3212 3375 καὶ
3236 3322 3584 3391 ύπερόψοιτο,
3616 3318 3756 3373 ἀλλὰ

2173 3412 2423 3484 βασάνων
2448 3413 2641 3465 ὲαυτδν
2672 3412 3056 3484 ἐξαιρούμενος
3080 3414 3177 3467 καὶ
3197 3412 3291 3465 τὸν
3320 3413 3557 3483 ἄρχοντα
3583 3411 3757 3465 δεδιτ-

2169 3504 2416 3574 τόμενος.
2453 3503 2572 3556 Ἔτι
2598 3504 2654 3556 δὲ
2682 3502 2777 3556 καὶ
2815 3502 2875 3567 ἐξ
2904 3502 3070 3556 αὐτοῦ
3107 3501 3203 3555 τοῦ
3232 3502 3523 3555 πεπεῖσθαι
3549 3501 3756 3554 Λυσίαν

2170 3596 2267 3649 καὶ
2302 3595 2642 3667 ἀποσχέσθαι
2668 3598 2765 3667 τῆς
2787 3594 3016 3664 ὕϐρεως,
3046 3595 3141 3649 ml
3168 3596 3232 3648 ὲκ
3258 3592 3354 3648 τοῦ
3383 3593 3519 3664 πρὸς
3543 3592 3758 3665 Φήλικα

2172 3689 2228 3745 δὲ
2265 3690 2655 3755 διατείνασθαι,
2692 3691 2776 3743 ὅτι
2819 3688 3089 3760 Ῥωμαῖον
3116 3690 3246 3742 δντα
3272 3690 3363 3741 τὸν
3397 3686 3628 3752 Παῦλον,
3655 3688 3758 3755 τῆς

2184 3782 2481 3853 Ἰουδαϊκῆς
2512 3781 2827 3853 μιαιφονίας
2857 3782 3122 3847 ἐξείλατο.
3148 3780 3224 3834 Οὐ
3261 3780 3368 3851 μὴν
3404 3779 3539 3833 ἀλλὰ
3577 3780 3670 3833 καὶ
3695 3780 3755 3846 ἐξ

2172 3867 2248 3929 ὧν
2274 3873 2472 3946 Φήλικι
2499 3874 2623 3944 μηδ’
2644 3873 2725 3936 είς
2750 3872 2998 3937 ἐξέτασιν
3020 3871 3196 3926 ἐλθεῖν
3222 3872 3478 3944 τοιαύτης
3501 3874 3758 3937 ὑπονοίας

2173 3965 2488 4035 ἐξεγένετο,
2549 3964 2728 4018 καίτοι
2769 3963 3089 4035 χαρίζεσθαι
3136 3963 3416 4027 Ἰουδαίοις
3459 3980 3759 4035 προαιρουο

2177 4054 2324 4126 μένῳ
2352 4055 2444 4107 καὶ
2497 4052 2811 4107 σπεύδοντι⁹
2839 4053 2935 4106 ml
2981 4053 3043 4105 τὸ
3087 4052 3292 4124 σφόδρα
3338 4054 3754 4124 ἀναντίρρητον,

2173 4147 2257 4201 ὅτι
2284 4146 2406 4201 οὐδὲ
2424 4144 2533 4199 τῶν
2583 4144 2856 4199 Ἰουδαίων
2881 4147 2909 4198 ὁ
2936 4145 3108 4216 δῆμος
3135 4143 3327 4216 παρὼν
3356 4146 3452 4199 xal
3483 4144 3675 4214 φωνῶν
3702 4146 3753 4210 ιι,

2174 4240 2271 4292 ml
2293 4237 2473 4293 πάντα
2495 4237 2731 4308 τολμῶν,
2754 4236 2865 4289 οὐδ’
2894 4239 3101 4300 ἐκεῖνος
3136 4238 3432 4308 ἐτόλμησεν
3461 4238 3556 4291 ἐπὶ
3581 4236 3758 4311 τούτῳ

2173 4330 2524 4401 ψευδολογίας
2573 4328 2741 4382 αὑτὸν
2775 4328 3110 4398 γράψασθαι.
3146 4329 3292 4399 Πρὸς
3341 4329 3400 4383 δέ
3446 4345 3511 4397 γε
3548 4328 3758 4394 τούτοις

2176 4422 2262 4476 ὅτι
2300 4422 2394 4475 καὶ
2423 4421 2559 4491 πρὸς
2586 4420 2785 4484 αὐτοὺς
2807 4421 2973 4489 ἄμφω
3004 4419 3130 4489 ἔφη,
3163 4421 3240 4484 ὡς
3286 4419 3536 4483 Ἰουδαῖός
3569 4438 3630 4475 τε
3661 4424 3759 4475 καὶ

482 4518 634 4588 quod
673 4533 834 4574 nemo
862 4518 1032 4572 libere
1058 4519 1305 4588 proﬁteri
1339 4519 1520 4583 vellet,
1570 4518 1674 4573 nisi
1709 4521 1802 4587 qui
1859 4518 2064 4573 veritati

2191 4516 2464 4585 Ῥωμαῖος
2489 4514 2573 4584 είη
2595 4529 2610 4545 ο
2638 4513 2776 4584 ὅπερ
2804 4514 2905 4567 οὐκ
2928 4514 2993 4567 ἀν
3017 4531 3103 4577 τις
3135 4514 3210 4585 μὴ
3241 4513 3359 4568 λίαν
3391 4514 3666 4577 πεποιθὼς
3686 4517 3756 4586 τῇ

488 4625 839 4681 summopere
863 4610 1195 4676 conﬁderet;
1237 4624 1338 4665 nec
1364 4610 1688 4680 simpliciter
1714 4618 1951 4675 tantum,
1977 4611 2074 4667 sed

488 4703 635 4774 quod
673 4717 797 4758 cum
831 4702 1236 4758 asseveratione
1268 4702 1622 4757 immaneudo
1662 4702 1813 4756 illum
1852 4702 2071 4757 titulum

490 4812 604 4870 pra:
631 4809 691 4852 se
753 4794 941 4851 ferret.
973 4792 1029 4849 Si
1057 4794 1237 4850 adhuc
1265 4794 1457 4863 placet,
1492 4802 1547 4847 et
1576 4793 1730 4856 illud,
1766 4792 1911 4863 quod
1944 4794 2075 4847 viri-

491 4888 592 4941 tim
627 4894 684 4941 et
727 4886 968 4940 urbatim
990 4922 1006 4948 ,
1039 4881 1345 4937 Romanum
1374 4882 1613 4946 titulum,
1647 4881 1740 4948 qni
1773 4894 1881 4934 non
1916 4893 2071 4933 eam-

485 4978 610 5032 dem
649 4977 883 5049 patriam
920 4974 1291 5030 sortiebantur
1331 4988 1429 5042 per
1458 4972 1828 5042 psepliismata
1872 4984 2071 5026 conse-

2170 4605 2423 4677 ἀληθεία,
2453 4605 2889 4677 παρρησιάσοιτο
2914 4620 2928 4634 ’
2965 4606 3061 4659 ml
3101 4607 3184 4660 ὅτι
3232 4606 3632 4677 διατεινόμενος
3660 4610 3758 4660 καὶ

2172 4698 2449 4766 ἐπιμένων
2471 4695 2569 4767 τὴν
2596 4696 2971 4766 προσηγορίαν
2990 4696 3383 4768 προύϐάλλετο’
3403 4699 3451 4750 εί
3472 4697 3650 4768 βούλει
3671 4695 3754 4760 δὲ,

2173 4791 2255 4844 ὅτι
2281 4791 2376 4845 ml
2426 4792 2546 4843 κατ’
2585 4789 2755 4861 ἄνδρα
2784 4792 2880 4845 ml
2933 4790 3071 4844 κατά
3104 4790 3287 4855 πόλεις
3314 4790 3423 4862 ξτὴν
3465 4790 3757 4862 Ῥωμαίων

2168 4880 2388 4950 κλῆσιν,
2417 4881 2479 4933 ού
2512 4880 2718 4949 ταύτην
2755 4879 3014 4951 λαχόντες
3060 4881 3319 4952 πατρίδα,
3366 4880 3554 4934 πολλοὶ
3581 4881 3756 4952 ψηφί-

2175 4989 2378 5043 σμασιν
2434 4972 2837 5045 ἐκληρώσαντο,
2894 4974 2982 5041 Ἐξ
3026 4966 3106 5028 ὧν
3169 4968 3324 5044 οἶμαι
3379 4973 3613 5045 φανερὸν
3660 4975 3759 5027 καὶ⁹

487 5069 810 5139 quebantur.
841 5067 1020 5137 Atque
1049 5066 1124 5121 ita
1180 5063 1555 5128 manifestum,
1614 5072 1667 5117 et
1722 5064 1843 5117 siue
1907 5061 2064 5117 dubio

2171 5062 2658 5133 ἀναμφισϐήτητον
2681 5063 3032 5127 καθεστάναι,
3055 5065 3131 5127 ὡς
3153 5064 3211 5117 ὲν
3236 5066 3438 5135 ἀμφοῖν
3468 5067 3496 5118 ὁ
3520 5063 3754 5128 Παῦλος,

485 5172 743 5216 constare
781 5158 1039 5225 arbitror,
1074 5158 1221 5229 quod
1251 5156 1481 5220 Paulus,
1511 5155 1556 5210 si
1589 5156 1714 5225 quis
1750 5155 1893 5210 alius
1925 5153 1979 5207 in
2014 5170 2064 5209 re

2168 5155 2329 5225 εἴπερ
2356 5170 2443 5217 τις
2460 5153 2649 5220 ἀλλος,
2679 5153 2933 5225 ήλήθευε,
2981 5154 3253 5226 Ῥωμαῖον
3277 5155 3469 5208 ἑαυτὸν
3495 5155 3590 5208 ml
3623 5155 3757 5208 ’Iou-

484 5253 693 5323 aliqua,
745 5252 799 5307 in
831 5262 1066 5321 utroque
1116 5264 1306 5305 verum
1346 5248 1505 5307 dixit.
1544 5248 1637 5317 qui
1696 5263 1755 5303 se
1812 5262 1939 5302 cum
1969 5245 2064 5301 Ju-

2167 5245 2314 5299 δαῖον
2344 5245 2802 5316 ἀποφαινόμενος.
2831 5247 2895 5298 Τί
2913 5246 3028 5310 οῦν,
3062 5247 3246 5317 φησὶν,
3273 5247 3374 5299 ούκ
3401 5242 3468 5318 ἦν
3497 5248 3756 5321 Χριστια·

485 5347 664 5402 dmum
694 5344 934 5415 prodidit
960 5354 1073 5399 tum
1105 5343 1437 5397 Romanum.
1486 5344 1557 5394 At
1585 5338 1718 5409 quid
1743 5380 1759 5406 ,
1795 5340 2064 5409 inquient,

2167 5338 2285 5405 νός;
2320 5339 2432 5392 Καὶ
2458 5337 2693 5408 μάλιστά
2720 5355 2803 5407 γε.
2838 5337 2961 5402 Πῶς
2985 5337 3077 5391 οῦν
3097 5338 3196 5392 οὐκ
3227 5338 3413 5393 ἐκάλει
3443 5339 3632 5393 ἑαυτὸν
3657 5341 3756 5392 ml

486 5454 668 5494 nonne
691 5437 1041 5493 Christianus
1069 5434 1213 5490 fuit?
1256 5431 1490 5490 Omnino
1538 5431 1659 5486 fuit.
1703 5430 1845 5496 Quid
1880 5431 2064 5500 igitur,

2166 5430 2344 5502 τούτῳ
2375 5430 2452 5502 τῷ
2483 5431 2746 5502 ὀνόματι;
2775 5431 3043 5487 Ἐνταῦθα
3072 5433 3323 5504 περιττὸν
3353 5429 3452 5507 ἦν’
3485 5435 3624 5504 ὑπὲρ
3642 5435 3755 5503 γὰρ

486 5547 593 5587 non
628 5546 724 5601 per
751 5530 858 5586 hoc
889 5543 1089 5585 nomen
1112 5543 1172 5586 se
1199 5525 1542 5585 nominavit?
1572 5522 1812 5590 Scilicet,
1844 5526 1899 5580 iu
1940 5538 2064 5593 prte-

2166 5523 2370 5594 ταύτης
2400 5526 2496 5595 τῆς
2547 5523 2844 5596 θρησκείας
2873 5525 2968 5579 καὶ
3008 5524 3107 5596 τῆς
3141 5525 3388 5598 κλήσεως
3434 5527 3613 5582 πάντα
3642 5526 3753 5580 πά·-

1714 5727 1950 5785 VARl/E
1982 5721 2388 5783 LECTIONES.

576 5820 602 5861 ³⁸
630 5824 735 5895 leg.
766 5822 967 5893 φονῶν.
