4136 6430
377 413 484 478 965

1290 413 1392 473 AD
1448 410 2047 474 AMPHILOCHIUM
2107 410 2458 483 QU/ESTIO
2512 409 2738 471 CCXII.

3551 408 3656 472 966

380 541 528 597 σχων
558 521 656 576 καὶ
715 521 976 588 ἒναθλῶν,
1011 520 1352 592 διεκαρτέρει
1383 521 1479 574 καί⁸
1507 519 1729 592 ἔχαιρεν
1752 536 1766 551 ·
1805 519 1970 583 αὐτός

2078 522 2215 577 senti
2243 535 2352 576 non
2388 530 2508 576 erat
2538 536 2716 591 opus;
2755 535 2878 575 nam
2918 528 3138 590 prepter
3164 521 3310 579 istud
3346 538 3565 597 nomen,
3598 539 3654 583 et

378 636 439 673 τε
466 613 534 689 ἦν
550 617 579 669 ό
600 614 993 679 διδασκαλίαις,
1018 613 1115 667 καὶ
1146 612 1350 678 πόνοις,
1384 613 1479 664 καὶ
1507 611 1717 682 ἱδρῶσι,
1738 610 1964 681 πρώτην

379 708 607 766 ἁπασῶν
628 707 839 762 πόλεων
866 705 966 777 τὴν
1004 705 1362 776 Ἀντιόχειαν,
1392 708 1462 777 τῇ
1493 704 1601 757 τῶν
1623 704 1966 774 Χριστιανῶν

336 828 343 833 ·
381 802 574 873 κλήσει
602 798 1033 869 παρασκευάσας
1063 796 1593 867 ἐγκαλλωπίζεσθαι.
1628 798 1692 850 Εἰ
1721 795 1777 849 δὲ
1810 796 1891 850 δεῖ
1914 813 1967 848 τι

382 894 474 948 καὶ
533 892 774 962 ἱστορίας
826 889 1170 955 ἐπακοῦσαι,
1228 888 1449 959 λέγεταί
1501 906 1585 953 τις
1633 891 1713 953 εἰς
1768 887 1970 957 πολλὴν

383 984 721 1055 ἀρχαιότητα
750 981 1089 1052 ἀνηγμένος·
1117 980 1193 1045 ὡς
1225 982 1258 1051 ὴ
1291 980 1386 1034 τοῦ
1426 980 1688 1051 Βενιαμὶν
1734 979 1876 1050 φυλὴ
1911 979 1969 1031 ὲν

386 1073 720 1147 Παλαιστίνῃ
748 1067 1080 1143 ῥιζωθεῖσα,
1110 1072 1273 1144 μέχρι
1304 1072 1415 1126 τῶν
1463 1075 1564 1143 τῆς
1608 1071 1839 1135 Ἰταλίας
1872 1088 1969 1142 με·

386 1164 495 1235 ρῶν
515 1167 616 1229 τὰς
647 1165 885 1235 βλάστας
911 1164 1278 1229 ὑπεξέτεινεν,
1307 1163 1458 1236 αύτῷ
1486 1163 1633 1233 γένει
1680 1163 1970 1233 Ῥωμαίων

384 1256 479 1309 καὶ
508 1256 646 1329 αὐτῇ
694 1256 881 1330 Ῥώμῃ
917 1257 1260 1328 χαρισαμένη
1286 1256 1505 1325 γένεσίν
1537 1272 1599 1308 τε
1640 1254 1737 1308 καὶ
1774 1254 1966 1323 ὄνομα.

397 1346 488 1412 Ἐξ
515 1342 643 1401 ὧνό
681 1348 825 1412 Θεῖος
879 1348 1093 1411 Παῦλος
1138 1348 1220 1411 εἰς
1268 1346 1329 1401 τὸ
1370 1346 1465 1401 τοῦ
1512 1345 1777 1415 Βενιαμὶν
1828 1338 1971 1413 αἷμα

385 1440 750 1511 ἀναγόμενος,
809 1441 1083 1511 Ῥωμαῖος
1140 1440 1209 1493 ἂν
1260 1438 1485 1502 εἰκότως
1542 1436 1967 1509 χρηματίσειεν·

386 1534 636 1602 ἐγένοντο
685 1533 795 1604 γὰρ
844 1534 1105 1601 ἀπόγονοι
1134 1530 1213 1603 τῷ
1266 1530 1550 1601 Βενιαμὶν,
1598 1529 1746 1584 ἄλλοι
1785 1545 1844 1581 τε
1870 1528 1972 1581 ούκ

385 1625 577 1692 ὀλίγοι,
610 1624 668 1691 ἐξ
701 1618 777 1679 ῶν
806 1626 1038 1696 Ἀραδός
1060 1642 1121 1678 τε
1164 1624 1256 1678 καὶ
1284 1624 1466 1686 πόλεις
1494 1622 1651 1676 ἄλλαι
1677 1622 1771 1674 καὶ
1796 1619 1972 1691 χῶραι

384 1717 485 1779 τὰς
512 1718 830 1788 ἐπωνυμίας
859 1717 1245 1787 ἐκληρώσαντο
1268 1732 1284 1747 ’
1332 1716 1429 1771 καὶ
1455 1715 1519 1787 δὴ
1557 1714 1651 1768 καί.
1702 1714 1843 1783 ἀνήρ
1886 1729 1972 1776 τις

385 1809 558 1879 ὄνομα
596 1808 753 1874 Ῥῶς,
792 1809 850 1873 ὃς
892 1811 984 1862 ἐπὶ
1015 1810 1085 1863 τὰ
1106 1809 1207 1879 τῆς
1250 1809 1479 1872 Ἰταλίας
1506 1807 1649 1878 μέρη
1689 1806 1969 1877 χωρήσας,

387 1870 493 1955 καὶ,
526 1870 753 1965 πολλοῦς
796 1870 976 1954 ἐκεῖσε
1024 1899 1120 1953 τοῦ
1163 1870 1481 1971 σπέρματος
1507 1870 1722 1968 ξύσας,
1758 1870 1851 1950 καί.
1880 1870 1972 1950 ὲπί
2007 1870 2048 1924 Β

389 1990 533 2061 μέγα
554 1990 711 2061 δόξης
744 1992 841 2046 καὶ
872 1990 1057 2061 ἰσχύος
1080 1988 1324 2046 ἀνελθὼν
1364 1988 1589 2060 Ῥώμην
1649 2005 1710 2041 τε
1741 1987 1841 2059 τὴν
1870 1987 1973 2040 ὲπ-

387 2080 637 2153 ωνυμίαν
679 2082 862 2136 ἓλκειν
895 2082 956 2147 ἐξ
995 2080 1213 2146 ἑαυτοῦ,
1260 2081 1355 2135 καὶ
1391 2080 1454 2133 τὸ
1498 2080 1766 2151 Ῥωμαῖον
1793 2079 1971 2148 γένος,

386 2174 555 2228 ἔδωκε
576 2189 591 2203 ⁸
626 2175 724 2238 τὰς
752 2175 862 2245 γὰρ
900 2172 1168 2245 Ἑλλήνων
1194 2173 1281 2227 ἐπ’
1315 2172 1455 2243 αύτῇ
1496 2171 1697 2236 αἰτίας,
1739 2170 1906 2234 πολάς
1947 2168 1968 2209 1

386 2282 447 2319 τε
490 2263 588 2319 καὶ
621 2264 743 2319 οῦδὲ
791 2264 931 2336 πρὸς
978 2264 1217 2335 ἀλλήλας
1257 2262 1680 2333 συμφωνούσας,
1715 2262 1765 2314 οἰ
1800 2260 1974 2316 ταῦτα

385 2354 636 2425 λέγοντες
687 2354 798 2409 οὐδ’
831 2353 1142 2410 ἀκούουσιν.
1186 2354 1246 2408 '0
1288 2354 1470 2408 τοίνυν
1510 2353 1649 2416 Ῥῶς
1701 2352 1968 2421 ἀπόγονος

389 2447 491 2517 μὲν
538 2446 804 2516 ὑπάρχων
847 2446 943 2500 τοῦ
992 2447 1272 2517 Βενιαμὶν,
1320 2447 1585 2518 πρόγονος
1628 2444 1686 2499 δὲ
1736 2444 1971 2509 Παύλου,

386 2538 612 2600 εἰκότως
653 2537 745 2590 τὸν
791 2537 962 2608 ἄνδρα
1019 2538 1294 2607 Ῥωμαῖον
1346 2537 1649 2607 ἀπέφηνεν,
1696 2536 1757 2603 ἐξ
1803 2535 1972 2591 αὑτοῦ

390 2630 512 2698 μὲν,
538 2628 637 2701 τὴν
664 2629 759 2684 τοῦ
809 2630 1166 2701 πορρωτέρου
1204 2630 1397 2700 γένους
1426 2630 1628 2695 αἰτίαν,
1663 2630 1728 2683 ὲκ
1777 2628 1835 2683 δὲ
1880 2627 1973 2683 τοῦ

397 2720 715 2792 Ῥωμαϊκοῦ
744 2724 1093 2793 συστήματος
1119 2722 1218 2794 τὴν
1238 2722 1524 2793 ἐγγυτέρω
1544 2721 1800 2793 φέροντα.
1835 2720 1974 2774 Ἀλλ’

386 2811 530 2885 αῦτη
564 2814 662 2884 μὲν
689 2814 724 2885 ἡ
754 2815 987 2886 ἱστορία,
1020 2815 1150 2887 ἡδὺς
1186 2815 1286 2887 μὲν
1333 2814 1568 2869 ἀκοῦσαι
1595 2814 1689 2868 καὶ
1732 2813 1976 2886 ἐπαφρό-

384 2905 553 2969 διτος,
582 2906 643 2959 οὐ
674 2908 782 2976 μήν
815 2924 880 2977 γε
911 2909 1048 2977 μετὰ
1080 2906 1178 2960 τοῦ
1206 2908 1513 2978 χαρίεντος,
1551 2908 1645 2961 καί
1676 2907 1774 2979 τὴν
1801 2905 1977 2960 πειθὼ

387 2998 726 3067 ἐπιφέρουσα
746 3014 761 3029 ’
796 2997 993 3052 πολλοῦ
1019 2998 1128 3069 γὰρ
1156 2998 1221 3052 ἂν
1245 2998 1422 3068 ἔγωγε
1446 3000 1544 3069 τῆς
1567 2998 1821 3068 ἀπαρχῆς
1842 2999 1951 3051 ἀπο

386 3089 681 3160 διδομένης
714 3107 804 3161 μοι
856 3090 1036 3154 αἰτίας
1067 3089 1273 3161 ταύτην
1314 3090 1612 3161 προέταξα,
1653 3091 1702 3141 εἰ
1750 3088 1824 3161 μὴ
1857 3089 1978 3144 λίαν

2070 613 2213 668 hanc
2255 612 2655 683 professionem
2698 611 2881 666 omnia
2914 612 3044 681 pati,
3072 629 3198 669 eum
3229 616 3487 673 omnibus
3519 634 3655 675 eon-

2069 704 2266 759 ﬂictari
2342 702 2557 758 fortiter
2618 703 2983 772 persistebat;
3043 705 3311 775 gaudebat
3359 717 3542 763 autem
3586 724 3656 765 eo

2070 795 2251 861 titulo,
2283 810 2447 865 quem
2484 792 2739 863 princeps
2775 792 3228 851 Antiochensium
3266 797 3463 854 civitas
3496 816 3657 854 usur-

2069 896 2247 959 parat,
2305 896 2361 942 et
2404 889 2674 953 doctrina,
2717 887 3023 953 laboribus,
3056 890 3350 947 sudoribus
3388 909 3655 963 procura-

2069 982 2184 1035 lrat.
2217 980 2376 1046 Quod
2409 981 2454 1035 si
2490 979 2746 1035 historias
2777 978 2969 1035 audire
3031 979 3183 1048 libet,
3220 994 3479 1039 narratur
3504 1001 3660 1057 qum-

2071 1073 2197 1127 dam
2226 1072 2383 1128 valde
2408 1073 2661 1143 antiqua;
2717 1072 2864 1143 quod
2914 1072 3091 1127 tribus
3118 1074 3421 1144 Benjamini
3457 1078 3512 1132 in
3556 1078 3659 1133 Pa-

2072 1164 2283 1220 laestina
2299 1164 2565 1231 radieata,
2599 1181 2774 1236 usque
2800 1164 2867 1219 ad
2895 1175 3079 1235 partes
3104 1164 3271 1222 Italiae
3299 1172 3659 1240 germinando

2074 1271 2134 1312 se
2186 1255 2482 1321 diﬂ'uderit,
2543 1257 2672 1311 dum
2714 1266 2769 1313 et
2803 1258 2951 1322 genti
2986 1257 3363 1314 Romanorum
3390 1262 3659 1331 originem

2072 1356 2127 1403 et
2164 1346 2355 1404 Roma:
2387 1363 2587 1403 nomen
2638 1358 2692 1404 et
2731 1349 3154 1419 appellationem
3217 1350 3479 1421 impertit.
3507 1352 3663 1410 Unde

2074 1441 2299 1497 divinus
2337 1440 2543 1498 Paulus
2572 1442 2664 1512 qui
2695 1442 2761 1497 de
2792 1442 2882 1499 illa
2933 1442 3077 1497 tribu
3112 1441 3417 1512 Benjamini
3442 1444 3661 1501 deriva-

2075 1537 2169 1590 bat
2207 1536 2555 1605 sanguinem,
2618 1534 2902 1590 Romanus
2931 1549 3031 1590 nec
3061 1535 3268 1606 injuria
3328 1538 3615 1595 dicebatur
3644 1557 3659 1595 :

2074 1628 2141 1685 de
2175 1627 2485 1698 Benjamini
2541 1629 2803 1699 progenie
2829 1628 3316 1697 disseminabatur,
3362 1632 3468 1687 alia
3498 1644 3665 1703 atque

2077 1722 2273 1786 altera,
2305 1736 2336 1776 a
2366 1721 2569 1791 quibus
2594 1720 2829 1787 Aradus,
2866 1720 3098 1793 alia:th
3135 1724 3299 1779 urbes
3324 1733 3379 1779 et
3412 1725 3533 1781 loca
3561 1742 3663 1781 no-

2078 1815 2449 1869 menclaturas
2503 1814 2920 1877 sortiebantur;
2950 1822 3004 1869 et
3062 1814 3204 1869 inter
3231 1818 3388 1885 alios,
3416 1820 3504 1874 vir
3537 1821 3663 1891 qui-

2074 1908 2199 1962 dam
2226 1907 2339 1964 Ros
2368 1907 2566 1972 dictus,
2592 1908 2687 1978 qui
2714 1907 2769 1961 in
2797 1916 2979 1977 partes
3002 1906 3171 1964 italiae
3198 1912 3501 1981 profectus,
3533 1931 3661 1972 cum

2075 1997 2283 2052 multos
2314 1998 2379 2052 de
2406 1998 2618 2053 semine
2645 2013 2752 2053 suo
2774 2010 3141 2069 procreasset,
3176 2012 3231 2058 et
3262 2020 3514 2075 magnam
3545 2007 3663 2063 exi-

2076 2088 2448 2144 stimationem
2496 2090 2911 2161 potentiamque
2968 2104 3303 2151 consecutus
3348 2108 3517 2165 esset,
3551 2097 3664 2155 Ro-

2076 2195 2221 2235 mam
2250 2180 2319 2237 ab
2343 2197 2408 2237 eo
2443 2181 2851 2238 dcnominatam
2883 2183 3055 2250 dedit,
3096 2194 3154 2241 et
3184 2186 3493 2245 Romanum
3520 2207 3662 2263 quo-

2077 2286 2186 2342 que
2244 2286 2414 2341 genus
2462 2281 2862 2342 procreatum:
2910 2272 3223 2331 Graecorum
3260 2281 3406 2333 enim
3436 2291 3662 2337 senten-

2078 2363 2205 2428 tias,
2262 2378 2385 2435 quae
2435 2364 2682 2431 plurima:
2732 2374 2861 2421 sunt
2888 2376 2943 2422 et
2997 2367 3408 2438 diversissimae,
3455 2372 3533 2427 illi
3567 2374 3664 2444 qui

2078 2453 2222 2509 hanc
2277 2453 2563 2509 historiam
2602 2467 2851 2522 narrant,
2883 2472 2992 2512 non
3036 2459 3357 2515 admittunt.
3389 2461 3663 2528 Quocirca

2077 2544 2192 2602 Ros
2249 2544 2555 2617 Benjamini
2610 2547 2923 2619 progenies,
2984 2549 3128 2605 inter
3186 2552 3428 2617 majores
3481 2554 3661 2623 Pauli,

2078 2644 2225 2692 recte
2262 2636 2415 2692 illum
2466 2638 2776 2694 Romanum
2818 2654 2941 2696 esse
2976 2641 3156 2707 docet,
3180 2652 3235 2698 et
3267 2644 3535 2717 originem
3566 2666 3666 2703 an-

2078 2729 2289 2799 tiquam
2328 2728 2624 2799 imprimis,
2658 2730 2919 2801 deinceps
2953 2732 3230 2788 civitatem
3266 2734 3449 2791 datam
3476 2737 3664 2809 largiri

2078 2820 2322 2876 titulum.
2370 2819 2571 2875 Verum
2605 2821 2849 2892 jucunda
2898 2833 3122 2878 narratu
3149 2834 3233 2880 est
3263 2826 3379 2881 haec
3412 2827 3662 2893 historia,

2078 2909 2173 2966 sed
2224 2925 2333 2965 non
2386 2911 2612 2981 perinde
2644 2914 2959 2982 persuadet,
3012 2924 3176 2984 atque
3214 2916 3481 2986 delectat;
3517 2928 3668 2977 certe

2078 3016 2179 3071 ego
2203 3001 2475 3072 imprimis
2508 3003 2650 3058 hanc
2678 3019 2901 3059 causam
2945 3020 3404 3062 annumerassem
3437 3009 3507 3064 iis
3540 3027 3665 3080 qua:

2079 3093 2342 3163 prazmisi,
2398 3094 2445 3150 si
2500 3110 2606 3149 non
2644 3095 2781 3150 adeo
2826 3096 3074 3165 antiqua,
3117 3106 3173 3152 et
3206 3099 3407 3154 canitie
3444 3116 3669 3171 aspersa

387 3181 596 3252 ἀρχαία
627 3198 687 3234 τε
722 3174 790 3252 ἦν
820 3185 914 3235 κα¹ι
948 3180 1255 3253 πολιωτέρα
1282 3180 1316 3252 ἢ
1350 3180 1744 3246 πιστεύεσθαι,
1778 3182 1838 3234 οὐ
1864 3184 1975 3244 τοῖς

2085 3180 2225 3235 foret
2257 3181 2505 3247 historia,
2544 3190 2603 3235 ut
2632 3181 2791 3236 (idem
2818 3193 3069 3253 superet;
3106 3199 3206 3240 nec
3241 3186 3383 3256 apud
3418 3203 3521 3243 nos
3546 3198 3671 3244 tan-

387 3274 486 3328 νῦν
518 3274 700 3345 μόνον,
735 3273 873 3329 ἀλλὰ
904 3275 1000 3329 καὶ
1026 3278 1136 3339 τοῖς
1169 3274 1291 3329 τότε
1315 3272 1629 3346 ἀνθρώποις
1652 3312 1667 3338 ,
1704 3273 1796 3327 καὶ
1826 3273 1976 3327 οὐδὲν

2083 3283 2197 3329 tum
2230 3274 2324 3345 qui
2350 3290 2499 3330 nunc
2524 3274 2780 3341 vivimus,
2825 3276 2917 3331 sed
2964 3285 3019 3332 et
3052 3279 3194 3347 apud
3225 3278 3349 3335 illos
3388 3280 3670 3352 antiquio-

389 3369 655 3439 ἐχέγγυον
680 3367 882 3439 ἔχουσα
910 3368 1050 3440 πρὸς
1093 3368 1157 3421 τὸ
1204 3366 1484 3433 ἐξελέσθαι
1520 3364 1734 3420 Παῦλον
1762 3364 1858 3419 τοῦ
1889 3364 1985 3418 τύ-

388 3458 645 3516 πτεσθαι.
676 3459 902 3523 Τούτοις
928 3454 1023 3514 οὖν
1066 3458 1327 3523 διαλύσας
1360 3474 1453 3511 σου
1496 3458 1596 3522 τὰς
1625 3456 1799 3520 καλὰς
1841 3458 1978 3510 ἀπο-

390 3549 517 3621 ρίας
538 3548 724 3621 (καλαὶ
742 3550 874 3621 γὰρ,
891 3551 976 3603 ὅτι
1000 3549 1112 3603 ἀπὸ
1128 3548 1303 3620 καλῆς
1330 3550 1427 3603 καὶ
1449 3546 1741 3617 φιλοπόνου
1760 3544 1989 3616 γνώμης

389 3642 485 3694 καὶ
519 3639 770 3711 φιλοθέου
793 3640 1199 3711 βλαστάνουσι),
1232 3640 1328 3694 καί
1357 3639 1411 3693 εί
1445 3657 1499 3693 τι
1531 3638 1660 3694 ἄλλο
1690 3655 1773 3692 σοι
1801 3653 1985 3711 παρα-

390 3733 516 3803 στῇ,
570 3731 792 3804 θαρῤῶν
833 3733 936 3803 οὐχ
981 3734 1114 3803 ἡμῖν
1146 3730 1285 3787 ἀλλὰ
1332 3731 1530 3803 Παύλῳ
1578 3733 1672 3786 καὶ
1706 3728 1786 3801 τῷ
1814 3729 1980 3800 κοινῷ

388 3824 696 3894 διδασκάλῳ
741 3823 954 3878 Παύλου
1008 3825 1103 3877 καὶ
1143 3823 1304 3895 ήμῶν
1351 3824 1575 3896 Χριστῷ
1627 3824 1707 3895 τῷ
1739 3820 1982 3895 ἀληθινῷ

388 3915 512 3988 6εῷ
543 3914 702 3987 ⁴ἡμῶν
727 3916 1006 3987 ὲπερώτα,
1040 3918 1133 3970 καὶ
1161 3915 1393 3989 ἔρρωσο.

928 4123 1267 4177 ΕΡΩΤΗΣΙΣ
1302 4124 1445 4178 ΣΙΒθ.

466 4222 573 4273 Δια
604 4218 662 4273 τί
688 4221 755 4273 τὸ
797 4216 1230 4285 καταπέτασμα
1258 4216 1367 4269 τοῦ
1402 4214 1556 4269 ναοῦ
1596 4215 1860 4285 ἐσχίσθη
1886 4232 1906 4279 ;

2081 3380 2171 3421 res
2195 3406 2209 3430 ,
2238 3380 2415 3435 neque
2460 3380 2785 3433 Sponsorem
2821 3366 3046 3431 invenit,
3087 3370 3181 3435 qui
3220 3369 3288 3425 de
3318 3373 3546 3428 veritate
3567 3376 3671 3430 sti-

2080 3458 2385 3528 pularetur,
2448 3456 2679 3513 Paulum
2735 3459 2859 3513 inde
2902 3475 2934 3515 a
2978 3461 3155 3532 plagis
3211 3474 3523 3535 exemptum
3578 3467 3667 3523 iri.

2085 3550 2263 3620 Atque
2286 3550 2357 3604 ita
2390 3565 2515 3605 eum
2546 3549 2925 3620 reSponderim
2956 3554 3237 3621 praeclaris
3265 3555 3374 3611 tuis
3405 3556 3673 3625 objectio-

2088 3640 2251 3695 nibus
2308 3640 2478 3709 (certe
2509 3639 2803 3709 praeclarae,
2857 3642 3005 3712 quod
3033 3643 3295 3713 profectae
3322 3646 3391 3701 ab
3422 3646 3671 3715 honesto,

2082 3731 2349 3803 diligenti,
2382 3740 2437 3787 et
2467 3730 2635 3786 Deum
2671 3744 2891 3788 amante
2920 3736 3208 3807 animo),si
3241 3738 3337 3793 tibi
3369 3739 3497 3809 quid
3526 3742 3675 3797 aliud

2083 3833 2360 3893 occurrat,
2417 3823 2698 3880 conﬁdens
2733 3841 2845 3880 non
2880 3827 3038 3895 mihi,
3091 3828 3186 3884 sed
3215 3828 3407 3897 Paulo,
3435 3840 3489 3887 et
3517 3848 3671 3888 com-

2083 3917 2236 3971 muni
2284 3919 2601 3987 praeceptori
2633 3932 2760 3971 eum
2796 3927 3012 3987 nostro,
3046 3929 3163 3976 tum
3218 3920 3397 3989 Pauli,
3428 3924 3671 3992 Christo,

2082 4026 2216 4065 vero
2257 4009 2381 4075 Deo,
2415 4010 2714 4078 interroga,
2748 4022 2803 4063 et
2843 4012 2981 4066 vale.

2088 4117 2419 4186 QUIESTIO
2447 4118 2629 4175 CCXII
2659 4117 2849 4190 [GoisL
2885 4119 3111 4176 CCXLI.
3144 4120 3307 4177 Taur.
3339 4124 3670 4201 CCXXXII].

2417 4208 2527 4263 Cur
2554 4210 2722 4263 velum
2765 4210 2947 4279 templi
2971 4211 3193 4265 scissum
3231 4213 3348 4265 est?

899 4330 1042 4381 Edita
1064 4344 1089 4379 ιι
1116 4328 1418 4381 Moutacutio
1451 4328 1555 4391 (ep.
1588 4327 1695 4389 125,
1720 4328 1779 4377 ad
1807 4328 1965 4392 lgnat.
1988 4339 2037 4389 p.
2066 4324 2197 4388 ιδι).
2226 4348 2287 4360 -—
2306 4322 2460 4373 Matth
2506 4336 2657 4383 χχιιι,
2691 4324 2769 4384 51;
2792 4322 2908 4373 Luc.
2931 4338 3067 4386 χχιιι,
3092 4324 3170 4375 45.

473 4442 765 4513 Ῥήγνυται
819 4441 881 4494 τὸ
919 4439 1323 4510 καταπέτασμα
1362 4437 1458 4493 τοῦ
1492 4436 1644 4507 ναοῦ,
1695 4437 1837 4507 ξύλῳ
1880 4435 1979 4491 τοῦ

390 4536 665 4590 Δεσπότου
692 4533 1066 4607 κρεμαμένου,
1099 4532 1188 4586 διὰ
1208 4531 1428 4598 πολλὰς,
1457 4526 1636 4601 οἶμαι,
1657 4530 1755 4594 τὰς
1778 4530 1977 4593 αἰτίας.

390 4632 467 4686 Τὸ
499 4630 598 4702 μὲν
620 4630 730 4700 γὰρ
757 4627 857 4699 τὴν
889 4627 1015 4698 γῆν,
1041 4627 1163 4682 κατ’
1196 4627 1377 4679 έκεῖνο
1398 4624 1460 4678 τὸ
1486 4626 1756 4694 σωτήριον
1786 4622 1979 4685 πάθος,

389 4725 565 4796 κλόνῳ
586 4724 683 4778 καὶ
710 4721 920 4793 τρόμῳ,
949 4716 1147 4791 μικροῦ
1175 4719 1288 4773 δεῖν
1334 4716 1853 4787 συγκατενεχθῆναι,
1889 4714 1983 4767 δυ-

2155 4433 2499 4502 Dirumpitur
2528 4433 2710 4488 velum
2751 4432 2977 4502 templi,
3035 4432 3302 4489 Dominus
3358 4435 3413 4490 in
3463 4436 3669 4508 lignum

2079 4541 2204 4582 cum
2234 4525 2574 4582 attolleretur
2599 4543 2613 4589 ;
2638 4525 2804 4595 idque
2834 4526 3018 4594 plures
3052 4541 3176 4581 reor
3202 4538 3424 4598 propter
3447 4546 3665 4587 causas.

2082 4618 2276 4685 Terra,
2307 4633 2435 4673 cum
2460 4626 2739 4689 pateretur
2770 4616 3044 4686 Salvator,
3086 4624 3442 4677 succussionc
3467 4636 3520 4679 et
3558 4635 3672 4681 tre-

2084 4728 2234 4768 more
2259 4713 2326 4767 de
2355 4713 2479 4768 loco
2509 4711 2716 4767 moveri
2763 4711 3010 4780 potuisse
3038 4714 3340 4769 concedant
3383 4717 3546 4769 etiam
3584 4718 3670 4769 in-

387 4817 553 4872 νατόν
579 4817 697 4870 ἐστι
734 4818 848 4879 τοῖς
897 4811 1393 4884 ἀγνωμονοῦσικαί
1435 4812 1515 4875 εἰς
1549 4810 1619 4864 τὰ
1647 4810 1787 4863 κατὰ
1817 4809 1976 4877 φύσιν

2086 4806 2292 4870 tideles,
2310 4805 2402 4875 qui
2421 4806 2473 4860 in
2500 4814 2751 4859 naturam
2777 4805 3045 4860 reducunt
3065 4805 3459 4861 elementorum
3483 4809 3633 4863 labes
3654 4830 3668 4865 :

389 4911 547 4981 ἄγειν
573 4909 683 4963 τῶν
728 4908 1010 4978 στοιχείων
1042 4905 1191 4978 πάθη
1212 4921 1227 4935 ο
1253 4905 1315 4958 τὸ
1354 4905 1413 4959 δὲ
1454 4903 1690 4975 ῥαγῆναι
1738 4900 1982 4956 καταπέ-

388 5017 601 5072 τασμα,
658 4998 890 5071 μηδενὸς
937 4997 1175 5069 μάλιστα
1224 4995 1590 5059 διασπῶντος,
1621 4994 1732 5047 ἀπὸ
1776 4992 1983 5049 ἄνωθεν

390 5094 497 5157 ἓως
535 5093 710 5159 κάτω,
748 5092 889 5164 μήτε
918 5091 1072 5162 πρὶν,
1105 5091 1243 5162 μήτε
1291 5090 1430 5161 μετὰ
1458 5089 1632 5143 ταῦτα
1664 5086 1826 5157 φύσιν
1861 5087 1983 5157 ἔχον

393 5182 834 5253 ἐπιτελεσθῆναι,
889 5180 1151 5252 οὐδεμίαν
1198 5178 1551 5250 ἀναχώρησιν
1591 5178 1829 5239 δίδωσιν,
1861 5176 1982 5230 οὐδὲ

392 5277 505 5337 τοῖς
542 5274 665 5327 λίαν
714 5272 1111 5345 κακουργοῦσι,
1138 5271 1201 5325 τὸ
1230 5271 1305 5343 μὴ
1348 5271 1471 5341 οὐχὶ
1512 5268 1805 5341 θεομηνίαν
1839 5264 1979 5321 εἶναι

390 5362 452 5416 τὸ
480 5361 664 5433 τέρας,
691 5363 786 5416 καὶ
812 5362 914 5433 τῆς
959 5362 1255 5434 Ἰουδαϊκῆς
1307 5360 1624 5432 μιαιφονίας
1656 5360 1981 5431 ἁπαράγρα-

391 5468 527 5506 πτον
551 5452 775 5523 ἔλεγχον
800 5452 863 5507 τὸ
888 5454 1283 5524 γεγενημένον.
1316 5453 1587 5525 Δευτέραν
1615 5451 1660 5504 δ’
1688 5452 1755 5506 ἄν
1780 5468 1865 5515 τις
1899 5454 1983 5505 αἰ-

388 5544 513 5599 τίαν
545 5543 796 5615 ἀποδοίη,
834 5544 1104 5617 σύμδολον
1141 5544 1276 5600 αὐτὸ
1312 5544 1408 5599 καὶ
1438 5546 1779 5616 προμηνυμα
1824 5541 1981 5611 γενέ-

391 5636 519 5692 σθαι
548 5636 746 5707 λέγων,
780 5637 880 5709 τῆς
924 5638 1045 5711 μεθ’
1088 5638 1191 5697 ὅσα
1238 5637 1335 5711 ἐτη
1364 5636 1749 5712 καταστροφῆς
1779 5650 1839 5688 τε
1889 5633 1985 5687 καὶ

2084 4908 2139 4953 at
2157 4898 2338 4953 velum
2360 4906 2420 4953 ut
2441 4897 2865 4965 discinderetur,
2894 4912 3021 4952 cum
3057 4913 3087 4952 a
3122 4898 3274 4953 nullo
3305 4901 3359 4954 in
3391 4900 3669 4957 diversum

2086 4990 2505 5055 distraheretur,
2539 5005 2569 5044 a
2602 5005 2823 5045 summo
2854 5005 3027 5061 usque
3065 4992 3132 5046 ad
3163 4992 3358 5057 imum,
3394 4994 3541 5063 quod
3572 5011 3674 5050 nec

2088 5082 2244 5151 prius
2284 5095 2385 5135 nec
2414 5080 2676 5150 deinceps
2704 5080 2908 5135 factum
2933 5081 3056 5146 fuit,
3086 5097 3189 5138 nec
3211 5084 3277 5137 ad
3301 5084 3351 5138 id
3381 5100 3474 5152 per
3503 5086 3671 5141 ullam

2087 5174 2391 5229 naturalem
2435 5174 2853 5243 propensionem
2891 5174 3143 5241 inclinat,
3189 5191 3256 5231 ne
3294 5179 3514 5246 quidem
3565 5180 3669 5232 im-

2087 5266 2440 5337 probissimis
2470 5265 2740 5335 refugium
2773 5267 3046 5330 concedit,
3088 5276 3147 5320 ut
3180 5268 3529 5333 eavillentur,
3563 5286 3671 5325 nou

2085 5356 2258 5414 fuisse
2295 5359 2397 5413 hoc
2429 5359 2735 5429 prodigium
2766 5374 2795 5413 a
2842 5359 3030 5414 divino
3064 5358 3251 5415 furore
3293 5376 3421 5431 erga
3454 5359 3674 5417 Judmos

2086 5451 2421 5522 profectum,
2455 5460 2515 5505 ut
2546 5461 2694 5506 esset
2723 5451 2775 5506 id
2807 5458 2998 5506 contra
3043 5452 3288 5523 ipsorum
3318 5454 3673 5509 homicidium

2087 5543 2394 5599 indelebilis
2426 5543 2721 5598 convictio.
2773 5540 3082 5599 Secundam
3138 5545 3421 5617 assignare
3452 5562 3674 5601 causam

2092 5633 2241 5699 licet,
2272 5642 2327 5689 et
2367 5633 2550 5695 dicere
2577 5632 2889 5707 symbolum
2917 5642 2972 5691 et
3000 5632 3549 5705 praedesignationem
3581 5648 3677 5689 ex-

1686 5745 1928 5807 VARIIE
1961 5743 2363 5804 LECTIONES.

469 5843 489 5888 1
522 5846 609 5905 ἷσ.
639 5847 863 5912 πολλάς.
