4136 6448
480 377 580 437 967

1629 376 1893 437 ΡΗΟΤΙΙ
1923 376 2016 435 ΡΑ
2031 374 2437 435 ΤΒῐΛΙὶΕΠίΕ
2475 378 2581 437 CP.

3634 377 3746 439 968

476 490 682 541 slitissc
716 484 857 537 lllluS
902 482 1094 547 ruinae,
1143 483 1517 539 subversionis
1577 494 1630 539 et
1668 487 2046 548 desolatiouis,

2163 484 2549 556 ἐξερημώσεως
2598 484 2691 538 τοῦ
2719 503 2777 538 τε
2815 487 3159 557 περιωνύμου
3204 487 3355 553 ναοῦ,
3397 491 3481 541 κα“
3524 490 3631 541 τῶν
3683 492 3744 541 ὲν

473 595 594 649 qure
645 595 751 633 non
799 587 921 647 post
952 580 1153 630 multos
1190 592 1361 632 annos
1395 578 1887 635 celebratissimum
1926 579 2057 633 illud

479 669 762 738 templum,
793 678 847 722 et
889 683 1010 737 quae
1058 667 1110 721 in
1150 668 1353 737 templo
1387 677 1547 723 erant
1578 684 1734 725 sacra
1767 670 2056 736 solemnia,

472 765 625 833 orgia
669 761 935 827 Judaica,
990 763 1355 832 sequebatur;
1393 778 1627 833 quorum
1679 779 1876 835 magna
1930 780 2057 834 pars

475 868 692 907 Sinnmo
720 855 907 908 studio
940 854 1079 908 intra
1121 854 1298 907 velum
1335 854 1464 909 illud
1521 855 1795 911 celebrata
1834 870 2059 926 perage-

476 949 697 1012 bantur,
733 956 793 1000 ut
826 946 1032 1000 nemini
1064 962 1094 1000 e
1138 946 1449 1015 promiscna
1486 946 1833 1000 multitudine
1870 961 2058 999 cerne-

476 1048 703 1104 rentur;
755 1046 920 1106 atque
970 1039 1091 1093 ideo
1139 1038 1532 1092 cxtendebatur
1580 1037 1712 1091 illud
1761 1038 1963 1104 velum,
2002 1045 2058 1090 ut

476 1132 783 1187 veneranda
816 1133 907 1185 illa
935 1130 1193 1201 mysteria
1239 1145 1267 1182 a
1304 1130 1446 1198 vulgi
1493 1130 1667 1185 oculis
1713 1138 1923 1184 remota
1959 1145 2056 1184 cu-

476 1222 832 1285 stodirentur,
864 1231 918 1274 et
952 1222 1083 1274 solis
1115 1219 1344 1273 videnda
1368 1229 1613 1289 paterent
1639 1220 2051 1275 sacerdotibus:

475 1311 598 1364 velo
636 1322 819 1364 autem
857 1310 1079 1379 dirupto
1103 1347 1119 1373 ,
1171 1309 1417 1379 patuisse
1464 1324 1530 1363 ea
1576 1310 1820 1364 omnium
1856 1309 2052 1375 oculis,

477 1406 688 1456 clarum
722 1410 823 1466 est,
855 1412 909 1455 et
938 1401 1082 1470 quod
1125 1409 1254 1454 tunc
1300 1402 1613 1455 communia
1648 1399 1790 1455 facta
1831 1400 2054 1464 fuerint,

478 1510 600 1563 quae
636 1509 805 1564 usque
830 1509 896 1548 eo
928 1501 1115 1547 sancta
1146 1501 1201 1546 et
1234 1508 1388 1547 sacra
1427 1493 1667 1558 fuerunt,
1715 1495 1768 1547 in
1809 1494 2053 1547 omnium

478 1592 744 1660 producta
794 1599 1150 1655 conspectum
1193 1596 1247 1642 et
1301 1587 1776 1657 profanationem;
1831 1596 1885 1642 et
1942 1588 2057 1641 haec

479 1684 635 1751 quasi
672 1683 934 1752 procemia
968 1681 1101 1750 ipsis
1150 1680 1499 1750 contigerunt
1539 1678 1862 1733 universalis
1909 1678 2055 1733 illius

479 1774 841 1839 sublationis,‘
866 1788 988 1841 quae
1019 1772 1165 1841 leges
1197 1772 1465 1840 ipsorum,
1498 1779 1552 1824 et
1588 1770 1811 1840 legalem
1848 1771 2053 1824 cultum

478 1880 697 1920 t-essare
726 1863 850 1919 fecit
888 1865 942 1917 in
992 1875 1279 1918 aeternum.
1325 1862 1429 1916 Sed
1478 1870 1531 1916 et
1575 1864 1788 1917 tertiam
1836 1878 2056 1933 quoque

482 1959 749 2011 rationem
777 1956 1060 2010 advertere
1095 1956 1239 2021 licet,
1273 1970 1395 2025 qua:
1424 1970 1548 2009 cum
1578 1955 1849 2009 contraria
1877 1956 2056 2010 videa-

478 2058 569 2101 tur
598 2046 941 2114 praecedenti,
982 2046 1050 2099 ab
1080 2046 1171 2099 illa
1203 2052 1384 2099 tamen
1434 2060 1589 2099 suum
1622 2052 1801 2099 ortum
1829 2044 2057 2097 sortitur

477 2147 531 2192 et
564 2136 853 2207 originem.
888 2135 1146 2202 Quaenam
1183 2136 1271 2189 illa
1299 2136 1522 2190 autem?
1552 2133 1820 2188 Nimirum
1844 2132 2059 2189 Judseo-

479 2245 600 2283 rum
632 2228 701 2283 de
748 2227 858 2281 Deo
910 2225 1179 2295 cognitio,
1219 2234 1273 2280 et
1319 2225 1523 2295 cogniti
1569 2225 1813 2279 numinis
1852 2225 2056 2290 cultus,

478 2321 778 2376 conclusus
803 2328 920 2375 erat
965 2320 1085 2374 loco
1132 2319 1573 2388 circumscripto,
1608 2320 1712 2375 hoc
1749 2327 1833 2374 est
1861 2319 2060 2374 luctata!

481 2414 682 2468 tinibus
696 2422 751 2466 et
769 2410 1184 2482 Hierosolymis,
1215 2425 1337 2480 qum
1365 2418 1543 2463 tamen
1580 2403 2057 2480 omnia‘typorum

479 2515 534 2559 et
588 2503 1145 2574 praedesignationum
1218 2501 1406 2570 gratia:
1471 2499 1653 2553 locum
1718 2499 2056 2553 obtinebant.

481 2596 769 2664 Quocirca,
802 2608 927 2648 cum
963 2593 1019 2647 in
1054 2600 1347 2661 angustum
1387 2590 1648 2645 conclusa
1685 2589 1772 2642 illa
1824 2587 2060 2659 cognitio

479 2703 535 2744 ct
566 2690 659 2745 Dei
693 2690 897 2747 cultus.
929 2700 1150 2741 cessare
1186 2691 1520 2754 oporterent,
1567 2683 1657 2737 illa
1688 2691 1871 2736 autem
1900 2682 2061 2736 lalria

481 2799 604 2853 quae
646 2796 743 2851 per
773 2780 955 2835 crucis
994 2777 1310 2848 passionem
1358 2774 1666 2829 Servatoris
1701 2782 1819 2827 erat
1850 2770 2063 2842 patefa-

482 2874 697 2935 cienda,
730 2878 781 2942 et
813 2885 988 2939 usque
1016 2868 1083 2921 ad
1131 2865 1397 2920 terminos
1438 2864 1588 2919 orbis
1631 2863 2061 2928 disseminanda,

481 2966 618 3019 etin
649 2978 840 3016 eorum
873 2960 1047 3014 vicem
1083 2955 1623 3022 subintroducenda;
1663 2955 1734 3007 ob
1774 2969 1894 3009 eam
1932 2968 2064 3006 cau-

483 3068 599 3106 sam
629 3048 962 3117 dirumpitur
987 3049 1095 3101 ltoc
1121 3086 1136 3110 ,
1193 3045 1341 3097 velut
1384 3043 1547 3098 fronti
1586 3043 2061 3112 superinductum,

482 3144 685 3206 velum,
720 3158 817 3212 per
842 3140 988 3209 quod
1020 3138 1221 3191 Sancta
1248 3136 1339 3190 illa
1365 3145 1707 3199 sanctorum,
1741 3134 1794 3188 in
1826 3135 2063 3189 obscuro
2088 3166 2133 3227 Ο

482 3244 538 3288 et
569 3234 773 3287 intacto
802 3232 925 3286 loco
952 3228 1418 3285 concludebantur
1449 3245 1463 3281 :
1496 3229 1566 3281 ita
1596 3235 1657 3280 ut
1697 3234 1908 3280 tantum
1952 3241 2061 3279 non

477 3327 630 3383 clara
653 3340 783 3379 voce
808 3323 1191 3391 pronuntietur
1220 3336 1316 3390 per
1354 3320 1471 3390 ipsa
1509 3334 1694 3388 opera,
1726 3316 1922 3372 Venite
1948 3332 2064 3371 om-

483 3432 582 3471 nes
612 3431 710 3470 vos
741 3415 807 3469 ad
840 3413 1074 3469 videnda
1095 3412 1419 3479 invisibilia,
1439 3412 1504 3465 ad
1536 3411 1779 3465 divinum
1807 3409 2062 3464 intuitum

483 3517 536 3563 et
574 3508 978 3578 cognitionem,
1029 3521 1130 3559 nec
1162 3504 1342 3559 adhuc
1376 3512 1435 3557 ut
1465 3503 1595 3556 olim
1631 3511 1783 3571 parte
1827 3501 2066 3571 quadam

484 3596 636 3651 orbis
668 3605 828 3650 terra:
857 3604 912 3649 ct
938 3609 1047 3649 una
1069 3594 1291 3648 natione
1315 3608 1422 3646 non
1454 3593 1527 3646 ita
1547 3607 1860 3655 numerosa,
1886 3591 2066 3646 cultus

485 3686 705 3739 divinus
738 3682 1119 3747 concludetur,
1150 3682 1243 3735 sed
1276 3689 1465 3752 gentes
1493 3681 1797 3742 universae,
1850 3677 2066 3733 termini

489 3768 646 3829 terra:
687 3773 797 3826 illis
842 3773 1091 3825 fruentur
1142 3771 1312 3825 libere
1342 3808 1358 3834 ,
1409 3784 1533 3839 quae
1561 3768 1720 3833 adiri,
1753 3783 1857 3823 nec
1883 3766 2067 3823 accedi

487 3884 516 3921 a
554 3865 757 3920 Judmis
800 3865 933 3934 ipsis
956 3872 1229 3933 poterant.
1256 3862 1326 3918 At
1352 3870 1407 3917 tu
1432 3863 1559 3917 binc
1589 3861 1819 3916 ulterius
1840 3875 2067 3930 progre-

485 3959 636 4023 dere,
671 3966 725 4011 et
751 3957 971 4011 adverte
1000 3956 1105 4009 ista
1138 3973 1151 4009 :
1190 3970 1340 4021 arca,
1384 3963 1438 4009 et
1475 3970 1598 4023 qua:
1646 3954 2069 4009 continebantur

488 4053 540 4105 in
573 4065 701 4104 arca
735 4049 789 4103 in
827 4059 1010 4117 typum
1043 4046 1168 4102 eozli
1197 4046 1479 4111 cedebant,
1509 4056 1562 4100 et
1592 4060 1782 4099 eorum
1810 4060 1932 4114 qua:
1965 4043 2068 4100 sub

487 4143 626 4197 cwlo
674 4146 803 4194 sunt
837 4158 851 4193 :
893 4157 911 4192 ι
940 4138 1095 4204 Vide,
1135 4137 1281 4193 enim
1314 4137 1530 4208 inquit,
1572 4146 1631 4192 ut
1672 4135 1843 4192 facias
1885 4138 2069 4192 omnia

481 4246 638 4313 juxta
670 4242 900 4312 ﬁgurant
932 4255 1052 4309 qum
1087 4238 1184 4293 tibi
1232 4237 1620 4293 ostendebatur
1652 4238 1707 4291 in
1732 4246 1918 4294 monte
1940 4239 2005 4293 ⁵⁷.
2044 4258 2063 4290 ι

487 4333 615 4387 ll:ee
645 4333 758 4400 ipsa
792 4346 919 4384 arca
951 4344 1057 4384 una
1091 4343 1215 4383 cum
1246 4328 1370 4383 aliis
1404 4328 1727 4393 occultatis,
1766 4328 1822 4381 in
1868 4329 2071 4400 templo

487 4421 950 4484 abscondebatur,
985 4420 1105 4473 velo
1138 4418 1443 4473 iuterducto
1469 4420 1716 4485 exclusa,
1765 4434 1945 4490 neque
1974 4436 2069 4478 ac-

2160 575 2309 645 αύτῷ
2353 575 2659 631 Ἰουδαϊκῶν
2705 576 2938 630 τελετῶν
2969 594 3028 630 τε
3081 578 3177 630 καὶ
3219 577 3421 648 ὀργίων
3446 595 3462 610 ο
3490 572 3566 631 ὧν
3598 580 3743 649 μέγα

2157 685 2218 720 τε
2244 668 2337 723 καὶ
2363 666 2454 720 διὰ
2485 667 2742 738 σπουδῆς,
2769 668 2829 720 τὸ
2860 668 3054 738 μηδενὶ
3081 667 3192 721 τῶν
3224 667 3459 733 πολλῶν,
3490 668 3560 722 τὰ
3592 669 3742 723 ἔνδσ)

2158 759 2252 812 τοῦ
2281 761 2794 830 καταπετάσματος,
2826 759 3060 830 ὀφθῆναι
3086 777 3100 791 ·
3129 760 3219 813 διὰ
3248 760 3407 813 τοῦτο
3430 762 3525 815 καὶ
3553 762 3741 815 διεπε-

2155 850 2385 903 τάννυτο
2413 850 2474 903 τὺ
2513 850 2764 921 ὕφασμα,
2802 849 2945 903 ὥστε
2976 851 3180 904 ἀθέατα
3209 851 3307 921 μὲν
3356 852 3645 921 φυλάττειν
3674 855 3744 907 τὰ

2156 942 2313 1011 τίμια
2337 941 2414 1012 τῷ
2443 942 2578 1012 λαῷ,
2616 943 2807 1012 μόνοις
2846 942 2905 995 δὲ
2929 945 3043 1006 τοῖς
3082 943 3318 1014 ἱερεῦσιν
3352 940 3492 997 εἶναι
3531 946 3739 1017 ὀρατά-

2156 1025 2217 1083 ob
2256 1031 2320 1103 δὴ
2348 1033 2813 1104 περιρραγέντος,
2858 1034 3201 1104 ἀνεπετάσθη
3252 1035 3351 1104 μὲν
3419 1036 3663 1107 δηλονότι
3701 1046 3742 1075 ιη

2158 1126 2327 1177 πᾶσιν
2356 1127 2389 1195 ἡ
2442 1125 2564 1195 ὄψις
2594 1126 2795 1187 αὐτῶν,
2838 1126 2993 1179 κοινά
3031 1127 3089 1180 δὲ
3131 1127 3377 1196 γέγονεν,
3423 1130 3502 1191 εἰς
3554 1129 3743 1200 κοινὴν

2157 1216 2526 1284 ἀπενεχθέντα
2563 1216 2692 1268 θέαν
2722 1218 2816 1268 καὶ
2853 1216 3178 1287 βεϐήλωσιν,
3208 1218 3278 1271 τά
3304 1218 3442 1281 τέως
3474 1219 3605 1287 ἆγια
3648 1222 3743 1274 καὶ

2158 1307 2395 1377 φρικτὰ·
2428 1307 2496 1360 δι’
2522 1301 2597 1361 ὧν
2643 1309 3011 1381 προοιμιάσθη
3066 1309 3296 1362 καὶτῶν
3339 1310 3515 1363 ἄλλων
3558 1312 3743 1374 αὐτοῖς

2158 1398 2412 1452 ἁπάντων
2454 1399 2695 1471 θεσμῶν,
2723 1402 2822 1453 καὶ
2852 1400 2954 1471 τῆς
2984 1402 3217 1472 νομικῆς
3250 1403 3509 1472 λατρείας
3542 1405 3574 1473 ὴ
3604 1422 3743 1456 παν-

2156 1490 2316 1557 τελὴς
2349 1490 2630 1560 ἀναίρεσις
2669 1493 2765 1544 καὶ
2800 1491 2988 1563 σχολή.
3018 1494 3175 1546 Ἔστι
3208 1493 3264 1546 δὲ
3303 1495 3399 1545 καὶ
3442 1498 3633 1565 τρίτην
3656 1498 3744 1548 αἱ-

2156 1580 2279 1634 τίαν
2301 1581 2554 1647 συνιδεῖν,
2574 1583 2836 1646 ἐναντίως
2868 1583 2967 1654 μὲν
2995 1583 3130 1654 πρὸς
3158 1585 3257 1653 τὴν
3278 1585 3575 1655 εἰρημένην
3598 1586 3744 1657 ἔχειν

2156 1672 2442 1738 δοκοῦσαν,
2490 1673 2549 1738 ἐξ
2589 1674 2759 1743 αὐτῆς
2799 1674 2854 1726 δὲ
2897 1674 3098 1744 μᾶλλον
3148 1676 3493 1748 τικτομένην.
3532 1678 3626 1740 Τίς
3649 1673 3744 1731 οὖν

2158 1763 2297 1833 αὕτη
2325 1780 2339 1827 ;
2368 1764 2490 1817 Ὅτι
2539 1766 2647 1818 τῶν
2693 1765 2960 1820 Ἰουδαίων
2991 1769 3024 1838 ή
3060 1768 3191 1839 περὶ
3238 1768 3301 1822 τὸ
3352 1769 3509 1823 Θείον
3541 1770 3745 1838 γνῶσις

2159 1857 2250 1909 καὶ
2277 1854 2522 1927 λατρεία,
2546 1858 2974 1930 εύπεριγράπτῳ
3007 1859 3106 1930 μὲν
3141 1860 3315 1931 τόπῳ,
3338 1863 3405 1932 τῇ
3438 1878 3497 1913 τε
3512 1861 3746 1931 Ἰουδαίᾳ.

2158 1948 2385 2013 καὶτοῖς
2414 1950 2832 2022 Ἰεροσολύμοις,
2859 1951 3239 2005 ὲναπεκλείετο
3259 1970 3270 1982 ’
3296 1953 3485 2005 τύπων
3506 1953 3563 2005 δὲ
3593 1954 3744 2023 ὅμως

2158 2040 2257 2092 καὶ
2284 2042 2768 2111 προχαραγμάτων
2803 2042 2959 2109 τάξιν
2996 2044 3305 2112 ἀνεπλήρου
3354 2046 3453 2113 τῆς
3495 2045 3741 2114 χάριτος.

2172 2131 2325 2184 Ἐπεὶ
2338 2127 2432 2185 οὖν
2449 2133 2556 2185 ἔδει
2582 2133 2682 2203 τὴν
2700 2134 2781 2197 εἰς
2800 2134 2985 2188 στενὸν
3003 2134 3197 2205 κομιδῇ
3218 2151 3287 2188 πε
3297 2136 3746 2205 ριγεγραμμένην

2161 2220 2418 2293 λατρείαν
2443 2225 2537 2277 καὶ
2571 2224 2795 2293 γνῶσιν,
2814 2225 3076 2294 ἀργῆσαι,
3107 2225 3205 2296 τὴν
3239 2227 3318 2290 εἰς
3337 2226 3405 2279 τὰ
3443 2225 3655 2296 πέρατα
3686 2226 3745 2279 δὲ

2159 2314 2259 2383 τῆς
2275 2316 2605 2386 οἰκουμένης
2622 2316 2707 2370 διὰ
2726 2316 2817 2370 τοῦ
2838 2317 3107 2388 σωτηρίου
3127 2316 3333 2380 πάθους
3355 2315 3743 2385 ὲξαπλοῦσθαι,

2164 2406 2461 2475 μέλλουσαν
2478 2409 2557 2471 εἰς
2579 2410 2754 2480 ἀρχὴν
2776 2410 3136 2479 καταστῆναι,
3158 2410 3245 2463 διὰ
3280 2409 3440 2463 τοῦτο
3458 2409 3522 2481 δὴ
3540 2409 3745 2482 [τοῦτο]

2164 2500 2427 2569 ῥήγνυται
2472 2499 2533 2552 τὸ
2575 2500 3017 2571 προμετωπίδιον
3054 2500 3283 2571 ὕφασμα
3333 2502 3534 2568 ἐκεῖνο,
3582 2500 3649 2554 δι’
3683 2494 3746 2554 οὗ

2161 2589 2229 2642 τὰ
2259 2590 2368 2642 τῶν
2410 2590 2580 2658 ἁγίων
2608 2592 2797 2660 Ἀγια,
2830 2591 2907 2656 ὡς
2939 2593 2998 2645 ὲν
3036 2592 3335 2664 ἀπορρήτῳ
3368 2592 3463 2645 καὶ
3484 2590 3748 2661 ἀψαύστῳ

2162 2682 2575 2752 περιεστέλλετο
2594 2683 2799 2753 χωρίῳ,
2835 2686 3120 2753 μονονουχὶ
3144 2686 3255 2747 τοῖς
3278 2684 3459 2754 ἔργοις
3491 2683 3630 2752 βοῶν
3654 2683 3749 2736 καὶ

2164 2773 2612 2844 προκαλούμενον
2648 2774 2896 2839 ἅπαντας
2939 2777 3020 2838 είς
3063 2776 3160 2846 τὴν
3191 2776 3300 2828 τῶν
3331 2775 3578 2829 ἀθεάτων
3605 2774 3748 2846 [καὶ]

2166 2865 2318 2919 θείαν
2352 2873 2379 2900 η
2417 2865 2653 2933 ὲποψίαν
2694 2883 2753 2920 τε
2791 2867 2887 2920 καὶ
2932 2868 3253 2935 ἐπίγνωσιν,
3297 2868 3392 2921 καὶ
3440 2867 3517 2930 ὡς
3566 2868 3752 2920 οὐκέτι

2167 2956 2323 3028 μέρει
2352 2958 2458 3010 τινὶ
2483 2959 2582 3027 τῆς
2603 2959 2928 3029 οἰκουμένης
2954 2959 3050 3014 καὶ
3065 2959 3419 3032 εὐαριθμήτῳ
3436 2959 3577 3013 ἔθνει
3602 2960 3635 3029 ἡ
3660 2960 3751 3010 εὑ-

2166 3049 2351 3102 σέὸεια
2382 3051 2889 3122 συγκλεισθήσεται,
2918 3052 3033 3107 ἀλλ’
3062 3053 3281 3107 ἅπαντα
3303 3055 3372 3105 τὰ
3403 3053 3529 3121 ἔθνη
3559 3052 3654 3105 καὶ
3683 3052 3753 3104 τὰ

2167 3141 2379 3212 πέρατα
2404 3142 2505 3211 τῆς
2526 3144 2872 3215 οἰκουμένης,
2920 3144 3026 3198 τῶν
3060 3148 3174 3209 τοῖς
3212 3144 3487 3208 Ἰουδαίοις
3518 3145 3756 3216 ἀπροσίο

2165 3248 2274 3284 των
2313 3232 2406 3285 καὶ
2448 3233 2755 3302 ἀνεφίκτων
2790 3236 2847 3286 ὲν
2885 3235 3183 3289 ἀπολαύσει
3221 3236 3537 3306 γενήσεται.
3590 3235 3753 3288 Ἀλλὰ

2171 3319 2233 3374 σύ
2268 3338 2358 3391 μοι
2389 3322 2482 3374 καὶ
2506 3323 2643 3393 πρὸς
2665 3326 2762 3392 τὴν
2788 3324 3056 3396 ἐχομένην
3077 3325 3282 3393 ταύτης
3317 3325 3635 3395 μετάὸαινε,
3659 3325 3754 3376 καὶ

2170 3412 2363 3466 σκόπει
2391 3407 2496 3466 ὧδε
2521 3430 2535 3443 ·
2568 3415 2879 3483 ήκιόωτὸς,
2914 3417 3010 3470 καὶ
3048 3417 3117 3469 τὰ
3149 3418 3206 3471 ὲν
3240 3420 3305 3488 τῇ
3342 3416 3579 3486 κιϐωτῷ,
3614 3418 3753 3470 κατὰ

2168 3504 2258 3558 τὸν
2286 3505 2456 3557 τύπον
2489 3505 2679 3574 γέγονε
2725 3506 2820 3560 τοῦ
2856 3508 3090 3578 ούρανοῦ
3124 3527 3184 3561 τε
3232 3511 3327 3562 καὶ
3377 3510 3487 3562 τῶν
3529 3510 3633 3561 ὑπὸ
3662 3508 3756 3561 τὸν

2165 3592 2417 3663 οὐρανόν.
2444 3613 2461 3646 ι
2487 3595 2637 3664 ’Ὅρα
2658 3595 2788 3666 γὰρ,
2818 3597 2978 3665 φησὶ,
3005 3599 3254 3668 ποιήσεις
3286 3598 3465 3651 πάντα
3495 3597 3636 3650 κατὰ
3664 3596 3756 3649 τὸν

2167 3684 2337 3739 τύπον
2357 3685 2637 3756 δειχθέντα
2665 3704 2748 3741 σοι
2777 3691 2834 3741 ἐν
2853 3688 2932 3758 τῷ
2959 3689 3095 3760 ὄρει.
3128 3709 3145 3741 ι
3172 3689 3318 3760 Αὕτη
3350 3689 3445 3742 οὖν
3476 3689 3613 3759 μετὰ
3644 3688 3755 3739 τῶν

2169 3778 2344 3834 ἄλλων
2367 3780 2717 3852 ἀπορρήτων,
2751 3781 2810 3835 ὲν
2834 3781 2911 3853 τῷ
2935 3782 3049 3853 ναῷ
3079 3782 3484 3852 ἀπεκρύπτετο,
3520 3781 3756 3851 διειργο-

2173 3872 2308 3943 μένη
2331 3872 2412 3943 τῷ
2446 3874 2924 3944 καταπετάσματι,
2968 3876 3062 3929 καὶ
3096 3875 3357 3946 πρόσοδον
3399 3872 3578 3942 αὐτῆς
3614 3872 3755 3943 πλὴν

2170 3968 2272 4019 ὅσα
2306 3968 2421 4030 τοῖς
2469 3964 2727 4035 ἱερεῦσιν,
2782 3966 2962 4020 οὐδενί
2999 3966 3301 4036 ἀνθρώπων
3343 3964 3752 4035 ὲμπαρέχουσα.

2185 4062 2405 4133 Ἐδήλου
2434 4061 2491 4115 δὲ
2520 4063 2630 4133 ἄρα
2655 4061 2815 4116 τοῦτο
2842 4064 2938 4117 καὶ
2967 4062 3307 4133 ὑπέγραφεν,
3351 4062 3451 4132 τὴν
3484 4062 3564 4125 εἰς
3588 4062 3754 4132 οὐρα·

2170 4152 2262 4206 νὺν
2295 4152 2520 4217 εἴσοδον,
2548 4151 2864 4224 ἀνθρώποις
2894 4153 3098 4207 ἄϐατον
3126 4152 3561 4225 συντετηρῆσθαι
3590 4152 3750 4216 τέως,

2171 4245 2268 4298 καὶ
2320 4244 2456 4315 μηδέ
2484 4262 2608 4299 τινα
2639 4245 2774 4316 μηδὲ
2804 4245 2912 4299 τῶν
2934 4246 3036 4317 τῆς
3064 4250 3295 4318 νομικῆς
3332 4246 3589 4316 λατρείας
3632 4247 3757 4315 ἐρα-

2174 4338 2337 4402 στῶν,
2363 4338 2568 4410 ταύτης
2595 4339 2893 4410 ἀξιωθῆναι
2924 4340 3025 4411 τῆς
3055 4339 3282 4410 λήξεως.
3323 4340 3614 4410 Ῥήγνυται
3660 4333 3754 4391 οὖν

2174 4415 2476 4494 τοῦτο,’τοῦ
2500 4431 2767 4483 Δεσπότου
2804 4447 2936 4483 σταυ
2945 4447 3037 4500 ρου
3046 4430 3229 4498 μένου,
3262 4430 3360 4499 τὴν
3384 4429 3467 4492 εἰς
3489 4428 3754 4499 οὐρανοὺς

489 4526 682 4568 cessus
712 4511 969 4580 cuiquam
993 4520 1359 4580 prauerquam
1386 4510 1765 4566 sacerdotibus
1786 4512 2061 4581 permitte-

2172 4522 2377 4575 εἴσοδον
2410 4523 2578 4576 πᾶσιν
2606 4524 2740 4592 ἡμῖν
2779 4521 3151 4587 ὐποσαλπίζον
3194 4524 3289 4576 καὶ
3326 4520 3754 4591 εὐαγγελιζόμε-

492 4609 673 4660 batnr.
716 4603 1031 4659 Deelarabat
1074 4602 1240 4663 istud,
1271 4610 1323 4655 et
1356 4603 1668 4658 deliueabat
1694 4620 1983 4662 ascensum
2016 4608 2061 4662 in

2172 4632 2280 4671 νον.
2321 4616 2429 4667 Καὶ
2481 4615 2591 4685 γὰρ
2620 4615 2685 4687 δὴ
2719 4616 2807 4670 διὰ
2848 4616 2942 4670 τοῦ
2988 4616 3253 4681 ζωοποιοῦ
3299 4615 3530 4670 θανάτου
3561 4613 3750 4678 αὐτοῦ,

491 4696 661 4750 caelos
694 4693 1015 4748 hominibus
1045 4693 1373 4762 impervium
1398 4694 1731 4749 custoditum
1754 4694 1946 4761 fuisse,
1973 4711 2061 4751 net

2169 4706 2270 4776 τὴν
2300 4708 2382 4769 εἰς
2410 4708 2677 4778 οὐρανοὺς
2717 4707 2945 4775 εἴσοδον,
2980 4708 3146 4762 παντὶ
3188 4707 3267 4779 τῷ
3296 4708 3624 4779 ἀνθρωπίνῳ
3658 4708 3753 4773 γέ-

482 4801 822 4857 quemquam
851 4800 917 4839 ex
950 4784 1017 4839 iis
1048 4784 1142 4853 qui
1179 4784 1371 4854 legalis
1402 4786 1586 4841 cultus
1625 4796 1927 4843 sectatores
1953 4788 2061 4843 fue-

2170 4815 2271 4861 νει,
2306 4798 2642 4854 ἐνεκαίνισεν
2690 4803 2719 4855 ὁ
2758 4801 2849 4855 διὰ
2881 4801 3042 4855 τοῦτο
3092 4801 3373 4868 κενωθεὶς,
3425 4801 3522 4854 καὶ
3575 4799 3756 4868 σάρκα

491 4887 614 4935 rant
645 4878 712 4932 ad
737 4881 878 4931 hanc
904 4876 1223 4947 dignitatem
1251 4876 1424 4932 fuisse
1442 4879 1763 4935 admissum.
1798 4881 2061 4948 Quocirca

2168 4890 2269 4959 τὴν
2302 4891 2579 4963 ἡμετέραν
2626 4893 2981 4965 προσλαϐὼν,
3022 4895 3117 4949 καὶ
3164 4894 3343 4949 πάντα
3368 4890 3574 4964 ,παθὼν
3615 4891 3756 4960 ὑπὲρ

492 4971 766 5041 rumpitur
801 4969 905 5024 hoc
925 4968 1268 5023 obstaculum
1294 4969 1556 5024 cruciﬁxo
1574 4969 1826 5039 Domino,
1857 4983 1910 5028 et
1940 4974 2061 5030 tuba

2176 4981 2355 5052 ήμῶν,
2390 4982 2625 5053 Χριστὸς
2653 4986 2681 5036 ὁ
2710 4984 2842 5048 Θεὸς
2872 4985 3051 5057 ἡμῶν.

491 5063 694 5117 clarius
721 5061 1054 5131 significatur
1085 5069 1139 5115 et
1169 5060 1517 5131 prazdicatur,
1554 5063 1841 5120 introitum
1869 5067 1922 5122 in
1955 5070 2121 5127 cmlos
2146 5074 2303 5129 nobis
2332 5074 2564 5145 singulis
2629 5085 2839 5144 patere.
2879 5077 3037 5133 Certe
3061 5078 3203 5132 enim
3272 5078 3320 5133 is
3357 5076 3451 5147 qui
3514 5076 3585 5131 ob
3653 5074 3758 5130 hoc

494 5161 673 5229 ipsum
702 5166 1004 5213 evacuatus
1035 5156 1158 5225 fuit,
1196 5166 1250 5212 et
1269 5172 1491 5213 carnem
1518 5170 1762 5216 nostram
1796 5162 1850 5217 in
1891 5179 1951 5218 se
1990 5169 2311 5239 assumpsit,
2347 5181 2402 5225 et
2469 5172 2663 5226 omnia
2706 5188 2904 5242 passus
2963 5183 3048 5229 est
3113 5190 3212 5243 pro
3262 5174 3456 5239 nobis,
3505 5172 3759 5228 Christus

495 5253 584 5307 ille
638 5250 781 5305 Deus
835 5259 1059 5318 noster,
1106 5264 1203 5321 per
1231 5261 1468 5307 mortem
1504 5268 1662 5311 suam
1709 5255 2079 5317 vivificantem
2154 5264 2413 5319 universo
2466 5264 2787 5320 mortalium
2844 5267 3034 5335 generi
3134 5266 3444 5336 ingressum
3490 5266 3546 5322 in
3589 5265 3759 5322 cmlos

494 5340 837 5398 instauravit.

564 5500 607 5531 ⁵⁷
636 5499 803 5555 Num.
825 5512 945 5561 vui,
979 5499 1033 5551 4.

1781 5659 2013 5714 VAlll/E
2057 5656 2461 5723 LECTIONES.

567 5842 606 5867 ω
636 5848 724 5895 γρ.
757 5828 916 5897 δῆλον
941 5830 1043 5883 ὅτι.
1122 5840 1147 5868 ιι
1174 5832 1262 5886 ἴθ’.
1288 5832 1465 5891 θείων.
