4136 6426
368 367 473 433 969

899 474 1236 532 ΕΡΩΤΗΣΙΣ
1284 475 1422 527 Eli".

1312 364 1411 423 AD
1449 360 2047 422 AMPIIILOCHIUM
2107 360 2454 431 QU/ESTIO
2505 360 2767 419 CCXIII.

3547 356 3655 419 9'70

2173 470 2499 538 QU/ESTIO
2542 470 2751 525 CCXIII
2795 469 2996 541 [Cois].
3051 468 3317 532 CCXL",
3384 467 3544 522 Timr.

2674 562 3021 634 ccxxxnn.

493 684 637 737 Edita
661 696 687 731 a
714 680 1017 732 Montacutio
1052 681 1154 743 (ep.
1182 678 1269 727 127
1290 678 1349 728 ad
1382 678 1607 744 Eulamp.
1642 692 1691 739 p.
1716 676 2053 744 167-_l_69)-._—
2079 679 2149 727 De
2183 679 2490 742 blasphemia
2521 684 2571 731 in
2603 681 2842 744 Spiritum
2864 687 3103 730 sanctum.
3133 681 3303 729 Matth.
3344 694 3427 737 xu,
3453 678 3531 735 Si;

1542 740 1647 791 Luc
1693 752 1778 797 xu,
1818 740 1902 799 10;
1941 739 2086 789 Illarc.
2116 755 2186 800 in,
2219 739 2443 805 29'(8i).

457 849 679 923 Ἐπειδὴ
706 848 844 921 πρὸς
868 848 992 910 ταῖς
1015 845 1357 917 ἐρμηνείαις,
1380 844 1447 908 ἃς
1469 845 1537 897 ὀί
1559 843 1695 897 θεῖοι
1718 842 1962 913 Πατέρες

2139 847 2598 917 Quandoquidem
2626 855 2823 917 praeter
2845 845 3218 912 expositiones
3258 846 3380 900 illas
3409 863 3545 916 quas
3570 848 3656 901 di-

374 946 534 1018 ἡμῶν
565 943 711 998 κατὰ
740 941 966 1006 πλείους
997 941 1031 1009 ἢ
1060 940 1358 1010 τέσσαρας,
1383 935 1562 1008 οἶμαι,
1598 937 1839 1000 διανοίας
1872 938 1964 988 ἐκ-

371 1036 691 1098 δεδῶκασιν,
726 1033 809 1093 είς
844 1031 926 1094 τὸ,
961 1047 980 1081 ι
1019 1029 1177 1082 Πᾶσα
1208 1027 1452 1099 ἁμαρτία
1506 1028 1601 1080 καὶ
1644 1024 1964 1097 βλασφημία

373 1126 706 1196 ἀφεθήσεται
726 1125 840 1187 τοῖς
857 1121 1190 1192 ἀνθρώποις,
1208 1123 1242 1191 ὴ
1269 1120 1324 1173 δὲ
1341 1120 1437 1173 τοῦ
1458 1119 1778 1188 Πνεύματος
1797 1118 1965 1188 βλασ-

374 1219 553 1290 φημία
602 1219 702 1271 οὐκ
747 1216 1119 1285 ἀφεθήσεται·
1156 1234 1174 1267 ι
1236 1213 1354 1279 καὶ,
1398 1231 1417 1264 ι
1463 1214 1559 1275 Ὃς
1601 1212 1668 1266 ἂν
1715 1210 1845 1281 εἴπῃ
1877 1208 1965 1261 λὸ-

373 1327 470 1378 γον
496 1310 639 1365 κατὰ
666 1306 762 1362 τοῦ
800 1307 930 1360 Υἱοῦ
964 1306 1057 1359 τοῦ
1078 1305 1389 1375 ἀνθρώπου,
1412 1304 1751 1375 ἀφεθήσεται
1772 1300 1923 1371 αὑτῷ
1947 1318 1961 1331 ·

378 1402 436 1464 ὃς
464 1401 510 1453 δ’
542 1400 609 1454 ἂν
634 1401 764 1471 εἴπῃ
803 1398 948 1452 κατὰ
991 1396 1086 1451 τοῦ
1144 1397 1461 1468 Πνεύματος
1496 1396 1590 1449 τοῦ
1648 1395 1829 1463 ἁγίου,
1864 1396 1966 1449 οὐκ

378 1490 713 1561 ἀφεθήσεται
739 1487 912 1555 αὐτῷ,
948 1487 1071 1541 οὔτε
1102 1487 1161 1539 ἐν
1185 1485 1265 1557 τῷ
1306 1485 1402 1539 νῦν
1431 1485 1609 1548 αἰῶνι,
1641 1485 1763 1538 οὒτε
1801 1486 1859 1537 ἐν
1888 1485 1967 1555 τῷ

390 1582 637 1653 μέλλοντι
664 1598 677 1611 °
720 1600 738 1633 ι
780 1582 905 1634 ἐπεὶ
938 1579 1032 1632 οὖν
1074 1580 1169 1633 καὶ
1198 1578 1396 1649 ἑτέραν
1425 1579 1564 1651 πρὸς
1587 1580 1707 1641 ταῖς
1736 1578 1970 1649 εἰρημέ-

380 1693 500 1739 ναις
525 1675 783 1740 ἐκείναις,
808 1672 989 1728 καίτοι
1020 1671 1313 1735 τοσαύταις
1341 1668 1677 1735 ούσαις,-οὐκ
1708 1665 1828 1724 οἶδα
1850 1668 1968 1724 ἀνθ’

381 1768 506 1821 ὅτου
568 1767 851 1837 ἐπιζητεῖς
893 1765 1105 1838 (ἱκαναὶ
1134 1763 1243 1835 γὰρ
1278 1765 1483 1817 ἐκεῖναι
1522 1761 1703 1832 ψυχὴν
1730 1762 1967 1831 φιλομα-

381 1858 508 1922 θοῦς
532 1858 815 1930 ἐμπλῆσαι
844 1857 945 1927 τῆς
962 1855 1305 1926 ἐπιθυμίας)·
1328 1854 1480 1907 οὐδὲν
1508 1855 1691 1924 χεῖρον
1712 1852 1843 1917 ἴσως
1867 1854 1969 1905 κά-

382 1954 529 2005 κεῖνο
571 1950 801 2004 συνιδεῖν
834 1948 1095 2018 πλείστην
1148 1947 1278 2017 ὅσην
1343 1946 1442 2015 τὴν
1501 1946 1598 1999 ἀπ’
1640 1945 1819 1998 αὐτῶν
1861 1944 1971 1997 τῶν

383 2043 728 2116 πραγμάτων
759 2041 880 2110 ἕχον
927 2039 1281 2111 συμφωνίαν
1314 2040 1465 2091 ποῖον
1512 2036 1576 2107 δὴ
1616 2037 1814 2100 τοῦτο;
1848 2037 1972 2089 ’Ότι

380 2137 411 2188 ὁ
439 2136 539 2203 μὲν
596 2133 952 2206 προσπταίων
990 2132 1068 2202 τῷ
1106 2131 1330 2202 Χριστῷ
1373 2132 1469 2184 καὶ
1497 2129 1618 2199 Θεῷ
1647 2130 1827 2200 ἡμῶν,
1864 2129 1974 2183 ἀπὸ

382 2228 492 2281 τῶν
517 2225 873 2298 ἀνθρωπίνων
900 2223 1181 2289 ἐνδείξεων
1206 2241 1219 2255 ο
1252 2219 1364 2277 οἷον
1395 2223 1478 2276 ὅτι
1499 2221 1685 2292 ἤσθιε·
1713 2222 1805 2275 καὶ
1835 2221 1973 2292 μετὰ

384 2319 634 2373 τελωνῶν
681 2318 779 2372 καὶ
812 2316 1159 2388 ἁμαρτωλῶν
1185 2332 1198 2346 ·
1242 2317 1323 2368 ὅτι
1365 2314 1660 2367 ἐκάθευδεν
1684 2329 1699 2343 ·
1725 2314 1806 2366 ὅτι
1850 2316 1975 2365 ἐκο-

385 2412 507 2464 πία·
526 2412 631 2476 ὅτι,
659 2429 678 2462 ι
700 2409 1008 2481 Περίλυπός
1028 2409 1199 2473 ἐστιν,
1227 2427 1245 2458 ι
1273 2406 1481 2473 ἔλεγεν,
1512 2424 1529 2456 ι
1556 2405 1590 2475 ἡ
1617 2404 1765 2476 ψυχή
1791 2420 1919 2475 μου·
1948 2422 1966 2454 ι

386 2506 481 2558 καὶ
512 2504 566 2556 εί
600 2521 652 2556 τι
702 2501 943 2555 τοιοῦτον
966 2517 980 2531 ⁸
1016 2493 1346 2555 ῶνέκαστον
1403 2500 1485 2561 είς
1536 2497 1827 2567 βεϐαίωσιν
1881 2498 1976 2550 καὶ

388 2596 733 2667 παράστασιν
782 2592 989 2663 ἐναργῆ
1043 2593 1142 2662 τῆς
1194 2591 1686 2662 ἐνανθρωπήσεως,
1718 2591 1747 2641 ὁ
1799 2589 1977 2643 πάντα

385 2688 566 2758 σοφῶς
613 2684 967 2758 πρυτανεύων
989 2726 1005 2752 ,
1052 2684 1407 2755 διεπράττετο
1439 2684 1631 2751 Λόγος.
1661 2684 1725 2735 Ol
1752 2682 1884 2748 γοῦν
1912 2682 1978 2734 ἐκ

382 2780 494 2833 τῶν
552 2778 809 2833 τοιούτων
853 2776 1330 2849 προσεπταικότες
1358 2774 1614 2847 Χριστῷ,
1650 2774 1868 2846 ῥᾳδίαν,
1898 2774 1976 2837 ὡς

385 2874 555 2937 εἰκὸς,
580 2871 839 2925 δύνανται
860 2871 962 2940 τὴν
982 2869 1266 2941 διόρθωσιν
1292 2868 1460 2939 ἔχειν.
1485 2868 1697 2939 Τρόπον
1720 2868 1831 2939 γάρ
1856 2884 1980 2921 τινα

387 2966 574 3027 αὐτοῖς
605 2964 665 3031 ἐξ
694 2963 916 3033 ἀγνοίας
941 2962 1345 3033 διεξέπιπτενή
1389 2960 1729 3032 βλασφημία,
1781 2961 1841 3013 οὐ
1892 2960 1983 3013 δυ-

389 3057 644 3126 ναμένοις
672 3054 936 3124 διακύψαι
987 3055 1124 3125 πρὸς
1176 3055 1238 3106 τὸ
1283 3053 1445 3123 βάθος
1483 3053 1586 3123 τῆς
1645 3051 1980 3121 οἰκονομίας,

392 3148 487 3199 καὶ
515 3146 613 3215 τὴν
647 3146 892 3217 ἄρρητον
933 3144 1368 3213 συγκαταϐασιν.
1397 3144 1477 3196 Δι’
1508 3143 1536 3195 ὃ
1575 3146 1640 3195 ἐκ
1691 3143 1801 3195 τῶν
1842 3143 1985 3195 θειο-

394 3240 568 3311 τέρων
590 3238 756 3291 αὐτοῦ
787 3237 966 3307 ἔργων
984 3237 1078 3289 καὶ
1102 3236 1380 3305 πράξεων,
1408 3234 1674 3303 ταχίστην
1698 3233 1797 3305 τὴν
1826 3250 1985 3303 μετα-

396 3333 558 3404 6ολην
625 3332 991 3397 ἐπιδείξουσιν
1019 3323 1186 3395 οὗτοι,
1217 3329 1314 3382 καὶ¹
1363 3328 1756 3400 παραπλησίαν
1802 3329 1986 3393 ἕξουσι

394 3428 496 3496 τὴν
537 3425 623 3494 ἐφ’
655 3418 737 3487 οἷς
790 3423 1105 3495 ἡμάρτανον
1152 3422 1370 3491 ἄφεσιν.
1409 3420 1565 3474 Οὕτω
1616 3420 1829 3483 Παῦλος
1862 3420 1988 3473 διώ-

2064 941 2175 993 vini
2206 939 2392 995 Patres
2424 939 2609 1009 plures
2647 953 2811 1007 quam
2844 944 3139 1006 quaternas
3162 936 3317 991 nobis
3352 952 3656 1007 praposue-

2066 1040 2197 1086 runt
2221 1032 2367 1087 illius
2385 1032 2538 1095 dicti,
2567 1049 2586 1082 ι
2614 1031 2790 1085 Omne
2816 1039 3100 1100 peccatum
3122 1038 3176 1083 et
3193 1029 3531 1097 blasphemia
3566 1046 3655 1083 re-

2066 1126 2312 1180 mittetur
2335 1125 2674 1189 hominibus,
2717 1122 3054 1194 blasphemia
3082 1132 3262 1176 autem
3310 1123 3362 1176 in
3394 1122 3656 1192 Spiritum

2067 1227 2321 1274 sanctum
2350 1232 2459 1271 non
2494 1216 2839 1281 remittetur;
2866 1233 2883 1266 ι
2917 1224 2994 1281 et,
3037 1232 3055 1264 ι
3084 1212 3189 1279 Qui
3216 1212 3506 1282 protulerit
3534 1228 3660 1266 ver-

2066 1310 2198 1365 bum
2225 1309 2282 1365 in
2310 1309 2576 1378 Spiritum
2609 1318 2882 1372 sanctum,
2914 1322 3023 1362 non
3048 1306 3357 1360 remittetur
3384 1306 3453 1367 ei,
3484 1321 3662 1374 neque

2069 1401 2124 1455 in
2156 1401 2261 1455 hoc
2298 1401 2521 1465 saeculo,
2564 1415 2740 1469 neque
2775 1400 2828 1452 in
2862 1398 3093 1462 futuro;
3138 1406 3193 1450 at
3223 1396 3533 1450 remittetur
3564 1397 3656 1465 qui

2068 1494 2297 1548 verbum
2326 1493 2380 1546 in
2412 1493 2611 1547 Filium
2645 1493 2876 1557 dixerit;
2913 1510 2931 1543 ›
2986 1489 3429 1561 quandoquidem
3485 1497 3539 1542 tn
3593 1488 3661 1540 ab

2070 1587 2196 1643 istis
2229 1587 2391 1643 dictis
2421 1586 2587 1641 aliam
2624 1585 2897 1655 requiris,
2950 1599 3075 1638 cum
3114 1592 3193 1635 tot
3223 1582 3328 1635 illa:
3363 1581 3508 1642 sint,
3562 1596 3662 1633 cur

2072 1687 2253 1733 autem
2285 1678 2386 1743 sic,
2422 1676 2652 1742 nescio;
2689 1678 2835 1748 (nam
2869 1674 3149 1731 sufﬁciunt
3204 1673 3309 1728 illae
3365 1672 3541 1725 allata:
3595 1670 3662 1725 ad

2074 1772 2410 1842 implendum
2447 1771 2614 1826 animi
2658 1770 2991 1825 desiderium
3024 1767 3267 1823 discendi
3310 1766 3395 1821 vel
3423 1765 3665 1835 cupidis-

2073 1868 2245 1938 simi),
2266 1867 2403 1922 nihil
2424 1866 2563 1921 l‘orte
2576 1866 2833 1931 obstabit,
2857 1874 2912 1920 et
2936 1864 3083 1918 illam
3108 1863 3270 1917 aliam
3294 1860 3665 1930 contemplare

2074 1977 2195 2030 qua:
2227 1976 2351 2015 cum
2388 1960 2554 2015 rebus
2582 1959 2716 2028 ipsis
2745 1973 3017 2013 summam
3066 1955 3303 2011 admittit
3349 1970 3665 2011 consonan-

2083 2052 2215 2106 tiam
2254 2071 2267 2107 :
2303 2060 2362 2107 at
2393 2066 2643 2121 quaenam
2674 2051 2810 2105 illa?
2839 2047 3111 2104 Nimirum
3144 2047 3289 2117 quod
3342 2047 3388 2101 is
3423 2046 3515 2115 qui
3567 2045 3667 2097 im-

2003 2195 2046 2251 Β
2077 2145 2285 2213 pegerit
2315 2145 2369 2199 in
2407 2146 2686 2200 Christum
2712 2143 2880 2198 Deum
2901 2151 3177 2208 nostrum,
3214 2148 3438 2211 propter
3472 2140 3665 2191 burna-

2078 2239 2268 2293 nitatis
2308 2236 2884 2301 demonstrationem;
2946 2242 3007 2288 ut
3055 2243 3185 2304 puta
3230 2234 3374 2302 quod
3415 2231 3669 2285 comede-

2078 2330 2191 2390 bat,
2224 2327 2387 2396 idque
2430 2342 2554 2380 cum
2610 2323 2922 2395 publicanis
2948 2331 3003 2377 et
3051 2322 3434 2393 peccatoribus
3469 2336 3482 2372 :
3521 2320 3667 2387 quod

2078 2421 2385 2476 dormiebat
2415 2438 2428 2473 :
2469 2419 2615 2489 quod
2650 2418 2981 2474 lassitudine
3028 2416 3318 2471 tenebatur
3352 2433 3364 2468 :
3393 2412 3538 2482 quod
3588 2411 3670 2464 di-

2079 2516 2240 2578 xerit,
2280 2532 2299 2565 ‹
2328 2513 2527 2567 Tristis
2558 2522 2640 2566 est
2672 2512 2854 2566 anima
2888 2526 3005 2564 mea
3037 2524 3212 2578 usque
3236 2509 3302 2561 ad
3331 2519 3561 2560 mortem
3596 2520 3608 2556 :
3650 2525 3664 2551 ι

2079 2612 2133 2660 et
2184 2620 2307 2674 quae
2340 2612 2467 2658 sunt
2506 2602 2627 2672 ejus
2679 2601 2944 2672 generis:
2977 2615 3097 2669 quae
3154 2598 3340 2653 omnia
3410 2596 3672 2661 Verbum,

2080 2697 2227 2769 quod
2260 2696 2441 2749 omnia
2480 2694 2759 2764 sapienter
2785 2692 3231 2757 administrabat,
3270 2691 3337 2745 ad
3376 2692 3673 2747 conﬁrma-

2080 2791 2287 2843 tionem
2309 2796 2363 2841 et
2384 2786 2692 2842 evidentem
2712 2783 3143 2839 declarationem
3174 2794 3475 2853 assumptm
3491 2785 3675 2838 carnis

2082 2881 2456 2953 perpetrabat.
2493 2880 2598 2946 Qui
2626 2879 2792 2949 igitur
2815 2886 3041 2948 pr0pter
3074 2878 3176 2933 ista
3212 2877 3589 2959 impingebant
3618 2877 3671 2931 in

2083 2974 2391 3034 Christum,
2420 2970 2741 3025 facillimam
2771 2973 3080 3041 acquirent,
3129 2978 3190 3024 ut
3215 2970 3455 3034 videtur,
3491 2985 3677 3024 emen-

2085 3066 2363 3121 dationem
2396 3083 2409 3117 :
2435 3078 2562 3117 nam
2594 3062 2663 3117 ab
2687 3063 2997 3133 ignorantia
3028 3062 3440 3131 quodammodo
3464 3063 3681 3116 excide-

2087 3168 2172 3213 rat
2202 3154 2560 3224 blasphemia,
2590 3168 2713 3208 cum
2738 3168 2847 3207 non
2873 3162 3095 3222 possent
3118 3153 3173 3206 in
3199 3151 3558 3222 profundum,
3592 3154 3674 3207 vel

2086 3261 2185 3316 per
2214 3245 2497 3306 rimulam,
2533 3239 2963 3309 dispensationis
2996 3249 3306 3310 penetrare,
3325 3241 3407 3295 vel
3452 3240 3673 3294 inenar-

2088 3322 2318 3394 rab'ilem
2380 3335 2687 3405 perspicere
2738 3333 3266 3388 condescensionem
3298 3353 3312 3388 :
3345 3342 3679 3403 quapropter

2092 3448 2189 3503 per
2218 3430 2405 3485 divina
2440 3428 2615 3497 ipsius
2650 3442 2816 3497 opera
2848 3425 3083 3491 inducti,
3123 3426 3419 3495 proclivem
3462 3426 3538 3479 illi
3580 3426 3675 3477 ad-

398 3535 553 3587 κτης,
606 3516 841 3585 σταυρὸν
888 3514 1106 3569 ἁκούων
1154 3515 1251 3568 καὶ
1280 3513 1535 3578 θάνατον,
1576 3514 1672 3567 καὶ
1712 3513 1795 3565 ὅτι
1818 3512 1983 3581 ἔφαγε

2097 3525 2315 3578 mittent
2341 3520 2812 3584 immutationem,
2848 3529 2905 3574 et
2947 3518 3291 3573 consimilem
3332 3518 3401 3573 de
3443 3517 3683 3588 peccatis

400 3612 494 3663 καὶ
547 3610 690 3676 ἔπιε,
733 3609 830 3663 καὶ
875 3610 976 3662 ὅσα
999 3606 1137 3663 ἄλλα
1164 3609 1281 3670 τοῖς
1326 3605 1607 3668 Ἰουδαίοις
1631 3605 1711 3669 είς
1734 3605 1992 3675 διαϐολὴν

400 3702 496 3756 τοῦ
547 3702 822 3755 Δεσπότου
868 3700 1206 3771 προεφέρετο
1234 3715 1247 3727 ·
1283 3697 1405 3751 ἐπεὶ
1448 3698 1505 3751 δὲ
1527 3697 1809 3769 θειοτέρας
1831 3698 1993 3769 ἔτυχε

403 3796 601 3866 πείρας
633 3795 728 3848 καὶ
775 3794 875 3864 τῆς
914 3792 1124 3847 ἄνωθεν
1168 3792 1461 3857 ὀπτασίας,
1488 3791 1689 3845 αὐτίκα
1718 3793 1899 3846 πάντα
1925 3792 1994 3847 τὰ

404 3887 703 3959 βλάσφημα
735 3885 900 3957 ῥίψας
928 3886 1132 3949 ἐκεῖνα,
1168 3883 1346 3953 κήρυξ
1366 3882 1462 3935 τοῦ
1492 3883 1825 3953 διωκομένου
1849 3884 1996 3951 γίνε-

402 3996 512 4033 ται.
544 3977 701 4031 Οὕτω
740 3976 903 4030 πάλιν
934 3974 1225 4044 τρισχίλιοι
1250 3973 1392 4044 ἅμα,
1419 3974 1515 4027 καὶ
1555 3974 1764 4029 τούτων
1794 3975 1995 4043 ἐφεξῆς

406 4072 650 4135 πλείους,
678 4067 799 4124 εἶτα
830 4070 926 4122 καὶ
945 4066 1076 4129 λαὸς
1105 4062 1307 4137 μείζων
1333 4066 1708 4137 ἀριθμεῖσθαι,
1734 4069 1854 4129 ταῖς
1879 4066 1997 4119 θεο-

409 4163 664 4233 σημείαις
691 4159 1103 4233 μετατεθέντες,
1155 4156 1362 4226 σπουδῇ
1418 4157 1551 4227 πρὶν
1579 4157 1657 4227 τῷ
1687 4158 1779 4209 ὑπ’
1814 4156 1998 4211 αὐτῶν

407 4255 803 4325 πολεμουμένῳ
852 4250 1158 4321 προσῆλθον
1212 4246 1535 4319 κηρύγματι
1560 4264 1575 4279 θ
1608 4248 1770 4319 δῆλον
1811 4247 1906 4302 οὖν
1933 4250 1999 4302 ἐκ

405 4348 514 4401 τῶν
541 4347 848 4418 εἰρημένων
884 4347 1034 4408 ὅπως
1062 4346 1175 4408 τοῖς
1206 4346 1288 4407 είς
1316 4343 1407 4397 τὸν
1427 4342 1555 4396 Υίὸν
1584 4342 1678 4395 τοῦ
1704 4340 1996 4412 ἀνθρώπου

409 4438 825 4511 βλασφημοῦσιν
859 4441 892 4509 ἡ
926 4437 1122 4507 ἄφεσις
1147 4436 1371 4502 δίδοται,
1400 4436 1482 4487 ὅτι
1503 4433 1583 4505 τῷ
1600 4433 1769 4505 ρᾳδίῳ
1784 4435 1883 4503 τῆς
1903 4450 2001 4504 με·

405 4535 639 4604 ταϐολῆς
666 4533 759 4586 καὶ
770 4532 829 4585 τὸ
849 4531 1139 4603 πρόχειρον
1150 4530 1248 4600 τῆς
1266 4527 1598 4599 συγγνώμης
1620 4527 1998 4582 ἐπεται.”οσοι

406 4627 464 4681 δὲ
496 4626 604 4678 τῶν
641 4623 1133 4693 θαυμασιωτέρων,
1170 4621 1267 4676 καὶ
1303 4620 1339 4674 ὃ.
1365 4620 1536 4691 μόνης
1561 4621 1679 4672 ἐστὶ
1714 4620 1814 4688 τῆς
1847 4619 1999 4682 θείας

404 4718 689 4787 δυνάμεως
717 4714 961 4783 ὓποψινιι
996 4715 1213 4783 ἔχοντες
1243 4712 1343 4782 τὴν
1388 4711 1671 4782 ἐνέργειαν
1697 4726 1710 4741 ·
1740 4710 2000 4781 δαίμονας

408 4809 795 4879 διωκομένους,
828 4806 1017 4890 νόσους
1046 4805 1435 4874 ἐλαυνομένας,
1467 4802 1691 4872 τυφλοῖς
1727 4803 1827 4866 τὰς
1845 4802 1999 4873 ὄψεις

2096 3623 2509 3682 consequentur
2535 3612 2773 3667 veniam.
2790 3601 2878 3666 Ita
2899 3610 3107 3666 exstitit
3124 3609 3325 3665 Paulus
3342 3618 3681 3680 persecutor.

2097 3722 2221 3762 cum
2247 3721 2466 3761 crucem
2504 3714 2558 3757 et
2589 3713 2819 3759 mortem
2845 3703 3096 3769 audiret;
3128 3714 3183 3758 et
3215 3717 3339 3758 cum
3371 3704 3577 3767 ederet,
3604 3703 3687 3758 hi-

2097 3798 2270 3861 beret,
2291 3804 2345 3851 et
2385 3795 2594 3864 reliqua
2617 3794 2984 3863 faceret,quae
3010 3794 3063 3849 in
3101 3795 3437 3850 calumniam
3469 3795 3683 3850 Domini

2097 3889 2269 3945 Judaei
2304 3888 2683 3958 proferebant.
2714 3887 2852 3943 Cum
2882 3904 3013 3943 vero
3035 3889 3205 3943 semel
3232 3889 3557 3944 diviniorcm
3591 3905 3687 3943 ex—

2099 3981 2420 4051 perientiam
2455 3996 2553 4049 per
2579 3980 2857 4035 cmlcstem
2898 3980 3174 4034 visionem
3223 3980 3685 4048 consequebatur.

2099 4072 2362 4127 continuo
2400 4071 2621 4141 rejectis
2669 4087 2794 4141 quae
2836 4070 3155 4140 blaspheme
3205 4071 3424 4126 locutus
3475 4080 3594 4126 erat
3635 4084 3689 4126 et

2100 4163 2325 4228 fecerat,
2360 4178 2541 4233 praaco
2596 4163 2798 4232 prodiit
2849 4163 2998 4218 illius
3034 4180 3198 4232 quem
3233 4165 3687 4233 persequebatur.

2099 4257 2180 4311 Ad
2211 4256 2462 4311 eumdem
2488 4254 2712 4309 modum
2746 4263 2828 4309 ter
2850 4254 3001 4308 mille
3028 4254 3319 4324 imprimis,
3353 4263 3407 4309 et
3431 4255 3689 4324 deinceps

2102 4349 2256 4402 hisce
2300 4347 2507 4417 plures,
2555 4356 2609 4401 et
2652 4356 2841 4415 postea
2878 4346 3227 4401 numerosior
3260 4346 3691 4416 multitudo,per

2102 4440 2256 4510 signa
2296 4439 2483 4493 divina
2523 4438 2821 4504 immutati,
2854 4453 2979 4493 cum
3011 4435 3363 4493 festinatione
3395 4439 3460 4492 ad
3493 4436 3689 4507 prmdi—

2104 4532 2374 4587 cationem
2414 4531 2535 4601 ejus
2583 4546 2745 4599 quem
2778 4531 3251 4600 persequebantur
3299 4540 3683 4584 accurrerunt.

2103 4623 2256 4678 Patet
2301 4636 2433 4692 ergo
2462 4621 2573 4691 jam
2606 4620 2790 4685 dictis,
2822 4619 3006 4689 qualis
3033 4619 3192 4675 venia
3236 4618 3556 4673 conceditur
3586 4617 3692 4669 illis

2103 4716 2196 4786 qui
2225 4715 2281 4769 in
2320 4713 2520 4768 Filium
2548 4711 2790 4767 hominis
2819 4712 3235 4782 blasphemant;
3265 4710 3525 4765 nimirum
3559 4708 3690 4763 faci-

2104 4810 2313 4864 litatem
2363 4806 2691 4862 mutationis
2722 4806 3085 4875 consequitur
3120 4804 3355 4861 facilitas
3410 4803 3695 4873 indulgen-

410 4904 614 4975 ῥήματι
650 4879 1162 4970 δημιουργουμένας
1187 4912 1201 4926 ·
1230 4895 1301 4949 τὰ
1328 4895 1585 4965 ὑπερφυῆ
1602 4896 1697 4948 καὶ
1716 4894 1983 4966 παράδοξα

2106 4905 2213 4958 tiae.
2244 4901 2314 4956 At
2340 4900 2435 4971 qui
2466 4915 2553 4955 res
2584 4898 2759 4969 magis
2808 4897 3198 4963 admirabiles,
3229 4906 3283 4951 et
3314 4913 3437 4966 quae
3467 4896 3568 4951 soli
3606 4895 3691 4948 di-

409 4999 593 5051 ἐκεῖνα
617 5011 631 5026 °
663 4994 798 5065 πρὸς
818 4993 973 5047 οὐδὲν
1006 4992 1212 5045 τούτων
1238 4990 1518 5044 ἐθέλουσιν
1543 4990 1995 5061 ἐπιστρέφεσθαι,

410 5088 486 5150 ὡς
519 5087 737 5149 ἑκόντες
763 5088 899 5157 πρὸς
924 5084 994 5138 τὰ
1013 5083 1109 5137 τοῦ
1141 5082 1461 5152 Πνεύματος
1498 5081 1638 5153 ἔργα
1674 5082 1854 5135 καὶτὸ
1884 5081 2000 5151 φῶς

412 5178 949 5248 ἀποτυφλώττοντες,
972 5167 1119 5229 οὗτοι
1143 5175 1384 5246 χαλεπὴν
1407 5174 1440 5245 ἢ
1461 5174 1557 5227 καὶ
1581 5172 1843 5227 ἀδύνατον
1868 5190 2002 5226 παν-

413 5268 582 5333 τελῶς
634 5271 735 5340 τὴν
794 5267 1161 5340 μεταμέλειαν
1225 5266 1463 5336 ἔχουσιν,
1489 5264 1549 5329 ἐξ
1601 5256 1775 5334 οὗπερ
1815 5264 2001 5327 αὐτοῖς

413 5364 731 5433 ἀφαιρεῖται
763 5361 861 5415 καὶ
889 5362 924 5431 ἡ
946 5360 1161 5429 ἄφεσις.
1195 5358 1313 5412 Τίνι
1342 5356 1451 5427 γὰρ
1482 5355 1548 5411 ἂν
1592 5357 1687 5409 καὶ
1733 5373 1999 5426 μεταπει-

415 5454 592 5507 σθεῖεν
620 5444 768 5508 οὗτοι
800 5453 936 5524 πρὸς
959 5453 1029 5506 τὰ
1051 5450 1195 5504 ούτω
1226 5449 1389 5504 καινὰ
1414 5448 1510 5501 καὶ
1550 5446 1733 5517 πολλῷ
1760 5447 1863 5517 τῆς
1894 5445 2000 5514 φύ-

415 5565 555 5613 σεως
612 5546 899 5618 κρείττονα
946 5544 1337 5618 πωρωοέντες,
1362 5543 1457 5597 καὶ
1485 5542 1610 5614 μηδ’
1635 5541 1740 5595 ὑπό
1770 5558 1876 5594 τινι
1900 5540 2000 5593 αὐ-

2099 4996 2243 5050 vinae
2298 4992 2558 5064 potentiae
2607 4991 2928 5062 subiacent,
2984 4991 3089 5045 sub
3142 4999 3423 5059 aspectum
3484 4988 3692 5041 habent

2102 5085 2457 5141 manifestum
2495 5100 2509 5137 :
2543 5084 2825 5138 daamonas
2859 5082 3126 5137 nimirum
3155 5082 3437 5152 eprISOS,
3464 5080 3692 5134 morbos

2102 5182 2353 5246 abactos,
2387 5178 2549 5234 caecis
2580 5178 2761 5232 visum
2785 5176 3100 5233 restitutum
3140 5178 3255 5231 solo
3287 5175 3490 5231 verbo:
3518 5182 3573 5227 et
3597 5188 3695 5228 ca:-

2102 5280 2217 5325 tera
2253 5281 2510 5324 naturam
2542 5267 2884 5332 excedentia,
2918 5268 3189 5337 planeque
3234 5265 3539 5334 stupenda;
3595 5279 3695 5317 nec

2108 5366 2176 5421 ad
2208 5363 2400 5418 borum
2433 5360 2616 5429 aliqua
2646 5361 2885 5413 converti
2918 5359 3127 5419 volunt,
3153 5356 3247 5412 sed
3280 5356 3586 5409 voluntarie
3627 5356 3692 5407 ad

2111 5456 2353 5526 Spiritus
2385 5465 2551 5519 opera
2583 5460 2639 5505 et
2667 5450 3132 5505 illuminationcm
3159 5449 3521 5502 obcazcantur
3560 5464 3573 5500 :
3605 5446 3693 5499 Isli

2111 5546 2421 5611 diliiculter,
2456 5543 2502 5600 si
2537 5541 2767 5599 omnino
2798 5551 3004 5607 tamen,
3045 5542 3400 5613 resipiscunt,
3424 5548 3588 5609 atque
3621 5538 3695 5591 ita

1725 5639 1963 5696 VARI/8
1998 5641 2409 5700 LECTIONES.

527 5748 552 5774 η
585 5737 676 5790 ὑπ’
734 5736 877 5804 ὄψιν.

1942 5804 2173 5868 NOTAE,

525 5904 637 5970 (Si)
675 5901 818 5956 Ideni
851 5900 1072 5956 Thema:
1103 5917 1263 5971 supra
1297 5916 1345 5967 q.
1385 5897 1569 5953 XLIX.
