4136 6448
466 320 564 389 971
1626 337 1892 401 ΡΗΟἸῚῙ
1928 339 2070 401 ΡΑΤ

2171 342 2440 406 ARCHAE
2485 344 2592 407 ΟΡ.
3650 342 3761 409 972

466 433 868 506 indulgentiam
909 437 1055 495 haud
1095 439 1412 513 impertitur
1447 443 1515 500 iis
1543 444 1709 502 Deus.
1742 448 1863 515 Quo
1904 450 2052 504 enim

2171 452 2267 505 τῶν
2313 454 2453 524 πρὸς
2483 451 2818 524 ἐπιστροφὴν
2843 451 2972 508 ίδείν
3013 452 3476 525 δυσωπηθέντεςς
3516 455 3598 508 Δι’
3620 456 3648 509 δ
3675 458 3757 510 εμ

465 528 577 583 alio
603 545 866 600 persuasu
892 531 1248 602 resipiscam,
1278 536 1374 606 qui
1406 537 1473 592 ad
1499 545 1607 593 tam
1647 555 1785 594 nova
1815 550 1866 595 et
1892 549 2054 596 natu-

2171 542 2333 609 ιιαίως
2361 542 2541 597 αὐτῶν
2564 542 2659 597 καὶ
2712 542 3061 614 σύγγνωστον
3095 552 3121 579 °
3146 546 3209 599 τὸ
3240 544 3644 616 πλημμέλημα,
3662 547 3762 600 καὶ

464 633 584 673 ram
623 620 698 673 ita
723 619 1045 676 excedentia
1073 622 1439 695 obdurantur,
1481 644 1581 684 nec
1627 631 1696 685 ab
1750 632 1937 702 aliquo
1971 634 2057 688 in-

2171 632 2417 706 μείζωνή
2446 634 2764 706 βλασφημία
2789 637 2887 706 τῆς
2915 636 3185 705 ἀφέσεως.
3206 636 3633 707 Παραδείγματα
3662 636 3759 692 τοῦ

466 710 594 766 duci
644 721 879 781 possunt
927 724 986 769 ut
1029 717 1451 775 conversionem
1487 737 1645 776 suam
1692 724 2058 780 meditemur?

2171 722 2341 791 λόγουθ
2365 723 2564 786 Ἀννας
2580 724 2675 776 καὶ
2692 724 2950 793 Καϊάφας
2965 726 3059 779 καὶ
3082 724 3387 795 πολλοὶζτῶν
3402 726 3692 795 Ἰουδαίων,
3706 729 3759 783 οἱ

465 803 591 859 Νοη
623 805 793 877 igitur
824 805 1125 875 immerito,
1151 809 1272 865 sine
1299 814 1459 866 venia
1484 813 1587 870 hoc
1615 815 1830 871 illorum
1862 833 2060 886 pecca-

2171 812 2419 884 Ξαίμονας
2447 814 2821 869 ἀπελαύνοντα
2868 815 3093 881 ἰδόντες,
3124 816 3243 870 δέον
3287 818 3620 888 προσκυνεῖν
3656 818 3753 872 τὸν

466 902 610 960 tum,
641 906 696 951 et
723 895 1065 966 blasphemia
1108 899 1502 969 indulgentiam
1530 907 1765 962 excedit.
1795 908 2057 978 Exempla

2171 906 2477 978 εὐεργέτην,
2508 907 2567 961 ἐν
2596 906 2677 977 τῷ
2730 907 2962 978 ἄρχοντι
3021 907 3131 961 τῶν
3181 907 3478 978 δαιμονίων
3501 910 3763 981 (πρᾶγμα

467 992 1035 1056 apponanturAnnas,
1055 989 1421 1064 Caiaphas,et
1442 998 1751 1065 complures
1773 1013 1803 1053 e
1819 996 2057 1063 Iudaeis;

2171 996 2346 1068 πάσης
2371 994 2763 1066 ἀναισχυντίας
2791 994 3107 1067 τολμῶντες
3152 996 3437 1065 ἐπέκεινα)
3472 996 3763 1050 ἐκϐάλλειν

468 1076 525 1130 hi
558 1092 685 1132 cum
729 1080 1002 1134 daemonia
1030 1081 1343 1151 ejicientem
1379 1096 1689 1150 cernerent,
1720 1104 1842 1142 cum
1891 1089 2059 1145 debe-

2171 1088 2326 1143 αὐτὸν
2366 1088 2678 1160 ἐλοιδόρουν
2736 1087 2806 1143 τὰ
2855 1087 3145 1159 δαιμόνια’
3182 1088 3419 1156 τυφλοὺς
3462 1087 3764 1159 βλέποντας

468 1177 593 1222 rent
623 1172 873 1225 venerari
908 1172 1342 1242 benefactorem,
1374 1178 1496 1230 ausi
1543 1189 1672 1233 sunt
1712 1192 1829 1233 rem
1876 1179 2060 1251 impu-

2171 1179 2417 1248 δρῶντες,
2452 1181 2549 1234 καὶ
2578 1179 2861 1251 κλινήρεις
2885 1179 3072 1250 δρόμῳ
3104 1179 3201 1234 καὶ
3230 1180 3439 1250 φορτίῳ
3482 1180 3584 1250 τὴν
3617 1182 3764 1234 ίασιν

467 1261 710 1316 dentiam
739 1278 956 1317 omnem
986 1266 1337 1321 excedentem
1360 1268 1641 1338 proloqui,
1672 1279 1726 1325 et
1753 1286 1847 1341 per
1872 1272 2063 1327 convi-

2171 1272 2543 1343 βεϐαιοῦνταςο
2571 1273 2719 1326 «Οὐκ
2745 1272 2892 1326 ἐστιν
2913 1273 2942 1325 ό
2957 1272 3243 1343 ἄνθρωπος
3259 1267 3436 1339 οὗτος,
3468 1273 3672 1343 ἔλεγον,
3696 1276 3764 1329 ἐκ

468 1352 546 1407 tia
591 1354 814 1417 dicere,
871 1370 995 1409 enin
1045 1356 1317 1412 daemonia
1364 1357 1565 1428 ejicere
1608 1376 1706 1430 per
1755 1363 2059 1433 principem

2171 1363 2259 1417 τοῦ
2291 1362 2427 1418 Θεοῦ
2448 1381 2461 1394 ⁶
2492 1365 2630 1419 ιητὸν
2649 1362 2898 1437 Λάζαρον
2936 1364 3297 1434 ἀνιστάμενον
3330 1367 3653 1436 τεταρταῖον
3680 1369 3764 1431 εἰς

468 1446 870 1501 daemoniorum
896 1464 910 1513 ;
939 1463 1063 1503 cum
1106 1464 1290 1506 caecos
1314 1450 1663 1508 intuerentur
1683 1454 1890 1521 videre,
1922 1455 2063 1512 lecto

2171 1454 2387 1511 πλείονα
2412 1454 2571 1525 φόνον
2596 1460 2646 1493 θ’
2667 1455 3046 1524 ἀνεφλέγοντο.
3076 1474 3094 1506 ι
3117 1454 3375 1528 Ἐζήτουν
3418 1456 3548 1526 γὰρ,
3572 1457 3762 1526 φησὶν,

468 1538 668 1594 allixos
700 1554 796 1609 per
819 1555 1046 1595 cursum
1069 1551 1122 1597 et
1148 1544 1540 1613 bajulationem
1567 1547 1857 1602 sanitatem
1886 1558 2059 1603 ratam

2171 1547 2256 1601 ἵνα
2282 1546 2492 1600 καὶτὸν
2516 1545 2772 1616 Λάζαρον
2797 1545 3215 1600 ἀποκτείνωσιν.
3247 1564 3265 1596 ι
3290 1540 3423 1599 Εἶτα
3448 1546 3764 1601 ἀναστάντα

467 1629 761 1697 facientes,
784 1634 1042 1689 dixerunt
1072 1643 1278 1703 tamen,
1317 1636 1468 1692 «Non
1509 1648 1594 1694 est
1616 1654 1646 1693 a
1676 1640 1786 1695 Dco
1815 1641 1919 1696 iste
1959 1643 2062 1697 ho-

2171 1640 2575 1713 μεμαθηκότες,
2631 1641 2882 1711 χρήμασι
2909 1641 3003 1694 καὶ
3024 1638 3212 1709 ψεύδει
3230 1639 3639 1709 κατακρύπτειν
3660 1641 3761 1693 ἐπ-

471 1739 628 1793 ηιο;›
669 1734 723 1781 et
744 1741 841 1796 per
868 1726 1140 1783 Lazarum
1170 1740 1449 1785 mortuum
1484 1732 1922 1803 quadriduanum
1943 1735 2063 1790 vitae

2171 1732 2419 1804 εχείρουν
2473 1732 2573 1805 τὴν
2627 1734 2945 1788 ἀνάστασιν.
2982 1734 3091 1787 Καὶ
3135 1734 3200 1804 δὴ
3226 1734 3321 1786 καὶ
3361 1733 3471 1787 τῶν
3501 1733 3763 1805 μαθητῶν

473 1819 814 1886 restitutum,
848 1822 915 1877 ad
946 1822 1212 1893 majorem
1251 1822 1516 1879 invidiam
1556 1824 2060 1884 inllammabantur.

2171 1825 2429 1897 πυρίναις
2461 1825 2738 1896 γλώσσαις
2784 1826 3197 1897 στομωθέντων,
3236 1826 3331 1879 καὶ
3383 1826 3453 1880 τά
3495 1826 3763 1897 μεγαλεῖα

479 1927 498 1962 ι
528 1909 857 1977 Quaerebam
898 1913 1070 1979 enim,
1129 1915 1224 1980 ait,
1297 1923 1357 1969 ut
1393 1925 1447 1971 et
1478 1914 1751 1979 Lazarum
1784 1918 2066 1976 interime-

2171 1917 2263 1972 τοῦ
2286 1918 2423 1972 Θεοῦ
2451 1918 2624 1984 ξένοις
2662 1920 2905 1990 ῥήμασιν
2946 1919 3461 1991 ἀνακηρυττόντων,
3498 1921 3594 1973 καὶ
3624 1919 3764 1989 πλῆ-

469 2012 610 2061 rent.
644 2023 663 2057 ι
693 2003 760 2060 Et
794 2013 1086 2086 postquam
1125 2008 1453 2063 resciverint
1484 2012 1876 2075 resurrexisse,
1912 2010 2061 2069 illam

2171 2011 2260 2076 θος
2285 2011 2514 2082 ἄπειρον
2540 2012 2620 2082 τῷ
2650 2013 2891 2085 θαύματι
2926 2012 3064 2084 πρὸς
3097 2014 3195 2086 τὴν
3216 2013 3501 2067 εὐσέϐειαν
3531 2012 3760 2082 ἐναγόν-

470 2084 930 2152 resurrectionem
953 2099 1252 2165 occultare,
1283 2099 1410 2154 data
1436 2100 1689 2170 pecunia,
1715 2108 1769 2157 et
1793 2118 1891 2173 per
1915 2119 2067 2160 men-

2171 2122 2300 2168 των,
2362 2105 2445 2169 είς
2507 2103 2739 2173 γλεῦκος
2788 2098 2936 2158 οὑτοι
2971 2106 3065 2158 καὶ
3110 2084 3281 2175 μέθην
3311 2104 3372 2158 τὸ
3400 2106 3631 2176 φρικτὸν
3660 2104 3759 2158 τοῦ

471 2187 695 2244 dacium
735 2190 1075 2247 nitebantur.
1109 2192 1174 2247 Et
1196 2207 1322 2248 cum
1363 2193 1619 2264 discipuli
1656 2194 1856 2266 linguis
1890 2197 2066 2266 igneis

2171 2196 2453 2268 θαύματος
2494 2197 2773 2270 διασύρειν
2806 2197 2908 2251 οὐκ
2936 2196 3255 2268 ᾐσχύνοντο,
3283 2197 3392 2251 οὐδ’
3444 2196 3744 2265 ἐφοϐοῦντο

471 2291 920 2349 exacuerentur,
980 2293 1036 2338 et
1091 2284 1365 2353 magnalia
1404 2283 1497 2340 Dei
1530 2287 1713 2343 verbis
1759 2290 2065 2359 peregrinis

471 2372 929 2443 depraediearent,
993 2384 1049 2430 et
1099 2392 1293 2447 magna
1331 2377 1621 2435 hominum
1671 2380 1967 2438 multitudo
1997 2385 2063 2439 ad

472 2464 732 2534 pietatem
769 2466 1037 2522 miraculo
1066 2468 1480 2537 inducerentur,
1510 2474 1629 2528 sine
1653 2473 1807 2529 omni
1832 2475 2063 2546 pudore,

472 2556 726 2613 miraculi
757 2570 1051 2630 augustum
1080 2571 1136 2616 et
1164 2563 1539 2619 venerandum
1584 2563 1815 2633 factum,
1839 2567 1907 2622 ad
1939 2584 2064 2623 nm-

473 2655 621 2702 stum
680 2649 981 2705 transferre
1057 2662 1111 2706 et
1169 2653 1491 2709 ebrietatem
1552 2657 1910 2725 satagebant;
1963 2674 2065 2714 nec

473 2739 805 2795 verebantur
831 2742 1158 2810 nequissimi
1190 2743 1495 2808 alastores,
1558 2761 1627 2801 ne
1675 2748 1745 2803 ab
1793 2748 1916 2819 igne
1970 2750 2064 2806 illo

474 2832 813 2888 miraculoso
846 2834 1295 2890 absumerentur.
1332 2837 1410 2892 Ita
1462 2838 1597 2892 nihil
1628 2855 1854 2910 prorsus
1884 2858 2064 2913 quan-

472 2923 680 2976 tumvis
715 2930 971 2978 naturam
1018 2935 1397 2995 exsuperarct,
1435 2927 1502 2981 ad
1536 2930 1863 2985 mutandum
1915 2931 2066 3002 ipso—

473 3028 600 3068 rum
632 3029 865 3085 nequam
909 3027 964 3071 et
1012 3016 1310 3073 absurdam
1366 3018 1679 3089 opinionem
1731 3021 2064 3087 sufficiebat,

472 3114 765 3177 postquam
797 3109 967 3164 semel
1000 3121 1191 3165 contra
1230 3112 1505 3182 praecipua
1532 3112 1768 3183 Spiritus
1800 3116 1979 3170 sancti
2011 3124 2065 3170 et

474 3199 661 3254 divina
686 3214 851 3270 opera
885 3203 1006 3257 sine
1033 3204 1191 3258 omni
1219 3204 1486 3259 modestia
1521 3212 1576 3260 et
1607 3204 1816 3274 pudore
1861 3222 1921 3262 se
1950 3208 2064 3262 dis-

473 3300 798 3361 posuerant,
844 3294 913 3349 ad
944 3296 1281 3352 audendum.
1337 3296 1645 3363 Quocirca,
1694 3313 1796 3353 nec
1839 3298 2064 3368 injuria,

2171 2288 2249 2361 μὴ
2282 2287 2360 2359 τῷ
2406 2287 2543 2360 ξένῳ
2576 2290 2713 2361 πυρὶ
2742 2288 3277 2359 καταδαπανηθῶσιν
3335 2288 3385 2341 oi
3437 2287 3760 2359 ἀλάστορες.

2169 2380 2360 2446 Οῦτως
2382 2382 2535 2436 οὐδὲν
2552 2383 2737 2446 αὐτοῖς
2762 2382 2872 2437 τῶν
2890 2381 3186 2453 ὑπερφυῶν
3217 2382 3298 2444 είς
3330 2380 3638 2452 μεταϐολὴν
3662 2382 3766 2452 τῆς

2171 2470 2585 2546 μοχθηρᾶςκαὶ
2614 2473 2817 2527 ἀτόπου
2848 2474 3075 2544 γνώμης
3111 2472 3430 2543 ἐξήρκεσεν,
3457 2471 3604 2539 ἅπαξ
3624 2472 3763 2543 πρὸς

2166 2564 2237 2618 τὰ
2265 2564 2463 2635 πρῶτα
2515 2562 2624 2617 τῶν
2654 2562 3047 2635 πνευματικῶν
3076 2562 3172 2617 καὶ
3202 2562 3363 2615 θείων
3406 2561 3585 2632 ἔργων
3605 2563 3766 2617 ἀναι-

2171 2653 2427 2723 σχυντεῖν
2466 2651 2699 2715 ἐαυτούς
2747 2653 3195 2723 παρεσκευακόσι
3239 2651 3336 2704 καὶ
3385 2650 3766 2722 ἀποθρασύνε-

2169 2744 2318 2798 σθαι.
2354 2744 2593 2808 Δικαίως
2609 2744 2716 2815 ἄρα
2745 2743 2865 2797 λίαν
2882 2744 2977 2797 καὶ
3020 2742 3201 2813 σοφῶς
3230 2743 3568 2813 εἴρηται,ὄτι
3609 2763 3628 2795 ‹
3664 2745 3766 2804 Ὃς

2167 2835 2236 2889 ἂν
2263 2836 2394 2906 εἴπῃ
2431 2833 2591 2903 λόγον
2624 2833 2767 2889 κατὰ
2785 2832 2879 2887 τοῦ
2913 2832 3044 2887 Υίοῦ
3080 2833 3175 2886 τοῦ
3202 2832 3495 2903 ἀνθρώπου
3515 2873 3530 2897 ,
3561 2833 3766 2904 ἀφεθή-

2170 2944 2323 2981 σεται
2358 2925 2539 2997 αὐτῷ·
2567 2926 2626 2989 ὃς
2651 2926 2694 2978 δ’
2723 2926 2790 2979 ἂν
2827 2926 2957 2997 εἴπῃ
2987 2925 3128 2979 κατὰ
3156 2924 3249 2978 τοῦ
3286 2926 3629 2996 Πνεύματος,
3659 2925 3764 2977 οὐκ

2170 3019 2507 3091 ἀφεθήσεται
2534 3016 2710 3089 αὐτῷ,
2742 3015 2869 3071 οὐτε
2899 3018 2959 3071 ἐν
2989 3015 3069 3087 τῷ
3097 3015 3192 3069 νῦν
3219 3015 3397 3080 αἰῶνι,
3443 3015 3569 3069 οὕτε
3598 3018 3654 3069 ἐν
3682 3017 3766 3087 τῷ

2171 3113 2443 3183 μέλλοντι.
2484 3129 2503 3163 ι
2531 3111 2656 3175 Τοῖς
2693 3110 2791 3180 μὲν
2818 3109 2929 3180 γὰρ
2959 3108 3069 3162 ἀπὸ
3097 3108 3205 3162 τῶν
3251 3109 3348 3163 ἀνθ
3360 3108 3767 3180 ρωπικωτέρων

2167 3204 2265 3259 καὶ
2292 3202 2694 3272 ταπεινοτέρων
2731 3200 3207 3255 σκανδαλισθεῦιν
3265 3200 3361 3253 ἐπὶ
3399 3199 3478 3271 τῷ
3515 3199 3768 3272 Δεσπότῃ

2164 3294 2409 3368 Χριστῷ,
2444 3293 2603 3367 ῥᾳδία
2635 3294 2666 3365 ἡ
2710 3292 2799 3347 διὰ
2821 3291 2931 3346 τῶν
2969 3292 3234 3363 μειζόνων
3274 3293 3369 3346 καὶ
3409 3292 3761 3363 ὑψηλοτέρων

475 3382 770 3441 manifeste
814 3390 1251 3456 pronuntiatur:
1287 3408 1306 3442 ι
1346 3389 1453 3456 Qui
1494 3390 1725 3445 verbum
1770 3391 2065 3461 protulerit

2173 3385 2451 3459 μεταϐολὴ
2477 3384 2573 3438 καὶ
2606 3385 2640 3454 ὴ
2665 3383 2881 3452 ἄφεσις.
2909 3383 3035 3446 Τοῖς
3059 3382 3116 3436 δέ
3145 3382 3285 3453 πρὸς
3319 3385 3390 3436 τὰ
3417 3383 3767 3453 πνευματικά

470 3484 666 3531 contra
700 3476 902 3534 Filium
936 3481 1205 3547 hominis,
1237 3482 1551 3537 remittetur
1573 3482 1689 3542 illi:
1728 3494 1783 3538 at
1816 3483 1911 3551 qui
1935 3500 2067 3540 con-

2171 3478 2267 3532 καὶ
2306 3477 2566 3548 ὑπερφυῆ
2602 3474 2700 3528 καὶ⁹
2750 3473 2869 3527 θεῖα
2916 3473 3291 3543 ἀπονοηθείσι,
3328 3474 3690 3544 παγχάλεπος
3726 3475 3763 3547 ἢ

474 3574 561 3619 Ira
591 3565 856 3637 Spiritum
883 3581 1138 3626 sanctum
1171 3570 1463 3642 protulerit
1497 3587 1606 3625 non
1655 3573 1965 3627 remittetur
1990 3574 2063 3638 oi,

2171 3571 2267 3625 καὶ
2298 3568 2559 3630 ἀδύνατος
2577 3568 2610 3633 ἡ
2637 3564 2946 3636 διόρθωσις.
2985 3566 3087 3619 Διὰ
3105 3565 3264 3619 τοῦτο
3289 3566 3382 3619 καὶ
3401 3566 3630 3636 οὐδεμία
3648 3566 3764 3620 τῶν

476 3674 579 3715 nec
619 3661 673 3714 in
716 3661 823 3716 hoc
869 3663 1111 3729 saeculo,
1168 3678 1344 3735 neque
1393 3663 1449 3718 in
1484 3663 1670 3719 futuro
1703 3680 1761 3717 ι»
1786 3681 1913 3720 cum
1961 3664 2058 3735 qui

2176 3658 2684 3732 πλημμεληθέντων
2706 3659 3014 3729 ἀπαντήσει
3042 3659 3259 3726 ἀφεσις.

476 3757 706 3818 propter
745 3752 1019 3806 humanas
1085 3762 1139 3808 et
1189 3754 1517 3812 humilitatis
1576 3757 1865 3831 passiones
1934 3752 2454 3811 scandalizabantur
2525 3751 2580 3805 in
2624 3750 2859 3805 Domino
2902 3748 3162 3816 Chrisw,
3200 3749 3497 3821 proclivem
3533 3746 3771 3805 habean'»

473 3857 575 3913 per
603 3855 657 3899 et
684 3855 905 3916 propter
944 3848 1150 3918 majora
1186 3860 1241 3906 et
1271 3853 1596 3910 sublimiora
1662 3851 2022 3907 mutationem
2094 3859 2150 3907 et
2182 3848 2569 3906 remissionem
2603 3864 2617 3902 :
2655 3855 2712 3901 at
2738 3846 2833 3917 qui
2862 3846 2916 3901 in
2946 3846 3112 3902 rebus
3142 3846 3545 3917 spiritualibus,
3572 3861 3770 3917 super-

474 3936 823 3993 naturalibus
850 3945 904 3993 et
925 3938 1127 3994 divinis
1151 3941 1269 3997 sine
1293 3943 1510 4000 ratione
1542 3944 1847 4010 insaniunt,
1874 3941 1940 3997 ad
1956 3942 2181 3997 modum
2206 3938 2523 4005 difﬁculter,
2576 3946 2673 3994 aut
2742 3953 2852 3994 non
2919 3938 3168 4006 omnino,
3244 3940 3480 3995 redeunt
3550 3938 3622 3994 ad
3650 3954 3771 3995 me-

472 4033 674 4088 liorem
703 4032 942 4104 frngem.
979 4034 1215 4107 Ideoque
1249 4038 1671 4111 haudquaquam
1717 4046 2066 4111 peccatorum
2107 4037 2358 4109 obtinget
2384 4034 2747 4107 indulgentia.

476 4122 810 4193 QUIESTIO
823 4125 1033 4182 ccxrv
1052 4128 1504 4201 [CoisLlCCXLIL
1528 4133 1693 4188 Taur.
1713 4130 2070 4204 CCXXXIV].

2703 4126 3045 4180 ΕΡΩΤΗΣΙΣ
3094 4126 3234 4179 BLV.

752 4217 899 4269 Edita
924 4232 952 4268 a
983 4220 1289 4275 Montacutio
1327 4226 1429 4289 (ep.
1458 4226 1567 4289 129,
1600 4228 1660 4278 ad
1690 4228 1973 4292 ChristOph.
2008 4240 2056 4290 p.
2094 4224 2203 4286 170,
2235 4223 2438 4285 t7l).—-
2468 4223 2545 4275 De
2572 4222 2827 4285 praecepto
2859 4219 3063 4281 Christi,
3099 4218 3272 4269 Matth.
3307 4232 3373 4282 vr,
3407 4218 3485 4269 l7.

546 4304 686 4359 Cum
714 4314 883 4375 caput
908 4306 1173 4377 inungere
1198 4321 1252 4365 et
1278 4309 1475 4368 faciem
1506 4314 1712 4377 lavare,
1744 4314 1811 4371 de
1844 4322 2060 4369 vetusta
2087 4314 2141 4373 D

474 4398 717 4469 quadam
761 4399 1186 4467 consuetudine,
1224 4403 1294 4458 ab
1323 4404 1391 4458 iis
1415 4405 1508 4476 qui
1559 4406 1761 4477 gaudio
1792 4419 1849 4462 et
1875 4405 2067 4463 laetitia

472 4487 878 4555 adiciebantur,
932 4501 1258 4563 usurpetur,
1306 4510 1433 4566 qua:
1466 4498 1653 4566 gaudii
1700 4506 1756 4553 et
1811 4498 2062 4554 oblecta-

473 4583 647 4641 tionis
679 4584 938 4657 symbola
960 4586 1213 4657 quaedam
1245 4594 1441 4655 erant;
1466 4587 1736 4645 Dominus
1772 4588 2071 4659 dejejunio

473 4678 654 4750 legem
686 4686 1005 4750 rogaturus,
1035 4694 1202 4750 quam
1242 4694 1347 4736 nos
1378 4681 1630 4738 lubentes
1654 4682 1827 4738 voluit
1851 4690 1911 4739 et
1937 4696 2072 4752 gau-

476 4770 673 4828 dentes
706 4771 1027 4843 adimplero,
1063 4792 1081 4825 ι
1107 4773 1286 4844 Caput
1341 4783 1527 4841 tuum,
1565 4775 1663 4841 ait,
1710 4774 1988 4845 inungito,
2015 4781 2072 4830 et

473 4861 658 4921 Ξείναιο
689 4863 889 4919 faciem
917 4883 932 4920 :
962 4884 981 4918 ι
1021 4880 1129 4922 non
1150 4865 1298 4937 quod
1320 4867 1539 4922 volebat
1558 4867 1680 4922 oleo
1698 4876 1863 4937 caput
1882 4864 2074 4921 molle-

474 4954 679 5023 t'acere,
722 4967 818 5013 aut
853 4957 1048 5015 faciem
1082 4974 1227 5029 aqua
1272 4959 1585 5030 abstergere
1614 4975 1780 5028 ;cum
1806 4974 1906 5015 nec
1932 4959 2070 5030 ipse,

476 5048 576 5119 qui
610 5057 754 5106 totos
771 5051 1139 5123 quadraginta
1158 5051 1276 5107 dies
1303 5051 1615 5123 jejunabat,
1645 5052 1766 5108 istis
1786 5058 2069 5108 uteretur:

474 5157 580 5198 nec
617 5142 817 5200 intueri
848 5144 977 5201 licet
1006 5145 1446 5200 emolumentum
1490 5146 1712 5215 aliquod
1739 5146 1806 5201 iis
1856 5146 2075 5201 contin-

475 5249 626 5306 gere,
658 5237 752 5306 qui
780 5246 1033 5293 utuntur.
1083 5237 1358 5305 Quocirca
1383 5253 1486 5293 nec
1514 5238 1732 5309 inungi,
1775 5254 1879 5294 nec
1920 5238 2073 5294 ablui

476 5326 603 5384 istis
649 5330 953 5395 mandavit,
1002 5332 1096 5387 sed
1125 5345 1224 5401 per
1275 5331 1527 5403 symbola
1557 5331 1741 5402 gaudii
1771 5340 1826 5387 et
1871 5331 2075 5387 laetitiae

474 5419 653 5474 voluit
673 5430 726 5475 et
759 5422 1062 5489 mandavit,
1105 5432 1164 5478 ut
1192 5423 1457 5494 iejunium
1485 5440 1611 5479 cum
1638 5423 1845 5497 gaudio
1874 5432 1931 5480 et
1974 5439 2072 5479 vo-

2250 4309 2470 4381 Ἐπειδὴ
2504 4313 2566 4363 τὸ
2592 4306 2915 4377 ἀλείφεσθαι
2949 4305 3050 4376 τὴν
3081 4298 3348 4375 κεφαλὴν,
3378 4303 3556 4358 καὶτὸ
3587 4302 3766 4377 πρόσ-

2170 4419 2322 4473 ωπον
2359 4399 2649 4456 νίπτεσθαι
2690 4401 2805 4462 τοῖς
2843 4396 3301 4469 εὐφραινομένοις
3361 4397 3455 4451 καὶ
3492 4396 3767 4468 χαίρουσι,

2172 4496 2316 4551 κατά
2378 4513 2433 4551 τι
2484 4493 2718 4549 παλαιὸν
2773 4490 3133 4563 ἐπετηδεύετο
3191 4489 3334 4556 ἔθος,
3377 4490 3473 4544 καὶ
3524 4490 3772 4562 σύμϐολα

2172 4589 2349 4645 ταῦτα
2381 4588 2557 4660 χαρᾶς
2616 4583 2901 4655 ἐνομίζετο
2943 4583 3039 4637 καὶ
3076 4581 3459 4653 εὐφροσύνηςο
3488 4583 3517 4635 δ
3555 4582 3768 4636 Δεσπόο

2173 4700 2273 4754 της
2301 4681 2391 4736 τὸν
2416 4681 2546 4752 περὶ
2577 4678 2835 4751 νηστείας
2863 4676 3028 4748 νόμον
3074 4676 3347 4745 εἰσάγων,
3377 4675 3475 4729 καὶ
3506 4674 3774 4746 βουλόμε-

2174 4791 2265 4839 νος
2290 4774 2439 4846 ἡμᾶς
2472 4771 2613 4844 μετά
2634 4772 2807 4843 χαρᾶς
2837 4769 2933 4823 καὶ
2964 4767 3313 4840 εὐφροσύνης
3345 4766 3552 4839 ταύτην
3582 4768 3773 4821 ἐπιτε-

2173 4869 2325 4934 λεῖν,
2360 4886 2379 4920 ι
2427 4865 2680 4936 Ἀλειψαί
2737 4880 2853 4931 σου,
2918 4863 3075 4935 φησι,
3108 4861 3212 4934 τὴν
3260 4860 3529 4932 κεφαλὴν,
3560 4863 3658 4914 καὶ
3684 4860 3773 4914 νί-

2173 4959 2275 5029 ψαι
2301 4956 2363 5011 τὸ
2396 4956 2690 5029 πρόσωπον
2715 4968 2763 5004 ἰ
2801 4953 2862 5005 οὐ
2886 4950 3043 5005 τοῦτο
3073 4950 3271 5020 λέγων,
3300 4948 3469 5019 ἐλαίῳ
3492 4947 3771 5001 λιπαίνειν

2174 5051 2276 5121 τὴν
2304 5046 2569 5119 κεφαλὴν,
2610 5046 2644 5117 ἢ
2678 5044 2743 5099 τὸ
2778 5043 3073 5115 πρόσωπον
3103 5039 3398 5095 ἐκπλύνειν
3420 5038 3575 5093 ὕδατι
3595 5052 3609 5067 ⁶
3641 5037 3766 5092 οὐδὲ

2176 5142 2286 5214 γὰρ
2313 5140 2480 5204 αὐτὸς
2504 5138 2809 5211 νηστεύσας
2840 5136 2928 5206 ἐφ’
2945 5135 3075 5199 ὅλας
3114 5134 3330 5205 ἡμέρας
3350 5131 3773 5203 τεσσαράκοντα

2176 5235 2391 5297 τούτοις
2419 5232 2723 5305 ἐχρήσατο’
2754 5229 2879 5284 οὐδέ
2914 5246 2967 5283 τι
3008 5228 3201 5300 κέρδος
3247 5229 3314 5282 ἐκ
3348 5226 3577 5291 τούτων,
3612 5225 3774 5289 εἴτις

2177 5329 2361 5392 αὐτοῖς
2382 5327 2583 5399 χρῷτο,
2614 5326 2748 5398 όρᾷν
2781 5323 2897 5378 ἔστι
2931 5321 3340 5394 παρεπόμενον.
3366 5320 3482 5374 Οὐκ
3502 5314 3596 5373 οὖν
3625 5317 3774 5373 ἀλεί-

2178 5422 2377 5490 φεσθαι
2408 5419 2504 5474 καὶ
2535 5416 2823 5472 νίπτεσθαι
2844 5416 2996 5486 ἡμᾶς
3029 5413 3121 5467 διὰ
3153 5412 3361 5467 τούτων
3390 5410 3770 5481 ἐγκελεύεται,

482 5510 692 5582 luptate
746 5528 996 5586 agamus.
1038 5515 1120 5573 Ad
1170 5518 1319 5572 hunc
1353 5517 1581 5574 modum
1638 5518 1687 5574 si
1722 5533 1821 5573 nos
1844 5530 2070 5587 compo-

2180 5512 2296 5568 ἀλλ’
2325 5511 2422 5567 ἀπ’
2457 5510 2637 5565 αὐτῶν
2680 5508 2789 5563 τῶν
2842 5505 3131 5577 συμϐόλων
3179 5505 3279 5576 τῆς
3337 5504 3517 5577 χαρᾶς
3543 5503 3639 5557 καὶ
3669 5505 3773 5574 τῆς

483 5618 683 5662 namus
710 5615 766 5662 et
782 5623 1138 5677 exornemus,
1171 5626 1298 5668 cum
1321 5611 1461 5667 alios
1491 5611 1662 5667 latere
1690 5610 1932 5682 poterint
1950 5624 2070 5680 quae

2182 5605 2543 5679 εὐφροσύνης,
2578 5603 2793 5674 χαίρειν
2822 5601 2971 5673 ἡμᾶς
3013 5599 3110 5654 καὶ
3163 5597 3555 5670 εὐφραίνεσθαι
3598 5596 3659 5650 ἐν
3690 5596 3772 5665 τῷ

485 5697 754 5767 facimus,
790 5712 847 5759 et
879 5702 1077 5775 jejunii
1125 5713 1402 5763 certamen
1438 5704 1585 5761 haud
1616 5704 1885 5777 gravatim
1912 5701 2070 5759 subi-

2181 5696 2467 5767 νηστεύειν
2491 5692 2824 5768 νομοθετῶν,
2857 5692 3037 5749 ταῦτα
3058 5692 3283 5764 ἔφησεν.
3311 5688 3471 5746 Οὕτω
3504 5691 3611 5761 γὰρ
3651 5688 3776 5743 ἐαυ-

1792 5794 2028 5857 ΥΛΠΙιἘ
2069 5790 2475 5852 LECTIONES.

596 5897 625 5927 ⁸
646 5889 735 5947 τσ.
764 5892 1169 5961 ἀσύγγνωστον.
1238 5894 1285 5931 οδ
1325 5892 1541 5964 φθόνον.
