4136 6426
398 366 507 433 973

1211 372 1314 434 ΑΙ)
1343 372 1936 440 AMPHILOCHIUM
1990 379 2336 453 QUIES'I‘IO
2382 382 2625 459 CCXIV,
2658 383 2870 447 CCXV.

3581 392 3687 454 974

397 470 921 569 τούςδια[τε]θέντες
937 483 1034 537 καὶ
1045 483 1535 557 διακοσμήσαντες,
1554 488 1682 554 τούς
1694 507 1753 544 τε
1768 489 1985 556 ἄλλους,
2016 543 2020 555 ,

2091 493 2297 549 bimus.
2340 492 2478 549 Nam
2504 496 2598 550 ubi
2645 504 2872 566 paratus
2898 495 3111 554 accedit
3142 497 3269 568 quis
3300 510 3428 553 cum
3455 497 3685 569 gaudio,

400 571 460 624 ὲν
489 566 573 636 οἷς
602 574 945 645 πράττομεν,-
966 575 1154 630 λαθεῖν
1201 578 1571 651 δυνησόμεθα,
1627 582 1724 635 καὶ
1772 583 1991 648 ἑαυτοῖς

400 664 687 736 ἀνεπαχθῆ
713 666 807 719 τὸν
855 667 954 737 τῆς
978 670 1236 739 νηστείας
1289 671 1480 740 ἀγῶνα
1531 674 1987 745 ἀπεργασόμεθα.

403 757 575 811 Ἔνθα
601 758 713 830 γάρ
742 759 1027 831 προθυμία
1070 763 1168 816 καὶ
1226 765 1396 835 χαρά,
1431 767 1551 819 ἐκεῖ
1573 766 1779 836 κοῦφον
1806 769 1902 822 καὶ
1927 768 1990 823 τὸ

398 849 661 904 ἐπίπονον
680 866 696 881 ο
728 848 921 922 ὥσπερ
948 852 1079 907 ἔνθα
1103 854 1166 907 τὸ
1194 855 1443 927 ῥᾴθυμον
1460 857 1559 911 καὶ
1579 858 1641 911 τὸ
1668 859 1854 929 ἀηδὲς,
1872 862 1991 914 ἐκεῖ

399 942 502 996 καὶ
534 941 597 995 τὺ
656 943 857 1015 ῥᾷστον
883 944 1338 1016 δυσχερέστατον.
1375 948 1634 1018 Ἀλειψαι
1672 951 1853 1005 τοίνυν
1893 952 1989 1007 καὶ

398 1032 562 1097 αὐτὸς
611 1034 713 1105 τὴν
760 1034 1027 1107 κεφαλὴν,
1058 1039 1155 1093 καὶ
1186 1039 1249 1093 τὸ
1291 1040 1585 1111 πρόσωπον
1615 1042 1770 1111 νίψαι
1802 1059 1817 1072 ο
1846 1043 1989 1114 ὅπερ

401 1126 599 1196 μαθεῖν
654 1127 1025 1201 ὲπηρὼτησας
1062 1146 1076 1161 ·
1108 1131 1340 1204 φαιδρὸν
1394 1134 1623 1186 σεαυτὸν
1668 1134 1764 1188 καὶ
1804 1134 1987 1207 ἱλαρὸν

396 1219 508 1273 ἀπὸ
534 1220 632 1291 τῆς
656 1221 716 1277 ὲν
746 1224 813 1295 τῇ
847 1224 1048 1296 καρδίᾳ
1072 1225 1340 1297 εὐθυμίας
1369 1228 1466 1281 καὶ
1498 1227 1898 1295 ἀγαλλιάσεως,
1927 1230 1987 1283 ἐν

394 1310 474 1381 τῷ
502 1313 808 1383 νηστεύειν,
833 1317 1295 1387 παρασκευάζων,
1328 1319 1424 1373 καὶ
1455 1320 1621 1375 παντὶ
1668 1321 1858 1391 τρόπῳ
1885 1320 1987 1375 λαο

396 1405 511 1458 θεῖν
546 1406 885 1478 ἐπιτηδεύων
909 1412 1024 1474 τοῖς
1055 1410 1369 1483 ἀνθρώποις
1398 1410 1459 1465 τὺ
1490 1412 1827 1485 κατόρθωμα
1850 1455 1866 1480 ,
1898 1414 1986 1467 ἴνα

397 1496 802 1571 μισθαποδότην
833 1500 965 1573 ἔχῃς
996 1502 1089 1555 τὸν
1123 1502 1318 1575 ἔφορον
1369 1505 1478 1558 τῶν
1523 1505 1770 1576 κρυφίων
1828 1505 1986 1562 Θεόν.

396 1590 459 1643 Et
490 1590 545 1644 δὲ
579 1593 674 1646 καὶ
700 1595 999 1665 νηστεύων,
1041 1597 1212 1668 ἐλαίῳ
1260 1598 1516 1662 εὐποιίας
1547 1598 1608 1652 τὸ
1634 1601 1694 1653 ὲν
1717 1601 1784 1671 τῇ
1812 1616 1987 1668 κεφα-

394 1681 461 1754 λῇ
499 1684 741 1753 δαψιλῶς
788 1687 989 1752 πιάνας
1033 1690 1385 1761 ἡγεμονικὸν,
1418 1690 1630 1745 ἐκεῖθέν
1679 1708 1741 1745 τε
1795 1690 1989 1763 ῶσπερ

393 1778 505 1832 ἀπό
543 1794 692 1843 τινος
744 1780 929 1851 πηγῆς
954 1783 1170 1853 νοερᾶς,
1199 1783 1320 1837 ὅλον
1347 1783 1574 1840 σεαυτὸν
1604 1785 1700 1838 καὶ
1720 1783 1781 1839 τὸ
1812 1784 1985 1856 πρόσ-

392 1887 543 1925 ωπον
561 1869 837 1937 ἔκπλύνας
865 1873 1092 1947 φαιδρὸν
1114 1874 1410 1948 ἀπεργάσῃ
1432 1876 1527 1929 καὶ
1542 1875 1782 1947 καθαρὸν
1807 1875 1986 1947 (ἐλεη-

396 1963 659 2034 μοσύναις
681 1964 811 2037 γάρ,
838 1967 1027 2035 φησὶν,
1064 1967 1531 2039 ἀποκαθαίρονται
1555 1968 1872 2041 ἁμαρτίαι),
1902 1968 1983 2032 είς

391 2056 454 2108 τὸ
485 2055 906 2128 χρησιμώτατόν
937 2075 1020 2113 σοι
1058 2059 1257 2126 δείξεις
1288 2060 1401 2116 τῶν
1428 2060 1589 2116 θείων
1634 2059 1848 2130 Λογίων
1882 2056 1984 2131 τὴν

392 2148 693 2214 ἀνάπτυξιν
721 2150 1210 2222 προσεληλυθέναι.

927 2264 1270 2319 ΕΡΩΤΗΣΙΣ
1297 2264 1438 2319 ΣΙΕ’.

2094 584 2170 641 ibi
2202 586 2347 656 quod
2378 586 2716 642 laboriosum
2745 598 2854 657 est,
2897 590 3014 644 leve
3046 589 3138 645 fiet
3165 608 3179 656 ;
3224 604 3256 646 e
3284 599 3502 656 contra,
3531 594 3683 663 quod

2090 678 2254 735 facile
2297 678 2378 740 ﬁt,
2413 678 2794 737 dilIlcillimum
2840 681 3088 738 redditur
3115 683 3209 737 ubi
3262 682 3558 739 intervenit
3586 702 3683 740 so-

2091 772 2301 838 cordia,
2328 771 2623 829 etadversa
2650 774 2923 830 voluntas.
2946 775 3151 846 lnnnge
3203 784 3257 829 tu
3316 790 3451 847 ergo
3493 784 3680 844 caput,

2090 874 2145 921 et
2191 864 2386 919 faciem
2418 865 2539 920 lava
2574 883 2590 933 ;
2633 866 2687 921 id
2746 868 2894 937 quod
2944 868 3204 937 cupiebas
3253 866 3389 937 quid
3419 877 3567 923 esset
3592 867 3685 921 in-

2092 958 2359 1028 telligere,
2427 957 2534 1012 hoc
2566 967 2685 1014 est:
2728 958 2807 1015 Te
2845 973 3045 1015 sereno
3078 966 3131 1014 et
3163 958 3328 1013 hilari
3356 958 3509 1014 vultu
3544 974 3683 1028 prae-

2089 1049 2265 1104 ditum
2290 1049 2510 1115 exhibe,
2567 1060 2786 1120 propter
2815 1050 3070 1122 gaudium
3100 1051 3267 1105 animi
3310 1051 3386 1105 ttti
3416 1060 3471 1105 et
3496 1049 3682 1103 exsul-

2090 1143 2354 1198 tationem
2386 1144 2682 1213 repositam
2709 1144 2764 1198 in
2815 1144 3162 1215 jejunando;
3218 1142 3433 1197 enitere
3492 1150 3675 1196 autem

2088 1244 2382 1305 ctoperam
2400 1236 2467 1290 da
2498 1237 2872 1291 omnimodam
2893 1246 2955 1292 ut
2987 1237 3089 1291 hoc
3113 1234 3437 1306 przeclarum
3461 1234 3680 1291 facinus

2088 1331 2317 1396 celetur,
2356 1332 2528 1387 utsic
2567 1331 2738 1387 Deum
2780 1332 2875 1401 qui
2915 1340 3127 1388 secreta
3180 1330 3368 1385 omnia
3402 1329 3675 1393 intuetur,

2088 1421 2298 1477 habeas
2325 1423 2743 1478 retributorem.
2776 1422 2935 1489 Quod
2974 1423 3019 1478 si
3054 1437 3221 1492 porro
3273 1436 3401 1475 cum
3425 1419 3670 1489 jejunas,

2088 1514 2212 1569 oleo
2250 1514 2624 1570 beneﬁcentiae
2645 1524 2813 1585 caput
2842 1513 3051 1568 alittim
3098 1512 3314 1581 irrigas,
3352 1510 3476 1565 etin
3499 1508 3682 1578 capite

2087 1615 2299 1678 partem
2331 1608 2697 1678 principatum
2727 1608 3093 1671 obtinentem,
3136 1606 3210 1660 ita
3246 1612 3307 1659 ut
3371 1601 3504 1659 inde
3556 1610 3682 1656 tan-

2087 1715 2253 1770 quam
2276 1700 2345 1756 de
2375 1700 2526 1757 fonte
2579 1700 2959 1763 intellectuali,
3017 1708 3070 1753 te
3098 1707 3303 1761 totum,
3335 1710 3438 1751 nec
3491 1694 3674 1750 solum

2088 1790 2283 1847 faciem
2312 1793 2523 1858 abluas,
2544 1802 2599 1847 et
2623 1792 2856 1847 mundes
2888 1792 3037 1861 (nam
3056 1789 3342 1855 emundat,
3373 1795 3434 1842 ut
3452 1786 3679 1853 dicitur,

2091 1883 2442 1957 eleemosyna
2478 1886 2811 1955 peccatum),
2877 1884 3058 1955 palam
3132 1880 3302 1937 facies
3358 1878 3678 1935 divinorum

2089 1976 2444 2032 oraculorum
2521 1977 2948 2048 explicationem
3021 1974 3120 2031 tibi
3206 1974 3493 2032 exstitisse
3561 1971 3679 2028 fru-

2086 2075 2369 2125 ctuosam.

2090 2259 2417 2328 QUESTIO
2432 2263 2612 2321 CCXV
2629 2262 2819 2337 [CoisL
2845 2263 3127 2333 CCXXIV,
3149 2264 3314 2320 Taur.
3335 2260 3672 2335 CCXXXV].

767 2374 912 2428 Edita
939 2390 968 2426 a
999 2376 1300 2427 Montacutio
1333 2376 1439 2439 (ep.
1478 2376 1585 2437 152,
1615 2375 1675 2426 ad
1706 2375 1875 2426 Taras.
1910 2384 1960 2434 p.
1996 2368 2247 2435 171-175).
2268 2399 2330 2411 —-
2360 2373 2533 2424 Matth.
2567 2387 2654 2436 xu,
2683 2372 2773 2434 48;
2810 2373 2956 2424 Marc.
2991 2387 3062 2431 ιιι,
3082 2374 3143 2422 55
3177 2371 3303 2434 (85).

462 2460 646 2533 Ὅπερ
687 2459 896 2532 ἔφησεν
934 2463 993 2514 ὲν
1017 2463 1130 2525 τοῖς
1150 2460 1507 2529 Εὐαγγελίοις
1534 2462 1563 2514 ὁ
1589 2460 1802 2531 Σωτὴρ,
1827 2477 1845 2511 ι
1885 2456 1985 2519 Τίς

390 2555 543 2610 ἐστιν
591 2555 625 2626 ή
690 2554 877 2625 μήτηρ
932 2569 1062 2623 μου,
1093 2552 1189 2607 καὶ
1255 2552 1401 2617 τίνες
1459 2553 1601 2606 είσὶν
1647 2554 1697 2605 οἱ
1757 2551 1981 2620 ἀδελφοί

392 2662 537 2717 μου;
578 2664 598 2698 ι
636 2646 736 2717 οὐχ
758 2645 835 2711 ὡς
868 2645 936 2701 ἄν
971 2664 1059 2710 τις
1084 2646 1339 2719 ἀφρόνως
1390 2645 1625 2718 οἰηθείη,
1654 2644 1982 2715 ἐπαισχυνό-

391 2754 552 2808 μενος
579 2736 779 2801 ὠδῖνας
802 2736 901 2800 τάς
934 2736 1230 2809 μητρικάς,
1255 2735 1411 2808 ήτὴν
1449 2736 1667 2807 μητέρα
1698 2733 1980 2788 ἐκϐάλλων

387 2826 485 2881 τοῦ
542 2826 814 2900 μητρικοῦ
874 2826 1068 2891 κλέους
1096 2838 1124 2878 P
1155 2827 1247 2883 καὶ
1301 2828 1412 2880 τῶν
1442 2826 1779 2900 προνομίων,
1819 2824 1980 2879 τοῦτό

388 2936 550 2991 φησι.
598 2919 724 2985 Πῶς
763 2920 895 2990 γὰρ,
932 2920 961 2973 ὅ
993 2936 1060 2989 γε
1090 2919 1187 2973 καὶ
1230 2918 1339 2989 πρὸ
1384 2918 1578 2990 καιροῦ
1620 2917 1729 2971 τῶν
1765 2916 1981 2988 θαυμά-

386 3030 521 3075 των,
554 3011 642 3067 διά
663 3014 763 3081 τὴν
790 3012 928 3080 πρὸς
972 3011 1145 3083 αὐτήν
1188 3010 1346 3077 αίδὼ,
1378 3013 1459 3074 εἰς
1488 3006 1632 3064 οἶνον
1688 3027 1979 3079 μεταστοι-

388 3104 626 3175 χειώσας
679 3104 739 3158 τὸ
788 3103 955 3175 ὕδωρ,
987 3104 1084 3157 καὶ
1126 3104 1250 3157 κατ’
1284 3102 1449 3156 αὐτὸν
1496 3102 1592 3157 τοῦ
1647 3103 1854 3166 πάθους
1887 3102 1980 3155 τὸν

2153 2455 2311 2522 Quod
2364 2459 2417 2513 in
2466 2458 2766 2530 Evangelio
2826 2458 2968 2513 dixit
3027 2456 3307 2520 Servatur,
3348 2477 3367 2509 ι
3406 2457 3540 2525 Qum
3587 2466 3677 2513 est

2081 2558 2258 2604 mater
2288 2566 2429 2617 mea,
2473 2561 2527 2607 et
2566 2553 2795 2622 quinam
2826 2551 3180 2607 suntfratres
3228 2551 3410 2606 mei?»
3462 2566 3571 2606 non
3596 2551 3673 2607 ita

2079 2642 2329 2713 protulit,
2375 2652 2434 2697 ut
2472 2642 2795 2713 imprudens
2854 2641 2998 2697 forte
3031 2643 3233 2713 aliquis
3280 2642 3541 2696 arbitrari
3573 2659 3675 2715 po-

2081 2736 2228 2799 terit,
2256 2735 2419 2806 quasi
2444 2737 2678 2790 materni
2698 2745 2891 2805 partus
2913 2735 3133 2791 dolores
3160 2735 3629 2790 verecundaretur
3657 2754 3673 2792 :

2083 2835 2177 2881 aut
2202 2842 2269 2881 eo
2297 2826 2423 2883 .ﬁne
2455 2835 2516 2881 ut
2561 2838 2794 2882 matrem
2853 2835 3106 2881 materno
3146 2826 3359 2882 honore
3410 2827 3675 2897 privaret.

2085 2918 2187 2986 Qui
2233 2918 2380 2973 enim
2418 2917 2552 2974 illud
2616 2918 2952 2983 admitteret,
2998 2921 3066 2983 is,
3122 2918 3218 2988 qui
3271 2927 3399 2973 ante
3459 2928 3677 2989 tempus

2083 3010 2346 3080 operandi
2379 3010 2670 3077 miracula,
2708 3011 2780 3065 ob
2814 3026 2935 3065 eam
2965 3027 3131 3080 quam
3159 3026 3289 3080 erga
3325 3010 3475 3065 illam
3516 3025 3676 3066 reve-

2084 3104 2318 3157 rentiam
2372 3101 2633 3168 habebat,
2670 3116 2871 3173 aquam
2931 3103 2987 3157 in
3029 3103 3220 3157 vinum
3269 3103 3675 3158 commutavit:

390 3195 607 3265 καιρὸν,
630 3195 719 3249 ὅτε
768 3194 1077 3266 τραύμασι,
1103 3194 1200 3248 καὶ
1234 3194 1431 3268 λόγχῃ,
1460 3195 1555 3248 καὶ
1605 3194 1850 3264 σταυρῷ,
1883 3194 1980 3247 καὶ

2087 3200 2137 3247 et
2160 3192 2253 3262 qui
2293 3191 2397 3247 sub
2423 3192 2545 3262 ipso
2577 3193 2857 3262 passionis
2881 3202 3127 3263 tempore
3156 3208 3284 3248 cum
3313 3195 3670 3259 vulneribus,

387 3285 542 3355 ἥλοις
595 3284 967 3351 κατετείνετο,
1003 3285 1268 3355 πλείστην
1320 3285 1454 3355 ὅσην
1488 3286 1619 3355 περὶ
1668 3283 1841 3352 αὐτῆς
1882 3283 2020 3355 τὴν(

2087 3282 2299 3349 lancea,
2330 3297 2516 3348 cruce,
2562 3284 2735 3340 clavis
2787 3284 3211 3348 extendebatur,
3266 3294 3449 3340 tamen
3502 3286 3673 3341 etiam

388 3374 649 3446 φροντίδα
700 3374 1145 3446 ἐπιδεδειγμένος
1170 3391 1184 3405 ·
1214 3375 1311 3429 καὶ
1368 3374 1477 3446 πρό
1526 3391 1593 3444 γε
1637 3377 1850 3428 τούτων
1876 3374 1979 3429 οὐκ

2087 3379 2204 3426 tum
2256 3387 2535 3427 summam
2584 3388 2645 3429 se
2686 3372 2837 3429 illius
2888 3389 3079 3428 curam
3133 3388 3327 3443 gerere
3366 3374 3671 3444 patefecit:

387 3468 528 3538 αὐτῇ
564 3465 725 3538 μόνον
756 3468 824 3537 τῇ
875 3466 1268 3538 γεννησαμένη
1300 3465 1541 3537 ἀληθῶς,
1562 3465 1701 3520 άλλά
1754 3467 1850 3519 καὶ
1901 3465 1980 3537 τῷ

2087 3464 2289 3535 quique
2333 3472 2461 3520 ante
2505 3465 2627 3520 haec
2681 3466 2892 3532 omnia,
2949 3464 3373 3535 subjiciebatur,
3427 3482 3535 3521 non
3592 3464 3672 3521 illi

386 3559 701 3631 νομισθέντι
745 3559 1186 3631 ὑποτασσόμενος
1227 3558 1397 3630 πατρί
1421 3577 1436 3627 ;
1484 3577 1505 3612 ι
1537 3555 1648 3613 Ἦν
1683 3558 1814 3630 γάρ,
1870 3575 1978 3629 φη-

2087 3557 2468 3614 tantummodo
2484 3574 2609 3629 quae
2634 3559 2816 3630 ipsum
2856 3575 2985 3616 vere
3009 3570 3298 3631 genuerat,
3335 3560 3505 3616 sedet
3531 3560 3675 3631 patri

389 3652 497 3714 σὶν,
526 3651 969 3722 ὑποτασσόμενος
998 3652 1187 3716 αὐτοῖς
1212 3669 1228 3720 ;
1259 3670 1277 3704 ι
1319 3651 1483 3705 Ἀλλά
1508 3650 1560 3704 τί
1582 3650 1759 3704 ταῦτα
1783 3649 1930 3720 λέγω
1964 3666 1981 3718 ;

2087 3663 2304 3720 quoque
2336 3650 2617 3720 putativo:
2641 3650 2778 3706 Nam
2812 3670 2831 3704 ι
2858 3662 2997 3717 erat,
3027 3653 3105 3707 ait
3137 3652 3449 3722 Scriptura,
3484 3652 3677 3707 subdi-

403 3746 463 3798 '0
507 3746 723 3817 μήτραν
758 3745 982 3817 οίκῆσαι
1018 3746 1095 3816 μὴ
1143 3744 1553 3815 ὲπαισχυνθεὶς,
1593 3746 1688 3799 καὶ
1715 3743 1779 3797 τὸ
1814 3744 1979 3817 ἔργον

2087 3751 2172 3798 tus
2201 3742 2346 3799 illis?
2374 3760 2394 3794 ›
2456 3740 2600 3810 Quid
2637 3750 2821 3798 autem
2864 3745 2981 3800 haec
3021 3745 3243 3816 allego?
3291 3744 3397 3813 Qui
3448 3755 3671 3801 uterum

389 3836 533 3891 ἑκὼν
571 3835 844 3903 ὑπελθὼν,
876 3836 996 3901 πῶς
1048 3836 1115 3891 ἂν
1166 3836 1282 3906 ἔχοι
1318 3836 1478 3906 λόγον
1507 3837 1609 3909 τὴν
1655 3838 1853 3908 κλῆσιν
1897 3838 1985 3890 atl-

2087 3838 2327 3894 incolere
2355 3853 2465 3893 non
2504 3838 2745 3905 erubuit,
2778 3838 2875 3909 qui
2904 3853 3044 3912 opus
3061 3849 3115 3895 et
3139 3855 3254 3895 rem
3283 3840 3457 3911 ipsam
3480 3851 3676 3912 sponte

392 3928 717 3998 σχύνεσθαι;
750 3928 847 3981 καὶ
873 3930 903 3981 ό
926 3929 1093 3999 τιμᾷν
1123 3929 1331 3997 γονεῖς,
1356 3928 1497 3997 μετά
1524 3944 1589 3996 γε
1614 3928 1675 3981 τὸ
1699 3928 1858 3981 Θείον
1885 3926 1980 3980 εὐ-

2087 3930 2307 3995 subivit,
2334 3930 2615 4001 quomodo
2640 3945 2899 3986 sermone
2943 3932 3385 3988 nominationem
3443 3947 3675 3989 aversa-

392 4021 511 4086 θὺς,
539 4021 875 4092 νομοθετῶν,
903 4020 1022 4085 πῶς
1052 4019 1118 4075 ἂν
1151 4019 1316 4082 αὐτὸς
1342 4019 1645 4083 ὑπεύθυνος
1664 4019 1858 4089 ὀφθείη
1883 4036 1983 4091 μη-

2087 4030 2237 4076 retur
2264 4020 2288 4073 ἲ
2317 4021 2413 4091 qui
2456 4030 2716 4091 parentes
2750 4030 2876 4092 post
2908 4021 3082 4079 Deum
3111 4023 3365 4089 sancivit,
3394 4026 3676 4094 quomodo

390 4115 586 4187 τρικῆς
612 4114 1112 4187 καταφρονήσεωςς
1145 4113 1261 4167 Οὐκ
1303 4112 1420 4167 ἔστι
1460 4112 1664 4176 τοίνυν,
1703 4114 1806 4167 οὐκ
1832 4112 1981 4167 ἐστιν

2087 4127 2210 4166 reus
2242 4111 2338 4168 ille
2394 4112 2565 4167 fuerit
2626 4122 2894 4169 materne
2966 4113 3205 4183 alicujus
3253 4114 3677 4171 vililicationis?

391 4208 588 4271 εἰπεῖν,
619 4208 702 4260 ὅτι
725 4206 828 4278 τὴν
866 4206 1088 4276 μητέρα
1110 4206 1170 4258 ὲν
1195 4203 1429 4279 αἰσχύνῃ
1451 4202 1774 4274 ποιούμενος
1803 4204 1832 4258 ὁ
1862 4220 1977 4257 κοι-

2087 4201 2202 4257 Νοιι
2233 4210 2317 4257 est
2349 4218 2485 4274 ergo
2536 4203 2866 4269 dicendum,
2927 4204 3158 4259 omnino
3192 4218 3306 4259 non
3352 4214 3458 4272 est,
3520 4208 3675 4279 quod

390 4300 480 4363 νὸς
523 4299 778 4369 Πλάστης
819 4298 977 4370 ἡμῶν
1005 4298 1041 4369 ἢ
1093 4295 1406 4368 ὑπερορῶν,
1434 4297 1497 4351 τὸ
1542 4315 1561 4349 ι
1596 4297 1694 4361 Τίς
1752 4297 1902 4349 ἐστιν
1941 4296 1977 4368 ή

2087 4304 2316 4353 matrem
2351 4311 2653 4367 agnoscere
2681 4297 3034 4354 erubesceret
3082 4297 3180 4368 qui
3223 4299 3538 4356 communis
3570 4314 3675 4356 no-

393 4394 578 4464 μήτηρ
622 4408 767 4463 μου;
813 4389 912 4444 καὶ
961 4390 1110 4454 τίνες
1180 4390 1321 4444 εἰσιν
1373 4390 1443 4447 oi:
1482 4389 1707 4458 ἀδελφοί
1766 4404 1913 4457 μου;
1950 4406 1977 4441 r

2087 4399 2258 4446 strum
2295 4390 2545 4445 omnium
2580 4389 2870 4459 Conditor,
2915 4400 3011 4446 aut
3040 4391 3381 4462 contemptui
3421 4393 3671 4459 haberet,

389 4486 595 4555 ἔφησεν
626 4499 642 4515 ο
679 4482 815 4538 ἀλλά
841 4482 931 4536 διά
963 4481 1075 4536 τῶν
1114 4482 1377 4553 ῥημάτων
1400 4480 1607 4536 τούτων
1642 4480 1809 4552 ἕτερά
1852 4497 1977 4535 τινα

2087 4500 2208 4540 cum
2261 4483 2424 4550 dixit,
2479 4500 2498 4534 ι
2530 4482 2665 4550 Quae
2708 4494 2795 4540 est
2843 4493 3021 4538 mater
3059 4485 3229 4540 mea?
3264 4484 3492 4555 quinam
3544 4493 3675 4541 sunt

388 4578 811 4648 διοικονομεῖται
869 4575 1092 4644 μείζονα
1121 4591 1137 4608 ν
1182 4576 1278 4629 καὶ
1330 4574 1441 4647 γάρ
1471 4575 1501 4628 ὁ
1542 4574 1641 4645 τὴν
1697 4572 1976 4645 σωτηρίαν
2001 4629 2020 4648 1

2087 4577 2281 4632 fratres
2308 4576 2457 4632 mei?
2487 4594 2506 4627 ι
2540 4575 2778 4630 Omnino
2809 4590 2905 4645 per
2918 4574 3036 4630 hate
3056 4575 3222 4630 verba
3244 4574 3391 4631 aliud
3408 4575 3672 4646 quiddam

388 4672 488 4741 τῆς
520 4670 721 4743 ψυχῆς,
748 4670 858 4723 τῶν
885 4669 1062 4725 ἄλλων
1089 4668 1348 4723 ἁπάντων
1383 4667 1658 4740 πολλαχοῦ
1701 4667 1974 4722 διδάσκων
2001 4667 2020 4691 ³

2087 4668 2324 4724 eximius
2385 4668 2793 4738 dispensatur;
2827 4667 2921 4737 qui
2966 4682 3077 4722 non
3133 4682 3247 4722 una
3286 4667 3405 4723 vice
3454 4667 3668 4735 docuit,

389 4764 732 4835 προτιθέναι,
765 4763 863 4817 καὶ
910 4763 1049 4834 μήτε
1100 4762 1334 4833 πατέρα,
1367 4762 1505 4834 μήτε
1552 4760 1787 4832 μητέρα,
1839 4760 1980 4831 μήτε

2087 4762 2280 4816 anima:
2303 4759 2536 4815 salutem
2559 4760 2723 4814 rebus
2749 4757 2878 4814 aliis
2905 4758 3167 4813 omnibus
3192 4757 3664 4828 anteponendam,

387 4857 579 4919 τέκνα,
606 4857 748 4928 μήτε
793 4854 1059 4924 ἀδελφοὺς
1105 4854 1277 4926 αὐτῆς
1316 4854 1631 4925 προτιμᾷν,
1664 4851 1799 4905 ἀλλά
1841 4850 1979 4923 μηδὲ

2087 4857 2156 4909 ita
2198 4864 2258 4908 ut
2288 4868 2393 4909 nec
2439 4861 2675 4924 patrem,
2737 4860 2994 4917 matrem,
3047 4850 3280 4919 liberos,
3309 4849 3535 4917 fratres,
3586 4849 3668 4906 illi

389 4946 555 5001 αὐτὸν
585 4945 883 5017 σύμπαντα
912 4944 1007 4997 τὸν
1029 4944 1255 5014 κόσμον,
1287 4942 1383 4998 νῦν
1412 4943 1500 4996 διά
1530 4943 1641 4997 τῶν
1670 4942 1848 5013 ἔργων
1885 4942 1978 4995 αὐ-

2087 4950 2459 5019 ριιιιιίοτειῐιιιο,
2505 4946 2619 5003 imo
2651 4960 2721 5002 ne
2758 4945 3029 5001 mundum
3053 4954 3204 5001 certe
3243 4946 3589 5011 universum,
3618 4944 3668 5001 is

390 5037 499 5092 τῶν
527 5037 660 5091 αὐτὸ
700 5036 859 5091 τοῦτο
885 5034 1203 5107 περιφανῶς
1245 5034 1633 5091 ἐπιδείκνυσιν.
1675 5034 1832 5089 Ἐπεὶ
1864 5034 1974 5105 γὰρ

2087 5044 2131 5098 in
2163 5041 2423 5112 praesenti
2456 5040 2563 5095 hoc
2609 5039 2753 5095 idem
2801 5053 2966 5110 opere
2994 5037 3319 5094 declaravit.
3355 5035 3496 5092 Nam
3538 5052 3667 5092 cunt

388 5128 731 5194 διδάσκοντος
790 5129 956 5184 αὐτοῦ
985 5130 1113 5192 τοὺς
1158 5126 1371 5199 ὄχλους,
1396 5128 1493 5181 καὶ
1538 5127 1630 5180 τὸν
1660 5128 1760 5198 τῆς
1794 5144 1973 5197 σωτη-

2087 5130 2485 5186 multitudinem
2504 5129 2876 5200 promiscuam
2903 5128 3150 5196 doceret,
3170 5138 3226 5184 et
3253 5128 3451 5185 salutis
3476 5142 3668 5185 semen

391 5219 512 5291 ρίας
563 5220 722 5288 λόγον
751 5222 873 5284 ταῖς
916 5219 1143 5275 ἐκείνων
1185 5220 1386 5289 ψυχαῖς
1414 5216 1972 5288 ὲγκατασπείροντος,

2087 5224 2337 5280 cordibus
2387 5223 2637 5290 ipsorum
2696 5220 3082 5286 inseminaret,
3130 5220 3361 5276 aderant
3392 5230 3567 5275 mater
3612 5228 3670 5275 et

387 5312 698 5383 ἐπέστησαν
730 5312 764 5382 ή
802 5313 984 5383 μήτηρ
1012 5311 1109 5365 καὶ
1138 5311 1189 5364 oi
1212 5310 1432 5380 ἀδελφοὶ
1456 5310 1595 5380 πρὸς
1624 5309 1854 5392 ἑαυτοὺς
1883 5309 1975 5363 τὸν

2087 5317 2282 5373 fratres
2312 5316 2511 5387 ipsius,
2533 5314 2629 5385 qui
2662 5328 3015 5370 communem
3058 5313 3307 5369 omnium
3346 5311 3667 5370 benefacto-

387 5402 689 5476 εὐεργέτην
745 5405 841 5458 καὶ
886 5404 1064 5459 κοινὸν
1094 5404 1325 5476 Σωτῆρα
1359 5401 1856 5475 μετακαλούμενοι,
1894 5403 1975 5456 εί-

2087 5421 2193 5461 rem
2239 5412 2294 5460 et
2335 5405 2690 5461 Servatorem
2731 5404 2799 5461 ad
2832 5418 2893 5461 se
2930 5403 3233 5473 vocabant;
3289 5405 3377 5461 cui
3416 5402 3666 5461 citationi

1700 5518 1939 5578 VARIIE
1974 5518 2379 5577 LEC'l‘lONES.

458 5620 489 5664 ι’
528 5610 755 5685 κλήρου.

1908 5714 2145 5782 NOTAE.

460 5803 575 5873 (ὃὸ)
608 5801 867 5874 Ejusdem
901 5806 1210 5879 argumenti
1248 5818 1332 5863 est
1363 5824 1419 5879 q.
1452 5807 1616 5864 XLV.
