2068 3219
231 174 284 205 975

232 238 287 257 non
314 228 446 258 obedivit.
469 235 519 255 nec
547 227 660 263 injuria,
686 235 776 263 neque
804 228 878 256 enim
908 229 1062 261 docendiA

229 277 402 305 functionem
425 274 558 308 deseruit,
572 282 627 302 non
642 274 898 310 comperendinavit
920 275 1027 303 audito-

231 331 293 351 rum
306 323 435 354 salutem,
447 325 494 349 aut
506 325 658 349 maternam
675 321 796 356 praetulit
811 321 1004 349 salutationem
1018 330 1026 355 ;

231 370 268 396 ita
282 369 372 404 reipsa
383 368 480 396 docuit
504 368 577 403 quod
589 375 649 395 cum
664 367 728 402 quis
740 367 857 395 salutem
873 368 1026 395 animarum

229 416 305 443 velut
316 423 412 451 agrum
435 414 583 443 colendum
598 415 725 450 suscipit,
766 414 795 442 id
811 414 960 450 agricolam
976 415 1028 441 im-

229 461 328 497 primis
343 461 490 489 sollicitum
503 460 606 491 habere
619 460 728 493 debeat,
741 465 773 488 ut
787 467 840 488 nec
853 460 932 495 juxta
954 460 1026 487 viam

232 508 336 539 tritam,
354 513 445 542 neque
460 506 532 534 inter
558 507 664 541 spinas,
679 514 769 542 neque
794 506 821 533 in
842 511 920 540 petra
934 513 1026 533 semen

233 558 345 589 spargat
358 562 365 580 :
389 553 486 581 eodem
502 553 586 580 modo
598 557 625 581 et
640 553 794 589 spiritualis
810 552 933 588 agricola
946 559 976 579 se
989 556 1028 579 to-

232 604 290 626 tum
305 599 391 627 labori
404 603 432 626 et
454 598 804 633 agriculturaeimpendere
831 601 954 629 tenetur,
973 604 1024 625 nec

232 645 262 672 in
279 644 347 672 alias
366 652 449 672 curas
468 648 495 671 et
516 643 698 679 cogitationes
719 650 749 670 se
759 641 899 669 dividere:
919 649 952 669 ne
964 641 1027 676 qui-

232 692 296 719 dem
325 691 350 718 si
365 695 453 718 mater
475 694 524 717 aut
548 690 765 725 propinquorum
793 688 894 723 aliquis
912 688 958 721 sit,
977 688 1026 722 qui

233 737 298 765 inde
312 736 401 772 ipsum
413 743 529 764 avocare
541 740 590 763 aut
601 735 739 763 abducere
753 735 831 762 velit.
850 733 906 762 Nec
926 739 969 762 est
982 734 1028 762 hic

233 785 376 809 maternus
389 781 488 815 aliquis
502 783 688 814 contemptus,
713 779 762 807 sed
788 786 897 806 summa
914 778 1027 814 provida

234 835 302 856 cura
311 831 339 855 et
353 826 511 855 sollicitudo
527 826 561 854 de
576 826 665 854 salute
680 826 878 853 salvandorum
893 834 899 852 :
915 825 963 853 sed
978 833 1029 853 nec

235 878 343 909 tempus
361 872 484 900 docendo
499 872 669 907 assignatum
684 871 711 898 in
732 871 898 906 obsequium
913 870 1028 906 propin-

235 926 354 954 quorum
367 918 486 953 impendi
507 917 598 945 debet.
613 917 708 951 Itaque
723 917 875 952 discipulos
895 916 947 944 sibi
962 924 1028 944 ma-
1041 919 1065 949 B

235 966 277 1000 gis
298 965 461 1000 conjunctos
479 964 604 999 cupiens,
620 963 747 990 Salvator
760 963 808 994 ait,
825 972 835 988 ι
850 962 921 990 Ecce
940 967 1029 990 mater

237 1017 309 1042 mea,
325 1014 352 1037 et
362 1009 462 1037 fratres
482 1009 546 1040 mei,
558 1018 567 1034 ι
587 1009 615 1036 id
631 1014 683 1041 est,
702 1008 746 1036 isti
762 1007 851 1036 Patris
863 1008 917 1035 mei
929 1008 1030 1035 doctri-

236 1063 301 1083 nam
330 1059 361 1083 ut
376 1062 470 1083 semen
485 1055 513 1082 in
532 1055 623 1082 sinum
647 1054 804 1081 animarum
836 1053 1028 1088 suscipientes,

236 1103 297 1130 loco
318 1102 415 1130 matris
444 1109 512 1129 mea;
534 1106 560 1129 et
582 1100 699 1128 fratrum
722 1108 844 1128 meorum
864 1101 931 1127 mihi
949 1107 1030 1135 repu-

236 1151 342 1175 tantur.
359 1147 399 1174 Ita
420 1151 495 1182 patet
519 1153 697 1182 nequaquam
715 1146 769 1173 hoc
788 1146 901 1178 dictum,
917 1151 946 1173 ut
971 1154 1030 1173 ma-

237 1199 308 1223 trem
323 1194 402 1222 vilem
417 1194 532 1221 haberet
545 1202 552 1227 ;
567 1200 658 1228 neque
674 1192 747 1220 enim
763 1192 830 1220 tales
844 1193 940 1228 quales
951 1197 1031 1220 erant

236 1241 375 1276 discipuli,
410 1241 436 1267 in
464 1245 567 1268 sortem
594 1244 749 1267 maternam
787 1239 950 1267 extulisset:
983 1240 1031 1267 sed

236 1287 325 1314 multo
338 1286 426 1322 magis
448 1291 478 1313 ut
489 1293 549 1313 eam
564 1286 744 1313 veneratione
757 1290 785 1313 et
806 1286 910 1313 honore
934 1293 1031 1320 prose-

237 1337 381 1368 queretur.
402 1332 447 1360 Ait
459 1332 543 1365 enim,
555 1332 665 1367 qualem
676 1331 786 1360 demum
802 1340 910 1367 cunque
922 1331 1030 1359 lilialem

238 1387 363 1407 amorem
378 1380 405 1406 in
430 1384 546 1406 matrem
563 1379 636 1414 quis,
648 1383 696 1407 aut
720 1386 802 1414 quem
821 1379 848 1406 in
874 1378 977 1407 fratres
993 1384 1032 1407 te-

239 1430 320 1452 netur
344 1425 456 1456 habere.
483 1424 531 1452 tali
556 1425 672 1452 omnino
695 1424 771 1459 digni
791 1429 956 1460 reputantur
981 1425 1031 1458 illi,

239 1471 287 1507 qui
296 1471 451 1499 doctrinam
465 1471 627 1504 observant,
644 1476 671 1498 et
684 1471 757 1499 bona
769 1471 832 1499 inde
841 1472 1032 1506 promanantia

239 1525 321 1552 opera
337 1518 460 1553 gignunt.
478 1518 618 1545 Attendito
639 1522 732 1545 autem
747 1522 774 1545 et
788 1518 866 1550 illud,
883 1526 945 1547 cum
963 1526 1033 1554 prm-

238 1565 363 1597 miserat,
392 1564 470 1597 «Qui
491 1564 582 1600 diligit
613 1569 719 1600 patrem
751 1565 794 1592 vel
821 1569 938 1592 matrem
968 1565 1031 1600 plus

238 1619 321 1646 quam
338 1618 391 1642 me.
411 1618 465 1638 non
479 1615 522 1638 est
536 1618 580 1638 me
600 1610 701 1646 dignus
714 1611 748 1643 ⁵⁸,
764 1620 774 1636 ›
792 1617 826 1638 ne
842 1612 953 1646 gravius
965 1611 1031 1646 quid

238 1660 266 1683 et
290 1655 430 1683 didicilius
453 1655 481 1682 in
494 1655 633 1683 mandatis
657 1655 768 1683 dedisse
797 1655 950 1689 videretur,
974 1658 1033 1692 ipse

237 1701 305 1729 illud
320 1701 455 1736 imprimis
481 1701 595 1737 proprio
619 1701 746 1736 exemplo
768 1700 947 1737 adimpletum
974 1702 1031 1734 dat,

237 1747 377 1776 facilitans
393 1748 430 1775 ita
446 1748 643 1779 imitationem,
672 1752 799 1776 materno
813 1748 947 1782 obsequio
961 1747 1034 1775 utili-

239 1797 325 1821 tatem
350 1797 379 1820 et
403 1793 520 1820 salutem
536 1793 687 1820 multorum
717 1800 904 1828 praeponens;
936 1800 1033 1821 vocem

239 1839 313 1867 hanc
335 1846 419 1875 opere
448 1838 508 1873 ipso
521 1842 628 1866 tantum
646 1846 701 1866 non
729 1838 937 1866 edenszNolite
960 1839 1034 1866 arbi-

238 1883 307 1911 trari
322 1891 415 1911 meum
428 1883 589 1911 mandatum
610 1891 693 1919 grave
711 1884 776 1919 quid
797 1892 859 1912 esse
869 1885 911 1912 vel
922 1885 1034 1912 dimcul-

240 1935 284 1957 ter
304 1929 483 1962 obeundum;
510 1937 560 1965 ego
588 1930 661 1957 enim
679 1930 726 1965 qui
752 1931 818 1958 nulli
833 1930 945 1958 debitor
959 1939 1032 1965 sum,

239 1982 299 2003 rem
324 1975 410 2010 ipsam
423 1975 550 2011 princeps
566 1976 706 2009 exordior,
722 1981 750 2004 et
773 1981 838 2004 ante
856 1976 952 2005 Matris
966 1985 1034 2005 meae

240 2021 355 2053 cultum,
367 2026 397 2049 ut
411 2022 511 2049 intueri
526 2022 615 2050 oculis
627 2023 752 2057 potestis,
772 2027 891 2050 vestram
910 2030 982 2058 pono
993 2031 1035 2051 sn-

239 2067 335 2095 lutem.
353 2067 402 2095 Ubi
412 2075 478 2096 vero
489 2069 614 2097 omnium
630 2068 689 2096 Rex
705 2076 756 2104 ego
776 2070 823 2104 qui
840 2076 901 2096 sum
930 2074 957 2096 et
980 2069 1033 2097 Do-

239 2113 332 2141 minus
344 2119 372 2142 et
395 2114 540 2147 Conditor,
556 2115 630 2142 haud
646 2123 707 2143 sum
730 2115 766 2143 ita
781 2123 877 2151 gerere
904 2123 946 2142 me
967 2123 1033 2149 erga

238 2167 290 2187 vos
316 2160 490 2196 dedignatus,
520 2167 551 2190 ut
565 2166 686 2190 vestram
716 2162 833 2190 salutem
858 2161 971 2190 aﬂ'ectui
1004 2167 1032 2189 et

239 2207 328 2235 amori
343 2212 467 2235 materno
487 2208 667 2243 praetulerim,
682 2205 858 2236 certe‘lnulto
879 2216 928 2236 νος
946 2209 1034 2245 magis

239 2253 372 2281 tenemini
387 2253 514 2281 similiter
527 2261 720 2289 compensare,
741 2259 769 2282 et
782 2262 838 2289 prae
851 2255 959 2282 caeteris
969 2263 1030 2282 om-
1049 2268 1071 2296 υ

239 2298 322 2327 nibus
339 2298 411 2327 ferre
431 2299 584 2327 amicitiam
598 2307 702 2332 meam,
728 2305 755 2327 et
771 2301 797 2327 in
812 2308 856 2327 me
868 2301 1032 2328 benevolen—

239 2345 330 2372 tiam:
349 2352 400 2373 nec
415 2345 451 2372 ob
475 2345 589 2380 aliquod
616 2353 707 2373 meum
725 2345 776 2373 hoc
800 2346 1036 2379 emolumentum;

239 2397 319 2416 amor
352 2390 425 2416 enim
444 2390 582 2418 humanus
602 2395 628 2418 et
640 2391 818 2424 desiderium,
837 2391 901 2425 quid
915 2392 1037 2425 proderit

240 2436 264 2463 ei
286 2436 332 2471 qui
351 2441 449 2463 cuncta
459 2438 499 2464 vel
518 2442 584 2464 nutu
597 2437 785 2469 circumrotat,
799 2438 876 2472 cujus
892 2438 1036 2472 opusdigi-

238 2487 330 2509 torum
345 2483 486 2510 hominum
499 2488 656 2515 estnatura,
669 2485 770 2511 coelum
786 2489 880 2519 etquae
892 2486 1032 2512 exsistunt

240 2527 379 2555 universa.
397 2527 459 2556 "rec
474 2536 523 2563 ego
537 2529 606 2564 ipsa,
623 2533 653 2556 ut
666 2535 691 2556 et
708 2530 773 2562 alia,
787 2531 822 2557 ob
848 2536 965 2558 vestram
985 2531 1034 2558 de-

241 2573 332 2601 sidero
361 2575 489 2602 salutem.
520 2575 573 2603 Nec
597 2576 691 2602 mirari
724 2580 842 2611 oportet,
866 2577 888 2603 si
919 2577 1032 2603 Matrem

240 2619 419 2652 Christus,ut
433 2621 565 2655 oportuit,
583 2622 734 2656 honorans,
752 2623 824 2651 illam
835 2623 905 2649 haud
917 2623 1035 2657 pra-tulit

241 2666 322 2693 saluti
341 2667 483 2694 hominum
500 2677 505 2694 :
523 2675 587 2694 nam
611 2673 727 2695 matrem
754 2669 828 2696 illam
853 2673 965 2703 propter
984 2676 1034 2695 nos

241 2717 267 2738 et
285 2717 406 2740 nostram
424 2713 542 2743 salutem
565 2715 725 2749 assumpsit,
739 2720 769 2742 ut
788 2723 963 2750 nequaquam
981 2715 1034 2742 sibi

277 2781 299 2796 "
315 2780 411 2809 Matth.
430 2791 494 2815 xv",
507 2783 549 2810 58.

811 174 945 204 PHOTII
968 175 1223 207 PATRIARCHIE
1241 178 1294 208 ΟΡ.

1825 185 1879 216 976

1077 230 1164 262 κότως
1189 232 1240 258 οὐκ
1262 232 1425 268 ἐπεστράφη
1444 235 1477 269 τῇ
1503 234 1610 269 κλήσει,
1628 236 1689 262 οὐδὲ
1706 237 1876 272 ὑπήκουσεν,

1077 274 1138 301 οὐδὲ
1169 275 1329 302 καταλιπὼν
1354 279 1404 312 τὴν
1437 278 1626 313 διδασκαλίαν,
1662 282 1710 308 καὶ
1737 283 1787 317 τὴν
1821 284 1878 311 τῶν

1076 321 1220 356 ἀκροατῶν
1245 322 1381 358 ὑπεριδὼν
1403 325 1540 360 σωτηρίαν
1553 346 1560 358 ,
1573 326 1623 361 τὴν
1639 328 1776 363 μητρικὴν
1797 331 1877 356 ἐντυ-

1077 366 1139 402 χίαν
1152 368 1341 404 προὺτίμησεν
1357 377 1364 384 ·
1378 369 1452 405 ἔργῳ
1469 371 1615 404 παιδεύων,
1629 373 1667 404 ὡς
1684 374 1770 401 ἐπειδ¹
1788 376 1821 402 ἄν
1833 385 1877 409 τις

1077 414 1188 449 γεωργῇ
1220 413 1342 450 ψυχικὴν
1376 416 1535 452 σωτηρίαν,
1563 418 1660 454 ὥσπερ
1689 421 1703 446 ὸ
1734 422 1878 457 γεωργού-

1078 468 1160 494 μενος
1191 461 1265 496 μόνῳ
1283 462 1427 497 προσέχειν
1448 463 1551 498 ὀφείλει
1571 465 1610 500 τῷ
1628 468 1755 502 γεωργῷ,
1773 469 1807 495 ἂν
1839 469 1878 505 μὴ

1077 505 1133 540 ἄρα
1159 506 1236 541 παρὰ
1261 507 1311 543 τὴν
1340 508 1443 544 όδδν,ἢ
1470 510 1514 536 ἐπ’
1546 511 1690 544 ἀκάνθαις,
1717 513 1733 548 ἢ
1759 514 1878 549 πέτραις

1077 551 1257 588 ὑποδέχεσθαι
1275 554 1369 589 μέλλοι
1382 556 1432 590 τὴν
1449 558 1638 594 κατασποράνο
1655 559 1727 586 οὕτω
1744 560 1787 595 δὴ,
1804 561 1877 588 οὓτω

1078 597 1126 624 καὶ
1144 599 1158 625 ὁ
1177 598 1376 634 [πνευματικὸς
1389 600 1417 636 ‘1]
1433 602 1558 637 γεωργὸς
1575 624 1582 637 ,
1598 603 1658 630 ὅλον
1673 605 1771 631 ἑαυτὸν
1786 606 1876 633 ἐπιδι-

1078 643 1154 671 δόναι
1167 644 1206 680 τῷ
1223 645 1298 681 πόνῳ
1315 646 1364 673 καὶ
1382 649 1416 682 τῇ
1448 649 1572 684 γεωργίᾳ
1600 652 1752 686 χρεωστεῖ,
1768 653 1815 679 καὶ
1836 653 1876 689 μὴ

1082 689 1152 725 πρὸς
1171 690 1277 726 πέτρας
1289 697 1299 710 τ
1316 693 1548 729 καταμερίζεσθαι
1563 696 1612 728 τὰς
1628 698 1773 732 φροντίδας
1790 708 1796 715 ·
1813 700 1876 735 μηδ’
1903 726 1905 728 τ

1080 736 1113 765 ἂν
1139 738 1242 774 μήτηρ,
1263 739 1281 774 ἢ
1303 748 1346 771 τις
1366 738 1474 778 ἄλλοςῇ
1495 741 1551 768 τῶν
1575 742 1719 777 ἐγγυτάτω
1742 745 1839 779 γένους
1863 747 1877 772 ὁ

1079 784 1149 819 πρὸς
1163 784 1261 811 ἑαυτὸν
1276 786 1381 813 ἐκεῖθεν
1395 787 1635 823 μετακαλούμενος
1649 791 1697 817 καὶ
1718 791 1870 825 μεθέλκων.

1080 829 1166 856 Τοῦτο
1191 830 1220 857 δὲ
1250 831 1301 857 οὐκ
1323 831 1381 858 ἔστι
1402 832 1557 868 παρόρασις
1578 835 1693 870 μητρὸς,
1709 836 1778 863 ἀλλὰ
1790 837 1876 872 πολλὴ

1080 877 1195 912 πρόνοια
1206 877 1254 903 καὶ
1270 877 1370 912 σπουδὴ
1384 877 1439 904 τῶν
1456 878 1619 914 σωζομένων
1632 888 1639 895 ·
1656 880 1716 907 οὐδὲ
1730 881 1799 917 γὰρ,
1813 882 1877 916 οὐδὲ

1079 923 1124 950 τὸν
1136 923 1186 958 τῆς
1196 922 1372 955 διδασκαλίας
1380 924 1487 960 καιρὸν,
1495 927 1534 957 εις
1544 925 1592 960 τὴν
1603 926 1657 953 τῶν
1668 928 1808 961 συγγενῶν
1819 928 1873 964 χρὴ

1081 967 1281 994 καταναλίσκεν
1296 967 1454 1003 θεραπείαν.
1470 969 1519 996 Διὰ
1527 970 1605 996 τοῦτο
1618 973 1681 1003 τοὺς
1694 972 1819 1006 μαθητὰς
1830 974 1877 999 ἐπὶ

1081 1011 1164 1039 πλέον
1189 1013 1376 1048 οἰκειούμενος
1399 1015 1413 1041 ὁ
1430 1015 1537 1051 Σωτὴρ,
1556 1024 1566 1041 ε
1587 1016 1682 1052 Ίδοὺή
1702 1018 1795 1052 μήτηρ
1812 1027 1875 1053 μου,

1082 1056 1175 1091 φησὶν,
1191 1057 1238 1084 καὶ
1255 1058 1280 1084 οἱ
1308 1058 1419 1093 ἀδελφοί
1442 1068 1504 1095 μου.
1527 1070 1537 1087 ›
1554 1061 1712 1093 Τουτέστιν,
1737 1059 1818 1089 Οὗτοι
1831 1063 1875 1098 δὴ,

1081 1099 1166 1135 οὗτοι,
1180 1103 1226 1129 τὸν
1242 1104 1374 1137 πατρικὸν
1387 1105 1436 1140 τῆς
1450 1105 1626 1138 διδασκαλίας
1641 1108 1742 1143 σπόρον
1754 1110 1810 1140 τοῖς
1825 1109 1878 1143 ψυ-

1081 1150 1169 1186 χικοῖς
1198 1150 1391 1186 ὑποδεχόμενοι
1422 1152 1545 1184 κόλποις,
1560 1153 1605 1179 τὸν
1633 1155 1767 1189 μητρικὸν
1793 1155 1877 1183 τόπον

1081 1195 1130 1222 καὶ
1155 1195 1300 1230 ἀδελφικὸν
1325 1197 1532 1234 ἀναπληροῦσιν
1545 1199 1618 1234 ὲμοί,
1636 1200 1724 1227 Τοῦτο
1739 1201 1769 1227 δὲ
1786 1202 1876 1236 δῆλον,

1081 1241 1119 1273 ὡς
1133 1242 1163 1268 οὺ
1179 1242 1357 1277 φαυλίζοντὸς
1384 1244 1442 1270 ἐστι
1466 1244 1517 1279 τὴν
1531 1244 1666 1272 τεκοῦσαν
1686 1245 1757 1281 (πιῖις
1774 1247 1829 1282 γὰρ
1844 1246 1878 1273 ἂν

1082 1287 1146 1320 τοὺς
1168 1287 1318 1320 τοιούτους.
1333 1289 1370 1321 ὡς
1384 1290 1424 1321 είς
1439 1289 1511 1324 μέγα
1527 1289 1617 1323 κλέος,
1631 1291 1671 1322 είς
1690 1290 1736 1317 τὴν
1750 1291 1878 1327 μητρῷον

1082 1335 1199 1371 ἀνέφερε
1217 1335 1317 1370 κλῆρον
1330 1336 1361 1370 ς),
1378 1336 1446 1363 ἀλλὰ
1462 1336 1565 1372 μᾶλλον
1592 1337 1677 1369 ἀξίως
1698 1338 1879 1373 σεμνύνοντος

1082 1382 1131 1409 καὶ
1153 1382 1286 1418 τιμῶντος
1300 1383 1396 1418 αὑτήν.
1416 1384 1468 1410 Ἦν
1489 1383 1557 1419 γὰρ,
1573 1384 1652 1420 φησι,
1680 1384 1749 1420 πρὸς
1771 1385 1880 1421 μητέρα.

1083 1428 1131 1455 καὶ
1145 1428 1277 1463 ἀδελφοὺς
1290 1429 1407 1465 στοργὴν
1422 1430 1468 1456 καὶ
1479 1429 1599 1457 διάθεσιν
1608 1430 1711 1465 ὀφείλει
1725 1440 1768 1462 τις
1778 1431 1880 1462 κεκτῆ-

1085 1474 1159 1507 σθαι,
1177 1474 1228 1507 τῆς
1243 1475 1328 1510 αὐτῆς
1343 1475 1483 1507 ἀξιοῦνται
1500 1477 1548 1503 καὶ¹
1569 1473 1653 1509 οὗτοι,
1666 1477 1810 1512 πληρωταὶ
1830 1478 1882 1513 τῆς

1084 1520 1257 1552 διδασκαλίας
1280 1521 1328 1547 καὶ
1353 1521 1511 1556 γεννητικοὶ
1532 1521 1589 1548 τῶν
1619 1522 1648 1555 ἐξ
1671 1523 1756 1557 αὐτῆς
1776 1523 1881 1558 φυομέ-

1084 1575 1139 1593 νων
1162 1567 1273 1601 ἀγαθῶν
1303 1566 1392 1602 ἔργων
1419 1567 1568 1603 γινόμενοι.
1599 1568 1701 1594 Σκόπει
1730 1568 1758 1595 δὲ
1785 1569 1881 1595 κάκεῖ-

1083 1620 1123 1644 νο,
1139 1611 1177 1643 ὡς
1193 1612 1287 1647 ἐπειδὴ
1302 1613 1443 1648 προεῖπεν,
1468 1621 1479 1638 ‹
1500 1612 1529 1639 '0
1546 1613 1633 1646 φιλῶν
1654 1614 1762 1649 πατέρα
1786 1614 1803 1650 ἢ
1826 1622 1881 1649 μη-

1083 1657 1150 1692 τέρα
1171 1657 1242 1693 ὑπὲρ
1257 1658 1320 1693 ἐμὲ,
1335 1659 1386 1685 οὑκ
1407 1658 1465 1686 ἐστι
1490 1668 1542 1695 μου
1557 1660 1642 1694 ἄξιος,
1662 1670 1672 1686 ι
1702 1660 1746 1688 ἶνα
1765 1661 1802 1696 μὴ
1815 1660 1881 1697 δόξῃ

1085 1703 1155 1739 βαρὺ
1183 1704 1231 1731 καὶ
1255 1704 1385 1731 δύσκολον
1406 1706 1566 1733 ἐπιτάσσειν
1590 1707 1772 1743 πρόσταγμα,
1799 1708 1882 1739 αὐτὸς

1083 1749 1163 1776 τοῦτο
1187 1750 1294 1785 πρῶτος
1321 1751 1457 1787 ἐκπληροῖ
1476 1752 1516 1788 τῷ
1543 1753 1605 1780 καθ’
1631 1754 1727 1781 ἑαυτὸν
1754 1754 1883 1789 ὑποδείγ-

1086 1804 1152 1831 ματι
1173 1796 1266 1832 ῥᾳδίαν
1289 1797 1510 1830 παρασκευάζων
1533 1799 1582 1834 τὴν
1604 1800 1731 1835 μίμησιν,
1755 1801 1803 1827 καὶ
1831 1801 1882 1836 τῆς

1086 1843 1227 1878 μητρικῆς
1263 1842 1414 1878 θεραπείας
1465 1845 1612 1881 προτίθησι
1653 1847 1703 1881 τὴν
1744 1846 1882 1880 ὠφέλειαν

1085 1888 1133 1915 καὶ
1163 1888 1301 1924 σωτηρίαν
1317 1889 1372 1916 τῶν
1396 1890 1522 1917 πολλῶν·
1542 1891 1685 1926 μονονουχὶ
1708 1893 1765 1923 τοῖς
1788 1891 1881 1927 ἔργοις

1085 1934 1178 1970 φωνὴν
1191 1935 1292 1969 ἀφιείς·
1303 1935 1348 1970 Μὴ
1361 1936 1507 1971 νομίσηται
1516 1938 1555 1958 ⁸-ί
1570 1937 1620 1973 τὴν
1630 1937 1699 1973 ἐμὴν
1709 1938 1819 1973 ἐντολὴν
1834 1938 1882 1973 βα-

1087 1981 1162 2015 ρεῖαν
1176 1977 1246 2007 εἶναι
1259 1981 1305 2007 καὶ
1321 1981 1518 2014 δυσεξάνυστον
1530 1992 1537 1998 ·
1551 1983 1625 2019 ἔργῳ
1639 1985 1694 2018 γὰρ
1708 1985 1783 2020 ὑμῖν,
1795 1984 1809 2010 ὁ
1829 1993 1882 2020 μη-

1085 2025 1143 2052 δενὶ
1157 2026 1299 2061 τυγχάνων
1314 2026 1467 2062 ὑπόχρεως,
1491 2028 1601 2062 πρῶτος
1618 2028 1665 2055 τοῦ
1685 2028 1767 2064 ἔργον
1787 2029 1882 2064 ἀπάρ-

1085 2080 1178 2106 χομαι,
1196 2071 1244 2098 καὶ
1262 2072 1313 2107 τῆς
1337 2074 1479 2109 μητρικῆς
1495 2074 1656 2110 θεραπείας,
1675 2075 1714 2107 ὡς
1728 2075 1794 2110 ὑμῖν
1812 2077 1881 2111 ὸρᾷν

1085 2117 1213 2152 πάρεστι,
1234 2117 1283 2153 τὴν
1304 2118 1382 2153 ὑμῶν
1407 2119 1548 2155 προκρίνω
1572 2120 1721 2156 σωτηρίαν.
1738 2121 1828 2147 Ὅπου
1853 2120 1882 2146 δὲ

1085 2163 1195 2191 πάντων
1219 2164 1358 2200 Δεσπότης
1373 2165 1506 2201 ὑπάρχων
1522 2166 1571 2193 καὶ
1599 2167 1785 2202 Δημιουργὸς,
1799 2167 1881 2194 τοῦτο

1086 2210 1151 2245 περὶ
1176 2210 1249 2245 ὑμᾶς
1274 2210 1375 2243 αὐτοὺς
1391 2211 1441 2238 οὐκ
1456 2211 1569 2247 ὤκνησα
1591 2212 1792 2246 ἐπιδείξασθαι,
1811 2214 1881 2241 ἀλλᾶ

1086 2255 1134 2283 καὶ
1152 2255 1284 2291 μητρῴας
1299 2257 1419 2292 στοργῆς
1438 2256 1495 2292 τὴν
1505 2258 1546 2290 εἰς
1562 2258 1635 2293 ὑμᾶς
1650 2259 1769 2295 σπουδὴν
1784 2260 1883 2295 προτί-

1088 2301 1157 2337 θημι
1171 2302 1219 2329 καὶ
1236 2301 1374 2329 διάθεσινο
1389 2304 1449 2336 πῶς
1466 2304 1516 2331 οὐκ
1528 2305 1606 2332 αὐτοὶ
1622 2306 1724 2340 μᾶλλον
1738 2306 1879 2341 ὀφειλέται

1087 2347 1287 2383 καθεστήκατε,
1303 2351 1360 2382 τοῖς
1381 2350 1487 2385 ὁμοίοις
1500 2351 1661 2386 ἀμείϐεσθαι
1674 2373 1681 2384 ,
1698 2353 1746 2380 καὶ
1768 2354 1880 2380 πάντων

1086 2395 1242 2430 ἔμπροσθεν
1258 2396 1335 2429 ἄγειν
1352 2397 1400 2432 τὴν
1415 2398 1478 2433 περὶ
1492 2398 1541 2432 ἐμὲ
1553 2398 1598 2425 τὴν
1617 2399 1766 2435 εὐεργέτην
1787 2400 1880 2434 φιλίαν

1086 2443 1133 2467 καὶ
1159 2441 1283 2474 εὕνοιαν;
1313 2443 1401 2468 καίτοι
1422 2443 1483 2469 οὐδὲ
1508 2444 1595 2470 ταῦτα
1621 2444 1653 2470 δι’
1677 2445 1743 2480 ἐμέ·
1774 2446 1800 2471 τί
1825 2446 1880 2481 γὰρ

1086 2487 1198 2513 εἰσοίσει
1225 2487 1306 2518 πόθος
1343 2487 1514 2522 ἀνθρώπινος
1555 2489 1593 2523 τῷ
1630 2489 1719 2516 πάντα
1762 2490 1880 2524 νεύματι

1086 2533 1258 2568 περιάγοντι,
1276 2533 1324 2560 καὶ
1337 2530 1367 2559 οὗ
1381 2534 1522 2561 δακτύλων
1535 2535 1625 2570 ἔργον,
1638 2536 1708 2570 αὑτὴ
1732 2536 1814 2571 φύσις
1830 2536 1879 2562 ἁν-

1085 2578 1213 2613 θρώπων,
1231 2579 1277 2605 καὶ
1294 2579 1419 2613 οὐρανὸς,
1446 2580 1494 2606 καὶ
1510 2580 1544 2607 τὰ
1571 2580 1729 2615 σύμπαντα,
1746 2580 1814 2607 ἀλλὰ
1831 2582 1880 2607 καὶ

1085 2624 1172 2650 ταῦτα
1188 2645 1194 2654 ,
1224 2624 1319 2659 ὥσπερ
1348 2625 1395 2652 καὶ
1421 2626 1515 2659 τᾶλλα,
1543 2626 1587 2653 διὰ
1606 2627 1656 2662 τὴν
1684 2628 1762 2662 ὑμῶν
1788 2627 1879 2653 αὐτῶν

1083 2670 1205 2703 ἐπιζητῶ
1234 2672 1381 2706 σωτηρίαν.
1398 2672 1434 2697 υύ
1458 2673 1509 2707 χρὴ
1528 2672 1560 2707 δὴ
1575 2677 1589 2691 '1
1605 2673 1770 2708 Θαυμάζειν,
1787 2673 1810 2699 εί
1827 2673 1878 2707 τὴν

1086 2716 1191 2751 μητέρα
1213 2716 1300 2751 τιμῶν
1316 2718 1330 2742 ὁ
1347 2717 1475 2752 Χριστὸς,
1492 2718 1529 2749 ὡς
1543 2719 1696 2753 προσῆκεν,
1711 2719 1785 2755 ὅμως
1817 2719 1879 2745 οὐδὲ

856 2841 974 2868 VARI/ﬂ
994 2839 1206 2868 LECTIONES.

281 2897 294 2917 σι
310 2893 341 2920 C.
368 2894 403 2922 Μ.
431 2896 613 2930 πνευματικὸς
631 2897 717 2924 deest.
758 2903 768 2917 ι
784 2899 813 2925 C.
830 2899 863 2925 Μ.
883 2903 957 2926 recte
983 2899 995 2924 ἑ

1000 2899 1089 2935 τέρας.

1130 2901 1164 2917 3"
1182 2900 1321 2936 νομίσητε.
1342 2905 1354 2918 λι
1374 2899 1403 2926 C.
1422 2900 1457 2926 Μ.
1472 2899 1510 2926 δέ.
