4136 6444
379 359 481 420 977

1307 361 1410 421 AD
1474 359 2078 420 AMPHILOCHIUM
2127 358 2475 430 ΟυίΕδΤΙΟ
2531 359 2740 419 CCXV.

3547 357 3652 420 978

378 472 587 541 ταύτην
617 471 718 541 τῆς
742 467 902 540 ἡμῶν
934 467 1259 541 ύπερτίθησι
1288 467 1564 537 σωτηρίας
1595 483 1612 499 ·
1637 468 1731 519 καὶ
1757 467 1866 539 γὰρ
1896 467 1956 538 δὴ

2065 482 2318 537 parcens,
2347 478 2536 522 nostra
2557 481 2723 521 causa
2753 467 2910 534 longe
2931 465 3037 520 alia
3059 472 3114 519 et
3147 463 3433 519 innumera
3458 479 3649 534 passus

381 567 479 618 καὶ
511 563 727 635 μητέρα
756 563 895 626 ὅλως
923 561 989 615 δι’
1021 563 1191 631 ἡμᾶς,
1225 560 1320 614 καὶ
1348 560 1437 613 διά
1460 561 1562 630 τὴν
1609 560 1766 630 ήμῶν
1795 561 1965 631 ἐκτή-

383 673 515 710 σατο
565 655 857 727 σωτηρίαν,
894 652 1011 706 ἀλλ’
1037 653 1180 706 ὥστε
1237 653 1296 705 δὲ
1348 652 1568 706 αὐτοῦ*Γ
1633 653 1964 723 φεισάμενος

384 750 526 821 ὑπὲρ
543 749 574 817 ἡ
584 749 721 820 μῶν,
747 747 882 804 ἀλλά
913 748 1143 800 κάκεῖνα
1164 747 1230 800 τὰ
1253 746 1420 816 μυρία
1443 745 1589 818 πάθη
1603 747 1844 810 ὑποστὰς
1872 747 1967 802 καὶ

383 843 474 895 τὸν
505 841 866 894 ²επονείδιστον
896 841 1104 892 ἐκεῖνον
1128 839 1223 892 καὶ
1252 839 1427 910 βίαιον
1468 840 1720 903 θάνατον,
1751 840 1818 894 ἵν’
1845 841 1965 893 ἀντὶ

388 937 641 1003 θανάτου,
665 935 810 1004 ζωῆς
833 935 981 1004 ἡμᾶς
999 933 1271 988 ἀθανάτου
1288 932 1436 1003 δείξῃ
1453 933 1844 1002 κληρονόμους,
1863 933 1963 984 οὐκ

387 1031 453 1082 ἄν
484 1027 793 1090 ἀπεικότως
847 1027 945 1079 καὶ
991 1027 1092 1096 τῆς
1141 1025 1418 1096 μητρικῆς
1458 1024 1804 1096 συμπαθείας
1865 1023 1964 1095 τὴν

384 1119 540 1188 ἡμῶν
582 1121 828 1189 ἡγήσατο
881 1118 1287 1187 προτιμοτέραν
1350 1117 1649 1188 σωτηρίαν.
1677 1117 1741 1169 Εἰ
1780 1114 1961 1185 βούλει

381 1213 438 1264 δὲ
489 1213 709 1265 κάκεῖνο
747 1214 970 1264 σκοπεῖν
999 1224 1026 1252 X
1063 1212 1081 1279 (
1112 1210 1385 1280 πολύχους
1431 1211 1541 1281 γὰρ
1565 1212 1598 1280 ἡ
1638 1209 1750 1263 τῶν
1800 1209 1963 1260 θείων

386 1303 619 1375 Γραφῶν
653 1303 1035 1376 γεωργία,καὶ
1069 1303 1269 1374 πολλὴν
1299 1303 1623 1357 ἀναδιδοῦσα
1660 1307 1774 1366 τοῖς
1809 1303 1964 1372 φιλο-

384 1401 608 1456 πονοῦσι
641 1403 741 1466 τὴν
769 1401 1087 1470 ὠφέλειαν),
1107 1401 1322 1463 οὐδενὸς
1345 1400 1452 1452 τῶν
1477 1400 1652 1454 ἄλλων
1684 1399 1962 1452 ἐνδεέστε-

385 1513 478 1566 ρον
502 1495 826 1566 Mimanti),
849 1514 868 1547 ι
899 1495 996 1558 Τίς
1025 1496 1174 1548 ἐστιν
1199 1496 1230 1563 ἡ
1262 1495 1447 1565 μήτηρ
1473 1511 1574 1563 μου
1604 1493 1700 1547 καὶ
1729 1495 1778 1546 οἱ
1803 1492 1960 1546 ἀδελ-

384 1586 473 1654 φοί
502 1603 604 1655 μου
635 1603 650 1651 ;
690 1603 708 1636 ι
745 1585 808 1639 οὐ
855 1584 994 1656 πρὸς
1038 1585 1135 1654 τὴν
1160 1585 1387 1652 Μητέρα
1436 1583 1858 1652 ἀποτεινόμενος
1886 1583 1963 1636 εῐ-

385 1694 554 1748 ρηκεν
590 1679 619 1730 ὁ
678 1677 905 1747 Σωτήρ’
930 1676 1117 1746 ἐκείνη
1147 1677 1256 1746 γὰρ
1286 1677 1317 1746 ἡ
1355 1676 1603 1745 μακαρία
1659 1675 1959 1746 Παρθένος,

386 1767 784 1837 σεμνοπρεπῶς
817 1785 876 1820 τε
911 1768 1004 1820 καὶ
1039 1768 1136 1821 σὺν
1180 1766 1441 1837 εὐλαϐείᾳ
1473 1766 1578 1832 ἕξω
1606 1766 1814 1832 ἵστατο,
1840 1766 1962 1819 οὐδὲ

2074 566 2177 612 est.
2210 555 2489 626 Imprimis
2541 556 3000 610 contumeliosam
3038 554 3189 609 illam
3245 564 3298 610 et
3353 554 3650 610 violentam

2073 658 2305 706 mortem
2345 649 2553 711 crucis,
2585 661 2644 702 ut
2673 649 2793 703 vitae
2835 652 2958 704 'nos
2995 657 3213 703 aeternae
3263 648 3527 711 hteredes,
3555 648 3651 716 qui

2073 743 2265 798 mortis
2322 742 2624 802 fueramus.
2674 740 2919 797 faceret:
2984 758 3095 796 non
3155 751 3238 797 est
3292 743 3651 812 improbabile

2073 836 2223 888 illum
2257 843 2502 889 nostram
2533 835 2764 888 salutem
2794 835 3197 904 antiquiorem,
3247 850 3410 904 quam
3444 845 3649 888 mater-

2072 945 2195 982 nam
2231 928 2489 982 habuisse
2519 927 2954 982 observantiam.
2992 926 3045 980 Si
3077 928 3254 982 adhuc
3289 928 3416 981 libet
3438 938 3492 982 et
3520 928 3650 982 illud

2073 1021 2205 1075 mihi
2225 1030 2372 1085 uota,
2395 1020 2701 1075 divinarum
2727 1020 3134 1090 Scripturarum
3157 1020 3472 1090 agricolatio
3508 1021 3652 1073 inul-

2075 1115 2351 1184 tiplicibus
2381 1114 2550 1183 spicis
2603 1113 2870 1177 abundat,
2901 1121 2954 1166 et
3004 1111 3306 1181 plurimum
3363 1113 3651 1166 industriis

2072 1205 2420 1261 commodum
2481 1206 2760 1270 concedit,
2819 1221 2929 1259 non
2974 1205 3264 1259 minimum
3308 1204 3466 1266 illud,
3503 1204 3652 1273 quod

2071 1302 2160 1354 illa
2204 1321 2220 1352 ι
2251 1300 2382 1365 Qua:
2416 1309 2499 1354 est
2545 1309 2720 1353 mater
2768 1313 2910 1362 mea,
2954 1305 3008 1350 et
3055 1296 3152 1366 qui
3207 1295 3407 1350 fratres
3445 1298 3598 1350 mei?
3629 1315 3648 1348 ι

2073 1405 2179 1444 non
2210 1390 2262 1442 in
2293 1389 2518 1442 Matrem
2550 1388 2758 1442 directa
2784 1387 3011 1456 protulit
3061 1386 3323 1440 Servator
3362 1387 3474 1458 (illa
3502 1387 3648 1441 enim

2072 1483 2228 1536 beata
2261 1480 2425 1550 Virgo
2489 1479 2736 1534 modeste
2776 1491 2836 1534 ut
2877 1479 3121 1548 oportuit
3171 1478 3320 1534 foras
3380 1481 3648 1547 constitit,

2073 1592 2172 1631 nec
2219 1575 2444 1629 liberam
2479 1574 2709 1628 adeundi
2742 1573 2936 1626 Filium
2972 1573 3248 1628 licentiam
3299 1573 3650 1640 vindicavit),

2072 1669 2166 1723 scd
2197 1682 2298 1721 nec
2327 1666 2555 1722 docendi
2588 1681 2811 1722 cursum
2842 1667 3244 1735 interrumpere
3282 1667 3521 1728 volebat,
3557 1668 3650 1722 Sed

2076 1761 2252 1828 ipsum
2302 1759 2680 1814 tantummodo
2736 1759 3007 1829 gestiebat
3057 1759 3320 1814 salutare.
3374 1760 3454 1814 Ad
3484 1777 3647 1829 quem

383 1859 479 1929 τὴν
509 1859 646 1930 πρὸς
668 1859 763 1912 τὸν
792 1859 922 1912 Υίὸν
954 1857 1439 1931 παρρησιαζομένη
1481 1859 1683 1911 εἴσοδον
1709 1874 1722 1888 ⁸
1769 1860 1956 1926 οὐμεν·

2073 1853 2234 1922 igitur
2274 1851 2530 1921 dirigitur
2592 1866 2780 1906 sermo
2815 1850 3137 1907 Dominicus
3163 1853 3186 1906 ‘i
3216 1861 3365 1922 patet
3407 1855 3548 1924 quod
3583 1855 3652 1910 ad

382 1953 476 2005 οὖν
524 1953 646 2005 οὐδὲ
681 1952 779 2022 τὴν
829 1951 1185 2006 διδασκαλίαν
1242 1953 1668 2023 περικόπτουσα,
1709 1950 1872 2003 αὐτὸν
1901 1949 1959 2002 δὲ

385 2044 546 2112 μόνον
577 2044 706 2097 ίδεῖν
741 2044 1100 2098 ὲπιποθοῦσα.
1122 2045 1265 2114 Πρὸς
1299 2045 1418 2096 τίνα
1447 2042 1636 2095 λοιπὸν
1660 2045 1687 2094 ὁ
1715 2045 1969 2094 Δεσποτι-

2068 1960 2216 2007 eum,
2263 1945 2355 2014 qui
2393 1944 2529 1998 satis
2561 1944 2943 2014 intempestive
3003 1944 3362 2000 vociferando
3386 1957 3440 2001 et
3467 1947 3644 2003 incla-

2067 2036 2270 2090 mando
2297 2036 2534 2100 dicebat,
2575 2053 2594 2087 ι
2629 2035 2800 2090 Mater
2831 2047 2924 2090 tua
2964 2045 3019 2091 et
3050 2037 3246 2093 fratres
3276 2038 3354 2092 tui
3401 2048 3451 2093 te
3504 2038 3650 2095 foras

382 2133 476 2196 κὸς
507 2132 664 2200 λόγος
688 2133 827 2204 όρᾷ;
854 2132 1012 2203 δῆλον
1038 2141 1088 2193 7,
1117 2131 1191 2194 ὡς
1222 2131 1354 2202 πρὸς
1391 2131 1614 2192 ἐκεῖνον,
1655 2127 1747 2180 τδν
1780 2127 1880 2180 οὐκ
1903 2129 1956 2180 ὲν

2062 2125 2395 2195 ᾳιιαξιιιιιιθο.
2415 2145 2434 2178 ι
2462 2126 2606 2197 Erat,
2629 2126 2718 2180 ille
2750 2125 2993 2191 Judzeus,
3021 2143 3121 2182 nec
3149 2128 3254 2182 alio
3290 2129 3512 2198 proprio
3548 2144 3648 2181 no--

383 2223 563 2297 καιρῷ
605 2225 698 2276 καὶ
750 2224 1000 2295 θρασέως
1047 2220 1430 2290 ὲπιφωνοῦντα
1477 2221 1572 2272 καὶ
1625 2218 1964 2289 ἀνακράζον·

379 2333 472 2380 τα,
512 2333 530 2367 ι
578 2316 643 2368 Ἢ
677 2317 862 2386 μήτηρ
894 2332 987 2368 σου
1018 2314 1114 2368 καλ¹
1145 2316 1193 2367 οἱ
1236 2311 1456 2382 ἀδελφοί
1496 2329 1592 2365 σου
1622 2310 1728 2375 ἔξω
1767 2307 1965 2380 ζητοῦ-

382 2407 435 2459 σί
469 2424 548 2463 σε.
577 2427 596 2459 ι
649 2409 888 2470 Ἐκεῖνος
919 2407 1032 2476 γὰρ
1077 2408 1105 2460 ὁ
1148 2404 1398 2467 Ἰουδαῖος
1433 2406 1450 2473 (
1469 2403 1590 2456 οὐδὲ
1620 2402 1733 2473 γὰρ
1766 2400 1963 2471 ἔχομεν

381 2498 570 2551 τούτου
625 2499 962 2568 κυριώτερον
1007 2499 1072 2550 ὲκ
1104 2496 1214 2550 τῶν
1243 2494 1598 2564 Εὐαγγελίων
1625 2495 1797 2563 ὄνομα
1828 2497 1842 2555 )
1874 2494 1964 2546 ὅτε

377 2591 456 2662 τῷ
508 2591 755 2662 Δεσπότῃ
801 2589 1177 2662 προσεφώνει,
1222 2589 1374 2642 οὐδὲν
1405 2589 1464 2640 ού
1518 2587 1678 2657 μόνον
1721 2588 1963 2656 συνῆπτε

380 2683 531 2751 ῥῆμα
564 2681 1014 2752 σεϐασμιότητος,
1043 2679 1161 2734 ἀλλ’
1199 2678 1320 2733 οὐδὲ
1370 2678 1463 2731 τὸν
1507 2678 1791 2748 πρέποντα
1837 2694 1963 2730 και-

379 2772 470 2842 ρὸν
502 2773 825 2842 ἀναμείνας,
853 2772 990 2826 ἀλλὰ
1031 2772 1128 2826 καὶ
1166 2771 1265 2842 τὴν
1317 2770 1670 2824 διδασκαλίαν
1721 2770 1962 2840 περικό-

376 2882 550 2930 πτων,
571 2865 667 2918 κει)ν
689 2864 857 2936 πολλῇ
877 2864 1162 2935 χρώμενος
1185 2866 1253 2934 τῇ
1277 2862 1543 2932 αὐθαδείᾳ
1568 2862 1663 2915 καὶ
1685 2861 1961 2932 θρασύτη-

372 2975 447 3020 τι,
483 2956 566 3024 τὸ,
594 2975 612 3008 ι
656 2957 719 3009 Ἦ
744 2957 929 3026 μήτηρ
962 2973 1060 3008 σου
1087 2958 1180 3008 καὶ¹
1215 2956 1262 3007 οἱ
1294 2953 1513 3022 ἀδελφοί
1557 2971 1677 3016 σου,
1717 2953 1958 3024 προσέρ-

377 3053 569 3122 ριπτεν
595 3088 612 3112 ,
665 3048 771 3113 ἔξω
826 3047 1051 3117 ζητοῦσί
1099 3065 1181 3100 σε.
1225 3065 1243 3098 ι
1272 3042 1440 3115 Οἶμαι
1483 3044 1540 3097 δὲ
1590 3044 1754 3097 αὑτὸν
1799 3043 1959 3098 τοῦτο

372 3141 715 3214 δεδρακέναι,
736 3142 940 3195 ὡσανεὶ
963 3141 1060 3219 καὶ
1089 3140 1198 3193 ἀπὺ
1219 3137 1314 3192 τοῦ
1349 3138 1542 3206 γένους
1575 3136 1955 3190 ἐπισκώπτειν

371 3231 464 3285 τὸν
492 3233 671 3284 κοινὸν
698 3230 794 3284 τοῦ
825 3231 1021 3299 γένους
1053 3229 1288 3299 Σωτῆρα
1331 3228 1844 3298 διαμηχανώμενον.
1879 3227 1954 3279 Οὐ

367 3325 478 3395 γὰρ
514 3323 582 3380 ἂν
616 3324 758 3378 οὕτω
787 3324 1060 3394 θρασέως,
1103 3323 1200 3377 καλ¹
1227 3325 1308 3386 είς
1345 3323 1586 3392 ὑπήκοον
1615 3331 1638 3358 ι
1669 3321 1777 3376 τῶν
1805 3321 1954 3374 διδα-

370 3418 673 3488 σκομένων,
720 3418 814 3470 τὸν
864 3415 1170 3486 ὀνειδισμὸν
1210 3415 1541 3484 οἰκειότερον
1587 3413 1823 3484 εἰπεῖνῆ
1855 3413 1954 3485 τὴν

364 3508 671 3579 πρόκλησιν
699 3508 794 3561 τοῦ
829 3507 1101 3561 Δεσπότου
1160 3505 1458 3577 ἐπεποίητο
1485 3522 1498 3536 ο
1530 3505 1627 3559 καὶ
1659 3505 1836 3558 ταῦτα
1871 3505 1953 3558 δι·-

363 3602 681 3673 εμηχανᾶτο
699 3602 794 3654 καὶ
821 3599 1266 3665 συνεσκευάζετο,
1297 3598 1705 3672 ρᾳθυμοτέρους
1733 3615 1794 3651 τε
1824 3598 1956 3669 περὶ

362 3692 464 3764 τὴν
509 3692 800 3763 ἀκρόασιν,
836 3693 898 3746 τό
948 3709 1014 3760 γε
1047 3692 1166 3746 καθ’
1193 3691 1408 3755 ἑαυτὸν,
1454 3692 1514 3743 τὸ
1543 3690 1750 3761 πλῆθος
1780 3692 1954 3761 ἀπερ-

362 3783 690 3854 γαζόμενος,
725 3785 822 3836 καὶ
857 3784 919 3836 τὸ
963 3781 1277 3848 ἀξιόπιστον
1326 3783 1422 3836 τοῦ
1471 3783 1820 3849 διδασκάλου,
1846 3783 1954 3836 ἀπό

362 3885 429 3937 γε
490 3869 589 3939 τῆς
629 3869 968 3938 συγγενείας,
1000 3869 1075 3932 ὡς
1139 3871 1412 3940 ἐνόμιζεν,
1441 3871 1795 3936 έξευπελίζων
1855 3874 1951 3927 καὶ

362 3961 826 4031 ὑποτεμνόμενος.
854 3962 967 4016 Καὶ
1015 3961 1125 4032 γάρ
1187 3962 1282 4015 καὶ⁸
1315 3962 1553 4033 ἀλλαχοῦ
1585 3965 1840 4033 φαίνεται
1893 3964 1953 4016 τὸ

375 4052 627 4106 Ἰουδαῖον
663 4052 837 4119 ἔθνος,
864 4053 962 4106 καὶ
997 4053 1233 4124 μάλιστα
1261 4054 1404 4107 κατὰ
1432 4054 1524 4107 τὸν
1552 4056 1743 4126 καιρὸν
1771 4057 1871 4124 τῆς
1892 4073 1951 4108 τε

359 4141 735 4207 διδασκαλίας,
769 4144 863 4196 καί
915 4161 980 4212 γε
1033 4145 1130 4196 καὶ
1179 4145 1280 4215 τῆς
1335 4143 1806 4216 θαυματουργίας,
1874 4146 1952 4216 τῷ

360 4233 541 4304 φθόνῳ
567 4233 1186 4304 διαπιμπράμενον,’κα“ι
1213 4235 1350 4305 πρὸς
1371 4235 1624 4301 διαϐολὰς
1647 4239 1738 4291 καὶ
1763 4236 1951 4308 ὕϐρεις

357 4325 454 4378 τοῦ
484 4328 757 4380 Δεσπότου
788 4327 1039 4390 ἐκτόπως
1089 4328 1555 4398 ἀναφλεγόμενον.
1591 4347 1611 4382 ι
1649 4331 1761 4401 Ούχ
1791 4324 1948 4394 οὗτος

358 4415 470 4486 γάρ
485 4418 623 4481 ἐστι,
641 4418 827 4487 φησὶν,
846 4419 979 4472 ὀτοῦ
996 4420 1246 4483 τέκτονος
1263 4419 1404 4487 υἱός;
1440 4441 1458 4473 ι
1487 4420 1582 4474 καὶ
1603 4421 1791 4487 πάλιν,
1811 4441 1828 4474 ι
1853 4421 1950 4475 Οἴ-

354 4509 529 4579 δαμεν
545 4508 636 4562 τὸν
656 4509 868 4579 πατέρα
887 4509 1053 4564 αὑτοῦ
1077 4512 1171 4564 καὶ
1193 4511 1293 4583 τὴν
1313 4512 1529 4584 μητέρα
1549 4528 1562 4540 ·
1587 4530 1606 4564 ι
1638 4514 1751 4576 καὶ,
1784 4531 1803 4564 ι
1841 4506 1947 4567 Ob—
1976 4551 2024 4612 Β

352 4617 451 4664 τος
467 4601 565 4653 οὐκ
597 4601 820 4670 οῐδαμεν
843 4602 1006 4655 πόθεν
1031 4603 1178 4656 ἐστίν
1205 4621 1219 4670 ;
1249 4621 1268 4654 ι
1305 4603 1422 4669 καὶ,
1454 4624 1472 4656 ι
1506 4603 1643 4675 Οὐχὶ
1659 4607 1942 4678 παρ’ήμίν

351 4693 501 4746 είσιν
537 4693 588 4744 oi.
621 4692 842 4761 ἀδελςρο)⁸
868 4693 1034 4748 αὐτοῦ
1075 4695 1169 4748 καὶ
1197 4696 1255 4748 αἱ
1290 4695 1520 4766 ἀδελφαὶ
1537 4697 1704 4751 αὐτοῦ
1741 4715 1756 4764 ;
1799 4717 1817 4749 ι
1852 4701 1946 4754 καὶ

350 4782 530 4838 πολλά
551 4785 777 4838 τοιαῦτα
795 4785 1093 4855 βασκανίας
1117 4788 1362 4858 ῥήματα.
1387 4790 1478 4843 Διὸ
1499 4791 1595 4844 καὶ
1611 4793 1640 4844 ὁ
1663 4791 1942 4860 Δεσπότης

348 4877 590 4948 Χριστὸς
612 4878 854 4949 ἐλέγχων
869 4879 1034 4932 αὑτοῦ
1058 4881 1156 4952 τὴν
1181 4883 1556 4953 παρανομίαν,
1577 4883 1673 4936 καὶ
1689 4885 1758 4938 δι’
1773 4883 1940 4938 αὑτοῦ

347 4971 464 5024 τῶν
495 4969 818 5041 ὁμοφρόνων
851 4970 913 5022 τὸ
938 4970 1218 5042 σύστημα,
1257 4973 1338 5037 είς
1367 4973 1626 5044 τοιαύτην
1650 4975 1774 5029 τινὰ
1823 4975 1940 5030 διάο

349 5077 507 5115 νοιαν
539 5061 630 5117 τὸν
666 5061 824 5130 λόγον
859 5063 1210 5135 σχηματίζων
1239 5065 1338 5136 τῆς
1359 5066 1730 5135 ἀποκρίσεως,
1781 5086 1800 5119 ι
1840 5067 1940 5132 Τίς

350 5156 694 5222 ὲστι,φησὶν,
716 5158 749 5226 ἠ
780 5159 966 5228 μήτηρ
997 5175 1123 5226 μου,
1155 5158 1247 5210 καὶ
1269 5159 1319 5211 οἱ
1346 5159 1568 5228 ἀδελφοί
1597 5177 1697 5229 μου
1722 5179 1736 5228 ;
1763 5160 1942 5213 Τουτ-

348 5247 491 5309 έστι,
521 5245 586 5298 Τί
635 5246 735 5319 τὴν
769 5249 1000 5320 μητέρα,
1031 5249 1125 5304 καὶ
1171 5251 1296 5315 τοὺς
1333 5251 1600 5319 ἀδελφοὺς
1632 5254 1714 5316 είς
1741 5252 1937 5307 ὀνειδι-

349 5336 494 5407 σμὸν
527 5339 826 5410 προφέρειν
862 5340 1204 5414 ὲμελὲτησας
1235 5359 1248 5408 ;
1280 5342 1460 5415 μάτην
1488 5361 1569 5398 σοι
1598 5344 1936 5418 διεμηχανή-

347 5432 416 5500 θη
445 5426 506 5480 τὸ
555 5431 942 5504 κακούργημα,
981 5435 1063 5499 είς
1090 5435 1404 5489 τούναντίον
1439 5453 1524 5489 σοι⁹
1579 5438 1931 5509 περιτραπή-

421 5563 468 5594 ⁶⁰
493 5561 686 5620 Matth.
713 5582 809 5634 xu,
831 5569 918 5624 47.

1982 3185 2026 3246 C

1034 5571 1076 5602 ⁶¹
1138 5571 1332 5628 Matth.
1369 5590 1491 5639 ιιιιι,
1547 5575 1639 5631 55.
1718 5574 2166 5641 ⁸².Ιοιιιι.νι,42.

2067 2221 2214 2274 mine
2259 2219 2464 2274 dictum
2501 2219 2765 2274 habemus
2793 2221 2845 2273 in
2876 2219 3191 2291 Evangelio.
3245 2221 3339 2276 llle
3371 2238 3497 2276 cum
3543 2223 3650 2276 Do-

2066 2314 2273 2367 minum
2305 2313 2698 2382 alloqueretur,
2728 2329 2834 2367 non
2853 2314 3016 2368 modo
3051 2315 3262 2368 nullum
3292 2316 3519 2370 verbum
3558 2334 3647 2370 re-

2066 2407 2315 2459 verentia:
2335 2406 2584 2469 evolavit,
2615 2404 2709 2460 sed
2732 2419 2830 2460 nec
2858 2415 3072 2475 tempus
3088 2409 3429 2476 praestolatus
3448 2424 3649 2477 oppor-

2065 2505 2255 2550 tunum
2287 2496 2514 2550 docendi
2566 2510 2788 2549 cursum
2848 2497 3157 2566 interrupit,
3192 2507 3247 2551 et
3304 2514 3430 2553 cum
3477 2499 3645 2552 multa

2065 2587 2292 2641 audacia
2327 2597 2382 2641 et
2433 2588 2737 2656 supercilio
2771 2588 3178 2658 projecitillud,
3218 2608 3236 2640 ι
3276 2589 3445 2644 Mater
3481 2600 3568 2644 tua
3593 2600 3647 2644 et

2065 2677 2260 2732 fratres
2292 2678 2366 2730 tui
2398 2684 2448 2729 te
2493 2678 2627 2731 foris
2667 2687 2943 2746 quaerunt.
2979 2698 2998 2730 ι
3044 2678 3190 2734 Reor
3219 2690 3400 2734 autem
3447 2696 3511 2733 eo
3542 2683 3647 2734 line

2064 2769 2168 2822 hoc
2187 2769 2256 2822 ab
2286 2768 2378 2823 illo
2407 2767 2732 2832 factitatum,
2753 2772 2925 2840 utqui
2956 2772 3189 2825 voluerit
3221 2773 3369 2826 omni
3398 2773 3644 2827 machina

2062 2859 2305 2914 adhibita
2351 2860 2568 2929 generis
2615 2861 2788 2914 nostri
2828 2861 3126 2916 Auctorem
3166 2862 3234 2916 ab
3269 2864 3509 2916 humana
3547 2879 3643 2918 sua

2063 2952 2414 3021 generatione
2439 2952 2766 3007 traducere:
2805 2969 2914 3006 non
2950 2954 3097 3008 enim
3132 2965 3239 3008 tam
3263 2957 3570 3024 petulanter
3593 2958 3645 3010 iu

2061 3043 2286 3097 auribus
2349 3043 2660 3097 auditorum
2712 3045 3186 3114 exprobrationem
3256 3047 3440 3116 potius
3480 3063 3647 3118 quam

2060 3135 2432 3189 evocationem
2460 3136 2719 3190 adhibere
2767 3137 3007 3201 volebat.
3043 3136 3150 3192 nisi
3184 3137 3237 3192 id
3287 3141 3486 3208 agebat
3523 3156 3644 3194 ma-

2059 3225 2356 3290 chinando,
2417 3234 2477 3279 ut
2532 3227 2843 3296 ignaviores
2901 3227 3154 3284 redderet
3217 3230 3517 3286 auditores.
3563 3231 3642 3286 Ita

2060 3327 2327 3388 quantum
2357 3320 2409 3373 in
2447 3320 2565 3388 ipso
2592 3331 2710 3376 erat
2738 3321 2966 3376 abduxit
2991 3322 3058 3376 ab
3085 3321 3359 3378 audiendo
3393 3324 3645 3378 multitu-

2059 3414 2266 3479 dinem,
2292 3423 2347 3467 et
2375 3414 2615 3468 doctoris
2648 3416 3014 3470 reverentiam
3045 3416 3405 3472 imminuendi
3436 3418 3644 3484 animo,

2059 3520 2155 3574 per
2193 3505 2602 3560 viliﬁcationem
2645 3507 2918 3577 prosapiei
2968 3509 3339 3577 interrumpit.
3405 3513 3646 3580 Apparet

2058 3600 2293 3652 enimet
2351 3599 2477 3653 alibi
2515 3598 2802 3653 Judaicam
2858 3609 3073 3669 gentem
3125 3617 3254 3654 cum
3304 3602 3465 3666 alias,
3525 3613 3640 3656 tum

2058 3690 2333 3760 praecipue
2386 3707 2512 3745 cum
2552 3693 2776 3746 doceret
2805 3702 2902 3746 aut
2930 3695 3193 3749 miracula
3225 3695 3400 3760 daret,
3437 3697 3644 3752 invidia

2059 3798 2407 3847 succensam,
2459 3794 2512 3839 et
2556 3787 2622 3839 ad
2691 3786 3066 3841 accusandum
3113 3789 3643 3858 convitiandumque

2059 3875 2349 3930 Dominum
2378 3877 2574 3932 insano
2605 3879 2768 3932 modo
2805 3880 3221 3934 inflammatam.
3255 3880 3331 3934 Ita
3359 3881 3638 3950 inquiunt,

2063 3985 2081 4018 ι
2114 3969 2306 4022 Annon
2340 3968 2429 4022 hic
2463 3979 2547 4022 est
2583 3968 2722 4022 fabri
2764 3971 3052 4025 lilius“?i
3085 3982 3158 4038 et,
3205 3992 3224 4024 ‹
3250 3972 3513 4030 Novimus
3544 3991 3640 4045 pa-

2057 4068 2193 4112 trem
2235 4060 2354 4127 ejus
2407 4074 2471 4113 ac
2529 4071 2760 4114 matrem
2810 4063 2932 4130 ejus
2955 4063 2999 4093 ⁶¹
3033 4079 3049 4116 :
3091 4083 3110 4116 ι
3149 4072 3223 4128 et,
3253 4083 3272 4114 ‹
3299 4066 3496 4120 Annon
3535 4084 3635 4121 nos

2055 4149 2264 4204 scimus
2308 4151 2450 4204 unde
2506 4151 2608 4205 iste
2655 4153 2888 4205 est“?i
2923 4162 2996 4218 et,
3055 4172 3075 4204 ‹
3111 4155 3302 4210 Nonne
3348 4159 3492 4226 apud
3536 4174 3642 4212 nos

2055 4249 2185 4295 sunt
2230 4239 2428 4296 fratres
2453 4251 2506 4298 et
2569 4256 2792 4297 sorores
2850 4245 3170 4312 ipsius“?i
3209 4257 3262 4300 et
3309 4249 3480 4302 multa
3530 4251 3638 4305 alia

2055 4335 2448 4390 malevolentiae
2497 4337 2662 4389 verba
2728 4338 3007 4406 ingerunt.
3061 4337 3330 4406 Quocirca
3381 4341 3638 4398 Christus

2055 4427 2318 4482 Dominus
2338 4427 2711 4482 incivilitatem
2737 4429 2884 4484 illius
2909 4431 3260 4502 redarguens,
3284 4443 3338 4488 et
3364 4451 3456 4504 per
3481 4436 3631 4490 illum

2053 4527 2380 4574 conventum
2411 4535 2600 4575 eorum
2638 4523 2727 4591 qui
2761 4521 2953 4577 eodem
2998 4526 3182 4581 animo
3239 4527 3420 4583 affecti
3453 4539 3632 4595 erant,

2051 4612 2119 4664 ad
2147 4609 2506 4679 cogitationes
2533 4612 2846 4668 istiusmodi
2877 4619 3259 4672 accommodat
3281 4635 3632 4689 responsum,

2045 4711 2100 4756 et
2130 4702 2328 4772 inquit,
2366 4723 2384 4754 ε
2408 4703 2543 4770 Quae
2570 4713 2654 4758 est
2675 4715 2848 4760 mater
2887 4723 3003 4762 mea
3028 4709 3050 4760 ?
3075 4709 3169 4778 qui
3198 4713 3300 4764 mei
3341 4713 3580 4767 fratres?
3605 4731 3625 4764 ι

2045 4796 2203 4864 quasi
2252 4795 2502 4850 diceret:
2561 4796 2700 4862 Quid
2756 4797 2890 4851 mihi
2948 4810 3174 4855 matrem
3234 4813 3290 4857 et
3318 4802 3517 4858 fratres
3569 4805 3628 4858 in

2045 4887 2399 4954 opprobrium
2435 4888 2683 4959 ingeris?
2711 4889 2913 4944 frustra
2944 4891 3038 4945 tibi
3077 4893 3181 4947 hoc
3209 4896 3376 4949 cessit
3421 4897 3630 4950 machi-

2045 4992 2387 5049 namentum,
2417 4984 2472 5038 in
2490 4986 2830 5040 contrarium
2856 4997 3207 5043 convertetur
3233 4990 3492 5043 insidiosa
3516 4989 3630 5045 haec

2043 5084 2136 5127 tua
2170 5075 2490 5145 satagentia.
2516 5075 2748 5131 Tantum
2774 5079 2918 5132 enim
2957 5080 3112 5134 abest
3146 5088 3207 5134 ut
3229 5096 3315 5134 me
3341 5091 3622 5149 parentun-

2043 5181 2290 5222 meorum
2335 5169 2615 5224 tenuitatis
2654 5169 2878 5239 pudeat,
2945 5178 3005 5225 ut
3041 5187 3149 5226 non
3180 5173 3360 5227 solum
3396 5182 3611 5228 matren

2041 5274 2164 5327 qum
2209 5275 2295 5314 me
2333 5260 2678 5317 incarnatum
2719 5279 2846 5318 vere
2893 5264 3124 5334 peperit,
3180 5280 3500 5335 agnoscam,
3531 5266 3624 5320 sed

2042 5354 2269 5421 insuper
2291 5360 2346 5408 et
2376 5352 2511 5410 istos
2558 5369 2700 5424 quos
2753 5355 2890 5410 viles
2937 5357 3168 5412 intueris
3223 5367 3275 5411 et
3312 5359 3622 5426 despectos,

2042 5442 2159 5498 sine
2193 5444 2328 5499 urbe
2353 5453 2409 5499 et
2436 5446 2556 5501 loco
2579 5461 2871 5517 pauperes,
2914 5447 3042 5502 licet
3059 5448 3206 5504 nulla
3237 5464 3325 5504 me
3350 5449 3622 5520 attingant

2286 5578 2332 5611 ⁸³
2361 5576 2518 5634 Joan.
2553 5578 2742 5645 111,29.
2821 5579 2866 5611 “
2898 5579 3065 5636 Marc.
3097 5595 3171 5647 γι,
3196 5581 3248 5635 5.

1631 5688 1715 5745 VA
1728 5689 1860 5744 [{le
1895 5689 2188 5747 [ΒατιοΝ
2199 5692 2305 5748 ES.

419 5804 448 5835 ν
483 5791 658 5859 άλλως
681 5795 740 5850 τέ
767 5812 828 5865 γε
861 5799 958 5870 οὐχ
989 5800 1204 5856 ἑαυτοῦ.
1305 5811 1329 5839 ι
1399 5804 1608 5859 σκόπει.

1683 5815 1711 5855 γ
1748 5807 1809 5862 c.
1848 5807 1917 5862 M.
1945 5807 1978 5880 ἢ
2007 5808 2186 5880 δῆλον.

2272 5821 2292 5846 ι
2328 5810 2589 5881 ἐπήκοον.
