4136 6488
459 382 568 449 979

1625 378 1893 441 PHOTII
1916 377 2428 439 PATRIARCIl/E
2461 378 2570 439 ΟΡ.

3626 380 3740 446 980

460 501 744 566 atlinitate,
768 513 874 555 non
918 497 1151 568 abnego,
1199 497 1292 551 scd
1326 496 1459 551 mihi
1514 495 1768 565 proprius
1799 510 2043 560 assumo,
2074 546 2079 555 ,

2182 512 2305 549 ἐται
2332 495 2393 548 τὸ
2430 492 2789 566 σκευώρημα.
2826 494 2969 564 Ἐγὼ
2993 495 3103 568 γάρ
3137 496 3391 551 τοσοῦτον
3413 498 3606 572 ἀπέχω
3634 500 3733 555 τοῦ

463 595 659 649 matris
706 604 759 648 et
794 593 1026 647 fratrum
1084 590 1219 645 mihi
1270 589 1452 644 locum
1510 588 1857 656 impleturos,
1889 587 2050 641 modo

462 704 560 759 per
585 702 761 741 meam
785 685 1089 740 doctrinam
1120 683 1349 750 inducti,
1372 682 1552 736 Patris
1582 681 1687 735 mei
1715 681 2052 748 adintpleant

462 778 821 831 voluntatem.
857 772 1332 840 Quemadmodum
1365 772 1511 825 enim
1545 770 1717 835 illam,
1782 770 1930 823 nulla
1965 783 2052 823 me

464 868 946 937 consanguinitate
975 866 1330 935 attingentem
1355 864 1502 934 (nam
1520 862 1655 933 quid
1683 862 1849 917 habet
1870 877 2045 931 genus

466 962 765 1015 humanum
818 974 943 1014 cum
974 958 1183 1013 Deitate
1206 957 1556 1027 commune?)
1606 956 1675 1011 de
1710 964 1938 1025 paterna
1964 964 2049 1009 ta-

466 1068 589 1108 men
624 1053 905 1107 voluntate
957 1051 1277 1105 incarnatus
1323 1066 1389 1103 ex
1446 1048 1559 1112 illa,
1609 1057 1835 1101 matrem
1888 1062 2052 1100 mon-

466 1145 659 1208 stravi,
694 1156 749 1199 et
776 1145 958 1198 omnia
997 1152 1243 1196 materna
1280 1141 1582 1211 privilegia,
1622 1155 1728 1193 una
1758 1153 1885 1193 cum
1936 1140 2049 1191 vir-

466 1240 694 1310 ginitate
729 1238 936 1291 illibata
961 1245 1108 1291 sarta
1145 1234 1219 1288 illi
1251 1242 1392 1288 tecta
1421 1232 1631 1288 servavi
1666 1249 1681 1298 ;
1720 1231 1792 1285 ita
1830 1243 2053 1299 quoque

467 1340 522 1384 ct
542 1330 677 1385 istos
711 1327 807 1398 qui
841 1327 1051 1381 nullum
1084 1327 1297 1395 justum
1334 1324 1552 1377 titulum
1597 1322 1751 1376 adire
1798 1329 2054 1391 possunt,

468 1440 579 1494 quo
633 1422 767 1477 mihi
825 1437 922 1492 per
947 1436 1169 1476 carnem
1229 1417 1641 1487 coniungantur
1694 1426 1789 1470 aut
1831 1416 2056 1481 tribum,

472 1514 636 1569 modo
659 1513 1026 1581 adimplentes
1066 1525 1265 1579 cepero
1293 1508 1601 1563 doctrinam
1661 1523 1839 1562 meam
1872 1516 1927 1562 et
1960 1522 2057 1561 vo-

473 1605 739 1659 Iuntatem
781 1602 981 1667 Patris,
1019 1603 1072 1655 in
1102 1610 1304 1655 sortem
1328 1607 1383 1653 et
1412 1598 1729 1668 dignitatem
1760 1596 2059 1652 fraternam

474 1704 894 1765 maternamque
932 1708 1235 1748 assumam.
1272 1691 1453 1762 Atque
1483 1692 1579 1755 ita,
1618 1700 1679 1745 ut
1708 1706 1809 1762 ego
1841 1692 2060 1761 opinor,

474 1803 506 1842 e
535 1788 696 1842 dictis
722 1787 821 1840 tibi
854 1794 1004 1856 patet
1033 1793 1089 1839 et
1121 1784 1339 1848 satistit,
1376 1783 1523 1853 quod
1552 1793 1774 1854 propter
1816 1783 1947 1837 illud
1976 1783 2062 1837 dio

2149 590 2218 657 τῇ
2248 587 2498 659 εὐτελείᾳ
2530 588 2642 640 τῶν
2667 587 2950 656 συγγενῶν
3000 589 3448 660 ἐπαισχύνεσθαι,
3476 591 3619 646 ὥστε
3669 594 3736 648 οὑ

2156 681 2318 752 μόνον
2342 680 2442 752 τὴν
2466 681 2610 735 κατά
2643 682 2825 751 σάρκα
2854 683 3270 754 γεννησαμένην
3299 683 3537 756 άληθῶς,
3568 687 3739 757 μητέ-

2155 791 2226 846 ρα
2251 775 2655 845 ὲπιγράφομαι,
2683 775 2821 829 ἀλλά
2852 774 2918 845 δὴ
2942 778 3037 830 καὶ
3057 775 3283 839 τούτους
3317 777 3451 848 όρᾷς
3485 777 3613 842 τοὺς
3649 779 3743 832 εὑ-

2151 867 2326 932 τελεῖς
2352 868 2449 921 καὶ
2474 867 2757 933 ἀπόλιδας,
2784 869 2911 932 τοὺς
2942 869 3163 933 ἀοίκους
3190 868 3285 923 καὶ
3328 869 3589 941 πένητας,
3617 870 3744 925 καί-

2152 976 2238 1013 τοι
2275 960 2442 1030 μηδὲν
2490 960 2633 1015 κατὰ
2680 961 2840 1030 γένος
2883 963 3286 1033 προσήκοντας,
3325 962 3388 1015 οὑ
3433 963 3742 1034 παραιτοῦ-

2159 1069 2257 1122 μαι
2284 1052 2359 1117 ὠς
2396 1053 2610 1124 μητέρα
2658 1053 2755 1107 καὶ
2799 1052 3062 1122 ἀδελφοὺς
3104 1053 3630 1123 οἰκειοποιήσασθαι,
3674 1054 3748 1108 ἂν

2155 1137 2259 1196 ὦσι
2296 1144 2459 1214 μόνον
2490 1143 2551 1196 τὸ
2598 1143 2889 1216 πατρικὸν,
2920 1145 3006 1198 διὰ
3034 1144 3142 1198 τῶν
3173 1144 3325 1215 ἐμῶν
3370 1144 3745 1216 διδαγμάτων,

2156 1234 2563 1306 ἐκπληροῦντες
2620 1236 2857 1306 θέλημα.
2894 1238 3107 1303 Ὠσπερ
3156 1236 3268 1307 γὰρ
3318 1236 3537 1307 ἐκείνην
3578 1237 3751 1308 μηδὲν

2156 1329 2224 1398 τῇ
2259 1326 2381 1397 Θείᾳ
2419 1327 2577 1395 φύσει
2632 1329 3020 1400 προσήκουσαν
3044 1328 3119 1398 (τί
3162 1329 3271 1399 γὰρ
3320 1328 3501 1383 κοινὸν
3530 1328 3749 1400 ἀνθρω-

2158 1421 2301 1492 πίνῳ
2345 1421 2494 1490 γένει
2540 1422 2635 1476 καὶ
2675 1422 2967 1493 Θεότητι;),
3005 1423 3155 1492 ὅμως
3186 1421 3455 1492 θελήματι
3488 1420 3750 1493 πατρικῷ

2162 1514 2469 1586 σαρκωθεὶς
2514 1514 2575 1579 ἐξ
2624 1515 2814 1584 αὐτῆς,
2850 1514 3068 1587 μητέρα
3114 1512 3384 1579 άνέδειξα,
3414 1512 3511 1568 καὶ
3568 1513 3754 1569 πάντα.

2159 1607 2230 1662 τά
2280 1606 2523 1679 μητρικά
2550 1606 2846 1676 προνόμια,
2879 1606 3020 1675 μετά
3066 1623 3131 1675 γε
3166 1606 3266 1675 τῆς
3317 1605 3618 1675 παρθενίας
3658 1605 3760 1657 αὑ-

2161 1699 2282 1770 τῆς,
2309 1699 2658 1769 συνετήρησα
2688 1716 2701 1728 ·
2732 1696 2876 1750 οὑτω
2903 1696 2989 1767 δὴ,
3022 1695 3164 1749 οὕτω
3192 1696 3288 1749 καὶ
3325 1694 3552 1760 τοὺτους
3583 1694 3759 1765 μηδὲν

2168 1789 2307 1861 μηδὲ
2336 1791 2402 1843 ὲκ
2431 1789 2532 1859 τῆς
2582 1790 2726 1842 κατὰ
2758 1789 2940 1858 σάρκα
2973 1787 3277 1858 προσεχοῦς
3310 1787 3487 1858 φυλῆς
3516 1789 3641 1858 ἐμοὶ
3670 1788 3758 1842 δι-

473 1888 648 1943 ctum,
679 1895 697 1927 ι
727 1874 861 1942 Quze
893 1886 977 1931 est
1019 1885 1192 1929 mater
1226 1888 1366 1939 mea,
1401 1891 1421 1925 ι
1455 1883 1511 1928 et
1538 1888 1663 1942 qua:
1696 1883 2013 1943 sequuntur
2042 1889 2056 1939 ;

2182 1882 2389 1953 ιαίωμα
2444 1879 2849 1944 διασώζοντας,
2898 1880 2966 1934 ἂν
3022 1879 3184 1950 μόνον
3243 1880 3395 1935 λάὸω
3459 1880 3763 1951 πληρωτὰς

468 1970 785 2027 nullatenus
830 1966 1095 2022 Dominus
1125 1976 1179 2020 et
1234 1966 1485 2021 Salvator
1518 1971 1709 2020 noster
1736 1980 1863 2020 reus
1906 1972 2061 2019 tene-

475 2060 641 2115 batur
668 2060 904 2129 alicujus
952 2068 1303 2128 contemptus
1332 2066 1429 2113 aut
1470 2057 1762 2127 despectus
1786 2072 1915 2128 erga
1939 2070 2060 2111 ma-

479 2165 654 2220 trem;
691 2154 784 2210 sed
818 2161 1034 2216 contra,
1092 2164 1201 2207 tam
1251 2168 1347 2223 per
1392 2152 1496 2208 ista
1520 2167 1687 2222 quam
1741 2151 1849 2206 alia
1875 2151 2060 2207 omnia

476 2247 573 2302 Dei
615 2262 781 2317 opera
799 2246 1130 2307 ostenditur.
1158 2244 1421 2301 maternis
1445 2243 1749 2314 privilegiis
1787 2253 1842 2299 et
1882 2245 2057 2299 hono-

478 2341 656 2406 ribus,
698 2340 861 2409 idque
907 2338 1293 2403 meritissimo,
1341 2339 1487 2409 apud
1532 2352 1659 2394 eum
1697 2354 1858 2410 quem
1898 2352 2065 2410 pepe-

476 2442 647 2499 rerat,
681 2430 916 2487 fructam
956 2438 1011 2486 et
1037 2432 1279 2501 gavisam
1306 2429 1499 2486 fuisse.

2164 1976 2264 2045 τῆς
2292 1972 2433 2043 ἐμῆς
2464 1970 2813 2034 διδασκαλίας
2849 1968 3062 2024 καὶτοῦ
3096 1969 3381 2041 πατρικοῦ
3412 1968 3718 2040 θελήματος
3742 2007 3761 2033 ,

2166 2067 2247 2129 είς
2276 2065 2366 2118 τὸν
2397 2063 2507 2117 τῶν
2534 2062 2784 2131 ἀδελφῶν
2828 2062 2924 2115 καὶ
2963 2061 3217 2133 μητέρων
3255 2059 3573 2125 ἀναδιϐάζω
3626 2059 3767 2130 κλῆ-

2169 2174 2265 2230 ρον
2293 2157 2391 2212 καὶ
2430 2156 2493 2210 τὸ
2524 2155 2772 2226 ἀξίωμα.
2813 2155 2910 2208 Ἐκ
2947 2154 3128 2208 τοίνυν
3183 2153 3295 2207 τῶν
3343 2152 3654 2224 εἰρημένων
3687 2147 3771 2204 οἷ-

2171 2250 2269 2323 μαι
2299 2266 2382 2303 σοι
2409 2249 2597 2319 σαφῶς
2637 2247 3065 2317 ἐπιγνωσθῆναι,
3093 2245 3171 2310 ὡς
3205 2245 3327 2299 οὐδὲ
3357 2246 3448 2299 διὰ
3474 2243 3595 2309 τοῦ,
3623 2263 3643 2296 ι
3665 2243 3768 2308 Τίς

2174 2341 2325 2396 ἐστιν
2355 2342 2389 2413 ἠ
2426 2340 2610 2411 μήτηρ
2658 2356 2761 2409 μου
2793 2355 2808 2403 ;
2845 2357 2864 2389 ι
2905 2338 2999 2391 καὶ
3038 2337 3147 2391 τῶν
3196 2335 3705 2409 ὲφεξῆς,οὑδαμῶς
3735 2335 3770 2390 ὁ

2173 2436 2455 2506 Δεσπότης
2494 2433 2655 2506 ήμῶν
2687 2433 2782 2486 καλ¹
2817 2432 3013 2502 Σωτὴρ
3065 2432 3342 2503 μητρικῆς
3370 2430 3699 2501 ὑπεροψίας,
3732 2430 3771 2499 ἧ

478 2541 625 2588 τινος
689 2524 1004 2596 ὀλιγωρίας,
1036 2523 1255 2592 ἐγένετο
1286 2522 1469 2593 ἔνοχος
1490 2539 1506 2556 ο
1537 2522 1676 2577 ἀλλά
1708 2522 1808 2577 καὶ
1846 2523 1936 2578 διὰ
1983 2527 2211 2595 τούτων,
2240 2528 2317 2592 ὼς
2349 2527 2445 2581 καὶ
2476 2525 2565 2580 διὰ
2590 2525 2811 2579 πάντων
2832 2522 2943 2578 τῶν
2974 2522 3178 2587 ἄλλων,
3213 2524 3247 2593 ἡ
3280 2521 3544 2587 Θεοτόκος
3589 2519 3774 2575 ἐπιδέ-

482 2617 697 2671 δεικται
748 2618 858 2670 τῶν
913 2616 1200 2688 μητρικῶν
1264 2616 1447 2686 γερῶν
1489 2615 1659 2681 ἀξίως
1690 2617 1846 2689 παρά
1876 2621 1970 2673 τοῦ
2003 2622 2293 2693 τεχθέντος
2321 2619 2379 2688 ἐξ
2409 2618 2583 2690 αὐτῆς
2615 2617 2994 2672 ἀπολαύουσα.

591 2707 922 2776 QUIESTIO
974 2707 1182 2765 CCXVI
1239 2707 1441 2780 [CoisL
1492 2708 1742 2778 CCXLV,
1784 2709 1950 2768 Tuur.

1089 2802 1469 2876 cexxxvnt

2705 2710 3045 2766 ΕΡΩΤΗΣιΣ
3073 2710 3231 2777 Σιςο.

548 2938 693 2990 Edita
728 2951 757 2987 a
788 2940 1087 2989 Montacutio
1123 2940 1227 3001 (ep.
1263 2938 1370 3000 155,
1406 2939 1467 2988 ad
1501 2940 1753 3002 Michael.,
1786 2955 1838 3004 p.
1878 2941 2193 3052 i75Ll77).—
2295 2937 2445 2989 verba
2478 2939 2618 2989 Joan.
2659 2938 2914 3000 Baptistaa,
2948 2936 3119 2986 Matth.
3156 2949 3225 2998 ιιι,
3263 2935 3312 2985 ll
3344 2949 3359 2998 ;
3394 2935 3541 2985 Marc.
3579 2948 3612 2998 ι,
3645 2935 3711 2997 7;

2007 3018 2081 3052 uc.
2110 3017 2178 3052 ιιι.
2276 3041 2288 3051 .

2007 3018 2081 3053 uc.
2110 3017 2178 3064 ut,
2208 3017 2288 3051 ιο.

560 3085 836 3140 Pneconis
863 3084 1011 3140 illius
1042 3099 1229 3140 vocem
1293 3101 1401 3155 qua
1457 3086 1834 3156 proﬁtebatur,
1902 3106 1920 3139 ι
1957 3086 2075 3141 Non

2252 3085 2365 3157 Τὴν
2396 3082 2491 3137 τοῦ
2532 3084 2776 3156 κήρυκος
2801 3083 3007 3152 φωνὴν,
3040 3080 3164 3135 καθ’
3204 3082 3270 3152 ἦν
3300 3082 3508 3145 ἐκεῖνος
3544 3080 3781 3153 ἐκήρυτ-

489 3193 611 3233 sum
639 3177 835 3248 dignus
862 3177 956 3247 qui
981 3177 1189 3232 solvam
1213 3176 1505 3248 corrigiam
1534 3178 1701 3232 calcei
1719 3178 1859 3247 ejus,
1896 3196 1914 3229 ι
1937 3178 2081 3247 quod

491 3284 524 3324 a
560 3280 611 3325 te
643 3269 934 3339 quaesitum
961 3275 1065 3334 est,
1090 3267 1392 3323 secundum
1421 3268 1665 3324 diversas
1686 3268 2086 3323 consideratio-

495 3377 594 3417 nes
619 3361 928 3430 expositum
957 3360 1272 3432 invenimus
1304 3379 1318 3415 :
1342 3370 1473 3416 sunt
1500 3360 1595 3431 qui
1621 3376 1727 3415 non
1752 3360 1928 3415 solum
1953 3375 2083 3430 pro-

491 3454 617 3524 plus
632 3452 700 3507 ad
718 3467 965 3522 scopum,
984 3463 1153 3523 utego
1167 3451 1819 3516 arbitror,accedunt,sed
1834 3460 1887 3506 et
1905 3453 1972 3506 ad
1993 3466 2088 3506 voc

492 3551 574 3601 cis
604 3546 1013 3616 proprietatem,
1038 3546 1283 3600 calceum
1311 3553 1366 3600 et
1390 3544 1709 3617 corrigiam,
1732 3544 1786 3598 hi
1810 3558 1919 3599 non
1937 3543 2087 3597 aliud

495 3638 807 3708 intelligunt
831 3652 996 3708 quam
1026 3652 1149 3707 quae
1179 3637 1542 3693 communiter
1571 3638 1625 3690 in
1666 3635 1944 3691 communi
1987 3651 2090 3689 usu

493 3728 674 3800 posita
699 3743 820 3784 esse
835 3730 1018 3784 sciunt
1040 3746 1055 3783 :
1077 3739 1130 3782 et
1150 3742 1247 3798 per
1262 3728 1382 3782 illas
1405 3742 1565 3782 voces
1587 3726 1774 3782 volunt
1796 3726 2088 3796 Baptistam

496 3820 799 3891 intelligere
817 3820 1078 3891 baptizati
1117 3820 1263 3875 illius
1282 3820 1682 3888 excellentiam,
1727 3821 1848 3875 sine
1866 3834 2093 3889 compa-

496 3912 714 3967 ratione
737 3912 1232 3968 transcendentem.
1265 3913 1393 3967 Scio
1415 3914 1585 3974 enim,
1602 3913 1801 3983 inquit,
1818 3912 1971 3967 illum
1993 3925 2093 3983 ego

500 4013 612 4060 tam
656 4004 945 4059 excellenti
970 4018 1093 4060 esse
1126 4004 1393 4073 dignitate
1426 4006 1711 4075 praeditum
1769 4020 1937 4076 supra
1978 4019 2096 4059 rne-

500 4095 836 4165 ipsum,nou
877 4094 930 4148 in
955 4101 1220 4151 quantum
1252 4108 1443 4149 servus
1465 4109 1495 4148 a
1523 4094 1748 4147 domino
1778 4092 1968 4158 distat,
2000 4092 2096 4149 sed

501 4186 550 4241 si
574 4202 695 4254 qua:
728 4186 833 4240 alia
851 4193 936 4240 est
955 4184 1261 4240 diﬁerentia
1299 4194 1354 4239 et
1373 4184 1657 4251 distantia,
1677 4199 1798 4254 quae
1819 4200 1849 4239 a
1871 4185 2018 4240 nulla
2039 4200 2098 4239 re

502 4280 609 4335 alia
627 4290 937 4349 superetur,
956 4292 1132 4347 neque
1160 4284 1307 4333 certe
1325 4291 1425 4346 ego
1452 4292 1537 4331 me
1564 4277 1617 4331 in
1646 4291 1837 4331 eorum
1864 4291 2097 4331 numero

504 4387 787 4441 reponam,
818 4372 911 4442 qui
948 4371 1100 4425 illum
1126 4370 1309 4425 intima
1335 4371 1663 4441 contingunt
1701 4370 2004 4437 servitute;
2044 4372 2097 4426 id

2184 3195 2296 3245 τεν,
2332 3195 2353 3228 «
2390 3178 2507 3231 Οὐκ
2535 3176 2652 3244 εἰμὶ
2686 3174 2872 3238 ἱκανὸς
2900 3174 3060 3228 λῦσαι
3092 3175 3184 3228 τὸν
3233 3175 3438 3245 ἱμάντα
3490 3173 3584 3228 τοῦ
3642 3175 3779 3228 ὑπο-

2184 3271 2248 3342 δή
2259 3287 2426 3341 ματος
2441 3267 2626 3334 αὑτοῦ,
2642 3286 2659 3318 ι
2682 3268 2820 3338 ὅπερ
2850 3267 3013 3329 αὑτὸς
3029 3266 3395 3338 διηρώτησας,
3422 3267 3566 3319 κατά
3591 3265 3783 3335 διαφό-

2191 3380 2317 3436 ρους
2345 3362 2579 3433 θεωρίας
2603 3360 3020 3432 ὑπειλημμένην
3036 3359 3389 3431 εὑρίσκομεν.
3421 3360 3485 3413 Οί
3522 3359 3621 3429 μὲν
3647 3359 3781 3430 γάρ,

2186 3456 2249 3508 οὑ
2314 3453 2474 3525 μόνον
2506 3452 2826 3522 ἐγγύτερον,
2857 3447 3037 3520 οἶμαι,
3072 3449 3165 3504 τοῦ
3228 3449 3455 3514 σκοποῦ,
3500 3450 3635 3503 ἀλλά
3685 3450 3783 3502 καὶ

2189 3547 2407 3610 οἰκείως
2435 3546 2534 3617 τῆς
2565 3544 2788 3610 λέξεως,
2826 3543 3086 3613 ὑπόδημα
3105 3544 3200 3595 καὶ
3227 3542 3566 3613 ἱμάντα,οὑχ
3590 3541 3783 3611 ἕτερόν

2191 3656 2245 3692 τι
2274 3638 2408 3709 παρ’
2439 3637 2468 3690 ὃ
2523 3636 2668 3691 κατά
2693 3633 2881 3707 κοινὴν
2924 3635 3118 3707 χρῆσιν
3152 3633 3387 3700 ἅπαντες
3431 3636 3631 3697 ἴσασιν,
3668 3632 3785 3687 ἀλλ’

2191 3732 2333 3785 αὑτά
2394 3732 2586 3784 ὲκείνα
2640 3730 3009 3800 νενομίκασι*
3044 3729 3140 3782 καὶ
3187 3728 3279 3782 τὸν
3326 3728 3642 3798 Βαπτιστὴν
3693 3726 3788 3780 διά

2193 3821 2398 3876 τούτων
2421 3820 2821 3889 ἀποφαίνεσθαι
2861 3820 2923 3873 τὸ
2946 3819 3070 3874 καθ’
3103 3819 3380 3891 ὑπεροχὴν
3404 3818 3499 3872 τοῦ
3521 3817 3786 3889 βαπτιζο-

2198 3914 2360 3986 μένου
2381 3912 2736 3985 ἀσύγκριτον.
2765 3911 3034 3966 Τοσοῦτον
3066 3911 3174 3984 γὰρ
3216 3913 3446 3977 ἐκεῖνον,
3474 3913 3629 3981 φησὶ,
3656 3928 3785 3965 συν-

2196 4003 2497 4075 επίσταμαι
2524 4005 2581 4057 ὲν
2609 4003 2857 4074 ὑπεροχῇ
2886 4001 3153 4072 μεγέθους
3196 4003 3293 4056 καὶ
3326 4001 3661 4070 ἀξιώματος,
3688 4000 3789 4073 οὑχ

2196 4098 2321 4151 ὅσον
2339 4098 2460 4150 ἐστὶ
2475 4095 2535 4150 τὸ
2554 4096 2716 4166 μέσον
2735 4094 2952 4149 δοῦλονα
2970 4096 3063 4150 καὶ
3074 4095 3368 4159 Δεσπότου,
3385 4094 3521 4147 άλλά
3536 4094 3627 4148 καὶ
3641 4092 3791 4157 εἴτις

2198 4189 2335 4259 ἄλλη
2364 4188 2599 4261 διαφορά
2637 4190 2733 4242 καὶ
2759 4188 3044 4251 διάστασις
3063 4187 3253 4259 μηδενὶ
3278 4187 3451 4258 ἑτέρῳ
3485 4185 3791 4257 ὑπερϐολήν

2199 4280 2596 4335 ἀπολείπουσαο
2625 4278 2748 4332 οὐδὲ
2770 4278 2904 4350 γὰρ,
2933 4278 3040 4332 οὐδ’
3075 4279 3155 4341 εἰς
3177 4276 3275 4349 τὴν
3303 4278 3530 4331 ἀπασῶν
3556 4277 3793 4348 ἐσχάτην

2201 4372 2449 4427 δουλείαν
2486 4370 2635 4437 άξιον
2668 4373 2907 4442 ἐμαυτὸν
2938 4370 3232 4436 ὲτάζεσθαι
3280 4369 3473 4442 τίθημι
3495 4387 3508 4401 ·
3545 4369 3791 4424 τοιοῦτον

505 4466 651 4519 enim
676 4465 932 4530 indicat,c
965 4464 1193 4519 Solvere
1209 4465 1505 4535 corrigiam
1532 4464 2079 4520 calceamenti.iSunl

2199 4465 2309 4536 γὰρ
2359 4463 2441 4528 τὸ,
2484 4481 2505 4514 r
2544 4463 2710 4516 Λύειν
2763 4462 2964 4533 ἱμάντα
3015 4459 3111 4513 τοῦ
3165 4459 3532 4530 ὑποδήματος.
3574 4478 3592 4511 ι
3628 4459 3692 4513 Ol
3734 4458 3792 4511 δὲ

509 4557 602 4627 qui
629 4556 802 4626 magis
827 4554 1007 4610 adhuc
1036 4554 1338 4610 secundum
1366 4569 1670 4624 anagogen,
1694 4556 1854 4609 calcei
1875 4554 2098 4611 nomine

510 4648 776 4703 mundum
802 4651 1163 4719 supponunt;
1194 4648 1481 4718 corrigiam
1523 4657 1705 4703 autem
1729 4649 2099 4717 interpretan-

512 4752 602 4797 tur
632 4742 1037 4812 speculationes
1066 4743 1121 4796 in
1149 4741 1355 4796 mundo
1401 4741 1550 4796 illius
1578 4742 1724 4796 modi
1755 4757 1879 4812 qua:
1906 4755 2103 4811 appre-

516 4836 840 4891 hensionem
876 4835 1075 4890 habent
1141 4834 1286 4889 haud
1347 4834 1504 4890 facile
1542 4833 1945 4898 inveniendam,
2006 4832 2102 4888 sed

514 4931 733 4986 vinculo
767 4931 1090 5002 ignorantia:
1126 4929 1409 4984 insolubili
1438 4928 1918 4997 constringuntur.
1945 4923 2107 4979 Hunc

515 5024 640 5080 ,Ιυειι
675 5025 919 5081 calceum
945 5032 1260 5094 supponunt
1284 5036 1428 5087 esse,
1478 5028 1769 5093 propterea
1824 5019 1991 5090 quod,
2023 5018 2112 5072 in-

519 5119 737 5188 quiunt,
772 5118 1110 5173 Providentia
1139 5117 1313 5188 ipsius
1340 5116 1527 5171 omnia
1566 5122 1827 5185 permeet,
1859 5122 1913 5168 et
1935 5121 2109 5168 totum

521 5211 786 5265 mundum
816 5211 1180 5279 amplectatur
1210 5217 1265 5264 et
1317 5208 1614 5263 contineat.
1675 5205 1864 5261 Potius
1927 5212 2110 5259 autem

526 5303 749 5372 proprio
783 5303 957 5373 ipsius
989 5303 1125 5373 pede
1154 5302 1366 5371 regulat
1397 5308 1452 5355 et
1480 5299 1591 5369 agit
1628 5313 1754 5353 cum
1786 5312 1997 5350 summa
2024 5310 2114 5351 sa-

526 5394 764 5463 pientia;
799 5409 908 5449 non
942 5402 1065 5464 eget
1096 5394 1167 5447 ob
1198 5393 1250 5447 id
1280 5392 1480 5462 ipsum,
1516 5390 1750 5446 consilio
1812 5390 1987 5443 multo
2012 5395 2107 5442 aut

530 5482 759 5553 provida
785 5498 940 5549 cura,
965 5484 1058 5538 sed
1090 5498 1187 5555 per
1209 5491 1512 5538 extremam
1551 5489 1607 5536 et
1646 5480 1892 5536 ultimam
1920 5481 2106 5549 inspe-

2200 4555 2692 4624 άναγωγικώτερον
2752 4553 2904 4617 ἴσως,
2943 4552 3231 4622 ὑπόδημα
3283 4552 3382 4624 μὲν
3435 4552 3528 4606 τὸν
3586 4551 3794 4622 κόσμον

2202 4646 2575 4710 ὑποτίθενται,
2614 4645 2831 4715 ἱμάντα
2861 4646 2917 4700 δὲ
2965 4645 3074 4698 τῶν
3116 4647 3174 4698 ἐν
3221 4644 3372 4716 αὑτῷ
3420 4644 3794 4717 θεωρημάτων

2202 4738 2304 4792 ὅσα
2360 4735 2689 4807 δυσεύρετον
2733 4736 2851 4807 ἔχει
2905 4736 3005 4807 τὴν
3047 4735 3377 4805 κατάληψιν,
3410 4734 3506 4788 καὶ
3558 4734 3650 4787 τὸν
3697 4733 3796 4802 τῆς

2207 4830 2435 4901 ἀγνοίας
2491 4829 2692 4899 δεσμὸν
2733 4830 2927 4882 ἄλυτον
2954 4844 2967 4859 ⁸
3019 4828 3078 4881 ὃν
3129 4827 3386 4899 ὑπόδημα
3431 4825 3648 4880 ποιοῦσι
3700 4820 3798 4877 τοῦ

2218 4921 2417 4993 Ἰησοῦ,
2448 4921 2531 4974 ὅτι
2562 4918 2855 4983 διαπαντὸς
2888 4917 3077 4981 αὑτοῦ,
3099 4918 3293 4988 φασὶν,
3331 4918 3364 4988 ή
3404 4915 3645 4986 Πρόνοια
3676 4915 3796 4967 δια-

2207 5014 2511 5086 πεφοίτηκε
2542 5054 2558 5079 ,
2611 5015 2707 5066 καὶ
2760 5011 2880 5066 ὅλον
2929 5011 3094 5065 αὑτὸν
3144 5011 3259 5082 ἔχει
3309 5006 3625 5080 περιλαϐὼν
3701 5004 3798 5059 καὶ

2210 5106 2455 5179 συνέχων
2486 5122 2502 5138 ο
2559 5105 2761 5177 μᾶλλον
2809 5105 2867 5159 δὲ
2916 5105 3038 5158 ποδὶ
3082 5103 3160 5174 τῷ
3216 5102 3401 5173 οἰκείῳ
3431 5099 3658 5154 διιθύνει
3704 5097 3803 5150 καὶ

2211 5203 2374 5274 φέρει
2406 5200 2706 5269 πανσόφως
2740 5215 2753 5229 ·
2791 5198 3094 5262 τουτέστιν,
3114 5196 3238 5250 οὑδὲ
3278 5195 3480 5263 πολλῆς
3507 5195 3680 5246 δεῖται
3700 5193 3802 5261 τῆς

2211 5293 2300 5347 ἐπ’
2321 5290 2471 5362 αὑτῷ
2506 5289 2706 5362 βουλῆς
2729 5289 2826 5343 καὶ
2854 5289 3133 5359 προνοίας,
3153 5286 3289 5341 ἀλλὰ
3313 5285 3403 5339 διὰ
3427 5285 3525 5355 τῆς
3568 5282 3803 5353 ἐσχάτης

2215 5389 2309 5441 καὶ
2344 5387 2663 5449 τελευταίας
2689 5384 3000 5454 ἐπισκοπῆς
3017 5383 3080 5437 τὸ
3115 5380 3433 5453 τηλικοῦτον
3486 5378 3578 5432 καὶ
3609 5375 3802 5429 τοσοῦ-

2213 5496 2308 5534 τον
2334 5480 2593 5550 συντηρεῖ
2622 5495 2680 5532 τε
2711 5478 2807 5533 καὶ
2833 5477 3121 5549 διακοσμεῖ
3152 5473 3543 5547 φίλοτέχνημα.
3569 5467 3721 5540 Λῦτη
3748 5465 3807 5522 δὲ

1848 5655 2085 5714 γΑιιιιΕ
2125 5654 2542 5714 LECTIONES.

634 5814 658 5841 ⁸
679 5818 742 5874 C.
777 5820 847 5875 Μ.
876 5820 980 5876 553
1005 5820 1042 5876 τ.
1067 5820 1137 5875 97
1161 5820 1370 5875 δούλου.
