4136 6466
388 369 488 438 981

1386 374 1486 433 ΑΙ)
1517 370 2116 433 AMPHILOCHIUM
2146 370 2491 443 QU/ESTIO
2519 371 2763 435 CCXVI.

3549 382 3658 447 982

383 508 509 560 ὅσον
557 501 797 575 κομψείᾳ
853 507 961 557 τινὶ
1003 504 1436 575 διεσχηματίσθη
1487 508 1519 576 ή
1573 504 1844 577 περίνοια,
1876 505 1951 557 ἐπ’

2072 503 2332 568 ctionem,
2372 518 2510 573 opus
2537 506 2745 574 optimo
2771 508 2952 562 studio
3009 508 3079 563 ab
3126 510 3247 579 ipso
3289 512 3651 583 elaboratum,

384 595 659 661 τοσοῦτον,
686 592 863 666 οἶμαι,
883 597 982 665 τῆς
1010 595 1243 665 ἀληθοῦς
1273 597 1971 666 ἐννοίαςδιέστηκεν.”Ετε-

387 704 471 758 ροι
497 687 554 741 δέ
584 688 728 750 τινες
754 686 1038 755 ὑπόδημα
1085 688 1183 757 μὲν
1213 689 1313 756 τήν
1359 688 1559 757 σάρκα
1606 689 1971 757 σημαίνεσθαι

388 775 615 849 (ταύτην
662 778 771 849 γὰρ
804 779 832 831 ὁ
886 780 1079 846 Λόγος
1112 778 1309 843 ὑπέδυ,
1370 779 1558 850 φασίν)
1597 798 1610 813 ο
1646 779 1861 849 ἱμάντα
1911 781 1971 835 δὲ

382 870 759 941 γεγενημένην
792 871 901 923 τῶν
949 870 1166 939 φύσεων
1195 873 1333 943 πρὸς
1362 872 1600 941 ἀλλήλας
1651 873 1966 940 συνάφειαν,

382 962 449 1031 ἢν
477 965 505 1015 ό
540 961 853 1032 Πρόδρομος
881 963 983 1015 οὑκ
1031 964 1317 1033 ἀπετόλμα
1356 964 1526 1028 λύειν,
1573 965 1683 1018 οὐδ’
1714 966 1828 1017 ὅσοι
1868 967 1969 1033 τῆς

382 1052 593 1105 ἐκείνου
619 1053 968 1117 διδασκαλίας
993 1056 1278 1125 κατήκοοι.
1311 1056 1445 1108 Οὐδὲ
1481 1057 1610 1126 γὰρ,
1657 1056 1778 1108 οὑδὲ
1807 1057 1966 1126 θεμι-

380 1142 474 1195 τὸν
502 1144 726 1207 ἀτόποις
772 1146 1005 1221 ἐννοίαις
1047 1149 1171 1201 κατ’
1231 1146 1369 1200 ἰδίαν
1405 1147 1611 1217 σχίζειν
1663 1148 1965 1201 ὑπόστασιν

379 1232 488 1285 ἀπὸ
519 1232 612 1285 τοῦ
632 1236 826 1304 Λόγου
856 1235 917 1289 τὸ
947 1237 1306 1308 πρόσλημμα.
1348 1239 1535 1291 Ἀλλσι
1568 1238 1625 1291 δὲ
1653 1238 1804 1307 παρά
1835 1238 1964 1292 τού-

378 1342 529 1390 τους,
568 1326 666 1397 οὐχ
700 1327 887 1391 ἁπλῶς
945 1330 1046 1398 τὴν
1079 1329 1298 1398 σάρκα,
1318 1331 1435 1384 ἀλλ’
1475 1331 1647 1402 αὑτὴν
1675 1330 1774 1404 τὴν
1814 1332 1966 1401 σάρ·

379 1426 590 1481 πωσιν,
624 1416 718 1469 καὶ
742 1416 840 1489 τὴν
866 1418 1346 1487 ἐνανθρώπησιν,
1392 1422 1674 1492 ὑπόδημα
1702 1427 1965 1495 νενοήκα-

382 1522 466 1559 σιν
494 1522 508 1536 ·
552 1507 795 1577 Ἰμάντα
825 1508 903 1571 δὲ,
939 1511 1000 1563 οὑ
1053 1512 1354 1580 συνάφειαν
1399 1512 1639 1581 φύσεων,
1675 1512 1813 1565 ἀλλά
1852 1513 1964 1567 τῶν

379 1597 510 1668 περὶ
536 1599 637 1665 τὴν
677 1599 956 1670 σάρκωσιν
985 1603 1081 1654 καὶ
1128 1602 1228 1675 τὴν
1265 1602 1683 1677 ἐνανθρὼπησιν
1715 1607 1959 1678 ἀπόρων,

376 1690 472 1742 καὶ
518 1689 814 1760 λογισμοὺς
863 1692 1241 1763 ἀνθρωπίνους
1293 1694 1758 1767 ὑπερσεὸηκότων
1794 1739 1809 1764 ,
1866 1698 1959 1752 τὸν

378 1779 680 1851 σύνδεσμον
710 1796 727 1815 ο
746 1777 820 1836 ὧν
842 1782 942 1853 τὴν
972 1784 1223 1839 ἐπίλυσιν
1265 1787 1361 1839 καὶ
1393 1788 1719 1859 σαφήνειαν,
1749 1789 1848 1860 οὑχ
1879 1790 1959 1845 ὅτι

2079 594 2186 649 tale
2223 610 2349 648 cum
2380 594 2449 648 sit
2474 604 2529 649 et
2551 606 2783 663 tantum,
2840 610 3129 655 conservat
3153 611 3207 656 et
3235 613 3487 659 exornat.
3527 604 3655 663 Haec

2073 695 2253 741 autem
2280 686 2575 755 expositio,
2628 703 2739 757 quo
2776 691 2952 757 magis
3000 701 3201 748 ornatu
3250 696 3488 765 quodam
3540 699 3654 753 eili-

2072 777 2270 847 giatur,
2299 791 2385 843 eo,
2412 776 2631 845 opinor,
2652 778 2858 832 recedit
2889 779 3103 849 longius
3141 796 3171 834 a
3206 784 3453 841 veritatis
3474 787 3654 841 inten-

2073 868 2240 921 tione.
2272 866 2375 920 Alii
2414 875 2543 921 sunt
2576 868 2668 937 qui
2700 884 2797 938 per
2848 869 3103 937 calceum,
3162 873 3473 946 intelligunt
3536 895 3653 933 car-

2071 976 2187 1012 nem
2215 960 2529 1029 signiiicari,
2559 976 2722 1027 quam
2756 961 3015 1016 nimirum
3042 964 3146 1018 sibi
3177 966 3351 1023 induit
3388 969 3607 1025 Verbum
3634 989 3652 1034 ;

2070 1051 2358 1121 corrigiam
2396 1061 2577 1104 autem
2618 1060 2937 1105 naturarum
2993 1052 3299 1109 adinvicem
3354 1061 3651 1114 connexio-

2070 1158 2217 1207 nem,
2247 1158 2410 1212 quam
2448 1157 2793 1212 nequaquam
2829 1143 2918 1198 ille
2947 1143 3261 1201 Praecursor
3290 1149 3501 1205 solvere
3551 1168 3651 1205 ana

2069 1233 2248 1297 debat,
2303 1234 2505 1288 nedum
2558 1234 2822 1289 doctrinae
2872 1234 3048 1305 ipsius
3107 1239 3409 1295 auditores.
3464 1243 3651 1311 Neque

2068 1326 2213 1380 enim
2240 1325 2321 1380 fas
2384 1325 2697 1394 cuicunque
2744 1325 2848 1380 fuit
2898 1343 2989 1394 per
3041 1330 3306 1386 absurdas
3366 1334 3650 1401 opiniones

2068 1416 2341 1486 quaslibet
2408 1417 2625 1486 propria
2667 1418 2990 1472 auctoritate
3063 1420 3274 1475 solvere
3330 1421 3647 1493 hypostasin

2066 1509 2215 1563 illam
2256 1525 2418 1578 quam
2449 1509 2746 1578 assumpsit
2774 1510 2876 1563 sibi
2917 1510 3157 1566 Verbum.
3194 1513 3375 1583 Aliqui
3422 1516 3490 1569 ab
3530 1517 3655 1589 istis

2074 1604 2166 1658 alii
2192 1620 2299 1657 non
2331 1602 2660 1672 simpliciter
2705 1618 2936 1666 carnem,
2967 1604 3061 1657 sed
3091 1604 3265 1674 ipsam
3301 1614 3356 1660 et
3394 1608 3649 1661 incarna-

2069 1690 2283 1753 tionem,
2325 1697 2378 1743 et
2406 1688 2800 1743 humanitatem
2836 1701 3147 1760 susceptam
3199 1693 3436 1748 calceum
3476 1696 3649 1751 inter-

2066 1791 2353 1852 pretantur
2398 1799 2411 1835 :
2474 1783 2779 1852 corrigiam,
2835 1797 2944 1837 non
2990 1791 3308 1839 naturarum
3363 1787 3644 1852 unionem,

374 1874 529 1937 τινὰς
548 1874 655 1930 τῶν
678 1875 891 1929 πολλῶν
908 1878 1123 1941 ἑαυτοῖς
1157 1879 1474 1950 ἐπιτρέπειν
1498 1881 1603 1953 χρὴ
1626 1883 1719 1935 καὶ
1740 1900 1951 1955 περιερ·

2067 1875 2160 1931 sed
2183 1875 2547 1943 quaestionum
2587 1875 2803 1929 illarum
2836 1884 2889 1929 et
2941 1876 3256 1942 dubiorum,
3316 1894 3439 1948 quae
3498 1879 3646 1935 circa

374 1964 664 2033 γάξεσθαι,
696 1965 814 2020 ἀλλ’
843 1969 1089 2037 ἀκριϐῶς
1145 1972 1367 2024 κάκεῖνο
1400 1973 1855 2041 συνεπίστασθαι,
1881 1973 1958 2038 ὡς

373 2054 494 2107 οὐδὲ
520 2058 633 2120 τοῖς
655 2058 799 2111 κατά
841 2056 1118 2131 Ἰωάννην,
1154 2059 1211 2113 ἐν
1238 2079 1299 2115 τε
1348 2062 1547 2134 πράξει
1580 2065 1675 2118 καὶ
1728 2065 1953 2137 θεωρίᾳ,

372 2141 435 2198 τὸ
482 2144 686 2217 ὑψηλὸν
728 2149 825 2201 καὶ
852 2149 1129 2223 μετέωρον
1173 2152 1410 2222 ἔχουσιν,
1438 2156 1501 2209 οὑ
1542 2156 1642 2226 μὲν
1688 2152 1782 2211 οὖν
1835 2159 1956 2211 οὐδὲ

372 2234 606 2301 τούτοις,
629 2236 739 2290 τῶν
792 2241 1121 2310 ἀπορρήτων
1148 2241 1176 2281 ι)
1206 2242 1432 2297 ἐκείνων
1477 2247 1540 2298 τὸ
1578 2246 1809 2317 κρύφιον
1858 2247 1956 2301 καὶ

369 2326 827 2400 δυσκατάληπτον
878 2333 959 2394 είς
1006 2332 1209 2401 γνῶσιν
1271 2336 1546 2405 ἀφίκοιτο.
1589 2338 1763 2403 Αὐτὸς
1820 2339 1952 2410 γάρ,

368 2417 400 2471 ὁ
440 2434 460 2469 ι
495 2416 713 2482 Μείζων
741 2420 800 2473 ἐν
834 2425 1111 2491 γεννητοῖς
1143 2426 1443 2493 γυναικῶν,
1478 2446 1498 2480 ι
1532 2428 1602 2482 δι’
1636 2424 1712 2483 ῶν
1743 2428 1819 2501 μὴ
1858 2430 1953 2483 δύ·

370 2509 564 2565 νασθαι
616 2513 791 2567 λύειν
843 2514 952 2569 τόν
989 2516 1206 2585 ἱμάντα
1256 2519 1598 2592 ὡμολόγησε,
1626 2522 1754 2595 μηδ’
1789 2523 1954 2577 αὐτὸν

371 2601 557 2656 ἱκανὸν
582 2602 648 2656 ἂν
676 2605 933 2672 γενέσθαι
968 2608 1299 2680 παρίστησιν
1335 2612 1404 2665 τά
1436 2612 1663 2667 τοιαῦτα
1687 2614 1794 2668 τῶν
1819 2617 1953 2669 ἀπο-

368 2687 632 2758 ρημάτων
682 2693 1068 2750 ἐπιλύσασθαι.
1101 2697 1233 2750 Τίνα
1280 2699 1339 2751 δέ
1381 2700 1498 2753 ἐστι
1525 2700 1737 2767 ταῦτα;
1771 2702 1868 2767 Τίς
1913 2706 1947 2774 ή

368 2781 678 2850 τοῦ⁶Λόγου
735 2784 1002 2855 κένωσις;
1062 2788 1181 2853 πῶς
1228 2792 1257 2843 ὁ
1302 2791 1559 2862 Πλάστης
1604 2794 1819 2850 ἑνοῦται
1875 2796 1951 2866 τῷ

368 2870 682 2941 πλάσματι;
710 2875 983 2946 Παρθένος
1022 2879 1078 2931 δέ
1110 2882 1228 2944 πῶς
1253 2881 1319 2935 ἂν
1351 2883 1524 2949 τέκοι,
1556 2887 1654 2939 καὶ
1701 2886 1800 2959 τήν
1838 2890 1949 2944 τῶν

366 2960 574 3016 ὠδίνων
599 2964 752 3019 λύσιν
784 2970 1057 3039 σφραγῖδα
1107 2973 1207 3042 τῆς
1238 2975 1570 3044 παρθενείας
1618 2979 1945 3050 ποιήσαιτο;

367 3053 485 3115 πῶς
509 3054 672 3124 ὄγκον
699 3058 839 3128 ἔχων
875 3061 904 3113 ὀ
932 3062 1122 3134 Σωτὴρ
1150 3065 1244 3117 καὶ
1279 3067 1460 3137 σῶμα,
1500 3069 1776 3140 θαλάσσης
1804 3072 1947 3126 νῶτα

365 3143 643 3216 διέτρεχε;
674 3148 788 3213 πῶς
819 3150 876 3203 δὲ
916 3153 1071 3224 τάφῳ
1118 3156 1211 3207 καὶ
1237 3157 1507 3229 κλείθροις
1541 3162 1636 3214 καὶ
1684 3167 1947 3233 σφραγῖσι

366 3237 680 3308 περιέχεται
715 3242 960 3307 ;τούτων
990 3247 1047 3299 δὲ
1083 3247 1245 3303 πάλιν
1275 3251 1552 3321 ἀκινήτων
1601 3254 1945 3327 φυλαττομέ-

365 3344 473 3381 νων
516 3331 727 3385 ἐκεῖθεν
785 3335 1149 3406 προέρχεται;
1195 3335 1313 3393 εἶτα
1364 3340 1549 3395 δὲκαὶ
1606 3343 1716 3396 τῶν
1766 3345 1946 3417 θυρῶν

363 3420 772 3493 κεκλεισμένων
815 3426 897 3489 είς
929 3427 1129 3497 μέσους
1173 3432 1301 3494 τοὺς
1348 3431 1622 3503 μαθητὰς,
1662 3437 1800 3506 μετὰ
1849 3437 1943 3491 τοῦ

361 3513 532 3568 αὑτοῦ
564 3515 837 3587 σώματος,
870 3522 1253 3592 ἐπιφαίνεται;
1286 3528 1381 3579 καὶ
1422 3527 1638 3597 πληγὰς
1682 3530 1774 3585 καλ⁸
1799 3531 1944 3601 τρώ-

364 3625 479 3672 σεις
501 3609 595 3663 τοῦ
620 3610 866 3677 ἀπαθοῦς
892 3615 987 3669 καὶ
1013 3615 1294 3688 ἀφθάρτου
1313 3617 1465 3688 ὄψεις
1494 3619 1822 3691 ἐξερευνῶσι
1849 3624 1945 3677 καὶ

359 3700 650 3770 Simulat;
682 3702 887 3776 βρῶσις
933 3706 990 3759 δέ
1034 3708 1128 3761 καλ⁸
1180 3708 1338 3773 πόσις
1379 3709 1457 3781 τῷ
1501 3711 1797 3784 ἀπροσδεεῖ
1850 3715 1946 3769 καὶ

359 3792 612 3865 ἀρεύστῳ
631 3806 654 3835 ο
684 3796 800 3860 πῶς
826 3797 891 3850 ἄν
920 3815 1003 3861 τις
1023 3798 1667 3875 ἐξείποιξδιαπράττεσθαι
1691 3805 1941 3877 σώματι;

360 3884 582 3938 Τούτων
629 3880 723 3939 οὖν
776 3888 869 3941 καὶ
918 3889 1028 3942 τῶν
1068 3890 1328 3946 τοιούτων
1386 3895 1602 3967 δεσμῶν
1652 3898 1754 3951 οὐκ
1795 3898 1945 3954 ἐστιν

358 3975 509 4038 ὅστις
548 3976 648 4048 οὑχ
677 3978 759 4031 ὅτι
795 3978 904 4032 τῶν
955 3981 1167 4036 πολλῶν
1210 3986 1305 4037 καὶ
1351 3988 1645 4057 τυχόντων,
1679 3989 1795 4043 ἀλλ’
1828 3992 1941 4045 οὐδ’

358 4066 518 4130 εἴτις
536 4068 616 4131 εἰς
645 4069 745 4140 τὴν
781 4069 877 4123 τοῦ
918 4072 1235 4145 Προδρόμου
1275 4076 1428 4148 διέϐη
1459 4078 1761 4143 τελείωσιν,
1788 4082 1942 4135 οὐδὲν

359 4161 549 4229 σαφῶς
592 4162 687 4215 καὶ
736 4163 993 4234 καθαρῶς
1049 4167 1389 4224 ἐπιλύσεται.
1436 4171 1577 4224 Ἀλλ’
1612 4172 1800 4243 ἔτερος
1843 4173 1942 4243 μὲν

359 4252 490 4315 ῖσως
520 4252 708 4323 ἐτέρου
754 4258 867 4319 τοῖς
926 4257 1224 4328 ἀκροαταῖς
1252 4260 1369 4330 ἐρεῖ
1394 4278 1447 4313 τι
1474 4262 1943 4333 ψυχαγωγικώτε-

360 4360 476 4413 ρον,
508 4346 713 4417 καὶτῆς
746 4348 949 4418 πολλῆς
970 4351 1207 4422 ἀπορίας
1229 4353 1580 4425 παραμύθιον
1596 4371 1610 4386 ο
1633 4357 1666 4427 ή
1690 4355 1746 4408 δέ
1769 4355 1941 4425 χωρὶς

355 4434 641 4507 ἐσόπτρων
672 4437 769 4490 καὶ
790 4440 1131 4509 αἰνιγμάτων
1174 4442 1234 4495 ἐν
1285 4443 1502 4508 τούτοις
1547 4445 1796 4515 ἀλήθεια,
1832 4445 1940 4497 τῶν

2061 1967 2456 2020 humanitatem
2494 1966 2547 2020 in
2576 1981 2740 2022 carne
2775 1977 3105 2037 susceptam,
3148 1969 3451 2039 agitantur,
3519 1971 3645 2027 vin-

2059 2058 2241 2113 culum
2270 2066 2326 2112 ct
2364 2057 2745 2124 annexionem,
2778 2075 2899 2129 qum
2926 2068 3161 2115 mentem
3190 2076 3411 2115 onmem
3439 2062 3642 2118 buma-

2057 2163 2185 2202 nam
2212 2148 2370 2218 louge
2403 2135 2662 2217 superent
2697 2166 2711 2203 :
2739 2166 2969 2220 quarum
3002 2152 3368 2220 quaestionum
3416 2154 3647 2210 solutio-

2044 2240 2183 2295 nem
2213 2250 2267 2295 et
2295 2241 2735 2309 explicationem,
2769 2256 2875 2294 non
2912 2240 3082 2310 aliqui
3109 2258 3140 2297 e
3170 2243 3333 2313 vulgo
3364 2243 3465 2298 sibi
3490 2260 3644 2299 arro-

2056 2346 2187 2401 gare
2248 2331 2484 2397 debent,
2537 2342 2631 2386 aut
2683 2332 2959 2387 curiosius
3010 2333 3158 2388 circa
3247 2334 3467 2389 easdem
3522 2352 3645 2389 ver-

2056 2426 2166 2483 sari
2200 2465 2216 2491 ,
2274 2426 2367 2481 sed
2416 2425 2548 2480 illud
2598 2426 2871 2495 exquisite
2938 2424 3211 2494 imprimis
3267 2440 3640 2494 cognoscere,

2052 2519 2196 2590 quod
2248 2534 2348 2574 nec
2395 2516 2621 2573 Joannis
2686 2527 3001 2581 sectatores,
3072 2517 3168 2587 qui
3225 2518 3280 2571 in
3331 2518 3549 2572 actione
3584 2524 3640 2571 et

2054 2612 2508 2680 contemplatione
2576 2611 2807 2665 sublime
2874 2610 3003 2680 quid
3062 2618 3116 2663 et
3156 2609 3433 2664 excelsum
3482 2609 3640 2663 habe-

2053 2703 2206 2767 bant,
2239 2704 2558 2758 abscoudita
2580 2704 2694 2757 haec
2722 2712 2777 2756 et
2808 2702 2897 2755 vix
2928 2700 3469 2770 comprehensibilia,
3489 2708 3639 2755 certe

2052 2796 2474 2866 inexplicabilia,
2512 2794 2901 2863 intelligebant.
2939 2794 3060 2860 Ipse
3092 2811 3111 2843 ι
3152 2791 3325 2862 Major
3355 2791 3497 2846 inter
3517 2806 3637 2844 om-

2052 2900 2149 2939 nes
2176 2900 2207 2941 e
2234 2885 2557 2939 mulieribus
2588 2894 2765 2950 natos,
2799 2902 2817 2934 ι
2858 2898 2982 2936 cum
3011 2882 3296 2952 protitetur
3329 2898 3387 2937 se
3419 2883 3639 2937 solvere

2050 2976 2331 3045 indignum
2360 2992 2483 3032 esse
2509 2978 2795 3046 corrigiam
2831 2975 3014 3041 calcei,
3055 2975 3245 3029 eodem
3277 2983 3403 3029 actu
3463 2990 3639 3045 agno-

2049 3069 2154 3124 scit
2189 3084 2297 3123 non
2329 3082 2492 3138 posse
2526 3082 2585 3122 se
2653 3066 2921 3136 ejusmodi
2978 3066 3173 3122 dubias
3227 3066 3437 3119 solvere
3487 3080 3638 3134 qua:-

2050 3160 2275 3215 stiones.
2314 3161 2379 3214 At
2411 3173 2663 3228 quaenam
2696 3158 2802 3212 illae
2840 3156 3008 3209 sunt?
3034 3156 3293 3222 Quaenam
3322 3154 3489 3210 Verbi
3513 3155 3633 3209 exi-

2050 3249 2314 3305 nanitio?
2342 3249 2545 3303 Rerum
2578 3248 2845 3303 Conditor
2887 3260 2998 3315 quo
3061 3255 3219 3314 pacto
3274 3246 3349 3299 rei
3399 3244 3635 3299 condita}

2046 3341 2349 3397 adunitur?
2386 3356 2494 3412 quo
2545 3349 2704 3410 pacto
2742 3339 3012 3409 pepererit
3080 3336 3266 3407 Virgo,
3322 3346 3376 3390 et
3428 3345 3622 3404 partus

2046 3432 2299 3487 dolorum
2333 3431 2681 3495 solutionem,
2703 3429 2938 3499 sigillum
2972 3428 3221 3482 adhibuit
3251 3426 3627 3495 virginitatis?

2046 3523 2321 3596 quomodo
2374 3523 2651 3586 Servator,
2685 3522 2778 3592 qui
2837 3520 3051 3589 pondus
3088 3528 3142 3572 et
3174 3533 3373 3588 corpus
3419 3516 3629 3584 habuit,

2048 3616 2215 3672 maris
2249 3625 2463 3687 tergora
2509 3629 2675 3669 cursu
2734 3610 3080 3683 peragravit?
3129 3612 3403 3679 quomodo
3452 3609 3632 3677 sepul-

2046 3725 2164 3775 cro,
2185 3707 2442 3764 claustris
2459 3715 2513 3761 et
2527 3705 2718 3774 sigillis
2742 3704 3028 3758 tenebatur
3054 3701 3299 3755 inclusus
3314 3700 3337 3753 ?
3350 3708 3405 3755 et
3434 3700 3626 3754 iisdem

2047 3800 2181 3871 ipsis
2220 3798 2462 3854 immotis
2497 3794 2804 3859 custoditis,
2840 3794 2965 3847 inde
3001 3790 3325 3863 egreditur?
3353 3791 3629 3860 quomodo

2045 3891 2241 3947 deinde
2270 3891 2427 3946 ostiis
2459 3889 2665 3944 clausis
2692 3888 2747 3941 in
2793 3886 3033 3941 medium
3062 3883 3327 3953 processit
3379 3882 3626 3952 discipu-

2045 3982 2245 4044 lorum,
2271 3995 2395 4035 cum
2429 3983 2618 4034 eodem
2653 3976 2925 4046 corpore?
2974 3975 3251 4044 quomodo
3286 3973 3494 4042 plagas,
3537 3974 3625 4026 in-

2044 4070 2187 4124 tlicta
2222 4071 2449 4124 vulnera
2501 4067 2861 4137 impassibilis
2900 4066 3153 4133 corporis
3189 4071 3243 4117 et
3297 4064 3624 4131 incorrupti-

2044 4160 2191 4227 bilis,
2225 4160 2367 4214 oculi
2411 4169 2465 4214 et
2493 4160 2645 4229 digiti
2700 4158 3157 4228 perscrutantur?
3213 4152 3500 4222 Quomodo
3551 4155 3625 4208 ei-

2043 4252 2146 4306 bus
2175 4263 2228 4306 et
2256 4238 2415 4321 potus
2448 4249 2733 4304 conferent
2806 4263 2913 4301 nou
2969 4248 3254 4316 indigenti,
3288 4260 3389 4299 nec
3445 4246 3615 4299 ﬂuido

2042 4343 2280 4413 corpori,
2312 4342 2438 4412 quis
2496 4350 2678 4395 autem
2709 4340 2859 4394 eﬂ‘ari
2887 4339 3102 4408 potest?
3145 4335 3271 4392 Herc
3322 4345 3503 4390 autem
3563 4344 3620 4390 et

2043 4437 2241 4492 similia
2270 4435 2509 4501 vincula,
2540 4448 2723 4496 nemo,
2768 4448 2877 4487 non
2914 4432 3101 4485 dixero
3132 4446 3163 4485 e
3218 4430 3382 4498 vulgo
3442 4429 3621 4483 homi-

350 4530 415 4582 ἐν
449 4528 550 4600 βίῳ
580 4531 797 4585 πάντων
827 4531 1029 4601 ὁμοίως
1071 4532 1523 4606 ἀποκεχώρηκεν.
1571 4535 1731 4589 Ἀλλά
1763 4535 1937 4590 ταῦτα

2054 4544 2174 4582 num
2208 4541 2261 4584 et
2293 4526 2426 4582 [ecce
2465 4526 2799 4595 promiscua,
2833 4523 2928 4579 sed
2956 4539 3023 4576 ne
3055 4523 3275 4592 quidem
3311 4522 3357 4576 si
3382 4522 3449 4575 ad
3476 4519 3621 4576 Prae-

353 4621 457 4691 μέν
486 4637 568 4675 σοι
594 4622 702 4688 τῶν
728 4624 870 4677 κατά
899 4625 1123 4695 μνήμην
1152 4626 1475 4697 σωζομένων
1502 4625 1656 4699 οἶμαι
1692 4627 1762 4681 τά
1791 4627 1936 4691 ἀξιο-

345 4715 615 4788 λογότερα
652 4714 867 4787 ἔγραψα
893 4732 907 4746 ·
953 4719 1018 4771 σὺ
1048 4717 1093 4771 δ’
1114 4720 1402 4790 ἐπικρίνας
1427 4720 1678 4792 στέργοις
1693 4720 1754 4773 τὸ
1777 4721 1937 4790 ἄμει-

345 4824 464 4862 νον.
506 4806 568 4862 ΕΞ
596 4809 642 4863 δ’
667 4809 928 4880 ἐρυθριᾷς
955 4808 1053 4881 τὴν
1080 4809 1287 4879 κρίσιν,
1342 4810 1453 4880 ἐγώ
1488 4829 1570 4865 σοι
1616 4813 1679 4865 τὸ
1718 4813 1935 4883 πρῶτον

347 4901 450 4954 καὶ
494 4901 557 4954 τὸ
587 4900 895 4956 τελευταῖον
930 4902 1039 4956 τῶν
1083 4904 1142 4956 ἐν
1171 4902 1322 4973 μέσῳ
1364 4904 1687 4975 προτίθημι.
1732 4904 1806 4957 Τὸ
1836 4904 1936 4975 μὲν

347 4990 462 5060 γὰρ
493 4990 712 5061 καὶτῆς
756 4991 1064 5056 ὑποθέσεως
1100 4995 1195 5046 καὶ
1230 4993 1340 5045 τῶν
1374 4993 1636 5064 ῥημάτων
1658 4994 1805 5046 ἐστὶν
1853 4997 1935 5048 oi-

351 5084 673 5136 xerdtarov'
728 5084 791 5139 τὺ
843 5085 901 5139 δὲ
960 5083 1273 5139 τελευταῖον
1327 5084 1435 5138 τῶν
1487 5086 1627 5141 κατά
1699 5086 1935 5159 θεωρίαν

354 5172 608 5245 εὑρήσεις
630 5176 1055 5247 ἀναλογώτερον.
1095 5179 1368 5249 Ἔρρωσθ.

2042 4618 2288 4675 cursoris
2340 4616 2730 4689 perfectionem
2791 4615 3096 4670 ascenderit
3151 4614 3389 4683 aliquis,
3438 4613 3617 4682 plane,

2042 4711 2208 4775 clare,
2234 4720 2285 4764 et
2312 4710 2599 4779 perspicue
2635 4709 2859 4762 solverit
2896 4725 2910 4762 :
2948 4707 3060 4761 ﬁeri
3092 4715 3272 4760 autem
3322 4714 3522 4774 potest,
3556 4712 3617 4758 ut

2044 4817 2186 4857 unus
2207 4800 2399 4867 altero,
2436 4802 2578 4869 apud
2609 4800 2910 4865 auditores,
2938 4798 3068 4869 quid
3116 4797 3291 4866 magis
3321 4797 3387 4850 ad
3422 4797 3620 4851 animae

2042 4895 2308 4959 solamen,
2337 4894 2557 4957 dixerit,
2590 4901 2644 4948 et
2668 4894 2721 4947 in
2752 4892 3085 4947 dillicultatis
3144 4888 3462 4958 multiplicis
3516 4904 3617 4943 ex-

2041 4986 2368 5056 peditionem
2401 5002 2415 5038 :
2448 4985 2649 5040 veritas
2673 4994 2853 5039 autem
2888 4984 2941 5037 in
2967 4983 3085 5037 istis
3127 4981 3245 5036 sine
3278 4979 3513 5049 speculis
3562 4988 3619 5035 et

2041 5078 2350 5147 aanigmatis
2383 5077 2524 5131 ultra
2557 5077 2729 5146 ipsius
2788 5076 2911 5130 vitae
2966 5074 3232 5128 terminos
3283 5084 3614 5129 removetur.

2042 5171 2221 5241 Atque
2256 5172 2326 5224 ita
2388 5169 2481 5224 tibi
2519 5183 2707 5224 earum
2738 5168 3140 5238 expositionum
3190 5181 3313 5234 quae
3354 5165 3619 5219 mandan-
3669 5187 3682 5201 ο

2044 5272 2133 5316 tur
2161 5261 2458 5325 memoriae,
2510 5262 2809 5329 praecipuas
2849 5259 3119 5313 enarravi.
3164 5257 3266 5323 Tu,
3318 5257 3457 5311 facta
3485 5258 3601 5312 dis-

351 5347 629 5415 cussione,
666 5352 927 5421 optimam
960 5354 1309 5424 amplectere.
1340 5355 1496 5421 Quod
1559 5355 1606 5411 si
1659 5353 1925 5424 judicium
1986 5353 2333 5422 interponere
2399 5353 2809 5417 verecunderis,
2841 5368 2942 5422 ego
2972 5354 3208 5421 primam
3245 5360 3411 5420 atque
3477 5349 3605 5403 ulti-

354 5460 502 5498 mam
545 5445 750 5498 caeteris
781 5460 1061 5515 praepono.
1109 5445 1244 5501 Nam
1266 5462 1456 5503 earum
1526 5463 1635 5502 una
1691 5462 1816 5502 cum
1877 5454 2199 5514 argumento
2239 5445 2509 5513 subjecto,
2576 5454 2798 5499 etcum
2870 5445 3051 5499 verbis
3115 5445 3377 5514 majorem
3450 5442 3613 5496 habet

351 5533 710 5600 affinitatem;
760 5544 1091 5603 postremam
1120 5539 1359 5608 reperies
1392 5537 1567 5609 magis
1589 5537 1655 5592 ad
1681 5535 2162 5606 contemplationis
2198 5534 2509 5606 analogiam
2544 5534 2860 5592 facientem.
2901 5533 3047 5591 \ale.

1670 5690 1902 5748 VARl/E
1930 5688 2331 5747 LECTIONES.

423 5805 453 5848 δ
478 5806 542 5873 C,
583 5807 653 5866 Μ.
682 5808 1128 5883 ἀπορῤηθέντων.
1212 5820 1235 5850 ο
1272 5808 1374 5882 leg.
1408 5806 1714 5881 ἀρῤεύστῳ.
1748 5805 1811 5863 C.
1836 5803 1909 5862 M.
1949 5803 2247 5875 ἐναρέστῳ.
