4136 6444
519 374 622 436 983
1676 377 1939 436 l‘llOTlI
1990 379 2181 438 PATR
2194 380 2492 440 lARCllAS
2523 381 2630 440 (ΣΡ.

624 488 954 556 Quassrio
1004 488 1234 544 ccxvu
1273 488 1480 560 [Coisl.
1510 488 1791 556 CCXLVI,
1828 490 1991 544 Taur.

1101 582 1504 652 ccxxxvn].

901 674 978 726 De
1030 674 1331 741 cli/Ieremia
1390 674 1699 741 imaginum.

1382 786 1525 836 Edita
1549 803 1576 837 a
1602 788 1901 837 Montacutio
1928 788 2033 851 (ep.
2071 784 2179 847 154,
2207 787 2264 835 ad
2295 786 2436 835 Joan.
2460 786 2707 848 Spathar.,
2739 801 2787 849 p.
2811 787 2917 845 178,
2948 786 3078 846 180).

3669 379 3785 443 984

2720 490 3050 542 ΕΡΩΤΠΣΙΣ
3095 487 3233 545 ΣΙΖ’.

2592 667 2731 734 Περὶ
2781 664 3069 735 διαφορᾶς
3097 666 3366 721 εἰκόνων.

588 898 702 951 Non
730 899 968 954 detrahit
1000 900 1207 970 aliquid
1269 898 1473 955 Christi
1534 900 1781 970 imagini,
1837 901 1883 957 si
1922 899 2134 970 Filius,

2269 897 2433 952 Οὐδὲν
2461 898 2776 966 λυμαίνεται
2806 900 2870 968 τῇ
2916 896 3082 950 εἰκόνι
3115 894 3352 966 Χριστοῦ
3375 938 3390 961 ,
3432 897 3493 950 τὸ
3520 899 3776 967 λέγεσθαι

518 994 731 1045 dicatur
777 1008 902 1045 vera
926 992 1110 1047 Patris
1139 994 1339 1062 imago,
1384 1001 1501 1057 aut,
1530 993 1694 1047 homo
1743 1009 1869 1047 vere
1919 992 2096 1047 factus

2203 990 2295 1043 τὸν
2333 991 2459 1043 Υἰὸν
2500 991 2758 1062 ἀληθινὴν
2826 991 3011 1044 εἰκόνα
3061 990 3155 1043 τοῦ
3190 990 3423 1060 Πατρὺς,
3463 991 3496 1062 ἦ
3528 992 3619 1044 τὸν
3677 995 3779 1045 ἄν-

519 1084 583 1135 ad
622 1086 906 1153 imaginem
942 1084 1079 1138 Dei:
1120 1101 1188 1139 ne
1214 1094 1327 1139 tum
1380 1086 1425 1139 si
1486 1086 1815 1139 allirmamus
1865 1101 1961 1139 eos
2004 1085 2099 1153 qui

2209 1080 2424 1149 θρωπον
2452 1080 2666 1149 ἀληθῶς
2698 1080 2819 1133 κατ’
2866 1081 3051 1133 εἰκόνα
3096 1081 3423 1150 γεγενῆσθαι
3480 1080 3616 1133 Θεοῦ
3650 1098 3665 1112 ’
3716 1083 3780 1133 οὐ

522 1176 819 1227 secundum
862 1175 1117 1227 virtutem
1166 1176 1370 1239 vivunt,
1402 1176 1466 1228 ad
1498 1192 1681 1230 veram
1721 1176 1922 1229 Christi
1964 1176 2100 1229 ima-

2206 1172 2310 1241 μὴν
2341 1172 2451 1225 οὐδ’
2473 1171 2723 1224 ἐπειδ’ἆν
2747 1171 3016 1241 λέγωμεν,
3048 1172 3173 1234 τοὺς
3204 1172 3325 1225 κατ’
3347 1171 3552 1242 ἀρετὴν
3586 1173 3781 1242 βεϐιω-

523 1264 702 1330 ginem
736 1262 1091 1317 conformari.
1124 1263 1239 1317 Non
1270 1266 1416 1319 enim
1446 1278 1504 1317 Ut
1530 1268 1847 1318 traducatur
1904 1264 2098 1331 imagi-

2203 1262 2369 1325 κότας
2414 1263 2510 1331 τὴν
2544 1262 2717 1332 ἀληθῆ
2769 1260 3109 1332 μορφοῦσθαι
3151 1262 3335 1315 εἰκόνα
3397 1264 3655 1333 Χριστοῦ.
3695 1267 3775 1317 Οὑ

521 1355 609 1405 nis
627 1355 934 1419 artiﬁcium,
955 1356 1055 1408 hoc
1072 1356 1271 1410 dicitur
1290 1374 1303 1419 ;
1331 1372 1437 1409 non
1453 1366 1508 1409 ut
1527 1357 1864 1409 mendacium
1885 1356 2103 1423 imagini

2204 1353 2314 1423 γὰρ
2364 1355 2455 1406 ἐπὶ
2508 1354 2727 1425 διαϐολῇ
2790 1354 2887 1423 τῆς
2945 1355 3211 1424 τεχνητῆς
3252 1353 3280 1393 ά
3338 1355 3547 1418 εἰκόνος
3604 1354 3780 1408 ταῦτα

522 1446 813 1500 all'ricetur:
836 1449 927 1501 sed
944 1458 999 1500 ut
1015 1448 1100 1501 illa
1120 1464 1239 1517 qua:
1255 1448 1834 1503 interceditdiversitas
1849 1448 2109 1517 intelliga-

2205 1445 2441 1513 λέγεται,
2478 1445 2586 1498 οὐδ’
2619 1444 2707 1499 ἵνα
2737 1444 2928 1515 ψεῦδος
2958 1446 3095 1514 αὐτῇ
3128 1444 3488 1515 ὲπιγράφοιτο
3518 1461 3532 1475 ’
3557 1444 3675 1498 ἀλλ’
3702 1445 3779 1507 ὡς

506 1526 758 1590 Ἷιιν.Νυη
774 1539 916 1591 enim
932 1554 1056 1592 cum
1081 1539 1275 1593 Filium
1297 1556 1477 1593 veram
1494 1540 1814 1609 sapientiam
1843 1540 2095 1593 nomina-

2207 1538 2273 1590 ἂν
2320 1536 2496 1590 αὐτῶν
2538 1537 2573 1607 ἡ
2642 1536 2777 1606 πρὸς
2829 1536 3030 1606 ἄλληλα
3053 1538 3286 1608 διαφορὰ
3336 1535 3776 1606 ὲπιγινὼσκοιτο.

524 1644 663 1693 mus,
694 1629 1015 1697 sapientiam
1046 1645 1075 1683 a
1109 1630 1307 1684 divinis
1329 1631 1564 1685 oraculis
1594 1631 1972 1695 eliminamus;
1998 1630 2092 1684 sed

2203 1630 2334 1683 Οὐδὲ
2372 1630 2500 1699 γὰρ,
2530 1630 2640 1683 οὐδ’
2664 1629 2793 1682 ὅταν
2832 1629 2924 1681 τὸν
2958 1629 3087 1681 Υἰὸν
3107 1628 3366 1699 ἀληθινὴν
3394 1629 3587 1698 σοφίαν
3608 1646 3778 1698 προσ-

522 1736 623 1773 nec
649 1736 773 1774 cum
802 1722 977 1775 lucem
1016 1738 1223 1786 veram,
1259 1725 1423 1777 vitam
1455 1739 1660 1789 veram,
1693 1722 1949 1785 dicimus,
2002 1721 2092 1775 lu-

2203 1722 2567 1793 αγορεύωμεν,
2581 1723 2679 1792 τὴν
2697 1723 2759 1775 ἐκ
2774 1722 2880 1775 τῶν
2898 1721 3059 1774 θείων
3078 1721 3308 1792 Γραφῶν
3327 1721 3516 1790 σοφίαν
3529 1722 3623 1792 τῆς
3640 1722 3777 1791 ἀλη-

524 1826 644 1863 men
674 1813 851 1866 solare
877 1822 970 1867 aut
1005 1814 1167 1868 vitam
1214 1815 1302 1870 hic
1369 1824 1633 1879 nostram,
1688 1815 1859 1868 multo
1911 1813 2091 1867 minus

2203 1814 2342 1877 θείας
2363 1814 2678 1885 ἐξορίζομεν
2701 1830 2714 1844 ·
2740 1813 2848 1866 οὐδ’
2870 1812 3037 1866 ὲπειδ²
3060 1812 3126 1866 ἂν
3161 1813 3279 1881 φῶς
3304 1812 3467 1867 αὑτὸν
3496 1813 3772 1882 ἀληθινὸν,

523 1902 670 1957 illam
706 1904 966 1972 futuram,
1000 1905 1233 1960 falsariae
1262 1906 1626 1960 subsistentim
1658 1906 1815 1958 inniti
1844 1904 2088 1958 insinua-

2203 1907 2229 1976 ἢ
2266 1906 2410 1976 ζωὴν
2445 1905 2700 1975 ἀληθινὴν
2726 1904 3105 1974 ὀνομάζωμεν,
3131 1903 3192 1956 τὸ
3212 1902 3439 1973 ἡλιακὸν
3459 1902 3594 1971 φῶς,
3616 1902 3650 1975 ἢ
3674 1903 3775 1973 τὴν

522 2007 668 2045 mus.
699 1992 903 2047 Eodem
940 1994 1102 2049 modo
1128 2005 1181 2049 et
1210 2010 1332 2049 cum
1380 1995 1575 2049 Filium
1640 1997 1956 2065 prolitemur
2002 2007 2092 2047 γε·
2120 1979 2134 2037 ]

2203 2000 2469 2068 ἡμετέραν
2485 1996 2712 2050 ἐνταῦθα
2730 1998 2895 2067 ζωὴν,
2925 1997 3010 2049 ἵνα
3028 1995 3102 2066 μὴ
3121 1996 3268 2063 λέγω
3282 1996 3380 2067 τὴν
3394 1995 3620 2062 ἐκεῖθεν,
3644 1995 3775 2064 ψευ-

521 2098 637 2136 ram
665 2084 977 2154 imaginem,
1005 2101 1109 2139 non
1147 2086 1265 2140 illas
1291 2086 1574 2156 imagines,
1597 2101 1717 2155 qua:
1732 2100 1891 2138 suum
1912 2094 2091 2137 ortum

2203 2089 2556 2141 δοῦπόστατον
2587 2085 2961 2154 ἁποφαίνομεν
2977 2098 2992 2114 ⁸
3010 2084 3182 2148 οὕτως
3201 2083 3308 2138 οὐδ’
3335 2085 3573 2155 ὁπηνίκα
3592 2085 3776 2153 φαμὲν

522 2177 592 2229 ab
645 2178 951 2231 imitatione
1008 2180 1334 2244 sortiuntur,
1382 2179 1436 2231 iu
1492 2178 1902 2231 mendaciorum
1954 2178 2097 2231 ordi-

2203 2176 2455 2246 ἅληθινὴν
2488 2176 2670 2228 εἰκόνα
2695 2176 2783 2227 τὸν
2804 2175 2947 2239 Υἰδν,
2978 2175 3096 2245 οὐχὶ
3108 2175 3207 2236 τὰς
3233 2174 3467 2237 εἰκόνας,
3483 2174 3539 2228 αἳ
3566 2174 3665 2245 τὴν
3684 2176 3777 2242 γέ-

524 2284 647 2321 nem
698 2270 1017 2337 rejicimus;
1057 2272 1434 2325 tantummodo
1511 2270 1868 2325 iliﬂerentiam
1930 2288 2092 2341 quam

522 2359 612 2413 illa
654 2362 719 2414 ad
760 2362 893 2416 istas
928 2363 1088 2417 habet
1119 2379 1513 2429 perexcessum
1537 2365 1930 2433 signiﬁcamus.
1956 2364 2096 2418 Audi

523 2452 690 2521 igitur
759 2454 928 2508 tilium
999 2456 1267 2519 tonitrus,
1322 2457 1778 2525 quemadmodum
1848 2455 1979 2521 ille,
2029 2455 2098 2509 de

521 2545 663 2597 coelo
690 2545 966 2607 intonans,
998 2546 1155 2601 nobis
1188 2548 1349 2600 talem
1377 2547 1667 2601 verborum
1696 2562 1919 2601 sensum
1968 2562 2098 2615 sug-

525 2637 679 2706 gerit.
710 2634 1016 2708 Utrumque
1061 2648 1229 2705 certe,
1268 2640 1320 2693 in
1351 2655 1437 2704 eo,
1515 2658 1533 2690 ι
1569 2641 1796 2709 gratiam
1822 2654 1922 2708 pro
1978 2655 2101 2710 gra-

525 2730 599 2782 tia
624 2730 691 2793 “5,
734 2749 751 2780 ι
792 2746 992 2784 novum
1028 2740 1080 2786 et
1111 2743 1303 2798 vetus;
1337 2748 1446 2786 uno
1470 2734 1659 2787 eodem
1703 2732 1889 2803 gratim
1942 2733 2101 2787 titulo

524 2822 837 2889 appellans;
889 2823 1038 2875 addit
1104 2824 1300 2878 deinde
1348 2825 1725 2889 eminentiam,
1784 2826 1875 2879 tibi
1933 2842 2098 2880 unum

525 2928 649 2966 cum
685 2914 856 2966 altero
890 2924 1190 2982 comparat,
1223 2934 1241 2966 (
1288 2914 1423 2979 Lex,
1456 2915 1710 2985 inquiens
1753 2932 1846 2985 per
1877 2917 2098 2987 Moysen

525 3004 781 3068 dabatur,
825 3004 995 3073 gratia
1026 3015 1203 3057 autem
1236 3013 1289 3058 et
1321 3005 1519 3059 veritas
1568 3020 1664 3074 per
1697 3002 1885 3059 Jesum
1942 3005 2102 3059 Chri-

526 3102 672 3148 stum
709 3095 773 3148 ⁶⁶.
806 3113 824 3143 ι
860 3094 1142 3149 Manifesta
1196 3106 1361 3163 patet,
1423 3096 1569 3165 quod
1630 3112 1755 3150 cum
1807 3097 1876 3150 ita
1932 3097 2098 3162 dicat,

527 3201 627 3238 nec
652 3185 880 3254 gratiam
910 3202 1007 3240 nec
1034 3187 1312 3241 veritatem
1348 3203 1378 3241 a
1412 3187 1648 3242 Mosaica
1677 3188 1792 3256 lege
1825 3188 2098 3251 abscidit’,

2197 2267 2343 2321 νεσίν
2368 2269 2505 2319 εἰσιν
2534 2266 2793 2336 λαχοῦσαι
2825 2265 2914 2317 διὰ
2942 2266 3246 2335 μιμήσεως,
3278 2267 3361 2329 εἰς
3388 2264 3585 2334 ψεῦδος
3622 2264 3777 2317 ὲλαῦ-
3834 2260 3837 2263 ⁷

2198 2377 2382 2428 νομεν,
2416 2358 2553 2412 ἀλλὰ
2599 2358 2661 2411 τὸ
2700 2357 2835 2428 πρὸς
2869 2358 3040 2420 αὐτὰς
3078 2358 3295 2428 ἐκείνης
3341 2357 3461 2410 καθ’
3503 2356 3777 2425 ὑπεροχὴν

2199 2452 2466 2522 δηλοῦμεν
2515 2451 2791 2521 διάφορον.
2843 2451 3108 2504 Ἀκουσον
3148 2450 3328 2503 τοίνυν
3382 2449 3474 2501 τὸν
3519 2449 3635 2502 υἱὸν
3678 2452 3778 2517 τῆς

2203 2541 2450 2612 βροντῆς,
2496 2541 2645 2604 ὅπως
2702 2542 2833 2610 ἡμῖν
2874 2540 3081 2595 ἄνωθεν
3144 2540 3403 2612 βροντῶν,
3446 2540 3546 2611 τὴν
3591 2540 3778 2593 τοιαύ-

2200 2653 2300 2705 την
2368 2636 2563 2706 χρῆσιν
2613 2634 2722 2687 τῶν
2771 2634 2944 2703 λόγων
2994 2636 3196 2687 ἐννοεῖν
3271 2634 3506 2688 δίδωσιν.
3576 2636 3781 2705 ΙἌμφω

2200 2730 2312 2798 γὰρ
2342 2729 2398 2780 ὲν
2430 2727 2507 2797 τῷ
2530 2728 2725 2793 εἰπεῖν,
2762 2746 2780 2777 ι
2814 2729 2908 2780 καὶ
2927 2727 3087 2798 χάριν
3104 2727 3225 2780 ἀντί
3256 2727 3498 2797 χάριτος,
3539 2746 3559 2779 ι
3588 2727 3687 2797 τήν
3720 2743 3781 2778 τε

2204 2818 2443 2872 Παλαιὰν
2469 2819 2561 2871 καὶ
2588 2819 2684 2889 τὴν
2733 2818 2899 2882 Νέαν,
2922 2819 3001 2888 τῷ
3046 2818 3148 2887 τῆς
3176 2819 3397 2889 χάριτος
3445 2819 3784 2888 ἐξονομάσας

2203 2912 2594 2983 προσρήματιο
2668 2906 2785 2963 εἶτα
2856 2910 2919 2964 τὸ
2975 2911 3416 2981 ὑπερανεστηκὸς
3465 2910 3698 2982 θάττερα
3754 2922 3777 2947 ε

2204 3004 2341 3073 πρὸς
2379 3004 2476 3073 τὴν
2508 3003 2699 3073 ἑτέραν
2749 3002 3057 3072 παριστῶν,
3102 3021 3119 3053 ι
3180 3004 3239 3056 ’0
3280 3006 3463 3073 νόμος,
3500 3004 3657 3074 φησὶ,
3692 3004 3782 3056 διὰ

2203 3093 2446 3155 Μωσέως
2476 3093 2707 3162 ὲόόθη,ἡ
2738 3093 2896 3163 χάρις
2924 3093 2981 3145 δὲ
3006 3094 3101 3145 καὶ
3130 3094 3163 3163 ἡ
3193 3093 3423 3164 ἀλήθεια
3476 3094 3563 3146 διὰ
3604 3092 3782 3162 Ἰησοῦ

2205 3184 2440 3254 Χριστοῦ
2504 3184 2740 3251 ἐγένετο.
2793 3202 2811 3235 ι
2847 3184 3018 3253 Δῆλον
3072 3184 3180 3255 γὰρ
3234 3184 3309 3247 ὠς
3352 3184 3524 3237 ταῦτα
3584 3184 3779 3252 λέγων,

526 3278 641 3344 ipse
685 3279 828 3331 enim
866 3279 955 3333 ille
996 3278 1096 3334 fuit
1163 3281 1258 3349 qui
1310 3282 1473 3350 paulo
1534 3282 1686 3348 prius
1736 3282 2134 3350 appellatione

2206 3279 2326 3347 οὐχὶ
2346 3277 2445 3347 τὴν
2474 3275 2786 3347 ἀλήθειανῆ
2824 3276 2923 3348 τὴν
2962 3276 3122 3347 χάριν
3161 3276 3254 3329 τοῦ
3289 3276 3585 3330 Μωσαϊκοῦ
3616 3278 3783 3348 νόμου

525 3370 711 3438 gratia:
741 3371 911 3437 ipsam
956 3371 1294 3441 insignierat.
1334 3373 1439 3426 Sed
1472 3388 1568 3427 nec
1619 3374 1962 3428 mendacium
2022 3363 2134 3427 illi'

2206 3366 2529 3437 περιέκοψεν
2548 3383 2561 3396 ·
2586 3368 2747 3430 αὐτὸς
2767 3368 2875 3438 γὰρ
2912 3363 2981 3437 ἦν
3023 3370 3052 3420 6
3090 3367 3273 3438 μικρῷ
3318 3369 3554 3439 πρόσθεν
3583 3368 3661 3440 τῷ
3679 3370 3786 3438 τῆς

527 3463 775 3531 imputat.
814 3462 931 3518 Non
982 3467 1127 3518 enim
1166 3467 1218 3519 in
1281 3469 1670 3523 contumeliam
1736 3478 1830 3523 aut
1885 3469 2097 3523 crimen

2204 3460 2446 3529 χάριτος
2488 3459 2651 3512 αὐτὸν
2700 3458 3082 3528 ἀποσεμνύνας
3115 3460 3362 3529 ὀνόματι.
3400 3461 3476 3513 Οὐ
3523 3463 3629 3531 μὴν
3659 3461 3786 3515 οὐδὲ

528 3552 663 3620 legis
693 3554 896 3606 dictum
932 3554 1084 3616 illud,
1119 3574 1136 3606 ι
1169 3554 1359 3610 Gratia
1404 3568 1589 3610 autem
1648 3567 1697 3612 et
1746 3558 1950 3613 veritas
2008 3575 2104 3627 per

525 3642 711 3697 .Iesum
740 3644 1019 3698 Christum
1054 3645 1174 3709 fuit,
1209 3664 1226 3696 ι
1261 3647 1602 3717 Evangelicis
1627 3649 1855 3703 sancitis
1881 3649 2105 3719 adapta-

528 3737 688 3789 hatur
731 3736 1049 3803 (lleracleon
1102 3739 1174 3792 ita
1209 3739 1433 3804 diceret,
1463 3748 1518 3794 et
1557 3740 1911 3795 lleracleouis
1959 3742 2099 3809 ﬁlii),

528 3828 621 3881 sed
655 3827 901 3894 profecto
937 3827 1109 3895 magis
1134 3828 1400 3881 illustrem
1430 3838 1485 3882 et
1539 3831 1833 3899 perfectam
1884 3831 2101 3885 Domini

535 3917 995 3987 magniﬁcentiam
1024 3920 1310 3974 Ostendere
1336 3920 1519 3974 volens
1558 3936 1721 3990 quam
1772 3922 1961 3975 habuit
1993 3922 2098 3975 Lex

526 4023 624 4077 per
662 4007 882 4077 Moysen
923 4009 1070 4072 data,
1099 4010 1334 4077 generali
1369 4011 1461 4065 illo
1518 4012 1739 4064 nomine
1795 4009 1996 4065 Gratia:
2049 4021 2103 4065 et

526 4101 762 4154 veritatis
814 4101 1131 4169 complexus
1160 4111 1261 4156 est.
1314 4103 1456 4169 Quin
1510 4113 1565 4157 et
1628 4105 1846 4159 divinus
1898 4103 2101 4159 Paulus

526 4208 651 4245 cum
699 4192 851 4257 dixit,
895 4210 913 4242 ι
951 4190 1209 4246 Umbram
1246 4193 1453 4248 habens
1501 4194 1585 4247 lex
1635 4194 1949 4249 futurorum
2004 4196 2102 4248 bo-

528 4298 747 4349 norum,
784 4284 907 4352 noni
941 4283 1112 4352 ipsam
1162 4285 1453 4354 imaginem
1507 4301 1712 4351 rerum,
1746 4304 1765 4336 ι
1805 4285 1976 4354 legem
2017 4295 2102 4356 ty-

531 4391 659 4445 pum
702 4386 753 4428 et
786 4375 1076 4445 imaginem
1118 4391 1241 4431 esse
1285 4376 1593 4432 futurorum
1653 4378 1943 4443 bonorum,
1992 4394 2102 4431 non

531 4468 881 4539 prasdicavit;
936 4468 1027 4521 sed
1078 4468 1345 4536 imprimis
1398 4484 1490 4537 per
1539 4469 1830 4523 verborum
1887 4469 2101 4521 illorum

534 4573 799 4623 tenorem,
854 4559 1047 4613 docere
1102 4560 1275 4613 voluit
1308 4561 1490 4628 potius
1530 4561 1779 4629 gratiam,
1820 4576 1983 4629 quam
2024 4560 2103 4614 le-

2202 3550 2395 3619 ψεῦδος
2426 3547 2591 3602 αὑτοῦ
2622 3549 2999 3619 κατηγόρησεν
3022 3564 3037 3579 °
3067 3549 3188 3602 οὐδὲ
3216 3548 3324 3619 γάρ
3374 3551 3460 3618 ἐφ’
3491 3550 3646 3621 ῦϐρει
3690 3552 3787 3605 καὶ

2202 3640 2421 3712 διαϐολῇ
2444 3640 2539 3693 τοῦ
2571 3640 2733 3709 νόμου
2767 3640 2847 3702 τὸ,
2885 3658 2903 3690 ι
2942 3642 3012 3692 'H
3040 3640 3197 3711 χάρις
3234 3641 3290 3693 δὲ
3331 3642 3425 3693 καὶ
3468 3641 3692 3713 ἀλήθεια
3714 3643 3786 3697 δι’

2215 3731 2389 3801 Ἰησοῦ
2444 3730 2681 3802 Χριστοῦ
2726 3731 2963 3799 ἐγένετο,
3010 3750 3029 3782 ι
3079 3734 3191 3794 τοῖς
3252 3731 3630 3801 εὐαγγελικοῖς
3693 3733 3783 3786 θε-

2207 3826 2367 3893 σμοῖς
2408 3827 2779 3895 περιήρμοσεν
2811 3824 3158 3895 (Ἡρακλέων
3182 3824 3289 3895 γὰρ
3317 3825 3385 3878 ἂν
3412 3824 3582 3889 οὕτως
3614 3826 3781 3889 εἴποι,

2204 3914 2301 3967 καὶ
2328 3916 2375 3968 οί
2408 3915 2595 3977 παῖδες
2623 3915 3047 3986 Ἡρακλέωνος),
3086 3915 3201 3967 ἀλλ’
3235 3917 3641 3986 ἐπισημοτέραν
3682 3917 3781 3987 δη-

2204 4006 2377 4062 λονότι
2407 4010 2500 4062 καί
2536 4009 2876 4079 τελειοτέραν
2915 4008 3016 4077 τὴν
3042 4007 3135 4060 τοῦ
3164 4008 3436 4060 Δεσπότου
3467 4007 3782 4076 φιλοτιμίαν

2202 4103 2300 4172 τῆς
2347 4102 2649 4170 Μωσαῖκῆς
2683 4100 3003 4171 νομοθεσίας
3041 4098 3395 4169 παραστῆσαι
3431 4098 3778 4169 βουλόμενος,

2202 4193 2313 4263 τῆς
2359 4193 2601 4264 χάριτος
2632 4192 2800 4264 αὐτὴν
2835 4193 2930 4245 καὶ
2959 4192 3247 4259 ἀληθείας
3283 4193 3347 4261 τῇ
3404 4195 3553 4261 κοινῇ
3612 4208 3781 4263 προσ-

2203 4289 2402 4360 ηγορίᾳ.
2419 4288 2760 4360 περιέλαϐεν.
2797 4287 2957 4340 Ἀλλὰ
2982 4286 3075 4339 καὶ
3106 4284 3316 4348 Παῦλος
3344 4286 3373 4337 6
3396 4284 3557 4347 θεῖος,
3582 4286 3779 4338 «Σκιὰν

2203 4378 2339 4448 ἔχων
2369 4381 2396 4432 6
2419 4379 2579 4449 νόμος
2604 4378 2711 4430 τῶν
2746 4377 3047 4447 μελλόντων
3076 4375 3316 4444 ἀγαθῶν,
3348 4376 3448 4427 οὐκ
3472 4376 3640 4446 αὐτὴν
3679 4377 3778 4448 τὴν

2203 4470 2386 4522 εἰκόνα
2414 4470 2522 4522 τῶν
2550 4470 2943 4540 πραγμάτων,›
2974 4469 3433 4537 ἀποφαινόμενος,
3456 4469 3516 4521 οὐ
3542 4469 3601 4521 τὸ
3637 4464 3777 4521 εῖναι

2203 4562 2293 4617 τὸν
2326 4564 2489 4632 νόμον
2518 4563 2687 4618 τύπον
2722 4564 2817 4618 καὶ
2837 4564 3023 4617 εἰκόνα
3046 4561 3155 4615 τῶν
3189 4562 3491 4631 μελλόντων
3530 4563 3773 4632 ἀγαθῶν,

532 4668 681 4722 gem,
738 4653 1007 4706 bonorum
1067 4651 1375 4706 futurorum
1438 4651 1751 4706 l'ruitionem
1796 4667 2134 4731 reprmsen-;

2204 4656 2552 4724 ἀπεκήρυξεν
2582 4670 2596 4684 °
2642 4655 2779 4709 ἀλλὰ
2808 4656 2894 4708 διὰ
2922 4656 3028 4708 τῶν
3057 4655 3316 4726 ῥημάτων
3345 4651 3550 4709 τούτων
3576 4656 3775 4709 ἐνεδεί-

536 4754 586 4799 ta
595 4761 671 4799 re.

602 4922 744 4987 Quin
805 4931 858 4977 et
916 4926 1234 4977 decantatus
1272 4921 1324 4976 in
1356 4922 1694 4992 explicandis
1738 4933 1792 4978 et
1840 4925 2101 4981 docendis

531 5013 727 5068 divinis
757 5012 998 5080 Litteris,
1048 5012 1286 5069 Joannes
1338 5014 1781 5085 Chrysostomus,
1816 5018 2006 5073 multis
2045 5020 2099 5074 in

533 5104 667 5159 locis
718 5104 816 5159 hac
874 5104 1043 5173 ﬁgura
1089 5104 1344 5159 dictionis
1400 5120 1531 5160 usus
1589 5121 1712 5161 esse
1762 5109 2097 5177 agnoscitur.

534 5194 722 5248 Divina
752 5196 968 5249 oracula
1001 5196 1409 5250 commentariis
1435 5196 1757 5266 explanans,
1777 5206 1832 5251 et
1862 5199 2100 5268 linguam

534 5285 588 5340 in
617 5288 684 5342 iis
716 5288 1016 5342 enodandis
1047 5288 1329 5353 adhibens,
1350 5304 1471 5358 quae
1504 5304 1629 5344 cum
1659 5288 1955 5346 Nicodemo
1987 5291 2102 5347 dis-

602 5488 647 5518 “
677 5486 833 5541 Joan.
865 5506 901 5554 ι,
944 5488 1023 5541 16.
1102 5488 1146 5518 ³⁸
1183 5486 1317 5542 ibid.
1354 5486 1439 5541 l7.

2210 4744 2355 4810 ξατο,
2387 4746 2584 4817 μᾶλλον
2603 4748 2700 4816 τὴν
2729 4749 2886 4818 χάριν
2916 4748 2948 4818 ἢ
2977 4747 3067 4799 τὸν
3100 4748 3285 4817 νόμον,
3324 4747 3432 4799 τῶν
3479 4748 3779 4819 μελλόντων

2220 4838 2442 4906 ἀγαθῶν
2472 4839 2759 4901 εἰκονίζειν
2791 4839 2889 4910 τὴν
2922 4838 3240 4892 ἀπόλαυσιν.

2296 4930 2407 4983 Nati.
2433 4930 2497 5000 δὴ
2526 4932 2617 4984 καὶ
2648 4933 2676 4983 6
2698 4930 2863 4994 πολὺς
2900 4933 2959 4984 ὲν
2984 4932 3051 5001 τῇ
3084 4930 3192 4984 τῶν
3210 4930 3369 4985 θείων
3399 4932 3630 5003 Γραφῶν
3651 4933 3783 4991 ἀνα-

2203 5019 2395 5084 πτύξει
2453 5022 2548 5073 καὶ
2591 5021 2911 5093 διδασκαλίᾳ
2974 5020 3228 5093 Ἰωάννης
3282 5023 3311 5074 6
3361 5023 3771 5093 Χρυσόστομος,

2203 5111 2471 5181 πολλαχοῦ
2501 5114 2841 5184 κεχρημένος
2878 5117 2955 5184 τῷ
2986 5114 3213 5185 τοιούτῳ
3266 5116 3505 5186 σχήματι
3542 5116 3651 5168 τῶν
3688 5115 3781 5169 λό-

2204 5221 2316 5273 γων
2362 5204 2657 5259 δείκνυται.
2708 5207 2847 5270 Τοὺς
2904 5207 3011 5278 γὰρ
3062 5207 3243 5271 θείους
3314 5208 3780 5279 ὑπομνηματίζων

2206 5295 2511 5367 χρησμοὺς,
2547 5298 2640 5352 καὶ
2667 5299 2745 5363 εἰς
2766 5297 2836 5352 τὰ
2867 5299 3002 5371 πρὸς
3050 5300 3141 5353 τὸν
3177 5300 3487 5373 Νικόδημον
3517 5301 3782 5373 εἰρημένα

1803 5665 2036 5721 νᾹιίΙᾸΞ
2076 5664 2485 5720 LEtZTlDNES.

596 5786 621 5822 α
648 5786 917 5855 τεχνικῆς.
999 5798 1019 5825 θ
1059 5788 1141 5842 Id.
1171 5787 1424 5859 θατέρας.
