4136 6426
527 381 634 448 98τ

1696 380 1962 442 ΡΗΟΤΙΙ
2000 377 2510 445 ΡΑΤΒΙᾹΗΟΗᾸΞ
2540 380 2652 444 CP.

3709 379 3820 444 988

526 482 590 528 ut
636 470 754 527 haec
809 469 997 541 opinio
1037 480 1091 525 te
1126 467 1347 540 dignam
1387 470 1605 537 reddat,
1640 486 1881 541 quaame
1908 480 2118 540 tangas,

2227 469 2386 537 ἀξίαν
2408 470 2467 524 οὑ
2502 472 2653 524 ποιεῖ
2686 486 2748 524 σε
2770 469 2871 541 τῆς
2903 469 3044 542 ἐμῆς
3076 468 3237 541 δόξης
3278 467 3643 540 ἐφάπτεσθαι,
3678 470 3818 524 ἀλλὰ

525 573 586 619 ut
622 564 839 633 elonget
883 562 1078 633 magis.
1111 564 1301 633 ltaque
1345 563 1600 618 advertas
1629 563 1894 633 qualiter,
1934 580 1953 614 ‹
1996 561 2120 617 Noli

525 669 616 711 me
647 664 895 726 tangere,
919 674 937 707 ι
966 655 1057 709 ubi
1086 654 1320 722 dixerat,
1354 655 1488 710 illud
1522 660 1785 721 annectit,
1824 674 1842 707 ‹
1862 655 2119 711 Nondum

524 750 703 817 enim;
742 766 760 801 ι
798 764 952 820 spem
989 749 1068 803 illi
1103 747 1257 816 facit,
1288 749 1436 820 quod
1486 765 1596 805 non
1652 750 1709 805 in
1746 749 1912 805 ﬁnem
1941 764 1973 804 a
2016 764 2121 805 suo

525 839 801 896 desiderio
832 840 1188 908 excludetur;
1221 840 1315 895 sed
1358 842 1507 911 quod
1547 850 1669 913 post
1696 842 1974 911 paululum
2006 850 2123 898 stu—

525 931 681 990 diose
727 935 960 1003 quaesito
986 933 1319 1005 perfruetur,
1350 950 1414 989 ac
1445 934 1491 990 si
1530 935 1738 991 diceret
1764 952 1778 988 :
1818 934 1935 990 Non
1963 942 2122 1005 potes

524 1038 615 1078 me
675 1024 828 1079 adire
879 1025 954 1079 ita
999 1026 1240 1080 animata
1290 1035 1351 1081 ut
1401 1041 1553 1080 nunc
1594 1041 1674 1091 es,
1716 1040 1818 1081 nec
1859 1025 2005 1081 enim
2039 1024 2122 1081 sic

525 1127 824 1185 assequere
861 1115 1006 1184 quod
1032 1115 1166 1171 velis
1201 1133 1214 1169 :
1250 1116 1397 1185 quod
1430 1117 1475 1171 si
1507 1132 1534 1170 a
1559 1116 1761 1173 vilibus
1793 1117 1946 1173 hisce
1967 1117 2119 1187 cogi-

524 1204 827 1260 tationibus
868 1212 922 1259 te
955 1206 1218 1260 extuleris
1245 1207 1313 1260 ad
1350 1207 1725 1273 sublimiores,
1757 1218 1813 1262 et
1846 1206 1958 1263 Deo
1987 1222 2122 1263 con-

526 1310 715 1363 gruas,
753 1295 1077 1350 conceditur
1130 1296 1227 1351 tibi
1269 1311 1551 1362 accessus,
1586 1304 1642 1351 et
1689 1297 1899 1368 majora
1950 1312 2118 1368 quam

525 1387 792 1456 sperabas
846 1402 1207 1458 consequere.
1244 1386 1473 1443 Volebat
1507 1388 1597 1444 illa
1637 1389 1901 1454 humano,
1926 1401 1982 1446 et
2008 1405 2120 1461 quo

523 1478 737 1534 solebat
789 1495 887 1549 per
934 1480 1253 1535 oeconomia:
1289 1482 1604 1551 temporalis
1633 1481 1928 1539 decursum
1966 1499 2121 1540 more

523 1572 688 1626 etiam
720 1588 869 1627 nunc
896 1587 1023 1626 cum
1069 1572 1302 1627 Domino
1330 1574 1649 1630 conversari
1685 1592 1701 1631 :
1735 1584 1790 1630 et
1814 1586 1963 1632 certe
1988 1576 2116 1632 dum

522 1661 780 1729 sepulcro
810 1661 1112 1726 assidebat,
1150 1662 1321 1716 multa
1354 1661 1521 1733 hujus
1550 1666 1768 1733 generis
1794 1675 1849 1720 et
1873 1665 2002 1722 fecit
2027 1668 2116 1722 illa

522 1760 579 1807 et
605 1752 887 1819 cogitavit,
909 1763 1246 1824 unguentum
1271 1754 1531 1821 oll‘erens,
1560 1755 1830 1827 lacrymas
1858 1757 2117 1826 fundens,

522 1845 947 1899 translationem
994 1855 1241 1912 causata,
1288 1854 1345 1900 et
1390 1849 1850 1903 resurrectionem
1883 1850 1941 1905 in
1968 1850 2116 1906 illam
2151 1829 2193 1885 Β

523 1934 951 1991 transformans.
981 1936 1325 1994 AtChristus
1355 1939 1424 1993 ab
1454 1941 1557 1995 hoc
1586 1940 1784 1996 aﬂ‘cctu
1807 1941 2038 2007 ducens,
2065 1951 2121 1998 et

521 2028 661 2084 tales
687 2043 1011 2100 expungens
1043 2030 1427 2100 cogitationes,
1462 2032 1558 2088 sed
1584 2042 1640 2088 et
1680 2033 2117 2103 intempeStivam

520 2136 637 2178 rem
690 2133 746 2177 et
778 2121 1175 2191 impossibilem
1204 2121 1461 2179 alfectare
1497 2139 1617 2178 eam
1668 2126 1984 2192 ostendens,
2021 2127 2116 2193 ait,

523 2229 545 2265 ι
590 2211 669 2267 Ne
691 2228 777 2269 me
812 2222 1025 2284 tangas,
1059 2215 1301 2269 nondum
1338 2215 1486 2270 enim
1522 2216 1746 2271 ascendi
1794 2218 1861 2272 ad
1901 2218 2119 2274 Patrem

518 2319 701 2359 meum
732 2322 746 2360 :
787 2324 806 2357 ι
844 2306 947 2359 hoc
979 2314 1083 2369 est,
1117 2319 1225 2360 non
1254 2314 1340 2362 est
1387 2322 1607 2376 aequum
1643 2316 1700 2361 ut
1736 2322 1837 2377 ego
1880 2308 1934 2364 id
1970 2308 2120 2379 quod

472 2452 477 2455 .
520 2396 619 2453 tibi
659 2398 866 2453 arridet
921 2398 1204 2453 communi
1260 2399 1546 2468 praeferam
1597 2401 1986 2471 providentiae,
2020 2412 2118 2458 aut

518 2489 711 2547 mundi
760 2491 932 2545 totius
994 2490 1328 2557 commodo;
1389 2507 1498 2545 non
1527 2501 1613 2547 est
1641 2508 1739 2561 par
1771 2500 1831 2547 ut
1862 2493 2117 2549 aﬂ‘ectum

519 2593 676 2638 tuum
699 2595 802 2651 ego
837 2588 1020 2634 ratum
1076 2579 1327 2644 habens,
1379 2589 1664 2649 paternam
1725 2582 2119 2638 subobscurem

516 2675 575 2730 in
609 2688 700 2730 me
725 2672 1097 2739 divinitatem,
1134 2681 1230 2727 aut
1258 2674 1437 2742 patiar
1464 2682 1523 2727 ut
1554 2689 1640 2728 me
1669 2674 1968 2729 etiamnum
1998 2684 2121 2729 tan-

515 2782 684 2838 quam
721 2782 932 2822 merum
984 2777 1040 2820 et
1070 2766 1277 2820 nudum
1340 2767 1621 2822 hominem
1663 2770 1919 2823 accedas.
1953 2768 2118 2823 Tem-

518 2874 623 2928 pus
650 2872 816 2913 omne
848 2856 997 2927 quod
1034 2858 1318 2927 praecessit
1345 2873 1591 2923 crucem,
1626 2860 2120 2915 condescensionis

516 2959 574 3005 et
610 2949 1014 3005 humiliationis
1045 2958 1259 3018 tempus
1294 2959 1457 3004 erat:
1524 2960 1657 3006 tunc
1705 2953 1803 3006 tibi
1839 2953 2122 3022 permitte-

518 3047 683 3101 batur
712 3045 1550 3115 cogitationibushumilioribus
1593 3046 1779 3101 innixe
1800 3045 2119 3115 acquiesceo

517 3155 598 3205 re,
631 3154 732 3195 nec
766 3138 1057 3194 confertim
1096 3139 1165 3193 ad
1200 3139 1408 3208 majora
1455 3140 1768 3207 expulsam,
1803 3138 1970 3193 veluti
1998 3153 2118 3192 om—
2142 3174 2187 3237 Ο

516 3232 650 3285 nino
685 3231 967 3286 ominibus
1000 3228 1281 3292 excidere,
1331 3239 1383 3284 et
1416 3230 1483 3283 ab
1518 3229 1587 3285 iis
1643 3229 1843 3293 avelli;
1879 3237 1937 3283 at
1967 3244 2116 3285 nunc

516 3334 735 3393 tempus
790 3334 877 3380 est
917 3323 1239 3379 sublimium
1274 3332 1330 3377 et
1367 3323 1678 3377 divinarum
1716 3338 1924 3378 rerum.
1967 3322 2113 3379 Mors

514 3418 665 3473 enim
696 3417 957 3485 absorpta
993 3417 1049 3471 in
1086 3416 1403 3481 victoriam,
1439 3417 1601 3471 morti
1646 3417 1773 3471 data
1800 3426 1906 3472 est.
1940 3415 2115 3470 Infer-

516 3527 625 3566 nus
681 3510 919 3565 mortuis
984 3510 1053 3565 ab
1101 3510 1253 3564 omni
1315 3524 1433 3565 aevo
1491 3519 1783 3573 vacuatus,
1825 3510 2115 3581 tyrannide

514 3608 717 3657 exutus
769 3610 874 3663 est.
938 3601 1175 3656 illustria
1232 3613 1435 3671 tropma
1486 3615 1583 3670 per
1635 3600 2108 3655 resurrectionem

515 3705 708 3751 contra
762 3676 958 3751 omnes
999 3694 1192 3750 hostes
1223 3695 1521 3749 constituta
1561 3703 1731 3761 sunt;
1763 3694 2026 3764 quocirca
2060 3702 2113 3748 te

519 3796 743 3857 oportet
802 3796 988 3843 mente
1047 3803 1270 3843 sursum
1326 3788 1391 3842 ad
1439 3787 1784 3854 sublimiora,
1825 3797 1879 3842 et
1926 3788 2111 3844 divina

516 3880 877 3943 attollentem,
906 3895 1016 3935 non
1065 3882 1131 3935 ad
1146 3882 1272 3945 huc,
1307 3890 1366 3935 ut
1394 3881 1565 3951 prius,
1621 3897 1745 3951 quae
1776 3882 2112 3938 condescen-

517 3973 692 4030 sionis
731 3983 890 4028 erant
921 3974 1222 4044 requirere,
1253 3990 1355 4030 nec
1383 3975 1771 4031 humilioribus
1800 3975 2108 4043 immorari,

516 4073 612 4120 aut
638 4081 763 4120 cum
787 4066 896 4121 illis
929 4065 1301 4122 circumferri.
1332 4065 1447 4121 lloc
1477 4067 1522 4121 si
1556 4077 1703 4122 recte
1732 4068 2108 4133 administras,

515 4159 581 4219 in,
610 4168 861 4229 promptu
896 4159 1158 4228 reperies,
1191 4174 1291 4213 nec
1328 4159 1538 4213 errabit
1593 4159 1690 4213 tibi
1739 4161 1982 4227 animus,
2016 4159 2111 4216 de-

515 4253 838 4309 sideratum.
866 4252 1159 4323 Conceptis
1182 4253 1352 4317 enim,
1385 4268 1524 4323 quas
1556 4252 1797 4307 nondum
1822 4253 2106 4320 imbibisti,

515 4345 685 4398 rectis
738 4343 1190 4414 cogitationibus,
1246 4343 1420 4398 multo
1476 4344 1654 4413 magis
1700 4343 2108 4400 incarnationis

515 4433 741 4490 modum
771 4433 1104 4490 ineffabilem
1130 4446 1186 4489 et
1216 4435 1693 4505 supernaturalem
1720 4434 2106 4500 admiraberis,

2224 561 2321 615 καὶ
2387 562 2608 633 μακράν
2657 562 2896 633 τίθησιν.
2950 563 3063 617 Καὶ
3113 562 3216 633 δρα
3286 562 3437 624 ὅπως
3478 561 3543 615 τὸ
3579 602 3596 628 ,
3658 578 3677 613 ι
3720 563 3814 633 Μή

2231 672 2335 726 μου
2389 655 2587 720 ἆπτου,
2629 674 2649 708 ι
2693 656 2884 722 εἰπὼν,
2934 654 3015 722 τὸ,
3054 674 3073 707 ι
3117 654 3284 710 Ούπω
3337 654 3471 726 γὰρ,
3521 674 3540 709 ι
3611 672 3816 710 συνεπ-

2221 746 2457 818 ήνεγκεν
2488 756 2516 795 8
2556 761 2571 778 ο
2620 747 2802 811 διδοὺς
2839 747 3062 811 ἐλπίδας
3104 748 3266 819 αὐτῇ,
3300 746 3379 811 ὡς
3402 747 3505 801 οὐκ
3548 746 3630 811 εἰς
3661 746 3815 810 τέλος

2220 839 2316 893 τοῦ
2356 838 2525 894 πόθου
2557 840 2964 910 άπελαθήσεται
2996 856 3009 870 ·
3034 840 3151 893 ἀλλ’
3180 840 3268 894 ὅτι
3311 841 3408 895 καὶ
3454 841 3574 911 μετ’
3605 838 3813 907 ὀλίγον,

2219 928 2296 986 ὧν
2350 932 2720 999 ἐσπούδασεν,
2768 932 3139 1000 ἐπιτεύξεταγ
3174 933 3376 986 ὡσανεὶ
3428 932 3629 1002 λέγων,
3675 930 3815 988 Μεθ’

2222 1020 2292 1100 ἦς
2324 1026 2425 1098 μὲν
2460 1028 2741 1099 προσέρχῃ
2774 1045 2867 1098 μοι
2902 1026 3150 1098 γνώμης,
3181 1026 3282 1081 οὐκ
3308 1026 3486 1094 ἒξεστί
3519 1043 3603 1079 σοι
3642 1042 3814 1098 προσ-

2225 1119 2363 1175 ιέναι
2417 1137 2509 1191 μοι
2538 1136 2553 1151 ⁸
2602 1119 2724 1174 οὑδέ
2769 1120 2878 1192 γάρ
2926 1120 2993 1174 ἂν
3038 1119 3228 1190 τύχοις
3284 1119 3385 1191 τῆς
3428 1117 3670 1187 ἐφέσεως
3697 1133 3712 1148 ⁶
3746 1118 3815 1173 ἂν

2220 1211 2279 1267 δὲ
2330 1214 2453 1276 ταῖς
2474 1211 2837 1284 ὑψηλοτέραις
2858 1213 2952 1266 καὶ
2991 1210 3323 1283 θεοπρεπέσι
3351 1210 3625 1274 διανοίαις⁴
3654 1227 3815 1264 σεαυ-

2219 1302 2314 1358 τὸν
2341 1303 2370 1344 Ιι
2401 1303 2616 1376 ἐπάρῃς
2639 1303 2751 1358 τῶν
2773 1303 3066 1367 ταπεινῶν,
3110 1301 3603 1374 συγχωρηθήσεταί
3637 1319 3721 1357 σοι
3756 1302 3814 1343 h‘

2221 1397 2257 1467 ή
2313 1395 2594 1468 πρόσοδος,
2626 1396 2720 1449 καὶ
2756 1393 3023 1467 μειζόνων
3073 1393 3377 1465 άξιωθήσῃ,
3410 1393 3443 1463 ἢ
3475 1385 3663 1465 ὧνπερ
3717 1393 3815 1463 ἧλ-

2221 1505 2411 1553 πισας.
2445 1488 2557 1543 Καὶ
2612 1487 2801 1560 γάρ,ή
2850 1488 2951 1560 μὲν
2989 1482 3374 1554 ἐϐούλετο,οἷα
3423 1486 3488 1558 δὴ
3528 1486 3624 1540 καὶ
3678 1486 3809 1558 πρόο

2220 1600 2400 1653 τερον,
2462 1581 2981 1654 ἀνθρωπικώτερον,
3036 1582 3130 1635 καὶ
3176 1581 3321 1635 κατὰ
3366 1580 3458 1634 τὸν
3516 1579 3617 1651 τῆς
3663 1580 3813 1632 οἱκο-

2221 1674 2415 1743 νομίας
2434 1674 2635 1747 τρόπον
2663 1673 2747 1744 τῷ
2773 1674 3017 1744 Δεσπότῃ
3043 1670 3600 1745 συναναστρέφεσθαι.
3632 1670 3814 1725 Πολλά

2220 1764 2332 1838 γάρ
2384 1766 2632 1831 τοιαῦτα,
2687 1766 2784 1819 καὶ
2839 1765 2916 1838 τῷ
2970 1766 3127 1837 τάφῳ
3180 1765 3652 1838 παρακαθημένη,
3707 1764 3814 1834 ἐμ-

2223 1858 2431 1930 πραττέ
2482 1860 2500 1900 i
2547 1875 2607 1912 τε
2665 1857 2759 1911 καὶ
2814 1857 3128 1928 ἐλογίζετοο
3198 1858 3347 1931 μύρα
3395 1859 3640 1931 φέρουσα
3673 1873 3689 1890 ο
3725 1858 3813 1911 δα-

2222 1950 2464 2021 κρύουσα
2489 1965 2505 1981 ο
2539 1949 2884 2021 μετατίθεσιν
2913 1949 2926 2002 i
2981 1950 3283 2006 ὑπονοοῦσα
3318 1951 3416 2024 τὴν
3469 1951 3708 2024 ἔγερσιν.
3752 1953 3815 2005 Ὀ

2220 2042 2279 2096 δὲ
2310 2043 2515 2114 ταύτην
2545 2046 2593 2095 ι·
2637 2044 2870 2113 ἀπάγων
2902 2044 3001 2113 τῆς
3044 2043 3243 2116 ὁρμῆς,
3276 2044 3371 2098 καὶ
3420 2044 3529 2097 τῶν
3553 2043 3816 2098 τοιούτων

2220 2135 2589 2208 διακαθαίρων
2618 2136 2907 2202 ὑπονοιῶν,
2944 2136 3022 2191 ἔτι
3058 2138 3115 2191 δὲ
3156 2137 3253 2191 καὶ
3282 2136 3345 2190 τὺ
3378 2137 3611 2209 ἄκαιρον
3644 2136 3817 2191 ἐνδει-

2221 2230 2355 2292 κνὺς
2406 2228 2503 2283 καὶ
2572 2228 2838 2283 ἀδύνατον
2882 2229 2983 2299 τῆς
3037 2229 3427 2301 ἐγχειρήσεως,
3493 2246 3512 2281 ι
3563 2228 3655 2299 Μή
3707 2243 3814 2299 μου

2223 2320 2422 2388 ἅπτου,
2451 2321 2617 2393 φησίν
2634 2337 2649 2351 ο
2669 2322 2824 2375 οὑπω
2848 2322 2956 2393 γάρ
2982 2321 3299 2391 ἁναδέϐηκα
3322 2320 3461 2393 πρὸς
3475 2319 3567 2375 τὸν
3594 2320 3817 2388 Πατέρα

2224 2428 2365 2484 μου·
2407 2410 2431 2467 ί
2462 2414 2765 2477 τουτέστιν,
2801 2413 2875 2469 Οὐ
2907 2410 3154 2486 προσῆκέ
3183 2413 3284 2485 τὴν
3331 2412 3433 2485 σὴν
3486 2411 3813 2483 ἀρέσκειαν,

2220 2506 2323 2578 τῆς
2350 2507 2537 2577 κοινῆς
2567 2507 2828 2579 προνοίας
2868 2508 3144 2579 προτιμᾷν
3168 2546 3185 2573 ,
3215 2505 3313 2561 xui.
3353 2504 3449 2559 τοῦ
3487 2504 3590 2576 τῆς
3632 2506 3818 2559 οίκου-

2225 2596 2394 2669 μένης
2415 2596 2440 2636 Ι(
2473 2614 2537 2649 συ
2546 2596 2868 2668 μφέροντος·
2895 2595 3017 2649 οὑδὲ
3044 2593 3135 2648 τὸν
3168 2594 3261 2648 σὺν
3293 2593 3458 2648 πόθον
3473 2591 3816 2662 ἀφοσιούμεο

2221 2706 2334 2753 νον,
2359 2688 2461 2759 τὴν
2486 2688 2545 2741 ἐν
2568 2690 2695 2757 ἐμοὶ
2724 2686 2988 2757 πατρῴαν
3020 2684 3465 2749 συνεπισκιάςειν
3494 2683 3575 2738 έτι
3623 2684 3817 2754 θεότη-

2221 2798 2313 2845 τα,
2349 2781 2443 2834 καὶ
2466 2780 2543 2844 ὡς
2572 2777 2850 2851 ἀνθρώπῳ
2873 2776 3018 2848 ψιλῷ
3047 2776 3129 2831 ἐτι
3174 2776 3466 2848 ἀνέχεσθαι
3522 2776 3815 2846 προσιέναι

2226 2890 2351 2945 μοι·
2385 2869 2454 2945 ἦν
2478 2873 2578 2944 μὲν
2609 2872 2720 2944 γὰρ
2749 2872 2859 2925 τῶν
2889 2874 2992 2941 τῆς
3024 2869 3512 2939 συγκαταϐάσεως,
3542 2871 3636 2923 καὶ
3662 2866 3677 2900 ¹
3714 2885 3815 2923 τσ-

2222 2965 2575 3035 πεινοτέρων,
2604 2966 2632 3018 ό
2663 2962 2771 3035 πρὸ
2799 2962 2894 3017 τοῦ
2926 2961 3162 3035 σταυροῦ
3190 2962 3379 3034 καιρὸς
3401 3003 3417 3028 ,
3446 2962 3534 3015 ὅτε
3580 2960 3675 3015 καὶ
3725 2961 3814 3014 σοὶ

2222 3055 2642 3126 παρεχωρεῖτο,
2693 3055 2808 3116 τοῖς
2862 3050 3282 3122 ταπεινοτέροις
3333 3048 3637 3119 λογισμοῖς,
3695 3041 3813 3099 οἷον

2223 3144 2673 3215 άναπαυομένην,
2730 3142 3235 3214 ὑποστηρίζεσθαι,
3283 3142 3379 3194 καὶ
3440 3140 3516 3211 μὴ
3562 3139 3699 3210 πρὸς
3738 3139 3813 3193 τὰ

2223 3233 2733 3308 μείζω,·καταρχὰς
2767 3234 2863 3288 καὶ
2884 3233 3103 3306 ἀθρόον,
3132 3232 3556 3303 ἐκϐιαζομένην,
3587 3232 3813 3285 πάντων

2218 3330 2511 3383 ἐκπίπτειν
2536 3329 2632 3382 καὶ
2662 3326 2837 3381 ὑποσύ
2848 3325 3069 3397 ρεσθαιο
3103 3324 3200 3380 νῦν
3226 3324 3306 3389 δὲ,
3324 3324 3437 3381 τῶν
3456 3323 3812 3397 ὑψηλοτέρων

2216 3423 2314 3476 καὶ
2364 3421 2526 3476 θείων
2580 3420 2884 3490 ἐφέστηκεν
2918 3420 2948 3473 ὁ
3000 3418 3211 3490 καιρός.
3238 3416 3483 3480 Θάνατος
3542 3417 3684 3488 γὰρ,
3726 3419 3812 3480 είς

2216 3517 2367 3577 νῖκος
2397 3512 2758 3577 καταποθεὶς,
2785 3512 3158 3567 τεθανάτωται
3189 3526 3206 3542 ·
3241 3511 3341 3566 καὶ
3365 3510 3522 3582 ᾇδης,
3555 3510 3665 3565 τῶν
3709 3511 3810 3563 ἀπ’

2216 3608 2414 3673 αἰῶνος
2464 3608 2679 3679 νεκρῶν
2711 3606 2994 3672 κενωθεὶς,
3024 3605 3126 3676 τῆς
3175 3604 3491 3676 τυραννίδος
3544 3604 3814 3675 ἐκϐέϐλη-

2215 3715 2339 3755 ταιο
2373 3699 2474 3754 καὶ
2504 3699 2734 3770 λαμπρά
2768 3697 2911 3753 κατὰ
2931 3700 3153 3753 πάντων
3177 3696 3390 3768 ἐχθρῶν
3436 3695 3525 3750 διὰ
3552 3698 3652 3767 τῆς
3672 3697 3809 3751 ἀνα-

2217 3792 2461 3856 στάσεως
2510 3791 2719 3863 ἠγέρθη
2775 3790 2845 3845 τὰ
2882 3790 3147 3862 τρόπαια.
3203 3789 3328 3861 Χρὴ
3376 3788 3667 3860 τοιγαροῦν
3709 3790 3809 3845 καὶ

2216 3886 2298 3952 σὲ,
2330 3884 2469 3956 πρὸς
2493 3884 2563 3938 τά
2590 3883 2903 3955 ὑψηλότερα
2929 3883 3025 3938 καὶ
3050 3880 3333 3953 θεοπρεπῆ
3375 3880 3467 3934 τὸν
3507 3880 3633 3935 νοῦν
3674 3882 3807 3935 ἀνα-

2213 3978 2514 4051 φέρουσαν,
2549 3978 2749 4049 μηκέτι
2779 3977 2848 4031 τὰ
2872 3976 3140 4047 πρότερα,
3178 3974 3367 4030 καὶτὰ
3400 3974 3500 4047 τῆς
3525 3992 3806 4044 συγκατα-

2213 4071 2449 4137 6άσεως,
2473 4070 2783 4142 ἐπιζητεῖν·
2819 4070 2957 4141 μηδὲ
2995 4070 3109 4132 τοῖς
3153 4068 3563 4139 ταπεινοτέροις
3605 4070 3806 4122 ἐναπο-

2215 4164 2421 4236 μένειν,
2457 4163 2553 4217 καὶ
2585 4163 3122 4235 συγκαταφέρεσθαι.
3152 4162 3325 4219 Τοῦτο
3348 4164 3407 4217 δὲ
3435 4162 3799 4234 κατορθοῦσα,

2213 4257 2472 4329 εὑρήσεις
2517 4257 2577 4324 ἐξ
2627 4257 2875 4327 ἑτοίμου,
2911 4256 3006 4311 καὶ
3066 4256 3127 4311 οὑ
3177 4257 3530 4332 σφαλλομένῃ
3580 4255 3797 4330 γνώμῃ,

2211 4347 2274 4402 τὸ
2323 4347 2661 4419 ποθούμενον
2693 4365 2709 4382 ο
2771 4348 3014 4403 λαϐοῦσα
3076 4350 3206 4422 γάρ,
3242 4349 3309 4414 ἃς
3357 4350 3514 4405 οὑπω
3544 4351 3798 4421 εἴληφας,

2213 4439 2383 4510 ὀρθὰς
2414 4439 2717 4510 ὑπολήψεις
2738 4479 2753 4504 ,
2778 4439 2901 4494 τότε
2930 4441 3131 4511 μᾶλλον
3161 4441 3260 4495 καὶ
3291 4440 3393 4512 τῆς
3444 4441 3800 4514 ἐνανθρωπή-

514 4536 571 4584 et
607 4526 874 4599 majorem
899 4527 1158 4583 ostendes
1190 4527 1446 4583 ail‘ecwm
1480 4528 1534 4581 in
1574 4542 1662 4582 me
1689 4527 2105 4592 benevolentiae,

2217 4531 2485 4595 σεως’τὺν
2515 4531 2755 4603 ἄρρητον
2783 4532 2880 4586 καὶ
2919 4532 3180 4602 ὑπερφυᾶ
3223 4531 3527 4603 θαυμάσεις
3571 4532 3795 4605 τρόπον,

514 4636 683 4693 quam
713 4629 797 4677 est
824 4636 947 4692 quae
972 4620 1280 4687 inhibetur,
1313 4636 1438 4676 cum
1472 4620 1685 4689 abjecte
1712 4637 1798 4675 me
1838 4620 2105 4676 accedere

2217 4622 2311 4676 καὶ
2340 4622 2529 4688 πλέον,
2563 4623 2597 4694 ἢ
2630 4621 2741 4692 ἐγώ
2775 4641 2859 4677 σοι
2882 4623 3152 4691 ἀπεῖπον,
3183 4623 3566 4695 εὐλαϐουμένη
3601 4642 3800 4679 ταπει-

514 4722 570 4769 et
593 4714 934 4785 contingere,
970 4729 1081 4785 prae
1116 4714 1311 4769 timore
1336 4724 1391 4769 et
1418 4698 1746 4779 reverentia,
1783 4728 1894 4769 non
1935 4712 2103 4769 susti-

2217 4714 2315 4780 νῶς
2363 4732 2454 4787 μοι
2504 4716 2787 4787 προσιέναι
2825 4717 2920 4770 καὶ
2962 4716 3325 4786 ἐφάπτεσθαι,
3351 4717 3512 4784 ἀξίαν
3541 4718 3637 4772 καὶ⁵
3696 4719 3799 4789 τῆς

514 4801 738 4869 nueris;
780 4817 995 4873 nempe,
1026 4802 1251 4873 dignum
1280 4818 1400 4857 mea
1432 4802 1744 4871 divinitate,
1780 4813 1836 4859 et
1872 4813 1963 4859 tua
1997 4803 2105 4859 lide

2217 4808 2353 4879 ἐμῆς
2380 4808 2656 4880 θεότητος,
2687 4808 2783 4862 καὶ
2810 4810 2910 4880 τῆς
2960 4808 3064 4880 σῆς
3110 4807 3358 4871 ἐντελοῦς
3391 4809 3655 4874 πίστεως,
3679 4791 3799 4862 ἐπιέ

510 4892 625 4963 jam
653 4892 927 4949 absoluta.
972 4892 1135 4947 Certe
1166 4892 1312 4963 quod
1345 4909 1452 4948 non
1482 4908 1736 4949 sermone
1762 4894 2105 4950 antecedenti

2217 4899 2405 4966 ΓΞείξβις
2431 4899 2521 4955 τὸν
2550 4902 2631 4965 είς
2666 4900 2767 4972 ἐμὲ
2803 4900 2969 4955 πόθον
3000 4902 3097 4955 καὶ
3126 4902 3228 4971 τὴν
3261 4899 3498 4957 εὔνοιαν.
3533 4902 3657 4955 Ὅτι
3688 4902 3798 4974 γὰρ

516 4984 845 5054 simpliciter
904 4998 937 5039 a
990 4992 1135 5039 tactu
1188 4983 1585 5055 prohibebatur
1612 4986 1704 5039 illa
1750 4985 1974 5053 femina,
2009 4986 2105 5043 sed

2217 4991 2329 5062 οὐχὶ
2346 4990 2447 5062 τῆς
2476 4992 2714 5062 ἐπαφῆς,
2752 4991 3155 5064 προηγουμένῳ
3178 4992 3323 5064 λόγῳ
3342 4993 3437 5046 κα)⁴
3458 4992 3583 5046 καθ’
3610 4994 3797 5059 ἑαυτὸ,

516 5085 729 5131 tantum
764 5077 915 5149 quod
942 5092 1012 5132 ex
1046 5087 1261 5133 terrena
1298 5087 1352 5133 et
1384 5079 1584 5134 humili
1646 5079 1979 5149 cogitatione
2008 5094 2109 5134 vo-

514 5170 662 5227 lebat
718 5180 967 5242 tangere,
1012 5168 1406 5239 conjecturam
1464 5171 1675 5226 faciunt
1724 5172 1859 5227 satis
1897 5171 2102 5226 claram

515 5264 773 5320 mulieres
830 5263 938 5317 illa:
968 5261 1090 5317 duae
1147 5277 1270 5333 quae
1308 5263 1525 5318 obviam
1566 5264 1706 5319 forte
1744 5263 1978 5319 Domino
2012 5264 2107 5319 lie-

519 5368 666 5424 uant,
710 5357 934 5429 quibus,
992 5356 1224 5423 Salvete,
1276 5356 1428 5412 salus
1488 5358 1737 5411 omnium
1794 5359 1944 5413 clara
1974 5372 2105 5413 voce

513 5450 868 5519 pronuntiat;
903 5458 959 5506 et
996 5464 1126 5505 cum
1150 5448 1428 5506 mentibus
1460 5457 1518 5505 et
1550 5449 1810 5506 manibus
1844 5463 2105 5505 consum-

2202 5081 2267 5136 τὸ
2305 5082 2531 5151 γύναιον
2561 5083 2857 5151 ἐκωλύετο,
2890 5084 3007 5138 ἀλλ’
3042 5087 3123 5138 ὅτι
3150 5087 3429 5150 ταπεινοῖς
3468 5086 3564 5139 καὶ
3589 5102 3797 5157 χαμαι-

2204 5176 2396 5229 πετέσι
2444 5175 2731 5246 λογισμοῖς
2772 5175 2853 5230 ἐτι
2902 5177 3163 5232 διενοεῖτο
3216 5177 3655 5249 προσάπτεσθαι,
3703 5194 3796 5232 τε·

2201 5265 2503 5339 κμηριοῦσι
2532 5267 2720 5337 σαφῶς
2758 5268 2855 5323 καὶ
2885 5269 2941 5321 αἱ
2984 5270 3395 5340 συναντήσασαι
3427 5268 3506 5340 τῷ
3543 5270 3794 5343 Δεσπότῃ

2198 5360 2294 5414 δύο
2335 5361 2595 5429 γυναῖκες
2621 5376 2634 5389 ’
2666 5356 2757 5425 αἷς
2817 5361 2879 5412 τό
2906 5377 2988 5428 τε,
3034 5363 3299 5430 Χαίρετε,
3332 5364 3366 5434 ἡ
3398 5366 3616 5417 πάντων
3646 5365 3795 5434 χαρά

2202 5450 2479 5522 λαμπρῶς
2513 5451 2854 5521 προσφωνεῖ,
2889 5450 2985 5503 καὶ
3014 5450 3126 5504 τῶν
3162 5452 3448 5524 ἁχράντων
3477 5450 3656 5506 ποδῶν
3696 5467 3796 5505 τε-

1799 5626 1966 5683 VARI
1976 5628 2041 5683 1E
2086 5625 2494 5686 LECTIONES.

585 5738 809 5818 μιῇ-Μ.
851 5740 1205 5818 συνήνεγκεν.
1271 5738 1474 5818 l§C._lii.
1501 5744 1755 5818 castiga."
1787 5742 1838 5783 ιν
1870 5741 1999 5818 add.
2035 5741 2151 5801 καί.
2209 5741 2315 5799 iCu
2347 5738 2699 5812 Μ.ἐπραττε.
2754 5740 2769 5796 i
2806 5742 2868 5802 C.
2899 5741 2972 5801 M.
3014 5742 3324 5818 μετάθεσιν.
3391 5741 3437 5793 i'
3460 5742 3548 5800 ἵσ.
3589 5739 3797 5813 ταύτηβ

513 5810 538 5851 ιι
573 5812 659 5866 ίσ.
683 5814 872 5882 cii-vn.
896 5814 960 5867 (3.
984 5812 1061 5864 Μ.
1097 5811 1306 5865 καὶτοῦ
1326 5814 1439 5877 τοῖς
1466 5814 1574 5867 οίκ.
1664 5810 1709 5853 Ἰ
1732 5813 1817 5867 ἴον.
1853 5814 1979 5867 τῶν.
