4136 6434
342 386 453 450 989

1239 384 1342 447 AD
1378 375 1977 443 AMPIIIIDCIIIUM
2016 373 2362 447 QU/ESTIO
2418 374 2731 437 CCXVIII.

3521 373 3629 438 990

338 478 727 552 τελειωμέναις
757 478 853 535 καὶ
874 478 1037 555 φρεσὶ
1060 477 1156 534 καὶ
1181 478 1372 548 χερσὶν
1396 474 1617 545 ἐφίησιν
1638 471 1928 526 ἅπτεσθαι.

2035 482 2196 521 mata:
2211 474 2417 533 essent,
2465 466 2844 524 immaculatos
2877 468 3043 539 pedes
3076 470 3396 541 contingere
3422 475 3625 540 permi-

351 571 506 625 Ἐπεὶ
529 572 586 626 δὲ
607 572 745 636 τέως
771 572 1108 643 ἐφάπτεσθαι
1133 570 1194 623 τὸ
1213 568 1437 638 γύναιον
1488 562 1816 627 ἐκεκώλυτο,
1841 562 1929 615 ἵνα

341 666 419 739 μὴ
460 667 841 738 διαμαρτοῦσα
867 669 969 738 τῆς
1011 664 1269 735 σπουδῆς,
1296 663 1376 725 είς
1411 659 1590 728 λύπην
1616 658 1712 711 καὶ
1743 657 1930 725 λογιση

342 759 476 831 μοὺς
499 759 739 831 ἐμπέσῃο
761 758 984 812 εὔκολον
1004 756 1113 828 γὰρ
1144 756 1205 808 τὸ
1230 754 1387 824 γένος
1417 752 1553 822 πρὸς
1579 749 1931 819 ὀλιγοψυχίαν

339 851 437 904 καὶ
459 851 735 906 ὑπόνοιαν·
753 851 839 913 Ὠς
852 848 1219 921 παρεώραμαι
1244 846 1350 909 ιὼς
1369 843 1626 914 ἐξουθένη
1636 859 1731 913 μαι
1749 842 1761 894 !
1782 840 1931 910 οἴμοι

340 943 548 1010 λοιπὸν,
571 944 655 1006 τίς
675 942 953 1012 γένωμαι;
1009 941 1127 995 Ἵνα
1153 935 1246 993 οὖν
1271 937 1347 1010 μὴ
1368 936 1505 1007 πρὸς
1524 934 1698 988 ταῦτα
1724 934 1928 1004 δράμῃ,

341 1031 631 1107 προλαϐὼν
653 1031 823 1102 αὐτὴν
846 1033 873 1083 ὀ
888 1030 1102 1101 Σωτὴρ,
1119 1029 1457 1101 ψυχαγωγεῖ·
1479 1028 1595 1094 καὶ,
1620 1046 1639 1078 ι
1665 1024 1926 1097 Πορεύου,

340 1123 500 1193 φησὶν
532 1122 671 1193 πρὸς
703 1122 830 1184 τοὺς
883 1118 1147 1189 ἀδελφούς
1191 1137 1315 1190 μου,
1373 1118 1466 1171 καὶ
1513 1118 1634 1170 εἱπέ
1667 1114 1873 1181 αὑτοῖςο
1906 1132 1924 1163 ο

337 1214 461 1268 δυσὶ
519 1213 769 1285 τρόποις,
822 1213 909 1266 διὰ
966 1210 1074 1265 τῶν
1123 1212 1388 1283 ῥημάτων
1436 1208 1664 1272 τούτων,
1687 1207 1778 1260 τὸν
1830 1206 1928 1258 τά-

341 1323 510 1378 ραχον
559 1304 883 1359 ἀπελαύνων
920 1304 1029 1359 τῶν
1050 1303 1350 1374 λογισμῶν,
1378 1304 1473 1356 καὶ
1504 1300 1641 1372 πρὸς
1662 1300 1930 1370 εὐθυμίαν

338 1397 511 1468 αὐτὴν
559 1397 895 1467 παρακαλῶν
921 1414 933 1427 ο
965 1396 1049 1449 ἐνὶ
1100 1397 1219 1466 μέν,
1249 1396 1443 1465 ὅτιπερ
1480 1393 1650 1464 αὑτὴν
1691 1392 1927 1458 εὐαγγε-

339 1487 591 1560 λίστριαν
622 1489 950 1559 ἐχειροτόνει
975 1488 1075 1558 τῆς
1108 1486 1461 1549 ἀναστάσεως
1494 1501 1507 1516 ·
1545 1484 1717 1554 ἑτέρῳ
1748 1482 1827 1545 δέ,
1858 1482 1926 1535 δι’

339 1577 416 1635 ὧν
436 1581 507 1635 τὰ
535 1583 627 1634 ῖσα
658 1582 752 1634 καὶ
779 1582 893 1644 τοῖς
921 1580 1211 1650 μαθηταῖς,
1231 1580 1297 1632 δι’
1318 1579 1487 1648 αὑτῆς
1515 1578 1753 1646 ἐκείνης,
1788 1593 1929 1648 παρ-

339 1673 644 1728 εκελεύετο.
681 1674 793 1727 Καὶ
821 1673 930 1744 γάρ
960 1689 1095 1742 φησι
1125 1691 1140 1705 ·
1181 1690 1199 1724 ι
1240 1671 1350 1725 Καὶ
1385 1670 1507 1723 εἰπὲ
1535 1670 1742 1732 αὑτοῖς.
1769 1671 1926 1721 Ἀναο

340 1766 512 1822 ϐαίνω
544 1766 682 1837 πρὸς
706 1767 800 1818 τὸν
832 1764 1060 1836 Πατέρα
1088 1782 1195 1832 μου
1225 1780 1241 1795 ο
1286 1783 1304 1815 ι
1339 1763 1428 1817 ἵνα
1456 1763 1618 1833 εἴπῃς
1644 1773 1685 1801 ιη
1708 1803 1719 1825 ,
1748 1762 1838 1831 Μή
1862 1777 1923 1813 σε

337 1858 600 1924 λυπείτω,
630 1858 712 1911 ὅτι
760 1856 1175 1928 προσάπτεσθαί
1206 1872 1309 1927 μου
1337 1853 1642 1909 διεκώλυσα
1674 1869 1690 1885 ο
1721 1853 1782 1905 οὑ
1813 1855 1923 1921 γὰρ

342 1949 629 2021 παρορῶν,
664 1949 697 2020 ἢ
723 1948 1063 2020 ἐνυϐρίζων,
1095 1947 1254 2001 τοῦτο
1285 1945 1500 2019 ἔπραξα
1523 1962 1537 1976 ο
1578 1944 1695 1999 ἀλλ’
1728 1946 1762 2015 ἡ
1814 1945 1925 1997 τῶν

284 2040 287 2041 ⁷
339 2042 685 2112 πραγμάτων
717 2042 901 2111 φύσις,
928 2043 1024 2096 καὶ
1058 2044 1155 2112 τῆς
1187 2040 1325 2111 ἐμῆς
1357 2038 1615 2112 προνοίας
1648 2038 1744 2092 καὶ
1782 2038 1927 2091 οἰκο-

341 2134 541 2204 νομίας
574 2136 602 2187 ό
632 2134 876 2205 ἄρόητος
907 2133 1130 2205 θεσμὸς,
1162 2137 1322 2187 τοῦτο
1338 2134 1563 2203 κρατεῖν
1593 2131 1686 2184 ἐπὶ
1707 2131 1927 2185 πάντων

341 2222 592 2294 βούλεται
616 2239 629 2253 ο
662 2224 755 2276 καὶ
781 2224 935 2278 οὐδὲν
973 2222 1119 2288 ἕξεις
1151 2223 1396 2289 ἔλαττον,
1428 2224 1476 2275 εί
1505 2222 1581 2294 μὴ
1610 2222 1709 2275 καὶ
1738 2221 1925 2286 πλέον,

337 2314 439 2385 τῆς
471 2315 569 2383 σῆς
596 2315 834 2386 σπουδῆς
878 2314 940 2368 οὐ
972 2315 1407 2385 συντελεσθήσης
1435 2322 1485 2372 ³³.
1532 2315 1662 2369 Ἰδοὺ
1702 2313 1812 2384 γάρ
1865 2329 1926 2366 σε

339 2403 439 2457 καὶ
484 2407 708 2477 κήρυκα
741 2407 966 2476 πέμπω,
1003 2408 1115 2468 τοῖς
1145 2406 1440 2475 μαθηταῖς,
1468 2405 1569 2475 τῆς
1607 2404 1749 2474 ἐμῆς
1789 2405 1924 2458 ἀνα-

343 2493 586 2558 στάσεως
622 2509 638 2526 ·
674 2495 957 2558 κάκείνοις
990 2495 1070 2559 δὲ,
1107 2495 1173 2549 τὰ
1202 2496 1343 2548 αύτὰ
1378 2512 1482 2564 σοι,
1515 2494 1925 2566 διακελεύομαι,

338 2582 561 2649 εἰδέναι,
609 2584 746 2658 πρὸς
778 2586 870 2639 τὸν
902 2588 1126 2657 Πατέρα
1156 2603 1223 2655 με
1255 2585 1641 2652 ἀναϐαίνοντα,
1681 2586 1776 2638 καὶ
1823 2603 1929 2657 μη-

340 2676 460 2728 κέτι
493 2679 615 2740 ταῖς
662 2676 961 2749 προτέραις
1017 2678 1197 2744 δόξαις
1256 2678 1652 2749 ὑποφέρεσθαι,
1693 2677 1929 2732 ταπεινὰ

340 2767 793 2840 φανταζομένους
828 2771 958 2843 περὶ
996 2770 1132 2842 ἐμοῦ
1166 2772 1260 2825 καὶ
1303 2770 1646 2840 ἀνθρώπινα,
1694 2770 1930 2825 συνοδοι-

339 2864 531 2931 πορεῖν
559 2863 721 2916 πάλιν
758 2870 805 2928 ο,
843 2863 919 2927 ὡς
947 2864 1007 2915 τὸ
1043 2867 1174 2935 πρὶν
1200 2905 1215 2929 ,
1250 2865 1345 2917 καὶ
1397 2863 1778 2933 συνδιαφέρειν
1830 2862 1930 2916 πό-

340 2967 466 3012 νους
501 2953 596 3007 καὶ
622 2952 800 3016 λύπας
824 2994 840 3019 ,
872 2953 1115 3024 συνεχῶς
1141 2972 1199 3007 τε
1236 2953 1629 3026 ἐπιχωριάζειν
1667 2954 1764 3007 καὶ
1796 2970 1929 3008 συν-

340 3044 643 3109 αλίζεσθαι.
671 3046 742 3098 Σὺ
788 3046 845 3099 δέ
903 3064 994 3114 μοι
1040 3046 1256 3110 σκόπει,
1290 3047 1441 3108 ὅπως
1476 3047 1570 3099 καὶ
1598 3044 1926 3114 ἀδελφοὺς,

2032 558 2125 613 sit.
2150 558 2219 610 At
2252 558 2696 627 quandoquidem
2725 560 2923 616 mulier
2954 564 3275 635 contingere
3306 562 3467 618 vetita
3499 561 3624 628 fuit,

2030 664 2101 705 ne
2125 665 2188 704 ex
2220 649 2470 705 studioso
2493 650 2769 705 desiderio
2797 653 3000 721 reiecto
3023 656 3282 710 maestitia
3314 654 3625 710 adiceretur

2031 742 2296 815 (proclive
2319 742 2589 812 siquidem
2615 752 2697 796 est
2719 746 2986 802 muliebre
2999 763 3170 817 genus
3192 750 3245 803 in
3266 748 3628 818 pusillanimi—

2032 848 2196 892 tatem
2223 847 2276 891 et
2304 836 2674 906 suspicionem
2699 846 3047 908 contemptus
3091 852 3144 895 et
3166 841 3485 911 despectus;
3519 857 3628 896 un-

2031 930 2118 995 de,
2145 929 2243 983 llei
2269 929 2425 995 mihi,
2452 943 2703 999 quaenam
2728 944 2829 999 ego
2861 932 3047 999 sum?)
3073 930 3150 986 Ne
3175 933 3397 1001 inquam
3424 935 3491 989 ad
3524 934 3629 989 hu-

2027 1022 2273 1092 jusmodi
2302 1031 2616 1078 recurreret
2643 1062 2658 1087 ,
2692 1022 2957 1092 przevenit
2981 1037 3103 1078 eam
3153 1022 3404 1079 Salvator
3425 1041 3627 1081 conso-

2034 1115 2219 1175 lando.
2248 1124 2322 1181 et,
2361 1133 2379 1165 ‹
2414 1113 2580 1178 Vade,
2602 1117 2698 1183 ait,
2724 1114 2793 1169 ad
2829 1113 3031 1169 fratres
3055 1130 3231 1191 pices,
3259 1126 3314 1171 et
3328 1118 3416 1171 die
3439 1118 3568 1173 illis.
3602 1135 3621 1169 ι

2032 1206 2261 1261 Duobus
2311 1206 2490 1262 modis
2530 1222 2627 1276 per
2681 1207 2844 1262 verba
2899 1206 3004 1262 ista
3048 1208 3441 1263 tumultuantes
3475 1209 3629 1263 able-

2030 1299 2183 1370 gavit
2234 1299 2616 1370 cogitationes,
2668 1308 2723 1354 et
2751 1299 2818 1355 ad
2851 1300 2990 1354 bene
3023 1298 3321 1352 animatam
3350 1312 3475 1354 esse
3499 1313 3623 1353 eam

2030 1390 2279 1445 devocat.
2352 1388 2513 1444 Prior
2556 1399 2662 1453 est,
2697 1390 2843 1460 quod
2883 1389 3331 1459 evangelistriam
3365 1404 3619 1444 resurre-

2028 1479 2230 1535 ctionis
2259 1494 2373 1534 suae
2400 1494 2521 1533 eam
2551 1478 2679 1533 facit
2715 1498 2729 1534 :
2761 1479 3057 1547 posterior,
3107 1480 3254 1550 quod
3289 1479 3406 1548 ipsa
3436 1493 3531 1549 per
3561 1494 3623 1534 se

2024 1572 2252 1642 jubetur
2306 1571 2674 1639 aequalitatem
2706 1571 2909 1626 habere
2955 1585 3083 1625 cum
3109 1570 3399 1642 discipulis
3426 1586 3441 1637 ;
3471 1569 3627 1625 addit

2028 1665 2199 1727 enim,
2222 1682 2240 1715 ‹
2268 1662 2333 1717 Ει
2364 1660 2469 1717 illis
2497 1662 2684 1729 dicito,
2711 1662 2965 1718 Ascendo
2986 1662 3054 1717 ad
3076 1662 3297 1717 Patrem
3336 1677 3517 1717 meum
3542 1680 3556 1718 :
3595 1680 3616 1715 ι

2029 1757 2188 1827 quasi
2221 1756 2427 1812 diceret
2460 1773 2473 1809 :
2507 1754 2624 1809 Noli
2682 1756 2891 1810 tristari
2930 1756 3078 1825 quod
3120 1770 3206 1809 me
3239 1764 3461 1824 tangere
3508 1768 3621 1809 non

2030 1849 2409 1919 permiserim;
2443 1863 2622 1918 neque
2651 1848 2797 1902 enim
2821 1846 3151 1917 despiciens,
3180 1856 3275 1900 aut
3311 1854 3365 1901 te
3396 1845 3623 1915 insuper

2029 1940 2238 1995 habens
2260 1940 2394 1994 illud
2429 1939 2551 2010 egi;
2587 1940 2681 1993 sed
2716 1954 2899 1993 rerum
2919 1938 3162 2008 ipsarum
3195 1946 3387 2002 status,
3417 1946 3473 1991 et
3502 1953 3601 1991 na-

2029 2041 2174 2096 tura,
2226 2040 2281 2085 et
2330 2031 2417 2085 lex
2470 2045 2608 2085 meae
2660 2031 3018 2100 providentia:
3084 2037 3140 2084 et
3188 2029 3621 2099 dispensationis

2029 2121 2348 2185 ineﬂ'abilis,
2406 2121 2459 2175 id
2520 2121 2594 2174 ita
2638 2120 2755 2174 vult
2789 2120 3061 2188 imprimis
3108 2120 3359 2175 obtinere
3396 2138 3411 2174 :
3442 2137 3623 2189 neque

2030 2215 2214 2269 minus
2245 2214 2343 2267 tibi
2384 2214 2512 2280 erit,
2545 2213 2591 2268 si
2619 2228 2730 2268 non
2764 2226 2818 2267 et
2849 2214 3050 2281 majus,
3114 2212 3161 2267 si
3240 2212 3346 2266 hoc
3393 2212 3617 2268 deside-

2029 2307 2171 2361 rium
2199 2317 2351 2362 tuum
2394 2288 2908 2376 nouadimplcatur.
2946 2307 3082 2360 Ecce
3121 2320 3224 2376 ego
3280 2305 3535 2359 nuntium
3571 2316 3623 2361 te

2029 2401 2452 2455 resurrectionis
2511 2414 2647 2453 mea:
2708 2399 2773 2451 ad
2824 2398 3128 2467 discipulos
3186 2397 3378 2469 ablego
3411 2416 3424 2452 :
3459 2407 3513 2452 et
3555 2413 3621 2453 ea

2030 2509 2153 2562 qua:
2211 2493 2319 2547 illis
2372 2491 2466 2546 tibi
2518 2492 2683 2545 etiam
2743 2489 3012 2544 annuntio
3079 2489 3431 2559 intelligenda
3474 2506 3488 2542 :
3538 2488 3622 2542 Me

2030 2587 2329 2640 ascendere
2376 2585 2443 2639 ad
2484 2583 2743 2648 Patrem;
2787 2599 2888 2637 nee
2944 2590 3006 2637 ut
3058 2582 3192 2636 olim
3254 2581 3624 2651 imaginentur

2030 2675 2272 2732 humano
2299 2691 2449 2730 more
2478 2684 2534 2730 et
2570 2675 2805 2744 abjecto,
2860 2690 2949 2729 me
2978 2674 3189 2729 scilicet
3218 2690 3327 2729 una
3358 2689 3484 2730 cum
3516 2674 3626 2730 illis

2031 2769 2462 2831 ambolaturum,
2519 2776 2615 2822 aut
2673 2768 2891 2823 labores
2941 2777 3036 2822 aut
3069 2767 3350 2823 molestias
3390 2768 3624 2823 ulterius

2030 2862 2415 2924 toleraturum,
2474 2862 2788 2930 frequenter
2835 2860 2903 2915 de
2932 2860 3057 2915 loco
3096 2861 3150 2915 in
3184 2860 3365 2916 locum
3393 2864 3621 2929 iturum,

2031 2965 2126 3011 aut
2156 2970 2359 3009 mensae
2386 2954 2791 3009 aeeubiturmn.
2823 2953 3056 3010 Attende
3106 2955 3270 3009 etiam
3303 2955 3452 3023 quod
3504 2971 3625 3009 ser-

2031 3061 2225 3101 mones
2265 3061 2452 3100 serens
2502 3061 2627 3101 eum
2662 3046 2917 3110 muliere,
2960 3046 3157 3114 fratres
3187 3048 3423 3115 appellet
3451 3046 3625 3100 disci-

341 3135 402 3188 ἐν
431 3137 545 3199 τοῖς
601 3137 742 3206 πρὸς
786 3136 886 3207 τὴν
942 3139 1178 3206 γυναῖκα
1227 3137 1490 3207 ῥήμασιν,
1521 3137 1650 3200 τοὺς
1680 3136 1928 3207 μαθητὰς

2033 3139 2192 3208 pulos
2253 3152 2385 3194 suos
2424 3154 2439 3190 :
2474 3139 2551 3191 ita
2580 3139 2807 3193 omnino
2837 3139 3201 3193 conﬁdentem
3233 3155 3352 3193 eam
3399 3141 3627 3196 reddere

341 3230 694 3300 ἐπωνόμασε,
718 3229 944 3299 θαρρεῖν
972 3228 1143 3298 αὑτὴν
1187 3229 1276 3282 διὰ
1314 3230 1535 3283 πάντων
1567 3229 1929 3301 παρασκευά-

340 3320 595 3389 ζων,καὶ
649 3319 816 3390 μηδὲν
867 3318 1112 3389 λυπηρὸν
1155 3318 1535 3390 ὑποδέχεσθαι.
1576 3319 1633 3372 '0
1661 3319 1772 3388 γὰρ
1819 3316 1929 3371 τῶν

339 3411 588 3483 ἀδελφῶν
614 3411 715 3484 τὴν
739 3410 932 3482 κλῆσιν
951 3413 1065 3475 τοῖς
1098 3410 1371 3481 μαθηταῖς
1395 3410 1777 3482 χαριζόμενος.
1808 3408 1930 3465 εἷτα

336 3505 547 3576 ταύτην
597 3504 829 3566 ἐκείνοις
876 3502 1251 3573 συναριθμῶν,
1283 3504 1378 3557 καὶ
1411 3503 1525 3555 τῶν
1563 3501 1694 3554 ἴσων
1738 3502 1927 3569 ἀξιῶν,

339 3597 525 3652 πᾶσαν
575 3595 746 3667 αὐτῆς
788 3593 989 3666 λύπην,
1011 3594 1107 3649 καὶ
1148 3593 1385 3663 ὑποψίας
1412 3592 1635 3659 ἐξέϐαλε
1676 3593 1926 3664 θόρυϐον.

339 3689 531 3761 Σοφῶς
563 3689 623 3743 δὲ
668 3688 809 3754 λίαν,
845 3689 941 3742 καὶ
976 3686 1318 3758 θεοπρεπῶς,
1350 3688 1444 3740 καὶ
1475 3688 1555 3753 τὸ,
1592 3706 1611 3740 t
1660 3687 1807 3759 Πρὸς
1837 3686 1930 3741 τὸν

338 3784 563 3855 Πατέρα
597 3799 734 3851 μου,
764 3787 857 3833 καὶ
912 3779 1133 3849 Πατέρα
1166 3779 1352 3849 ὑμῶν,
1390 3797 1409 3831 ι
1453 3780 1596 3832 κατὰ
1643 3777 1930 3851 διαστολὴν

339 3873 652 3948 προηνέχθη
699 3875 794 3926 καὶ
840 3871 1123 3924 διάστασιν
1149 3886 1166 3904 ο
1200 3870 1310 3924 τῶν
1363 3870 1648 3923 συλλαϐῶν
1689 3869 1769 3941 τῷ
1810 3887 1931 3923 συν-

337 3967 524 4037 δέσμῳ
543 4006 557 4031 ,
585 3966 683 4035 τῆς
712 3964 821 4017 τῶν
861 3962 1209 4033 πραγμάτων
1231 3961 1495 4031 διαφορᾶς
1545 3962 1641 4014 καὶ
1673 3963 1930 4034 ἑτερότη-

337 4076 433 4123 τος
470 4057 960 4128 ἐπιτρανουμένης.
998 4054 1089 4124 Τῷ
1126 4054 1224 4124 μὲν
1258 4054 1365 4124 γὰρ
1388 4053 1665 4118 ίδιάζοντι,
1695 4052 1796 4122 τὴν
1821 4052 1925 4121 φύ-

340 4169 428 4208 σιν
456 4150 625 4215 ἔδειξε
644 4167 657 4179 ’
682 4147 762 4218 τῷ
796 4147 852 4199 δέ
875 4145 1061 4216 κοινῷ,
1103 4144 1202 4215 τὴν
1231 4144 1395 4215 χάριν
1431 4146 1723 4216 ἐμήνυσεν.
1760 4145 1926 4198 Ὅσον

338 4244 399 4297 δὲ
425 4243 609 4313 φύσις,
642 4242 862 4311 χάριτος
894 4238 989 4291 καὶ
1020 4235 1297 4299 υἱοθεσίας
1333 4236 1642 4308 διενήνοχεν
1668 4253 1683 4267 ·
1715 4237 1774 4289 ἐν
1800 4253 1927 4290 τοσ-

338 4335 487 4402 ούτῳ
519 4332 705 4404 μέτρῳ
739 4330 837 4401 τῆς
874 4327 1171 4399 ὑπεροχῆς,
1209 4327 1303 4380 καὶ
1333 4329 1367 4397 ἡ
1404 4326 1542 4399 πρὸς
1565 4327 1656 4380 τὸν
1686 4328 1783 4381 ἐνα
1829 4328 1926 4384 καὶ

345 4425 613 4500 μονογενῆ
653 4422 748 4477 τοῦ
794 4420 1007 4492 Πατρὸς
1053 4420 1175 4473 κατ’
1220 4418 1411 4474 οὐσίαν
1455 4419 1660 4489 σχέσις,
1707 4424 1809 4491 τῆς
1859 4423 1924 4474 ἐκ

341 4490 759 4590 φιλανθρωπίας
774 4513 871 4567 καὶ
893 4490 1104 4576 οἴκτου,
1129 4511 1266 4582 πρὸς
1294 4511 1423 4575 τοὺς
1462 4510 1655 4575 ἄλλους
1684 4490 1923 4584 σχέσεως
1956 4490 2001 4546 D

342 4609 707 4682 ὑπερανέχει·
736 4604 832 4659 καὶ
882 4603 1242 4674 ὑπερίδρυται
1294 4602 1392 4656 καὶ
1419 4604 1447 4657 ὁ
1501 4605 1801 4674 μονογενὴς
1846 4604 1924 4672 δέ,

338 4697 500 4769 δῆλον
523 4696 628 4759 ὅτι,
657 4692 769 4747 τῶν
800 4690 1011 4745 πολλῶν
1035 4691 1189 4754 υἱῶν,
1211 4689 1352 4764 [καὶ]
1382 4691 1476 4756 οὓς
1504 4694 1537 4763 ἡ
1575 4696 1736 4765 χάρις
1770 4694 1929 4749 ἐκυο.

342 4790 573 4861 φόρησε⁶
590 4786 691 4854 διδ,
712 4781 943 4851 Πατέρα
971 4799 1112 4853 μου,
1131 4781 1327 4848 εἰπὼν,
1359 4785 1475 4849 καὶ,
1497 4785 1559 4838 τὸ
1582 4789 1807 4855 γνήσιον
1826 4787 1929 4857 τῆς

344 4884 581 4953 φύσεως.
612 4876 692 4949 τῷ
716 4874 974 4940 ἰδιάζοντι
1009 4873 1300 4946 ἀφορίσας,
1327 4875 1443 4941 καὶ,
1474 4874 1707 4945 Πατέρα
1736 4876 1926 4946 ὑμῶν,

344 4974 640 5045 ἐπενήνοχε
661 5012 677 5037 ,
705 4971 805 5039 τὴν
856 4970 921 5022 ἐκ
954 4966 1270 5037 φιλοτιμίας
1302 4966 1452 5021 θέσιν
1482 4970 1578 5020 καὶ
1619 4969 1925 5041 εἰσποίησιν

343 5065 453 5119 τῶν
522 5062 837 5120 ἀποστόλων
898 5057 1432 5129 παραστησάμενος·
1488 5059 1718 5127 καὶτὸ,
1778 5064 1928 5115 Θεόν

341 5174 460 5227 μου
484 5196 499 5221 ,
528 5156 585 5209 δὲ
628 5156 725 5209 καὶ
747 5194 764 5220 ,
818 5153 967 5207 Θεὸν
998 5150 1188 5220 ὑμῶν,
1224 5151 1361 5223 πρὸς
1395 5150 1495 5223 τὴν
1529 5153 1698 5224 αὐτὴν
1738 5153 1928 5223 βλέπει

344 5248 607 5310 διάνοιαν,
633 5247 729 5299 καὶ
767 5246 866 5315 τῆς
903 5244 1071 5314 αὐτῆς
1110 5240 1339 5312 γνώμης
1380 5242 1579 5313 ᾕρηται
1614 5254 1661 5297 P.
1695 5245 1792 5297 Διά
1825 5246 1925 5315 μὲν

343 5338 457 5410 γὰρ
475 5336 591 5403 τοῦ,
614 5338 765 5391 Θεόν
792 5354 930 5405 μου,
954 5334 1014 5387 τὸ
1032 5332 1291 5401 συγγενὲς
1321 5332 1415 5385 τοῦ
1445 5334 1565 5397 ἐνὸς
1607 5336 1701 5389 καὶ
1725 5337 1927 5391 οἰκεῖον

344 5427 893 5503 περιλαμϐανόμενον
957 5425 1397 5497 ἁνακηρύττεται
1430 5442 1444 5456 ⁸
1510 5424 1600 5480 διὰ
1654 5427 1713 5481 δὲ
1779 5428 1874 5483 τοῦ
1906 5471 1923 5497 ,

2032 3223 2268 3287 volebat,
2302 3239 2404 3278 nee
2430 3225 2733 3295 quidquam
2775 3226 2959 3281 animo
3007 3227 3385 3282 molestiarum
3422 3229 3625 3283 admit-

2033 3324 2168 3373 tere.
2207 3318 2310 3383 Qui
2345 3318 2492 3373 enim
2526 3317 2760 3373 fratrum
2794 3320 2980 3376 titulos
3011 3321 3299 3391 discipulis
3349 3324 3620 3385 attribuit.

2030 3416 2085 3463 et
2114 3406 2168 3462 in
2200 3408 2394 3463 eodem
2429 3423 2664 3464 numero
2691 3424 2817 3465 eum
2850 3410 2957 3465 illis
3006 3426 3065 3466 se
3098 3411 3307 3475 habuit,
3354 3416 3472 3482 pari
3525 3415 3621 3469 ho-

2030 3511 2165 3551 nore
2222 3497 2500 3569 dignatus,
2561 3508 2710 3553 certe
2772 3514 2992 3554 omnem
3045 3501 3114 3554 ab
3146 3518 3207 3556 ea
3241 3503 3523 3558 tristitiam
3567 3517 3625 3560 et

2030 3588 2371 3659 suspicionis
2401 3590 2698 3644 tumultum
2726 3592 2953 3646 excutit.
2981 3591 3151 3647 Valde
3165 3595 3468 3663 quinetiam
3494 3613 3627 3667 pru-

2029 3681 2221 3735 denter
2248 3689 2303 3734 et
2338 3679 2525 3735 divino
2579 3696 2749 3746 more,
2794 3680 2908 3746 illa,
2951 3700 2968 3733 ι
3020 3682 3099 3736 Ad
3145 3681 3363 3738 Patrem
3407 3701 3617 3751 meum,

2030 3780 2086 3826 et
2142 3768 2359 3825 Patrem
2415 3779 2679 3836 vestrum,
2718 3790 2738 3823 ι
2776 3787 2871 3843 per
2897 3773 3328 3844 discrepantiam
3377 3775 3623 3831 ederun-

2029 3876 2163 3939 tur,‘
2195 3879 2251 3925 et
2284 3869 2606 3925 distantiam
2635 3888 2649 3937 ;
2692 3870 2824 3925 dum
2874 3873 3209 3943 syllabarum
3243 3877 3620 3945 copulatione,

2031 3978 2216 4015 rerum
2255 3963 2552 4019 diversitas
2584 3974 2639 4017 et
2697 3964 2976 4019 altereitas
3005 3967 3249 4022 eﬂ‘ertur.
3282 3967 3450 4024 Plane
3474 3972 3620 4024 enim

2029 4068 2127 4122 per
2162 4053 2214 4105 id
2248 4055 2393 4121 quod
2430 4055 2711 4122 proprium
2763 4065 2869 4117 est,
2906 4064 3158 4109 naturam
3192 4059 3431 4112 ostendit
3463 4077 3478 4113 :
3524 4076 3621 4128 per

2028 4145 2079 4200 id
2114 4146 2260 4215 quod
2313 4160 2629 4207 connnune.
2672 4145 2914 4199 declarat
2968 4146 3228 4215 gratiam.
3263 4148 3319 4201 In
3350 4162 3617 4218 quantum

2027 4251 2221 4292 natura
2276 4238 2589 4307 disparatur
2646 4252 2675 4289 a
2732 4238 2931 4307 gratia,
2977 4238 3030 4292 in
3060 4246 3273 4293 tantum
3313 4256 3409 4309 per
3439 4243 3620 4298 excel-

2026 4330 2208 4386 lentia:
2240 4332 2483 4394 modum,
2531 4330 3055 4395 Patris,secundum
3093 4334 3414 4401 essentiam,
3457 4336 3618 4391 habi-

2030 4423 2183 4489 tudo,
2214 4423 2281 4477 ad
2314 4424 2538 4478 unicum
2575 4432 2629 4477 et
2663 4424 3007 4492 unigenitum
3041 4421 3264 4489 Filium,
3329 4436 3614 4485 transcen-

2024 4518 2104 4570 dit
2140 4517 2382 4571 habitum
2410 4531 2537 4587 erga
2569 4515 2709 4570 alios
2739 4515 3040 4580 ﬁliationis,
3071 4532 3193 4587 qua:
3225 4518 3295 4573 ab
3323 4520 3610 4577 hominum

2023 4626 2211 4665 amore
2240 4618 2293 4664 et
2326 4608 2676 4663 miseratione
2729 4608 2905 4663 oritur
2936 4625 2952 4662 :
3000 4610 3291 4676 exaltatur,
3334 4612 3481 4682 quod
3510 4628 3611 4683 ap-

2025 4711 2195 4773 paret,
2232 4701 2549 4769 unigenitus
2580 4714 2745 4771 super
2777 4701 2983 4757 multos
3037 4702 3179 4759 ﬁlios
3220 4719 3361 4774 quos
3397 4707 3611 4775 peperit

2021 4806 2075 4851 et
2104 4796 2394 4867 parturivit
2422 4795 2599 4865 gratia
2624 4813 2639 4861 ;
2694 4795 2912 4850 Patrem
2942 4812 3115 4851 meum
3156 4798 3362 4854 ideirco
3394 4800 3606 4867 dicens,

2022 4902 2121 4956 per
2155 4886 2207 4940 id
2239 4885 2387 4956 quod
2446 4886 2727 4956 proprium
2787 4892 2895 4951 est,
2959 4898 3165 4942 natura?
3190 4891 3607 4957 germanitatem

2025 4992 2309 5047 separans,
2341 4977 2573 5039 addidit,
2602 4985 2653 5031 et
2685 4976 2902 5028 Patrem
2950 4986 3201 5040 vestrum,
3236 4978 3470 5033 innuens
3519 4980 3607 5032 ni-

2023 5071 2225 5124 mirum
2255 5069 2604 5139 adoptionem
2652 5077 2705 5125 et
2736 5070 3080 5125 allectionem
3137 5072 3507 5140 apostolorum
3542 5088 3607 5128 ex

2022 5161 2231 5215 amoris
2255 5160 2594 5215 vehementia
2626 5177 2639 5213 :
2693 5159 2859 5215 etiam
2895 5159 3053 5225 illud,
3107 5159 3275 5214 Deum
3335 5178 3529 5227 meum,
3559 5174 3609 5216 et

2023 5252 2193 5306 Deum
2222 5262 2471 5317 vestrum,
2508 5251 2756 5307 eamdem
2797 5253 3129 5306 sententiam
3176 5253 3420 5322 respicit,
3454 5263 3509 5308 et
3541 5256 3611 5308 ah

2023 5346 2216 5398 eodem
2248 5360 2415 5399 sensu
2467 5345 2672 5400 dicitur
2710 5362 2725 5400 :
2761 5359 2885 5398 nam
2921 5360 3015 5414 per
3044 5343 3215 5398 Deum
3247 5362 3444 5408 meum,
3478 5361 3612 5400 eon-

2027 5452 2290 5508 generum
2320 5437 2485 5492 unius
2510 5445 2567 5493 et
2594 5435 2893 5506 peculiare,
2927 5437 3431 5509 circumscriptum,
3472 5453 3611 5509 pra)-

1649 5639 1885 5701 VARIAS
1914 5639 2326 5697 LECTIONES.

448 5819 494 5852 ιη
530 5808 681 5882 εἴπῃ.
793 5817 822 5846 υ
851 5808 914 5865 C.
939 5808 1009 5866 Μ.
1035 5810 1503 5881 συντελεσθείσης.

1584 5816 1609 5844 ο
1630 5805 1691 5863 C.
1722 5804 1792 5861 Μ.
1822 5805 1945 5876 ἐμοὶ
1971 5803 2143 5862 deest.
2223 5805 2251 5847 ν
2284 5801 2372 5858 lo‘.
2404 5800 2661 5872 ἤρτηται.
2694 5798 2755 5857 C.
2790 5797 2861 5854 Μ.
2896 5798 3133 5871 εἴρηται.
