4136 6486
575 399 676 464 991

1759 404 2021 464 PIIOTlI
2061 404 2567 467 PATRIARCIIE
2607 408 2718 467 ΟΡ.

3761 414 3872 476 9'92

569 513 788 566 dicatur
825 530 837 565 :
874 525 972 580 per
996 511 1152 580 illud,
1187 511 1358 568 Deum
1400 523 1654 574 vestrum,
1705 513 2005 566 multorum
2043 527 2127 566 ser

2230 543 2242 574 ι
2276 514 2427 566 Θεὸν
2451 513 2638 582 ὑμῶν,
2673 514 2786 566 τῶν
2817 513 3027 567 πολλῶν
3073 516 3133 569 τὸ
3159 516 3344 572 δοῦλον
3373 519 3466 572 καὶ
3491 519 3738 592 ὑπήκοον
3769 541 3872 576 και

566 603 692 658 vilis
718 603 980 668 conditio,
1011 615 1068 658 et
1090 605 1382 674 subjectio,
1411 615 1466 661 et
1499 605 1644 676 quod
1673 618 1969 660 commune
1995 604 2159 674 quid-

559 695 684 749 dam
718 705 820 759 est,
857 695 1150 764 productio
1171 706 1535 752 monstratur.
1566 695 1725 752 Patet
1746 696 1893 750 enim
1927 694 2156 750 omnino

557 801 794 852 cunctis.
831 792 978 860 quod
1010 798 1070 844 ut
1121 791 1396 845 interdum
1436 790 1485 844 id
1535 788 1682 860 quod
1735 788 2049 858 subjicitur,
2102 796 2158 842 et

554 886 699 954 quod
743 886 1089 949 immutatur,
1124 896 1219 940 aut
1250 886 1506 955 superius
1539 885 1776 948 exsistit,
1808 899 1905 954 per
1937 897 2150 947 vocem,

555 994 748 1041 meum,
783 980 1067 1032 intimatur
1095 995 1110 1045 ;
1147 978 1218 1032 ita
1249 993 1462 1042 rursus,
1490 975 1724 1046 aequale,
1753 989 2148 1045 congenerum,

551 1079 606 1123 et
646 1069 886 1124 maxime
947 1069 1272 1140 genuinum,
1309 1083 1405 1136 per
1448 1067 1696 1120 eamdem
1752 1065 1928 1133 ipsam
1961 1077 2150 1117 vocem

553 1164 846 1218 indicatur.
905 1163 1031 1218 Haec
1084 1178 1185 1232 ego
1253 1163 1348 1214 tibi
1405 1160 1459 1213 in
1512 1158 1794 1227 exemplar
1854 1156 2149 1223 delineavi,

552 1255 722 1308 multo
751 1254 1014 1309 humilius
1046 1267 1210 1322 quam
1246 1251 1558 1322 postulabat
1585 1260 1994 1321 argumentum,
2031 1263 2151 1302 om-

551 1347 682 1400 nino
710 1357 892 1400 tameu
922 1361 1030 1400 non
1061 1344 1282 1410 exilius,
1306 1345 1353 1399 si
1384 1343 1632 1414 epistolae
1661 1358 1798 1399 usus
1827 1341 2149 1398 considere-

551 1449 658 1492 tur.

656 1554 985 1621 QUIESTIO
1050 1554 1261 1610 ccxm
1327 1555 1517 1628 [CoisL
1575 1550 1811 1618 CLXIV,
1867 1549 2036 1604 Taur.

1217 1647 1469 1719 cum].

2270 605 2328 657 τὺ
2377 605 2880 678 δεδημιουργῆσθαι
2938 611 3412 680 κοινοποιούμενον
3461 612 3862 673 ἐπιδείκνυται.

2264 696 2435 767 Δῆλον
2462 699 2593 769 γὰρ,
2622 698 2781 769 δῆλον
2813 699 3042 766 ἅπασιν,
3070 701 3176 766 ὄτι,
3208 701 3400 774 ῶσπερ
3429 704 3603 757 ἐνίοτε
3632 707 3696 759 τὸ
3727 707 3868 762 ὑπο-

2265 787 2501 858 ϐεϐηκδς
2531 792 2626 843 καὶ
2663 792 3122 863 παρηλλαγμένον
3144 833 3159 858 ,
3190 796 3223 865 ἢ
3253 794 3314 847 τὸ
3345 797 3634 867 ὑπερέχων
3659 808 3688 848 ει
3715 838 3729 861 ,
3767 800 3863 853 διὰ

2263 883 2362 953 τῆς
2418 883 2536 948 τοῦ,
2566 883 2736 952 ἐμοῦ,
2779 886 2967 955 φωνῆς
3025 888 3420 957 ἐνσημαίνεται
3447 905 3461 918 ο
3497 888 3643 943 οὕτω
3667 891 3859 957 πάλιν,

2261 974 2355 1026 καὶ
2387 975 2448 1027 τὸ
2483 976 2597 1029 ἴσον
2634 978 2731 1030 καὶ
2767 978 3031 1046 συγγενὲς
3061 979 3156 1032 καὶ
3203 980 3603 1050 γνησιώτατον,
3631 983 3722 1036 διὰ
3755 985 3860 1054 τῆς

2259 1065 2432 1136 αὑτῆς
2459 1067 2929 1139 χαρακτηρίζεται
2959 1069 3180 1136 λέξεως.
3231 1070 3394 1125 Ἀλλὰ
3423 1073 3602 1126 ταῦτα
3631 1075 3738 1143 μέν
3771 1093 3860 1128 σοι

2258 1159 2395 1229 πρὶς
2419 1159 2773 1214 ὑποτύπωσιν
2799 1161 3119 1232 διεχάραξα,
3149 1163 3248 1232 τῆς
3271 1163 3370 1232 μὲν
3413 1164 3726 1230 ὑποθέσεως
3758 1185 3861 1220 τα-

2257 1253 2595 1321 πεινότερον,
2623 1252 2723 1324 τῆς
2755 1251 2813 1305 δὲ
2854 1252 2977 1306 κατ’
3003 1254 3297 1326 ἐπιστολὴν
3325 1255 3516 1326 χρείας
3535 1297 3550 1323 ,
3586 1257 3718 1322 ἴσως
3751 1259 3858 1314 οὑκ

2254 1343 2624 1414 ἐνδεέστερον.

2786 1546 3128 1601 ΕΡΩΤΗΣῘΣ
3157 1547 3299 1600 ΣΙΘ’.

731 1764 918 1814 Editaa
941 1765 1242 1815 Montacutio
1271 1767 1374 1827 (ep.
1405 1765 1512 1826 158,
1548 1765 1607 1813 ad
1631 1763 1965 1820 Theodorum,
1991 1776 2042 1824 p.
2081 1758 2189 1819 195,
2222 1755 2425 1817 194).--
2445 1754 2521 1805 De
2551 1752 2731 1806 Christi
2756 1754 2939 1804 sudore
2958 1755 3250 1818 sanguineo.
3284 1754 3408 1804 Luc.
3436 1769 3557 1818 xxn,
3577 1757 3657 1807 4i.

621 1851 970 1906 Proverbium
1032 1861 1330 1921 usurpatur
1370 1854 1436 1906 de
1489 1852 1646 1905 valde
1699 1851 2034 1919 lugentibus,
2089 1861 2127 1902 el

2317 1843 2598 1913 Παροιμία
2653 1841 2899 1909 λέγεται,
2944 1841 3180 1894 ἐπὶτῶν
3232 1842 3436 1914 σφόδρα
3483 1843 3852 1912 λυπουμένων

545 1959 772 2013 agonem
830 1945 1187 2014 patientibus,
1224 1943 1552 2012 Sanguinem
1609 1942 1864 2006 sudarit;
1909 1952 2046 1995 utet
2075 1941 2144 1995 de

548 2036 614 2091 iis
652 2036 745 2105 qui
798 2039 992 2091 acerbe
1051 2037 1444 2103 lamentantur,
1471 2036 1794 2106 Sanguinem
1837 2035 2036 2103 plorat.
2082 2034 2142 2088 Si

545 2127 670 2195 quis
693 2125 762 2180 ad
796 2127 1049 2181 eumdem
1117 2129 1341 2182 modum
1407 2128 1704 2182 arbitretur
1754 2127 2050 2181 deductum
2087 2134 2143 2180 et

546 2230 870 2288 usurpatum
904 2221 1032 2274 illud
1068 2222 1212 2291 apud
1247 2222 1466 2275 beatum
1503 2220 1730 2287 Lucam,
1763 2219 1964 2293 (neque
1989 2219 2139 2276 enim

543 2313 628 2365 vir
655 2313 763 2377 ille,
798 2313 1099 2368 illiusmodi
1129 2314 1395 2370 doctrinze
1458 2315 1648 2370 leviter
1676 2315 1920 2371 imbutus
1960 2316 2085 2389 fuit)
2117 2334 2132 2372 :

546 2421 566 2454 ε
606 2401 794 2458 Fiebat
823 2413 1004 2459 autem
1038 2406 1208 2460 sudor
1235 2404 1354 2472 ejus
1386 2415 1646 2476 tanquam
1680 2409 1965 2476 sanguinis
1999 2425 2137 2478 gru-

541 2494 616 2547 mi
649 2513 663 2547 :
700 2513 718 2546 ι
756 2495 926 2550 habes
964 2496 1015 2550 id
1044 2497 1189 2565 quod
1219 2498 1526 2568 quaerebas.
1558 2497 1715 2563 Quod
1749 2499 1793 2552 si
1823 2500 1915 2553 tibi
1952 2500 2131 2554 visum

539 2588 816 2643 curiosius
868 2589 936 2643 de
965 2590 1071 2643 hoc
1097 2590 1252 2644 dicto
1284 2591 1635 2647 inventiones
1672 2591 1928 2660 adjicere,
1982 2603 2133 2648 certe

540 2693 638 2746 per
687 2679 930 2747 seipsum
991 2679 1150 2734 facile
1201 2680 1510 2750 expeditur,
1578 2682 1724 2750 quod
1756 2696 1881 2735 cum
1909 2682 2130 2748 dixerit,

543 2789 563 2821 ι
603 2771 759 2837 quasi
794 2773 972 2841 grumi
1003 2774 1317 2844 sanguinis,
1363 2795 1381 2825 ι
1440 2791 1548 2830 non
1600 2776 1864 2831 indicavit
1899 2779 2131 2832 sudasse

539 2863 695 2916 illum
723 2865 1012 2932 sanguinis
1050 2881 1276 2934 grumos
1307 2884 1320 2920 :
1365 2883 1546 2937 neque
1577 2870 1724 2923 enim
1765 2869 1834 2923 ad
1866 2869 2128 2922 similitu-

538 2955 723 3009 dinem
766 2971 958 3011 eorum
989 2958 1220 3014 dixisset
1257 2960 1489 3018 sudores
1541 2963 1821 3016 exstitisse
1853 2979 1864 3014 :
1896 2974 1950 3015 at
2005 2971 2127 3015 tan-

536 3062 699 3115 quam
738 3050 936 3118 grumi,
982 3050 1088 3103 hoe
1111 3051 1287 3120 ipsum
1317 3052 1590 3121 praecipue
1621 3052 1818 3106 docet:
1846 3061 1993 3106 certe
2028 3066 2127 3105 vo-

537 3136 639 3189 luit
665 3137 716 3191 id
753 3138 1129 3203 subindicare,
1160 3141 1306 3210 quod
1337 3157 1444 3195 non
1481 3142 1682 3210 exiguo
1714 3141 1957 3212 quodam
1995 3156 2120 3196 rore

2248 1935 2343 1989 καὶ
2374 1934 2759 2003 ἀγωνιώντων,
2783 1934 2996 2002 Αἵματι
3023 1932 3281 2001 ἵδρωσεν
3303 1949 3315 1962 ·
3346 1931 3536 2006 ὥσπερ
3601 1937 3695 1988 καὶ
3752 1939 3850 1991 ἐπὶ

2244 2025 2356 2079 τῶν
2389 2025 2602 2096 πικρῶς
2633 2023 2996 2095 ὀδυρομένων,
3022 2023 3238 2092 Αἴματι
3265 2025 3479 2077 κλαίει.
3509 2025 3572 2077 Εἰ
3602 2025 3702 2094 μὲν
3748 2023 3848 2078 οὖν

2244 2120 2389 2172 κατὰ
2428 2118 2620 2170 τοῦτόν
2645 2134 2730 2180 τις
2774 2114 3212 2186 πεπαρῳδῆσθαι
3253 2115 3470 2184 νομίσοι
3501 2116 3595 2168 τὸν
3636 2121 3844 2185 τρόπον

2243 2207 2391 2278 (οὑδὲ
2451 2207 2562 2278 γὰρ
2609 2205 2720 2259 τῶν
2788 2204 3050 2258 τοιούτων
3099 2204 3437 2275 μαθημάτων
3491 2207 3519 2257 6
3561 2205 3701 2276 ἀνὴρ
3748 2208 3846 2260 ἀν.

2241 2300 2451 2374 ήκοος),
2484 2300 2580 2354 καὶ
2605 2299 2664 2352 τὸ
2693 2298 2847 2369 παρὰ
2876 2296 2954 2367 τῷ
2993 2295 3268 2367 θεσπεσίῳ
3300 2298 3486 2368 Λουκᾷ
3519 2299 3840 2368 εἰρημένον,

2252 2410 2273 2445 ι
2314 2393 2563 2462 Ἐγένετο
2589 2391 2645 2444 δὲ
2667 2392 2695 2444 6
2724 2388 2885 2460 ἱδρὼς
2909 2388 3097 2455 αὑτοῦ,
3130 2390 3261 2441 ὡσεὶ
3291 2387 3519 2460 θρόμϐοι
3544 2391 3796 2460 αἵματος·
3815 2415 3834 2444 ο

2237 2484 2386 2556 ἔχεις
2407 2484 2468 2537 τὸ
2483 2484 2726 2555 ζήτημα.
2745 2481 2806 2535 Εἰ
2825 2482 2882 2536 δὲ
2901 2481 3328 2552 περιεργότερον
3344 2483 3730 2554 ὲπινενοῆσθαί
3752 2501 3838 2538 σοι

2233 2578 2394 2633 τοῦτο
2426 2576 2569 2641 δόξει
2599 2590 2613 2605 ⁶
2639 2575 2755 2630 ἀλλ’
2786 2571 2881 2629 οὖν
2911 2576 3086 2628 ἐκεῖνο
3106 2573 3338 2627 αὐτόθεν
3360 2575 3474 2645 ἔχει
3497 2575 3556 2628 τὸ
3584 2576 3835 2643 εὔκολον,

2233 2669 2338 2735 ὅτι,
2386 2687 2404 2720 ι
2452 2669 2599 2721 Ὠσεὶ
2627 2667 2857 2738 θρόμϐοι
2895 2667 3177 2737 αἵματος,›
3215 2663 3420 2732 εἰπὼν,
3448 2667 3508 2721 οὑ
3556 2668 3837 2740 θρόμϐους

2234 2762 2461 2834 ἱδρῶσαι
2487 2762 2802 2833 ἀπεφήνατο
2843 2761 3078 2831 αἵματος
3140 2759 3223 2830 (οὑ
3253 2758 3363 2830 γάρ
3403 2760 3468 2813 ἂν
3502 2759 3624 2815 καθ’
3645 2762 3832 2832 ὁμοιὸ-

2229 2873 2369 2926 τητα
2441 2855 2648 2910 τούτων
2732 2856 2945 2926 είρὴκει
3024 2853 3279 2922 γενέσθαι
3342 2855 3469 2917 τοὺς
3545 2853 3778 2924 ἱδρῶτας
3815 2872 3829 2885 °

2227 2951 2388 3006 τοῦτο
2435 2952 2546 3024 γὰρ
2609 2951 2800 3021 σαφῶς
2846 2949 3114 3022 δηλονότι,
3179 2949 3241 3002 τὸ
3293 2950 3468 3003 (ὡσεὶ
3509 2951 3762 3022 θρόμϐοι,
3803 2970 3825 3001 ι

2227 3048 2548 3118 παρίστησι)
2573 3064 2588 3078 ο
2621 3046 2789 3100 θέλων
2821 3045 2876 3098 δὲ
2932 3044 3134 3115 μᾶλλον
3175 3042 3437 3114 δηλῶσαι,
3463 3043 3539 3106 ὡς
3579 3045 3703 3116 οὑχὶ
3734 3046 3830 3098 λε-

2234 3142 2394 3203 πταῖς
2425 3156 2533 3194 τισι
2553 3139 2746 3204 νοτίσι,
2780 3137 2875 3190 καὶ
2891 3131 3004 3189 οἷον
3032 3136 3312 3202 ἐνδείξεως
3342 3136 3500 3207 χάριν
3533 3138 3829 3206 ἐπιφαινο-

533 3227 921 3284 eﬂ‘untlebatur
977 3247 1180 3302 corpus
1229 3234 1464 3297 Domini,
1523 3233 1590 3287 ad
1642 3210 1878 3303 speciem
1909 3244 2118 3287 tantum

2231 3232 2442 3302 μέναις,
2471 3232 2532 3285 τὸ
2551 3230 2881 3288 Δεσποτικόν
2904 3226 3176 3291 ἐνοτίζετο
3207 3227 3386 3298 σῶμα,
3429 3229 3544 3282 ἀλλ’
3581 3231 3655 3293 ὡς
3684 3230 3823 3299 ἁληο

534 3333 870 3390 apparente;
896 3325 990 3379 sed
1025 3325 1171 3394 quod
1205 3328 1475 3381 veraciter
1512 3328 1563 3380 in
1593 3343 1801 3382 morem
1831 3327 2119 3396 grandium

531 3423 808 3482 guttarum
865 3415 1253 3472 distillantium
1283 3458 1298 3482 ,
1349 3421 1664 3475 universum
1748 3419 1868 3488 ejus
1914 3434 2120 3488 corpus

530 3503 832 3570 dillluebat,
869 3514 925 3560 et
955 3508 1006 3560 id
1044 3520 1103 3562 ut
1129 3511 1372 3576 doceret,
1407 3512 1474 3565 ad
1504 3513 1800 3583 imaginem
1839 3513 1917 3566 rei
1949 3521 2118 3582 gestae

527 3596 965 3664 exln'imcndam,
1001 3603 1285 3670 sanguinis
1338 3620 1562 3670 grumos
1620 3606 1918 3673 assumpsit
1947 3604 2001 3658 in
2039 3603 2116 3658 si-

528 3685 916 3741 militudinem.
971 3688 1337 3746 Mauil‘estavit
1383 3703 1588 3758 autem,
1642 3695 2112 3764 quemadmodum

527 3790 624 3844 per
649 3777 1023 3832 continuatam
1043 3783 1348 3835 orationem
1374 3792 1426 3836 et
1449 3782 1804 3836 multifariam
1829 3783 2110 3852 agoniam,

527 3869 599 3922 ita
654 3885 749 3938 per
815 3872 1033 3927 sudoris
1094 3876 1177 3927 sui
1233 3875 1681 3942 crassitudinem,
1746 3877 1892 3946 quod
1930 3886 1981 3931 el
2014 3891 2112 3947 per

527 3971 778 4016 naturam
809 3975 864 4017 et
899 3965 1200 4022 secundum
1237 3969 1544 4035 veritatem,
1602 3985 1710 4023 non
1756 3986 1852 4039 per
1889 3985 2110 4024 remon-

522 4067 841 4111 strattonem
870 4067 923 4112 et
952 4062 1349 4128 apparentiam,
1399 4064 1582 4124 homo,
1641 4063 1903 4118 Servator
1961 4063 2110 4118 dice-

522 4144 680 4198 batur
707 4164 720 4200 :
752 4149 1010 4218 quodque
1047 4152 1390 4207 naturalibus
1441 4153 1726 4208 hominum
1769 4164 1824 4208 et
1861 4155 2108 4224 inculpa-

521 4235 591 4290 tis
640 4236 926 4294 affectibus
992 4241 1344 4298 iuserviehat.
1395 4243 1509 4300 Hoc
1539 4261 1664 4300 cum
1721 4248 1902 4317 reipsa
1943 4263 2105 4302 mon-

519 4339 696 4385 stt-are
759 4332 918 4387 vellet
976 4332 1264 4402 Dominus,
1328 4347 1381 4391 et
1431 4340 1577 4406 quod
1615 4340 1760 4393 haud
1798 4341 2103 4394 secundum

516 4425 755 4478 divinam
795 4437 1067 4494 naturam,
1095 4428 1192 4482 sed
1225 4429 1279 4482 in
1317 4430 1575 4492 humana,
1628 4431 1938 4501 passionem
1971 4433 2103 4488 sub-

517 4515 642 4579 iret,
706 4517 906 4579 oravit,
944 4518 999 4571 in
1053 4519 1251 4588 agonia
1303 4531 1668 4577 versaretur:
1721 4539 1939 4579 crassos
1975 4525 2099 4580 illos

515 4617 571 4660 et
623 4609 934 4664 condensos
987 4613 1218 4666 sudores
1290 4614 1600 4680 exsudavit,
1637 4617 1732 4684 qui
1781 4618 2100 4686 sanguineis

511 4703 722 4768 grumis
778 4703 1250 4760 assimilabantur.
1316 4705 1477 4760 Nullo
1532 4709 1694 4762 modo
1761 4719 2100 4780 quapropter

508 4794 657 4862 apud
698 4803 750 4848 te
783 4796 870 4850 hic
902 4796 1055 4852 locus
1089 4796 1362 4868 Evangelii
1392 4799 1726 4862 rescidatur,
1763 4801 1907 4855 haud
1937 4812 2021 4856 est
2042 4800 2095 4856 id

507 4901 843 4955 congruum;
889 4900 1184 4959 utcunque,
1216 4891 1364 4961 quod
1393 4891 1650 4956 aﬂirmas,
1683 4892 1836 4963 Syris
1865 4895 2096 4962 quibus-

507 4979 637 5030 dam
664 4981 733 5033 ita
761 4982 935 5035 visum
966 4993 1050 5038 est
1086 5001 1099 5037 :
1134 4983 1229 5037 sed
1259 4993 1520 5054 tanquam
1553 4984 1691 5038 nihil
1725 4986 2087 5053 impossibile,

2127 4569 2180 4628 D

2222 3325 2330 3388 θῶς
2362 3325 2541 3395 ἁδρῶν
2568 3324 2846 3393 σταγόνων
2866 3320 3048 3390 δίκην,
3087 3320 3211 3373 ὅλον
3270 3324 3385 3384 τοῖς
3423 3321 3610 3393 ἱδρῶσι
3657 3339 3790 3392 περι
3811 3353 3825 3362 ο

2220 3415 2514 3481 εστάζετο·
2539 3417 2666 3478 τοὺς
2717 3415 2828 3468 τῶν
2873 3413 3124 3485 αἱμάτων
3156 3411 3451 3484 θρόμϐους,
3513 3415 3593 3477 είς
3631 3415 3824 3468 εἰκόνα

2217 3506 2312 3560 τοῦ
2376 3507 2744 3578 γεγενημένου
2809 3506 3172 3576 παρείληφεν.
3243 3506 3462 3576 Ἐδήλου
3524 3504 3583 3559 δὲ
3652 3507 3805 3576 ἄρα,

2220 3597 2409 3670 ὥσπερ
2448 3599 2548 3652 καὶ
2571 3599 2659 3651 διὰ
2681 3597 2781 3667 τῆς
2815 3597 3181 3665 ἐντεταμένης
3210 3594 3547 3667 προσευχῆς,
3575 3595 3670 3648 καὶ
3713 3594 3820 3665 τῆς

2216 3687 2418 3754 πολλῆς
2473 3687 2735 3756 ἀγωνίας,
2773 3685 2916 3740 οὑτω
2977 3686 3071 3739 καὶ
3138 3686 3226 3738 διὰ
3279 3686 3377 3756 τῆς
3413 3685 3524 3737 τῶν
3567 3684 3818 3755 ἱδρώτων

2216 3782 2550 3853 παχύτητος,
2585 3779 2662 3844 ὡς
2700 3779 2858 3846 φύσει
2891 3780 2984 3831 καὶ
3022 3777 3264 3848 άληθῶς,
3291 3777 3409 3831 ἀλλ’
3440 3777 3542 3831 οὑκ
3591 3779 3823 3830 ἐπιδείον

2216 3877 2297 3944 ξει
2327 3875 2425 3929 καὶ
2455 3872 2749 3944 φαντασίᾳ,
2782 3871 3070 3943 ἄνθρωπός
3105 3888 3165 3924 τε
3211 3872 3586 3942 ἐχρημάτισεν
3613 3873 3641 3925 ὁ
3689 3873 3810 3925 Σω-

2209 3969 2334 4039 τὴρ,
2392 3966 2486 4021 καὶ
2546 3967 2657 4029 τοῖς
2707 3967 2956 4035 φυσικοῖς
3007 3964 3116 4016 τῶν
3148 3964 3456 4035 ἀνθρώπων
3511 3965 3607 4017 καὶ
3650 3965 3813 4018 ἀδια-

2212 4063 2432 4134 ϐλήτοις
2459 4064 2848 4133 ὑπηρετήσατο
2883 4060 3104 4114 πάθεσι.
3147 4061 3320 4115 Τοῦτο
3351 4061 3459 4130 γὰρ
3489 4061 3623 4113 αὑτὸ
3655 4063 3750 4113 καὶ
3779 4061 3810 4113 ό

2208 4154 2488 4222 Δεσπότης
2513 4153 2696 4224 ἔργοις
2731 4151 3027 4224 παριστὰς,
3060 4153 3155 4205 καὶ
3198 4152 3274 4216 ὡς
3318 4153 3440 4223 οὑχὶ
3475 4153 3617 4207 κατὰ
3657 4151 3809 4205 θείαν

2207 4245 2392 4315 φύσιν,
2427 4244 2541 4298 ἀλλ’
2566 4246 2624 4298 ἐν
2649 4247 2714 4316 τῇ
2747 4244 3067 4316 ἀνθρωπίνῃ
3101 4245 3161 4298 τὸ
3195 4245 3370 4309 πάθος
3416 4245 3674 4312 ἐδέξατο,
3707 4246 3807 4298 καὶ

2206 4334 2576 4406 προσηύξατο,
2607 4336 2701 4388 καὶ
2728 4334 3002 4404 ὴγωνίασε
3024 4377 3040 4402 ,
3080 4334 3175 4388 καὶ
3212 4337 3338 4398 τοὺς
3409 4338 3605 4407 παχεῖς
3648 4337 3800 4388 ὲκεί-

2204 4446 2329 4490 νους
2376 4429 2471 4482 καὶ
2508 4428 2930 4498 παραπλησίους
2961 4427 3195 4498 αἵματος
3234 4429 3532 4499 θρόμϐους,
3567 4428 3803 4499 ἱδρῶτας

2206 4523 2519 4593 ὲξίδρωσεν.
2554 4522 2770 4591 Μηκέτι
2822 4521 2915 4574 οὖν
2958 4539 3042 4575 σοι
3070 4521 3164 4576 τοῦ
3215 4523 3552 4590 Εὑαγγελίου
3595 4523 3711 4576 τόδε
3737 4522 3804 4576 τὸ

2208 4615 2410 4686 χωρίον
2443 4614 2862 4686 περικεκόφθαι,
2889 4614 2991 4668 κάν
3015 4632 3125 4668 τισι
3161 4615 3271 4668 τῶν
3303 4617 3512 4686 Σύρων,
3537 4615 3611 4679 ὡς
3636 4616 3800 4685 ἔφης,

2205 4710 2372 4773 δοκεῖ,
2406 4708 2683 4778 εὐπρεπὲς
2736 4707 2925 4779 νόμιζε
2962 4725 2975 4738 °
3014 4709 3131 4762 ἀλλ’
3166 4710 3242 4772 ὼς
3297 4709 3452 4762 οὐδὲν
3505 4709 3798 4773 ἀδύνατον,

2208 4800 2408 4872 μᾶλλον
2441 4799 2498 4853 δὲ
2529 4799 2628 4853 καὶ
2670 4800 2792 4853 λίαν
2822 4801 3137 4867 ἀκόλουθον,
3168 4803 3226 4854 ὲν
3271 4799 3420 4869 αὐτῷ
3463 4801 3802 4872 περιεχόμε-

2203 4910 2315 4960 νον,
2347 4893 2531 4956 καλῶς
2587 4895 2866 4962 ἐπιγνοὺς,
2902 4897 3016 4958 τοῖς
3069 4894 3251 4957 ἄλλοις
3282 4894 3602 4947 συντάσσων
3627 4893 3800 4955 θείοις

2201 4988 2492 5057 χρησμοῖς,
2521 4984 2878 5056 ἀναμφιϐόλῳ
2909 4988 3103 5057 γνώμῃ
3135 4986 3574 5054 συναναγίνωσκε
3604 4996 3647 5037 ι’,

510 5088 698 5128 verum
735 5074 894 5130 facile
926 5077 1345 5143 adtmttendum,
1400 5078 1492 5131 illo
1529 5086 1676 5132 textu
1746 5079 2120 5143 contineatur,
2165 5078 2242 5134 ita
2318 5079 2488 5149 probe
2541 5082 2790 5150 recipito,
2840 5096 2966 5134 cum
3037 5079 3266 5148 reliquis
3301 5079 3502 5134 divinis
3550 5073 3799 5133 oraculis

504 5174 903 5231 aimumerato,
951 5177 1004 5222 et
1060 5168 1180 5222 sine
1233 5169 1574 5223 dubitatione
1623 5172 1771 5223 omni
1821 5185 1952 5223 cura
2016 5169 2204 5239 legito.

609 5281 938 5350 QUAESTIO
991 5284 1463 5430 CCX%L§IC:]isL
1536 5286 1721 5342 CLXV
1815 5287 1979 5345 Taur.

2743 5288 3076 5341 ΕΡΩΤΗΣΙΣ
3108 5290 3231 5342 ΣΚθ.

1052 5475 1194 5526 Edita
1217 5491 1243 5526 a
1268 5475 1566 5526 Montacutio
1591 5477 1692 5540 (ep.
1721 5478 1828 5540 159,
1859 5481 1919 5529 ad
1947 5481 2284 5547 Theodorum,
2308 5502 2359 5550 p.
2390 5488 2642 5554 liii-198).
2671 5517 2728 5525 —
2756 5490 2812 5540 In
2848 5491 3021 5541 Matth.
3048 5505 3098 5553 v,
3121 5492 3198 5541 28.

570 5577 709 5634 Cum
752 5581 924 5636 multa
967 5583 1098 5639 mihi
1146 5588 1497 5657 suppeditant
1530 5591 1783 5659 dicenda,
1841 5596 1984 5652 unde
2014 5595 2082 5648 li-

2273 5598 2450 5653 Πολλὲι
2481 5600 2578 5670 μὲν
2601 5604 2775 5656 εἰπεῖν
2793 5607 2934 5657 ἔνων
2989 5599 3144 5659 δι’ὧν
3169 5601 3287 5656 ἔστι
3321 5601 3506 5670 σαφῶς
3540 5602 3795 5673 ἒπιγνῶη

1793 5758 2030 5816 VABUE
2059 5759 2468 5818 LECTIONES.

569 5869 601 5913 ιι
623 5861 710 5916 ἵσ.
742 5863 1028 5937 ὑπερέχον.
1111 5877 1130 5904 τ
1165 5867 1226 5923 C.
1262 5868 1332 5922 Μ.
1367 5869 1727 5938 ἀναγίνωσκε.
