4136 6434
325 342 430 411 993

1294 341 2007 406 ADAMI’HILOCIIIUM
2056 343 2402 413 QUIESTIO
2439 343 2654 403 CCXX.

3497 327 3603 391 994

325 478 436 524 ναι,
473 459 550 524 ὡς
581 458 702 531 οὐχὶ
729 457 900 532 βαρὺς
933 459 1054 513 ούδέ
1078 459 1362 522 ἀδύνατος,
1398 459 1536 512 ἀλλὰ
1565 458 1660 512 καὶ
1709 457 1910 526 κοῦφος

2036 455 2158 527 |nod
2215 456 2474 528 cognosci
2510 455 2731 526 poterit,
2785 454 2932 525 quod
2972 450 3400 519 haudquaquam
3441 459 3606 514 grave

327 552 422 604 καὶ
446 551 705 622 χρηστὸς,
729 552 758 604 ό
782 550 1114 614 Δεσποτικδς
1140 551 1344 613 ἐκεῖνος
1370 549 1636 620 χρησμὸς,
1663 550 1693 602 ὁ
1721 549 1918 616 λέγων,

336 663 354 696 ι
401 645 514 706 Πᾶς
544 644 573 696 ό
600 641 814 712 βλέπων
830 644 1066 711 γυναῖκα
1096 641 1232 708 πρὸς
1255 641 1317 693 τὸ
1341 642 1681 712 ἐπιθυμῆσαι
1707 640 1878 711 αὐτὴν
1903 681 1918 705 ,

331 735 430 804 ἤδη
468 734 790 805 ἐμοίχευσεν
825 734 998 804 αὐτὴν
1031 735 1090 786 ἐν
1113 735 1179 804 τῇ
1212 733 1411 804 καρδίᾳ
1443 732 1630 786 αὑτοῦ*
1663 754 1683 784 ι
1736 735 1920 785 ἐκεῖνα

333 825 473 888 τέως
509 826 629 878 κατ’
659 822 951 894 ἐπιστολήν
982 822 1114 896 [σοι]
1149 823 1262 894 ἐρῶ
1296 839 1310 853 ·
1366 825 1448 876 ὅτι
1477 822 1716 895 πρῶτον,
1744 841 1919 894 χρεω-

337 918 573 988 στοῦμεν
624 910 672 969 οί
720 916 818 986 τῆς
867 916 1112 986 χάριτος,
1145 915 1306 969 πλέον
1334 933 1408 982 τι,
1426 915 1536 969 τῶν
1565 917 1622 969 ἐν
1651 918 1802 988 νόμῳ
1833 916 1921 987 βε-

337 1009 650 1074 ϐιωκότων,
722 1006 1048 1077 κατορθοῦν.
1093 1007 1204 1060 Καὶ
1261 1007 1360 1078 οὺχ
1415 1007 1619 1078 ὁμοίως
1675 1009 1922 1077 πέφυκεν

337 1101 586 1170 ἐκατέρῳ
623 1100 782 1169 μέρει
828 1098 1004 1170 βαρὺς
1049 1098 1150 1169 τῆς
1191 1099 1516 1166 νομοθεσίας
1551 1101 1584 1171 ἡ
1615 1100 1872 1170 ἀκρίϐεια
1903 1115 1920 1132 ⁸

337 1189 476 1243 ἀλλά
523 1189 586 1242 τὸ
637 1189 869 1252 ἐκείνοις
919 1191 1050 1253 ἴσως
1103 1189 1264 1254 δόξαν
1317 1189 1488 1261 βαρὺ,
1520 1193 1651 1261 ἡμῖν
1705 1191 1921 1262 σύμμε-

335 1299 465 1353 τρον
499 1284 594 1335 καὶ
639 1281 914 1353 ἐλαφρόν·
957 1283 1052 1336 καὶ
1103 1282 1166 1335 τὸ
1222 1285 1352 1354 ἡμῖν
1408 1285 1667 1347 τοιοῦτον,
1695 1285 1923 1348 ἐκείνοις

336 1379 398 1430 οὐ
427 1375 692 1431 τοιοῦτον.
719 1377 844 1440 Τοῖς
877 1376 976 1446 μὲν
1003 1376 1112 1448 γὰρ
1140 1376 1299 1447 μόνον
1333 1377 1647 1448 ἀπέτρεπεν
1681 1379 1708 1429 ό
1734 1379 1919 1448 νόμος,

337 1471 372 1524 ἃ
412 1469 486 1540 μὴ
516 1469 676 1538 Θέμις
705 1472 883 1522 ποιεῖν
917 1484 932 1500 ⁸
965 1468 1198 1539 δύναμιν
1233 1469 1292 1521 δέ
1324 1468 1581 1539 οὐδεμίαν
1614 1468 1918 1539 ἐχαρίζετο,

339 1562 478 1635 πρὸς
512 1559 753 1632 τὴντῶν
805 1560 1281 1631 νομοθετηθέντων
1340 1560 1706 1631 ἐκπλήρωσιν.
1762 1561 1923 1630 Ἡμῖν

335 1655 395 1707 δέ
428 1655 638 1724 μεγάλη
676 1654 900 1722 γέγονεν
937 1654 969 1723 ἡ
998 1653 1087 1705 διὰ
1114 1652 1208 1704 τοῦ
1243 1652 1626 1722 βαπτίσματος
1677 1652 1774 1706 καί⁹
1814 1651 1924 1704 τῶν

337 1747 515 1800 ἄλλων
535 1746 753 1816 δωρεῶν
797 1747 1110 1816 ἐπικουρία.
1163 1743 1498 1812 κουφίζουσα
1543 1746 1729 1815 σχεδὶν
1775 1745 1922 1798 ἅπαν

2022 552 2096 604 sit
2125 559 2220 604 aut
2246 549 2605 618 impossibile,
2637 549 2770 618 quin
2804 555 2994 606 contra
3019 545 3134 600 leve
3161 553 3216 600 et
3248 539 3602 602 conveniens,

2024 642 2241 697 Domini
2281 641 2501 698 effatum
2549 641 2703 707 illud,
2739 659 2758 693 ι
2793 639 2983 694 Omnis
3041 638 3135 707 qui
3190 634 3480 690 mulierem
3517 631 3604 685 in-

2023 747 2236 801 tuetur,
2295 737 2364 790 ad
2412 735 2562 790 illam
2623 731 3143 801 coimipiscendam,
3199 728 3311 798 jam
3346 727 3398 780 in
3439 724 3606 780 corde

2022 847 2124 885 suo
2147 828 2529 898 constupravit
2565 826 2711 880 illam
2745 843 2757 877 :
2793 843 2812 875 ι
2847 823 2934 875 illa
2967 837 3065 891 per
3104 829 3431 889 praesentem
3489 815 3599 884 epi-

2023 918 2222 972 stolam
2259 917 2357 971 tibi
2399 929 2710 986 suggeram.
2747 911 2950 979 Nempe
3004 910 3056 963 in
3099 909 3295 978 primis
3327 906 3471 975 quod
3504 919 3606 960 nos

2023 1004 2119 1072 qui
2167 1004 2272 1059 sub
2301 1005 2474 1072 gratia
2522 1003 2780 1066 vivimus,
2813 1000 2998 1054 debito
3055 1007 3300 1052 tenemur
3335 995 3605 1059 obstricti,

2024 1095 2198 1149 multo
2250 1095 2405 1164 plura
2469 1093 2610 1148 bona
2667 1090 2954 1162 Operandi,
3006 1104 3172 1157 quam
3239 1089 3331 1157 qui
3360 1087 3464 1142 sub
3491 1085 3608 1155 lege

2024 1187 2406 1244 versabantur.
2466 1185 2576 1240 Nec
2623 1183 2875 1238 alterutri
2926 1184 3068 1252 parti
3123 1196 3190 1235 ex
3240 1195 3396 1249 aequo
3427 1177 3610 1248 gravis

2022 1289 2106 1333 cst
2157 1287 2347 1333 exacta
2409 1277 2544 1347 legis
2595 1273 2960 1344 promulgatio
3004 1291 3017 1326 :
3063 1286 3248 1326 verum
3319 1270 3463 1339 quod
3502 1268 3610 1321 illis

2024 1372 2258 1427 fortasse
2303 1387 2468 1442 grave
2535 1368 2842 1432 videbatur,
2867 1366 3024 1421 nobis
3049 1363 3270 1435 perinde
3304 1375 3609 1430 congruum

2024 1476 2080 1518 ct
2108 1464 2419 1534 expeditum
2459 1461 2728 1516 videbitur
2766 1479 2778 1514 :
2843 1469 3008 1527 atque
3041 1457 3093 1511 id
3134 1456 3279 1525 quod
3343 1454 3500 1507 nobis
3531 1461 3612 1505 ta-

2026 1555 2281 1611 liusmodi
2317 1554 2506 1619 fuerit,
2541 1553 2682 1607 baud
2735 1553 2808 1606 ita
2846 1551 2954 1605 illis
2993 1547 3352 1618 comparebit.
3392 1544 3503 1598 Illis
3555 1543 3611 1597 id

2025 1649 2202 1704 solum
2247 1647 2531 1701 interdixit
2579 1646 2686 1706 lex,
2748 1645 2892 1713 quod
2939 1652 3158 1712 patrare
3206 1641 3288 1693 fas
3319 1655 3425 1692 non
3463 1635 3606 1690 fuit:

2027 1739 2120 1793 sed
2155 1737 2357 1791 nullam
2406 1735 2788 1806 superaddidit
2821 1734 3134 1788 facultatem
3182 1728 3441 1800 implendi
3489 1743 3613 1798 qua:

337 1839 398 1890 τὸ
425 1837 704 1908 δυσχερὲς,
741 1837 834 1891 κα)⁸
884 1839 993 1890 τῶν
1039 1837 1294 1907 πονηρῶν
1349 1836 1680 1906 πνευμάτων
1707 1836 1806 1905 τὴν
1837 1838 1925 1906 ὀρ-

2036 1831 2150 1900 lege
2175 1829 2531 1898 jubebantur.
2559 1825 2726 1881 Nobis
2758 1826 2889 1895 quid
2924 1825 3128 1894 grande
3181 1820 3484 1892 adjumenti
3521 1833 3613 1872 ac-

341 1924 451 1993 μὴν
509 1925 610 1976 οὐκ
660 1925 808 1977 ἐῶσα
854 1925 1134 1996 τυραννίδι
1185 1924 1312 1978 καθ’
1357 1926 1513 1994 ἡμῶν
1561 1925 1921 1990 ἐπιτίθεσθαι,

343 2017 484 2090 μόνῃ
532 2016 588 2070 δὲ
621 2019 686 2087 τῇ
736 2019 980 2089 ἡμετέρᾳ
1028 2018 1299 2090 ῥᾳστώνῃ,
1333 2021 1426 2072 καὶ
1482 2014 1594 2072 οἷον
1649 2019 1928 2073 ὑποκατα-

340 2107 540 2176 κλίσει,
573 2109 983 2179 παραχωροῦσα
1019 2109 1247 2182 [αὐτοῖς]
1317 2111 1415 2179 τὴν
1450 2110 1718 2164 ἐπίθεσιν.
1764 2111 1927 2163 ’Ὥστε

339 2203 389 2252 εί
418 2202 492 2270 μή
515 2219 566 2253 τι
588 2201 981 2272 ἀκριϐέστερον
1003 2205 1155 2272 ἡμῖν,
1196 2205 1341 2275 ἥπερ
1370 2204 1600 2268 ἐκείνοις
1632 2203 1930 2275 [ἐ]νενομο-

342 2290 558 2362 θέτητο,
595 2295 675 2355 είς
695 2295 1009 2346 τουναντίον
1041 2293 1162 2365 ἇνή
1194 2294 1288 2348 τοῦ
1319 2295 1455 2348 Θεοῦ
1492 2296 1808 2368 δικαιοσύνη
1834 2297 1930 2350 καὶ

341 2383 649 2453 χρηστότης
698 2384 1109 2456 περιέστραπτο
1130 2397 1150 2423 ει
1179 2426 1194 2450 ,
1237 2385 1397 2455 ήμῶν
1429 2403 1489 2439 τε
1532 2386 1640 2440 τῶν
1667 2387 1929 2458 μεγίστης

341 2475 665 2547 ἐπικουρίας
745 2477 1018 2546 τυχόντων
1049 2515 1064 2542 ,
1138 2480 1407 2530 κάκείνων
1479 2481 1590 2531 τῶν
1659 2479 1931 2549 μηδεμιᾶς

342 2564 601 2636 τοιαύτης
630 2565 1105 2631 ἀπολελαυκότων,
1139 2567 1236 2638 τὴν
1275 2569 1444 2640 αὐτὴν
1495 2569 1805 2640 ἀκρίϐειαν,
1837 2570 1932 2623 καὶ

342 2655 406 2709 τὸ
425 2659 524 2727 τῆς
541 2656 818 2721 πολιτείας
840 2657 1244 2728 παραπλήσιον,
1282 2660 1722 2730 ἀπαιτουμένων·
1751 2661 1848 2714 καὶ
1873 2663 1932 2714 ἐν

343 2749 425 2820 τῷ
451 2749 620 2819 ἀνίσῳ
637 2750 735 2820 τῆς
754 2749 1037 2820 δυνάμεως
1057 2754 1157 2822 τῆς
1181 2752 1301 2822 ἴσης
1331 2753 1764 2822 ἐπιζητουμένης
1795 2753 1935 2822 πρά-

347 2839 725 2909 ξεως.⁹Ὠσπερ
754 2839 863 2908 γὰρ
886 2839 1072 2894 ἄδικόν
1096 2856 1155 2892 τε
1179 2839 1314 2910 ὁμοῦ
1359 2842 1452 2894 καὶ
1480 2839 1806 2910 βαρύτατον,
1841 2841 1933 2894 τὸν

347 2929 444 2982 δύο
471 2929 711 2984 τάλαντα
728 2931 988 3000 εἰληφότα
1014 2932 1107 2984 ἐπὶ
1126 2934 1192 3002 τῇ
1220 2931 1504 3004 συντελείᾳ
1521 2933 1621 3002 τῆς
1663 2934 1934 3003 ἐργασίας

347 3023 482 3076 δέκα
508 3023 762 3076 ἀπαιτεῖν
783 3041 794 3053 ⁸
821 3022 994 3086 οὕτως
1027 3023 1296 3095 ὀλίγωρον
1319 3065 1334 3091 ,
1375 3025 1500 3090 καὶ,
1524 3027 1589 3078 ἐκ
1625 3025 1720 3078 τοῦ
1777 3026 1933 3080 ἐναν-

348 3113 492 3180 τίου,
540 3115 879 3186 παράνομον,
909 3115 1001 3168 τὸν
1050 3117 1214 3171 πέντε
1255 3117 1495 3170 τάλαντα
1544 3117 1798 3182 λαϐόντα,
1854 3119 1936 3182 είς

348 3209 592 3278 τέσσαρα
618 3208 715 3279 τὴν
741 3209 870 3280 ὃλην
897 3207 1094 3280 πρᾶξιν
1123 3209 1775 3281 συγκεφαλαιωσάμενον,
1797 3212 1934 3264 ἀπο-

349 3298 634 3368 δέχεσθαι·
676 3299 792 3352 ἀλλ’
828 3300 1060 3354 ἕκαστον
1101 3301 1202 3366 δεῖ,
1255 3303 1535 3370 ἀναλόγως
1560 3306 1625 3374 τῇ
1661 3303 1806 3374 ἰσχύϊ
1844 3302 1938 3356 καὶ

354 3391 432 3461 τῷ
465 3390 867 3463 καταϐληθέντι
897 3395 1222 3464 χαρίσματι,
1253 3395 1351 3464 τὴν
1379 3397 1644 3466 ἐργασίαν
1673 3395 1938 3466 εἰσπράτ-

350 3481 562 3535 τεσθαι.
596 3483 851 3536 Τοιοῦτον
881 3485 989 3553 γὰρ
1019 3483 1118 3554 τῆς
1155 3485 1422 3555 ἰσότητος,
1456 3487 1552 3538 καὶ
1601 3486 1700 3556 τῆς
1738 3485 1939 3539 ἀδεκά-

352 3591 482 3628 στου
509 3573 758 3645 γνώμης,
793 3577 885 3628 καὶ
909 3577 1165 3647 κρίσεως,
1197 3576 1226 3629 ὁ
1257 3575 1479 3644 θεσμός.
1511 3577 1680 3648 Δῆλον
1715 3594 1939 3647 τοιγαρ-

350 3665 447 3718 οῦν
489 3667 556 3720 ἐκ
601 3666 710 3720 τῶν
735 3667 1067 3738 εἰρημένων,
1107 3669 1183 3730 ὡς
1211 3667 1454 3721 τοιοῦτον
1488 3671 1767 3740 παρ’ἡμῖν
1791 3671 1940 3739 ὀφεί-

350 3760 434 3812 λει
468 3758 827 3828 νομίζεσθαι,
879 3759 939 3812 τὸ
997 3759 1132 3830 μηδέ
1183 3759 1455 3830 ἐμϐλέψαι
1487 3764 1762 3829 γυναῖκα,
1802 3763 1940 3832 πρὸς

349 3851 412 3903 τὸ
443 3851 782 3921 ἐπιθυμῆσαι
833 3849 1022 3921 αὐτὴν,
1063 3846 1176 3904 οἷον
1209 3851 1361 3920 παρὰ
1391 3853 1502 3913 τοῖς
1556 3852 1612 3903 ἐν
1644 3852 1724 3921 τῷ
1752 3853 1901 3922 νόμῳ
1922 3893 1937 3918 ,

351 3942 414 3995 τὸ
466 3941 542 4013 μὴ
594 3941 901 4011 μοιχεῦσαι.
947 3941 1060 3992 Καὶ
1100 3940 1222 4009 οὐχὶ
1271 3940 1380 3993 τῶν
1439 3940 1612 4008 λόγων
1652 3945 1698 3980 ι’
1731 3941 1791 3994 τὸ
1831 3943 1940 4011 ἁψ-

352 4030 507 4095 ευδές
554 4031 648 4084 καὶ
715 4030 1007 4084 ἀκόλουθον
1059 4031 1497 4102 ἐπιμαρτύρεται
1545 4031 1706 4085 τοῦτο
1736 4047 1750 4064 °
1803 4033 1941 4086 ἀλλὰ

351 4124 448 4177 καὶ
506 4123 596 4176 διὰ
657 4121 766 4176 τῶν
823 4121 1004 4194 ἔργων
1057 4121 1241 4176 αὐτῶν
1303 4122 1552 4193 ἐναργῶς
1612 4125 1828 4194 ὁρᾶται.
1865 4124 1938 4176 Οὐ

351 4215 575 4280 πλείους
608 4215 718 4288 γὰρ
752 4215 898 4269 ἐστιν
927 4215 1055 4268 ἰδεῖν
1092 4213 1202 4272 τῶν
1228 4215 1564 4280 Μωσαῖκῶν,
1592 4217 1691 4286 τὴν
1741 4216 1941 4286 πρᾶξιν

352 4307 720 4374 πεφευγότας,
748 4305 782 4376 ἢ
810 4306 936 4368 τοὺς
963 4304 1022 4356 ἐν
1056 4307 1123 4376 τῇ
1158 4305 1340 4375 χάριτι
1367 4303 1505 4375 [καὶ]
1525 4304 1634 4357 τῶν
1672 4307 1810 4376 πρὸς
1843 4303 1941 4376 τὴν

350 4399 555 4470 πρᾶξιν
584 4397 870 4451 ὠθούντων
901 4396 1421 4468 ἀνακεχωρηκότας.
1460 4399 1635 4451 Ὅπου
1676 4414 1742 4465 γε
1789 4397 1942 4450 πλεῖ-

2029 1923 2196 1978 cessit
2226 1937 2321 1991 per
2339 1922 2693 1990 baptismum,
2723 1929 2776 1972 et
2799 1918 2905 1972 alia
2949 1917 3199 1987 quaedam
3250 1917 3413 1978 dona,
3469 1915 3615 1966 unde

2031 2014 2086 2069 id
2119 2016 2263 2083 quod
2295 2013 2512 2068 dillicile
2563 2013 2715 2082 prius
2754 2011 2856 2066 fuit
2921 2009 3314 2072 alleviabatur;
3365 2019 3464 2059 nec
3497 2019 3614 2058 ma—

2033 2107 2211 2160 lorum
2247 2106 2540 2175 spirituum
2576 2103 2957 2174 impetuositas
3007 2111 3330 2172 potestatem
3363 2113 3484 2152 eam
3515 2098 3614 2151 ba-

2033 2200 2142 2263 bet,
2175 2198 2517 2268 tyrannidem
2547 2198 2602 2252 in
2635 2213 2756 2260 nos,
2791 2206 3052 2265 tanquam
3077 2211 3108 2249 e
3149 2195 3272 2248 loco
3305 2191 3611 2262 superiore,

2031 2308 2337 2348 exercere:
2397 2290 2782 2346 tantummodo
2843 2300 3028 2343 autem
3097 2296 3319 2358 pr0pter
3367 2294 3614 2340 nostram

2033 2386 2341 2441 socordiam
2390 2385 2485 2456 qui
2542 2393 2737 2455 sponte
2791 2382 3160 2451 nosmetipsos
3220 2389 3431 2434 tantum
3504 2391 3614 2433 non

2034 2476 2380 2546 subjieimus,
2420 2475 2752 2546 permittitur
2789 2475 2855 2529 iis
2895 2474 3056 2528 nobis
3101 2481 3314 2527 struere
3360 2469 3614 2534 insidias,

2033 2585 2136 2626 nos
2173 2571 2396 2626 adoriri.
2459 2571 2639 2635 Certe,
2676 2569 2720 2624 si
2761 2583 2872 2622 non
2938 2565 3115 2638 magis
3173 2574 3423 2620 exactam
3457 2561 3619 2617 nobis

2035 2663 2210 2732 legem
2275 2660 2632 2732 praescripsit,
2691 2675 2856 2730 quam
2918 2658 3046 2723 illis,
3084 2657 3267 2710 divina
3314 2655 3531 2709 bonitas
3565 2660 3620 2707 et

2032 2754 2249 2825 justitia
2287 2755 2341 2807 in
2377 2752 2713 2806 contrarium
2780 2757 3116 2813 verteretur;
3148 2757 3203 2803 et
3245 2761 3275 2800 a
3319 2745 3478 2800 nobis
3525 2744 3621 2813 qui

2037 2845 2327 2914 multiplici
2357 2844 2593 2898 fruimur
2623 2843 2962 2912 adjumento,
2995 2849 3050 2896 et
3095 2841 3164 2894 ab
3192 2839 3301 2894 illis
3329 2837 3478 2892 nullo
3529 2836 3624 2890 tali

2039 2937 2272 2992 snli‘ultis
2328 2936 2555 2998 auxilio,
2611 2935 2799 2988 eadem
2851 2947 2947 3002 per
3010 2930 3197 2986 omnia
3252 2925 3622 2991 conversatio,

2040 3029 2206 3097 idque
2238 3027 2610 3091 exactissima,
2637 3025 3011 3094 requirerezur
3037 3039 3052 3088 ;
3081 3032 3136 3077 et
3172 3021 3261 3076 ubi
3298 3021 3475 3090 impar
3506 3026 3626 3073 erat

2042 3119 2298 3184 facultas,
2329 3118 2526 3188 agendi
2576 3117 2784 3187 paritas
2833 3116 3228 3185 requireretur.
3275 3111 3450 3167 Veluti
3479 3109 3625 3165 enim

2041 3210 2427 3278 gravissimum
2459 3217 2564 3271 est,
2593 3217 2646 3261 et
2676 3224 2799 3261 cum
2834 3205 3106 3273 injustitia
3136 3204 3517 3273 eonjunctum,
3554 3201 3626 3256 ab

2043 3303 2138 3357 illo
2169 3303 2263 3372 qui
2300 3311 2510 3356 tantum
2563 3301 2673 3355 duo
2733 3302 2942 3368 accepit
2979 3299 3203 3361 talenta,
3237 3305 3625 3351 consummato

2043 3411 2226 3467 opere,
2256 3396 2441 3450 decem
2490 3393 2753 3464 exigere:
2805 3392 2879 3445 ita
2941 3389 3325 3460 negligentiam
3365 3388 3528 3457 sapit,
3573 3395 3630 3441 ct

2044 3498 2312 3562 repugnat
2341 3504 2406 3542 ex
2439 3488 2672 3542 adverso
2707 3486 2810 3556 legi
2841 3528 2855 3550 ,
2901 3501 3027 3539 cum
3083 3483 3326 3552 quinque
3372 3481 3498 3551 quis
3550 3488 3630 3533 ta-

2043 3585 2186 3638 lenta
2219 3583 2449 3651 accepit,
2485 3581 2772 3635 deductam
2808 3577 2875 3632 ad
2910 3585 3149 3646 quatuor
3181 3589 3454 3629 summam
3488 3572 3630 3626 reci-

2042 3693 2192 3748 pere.
2227 3674 2476 3729 Profecto
2514 3688 2613 3743 par
2646 3681 2700 3727 et
2729 3687 2948 3741 aequum
2976 3677 3079 3731 cst,
3116 3677 3172 3721 ut
3203 3666 3440 3735 quisque
3471 3665 3630 3735 juxta

2043 3769 2245 3822 virium
2304 3767 2709 3838 proportionem
2743 3772 2797 3818 et
2823 3761 2952 3816 doni
2993 3759 3178 3814 collati
3234 3757 3628 3820 conditionem,

2043 3861 2416 3932 operationem
2445 3873 2601 3914 suam
2633 3855 2897 3927 perficiat.
2929 3853 2985 3908 ld
3010 3854 3156 3907 enim
3194 3851 3434 3921 postulat
3461 3850 3633 3918 aequi-

2046 3955 2175 4008 tatis
2208 3963 2261 4006 ct
2311 3969 2420 4006 non
2457 3949 2692 4019 coempti
2732 3947 2977 4017 suffragii
3019 3946 3103 4000 vel
3144 3945 3339 4015 judicii
3389 3943 3626 3998 sanctio.

2043 4045 2200 4100 Patet
2248 4045 2415 4114 igitur
2453 4044 2520 4096 ab
2572 4041 2862 4096 antedictis
2919 4039 3164 4100 dictum,
3209 4035 3327 4090 Non
3377 4044 3633 4104 oportere

2045 4138 2332 4192 mulierem
2388 4134 2590 4189 intueri
2651 4134 2718 4187 ad
2770 4129 3270 4199 concupiscendum
3330 4128 3502 4193 illain,
3563 4142 3630 4182 eo

2045 4230 2165 4282 loco
2223 4228 2366 4297 apud
2399 4241 2500 4280 nos
2535 4224 2867 4288 habendum,
2909 4236 3044 4292 quo,
3082 4239 3100 4272 ι
3139 4219 3257 4274 Non
3309 4219 3626 4273 mmcbabe-

2045 4319 2142 4384 ris,
2184 4337 2200 4369 ι
2238 4317 2381 4386 apud
2407 4316 2512 4372 sub
2571 4315 2687 4385 lege
2714 4316 2978 4368 viventes.
3029 4311 3142 4366 Nec
3178 4309 3472 4365 verborum
3503 4319 3627 4362 tan-

2048 4409 2338 4465 tummodo
2405 4409 2606 4463 veritas
2659 4417 2715 4461 ct
2764 4403 3156 4474 consequentia
3197 4404 3303 4456 hoc
3334 4410 3626 4465 testantur,

350 4510 470 4546 στοι
503 4493 638 4558 ὅσοι,
666 4492 774 4544 τῶν
830 4491 960 4561 παρ’
988 4493 1141 4561 ἡμῖν,
1169 4490 1231 4543 οὐ
1273 4491 1437 4560 μόνον
1489 4491 1817 4561 περιέργους
1845 4491 1932 4544 καὶ

2047 4503 2140 4558 sed
2173 4502 2480 4556 clarissime
2540 4515 2637 4570 per
2685 4513 2850 4569 Opera
2885 4495 3127 4551 discerni
3157 4503 3356 4565 potest.
3389 4492 3630 4548 Cernere

343 4587 696 4658 ἐρωτιῶντας
725 4585 1061 4656 ὀφθαλμοὺς,
1092 4585 1264 4650 ξένοις
1309 4585 1568 4639 κάλλεσιν
1611 4586 1711 4638 οὐκ
1737 4585 1940 4638 ἐπέϐα-

341 4682 444 4733 λον
477 4695 492 4710 ’
522 4677 637 4732 ἀλλ’
679 4677 800 4731 οὺδέ
825 4679 904 4739 είς
931 4677 1055 4746 ὄψιν
1084 4676 1273 4740 ἁπλῶς
1301 4677 1560 4745 γυναικὸς
1588 4678 1904 4748 ἐνητένισαν
1923 4694 1937 4709 ·

341 4771 519 4845 μέχρι
567 4769 728 4841 ψιλῆς
768 4769 896 4833 θέας
921 4770 1132 4832 ἑαυτοῖς
1159 4770 1218 4822 τὸ
1248 4773 1444 4840 σεμνὸν
1471 4772 1935 4841 συντηρήσαντες.

337 4863 616 4934 Δεύτερον
652 4862 732 4927 δὲ,
768 4862 850 4915 ὅτι
870 4864 984 4925 τοῖς
1014 4862 1114 4932 μὲν
1137 4862 1242 4915 ὑπὸ
1273 4861 1348 4932 τῷ
1379 4862 1529 4933 νόμῳ
1557 4863 1938 4932 παιδαγωγου-

342 4956 559 5029 μένοις,
600 4957 670 5010 τὰ
712 4955 1174 5027 προστεταγμένα
1210 4955 1592 5026 κατορθοῦσιν,
1634 4957 1706 5010 τὰ
1746 4957 1941 5026 ἀγαθὰ

341 5049 466 5116 τῆς
508 5049 654 5120 γῆς,
683 5044 846 5102 ἆθλον
894 5047 1265 5119 προύτείνετο.
1335 5047 1500 5118 Ἦμῖν
1544 5048 1602 5101 δὲ
1648 5049 1942 5113 ,βασιλεία

349 5140 648 5208 οὐραγῶν,
685 5140 778 5193 καὶ
803 5139 839 5194 ἃ
873 5159 892 5192 ‹
935 5140 1245 5210 ὐφθαλμὲις
1303 5140 1404 5193 οὐκ
1439 5138 1571 5207 εἶδε,
1599 5142 1694 5194 καὶ
1720 5137 1812 5204 οὖς
1842 5142 1944 5195 οὐκ

352 5237 581 5306 ἢκουσε,
617 5235 714 5288 καὶ
744 5236 838 5288 ἐπὶ
867 5235 1100 5304 καρδίαν
1146 5235 1439 5306 ἀνθρώπου
1502 5236 1605 5289 οὐκ
1663 5235 1942 5306 ἀναϐέϐη-

354 5343 476 5381 κεν.
517 5344 540 5377 ι
568 5327 732 5378 Ὠστε
785 5327 882 5378 καὶ
928 5329 992 5378 ἐκ
1035 5326 1137 5396 τῆς
1197 5327 1307 5380 τῶν
1371 5327 1624 5380 ἐπάθλων
1677 5327 1942 5397 διαφορᾶς

354 5419 417 5472 τὸ
469 5419 668 5489 ῥᾷστον
711 5418 804 5472 καὶ
851 5419 1089 5489 χρηστὸν
1135 5419 1232 5489 τῆς
1303 5419 1670 5488 εὐαγγελικῆς
1723 5418 1944 5490 ἐντολῆς

355 5512 754 5567 ἐπιδείκνυται.
791 5513 864 5565 Ού
911 5514 1020 5584 γὰρ
1063 5513 1265 5583 ὁμοίως
1319 5513 1612 5581 ἐπίπονον,
1663 5512 1945 5584 δραμόντα

2044 4598 2191 4652 enim
2222 4606 2340 4650 erat
2396 4596 2682 4665 pauciores
2730 4607 2824 4662 per
2872 4589 3110 4644 Mosaica
3166 4597 3411 4658 tempora
3445 4597 3625 4642 actum

2045 4688 2225 4757 ipsum
2255 4694 2595 4749 aversantes,
2628 4698 2791 4753 quam
2821 4681 2936 4750 qui,
2969 4696 3116 4734 nunc
3160 4679 3262 4734 sub
3313 4677 3506 4748 gratia,
3540 4691 3628 4730 re-

2043 4787 2329 4835 cesserunt
2386 4777 2602 4847 longius
2627 4777 2695 4829 ab
2743 4775 2850 4828 illis
2877 4775 3061 4838 rebus,
3108 4787 3230 4842 qua).
3265 4770 3627 4839 perpetratio-

2044 4874 2101 4926 ni
2132 4867 2724 4926 dabantoceasionem.
2765 4865 2956 4921 Plures
2987 4875 3116 4919 sunt
3157 4862 3300 4932 apud
3350 4876 3476 4927 nos,
3519 4876 3626 4915 non

2045 4961 2230 5024 modo,
2268 4967 2576 5029 satagentes
2600 4957 2792 5012 oculos
2820 4965 2876 5010 et
2923 4954 3318 5009 amaturientcs
3383 4952 3628 5022 peregri»

2043 5066 2242 5107 narum
2275 5049 2771 5120 pulcliritndinum,
2803 5047 2896 5118 qui
2935 5062 3042 5101 non
3099 5046 3429 5101 addixerunt
3465 5045 3629 5114 cupi-

2042 5144 2309 5202 ditatibus
2333 5143 2476 5208 illis;
2534 5142 2630 5196 sed
2669 5139 2786 5210 qui,
2821 5153 2890 5193 ne
2944 5137 3166 5209 quidem
3198 5138 3252 5192 in
3289 5136 3474 5192 vultus
3501 5151 3619 5189 mu-

2043 5239 2242 5292 liebres
2271 5234 2474 5290 intueri
2498 5234 2726 5301 volunt;
2783 5233 2991 5303 quique
3044 5231 3365 5301 gravitatem
3412 5243 3630 5284 morum

2045 5329 2314 5386 illibatam
2341 5327 2506 5382 etiam
2539 5328 2609 5382 ab
2661 5326 2862 5382 intuitu
2908 5325 3300 5381 cohibuerunt.
3335 5324 3393 5378 In
3433 5338 3629 5378 secun-

2052 5423 2159 5487 dis,
2211 5422 2306 5493 qui
2338 5421 2493 5492 jnxta
2550 5420 2722 5490 legem
2769 5433 2893 5490 quae
2944 5418 3287 5473 scribebatur
3323 5424 3469 5471 recte
3504 5429 3633 5486 ege-

2053 5524 2200 5570 rant.
2245 5513 2384 5568 bona
2433 5525 2608 5580 terrw,
2639 5513 2762 5569 loco
2806 5511 3016 5582 prmmii
3044 5510 3288 5568 exhibita
3317 5508 3628 5580 capiebant.

1638 5677 1874 5734 VARle
1905 5675 2314 5732 LECTIONES.

452 5811 474 5840 ⁸
511 5799 598 5856 ἵσ.
643 5799 1063 5870 περιετράπετο.
1124 5801 1284 5855 1νῗσ.
1320 5802 1450 5857 add.
1494 5801 1692 5873 μόνωνο
1725 5799 1890 5856 habet
1916 5799 2061 5856 Mon.
2097 5799 2214 5857 sine
2256 5799 2454 5870 μόνων.

676 5895 952 5956 ΡΑτιιοι.
986 5895 1102 5956 Gn.
1141 5893 1238 5956 Cl.
