4136 6426
516 4909 523 4943 l

525 324 631 388 995

1688 321 1950 382 ΡΗΟΤΙΙ
1988 321 2494 384 PATRIARCH/E
2525 321 2634 383 (ΖΡ.

3689 318 3800 383 996

521 435 630 515 sed
669 434 954 490 nobiscum
1013 433 1308 504 stipulatur
1370 449 1586 504 regnum
1639 433 1845 488 caeleste
1873 448 1892 487 :
1937 442 1991 489 et
2023 434 2112 489 illa

2224 434 2451 500 στάδιον,
2475 435 2658 504 τυχεῖν
2718 429 2930 486 κοτίνου
2969 449 2982 462 ο
3025 432 3121 484 καὶ
3182 429 3276 484 δύο
3335 431 3557 498 στάδια,
3589 433 3802 504 χρυσοῦ

522 543 668 598 quin,
733 546 751 578 ι
782 525 892 581 Nec
938 525 1134 581 oculus
1192 525 1362 590 vidit,
1429 541 1531 580 nec
1579 526 1729 579 auris
1758 525 1988 590 audivit,
2017 541 2117 580 nec

2222 529 2490 595 στεφάνου
2545 525 2865 594 ἀξιωθῆναι.
2895 523 3065 594 Δῆλον
3111 523 3241 595 γὰρ,
3291 523 3367 585 ὡς
3413 523 3744 595 κουφότερος
3771 527 3804 577 ό

521 618 769 685 ascendit
821 618 877 672 in
937 632 1032 672 cor
1072 617 1309 674 hominis
1367 618 1612 688 c0gitare
1651 617 1720 670 “9.
1787 635 1807 668 ι
1864 615 1942 671 Ita
1974 617 2055 671 vel
2087 632 2118 673 e

2224 619 2326 672 τῶν
2355 617 2450 671 δύο
2485 617 2715 671 σταδίων
2745 617 2930 685 πόνος,
2956 617 2990 688 ἢ
3033 618 3062 670 ὁ
3092 615 3190 670 τοῦ
3242 616 3382 682 ἐνὸς,
3409 619 3477 687 τῇ
3529 617 3806 688 ἀσυγκρί-

521 711 890 782 discrepantia
947 711 1298 782 praemiorum
1351 709 1664 781 evangelica
1726 709 2005 773 mandata,
2060 719 2115 766 et

522 804 727 874 optima
750 803 1074 874 judicantur
1103 814 1158 858 et
1189 801 1472 860 facillima.
1527 801 1645 858 Non
1682 818 1840 873 teque
1867 803 2114 874 profecto

525 899 863 964 laborarunt,
901 896 945 952 is
977 896 1068 966 qui
1097 896 1336 951 stadium
1367 896 1633 961 cucurrit,
1666 904 1726 950 ut
1768 895 2106 965 oleagineatn

526 1004 786 1042 coronam
823 1000 1238 1058 consequatur;
1273 1004 1338 1044 ac
1371 989 1512 1043 alius
1535 990 1628 1059 qui
1671 989 1782 1043 duo
1810 989 1984 1047 stadia
2015 1004 2112 1045 cu-

522 1084 716 1145 currit,
753 1089 811 1136 ut
864 1096 1067 1135 corona
1135 1096 1302 1136 aurea
1352 1082 1702 1153 insigniatur.
1747 1083 1907 1138 Certe
1941 1082 2114 1138 levior

522 1175 882 1229 eritduorum
919 1173 1223 1228 stadiorum
1253 1174 1529 1239 decursio,
1573 1190 1736 1244 quam
1774 1175 1960 1239 unius,
1985 1191 2110 1230 cum

465 1293 467 1295 ι
523 1261 667 1315 inter
708 1262 930 1330 prmmia
961 1261 1108 1316 nulla
1134 1263 1208 1318 sit
1240 1264 1603 1332 comparatio,
1651 1265 1746 1318 sed
1793 1265 2111 1333 praestantia

523 1354 854 1421 etsplcndor
894 1353 1077 1418 unius,
1140 1353 1388 1410 laborem
1450 1355 1688 1418 alleviet,
1745 1371 1846 1410 nec
1885 1371 2110 1411 sensum

525 1445 780 1498 admittat
817 1447 959 1514 apud
995 1445 1337 1502 laborantem
1373 1448 1665 1517 geminata:
1707 1448 2113 1518 defatigationis

524 1546 578 1590 et
639 1539 875 1593 sudoris.
909 1537 1155 1603 Accedit,
1185 1539 1335 1609 quod
1387 1554 1736 1608 nequaquam
1787 1541 2111 1609 simpliciter

524 1630 662 1683 dixit
691 1629 1016 1686 adulterium
1049 1644 1172 1685 esse
1224 1629 1372 1683 illam
1424 1644 1524 1700 per
1549 1631 1744 1684 oculos
1810 1630 2113 1700 c0pulatio-

528 1736 683 1786 nem;
735 1722 827 1775 sed
867 1737 991 1776 cum
1027 1721 1274 1776 nominet
1307 1720 1638 1776 adulterium
1693 1721 1896 1788 cordis,
1942 1721 2110 1776 vehe-

2216 727 2294 780 τῳ
2319 709 2414 763 τοῦ
2443 708 2678 762 ἐπάθλου
2713 708 2960 779 ὑπεροχῇ
3001 709 3097 761 καὶ
3146 707 3531 778 λαμπρότητι,
3554 708 3655 778 τῆς
3702 726 3805 762 τα-

2217 800 2526 870 λαιπωρίας
2563 797 2990 870 κουφιζομένης,
3021 799 3118 852 καὶ
3160 799 3282 870 μηδ’
3315 799 3574 870 αἴσθησιν
3616 800 3802 868 ἐπιγί-

2217 893 2403 946 νεσθαι
2444 890 2884 962 συγχωροῦντος,
2906 893 3007 961 τῆς
3064 889 3262 961 διπλῆς
3329 890 3643 962 συντριϐἦς,
3706 895 3804 944 καὶ

2215 985 2322 1038 τῶν
2344 983 2545 1037 διπλῶν
2579 981 2840 1053 ἱδρώτων,
2872 981 2952 1052 τῷ
2983 981 3266 1052 κάμνοντι.
3314 982 3437 1034 Ἐπὶ
3466 982 3676 1044 τούτοις
3719 982 3802 1046 δὲ,

2215 1075 2336 1128 οὐδὲ
2369 1072 2616 1144 μοιχείαν
2644 1072 2853 1138 ἁπλῶς,
2883 1072 2983 1144 τὴν
3017 1072 3277 1144 τοιαύτην
3315 1073 3404 1127 διὰ
3439 1074 3550 1125 τῶν
3583 1073 3809 1142 ὀφθαλ-

2217 1172 2334 1242 μῶν
2401 1173 2725 1244 συμπλοκὴν
2754 1214 2770 1239 ,
2822 1173 3153 1243 διωρίσατοο
3212 1171 3348 1225 ἀλλά
3423 1171 3671 1240 μοιχείαν
3720 1171 3805 1222 εί-

2220 1265 2372 1328 πὼν,
2443 1268 2501 1318 ὲν
2572 1266 2790 1337 καρδίᾳ,
2859 1265 2950 1319 καὶ
3015 1264 3079 1318 τὸ
3151 1264 3343 1318 δοκοῦν
3408 1263 3638 1331 σφοδρὸν
3703 1263 3807 1333 τῆς

2215 1354 2571 1423 ἀποφάσεως,
2614 1358 2706 1409 καὶ
2752 1355 3049 1425 ἀπότομον,
3082 1355 3234 1426 νόμῳ
3283 1354 3630 1424 συμπαθείας
3661 1354 3808 1421 ἀφά-

2211 1463 2307 1498 του
2373 1447 2629 1501 ἐκόλασεν
2666 1450 2726 1502 ι.
2778 1449 2867 1501 Ἐν
2917 1447 3114 1519 καρδίᾳ
3145 1487 3160 1512 ,
3223 1448 3433 1518 φησὶν,
3487 1448 3519 1516 ἡ
3585 1446 3807 1515 μοιχεία

2216 1536 2552 1608 συνέστη,ἢν
2580 1540 2608 1591 ό
2641 1538 2728 1592 διὰ
2760 1539 2867 1592 τῶν
2897 1539 3163 1609 ὀμμάτων
3183 1536 3398 1609 οἶστρος
3417 1538 3510 1590 καὶ
3537 1536 3808 1606 γαργαλι-

2217 1627 2354 1695 σμὸς
2381 1631 2786 1700 κατειργάσατο
2812 1647 2828 1660 ο
2863 1630 3011 1693 ὅπως
3037 1630 3103 1684 ἄν
3139 1647 3224 1693 τις
3254 1629 3764 1700 φιλανθρωπότερον
3787 1667 3808 1691 ,

2214 1719 2248 1790 ἢ
2282 1718 2456 1782 οὕτως
2485 1718 2664 1784 εἴποις
2702 1719 2974 1791 ’Έρριψας
3007 1719 3162 1791 ὄμμα
3193 1719 3456 1788 πορνικὸν
3491 1719 3588 1772 ἐπὶ
3631 1720 3806 1790 πρόσ-

524 1820 762 1866 mentem
805 1821 858 1866 et
909 1809 1024 1866 fere
1071 1811 1402 1882 praecipitem
1437 1812 1865 1879 accusationem,
1903 1827 2002 1882 per
2039 1813 2118 1868 le-

2224 1829 2374 1864 ωπον
2425 1812 2686 1880 γυναικὸς
2730 1813 3019 1884 ἀλλοτρίας
3041 1829 3057 1845 °
3093 1814 3492 1884 ένετρύφησας,
3531 1812 3632 1866 οὐκ
3659 1811 3808 1878 ἐξὸν.

522 1916 644 1969 gem
674 1901 1074 1970 compassionis
1103 1901 1396 1956 ineﬂ‘abilis
1440 1903 1784 1972 amputavit;
1821 1903 1877 1957 In
1927 1903 2110 1969 corde,

524 1991 804 2060 inquiens,
855 1993 1110 2047 consistit
1145 1992 1476 2048 adulterium
1512 2011 1526 2047 :
1575 1993 1707 2048 illud
1739 2009 1932 2064 nempe
1969 1995 2114 2065 quod

527 2086 763 2156 patravit
821 2099 917 2155 per
972 2086 1165 2142 oculos
1223 2087 1485 2142 stimulus
1544 2096 1598 2142 et
1637 2088 1881 2158 prurigo.
1910 2086 2114 2160 Ecquis

526 2179 734 2250 aliquid
769 2180 980 2250 majore
1013 2195 1138 2235 cum
1183 2182 1588 2251 compassione,
1621 2197 1788 2249 quam
1821 2191 1906 2238 est
1934 2183 2113 2248 istud,

524 2271 715 2326 dicat?
745 2269 1131 2326 Fornicantem
1164 2271 1387 2327 oculum
1441 2272 1495 2326 in
1531 2272 1724 2328 faciem
1772 2273 1964 2329 alienae
1988 2290 2116 2330 mu-

525 2364 675 2420 lieris
729 2365 1038 2435 projecisti,
1101 2373 1155 2420 et
1195 2364 1343 2436 quod
1376 2351 1525 2420 baud
1562 2365 1803 2433 licuerit,
1835 2367 2117 2439 impudico

523 2466 580 2512 et
609 2458 898 2528 peregrino
929 2459 1134 2513 intuitu
1163 2457 1534 2514 oblectabaris
1564 2475 1579 2512 :
1613 2471 1711 2528 per
1741 2458 1921 2514 visum
1953 2458 2118 2530 liqui-

525 2549 759 2614 diorem,
799 2550 1028 2604 affectus
1063 2564 1334 2604 venenum
1377 2549 1649 2604 mollibus
1682 2548 1961 2606 instillasti
1996 2565 2120 2606 cor-

525 2640 736 2695 dibus:
794 2640 992 2696 exinde
1047 2638 1324 2694 ﬂammam
1384 2639 1803 2695 luculentiorem
1856 2650 1910 2696 et
1940 2642 2119 2714 magis

526 2730 825 2784 violentam
875 2730 929 2783 in
957 2729 1290 2801 cogitatione
1314 2729 1616 2784 acccndisti
1652 2747 1668 2786 :
1709 2730 1778 2784 ad
1824 2745 1921 2786 cor
1949 2747 2123 2802 usque

530 2822 797 2892 processit
826 2822 1142 2878 incendium
1179 2840 1193 2876 :
1233 2836 1296 2876 ac
1329 2821 1444 2877 sola
1471 2822 1858 2892 opportunitas
1883 2838 2005 2879 com
2017 2840 2118 2894 pe-

529 2917 785 2974 rendinat
811 2925 996 2972 actum
1030 2935 1044 2971 :
1107 2924 1164 2971 ct
1201 2917 1481 2985 quomodo
1519 2931 1628 2971 non
1683 2917 1738 2970 in
1769 2918 1933 2973 corde
1962 2919 2122 2973 adul-

533 3010 723 3064 lerasli
753 3025 871 3064 eam
897 3009 920 3063 ?
945 3008 1144 3064 Procul
1176 3009 1363 3076 dubio,
1395 3009 1601 3064 diceret
1637 3009 1798 3077 alius,
1853 3011 1901 3066 si
1944 3019 1996 3066 te
2018 3011 2125 3067 hoc

531 3112 713 3170 ipsum
760 3101 814 3154 in
865 3115 963 3156 sua
1022 3114 1196 3154 uxore
1237 3100 1447 3154 videret
1485 3107 1806 3166 attentasse,
1861 3115 2124 3156 consum—

2216 1903 2440 1972 ἀσελγεῖ
2490 1907 2584 1958 καὶ
2633 1905 2771 1977 ξένῳ
2817 1907 3093 1976 θεάματι·
3135 1905 3445 1978 βλέμμασιν
3486 1905 3809 1978 ὑγροτέροις

2215 1995 2307 2049 τὸν
2337 1998 2417 2049 ίὸν
2445 1998 2540 2051 τοῦ
2585 1999 2792 2061 πάθους
2822 1999 3021 2070 ψυχαῖς
3067 2000 3363 2064 ἔνέσταξας
3396 1999 3806 2070 ἀπαλωτέραιςο

2217 2089 2435 2159 ἀνῆψας
2472 2091 2703 2155 ἐκεῖθεν,
2748 2092 3118 2164 σφοδροτέραν
3147 2093 3336 2145 λοιπὸν
3358 2092 3453 2146 καὶ
3478 2091 3810 2158 ἀκάθεκτον,

2218 2179 2277 2232 ὲν
2311 2182 2417 2242 τοῖς
2449 2180 2736 2250 λογισμοῖς
2769 2184 2867 2252 τὴν
2901 2183 3077 2252 φλόγα
3103 2197 3121 2215 °
3161 2183 3325 2252 μέχρι
3360 2182 3590 2253 καρδίας
3619 2184 3654 2252 ἡ
3695 2182 3808 2235 πύ-

2222 2287 2386 2342 ρωσις
2424 2271 2642 2342 διῆλθεν
2667 2289 2682 2304 ⁸
2715 2275 2972 2345 εὐκαιρία
2997 2275 3133 2346 μόνη
3161 2275 3299 2346 πρὸς
3336 2275 3436 2345 τὴν
3471 2274 3670 2346 πρᾶξιν
3694 2274 3812 2328 λεί·-

2219 2379 2313 2416 πει
2339 2379 2355 2396 ο
2387 2363 2505 2427 πῶς
2533 2364 2633 2418 οὐκ
2665 2365 2994 2436 ἐμοίχευσας
3035 2368 3096 2420 ὲν
3123 2367 3344 2438 καρδίης
3373 2366 3513 2419 Ἀλλ’
3549 2364 3671 2420 εἷπε
3705 2367 3814 2437 μὲν

2223 2452 2355 2518 ἴσως
2383 2453 2542 2518 ἄλλος
2563 2455 2628 2510 ἀν
2648 2474 2754 2521 τις,
2781 2457 2856 2520 ὼς
2895 2457 2990 2510 καὶ
3010 2460 3259 2530 μοιχείαν
3289 2459 3507 2514 τελείαν
3543 2459 3813 2529 εἰργάσω,

2221 2545 2289 2599 ἂν
2318 2547 2397 2610 είς
2421 2545 2520 2616 τὴν
2550 2547 2747 2601 ἑαυτοῦ
2775 2565 2833 2602 σε
2858 2549 3094 2619 μάλιστα
3118 2549 3419 2623 συνῄσθετο
3440 2550 3600 2604 τοῦτο
3619 2549 3812 2621 δεδραο

2222 2640 2381 2696 κότα.
2427 2642 2578 2695 Φιλεῖ
2610 2644 2716 2714 γὰρ
2743 2645 2994 2714 ἕκαστος,
3030 2647 3242 2718 ὥσπερ,
3275 2649 3376 2701 ὅσα
3408 2648 3510 2719 μὲν
3543 2647 3704 2710 αὐτὸς
3732 2647 3814 2712 είς

2223 2735 2417 2801 ἄλλους
2453 2737 2694 2809 ἥμαρτε,
2733 2742 2932 2812 μέτρια
2957 2745 3156 2808 ποιεῖν,
3192 2742 3288 2797 καὶ
3315 2742 3647 2814 βραδύτερον
3687 2745 3813 2796 ἑπι-

2227 2832 2486 2892 σκοπεῖν,
2530 2830 2704 2894 οὕτως
2762 2831 3038 2900 ὀξύτερον,
3072 2833 3134 2888 τὸ
3190 2835 3272 2898 είς
3320 2834 3513 2889 ἑαυτὸν
3566 2833 3819 2905 ἀδίκημα

2229 2918 2471 2989 βλέπειν,
2507 2924 2602 2976 καὶ
2653 2924 2776 2977 τότε
2808 2925 3056 2994 γενέσθαι
3107 2927 3204 2981 τοῦ
3253 2926 3627 2998 ἀκροδικαίου.
3680 2927 3815 2980 Ἐπ-

2228 3011 2422 3076 έ6αλες
2446 3015 2761 3086 ὀφθαλμοὺς
2782 3018 2971 3087 ὕψεσιν
2995 3017 3326 3088 ἀλλοτρίαις,
3347 3020 3612 3092 πορνικάς
3627 3019 3696 3072 δι’
3719 3019 3819 3074 αὖ-

2229 3103 2339 3156 τῶν
2374 3105 2678 3176 ἐκπέμπων
2711 3108 2936 3173 ἀκτῖνας
2969 3125 2982 3141 ’
3015 3109 3536 3181 ἀντανεκλάσοησάν
3582 3127 3665 3163 σοι
3705 3110 3816 3163 πά-

531 3161 714 3251 inasse
766 3207 891 3245 cum
930 3190 1018 3244 illa
1081 3189 1436 3244 adulterium.
1476 3190 1638 3244 Amat
1684 3191 1831 3245 cnim
1862 3191 2119 3261 quilibet,

2230 3194 2313 3248 λιν
2347 3161 2563 3251 ἐκεῖθέν
2593 3161 2938 3273 μιαρώτεραί
2969 3161 3503 3273 βέλεδεςέδλονίιᾷε
3532 3161 3820 3273 μέσηςδε-

529 3283 798 3353 quidquid
865 3282 920 3336 in
980 3281 1119 3337 alios
1167 3281 1284 3352 ipse
1335 3281 1690 3347 commiserit,
1720 3289 1775 3336 et
1801 3283 2012 3339 tardius
2039 3283 2125 3337 vi-

531 3375 682 3439 dere,
713 3385 767 3429 et
789 3374 1128 3429 moderatius
1161 3387 1418 3429 censere:
1446 3373 1539 3428 sed
1564 3373 1707 3444 quod
1743 3372 1797 3427 in
1829 3374 2127 3444 ipsummet

533 3465 836 3521 admissum
855 3474 960 3532 est,
991 3467 1209 3519 acutius
1237 3476 1481 3528 cernere,
1512 3473 1566 3518 et
1598 3479 1876 3519 summum
1898 3467 1952 3520 in
1974 3465 2126 3537 judi-

2227 3285 2450 3357 σμήσας
2504 3289 2757 3359 καρδίας,
2787 3293 3140 3363 αἰχμάλωτον
3187 3293 3368 3356 ἕλκεις
3396 3293 3460 3347 τὸ
3519 3293 3678 3360 ζῶον,
3703 3295 3820 3357 τοῖς

2227 3379 2413 3443 αὐτοῖς
2451 3380 2850 3454 ἀνθελκόμενος
2900 3385 3120 3458 βρόχοις
3149 3403 3165 3421 ο
3199 3385 3476 3459 ἐτρώθης,
3521 3385 3772 3458 ἔτρωσας
3796 3401 3816 3418 ⁹

2235 3486 2366 3524 κατε
2374 3471 2474 3543 ϐλή
2482 3472 2606 3543 θης,
2645 3476 2964 3541 κατέϐαλες.

535 3559 710 3613 cando
739 3558 972 3625 rigorem
995 3569 1270 3608 exercere.
1290 3555 1513 3620 Oculos,
1539 3555 1732 3611 alienis
1749 3557 1924 3614 oculis
1937 3557 2190 3626 adiecisti
2221 3578 2235 3614 :
2259 3577 2356 3632 per
2374 3566 2598 3621 eosdem
2619 3566 2951 3625 fornicantes
2993 3570 3226 3626 emisisti
3261 3572 3445 3628 radios
3486 3594 3501 3628 :
3535 3572 3755 3639 abindc,
3785 3586 3822 3627 e

537 3649 845 3704 convcrsim
875 3647 1273 3716 ejaculationes
1296 3647 1349 3702 in
1379 3657 1432 3703 te
1463 3649 1818 3705 reﬂectuntur
1842 3651 2231 3722 improbiores.
2258 3655 2480 3724 Totum,
2507 3675 2539 3714 e
2564 3660 2746 3715 medio
2768 3663 2935 3717 corde
2961 3663 3308 3730 innodatum,
3351 3664 3590 3720 vinctum
3624 3674 3679 3720 et
3717 3679 3818 3720 ca-

537 3747 747 3819 ptivum
773 3745 976 3805 animal
1003 3743 1254 3809 abducis,
1277 3743 1393 3814 ipse
1411 3758 1504 3814 per
1521 3745 1741 3800 eosdem
1759 3745 1918 3801 funes
1947 3757 2210 3806 attractus
2230 3769 2244 3806 :
2261 3751 2578 3811 vulneratus
2599 3771 2660 3811 es
2678 3757 2972 3814 vulnerasti
2997 3777 3009 3812 :
3027 3770 3335 3829 proswatus
3346 3773 3407 3815 es
3425 3760 3815 3828 prostravisi‘ti.

609 3841 676 3895 Et
711 3839 905 3911 quidni
965 3838 1253 3908 perspicue
1279 3839 1383 3895 hoc
1415 3840 1488 3894 sit
1526 3841 1894 3898 adulterium?
1923 3842 2124 3899 Verum

537 3932 854 3989 misericors
884 3929 1027 3985 Deus
1053 3945 1162 3984 non
1203 3929 1255 3986 id
1291 3929 1364 3985 ita
1403 3940 1619 3999 reputat
1653 3948 1669 3988 :
1719 3933 2124 3994 circumscribit

537 4027 918 4093 peccatum,et
950 4019 1102 4075 cordi
1123 4017 1314 4089 adigit,
1353 4020 1446 4074 ubi
1479 4022 1664 4091 passio
1699 4024 2127 4093 producebatur.

537 4116 628 4170 Ait
661 4111 804 4169 enim
836 4130 850 4168 :
897 4131 917 4164 ι
955 4111 1014 4166 ln
1060 4112 1224 4168 corde
1270 4111 1588 4168 adulterasti
1642 4129 1789 4170 eum.
1813 4135 1832 4169 ι
1875 4115 2038 4174 Vides
2071 4131 2131 4177 ut

539 4209 631 4279 qui
654 4207 895 4278 optimus
934 4215 1041 4271 est,
1075 4205 1310 4276 benigne
1339 4213 1554 4276 reputet
1576 4221 1698 4276 quae
1729 4207 1941 4273 definit,
1965 4211 2125 4269 nobis

539 4298 806 4368 parcens?
874 4296 979 4352 Sed
1021 4309 1218 4367 praeter
1245 4297 1357 4366 jam
1395 4297 1558 4351 allata
1581 4298 1712 4354 illud
1747 4301 1949 4372 cogita.
2008 4301 2126 4363 Hoc

541 4391 633 4444 ille
665 4390 862 4444 scitum
917 4388 1170 4459 protulit,
1203 4403 1314 4442 non
1359 4379 1420 4442 ut
1449 4389 1744 4445 meditatus
1773 4390 1826 4446 in
1869 4407 1968 4448 nos
1993 4409 2126 4464 sup-

539 4481 789 4552 plicium,
847 4480 941 4535 sed
977 4489 1036 4534 ut
1088 4481 1335 4534 eximens
1371 4495 1472 4535 nos
1522 4495 1554 4534 a
1602 4482 1891 4554 supplicio.
1946 4483 2126 4554 Certe,

2303 3848 2429 3913 Πῶς
2454 3851 2578 3922 οὐχὶ
2609 3854 2788 3924 σαφὴς
2816 3853 2975 3908 τοῦτο
3004 3856 3224 3927 μοιχεία
3248 3873 3263 3922 ;
3290 3855 3435 3911 ’Λλλ’
3460 3855 3557 3926 οὐχ
3577 3859 3604 3910 ό
3627 3857 3818 3927 φιλάν-

2225 3938 2446 4010 θρωπος
2482 3943 2640 4015 ἡμῶν
2668 3945 2802 4010 Θεὸς
2833 3947 3007 4010 οὕτως
3028 3963 3043 3976 ο
3073 3947 3211 4001 ἀλλὰ
3255 3947 3419 4020 μέχρι
3462 3949 3726 4022 καρδίας,
3759 3951 3820 4004 έν

2226 4024 2262 4104 ᾖ
2296 4033 2391 4084 καὶ
2427 4033 2491 4087 τὸ
2519 4033 2689 4099 πάθος
2726 4035 2969 4108 ὑπέστη,
3013 4038 3348 4110 περιγράφει
3381 4039 3482 4110 τὴν
3513 4038 3815 4110 ἁμαρτίαν.

2236 4139 2254 4171 ι
2321 4123 2679 4196 Ἐμοίχευσας
2731 4128 2860 4200 γὰρ,
2911 4129 3110 4200 φησὶν,
3165 4131 3223 4185 έν
3275 4131 3494 4204 καρδίᾳ.
3559 4150 3580 4186 ι
3653 4132 3819 4204 Ὁρᾷς

2232 4215 2382 4280 ὅπως
2422 4218 2708 4288 χρηστῶς,
2741 4221 2890 4283 ὅπως
2932 4221 3170 4290 κούφως,
3204 4222 3384 4277 πάντα
3432 4223 3817 4294 γνωματεύει·

2234 4307 2384 4372 ὅπως
2408 4310 2565 4381 ἡμῶν
2582 4313 2820 4380 φείδεται
2840 4331 2855 4379 ;
2883 4314 3028 4384 Πρὸς
3053 4314 3111 4367 δὲ
3133 4317 3244 4380 τοῖς
3265 4316 3576 4387 είρημένοις
3598 4318 3821 4371 κάκεῖνο

2232 4398 2448 4468 λογίζου
2469 4417 2484 4430 °
2523 4403 2605 4456 ὅτι
2641 4404 2763 4476 οὐχὶ
2799 4406 3073 4475 τιμωρίαν
3106 4407 3237 4478 ἡμῖν
3278 4408 3545 4474 ἐπινοῶν,
3578 4409 3715 4463 ἀλλά
3740 4426 3824 4463 τι-

2239 4495 2462 4567 μωριῶν
2512 4495 2924 4570 ἐξαιρούμενος,
2958 4500 3162 4569 ταύτην
3203 4501 3392 4556 ἀνεῖπε
3435 4501 3538 4574 τὴν
3568 4501 3821 4573 γνώμην.

542 4575 635 4643 qui
670 4575 899 4629 libenter
919 4581 972 4627 et
995 4587 1118 4627 cum
1151 4569 1348 4626 alieetu
1389 4571 1625 4642 quodam
1670 4575 1863 4642 animi,
1897 4583 2007 4631 tam
2041 4577 2120 4632 in-

2248 4583 2306 4637 Ὁ
2345 4585 2452 4657 γὰρ
2490 4589 2602 4651 τοῖς
2630 4569 2896 4655 τοιούτοις
2931 4591 3326 4664 ὲμφιλοχωρῶν
3355 4569 3589 4658 ἀτόποις
3607 4569 3822 4666 θεάμα-

541 4668 803 4737 congruis
829 4666 1155 4736 spectaculis
1185 4665 1535 4737 immoratur,
1573 4681 1638 4721 eo
1661 4682 1798 4736 pene
1834 4671 2124 4739 processit,

542 4767 605 4810 ut
633 4759 809 4825 ipsum
844 4772 903 4809 se
940 4763 1064 4809 actu
1095 4763 1268 4808 totum
1301 4755 1540 4824 proluat.
1591 4753 1887 4824 Quocirca,
1943 4769 2001 4814 ut
2026 4775 2127 4816 nos

516 4865 572 4917 ,ιι
602 4847 1168 4917 supplicioliberaret,
1229 4861 1430 4902 causas
1477 4864 1668 4903 omnes
1715 4860 1960 4906 removet
1987 4853 2128 4908 unde

544 4954 646 4994 nos
688 4939 847 4994 nobis
886 4953 1078 5009 poenas
1133 4939 1488 4992 accersimus.
1557 4938 1712 5004 Quod
1746 4941 1790 4993 si
1839 4943 1974 4998 velis
2011 4959 2124 4998 rem

546 5032 810 5086 intentius
861 5043 1041 5084 mente
1087 5029 1349 5093 recolere,
1405 5030 1591 5085 videre
1647 5031 1741 5085 tibi
1778 5031 1926 5100 licet,
1980 5035 2127 5104 quod

546 5139 641 5193 per
700 5124 1193 5192 lmcpracceptum
1253 5123 1684 5178 consolationem
1771 5126 2132 5184 humanitatis

546 5217 760 5286 plenam
825 5214 1088 5284 suggerit,
1157 5222 1213 5268 et
1259 5215 1742 5271 manuductionem
1773 5217 1841 5272 ad
1876 5219 2131 5286 salutem,

549 5321 656 5359 non
684 5315 866 5358 autem
898 5303 1228 5374 supplicium
1261 5304 1536 5359 construit
1590 5305 1974 5377 implacabilis,
2023 5324 2132 5364 non

551 5415 766 5467 pmnmn
805 5398 955 5454 nullo
986 5397 1150 5453 modo
1185 5398 1580 5454 redimendam.
1639 5400 1774 5456 Cum
1808 5403 1976 5466 enim,
2013 5418 2133 5474 quae

624 5541 664 5569 ω
699 5539 865 5594 iter.
903 5555 961 5605 ιι,
989 5538 1043 5592 9.

2236 4693 2354 4740 σιν,
2391 4677 2561 4746 ἐγγύς
2606 4681 2722 4732 ἐστι
2774 4681 2871 4734 καὶ
2905 4681 3045 4753 πρὸς
3087 4681 3259 4754 αὐτὴν
3304 4684 3405 4753 τὴν
3441 4683 3643 4756 πρᾶξιν
3683 4686 3825 4749 ὅλως

2237 4767 2631 4838 βαπτισθῆναι.
2666 4770 2786 4824 Ἴνα
2815 4770 2910 4825 οὖν
2953 4773 3103 4842 ἡμᾶς
3136 4772 3386 4845 ἐξέληται
3425 4774 3522 4830 τοῦ
3555 4775 3824 4847 κολασθῆ-

2237 4876 2347 4923 ναι,
2375 4861 2800 4930 προαναστέλλει
2830 4863 2928 4926 τὰς
2951 4864 3132 4927 αἰτίας
3175 4864 3304 4932 τῶν,
3335 4865 3424 4934 ἐφ’
3452 4861 3534 4931 οἷς
3562 4869 3826 4939 εἰσπρατο

2235 4951 2444 5022 τόμεθα
2483 4954 2584 5017 τὰς
2622 4955 2914 5026 τιμωρίας.
2964 4955 3125 5020 Ἴδοις
3163 4957 3210 5011 δ’
3251 4957 3318 5012 ἂν
3360 4959 3561 5026 μᾶλλον
3597 4961 3826 5013 ἐπισκο-

2235 5043 2338 5097 πού
2349 5061 2529 5115 μενος,
2552 5044 2628 5109 ὡς
2648 5047 2768 5117 οὐχὶ
2789 5046 2980 5119 ποινὴν
3001 5047 3354 5122 ἀδυσώπητον
3373 5066 3387 5080 ·
3410 5051 3531 5105 οὐδὲ
3553 5053 3827 5124 τιμωρίαν

2235 5136 2626 5208 ἀλογοθέτητον
2651 5155 2664 5169 ’
2695 5139 3059 5209 ψυχαγωγίαν
3083 5140 3140 5194 δὲ
3169 5143 3368 5211 μᾶλλον
3404 5144 3826 5214 φιλάνθρωπον,

2235 5231 2330 5283 καὶ
2380 5231 2749 5301 χειραγωγίαν
2804 5234 3107 5304 σωτήριον,
3156 5233 3246 5288 διὰ
3288 5236 3496 5304 ταύτης
3547 5237 3678 5305 ἡμῖν
3723 5235 3829 5306 τῆς

2233 5320 2456 5390 ἐντολῆς
2499 5321 2799 5392 μεθοδεύει.
2840 5323 3004 5390 Πῶς;
3052 5325 3210 5378 Ἐπεὶ
3253 5325 3384 5397 γὰρ,
3423 5320 3514 5380 οἷα
3545 5325 3718 5381 πολλά
3756 5328 3831 5382 τὰ

2234 5406 2577 5478 ἀνθρώπινα,
2613 5412 2708 5467 καὶ
2748 5413 2919 5485 χωρὶς
2956 5414 3190 5487 μελέτης
3228 5417 3324 5470 καὶ
3369 5417 3715 5489 περιεργίας,
3746 5417 3832 5484 είς

1864 5661 2099 5719 νΑΒιΑς
2160 5660 2573 5720 LECTIONES.

669 5747 685 5780 ί
720 5747 930 5814 ἔκοψεν*
958 5747 1214 5804 ὲκόλαϐεν
1236 5749 1400 5806 habet
1435 5759 1488 5805 ct
1515 5750 1640 5807 Mon
