4136 6462
377 312 481 376 99⁵1

1302 310 1403 369 AD
1443 308 2038 373 AMPIIILOCHIUM
2078 304 2429 379 QU/ESI‘IO
2467 305 2717 367 CCXXI.

3533 302 3639 367 998

369 420 606 483 ἀτόπους
648 416 997 489 ὲκφερόμεθα
1042 417 1309 488 πράξεις’
1362 416 1449 469 ἵνα
1505 416 1727 468 ἐπειδὰν
1782 414 1949 484 μηδὲν

2058 423 2142 468 est
2181 423 2371 467 rerUm
2402 413 2645 467 conditio
2684 412 3071 477 humanarum,
3093 413 3259 467 etiam
3292 412 3499 483 absque
3534 414 3637 469 all—

370 511 950 582 προμεμελετηκότες,
1003 510 1141 580 μηδὲ
1188 511 1303 571 τοῖς
1352 508 1634 577 λογισμοῖς
1678 506 1740 558 τὸ
1775 504 1947 566 πάθος

372 601 767 671 στηλώσαντες,
810 600 950 654 κατά
988 617 1108 652 τινα
1141 598 1196 653 δὲ
1228 598 1371 669 βίαν,
1418 599 1450 668 ἢ
1485 596 1864 665 συναρπαγὴν,
1913 594 1947 663 ἢ

367 692 537 757 δόλον,
570 694 649 756 είς
692 690 952 760 τοιαύτην
993 690 1481 761 παρολισθήσωμεν
1542 688 1762 758 πρᾶξιν,
1800 703 1952 754 τηνι-

367 785 544 837 καῦτα
592 783 668 854 μὴ
722 783 1126 852 καταπέσωμεν
1177 781 1483 844 παντελῶς,
1521 780 1644 850 μηδ’
1694 780 1774 842 εἰς
1806 778 1945 831 ἀπό-

369 892 567 943 γνωσιν
607 875 835 936 ἑαυτοὺς
869 873 1287 945 ἀπορῤίψωμεν.
1334 871 1473 926 Ἀλλ’
1505 871 1835 934 ἐννοοῦντες,
1868 871 1948 923 ὅτι

372 970 507 1036 μήτε
542 967 791 1037 μελέτης,
826 967 964 1036 μήτε
1000 967 1262 1035 σπουδῆς,
1298 967 1437 1036 μήτε
1477 964 1778 1033 λογισμῶν,
1814 978 1951 1029 συγ-

370 1058 713 1120 καταθέσεως
749 1057 1250 1127 προηγησαμένης,
1292 1056 1368 1123 τῷ
1410 1054 1665 1126 πτώματι
1706 1053 1951 1124 παρεού-

374 1165 546 1220 ρημεν
566 1186 581 1211 ,
617 1148 809 1202 θᾶττόν
832 1166 890 1201 τε
922 1149 1120 1212 αὐτοὺς
1149 1150 1360 1201 ἐκεῖθεν
1388 1148 1789 1217 ἀναστήσωμεν
1810 1188 1826 1215 ,
1857 1145 1954 1200 καὶ

369 1240 507 1310 πρὸς
561 1240 849 1310 μετάνοιαν
904 1241 1233 1312 δράμωμεν,
1291 1239 1535 1311 μεγάλην
1582 1239 1954 1309 ὲφευρηκότες

370 1333 624 1403 ἀφορμὴν
678 1332 1047 1403 συγγνώμης,
1087 1333 1148 1386 τὸ
1185 1334 1260 1404 μὴ
1299 1332 1439 1403 μετά
1484 1330 1712 1403 γνώμης
1742 1332 1951 1385 πεσεῖν.

373 1427 494 1479 Ἵνα
520 1422 612 1478 οὖν
642 1425 850 1490 τούτοις
872 1429 985 1489 τοίς
1014 1427 1318 1496 λογισμοῖς,
1344 1424 1510 1478 ὲπειδ’
1554 1424 1623 1477 ἂν
1657 1422 1717 1487 ἐξ
1743 1424 1955 1494 ἐπιδρο-

376 1518 514 1588 μῆς,
548 1516 581 1588 ἢ
636 1518 831 1587 τέχνης
876 1516 1070 1580 τινδςιι
1110 1517 1143 1588 ἢ
1199 1516 1296 1571 καὶ
1330 1515 1651 1593 τυραννίδος
1692 1514 1949 1583 ἁλῶμεν,

371 1612 720 1681 ψυχαγωγεῖν
776 1608 990 1679 ἔχωμεν
1047 1609 1306 1673 ἑαυτοὺς,
1383 1607 1476 1662 καὶ
1546 1606 1954 1679 προθυμότερον

373 1702 511 1773 πρὸς
536 1701 635 1772 τὴν
667 1700 953 1772 διόρθωσιν
987 1698 1436 1772 εύθυδρομῶμεν,
1474 1699 1679 1769 ταύτην
1709 1700 1738 1752 ὁ
1762 1698 1953 1767 Σωτὴρ

2055 523 2164 575 qua
2193 506 2549 563 meditatione
2576 516 2670 560 aut
2708 506 3048 571 curiositate,
3096 506 3148 559 in
3208 506 3477 561 absurdas
3535 508 3638 562 de»
3669 543 3683 554 ς

2054 598 2286 653 ferimur
2306 598 2585 667 actiones;
2613 598 2755 662 ideo,
2796 598 2848 652 in
2883 613 3007 653 eum
3051 598 3234 662 finem,
3275 607 3355 662 ut,
3389 614 3513 654 cum
3544 614 3640 658 ne-

2054 706 2162 759 que
2182 690 2362 745 dedita
2388 705 2574 759 opera,
2606 705 2705 745 nec
2726 691 3046 761 cogitationi
3083 691 3302 760 penitus
3337 691 3639 747 inhaerente

2054 780 2277 847 affectu,
2303 782 2396 836 sed
2428 796 2522 851 per
2543 781 2676 845 vim,
2709 793 2805 850 per
2845 782 3119 850 rapinam,
3158 796 3253 851 per
3277 781 3521 835 fraudem
3560 781 3642 835 in-

2055 873 2228 940 ducti,
2262 873 2315 927 in
2347 870 2616 943 ejusmodi
2659 882 2844 927 actum
2879 873 3342 939 exorbitavimus,
3398 882 3531 937 tum,
3582 881 3641 927 ut

2057 989 2125 1026 ne
2163 971 2380 1042 penitus
2420 968 2796 1030 concidamus,
2833 975 2928 1021 aut
2974 967 3300 1037 abjieiamus
3335 982 3436 1022 nos
3462 968 3513 1019 in
3544 966 3641 1020 de-

2056 1064 2456 1133 sperationem;
2519 1061 2615 1116 sed
2669 1068 3015 1131 reputantes,
3064 1059 3211 1127 quod
3239 1074 3341 1114 nec
3361 1060 3425 1113 de
3466 1058 3642 1113 medio

2057 1158 2286 1220 latione,
2350 1170 2455 1210 nec
2510 1153 2714 1217 studio,
2769 1167 2872 1208 nec
2914 1150 3354 1217 ratiocinatione,
3407 1151 3638 1206 condes-

2056 1248 2317 1304 censione
2362 1246 2727 1318 praecedente,
2791 1247 2843 1300 in
2892 1244 3297 1316 prolapsionem
3365 1244 3636 1301 subtracti

2057 1341 2263 1398 fuimus
2308 1341 2543 1397 celerius
2578 1348 2795 1395 nosmet
2834 1338 3310 1402 resuscitabimus,
3360 1338 3425 1392 ad
3462 1338 3638 1406 paeni-

2056 1436 2282 1490 tentiam
2306 1449 2682 1501 aeeurremus,
2710 1434 2940 1503 primam
2965 1448 3243 1502 quamque
3264 1431 3435 1486 venia:
3457 1430 3637 1485 indul-

2055 1527 2244 1596 geudus
2300 1526 2646 1582 occasionem
2695 1526 3053 1596 arripientes,
3117 1525 3347 1579 minime
3392 1539 3514 1588 nos.
3572 1527 3642 1579 de

2058 1615 2227 1670 animi
2263 1618 2545 1672 sententia'
2586 1618 2875 1688 prolapsos
2911 1632 3054 1673 esse.
3098 1616 3392 1685 Quocirca,
3420 1617 3639 1687 quoties

2059 1707 2129 1763 ab
2152 1710 2400 1775 incursu,
2448 1709 2534 1763 vel
2592 1724 2689 1779 per
2732 1708 2951 1779 aliquod
3005 1708 3322 1773 artificium,
3380 1719 3473 1763 aut
3527 1708 3640 1761 vim

372 1794 691 1863 ἀπεφήνατο
720 1792 819 1864 τὴν
864 1792 1122 1863 γνὼμην’
1164 1793 1224 1845 ὲν
1254 1794 1320 1863 τῇ
1361 1790 1469 1844 τῶν
1497 1790 1757 1862 χειρόνων
1800 1789 1953 1859 αἱρέ-

2059 1799 2337 1871 tyrannice
2372 1797 2672 1853 adhibitam
2722 1813 3082 1867 occupamur,
3149 1797 3461 1852 istiusmodi
3491 1797 3639 1851 sola-

375 1903 479 1952 σει,
511 1885 733 1939 καὶτῶν
768 1885 1045 1956 λογισμῶν
1073 1887 1140 1955 τῇ
1167 1884 1588 1953 συγκαταθέσει,
1620 1884 1739 1937 ἀλλ’
1762 1884 1864 1937 οὐκ
1895 1883 1954 1937 ὲν

373 1981 438 2050 τῇ
473 1976 668 2048 πράξει
694 1978 850 2049 μόνῃ,
875 1978 937 2030 τὸ
960 1978 1060 2048 τῆς
1088 1977 1365 2049 ἁμαρτίας
1391 1977 1749 2048 περιστήσας.
1783 1973 1954 2028 Τοῦτο

372 2071 429 2124 δὲ
459 2071 519 2124 ού
555 2070 877 2141 βαρύνοντος
919 2072 1058 2135 ἐστι,
1090 2069 1216 2140 δίχα
1249 2069 1432 2139 λόγου,
1464 2070 1527 2123 τὸ
1572 2070 1810 2133 συνειδὸς
1844 2068 1954 2123 τῶν

372 2164 798 2235 ἁμαρτανόντων
830 2204 845 2230 ,
903 2162 1041 2217 ἀλλὰ
1098 2161 1519 2235 βεὸαρημένην,
1576 2162 1686 2215 τῶν
1739 2161 1841 2215 οὐκ
1888 2163 1954 2215 ὲκ

374 2253 608 2324 μελέτης
639 2253 907 2319 ἁλόντων,
961 2251 1422 2322 ἀνακουφίζοντος
1466 2253 1566 2323 τὴν
1610 2252 1951 2322 συνείδησιν,

374 2343 469 2396 καὶ
513 2342 977 2415 παρηγοροῦντος.
1032 2344 1246 2414 Ὥσπερ
1295 2344 1405 2414 γὰρ
1450 2346 1563 2407 τοῖς
1613 2344 1683 2397 δι’
1727 2343 1954 2397 ἐκείνων

374 2434 697 2505 προελθοῦσι
743 2436 852 2489 τῶν
888 2435 1284 2508 ὲρεθισμάτων,
1343 2438 1487 2507 μέγα
1533 2440 1625 2490 καὶ
1674 2436 1953 2491 δύσοιστον

371 2525 434 2580 τὸ
458 2526 793 2598 κατάκριμα.
828 2527 935 2599 (Τί
969 2527 1077 2598 γὰρ
1112 2529 1415 2597 ὲμελέτας;
1449 2528 1503 2581 τί
1541 2529 1585 2580 δ’
1629 2527 1954 2600 ἁνηρέθιζες

371 2619 443 2671 τά
483 2617 668 2687 πάθη;
709 2618 805 2671 καὶ
852 2619 951 2690 τῆς
987 2618 1202 2690 φαύλης
1253 2619 1525 2690 αἱρέσεως
1564 2620 1684 2673 ὅλον
1725 2621 1953 2675 σεαυτὸν

372 2707 579 2769 ἐποίεις
602 2748 617 2773 ,
655 2707 796 2761 ἑκὼν
853 2709 1094 2769 ἀποστάς
1126 2710 1237 2763 τῶν
1283 2710 1640 2780 κρειττόνων,
1679 2711 1855 2765 καίτοι
1894 2711 1955 2764 τὸ

374 2799 549 2853 θέλειν
593 2804 662 2853 τὰ
695 2801 907 2872 ἀμείνω
957 2804 1117 2874 ρᾷον;
1153 2823 1171 2856 t
1214 2804 1552 2875 Παράκειται
1600 2805 1709 2877 γὰρ
1752 2806 1847 2858 καὶ
1894 2806 1954 2858 ὲν

373 2895 578 2967 ἑτοίμῳ
624 2899 823 2964 πᾶσιν,
868 2898 945 2961 ὡς
996 2901 1089 2952 καὶ
1138 2899 1350 2963 Παῦλος
1400 2899 1528 2971 βοᾷ,
1582 2900 1639 2952 τὸ
1667 2900 1737 2953 τά
1771 2900 1955 2971 ἀγαθά

374 2988 573 3054 θέλειν,
617 3008 636 3041 ι
672 2991 763 3043 καὶ
792 2991 943 3043 οὐδὲν
970 2992 1208 3063 ἐργῶδες
1235 2994 1415 3061 μισεῖν
1438 2993 1751 3061 τάναντία.)
1794 2993 1956 3046 Ἀλλά

373 3082 482 3151 γὰρ
507 3080 695 3151 ὥσπερ
724 3084 835 3144 τοῖς
867 3083 1131 3146 τοιούτοις
1159 3084 1220 3137 τὸ
1250 3085 1349 3154 τῆς
1379 3085 1762 3155 κατακρίσεως
1793 3084 1956 3154 χαλε-

375 3174 509 3224 πόν·
558 3170 701 3225 οῦτω
746 3176 859 3238 τοῖς
910 3174 985 3245 μὴ
1017 3175 1107 3228 διά
1150 3175 1260 3228 τῶν
1307 3176 1512 3246 ὁμοίων
1549 3177 1954 3247 παρενεχθεῖσι,

374 3264 679 3334 προφθάνει
728 3269 829 3337 τῆς
883 3268 1156 3338 τιμωρίας
1213 3271 1245 3339 ἡ
1297 3266 1722 3338 φιλανθρωπία,
1780 3268 1838 3318 ὲν
1885 3267 1952 3335 τῇ

374 3361 567 3429 ταχινῇ
602 3358 970 3432 μεταμελείᾳ,
1005 3361 1192 3432 ῥᾳδίαν
1220 3362 1318 3432 τὴν
1356 3360 1688 3433 συγγνώμην
1733 3361 1828 3412 καὶ
1857 3358 1955 3429 τὴν

374 3451 623 3504 ἀθώωσιν
654 3454 1012 3522 χαριζομένη.
1046 3453 1156 3507 Καὶ
1193 3453 1365 3507 ταῦτα
1400 3453 1500 3524 μὲν
1539 3453 1632 3505 ὲπὶ
1673 3450 1950 3505 τοσοῦτον.

374 3542 449 3595 Σὺ
475 3542 531 3596 δέ
561 3561 653 3615 μοι
684 3545 779 3598 καὶ
807 3547 1034 3615 πράξεις
1061 3547 1296 3612 ἀτόπους
1321 3548 1611 3618 ὲκτρέπου,
1638 3546 1732 3599 καὶ
1758 3545 1953 3598 εἴδωλα

373 3635 487 3696 τοῖς
520 3635 823 3706 λογισμοῖς,
858 3637 945 3691 διά
973 3638 1269 3709 περιέργου
1306 3639 1400 3692 καὶ
1438 3638 1721 3709 ὲμπαθοῦς
1750 3637 1951 3706 ὅψεως,

374 3726 598 3795 ἀνιστᾷν
640 3727 870 3797 ἀπέχου,
938 3728 1026 3782 ἵνα
1060 3745 1141 3781 σοι
1173 3730 1264 3780 καὶ
1310 3731 1423 3792 τοῖς
1463 3727 1728 3790 τοιούτοις
1771 3726 1953 3795 λόγοις

374 3818 588 3886 τρυφᾷν
615 3826 660 3883 ν,
692 3817 827 3870 ἀλλὰ
858 3818 936 3889 μὴ
962 3818 1351 3889 δυσχεραίνειν,
1384 3820 1737 3889 περιγίνοιτο.

2060 1890 2301 1944 tionibus
2332 1904 2435 1945 nos
2463 1888 2688 1944 reficere
2719 1896 2774 1943 et
2821 1888 3004 1944 fovere
3055 1903 3385 1959 possumus;
3450 1898 3511 1942 ut
3560 1888 3642 1943 sic

2056 1981 2312 2036 alacriori
2365 1997 2533 2036 cursu
2580 1980 2819 2037 feramur
2864 1981 2933 2035 ad
2964 1981 3425 2037 emendationem.
3485 1979 3640 2035 Hanc

2057 2076 2385 2130 sententiam
2419 2072 2680 2129 Servator
2704 2074 2948 2143 protulit,
2995 2074 3130 2128 utin
3152 2074 3490 2129 deteriorum
3530 2072 3638 2129 ele-

2065 2163 2270 2229 ctione,
2311 2172 2365 2218 et
2408 2163 2637 2219 rationis
2684 2179 2978 2231 consensu,
3033 2164 3241 2234 peccati
3278 2172 3553 2227 naturam.
3586 2174 3641 2220 et

2057 2254 2245 2309 nonin
2280 2256 2399 2311 solo
2422 2266 2569 2321 actu,
2600 2256 3044 2312 circumscribat.
3102 2254 3214 2311 Nec
3242 2264 3327 2311 est
3362 2256 3465 2311 hoc
3503 2271 3639 2311 one-

2057 2346 2231 2401 rantis
2275 2346 2397 2403 sine
2444 2347 2659 2403 ratione
2715 2347 3107 2403 conscientiam
3170 2347 3635 2417 delinquentium;

2057 2437 2153 2493 sed
2193 2439 2501 2495 alleviantis
2530 2440 2713 2509 potius
2753 2448 2807 2495 et
2854 2439 3196 2495 consolantis
3239 2438 3637 2495 conscientiam

2057 2538 2472 2600 prmgravatam,
2543 2547 2758 2596 eorum,
2814 2533 2908 2602 qui
2965 2548 3074 2587 non
3116 2547 3147 2587 e
3181 2542 3330 2586 certo
3354 2530 3638 2601 proposito

2057 2624 2424 2694 abripiuntur.
2465 2624 2935 2692 Quemadmodum
2966 2627 3110 2680 enim
3139 2625 3247 2680 illis
3276 2626 3370 2695 qui
3395 2626 3463 2679 ab
3493 2624 3641 2694 ipso-

2059 2700 2178 2770 rum
2236 2717 2661 2773 excitationibus
2729 2718 2958 2787 profecti
3004 2727 3169 2783 sunt,
3251 2719 3640 2773 condemnatio

2059 2809 2257 2864 accidit
2290 2810 2439 2879 justa
2468 2819 2523 2865 et
2565 2812 2935 2881 importabilis
2994 2812 3146 2882 (quid
3196 2812 3344 2867 enim
3397 2811 3642 2867 studiose

2060 2900 2355 2958 meditatus
2381 2904 2481 2958 es?
2507 2919 2771 2973 quorsum
2805 2904 3031 2960 affectus
3066 2906 3146 2960 sic
3176 2903 3402 2960 irritasti
3425 2904 3448 2958 ?
3472 2920 3643 2975 quare

2059 3004 2111 3050 te
2133 3006 2305 3050 totum
2338 2997 2623 3066 componis
2668 2998 2734 3052 ad
2766 2997 3173 3067 improbitatem
3200 2996 3639 3067 amplexandam,

2061 3099 2253 3157 sponte
2290 3089 2574 3154 declinans
2624 3098 2679 3143 et
2731 3090 2992 3145 recedens
3032 3105 3061 3143 a
3110 3090 3450 3155 melioribus,
3515 3105 3640 3144 cum

2060 3187 2244 3234 tamen
2281 3179 2440 3234 facile
2468 3182 2645 3235 fuerat
2687 3191 2745 3235 ut
2772 3191 3055 3250 appeteres
3082 3182 3345 3236 meliora?
3369 3200 3390 3233 ι
3418 3181 3644 3251 Adiacet

2062 3269 2207 3323 enim
2242 3270 2458 3340 cuique,
2495 3270 2573 3324 uti
2613 3269 2818 3325 Paulus
2848 3272 2942 3333 ait,
2980 3270 3117 3325 velle
3145 3270 3408 3325 bonum"
3445 3288 3458 3325 :
3489 3289 3507 3320 ι
3542 3284 3644 3325 nec

2061 3368 2148 3414 est
2184 3375 2478 3415 onerosum
2509 3362 2693 3416 odisse
2728 3348 2912 3433 mala).
2950 3360 3020 3416 Ut
3051 3362 3171 3416 istis
3225 3362 3422 3415 durum
3453 3374 3534 3415 est
3579 3375 3645 3415 ac

2060 3453 2402 3509 intolerabile
2432 3455 2818 3521 condemnari;
2880 3456 2953 3510 ita
2991 3471 3108 3519 eos,
3164 3455 3257 3524 qui
3293 3470 3400 3513 non
3441 3469 3535 3523 per
3566 3454 3644 3508 si-

2060 3546 2213 3600 milia
2254 3547 2631 3615 abripiuntur,
2688 3547 2973 3617 suppliciis
3032 3554 3341 3618 exemptos,
3377 3547 3643 3616 prreveuit

2063 3639 2468 3706 misericordia;
2531 3651 2586 3695 et
2624 3642 2679 3695 in
2729 3642 2962 3695 celerala
3016 3641 3335 3711 poenitentia
3360 3656 3467 3694 nou
3504 3639 3645 3693 difli-

2061 3730 2236 3784 culter
2253 3733 2421 3785 donat
2450 3732 2863 3803 indulgentiam,
2896 3742 2951 3787 et
2973 3749 3002 3787 a
3035 3741 3188 3787 reatu
3216 3732 3639 3787 absolutionem.

2065 3821 2129 3877 Et
2170 3822 2283 3878 haec
2304 3824 2522 3893 quidem
2552 3825 2841 3879 hactenus.
2880 3823 2960 3879 Tu
2984 3833 3167 3881 autem
3199 3829 3444 3881 actiones
3475 3838 3645 3895 quas-

378 3913 509 3967 libet
539 3914 807 3970 absurdas
847 3927 1159 3981 aversator;
1192 3924 1247 3969 et
1268 3917 1413 3972 idola
1455 3919 1700 3987 quaedam
1725 3933 1820 3986 per
1871 3915 2257 3985 engi‘tationem
2299 3919 2519 3974 curioso
2561 3930 2617 3973 ct
2662 3920 2960 3975 affectuose
3010 3920 3210 3974 intuitu
3273 3920 3485 3988 erigere
3548 3918 3648 3972 ab-

377 4006 550 4072 sistis,
582 4015 640 4060 ut
674 4006 754 4062 sic
780 4007 999 4063 demum
1037 4010 1208 4063 laetari
1242 4010 1445 4078 possis,
1479 4020 1533 4064 et
1570 4011 1730 4079 quasi
1758 4008 2047 4073 luxuriari,
2084 4025 2183 4064 nec
2210 4012 2322 4064 ullo
2352 4013 2513 4065 modo
2538 4012 2673 4066 allici
2704 4013 2903 4067 talibus
2936 4011 3288 4066 sermonibus
3304 4012 3390 4065 vel
3415 4010 3643 4067 offendi.

895 4102 1229 4156 ΕΡΩΤΗΣΙΣ
1266 4103 1440 4157 ΣΚΑ¹.

482 4196 667 4261 Ποίας
694 4196 977 4263 αἱρέσεως
1006 4194 1086 4265 ἦν
1114 4198 1405 4263 Εὐσέϐιος
1430 4198 1463 4250 ό
1490 4195 1808 4267 Παμφίλου
1824 4209 1844 4258 ;

2062 4099 2395 4167 ρυΑῐδτιο
2430 4102 2641 4156 CCXXI
2687 4102 2875 4173 [CoisL
2928 4100 3159 4165 CLXVI,
3212 4100 3373 4153 Taur.
3407 4098 3639 4171 CLXV].

2245 4192 2411 4262 Cujus
2452 4194 2665 4248 ItaJresis
2704 4204 2818 4247 erat
2851 4193 3111 4247 Eusebius
3148 4190 3467 4262 Pamphili?

658 4307 799 4358 Edita
821 4324 848 4359 a
878 4310 1179 4359 Montacutio
1203 4309 1306 4373 (ep.
1335 4309 1443 4373 ιιι,
1468 4310 1528 4359 ad
1560 4309 1813 4360 Constant.
1840 4324 1890 4371 p.
1914 4308 2030 4375 τοι)
2052 4315 2106 4360 et
2131 4325 2157 4359 a
2184 4311 2239 4359 B.
2265 4309 2329 4357 de
2362 4307 2675 4358 Monlfaucon
2711 4303 2964 4369 (Biblioth.
2993 4305 3142 4358 Coisl.
3170 4323 3219 4370 p.
3245 4305 3379 4371 548).

450 4419 728 4484 Εὐσέϐιος,
753 4420 781 4472 ὁ
802 4418 898 4471 τοῦ
924 4418 1213 4488 Παμφίλου
1229 4421 1339 4475 εἴτε
1356 4419 1544 4484 δοῦλος
1563 4421 1673 4474 είτε
1697 4421 1953 4491 συνήθης,

2134 4418 2456 4486 Eusebium,
2528 4416 2798 4485 Pamphili
2858 4416 2973 4471 sive
3040 4429 3259 4471 servum
3315 4413 3432 4469 sive
3484 4412 3644 4467 fatui-

377 4511 463 4563 ὅτι
512 4509 612 4580 μὲν
657 4509 1023 4580 Ἀρειανισμῷ
1067 4509 1243 4575 ἑάλω,
1302 4510 1469 4580 βοῶσι
1523 4512 1622 4582 μὲν
1689 4511 1855 4564 αὐτοῦ
1894 4510 1963 4564 τὰ

379 4604 585 4675 βιϐλία.
616 4604 725 4656 Καὶ
752 4603 914 4667 αὐτὸς
947 4604 1005 4657 δὲ
1036 4604 1477 4676 μεταμελόμενος
1504 4605 1665 4675 δῆθεν
1693 4606 1787 4657 καὶ
1811 4606 1961 4658 ἄκων

376 4696 480 4766 τὴν
512 4696 667 4749 νόσον
697 4695 1055 4766 ἀνομολογεῖ,
1084 4697 1185 4749 κάν
1204 4698 1270 4767 τῇ
1299 4696 1635 4767 μεταμελείᾳ
1661 4697 1717 4750 δὲ
1749 4698 1955 4766 μᾶλλον

375 4789 573 4842 ἑαυτὸν
612 4789 884 4843 δείκνυσιν
912 4790 1348 4860 ἀμεταμέλητον.
1377 4792 1451 4844 Οὐ
1492 4789 1601 4860 γὰρ
1641 4790 1833 4843 ἑαυτὸν
1870 4791 1961 4841 ὲκ-

378 4881 571 4951 στῆναι
598 4884 699 4952 τῆς
738 4881 1010 4953 προτέρας
1043 4880 1368 4947 κακοδοξίας
1406 4880 1475 4934 δι’
1504 4873 1579 4933 ὧν
1613 4879 1792 4947 ἔδοξεν
1822 4882 1958 4933 ἀπο-

377 4973 655 5041 λογεῖσθαι
687 4973 1026 5045 συνίστησιν,
1062 4973 1185 5027 οὐδὲ
1215 4976 1280 5044 τῇ
1311 4972 1444 5044 ἁγίᾳ
1471 4973 1566 5026 καὶ
1602 4974 1958 5043 οἰκουμενικῇ

451 5090 495 5122 ⁸³
526 5091 684 5145 Rom.
710 5107 807 5157 vu,
836 5090 924 5147 18.

2059 4512 2275 4574 liarem,
2309 4511 2626 4565 Arianismo
2662 4508 2836 4564 fuisse
2884 4507 3321 4580 correptum(l),
3363 4507 3486 4577 ejus
3511 4507 3639 4562 libri

2058 4605 2317 4659 clamant.
2350 4603 2467 4673 Ipse
2524 4618 2654 4656 vero
2692 4602 3016 4673 pmnitentia
3057 4602 3254 4657 ductus
3310 4602 3393 4654 vel
3438 4600 3645 4655 invitus

2060 4697 2313 4751 morbum
2342 4695 2633 4750 confessus
2663 4704 2768 4759 est,
2799 4694 3015 4751 etiamsi
3054 4696 3137 4748 vel
3172 4695 3286 4763 ipsa
3328 4691 3643 4757 pcenitentia

2060 4787 2242 4857 ipsum
2296 4788 2448 4842 nullo
2476 4788 2642 4841 modo
2665 4786 2995 4857 paenituisse
3040 4785 3301 4841 declaret.
3339 4785 3461 4840 Nor.
3492 4786 3642 4840 enim

2058 4895 2118 4935 se
2156 4896 2185 4934 a
2231 4895 2396 4948 prava
2452 4880 2727 4935 sententia
2792 4878 3057 4934 desistere
3102 4893 3197 4947 per
3240 4878 3411 4943 illam,
3472 4892 3643 4946 quam

2058 4982 2217 5043 parat
2262 4973 2592 5043 apologiam,
2626 4973 2935 5042 profitetur,
2996 4985 3170 5042 neque
3199 4986 3325 5026 cum
3374 4980 3561 5026 sancta
3593 4980 3647 5025 et

1568 5181 1810 5237 VARIAZ
1842 5180 2251 5238 LECTIONES.

456 5292 486 5321 ι
523 5284 832 5353 διαϐολικῆς
855 5286 1007 5340 deest
1046 5283 1100 5338 in
1127 5280 1381 5338 Monach.
1406 5295 1646 5351 quoque.

1759 5288 1787 5317 ν
1811 5278 1897 5334 ἵσ,
1932 5280 2229 5350 ὲντρυφᾷν.
2252 5281 2466 5351 τρυφᾷν
2518 5279 2683 5335 habet
2704 5289 2760 5336 et
2784 5277 3020 5335 Monach

1890 5368 2125 5427 NOTAE.

455 5473 531 5543 (Ι)
564 5473 639 5526 De
669 5472 888 5526 Eusebii
924 5471 1233 5543 Arianismo
1280 5469 1399 5521 fuse
1449 5466 1868 5543 disputavimus
1898 5467 1953 5543 in

380 5536 958 5601 Auituadversiouibus
989 5545 1040 5595 in
1078 5540 1250 5594 Vitam
1285 5548 1338 5591 et
1362 5539 1562 5603 scripta
1591 5536 1872 5591 Athanasii
1900 5537 1955 5590 in

382 5618 560 5671 fronte
590 5613 927 5669 Collectionis
961 5628 1104 5665 nova:
1136 5610 1236 5665 SS.
1279 5608 1388 5662 PP.
1435 5608 1605 5662 Nobis
1630 5608 1961 5676 astipulatur

379 5686 629 5766 lfhotius,
665 5684 753 5766 qui
780 5699 902 5765 eum
936 5679 1112 5752 palam
1146 5682 1411 5766 Ariautun
1458 5675 1966 5766 «Icelarla-triQuoazd

381 5748 805 5828 Origeniauismi
839 5748 1045 5818 notam,
1074 5767 1238 5823 quam
1277 5751 1353 5805 illi
1400 5750 1570 5805 inurit
1598 5749 1763 5812 idem,
1830 5748 1971 5813 nihil

2062 5467 2225 5523 nobis
2260 5466 2649 5537 proferendum
2692 5467 2931 5536 suppetit
2962 5485 2975 5519 :
3010 5467 3226 5539 eritque
3264 5465 3337 5529 id,
3376 5467 3429 5520 ui
3461 5466 3642 5539 fallor,

2067 5554 2272 5592 novum
2336 5539 2476 5592 inter
2508 5539 2700 5591 doctos
2760 5538 3151 5592 controversia:
3213 5538 3639 5605 argumentum:

2070 5624 2388 5678 quanquam
2433 5624 2541 5661 non
2575 5607 2889 5678 defuerunt,
2947 5608 3041 5678 qui
3089 5610 3202 5676 jam
3238 5606 3411 5678 ipsum
3436 5623 3501 5661 ex
3535 5607 3643 5660 fre-

2073 5676 2261 5746 quenti
2314 5678 2568 5749 Origenis
2616 5693 2845 5749 operum
2880 5676 3125 5749 lectione
3168 5678 3220 5730 iu
3274 5676 3643 5749 Origeniauos

2077 5749 2343 5819 quosdam
2382 5746 2600 5806 errores
2623 5746 2837 5818 lapsum
2869 5748 3133 5818 suspicati
3166 5750 3294 5802 sint.
3331 5746 3552 5801 Mons.
