4136 6458
495 531 503 556 1

545 342 655 404 999

1707 340 1974 403 ΡΠΟΤΙΙ
2011 338 2519 400 ΡΛΤΒῙΑΒΕΗΑΞ
2551 337 2658 398 Cl’.

3681 333 3836 402 1000

542 458 885 515 (ecatntcnica
915 455 1127 529 synodo
1169 470 1229 512 se
1262 454 1578 511 consentire
1612 455 1840 520 indicat,
1873 454 1966 508 sed
1999 467 2124 505 con-

2227 451 2591 520 συμφωνῆσαι
2621 452 2672 486 V‘
2704 447 2909 519 συνόδῳ
2935 463 2948 478 ο
2983 447 3122 503 ἀλλά
3177 447 3304 510 τοὺς
3358 445 3452 500 τοῦ
3487 449 3834 517 όμοουσίθυ

540 549 918 605 substantialis
975 558 1238 618 patronos
1295 561 1486 603 secum
1527 547 1798 601 sententia
1831 555 1887 600 et
1936 555 2124 599 mente

540 641 834 696 convenire
861 651 1175 710 portentose
1201 640 1375 709 lingit.
1402 637 1557 704 Quod
1589 647 1703 691 tum
1733 639 1836 692 alia
1863 637 2119 706 plurima,

541 742 653 786 tum
683 731 938 803 epistola,
971 747 1136 802 quam
1159 731 1593 786 Caesariensibus
1621 731 1861 800 scripsit,
1895 730 2122 783 demon-

537 834 696 879 strat.
731 825 930 880 Verum
967 825 1116 896 quod
1169 825 1239 878 ab
1288 825 1448 879 initio
1497 825 1762 877 Arianam
1798 823 2119 894 opinionem

535 914 756 980 foverit,
782 925 834 969 et
869 931 1045 986 usque
1076 917 1131 970 in
1160 915 1324 970 ﬁnem
1356 916 1425 969 ab
1459 931 1524 969 ea
1561 913 1766 969 tuenda
1808 929 1914 968 non
1946 913 2120 968 desti-

539 1007 687 1069 terit,
711 1008 864 1061 multi
890 1007 1061 1077 probe
1087 1007 1290 1071 sciunt,
1322 1017 1374 1061 et
1401 1004 1588 1059 multis
1605 1021 1670 1058 ex
1695 1004 1945 1074 partilms
1965 1003 2122 1072 argui

535 1094 696 1148 facile
722 1105 920 1164 potest.
959 1095 1114 1162 Quod
1149 1106 1332 1150 autem
1370 1093 1624 1166 Origenis
1655 1095 1867 1162 morbo,
1900 1109 2011 1164 quo
2036 1095 2124 1150 ille

533 1188 678 1242 circa
709 1203 1062 1242 communem
1113 1198 1357 1242 nostram
1404 1188 1864 1243 resurrectionem
1895 1187 2123 1243 aﬁ'ectus

536 1290 675 1346 erat,
715 1280 1001 1348 laborarit,
1051 1281 1270 1335 tametsi
1305 1281 1461 1335 multi
1506 1283 1802 1352 ignorant;
1847 1280 1895 1335 si
1937 1289 2118 1334 tamen

533 1389 657 1425 cum
707 1373 965 1426 examine
1009 1373 1128 1439 ejus
1162 1373 1334 1426 libros
1381 1374 1676 1438 evolveris,
1733 1387 1867 1426 sane
1906 1372 2118 1425 videbis

533 1477 662 1520 eum
707 1480 816 1517 non
845 1465 1030 1518 minus
1060 1465 1167 1518 boc
1218 1464 1529 1533 pernicioso
1564 1466 1757 1519 morbo
1811 1465 2116 1532 laborasse,

533 1572 697 1624 quam
733 1555 994 1610 Arianieo
1024 1553 1212 1611 lurore
1241 1564 1559 1626 correptum
1583 1556 1776 1610 fuisse.

530 1751 856 1820 QU/ESTIO
878 1752 1107 1807 CCXXII
1140 1752 1336 1825 [CoisL
1361 1751 1619 1822 CLXVII,
1658 1753 1824 1809 Taur.
1857 1755 2113 1829 CLXVI}.

565 1848 704 1912 Quid
737 1859 812 1901 est
849 1846 982 1900 illud
1011 1861 1031 1900 :
1066 1865 1085 1897 ι
1111 1845 1217 1910 Qui
1241 1848 1414 1900 minor
1436 1857 1513 1900 est
1545 1849 1599 1900 in
1635 1864 1793 1917 regno
1829 1849 2079 1902 caelorum

1051 1918 1227 1985 major
1251 1927 1329 1972 est
1363 1919 1456 1972 illo
1480 1920 1558 1971 7°?
1597 1936 1616 1970 ι

2149 1919 2196 1978 Β

2229 540 2576 611 πρεσϐευτὰς
2604 539 2772 593 αὐτοῦ
2801 539 3079 593 συνελθεῖν
3110 539 3189 611 τῷ
3218 541 3532 612 φρονήματι
3563 540 3658 592 καὶ
3690 557 3832 593 συν-

2226 631 2538 702 διατεθῆναι
2590 635 2658 702 τῇ
2707 633 2938 704 γνώμῃ,
2973 633 3350 704 τερατεύεται.
3387 634 3496 687 Καὶ
3534 635 3698 687 τοῦτο
3728 652 3838 688 σα-

2227 724 2345 792 φῶς
2374 723 2513 777 ἄλλα
2543 741 2604 776 τε
2651 723 2876 777 πλείονα
2900 725 3234 795 παριστῶσι,
3263 729 3356 778 καί
3391 727 3424 796 ἡ
3465 729 3578 789 τοῖς
3605 729 3831 780 Καισα-

2230 815 2418 888 ρεῦσιν
2447 817 2596 888 αὐτῷ
2629 819 2902 888 γραφεῖσα
2938 819 3222 890 ἐπιστολή.
3289 819 3430 871 ’Λλλ’
3478 820 3560 872 ὅτι
3595 820 3694 890 μὲν
3723 821 3828 872 ἀπ’

2223 908 2400 978 ἀρχῆς
2431 909 2528 972 τὰς
2579 909 2925 980 Ἀρειανικὰς
2957 909 3116 977 δόξας
3155 909 3489 976 ὐπέθαλπεν,
3521 911 3618 964 καὶ
3654 912 3826 981 μέχρι

2223 1004 2410 1064 τέλους
2434 1005 2494 1056 οὐ
2522 1003 2731 1057 διέλιπε
2757 1005 3060 1074 περιέπων,
3081 1004 3265 1058 πολ).οί
3285 1021 3344 1057 τε
3374 1007 3830 1069 συνεπίστανται,

2224 1097 2318 1149 καὶ
2348 1097 2479 1168 ῥᾷόν
2507 1098 2626 1150 ἐστι
2679 1096 2867 1150 λαϐεῖν
2916 1097 3271 1168 πολλαχόθεν.
3324 1097 3449 1150 Ὅτι
3497 1097 3555 1151 δὲ
3587 1099 3684 1152 καὶ
3717 1097 3824 1170 τῆξ

2234 1187 2542 1257 Ὠριγένους
2570 1187 2729 1240 νόσου
2763 1188 3050 1258 μετέσχεν,
3080 1189 3146 1258 ἢν
3173 1187 3314 1240 κατὰ
3332 1189 3428 1258 τῆς
3454 1189 3638 1259 κοινῆς
3656 1189 3829 1259 ἡμῶν

2227 1281 2436 1341 ἐκεῖνος
2467 1279 2726 1350 ἐνόσησεν
2778 1279 3167 1346 ἀναστάσεως,
3202 1281 3252 1332 εί
3296 1281 3391 1332 καὶ
3420 1282 3548 1343 τούς
3583 1281 3825 1343 πολλοὺς

2229 1370 2590 1424 ὐπολανθάνει
2619 1388 2636 1404 ο
2672 1370 2788 1423 ἀλλ’
2817 1367 2911 1426 οὐν
2949 1371 3113 1435 αὐτὸς
3144 1371 3242 1425 σὺν
3282 1371 3479 1443 ἐρεύνῃ
3517 1372 3645 1435 τοὺς
3674 1373 3826 1424 ἐκεί-

2229 1479 2322 1515 νου
2374 1461 2568 1530 λόγους
2612 1462 3034 1534 ἀναλεγόμενος,
3084 1463 3239 1517 οὐδὲν
3273 1463 3496 1517 ἔλαττον
3525 1463 3691 1517 αὐτὸν
3738 1462 3827 1533 τῷ

2223 1554 2456 1626 ὀλεθρίῳ
2503 1555 2681 1626 τούτῳ
2723 1557 3123 1627 ἀῤῥωστήματι
3283 1556 3405 1619 ταῖς
3452 1555 3826 1625 ’Λρειανικαίς

2229 1648 2453 1718 μανίαις
2483 1650 2900 1719 κεκρατημένον
2928 1647 3073 1718 ὄψει.

2744 1763 3082 1816 ΕΡΩΤὶΙΣΙΣ
3121 1762 3293 1818 ΣΚΒ’.

2229 1854 2291 1907 Τί
2339 1854 2551 1932 ἐστίν·
2603 1872 2624 1935 ς
2671 1853 2862 1932 Ὀηδὲ
2901 1855 3245 1935 μικρότερος
3285 1853 3483 1935 liv-If,
3533 1865 3830 1935 ,ϐασιλέα

2404 1925 2525 1978 τῶν
2552 1924 2847 1992 οιῖιρανῶν,
2874 1924 3092 1992 μείζων
3124 1925 3320 1984 αὐτοῦ
3353 1924 3551 1999 ἐστὶν-ξ
3591 1954 3610 1987 ι

1409 2009 1553 2059 Edita
1578 2023 1605 2059 a
1629 2009 1926 2061 Montacutio
1957 2014 2060 2076 (ep.
2087 2015 2191 2079 155,
2211 2017 2270 2066 ad
2291 2018 2593 2068 Constantia.
2631 2029 2682 2078 ι).
2715 2016 2964 2077 180-189).

599 2094 756 2161 Quod
817 2109 916 2166 per
957 2094 1321 2165 quaestionem
1379 2095 1432 2148 in
1486 2095 1853 2151 Praeeursoris
1897 2097 2116 2153 laudem

527 2186 731 2242 dicitur
779 2205 794 2243 :
851 2206 869 2240 ι
906 2188 976 2242 At
1004 2187 1098 2257 qui
1131 2187 1395 2242 minimus
1421 2187 1587 2242 estin
1629 2203 1798 2258 regno
1821 2191 2114 2256 cmlorum,

528 2281 704 2350 major
737 2280 831 2334 illo
870 2290 990 2345 est;
1017 2297 1036 2331 ι
1080 2281 1197 2334 scio
1227 2278 1493 2348 plurimos
1525 2293 1590 2333 ex
1635 2278 1704 2333 iis
1729 2281 1824 2349 qui
1858 2296 1946 2336 me
1974 2297 2115 2351 prte-

527 2384 840 2440 cessernnt,
903 2373 1162 2434 arbitrari
1200 2371 1550 2428 Servatorem
1604 2372 1682 2428 ita
1716 2373 2029 2442 protulisse,
2057 2383 2118 2428 ut

526 2465 734 2536 proprii
774 2465 942 2519 animi
975 2480 1197 2520 sensum
1216 2465 1535 2535 explicaret.
1569 2462 1859 2519 lnteriilos
1889 2464 2116 2535 quidam

528 2567 863 2612 connectunt
899 2557 1063 2624 illud,
1117 2559 1396 2622 minimus,
1434 2571 1559 2610 cum
1593 2557 1702 2611 illis
1737 2557 1789 2610 in
1812 2573 1970 2626 regno
2009 2573 2114 2612 cae-

528 2652 726 2715 lorum,
767 2660 821 2703 et
854 2649 1030 2719 ὐφ’ἒν,
1062 2661 1157 2705 aut
1202 2659 1465 2719 tanquam
1536 2650 1757 2704 unicam
1802 2650 2113 2719 periodum,

529 2744 889 2814 proonntiant
941 2759 956 2795 :
1009 2752 1176 2811 atque
1239 2741 1391 2794 illum
1459 2741 1552 2809 qui
1603 2740 1659 2793 in
1685 2741 1780 2794 illo
1803 2757 1972 2810 regno
1993 2742 2118 2797 aliis

531 2840 713 2889 minor
744 2844 829 2888 est
870 2834 1147 2897 omnibus,
1207 2831 1471 2900 majorem
1533 2832 1854 2886 existimant
1882 2831 2114 2888 Joanne.

530 2931 767 2999 Regnum
805 2931 882 2986 illi
919 2931 1008 2984 hic
1044 2930 1497 2998 interpretantur,
1529 2937 1744 2998 tempus
1780 2929 2116 2984 destinatum

530 3035 655 3096 post
697 3024 1032 3079 Dominieam
1091 3021 1560 3078 resurrectionem
1608 3036 1624 3075 :
1685 3036 1795 3091 quo
1855 3021 2118 3091 temporis

530 3119 828 3182 curriculo,
868 3131 956 3170 res
981 3116 1104 3170 ﬁdei
1139 3131 1235 3185 per
1271 3129 1511 3177 crucem,
1562 3114 1920 3184 baptismum,
1950 3114 2119 3184 spiri-

531 3222 666 3277 tum,
710 3209 1099 3280 perfectionem
1133 3219 1188 3262 et
1219 3207 1783 3278 roburacquircbant.
1831 3206 2118 3262 Minimum

531 3303 586 3356 in
616 3317 702 3365 co,
727 3310 1058 3372 postremum
1084 3298 1225 3353 inter
1244 3314 1340 3354 eos
1376 3298 1584 3364 volunt,
1607 3299 1700 3368 qui
1733 3299 1786 3353 in
1818 3299 1906 3353 illa
1929 3300 2117 3370 politia

2290 2101 2365 2154 Τὸ
2392 2100 2642 2170 περὶτοῦ
2687 2101 3007 2172 Προδρόμου
3043 2100 3105 2157 ἐν
3137 2105 3349 2177 ἐπαίνῳ
3397 2112 3494 2162 καὶ
3526 2112 3650 2163 κατ’
3682 2113 3830 2183 ἐρώ-

2219 2211 2377 2264 τησιν
2413 2193 2728 2266 εἰρημένον,
2769 2213 2788 2245 ι
2835 2193 2894 2247 'U
2925 2195 2980 2248 δέ
3029 2197 3358 2270 μικρότερος
3381 2203 3440 2254 ἐν
3472 2205 3538 2274 τῇ
3568 2203 3828 2277 βασιλείᾳ

2219 2285 2330 2336 τῶν
2363 2284 2628 2355 οὐρανῶν,
2659 2285 2862 2356 μείζων
2891 2287 3062 2341 αὐτοῦ
3087 2290 3237 2343 ἐστιν
3259 2308 3271 2322 ’
3312 2311 3331 2344 ι
3367 2294 3494 2357 τοὺς
3533 2296 3830 2362 πλείστους

2219 2375 2330 2428 τῶν
2367 2376 2474 2446 πρὸ
2501 2376 2681 2447 ἡμῶν,
2715 2378 3160 2451 ἀποφαινόμενον
3190 2384 3369 2436 εἰπεῖν
3395 2384 3486 2437 τὸν
3512 2387 3824 2460 Δεσπότην,

2221 2468 2318 2520 καὶ
2355 2468 2536 2538 ψῆφον
2562 2469 2772 2522 οἰκείαν
2801 2471 3016 2541 φέρειν,
3057 2471 3428 2544 ὑπειληφότας
3466 2478 3819 2549 ἐγνώκαμεν.

2220 2559 2440 2613 Τού.ων
2467 2561 2546 2627 δὲ,
2580 2565 2628 2614 ol
2666 2563 2764 2632 μέν
2801 2564 3168 2628 συνάπτοντες
3197 2567 3282 2632 τὸ,
3313 2572 3682 2640 μικρότερος,
3721 2577 3823 2628 καὶ

2219 2653 2311 2718 τὸ,
2359 2654 2430 2706 ἐν
2458 2652 2533 2722 τῇ
2553 2655 2853 2722 βασιλείᾳ
2904 2657 3024 2711 τῶν
3069 2661 3365 2729 οὐρανῶν,
3405 2663 3495 2733 ὑφ’
3535 2664 3592 2718 ἒν
3621 2667 3820 2736 ἀναγι-

2220 2748 2493 2800 νώσκουσι
2518 2763 2534 2778 ο
2584 2747 2678 2799 καὶ
2707 2747 2798 2800 τὸν
2836 2749 2895 2800 ἐν
2945 2750 3086 2821 αὐτῇ
3115 2753 3224 2805 τῶν
3256 2753 3432 2808 ἄλλων
3464 2758 3821 2829 μικρότερον,

2219 2838 2316 2887 τοῦ
2365 2835 2612 2889 Ἰωάννου
2663 2836 2875 2893 τιθέασι
2932 2839 3188 2910 μείζονα·
3228 2842 3567 2905 ,Βασιλείαν
3594 2845 3698 2915 μὲν
3728 2847 3822 2897 ἐν-

2221 2925 2419 2994 ταῦθι,
2468 2927 2560 2980 τὸν
2612 2929 2754 2997 μετὰ
2797 2932 2898 3002 τὴν
2949 2934 3288 3005 Δεσποτικὴν
3328 2934 3627 2989 ἀνάστασιν
3658 2950 3682 2978 κ
3723 2937 3819 3002 ἐξ-

2221 3021 2532 3084 ακούοντες·
2555 3022 2678 3074 καθ’
2694 3023 2753 3074 ὃν
2783 3024 3022 3094 μάλιστα
3043 3025 3122 3096 τῷ
3139 3027 3379 3098 σταυρῷ,
3403 3029 3590 3100 καὶτῷ
3617 3029 3818 3102 βαπτί·

2223 3133 2411 3186 σματι,
2441 3118 2538 3172 καὶ
2579 3117 2658 3189 τῷ
2681 3119 2986 3190 Πνεύματι,
3015 3121 3316 3175 ἐτελειοῦτο
3348 3125 3444 3176 καὶ
3480 3124 3820 3196 ἐκρατύνετο

2219 3210 2292 3263 τὰ
2318 3210 2418 3281 τῆς
2456 3211 2692 3274 πίστεως
2713 3229 2726 3244 ·
2764 3213 3119 3282 μικρότερον
3147 3213 3226 3278 δὲ,
3265 3215 3376 3268 τῶν
3407 3217 3465 3268 ἐν
3493 3219 3634 3288 αὐτῇ
3652 3219 3814 3271 πολι-

2219 3306 2554 3374 τευομένων,
2587 3305 2678 3358 τὸν
2707 3305 2975 3360 ἐλάσσονα
2995 3321 3009 3337 ⁶
3055 3307 3111 3372 ὃς
3141 3311 3189 3363 εἰ
3224 3311 3318 3363 καὶ
3351 3309 3459 3362 τῶν
3488 3311 3662 3366 ἄλλων
3696 3312 3818 3383 ἔχει

527 3404 946 3458 conversantur;
995 3393 1090 3464 qui
1142 3401 1423 3463 utcunque
1497 3407 1662 3462 quam
1712 3393 1896 3447 caeleri
1933 3393 2116 3447 minus

2221 3395 2283 3449 τὸ
2309 3397 2551 3463 ἔλαττον,
2587 3398 2704 3452 ἀλλ’
2732 3395 2825 3454 οὖν
2850 3401 2944 3453 τοῦ
2986 3402 3234 3456 Ἰωάννου
3273 3403 3334 3456 τὸ
3375 3407 3562 3474 μεῖξον
3604 3409 3818 3476 ἀποφέ-

528 3485 792 3555 possidet,
844 3485 1019 3552 magis
1049 3492 1233 3537 tamen
1261 3480 1475 3537 Joanne
1523 3483 1902 3554 consequitur.
1962 3485 2114 3538 Prae.

528 3591 725 3632 Cursor
757 3576 926 3638 enim,
962 3575 1138 3639 aiunt,
1190 3575 1294 3630 sub
1340 3573 1478 3642 legis
1503 3574 1686 3629 adhuc
1709 3575 2003 3645 disciplina
2041 3576 2118 3630 vi-

534 3686 688 3732 vens,
716 3671 859 3722 inter
890 3678 1041 3721 natos
1081 3675 1337 3721 censetur
1366 3666 1434 3720 de
1465 3666 1801 3730 mulieribus,
1841 3677 1897 3720 et
1925 3675 2115 3721 contra

532 3761 657 3814 illos
690 3774 883 3814 omnes
915 3757 1284 3828 principatum
1330 3755 1540 3809 retulit.
1589 3758 1660 3809 At
1693 3755 1788 3825 qui
1813 3756 1917 3810 sub
1939 3757 2116 3826 gratia

529 3852 687 3916 vivit,
721 3852 866 3906 inter
893 3859 1047 3904 natos
1076 3858 1163 3904 est
1192 3848 1259 3902 de
1291 3845 1520 3916 Spiritu.
1549 3847 1694 3902 etde
1718 3862 1941 3903 sursum
1969 3863 2118 3918 rcge-

532 3956 788 4010 neratos;
843 3963 861 3996 ι
899 3942 1055 3998 Dedit
1107 3943 1254 3996 enim
1311 3941 1444 4012 ipsis
1491 3947 1819 4010 potestatem
1843 3938 1989 3996 ﬁlios
2019 3939 2114 3994 Dei

528 4053 672 4102 esse,
708 4037 800 4107 qui
824 4036 876 4090 in
898 4050 1098 4089 nomen
1127 4035 1298 4104 ipsius
1329 4035 1582 4097 credunt,
1617 4033 1712 4103 qui
1743 4049 1852 4086 non
1875 4048 1942 4088 ex
1985 4048 2115 4089 san-

530 4130 813 4200 guinibus,
865 4143 964 4182 nec
999 4127 1066 4182 de
1101 4126 1380 4180 voluntate
1398 4125 1602 4189 carnis,
1638 4125 1734 4180 sed
1764 4141 1831 4180 ex
1863 4124 1976 4182 Deo
1999 4127 2113 4182 nati

529 4223 771 4279 sunt”:
805 4223 1024 4290 [Atque
1056 4221 1207 4274 nullo
1237 4220 1469 4274 istorum
1495 4219 1770 4289 inquiunt,
1798 4217 2115 4275 Prtecursor

529 4317 705 4386 major
728 4327 832 4381 est,
867 4315 1114 4384 quinitno
1154 4313 1238 4367 vel
1278 4312 1507 4366 minimo
1541 4327 1734 4366 eorum
1753 4311 2110 4382 indigentior.

527 4411 710 4479 Atque
765 4409 1027 4464 hactenus
1074 4407 1168 4461 illi.
1211 4407 1340 4470 Alii,
1381 4403 1702 4474 Baptistam,
1741 4404 1972 4474 opinor,
2014 4419 2115 4461 nec

529 4503 826 4565 immerito,
857 4499 1100 4566 reveriti,
1135 4515 1201 4554 ne
1242 4500 1404 4552 talem
1435 4507 1760 4568 tantumque
1779 4497 1957 4552 virum
1986 4515 2110 4553 cum

2225 3510 2401 3564 ρεται.
2435 3495 2546 3548 Καὶ
2575 3496 2686 3566 γὰρ
2714 3497 2742 3549 ό
2769 3497 2868 3567 μὲν
2896 3499 3215 3570 Πρόδρομος
3238 3500 3346 3568 ἔτι,
3384 3505 3570 3572 φασὶν,
3599 3505 3705 3558 im";
3729 3507 3816 3579 τῷ

2217 3585 2370 3656 νόμῳ
2397 3585 2837 3658 πολιτευόμενος,
2881 3590 2940 3642 ἐν
2975 3593 3284 3660 γεννητοῖς
3329 3595 3446 3647 ἐστι
3483 3596 3818 3664 γυναικῶν,

2219 3678 2343 3731 καθ’
2371 3671 2446 3733 ὧν
2471 3679 2746 3746 ἁπάντων,
2772 3684 2866 3735 καὶ
2895 3682 2962 3736 τὰ
2987 3684 3256 3754 πρεσϐεῖα
3280 3686 3552 3755 ἠνέγκατο
3569 3703 3582 3718 ”
3613 3690 3642 3740 ὁ
3670 3689 3728 3742 δε
3750 3692 3815 3742 ἐν

2217 3770 2286 3840 τῇ
2319 3769 2523 3841 χάριτι,
2569 3773 2661 3824 καὶ
2690 3773 2749 3826 ἐν
2784 3775 3098 3844 γεννητοῖς
3145 3777 3263 3830 ἐστι
3323 3779 3662 3848 Πνεύματος,
3713 3783 3815 3836 καὶ

2217 3861 2726 3934 ἀναγεγεννημένος
2787 3867 3016 3923 ἄνωθεν.
3088 3888 3107 3923 ι
3178 3871 3387 3924 Ἔδωκε
3446 3874 3554 3942 γὰρ
3623 3875 3813 3941 αὐτοῖς

2220 3955 2472 4022 ἐξουσίαν
2501 3957 2666 4012 τέκνα
2709 3960 2844 4014 Θεοῦ
2879 3961 3160 4030 γενέσθαι,
3190 3967 3304 4028 τοῖς
3343 3965 3694 4020 πιστεύουσιν
3727 3970 3810 4030 εἰς

2216 4049 2280 4102 τὸ
2322 4049 2495 4121 ὄνομα
2525 4051 2716 4118 αὐτοῦ,
2759 4054 2811 4107 οἳ
2839 4056 2938 4108 οὐκ
2971 4053 3031 4120 ἐξ
3060 4057 3331 4126 αἱμάτων,
3372 4058 3495 4111 οὐδέ
3525 4061 3592 4113 ἐκ
3641 4060 3807 4131 θελή-

2222 4155 2394 4209 ματος
2447 4141 2672 4211 σαρκὸς,
2720 4143 2841 4196 οὐδὲ
2891 4147 2956 4198 ἐκ
2987 4147 3292 4217 θελήματος
3325 4149 3554 4221 ἀνδρὸς,
3587 4151 3704 4206 ἀλλ’
3740 4155 3810 4206 ἐκ

2218 4235 2355 4290 Θεοῦ
2411 4237 2787 4309 ἐγεννήθησαν
2807 4255 2821 4269 ⁸
2862 4258 2881 4293 t
2911 4234 2987 4295 ὧν
3016 4243 3044 4294 ό
3075 4241 3391 4314 Πρόδρομος
3431 4244 3665 4310 οὐδενὸς,
3700 4264 3808 4316 φα-

2219 4331 2334 4395 σὶν,
2384 4333 2483 4402 οὐχ
2530 4333 2613 4387 ὃτι
2672 4334 2895 4404 μείζων,
2939 4337 3079 4391 ἀλλὰ
3136 4341 3364 4394 καὶτοῦ
3419 4346 3804 4415 μικροτέρου]

2217 4422 2580 4495 ἐνδεέστερος.
2625 4424 2768 4481 Ἀλλ’
2814 4429 2861 4481 οἱ
2900 4429 3000 4498 μὲν
3027 4427 3220 4495 οὓτως.
3264 4433 3326 4486 Οἱ
3360 4433 3420 4486 δὲ
3457 4435 3552 4488 τὸν
3595 4436 3801 4490 Βαπτι-

2219 4515 2376 4586 στῆν,
2427 4512 2605 4587 οἶμαι,
2656 4522 2752 4571 καὶ
2800 4518 3026 4584 δικαίως
3059 4523 3497 4595 δυσωπούμενοι,
3540 4529 3592 4581 εί
3637 4527 3800 4599 τηλι-

2215 4606 2408 4661 κοῦτον
2430 4608 2582 4674 ὄντα,
2615 4609 2845 4680 μηδενὸς
2865 4611 2973 4665 τῶν
3002 4614 3060 4665 ἐν
3082 4615 3152 4685 τῇ
3179 4613 3373 4684 χάριτι
3401 4616 3801 4674 τελειωθέντων

2219 4697 2564 4766 ἰσοστάσιον,
2618 4699 2756 4753 ἀλλὰ
2803 4700 2898 4753 καὶ
2943 4700 3039 4754 τοῦ
3097 4702 3430 4773 μικροτέρου
3491 4706 3799 4776 ποιήσωσιν

2210 4790 2628 4862 εὐτελέστερον·
2661 4792 2881 4863 πρῶτον
2909 4793 3007 4864 μὲν
3034 4794 3117 4859 τὸ,
3159 4812 3178 4846 ι
3221 4797 3249 4848 ό
3288 4795 3346 4849 δέ
3382 4798 3730 4869 μικρότερος,
3773 4818 3798 4853 ι

2209 4884 2350 4938 κατά
2377 4885 2664 4955 διαστολὴν
2682 4885 2798 4951 τοῦ,
2836 4904 2856 4940 ι
2883 4889 2943 4941 ἐν
2967 4890 3035 4958 τῇ
3061 4887 3314 4959 βασιλείᾳ
3331 4891 3442 4942 τῶν
3470 4890 3738 4961 οὐρανῶν,
3771 4911 3794 4945 ι

2207 4973 2700 5042 ἀναγινώσκουσιν.
2761 4976 3016 5044 Ἔπειτα,
3058 4997 3076 5030 ι
3129 4977 3412 5049 βασιλείαν
3449 4981 3724 5051 οὐρανῶν,
3771 5002 3794 5036 ι

2209 5065 2555 5138 ἑτοιμότερον
2580 5067 2681 5138 τὴν
2706 5069 3048 5141 Δεσποτικὴν
3081 5071 3178 5124 κει)⁵
3203 5071 3471 5143 δευτέραν
3487 5074 3799 5144 παρουσίαν

2208 5156 2530 5224 ἐξακούουσι
2551 5176 2564 5190 ο
2587 5163 2942 5230 μικρότερον
2973 5163 3050 5228 δὲ,
3088 5165 3249 5218 αὐτὸν
3279 5166 3372 5220 τὸν
3402 5169 3607 5238 Κύριον
3637 5169 3670 5238 ὴ
3681 5167 3800 5238 μῶν

525 5243 618 5315 qui
638 5253 915 5312 utcunque
932 5243 985 5297 in
1012 5241 1173 5312 primi
1192 5241 1273 5296 sui
1298 5242 1563 5297 adventus
1595 5251 1861 5314 tempore,
1885 5247 1952 5300 de
1975 5245 2116 5298 mul—

2224 5252 2431 5322 Ἰησοῦν
2461 5255 2699 5325 Χριστόν
2718 5273 2731 5288 ·
2766 5257 2848 5320 ὃς,
2881 5259 2930 5310 εί
2961 5260 3054 5312 καὶ
3088 5259 3164 5331 μὴ
3194 5261 3334 5313 κατά
3358 5263 3448 5315 τὸν
3479 5264 3672 5333 καιρὸν
3696 5263 3803 5334 τῆς

526 5344 708 5390 torum
749 5335 1010 5405 opinione
1057 5349 1166 5390 non
1219 5335 1537 5406 eratmajor
1574 5351 1738 5406 quam
1767 5337 2114 5406 Praecursor;

2220 5338 2438 5418 πρώτης
2487 5347 2654 5402 αὐτοῦ
2690 5352 3027 5421 παρουσίας,
3077 5354 3281 5424 μείζων
3333 5354 3429 5409 τοῦ
3478 5356 3805 5428 Προδρόμου

528 5436 658 5484 tunc
689 5437 870 5482 tamen
902 5428 1166 5498 temporis
1185 5427 1253 5482 ab
1281 5427 1559 5491 omnibus,
1595 5430 1756 5484 etiam
1789 5446 1897 5484 non
1930 5431 2119 5485 volen-

2220 5440 2328 5500 τοῖς
2401 5439 2619 5504 πολλοῖς
2671 5441 2994 5512 ἐνομίζετο*
3048 5445 3164 5499 ἀλλ’
3213 5441 3306 5500 οὗν
3339 5447 3598 5518 τηνικάδε
3638 5449 3804 5513 πᾶσι,

525 5519 675 5598 tibus
698 5537 822 5576 eum
866 5521 994 5576 olim
1031 5536 1325 5592 agnoscere
1347 5530 1400 5575 et
1433 5519 1698 5590 proﬁteri,
1733 5536 1858 5575 cum
1892 5524 2121 5576 horren-

2220 5530 2312 5582 καὶ
2357 5533 2471 5595 τοῖς
2528 5532 2603 5604 μὴ
2657 5533 2996 5605 βουληθεῖσιν
3046 5535 3345 5608 ἐπιγνῶναι
3401 5537 3604 5606 πάλαι,
3661 5539 3811 5610 μετά

598 5642 642 5673 ⁷⁰
674 5641 806 5696 Luc.
834 5657 930 5708 vn,
957 5642 1060 5710 28;
1091 5642 1285 5697 Matth.
1321 5659 1397 5711 XI,
1432 5643 1520 5699 11.
1631 5645 1699 5676 ⁷ο·
1728 5642 1888 5698 Joan.
1922 5659 1960 5709 t,
1995 5644 2085 5709 l2,
2123 5646 2210 5700 15.

1795 5740 2035 5798 ἾΑΚΙΛΞ
2081 5737 2494 5797 LECTIONES.

1883 5845 1912 5885 1
1943 5835 2068 5893 add.
2096 5835 2198 5888 ἔτι.

527 4598 680 4652 nullo
708 4612 898 4653 eorum
929 4595 1023 4665 qui
1056 4609 1150 4665 per
1174 4593 1407 4664 gratiam
1431 4601 1909 4660 consummantur,
1947 4593 2115 4662 sequi-

525 4691 830 4762 parandum
897 4697 1162 4754 statuant,
1210 4686 1304 4741 sed
1341 4684 1426 4739 vel
1457 4685 1685 4740 minimo
1717 4685 1891 4756 magis
1911 4687 2104 4742 vilem:

527 4786 584 4839 in
624 4784 816 4856 primis
848 4781 999 4847 illud,
1043 4799 1062 4833 α
1093 4779 1142 4835 Is
1167 4779 1261 4851 qui
1290 4778 1551 4834 minimus
1581 4786 1689 4845 est,
1715 4796 1733 4830 ι
1767 4794 1863 4850 per
1889 4780 2107 4850 disjun-

527 4877 764 4932 ctioncm
811 4891 842 4930 a
888 4873 1277 4949 sequentibus,
1342 4872 1480 4942 «qui
1531 4873 1584 4926 in
1627 4886 1797 4941 regno
1840 4875 2107 4928 cmlorum

527 4981 638 5038 est,
671 4990 690 5023 ›
733 4971 919 5041 legunt.
969 4985 986 5024 :
1047 4968 1312 5036 secundo,
1351 4986 1370 5020 ι
1404 4982 1500 5038 per
1529 4982 1757 5037 regnum
1789 4967 2056 5023 cmlorum
2083 4987 2101 5021 ι

526 5062 838 5134 expeditius
857 5060 1157 5116 secundum
1180 5058 1397 5113 Domini
1416 5059 1708 5114 adventum
1731 5061 1986 5130 capiunt;
2017 5062 2112 5114 mi-

530 5149 852 5204 nimumdici
874 5148 1259 5217 voluntipsutn
1287 5148 1569 5202 Dominum
1592 5146 1779 5204 Jesum
1806 5150 2107 5216 Christum,

635 5835 685 5869 τ’
709 5829 795 5885 vel
821 5833 1220 5904 συμφρονῆσαι.
1334 5845 1360 5872 κ
1395 5835 1519 5892 add.
1558 5837 1770 5907 καιρόν.
