4136 6436
394 467 525 533 1001

1319 462 1420 522 AD
1456 455 2050 520 AMPHILOCHIUM
2089 456 2437 527 QUAESTIO
2473 457 2756 522 CCXXII.

3536 463 3675 529 1002

386 581 628 656 φιιϐερᾶς
672 579 768 634 καὶ
812 578 1118 650 φρικώδους
1159 574 1642 646 ἐπιγνωσθήσεται
1693 572 1793 642 τῆς
1829 569 1978 642 εἰδή-

2083 569 2156 624 do
2187 579 2242 626 et
2275 570 2526 626 horribili
2558 585 2780 639 aspectu
2811 578 3171 645 aguosce‘tur,
3205 575 3370 647 judcx
3411 580 3668 634 nimirum

390 689 551 736 σεως,
595 671 790 740 κριτὴς
823 669 1044 724 πάντων
1082 667 1178 722 καὶ
1208 666 1466 736 βασιλεὺς
1505 666 1974 734 παραγενόμενος.

401 764 567 818 Ἀλλά
591 764 688 819 καὶ
734 757 906 826 οὗτοι,
936 763 1294 832 μικρότερον
1338 757 1598 828 εἰρῆσθαι
1637 756 1728 810 τὸν
1772 754 1980 826 Κύριον

388 857 549 928 ἡμῶν
581 855 792 928 Ἰησοῦν
818 853 1083 926 Χριστὸν,
1116 853 1179 906 οὑ
1217 852 1359 906 κατά
1392 852 1522 922 μίαν
1550 851 1646 905 καὶ
1671 849 1772 921 τὴν
1804 849 1980 916 αὑτὴν

388 947 762 1020 παρεδέξαντο
811 947 1024 1000 ἔννοιαν
1051 962 1065 976 ·
1109 945 1227 999 ἀλλ’
1283 946 1332 999 oi
1391 945 1492 1014 μὲν
1527 943 1606 1013 τῷ
1651 943 1832 1014 χρόνῳ
1879 942 1980 1010 τῆς

390 1042 531 1096 κατά
556 1041 736 1112 σάρκα
765 1041 1077 1109 γεννήσεως
1127 1039 1290 1110 (μησὶ
1313 1038 1423 1107 γὰρ
1453 1037 1598 1100 ὅλοις
1619 1036 1680 1104 ἒξ
1711 1039 1738 1090 ὁ
1773 1039 1980 1088 Δεσπο-

386 1134 539 1197 τικὸς
570 1133 730 1196 τόκος
782 1133 877 1186 τοῦ
924 1132 1245 1203 Προδρόμου
1285 1129 1634 1198 ὑπελείπετο)
1659 1145 1676 1162 ο
1701 1130 1752 1182 οἱ
1792 1129 1870 1194 δὲ,
1901 1127 1980 1200 τῷ

389 1225 560 1296 μήκει
598 1226 698 1296 τῆς
741 1224 955 1296 ἡλικίας
984 1239 1000 1256 ·
1043 1223 1340 1293 ὑπερέχειν
1371 1222 1482 1293 γάρ
1516 1223 1612 1275 τοῦ
1666 1215 1938 1274 Δεσπότδυ
1961 1261 1978 1288 ,

387 1318 484 1370 καὶ
513 1319 580 1388 τῇ
605 1316 698 1370 τοῦ
729 1315 985 1386 σώματος
1009 1316 1314 1387 ἁναδρομῇ.
1347 1317 1438 1368 τὸν
1464 1315 1782 1386 Βαπτιστὴν
1805 1331 1984 1385 παρα-

385 1406 596 1462 δέδοται
620 1425 633 1440 ·
659 1409 808 1462 ἄλλοι
835 1410 893 1462 δέ
950 1409 1012 1463 τὸ
1033 1410 1387 1479 μικρότερος
1431 1409 1688 1479 εἰρῆσθαι
1715 1408 1852 1478 πρὸς
1875 1409 1977 1479 τὴν

387 1501 499 1554 τῶν
532 1501 747 1554 πολλῶν
784 1503 1054 1574 ὑπόληψιν
1089 1503 1447 1574 ἐξειλήφασιν
1470 1518 1484 1532 ⁶
1531 1503 1838 1573 ὑπείληπτο
1869 1503 1981 1574 γὰρ

393 1593 598 1662 μείζων
669 1594 698 1646 ὁ
754 1593 1033 1664 Ἰωάννης,
1069 1593 1167 1647 ἅτε
1198 1593 1262 1665 δὴ
1295 1593 1416 1665 Θεῷ
1453 1596 1518 1647 ἐκ
1559 1593 1797 1665 βρέφους
1832 1595 1979 1648 ἀνειο

393 1684 580 1751 μένος,
623 1683 720 1736 καὶ
753 1681 868 1753 βίον
897 1682 1134 1738 ἄσκευον
1160 1693 1183 1721 ι
1215 1686 1280 1738 ἐκ
1311 1687 1647 1756 σπαργάνων
1679 1686 1860 1740 αὐτῶν
1887 1685 1983 1740 καὶ

389 1770 661 1841 ἐρημικὸν
700 1772 1153 1845 ἐπανῃρημένος’
1207 1774 1303 1828 καὶ
1332 1774 1466 1828 διότι
1515 1775 1608 1828 τὸν
1653 1775 1983 1845 βαπτίζοντα

388 1862 483 1916 τοῦ
541 1863 966 1936 βαπτιζομένου,
1027 1865 1057 1918 ό
1110 1865 1402 1936 πρόχειρος
1453 1864 1763 1936 λόγισμοςι
1802 1865 1978 1919 ἐθέλει

2085 662 2142 716 in
2187 666 2425 720 adventu
2479 666 2574 718 ilio
2622 675 2675 720 et
2720 684 2812 722 rex
2861 685 3131 740 apparens
3187 691 3202 727 :
3245 673 3339 727 sed
3368 681 3548 728 tamen
3579 674 3669 729 istt

2085 753 2376 811 Dominum
2410 767 2661 812 nostrum
2696 758 2883 814 Jesum
2907 761 3216 828 Christum,
3245 764 3523 817 minimum
3558 765 3666 820 dici

2084 848 2445 915 arbitrantur,
2504 867 2612 905 non
2669 854 2971 908 secundum
3023 870 3191 909 unam
3226 865 3280 910 et
3300 858 3547 912 eamdem
3584 859 3668 911 il.-

2083 943 2457 1014 telligentiam.
2513 945 2745 1012 Quidam
2800 947 3045 1004 referunt
3084 950 3153 1005 ad
3184 959 3400 1022 tempus
3451 953 3667 1006 nativi-

2087 1036 2216 1092 tatis
2245 1037 2299 1092 in
2318 1052 2519 1103 carne;
2552 1055 2675 1094 nam
2709 1057 2805 1110 per
2832 1055 2926 1096 sex
2959 1051 3100 1098 totos
3122 1059 3363 1111 menses,
3407 1047 3664 1100 nativitas

2085 1127 2474 1197 Prtecursoris,
2510 1134 2744 1200 Domini,
2790 1137 3187 1191 antevertebat.
3231 1137 3333 1192 Alii
3381 1139 3447 1192 ad
3491 1140 3670 1192 artatis

2084 1219 2461 1274 extensionetn
2507 1231 2561 1273 et
2609 1222 2730 1276 vitae
2779 1237 3093 1278 mensuram
3149 1242 3162 1278 :
3217 1225 3484 1279 traditum
3521 1229 3668 1280 enim

2085 1319 2202 1378 est,
2270 1312 2668 1369 Prtecursorem
2761 1314 3050 1370 Dominum
3116 1318 3423 1372 excessisse
3504 1334 3670 1372 cursu

2085 1408 2356 1477 corporali
2402 1424 2524 1462 suo.
2584 1409 2684 1461 Alii
2731 1409 2862 1464 illud
2903 1411 3156 1464 minimus
3192 1411 3494 1465 sccuudmn
3528 1412 3673 1464 mul-

2087 1507 2268 1554 torum
2323 1501 2638 1569 Opinionem
2689 1502 2894 1555 dictum
2960 1501 3334 1566 arbitrantur;
3393 1499 3674 1557 ferebatur

2086 1592 2234 1646 enim
2267 1593 2444 1662 major
2472 1590 2729 1657 Joannes,
2786 1601 2975 1663 utpote
3012 1592 3122 1648 Deo
3166 1593 3234 1647 ab
3263 1593 3495 1647 infantia
3532 1608 3671 1647 con-

2085 1692 2354 1747 secratus,
2376 1682 2581 1752 quique
2620 1684 2784 1737 vitam
2821 1685 3114 1739 asceticam
3149 1692 3203 1739 et
3229 1684 3578 1738 eremieolam
3606 1684 3673 1738 ab

2087 1779 2222 1849 ipsis
2245 1779 2558 1850 crepundiis
2603 1781 2918 1835 sectabatur
2981 1798 2994 1834 :
3057 1788 3170 1833 tmn
3207 1778 3352 1848 quod
3389 1779 3670 1832 communi

2087 1874 2297 1927 ettrito
2340 1888 2616 1936 sermone,
2671 1874 2718 1928 is
2762 1875 2855 1943 qui
2909 1873 3153 1943 baptizat
3208 1873 3384 1942 major
3441 1871 3672 1925 habetur

389 1929 838 2028 σεϐασμιώτερον
863 1973 875 1988 ·
901 1929 1017 2011 ἀλλ’
1061 1929 1370 2029 οὑτοι-μέν,
1412 1929 1641 2012 κᾶν-ἐπὶ
1675 1959 1969 2030 διαφόρους

2088 1964 2364 2032 baptizato
2391 1973 2445 2018 et
2487 1929 2872 2019 venerabilior.
2935 1929 3188 2018 Aitamen
3234 1963 3345 2027 isti,
3390 1972 3675 2031 utcunque

386 2051 588 2119 αἰτίας,
621 2053 949 2125 μικρότερον
972 2053 1067 2107 τοῦ
1100 2053 1421 2124 Προδρόμου
1448 2052 1538 2106 τὸν
1555 2050 1971 2124 κηρυσσόμενον

385 2146 502 2208 τοῖς
557 2144 774 2210 πολλοῖς
823 2145 1152 2216 νομισθῆναι
1206 2143 1628 2214 συγκατέθεντο,
1663 2141 1808 2213 πλὴν
1854 2140 1970 2195 ἀλλ’

385 2237 688 2308 ὁμοφώνως
715 2237 1100 2310 ἀναρρηθῆναι
1141 2236 1368 2309 μείζονα
1389 2236 1488 2290 τοῦ
1519 2235 1712 2290 δούλου
1743 2234 1836 2288 τὸν
1872 2237 1972 2286 As-

382 2329 633 2402 σπότην,
694 2331 838 2386 κατὰ
872 2331 972 2402 τὴν
1023 2332 1279 2403 οὐράνιον
1329 2329 1551 2400 ἐκείνην
1594 2329 1690 2382 καὶ
1737 2327 1974 2397 φρικτὴν

386 2422 704 2492 βασιλείαν,
763 2424 1139 2495 ἀπεφήναντο.
1199 2420 1341 2491 Ἐγὼ
1386 2421 1444 2474 δέ
1497 2420 1711 2484 τούτοις
1761 2421 1976 2491 διαιτᾷν

385 2515 624 2585 ἐμαυτὸν
671 2515 911 2581 ἐξιστὰς,
945 2516 1040 2570 καὶ
1073 2517 1168 2568 τὸν
1196 2513 1421 2584 ἄμεινον
1457 2513 1682 2567 εἰπόντα
1719 2511 1977 2583 φυλοκρι-

383 2608 498 2660 νεῖν
540 2607 568 2647 b
609 2607 670 2660 οὑ
723 2607 962 2677 νομίζων
1015 2607 1188 2676 ἐμόν’
1244 2605 1356 2660 οὐδ’
1403 2604 1481 2668 ώς
1543 2605 1855 2659 ἀντείποιεν
1924 2605 1974 2657 οἱ

384 2699 780 2769 ἐπικληθέντες
829 2698 927 2752 τοῦ
986 2697 1297 2752 Βαπτιστοῦ
1360 2697 1567 2766 πολλὴν
1623 2695 1976 2765 καταγνῶναι

381 2797 778 2866 ταπεινότητα,
823 2796 1020 2868 ὅτιπερ
1051 2795 1174 2849 οὑδὲ
1213 2796 1328 2859 τοῖς
1381 2792 1798 2863 αἰτιασαμένοις
1848 2793 1976 2862 ὑμῖν

387 2893 534 2966 μέγα
560 2909 613 2946 τι
640 2893 1005 2963 διανενόηται,
1035 2890 1261 2962 μείζονα
1298 2887 1395 2942 τοῦ
1425 2887 1616 2941 δούλου
1637 2887 1727 2940 τὸν
1757 2885 1978 2939 Δεσπό-

383 3001 489 3056 την
517 2984 856 3055 ἀποφήνασι.
891 2983 1075 3054 (Ποῖον
1124 2980 1234 3050 γὰρ
1282 2980 1442 3044 κλέος
1471 2980 1753 3051 Δεσπότην
1783 2978 1976 3032 δούλου

387 3075 616 3146 μείζονα
660 3073 987 3144 φαίνεσθαι·
1044 3072 1140 3125 καὶ
1179 3071 1301 3124 τότε
1360 3070 1506 3124 κατά
1551 3071 1650 3139 τὴν
1693 3071 1976 3140 ἄφραστον

384 3167 606 3238 ἐκείνην
646 3166 742 3221 καὶ
769 3163 1004 3238 φρικτὴν
1029 3162 1339 3234 παρουσίαν
1360 3162 1400 3234 ;)
1437 3163 1607 3218 Οὐδὲν
1635 3159 1728 3216 οὖν
1768 3161 1978 3216 τούτων

387 3260 602 3329 λέγειν,
652 3258 788 3331 ἐμὸν
832 3254 972 3312 εἷναι
1019 3255 1338 3324 δικαιώσας,
1390 3255 1528 3309 ἀλλὰ
1571 3255 1664 3308 καὶ
1709 3255 1837 3317 τοὺς
1881 3254 1978 3308 ἇν-

383 3356 522 3427 δρας
563 3356 845 3427 ἀρχιερεῖς
892 3355 1054 3416 ὄντας
1091 3352 1352 3424 μάλιστα,
1405 3351 1501 3405 καὶ
1534 3349 1656 3421 Θεῷ
1708 3349 1980 3421 θεράπον-

382 3467 508 3516 τας,
564 3449 836 3521 στέργων,
871 3449 969 3501 καὶ
1002 3448 1164 3519 χάριν
1209 3445 1457 3516 μεγάλην
1493 3443 1638 3516 ὑπὲρ
1675 3435 1754 3497 ῶν
1802 3439 1977 3508 εἷπον,

383 3540 674 3613 ὁμολογῶν
728 3539 812 3612 (οὑ
849 3538 960 3610 γὰρ
984 3539 1087 3592 ὃσα
1115 3539 1237 3600 ταῖς
1263 3537 1469 3608 ἐτέρων
1497 3535 1760 3599 διανοίαις
1790 3533 1983 3588 ἔνστα-

390 3649 481 3687 σιν
509 3633 676 3700 ποιεῖ,
705 3630 882 3686 ταῦτα
907 3630 1136 3692 καὶτοῖς
1159 3627 1398 3700 ἐξαρχῆς
1417 3625 1632 3681 εἰποῦσι
1657 3625 1830 3696 λαδήν
1858 3642 1982 3680 τινα

384 3725 677 3797 προξενεῖ·
719 3722 1007 3794 ἀγαπητὸν
1057 3721 1158 3792 μέν
1207 3720 1261 3774 εί
1287 3737 1372 3784 τις
1415 3720 1724 3792 ἀρχόμενος
1767 3717 1983 3789 ὑψηλῆς

382 3835 534 3882 τινος
568 3815 827 3886 θεωρίας,
857 3815 952 3868 ἐπὶ
979 3814 1147 3868 ποσόν
1181 3830 1237 3866 τι
1275 3813 1380 3884 τῆς
1415 3812 1680 3884 ἀληθείας
1699 3812 1976 3881 ἐφίκοιτοο

381 3911 437 3964 οἱ
470 3907 530 3962 δέ
563 3924 628 3978 γε
659 3906 866 3960 κλεινοὶ
892 3905 1004 3959 τῶν
1030 3905 1296 3976 Πατέρων
1327 3903 1510 3975 ήμῶν,
1541 3904 1636 3958 ἐπί
1662 3921 1727 3972 γε
1754 3903 1817 3957 τὺ
1833 3903 1982 3956 πλεῖ-

387 4019 539 4069 στον,
594 4001 691 4056 καὶ
741 4002 823 4065 είς
879 3999 1173 4071 ἀκρίϐειαν
1220 3999 1323 4069 τὴν
1356 3999 1465 4052 τῶν
1505 3997 1670 4052 θείων
1710 3997 1981 4068 χρησμῶν

383 4094 628 4151 διάνοιαν
680 4090 1100 4162 ἀπεκάλυψαν),
1147 4089 1290 4160 πλήν
1329 4106 1396 4158 γε
1429 4090 1495 4161 δὴ
1519 4090 1646 4153 τοὺς
1677 4089 1877 4160 ἄνδρας
1923 4090 1982 4142 ἐν

365 4181 505 4252 τοῖς
551 4186 788 4259 μάλιστα
820 4185 998 4257 τιμῶν
1027 4186 1122 4239 καὶ
1167 4182 1488 4255 θαυμάζων,
1535 4183 1645 4236 οὐδ’
1685 4183 1824 4254 ὅπερ
1857 4181 1982 4253 ἐμοὶ

386 4277 665 4350 παρέστη,
701 4277 1022 4349 σιγήσομαι.
1068 4274 1214 4346 Ὀρῶ
1242 4273 1536 4344 τοιγαροῦν
1572 4272 1811 4327 ἐνταῦθα
1851 4291 1980 4328 σκο-

387 4367 492 4420 πὸν
511 4366 592 4437 τῷ
623 4365 889 4438 Δεσπότῃ,
924 4365 1024 4437 οὑχ
1069 4365 1268 4419 ἑαυτοῦ
1296 4364 1390 4418 τὸν
1421 4365 1734 4435 Βαπτιστὴν
1777 4364 1981 4418 ὑποδε-

385 4458 601 4531 6ηκότα
623 4459 819 4527 δεῖξαι,
847 4457 955 4519 οὐδ’
980 4457 1143 4512 ἄλλου
1167 4457 1314 4522 τινὸς
1343 4457 1446 4530 (μὴ
1470 4458 1552 4512 ὅτι
1581 4475 1642 4527 γε
1671 4458 1767 4512 τοῦ
1795 4475 1984 4530 μικροο

385 4553 550 4624 τερον
599 4550 820 4605 πάντων
885 4549 1256 4621 ἀτιμότερον),
1301 4548 1438 4604 ἀλλά
1470 4550 1567 4603 καὶ
1597 4551 1708 4603 πᾶν
1755 4550 1982 4604 τοὺναν-

2079 2065 2300 2125 propter
2347 2056 2592 2114 diversas
2647 2072 2866 2124 causas,
2936 2071 3062 2111 eum
3105 2056 3198 2126 qui
3234 2054 3662 2125 przedicabatur,

2081 2147 2348 2202 minorem
2401 2147 2751 2203 Przecursore
2798 2164 2827 2201 a
2887 2149 3074 2203 multis
3127 2149 3502 2203 existimatum
3541 2161 3674 2202 cou'

2081 2241 2338 2305 sentiant,
2358 2240 2714 2295 nihilominus
2742 2239 2986 2293 unanimi
3015 2240 3419 2309 conspiratione
3451 2240 3670 2306 docent,

2082 2332 2374 2388 Dominum
2416 2349 2518 2388 suo
2556 2349 2717 2390 servo
2754 2335 3017 2403 majorem
3069 2333 3359 2402 praxlicari
3413 2333 3465 2384 iu
3501 2348 3669 2400 regno

2083 2425 2176 2480 illo
2199 2426 2433 2488 cmlesti.
2472 2435 2527 2480 et
2555 2426 2854 2481 adoraudo.
2924 2425 3036 2493 Ego
3062 2440 3147 2480 me
3179 2424 3328 2478 hisce
3359 2423 3665 2476 concilian-

2083 2515 2167 2570 dis
2196 2531 2301 2570 non
2338 2517 2641 2577 immisceo,
2699 2533 2799 2570 nec
2842 2517 2976 2569 mihi
3009 2531 3207 2585 arrogo
3245 2514 3556 2570 facultatem
3583 2514 3668 2567 di-

2078 2605 2400 2675 judicandi,
2475 2609 2700 2676 quinam
2756 2625 2823 2662 ex
2879 2608 2986 2662 illis
3039 2609 3306 2677 potiorem
3365 2616 3670 2676 sequantur

2085 2699 2440 2764 sententiam;
2499 2716 2598 2753 nee
2653 2709 2844 2754 contra
2903 2701 3242 2755 contendent
3306 2699 3381 2753 illi
3413 2701 3485 2752 ob
3531 2701 3672 2753 hanc

2084 2804 2332 2856 causam,
2385 2791 2478 2861 qui
2535 2791 2793 2846 dicuntur
2837 2804 3139 2846 extremam
3185 2793 3441 2862 Baptistae
3483 2791 3670 2846 humi-

2087 2884 2292 2938 litatem
2319 2884 2687 2953 exprobrare;
2749 2885 2842 2940 sed
2877 2901 2977 2940 nec
3012 2902 3108 2941 vos
3155 2886 3248 2954 qui
3283 2887 3498 2956 queruli
3554 2887 3673 2940 cnl-

2085 2973 2248 3043 patis,
2286 2975 2444 3043 quasi
2470 2991 2728 3045 maguum
2763 2977 2947 3031 nescio
2965 2978 3093 3047 quid
3120 2978 3455 3047 cogitaretur
3497 2978 3552 3031 in
3581 2993 3670 3042 eo,

2085 3067 2234 3136 quod
2284 3068 2461 3138 major
2517 3084 2638 3124 esse
2667 3084 2828 3123 servo
2863 3085 2963 3125 suo
3019 3071 3348 3140 praedicatur
3407 3071 3673 3125 Dominus

2089 3160 2380 3229 (quantum
2411 3161 2580 3226 enim,
2601 3178 2810 3230 qua-so,
2840 3165 3061 3218 accedet
3094 3165 3300 3233 glorim,
3329 3165 3374 3219 si
3407 3164 3671 3217 Dominus

2087 3264 2245 3304 servo
2281 3251 2458 3320 major
2485 3263 2765 3322 appareat,
2800 3256 3040 3309 maxime
3066 3272 3163 3324 per
3196 3255 3491 3309 adventum
3519 3255 3669 3307 illum

2085 3343 2414 3398 ineffabilem
2463 3354 2519 3398 et
2563 3345 3029 3418 formidabilem);
3064 3348 3199 3402 nihil
3238 3348 3404 3420 igitur
3438 3347 3670 3402 istorum

2083 3433 2353 3490 aﬂirtnare
2382 3451 2506 3491 cum
2533 3437 2600 3491 ad
2635 3453 2722 3492 me
2753 3450 2992 3494 statuam
3035 3440 3291 3503 attinere,
3335 3441 3431 3495 sed
3483 3448 3673 3494 πυρίη..

2083 3538 2194 3588 res,
2245 3538 2373 3578 cum
2423 3534 2611 3580 essent
2660 3528 2911 3583 homines
2945 3530 3266 3599 episc0patu
3317 3531 3552 3601 praediti,
3586 3531 3672 3584 di-

2083 3616 2319 3673 lectione
2359 3634 2725 3690 prosequens,
2765 3631 2820 3676 et
2863 3623 3029 3677 simul
3065 3624 3197 3693 ipsis
3222 3625 3434 3694 gratias
3470 3624 3673 3679 multas

2085 3709 2286 3766 debere
2308 3725 2615 3781 agnoscens
2644 3728 2742 3782 pro
2761 3713 2984 3784 scriptis
3011 3717 3126 3770 suis
3162 3717 3287 3787 (nec
3315 3718 3461 3770 enim
3483 3717 3672 3771 eadem

2083 3818 2207 3874 quze
2260 3805 2592 3860 evidentiam
2641 3807 2872 3863 aliorum
2935 3809 3137 3864 animis
3198 3810 3542 3880 imprimunt,
3607 3812 3674 3867 iis

2083 3895 2178 3965 qui
2219 3897 2492 3968 principes
2551 3898 2645 3952 illa
2705 3901 3076 3969 praedicarant
3141 3901 3307 3956 verba
3371 3900 3674 3974 Scriptura:

2085 4003 2276 4044 ansam
2315 3991 2712 4060 exporrigunt;
2769 4003 2916 4048 certe
2944 3993 3254 4048 habendum
3281 4005 3366 4050 est
3396 3995 3449 4048 in
3479 4011 3675 4051 nume—

2083 4089 2226 4145 rato,
2283 4082 2329 4136 si
2363 4083 2490 4151 quis
2543 4099 2775 4141 exorsus
2831 4085 3122 4140 sublimem
3147 4087 3390 4156 aliquam
3424 4089 3675 4158 specula-

2085 4174 2292 4229 tionem
2329 4177 2714 4246 quadantenus
2743 4177 3089 4246 progreditur
3115 4178 3169 4232 in
3215 4179 3671 4248 apprehendenda

2081 4265 2345 4321 veritate:
2378 4268 2624 4337 praeclari
2643 4277 2791 4323 certe
2814 4268 3001 4325 Patres
3025 4269 3099 4324 illi
3126 4273 3322 4335 nostri,
3343 4273 3668 4346 plerumque

2082 4373 2365 4414 sacrarum
2403 4359 2735 4415 Litterarum
2789 4361 3016 4416 intimos
3053 4379 3252 4420 sensus
3290 4367 3536 4420 exactius
3571 4383 3669 4422 εε-

2081 4453 2373 4523 pressere),
2396 4463 2575 4507 tamen
2599 4469 2724 4508 cum
2745 4453 2865 4509 illos
2882 4470 3100 4510 summo
3121 4455 3329 4512 honore
3346 4473 3668 4530 prosequar,

2084 4559 2195 4598 non
2223 4558 2326 4615 ego
2371 4545 2671 4600 subtacebo
2714 4547 2862 4616 quod
2903 4547 3035 4601 mihi
3061 4548 3238 4602 visum
3269 4560 3374 4605 est.
3405 4551 3670 4606 Animad-

386 4644 506 4698 τίον
551 4643 796 4708 ἐπαίνοις
825 4641 1044 4708 δοξάσαι
1069 4658 1084 4673 ⁸
1123 4643 1219 4697 καὶ
1247 4643 1356 4714 γάρ
1387 4643 1499 4697 τῶν
1533 4645 1974 4716 προειρημένων,

2083 4647 2235 4692 verto
2263 4639 2408 4692 enim
2443 4642 2547 4695 hoc
2593 4641 2646 4695 in
2697 4641 2840 4708 loco,
2903 4640 3193 4697 Dominum
3241 4643 3667 4715 haudquaquam

385 4736 452 4789 τὺ
484 4736 584 4806 μὲν
627 4735 948 4808 ἀσύμφορον
975 4736 1128 4800 ἴσως,
1165 4735 1228 4788 τὸ
1261 4735 1318 4789 δέ
1345 4738 1604 4792 ταπεινόν
1626 4753 1641 4768 ο
1675 4737 1742 4792 ἄν
1775 4754 1836 4790 τε
1869 4737 1979 4809 γὰρ

386 4828 482 4884 τὸν
526 4829 751 4900 κήρυκα
775 4829 856 4891 είς
898 4827 1164 4899 ἐσχάτους
1192 4827 1460 4896 ἐλαύνοις,
1490 4829 1613 4883 οὑδέ
1642 4827 1738 4882 τοῦ
1765 4847 1975 4900 κηρυσ-

390 4919 626 4992 σομένου
678 4920 741 4975 τὸ
774 4918 976 4992 ὑψηλὸν
1005 4919 1325 4985 διασώσειςο
1359 4921 1456 4975 καὶ
1498 4920 1560 4975 τὸ
1589 4912 1779 4974 δοῦλον
1814 4921 1977 4975 ἐλατ-

388 5011 586 5078 τῶσαι,
614 5010 852 5081 μάλιστα
879 5009 998 5064 νυνὶ
1027 5011 1328 5081 παρέλκον,
1353 5011 1446 5065 καὶ¹
1477 5011 1838 5083 μικρολογίαν
1878 5013 1978 5067 οὑκ

392 5104 679 5173 ἐκφεύγει·
709 5103 829 5158 ἀλλ’
853 5105 883 5158 ὃ
906 5121 972 5173 γε
999 5104 1029 5157 ὁ
1047 5104 1382 5168 Δεσποτικὺς
1410 5104 1614 5168 σκοπὸς
1640 5104 1800 5175 δῆλός
1825 5107 1975 5158 ἐστιν

391 5195 476 5259 είς
511 5195 734 5252 ἔπαινον
783 5196 1028 5266 ἀφορῶν,
1085 5197 1183 5251 καὶ
1223 5197 1372 5267 μάλα
1420 5197 1669 5263 δικαίως,
1709 5197 1804 5251 τοῦ
1838 5198 1984 5268 Προ·

392 5286 598 5357 δρόμου
621 5303 634 5317 ⁸
666 5286 798 5358 ᾤκει
833 5289 933 5358 μέν
982 5289 1093 5360 γάρ
1123 5291 1152 5342 ὁ
1204 5290 1378 5360 μέγας
1422 5290 1631 5352 ἐκεῖνος
1671 5289 1979 5360 ἄνθρωπος,

393 5379 535 5447 ὑπὲρ
579 5377 740 5432 θείων
788 5381 969 5452 νόμων
1001 5382 1062 5435 τὸ
1111 5381 1490 5453 δεσμωτήριον
1519 5397 1532 5407 ·
1567 5379 1704 5435 ἀλλά
1741 5381 1848 5434 τῶν
1883 5381 1984 5451 μὲν

394 5469 602 5536 κακῶν,
642 5465 725 5535 οἷς
754 5473 1033 5544 συνείχετο
1070 5472 1366 5546 ὑπερεώρα
1390 5487 1403 5502 ’
1443 5473 1634 5527 ἐδεδίει
1657 5485 1680 5514 ο
1722 5473 1831 5544 ἄρα
1859 5475 1982 5545 οὑχ).

389 5561 452 5616 τὸ
482 5561 656 5632 ξίφος,
699 5563 823 5618 οὑδέ
855 5565 958 5638 τὴν
1000 5566 1248 5638 σφαγήν·
1302 5566 1440 5621 ἀλλά
1477 5566 1575 5639 μὴ,
1613 5569 1706 5622 τὸν
1746 5567 1979 5623 θάνατον

2082 4732 2134 4786 id
2182 4733 2488 4798 intendere,
2555 4743 2614 4787 ut
2657 4748 2715 4789 se
2747 4733 3046 4804 Baptistam
3085 4737 3542 4806 superambulare
3573 4739 3672 4793 de-

2083 4833 2438 4891 monstraret,
2492 4842 2559 4882 ne
2593 4826 2816 4897 quidem
2847 4828 2901 4882 in
2927 4829 3111 4898 aliqua
3133 4844 3190 4884 re
3215 4829 3441 4900 (nedum
3477 4839 3536 4885 ut
3575 4847 3670 4899 per

2081 4919 2218 4974 illud
2266 4919 2520 4973 minimus
2561 4918 2810 4974 omnium
2863 4920 3147 4975 hominum
3191 4932 3420 4991 poneret
3465 4923 3670 4978 vilissi-

2082 5013 2282 5082 mum),
2316 5011 2413 5068 sed
2473 5014 2634 5082 plane
2697 5013 3069 5079 contrarium,
3125 5015 3368 5070 voluisse
3412 5014 3668 5070 laudibus

2079 5107 2378 5163 illustrare.
2413 5105 2573 5162 Certe
2595 5106 3066 5176 przeallegatarum
3101 5108 3516 5173 sententiarum,
3561 5125 3669 5164 una

2084 5195 2432 5251 incommoda
2481 5207 2568 5251 est
2625 5195 2902 5263 fortassis,
2943 5199 3117 5253 altera
3151 5198 3406 5266 humilis;
3465 5217 3588 5254 nam
3623 5203 3668 5255 si

2083 5303 2388 5357 praeconem
2421 5289 2474 5342 in
2508 5288 2615 5342 ima
2644 5288 2904 5344 subsellia
2937 5289 3218 5360 rejeeeris,
3249 5291 3397 5346 haud
3427 5293 3670 5348 tuebcris

2082 5379 2361 5448 praedicati
2387 5379 2775 5434 sublimitatem
2799 5397 2814 5446 ;
2838 5388 2892 5434 et
2916 5396 3138 5435 servum
3162 5366 3513 5436 imminiutum
3541 5383 3671 5438 dare

2082 5471 2333 5542 inprimis
2361 5488 2834 5542 supervacaneum
2871 5481 2977 5538 est,
3008 5489 3108 5529 nec
3143 5491 3250 5529 non
3272 5475 3468 5545 abjecti
3501 5477 3669 5531 animi

2079 5564 2504 5620 existimabitur.
2574 5567 2786 5636 Scopus
2841 5567 3060 5623 Domini
3089 5567 3384 5626 manifeste
3428 5569 3672 5626 collimct

1673 5787 1908 5844 VARIIE
1943 5786 2345 5845 LECTIONES.

506 5956 528 5988 ³
552 5949 874 6023 ἀσκητικόν.
987 5963 1011 5992 ε
1035 5950 1170 6008 Cod.
1216 5950 1360 6009 Moa.
1404 5962 1550 6011 recte
1581 5953 1755 6008 ποιεῖν
1783 5951 1979 6010 ἐθέλει.

2091 5953 2119 5995 b
2151 5952 2212 6009 C.
2256 5952 2324 6007 Μ.
2357 5963 2500 6009 recte.
2533 5954 2887 6024 φιλοκρινεῖν.
2967 5966 2988 5994 ε
3018 5952 3080 6011 C.
3124 5953 3194 6012 Μ.
3229 5954 3354 6012 add.
3394 5955 3472 6010 δέ.
