4136 6430
532 426 672 490 1003

1687 438 1955 499 PHOTII
1986 440 2494 503 PATRIARCH/E
2522 443 2629 503 CP.

3645 438 3795 505 1004

524 536 740 594 laudem
771 540 1135 600 Praecursori's
1166 543 1290 618 (nec
1322 546 1649 618 immerito),
1669 550 1921 621 egregius
1957 551 2107 607 enim

2214 554 2619 626 ὑπερχόμενος,
2652 551 2893 624 ὀλέθριον
2936 552 3115 624 δόγμα
3149 552 3495 608 ὑπολείποιτο
3517 554 3595 625 τῷ
3644 554 3750 625 βίῳ
3772 570 3791 586 ο

530 635 617 689 ille
664 636 748 691 vir
774 652 873 706 pro
900 638 1019 710 lege
1064 649 1195 697 tunc
1236 643 1418 697 divina
1449 643 1831 700 includebatur
1860 647 2106 714 carceri;

530 731 671 784 mala
697 731 901 801 quibus
935 734 1309 805 stringebatur
1356 735 1497 790 intra
1537 750 1597 791 se
1629 737 1807 807 posita
1840 738 2105 805 ducebat;

530 837 633 877 nec
691 824 967 879 metuebat
1026 824 1303 894 gladium,
1393 843 1502 881 non
1571 827 1937 894 occisionem;
2013 829 2107 884 sed

529 929 597 968 ne
653 931 778 969 cum
833 926 1063 971 mortem
1124 928 1439 988 superasset
1485 921 1859 990 perniciosum
1910 922 2110 990 dogma

529 1006 1007 1064 subintroductum
1031 1010 1176 1079 apud
1198 1010 1444 1065 homines
1473 1011 1790 1080 deponeret,
1809 1021 1863 1066 et
1892 1012 2110 1068 Domini

530 1101 804 1170 magnalia
833 1118 926 1172 per
956 1103 1268 1158 socordiam
1296 1119 1473 1174 neque
1496 1104 1714 1175 quidem
1767 1104 1959 1160 leviter
1982 1105 2108 1160 vili-

529 1189 748 1256 ﬁcaret;
786 1191 1005 1260 plurimi
1027 1193 1173 1247 enim
1192 1208 1494 1263 praeconem
1511 1193 1690 1263 ipsum
1744 1194 2111 1263 praeconizato

530 1279 797 1351 majorem
832 1282 1276 1340 arbitrabantur:
1301 1300 1534 1355 quorum
1564 1302 1595 1339 e
1615 1301 1842 1340 numero
1864 1295 2110 1342 erantex

530 1371 651 1441 ejus
682 1373 963 1444 discipulis
992 1375 1184 1446 aliqui,
1228 1390 1323 1446 per
1378 1377 1731 1431 ambitionem
1767 1377 1871 1432 hoc
1918 1377 2111 1431 morbo

530 1463 863 1532 laborantes,
924 1467 1169 1536 magistri
1221 1467 1308 1523 sui
1351 1468 1723 1539 priestantiam
1756 1468 1821 1523 ad
1863 1468 2105 1538 ipsorum

532 1558 811 1627 propriam
842 1559 1301 1614 existimationem
1328 1559 1632 1630 augendam
1659 1561 1955 1614 trahentes.
1992 1558 2108 1614 lloc

2208 651 2303 703 καὶ
2332 649 2392 703 τὸ
2429 648 2523 703 τοῦ
2550 649 2823 702 Δεσπότου
2857 649 3169 719 μεγαλεῖον,
3202 649 3282 719 τῷ
3311 650 3436 704 καθ’
3466 651 3659 705 ἑαυτὸν
3689 654 3797 723 ρᾳ-

2210 741 2391 810 θύμῳ,
2423 740 2523 793 οὐκ
2549 741 2607 792 ἐν
2641 742 2858 810 μικροῖς
2883 740 3212 793 ταπεινώσει
3234 739 3262 779 ά
3286 756 3301 772 ο
3329 740 3513 793 πολλοὶ
3536 740 3645 811 γὰρ
3676 741 3796 811 μεί-

2208 829 2339 893 Cava.
2368 828 2463 883 τοῦ
2508 831 2923 901 κηρυσσομένου
2978 832 3071 886 τὸν
3122 834 3341 904 κήρυκα
3370 834 3655 889 ὑπενόουν.
3697 834 3795 900 Ἐξ

2208 911 2285 972 ὧν
2334 935 2480 983 τινες
2528 921 2623 973 καὶ
2674 920 2782 972 τῶν
2832 920 2999 974 αὑτοῦ
3052 920 3309 991 μαθητῶν
3346 922 3450 975 ὑπὸ
3499 921 3793 990 φιλαυτίας

2206 1006 2367 1065 τοῦτο
2414 1008 2675 1079 ἔπασχον,
2722 1011 2823 1080 τὴν
2874 1010 3150 1082 ὑπεροχὴν
3192 1010 3286 1064 τοῦ
3318 1012 3645 1065 διδασκάλου
3710 1015 3797 1074 εἰς

2211 1097 2437 1168 αὑξησιν
2490 1099 2700 1162 οἰκείας
2748 1100 3123 1171 ἐπισπώμενοι
3175 1102 3357 1173 δόξης.
3409 1104 3592 1175 Ἀπερ
3646 1103 3795 1174 ὁρῶν

2210 1192 2451 1256 ἐκεῖνος,
2489 1190 2609 1254 ὅλος
2656 1190 2950 1260 ἐφλέγετο,
2984 1193 3097 1246 καὶ
3143 1193 3243 1264 τὴν
3292 1194 3538 1265 πονηρὰν
3584 1193 3795 1264 ταύτην

2212 1280 2467 1334 ὑπόνοιαν
2507 1280 2650 1334 ὥστε
2703 1281 2950 1359 καθελεῖν
2970 1324 2984 1348 ,
3018 1283 3197 1338 πάντα
3230 1283 3504 1356 ἐπραττεο
3537 1284 3631 1339 καὶ
3661 1283 3797 1338 πολ-

2209 1372 2370 1436 λάκις
2401 1371 2502 1443 μὲν
2520 1372 2649 1434 τούς
2673 1370 2923 1443 μαθητὰς
2945 1374 3179 1444 ἀπάγειν
3204 1376 3503 1447 ἐπεχείρει,
3525 1375 3797 1440 ποικίλοις

2214 1466 2417 1536 λόγοις,
2458 1478 2483 1507 ο
2509 1467 2610 1537 τῆς
2640 1467 2965 1539 ὑπολήψεως
2984 1486 2998 1501 ·
3035 1471 3157 1524 ἐπεὶ
3185 1471 3243 1525 δὲ
3270 1472 3398 1536 τοὺς
3425 1471 3618 1539 λόγους
3646 1469 3800 1543 ἐώρα

2215 1558 2316 1629 τῆς
2339 1556 2562 1611 ἐκείνων
2600 1556 2829 1628 γνώμης
2857 1558 3223 1627 ἡττωμένους,
3258 1561 3353 1614 καὶ
3380 1560 3450 1614 τὰ
3494 1560 3595 1629 τῆς
3639 1559 3798 1629 φιλο-

532 1659 657 1701 cum
682 1648 771 1702 ille
800 1648 1127 1713 adverteret,
1165 1648 1449 1714 urebatur,
1477 1658 1530 1702 et
1559 1657 1617 1702 ut
1645 1648 1946 1718 improbam
1968 1647 2109 1703 hanc

2215 1648 2426 1711 νεικίας
2474 1649 2947 1719 ἐπικρατέστερα,
3012 1650 3101 1701 ἐπ’
3139 1650 3308 1720 ἄλλην
3348 1650 3459 1704 ῖδεν
3506 1650 3662 1713 ὁδὸν,
3698 1648 3800 1703 καὶ⁸

532 1741 783 1798 evelleret
807 1743 1145 1811 Opinionem,
1184 1742 1264 1796 nil
1312 1756 1420 1797 non
1447 1742 1709 1808 tentavit;
1758 1758 1901 1813 saepe
1932 1742 2109 1799 varios

2218 1741 2318 1811 τὴν
2343 1739 2411 1793 δι’
2438 1738 2701 1808 αὐτοψίας
2724 1739 2898 1792 πειθὼ
2920 1740 3217 1812 προσάγειν
3258 1741 3439 1805 αὐτοῖς
3473 1739 3799 1811 ἐμελέτησε.

532 1835 815 1892 miscendo
850 1849 1136 1891 sermones
1168 1834 1466 1904 discipulos
1501 1834 1625 1890 inde
1665 1836 1935 1891 abducere
2001 1833 2306 1899 nitebatur;
2368 1846 2509 1901 quos
2565 1846 2689 1886 cum
2750 1831 2955 1887 videret
3003 1834 3148 1888 haud
3178 1832 3523 1901 suliicienter,
3554 1848 3798 1891 movere.

531 1928 663 1999 quin
703 1927 880 1997 potius
930 1936 989 1981 ut
1030 1927 1212 1981 acrius
1241 1936 1515 1983 certamen
1540 1928 1757 1993 inirent,
1792 1928 1953 1983 aliam
2009 1928 2166 1982 inivit
2229 1924 2517 1990 rationem,
2592 1931 2646 1977 et
2706 1923 2774 1979 ab
2833 1924 2951 1995 ipso
3004 1926 3287 1980 oculorum
3338 1925 3537 1982 intuitu
3584 1925 3801 1996 cogita-

532 2020 611 2074 vit
633 2020 688 2075 id
714 2021 781 2074 iis
815 2019 1165 2089 persuadere.

602 2110 737 2166 Vide
771 2076 903 2165 mihi
950 2111 1029 2165 sis
1057 2120 1240 2165 autem
1283 2126 1448 2180 quam
1480 2110 1776 2180 prudenter
1794 2112 1896 2167 hoc
1920 2118 2109 2167 tractat

2290 2113 2403 2167 Καὶ
2428 2113 2529 2185 ὅρα
2568 2076 2720 2176 ὅπως
2749 2110 3035 2182 ἐμφρόνως
3067 2106 3503 2180 μεταχειρίζεται
3533 2106 3633 2179 τὴν
3662 2107 3803 2162 ὑπόα

531 2211 935 2271 argumentum.
971 2200 1127 2254 Mittit
1151 2201 1451 2271 discipulos
1492 2202 1557 2256 ad
1589 2217 1713 2256 eum
1750 2202 1909 2272 cujus
1936 2217 2109 2257 temu-

531 2292 731 2347 latione
782 2292 1156 2362 capiebantur,
1203 2298 1258 2346 et
1311 2293 1630 2362 qumstionis
1681 2292 1913 2347 formam
1969 2307 2110 2363 prae-

530 2384 819 2439 scribendo
880 2384 931 2437 id
977 2384 1107 2454 agit,
1161 2392 1222 2439 ut
1267 2400 1363 2454 per
1416 2400 1479 2439 ea
1511 2400 1632 2454 qua!
1662 2384 1839 2441 oculis
1879 2400 2112 2455 usurpa-

529 2474 662 2528 bant
690 2475 920 2529 salutem
956 2475 1199 2545 ipsorum
1232 2486 1573 2545 procuraret,
1636 2484 1801 2545 atque
1832 2492 1986 2531 error
2023 2476 2112 2531 ille

531 2565 814 2635 antiquior
871 2580 968 2636 per
1015 2566 1409 2636 discipulorum
1460 2566 1899 2621 emendationem
1941 2567 2108 2622 etiam

531 2662 677 2728 apud
706 2660 845 2714 alios
883 2669 1253 2723 excuteretur,
1290 2668 1344 2714 et
1372 2659 1425 2714 in
1463 2669 1576 2715 toto
1598 2660 1899 2727 diﬂlueret;
1927 2661 2111 2731 itaque

535 2749 627 2804 ubi
665 2752 998 2804 advenerant
1039 2750 1110 2820 (is
1150 2750 1243 2819 qui
1299 2750 1556 2820 Baptistae
1616 2751 1917 2807 immiserat
1956 2753 2112 2824 cogi-

535 2841 792 2897 tationem
819 2842 962 2895 illam
988 2840 1031 2912 ),
1054 2842 1235 2897 verbis
1275 2842 1341 2897 ad
1370 2842 1596 2911 quaesita
1630 2844 1762 2897 nihil
1789 2846 2070 2914 respondet
2093 2863 2109 2913 ;

532 2932 739 2987 sciebat
763 2933 907 2986 enim
945 2941 998 2986 et
1026 2948 1344 3003 persuasum
1388 2933 1641 2997 habebat,
1692 2950 1815 2989 eum
1866 2935 1960 3006 qui
2019 2952 2114 3005 per

534 3021 956 3075 exsultationem
991 3022 1043 3075 in
1079 3030 1236 3075 utero
1266 3032 1534 3089 materno,
1561 3025 1652 3092 qui
1682 3039 1779 3093 per
1804 3033 2109 3079 maternam

535 3110 773 3183 linguam
832 3113 1010 3182 ipsum
1076 3113 1504 3182 praedicaverat,
1580 3132 1795 3171 necnon
1862 3119 2112 3187 plurimis

533 3200 793 3271 deinceps
831 3203 1220 3259 illustrissimis
1254 3204 1584 3260 testimoniis
1622 3216 1675 3260 et
1708 3207 1907 3263 divinis
1933 3225 2110 3264 enun-

536 3290 860 3347 tiationibus
891 3293 1031 3347 idem
1060 3294 1405 3363 prmstiterat,
1437 3296 1586 3349 nulla
1618 3297 1860 3367 indigere
1885 3300 2115 3355 ulterius

536 3382 605 3437 de
630 3397 690 3438 se
719 3382 999 3450 doctrina;
1068 3384 1140 3439 ita
1179 3384 1350 3456 signis
1388 3394 1443 3441 et
1504 3388 1767 3459 prodigiis
1800 3390 2112 3459 opinionem

535 3476 949 3540 excedentibus,
978 3478 1354 3534 inconcretum
1391 3495 1506 3535 suae
1551 3484 1795 3553 suggerit
1850 3483 2113 3551 Deitatis;

534 3567 630 3636 qui
679 3581 774 3623 eos
841 3569 1091 3623 mittebat
1145 3570 1197 3624 id
1260 3571 1677 3627 machinabatur
1731 3582 1785 3629 ut
1815 3589 2115 3645 suspensos

536 3656 790 3712 redderet
835 3672 866 3712 a
913 3660 1238 3724 miraculis,
1330 3678 1469 3731 quos
1522 3665 1744 3718 demum
1810 3667 2115 3737 morigeros

534 3747 857 3815 praeceptori
902 3746 1098 3814 factos,
1150 3759 1205 3804 et
1234 3750 1535 3807 divinitatis
1573 3770 1687 3810 suae
1720 3770 2001 3825 praecones
2030 3773 2117 3813 re-

536 3836 704 3892 mittit
741 3839 1015 3895 Christus.
1070 3841 1358 3896 Enimvero
1382 3843 1620 3915 Baptista
1650 3862 1773 3902 cum
1804 3849 1907 3905 hoc
1951 3851 2116 3907 modo

537 3928 821 3999 discipulis
875 3945 1122 3987 errorem
1184 3935 1495 3999 exemisset,
1531 3952 1627 4004 per
1684 3938 1906 3993 eosdem
1947 3941 2113 3996 etiam

537 4028 764 4078 czeteros
803 4037 1013 4089 omnes,
1068 4025 1166 4079 via:
1196 4028 1304 4081 dux
1346 4028 1412 4081 ad
1444 4043 1789 4086 communem
1822 4030 2113 4090 Dominum

536 4126 595 4167 se
627 4112 924 4191 transferre
944 4114 1092 4172 fecit.
1118 4116 1257 4183 Quin
1289 4126 1343 4173 et
1365 4118 1640 4184 Servator,
1669 4137 1795 4177 cum
1836 4124 2114 4182 auditores

532 4218 663 4260 suos
702 4206 769 4261 ad
804 4207 1159 4263 imitationem
1194 4211 1524 4279 reliquarum
1567 4214 1670 4268 viri
1710 4214 1980 4271 virtutum
2029 4218 2113 4271 in-

533 4295 783 4370 duxerat,
835 4309 1048 4354 tantum
1102 4302 1273 4371 ipsius
1327 4312 1489 4372 atque
1545 4306 1652 4361 tale
1714 4308 1956 4364 studium
1993 4325 2114 4364 am-

531 4390 806 4461 plexatus,
872 4396 1290 4463 propensionem
1345 4398 1513 4453 animi
1547 4398 1847 4457 Dominicis
1891 4402 2009 4459 suis
2059 4413 2115 4460 et

2218 2207 2387 2262 θεσιν.
2444 2206 2659 2277 Πέμπει
2703 2207 2830 2268 τοὺς
2889 2203 3138 2273 μαθητὰς
3174 2203 3309 2272 πρὸς
3340 2201 3433 2254 τὸν
3480 2200 3573 2253 ὑπ’
3614 2201 3802 2255 αὐτῶν

2218 2297 2709 2369 ζηλοτυπούμενον,
2768 2296 2862 2348 καὶ
2910 2294 3095 2364 σχῆμα
3127 2292 3250 2355 δοὺς
3282 2292 3638 2362 ἐρωτήσεως,
3697 2292 3802 2363 τὴν

2215 2390 2426 2446 ἑαυτῶν
2456 2389 2888 2460 παρασκευάζει,
2914 2387 3003 2440 διὰ
3036 2386 3145 2441 τῶν
3168 2385 3580 2455 ὀφθησομένων,
3620 2402 3803 2456 σωτη-

2214 2484 2336 2554 ρίαν
2366 2481 2795 2555 καρπώσασθαι,
2833 2481 2929 2533 καὶ
2965 2479 3064 2550 τὴν
3089 2478 3363 2550 προτέραν
3395 2477 3605 2546 πλάνην
3639 2480 3698 2531 ἐν
3726 2480 3805 2547 τῇ

2209 2575 2318 2629 τῶν
2371 2574 2630 2645 μαθητῶν
2669 2571 2977 2642 διορθώσει,
3009 2571 3105 2624 καὶ
3139 2572 3251 2634 τοῖς
3277 2569 3459 2633 ἄλλοις
3494 2568 3801 2624 ἐναποσϐε-

2212 2668 2405 2738 σθῆναι
2451 2667 2545 2721 καὶ
2576 2665 2899 2736 διαρρυῆναι
2950 2663 3171 2717 τέλεον·
3218 2661 3419 2716 αὐτίκα
3457 2660 3567 2731 γὰρ
3611 2679 3799 2731 παρα-

2214 2758 2537 2828 γεγονότων,
2565 2759 2776 2830 ρήμασι
2814 2756 2912 2825 μὲν
2943 2755 3081 2818 τέως
3108 2756 3135 2807 6
3164 2754 3356 2823 Σωτὴρ
3414 2752 3463 2811 (ὁ
3493 2753 3590 2806 καὶ
3618 2753 3797 2806 ταῦτα

2212 2851 2291 2923 τῷ
2320 2852 2601 2921 Βαπτιστῇ
2629 2847 2941 2920 χαριτώσας
2970 2846 3311 2917 λογίσασθαι)
3344 2844 3497 2899 οὐδὲν
3523 2845 3661 2917 πρὸς
3692 2844 3799 2914 τὴν

2214 2943 2483 3014 ἐρώτησιν
2508 2943 2897 3011 ἀποκρίνεται·
2943 2938 3057 3011 ᾔδει
3086 2937 3217 3008 γὰρ,
3255 2937 3373 3009 ᾔδει
3408 2936 3499 2991 τὸν
3536 2936 3595 3004 ἐξ
3623 2937 3799 3006 αὐτῆς

2218 3038 2433 3107 μήτρας
2465 3077 2479 3100 ,
2542 3036 2881 3105 σκιρτήμασι
2937 3033 3031 3085 καὶ
3080 3029 3311 3103 μητρῴᾳ
3361 3029 3582 3103 γλώσσῃ
3633 3030 3801 3083 αὑτὸν

2217 3126 2657 3202 προκηρύξαντα,
2698 3125 2792 3180 καὶ
2825 3125 3048 3195 μυρίαις
3080 3125 3233 3187 ὅσαις
3269 3124 3410 3194 μετὰ
3449 3123 3620 3178 ταῦτα
3654 3122 3798 3192 λαμ-

2217 3222 2381 3291 πραῖς
2420 3218 2749 3290 μαρτυρίαις
2776 3215 2870 3269 καὶ
2901 3214 3260 3285 θεοπρεπέσιν
3292 3214 3652 3285 ἀναρῥήσεσιν
3689 3230 3801 3283 μη⁴

2214 3312 2408 3381 δεμιᾶς
2439 3308 2649 3363 δεῖσθαι
2696 3308 2824 3378 περὶ
2866 3307 3033 3361 αὐτοῦ
3086 3305 3375 3377 μαθήσεως
3399 3322 3413 3336 ·
3448 3303 3697 3374 σημείοις
3737 3303 3800 3356 δὲ

2216 3401 2544 3472 παραδόξοις
2582 3400 2679 3454 καὶ
2716 3402 2908 3471 τέρασι
2935 3398 2997 3452 τὸ
3040 3399 3371 3470 ἀσύγκριτον
3415 3396 3580 3450 αὐτοῦ
3616 3413 3800 3466 παρα-

2219 3496 2423 3565 στήσας
2445 3494 2542 3563 τῆς
2585 3492 2837 3561 θεότητος
2865 3490 3045 3563 (τοῦτο
3068 3489 3177 3562 γὰρ
3201 3492 3229 3543 6
3256 3489 3475 3561 πέμψας
3504 3490 3802 3560 ἐπραγμαε

2216 3586 2455 3657 τεύετο),
2515 3585 2573 3653 ἐξ
2604 3584 2785 3639 αὐτῶν
2841 3582 3109 3655 ὀμμάτων
3160 3582 3287 3646 τοὺς
3340 3580 3638 3644 σταλέντας
3684 3582 3803 3645 τοῖς

2218 3678 2491 3750 θαύμασιν
2548 3676 2926 3749 ἀνηρτήσατο,
2987 3674 3084 3729 καὶ
3139 3674 3326 3728 λοιπὸν
3388 3672 3667 3737 εὐπειθεῖς
3716 3672 3800 3744 τῷ

2216 3767 2544 3838 διδασκάλῳ,
2588 3767 2684 3828 κοιλ⁵
2723 3766 2821 3837 τῆς
2865 3765 3032 3819 αὐτοῦ
3073 3764 3325 3836 θεότητος
3357 3765 3672 3836 ἀναπέμπει
3697 3766 3801 3836 κή-

2222 3876 2410 3931 ρυκας.
2454 3858 2594 3911 Ἀλλ’
2636 3858 2664 3909 6
2701 3856 2800 3929 μὲν
2832 3857 3167 3928 Βαπτιστὴς,
3199 3854 3342 3910 οὑτω
3374 3856 3501 3919 τοὺς
3549 3856 3799 3927 μαθητὰς

2220 3949 2489 4022 μεθιστῶν
2541 3948 2642 4019 τῆς
2691 3946 2921 4017 πλάνης,
2969 3948 3065 4001 καὶ
3102 3945 3170 4000 δι’
3198 3945 3380 4000 αὐτῶν
3418 3944 3548 4011 τοὺς
3604 3946 3799 4009 ἄλλους

2216 4041 2540 4113 ἀνθρώπους
2589 4039 2668 4111 τῷ
2714 4037 2882 4109 κοινῷ
2926 4037 3301 4110 προσδραμεῖν
3348 4036 3636 4108 ἐμεθόδευε
3699 4039 3798 4089 Δε-

2212 4135 2413 4204 νσπότῃ.
2460 4130 2517 4184 '0
2568 4129 2624 4183 δέ
2670 4145 2734 4198 γε
2770 4127 2983 4199 Σωτήρ,
3023 4127 3125 4196 τῆς
3165 4143 3225 4180 τε
3256 4126 3422 4198 ἄλλης
3453 4128 3657 4199 ἀρετῆς
3699 4126 3795 4180 τοῦ

2217 4224 2410 4295 ἀνδρὸς
2437 4225 2517 4287 είς
2542 4221 2703 4294 ζῆλον
2730 4220 2859 4281 τοὺς
2889 4218 3166 4290 ἀκροατὰς
3194 4219 3537 4291 προτρέπων,
3568 4222 3663 4273 καὶ
3696 4221 3797 4290 τῆς

2215 4313 2546 4384 τηλικαύτης
2585 4312 2747 4365 αὐτὸν
2772 4311 2868 4364 καὶ
2896 4309 3166 4379 τοσαύτης
3197 4308 3596 4379 ἀποδεχόμενος
3628 4326 3796 4362 σπου-

2215 4406 2312 4475 δῆς
2356 4404 2449 4458 καὶ
2487 4401 2813 4475 προθυμίας,
2849 4402 3200 4465 Δεσποτικοῖς
3227 4401 3323 4455 καλ⁵
3364 4400 3596 4465 δικαίοις
3637 4399 3795 4471 ἀμεί-

534 4485 746 4540 meritis
789 4496 1100 4541 remunerat
1134 4489 1399 4545 encomiis
1426 4508 1441 4557 ;
1468 4506 1643 4560 neque
1667 4493 1813 4554 enim
1854 4496 2105 4550 commit-

2217 4497 2371 4551 6εται
2394 4495 2708 4564 ἐγκωμίοις·
2736 4492 2859 4547 οὐδὲ
2880 4491 3012 4564 γὰρ,
3029 4492 3139 4547 οὐδ’
3160 4490 3408 4563 ἠνέσχετ’
3431 4491 3521 4557 ἂν,
3544 4492 3575 4546 6
3594 4494 3796 4564 προῖκα

533 4583 645 4629 tere
671 4575 887 4630 volebat
926 4576 972 4631 is
997 4578 1087 4647 qui
1108 4579 1277 4648 gratis
1308 4580 1563 4636 omnibus
1593 4584 1912 4639 universum
1946 4587 2113 4644 bene-

532 4664 708 4720 factor
735 4667 967 4731 exstitit,
1003 4677 1062 4722 ut
1092 4668 1482 4725 inhonoratum
1512 4670 1809 4741 Baptistam
1837 4676 2015 4731 solum
2042 4694 2109 4735 ex

531 4758 792 4813 omnibus
859 4759 1179 4825 dimitteret,
1251 4776 1352 4831 pro
1408 4777 1593 4817 amore
1667 4764 2008 4833 praefundato
2055 4779 2111 4825 ct

530 4845 727 4901 affectu
763 4853 937 4917 usque
978 4849 1042 4904 ad
1076 4859 1305 4905 mortem
1338 4850 1673 4907 inﬂammato
1728 4870 1740 4906 :
1804 4864 1970 4926 atque
2004 4858 2107 4913 ista

531 4937 655 5005 fuit,
697 4939 915 5009 Opinor,
952 4941 1202 5011 princeps
1223 4942 1481 4997 laudandi
1514 4944 1664 4998 illum
1701 4960 1887 5001 causa.
1920 4947 2103 5003 Nihilo

527 5028 754 5084 inferior
791 5040 875 5085 est
917 5031 1050 5086 haec.
1116 5035 1569 5104 Quandoquidem
1603 5036 1765 5100 illud,
1813 5057 1829 5089 ι
1865 5039 2017 5095 Tune
2058 5042 2103 5096 is

526 5121 618 5189 qui
649 5132 913 5177 venturus
943 5139 1037 5189 es,
1079 5143 1098 5174 ι
1160 5133 1290 5187 etc.,
1341 5124 1411 5178 ob
1450 5125 1679 5180 salutem
1711 5128 2102 5198 discipulorum

525 5213 931 5280 procurandam
968 5213 1367 5282 interrogabat;
1422 5216 1864 5287 interrogationis
1919 5229 2100 5276 autem

529 5302 702 5369 prima
728 5303 899 5359 iacies
920 5306 989 5360 ab
1011 5306 1318 5373 ignorantia
1340 5306 1642 5377 Baptistam
1670 5310 1773 5365 hoc
1794 5312 2101 5367 siscitatum

527 5394 697 5451 fuisse
735 5400 977 5465 suggerit
1022 5400 1089 5454 iis
1153 5401 1244 5469 qui
1312 5401 1630 5471 prudentem
1666 5414 1718 5459 et
1750 5405 2102 5461 artiﬁciosam

525 5487 883 5555 quaestionem
912 5490 1055 5545 haud
1090 5491 1355 5547 intentius
1392 5493 1810 5563 ponderaverint
1853 5515 1867 5551 :
1916 5508 1973 5552 ut
2011 5501 2078 5554 ab

2214 4592 2350 4644 πᾶσι
2378 4590 2470 4642 καὶ
2500 4588 2677 4651 κοινὸς
2702 4586 2891 4657 φανεὶς
2922 4585 3246 4657 εὐεργέτης,
3280 4585 3377 4654 τῆς
3409 4583 3792 4656 προκαταόλη-

2213 4683 2398 4751 θείσης
2453 4680 2724 4751 στοργῆς,
2773 4678 2871 4732 καὶ
2921 4676 3015 4731 τού
3075 4676 3238 4748 μέχρι
3274 4677 3489 4746 σφαγῆς
3528 4675 3792 4746 διαπύρου

2218 4773 2409 4838 πόθου,
2446 4772 2748 4842 ἀγέραστον
2778 4770 2936 4841 μόνον
2980 4769 3072 4824 τὸν
3096 4769 3406 4839 Βαπτιστὴν
3440 4768 3791 4839 ἀποπέμψαι.

2222 4864 2360 4917 Ἀλλ’
2394 4864 2531 4931 αὐτη
2564 4864 2683 4932 μὲν,
2709 4856 2885 4932 οἶμαι,
2918 4861 3028 4915 τῶν
3055 4860 3291 4914 ἐπαίνων
3320 4862 3353 4931 ή
3378 4861 3571 4932 πρώτη
3599 4860 3748 4914 αἰτία
3772 4874 3790 4890 ο

2212 4957 2365 5009 οὐδὲν
2392 4955 2448 5008 δὲ
2488 4955 2692 5025 ταύτης
2723 4953 2961 5006 ἐλάττων
3002 4954 3095 5006 καὶ
3142 4951 3303 5023 αὐτη.
3348 4952 3503 5005 Ἐπεὶ
3547 4951 3655 5023 γὰρ
3704 4954 3791 5019 τὸ,

2220 5067 2237 5099 ι
2276 5048 2347 5101 Σὺ
2378 5044 2427 5100 εί
2459 5050 2487 5101 6
2509 5048 2821 5119 ἐρχόμενος,
2854 5046 3096 5118 ἢὲτερον
3118 5045 3537 5118 προσδοκῶμεν;
3574 5065 3592 5097 ι
3625 5046 3653 5098 6
3692 5046 3795 5115 μὲν

2213 5140 2305 5192 ἐπὶ
2338 5142 2404 5210 τῇ
2441 5140 2550 5192 τῶν
2583 5138 2843 5209 μαθητῶν
2874 5138 3116 5210 διηρώτα
3157 5138 3419 5210 σωτηρίᾳ.
3452 5137 3525 5189 T6
3571 5137 3627 5190 δέ
3658 5137 3796 5207 πρό-

2211 5249 2393 5303 χειρον
2436 5232 2536 5301 τῆς
2571 5232 2914 5301 ἐρωτήσεως,
2942 5233 3055 5293 τοῖς
3105 5230 3180 5301 μὴ
3214 5229 3351 5301 πρὸς
3386 5228 3448 5282 τὸ
3481 5229 3796 5299 εὐμήχανον

2211 5326 2305 5377 καὶ
2366 5321 2528 5389 σοφὸν
2597 5322 2689 5375 τοῦ
2750 5322 3132 5393 ἐρωτήσαντος
3195 5318 3663 5382 διακύπτουσινΐ,
3733 5320 3796 5385 ἐξ

2209 5413 2433 5481 ἀγνοίας
2463 5413 2619 5465 τοῦτο
2654 5411 2923 5465 πυθέσθαι
2964 5412 3056 5465 τὸν
3089 5410 3404 5482 Βαπτιστὴν
3427 5409 3750 5464 ὑποτίθεται
3775 5423 3792 5437 ·

2222 5503 2308 5559 ἵνα
2360 5504 2455 5556 καὶ
2500 5502 2703 5574 ταύτης
2740 5502 2903 5556 αὐτὸν
2945 5505 3044 5575 τῆς
3088 5503 3319 5573 ὑποψίας
3363 5504 3428 5557 ἐκ
3471 5500 3797 5572 περιουσίας

1791 5661 2025 5716 VARI/ﬁ
2080 5661 2482 5718 LECTIONES.

588 5777 615 5814 ⁴ί
647 5780 708 5834 C.
751 5780 822 5835 M.
854 5784 1057 5840 rectius
1095 5790 1469 5849 ταῖῖεινώσειε.

528 5846 593 5901 Μ.
627 5850 681 5913 ἐξ
697 5879 709 5889 ~
746 5853 1024 5919 υφαὲνετο.

1560 5807 1581 5834 ε
1610 5794 1691 5849 ἴσ.
1720 5796 1846 5849 add.
1872 5794 2107 5865 ταύτης·
2138 5797 2229 5854 scd
2282 5797 2435 5854 deest
2474 5796 2639 5852 etiam
2677 5794 2729 5851 in
2771 5795 2914 5854 Mon.

3000 5798 3017 5837 ῖ
3046 5798 3105 5855 C.
3144 5797 3213 5853 Μ.
3234 5797 3577 5869 διακύψουσι.
3664 5798 3691 5841 ⁸
3718 5797 3791 5855 C.
