4136 6490
456 379 592 448 10m

451 609 560 663 que
587 593 702 660 alii,
749 593 1000 663 inprimis
1051 601 1236 647 autem
1269 591 1326 646 in
1357 608 1546 662 regum
1579 593 1720 648 aulis
1752 602 2037 648 versantes

453 683 777 748 inlluantur,
817 685 1044 755 pulvere
1076 685 1168 739 illo
1195 683 1480 753 obimpleti
1521 703 1534 740 :
1573 699 1604 740 a
1636 685 1839 755 quibus
1864 683 2035 739 Joan-

452 790 571 836 nes,
607 790 707 830 nec
733 775 784 828 id
819 774 976 829 facile
1005 784 1087 830 est
1114 774 1372 829 omnibus
1399 774 1602 840 dicere,
1630 789 1699 829 ne
1763 775 2037 829 tantillum

451 863 852 935 expugnabilis.
891 861 1012 919 Non
1053 864 1197 918 enim
1225 873 1308 920 est
1341 864 1554 918 arundo
1595 876 1881 918 ventorum
1939 880 2039 920 ex-

453 955 663 1025 cipiens
703 956 1133 1012 successionem.
1169 955 1284 1011 Hoc
1312 965 1429 1020 est,
1477 957 1815 1012 instabilium
1857 973 2038 1013 mores

453 1048 649 1113 evasit,
681 1057 735 1102 et
763 1047 1143 1117 aegritudinem
1175 1063 1362 1103 eorum
1397 1048 1490 1117 qui
1522 1049 1719 1104 calami
1747 1064 1899 1104 more
1933 1051 2038 1104 huc

456 1137 585 1193 illuc
611 1137 905 1194 ﬂectuntur
946 1157 960 1195 :
1005 1139 1098 1194 sed
1129 1156 1230 1195 nec
1259 1141 1518 1198 mollibus
1550 1142 1915 1207 vestimentis,
1944 1151 2040 1196 aut

455 1231 580 1287 aliis
613 1233 862 1288 moribus
893 1234 1120 1289 assueﬁt
1142 1277 1156 1298 ,
1189 1236 1390 1306 quibus
1430 1237 1775 1293 insolescunt
1810 1239 1900 1308 qui
1950 1253 2038 1292 re-

455 1325 572 1392 gias
604 1323 992 1395 frequentant;
1042 1341 1220 1394 auro,
1273 1328 1690 1398 voluptatibus,
1746 1332 2036 1388 ambitioni

456 1416 780 1473 servientes.
810 1416 1016 1474 Domus
1041 1419 1119 1473 illi
1150 1431 1234 1476 est
1261 1421 1538 1476 desertum
1566 1422 1804 1480 illustris
1839 1443 1853 1491 ;
1879 1441 2037 1495 para-

455 1507 633 1570 disus,
666 1509 789 1564 aula
818 1526 832 1575 ;
858 1512 1196 1566 camelorum
1233 1512 1353 1582 pilis
1379 1513 1634 1568 amicitur
1661 1530 1863 1585 corpus
1891 1535 1904 1572 :
1935 1533 2036 1572 zo-

456 1616 526 1656 na
557 1601 778 1670 pellicea
810 1605 957 1660 circa
989 1605 1204 1661 lumbos
1224 1648 1239 1671 ,
1269 1608 1698 1678 constringendo
1736 1608 2038 1665 inserviens

455 1701 512 1745 et
559 1693 942 1750 mortilicando
990 1697 1306 1763 corporales
1360 1707 1413 1754 et
1465 1699 1736 1755 humanas
1787 1701 2039 1757 lascivias

455 1799 653 1841 omnes
680 1801 800 1855 quze
836 1788 1036 1844 lumbis
1064 1789 1418 1844 conveniunt.
1454 1790 1512 1845 Si
1548 1791 1797 1862 requiras
1826 1793 2034 1860 cibum,

455 1878 684 1933 omnino
724 1878 831 1932 cibi
867 1880 1002 1934 nihil
1042 1881 1317 1951 sumpsit,
1352 1883 1457 1937 nisi
1486 1882 1538 1937 id
1575 1883 1721 1953 quod
1762 1899 2038 1951 amarum,

455 1979 513 2024 et
541 1969 661 2026 sine
690 1971 1028 2026 nutrimento
1062 1980 1202 2038 erat,
1236 1973 1331 2028 sed
1360 1989 1462 2029 nec
1487 1974 1650 2029 talem
1685 1975 1867 2030 cibum
1890 2016 1906 2042 ,
1931 1978 2040 2033 nisi

453 2076 519 2116 ea
566 2078 824 2119 mensura
865 2079 987 2134 qua:
1017 2075 1226 2121 natura:
1273 2067 1588 2122 necessitati
1643 2067 1892 2124 satisfiat.
1945 2069 2041 2125 llis

458 2168 520 2208 se
557 2154 892 2220 subinl‘erre,
924 2172 1034 2226 quo
1062 2167 1223 2226 pacto
1251 2158 1454 2212 audeat
1488 2157 1648 2213 luxus
1680 2172 1775 2214 aut
1808 2161 2040 2216 evanida

452 2244 672 2310 gloria?
704 2257 801 2302 aut
834 2249 1038 2304 divitia:
1069 2265 1190 2320 quae
1233 2266 1454 2321 gravem
1489 2260 1544 2306 et
1572 2253 1824 2306 acerbam
1858 2264 2041 2324 tyran-

452 2339 636 2394 nidem
687 2351 965 2409 exercent,
994 2357 1119 2398 eum
1149 2342 1202 2396 in
1232 2343 1598 2412 possidentes,
1633 2353 1744 2398 tum
1779 2345 1902 2401 illos
1945 2347 2038 2415 qui

451 2431 612 2486 inviti
646 2431 782 2502 ipsis
812 2443 1022 2489 carent.
1055 2433 1166 2489 Nec
1195 2449 1362 2503 opera
1386 2436 1506 2504 ejus
1539 2445 1752 2491 tantum
1775 2437 1891 2491 haec
1913 2453 2041 2507 pro-

450 2521 713 2586 clamant,
747 2540 938 2578 verum
974 2533 1030 2579 et
1077 2525 1178 2595 ipsi
1231 2527 1399 2580 etiam
1437 2542 1533 2582 vos
1573 2528 1669 2597 qui
1709 2529 1824 2582 hzec
1865 2530 2040 2585 oculis

451 2615 778 2684 usurpatis,
824 2623 992 2671 testes
1027 2617 1298 2682 exhibiti,
1360 2617 1415 2671 in
1488 2618 1634 2671 illam
1703 2619 2039 2676 descenditis

451 2705 792 2775 opinionem.
819 2705 1005 2778 Opere
1054 2709 1199 2763 enim
1225 2710 1343 2778 ipso
1372 2725 1468 2764 vos
1497 2711 1851 2779 perhibuistis
1884 2715 2041 2768 testi-

451 2801 723 2865 monium,
755 2801 903 2871 quod
951 2802 1192 2872 Baptista
1235 2804 1487 2872 superior
1527 2805 1700 2859 evasit
1737 2805 1805 2860 iis
1833 2806 1924 2875 qui
1955 2807 2040 2860 in-

452 2890 633 2947 stabili
659 2901 789 2948 sunt
817 2894 1026 2957 animo,
1058 2893 1153 2963 qui
1178 2894 1572 2963 voluptatibus,
1605 2896 1916 2960 ambitioni,
1954 2897 2040 2952 di-

451 2979 602 3035 vitiis
621 2981 1025 3051 mancipantur,
1053 2997 1082 3036 a
1108 2981 1312 3052 quibus
1339 2981 1478 3038 solet
1506 2983 1777 3052 prolicisei
1805 2984 1858 3037 in
1886 2985 2038 3039 dete-

451 3072 570 3128 rius
599 3073 851 3128 alteratio
876 3115 891 3139 ,
925 3075 1156 3130 mutatio
1182 3075 1363 3131 omnis
1410 3085 1463 3130 et
1499 3076 1830 3145 ignorantia.
1860 3076 2040 3146 Atque

1614 385 1878 445 PlIOTII
1901 383 2178 445 PATRIA
2188 383 2408 444 RCHAZ
2447 384 2556 444 CP.

450 517 549 558 nes
584 502 871 572 passiones
909 501 1197 572 prolapsus
1239 499 1527 555 facilitant.
1555 497 1769 567 Quibus
1800 501 2039 572 plerum-

2148 500 2544 572 παρολίσῢησις
2569 513 2583 528 ·
2627 493 2709 561 οἷς
2739 497 2889 552 ἄλλοι
2918 499 3018 569 μὲν
3075 499 3176 554 οὐκ
3209 499 3384 569 ὀλίγοι
3423 515 3440 533 ο

2065 1844 2113 1905 Β

3591 379 3738 450 1008

3495 517 3740 571 μάλιστα.

2140 591 2198 644 δὲ
2224 593 2272 644 οἱ
2307 591 2435 662 περὶ
2481 591 2608 652 τοὺς
2659 589 2963 658 βασιλείους
3010 592 3192 656 οἴκους
3233 592 3586 664 ἐπτοημένοι,
3630 594 3737 648 καὶ

2139 683 2234 736 τοῦ
2266 680 2546 751 κονιορτοῦ
2572 681 2782 735 ἐκείνου
2809 683 3098 752 ἀλώσιμοι,
3137 683 3227 752 ὑφ’
3260 677 3337 738 ὧν
3369 686 3398 737 6
3453 683 3734 752 Ἰωάννης,

2139 776 2248 831 οὐδ’
2297 777 2443 829 ἐστὶν
2473 777 2699 847 εὐχερὲς
2731 776 2935 830 ἅπασιν
2961 778 3158 835 εἰπεῖν,
3193 776 3300 829 οὐδ’
3334 777 3458 832 ὅσον
3515 778 3734 831 ἀνάλω-

2139 887 2230 934 τος
2259 882 2321 925 ω.
2357 870 2432 922 Οὐ
2461 868 2571 938 γὰρ
2603 868 2773 932 ἐστιν,
2799 869 2900 921 οὐκ
2930 866 3048 920 ἔστι
3073 867 3340 938 κάλαμος,
3369 868 3461 921 τὸν
3483 867 3588 920 ὑπὸ
3615 867 3736 920 τῶν

2140 964 2358 1034 ἀνέμων
2389 963 2547 1016 σάλον
2570 961 2876 1032 δεχόμενος.
2921 960 3204 1030 Ἐξέφυγε,
3239 961 3396 1030 φησὶ,
3431 959 3540 1013 τῶν
3561 962 3737 1029 ἀστη-

2145 1053 2345 1123 ρίκτων
2382 1051 2508 1114 τοὺς
2536 1050 2799 1121 τρόπους,
2830 1047 2925 1102 καὶ
2949 1049 3199 1118 καλάμου
3226 1048 3383 1119 δίκην
3443 1049 3738 1119 ῥιπιζομέ-

2139 1163 2268 1211 νων,
2298 1144 2360 1198 τὸ
2385 1143 2621 1214 νόσημα.
2677 1142 2753 1195 Οὐ
2805 1141 2935 1212 μὴν,
2993 1141 3115 1194 οὐδὲ
3157 1140 3423 1210 μαλακοῖς
3469 1139 3735 1210 ἱματίοις,

2139 1237 2259 1292 οὐδὲ
2299 1239 2410 1298 τοῖς
2445 1235 2626 1298 ἄλλοις
2658 1233 3056 1305 ὲκδεδιῄτηται,
3087 1228 3169 1296 οἷς
3203 1235 3254 1286 οἱ
3281 1233 3412 1301 περὶ
3451 1232 3523 1284 τὰ
3574 1231 3738 1300 βασί-

2139 1327 2259 1381 λεια
2287 1325 2747 1396 διαθρύπτονται,
2780 1321 2969 1394 χρυσῷ
3001 1323 3094 1375 καὶ
3121 1322 3338 1391 ἡδοναῖς
3370 1322 3466 1376 καὶ
3513 1320 3736 1391 φιλοδο-

2139 1421 2230 1492 ξία
2257 1418 2602 1489 δουλούμενοι
2633 1433 2648 1446 ·
2681 1417 2796 1470 ἀλλ’
2826 1415 3034 1486 ἔρημος
3068 1415 3168 1484 μὲν
3226 1414 3375 1485 αὑτῷ
3412 1411 3560 1478 οἶκος
3615 1414 3740 1485 ἅμα

2138 1511 2411 1583 λαμπρὸς,
2447 1509 2542 1564 καὶ
2571 1508 2922 1579 παράδεισος,
2951 1507 3047 1560 καὶ
3100 1506 3374 1577 βασίλειον
3400 1523 3415 1539 ο
3463 1507 3741 1578 καμήλων

2140 1603 2198 1656 δὲ
2223 1603 2431 1672 τρίχες,
2461 1599 2540 1670 τῷ
2568 1599 2784 1670 σώματι
2826 1599 3006 1669 σκέπη
3033 1615 3048 1631 ·
3092 1599 3188 1650 καὶ
3218 1596 3368 1666 ζώνη
3421 1597 3738 1669 δερματίνη

2140 1694 2272 1766 περὶ
2302 1695 2403 1764 τὴν
2431 1693 2626 1761 ὀσφὺν,
2659 1688 2936 1760 δεσμοῦσά
2967 1706 3026 1743 τε
3087 1689 3183 1743 καὶ
3220 1689 3494 1759 νεκροῦσα
3553 1689 3740 1742 πάντα

2141 1786 2209 1840 τὰ
2237 1787 2366 1856 παρ’
2401 1785 2638 1855 ἑκάτερα
2686 1782 2915 1853 ταύτης,
2950 1781 3240 1854 σωματικά
3270 1798 3330 1834 τε
3356 1783 3454 1835 καὶ
3514 1781 3738 1851 ἀνθρώ-

2142 1895 2271 1931 πινα
2305 1877 2676 1947 σκιρτήματα.
2716 1875 2778 1928 Εἰ
2835 1872 3018 1944 βούλει
3071 1871 3258 1925 δὲκαὶ
3312 1871 3510 1942 τροφὴ.
3569 1872 3652 1941 τῷ
3709 1880 3737 1908 ιι

2144 1970 2282 2042 μηδὲ
2309 1967 2518 2042 τροφῆς
2549 1966 2735 2029 ἁπλῶς
2768 1963 3016 2035 μετέχειν
3041 1979 3056 1993 ο
3084 1963 3198 2016 ἀλλ’
3221 1965 3320 2032 ὅση
3348 1964 3520 2035 πικρά
3549 1981 3609 2017 τε
3639 1964 3739 2017 καὶ

2141 2062 2398 2132 ἄτροφος,
2425 2061 2518 2113 καὶ
2547 2059 2668 2114 οὐδὲ
2708 2057 2910 2129 ταύτην
2938 2060 2997 2110 ὲν
3048 2056 3255 2126 μέτρῳ,
3287 2055 3401 2108 ἀλλ’
3459 2055 3599 2109 ὥστε
3639 2059 3739 2108 καὶ

2141 2153 2312 2224 αὐτὴν
2356 2152 2455 2222 τὴν
2487 2151 2735 2220 ἀνάγκην
2758 2148 3125 2219 διαπλανῆσαι
3154 2155 3178 2182 °
3210 2148 3309 2216 τῆς
3349 2147 3588 2216 φύσεως.
3634 2141 3736 2210 Οἷς

2142 2246 2260 2309 πῶς
2294 2245 2360 2299 ἂν
2386 2243 2744 2313 ἐπιτολμήσοι
2789 2239 2971 2311 τρυφὴ
3009 2239 3388 2311 παρεισδῦναι,
3443 2239 3475 2308 ἢ
3529 2240 3735 2309 ῥέουσα

2139 2337 2288 2402 δόξα,
2317 2336 2349 2405 ἢ
2380 2335 2648 2400 πὶ.οὖτος;
2685 2333 2713 2386 ὃ
2743 2334 2840 2386 καὶ
2877 2332 2988 2385 τῶν
3022 2331 3278 2402 ἐχόντων,
3309 2333 3406 2385 καὶ
3434 2331 3542 2384 τῶν
3572 2334 3655 2395 εἰς
3671 2331 3733 2388 τδ

2140 2429 2398 2483 ἀκούσιον
2427 2429 2528 2480 οὐκ
2556 2427 2811 2496 ἐχόντων,
2846 2425 3016 2496 βαρὺς
3056 2424 3151 2476 καὶ
3198 2423 3400 2494 πικρὸς
3444 2423 3730 2496 τύραννος.

2140 2523 2252 2578 Καὶ
2290 2520 2461 2575 ταῦτα
2484 2520 2541 2573 δὲ
2571 2519 2693 2589 οὐχὶ
2751 2518 2820 2572 τά
2870 2517 3009 2588 ἔργα
3070 2516 3209 2586 μόνα
3281 2515 3400 2588 βοᾷ,
3461 2516 3596 2570 ἀλλὰ
3639 2517 3736 2570 καὶ

2148 2619 2302 2688 ἡμεῖς
2335 2624 2362 2664 Ρ
2391 2613 2568 2678 αὐτοὶ,
2610 2611 2798 2681 φησὶν,
2839 2609 2947 2663 ἀπὸ
2975 2609 3083 2662 τῶν
3110 2607 3309 2679 ἔργων,
3341 2607 3378 2662 ἃ,
3417 2609 3544 2671 τοὺς
3596 2609 3626 2660 ὑ
3637 2625 3736 2678 με-

2140 2712 2334 2780 τέρους
2385 2706 2720 2776 ὀφθαλμοὺς,
2771 2705 2866 2758 καὶ
2913 2704 3012 2774 τὴν
3063 2703 3292 2774 γνώμην
3353 2699 3733 2770 ὲφελκὺσατο,

2145 2801 2430 2870 μάρτυρας
2455 2795 2607 2850 οὐδὲν
2637 2795 2858 2847 ἔλαττον
2894 2793 3302 2864 παρεστήσατε.
3349 2792 3575 2862 Ἔργοις
3620 2789 3737 2860 γὰρ

2143 2890 2238 2944 καὶ
2281 2890 2436 2942 αὐτοὶ
2475 2888 2574 2958 τὴν
2599 2885 2912 2957 μαρτυρίαν
2937 2884 3319 2952 είσηνέγκατε,
3353 2883 3430 2945 ὼς
3473 2881 3569 2934 καὶ
3621 2880 3737 2934 τῶν

2143 2981 2487 3052 ἀστηρίκτων
2515 2979 2612 3049 τὴν
2649 2977 2898 3048 γνώμην,
2926 2976 3020 3030 καὶ
3052 2975 3162 3029 τῶν
3188 2978 3308 3040 ταῖς
3337 2975 3577 3046 ἡδοναῖς,
3634 2977 3736 3029 καὶ

2141 3073 2290 3143 δόξῃ,
2324 3070 2420 3124 καὶ
2452 3067 2666 3138 πλούτῳ
2691 3065 3085 3135 δουλουμένων,
3117 3064 3185 3119 δι’
3214 3059 3288 3119 ὧν
3324 3067 3358 3135 ή
3393 3065 3488 3118 ἐπὶ
3513 3065 3576 3119 τὸ
3624 3067 3742 3135 χεῖ-

455 3161 572 3215 hanc
604 3172 689 3218 est
718 3162 808 3217 illa
843 3163 1016 3217 forma
1057 3163 1440 3218 encomiorum
1484 3180 1605 3234 quae
1636 3163 1915 3236 suﬂ‘ragiis
1952 3167 2034 3220 in-

2148 3182 2239 3234 ρον
2272 3161 2544 3234 μεταϐολὴ
2577 3159 2675 3214 καὶ
2701 3159 3162 3253 ἀλλοίωσις,-καὶ
3191 3161 3222 3229 ἡ
3276 3159 3469 3227 ἄγνοια
3500 3199 3517 3224 ,
3563 3161 3591 3212 6
3632 3159 3742 3212 Βα-

454 3253 651 3307 nititur
709 3254 1049 3309 auditorum.
1101 3254 1478 3323 Consequitur
1525 3255 1696 3326 ipsam
1752 3258 2042 3328 perspicue

455 3345 561 3400 ista
601 3360 724 3416 quae
761 3360 791 3400 a
821 3343 1030 3402 Christi
1071 3345 1245 3416 ipsius
1292 3345 1510 3401 Domini
1563 3349 1869 3403 assertione
1918 3363 2043 3402 eon-

456 3435 684 3491 texitur.
716 3436 786 3490 At
807 3453 1057 3508 quaenam
1085 3437 1176 3492 illa
1201 3436 1224 3490 ?
1265 3438 1467 3508 Nempe
1485 3440 1805 3509 prophetam
1833 3441 2044 3494 cxiistis

456 3529 680 3596 videre;
718 3531 768 3585 id
805 3529 952 3600 quod
987 3529 1278 3585 manifeste
1304 3542 1665 3602 agnoverant,
1707 3547 1803 3602 per
1831 3548 1894 3587 ea
1921 3547 2046 3602 qua:

455 3619 743 3687 fecerant;
773 3622 930 3690 quasi
977 3622 1125 3677 dicat
1173 3639 1187 3676 :
1236 3623 1367 3677 Scio
1408 3624 1556 3692 quod
1604 3624 1815 3678 exiistis
1860 3627 1912 3678 in
1949 3625 2046 3679 dc-

457 3719 668 3766 sertum
700 3710 887 3765 videre
929 3727 1108 3781 neque
1141 3721 1324 3766 mente
1366 3712 1707 3767 inconstanti
1741 3714 2042 3780 hominem,

457 3816 571 3856 non
603 3803 852 3872 pecuniae
894 3812 1173 3858 amantem
1204 3845 1218 3868 ,
1263 3819 1369 3858 non
1418 3804 1706 3859 ambitioni
1746 3816 1842 3861 aut
1889 3806 2044 3860 luxui

457 3894 725 3966 deditum,
759 3895 853 3950 sed
883 3896 1171 3950 sublimem
1195 3896 1487 3966 quemdam
1516 3907 1570 3952 et
1595 3898 1887 3962 elevatum,
1917 3900 2047 3953 cha-

460 3987 706 4043 rismatis
744 4002 810 4042 ac
844 3986 975 4041 doni
1023 3987 1327 4057 prophetici
1379 3989 1745 4058 participem;
1800 3999 1856 4044 et
1898 3999 2047 4044 recte

458 4079 687 4134 omnino
719 4078 1141 4134 arbitrabamini
1169 4096 1184 4134 :
1217 4078 1378 4134 Certe
1413 4079 1677 4136 testiﬁcor
1715 4081 1873 4135 vobis
1897 4081 2042 4151 quod

463 4172 791 4244 prephetam
833 4174 1022 4228 videre
1046 4173 1305 4240 exibatis,
1339 4188 1442 4229 nec
1495 4175 1585 4230 hic
1619 4174 1892 4242 subsistit,
1947 4175 2041 4228 sed

461 4261 584 4332 plus
621 4278 785 4332 quam
813 4263 1160 4333 prophetam,
1187 4266 1458 4333 agnoscit.
1499 4263 1749 4334 Cumque
1795 4265 2041 4333 judices,

460 4355 848 4424 legumlatores
879 4395 893 4420 ,
934 4371 1091 4427 reges
1128 4371 1160 4409 a
1192 4357 1416 4412 virtutis
1480 4356 1735 4412 laudibus
1795 4358 2043 4426 insignes

458 4456 590 4503 sunt
606 4448 774 4502 habiti
804 4465 819 4514 ;
852 4463 920 4502 ue
953 4449 1001 4503 is
1028 4448 1123 4519 qui
1156 4449 1437 4518 prephetis
1471 4451 1721 4518 superior
1751 4451 2038 4514 asseritur,

2149 3255 2383 3324 πτιστὴς
2418 3253 2773 3324 ὑψηλότερος.
2822 3249 2964 3303 Ἀλλ’
2993 3241 3148 3313 οὗτος
3181 3250 3281 3320 μὲν
3308 3252 3336 3302 ὁ
3357 3250 3467 3303 ἀπὸ
3485 3251 3584 3319 τῆς
3627 3249 3740 3304 τῶν

2147 3345 2433 3417 ἀκροατῶν
2458 3342 2642 3413 ψήφου
2662 3341 2780 3394 τῶν
2809 3339 3047 3394 ἐπαίνων
3070 3337 3261 3402 τύπος.
3281 3339 3377 3403 Τίς
3393 3341 3483 3393 δ’ὁ
3507 3339 3734 3410 ἐφεξῆς

2146 3440 2178 3510 ἢ
2212 3435 2461 3508 more;
2491 3437 2520 3488 6
2551 3436 2615 3486 ὲκ
2644 3434 2741 3504 τῆς
2763 3432 2898 3496 ἰδίας
2924 3432 3018 3484 καὶ
3034 3430 3738 3501 Δεσποτικῆςὰποφάσεωςο

2150 3534 2308 3595 ποίας
2340 3530 2576 3598 ταύτης;
2607 3528 2740 3592 Ναὶ,
2781 3528 2941 3599 φησι,
2977 3527 3122 3596 λέγω
3151 3528 3305 3598 ὑμῖν,
3333 3528 3415 3581 ὅτι
3451 3529 3742 3600 προφήτην

2148 3623 2403 3694 ἐξήλθετε
2457 3623 2625 3674 ἰδεῖν·
2660 3620 2736 3684 ὡς
2786 3621 3012 3674 ἐκείνων
3066 3619 3224 3673 τοῦτο
3287 3620 3494 3688 σαφῶς,
3542 3620 3608 3673 δι’
3665 3614 3740 3674 ὧν

2148 3715 2389 3786 ἔπραξαν
2416 3724 2468 3777 (ι,
2498 3711 2892 3782 καταθεμένων
2930 3727 2942 3740 ’
2973 3712 3064 3766 ἵνα
3090 3711 3250 3782 εἴπῃς
3276 3726 3289 3741 ⁶
3321 3708 3454 3766 Οἶδα
3497 3712 3581 3764 ὅτι
3609 3710 3738 3764 οὔτε

2146 3807 2245 3878 τὴν
2291 3805 2519 3876 γνώμην
2568 3803 2886 3873 εὐρίπιστον
2918 3803 3208 3873 ἄνθρωπον
3241 3841 3258 3867 ,
3313 3803 3436 3856 οὔτε
3477 3803 3741 3872 φιλάργυ·

2151 3916 2240 3969 ρον
2267 3939 2281 3964 ,
2335 3897 2368 3966 ἢ
2421 3897 2697 3962 κενόδοξον
2729 3937 2744 3962 ,
2803 3894 2928 3949 οὔτε
3000 3896 3216 3966 τρυφῆς
3285 3895 3544 3949 ἐλάττονα
3577 3936 3595 3964 ,
3659 3898 3737 3960 είς

2145 3992 2245 4064 τὴν
2277 3991 2483 4063 ἔρημον
2517 3991 2644 4044 ἰδεῖν
2676 3990 3056 4060 ἐξεληλύθατε,
3088 3989 3203 4042 ἀλλ’
3235 3988 3438 4060 ὑψηλόν
3468 4007 3589 4042 τινα
3641 3991 3737 4043 καὶ

2149 4084 2466 4156 μετάρσιον,
2501 4085 2594 4137 καὶ
2621 4085 2714 4137 τοῦ
2735 4082 3076 4155 προφητικοῦ
3095 4082 3436 4153 χαρίσματος
3474 4084 3730 4152 μέτοχον·

2146 4180 2241 4234 καὶ
2285 4179 2468 4242 καλῶς
2499 4180 2862 4248 ὑπειλήφατε.
2896 4178 3005 4230 Ναὶ
3050 4177 3182 4247 γὰρ,
3243 4177 3386 4246 λέγω
3439 4177 3586 4247 ὑμῖν,
3650 4177 3735 4230 ὅτι

2145 4273 2434 4344 προφήτην
2460 4271 2822 4342 ἐξεληλύοατε
2853 4270 3002 4324 ἰδεῖν.
3026 4264 3158 4322 Εἶτα
3199 4269 3291 4322 καὶ
3321 4269 3384 4322 οὐ
3415 4269 3580 4339 μέχρι
3604 4268 3733 4322 τού-

2144 4383 2260 4429 του,
2301 4364 2437 4418 ἁλλὰ
2463 4365 2557 4418 καὶ
2593 4363 2981 4434 περισσότερον
3009 4361 3376 4430 ἀποφαίνεται
3423 4364 3730 4430 προφήτου.

2159 4453 2377 4524 Ἐπειδὴ
2406 4452 2462 4505 δὲ
2493 4454 2586 4506 καὶ
2613 4451 2820 4521 κριταὶ,
2855 4451 2950 4504 καὶ
2977 4450 3290 4520 νομοθέται,
3327 4451 3421 4504 καὶ
3465 4450 3730 4520 βασιλεῖς,

456 4537 625 4594 alicui
656 4539 813 4595 alteri
864 4549 923 4593 ut
959 4539 1186 4595 inferior
1245 4540 1599 4604 succumbat;
1635 4540 1798 4595 unica
1854 4555 2034 4596 asser-

2143 4547 2231 4600 ἐπ’
2258 4547 2426 4617 ἀρετῇ
2461 4545 2603 4613 μέγα
2632 4553 2656 4582 τ
2685 4543 2978 4597 κατέλιπον
3003 4557 3018 4574 ο
3053 4542 3140 4594 ἵνα
3184 4543 3259 4613 μὴ
3299 4542 3408 4595 τῶν
3437 4544 3538 4612 μὲν
3593 4559 3735 4615 προ-

457 4631 609 4686 tione
644 4647 749 4688 sua
788 4631 1094 4702 Baptistam
1124 4632 1304 4696 docet,
1350 4632 1493 4687 ultra
1542 4647 1735 4688 omnes
1791 4633 2042 4688 obtinere

455 4721 948 4790 praeminentiam,
1013 4740 1032 4772 ‹
1069 4719 1190 4776 Νοη
1240 4722 1503 4786 surrexit,
1555 4721 1834 4791 inquiens,
1895 4721 2041 4776 inter

455 4821 616 4868 natos
642 4813 708 4869 de
731 4815 982 4882 muliere,
1015 4814 1192 4884 major
1218 4813 1430 4870 Joanne
1463 4813 1704 4883 Baptista
1724 4813 1788 4867 ⁷³.
1819 4833 1836 4864 ι
1864 4816 2041 4884 Atque

456 4900 533 4955 ita
555 4907 644 4956 est
695 4903 974 4958 secundus
1002 4903 1380 4958 encomiorum
1413 4904 1630 4958 modus.
1676 4902 1893 4960 Tertius
1923 4921 2039 4959 me-

454 4993 607 5047 dium
660 4992 940 5050 interserit
977 4996 1257 5065 propheta:
1329 4996 1652 5052 vaticinium
1708 4997 1965 5052 laudibus
2007 5013 2038 5052 a

455 5085 691 5140 Domino
739 5087 1074 5156 praedicatis.
1115 5087 1212 5143 ilic
1237 5096 1322 5143 est
1371 5089 1628 5157 inquiens
1667 5089 1736 5143 de
1769 5105 1880 5160 quo
1902 5091 2039 5145 seri-

451 5184 607 5244 ptum
640 5187 744 5242 est,
783 5193 802 5226 α
842 5177 982 5233 Ecce
1009 5194 1110 5248 ego
1161 5179 1318 5233 mitto
1374 5179 1630 5249 angelum
1682 5195 1862 5235 meum
1913 5190 2041 5235 ante

453 5263 650 5318 faciem
674 5275 846 5335 tuam,
874 5269 966 5338 qui
995 5270 1323 5339 praeparabit
1355 5273 1497 5326 viam
1532 5281 1679 5327 tuam
1699 5282 1824 5329 ante
1852 5275 1986 5329 te”.
2013 5293 2031 5326 ι

454 5352 700 5414 Relictus
731 5370 905 5416 restat
951 5373 1189 5433 quartus
1243 5364 1460 5428 modus,
1512 5365 1580 5420 de
1615 5382 1726 5437 quo
1764 5367 2039 5437 praecipue

526 5541 573 5572 ⁷³
603 5538 739 5596 Luc.
783 5555 880 5606 vn,
907 5539 994 5595 9.8.
1073 5541 1117 5572 '”
1154 5541 1344 5597 Matth.
1383 5559 1462 5609 χι,
1517 5543 1602 5598 ll).

2146 4636 2338 4708 φητὼν
2367 4636 2776 4708 περισσότερος,
2825 4633 2934 4687 τῶν
2980 4633 3158 4686 ἄλλων
3207 4633 3267 4709 δέ,
3315 4650 3456 4698 τινος
3499 4633 3733 4705 νομισθῇ

2149 4727 2498 4798 ἐνδεέστερος
2524 4743 2538 4757 ο
2580 4727 2682 4798 μιᾷ
2713 4724 2856 4779 κατὰ
2881 4723 3101 4777 πάντων
3144 4723 3440 4793 ἀποφάσει,
3492 4725 3560 4778 τὰ
3602 4742 3734 4796 πρε-

2145 4816 2303 4870 σϐεῖα
2332 4815 2521 4887 φέρειν
2549 4815 2642 4868 τὸν
2688 4813 3002 4883 Βαπτιστὴν
3038 4812 3392 4884 ἀνεκήρυξεν,
3429 4815 3575 4867 «Οὐκ
3605 4813 3734 4883 ἐγή-

2141 4924 2356 4977 γερται,
2388 4905 2579 4969 εἰπὼν,
2615 4908 2672 4960 ὲν
2703 4907 2982 4975 γεννητοῖς
3009 4905 3308 4971 γυ.αικῶν,
3352 4905 3555 4975 μείζων
3613 4906 3730 4958 Ἰω·

2146 5002 2306 5054 άννου
2331 5000 2422 5053 τοῦ
2457 4999 2782 5052 Βαπτιστοῦ.
2803 5017 2820 5048 ι
2843 4997 2982 5050 Ἀλλ’
3007 4989 3162 5059 οὗτος
3193 4997 3313 5066 μὲν,
3349 4997 3442 5049 καὶ
3484 4999 3512 5050 6
3543 4997 3730 5050 δεύτε-

2150 5109 2240 5163 ρος
2263 5091 2372 5145 τῶν
2410 5090 2702 5161 ἐγκωμίων
2728 5089 2918 5152 τύπος.
2963 5088 3024 5142 '0
3065 5089 3123 5142 δὲ
3143 5088 3349 5159 τρίτος,
3387 5087 3590 5158 μεταξὺ
3622 5090 3731 5143 τῶν

2146 5180 2492 5235 Δεσποτικῶν
2521 5180 2782 5242 ἐπαίνων,
2810 5179 2908 5249 τὴν
2957 5177 3308 5248 προφητικὴν
3363 5175 3730 5246 προϐάλλεται

2148 5273 2474 5346 μαρτυρίαν.
2509 5266 2678 5334 Οὗτος
2706 5273 2838 5344 γὰρ,
2885 5270 3052 5342 φησιν
3081 5309 3096 5332 ,
3124 5269 3254 5339 περὶ
3283 5262 3344 5322 οὗ
3391 5267 3726 5338 γέγραπται·

2151 5385 2172 5418 σ
2221 5365 2352 5421 Ἰδοὺ
2387 5363 2498 5434 ὲγὼ
2536 5364 2850 5418 ἀποστέλλω
2876 5362 2968 5418 τὸν
2997 5359 3229 5431 ἄγγελόν
3260 5375 3362 5432 μου
3403 5360 3510 5432 πρὸ
3560 5368 3726 5430 προσ-

1722 5699 1959 5754 νΑιιιέΕ
1996 5699 2285 5755 LECTION
2296 5698 2396 5754 ES.

583 5842 641 5912 ""
669 5835 756 5892 ῑσ.
787 5839 1077 5904 εὐάλωτος.
1189 5848 1216 5876 η
1247 5841 1329 5896 ἵσ.
1357 5842 1473 5916 τόκ
1549 5853 1565 5874 °
1597 5843 1681 5898 ἴσ.
1717 5843 2029 5916 διαπλῆσαι.

1445 5913 1480 5938 Ὦ

2138 5856 2168 5898 P
2198 5844 2378 5917 ὑμεῖς.
2460 5851 2488 5892 τι
2510 5841 2734 5914 ἔπραξε.
2849 5850 2866 5873 ν
2900 5842 2970 5894 ἴσ.
3009 5840 3161 5904 κλέος
3196 5839 3278 5896 vel
3314 5838 3487 5910 ὄνομα
3511 5835 3683 5892 deest.
