4136 6450
423 398 562 464 1009

1305 406 1407 466 AD
1467 404 2064 471 AMPIIILOCHIUM
2115 398 2466 481 QUESTIO
2507 409 2790 471 CCXXII.

3564 413 3703 480 1010
3757 407 3760 412 ’

418 519 572 572 ώπου
614 535 708 572 σου
733 560 751 584 ,
784 518 844 584 ὃς
877 520 1280 575 κατασκευάσει
1310 523 1412 593 τὴν
1454 523 1574 578 όδόν
1620 541 1716 578 σου
1773 525 2016 597 ἐμπροσ-

2123 527 2432 582 instituitur
2455 528 2795 597 disquisitio,
2852 527 2945 600 qui
2981 538 3036 584 et
3083 529 3218 600 ipse,
3254 537 3315 586 ut
3342 530 3578 602 primus,
3609 549 3705 602 per

422 611 514 663 θέν
547 628 664 666 σου.
700 631 719 664 ι
748 613 951 675 Acme;
979 613 1038 666 δὲ
1083 613 1181 666 καὶ
1229 614 1543 677 τελευταῖός
1586 617 1724 681 ἐστι,
1770 618 1899 688 περὶ
1949 608 2013 670 οὗ

425 700 660 770 μάλιστα
704 701 799 755 καὶ
853 703 886 773 ή
924 701 1137 771 σκέψις,
1183 703 1263 766 ὃς,
1294 704 1549 776 καθάπερ
1579 707 1674 760 καὶ
1699 708 1728 760 6
1775 705 2012 776 πρῶτος,

421 793 481 858 ἐξ
519 793 854 860 ἀναιρέσεως
886 795 986 865 μέν
1008 797 1124 850 ἐστι
1155 796 1254 866 τῆς
1289 797 1602 867 μηδαμόθεν
1630 802 2017 868 προσηκούσης

421 879 500 950 τῷ
533 882 810 952 Βαπτιστῇ
862 882 1185 954 ὑπολήψεως
1210 899 1225 914 ·
1259 887 1380 938 κατ’
1413 885 1685 958 ἐρώτησιν
1717 887 1773 940 δὲ
1801 889 2015 959 ἀπορη-

427 973 665 1042 ματικὴν
693 972 787 1026 καὶ
815 973 1000 1041 αὐτὸς,
1025 975 1126 1028 οὐκ
1157 975 1218 1041 ἐξ
1247 975 1488 1042 εὐθείας,
1508 977 1630 1030 οὐδὲ
1658 977 2016 1046 ἀποφατικῶς

424 1063 672 1135 πρόεισιν
693 1081 706 1096 ·
739 1065 804 1118 ἐκ
835 1065 892 1119 δὲ
922 1065 1019 1120 τοῦ
1051 1069 1446 1139 συμϐαίνοντος
1480 1071 1857 1140 ἀτοπήματος,
1912 1071 2016 1142 τὴν

423 1155 640 1227 φαύλην
676 1158 951 1230 ὑπόληψιν
991 1161 1212 1233 ἀναιρεῖ
1236 1179 1252 1195 ο
1282 1164 1537 1218 κάκεῖθεν
1589 1164 1870 1218 διαπλέκει
1920 1165 2016 1219 καλ⁴

424 1251 817 1321 συναπαρτίζει
848 1253 926 1325 τῷ
953 1254 1236 1327 Βαπτιστῇ
1277 1256 1337 1310 τὸ
1363 1256 1661 1328 ἐγκώμιον.
1694 1258 1792 1322 Τίς
1829 1256 1922 1311 οὖν
1978 1257 2013 1328 ἡ

421 1339 623 1412 ψευδὴς
652 1342 960 1414 ὑπόληψις;
994 1346 1069 1398 Τὸ
1101 1347 1323 1418 νομίσαι
1351 1349 1505 1410 τινὰς
1553 1349 1644 1403 τὸν
1700 1349 2014 1421 Βαπτιστὴν

423 1432 690 1501 ἀγνοῆσαι
729 1433 820 1488 τὸν
879 1437 1310 1507 κηρυσσόμενον,
1363 1439 1458 1493 καὶ
1503 1437 1592 1492 διὰ
1637 1439 1796 1492 τοῦτο
1846 1457 2016 1512 προσ-

423 1525 668 1590 ενεγκεῖν
719 1524 816 1596 τὴν
842 1525 1130 1598 ἐρώτησιν.

495 1615 562 1669 Τί
593 1615 650 1668 δὲ
671 1615 731 1670 τὸ
763 1618 1031 1689 ἐπόμενον
1065 1621 1265 1676 ἄτοπον
1291 1640 1306 1690 ;
1343 1623 1418 1676 Τὸ
1456 1622 1823 1695 ἐρῤίφθαιδιά
1856 1623 2015 1677 τοῦτο

423 1707 522 1779 τῆς
554 1707 834 1778 βασιλείας
867 1711 978 1766 τῶν
1028 1713 1298 1784 οὐρανῶν.
1347 1715 1407 1770 '0
1437 1717 1546 1788 γὰρ
1579 1718 1637 1770 ἐν
1676 1717 1812 1787 αὐτῇ
1875 1715 2015 1768 πάν-

424 1815 533 1851 των
561 1801 908 1873 μικρότερος,
938 1803 1085 1869 τίνος
1111 1804 1273 1860 ἄλλου
1299 1807 1504 1877 μείζων
1521 1807 1610 1879 εἴη
1645 1808 1735 1874 ἂν,
1758 1807 1895 1879 πλὴν
1917 1806 2013 1864 τοῦ

2120 621 2467 691 negationem
2497 623 2642 678 illius
2701 623 2982 692 opinionis
3016 625 3394 692 constituitur,
3436 643 3600 696 quam
3636 632 3706 684 de

2119 713 2362 782 Baptista
2391 714 2681 783 concipere
2701 729 2808 768 non
2837 724 2953 769 erat
2977 731 3218 786 aequum.
3251 715 3705 774 Proceditautetn

2120 805 2237 876 ipse
2273 804 2492 872 modus,
2520 821 2620 875 per
2669 805 3156 877 interrogationem
3192 810 3704 882 dubitationesque,

2121 912 2230 950 non
2270 897 2477 952 directe
2518 913 2622 952 nec
2677 897 3006 954 aliirtnative
3068 903 3431 970 proponitur;
3476 918 3700 972 pravam

2118 999 2303 1046 autem
2338 991 2487 1045 illam
2548 991 2866 1062 Opinionem
2903 979 3060 1047 tollit
3092 1010 3190 1064 per
3219 996 3520 1051 absurdum
3554 997 3703 1067 quod

2117 1083 2476 1153 consequitur
2530 1084 2712 1150 illud;
2753 1092 2923 1153 atque
2975 1085 3100 1138 inde
3157 1088 3448 1162 cotnplieat
3487 1099 3540 1142 et
3567 1104 3704 1144 con-

2117 1187 2359 1231 summat
2396 1175 2657 1246 Baptista:
2691 1176 3030 1231 ettcomium.
3083 1176 3370 1243 Quodnam
3400 1180 3567 1248 igitttr
3594 1180 3702 1235 fal-

2117 1282 2239 1322 sum
2299 1267 2444 1336 quod
2479 1264 2837 1336 supponitur?
2879 1280 3073 1333 nempe
3107 1279 3228 1319 esse
3283 1266 3374 1334 qui
3407 1267 3703 1334 opinaren-

2117 1369 2205 1414 tur
2243 1357 2543 1428 Baptistam
2611 1359 2896 1429 ignorasse
2924 1372 3074 1420 eum,
3135 1371 3301 1426 quem
3349 1357 3701 1426 praedicabat,

2116 1461 2279 1520 atque
2306 1451 2428 1505 ideo
2456 1451 2818 1519 quaestionem
2847 1448 3172 1504 instituisse.

2191 1624 2552 1696 Consequens
2577 1623 2902 1687 absurdum,
2943 1622 3219 1694 quodnam
3247 1622 3378 1678 est?
3418 1620 3704 1685 nimirum,

2117 1719 2262 1788 quod
2294 1717 2368 1772 ita
2392 1733 2422 1772 a
2447 1731 2611 1786 regno
2629 1716 2896 1771 caelorum
2929 1716 3272 1770 excludetur.
3303 1714 3408 1780 Qui
3443 1713 3703 1768 omnibus

2117 1817 2169 1862 et
2189 1805 2421 1876 singulis
2440 1805 2495 1859 in
2529 1805 2623 1859 illo
2645 1819 2814 1874 regno
2831 1804 3152 1859 constitutis
3184 1803 3362 1858 minor
3387 1813 3491 1868 est,
3525 1815 3704 1871 ecquo

425 1891 615 1963 πόρρω
631 1871 836 1964 ταύτης
851 1896 1271 1968 ἁπεληλαμένου
1333 1871 1433 1954 Διά
1463 1901 1516 1953 τί
1539 1899 1582 1953 δ’
1595 1871 2011 1972 ἀπορρίπτοιτο,

2123 1898 2296 1967 major
2317 1897 2648 1962 invenietur,
2675 1896 2777 1950 nisi
2803 1911 2890 1961 eo,
2924 1896 3016 1966 qui
3049 1896 3118 1950 ab
3149 1896 3242 1950 illo
3262 1896 3420 1966 longe
3450 1896 3702 1950 elimines

422 1982 546 2035 οὐδὲ
589 1983 749 2052 λόγου
781 1985 979 2042 δεῖται.
1011 1989 1122 2043 Καὶ
1155 1989 1285 2061 γὰρ,
1314 1991 1434 2062 ὁμὴ
1469 1993 1835 2062 πεπεισμένος
1864 1993 2018 2062 ἀκρι-

424 2073 536 2139 ϐῶς
562 2075 654 2130 τὸν
695 2079 761 2131 ἐκ
794 2079 1072 2150 Παρθένου
1101 2081 1201 2152 μὲν
1235 2083 1592 2152 γεννηθέντα,
1625 2082 1729 2135 ὑπὸ
1773 2082 2018 2134 ’ῐωάννου

422 2165 484 2220 δὲ
541 2167 930 2238 βαπτισθέντα,
963 2172 1068 2225 ὑπὸ
1093 2173 1148 2226 δὲ
1178 2173 1280 2244 τῆς
1323 2175 1536 2246 [Ιατρδς
1567 2174 1754 2245 φωνῆς
1807 2192 2020 2245 μαρτυ-

427 2259 684 2329 ρηθέντα,
719 2261 816 2315 καὶ
843 2264 948 2316 ὑπὸ
975 2264 1070 2318 τοῦ
1096 2265 1393 2335 συγγενοῦς
1416 2266 1802 2338 ὑποδειχθέντα
1837 2267 2012 2322 ιΙνεύ-

427 2367 619 2423 ματος,
669 2353 860 2408 τοῦτον
901 2358 1200 2430 Λυτρωτὴν
1228 2359 1324 2412 τοῦ
1362 2360 1596 2428 κόσμου,
1639 2361 1733 2414 καὶ
1764 2360 1858 2414 τοῦ
1892 2361 2019 2433 ᾅδου

423 2444 760 2517 καθαιρέτην
798 2441 959 2514 εἶναι,
989 2449 1147 2519 δῆλον
1186 2449 1263 2513 ὡς
1300 2453 1328 2503 6
1361 2451 1625 2516 τοιοῦτος,
1653 2452 1812 2517 ἐκτός
1853 2454 1970 2508 ἐστι
1992 2466 2014 2493 ⁸

421 2536 524 2608 τῆς
549 2536 829 2608 βασιλείας
850 2539 962 2592 τῶν
986 2541 1257 2611 οὐρανῶν.
1296 2542 1418 2605 Πῶς
1446 2543 1560 2613 γὰρ
1585 2544 1652 2597 ἂν
1669 2543 2015 2616 κληρονομή-

425 2644 541 2682 σειε
584 2627 888 2699 βασιλείαν,
921 2632 951 2684 6
980 2632 1120 2702 μηδὲ
1160 2632 1252 2686 τὸν
1278 2633 1486 2704 ταύτης
1521 2636 1885 2706 ἐπιστάμενος
1909 2640 2017 2706 Δη-

427 2720 712 2792 μιουργὺν,
743 2724 838 2776 καὶ
871 2722 1151 2794 διανομέα,
1205 2727 1300 2780 καὶ
1341 2727 1678 2799 κληρούχον;
1713 2727 1848 2784 Εἶτα
1900 2732 2018 2797 πῶς

422 2809 727 2881 ἀναιρεῖται
758 2809 821 2865 τὸ
849 2811 1048 2866 ἄτοπον
1075 2830 1092 2880 ;
1121 2813 1232 2867 Καὶ
1269 2814 1494 2868 αὐτόθεν
1558 2816 1682 2885 μέν.
1730 2816 1856 2880 Πῶς
1907 2819 2016 2890 γάρ

422 2903 528 2958 οὑκ
575 2905 802 2970 ἄτοπον,
847 2905 938 2959 τὸν
985 2905 1168 2971 ἄλλοις
1217 2908 1533 2975 κηρύξαντα
1578 2909 1680 2981 τὴν
1714 2909 2013 2981 βασιλείαν,

425 2998 593 3052 αὑτὸν
623 2998 882 3052 ἐκπεσεῖν
929 2999 1170 3069 ταύτης
1213 2999 1372 3054 Ἀλλά
1419 3017 1483 3069 γε
1517 3002 1613 3055 καὶ
1659 3005 1723 3055 ἐκ
1753 3003 1865 3056 τῶν
1910 3003 2014 3075 ἔμ-

425 3088 664 3158 προσθεν
688 3089 1024 3160 εἰρημένων.
1060 3091 1123 3144 Ei
1151 3090 1244 3144 οὑν
1269 3093 1508 3162 ⁴Ιιλγνόησε
1539 3093 1660 3164 μὲν,
1693 3095 1833 3165 ὅπερ
1882 3096 2015 3166 ἐκή-

427 3179 611 3251 ρυξεν,
641 3181 670 3234 6
711 3180 966 3252 Ἰωάννης
989 3197 1004 3212 ·
1037 3182 1206 3235 ἔδωκε
1229 3183 1285 3236 δέ
1314 3183 1456 3257 λήθῃ
1498 3185 1568 3238 τὰ
1591 3184 1797 3239 ἄνωθεν
1847 3186 2014 3256 ἠκου-
2039 3213 2084 3277 C

428 3272 635 3343 σμέναο
664 3273 766 3326 οὑκ
785 3270 894 3327 οἶδε
932 3274 988 3328 δὲ
1013 3273 1072 3327 ὃν
1100 3275 1396 3329 ἐϐάπτισεν
1422 3291 1435 3306 ·
1479 3279 1664 3348 ἐρωτᾷ
1717 3277 1762 3331 δ’
1793 3278 1880 3332 ’ίνα
1907 3279 2013 3350 μά-

425 3363 456 3418 θ
469 3381 519 3433 3,
570 3363 654 3428 τίς
681 3365 828 3417 ἐστιν
851 3366 880 3417 6
912 3366 1370 3437 προσδοκώμενος
1391 3383 1406 3399 ο
1443 3367 1606 3436 δῆλον
1635 3369 1711 3433 ὡς
1736 3369 1860 3424 οὑδὲ
1914 3370 2013 3440 τῆς

428 3452 710 3523 βασιλείας
736 3454 894 3522 ὅλως,
924 3455 1046 3509 οὑδὲ
1079 3457 1201 3510 καθ’
1235 3458 1301 3527 ἦν
1323 3459 1351 3511 6
1388 3458 1712 3530 μικρότερος
1741 3459 2014 3514 διαιτᾶται

426 3545 584 3614 λῆξιν
614 3585 630 3608 .
726 3547 848 3601 οὐδὲ
909 3547 1129 3619 ⁸ταύτης
1197 3547 1583 3620 ἀξιωθήσεται.
1661 3550 1824 3604 ’Λλλά
1908 3552 2016 3605 τῶν

429 3638 530 3708 μὲν
579 3636 701 3690 λίαν
759 3638 1128 3693 ἀτοπωτάτων
1189 3639 1384 3705 τοῦτο,
1439 3640 1510 3694 τά
1583 3658 1645 3694 τε
1707 3642 1846 3696 ἄλλα
1918 3644 2015 3698 καὶ

428 3731 493 3782 ἐκ
521 3728 630 3782 τῶν
658 3729 864 3784 ἄνωθεν
889 3732 1216 3801 εἰρημένων.
1246 3731 1355 3785 Ποῦ
1386 3731 1493 3804 γὰρ
1521 3735 1828 3805 προφήτης,
1855 3737 1883 3788 6
1910 3753 2016 3806 μη-

424 3821 485 3874 δὲ
514 3821 583 3874 τά
637 3822 696 3874 ἐν
738 3823 894 3893 χερσὶ
941 3823 1190 3893 βλέπων;
1235 3823 1348 3876 Ποῦ
1379 3824 1436 3876 δὲ
1485 3827 1784 3896 προφητῶν
1821 3844 2016 3897 περισ-

429 3914 669 3984 σότερος,
687 3914 784 3967 καὶ
813 3914 978 3968 αὑτὸν
1005 3914 1096 3968 τὸν
1129 3915 1540 3987 κηρυσσόμενον
1564 3919 1839 3989 ἀγνοήσας
1869 3935 1884 3985 ;
1924 3921 2015 3975 Ἐν

427 4007 713 4077 γεννητοῖς
741 4005 800 4060 δὲ
829 4005 1104 4075 γυναικῶν
1142 4006 1346 4076 μείζων
1394 4007 1513 4073 πῶς
1566 4010 1654 4075 ἂν,
1699 4013 1727 4064 6
1760 4012 1894 4082 μηδὲ
1917 4013 2016 4083 τῆς

429 4097 710 4168 βασιλείας
742 4096 929 4165 ἄξιος;
959 4099 1060 4153 οὑκ
1089 4098 1198 4170 ἄρα
1227 4100 1560 4172 μικρότερος
1611 4102 1870 4173 οὐδαμῶς
1917 4105 2014 4159 τοῦ

431 4189 761 4261 μικροτέρου
799 4190 908 4243 τῶν
938 4193 996 4245 ἐν
1030 4190 1282 4264 βασιλείᾳ
1311 4192 1422 4246 τῶν
1449 4193 1720 4266 οὐρανῶν,
1769 4195 1878 4249 οὐδ’
1907 4197 2014 4266 ἀρα

425 4283 715 4355 ἠγνόησεν,
751 4283 811 4337 ὃν
837 4283 1138 4355 ἐκήρυξεν·
1195 4286 1305 4340 οὐδ’
1359 4285 1427 4339 ἵν’
1474 4286 1636 4352 αὑτὸς
1671 4288 1840 4360 μάθῃ,
1895 4289 2014 4343 ἀλλ’

2124 1991 2252 2046 tur?
2294 1988 2406 2046 Nec
2430 1997 2512 2044 est
2533 2003 2672 2058 opus
2703 1986 2904 2042 docere
2934 2003 3035 2042 cur
3061 1987 3143 2044 sic
3163 1989 3512 2044 excludatur.
3545 1987 3704 2042 Patet

2121 2083 2347 2138 omnino
2382 2080 2531 2151 quod
2567 2089 2722 2135 extra
2752 2080 3018 2135 cmlorum
3050 2095 3276 2152 regnum
3300 2095 3562 2135 emansor
3597 2082 3701 2136 erit

2120 2177 2230 2241 ille,
2265 2174 2360 2246 qui
2394 2189 2502 2228 non
2542 2173 2772 2228 lirmiter
2791 2173 3107 2240 crediderit,
3140 2183 3325 2228 natum
3358 2173 3425 2227 de
3461 2170 3703 2242 Virgine,

2119 2268 2456 2337 baptizatum
2491 2281 2521 2320 a
2545 2264 2782 2330 Joanne,
2814 2275 3054 2334 patetnae
3082 2266 3232 2320 vocis
3265 2265 3582 2320 testimonio
3609 2265 3706 2320 de-

2121 2359 2454 2418 nuntiatum.
2476 2373 2506 2411 a
2539 2357 2831 2427 congcneri
2869 2357 3061 2426 spiritu
3095 2357 3554 2421 demonstratum,
3598 2353 3703 2411 Re-

2119 2452 2462 2520 demptorem
2483 2449 2672 2503 mundi
2691 2464 2836 2514 esse,
2853 2457 2906 2502 et
2925 2448 3126 2503 inferni
3156 2449 3532 2518 spoliatorem.
3550 2448 3704 2514 Qun-

2121 2543 2284 2598 modo
2313 2557 2544 2611 regnum
2575 2540 2708 2595 illud
2741 2542 3090 2595 haereditabit
3123 2543 3189 2606 is,
3227 2543 3322 2611 qui
3358 2543 3701 2594 conditorem

2120 2634 2333 2702 ignoret
2385 2631 2528 2701 ejus,
2580 2632 2673 2701 qui
2727 2633 3192 2700 dispensatorem,
3222 2632 3322 2701 qui
3377 2631 3702 2686 sortitorem

2118 2724 2689 2781 autdistributorem?
2721 2724 2834 2778 Hoc
2857 2735 3037 2779 atttetn
3067 2725 3370 2780 absurdum
3427 2726 3705 2793 quomodo

2121 2815 2492 2885 tollitur‘iper
2565 2815 2830 2885 seipsutn,
2903 2831 3118 2886 nempe,
3171 2816 3319 2886 quod
3378 2815 3450 2870 sit
3507 2815 3706 2868 absur-

2117 2909 2270 2963 dum.
2301 2907 2380 2963 Ita
2411 2915 2494 2962 est
2527 2907 2701 2971 enim,
2728 2918 2788 2961 ut
2811 2907 2857 2962 is
2884 2907 2979 2975 qui
3013 2908 3138 2962 aliis
3165 2907 3534 2962 annuntiabat
3573 2905 3707 2960 illud

2117 3015 2368 3069 regnum,
2398 3000 2467 3054 ab
2493 3001 2611 3070 ipso
2648 2999 2764 3069 ipse
2789 3000 3207 3062 excluderetur;
3235 3001 3330 3054 sed
3363 3008 3420 3054 et
3447 3000 3516 3054 ab
3551 3009 3707 3054 ante-

2116 3093 2277 3148 dietis
2331 3092 2589 3147 tollitur:
2649 3091 2706 3145 Si
2766 3091 3059 3160 ignorabat
3115 3105 3277 3158 quem
3343 3089 3708 3144 annuntiabat

2116 3182 2378 3250 Joannes,
2411 3187 2455 3238 si
2473 3183 2751 3238 oblivione
2785 3184 3000 3253 Sepeliit
3025 3198 3149 3252 quae
3176 3184 3244 3238 de
3262 3184 3403 3239 caelo
3435 3184 3705 3249 audierat,

2119 3277 2164 3331 si
2217 3290 2328 3331 non
2353 3275 2566 3331 noverit
2603 3290 2768 3345 quem
2801 3274 3152 3344 baptizabat;
3185 3274 3383 3344 quaerit
3409 3285 3618 3340 autem,
3648 3284 3710 3329 ut

2116 3368 2486 3424 informetur:
2519 3367 2656 3436 Quis
2699 3367 2905 3438 estqui
2949 3375 3330 3436 exspectatur.
3367 3367 3526 3421 Certe
3563 3376 3711 3437 patet

2116 3461 2262 3532 quod
2296 3476 2394 3515 nec
2419 3475 2590 3530 regno
2615 3460 2885 3515 cmlorutn
2921 3474 3020 3514 nec
3063 3461 3171 3512 isto
3200 3468 3346 3513 statu
3379 3458 3580 3529 dignus
3611 3458 3712 3512 ha-

2116 3554 2298 3619 betur,
2331 3552 2386 3606 in
2437 3567 2548 3622 quo
2574 3551 2669 3622 qui
2703 3549 2968 3605 minimus
2995 3558 3081 3604 est
3113 3559 3388 3604 versatur.
3431 3549 3537 3604 Sed
3581 3563 3708 3605 esse

2117 3643 2223 3699 hoc
2270 3646 2410 3696 inter
2439 3641 2837 3696 absurdissima
2873 3639 3235 3706 censendum,
3289 3657 3415 3695 cum
3456 3640 3703 3705 aliunde,

2119 3745 2280 3790 tutne
2310 3734 2470 3790 dictis
2511 3733 2580 3788 ab
2611 3733 2769 3788 initio
2801 3741 2971 3803 patet.
3011 3731 3112 3787 Ubi
3139 3742 3226 3789 est
3266 3735 3556 3803 propheta,
3613 3732 3708 3802 qui

2116 3843 2220 3884 nec
2270 3843 2392 3896 quae
2431 3839 2559 3881 ante
2621 3825 2786 3896 pedes
2821 3834 3100 3896 ponuntur
3147 3825 3337 3880 videt?
3379 3825 3480 3881 Ubi
3530 3824 3711 3894 major

2116 3919 2421 3990 propln.-tis,
2453 3919 2547 3988 qui
2587 3933 2750 3988 quem
2792 3919 3155 3972 annuntiabat
3197 3917 3533 3987 ignorabat?
3564 3918 3711 3972 Ittlt'l'

2117 4022 2276 4067 natos
2309 4013 2625 4075 mulierum,
2663 4011 2942 4081 quomodo
2973 4021 3093 4066 erat
3124 4011 3324 4081 major,
3375 4011 3474 4082 qui
3535 4025 3709 4080 regno

2115 4105 2374 4174 indignus
2392 4111 2477 4158 est
2501 4103 2524 4156 ?
2556 4101 2675 4156 Non
2699 4111 2784 4158 est
2813 4104 2960 4158 enim
2992 4105 3174 4158 minor
3214 4105 3443 4158 minimo
3469 4105 3521 4157 in
3542 4119 3709 4174 regno

2114 4192 2415 4258 caelorum;
2459 4207 2567 4246 non
2601 4192 2766 4263 igitur
2807 4194 3078 4264 ignoravit
3109 4209 3273 4263 quem
3301 4196 3703 4250 annuntiabat:

2117 4295 2223 4337 non
2258 4289 2316 4334 ut
2379 4281 2495 4350 ipse
2523 4281 2713 4347 sciret,
2756 4285 2854 4337 sed
2891 4293 2950 4338 ut
2973 4284 3226 4354 discipuli
3256 4286 3328 4340 ab
3377 4286 3554 4340 oculis
3587 4303 3704 4341 me-

429 4375 517 4427 ῖνα
542 4375 671 4437 τοὺς
705 4374 954 4446 μαθητὰς
1003 4375 1094 4429 διὰ
1123 4375 1222 4446 τῆς
1249 4375 1516 4447 αὑτοψίας
1571 4378 1862 4451 βελτιώσῃ,
1913 4381 2014 4450 τὴν

2119 4376 2481 4441 liorarentur,
2515 4375 2822 4430 doctrinam
2854 4391 2948 4445 per
2999 4377 3325 4446 qumstionis
3344 4375 3575 4430 formam
3623 4377 3710 4431 in-

422 4467 774 4521 διδασκαλίαν
801 4469 881 4531 εἰς
910 4469 1180 4539 ἐρώτησιν
1211 4469 1572 4542 ἐσχημάτισε.
1645 4472 1788 4525 Ἀλλ’
1848 4474 1880 4544 ὴ
1911 4474 2011 4544 μὲν

2119 4465 2318 4518 stituit.
2356 4465 2534 4532 Atque
2559 4462 2636 4516 ita
2669 4462 2742 4517 sit
2773 4464 2944 4518 totius
2966 4463 3132 4532 hujus
3164 4464 3268 4518 loci
3305 4465 3578 4520 setttentia
3605 4480 3706 4518 ex—

425 4561 555 4632 ὅλης
591 4561 872 4625 ίδιανοίας
915 4561 1214 4629 ἀνάπτυξις
1265 4563 1428 4636 αὕτη.
1486 4565 1546 4620 ’0
1598 4566 1657 4619 δὲ
1686 4568 2016 4632 Δεσποτικὸς

2118 4555 2340 4626 plicata.
2400 4555 2618 4609 Domini
2660 4567 2842 4609 autem
2894 4558 3065 4610 nostri
3097 4555 3348 4611 divinum
3405 4558 3701 4611 oraculum

428 4655 521 4704 καὶ
559 4651 704 4716 θεῖος
750 4651 1020 4724 χρησμὸς,
1075 4653 1262 4725 δριμεῖ
1311 4671 1371 4707 τε
1431 4656 1526 4709 καὶ
1587 4657 2016 4729 συντετμημένῳ

2118 4660 2308 4702 severo
2340 4646 2577 4716 qttodam
2611 4654 2666 4700 ct
2697 4655 2986 4700 contracto
3019 4659 3279 4702 sermone
3321 4646 3566 4701 adhibita
3606 4647 3707 4701 du-

425 4743 592 4814 λόγῳ,
621 4743 712 4798 διὰ
739 4742 834 4797 τοῦ
877 4745 1000 4798 κατ’
1029 4743 1300 4817 ἐρώτησιν
1327 4746 1754 4819 ἀπορηματικοῦ
1811 4749 2011 4816 τύπου,

2118 4737 2401 4794 bitationis
2432 4753 2528 4806 per
2566 4737 2928 4807 quastionem
2963 4737 3136 4791 forma
3172 4737 3479 4808 generalem
3516 4754 3712 4808 sugge-

424 4832 524 4905 τὴν
553 4832 684 4904 ὃλην
716 4833 1068 4906 παρέστησεν
1111 4833 1358 4901 ἔννοιαν,
1389 4835 1584 4904 εἰπὼν,
1626 4853 1646 4889 ι
1693 4835 1752 4890 '0
1811 4835 1870 4888 δὲ
1924 4853 2016 4906 μι-

2118 4831 2187 4886 rit
2221 4829 2668 4902 intelligentiam,
2703 4846 2826 4886 cum
2860 4829 3017 4892 dicit,
3065 4847 3084 4881 ι
3121 4832 3191 4884 At
3217 4831 3311 4900 qui
3344 4831 3607 4886 minimus
3627 4841 3711 4885 est

423 4927 685 5000 κρότερος
713 4928 772 4980 ἐν
799 4928 866 4997 τῇ
899 4924 1147 4997 βασιλεία
1175 4925 1286 4980 τῶν
1318 4925 1586 4998 οὐρανῶν,
1648 4928 1855 4998 μείζων
1907 4929 2008 4981 αὑ-

2118 4924 2169 4979 ἱη
2201 4939 2369 4994 regno
2390 4923 2657 4978 cmlorum
2691 4924 2784 4978 illo
2815 4924 2986 4993 major
3008 4931 3092 4978 est
3121 4922 3144 4975 ?
3168 4940 3186 4972 ι
3214 4921 3338 4977 lianc
3361 4938 3460 4976 vox
3495 4939 3620 4977 cunt
3641 4939 3709 4977 cx

423 5019 518 5074 τοῦ
552 5021 704 5086 ἐστι;
744 5037 764 5072 ι
795 5018 1014 5090 Ταύτης
1039 5019 1148 5090 γάρ
1176 5019 1275 5088 τῆς
1311 5021 1512 5088 φωνῆς,
1548 5019 1607 5086 ἐξ
1641 5020 1812 5091 αὐτῆς
1839 5021 2011 5092 ἀκοῆς

2118 5018 2230 5087 ipso
2247 5017 2436 5071 auditu
2462 5016 2889 5085 intelligebatur,
2920 5025 2974 5071 et
3001 5031 3126 5070 cum
3153 5030 3250 5085 per
3279 5015 3502 5068 nimiam
3519 5015 3713 5069 absur-

425 5109 780 5183 ἀπαντώσης,
809 5111 906 5165 καὶ
933 5113 998 5182 τῇ
1035 5110 1129 5164 τοῦ
1164 5111 1519 5182 ἀτοπήματος
1574 5111 1851 5183 ὑπερϐολῇ
1911 5113 2014 5166 οὑκ

2118 5108 2337 5163 ditatem
2384 5124 2494 5163 non
2527 5111 2770 5179 patiatur
2797 5124 2899 5164 nos
2936 5108 2989 5162 in
3027 5107 3421 5178 cogitationem
3459 5108 3704 5178 aliquam

427 5201 604 5274 ἐώσης
636 5204 716 5266 είς
747 5203 972 5275 ἀπρεπῆ
1002 5221 1126 5258 τινα
1161 5204 1435 5275 ὑπόληψιν
1470 5202 1567 5258 τοῦ
1602 5204 1700 5276 τῆς
1747 5203 2010 5276 ἀληθείας

2118 5200 2447 5257 descendere
2484 5201 2554 5256 de
2584 5202 2816 5258 veritate
2865 5201 3032 5270 hujus
3074 5201 3367 5270 prteconis,
3431 5202 3618 5255 statim
3647 5202 3704 5254 in

427 5296 669 5366 κήρυκος
703 5297 1106 5368 ἀπενεχθῆναι·
1133 5296 1297 5360 εὐθὺς
1331 5297 1432 5368 μὲν
1462 5297 1901 5367 συνελαυνόμεθα
1934 5299 2014 5362 είς

2127 5296 2655 5366 contemplationem
2715 5311 2818 5352 nos
2845 5297 3068 5352 deducit
3102 5296 3394 5368 prudentis
3453 5297 3598 5352 illius
3655 5306 3709 5350 rt

424 5388 488 5441 τὸ
513 5388 746 5441 συνιδεῖν
771 5387 833 5443 τὺ
865 5391 1031 5460 σοφὸν
1060 5390 1158 5444 καὶ
1192 5390 1470 5461 ὠφέλιμον
1491 5389 1594 5461 τῆς
1621 5389 1710 5444 διὰ
1741 5391 1851 5444 τῶν
1911 5409 2016 5460 μα-

2125 5389 2382 5458 perutilis
2418 5390 2738 5459 qumstionis
2762 5389 3185 5459 discipulorum.
3221 5389 3402 5459 Atque
3449 5389 3577 5443 inde
3611 5389 3710 5442 de-

426 5479 606 5550 θητῶν
622 5479 975 5551 ἐρωτήσεως·
993 5483 1206 5535 ἐκεῖθεν
1222 5482 1279 5536 δὲ
1306 5481 1471 5534 πάλιν
1501 5483 1582 5546 είς
1603 5481 1702 5553 τὴν
1717 5481 1828 5534 τῶν
1859 5482 2016 5536 ἐπαίο

2127 5497 2278 5536 mum
2303 5481 2370 5536 ad
2397 5481 2589 5537 laudes
2613 5481 2790 5552 ipsius
2819 5481 3187 5538 admittendas
3224 5480 3562 5536 inducimur.
3598 5478 3710 5534 Nec

424 5589 532 5627 νων
564 5571 834 5644 ἀποδοχὴν
859 5571 940 5628 ἐτι
973 5573 1174 5646 μᾶλλον
1208 5573 1552 5647 ἐφελκόμεθα
1578 5590 1593 5606 ⁸
1631 5575 1725 5630 καὶ
1768 5575 1891 5647 οὐχὶ
1919 5573 2015 5630 τοῦ

2126 5573 2426 5646 Baptistam
2449 5575 2800 5634 decernimus
2813 5573 3081 5632 minorem
3102 5589 3224 5634 esse
3243 5575 3339 5632 illo
3360 5574 3455 5646 qui
3473 5573 3526 5629 in
3546 5589 3714 5645 regno

1708 5773 1947 5833 VAlile
1997 5775 2396 5835 LECTIONES.

535 5878 555 5908 ³
582 5868 845 5948 hunc.
888 5867 958 5925 Μ.
987 5869 1142 5934 ἐκτός
1165 5870 1298 5924 ἐστι.
1383 5870 1396 5908 ⁸
1430 5869 1581 5926 (1.31.
1609 5869 1704 5938 τῆς
1741 5869 1889 5942 ὅλης.
