4136 6440
501 452 640 520 1013

1201 451 1302 512 AD
1353 447 1947 510 AMPHILOCHIUM
1998 444 2348 518 QUIESTIO
2391 446 2723 522 CCXXIII,
2786 449 3086 515 CCXXIV.

3621 455 3761 523 10M

501 568 806 643 μυστηρίου
855 564 1110 637 διαϐολῆς
1139 566 1236 619 καὶ
1291 565 1441 619 ἄκων
1490 563 1716 634 ἐξέστης
1743 577 1759 592 ·
1794 561 2057 616 λανθάνει,

2184 558 2325 613 rium
2362 557 2564 615 invitus
2592 560 2900 630 reliquisti,
2942 572 2998 618 et
3023 564 3140 633 ipse
3164 578 3230 619 ex
3266 564 3491 622 inimico
3536 567 3589 623 in
3626 573 3764 625 ami-

496 665 543 718 δ’
577 663 743 717 αὑτὸν
794 660 915 715 ἀντὶ
967 657 1229 729 πολεμίου
1273 659 1354 720 είς
1404 656 1506 725 τὴν
1556 655 1667 708 τῶν
1700 653 1871 724 φίλων
1923 652 2077 719 τάξιν

502 754 866 828 μεταϐαίνων.
908 753 969 805 '0
1001 750 1108 821 γάρ
1147 749 1309 818 ἀφεὶς
1347 748 1446 818 μὲν
1478 747 1579 818 τὴν
1606 747 1883 816 διαϐολὴν,
1936 747 2073 802 ἀπὸ·

494 851 660 916 δειξιν
688 851 745 904 δὲ
772 847 864 903 τοῦ
893 846 1257 918 προκειμένου
1286 845 1485 916 ζητῶν,
1533 844 1595 897 ού
1626 844 1694 897 δι’
1721 836 1797 897 ὧν
1849 842 1924 914 μὴ
1966 844 2075 897 ἀπ-

496 941 686 1012 αχθείη
723 939 822 1009 τῆς
874 937 1034 1007 δόξης
1058 936 1375 1007 φιλονεικεῖ,
1407 935 1522 988 ἀλλ’
1572 929 1653 998 οἷς
1686 933 1753 988 ἂν
1784 934 1878 988 καὶ
1910 934 2074 998 αὐτὸς

492 1032 699 1101 ταύτην
726 1029 1111 1101 προσδέξηται.
1148 1028 1342 1081 Καίτοι
1383 1025 1461 1097 τῷ
1490 1026 1629 1097 πρὸς
1666 1024 1841 1080 ταῦτα
1896 1042 2077 1096 παρα-

496 1120 907 1191 σκευαζομένῳ,
943 1120 1105 1191 ἢρκει
1138 1119 1378 1173 συνιέναι
1406 1119 1505 1189 τὴν
1554 1117 1811 1188 ἀλήθειαν
1862 1117 2073 1188 καθάρ-

495 1227 608 1265 σιον
640 1212 739 1283 τῆς
771 1211 1031 1282 διαϐολῆς
1066 1211 1163 1266 τοῦ
1199 1210 1610 1282 προϐλήματος.
1636 1210 1715 1264 Δι’
1743 1204 1818 1267 ὧν
1844 1210 1954 1283 γάρ
1985 1226 2075 1275 τις

491 1304 570 1367 ὡς
594 1305 796 1359 ἄτοπον
831 1302 1047 1374 φεύγει,
1082 1305 1132 1358 εί
1155 1303 1314 1358 τοῦτο
1373 1301 1584 1356 κατίδοι
1635 1302 1712 1375 μὴ
1770 1302 1933 1373 μόνον
1966 1317 2075 1374 μη-

490 1396 687 1466 δεμίαν
743 1395 867 1467 ἔχον
922 1396 1155 1450 ἀτοπίαν
1179 1435 1197 1463 ,
1239 1395 1382 1451 ἀλλά
1419 1395 1516 1450 καὶ
1555 1394 1716 1464 λόγου
1775 1394 2073 1466 συμϐαῖνον

490 1488 759 1559 ἀνάγκην,
792 1488 910 1552 πῶς
934 1488 1056 1560 οὐχὶ
1085 1489 1227 1560 μετὰ
1257 1488 1359 1561 τὴν
1383 1486 1659 1555 ἀποϐολὴν
1688 1487 1787 1558 τῆς
1813 1487 2071 1558 διαϐολῆς

488 1580 591 1633 οὐκ
617 1579 821 1651 ὀφείλει
840 1578 1315 1650 περιπτύσσεσθαι
1330 1579 1522 1645 τοῦτο;
1543 1578 1831 1634 Ἀδύνατον
1858 1579 2027 1650 ἀρετή
2050 1594 2066 1645 ;

487 1671 605 1725 ἀλλ’
628 1672 806 1737 ἔδειξα
848 1672 1080 1736 πολλοὺς
1128 1672 1433 1741 μετιόντας.
1473 1670 1688 1725 Οὐκοῦν
1737 1671 1797 1725 τὸ
1844 1671 2069 1727 δυνατὸν

487 1762 817 1835 ἀντεισήχθη
843 1780 859 1796 ·
883 1762 978 1818 καὶ
1008 1763 1101 1816 τὸν
1129 1765 1259 1834 πρὶν
1289 1763 1525 1832 φυγάδα.
1547 1764 1663 1817 νυνὶ
1693 1763 1900 1831 ταύτης
1926 1760 2066 1816 εἶναι

485 1856 568 1910 δεῖ
586 1857 832 1925 πολίτην.
871 1855 1141 1927 Βλαϐερὺν
1172 1858 1208 1927 ἡ
1235 1856 1466 1927 ἀνδρίας
1494 1855 1631 1911 ἀλλά
1657 1855 1969 1910 λυσιτελοῦν
1984 1856 2064 1909 εί-

414 2004 419 2008 ,
485 1963 590 2017 περ
648 1963 700 1999 τι
730 1945 859 1999 ἄλλο
918 1945 1240 2016 παρέστησα
1288 1945 1367 2017 τῷ
1415 1945 1536 2016 βίῳ.
1572 1946 1782 2000 Οὐκοῦν
1836 1946 2064 2014 γέγονεν

484 2036 715 2106 ὲραστὸν
743 2036 843 2105 τὴν
888 2035 1094 2107 βλάϐην
1122 2036 1223 2089 οὐκ
1249 2035 1393 2106 ἕχον,
1433 2036 1461 2088 δ
1490 2036 1721 2106 μισητὸν
1752 2035 1928 2089 ἐδόκει
1972 2034 2063 2087 διὰ

481 2127 582 2199 τὴν
614 2127 836 2198 βλάϐην.
881 2126 1167 2181 Ἀδύνατον
1196 2126 1332 2180 Θεὸν
1370 2126 1569 2197 γαστρὶ
1595 2126 1869 2198 παρθένου
1919 2142 2063 2197 παρ-

481 2223 660 2287 εῖναι;
698 2220 1161 2291 Συνωμολόγησας
1185 2221 1268 2274 ὄτι
1297 2220 1500 2291 μᾶλλον
1527 2219 1792 2275 ἀδύνατον
1820 2221 1895 2292 μὴ
1925 2237 2063 2290 παρ-

479 2315 640 2367 εῖναι.
673 2312 830 2376 Τίνος
863 2312 1048 2365 λοιπὸν
1080 2313 1275 2383 ἐτέρας
1308 2312 1661 2383 κατασκευῆς
1692 2313 1754 2365 τὸ
1812 2313 2060 2384 προϐλη-

482 2404 574 2457 θὲν
604 2404 775 2458 δεῖται
800 2404 991 2469 ;Ἀλλά
1020 2404 1125 2475 χρή
1159 2422 1248 2473 με,
1277 2404 1434 2475 φησὶ,
1468 2405 1661 2475 μαθεῖν
1692 2404 1927 2468 καὶπῶς
1946 2399 2059 2459 οἷόν

477 2495 537 2549 τέ
571 2497 687 2549 ἐστι
718 2495 1088 2565 σαρκωθῆναι,
1124 2496 1327 2565 μᾶλλον
1357 2495 1415 2549 δὲ
1462 2496 1512 2549 εί
1548 2496 1609 2549 τὸ
1638 2499 1896 2567 παρεῖναι
1928 2498 2059 2567 σάρ-

477 2601 647 2648 κωσις
679 2584 814 2638 θεοῦ
872 2585 973 2639 οὐκ
1024 2585 1091 2639 ἂν
1142 2586 1364 2655 φθάνοις
1390 2587 1592 2650 παντὸς
1642 2584 1785 2649 ζὼου
1843 2588 2058 2658 μορφὴν

476 2676 652 2746 τούτῳ
675 2677 1004 2745 περιϐαλών.
1039 2677 1151 2731 Νῦν
1180 2677 1366 2731 οὐκέτι
1407 2678 1517 2731 τῶν
1570 2677 1889 2748 φιλούντων,
1940 2679 2055 2733 ἀλλ’

475 2767 555 2828 εἰς
602 2766 699 2836 τὴν
755 2766 866 2819 τῶν
928 2765 1204 2837 πολεμίων
1253 2766 1416 2820 πάλιν
1463 2766 1664 2837 ἔχθραν
1718 2767 2053 2837 ὲπανῆλθεςο

475 2859 618 2929 πλὴν
639 2854 721 2920 οἷς
747 2860 844 2929 τὴν
872 2852 1042 2930 ἧτταν
1073 2860 1231 2929 ἔσχες
1259 2861 1319 2912 ὲν
1348 2862 1461 2924 τοῖς
1493 2859 1878 2932 προλαϐοῦσιν,
1932 2859 2056 2913 οὐδὲ

474 2949 533 3000 ὲν
562 2948 771 3012 τούτοις
817 2967 901 3002 σοι
931 2949 991 3002 τὸ
1028 2949 1102 3020 μὴ
1147 2954 1335 3003 πεσεῖν
1380 2950 1532 3004 ἔσται
1586 2950 2056 3021 παραταττομένῳ

474 3040 617 3092 κατά
648 3040 747 3107 τῆς
770 3039 1029 3107 ἀληθείας
1060 3057 1075 3071 ’
1109 3041 1202 3094 καί
1245 3059 1309 3109 γε
1340 3042 1477 3111 πρὸς
1510 3042 1602 3095 τὸν
1652 3042 2054 3113 ἀκροϐολισμὸν

473 3129 812 3199 διανάστηθι.
875 3130 1031 3182 Ἔστι
1080 3147 1165 3192 τις
1226 3129 1530 3196 ἀνθρώπων
1572 3131 1802 3200 πρόνοια
1852 3132 2053 3202 μᾶλλον

471 3218 650 3291 Θεῷῆ
697 3219 807 3272 τῶν
848 3219 1120 3288 ἀγελαίων
1170 3220 1359 3285 ξώωνς
1413 3223 1527 3274 Οὐκ
1572 3222 1637 3275 ἂν
1678 3224 1908 3291 φήσειςο
1959 3224 2052 3276 καὶ

469 3310 580 3380 γὰρ
611 3308 704 3360 καὶ
746 3307 954 3363 τούτων
986 3310 1019 3379 ἡ
1057 3309 1389 3381 δημιουργία
1430 3312 1522 3363 καὶ
1578 3313 1611 3379 ἡ
1675 3313 1903 3383 πρόνοια
1963 3312 2052 3367 διὰ

469 3398 567 3468 τὴν
600 3398 709 3451 τῶν
742 3397 1048 3469 ἀνθρώπων
1076 3400 1284 3469 χρείαν.
1321 3400 1532 3454 Οὐκοῦν
1571 3400 1695 3453 οὐδὲ
1742 3401 1946 3471 ὁμοίως
1992 3403 2053 3455 ὲν

467 3488 781 3560 ἀνθρώποις
805 3507 864 3542 τε
882 3490 976 3543 καὶ
1003 3492 1115 3553 τοῖς
1143 3490 1326 3554 ἄλλοις
1362 3490 1522 3555 ζώοις
1556 3493 1589 3563 ἡ
1612 3492 1705 3545 τοῦ
1738 3492 1882 3547 θείου
1908 3510 2054 3565 παρ-

464 3582 645 3636 ούσία.
692 3583 789 3637 Ἓν
820 3582 929 3653 γὰρ
961 3582 1019 3636 ὃν
1052 3583 1145 3637 καὶ
1170 3582 1531 3654 ἁπληθύντως
1558 3584 1928 3656 πληθύνεσθαι
1963 3585 2051 3640 λέο

465 3689 659 3742 γεται⁶
689 3675 831 3730 ὥστε
864 3693 946 3729 σοι
980 3678 1037 3730 αί
1078 3676 1273 3730 πολλαὶ
1307 3677 1514 3749 μορφαὶ
1564 3679 1645 3741 είς
1703 3679 1831 3749 μίαν
1881 3677 2051 3749 μόνην

464 3773 567 3841 τὴν
612 3772 914 3843 ἀνθρώπων
960 3773 1355 3846 διηλάσθησαν.
1416 3775 1580 3847 Ὁρᾷς
1621 3776 1769 3839 ὅπως
1810 3774 2051 3847 εὐχερῶς

462 3866 493 3919 ὁ
522 3868 621 3935 τῆς
647 3866 905 3930 ἀπιστίας
938 3867 1273 3921 καταπίπτει
1310 3868 1619 3939 πρόμαχος.
1650 3869 1761 3921 Καὶ
1779 3868 1831 3921 τί
1866 3867 2045 3933 τοῦτο;

463 3958 665 4030 φησίν·
696 3959 759 4013 Ei
789 3960 897 4030 γὰρ
931 3959 1159 4012 καὶτῶν
1187 3960 1362 4015 ἄλλων
1405 3960 1561 4025 ζώων
1608 3961 1709 4025 τὰς
1750 3960 1966 4032 μορφὰς
2019 3962 2049 4014 ὁ

462 4050 638 4118 Λόγος
665 4048 1026 4118 ὑπεξέφυγεν,
1066 4048 1182 4103 ἀλλ’
1213 4049 1306 4104 οῦν
1334 4050 1396 4104 τὸ
1425 4051 1500 4122 μὴ
1531 4051 1639 4104 ἀπὸ
1678 4054 1808 4121 μιᾶς
1847 4052 2048 4123 παρθέ-

462 4159 580 4206 νου,
623 4140 739 4194 ἀλλ’
766 4142 831 4194 ὲκ
864 4141 1055 4195 πασῶν
1081 4141 1358 4210 γυναικῶν
1397 4144 1492 4196 καὶ
1517 4143 1805 4213 παρθένων
1834 4145 2047 4216 σάρκωο

462 4251 550 4288 σιν
573 4233 754 4302 λέγειν
796 4232 1167 4289 ὑπολείπεται.
1210 4234 1375 4300 Ἀλλ’,
1411 4229 1457 4287 ὧ
1482 4235 1674 4304 ἀγαθὲ,
1701 4236 1911 4305 φανερά
1942 4236 2045 4305 μὲν

462 4326 742 4381 κάνταῦθα
778 4327 812 4394 ἡ
844 4326 954 4380 τῶν
982 4328 1359 4397 ἀναισχύντων
1392 4330 1448 4382 ἐν
1475 4325 1555 4392 οἷς
1610 4328 1854 4398 ἔφθασαν
1886 4331 2044 4383 ἀναι-

464 4419 888 4489 σχυντήσαντες,
920 4417 1125 4481 πτῶσις
1146 4435 1160 4449 ο
1184 4420 1333 4488 ὅμως
1349 4418 1441 4472 οὖν
1470 4418 1547 4482 ὡς
1572 4420 1718 4473 δοκεί
1734 4420 2043 4474 ἀναστάντα

515 4546 531 4562 .
569 4548 585 4562 .
622 4510 928 4579 ἀποχρήσει
957 4527 1047 4578 μοι
1073 4509 1235 4564 πάλιν
1261 4526 1320 4562 σε
1356 4513 1470 4575 τοῖς
1515 4515 1700 4581 σοφοῖς
1758 4511 2041 4565 καταϐάλ-

458 4599 575 4653 λειν
603 4601 804 4669 λόγοις.
848 4602 1139 4655 ’Δδύνατον
1166 4602 1275 4672 γὰρ
1302 4602 1469 4674 φαίην
1501 4603 1568 4657 ἂν
1600 4603 1776 4673 ἔγωγε
1836 4604 2040 4675 μᾶλλον

456 4695 551 4747 τὸν
580 4695 725 4761 ἅπαξ
759 4694 1112 4766 σαρκωθέντα
1139 4694 1401 4764 δευτέρας
1432 4695 1763 4768 σαρκώσεως
1802 4695 2035 4750 δεῖσθαι.

457 4787 671 4841 Οὐκοῦν
703 4789 825 4841 οὐδὲ
860 4790 893 4857 ή
919 4788 1007 4869 δια
1036 4787 1219 4841 ποσῶν
1259 4786 1367 4841 τῶν
1415 4787 1702 4860 παρθένων
1758 4788 2038 4858 σάρκωσις

455 4876 640 4949 χώραν
666 4878 801 4949 ἔχει,
839 4879 974 4950 μόνη
1006 4878 1062 4932 δὲ
1092 4881 1125 4949 ἠ
1156 4880 1244 4933 διὰ
1278 4881 1429 4951 μιᾶς.

967 5142 1300 5197 Ερατιιειε
1349 5143 1515 5198 xxx.
1620 5130 1627 5136 ’

453 5233 716 5306 Πόζερον
750 5236 804 5288 ol
829 5233 1112 5306 δαίμονες
1142 5234 1356 5287 ἴσασιν
1377 5234 1458 5306 ᾠς
1477 5237 1921 5303 μετανοοῦντες
1941 5238 2035 5306 ἐφ’

521 5298 616 5376 οἷς(
632 5298 983 5376 έτόλμησὰνῇ
1004 5298 1280 5376 ἀφίενται
1310 5304 1417 5359 τοῦ
1438 5298 1870 5375 τολμήματος,
1900 5298 2036 5376 ἦτοι

516 5372 681 5444 ἅπαξ
734 5372 1057 5442 θεοσοφὶαςέ
1114 5375 1407 5440 πεσόντες
1482 5372 1583 5429 καί
1656 5372 1772 5444 τὴν
1818 5372 2035 5432 τούτου

517 5442 748 5512 γνῶσιν
779 5445 1319 5513 συναφῃρέθησαν;

2181 666 2371 706 eorum
2418 662 2601 707 castra
2654 652 2861 709 inscius
2934 658 3221 714 transiisti.
3298 659 3401 725 Qui
3448 662 3595 716 enim
3665 680 3762 717 ne-

2180 744 2352 810 glecta
2376 746 2729 801 accusatione
2755 750 3020 817 propositi
3048 750 3578 810 demonstrationem
3604 774 3757 827 qnze-

2178 838 2271 902 rit,
2294 852 2404 891 non
2436 837 2505 893 de
2533 838 2617 893 his
2653 854 2776 909 qua:
2802 840 2955 895 illum
2977 857 3008 897 a
3032 844 3306 900 credendo
3336 863 3446 902 non
3476 860 3760 904 removent

2178 927 2463 999 disputat,
2504 930 2599 985 sed
2637 932 2702 984 de
2752 932 2837 986 his
2888 944 3109 1004 propter
3159 953 3281 1007 quas
3324 938 3455 993 illud
3509 942 3758 1012 accipere

2177 1021 2375 1092 possit.
2403 1020 2575 1076 Porro
2603 1022 2677 1075 illi
2713 1024 2807 1092 qui
2841 1024 2945 1078 isto
2991 1025 3156 1080 modo
3203 1042 3325 1084 sese
3373 1029 3573 1095 habet,
3613 1032 3750 1086 satis

2175 1118 2260 1164 est
2292 1117 2353 1163 ut
2392 1111 2660 1181 propositi
2703 1110 2992 1165 veritatem
3040 1113 3111 1166 ab
3149 1117 3497 1171 accusatione
3525 1118 3753 1171 liberam

2175 1200 2479 1270 intelligat;
2507 1201 2601 1271 qui
2637 1202 2783 1256 enim
2810 1202 3015 1273 aliquid
3047 1202 3224 1272 reiicit
3257 1215 3316 1259 ut
3347 1207 3671 1273 absurdum,
3704 1212 3750 1265 si

2175 1290 2309 1345 illud
2334 1290 2537 1345 viderit
2570 1305 2679 1345 non
2713 1291 2893 1346 solum
2920 1291 3127 1345 nullam
3159 1292 3552 1348 absurditatem
3579 1295 3753 1349 invol~

2173 1397 2340 1448 veos,
2375 1382 2473 1438 sed
2499 1393 2556 1437 et
2583 1382 2812 1438 rationis
2841 1380 3133 1437 fundatum
3180 1383 3464 1454 principiis
3484 1425 3500 1449 ,
3547 1401 3751 1449 nonne,

2172 1473 2419 1544 depoSita
2460 1474 2834 1541 accusatione,
2869 1474 3001 1530 illud
3033 1475 3287 1545 amplecti
3324 1476 3510 1531 debet.
3540 1474 3749 1545 impos-

2172 1564 2351 1621 sibilis
2386 1573 2473 1620 est
2500 1564 2729 1621 virtus?
2772 1564 2869 1620 sed
2910 1564 3114 1619 multos
3159 1564 3305 1618 illam
3338 1574 3629 1633 sequentes
3658 1582 3756 1620 εει-η

2172 1656 2348 1720 hihui,
2382 1670 2516 1725 ergo
2556 1656 2635 1711 illi
2681 1656 3017 1723 possibilitas
3051 1655 3346 1711 substituta
3396 1656 3535 1722 fuit;
3574 1666 3628 1712 et
3655 1657 3749 1725 qui

2168 1746 2406 1816 primum
2434 1746 2581 1801 illam
2614 1746 2916 1816 rejiciebat,
2942 1763 3090 1802 nunc
3117 1748 3293 1816 ipsum
3324 1748 3469 1802 illius
3496 1763 3617 1803 esse
3640 1764 3752 1804 ser-

2173 1852 2301 1891 vum
2336 1846 2568 1906 oportet.
2602 1836 2841 1892 FuneSIa
2872 1848 2957 1893 est
2988 1837 3297 1892 fortitudo?
3326 1839 3419 1892 sed
3449 1839 3593 1894 illam
3626 1841 3750 1895 vitae

2090 1899 2138 1958 Β
2173 1899 2389 1994 utilem,
2419 1928 2464 1984 si
2495 1928 2623 1999 quid
2653 1938 2739 1984 est
2771 1929 2938 1995 aliud,
2968 1930 3211 1985 exhibui.
3247 1928 3389 1998 Ergo
3422 1930 3618 1983 factum
3665 1940 3749 1986 cst

2170 2021 2405 2076 amabile
2428 2062 2443 2087 ,
2496 2036 2562 2076 ex
2608 2036 2674 2077 eo
2708 2021 2855 2091 quod
2891 2022 3281 2077 detrimentum
3312 2038 3423 2076 non
3458 2025 3745 2092 producat,

2168 2112 2313 2182 quod
2352 2122 2412 2167 ut
2444 2113 2649 2168 0dibile
2673 2114 2907 2168 dabatur
2944 2125 3166 2184 propter
3191 2117 3604 2171 detrimentum.
3637 2114 3747 2169 lm-

2169 2205 2431 2275 possibile
2467 2214 2553 2260 est
2584 2204 2751 2260 Deum
2780 2205 2835 2259 in
2870 2206 3095 2277 virginis
3128 2217 3285 2263 utero
3315 2208 3550 2263 adesse?
3578 2206 3746 2277 Magis

2168 2312 2291 2351 esse
2320 2296 2661 2367 impossibile
2688 2297 2839 2352 illum
2871 2314 2976 2353 non
3012 2300 3203 2355 adesse
3231 2299 3525 2354 confessus
3554 2299 3707 2354 fuisti
3726 2286 3757 2363 ς’

2168 2391 2314 2459 quali
2356 2393 2585 2462 posthac
2612 2393 2722 2447 alio
2750 2403 3075 2463 argumento
3096 2394 3339 2466 indigeat
3361 2395 3700 2465 propositum
3721 2396 3746 2448 ?

2170 2484 2276 2539 Sed
2313 2493 2530 2555 oportet
2559 2501 2646 2539 me
2670 2527 2684 2550 ,
2736 2486 2911 2555 inquit
2936 2525 2951 2550 ,
3005 2487 3219 2541 discere
3251 2487 3384 2557 quid
3408 2498 3461 2541 et
3486 2488 3647 2556 qnale
3673 2480 3753 2542 sit

2166 2577 2441 2633 incarnari
2471 2619 2487 2643 ,
2520 2579 2605 2632 vel
2635 2578 2817 2649 potius
2860 2588 3042 2633 ntrum
3072 2578 3208 2633 illud
3250 2580 3392 2649 quod
3428 2579 3630 2634 dicitur
3656 2579 3743 2632 in-

2166 2671 2413 2725 carnatio
2468 2669 2564 2723 Dei
2621 2686 2730 2724 non
2765 2671 3039 2725 inveneris
3081 2671 3262 2726 omnis
3290 2671 3519 2726 viventis
3566 2670 3741 2725 forma

2166 2761 2420 2817 induens.
2503 2761 2662 2817 Nunc
2726 2778 2835 2817 non
2912 2763 3025 2831 jam
3099 2763 3400 2817 amicorum
3459 2778 3556 2828 es,
3647 2762 3741 2829 sed

2167 2855 2391 2910 hostiles
2430 2855 2821 2911 insectationes
2862 2856 3057 2911 iterum
3096 2855 3381 2926 repetiisti.
3414 2854 3533 2910 Non
3563 2856 3740 2910 solum

2165 2946 2219 2999 in
2255 2947 2420 3001 rebus
2453 2962 2620 3017 supra
2651 2949 2916 3018 expositis
2953 2947 3177 3003 inferior
3217 2947 3406 3015 fuisti,
3457 2947 3551 3003 sed
3599 2956 3652 3002 et
3686 2948 3739 3001 in

2164 3037 2287 3093 istis
2331 3055 2437 3093 non
2489 3040 2738 3109 superari
2788 3055 2897 3095 non
2949 3042 3153 3110 poteris
3205 3046 3399 3094 contra
3455 3038 3739 3093 veritatem

2162 3142 2522 3198 praeparatus.
2555 3128 2713 3186 Nune
2756 3146 2887 3199 ergo
2927 3131 2995 3185 ad
3038 3145 3279 3200 pugnam
3322 3143 3536 3199 surge.-
3571 3126 3740 3182 Estne

2162 3220 2344 3290 aliqua
2378 3221 2468 3275 Dei
2500 3237 2630 3292 erga
2666 3222 2917 3276 homines
2958 3220 3302 3291 providentia
3348 3220 3530 3289 potius
3571 3234 3736 3288 quam

2157 3328 2285 3383 erga
2313 3313 2675 3367 animantium
2710 3314 3003 3368 armenta?
3034 3312 3269 3381 Negabis
3298 3310 3473 3379 forte;
3500 3321 3739 3367 attamen

2157 3403 2388 3459 istorum
2429 3406 2636 3459 creatio
2669 3414 2723 3460 et
2762 3406 3103 3475 providentia
3134 3420 3244 3458 non
3276 3413 3362 3460 est
3392 3403 3497 3459 nisi
3532 3404 3598 3458 ad
3644 3405 3741 3459 ho-

2156 3497 2364 3550 minum
2400 3497 2686 3552 utilitatem
2717 3515 2730 3552 :
2760 3514 2867 3553 non
2909 3514 3042 3569 ergo
3071 3498 3263 3553 eadem
3293 3505 3377 3553 est
3403 3496 3457 3551 in
3491 3496 3739 3552 homini-

2156 3587 2259 3643 bus
2295 3597 2350 3643 et
2400 3588 2453 3642 in
2509 3589 2634 3644 aliis
2686 3590 2956 3644 creaturis
2998 3589 3093 3645 Dei
3132 3588 3502 3660 providentia.
3552 3588 3737 3647 Unum

2154 3681 2299 3734 enim
2330 3697 2452 3735 cum
2495 3681 2587 3747 sit,
2628 3689 2682 3735 et
2715 3683 2767 3736 in
2801 3681 3119 3736 diversitate
3149 3697 3261 3736 non
3301 3680 3600 3750 multiples,
3637 3680 3738 3735 im-

2152 3773 2592 3829 mensnsdicitur
2623 3774 2741 3829 sine
2770 3773 3188 3843 mnltiplicitate,
3235 3772 3305 3827 ita
3339 3780 3398 3826 ut
3419 3770 3604 3826 multa:
3625 3769 3739 3827 for-

2152 3884 2256 3923 mm
2300 3868 2368 3923 ad
2422 3884 2586 3923 unam
2634 3868 2981 3923 solummodo
3034 3868 3333 3922 humanam
3377 3865 3735 3921 reducantur.

2151 3958 2318 4016 Vides
2354 3972 2560 4031 quanta
2600 3960 2866 4016 facilitate
2898 3960 3009 4015 ruit
3045 3959 3287 4029 primum
3330 3956 3735 4014 incredulitatis

2150 4051 2452 4107 munimen.
2491 4052 2597 4107 Sed
2630 4052 2695 4106 ad
2724 4052 2856 4122 quid
2896 4051 3069 4106 illud?
3108 4051 3307 4120 inquit,
3342 4049 3389 4105 si
3417 4049 3564 4104 enim
3596 4048 3736 4104 alio-

2148 4157 2269 4195 rum
2316 4141 2680 4196 animantium
2725 4141 2928 4196 formas
2959 4140 3204 4195 Verbum
3238 4154 3349 4194 non
3377 4138 3576 4203 induit,
3604 4139 3749 4211 reli-q

2146 4250 2316 4305 quum
2364 4243 2449 4289 est
2487 4244 2547 4288 ut
2580 4249 2687 4288 non
2730 4234 2799 4288 ab
2826 4249 2935 4288 una
2963 4234 3204 4303 virgine,
3240 4231 3336 4288 sed
3376 4245 3443 4286 ex
3473 4233 3734 4289 omnibus

2146 4324 2471 4379 mulieribus
2517 4334 2573 4379 et
2620 4324 2929 4393 virginibus
2968 4324 3106 4381 illud
3160 4325 3512 4382 incarnatum
3559 4328 3733 4385 fuisse

2144 4416 2377 4473 dicatur.
2407 4416 2536 4483 Sed,
2569 4432 2600 4472 0
2626 4417 2823 4482 amice,
2859 4417 3090 4473 visibilis
3118 4427 3203 4474 est
3232 4428 3288 4473 et
3318 4419 3409 4475 hic
3437 4421 3732 4491 impuden-

2146 4509 2277 4563 tium
2305 4508 2464 4579 culpa
2492 4548 2506 4571 ,
2541 4509 2595 4564 in
2638 4509 2841 4579 quibus
2872 4525 2980 4565 non
3028 4511 3335 4568 timuerunt
3374 4528 3497 4569 sese
3527 4513 3733 4569 irreve-

2074 4593 2115 4648 υ
2145 4611 2329 4657 renter
2374 4601 2595 4655 habere.
2641 4601 2815 4655 Simul
2864 4618 3023 4672 ergo,
3073 4613 3131 4659 ut
3161 4604 3409 4671 videtur,
3472 4622 3727 4661 resurre-

2145 4702 2291 4747 ctmn
2325 4732 2339 4746 .
2378 4732 2394 4746 .
2427 4733 2441 4747 .
2479 4692 2614 4749 satis
2630 4704 2746 4747 erat
2772 4695 2905 4749 mihi
2940 4705 2992 4750 te
3017 4697 3212 4752 iterum
3244 4700 3583 4769 sapientibus
3610 4714 3730 4753 ver-

2145 4783 2231 4839 bis
2284 4782 2547 4839 refutare.
2598 4783 2769 4855 Magis
2804 4786 2950 4840 enim
3009 4788 3353 4857 impossibile
3400 4790 3581 4844 dicam
3627 4804 3727 4858 ego

2146 4873 2299 4928 illum
2323 4875 2413 4944 qui
2437 4876 2604 4930 semel
2637 4876 2953 4932 incarnatus
2973 4889 3059 4933 est
3084 4880 3324 4935 secunda
3350 4880 3729 4937 incarnatione

2146 4966 2411 5038 indigere.
2460 4966 2571 5023 Nec
2619 4984 2748 5039 ergo
2794 4984 2857 5024 ex
2906 4971 3164 5027 omnibus
3205 4973 3513 5042 virginibus
3544 4974 3727 5028 incar-

2144 5058 2292 5113 natio
2322 5058 2501 5114 locum
2532 5060 2693 5114 habet
2719 5060 3062 5115 solummodo
3092 5072 3273 5117 antem
3310 5079 3375 5119 ex
3418 5081 3549 5120 una.

2554 5150 2885 5217 quasue
2912 5153 3169 5208 ccxxnv
3202 5157 3304 5226 (ι).

2145 5238 2335 5321 Utrum
2368 5242 2570 5297 diaboli
2600 5246 2771 5321 sciant
2814 5246 2954 5314 quod
2998 5248 3360 5321 pit-nitentior»
3419 5252 3618 5321 agendo
3660 5254 3725 5305 de

2210 5313 2289 5364 his
2315 5329 2433 5382 qua:
2459 5313 2854 5385 commiserunt,
2903 5333 2934 5369 α
2988 5320 3216 5384 peccatis
3239 5313 3612 5385 liberarc'nmr,
3650 5324 3725 5375 rei

2210 5384 2628 5463 utruntsentefa
2657 5386 2920 5454 sapiemia
2952 5388 3131 5442 divina
3176 5390 3349 5459 lapsi,
3391 5391 3551 5462 hujus
3586 5396 3725 5446 nuti-

2213 5454 2289 5505 tia
2316 5454 2511 5522 privati
2538 5456 2667 5507 sint.

820 5533 961 5584 Edita
985 5549 1012 5583 a
1036 5534 1158 5583 Maio
1195 5535 1251 5597 (ι.
1289 5549 1334 5584 e.
1360 5550 1407 5598 p.
1436 5535 1561 5599 lli).
1586 5563 1647 5574 —
1666 5538 1742 5589 De
1769 5541 2013 5604 lapsorum
2034 5544 2327 5605 angelorum
2362 5558 2451 5594 seu
2482 5547 2759 5595 dieroonum
2792 5548 3078 5612 cognitione
3110 5557 3164 5602 et
3194 5558 3346 5604 statu.

533 5614 674 5669 Ἀλλ’
709 5617 757 5669 εἰ
788 5615 889 5687 μὲν
921 5616 981 5670 τὸ
1008 5617 1295 5688 πρότερον,
1346 5616 1461 5683 πῶς
1500 5618 1790 5691 ἀσώματος
1856 5622 2017 5692 φύσις

2201 5622 2359 5691 Quod
2399 5628 2443 5682 si
2488 5629 2723 5699 primum
2773 5633 3021 5700 dicatur,
3064 5637 3344 5706 quomodo
3396 5637 3722 5711 incorporea

1991 5759 2203 5817 NOT/E

486 5869 566 5944 (1)
608 5867 721 5929 liae
746 5872 1049 5945 quzestione
1075 5884 1265 5929 carent
1300 5885 1411 5930 tum
1439 5875 1811 5933 Coisiinianus
1847 5884 1960 5933 tum
1987 5876 2349 5937 Taurincnsis
2374 5881 2564 5937 codex.
