2068 3224
198 220 271 254 1015

772 223 905 253 ΡΗΟΤΙΙ
923 223 1178 254 PATRIARCII/E
1198 223 1253 254 ΟΡ.

1764 223 1835 257 1016

196 280 305 309 natura,
321 283 371 304 nec
387 280 463 305 tanto
475 277 569 304 carnis
581 284 664 306 onere
674 283 787 312 gravato
804 278 850 306 illa
864 287 925 314 qua:
936 280 988 307 sibi

1047 280 1090 306 καὶ
1103 279 1173 315 μηδὲ
1187 280 1335 310 τοσαύταις
1353 278 1487 315 βαρύτησι
1517 278 1620 314 σαρκὸς
1646 278 1837 315 καθελκομένη

195 322 319 356 subjecta
339 326 382 349 est
405 322 526 350 deterior
551 323 652 350 fieret?
671 322 749 350 Multi
769 324 843 351 enim
866 324 991 351 homines

194 369 229 395 ad
246 368 413 403 profundum
426 368 489 396 mali
502 370 638 404 perventi,
652 377 701 404 per
709 370 898 404 pmnitentiani
911 378 990 397 suam

195 415 313 449 primam
336 415 443 442 vi\endi
474 415 609 442 rationem
639 421 816 450 superarunt.
848 416 876 443 Si
898 421 990 443 autem

196 466 258 496 post
278 462 387 489 illorum
412 462 519 496 lapsum
546 462 660 489 omnino
682 462 806 489 audacia:
829 467 856 489 et
874 470 991 490 conver-

197 507 286 535 sionis
303 508 381 535 inscii
397 507 463 535 facti
478 513 553 540 sunt,
575 512 601 535 et
618 509 659 535 sic
672 508 698 535 iu
709 508 856 542 profundis
873 508 991 536 tenebris

197 553 337 587 rugientes
352 553 523 588 sepeliuntur
534 574 542 587 ,
563 554 702 589 quomodo
724 554 758 582 ad
779 555 914 582 malitiam
928 562 991 582 om-

198 606 262 625 nem
287 607 398 626 sensum
421 604 598 634 superantem
619 608 673 627 non
697 600 839 635 impellant
854 601 990 635 homines,

197 645 226 672 in
242 645 343 679 quibus
360 653 448 680 neque
472 653 538 672 cura
552 654 624 681 saepe
645 646 759 673 deduxit
785 646 818 674 ad
841 654 896 673 non
916 646 991 674 dete-

194 692 282 728 genda
310 698 421 727 peccata
451 693 530 720 simul
552 694 673 720 excitauit
694 696 722 720 et.
746 693 910 720 attrahunt?
932 692 990 720 Tua

194 746 272 775 ergo,
289 745 318 766 ut
342 744 408 774 puto
420 760 427 773 ,
446 740 469 767 si
488 740 579 775 plures
595 748 738 767 sermones
755 740 782 766 in
799 748 885 767 unum
901 740 990 775 magis

194 786 421 813 coadunarentur
434 807 441 818 ,
468 787 530 813 talis
553 791 627 813 esset
651 787 804 821 propositio
820 795 826 813 :
842 787 935 822 lapsus
949 791 992 814 est

193 832 322 860 diabolus
338 839 346 858 :
367 832 506 867 quomodo
523 833 716 867 pmnitentiam
732 832 817 867 agat?
834 832 881 860 sed
902 832 992 860 obcm-

193 883 274 907 catus
285 883 346 906 est:
363 879 435 905 unde
448 878 498 905 ista
517 878 688 905 obcmratio?
710 878 768 913 ipse
783 878 855 905 enim
872 878 991 905 aliorum

193 925 390 954 obcaecationis
411 932 496 952 causa
518 929 570 952 est.
587 923 732 958 Quomodo
747 932 814 960 ergo
833 924 990 952 obc:ecatus

1042 326 1090 360 τῆς
1114 325 1167 352 ὑπὸ
1195 325 1292 352 τούτου
1321 324 1506 359 συνεχομένης
1533 323 1635 359 χείρων
1665 324 1837 359 γεγένηταις

1042 371 1140 397 Πολλοὶ
1155 370 1208 407 γὰρ
1226 369 1379 405 ἀνθρώπων
1395 370 1434 401 είς
1451 369 1566 405 ἔσχατον
1581 369 1730 401 ἐλάσαντες
1751 370 1838 397 κακοῦ

1042 416 1087 443 διὰ
1101 416 1247 451 μετανοίας
1263 416 1311 442 καὶ
1324 416 1374 451 τῆς
1389 415 1528 451 προτέρας
1542 415 1634 446 αὐτοῖς
1647 415 1762 450 ἐνούσης
1788 423 1838 441 πο-

1042 462 1145 494 λιτείας
1161 462 1368 498 ὐπερῄρθησαν.
1384 462 1414 488 Εἰ
1429 462 1458 489 δὲ
1473 462 1542 497 μετὰ
1554 463 1604 497 τὴν
1620 461 1725 488 πτῶσιν
1749 461 1838 488 διόλου

1042 508 1156 540 τούτους
1173 509 1220 534 καὶ
1236 508 1287 543 τῆς
1301 508 1404 544 τόλμης
1419 509 1467 535 καὶ
1483 508 1532 543 τῆς
1548 509 1762 543 ἐπαναστροφῆς
1776 508 1839 535 ἐλα-

1044 554 1090 580 ϐεν
1105 554 1212 588 ἄγνοια,
1229 554 1277 580 καὶ
1291 554 1364 581 οὕτω
1388 554 1467 589 βαθεῖ
1485 554 1574 589 σκότῳ
1601 555 1756 590 μεμυκότες
1773 555 1840 581 καθ-

1043 600 1161 635 εύδουσι,
1190 601 1250 632 πῶς
1263 602 1304 631 εἰς
1318 601 1490 636 κακουργίαν
1498 602 1590 628 πᾶσαν
1605 601 1731 628 ἐπίνοιαν
1748 601 1836 636 ὑπερ-

1043 646 1196 674 ϐάλλουσαν
1216 648 1267 673 οὐκ
1284 648 1377 674 ἀνιᾶσι
1394 647 1460 679 τοὺς
1476 647 1638 683 ἀνθρώπους
1652 646 1696 681 ἐφ’
1710 644 1751 679 οἷς
1778 647 1840 674 οὐδὲ

1045 693 1190 728 μελέτησις
1202 693 1334 725 πολλάκις
1349 694 1528 729 προηγήσατο
1540 695 1580 726 εἰς
1592 694 1765 729 ἀπορρήτους
1777 693 1840 720 τόλ-

1044 747 1099 773 μας
1115 739 1173 774 ἆμα
1189 739 1344 774 ὲρεθίιζουσί
1368 748 1397 766 τε
1408 740 1456 766 καί
1471 739 1691 774 συγκαοέλκουσι
1705 748 1713 773 ;
1731 739 1767 766 Τὸ
1790 739 1840 774 μὲν

1044 786 1101 818 σὺν,
1113 786 1151 817 ὡς
1167 785 1301 821 ἡγοῦμαι⁷
1317 786 1344 812 εῐ
1352 794 1395 817 τις
1406 786 1470 817 τοὺς
1481 786 1595 817 πολλοὺς
1605 785 1840 821 συνοπτικάπερον

1043 831 1116 858 εῐποι
1132 831 1239 865 λόγους,
1258 827 1385 858 τοσοῦτον
1400 831 1434 858 ἂν
1449 832 1493 866 εἴη
1509 831 1671 868 πρόϐλημα’
1681 831 1795 857 ἔπταισε
1810 830 1841 858 τὸ

1043 877 1183 912 δαιμόνιον
1197 886 1204 893 ·
1221 877 1248 904 τί
1267 879 1413 912 μετα-νοεῖς
1446 878 1519 904 Ἀλλ’
1546 877 1684 914 ἐπωρώθη
1697 885 1703 891 ·
1722 877 1805 904 πόθεν
1822 878 1840 912 ἡ

1045 922 1193 958 πώρωσιςς
1213 923 1284 950 Αὐτὸ
1303 924 1359 959 γὰρ
1373 924 1428 950 τῶν
1446 924 1533 950 ἄλλων
1553 923 1629 950 αιτιοι
1657 923 1815 958 πωρώσεως
1831 931 1837 936 ·

196 973 253 1001 sit?
269 972 316 1000 sed
341 980 391 1000 nec
417 973 572 1000 obeaecatos
599 972 691 999 facere
717 976 746 999 et
771 972 988 999 obcmcalionent

1047 968 1113 995 ἀλλὰ
1128 969 1298 1005 πεπώρωται
1313 977 1320 984 ·
1339 970 1398 1002 πῶς
1411 970 1462 996 οὐκ
1482 970 1619 1005 ἐπωρώθη
1634 979 1642 1002 ;
1680 969 1748 995 ¹Αλλ’
1777 968 1841 996 οὔτε

194 1026 297 1052 augere
314 1023 415 1053 potest.
439 1018 584 1051 Quomodo
599 1024 691 1045 autem
708 1019 751 1045 ille
776 1020 824 1053 qui
840 1018 867 1045 in
889 1019 992 1045 bonum

194 1064 311 1091 omnino
327 1064 463 1091 formatus
485 1070 547 1097 est,
574 1064 607 1091 ad
627 1064 693 1090 illud
718 1064 794 1091 nullo
811 1065 904 1096 modo,
931 1072 993 1091 sese

197 1111 319 1141 inclinet.
334 1111 368 1138 ad
390 1111 464 1145 quod
480 1116 571 1137 autem
588 1119 643 1137 non
666 1111 788 1138 directus
806 1116 858 1143 est,
877 1111 904 1137 in
925 1110 992 1137 illud

195 1165 227 1185 se
242 1157 408 1192 immergat?
431 1157 539 1192 etquid
561 1157 632 1184 forte
659 1158 711 1183 hoc
737 1161 812 1184 esset
838 1157 912 1192 quod
938 1165 992 1184 non

194 1203 307 1239 dignata
326 1204 462 1231 diabolica
480 1208 562 1238 gente
582 1203 643 1230 illos
657 1204 801 1237 suscepit?

407 1261 571 1295 QUxESTlO
593 1260 710 1288 ccxxv
728 1261 778 1296 (1).

197 1308 319 1337 Hominis
349 1308 516 1336 ethnicurum
546 1309 661 1342 partium
690 1308 805 1334 studiosi
835 1315 895 1333 cum
916 1307 995 1335 Chri-

231 1345 320 1371 stiano
336 1345 471 1379 dialogus,
488 1352 534 1371 seu
554 1344 643 1378 capita
657 1343 779 1378 qua'dam
796 1344 891 1378 quibus
908 1343 995 1370 Truti-

233 1385 275 1407 tas
291 1386 431 1407 asserxtur.

1043 1015 1267 1050 πεπωρωμὲνους
1287 1016 1375 1042 ποιεῖν
1397 1016 1444 1042 καὶ
1474 1015 1601 1049 αὐξάνειν
1632 1015 1682 1050 τὴν
1697 1015 1838 1050 πώρωσιν.

1042 1061 1107 1093 Πῶς
1126 1062 1149 1088 δ’
1163 1062 1209 1089 ἐπ’
1226 1062 1323 1097 ἁγαθῷ
1348 1063 1469 1089 πλασθὲν
1490 1063 1559 1094 ὅλως
1586 1063 1698 1089 νένευκε
1718 1062 1768 1097 μὲν
1794 1062 1841 1088 οὐ·

1045 1107 1152 1141 δαμῶς,
1172 1108 1241 1143 πρὸς
1261 1108 1275 1134 ὃ
1291 1108 1320 1135 δὲ
1388 1108 1515 1144 προῆχθη
1545 1108 1584 1139 ὡς
1609 1108 1698 1134 ἐκεῖνο
1715 1108 1840 1134 καταπέ-

1043 1162 1156 1186 manus;
1172 1154 1219 1180 καὶ
1236 1154 1262 1180 τι
1277 1154 1310 1181 ἂν
1329 1155 1418 1181 ἐκεῖνο
1441 1155 1495 1189 εἴη,
1520 1154 1534 1180 ὃ
1561 1154 1600 1189 μὴ
1616 1153 1768 1187 τραπέντος
1794 1152 1843 1179 τοῦ

1041 1198 1182 1234 δαιμονίου
1197 1199 1282 1233 φύλου
1297 1199 1408 1232 τούτους
1421 1200 1589 1231 ὑπεδέξατο;

1304 1258 1473 1283 ΕΡΩἸῊΣΙΣ
1491 1256 1577 1283 ΣΚΗ.

1051 1301 1101 1335 Ὠς
1120 1302 1154 1329 ἐν
1183 1303 1315 1336 διαλέξει
1338 1303 1560 1337 γὲλληνίζοντος
1589 1303 1639 1330 καὶ
1662 1302 1844 1337 Χριστιανοῦ

1097 1338 1257 1373 κεφάλαια,
1273 1339 1316 1366 δι’
1330 1336 1374 1365 ὧν
1389 1338 1644 1369 κατασκευάζεται
1660 1339 1680 1373 ἡ
1699 1338 1795 1372 Τριάς.

510 1436 583 1462 Edita
595 1443 609 1460 a
618 1435 682 1460 Maio
695 1435 770 1466 (Nov.
783 1435 845 1461 Call.
857 1438 874 1460 i.
887 1435 907 1466 Ι,
920 1443 946 1467 p.
958 1437 1124 1471 202-207).—
1134 1440 1172 1465 De
1183 1445 1267 1466 sancta
1277 1441 1400 1466 Trinitate
1410 1441 1531 1472 dialogus.

234 1492 376 1521 Etlmicus.
394 1491 464 1519 Cum
484 1494 511 1519 te
525 1490 676 1518 Christiani
701 1490 839 1525 dogmatis
853 1495 993 1524 protecto-

198 1548 258 1568 rem
273 1539 397 1567 noverim
413 1546 445 1566 ae
460 1543 706 1573 propugnatorem,
725 1544 775 1563 nec
794 1544 847 1563 non
867 1536 993 1571 benigni-

200 1590 257 1614 tate
278 1585 446 1620 fulgentem,
480 1592 534 1612 nou
565 1583 683 1611 verebor
703 1583 876 1617 disquircndi
905 1583 992 1617 gratia

197 1639 348 1668 exponere,
367 1631 390 1659 si
409 1631 521 1666 quidem
540 1635 567 1657 tu
587 1630 699 1663 annuis,
725 1629 830 1663 antiqui
847 1628 994 1664 ιιι-ικρίρυί-

199 1687 253 1715 que
266 1679 337 1713 apud
355 1685 403 1705 vos
422 1677 560 1705 sermonis
579 1676 746 1704 sententiam
764 1684 771 1702 :
787 1682 869 1710 quam
885 1674 997 1709 quidem

195 1734 251 1762 ego
265 1726 343 1754 valde
358 1724 548 1752 incredibilem
572 1731 634 1751 esse
648 1723 745 1755 video;
761 1727 788 1749 et
804 1722 827 1749 si
846 1721 917 1748 forte
935 1728 997 1748 ere—

199 1773 294 1801 dibilis
314 1773 372 1803 ﬁat.
389 1771 474 1798 nihilo
491 1776 582 1797 tamen
603 1769 696 1796 minus
713 1767 920 1795 contradicendi
943 1766 998 1793 vim

202 1820 314 1850 habere.
327 1824 409 1853 atque
423 1818 449 1845 id
463 1817 553 1852 ipsum
569 1815 712 1844 eVertendi
725 1816 798 1850 quod
812 1814 918 1849 pridem
937 1813 999 1840 nisa

199 1870 262 1894 erat
276 1868 413 1891 astruere.

236 1910 419 1938 Christianus.
438 1908 567 1941 Quaenam
584 1913 649 1933 vero
668 1905 715 1932 tibi
734 1906 804 1932 ratio
822 1904 861 1932 sic
877 1903 1000 1938 cogitare

201 1956 335 1991 loqui-que
354 1954 460 1982 suasit?
475 1953 547 1980 Sane
562 1952 635 1987 quod
659 1956 705 1977 tua
731 1950 825 1985 opinio
843 1957 931 1983 neque
948 1956 1000 1976 nos

202 2009 293 2038 neque
319 2001 460 2028 veritatem
488 2001 637 2034 oppugnet,
661 1997 699 2024 nil
727 2004 797 2031 opus
816 2001 859 2023 est
882 1996 997 2022 dicn'e:

201 2048 276 2084 quod
292 2053 384 2075 autem
410 2046 427 2073 ii
445 2045 493 2081 qui
522 2044 681 2079 caliginnsis
704 2042 879 2077 dogmatibus
898 2040 999 2067 obscu-

202 2101 311 2126 rantur.
341 2093 485 2128 religionis
516 2096 597 2118 recta:
621 2090 713 2116 lumen
738 2096 792 2115 non
823 2087 947 2118 videant,
973 2086 1000 2113 id

202 2149 313 2178 quoque
335 2140 414 2167 facile
443 2138 615 2172 intelligitur.
642 2135 712 2162 Fare
741 2143 790 2169 age
818 2139 908 2160 tamen
937 2134 999 2167 qui-

203 2191 321 2216 busnam
338 2194 365 2213 tu
392 2185 546 2212 rationibus
573 2182 708 2216 impulsus
725 2181 812 2209 dicas.
838 2184 951 2206 nostros
967 2179 1000 2205 de

203 2234 337 2268 religione
363 2238 516 2262 sermones,
552 2229 616 2255 dunt
648 2235 705 2253 rem
733 2226 849 2252 suadere
876 2225 998 2258 stmlent,

1092 1493 1282 1529 Ἐλληνίζὶυν.
1300 1495 1353 1522 Τοῦ
1377 1495 1541 1530 Χριστιανοῦ
1564 1504 1593 1521 σε
1623 1495 1758 1529 δόγματος
1776 1503 1845 1531 προ-

1049 1541 1183 1576 ασπιστὴν
1192 1541 1269 1573 εἰδὼς
1280 1542 1326 1568 καὶ
1336 1541 1509 1577 ὑπέρμαχον,
1518 1541 1606 1573 ἄλλως
1622 1550 1650 1567 τε
1659 1542 1688 1568 δὲ
1700 1541 1747 1568 καὶ
1756 1542 1846 1569 ἐπιει-

1048 1588 1112 1623 κείᾳ
1124 1589 1365 1625 λαμπρυνόμενον,
1393 1590 1444 1616 οὐκ
1460 1590 1493 1616 ἂν
1509 1590 1691 1625 εὐλαϐηθείην
1706 1591 1847 1625 λογισμοῖς

1049 1635 1169 1666 ἒτάσεως
1180 1636 1336 1668 ὑποϐαλεῖν,
1346 1636 1404 1670 εἴγε
1417 1637 1463 1663 καὶ
1473 1637 1555 1667 αὐτὸς
1567 1636 1713 1668 ἐπινεύοις.
1725 1637 1771 1663 τοῦ
1781 1638 1846 1671 παρ’

1048 1679 1114 1715 ὑμῖν
1131 1681 1354 1717 πρεσϐευομένου
1370 1682 1450 1716 λόγου
1468 1682 1518 1717 τὴν
1529 1683 1661 1709 διάνοιαν·
1677 1683 1733 1717 ὁρῶ
1746 1683 1800 1717 γὰρ
1816 1684 1845 1709 ὲν

1049 1727 1118 1762 αὐτῇ
1139 1727 1206 1753 πολὺ
1221 1727 1271 1762 μὲν
1282 1727 1313 1753 τὸ
1328 1728 1476 1754 ἁπείθανον
1490 1736 1497 1743 ·
1510 1728 1621 1754 ἐπειδὰν
1635 1728 1664 1754 δὲ
1675 1728 1706 1754 τὺ
1717 1728 1847 1754 πειθανὺν

1050 1773 1203 1805 ὑποδύοιτο,
1229 1775 1278 1800 οὐκ
1297 1774 1401 1801 ἐλάττω
1425 1773 1562 1806 δηλοῦσαν
1586 1774 1631 1800 τὸν
1649 1774 1771 1809 ἔλεγχον,
1798 1775 1848 1802 καὶ

1050 1820 1293 1856 καταστρέφουσαν
1312 1820 1329 1847 ἃ
1343 1820 1562 1852 κατασκευάζειν
1575 1821 1727 1857 προῄρητο.

1086 1909 1273 1943 Χριστιανός.
1287 1908 1349 1941 Πῶς
1360 1909 1394 1945 δὴ
1408 1910 1455 1936 καὶ
1470 1909 1512 1941 τίς
1528 1918 1558 1936 σε
1575 1910 1654 1945 λόγος
1669 1906 1720 1937 ὧδε
1737 1913 1848 1947 φρονεῖν

1051 1955 1099 1981 καὶ
1119 1954 1210 1989 λέγειν
1232 1955 1392 1989 ἀνέπεισεν;
1414 1956 1477 1983 Ὅτι
1495 1957 1545 1991 μὲν
1572 1957 1657 1993 γὰρὴ
1674 1957 1707 1993 σὴ
1725 1957 1787 1990 δόξα
1801 1959 1848 1985 καὶ

1051 2001 1117 2035 ἡμῖν
1129 2001 1176 2027 καὶ
1199 2002 1233 2037 τῇ
1252 2001 1368 2037 ἀληθείᾳ
1383 2002 1413 2028 οὐ
1430 2003 1558 2037 μάχεται,
1579 2003 1656 2030 οὐδὲν
1672 2003 1712 2030 δεῖ
1730 2004 1826 2039 μαθεῖν
1839 2013 1847 2020 ·

1051 2046 1092 2072 ὅτι
1106 2046 1135 2072 δὲ
1151 2048 1207 2078 τοῖς
1228 2048 1257 2074 ἐν
1279 2047 1360 2083 ἀχλὑῖ
1381 2048 1525 2083 δογμάτων
1549 2050 1745 2084 κατεχομένοις
1764 2052 1781 2086 ἠ
1796 2051 1848 2086 τῆς

1051 2093 1192 2125 εὐσεϐείας
1205 2094 1255 2128 οὐχ
1268 2095 1365 2129 ὁρᾶται
1377 2095 1544 2130 καθαρότης,
1559 2096 1620 2122 οὐδὲ
1632 2097 1712 2123 τοῦτο
1725 2097 1847 2132 ἐργῶδες

1051 2141 1167 2166 ἐννοεῖν·
1195 2141 1264 2176 πλὴν
1292 2141 1360 2167 ἀλλὰ
1377 2142 1452 2174 λέγε,
1477 2142 1504 2167 οἵ
1517 2151 1547 2168 σε
1561 2144 1615 2169 τῶν
1635 2143 1721 2177 λόγων
1740 2145 1850 2179 ἐπῇραν

1052 2186 1150 2219 λέγειν,
1167 2187 1203 2218 ὡς
1227 2188 1250 2212 οἱ
1268 2188 1332 2222 περὶ
1347 2188 1396 2222 τῆς
1414 2188 1558 2221 εὐσεϐείας
1574 2190 1653 2225 ήμῶν
1667 2189 1742 2223 λόγοι
1754 2191 1785 2216 τὸ
1801 2199 1849 2217 πι-

1052 2232 1132 2258 θανὸν
1154 2232 1356 2268 μηχανώμενοι,
1387 2234 1487 2268 μᾶλλον
1511 2235 1580 2270 πρὸς
1602 2235 1633 2262 τὸ
1655 2235 1804 2262 ἀπείθανόν
1819 2244 1849 2262 τε

202 2288 263 2308 eam
285 2279 377 2313 potius
399 2276 587 2303 incredibilem
603 2282 634 2301 ae
649 2272 885 2300 deumustratione
902 2279 995 2297 carru-

1051 2279 1263 2305 κὰναπὸδεικτιιν
1279 2280 1473 2315 ἀπορρέουσιν,

204 2332 258 2353 tem
275 2325 429 2352 ostendere.

238 2373 302 2400 ΕιΙι.
330 2371 421 2397 Fabor
448 2369 532 2404 igitur
560 2375 615 2394 non
647 2374 733 2393 novos
759 2373 848 2400 neque
878 2372 998 2400 nuperos

204 2425 358 2448 sermones,
372 2416 420 2443 sed
444 2423 459 2441 a
476 2414 572 2449 priscis
590 2413 737 2440 admodum
754 2412 851 2438 vestris
875 2412 999 2445 patribus

204 2466 302 2493 dictos.
324 2463 370 2491 lsti
389 2463 461 2490 enim
480 2462 544 2489 dum
561 2460 660 2487 Flillllll
686 2464 770 2493 atque
792 2458 925 2494 Spiritum
943 2458 999 2485 Deo

205 2512 360 2547 adjuugunt
382 2511 435 2545 (est
460 2509 532 2535 enim
559 2508 610 2533 hoc
636 2512 769 2537 vestrum.
798 2514 813 2532 υ
838 2505 999 2536 Christiani,

206 2558 304 2593 dogma
323 2561 349 2583 et
363 2554 578 2590 magisterium),
601 2553 650 2580 has
665 2552 721 2579 fere
737 2551 865 2586 loquendi
880 2551 1001 2584 argutias

206 2604 401 2639 interrogativa
422 2602 510 2629 forma
532 2604 693 2627 contexunt.
711 2598 794 2625 Deum
819 2599 932 2624 minime
951 2606 998 2624 ca-

206 2659 266 2678 rere
290 2650 373 2677 verbo
399 2648 499 2675 mentis
516 2647 611 2682 (λόγῳ)
635 2646 720 2673 dices.
744 2644 819 2672 llane
846 2651 872 2671 tu
902 2645 925 2671 si
943 2644 1001 2670 bla-

206 2698 359 2731 sphemiam
386 2703 479 2726 caves,
505 2694 629 2728 profecto
653 2693 728 2719 dices
759 2692 872 2718 verbum
900 2690 1000 2718 utentis

208 2744 308 2770 habere
326 2741 423 2768 Deum.
440 2741 505 2767 ltem
528 2741 550 2767 si
566 2740 637 2766 Deus
656 2746 710 2765 non
728 2742 768 2764 est
787 2738 933 2770 exanimis,
952 2745 1000 2764 ne—

207 2797 260 2824 que
275 2788 477 2817 insensibilium
490 2795 582 2814 rerum
599 2791 696 2813 natura
710 2785 852 2820 praeditus,
874 2784 1000 2818 spiritum

209 2835 308 2862 habeat
329 2842 442 2862 necesse
465 2838 515 2861 est.
534 2832 605 2868 Ergo
631 2840 722 2860 sermo
737 2831 769 2858 de
792 2836 892 2861 natura
907 2830 1000 2858 divina

1090 2368 1234 2403 ⁷Ελ.ᾟρῶ
1254 2377 1283 2394 τε
1302 2369 1392 2395 τοίνυν
1407 2369 1436 2395 οὐ
1461 2370 1549 2403 νέους,
1567 2371 1599 2397 οὐ
1614 2372 1790 2406 προσφάτους
1805 2372 1850 2399 λό-

1049 2422 1126 2447 γους,
1145 2414 1214 2440 ἀλλὰ
1241 2414 1367 2446 παλαιοῖς
1393 2415 1469 2450 ὑμῶν
1496 2416 1542 2443 καὶ
1570 2417 1687 2452 χρονίοις
1709 2419 1850 2454 Πατράσιν

1050 2461 1263 2496 ἀνειρημένους·
1289 2462 1337 2487 καὶ
1359 2462 1413 2497 γὰρ
1437 2459 1512 2488 οὗτοι
1539 2463 1603 2489 Υἱὸν
1620 2464 1667 2490 καὶ
1681 2465 1796 2500 Πνεῦμα
1810 2465 1850 2500 τῷ

1053 2507 1112 2541 Θεῷ
1139 2507 1353 2541 παρεισάγοντες
1383 2508 1473 2542 (τοῦτο
1493 2509 1548 2543 γὰρ
1568 2510 1626 2536 ἐστι
1654 2510 1685 2537 τὸ
1715 2511 1851 2546 ὑμέτερον

1053 2552 1106 2578 τῶν
1123 2553 1299 2587 Χριστιανῶν
1315 2555 1360 2580 καὶ
1383 2554 1471 2589 δόγμα
1496 2556 1542 2581 καὶ
1565 2556 1708 2592 κήρυγμα)
1721 2558 1851 2594 τοιαύτην

1052 2600 1113 2626 τινὰ
1128 2600 1230 2634 πλοκὴν
1255 2601 1282 2626 ἐν
1303 2601 1438 2636 ἐρωτήσει
1466 2602 1669 2630 διαπλέκουσιν
1693 2604 1707 2629 ὁ
1721 2604 1787 2636 Θεὸς
1801 2606 1853 2632 οὐκ

1054 2645 1087 2671 ἂν
1109 2647 1182 2679 ἐρεῖς
1199 2646 1236 2676 ὡς
1252 2646 1358 2680 ἄλογος
1379 2648 1403 2672 εἰ
1426 2647 1453 2672 δὲ
1473 2649 1520 2673 καὶ
1543 2648 1575 2674 σὺ
1596 2648 1708 2683 φεύγεις
1720 2649 1751 2676 τὸ
1768 2650 1852 2685 βλάσ-

1054 2700 1161 2727 φημον,
1193 2693 1279 2726 Λόγον
1307 2693 1344 2724 ὡς
1368 2694 1424 2727 ἔχει
1439 2694 1549 2725 πάντως
1575 2695 1659 2730 ἐρεῖς*
1680 2696 1705 2722 ει
1724 2696 1753 2723 δὲ
1774 2697 1812 2732 μὴ
1830 2697 1852 2724 δ’

1054 2738 1158 2770 ἄπθους
1179 2739 1225 2765 καὶ
1245 2739 1298 2765 τῶν
1320 2740 1493 2775 ἀναισθήτων
1517 2741 1567 2776 τὴν
1591 2741 1674 2775 φύσιν
1702 2742 1854 2769 0306:1116—

1055 2793 1145 2819 μενος,
1168 2785 1224 2819 ἔχει
1243 2785 1351 2816 πάντως
1372 2786 1420 2811 καὶ
1449 2785 1570 2821 Πνεῦμα·
1595 2787 1695 2814 οὐκοῦν
1714 2789 1743 2815 ὲν
1756 2788 1854 2823 Τριάδι

1052 2830 1101 2864 τὴν
1121 2829 1263 2863 θεολογίαν
1292 2830 1453 2865 ὑμνολογεῖν
1475 2831 1525 2858 δεῖ·
1548 2832 1661 2860 τοιαῦτα
1685 2833 1714 2860 δέ
1729 2842 1791 2861 τινα
1806 2834 1854 2861 καὶ

964 2913 1068 2940 ΝΟΎᾹί

248 2978 285 3011 (l)
303 2976 363 3003 [hee
378 2984 486 3010 quoque
500 2976 614 3011 quando
625 2976 651 3003 in
664 2975 775 3003 Coislin.
793 2979 816 3001 et
833 2972 994 3001 Tuuriucnsi
1018 2971 1111 2999 codice
1130 2971 1210 3006 plane
1228 2972 1312 3000 deest.
