4136 6430
442 306 574 370 1017

1330 305 1429 365 AD
1468 303 2063 365 AMPJIILOCUIUM
2136 302 2487 373 QUESTIO
2526 302 2793 362 CCXXV.

3584 302 3723 369 1018

438 430 575 484 ἄλλα
606 426 920 497 σοφίσματα
944 424 1413 495 παραπλέκουσιν·
1434 423 1495 475 ού
1518 423 1626 476 τῶν
1652 424 1773 475 ὲστε
1784 439 1848 492 ρη
1858 423 2035 491 μένων

2158 438 2248 473 ιοιι
2286 422 2495 489 absque
2527 420 2799 473 'l'rimtatc
2832 419 3194 476 eelebrandus
3217 432 3317 475 est.
3356 420 3475 476 Alia
3502 438 3724 494 quoque

440 523 558 575 ἐστί
602 520 765 590 γονῆς
792 521 821 571 ὁ
850 519 1002 581 Θεός·
1055 516 1251 570 οὐκοῦν
1282 516 1401 568 ἐστί
1440 532 1499 567 τε
1530 515 1696 583 γονῆς
1728 514 1915 584 Πατὴρ
1942 512 2035 565 καὶ

440 613 792 683 γεγέννηκεν·
837 611 974 664 ἀλλὰ
1014 609 1108 662 καὶ
1139 609 1310 679 χωρὶς
1346 608 1445 660 οὐκ
1472 607 1537 661 ἂν
1566 607 1653 676 εἴη
1692 607 2032 674 Πνεύματος.

442 707 613 776 Τριάς
641 705 734 758 οὖν
756 705 919 757 πάλιν
949 706 1012 755 ἐκ
1036 703 1239 755 τούτων
1264 701 1330 755 ἂν
1369 701 1454 772 εἴη
1490 702 1517 753 ὁ
1556 700 1708 762 Θεός·
1740 700 1832 752 καὶ
1858 699 2030 750 πολλά

442 797 670 851 τοιαῦτα
711 796 843 850 ἄλλα
880 796 1223 863 συναγείρειν
1280 796 1393 856 τοῖς
1434 794 1576 846 κατὰ
1610 792 1709 863 τὴν
1742 792 1887 844 ἰδέαν
1921 792 2029 845 τῶν

446 887 759 941 ύπνούντων
807 886 1182 955 σχολάζουσιν,
1227 883 1327 936 οὐκ
1358 882 1423 936 ἂν
1459 885 1543 952 εἴη
1579 882 1817 953 χαλεπὸν
1849 881 2036 953 ἀθροί-

446 981 585 1045 ζειν,
632 978 728 1032 καὶ
778 977 1103 1049 θεραπεύειν
1148 976 1401 1039 ἑαυτοὺς,
1446 975 1561 1028 ἀλλ’
1589 974 1688 1028 οὐκ
1726 974 1921 1038 ἄλλους
1965 976 2031 1045 τῇ

446 1070 847 1143 πεπλανημένη
882 1069 1011 1139 περὶ
1041 1068 1216 1122 ταῦτα
1239 1068 1444 1139 θεωρίᾳ
1475 1068 1571 1121 καί⁷
1598 1066 1873 1139 πειθούσῃ
1904 1070 2032 1132 τοὺς

449 1162 840 1226 ἀνεξετάστως
884 1160 1294 1231 παραδέχεσθαι
1329 1161 1387 1213 τὸ
1421 1160 1748 1215 ἀπείθανον.

520 1256 623 1322 Χρ.
667 1253 763 1316 Τίς
789 1249 883 1306 οὖν
913 1270 972 1306 σε
1009 1254 1189 1321 λόγος,
1245 1253 1447 1323 μᾶλλον
1496 1253 1556 1305 δὲ.
1594 1255 1745 1305 ποῖον
1779 1252 2039 1316 ἀπονοίας

452 1348 652 1416 θράσος
676 1344 918 1399 τοσαῦτα
946 1346 1184 1416 ληρῆσαι
1231 1345 1371 1398 κατά
1415 1346 1512 1416 τῆς
1562 1345 1847 1409 εὐσεϐείας
1894 1364 2041 1417 παρ-

462 1439 798 1503 εσκεύασενς

536 1532 661 1585 Ἑλ.
689 1532 858 1583 Οὐδὲν
887 1526 1068 1596 εἶπας,
1096 1532 1232 1585 ἀλλά
1269 1531 1336 1584 τὰ
1388 1532 1457 1585 σὰ
1496 1532 1593 1600 τῆς
1621 1530 1923 1593 ἐπιεικείας
1946 1528 2041 1582 καὶ

457 1623 874 1692 φιλανθρωπίας
904 1622 1242 1695 προπύλαια·
1295 1623 1387 1675 καί
1423 1641 1513 1693 μοι
1543 1622 1708 1693 μηδὲν
1748 1622 2041 1692 ἀχθεσθῇς,

455 1714 549 1766 καί
590 1715 742 1767 οὐδὲν
773 1708 847 1767 ὧν
881 1715 990 1767 ἔδει
1017 1716 1115 1785 μέν
1152 1733 1212 1768 σε
1243 1710 1407 1779 εἶναι,
1433 1716 1515 1769 ἐνὶ
1542 1714 1720 1786 καιρῷ
1755 1714 1813 1767 δὲ
1842 1714 1904 1767 τὸ
1940 1715 2041 1766 ἐπ-

455 1809 483 1860 ό
491 1825 651 1877 μενον
680 1808 969 1879 ἀποκρύῲο
976 1827 1096 1878 μεν.

526 1902 634 1967 Χρ.
685 1901 825 1969 Λέγε
857 1901 1157 1971 προθύμως
1191 1901 1361 1972 μηδὲν
1383 1899 1809 1970 εύλαὸούμενος·
1835 1898 1903 1952 τὰ
1933 1899 2042 1971 γὰρ

458 1992 604 2045 ἔνδον
637 1992 792 2046 οὐδὲν
830 1994 1084 2065 εὑρήσεις
1134 1994 1245 2046 τῶν
1292 1992 1647 2064 προπυλαίων
1707 1991 2040 2063 θρασύτερα·

460 2084 600 2154 πλὴν
648 2086 697 2139 εἰ
752 2086 919 2156 μήπω
973 2085 1067 2138 καὶ
1109 2085 1273 2148 αὐτὸς
1320 2084 1536 2138 οὐδέπω
1565 2084 1665 2154 τῆς
1713 2086 1777 2137 ὲκ
1821 2083 1929 2136 τῶν
1956 2082 2045 2135 λόο

462 2193 578 2244 γων
617 2177 866 2246 ἀνάγκης
914 2177 1300 2248 συνεχόμενος,
1354 2176 1492 2247 πρὸς
1539 2176 1699 2246 ὕϐριν
1741 2177 1839 2245 τῆς
1892 2175 2048 2227 εὐσε-

461 2268 611 2332 ϐείας
653 2270 752 2339 τὴν
776 2269 1023 2337 γλῶτταν
1050 2268 1276 2336 ὁξυνεῖς,
1313 2270 1409 2321 καὶ
1438 2268 1536 2338 τὴν
1576 2268 1749 2338 ὀφρὺν
1791 2266 2045 2321 ἀνασπά-

464 2374 584 2412 σαις
610 2359 752 2412 κατά
778 2359 903 2423 τοὺς
926 2360 1183 2429 ἄφρονας.

546 2449 895 2506 Ἑλ.Φαῦλον
937 2451 1037 2521 μὲν
1093 2452 1305 2506 οἴκοθεν
1359 2452 1479 2505 οὐδὲ
1531 2451 1845 2521 ύῦριστικὶν
1894 2452 2048 2505 οὐδὲν

463 2542 592 2611 ἐρῶ·
648 2545 695 2597 εἰ
726 2543 783 2596 δὲ
819 2544 874 2597 αἰ
908 2546 1037 2615 παρ’
1073 2544 1227 2614 ὑμῶν
1259 2544 1565 2609 ἀποδείξεις
1591 2542 1843 2596 δοκοῦσαι
1875 2544 2049 2597 ταῦτα

464 2630 747 2699 φέρουσιν,
789 2631 889 2683 ούκ
939 2630 1052 2699 ὲγὼ
1092 2631 1267 2684 ταῦτα
1316 2633 1490 2703 φέρω,
1548 2630 1663 2685 ἀλλ’
1697 2632 1748 2684 οἰ
1776 2635 2049 2703 προκομί-

466 2735 659 2783 σαντες
684 2722 783 2792 τῆς
814 2722 991 2786 αἰτίας
1016 2721 1212 2792 ἔνοχοι.

536 2903 640 2971 Xp.
681 2902 821 2970 Λέγε
876 2903 1077 2969 τοίνυν,
1128 2904 1363 2975 καὶτῆς
1418 2904 1681 2975 ἀληθείας
1734 2908 1766 2978 ἡ
1816 2908 2052 2979 βάσανος

467 2994 568 3047 οὐκ
596 2994 661 3046 ἂν
692 2995 996 3064 παρόψεται
1024 2996 1084 3047 τὸ
1116 2996 1507 3067 σφαλλόμενον.

553 3084 673 3137 Ἑλ.
719 3086 833 3137 Ούκ
864 3085 1000 3139 ἀλλα
1037 3102 1101 3153 γε
1143 3088 1275 3155 ἐρῶ,
1307 3090 1443 3144 ἀλλὰ
1469 3091 1645 3146 ταῦτά
1675 3107 1739 3159 γε
1773 3092 1866 3145 καὶ
1894 3091 1929 3145 ἀ
1958 3093 2051 3146 τοῦ

468 3175 627 3241 λόγου
659 3177 1068 3246 καταρχόμενος
1090 3179 1248 3249 ἔφην.

541 3268 645 3335 Χρ.
680 3268 802 3331 Πῶς
841 3268 904 3339 δή
934 3284 947 3333 ;

554 3361 682 3415 Ἑλ.
719 3360 1029 3431 Ἐρωτῶσιν
1067 3365 1115 3415 οἰ
1146 3364 1380 3433 Χριστὸν
1429 3364 1742 3434 εἰσάγοντες
1788 3368 1916 3422 Υἱδν
1962 3368 2055 3422 τοῦ

473 3453 631 3520 Θεοῦ,
670 3454 897 3524 πότερον
925 3456 953 3507 6
981 3454 1110 3517 Θεὸς
1132 3455 1244 3525 ἔχει
1281 3454 1439 3525 λόγον
1462 3456 1494 3526 ἢ
1521 3456 1615 3521 οὖς

539 3545 643 3613 Χρ.
678 3544 958 3615 Ἐρωτῶσι
981 3547 1100 3616 μέν·
1123 3549 1223 3600 ούκ
1252 3545 1373 3601 οἶδα
1393 3549 1448 3601 δὲ
1474 3552 1523 3603 εἰ
1542 3550 1617 3614 ὡς
1646 3551 1711 3603 σὺ
1732 3550 1827 3621 τὴν
1847 3551 2056 3623 ἐρώτη-

473 3654 558 3690 σιν
607 3638 1135 3708 μετασχηματίζεις·
1182 3640 1321 3695 ἀλλά
1371 3642 1513 3705 τέως
1571 3642 1711 3696 ἔστω
1751 3644 1913 3698 τοῦτο
1940 3644 2056 3711 νῦν,

475 3731 563 3783 ἵνα
592 3730 761 3800 μήπω
789 3732 899 3801 πρὸ
928 3732 1097 3802 ἄλλης
1133 3733 1437 3798 ἐξετάσεως
1468 3735 1601 3806 ἄλλη
1626 3736 1857 3806 βάσανος
1882 3755 2061 3809 παρα-

473 3820 763 3890 ληφθεῖσα,
785 3823 884 3893 τὴν
909 3824 1004 3875 τοῦ
1042 3825 1137 3877 σοῦ
1158 3827 1319 3894 λόγου
1352 3828 1676 3881 ἀκολουθίαν
1709 3847 1768 3881 τε
1801 3831 2057 3901 περιόιᾲῃ,

475 3913 570 3962 καὶ
607 3910 867 3966 ἀσύνετον
912 3912 1012 3981 τὴν
1048 3914 1178 3983 ὅλην
1227 3917 1613 3987 ἀπεργάσηται
1667 3919 1940 3989 διήγησιν·
1993 3920 2060 3972 ἂν

474 3995 530 4047 δέ
560 4012 624 4063 γε
654 3996 754 4067 ἐμὲ
795 3998 1131 4068 ὲρωτήσειας
1180 4000 1233 4053 τί
1263 4002 1329 4055 ἂν
1377 4004 1611 4074 εἴποιμι,
1654 4007 1719 4057 σὺ
1747 4006 1815 4059 ἂν
1858 4007 2060 4077 εἰδείης

477 4091 571 4141 καὶ
604 4092 637 4158 ἡ
676 4092 743 4161 σὴ
777 4091 913 4163 πρὸς
943 4093 1136 4161 ἑτέραν
1161 4093 1320 4159 δόξαν
1347 4096 1691 4150 ἀπονεύουσα
1733 4100 1950 4171 γνάνμη.

574 4272 684 4327 Ελ.
715 4270 857 4341 Ἐγω
890 4273 990 4344 μὲν
1018 4274 1213 4339 ὁσάκις
1241 4275 1307 4330 ἂν
1320 4274 1493 4330 ταῦτα
1510 4278 1933 4350 προτεινομένην
1962 4280 2059 4350 τὴν

476 4362 746 4435 ὲλςώτησιν
804 4365 1010 4433 ἀκούω,
1072 4367 1359 4438 διαχέομαι
1426 4371 1526 4439 μὲν
1575 4371 1652 4441 τῷ
1716 4372 2055 4442 μειδιάματι·

2141 512 2481 579 sophismata
2529 510 2844 579 huiusmodi
2886 523 3118 582 pergunt
3154 523 3392 568 nectere.
3424 513 3540 568 Non
3573 526 3725 571 caret

2141 602 2399 673 gignendi
2434 602 2481 654 vi
2522 602 2694 668 Deus;
2735 614 2819 656 est
2854 618 2984 673 ergo
3016 604 3285 674 genitura:
3314 622 3512 674 parens
3538 617 3591 661 et
3627 623 3723 677 ge-

2144 695 2285 747 nuit.
2321 692 2424 747 Sed
2460 709 2638 763 neque
2687 694 2808 748 sine
2839 696 3034 763 spiritu
3079 708 3193 765 est;
3238 715 3428 753 rursus
3461 700 3623 767 igitttr
3655 716 3722 754 ex

2146 788 2230 840 his
2284 786 2576 840 conficitur
2632 785 2686 839 in
2756 785 3025 842 Trinitate
3084 789 3250 845 Deus.
3318 790 3484 844 Multa
3534 792 3725 860 Ιιυῇιιδι-

2146 877 2294 932 modi
2328 877 2434 931 alia
2493 878 2545 930 hi
2601 877 2692 946 qui
2721 879 2825 930 ritu
2857 880 3247 934 somniantium
3299 882 3543 935 otiantur
3578 881 3719 935 haud

2147 987 2289 1041 aegre
2320 971 2615 1039 colligent;
2658 970 2899 1039 sibique,
2935 985 3043 1024 non
3076 971 3220 1036 aliis,
3270 972 3371 1027 hoc
3419 972 3597 1027 fallaci
3634 987 3723 1025 ra-

2146 1059 2373 1114 tiocinio
2426 1057 2818 1113 blandientur:
2850 1059 3167 1129 neminique
3213 1061 3353 1116 hanc
3383 1078 3496 1116 rem
3546 1062 3725 1117 incre-

2145 1150 2390 1212 dibilem,
2413 1158 2790 1219 przeterqnam
2821 1149 3264 1215 inconsideratis,
3294 1154 3723 1221 persuadebunt.

2215 1241 2314 1298 Clt.
2354 1240 2486 1309 Quae
2534 1253 2586 1297 te
2631 1259 2753 1296 nam
2799 1243 2971 1307 ratio,
3017 1243 3128 1297 imo
3166 1260 3296 1297 vero
3342 1261 3590 1315 quamam
3621 1263 3721 1301 au-

2140 1336 2249 1391 dax
2282 1336 2491 1390 insania
2531 1335 2595 1389 ad
2633 1334 2735 1389 hos
2760 1334 3086 1390 eﬂ‘uticndos
3110 1336 3373 1391 adversus
3406 1338 3723 1408 religionem

2142 1445 2423 1486 sermones
2453 1428 2705 1498 impulit?

2212 1522 2340 1576 Eth.
2371 1521 2515 1577 Nihil
2539 1520 2677 1575 dicis
2708 1520 2813 1575 nisi
2852 1519 3206 1590 benignitatis
3239 1536 3301 1577 ac
3336 1522 3727 1580 benevolentia:

2145 1624 2249 1668 tuae
2290 1613 2614 1684 primordia.
2646 1614 2815 1684 Atqui
2877 1614 2925 1668 si
2978 1614 3112 1669 mihi
3175 1628 3281 1668 non
3346 1631 3726 1683 succenseres,

2144 1707 2276 1760 nihil
2307 1722 2496 1762 eorum
2529 1722 2653 1776 quae
2688 1716 2739 1761 te
2775 1706 2918 1760 scire
2958 1715 3263 1776 Oporteret,
3286 1722 3516 1779 quaeque
3564 1712 3727 1766 simul

2068 1787 2115 1845 Β
2143 1808 2511 1853 consentanea
2547 1810 2695 1862 sunt,
2732 1799 3037 1854 reticerem.

2215 1891 2311 1947 Ch.
2353 1890 2599 1961 Loquere
2630 1892 2913 1956 alacriter,
2942 1892 3078 1946 nihil
3100 1907 3295 1947 verens
3325 1910 3339 1946 :
3377 1908 3553 1963 neque
3580 1896 3726 1949 enim

2144 1984 2479 2054 asperiorem
2522 2000 2609 2037 mc
2638 1984 2899 2054 deinceps
2944 2000 3109 2055 quam
3143 1985 3296 2039 initio
3331 1984 3575 2041 invenies
3610 2003 3623 2039 :
3656 1987 3728 2040 ita

2145 2086 2327 2131 tamen
2357 2085 2415 2129 ut
2452 2084 2505 2130 tu
2544 2076 2679 2145 ipse,
2712 2076 2814 2132 nisi
2849 2079 3122 2132 sermonis
3156 2078 3480 2133 necessitate
3505 2088 3732 2135 coactus

2148 2167 2338 2232 fueris,
2376 2183 2724 2238 nequaquam
2757 2168 2822 2221 ad
2870 2169 3181 2223 convicium
3230 2169 3483 2239 religioni
3523 2168 3732 2225 facien-

2147 2261 2275 2315 dum
2310 2262 2549 2331 linguam
2582 2277 2771 2331 acuas,
2819 2278 2996 2333 neque
3031 2262 3383 2334 supercilium
3435 2264 3731 2320 stultorum

2149 2370 2301 2408 more.
2335 2355 2652 2411 contrahas.

2223 2445 2347 2503 ιίιΙι.
2371 2445 2445 2501 De
2475 2462 2618 2517 penu
2650 2463 2770 2502 mea
2800 2449 2932 2501 nihil
2965 2449 3219 2504 insanum
3241 2452 3733 2507 contumeliosum-

2150 2551 2257 2605 que
2314 2536 2615 2606 proferam.
2672 2537 2827 2604 Quod
2889 2540 2934 2594 si
2989 2540 3127 2595 forte
3172 2543 3277 2596 ilhc
3312 2558 3434 2613 qua:
3465 2544 3606 2614 apud
3635 2560 3736 2599 vos

2154 2627 2413 2681 videntur
2456 2628 2974 2693 demonstrationes,
3007 2631 3261 2685 insanum
3293 2633 3497 2701 aliquid
3536 2650 3644 2702 prte
3677 2650 3737 2689 sc

2156 2719 2356 2781 ferunt,
2386 2735 2491 2774 non
2529 2736 2629 2791 ego
2660 2721 2713 2776 id
2744 2721 2936 2788 aﬂero,
2970 2724 3063 2779 sed
3092 2724 3309 2779 illarum
3346 2736 3599 2782 auctores
3620 2728 3739 2783 cul—

2157 2826 2277 2879 patn
2307 2810 2600 2865 sustinent.

2226 2904 2322 2959 Ch.
2344 2903 2482 2957 Furc
2508 2903 2709 2973 igitur;
2741 2920 2867 2958 nam
2901 2906 3143 2963 veritatis
3170 2907 3476 2978 exploratio
3499 2924 3740 2966 errorem

2156 2996 2277 3052 sine
2309 2997 2473 3051 dubio
2507 2998 2893 3067 deprehendet.

2228 3088 2355 3143 Eth.
2390 3088 2507 3144 Non
2538 3091 2686 3144 aliud
2738 3092 2938 3159 dicam,
2980 3103 3178 3163 prmter
3210 3110 3270 3150 ea
3311 3111 3435 3167 qua:
3466 3097 3739 3153 sermonis

2159 3178 2315 3234 initio
2343 3179 2575 3234 aiebam.

2228 3270 2321 3327 Ch.
2356 3270 2615 3337 Quaenam
2638 3288 2699 3326 ea
2732 3274 2893 3328 sunt?
3104 3330 3107 3333 λ

2232 3361 2357 3416 ΕιΙι.
2388 3363 2490 3428 Qui
2523 3364 2800 3418 Christum
2826 3365 3309 3423 suadentDeicsse
3333 3367 3552 3437 Filium,
3584 3386 3746 3439 roga-

2158 3467 2219 3507 re
2244 3453 2425 3507 solent
2444 3463 2623 3507 utrunt
2646 3455 2790 3510 Deus
2812 3457 3041 3511 verbum
3073 3459 3506 3526 mentishabeat,
3536 3464 3747 3517 necne?

2235 3544 2332 3599 Ch.
2368 3544 2582 3616 Rogant
2631 3562 2798 3612 sane;
2832 3547 2976 3601 haud
3006 3548 3123 3602 scio
3153 3556 3335 3603 tamen
3368 3565 3437 3604 an
3473 3567 3539 3606 eo
3583 3552 3747 3606 modo

2160 3648 2271 3703 quo
2304 3644 2360 3687 tu
2387 3634 2871 3703 interrogationem
2906 3636 3196 3705 pervertis.
3229 3635 3425 3692 Verum
3452 3638 3503 3693 id
3526 3640 3743 3696 interim

2164 3724 2235 3777 ita
2279 3740 2399 3779 esse
2442 3727 2711 3791 sinamus,
2753 3741 2820 3780 ue
2846 3726 2892 3782 si
2919 3742 3027 3781 una
3050 3728 3350 3797 quaestione
3386 3732 3629 3785 nondum
3662 3734 3748 3787 in-

2164 3816 2374 3879 stituta,
2428 3816 2592 3870 aliam
2630 3817 3033 3887 aggrediamur,
3069 3821 3344 3875 sermonis
3380 3822 3458 3875 tui
3494 3823 3744 3878 ordinem

2161 3908 2603 3977 pessumdemus,
2668 3917 2834 3979 atque
2884 3910 3196 3966 universam
3230 3914 3593 3971 obscurentus
3631 3916 3746 3972 dis-

2162 4011 2522 4070 putationem.
2554 4001 2817 4069 Equidem
2843 4002 2888 4056 si
2920 4018 3005 4056 me
3031 4018 3255 4073 rogares
3290 4007 3420 4075 quid
3454 4008 3568 4077 ipse
3599 4008 3748 4063 dice-

2162 4106 2301 4156 rent,
2324 4092 2460 4146 satis
2491 4100 2703 4145 certum
2738 4101 2789 4147 te
2822 4091 3057 4146 facerem
3082 4103 3344 4165 tuamque
3372 4096 3515 4152 hanc
3532 4113 3655 4167 qua:
3688 4100 3744 4153 in

2162 4192 2537 4239 transversum
2569 4186 2780 4252 rapitur
2803 4193 3063 4238 mentem.

2233 4277 2360 4332 Et/t.
2400 4277 2514 4349 Ego
2562 4278 2844 4331 enimvero
2884 4278 3322 4350 quotiescunque
3366 4280 3744 4352 hujuscemodi

2164 4369 2647 4440 interregationem
2684 4368 2798 4423 fieri
2835 4370 3019 4437 audio,
3057 4370 3171 4425 risu
3197 4371 3528 4442 disrumpor.
3560 4373 3747 4429 Posci-

476 4456 912 4527 διαπυνθάνομεν
964 4458 1021 4511 δὲ
1077 4459 1171 4512 τὸν
1224 4462 1535 4531 ἐρωτῶντα,
1610 4463 1840 4535 πότερον
1884 4466 2050 4535 ἡδέως

2167 4476 2289 4517 ιιιιιε
2319 4471 2503 4518 autem
2535 4461 2605 4516 ab
2634 4462 3025 4533 interrogante,
3050 4474 3230 4517 utram
3260 4466 3509 4536 responsi
3533 4476 3743 4536 partem

477 4547 698 4602 ἀκούειν
728 4550 843 4618 ἔχει
888 4549 1053 4621 μέρος
1091 4551 1194 4621 τῆς
1235 4554 1599 4622 ἀντιφάσεως·
1643 4555 1769 4624 ἐμοὶ
1797 4558 1906 4627 γὰρ
1934 4557 2060 4610 ἑκά-

479 4641 636 4710 τερόν
666 4642 813 4695 ἐστιν
842 4644 1016 4695 εἰπεῖν
1037 4643 1137 4696 ούκ
1163 4644 1347 4716 ἀηδές·
1374 4646 1440 4700 ἄν
1468 4664 1527 4699 τε
1558 4647 1665 4717 γὰρ
1688 4650 1715 4700 6
1732 4648 1865 4713 Θεὸς
1889 4648 2062 4716 Λόγον

480 4732 626 4804 ἔχειν
660 4734 848 4806 φαίην,
885 4737 1107 4803 ἀφεῖλον
1158 4739 1251 4791 τὸν
1279 4739 1453 4807 Λόγον
1501 4740 1597 4793 τοῦ
1632 4737 1774 4795 εἴναι
1800 4742 1961 4795 Θεόν⁹
1998 4746 2059 4796 ού

481 4825 590 4895 γὰρ
618 4826 730 4893 ἔχει
763 4826 935 4893 Λόγον
963 4828 991 4879 ὁ
1020 4827 1214 4895 Λόγος,
1246 4831 1295 4881 εἰ
1322 4829 1397 4900 μὴ
1422 4830 1824 4902 τοὺςἘλληνας
1852 4835 1934 4894 εἰς
1962 4850 2062 4886 πο-

482 4913 751 4987 λυμαθίαν
796 4918 933 4974 θεῶν
973 4923 1317 4993 παρακαλεῖν
1376 4924 1707 4993 ἁμιλλᾶσθαι
1759 4925 2059 4995 βούλοισθε·

483 5007 549 5060 ἄν
580 5024 639 5059 τε
669 5008 756 5075 φῶ
789 5009 864 5079 μὴ
893 5008 1057 5079 ἔχειν,
1091 5013 1149 5078 ἐξ
1180 5013 1354 5083 αὐτῆς
1386 5015 1637 5084 βαλϐίδος
1677 5017 1807 5086 ὑμῖν
1836 5017 2059 5089 διερρύη

481 5096 542 5149 τδ
585 5096 868 5168 ἐρώτημα·
903 5100 1008 5153 ὑπὸ
1033 5100 1090 5153 δὲ
1119 5103 1213 5154 τὸν
1248 5103 1412 5156 αὑτὸν
1455 5106 1719 5176 ἀναχθείη
1746 5105 1813 5159 ἀν
1840 5106 2063 5176 ἔλεγχον

484 5190 580 5243 καὶ
606 5189 666 5242 τὸ
697 5189 791 5243 τοῦ
838 5192 1085 5262 πότερον,
1130 5193 1323 5261 ἄγονος
1356 5195 1385 5247 6
1429 5195 1560 5259 Θεὸς
1590 5196 1623 5267 ἢ
1654 5199 1970 5265 γεννητικός
2002 5214 2061 5250 τε

486 5284 581 5334 καὶ
627 5282 893 5351 ἔμπνους,
938 5287 1032 5340 καὶ
1078 5288 1178 5342 ὅσα
1217 5286 1354 5342 ἄλλα
1409 5290 1634 5344 τοιαῦτα
1690 5291 1819 5360 ὑμῖν
1852 5290 1927 5354 ὡς
1971 5291 2064 5344 ἐπὶ

487 5373 693 5443 σκηνῆς
713 5374 1213 5449 δραματουργεῖται
1239 5380 1574 5451 σοφίσματα·
1594 5381 1766 5435 ταῦτα
1787 5383 1885 5453 οὐχ
1907 5381 2065 5452 ὕϐρις

487 5464 633 5517 ἐστὶν
656 5464 772 5517 ἀλλ’
797 5466 1039 5538 ἐλεγχος,
1070 5471 1165 5525 καί
1192 5472 1292 5544 τὴν
1325 5472 1572 5527 ἐπίνοιαν
1614 5475 1648 5545 ἢ
1674 5474 1774 5545 τὴν
1802 5474 2063 5547 ἀλήθειαν

486 5555 779 5621 ὲπεσκίαζε
801 5557 1165 5632 διασκεδάζει,
1191 5564 1283 5618 καὶ
1304 5563 1459 5635 ὑμῶν
1485 5566 1682 5637 ἀφίησι
1701 5565 2062 5639 περιορᾶσθαι

484 5646 546 5701 τὸ
577 5649 961 5723 κακούργημα.

2161 4555 2357 4611 audire
2404 4558 2599 4611 malit:
2633 4572 2758 4610 nam
2793 4557 2929 4611 mihi
2968 4558 3189 4628 quidem
3225 4559 3540 4614 alterutram
3562 4560 3746 4615 dicere

2163 4664 2274 4703 non
2327 4657 2413 4703 est
2464 4648 2851 4725 iniucundum.
2889 4648 3019 4706 Sive
3063 4651 3207 4705 enim
3253 4654 3450 4705 tuentis
3505 4648 3743 4704 Verbum

2164 4738 2276 4794 Deo
2312 4740 2497 4796 inesse
2523 4740 2726 4806 dicam,
2744 4740 2856 4810 jam
2885 4742 3144 4811 impedivi
3180 4744 3474 4811 quominus
3507 4740 3744 4797 Verbum

2162 4831 2309 4888 Deus
2356 4833 2427 4888 sit
2468 4851 2483 4887 :
2529 4849 2707 4903 neque
2732 4834 2878 4889 enim
2918 4844 3003 4888 est
3036 4833 3269 4889 Verbum
3305 4835 3358 4888 itt
3388 4834 3563 4889 Verbo
3598 4835 3743 4889 :nisi

2166 4924 2327 4989 forte;
2370 4923 2719 4978 ethnicorum
2776 4924 3160 4978 contentiones
3221 4939 3522 4994 provocare
3580 4925 3745 4980 vultis

2162 5013 2229 5069 de
2288 5014 2571 5084 multiplici
2616 5028 2807 5069 natura
2853 5016 3106 5071 deorum.
3144 5016 3239 5070 Sin
3282 5028 3465 5071 autem
3509 5016 3744 5072 Verbtnn

2165 5105 2345 5161 inesse
2373 5122 2669 5177 negavero,
2725 5107 2874 5163 illico
2909 5108 3150 5164 concidit
3200 5109 3575 5179 interrogatio.
3630 5108 3748 5165 Sub

2162 5197 2410 5253 eamdem
2465 5198 2668 5252 cadunt
2716 5198 3101 5254 refutationem
3161 5198 3468 5254 locutiones
3527 5214 3749 5269 quoque

2166 5290 2281 5360 jam
2312 5291 2493 5356 dictari,
2530 5301 2714 5347 utrum
2750 5291 2900 5347 Deus
2948 5292 3154 5349 sterilis
3182 5294 3253 5348 sit
3282 5309 3351 5347 an
3397 5293 3749 5363 genitabilis?

2165 5392 2425 5439 utrumne
2478 5384 2735 5455 spirans?
2781 5394 2835 5440 ct
2885 5385 3140 5455 quaelibet
3208 5387 3313 5441 alia
3368 5395 3624 5456 tanquam
3692 5388 3746 5441 in

2166 5492 2388 5533 scenam
2444 5477 2821 5547 producuntur
2869 5493 2899 5533 a
2947 5479 3101 5535 vobis
3131 5480 3488 5550 sepltismata.
3519 5478 3633 5545 ιιω,
3662 5478 3748 5534 itt-

2166 5583 2355 5639 quam,
2408 5583 2518 5623 non
2548 5570 2897 5626 contumelia:
2927 5580 3079 5640 sunt,
3109 5572 3203 5627 sed
3232 5572 3591 5628 refutationes
3620 5589 3633 5627 :
3658 5569 3748 5627 hae

2167 5670 2538 5716 commentum
2570 5662 2783 5717 veritati
2826 5662 3073 5719 officiens
3118 5662 3455 5736 dispellunt,
3481 5672 3750 5722 vestram-

2170 5768 2276 5825 que
2308 5753 2567 5809 malitiam
2599 5755 2886 5825 pcrspicue
2917 5756 3174 5813 revelant.
